  <div class='ocr_page' id='page_1' title='image "/cluster/home/n/w/nwhite01/storage/ocr_20150623/160/hvd.32044036446961/158.png"; bbox 0 0 3998 6464; ppageno 0'>
   <div class='ocr_carea' id='block_1_1' title="bbox 324 337 432 400">
    <p class='ocr_par' dir='ltr' id='par_1_1' title="bbox 324 337 432 400">
     <span class='ocr_line' id='line_1_1' title="bbox 324 337 432 400; baseline 0.019 -2"><span class='ocrx_word' id='word_1_1' title='bbox 324 337 432 400; x_wconf 71' lang='grc'><strong><em>265</em></strong></span> 
     </span>
    </p>
   </div>
   <div class='ocr_carea' id='block_1_2' title="bbox 1861 336 2057 399">
    <p class='ocr_par' dir='ltr' id='par_1_2' title="bbox 1861 336 2057 399">
     <span class='ocr_line' id='line_1_2' title="bbox 1861 336 2057 399; baseline 0.015 -3"><span class='ocrx_word' id='word_1_2' title='bbox 1861 336 2057 399; x_wconf 59' lang='lat' dir='ltr'><strong><em>“TA.</em></strong></span> 
     </span>
    </p>
   </div>
   <div class='ocr_carea' id='block_1_3' title="bbox 3466 345 3572 409">
    <p class='ocr_par' dir='ltr' id='par_1_3' title="bbox 3466 345 3572 409">
     <span class='ocr_line' id='line_1_3' title="bbox 3466 345 3572 409; baseline 0.009 -1"><span class='ocrx_word' id='word_1_3' title='bbox 3466 345 3572 409; x_wconf 68' lang='lat'><strong><em>266</em></strong></span> 
     </span>
    </p>
   </div>
   <div class='ocr_carea' id='block_1_4' title="bbox 326 440 3572 521">
    <p class='ocr_par' dir='ltr' id='par_1_4' title="bbox 326 440 3572 521">
     <span class='ocr_line' id='line_1_4' title="bbox 326 440 3572 521; baseline 0.002 -20"><span class='ocrx_word' id='word_1_4' title='bbox 326 447 493 501; x_wconf 75' lang='lat' dir='ltr'><strong><em>multa</em></strong></span> <span class='ocrx_word' id='word_1_5' title='bbox 529 445 698 498; x_wconf 85' lang='lat' dir='ltr'><strong><em>omnia</em></strong></span> <span class='ocrx_word' id='word_1_6' title='bbox 731 440 1095 513; x_wconf 81' lang='lat' dir='ltr'><strong><em>impleverant,</em></strong></span> <span class='ocrx_word' id='word_1_7' title='bbox 1124 445 1213 511; x_wconf 82' lang='lat' dir='ltr'><strong><em>qui</em></strong></span> <span class='ocrx_word' id='word_1_8' title='bbox 1243 442 1407 496; x_wconf 88' lang='lat' dir='ltr'><strong><em>etiam</em></strong></span> <span class='ocrx_word' id='word_1_9' title='bbox 1436 458 1571 496; x_wconf 84' lang='lat' dir='ltr'><strong><em>nunc</em></strong></span> <span class='ocrx_word' id='word_1_10' title='bbox 1608 444 1891 513; x_wconf 73' lang='lat' dir='ltr'><strong><em>plusquam</em></strong></span> <span class='ocrx_word' id='word_1_11' title='bbox 1928 451 1971 503; x_wconf 80' lang='grc' dir='ltr'>Α</span> <span class='ocrx_word' id='word_1_12' title='bbox 2000 446 2262 517; x_wconf 79' lang='lat' dir='ltr'><strong><em>Apologia</em></strong></span> <span class='ocrx_word' id='word_1_13' title='bbox 2293 448 2495 518; x_wconf 73' lang='lat' dir='ltr'><strong><em>Scripta</em></strong></span> <span class='ocrx_word' id='word_1_14' title='bbox 2519 457 2621 514; x_wconf 84' lang='lat' dir='ltr'><strong><em>est,</em></strong></span> <span class='ocrx_word' id='word_1_15' title='bbox 2653 450 2746 505; x_wconf 71' lang='lat' dir='ltr'><strong><em>sed</em></strong></span> <span class='ocrx_word' id='word_1_16' title='bbox 2775 449 3037 505; x_wconf 84' lang='lat' dir='ltr'><strong><em>continua</em></strong></span> <span class='ocrx_word' id='word_1_17' title='bbox 3062 450 3329 516; x_wconf 80' lang='lat' dir='ltr'><strong><em>oratione.</em></strong></span> <span class='ocrx_word' id='word_1_18' title='bbox 3360 456 3572 521; x_wconf 85' lang='lat' dir='ltr'><strong><em>qualem</em></strong></span> 
     </span>
    </p>
   </div>
   <div class='ocr_carea' id='block_1_5' title="bbox 329 535 1900 609">
    <p class='ocr_par' dir='ltr' id='par_1_5' title="bbox 329 535 1900 609">
     <span class='ocr_line' id='line_1_5' title="bbox 329 535 1900 609; baseline -0.004 -15"><span class='ocrx_word' id='word_1_19' title='bbox 329 558 458 609; x_wconf 89' lang='lat' dir='ltr'><strong><em>opus</em></strong></span> <span class='ocrx_word' id='word_1_20' title='bbox 510 548 623 593; x_wconf 88' lang='lat' dir='ltr'><strong><em>erat</em></strong></span> <span class='ocrx_word' id='word_1_21' title='bbox 683 546 1027 606; x_wconf 77' lang='lat' dir='ltr'><strong><em>prtctexentes</em></strong></span> <span class='ocrx_word' id='word_1_22' title='bbox 1071 535 1501 591; x_wconf 77' lang='lat' dir='ltr'><strong><em>Christianorum</em></strong></span> <span class='ocrx_word' id='word_1_23' title='bbox 1537 537 1900 599; x_wconf 87' lang='lat' dir='ltr'><strong><em>calamitates,</em></strong></span> 
     </span>
    </p>
   </div>
   <div class='ocr_carea' id='block_1_6' title="bbox 331 628 1904 698">
    <p class='ocr_par' dir='ltr' id='par_1_6' title="bbox 331 628 1904 698">
     <span class='ocr_line' id='line_1_6' title="bbox 331 628 1904 698; baseline -0.004 -12"><span class='ocrx_word' id='word_1_24' title='bbox 331 634 654 686; x_wconf 70' lang='lat' dir='ltr'><strong><em>occasionem</em></strong></span> <span class='ocrx_word' id='word_1_25' title='bbox 687 630 930 698; x_wconf 68' lang='lat' dir='ltr'><strong><em>explendi</em></strong></span> <span class='ocrx_word' id='word_1_26' title='bbox 966 630 1447 697; x_wconf 74' lang='lat' dir='ltr'><strong><em>concupiscentiam</em></strong></span> <span class='ocrx_word' id='word_1_27' title='bbox 1482 630 1646 688; x_wconf 85' lang='lat' dir='ltr'><strong><em>nacti,</em></strong></span> <span class='ocrx_word' id='word_1_28' title='bbox 1676 628 1904 698; x_wconf 81' lang='lat' dir='ltr'><strong><em>infamia</em></strong></span> 
     </span>
    </p>
   </div>
   <div class='ocr_carea' id='block_1_7' title="bbox 332 720 1903 794">
    <p class='ocr_par' dir='ltr' id='par_1_7' title="bbox 332 720 1903 794">
     <span class='ocr_line' id='line_1_7' title="bbox 332 720 1903 794; baseline -0.004 -18"><span class='ocrx_word' id='word_1_29' title='bbox 332 726 537 794; x_wconf 78' lang='lat' dir='ltr'><strong><em>quidem</em></strong></span> <span class='ocrx_word' id='word_1_30' title='bbox 574 738 781 776; x_wconf 88' lang='lat' dir='ltr'><strong><em>sacrum</em></strong></span> <span class='ocrx_word' id='word_1_31' title='bbox 819 722 947 775; x_wconf 86' lang='lat' dir='ltr'><strong><em>olim</em></strong></span> <span class='ocrx_word' id='word_1_32' title='bbox 965 722 1224 785; x_wconf 81' lang='lat' dir='ltr'><strong><em>ordinem,</em></strong></span> <span class='ocrx_word' id='word_1_33' title='bbox 1261 720 1519 774; x_wconf 86' lang='lat' dir='ltr'><strong><em>seandalo</em></strong></span> <span class='ocrx_word' id='word_1_34' title='bbox 1546 730 1903 789; x_wconf 73' lang='lat' dir='ltr'><strong><em>spectatorum</em></strong></span> 
     </span>
    </p>
   </div>
   <div class='ocr_carea' id='block_1_8' title="bbox 330 810 1906 881">
    <p class='ocr_par' dir='ltr' id='par_1_8' title="bbox 330 810 1906 881">
     <span class='ocr_line' id='line_1_8' title="bbox 330 810 1906 881; baseline -0.003 -14"><span class='ocrx_word' id='word_1_35' title='bbox 330 819 561 879; x_wconf 78' lang='lat' dir='ltr'><strong><em>artiums,</em></strong></span> <span class='ocrx_word' id='word_1_36' title='bbox 599 816 741 868; x_wconf 89' lang='lat' dir='ltr'><strong><em>omni</em></strong></span> <span class='ocrx_word' id='word_1_37' title='bbox 762 814 899 867; x_wconf 79' lang='lat' dir='ltr'><strong><em>malo</em></strong></span> <span class='ocrx_word' id='word_1_38' title='bbox 926 821 1094 866; x_wconf 88' lang='lat' dir='ltr'><strong><em>totum</em></strong></span> <span class='ocrx_word' id='word_1_39' title='bbox 1118 813 1290 865; x_wconf 85' lang='lat' dir='ltr'><strong><em>orbem</em></strong></span> <span class='ocrx_word' id='word_1_40' title='bbox 1311 813 1638 881; x_wconf 81' lang='lat' dir='ltr'><strong><em>repleverunt</em></strong></span> <span class='ocrx_word' id='word_1_41' title='bbox 1664 852 1677 865; x_wconf 91' lang='lat'><strong><em>.</em></strong></span> <span class='ocrx_word' id='word_1_42' title='bbox 1703 810 1906 865; x_wconf 85' lang='lat' dir='ltr'><strong><em>Deinde</em></strong></span> 
     </span>
    </p>
   </div>
   <div class='ocr_carea' id='block_1_9' title="bbox 328 903 1906 977">
    <p class='ocr_par' dir='ltr' id='par_1_9' title="bbox 328 903 1906 977">
     <span class='ocr_line' id='line_1_9' title="bbox 328 903 1906 977; baseline -0.005 -14"><span class='ocrx_word' id='word_1_43' title='bbox 328 909 593 977; x_wconf 59' lang='lat' dir='ltr'><strong><em>aediﬁcare</em></strong></span> <span class='ocrx_word' id='word_1_44' title='bbox 631 924 789 977; x_wconf 82' lang='lat' dir='ltr'><strong><em>cogor</em></strong></span> <span class='ocrx_word' id='word_1_45' title='bbox 814 947 827 970; x_wconf 94' lang='lat'><strong><em>,</em></strong></span> <span class='ocrx_word' id='word_1_46' title='bbox 864 905 1059 974; x_wconf 84' lang='lat' dir='ltr'><strong><em>templa</em></strong></span> <span class='ocrx_word' id='word_1_47' title='bbox 1097 921 1275 959; x_wconf 81' lang='lat' dir='ltr'><strong><em>eversa</em></strong></span> <span class='ocrx_word' id='word_1_48' title='bbox 1310 921 1344 959; x_wconf 89' lang='lat' dir='ltr'><strong><em>a</em></strong></span> <span class='ocrx_word' id='word_1_49' title='bbox 1370 904 1734 975; x_wconf 74' lang='lat' dir='ltr'><strong><em>fundamentis</em></strong></span> <span class='ocrx_word' id='word_1_50' title='bbox 1764 903 1906 958; x_wconf 71' lang='lat' dir='ltr'><strong><em>exci-</em></strong></span> 
     </span>
    </p>
   </div>
   <div class='ocr_carea' id='block_1_10' title="bbox 330 996 1904 1066">
    <p class='ocr_par' dir='ltr' id='par_1_10' title="bbox 330 996 1904 1066">
     <span class='ocr_line' id='line_1_10' title="bbox 330 996 1904 1066; baseline -0.002 -15"><span class='ocrx_word' id='word_1_51' title='bbox 330 1010 479 1064; x_wconf 87' lang='lat' dir='ltr'><strong><em>tare,</em></strong></span> <span class='ocrx_word' id='word_1_52' title='bbox 509 1009 558 1053; x_wconf 88' lang='lat' dir='ltr'><strong><em>et</em></strong></span> <span class='ocrx_word' id='word_1_53' title='bbox 593 1000 891 1053; x_wconf 83' lang='lat' dir='ltr'><strong><em>necessaria</em></strong></span> <span class='ocrx_word' id='word_1_54' title='bbox 923 998 1195 1066; x_wconf 75' lang='lat' dir='ltr'><strong><em>providere</em></strong></span> <span class='ocrx_word' id='word_1_55' title='bbox 1222 998 1361 1060; x_wconf 80' lang='lat' dir='ltr'><strong><em>istis,</em></strong></span> <span class='ocrx_word' id='word_1_56' title='bbox 1391 1000 1600 1050; x_wconf 83' lang='lat' dir='ltr'><strong><em>utinam</em></strong></span> <span class='ocrx_word' id='word_1_57' title='bbox 1636 996 1904 1051; x_wconf 84' lang='lat' dir='ltr'><strong><em>Christia-</em></strong></span> 
     </span>
    </p>
   </div>
   <div class='ocr_carea' id='block_1_11' title="bbox 333 1092 1906 1162">
    <p class='ocr_par' dir='ltr' id='par_1_11' title="bbox 333 1092 1906 1162">
     <span class='ocr_line' id='line_1_11' title="bbox 333 1092 1906 1162; baseline -0.002 -18"><span class='ocrx_word' id='word_1_58' title='bbox 333 1094 413 1146; x_wconf 87' lang='lat' dir='ltr'><strong><em>nis</em></strong></span> <span class='ocrx_word' id='word_1_59' title='bbox 435 1132 448 1153; x_wconf 88' lang='lat'><strong><em>,</em></strong></span> <span class='ocrx_word' id='word_1_60' title='bbox 476 1094 565 1162; x_wconf 86' lang='lat' dir='ltr'><strong><em>qui</em></strong></span> <span class='ocrx_word' id='word_1_61' title='bbox 597 1092 822 1162; x_wconf 78' lang='lat' dir='ltr'><strong><em>singulis</em></strong></span> <span class='ocrx_word' id='word_1_62' title='bbox 854 1092 905 1144; x_wconf 87' lang='lat' dir='ltr'><strong><em>in</em></strong></span> <span class='ocrx_word' id='word_1_63' title='bbox 935 1092 1063 1145; x_wconf 86' lang='lat' dir='ltr'><strong><em>locis</em></strong></span> <span class='ocrx_word' id='word_1_64' title='bbox 1092 1092 1311 1159; x_wconf 85' lang='lat' dir='ltr'><strong><em>reperti,</em></strong></span> <span class='ocrx_word' id='word_1_65' title='bbox 1342 1107 1445 1160; x_wconf 86' lang='lat' dir='ltr'><strong><em>qua</em></strong></span> <span class='ocrx_word' id='word_1_66' title='bbox 1474 1092 1679 1142; x_wconf 83' lang='lat' dir='ltr'><strong><em>ratione</em></strong></span> <span class='ocrx_word' id='word_1_67' title='bbox 1719 1105 1906 1143; x_wconf 79' lang='lat' dir='ltr'><strong><em>serun-</em></strong></span> 
     </span>
    </p>
   </div>
   <div class='ocr_carea' id='block_1_12' title="bbox 328 1182 1907 1252">
    <p class='ocr_par' dir='ltr' id='par_1_12' title="bbox 328 1182 1907 1252">
     <span class='ocr_line' id='line_1_12' title="bbox 328 1182 1907 1252; baseline -0.003 -15"><span class='ocrx_word' id='word_1_68' title='bbox 328 1185 456 1238; x_wconf 84' lang='lat' dir='ltr'><strong><em>dum</em></strong></span> <span class='ocrx_word' id='word_1_69' title='bbox 485 1186 647 1252; x_wconf 79' lang='lat' dir='ltr'><strong><em>legem</em></strong></span> <span class='ocrx_word' id='word_1_70' title='bbox 677 1184 915 1252; x_wconf 79' lang='lat' dir='ltr'><strong><em>patriam</em></strong></span> <span class='ocrx_word' id='word_1_71' title='bbox 950 1184 1203 1246; x_wconf 83' lang='lat' dir='ltr'><strong><em>viverent.</em></strong></span> <span class='ocrx_word' id='word_1_72' title='bbox 1239 1183 1507 1251; x_wconf 81' lang='lat' dir='ltr'><strong><em>Deumque</em></strong></span> <span class='ocrx_word' id='word_1_73' title='bbox 1537 1182 1777 1235; x_wconf 85' lang='lat' dir='ltr'><strong><em>colerent</em></strong></span> <span class='ocrx_word' id='word_1_74' title='bbox 1806 1198 1907 1235; x_wconf 85' lang='lat' dir='ltr'><strong><em>non</em></strong></span> 
     </span>
    </p>
   </div>
   <div class='ocr_carea' id='block_1_13' title="bbox 329 1274 1906 1346">
    <p class='ocr_par' dir='ltr' id='par_1_13' title="bbox 329 1274 1906 1346">
     <span class='ocr_line' id='line_1_13' title="bbox 329 1274 1906 1346; baseline -0.003 -15"><span class='ocrx_word' id='word_1_75' title='bbox 329 1280 632 1333; x_wconf 86' lang='lat' dir='ltr'><strong><em>curabant.</em></strong></span> <span class='ocrx_word' id='word_1_76' title='bbox 694 1277 895 1331; x_wconf 83' lang='lat' dir='ltr'><strong><em>Deinde</em></strong></span> <span class='ocrx_word' id='word_1_77' title='bbox 970 1287 1153 1330; x_wconf 87' lang='lat' dir='ltr'><strong><em>coacta</em></strong></span> <span class='ocrx_word' id='word_1_78' title='bbox 1198 1286 1275 1331; x_wconf 85' lang='lat' dir='ltr'><strong><em>est</em></strong></span> <span class='ocrx_word' id='word_1_79' title='bbox 1332 1277 1562 1346; x_wconf 81' lang='lat' dir='ltr'><strong><em>synodus</em></strong></span> <span class='ocrx_word' id='word_1_80' title='bbox 1617 1274 1906 1329; x_wconf 80' lang='lat' dir='ltr'><strong><em>multarunt</em></strong></span> 
     </span>
    </p>
   </div>
   <div class='ocr_carea' id='block_1_14' title="bbox 326 1369 1905 1439">
    <p class='ocr_par' dir='ltr' id='par_1_14' title="bbox 326 1369 1905 1439">
     <span class='ocr_line' id='line_1_14' title="bbox 326 1369 1905 1439; baseline -0.003 -15"><span class='ocrx_word' id='word_1_81' title='bbox 326 1374 693 1439; x_wconf 85' lang='lat' dir='ltr'><strong><em>episcoporum</em></strong></span> <span class='ocrx_word' id='word_1_82' title='bbox 738 1387 803 1425; x_wconf 75' lang='lat' dir='ltr'><strong><em>ex</em></strong></span> <span class='ocrx_word' id='word_1_83' title='bbox 850 1370 1067 1438; x_wconf 88' lang='lat' dir='ltr'><strong><em>Europa</em></strong></span> <span class='ocrx_word' id='word_1_84' title='bbox 1097 1381 1143 1423; x_wconf 91' lang='lat' dir='ltr'><strong><em>et</em></strong></span> <span class='ocrx_word' id='word_1_85' title='bbox 1169 1369 1300 1423; x_wconf 81' lang='lat' dir='ltr'><strong><em>Asia</em></strong></span> <span class='ocrx_word' id='word_1_86' title='bbox 1330 1369 1702 1438; x_wconf 77' lang='lat' dir='ltr'><strong><em>confluentium</em></strong></span> <span class='ocrx_word' id='word_1_87' title='bbox 1732 1406 1745 1432; x_wconf 85' lang='lat'><strong><em>,</em></strong></span> <span class='ocrx_word' id='word_1_88' title='bbox 1774 1385 1905 1437; x_wconf 84' lang='lat' dir='ltr'><strong><em>quo-</em></strong></span> 
     </span>
    </p>
   </div>
   <div class='ocr_carea' id='block_1_15' title="bbox 329 1460 1907 1536">
    <p class='ocr_par' dir='ltr' id='par_1_15' title="bbox 329 1460 1907 1536">
     <span class='ocr_line' id='line_1_15' title="bbox 329 1460 1907 1536; baseline -0.003 -19"><span class='ocrx_word' id='word_1_89' title='bbox 329 1481 444 1517; x_wconf 63' lang='lat' dir='ltr'><strong><em>rum</em></strong></span> <span class='ocrx_word' id='word_1_90' title='bbox 473 1466 744 1534; x_wconf 71' lang='lat' dir='ltr'><strong><em>suﬂ‘ragiis</em></strong></span> <span class='ocrx_word' id='word_1_91' title='bbox 772 1481 867 1536; x_wconf 85' lang='lat' dir='ltr'><strong><em>ego</em></strong></span> <span class='ocrx_word' id='word_1_92' title='bbox 897 1465 1126 1533; x_wconf 82' lang='lat' dir='ltr'><strong><em>primum</em></strong></span> <span class='ocrx_word' id='word_1_93' title='bbox 1148 1463 1425 1527; x_wconf 85' lang='lat' dir='ltr'><strong><em>diaconus,</em></strong></span> <span class='ocrx_word' id='word_1_94' title='bbox 1461 1462 1650 1516; x_wconf 88' lang='lat' dir='ltr'><strong><em>deinde</em></strong></span> <span class='ocrx_word' id='word_1_95' title='bbox 1688 1460 1907 1531; x_wconf 79' lang='lat' dir='ltr'><strong><em>presby-</em></strong></span> 
     </span>
    </p>
   </div>
   <div class='ocr_carea' id='block_1_16' title="bbox 332 1556 1741 1626">
    <p class='ocr_par' dir='ltr' id='par_1_16' title="bbox 332 1556 1741 1626">
     <span class='ocr_line' id='line_1_16' title="bbox 332 1556 1741 1626; baseline 0 -16"><span class='ocrx_word' id='word_1_96' title='bbox 332 1575 434 1623; x_wconf 85' lang='lat' dir='ltr'><strong><em>ter,</em></strong></span> <span class='ocrx_word' id='word_1_97' title='bbox 477 1558 663 1612; x_wconf 86' lang='lat' dir='ltr'><strong><em>deinde</em></strong></span> <span class='ocrx_word' id='word_1_98' title='bbox 697 1560 969 1626; x_wconf 75' lang='lat' dir='ltr'><strong><em>episCOpus</em></strong></span> <span class='ocrx_word' id='word_1_99' title='bbox 1001 1568 1045 1611; x_wconf 87' lang='lat' dir='ltr'><strong><em>et</em></strong></span> <span class='ocrx_word' id='word_1_100' title='bbox 1080 1556 1387 1626; x_wconf 78' lang='lat' dir='ltr'><strong><em>patriarcha</em></strong></span> <span class='ocrx_word' id='word_1_101' title='bbox 1421 1557 1741 1610; x_wconf 84' lang='lat' dir='ltr'><strong><em>constituor.</em></strong></span> 
     </span>
    </p>
   </div>
   <div class='ocr_carea' id='block_1_17' title="bbox 401 1646 1908 1720">
    <p class='ocr_par' dir='ltr' id='par_1_17' title="bbox 401 1646 1908 1720">
     <span class='ocr_line' id='line_1_17' title="bbox 401 1646 1908 1720; baseline 0.001 -20"><span class='ocrx_word' id='word_1_102' title='bbox 401 1650 531 1717; x_wconf 65' lang='lat' dir='ltr'><strong><em>Quae</em></strong></span> <span class='ocrx_word' id='word_1_103' title='bbox 574 1655 624 1704; x_wconf 86' lang='lat' dir='ltr'><strong><em>in</em></strong></span> <span class='ocrx_word' id='word_1_104' title='bbox 673 1650 1028 1720; x_wconf 84' lang='lat' dir='ltr'><strong><em>patriarchali</em></strong></span> <span class='ocrx_word' id='word_1_105' title='bbox 1065 1664 1292 1702; x_wconf 90' lang='lat' dir='ltr'><strong><em>munere</em></strong></span> <span class='ocrx_word' id='word_1_106' title='bbox 1319 1649 1654 1703; x_wconf 81' lang='lat' dir='ltr'><strong><em>constitutus</em></strong></span> <span class='ocrx_word' id='word_1_107' title='bbox 1689 1646 1908 1702; x_wconf 87' lang='lat' dir='ltr'><strong><em>Genna—</em></strong></span> 
     </span>
    </p>
   </div>
   <div class='ocr_carea' id='block_1_18' title="bbox 330 1739 1901 1810">
    <p class='ocr_par' dir='ltr' id='par_1_18' title="bbox 330 1739 1901 1810">
     <span class='ocr_line' id='line_1_18' title="bbox 330 1739 1901 1810; baseline -0.002 -16"><span class='ocrx_word' id='word_1_108' title='bbox 330 1743 456 1797; x_wconf 76' lang='lat' dir='ltr'><strong><em>dius</em></strong></span> <span class='ocrx_word' id='word_1_109' title='bbox 523 1742 789 1810; x_wconf 73' lang='lat' dir='ltr'><strong><em>gesserit,</em></strong></span> <span class='ocrx_word' id='word_1_110' title='bbox 847 1744 937 1795; x_wconf 83' lang='lat' dir='ltr'><strong><em>vix</em></strong></span> <span class='ocrx_word' id='word_1_111' title='bbox 989 1739 1208 1794; x_wconf 84' lang='lat' dir='ltr'><strong><em>aliunde</em></strong></span> <span class='ocrx_word' id='word_1_112' title='bbox 1266 1739 1551 1804; x_wconf 79' lang='lat' dir='ltr'><strong><em>habemus,</em></strong></span> <span class='ocrx_word' id='word_1_113' title='bbox 1617 1756 1779 1808; x_wconf 87' lang='lat' dir='ltr'><strong><em>quam</em></strong></span> <span class='ocrx_word' id='word_1_114' title='bbox 1838 1756 1901 1793; x_wconf 71' lang='lat' dir='ltr'><strong><em>ex</em></strong></span> 
     </span>
    </p>
   </div>
   <div class='ocr_carea' id='block_1_19' title="bbox 332 1831 1896 1903">
    <p class='ocr_par' dir='ltr' id='par_1_19' title="bbox 332 1831 1896 1903">
     <span class='ocr_line' id='line_1_19' title="bbox 332 1831 1896 1903; baseline -0.001 -15"><span class='ocrx_word' id='word_1_115' title='bbox 332 1834 571 1889; x_wconf 78' lang='lat' dir='ltr'><strong><em>Historia</em></strong></span> <span class='ocrx_word' id='word_1_116' title='bbox 631 1834 1017 1890; x_wconf 81' lang='lat' dir='ltr'><strong><em>ecclesiastica</em></strong></span> <span class='ocrx_word' id='word_1_117' title='bbox 1078 1832 1540 1889; x_wconf 68' lang='lat' dir='ltr'><strong><em>Graeco-Barbara</em></strong></span> <span class='ocrx_word' id='word_1_118' title='bbox 1608 1834 1702 1903; x_wconf 82' lang='grc' dir='ltr'><strong><em>(Ι).</em></strong></span> <span class='ocrx_word' id='word_1_119' title='bbox 1759 1831 1896 1888; x_wconf 87' lang='lat' dir='ltr'><strong><em>Cum</em></strong></span> 
     </span>
    </p>
   </div>
   <div class='ocr_carea' id='block_1_20' title="bbox 331 1921 1897 1992">
    <p class='ocr_par' dir='ltr' id='par_1_20' title="bbox 331 1921 1897 1992">
     <span class='ocr_line' id='line_1_20' title="bbox 331 1921 1897 1992; baseline 0.001 -17"><span class='ocrx_word' id='word_1_120' title='bbox 331 1922 526 1976; x_wconf 69' lang='lat' dir='ltr'><strong><em>TIII&#39;CZB</em></strong></span> <span class='ocrx_word' id='word_1_121' title='bbox 567 1921 783 1978; x_wconf 82' lang='lat' dir='ltr'><strong><em>Sancta:</em></strong></span> <span class='ocrx_word' id='word_1_122' title='bbox 812 1921 1031 1992; x_wconf 85' lang='lat' dir='ltr'><strong><em>Sophiae</em></strong></span> <span class='ocrx_word' id='word_1_123' title='bbox 1063 1924 1326 1992; x_wconf 86' lang='lat' dir='ltr'><strong><em>templum</em></strong></span> <span class='ocrx_word' id='word_1_124' title='bbox 1375 1931 1428 1976; x_wconf 89' lang='lat' dir='ltr'><strong><em>et</em></strong></span> <span class='ocrx_word' id='word_1_125' title='bbox 1466 1923 1897 1990; x_wconf 81' lang='lat' dir='ltr'><strong><em>patriarclieium</em></strong></span> 
     </span>
    </p>
   </div>
   <div class='ocr_carea' id='block_1_21' title="bbox 333 1996 1895 2084">
    <p class='ocr_par' dir='ltr' id='par_1_21' title="bbox 333 1996 1895 2084">
     <span class='ocr_line' id='line_1_21' title="bbox 333 1996 1895 2084; baseline 0.003 -17"><span class='ocrx_word' id='word_1_126' title='bbox 333 2022 723 2083; x_wconf 82' lang='lat' dir='ltr'><strong><em>occupassent,</em></strong></span> <span class='ocrx_word' id='word_1_127' title='bbox 769 1996 887 2084; x_wconf 49' lang='lat' dir='ltr'><strong><em>ipse</em></strong></span> <span class='ocrx_word' id='word_1_128' title='bbox 929 2015 998 2068; x_wconf 87' lang='lat' dir='ltr'><strong><em>ad</em></strong></span> <span class='ocrx_word' id='word_1_129' title='bbox 1050 2014 1152 2068; x_wconf 86' lang='lat' dir='ltr'><strong><em>SS.</em></strong></span> <span class='ocrx_word' id='word_1_130' title='bbox 1191 2014 1580 2083; x_wconf 79' lang='lat' dir='ltr'><strong><em>Apostolorum</em></strong></span> <span class='ocrx_word' id='word_1_131' title='bbox 1621 2026 1895 2072; x_wconf 87' lang='lat' dir='ltr'><strong><em>monaste—</em></strong></span> 
     </span>
    </p>
   </div>
   <div class='ocr_carea' id='block_1_22' title="bbox 334 2106 1902 2175">
    <p class='ocr_par' dir='ltr' id='par_1_22' title="bbox 334 2106 1902 2175">
     <span class='ocr_line' id='line_1_22' title="bbox 334 2106 1902 2175; baseline 0.003 -16"><span class='ocrx_word' id='word_1_132' title='bbox 334 2108 474 2159; x_wconf 90' lang='lat' dir='ltr'><strong><em>rium</em></strong></span> <span class='ocrx_word' id='word_1_133' title='bbox 518 2121 577 2159; x_wconf 86' lang='lat' dir='ltr'><strong><em>se</em></strong></span> <span class='ocrx_word' id='word_1_134' title='bbox 634 2108 878 2175; x_wconf 89' lang='lat' dir='ltr'><strong><em>recepit,</em></strong></span> <span class='ocrx_word' id='word_1_135' title='bbox 911 2114 1124 2160; x_wconf 85' lang='lat' dir='ltr'><strong><em>vastqu</em></strong></span> <span class='ocrx_word' id='word_1_136' title='bbox 1158 2116 1210 2159; x_wconf 91' lang='lat' dir='ltr'><strong><em>et</em></strong></span> <span class='ocrx_word' id='word_1_137' title='bbox 1241 2107 1352 2173; x_wconf 87' lang='lat' dir='ltr'><strong><em>jam</em></strong></span> <span class='ocrx_word' id='word_1_138' title='bbox 1384 2106 1686 2162; x_wconf 79' lang='lat' dir='ltr'><strong><em>solitudine</em></strong></span> <span class='ocrx_word' id='word_1_139' title='bbox 1722 2109 1902 2163; x_wconf 83' lang='lat' dir='ltr'><strong><em>horri-</em></strong></span> 
     </span>
    </p>
   </div>
   <div class='ocr_carea' id='block_1_23' title="bbox 335 2195 1903 2268">
    <p class='ocr_par' dir='ltr' id='par_1_23' title="bbox 335 2195 1903 2268">
     <span class='ocr_line' id='line_1_23' title="bbox 335 2195 1903 2268; baseline 0.006 -21"><span class='ocrx_word' id='word_1_140' title='bbox 335 2198 487 2258; x_wconf 71' lang='lat' dir='ltr'><strong><em>dum,</em></strong></span> <span class='ocrx_word' id='word_1_141' title='bbox 522 2195 663 2249; x_wconf 92' lang='lat' dir='ltr'><strong><em>unde</em></strong></span> <span class='ocrx_word' id='word_1_142' title='bbox 691 2197 880 2249; x_wconf 83' lang='lat' dir='ltr'><strong><em>eodem</em></strong></span> <span class='ocrx_word' id='word_1_143' title='bbox 916 2207 1009 2251; x_wconf 89' lang='lat' dir='ltr'><strong><em>aut</em></strong></span> <span class='ocrx_word' id='word_1_144' title='bbox 1040 2199 1290 2267; x_wconf 84' lang='lat' dir='ltr'><strong><em>sequenti</em></strong></span> <span class='ocrx_word' id='word_1_145' title='bbox 1322 2213 1466 2253; x_wconf 88' lang='lat' dir='ltr'><strong><em>anno</em></strong></span> <span class='ocrx_word' id='word_1_146' title='bbox 1502 2198 1661 2268; x_wconf 80' lang='lat' dir='ltr'><strong><em>fugit,</em></strong></span> <span class='ocrx_word' id='word_1_147' title='bbox 1694 2201 1903 2257; x_wconf 83' lang='lat' dir='ltr'><strong><em>veritus</em></strong></span> 
     </span>
    </p>
   </div>
   <div class='ocr_carea' id='block_1_24' title="bbox 338 2287 1902 2360">
    <p class='ocr_par' dir='ltr' id='par_1_24' title="bbox 338 2287 1902 2360">
     <span class='ocr_line' id='line_1_24' title="bbox 338 2287 1902 2360; baseline 0.005 -21"><span class='ocrx_word' id='word_1_148' title='bbox 338 2302 404 2341; x_wconf 77' lang='lat' dir='ltr'><strong><em>ne</em></strong></span> <span class='ocrx_word' id='word_1_149' title='bbox 456 2287 619 2342; x_wconf 60' lang='lat' dir='ltr'><strong><em>caudis</em></strong></span> <span class='ocrx_word' id='word_1_150' title='bbox 668 2288 985 2342; x_wconf 84' lang='lat' dir='ltr'><strong><em>commissae</em></strong></span> <span class='ocrx_word' id='word_1_151' title='bbox 1015 2305 1139 2359; x_wconf 80' lang='lat' dir='ltr'><strong><em>erga</em></strong></span> <span class='ocrx_word' id='word_1_152' title='bbox 1174 2290 1435 2354; x_wconf 85' lang='lat' dir='ltr'><strong><em>&#39;l&#39;urcam,</em></strong></span> <span class='ocrx_word' id='word_1_153' title='bbox 1472 2292 1629 2360; x_wconf 86' lang='lat' dir='ltr'><strong><em>cujus</em></strong></span> <span class='ocrx_word' id='word_1_154' title='bbox 1663 2292 1902 2347; x_wconf 83' lang='lat' dir='ltr'><strong><em>cadaver</em></strong></span> 
     </span>
    </p>
   </div>
   <div class='ocr_carea' id='block_1_25' title="bbox 334 2377 1899 2450">
    <p class='ocr_par' dir='ltr' id='par_1_25' title="bbox 334 2377 1899 2450">
     <span class='ocr_line' id='line_1_25' title="bbox 334 2377 1899 2450; baseline 0.007 -22"><span class='ocrx_word' id='word_1_155' title='bbox 334 2377 471 2429; x_wconf 82' lang='lat' dir='ltr'><strong><em>intra</em></strong></span> <span class='ocrx_word' id='word_1_156' title='bbox 529 2392 718 2430; x_wconf 89' lang='lat' dir='ltr'><strong><em>muros</em></strong></span> <span class='ocrx_word' id='word_1_157' title='bbox 775 2386 1052 2446; x_wconf 88' lang='lat' dir='ltr'><strong><em>repertum</em></strong></span> <span class='ocrx_word' id='word_1_158' title='bbox 1104 2391 1245 2442; x_wconf 86' lang='lat' dir='ltr'><strong><em>erat,</em></strong></span> <span class='ocrx_word' id='word_1_159' title='bbox 1296 2396 1471 2450; x_wconf 79' lang='lat' dir='ltr'><strong><em>poenae</em></strong></span> <span class='ocrx_word' id='word_1_160' title='bbox 1504 2398 1532 2435; x_wconf 91' lang='lat' dir='ltr'><strong><em>a</em></strong></span> <span class='ocrx_word' id='word_1_161' title='bbox 1566 2383 1899 2439; x_wconf 81' lang='lat' dir='ltr'><strong><em>Christianis</em></strong></span> 
     </span>
    </p>
   </div>
   <div class='ocr_carea' id='block_1_26' title="bbox 328 2466 1901 2539">
    <p class='ocr_par' dir='ltr' id='par_1_26' title="bbox 328 2466 1901 2539">
     <span class='ocr_line' id='line_1_26' title="bbox 328 2466 1901 2539; baseline 0.003 -19"><span class='ocrx_word' id='word_1_162' title='bbox 328 2469 695 2534; x_wconf 75' lang='lat' dir='ltr'><strong><em>exigerentur.</em></strong></span> <span class='ocrx_word' id='word_1_163' title='bbox 730 2466 957 2523; x_wconf 85' lang='lat' dir='ltr'><strong><em>Videtur</em></strong></span> <span class='ocrx_word' id='word_1_164' title='bbox 999 2483 1166 2538; x_wconf 87' lang='lat' dir='ltr'><strong><em>porro</em></strong></span> <span class='ocrx_word' id='word_1_165' title='bbox 1199 2470 1520 2525; x_wconf 85' lang='lat' dir='ltr'><strong><em>Gennadius</em></strong></span> <span class='ocrx_word' id='word_1_166' title='bbox 1551 2472 1686 2527; x_wconf 86' lang='lat' dir='ltr'><strong><em>urbe</em></strong></span> <span class='ocrx_word' id='word_1_167' title='bbox 1716 2472 1901 2539; x_wconf 80' lang='lat' dir='ltr'><strong><em>profu-</em></strong></span> 
     </span>
    </p>
   </div>
   <div class='ocr_carea' id='block_1_27' title="bbox 327 2557 1901 2630">
    <p class='ocr_par' dir='ltr' id='par_1_27' title="bbox 327 2557 1901 2630">
     <span class='ocr_line' id='line_1_27' title="bbox 327 2557 1901 2630; baseline 0.004 -20"><span class='ocrx_word' id='word_1_168' title='bbox 327 2557 491 2626; x_wconf 76' lang='lat' dir='ltr'><strong><em>gisse,</em></strong></span> <span class='ocrx_word' id='word_1_169' title='bbox 529 2572 654 2611; x_wconf 85' lang='lat' dir='ltr'><strong><em>nam</em></strong></span> <span class='ocrx_word' id='word_1_170' title='bbox 700 2566 813 2614; x_wconf 87' lang='lat' dir='ltr'><strong><em>tres</em></strong></span> <span class='ocrx_word' id='word_1_171' title='bbox 860 2559 1045 2630; x_wconf 79' lang='grc' dir='ltr'><strong><em>βιαεας</em></strong></span> <span class='ocrx_word' id='word_1_172' title='bbox 1094 2561 1339 2628; x_wconf 79' lang='grc' dir='ltr'><strong><em>ἀνόδους,</em></strong></span> <span class='ocrx_word' id='word_1_173' title='bbox 1380 2562 1496 2618; x_wconf 85' lang='lat' dir='ltr'><strong><em>sive</em></strong></span> <span class='ocrx_word' id='word_1_174' title='bbox 1552 2563 1818 2618; x_wconf 82' lang='lat' dir='ltr'><strong><em>violentos</em></strong></span> <span class='ocrx_word' id='word_1_175' title='bbox 1846 2564 1901 2617; x_wconf 89' lang='lat' dir='ltr'><strong><em>in</em></strong></span> 
     </span>
    </p>
   </div>
   <div class='ocr_carea' id='block_1_28' title="bbox 330 2648 1902 2724">
    <p class='ocr_par' dir='ltr' id='par_1_28' title="bbox 330 2648 1902 2724">
     <span class='ocr_line' id='line_1_28' title="bbox 330 2648 1902 2724; baseline 0.006 -23"><span class='ocrx_word' id='word_1_176' title='bbox 330 2648 518 2702; x_wconf 86' lang='lat' dir='ltr'><strong><em>urbem</em></strong></span> <span class='ocrx_word' id='word_1_177' title='bbox 569 2664 854 2718; x_wconf 83' lang='lat' dir='ltr'><strong><em>regressus</em></strong></span> <span class='ocrx_word' id='word_1_178' title='bbox 900 2664 1300 2708; x_wconf 85' lang='lat' dir='ltr'><strong><em>commemorat</em></strong></span> <span class='ocrx_word' id='word_1_179' title='bbox 1332 2654 1389 2709; x_wconf 88' lang='lat' dir='ltr'><strong><em>in</em></strong></span> <span class='ocrx_word' id='word_1_180' title='bbox 1425 2654 1632 2724; x_wconf 86' lang='lat' dir='ltr'><strong><em>aliquot</em></strong></span> <span class='ocrx_word' id='word_1_181' title='bbox 1664 2670 1902 2724; x_wconf 86' lang='lat' dir='ltr'><strong><em>opuscu-</em></strong></span> 
     </span>
    </p>
   </div>
   <div class='ocr_carea' id='block_1_29' title="bbox 329 2741 1897 2816">
    <p class='ocr_par' dir='ltr' id='par_1_29' title="bbox 329 2741 1897 2816">
     <span class='ocr_line' id='line_1_29' title="bbox 329 2741 1897 2816; baseline 0.005 -23"><span class='ocrx_word' id='word_1_182' title='bbox 329 2742 507 2794; x_wconf 87' lang='lat' dir='ltr'><strong><em>lorum</em></strong></span> <span class='ocrx_word' id='word_1_183' title='bbox 532 2741 878 2811; x_wconf 82' lang='lat' dir='ltr'><strong><em>titulisjuxta</em></strong></span> <span class='ocrx_word' id='word_1_184' title='bbox 900 2744 1352 2807; x_wconf 88' lang='lat' dir='ltr'><strong><em>antiquissimum</em></strong></span> <span class='ocrx_word' id='word_1_185' title='bbox 1373 2743 1601 2816; x_wconf 78' lang='lat' dir='ltr'><strong><em>Regium</em></strong></span> <span class='ocrx_word' id='word_1_186' title='bbox 1627 2747 1897 2801; x_wconf 84' lang='lat' dir='ltr'><strong><em>codicem.</em></strong></span> 
     </span>
    </p>
   </div>
   <div class='ocr_carea' id='block_1_30' title="bbox 330 2830 1902 2896">
    <p class='ocr_par' dir='ltr' id='par_1_30' title="bbox 330 2830 1902 2896">
     <span class='ocr_line' id='line_1_30' title="bbox 330 2830 1902 2896; baseline 0.004 -12"><span class='ocrx_word' id='word_1_187' title='bbox 330 2830 436 2885; x_wconf 84' lang='lat' dir='ltr'><strong><em>&#39;l‘er</em></strong></span> <span class='ocrx_word' id='word_1_188' title='bbox 472 2840 656 2885; x_wconf 88' lang='lat' dir='ltr'><strong><em>autem</em></strong></span> <span class='ocrx_word' id='word_1_189' title='bbox 717 2834 853 2887; x_wconf 86' lang='lat' dir='ltr'><strong><em>urbe</em></strong></span> <span class='ocrx_word' id='word_1_190' title='bbox 902 2834 1138 2888; x_wconf 81' lang='lat' dir='ltr'><strong><em>excessit</em></strong></span> <span class='ocrx_word' id='word_1_191' title='bbox 1171 2873 1184 2896; x_wconf 87' lang='lat'><strong><em>,</em></strong></span> <span class='ocrx_word' id='word_1_192' title='bbox 1233 2836 1401 2889; x_wconf 84' lang='lat' dir='ltr'><strong><em>semel</em></strong></span> <span class='ocrx_word' id='word_1_193' title='bbox 1458 2850 1581 2889; x_wconf 89' lang='lat' dir='ltr'><strong><em>cum</em></strong></span> <span class='ocrx_word' id='word_1_194' title='bbox 1621 2837 1794 2891; x_wconf 89' lang='lat' dir='ltr'><strong><em>hostis</em></strong></span> <span class='ocrx_word' id='word_1_195' title='bbox 1825 2838 1902 2893; x_wconf 87' lang='lat' dir='ltr'><strong><em>ir-</em></strong></span> 
     </span>
    </p>
   </div>
   <div class='ocr_carea' id='block_1_31' title="bbox 328 2926 1901 2998">
    <p class='ocr_par' dir='ltr' id='par_1_31' title="bbox 328 2926 1901 2998">
     <span class='ocr_line' id='line_1_31' title="bbox 328 2926 1901 2998; baseline 0.006 -24"><span class='ocrx_word' id='word_1_196' title='bbox 328 2934 629 2993; x_wconf 88' lang='lat' dir='ltr'><strong><em>rumperet,</em></strong></span> <span class='ocrx_word' id='word_1_197' title='bbox 667 2927 863 2980; x_wconf 88' lang='lat' dir='ltr'><strong><em>iterum</em></strong></span> <span class='ocrx_word' id='word_1_198' title='bbox 919 2934 1044 2995; x_wconf 87' lang='lat' dir='ltr'><strong><em>post</em></strong></span> <span class='ocrx_word' id='word_1_199' title='bbox 1100 2926 1303 2982; x_wconf 59' lang='lat' dir='ltr'><strong><em>eadem</em></strong></span> <span class='ocrx_word' id='word_1_200' title='bbox 1363 2943 1483 2998; x_wconf 68' lang='lat' dir='ltr'><strong><em>qua:</em></strong></span> <span class='ocrx_word' id='word_1_201' title='bbox 1534 2928 1678 2982; x_wconf 87' lang='lat' dir='ltr'><strong><em>intra</em></strong></span> <span class='ocrx_word' id='word_1_202' title='bbox 1714 2945 1901 2985; x_wconf 89' lang='lat' dir='ltr'><strong><em>muros</em></strong></span> 
     </span>
    </p>
   </div>
   <div class='ocr_carea' id='block_1_32' title="bbox 326 3012 1902 3092">
    <p class='ocr_par' dir='ltr' id='par_1_32' title="bbox 326 3012 1902 3092">
     <span class='ocr_line' id='line_1_32' title="bbox 326 3012 1902 3092; baseline 0.005 -25"><span class='ocrx_word' id='word_1_203' title='bbox 326 3012 429 3070; x_wconf 88' lang='lat' dir='ltr'><strong><em>SS.</em></strong></span> <span class='ocrx_word' id='word_1_204' title='bbox 455 3019 848 3085; x_wconf 85' lang='lat' dir='ltr'><strong><em>Apostolorum</em></strong></span> <span class='ocrx_word' id='word_1_205' title='bbox 879 3026 1093 3087; x_wconf 86' lang='lat' dir='ltr'><strong><em>patrata</em></strong></span> <span class='ocrx_word' id='word_1_206' title='bbox 1124 3028 1207 3073; x_wconf 89' lang='lat' dir='ltr'><strong><em>est</em></strong></span> <span class='ocrx_word' id='word_1_207' title='bbox 1234 3034 1250 3085; x_wconf 92' lang='lat'><strong>;</strong></span> <span class='ocrx_word' id='word_1_208' title='bbox 1285 3019 1502 3084; x_wconf 86' lang='lat' dir='ltr'><strong><em>tandem</em></strong></span> <span class='ocrx_word' id='word_1_209' title='bbox 1540 3020 1788 3092; x_wconf 86' lang='lat' dir='ltr'><strong><em>deposito</em></strong></span> <span class='ocrx_word' id='word_1_210' title='bbox 1810 3036 1902 3092; x_wconf 83' lang='lat' dir='ltr'><strong><em>pa-</em></strong></span> 
     </span>
    </p>
   </div>
   <div class='ocr_carea' id='block_1_33' title="bbox 2010 539 3579 613">
    <p class='ocr_par' dir='ltr' id='par_1_33' title="bbox 2010 539 3579 613">
     <span class='ocr_line' id='line_1_33' title="bbox 2010 539 3579 613; baseline 0.006 -23"><span class='ocrx_word' id='word_1_211' title='bbox 2010 553 2196 592; x_wconf 85' lang='lat' dir='ltr'><strong><em>coram</em></strong></span> <span class='ocrx_word' id='word_1_212' title='bbox 2244 540 2463 594; x_wconf 87' lang='lat' dir='ltr'><strong><em>sultano</em></strong></span> <span class='ocrx_word' id='word_1_213' title='bbox 2509 539 2826 596; x_wconf 86' lang='lat' dir='ltr'><strong><em>Gennadius</em></strong></span> <span class='ocrx_word' id='word_1_214' title='bbox 2862 542 3071 609; x_wconf 88' lang='lat' dir='ltr'><strong><em>habuit,</em></strong></span> <span class='ocrx_word' id='word_1_215' title='bbox 3098 554 3391 613; x_wconf 81' lang='lat' dir='ltr'><strong><em>antequam</em></strong></span> <span class='ocrx_word' id='word_1_216' title='bbox 3428 559 3579 599; x_wconf 88' lang='lat' dir='ltr'><strong><em>com-</em></strong></span> 
     </span>
    </p>
   </div>
   <div class='ocr_carea' id='block_1_34' title="bbox 2010 629 3575 709">
    <p class='ocr_par' dir='ltr' id='par_1_34' title="bbox 2010 629 3575 709">
     <span class='ocr_line' id='line_1_34' title="bbox 2010 629 3575 709; baseline 0.005 -25"><span class='ocrx_word' id='word_1_217' title='bbox 2010 629 2346 699; x_wconf 85' lang='lat' dir='ltr'><strong><em>pendiariam</em></strong></span> <span class='ocrx_word' id='word_1_218' title='bbox 2400 633 2544 686; x_wconf 86' lang='lat' dir='ltr'><strong><em>illam</em></strong></span> <span class='ocrx_word' id='word_1_219' title='bbox 2616 634 2945 691; x_wconf 67' lang='lat' dir='ltr'><strong><em>Christiana:</em></strong></span> <span class='ocrx_word' id='word_1_220' title='bbox 2998 638 3119 701; x_wconf 81' lang='lat' dir='ltr'><strong><em>ﬁdei</em></strong></span> <span class='ocrx_word' id='word_1_221' title='bbox 3177 640 3575 709; x_wconf 74' lang='lat' dir='ltr'><strong><em>expositionem</em></strong></span> 
     </span>
    </p>
   </div>
   <div class='ocr_carea' id='block_1_35' title="bbox 2008 720 3577 799">
    <p class='ocr_par' dir='ltr' id='par_1_35' title="bbox 2008 720 3577 799">
     <span class='ocr_line' id='line_1_35' title="bbox 2008 720 3577 799; baseline 0.004 -23"><span class='ocrx_word' id='word_1_222' title='bbox 2008 720 2218 790; x_wconf 84' lang='lat' dir='ltr'><strong><em>scripto</em></strong></span> <span class='ocrx_word' id='word_1_223' title='bbox 2264 726 2748 793; x_wconf 77' lang='lat' dir='ltr'><strong><em>camplecteretur.</em></strong></span> <span class='ocrx_word' id='word_1_224' title='bbox 2806 728 2967 786; x_wconf 82' lang='lat' dir='ltr'><strong><em>Edita</em></strong></span> <span class='ocrx_word' id='word_1_225' title='bbox 3015 740 3101 786; x_wconf 87' lang='lat' dir='ltr'><strong><em>est</em></strong></span> <span class='ocrx_word' id='word_1_226' title='bbox 3152 746 3369 799; x_wconf 87' lang='lat' dir='ltr'><strong><em>quoque</em></strong></span> <span class='ocrx_word' id='word_1_227' title='bbox 3397 734 3577 786; x_wconf 84' lang='lat' dir='ltr'><strong><em>oratio</em></strong></span> 
     </span>
    </p>
   </div>
   <div class='ocr_carea' id='block_1_36' title="bbox 2008 812 3579 887">
    <p class='ocr_par' dir='ltr' id='par_1_36' title="bbox 2008 812 3579 887">
     <span class='ocr_line' id='line_1_36' title="bbox 2008 812 3579 887; baseline 0.01 -22"><span class='ocrx_word' id='word_1_228' title='bbox 2008 812 2127 880; x_wconf 83' lang='lat' dir='ltr'><strong><em>ipsa</em></strong></span> <span class='ocrx_word' id='word_1_229' title='bbox 2174 815 2482 879; x_wconf 82' lang='lat' dir='ltr'><strong><em>multoties.</em></strong></span> <span class='ocrx_word' id='word_1_230' title='bbox 2535 827 2646 872; x_wconf 89' lang='lat' dir='ltr'><strong><em>tum</em></strong></span> <span class='ocrx_word' id='word_1_231' title='bbox 2706 821 2965 887; x_wconf 86' lang='lat' dir='ltr'><strong><em>scorsim,</em></strong></span> <span class='ocrx_word' id='word_1_232' title='bbox 3013 828 3127 876; x_wconf 84' lang='lat' dir='ltr'><strong><em>tum</em></strong></span> <span class='ocrx_word' id='word_1_233' title='bbox 3162 823 3216 876; x_wconf 88' lang='lat' dir='ltr'><strong><em>in</em></strong></span> <span class='ocrx_word' id='word_1_234' title='bbox 3255 821 3579 880; x_wconf 65' lang='lat' dir='ltr'><strong><em>Bibliotheca</em></strong></span> 
     </span>
    </p>
   </div>
   <div class='ocr_carea' id='block_1_37' title="bbox 2009 903 2258 961">
    <p class='ocr_par' dir='ltr' id='par_1_37' title="bbox 2009 903 2258 961">
     <span class='ocr_line' id='line_1_37' title="bbox 2009 903 2258 961; baseline 0.024 -6"><span class='ocrx_word' id='word_1_235' title='bbox 2009 903 2258 961; x_wconf 83' lang='lat' dir='ltr'><strong><em>Patrum.</em></strong></span> 
     </span>
    </p>
   </div>
   <div class='ocr_carea' id='block_1_38' title="bbox 2080 996 3584 1073">
    <p class='ocr_par' dir='ltr' id='par_1_38' title="bbox 2080 996 3584 1073">
     <span class='ocr_line' id='line_1_38' title="bbox 2080 996 3584 1073; baseline 0.011 -23"><span class='ocrx_word' id='word_1_236' title='bbox 2080 996 2253 1054; x_wconf 84' lang='lat' dir='ltr'><strong><em>Paulo</em></strong></span> <span class='ocrx_word' id='word_1_237' title='bbox 2289 1012 2576 1073; x_wconf 83' lang='lat' dir='ltr'><strong><em>poSIquam</em></strong></span> <span class='ocrx_word' id='word_1_238' title='bbox 2609 1004 2748 1059; x_wconf 85' lang='lat' dir='ltr'><strong><em>hanc</em></strong></span> <span class='ocrx_word' id='word_1_239' title='bbox 2780 1008 3085 1063; x_wconf 86' lang='lat' dir='ltr'><strong><em>orationem</em></strong></span> <span class='ocrx_word' id='word_1_240' title='bbox 3122 1009 3409 1067; x_wconf 79' lang='lat' dir='ltr'><strong><em>habuisset</em></strong></span> <span class='ocrx_word' id='word_1_241' title='bbox 3440 1012 3584 1068; x_wconf 85' lang='lat' dir='ltr'><strong><em>Gen-</em></strong></span> 
     </span>
    </p>
   </div>
   <div class='ocr_carea' id='block_1_39' title="bbox 2012 1089 3593 1174">
    <p class='ocr_par' dir='ltr' id='par_1_39' title="bbox 2012 1089 3593 1174">
     <span class='ocr_line' id='line_1_39' title="bbox 2012 1089 3593 1174; baseline 0.011 -32"><span class='ocrx_word' id='word_1_242' title='bbox 2012 1089 2230 1154; x_wconf 88' lang='lat' dir='ltr'><strong><em>nadius,</em></strong></span> <span class='ocrx_word' id='word_1_243' title='bbox 2280 1094 2638 1162; x_wconf 87' lang='lat' dir='ltr'><strong><em>patriarchali</em></strong></span> <span class='ocrx_word' id='word_1_244' title='bbox 2689 1112 2748 1152; x_wconf 87' lang='lat' dir='ltr'><strong><em>se</em></strong></span> <span class='ocrx_word' id='word_1_245' title='bbox 2799 1100 3067 1168; x_wconf 79' lang='lat' dir='ltr'><strong><em>dignitate</em></strong></span> <span class='ocrx_word' id='word_1_246' title='bbox 3118 1103 3593 1174; x_wconf 67' lang='lat' dir='ltr'><strong><em>alidicavil,acgre</em></strong></span> 
     </span>
    </p>
   </div>
   <div class='ocr_carea' id='block_1_40' title="bbox 2009 1180 3583 1263">
    <p class='ocr_par' dir='ltr' id='par_1_40' title="bbox 2009 1180 3583 1263">
     <span class='ocr_line' id='line_1_40' title="bbox 2009 1180 3583 1263; baseline 0.01 -30"><span class='ocrx_word' id='word_1_247' title='bbox 2009 1180 2231 1235; x_wconf 85' lang='lat' dir='ltr'><strong><em>obtenta</em></strong></span> <span class='ocrx_word' id='word_1_248' title='bbox 2261 1196 2289 1235; x_wconf 87' lang='lat' dir='ltr'><strong><em>a</em></strong></span> <span class='ocrx_word' id='word_1_249' title='bbox 2320 1185 2544 1239; x_wconf 87' lang='lat' dir='ltr'><strong><em>sultano</em></strong></span> <span class='ocrx_word' id='word_1_250' title='bbox 2568 1188 2723 1241; x_wconf 83' lang='lat' dir='ltr'><strong><em>venia</em></strong></span> <span class='ocrx_word' id='word_1_251' title='bbox 2757 1204 2917 1249; x_wconf 75' lang='lat' dir='ltr'><strong><em>:mox</em></strong></span> <span class='ocrx_word' id='word_1_252' title='bbox 2952 1193 3243 1259; x_wconf 76' lang='lat' dir='ltr'><strong><em>epistolam</em></strong></span> <span class='ocrx_word' id='word_1_253' title='bbox 3275 1211 3369 1249; x_wconf 80' lang='lat' dir='ltr'><strong><em>seu</em></strong></span> <span class='ocrx_word' id='word_1_254' title='bbox 3404 1207 3583 1263; x_wconf 79' lang='lat' dir='ltr'><strong><em>potius</em></strong></span> 
     </span>
    </p>
   </div>
   <div class='ocr_carea' id='block_1_41' title="bbox 2009 1273 3579 1356">
    <p class='ocr_par' dir='ltr' id='par_1_41' title="bbox 2009 1273 3579 1356">
     <span class='ocr_line' id='line_1_41' title="bbox 2009 1273 3579 1356; baseline 0.008 -32"><span class='ocrx_word' id='word_1_255' title='bbox 2009 1273 2277 1342; x_wconf 77' lang='lat' dir='ltr'><strong><em>prolixam</em></strong></span> <span class='ocrx_word' id='word_1_256' title='bbox 2339 1276 2659 1333; x_wconf 84' lang='lat' dir='ltr'><strong><em>Orationem</em></strong></span> <span class='ocrx_word' id='word_1_257' title='bbox 2743 1282 3145 1351; x_wconf 71' lang='lat' dir='ltr'><strong><em>apologaticam</em></strong></span> <span class='ocrx_word' id='word_1_258' title='bbox 3218 1289 3443 1356; x_wconf 75' lang='lat' dir='ltr'><strong><em>scripsit</em></strong></span> <span class='ocrx_word' id='word_1_259' title='bbox 3507 1289 3579 1340; x_wconf 84' lang='lat' dir='ltr'><strong><em>ad</em></strong></span> 
     </span>
    </p>
   </div>
   <div class='ocr_carea' id='block_1_42' title="bbox 2011 1366 3579 1447">
    <p class='ocr_par' dir='ltr' id='par_1_42' title="bbox 2011 1366 3579 1447">
     <span class='ocr_line' id='line_1_42' title="bbox 2011 1366 3579 1447; baseline 0.012 -33"><span class='ocrx_word' id='word_1_260' title='bbox 2011 1378 2186 1417; x_wconf 84' lang='lat' dir='ltr'><strong><em>omnes</em></strong></span> <span class='ocrx_word' id='word_1_261' title='bbox 2210 1366 2391 1434; x_wconf 81' lang='lat' dir='ltr'><strong><em>ﬁdeles</em></strong></span> <span class='ocrx_word' id='word_1_262' title='bbox 2413 1370 2464 1423; x_wconf 86' lang='lat' dir='ltr'><strong><em>in</em></strong></span> <span class='ocrx_word' id='word_1_263' title='bbox 2488 1368 2701 1426; x_wconf 82' lang='lat' dir='ltr'><strong><em>Christo</em></strong></span> <span class='ocrx_word' id='word_1_264' title='bbox 2720 1373 2868 1434; x_wconf 73' lang='lat' dir='ltr'><strong><em>Iesu,</em></strong></span> <span class='ocrx_word' id='word_1_265' title='bbox 2902 1378 3015 1438; x_wconf 78' lang='grc' dir='ltr'><strong><em>τοῖς</em></strong></span> <span class='ocrx_word' id='word_1_266' title='bbox 3047 1379 3327 1447; x_wconf 77' lang='grc' dir='ltr'><strong><em>πανταχοῦ</em></strong></span> <span class='ocrx_word' id='word_1_267' title='bbox 3360 1386 3579 1444; x_wconf 77' lang='grc' dir='ltr'><strong><em>πιστοῖς</em></strong></span> 
     </span>
    </p>
   </div>
   <div class='ocr_carea' id='block_1_43' title="bbox 2009 1456 3584 1543">
    <p class='ocr_par' dir='ltr' id='par_1_43' title="bbox 2009 1456 3584 1543">
     <span class='ocr_line' id='line_1_43' title="bbox 2009 1456 3584 1543; baseline 0.014 -37"><span class='ocrx_word' id='word_1_268' title='bbox 2009 1456 2067 1507; x_wconf 81' lang='grc' dir='ltr'><strong><em>ὲν</em></strong></span> <span class='ocrx_word' id='word_1_269' title='bbox 2118 1459 2336 1528; x_wconf 78' lang='grc' dir='ltr'>Χριστῴ</span> <span class='ocrx_word' id='word_1_270' title='bbox 2407 1463 2606 1534; x_wconf 77' lang='grc' dir='ltr'><strong><em>Ἰησοῦ.</em></strong></span> <span class='ocrx_word' id='word_1_271' title='bbox 2679 1465 2874 1521; x_wconf 82' lang='lat' dir='ltr'><strong><em>Narrat</em></strong></span> <span class='ocrx_word' id='word_1_272' title='bbox 2929 1472 3205 1539; x_wconf 85' lang='lat' dir='ltr'><strong><em>quomodo</em></strong></span> <span class='ocrx_word' id='word_1_273' title='bbox 3279 1484 3400 1541; x_wconf 87' lang='lat' dir='ltr'><strong><em>post</em></strong></span> <span class='ocrx_word' id='word_1_274' title='bbox 3447 1490 3584 1543; x_wconf 68' lang='lat' dir='ltr'><strong><em>prae-</em></strong></span> 
     </span>
    </p>
   </div>
   <div class='ocr_carea' id='block_1_44' title="bbox 2011 1547 3585 1639">
    <p class='ocr_par' dir='ltr' id='par_1_44' title="bbox 2011 1547 3585 1639">
     <span class='ocr_line' id='line_1_44' title="bbox 2011 1547 3585 1639; baseline 0.013 -39"><span class='ocrx_word' id='word_1_275' title='bbox 2011 1547 2210 1602; x_wconf 88' lang='lat' dir='ltr'><strong><em>dietam</em></strong></span> <span class='ocrx_word' id='word_1_276' title='bbox 2248 1554 2449 1621; x_wconf 66' lang='lat' dir='ltr'><strong><em>sa&#39;pius</em></strong></span> <span class='ocrx_word' id='word_1_277' title='bbox 2488 1557 2639 1614; x_wconf 86' lang='lat' dir='ltr'><strong><em>urbis</em></strong></span> <span class='ocrx_word' id='word_1_278' title='bbox 2669 1567 2721 1611; x_wconf 89' lang='lat' dir='ltr'><strong><em>ct</em></strong></span> <span class='ocrx_word' id='word_1_279' title='bbox 2753 1561 3159 1631; x_wconf 88' lang='lat' dir='ltr'><strong><em>totiusimperii</em></strong></span> <span class='ocrx_word' id='word_1_280' title='bbox 3190 1566 3398 1619; x_wconf 77' lang='lat' dir='ltr'><strong><em>cladem</em></strong></span> <span class='ocrx_word' id='word_1_281' title='bbox 3434 1583 3585 1639; x_wconf 69' lang='lat' dir='ltr'><strong><em>enim</em></strong></span> 
     </span>
    </p>
   </div>
   <div class='ocr_carea' id='block_1_45' title="bbox 2012 1640 3578 1727">
    <p class='ocr_par' dir='ltr' id='par_1_45' title="bbox 2012 1640 3578 1727">
     <span class='ocr_line' id='line_1_45' title="bbox 2012 1640 3578 1727; baseline 0.015 -37"><span class='ocrx_word' id='word_1_282' title='bbox 2012 1640 2484 1714; x_wconf 85' lang='lat' dir='ltr'><strong><em>minationemque</em></strong></span> <span class='ocrx_word' id='word_1_283' title='bbox 2548 1647 2746 1704; x_wconf 83' lang='lat' dir='ltr'><strong><em>divinae</em></strong></span> <span class='ocrx_word' id='word_1_284' title='bbox 2820 1651 3073 1707; x_wconf 67' lang='lat' dir='ltr'><strong><em>vindictae</em></strong></span> <span class='ocrx_word' id='word_1_285' title='bbox 3135 1656 3206 1708; x_wconf 91' lang='lat' dir='ltr'><strong><em>ob</em></strong></span> <span class='ocrx_word' id='word_1_286' title='bbox 3261 1667 3578 1727; x_wconf 74' lang='lat' dir='ltr'><strong><em>susreplnm</em></strong></span> 
     </span>
    </p>
   </div>
   <div class='ocr_carea' id='block_1_46' title="bbox 2011 1730 3574 1810">
    <p class='ocr_par' dir='ltr' id='par_1_46' title="bbox 2011 1730 3574 1810">
     <span class='ocr_line' id='line_1_46' title="bbox 2011 1730 3574 1810; baseline 0.013 -27"><span class='ocrx_word' id='word_1_287' title='bbox 2011 1730 2373 1789; x_wconf 85' lang='lat' dir='ltr'><strong><em>Latinismum</em></strong></span> <span class='ocrx_word' id='word_1_288' title='bbox 2401 1778 2414 1801; x_wconf 94' lang='lat'><strong><em>,</em></strong></span> <span class='ocrx_word' id='word_1_289' title='bbox 2446 1747 2606 1810; x_wconf 86' lang='lat' dir='ltr'><strong><em>capta</em></strong></span> <span class='ocrx_word' id='word_1_290' title='bbox 2642 1741 2775 1798; x_wconf 90' lang='lat' dir='ltr'><strong><em>urbe</em></strong></span> <span class='ocrx_word' id='word_1_291' title='bbox 2811 1743 2865 1797; x_wconf 91' lang='lat' dir='ltr'><strong><em>in</em></strong></span> <span class='ocrx_word' id='word_1_292' title='bbox 2901 1743 3143 1800; x_wconf 86' lang='lat' dir='ltr'><strong><em>hostium</em></strong></span> <span class='ocrx_word' id='word_1_293' title='bbox 3178 1764 3373 1805; x_wconf 87' lang='lat' dir='ltr'><strong><em>manus</em></strong></span> <span class='ocrx_word' id='word_1_294' title='bbox 3411 1767 3574 1805; x_wconf 77' lang='lat' dir='ltr'><strong><em>vene-</em></strong></span> 
     </span>
    </p>
   </div>
   <div class='ocr_carea' id='block_1_47' title="bbox 2008 1826 3571 1908">
    <p class='ocr_par' dir='ltr' id='par_1_47' title="bbox 2008 1826 3571 1908">
     <span class='ocr_line' id='line_1_47' title="bbox 2008 1826 3571 1908; baseline 0.015 -30"><span class='ocrx_word' id='word_1_295' title='bbox 2008 1826 2101 1891; x_wconf 89' lang='lat' dir='ltr'><strong><em>rit,</em></strong></span> <span class='ocrx_word' id='word_1_296' title='bbox 2132 1837 2186 1882; x_wconf 90' lang='lat' dir='ltr'><strong><em>et</em></strong></span> <span class='ocrx_word' id='word_1_297' title='bbox 2226 1844 2289 1882; x_wconf 75' lang='lat' dir='ltr'><strong><em>ex</em></strong></span> <span class='ocrx_word' id='word_1_298' title='bbox 2343 1830 2469 1901; x_wconf 83' lang='lat' dir='ltr'><strong><em>fuga</em></strong></span> <span class='ocrx_word' id='word_1_299' title='bbox 2519 1842 2827 1903; x_wconf 80' lang='lat' dir='ltr'><strong><em>retractus,</em></strong></span> <span class='ocrx_word' id='word_1_300' title='bbox 2880 1841 3193 1908; x_wconf 78' lang='lat' dir='ltr'><strong><em>patriarcha</em></strong></span> <span class='ocrx_word' id='word_1_301' title='bbox 3226 1847 3571 1901; x_wconf 84' lang='lat' dir='ltr'><strong><em>renuntiatus</em></strong></span> 
     </span>
    </p>
   </div>
   <div class='ocr_carea' id='block_1_48' title="bbox 2006 1917 3571 2001">
    <p class='ocr_par' dir='ltr' id='par_1_48' title="bbox 2006 1917 3571 2001">
     <span class='ocr_line' id='line_1_48' title="bbox 2006 1917 3571 2001; baseline 0.015 -30"><span class='ocrx_word' id='word_1_302' title='bbox 2006 1917 2189 1986; x_wconf 81' lang='lat' dir='ltr'><strong><em>foerit,</em></strong></span> <span class='ocrx_word' id='word_1_303' title='bbox 2243 1923 2371 1978; x_wconf 90' lang='lat' dir='ltr'><strong><em>licet</em></strong></span> <span class='ocrx_word' id='word_1_304' title='bbox 2427 1925 2670 1989; x_wconf 81' lang='lat' dir='ltr'><strong><em>invitus:</em></strong></span> <span class='ocrx_word' id='word_1_305' title='bbox 2726 1932 2811 1985; x_wconf 91' lang='lat' dir='ltr'><strong><em>cui</em></strong></span> <span class='ocrx_word' id='word_1_306' title='bbox 2868 1935 3085 1989; x_wconf 86' lang='lat' dir='ltr'><strong><em>tandem</em></strong></span> <span class='ocrx_word' id='word_1_307' title='bbox 3120 1940 3356 2001; x_wconf 84' lang='lat' dir='ltr'><strong><em>muneri,</em></strong></span> <span class='ocrx_word' id='word_1_308' title='bbox 3388 1941 3571 1994; x_wconf 84' lang='lat' dir='ltr'><strong><em>statim</em></strong></span> 
     </span>
    </p>
   </div>
   <div class='ocr_carea' id='block_1_49' title="bbox 2006 2019 3577 2096">
    <p class='ocr_par' dir='ltr' id='par_1_49' title="bbox 2006 2019 3577 2096">
     <span class='ocr_line' id='line_1_49' title="bbox 2006 2019 3577 2096; baseline 0.014 -32"><span class='ocrx_word' id='word_1_309' title='bbox 2006 2020 2168 2082; x_wconf 88' lang='lat' dir='ltr'><strong><em>atque</em></strong></span> <span class='ocrx_word' id='word_1_310' title='bbox 2200 2030 2298 2084; x_wconf 90' lang='lat' dir='ltr'><strong><em>per</em></strong></span> <span class='ocrx_word' id='word_1_311' title='bbox 2325 2019 2606 2074; x_wconf 88' lang='lat' dir='ltr'><strong><em>sultanum</em></strong></span> <span class='ocrx_word' id='word_1_312' title='bbox 2641 2022 2823 2089; x_wconf 82' lang='lat' dir='ltr'><strong><em>licuit,</em></strong></span> <span class='ocrx_word' id='word_1_313' title='bbox 2849 2027 3277 2087; x_wconf 87' lang='lat' dir='ltr'><strong><em>renuntiandum</em></strong></span> <span class='ocrx_word' id='word_1_314' title='bbox 3301 2026 3577 2096; x_wconf 81' lang='lat' dir='ltr'><strong><em>statuerit,</em></strong></span> 
     </span>
    </p>
   </div>
   <div class='ocr_carea' id='block_1_50' title="bbox 2007 2106 3582 2190">
    <p class='ocr_par' dir='ltr' id='par_1_50' title="bbox 2007 2106 3582 2190">
     <span class='ocr_line' id='line_1_50' title="bbox 2007 2106 3582 2190; baseline 0.014 -36"><span class='ocrx_word' id='word_1_315' title='bbox 2007 2112 2119 2156; x_wconf 89' lang='lat' dir='ltr'><strong><em>tum</em></strong></span> <span class='ocrx_word' id='word_1_316' title='bbox 2149 2106 2277 2173; x_wconf 88' lang='lat' dir='ltr'><strong><em>quia</em></strong></span> <span class='ocrx_word' id='word_1_317' title='bbox 2313 2108 2608 2165; x_wconf 87' lang='lat' dir='ltr'><strong><em>destitutus</em></strong></span> <span class='ocrx_word' id='word_1_318' title='bbox 2640 2122 2789 2167; x_wconf 86' lang='lat' dir='ltr'><strong><em>esset</em></strong></span> <span class='ocrx_word' id='word_1_319' title='bbox 2824 2130 3015 2170; x_wconf 83' lang='lat' dir='ltr'><strong><em>eorum</em></strong></span> <span class='ocrx_word' id='word_1_320' title='bbox 3051 2120 3291 2181; x_wconf 76' lang='lat' dir='ltr'><strong><em>auxilio.</em></strong></span> <span class='ocrx_word' id='word_1_321' title='bbox 3328 2123 3417 2190; x_wconf 83' lang='lat' dir='ltr'><strong><em>qui</em></strong></span> <span class='ocrx_word' id='word_1_322' title='bbox 3449 2138 3582 2175; x_wconf 87' lang='lat' dir='ltr'><strong><em>one-</em></strong></span> 
     </span>
    </p>
   </div>
   <div class='ocr_carea' id='block_1_51' title="bbox 2005 2193 3578 2284">
    <p class='ocr_par' dir='ltr' id='par_1_51' title="bbox 2005 2193 3578 2284">
     <span class='ocr_line' id='line_1_51' title="bbox 2005 2193 3578 2284; baseline 0.015 -38"><span class='ocrx_word' id='word_1_323' title='bbox 2005 2193 2083 2247; x_wconf 88' lang='lat' dir='ltr'><strong><em>ris</em></strong></span> <span class='ocrx_word' id='word_1_324' title='bbox 2117 2205 2327 2265; x_wconf 88' lang='lat' dir='ltr'><strong><em>partem</em></strong></span> <span class='ocrx_word' id='word_1_325' title='bbox 2382 2204 2689 2259; x_wconf 88' lang='lat' dir='ltr'><strong><em>secundum</em></strong></span> <span class='ocrx_word' id='word_1_326' title='bbox 2732 2206 3148 2265; x_wconf 79' lang='lat' dir='ltr'><strong><em>ecclesiasticas</em></strong></span> <span class='ocrx_word' id='word_1_327' title='bbox 3206 2213 3353 2284; x_wconf 83' lang='lat' dir='ltr'><strong><em>leges</em></strong></span> <span class='ocrx_word' id='word_1_328' title='bbox 3405 2217 3578 2272; x_wconf 84' lang='lat' dir='ltr'><strong><em>susti-</em></strong></span> 
     </span>
    </p>
   </div>
   <div class='ocr_carea' id='block_1_52' title="bbox 2006 2290 3578 2371">
    <p class='ocr_par' dir='ltr' id='par_1_52' title="bbox 2006 2290 3578 2371">
     <span class='ocr_line' id='line_1_52' title="bbox 2006 2290 3578 2371; baseline 0.015 -30"><span class='ocrx_word' id='word_1_329' title='bbox 2006 2303 2139 2343; x_wconf 87' lang='lat' dir='ltr'><strong><em>nere</em></strong></span> <span class='ocrx_word' id='word_1_330' title='bbox 2173 2290 2501 2363; x_wconf 85' lang='lat' dir='ltr'><strong><em>debuerant,</em></strong></span> <span class='ocrx_word' id='word_1_331' title='bbox 2536 2306 2647 2351; x_wconf 90' lang='lat' dir='ltr'><strong><em>tum</em></strong></span> <span class='ocrx_word' id='word_1_332' title='bbox 2683 2298 2753 2353; x_wconf 87' lang='lat' dir='ltr'><strong><em>ob</em></strong></span> <span class='ocrx_word' id='word_1_333' title='bbox 2786 2302 3069 2371; x_wconf 85' lang='lat' dir='ltr'><strong><em>impensas</em></strong></span> <span class='ocrx_word' id='word_1_334' title='bbox 3097 2305 3332 2361; x_wconf 79' lang='lat' dir='ltr'><strong><em>inaniter</em></strong></span> <span class='ocrx_word' id='word_1_335' title='bbox 3364 2309 3578 2364; x_wconf 83' lang='lat' dir='ltr'><strong><em>labores</em></strong></span> 
     </span>
    </p>
   </div>
   <div class='ocr_carea' id='block_1_53' title="bbox 2005 2382 3580 2468">
    <p class='ocr_par' dir='ltr' id='par_1_53' title="bbox 2005 2382 3580 2468">
     <span class='ocr_line' id='line_1_53' title="bbox 2005 2382 3580 2468; baseline 0.016 -35"><span class='ocrx_word' id='word_1_336' title='bbox 2005 2382 2059 2436; x_wconf 90' lang='lat' dir='ltr'><strong><em>in</em></strong></span> <span class='ocrx_word' id='word_1_337' title='bbox 2122 2382 2434 2442; x_wconf 75' lang='lat' dir='ltr'><strong><em>auferendis</em></strong></span> <span class='ocrx_word' id='word_1_338' title='bbox 2483 2391 2761 2447; x_wconf 86' lang='lat' dir='ltr'><strong><em>scandalis</em></strong></span> <span class='ocrx_word' id='word_1_339' title='bbox 2811 2402 2865 2449; x_wconf 93' lang='lat' dir='ltr'><strong><em>et</em></strong></span> <span class='ocrx_word' id='word_1_340' title='bbox 2905 2400 3299 2468; x_wconf 83' lang='lat' dir='ltr'><strong><em>componendis</em></strong></span> <span class='ocrx_word' id='word_1_341' title='bbox 3331 2384 3580 2457; x_wconf 82' lang='lat' dir='ltr'><strong><em>simulta-</em></strong></span> 
     </span>
    </p>
   </div>
   <div class='ocr_carea' id='block_1_54' title="bbox 2008 2473 3583 2562">
    <p class='ocr_par' dir='ltr' id='par_1_54' title="bbox 2008 2473 3583 2562">
     <span class='ocr_line' id='line_1_54' title="bbox 2008 2473 3583 2562; baseline 0.015 -35"><span class='ocrx_word' id='word_1_342' title='bbox 2008 2473 2175 2529; x_wconf 88' lang='lat' dir='ltr'><strong><em>tibus.</em></strong></span> <span class='ocrx_word' id='word_1_343' title='bbox 2204 2474 2396 2535; x_wconf 79' lang='lat' dir='ltr'><strong><em>Varias</em></strong></span> <span class='ocrx_word' id='word_1_344' title='bbox 2429 2483 2594 2537; x_wconf 87' lang='lat' dir='ltr'><strong><em>etiam</em></strong></span> <span class='ocrx_word' id='word_1_345' title='bbox 2626 2486 2969 2545; x_wconf 88' lang='lat' dir='ltr'><strong><em>calamitates</em></strong></span> <span class='ocrx_word' id='word_1_346' title='bbox 3008 2490 3193 2556; x_wconf 82' lang='lat' dir='ltr'><strong><em>refert,</em></strong></span> <span class='ocrx_word' id='word_1_347' title='bbox 3229 2508 3367 2562; x_wconf 90' lang='lat' dir='ltr'><strong><em>quas</em></strong></span> <span class='ocrx_word' id='word_1_348' title='bbox 3395 2496 3583 2550; x_wconf 72' lang='lat' dir='ltr'><strong><em>ab’in-</em></strong></span> 
     </span>
    </p>
   </div>
   <div class='ocr_carea' id='block_1_55' title="bbox 2003 2565 3583 2651">
    <p class='ocr_par' dir='ltr' id='par_1_55' title="bbox 2003 2565 3583 2651">
     <span class='ocr_line' id='line_1_55' title="bbox 2003 2565 3583 2651; baseline 0.015 -31"><span class='ocrx_word' id='word_1_349' title='bbox 2003 2565 2144 2622; x_wconf 84' lang='lat' dir='ltr'><strong><em>vidis</em></strong></span> <span class='ocrx_word' id='word_1_350' title='bbox 2195 2567 2391 2627; x_wconf 87' lang='lat' dir='ltr'><strong><em>fuisset</em></strong></span> <span class='ocrx_word' id='word_1_351' title='bbox 2430 2590 2722 2645; x_wconf 83' lang='lat' dir='ltr'><strong><em>perpessus</em></strong></span> <span class='ocrx_word' id='word_1_352' title='bbox 2757 2617 2775 2643; x_wconf 90' lang='lat'><strong><em>,</em></strong></span> <span class='ocrx_word' id='word_1_353' title='bbox 2835 2582 2927 2649; x_wconf 91' lang='lat' dir='ltr'><strong><em>qui</em></strong></span> <span class='ocrx_word' id='word_1_354' title='bbox 2986 2584 3418 2651; x_wconf 86' lang='lat' dir='ltr'><strong><em>patriarchatum</em></strong></span> <span class='ocrx_word' id='word_1_355' title='bbox 3469 2605 3583 2644; x_wconf 86' lang='lat' dir='ltr'><strong><em>non</em></strong></span> 
     </span>
    </p>
   </div>
   <div class='ocr_carea' id='block_1_56' title="bbox 2005 2655 3580 2744">
    <p class='ocr_par' dir='ltr' id='par_1_56' title="bbox 2005 2655 3580 2744">
     <span class='ocr_line' id='line_1_56' title="bbox 2005 2655 3580 2744; baseline 0.018 -36"><span class='ocrx_word' id='word_1_356' title='bbox 2005 2655 2239 2713; x_wconf 89' lang='lat' dir='ltr'><strong><em>obscure</em></strong></span> <span class='ocrx_word' id='word_1_357' title='bbox 2272 2663 2601 2729; x_wconf 85' lang='lat' dir='ltr'><strong><em>ambientes.</em></strong></span> <span class='ocrx_word' id='word_1_358' title='bbox 2633 2670 2799 2724; x_wconf 89' lang='lat' dir='ltr'><strong><em>multa</em></strong></span> <span class='ocrx_word' id='word_1_359' title='bbox 2826 2672 2926 2743; x_wconf 88' lang='lat' dir='ltr'><strong><em>ipsi</em></strong></span> <span class='ocrx_word' id='word_1_360' title='bbox 2950 2675 3165 2744; x_wconf 82' lang='lat' dir='ltr'><strong><em>negotia</em></strong></span> <span class='ocrx_word' id='word_1_361' title='bbox 3199 2676 3580 2738; x_wconf 76' lang='lat' dir='ltr'><strong><em>lacessebant:</em></strong></span> 
     </span>
    </p>
   </div>
   <div class='ocr_carea' id='block_1_57' title="bbox 2006 2748 3578 2841">
    <p class='ocr_par' dir='ltr' id='par_1_57' title="bbox 2006 2748 3578 2841">
     <span class='ocr_line' id='line_1_57' title="bbox 2006 2748 3578 2841; baseline 0.016 -38"><span class='ocrx_word' id='word_1_362' title='bbox 2006 2748 2283 2819; x_wconf 84' lang='lat' dir='ltr'><strong><em>signiﬁcat</em></strong></span> <span class='ocrx_word' id='word_1_363' title='bbox 2323 2758 2540 2812; x_wconf 86' lang='lat' dir='ltr'><strong><em>tandem</em></strong></span> <span class='ocrx_word' id='word_1_364' title='bbox 2575 2776 2635 2815; x_wconf 93' lang='lat' dir='ltr'><strong><em>se</em></strong></span> <span class='ocrx_word' id='word_1_365' title='bbox 2681 2762 2939 2832; x_wconf 77' lang='lat' dir='ltr'><strong><em>dignitati</em></strong></span> <span class='ocrx_word' id='word_1_366' title='bbox 2972 2771 3322 2837; x_wconf 81' lang='lat' dir='ltr'><strong><em>renuntiare,</em></strong></span> <span class='ocrx_word' id='word_1_367' title='bbox 3373 2783 3433 2828; x_wconf 91' lang='lat' dir='ltr'><strong><em>ut</em></strong></span> <span class='ocrx_word' id='word_1_368' title='bbox 3465 2776 3578 2841; x_wconf 84' lang='lat' dir='ltr'><strong><em>jam</em></strong></span> 
     </span>
    </p>
   </div>
   <div class='ocr_carea' id='block_1_58' title="bbox 2006 2840 3581 2934">
    <p class='ocr_par' dir='ltr' id='par_1_58' title="bbox 2006 2840 3581 2934">
     <span class='ocr_line' id='line_1_58' title="bbox 2006 2840 3581 2934; baseline 0.018 -41"><span class='ocrx_word' id='word_1_369' title='bbox 2006 2840 2110 2894; x_wconf 83' lang='lat' dir='ltr'><strong><em>sibi</em></strong></span> <span class='ocrx_word' id='word_1_370' title='bbox 2155 2844 2258 2897; x_wconf 88' lang='lat' dir='ltr'><strong><em>soli</em></strong></span> <span class='ocrx_word' id='word_1_371' title='bbox 2312 2857 2490 2913; x_wconf 86' lang='lat' dir='ltr'><strong><em>vacet,</em></strong></span> <span class='ocrx_word' id='word_1_372' title='bbox 2543 2852 3038 2927; x_wconf 72' lang='lat' dir='ltr'><strong><em>pmnitentiamque</em></strong></span> <span class='ocrx_word' id='word_1_373' title='bbox 3086 2860 3143 2916; x_wconf 93' lang='lat' dir='ltr'><strong><em>in</em></strong></span> <span class='ocrx_word' id='word_1_374' title='bbox 3208 2840 3502 2934; x_wconf 86' lang='lat' dir='ltr'><strong><em>tranquilla</em></strong></span> <span class='ocrx_word' id='word_1_375' title='bbox 3527 2880 3581 2921; x_wconf 87' lang='lat' dir='ltr'><strong><em>et</em></strong></span> 
     </span>
    </p>
   </div>
   <div class='ocr_carea' id='block_1_59' title="bbox 2008 2934 3582 3020">
    <p class='ocr_par' dir='ltr' id='par_1_59' title="bbox 2008 2934 3582 3020">
     <span class='ocr_line' id='line_1_59' title="bbox 2008 2934 3582 3020; baseline 0.017 -31"><span class='ocrx_word' id='word_1_376' title='bbox 2008 2934 2256 2989; x_wconf 89' lang='lat' dir='ltr'><strong><em>solitaria</em></strong></span> <span class='ocrx_word' id='word_1_377' title='bbox 2306 2940 2414 2993; x_wconf 85' lang='lat' dir='ltr'><strong><em>vita</em></strong></span> <span class='ocrx_word' id='word_1_378' title='bbox 2465 2941 2533 2996; x_wconf 90' lang='lat' dir='ltr'><strong><em>de</em></strong></span> <span class='ocrx_word' id='word_1_379' title='bbox 2589 2947 2832 3012; x_wconf 89' lang='lat' dir='ltr'><strong><em>peccatis</em></strong></span> <span class='ocrx_word' id='word_1_380' title='bbox 2877 2951 2992 3007; x_wconf 84' lang='lat' dir='ltr'><strong><em>suis</em></strong></span> <span class='ocrx_word' id='word_1_381' title='bbox 3030 2963 3178 3020; x_wconf 84' lang='lat' dir='ltr'><strong><em>agat.</em></strong></span> <span class='ocrx_word' id='word_1_382' title='bbox 3206 2957 3336 3013; x_wconf 73' lang='lat' dir='ltr'><strong><em>Haec</em></strong></span> <span class='ocrx_word' id='word_1_383' title='bbox 3369 2967 3453 3014; x_wconf 85' lang='lat' dir='ltr'><strong><em>est</em></strong></span> <span class='ocrx_word' id='word_1_384' title='bbox 3493 2962 3582 3015; x_wconf 87' lang='lat' dir='ltr'><strong><em>illa</em></strong></span> 
     </span>
    </p>
   </div>
   <div class='ocr_carea' id='block_1_60' title="bbox 2006 3028 3589 3115">
    <p class='ocr_par' dir='ltr' id='par_1_60' title="bbox 2006 3028 3589 3115">
     <span class='ocr_line' id='line_1_60' title="bbox 2006 3028 3589 3115; baseline 0.018 -37"><span class='ocrx_word' id='word_1_385' title='bbox 2006 3028 2338 3099; x_wconf 76' lang='grc' dir='ltr'><strong><em>παραίτησις</em></strong></span> <span class='ocrx_word' id='word_1_386' title='bbox 2360 3071 2377 3099; x_wconf 82' lang='grc'><strong><em>,</em></strong></span> <span class='ocrx_word' id='word_1_387' title='bbox 2415 3046 2578 3102; x_wconf 88' lang='lat' dir='ltr'><strong><em>quam</em></strong></span> <span class='ocrx_word' id='word_1_388' title='bbox 2611 3036 2663 3090; x_wconf 90' lang='lat' dir='ltr'><strong><em>in</em></strong></span> <span class='ocrx_word' id='word_1_389' title='bbox 2690 3040 2878 3095; x_wconf 88' lang='lat' dir='ltr'><strong><em>codice</em></strong></span> <span class='ocrx_word' id='word_1_390' title='bbox 2905 3041 3168 3100; x_wconf 58' lang='lat' dir='ltr'><strong><em>Ecclesia</em></strong></span> <span class='ocrx_word' id='word_1_391' title='bbox 3188 3047 3589 3115; x_wconf 40' lang='lat' dir='ltr'><strong><em>.Constanlino-</em></strong></span> 
     </span>
    </p>
   </div>
   <div class='ocr_carea' id='block_1_61' title="bbox 324 3108 3585 3197">
    <p class='ocr_par' dir='ltr' id='par_1_61' title="bbox 324 3108 3585 3197">
     <span class='ocr_line' id='line_1_61' title="bbox 324 3108 3585 3197; baseline 0.011 -36"><span class='ocrx_word' id='word_1_392' title='bbox 324 3108 604 3161; x_wconf 83' lang='lat' dir='ltr'><strong><em>triarchali</em></strong></span> <span class='ocrx_word' id='word_1_393' title='bbox 660 3124 885 3175; x_wconf 84' lang='lat' dir='ltr'><strong><em>munere</em></strong></span> <span class='ocrx_word' id='word_1_394' title='bbox 924 3125 1046 3165; x_wconf 90' lang='lat' dir='ltr'><strong><em>cum</em></strong></span> <span class='ocrx_word' id='word_1_395' title='bbox 1079 3127 1139 3167; x_wconf 89' lang='lat' dir='ltr'><strong><em>se</em></strong></span> <span class='ocrx_word' id='word_1_396' title='bbox 1171 3113 1379 3181; x_wconf 85' lang='lat' dir='ltr'><strong><em>recepit</em></strong></span> <span class='ocrx_word' id='word_1_397' title='bbox 1408 3112 1461 3166; x_wconf 91' lang='lat' dir='ltr'><strong><em>in</em></strong></span> <span class='ocrx_word' id='word_1_398' title='bbox 1497 3115 1896 3168; x_wconf 86' lang='lat' dir='ltr'><strong><em>monasterium</em></strong></span> <span class='ocrx_word' id='word_1_399' title='bbox 1932 3128 1976 3190; x_wconf 72' lang='grc' dir='ltr'><strong>ρ</strong></span> <span class='ocrx_word' id='word_1_400' title='bbox 2013 3120 2267 3189; x_wconf 70' lang='grc' dir='ltr'><strong><em>ρΟΙίιιὶηῖΕ</em></strong></span> <span class='ocrx_word' id='word_1_401' title='bbox 2319 3123 2646 3194; x_wconf 87' lang='lat' dir='ltr'><strong><em>descriptam</em></strong></span> <span class='ocrx_word' id='word_1_402' title='bbox 2713 3128 2888 3185; x_wconf 88' lang='lat' dir='ltr'><strong><em>fuisse</em></strong></span> <span class='ocrx_word' id='word_1_403' title='bbox 2952 3108 3232 3193; x_wconf 71' lang='lat' dir='ltr'><strong><em>memoriae</em></strong></span> <span class='ocrx_word' id='word_1_404' title='bbox 3291 3152 3342 3194; x_wconf 90' lang='lat' dir='ltr'><strong><em>et</em></strong></span> <span class='ocrx_word' id='word_1_405' title='bbox 3392 3153 3585 3197; x_wconf 55' lang='lat' dir='ltr'><strong><em>auctoa</em></strong></span> 
     </span>
    </p>
   </div>
   <div class='ocr_carea' id='block_1_62' title="bbox 326 3198 1903 3274">
    <p class='ocr_par' dir='ltr' id='par_1_62' title="bbox 326 3198 1903 3274">
     <span class='ocr_line' id='line_1_62' title="bbox 326 3198 1903 3274; baseline 0.004 -19"><span class='ocrx_word' id='word_1_406' title='bbox 326 3200 607 3255; x_wconf 56' lang='grc' dir='ltr'><strong><em>ἔνι-θάνοιςιί</em></strong></span> <span class='ocrx_word' id='word_1_407' title='bbox 638 3201 705 3256; x_wconf 87' lang='lat' dir='ltr'><strong><em>ad</em></strong></span> <span class='ocrx_word' id='word_1_408' title='bbox 744 3198 1077 3257; x_wconf 71' lang='lat' dir='ltr'><strong><em>Menoeceum</em></strong></span> <span class='ocrx_word' id='word_1_409' title='bbox 1111 3212 1372 3266; x_wconf 90' lang='lat' dir='ltr'><strong><em>montem,</em></strong></span> <span class='ocrx_word' id='word_1_410' title='bbox 1409 3204 1552 3258; x_wconf 88' lang='lat' dir='ltr'><strong><em>unde</em></strong></span> <span class='ocrx_word' id='word_1_411' title='bbox 1586 3206 1903 3274; x_wconf 86' lang='lat' dir='ltr'><strong><em>compulsus</em></strong></span> 
     </span>
    </p>
   </div>
   <div class='ocr_carea' id='block_1_63' title="bbox 324 3293 1897 3367">
    <p class='ocr_par' dir='ltr' id='par_1_63' title="bbox 324 3293 1897 3367">
     <span class='ocr_line' id='line_1_63' title="bbox 324 3293 1897 3367; baseline 0.004 -20"><span class='ocrx_word' id='word_1_412' title='bbox 324 3303 408 3357; x_wconf 85' lang='lat' dir='ltr'><strong><em>cst</em></strong></span> <span class='ocrx_word' id='word_1_413' title='bbox 440 3296 492 3347; x_wconf 92' lang='lat' dir='ltr'><strong><em>in</em></strong></span> <span class='ocrx_word' id='word_1_414' title='bbox 525 3293 710 3347; x_wconf 85' lang='lat' dir='ltr'><strong><em>urbem</em></strong></span> <span class='ocrx_word' id='word_1_415' title='bbox 759 3295 974 3359; x_wconf 87' lang='lat' dir='ltr'><strong><em>redire,</em></strong></span> <span class='ocrx_word' id='word_1_416' title='bbox 1010 3302 1062 3350; x_wconf 81' lang='lat' dir='ltr'><strong><em>et</em></strong></span> <span class='ocrx_word' id='word_1_417' title='bbox 1097 3306 1227 3349; x_wconf 90' lang='lat' dir='ltr'><strong><em>tunc</em></strong></span> <span class='ocrx_word' id='word_1_418' title='bbox 1274 3297 1487 3367; x_wconf 89' lang='lat' dir='ltr'><strong><em>aliquas</em></strong></span> <span class='ocrx_word' id='word_1_419' title='bbox 1524 3296 1789 3353; x_wconf 73' lang='lat' dir='ltr'><strong><em>Homilies</em></strong></span> <span class='ocrx_word' id='word_1_420' title='bbox 1832 3303 1897 3355; x_wconf 87' lang='lat' dir='ltr'><strong><em>ad</em></strong></span> 
     </span>
    </p>
   </div>
   <div class='ocr_carea' id='block_1_64' title="bbox 327 3386 1899 3459">
    <p class='ocr_par' dir='ltr' id='par_1_64' title="bbox 327 3386 1899 3459">
     <span class='ocr_line' id='line_1_64' title="bbox 327 3386 1899 3459; baseline 0.004 -23"><span class='ocrx_word' id='word_1_421' title='bbox 327 3387 586 3453; x_wconf 83' lang='lat' dir='ltr'><strong><em>populum</em></strong></span> <span class='ocrx_word' id='word_1_422' title='bbox 635 3386 843 3440; x_wconf 88' lang='lat' dir='ltr'><strong><em>habuit.</em></strong></span> <span class='ocrx_word' id='word_1_423' title='bbox 889 3386 1026 3440; x_wconf 82' lang='lat' dir='ltr'><strong><em>Hinc</em></strong></span> <span class='ocrx_word' id='word_1_424' title='bbox 1072 3388 1417 3444; x_wconf 86' lang='lat' dir='ltr'><strong><em>emendanda</em></strong></span> <span class='ocrx_word' id='word_1_425' title='bbox 1459 3403 1582 3459; x_wconf 75' lang='lat' dir='ltr'><strong><em>qua:</em></strong></span> <span class='ocrx_word' id='word_1_426' title='bbox 1612 3399 1737 3445; x_wconf 85' lang='lat' dir='ltr'><strong><em>ante</em></strong></span> <span class='ocrx_word' id='word_1_427' title='bbox 1766 3406 1899 3459; x_wconf 82' lang='lat' dir='ltr'><strong><em>pau-</em></strong></span> 
     </span>
    </p>
   </div>
   <div class='ocr_carea' id='block_1_65' title="bbox 326 3478 1899 3551">
    <p class='ocr_par' dir='ltr' id='par_1_65' title="bbox 326 3478 1899 3551">
     <span class='ocr_line' id='line_1_65' title="bbox 326 3478 1899 3551; baseline 0.003 -21"><span class='ocrx_word' id='word_1_428' title='bbox 326 3492 419 3530; x_wconf 84' lang='lat' dir='ltr'><strong><em>cos</em></strong></span> <span class='ocrx_word' id='word_1_429' title='bbox 487 3492 661 3534; x_wconf 80' lang='lat' dir='ltr'><strong><em>annos</em></strong></span> <span class='ocrx_word' id='word_1_430' title='bbox 732 3478 933 3547; x_wconf 87' lang='lat' dir='ltr'><strong><em>prodiit</em></strong></span> <span class='ocrx_word' id='word_1_431' title='bbox 996 3479 1229 3549; x_wconf 78' lang='lat' dir='ltr'><strong><em>Philippi</em></strong></span> <span class='ocrx_word' id='word_1_432' title='bbox 1284 3479 1467 3551; x_wconf 88' lang='lat' dir='ltr'><strong><em>Cyprii</em></strong></span> <span class='ocrx_word' id='word_1_433' title='bbox 1514 3480 1899 3535; x_wconf 86' lang='lat' dir='ltr'><strong><em>Patriarchalis</em></strong></span> 
     </span>
    </p>
   </div>
   <div class='ocr_carea' id='block_1_66' title="bbox 325 3567 1898 3643">
    <p class='ocr_par' dir='ltr' id='par_1_66' title="bbox 325 3567 1898 3643">
     <span class='ocr_line' id='line_1_66' title="bbox 325 3567 1898 3643; baseline 0.003 -20"><span class='ocrx_word' id='word_1_434' title='bbox 325 3567 587 3636; x_wconf 83' lang='lat' dir='ltr'><strong><em>Historia,</em></strong></span> <span class='ocrx_word' id='word_1_435' title='bbox 628 3572 721 3641; x_wconf 88' lang='lat' dir='ltr'><strong><em>qui</em></strong></span> <span class='ocrx_word' id='word_1_436' title='bbox 770 3573 955 3627; x_wconf 86' lang='lat' dir='ltr'><strong><em>statim</em></strong></span> <span class='ocrx_word' id='word_1_437' title='bbox 1005 3574 1349 3642; x_wconf 86' lang='lat' dir='ltr'><strong><em>patriarchas</em></strong></span> <span class='ocrx_word' id='word_1_438' title='bbox 1399 3574 1898 3643; x_wconf 77' lang='lat' dir='ltr'><strong><em>ConstantinOpoli-</em></strong></span> 
     </span>
    </p>
   </div>
   <div class='ocr_carea' id='block_1_67' title="bbox 326 3644 1894 3721">
    <p class='ocr_par' dir='ltr' id='par_1_67' title="bbox 326 3644 1894 3721">
     <span class='ocr_line' id='line_1_67' title="bbox 326 3644 1894 3721; baseline 0.003 -6"><span class='ocrx_word' id='word_1_439' title='bbox 326 3670 483 3717; x_wconf 88' lang='lat' dir='ltr'><strong><em>tauos</em></strong></span> <span class='ocrx_word' id='word_1_440' title='bbox 527 3664 594 3717; x_wconf 87' lang='lat' dir='ltr'><strong><em>ad</em></strong></span> <span class='ocrx_word' id='word_1_441' title='bbox 638 3644 1089 3719; x_wconf 62' lang='lat' dir='ltr'><strong><em>Pammacarista‘.</em></strong></span> <span class='ocrx_word' id='word_1_442' title='bbox 1137 3665 1421 3720; x_wconf 87' lang='lat' dir='ltr'><strong><em>habitasse</em></strong></span> <span class='ocrx_word' id='word_1_443' title='bbox 1474 3666 1668 3721; x_wconf 86' lang='lat' dir='ltr'><strong><em>scribit</em></strong></span> <span class='ocrx_word' id='word_1_444' title='bbox 1699 3676 1894 3721; x_wconf 86' lang='lat' dir='ltr'><strong><em>contra</em></strong></span> 
     </span>
    </p>
   </div>
   <div class='ocr_carea' id='block_1_68' title="bbox 325 3754 1896 3829">
    <p class='ocr_par' dir='ltr' id='par_1_68' title="bbox 325 3754 1896 3829">
     <span class='ocr_line' id='line_1_68' title="bbox 325 3754 1896 3829; baseline 0.006 -23"><span class='ocrx_word' id='word_1_445' title='bbox 325 3754 715 3809; x_wconf 80' lang='lat' dir='ltr'><strong><em>historicorum</em></strong></span> <span class='ocrx_word' id='word_1_446' title='bbox 769 3759 1016 3811; x_wconf 90' lang='lat' dir='ltr'><strong><em>omnium</em></strong></span> <span class='ocrx_word' id='word_1_447' title='bbox 1063 3756 1246 3822; x_wconf 76' lang='lat' dir='ltr'><strong><em>(idem,</em></strong></span> <span class='ocrx_word' id='word_1_448' title='bbox 1275 3768 1411 3813; x_wconf 89' lang='lat' dir='ltr'><strong><em>utet</em></strong></span> <span class='ocrx_word' id='word_1_449' title='bbox 1440 3761 1609 3813; x_wconf 88' lang='lat' dir='ltr'><strong><em>multa</em></strong></span> <span class='ocrx_word' id='word_1_450' title='bbox 1636 3760 1740 3813; x_wconf 85' lang='lat' dir='ltr'><strong><em>alia</em></strong></span> <span class='ocrx_word' id='word_1_451' title='bbox 1777 3777 1896 3829; x_wconf 72' lang='lat' dir='ltr'><strong><em>qua:</em></strong></span> 
     </span>
    </p>
   </div>
   <div class='ocr_carea' id='block_1_69' title="bbox 323 3849 1893 3924">
    <p class='ocr_par' dir='ltr' id='par_1_69' title="bbox 323 3849 1893 3924">
     <span class='ocr_line' id='line_1_69' title="bbox 323 3849 1893 3924; baseline 0.007 -26"><span class='ocrx_word' id='word_1_452' title='bbox 323 3849 470 3901; x_wconf 80' lang='lat' dir='ltr'><strong><em>hunc</em></strong></span> <span class='ocrx_word' id='word_1_453' title='bbox 501 3856 782 3903; x_wconf 85' lang='lat' dir='ltr'><strong><em>auctorem</em></strong></span> <span class='ocrx_word' id='word_1_454' title='bbox 828 3850 944 3903; x_wconf 83' lang='lat' dir='ltr'><strong><em>sive</em></strong></span> <span class='ocrx_word' id='word_1_455' title='bbox 989 3851 1172 3919; x_wconf 89' lang='lat' dir='ltr'><strong><em>potius</em></strong></span> <span class='ocrx_word' id='word_1_456' title='bbox 1199 3853 1705 3907; x_wconf 80' lang='lat' dir='ltr'><strong><em>consarcinatorem</em></strong></span> <span class='ocrx_word' id='word_1_457' title='bbox 1751 3869 1893 3924; x_wconf 81' lang='lat' dir='ltr'><strong><em>saepe</em></strong></span> 
     </span>
    </p>
   </div>
   <div class='ocr_carea' id='block_1_70' title="bbox 322 3938 1289 3996">
    <p class='ocr_par' dir='ltr' id='par_1_70' title="bbox 322 3938 1289 3996">
     <span class='ocr_line' id='line_1_70' title="bbox 322 3938 1289 3996; baseline 0.002 -5"><span class='ocrx_word' id='word_1_458' title='bbox 322 3938 710 3993; x_wconf 86' lang='lat' dir='ltr'><strong><em>hallucinatum</em></strong></span> <span class='ocrx_word' id='word_1_459' title='bbox 740 3954 860 3995; x_wconf 87' lang='lat' dir='ltr'><strong><em>esse</em></strong></span> <span class='ocrx_word' id='word_1_460' title='bbox 890 3940 1289 3996; x_wconf 87' lang='lat' dir='ltr'><strong><em>demonstrant.</em></strong></span> 
     </span>
    </p>
   </div>
   <div class='ocr_carea' id='block_1_71' title="bbox 390 4031 1889 4105">
    <p class='ocr_par' dir='ltr' id='par_1_71' title="bbox 390 4031 1889 4105">
     <span class='ocr_line' id='line_1_71' title="bbox 390 4031 1889 4105; baseline 0.004 -20"><span class='ocrx_word' id='word_1_461' title='bbox 390 4031 529 4086; x_wconf 75' lang='lat' dir='ltr'><strong><em>Cum</em></strong></span> <span class='ocrx_word' id='word_1_462' title='bbox 574 4048 638 4086; x_wconf 79' lang='lat' dir='ltr'><strong><em>ex</em></strong></span> <span class='ocrx_word' id='word_1_463' title='bbox 687 4032 812 4103; x_wconf 79' lang='lat' dir='ltr'><strong><em>fuga</em></strong></span> <span class='ocrx_word' id='word_1_464' title='bbox 859 4034 1138 4100; x_wconf 86' lang='lat' dir='ltr'><strong><em>rediissct,</em></strong></span> <span class='ocrx_word' id='word_1_465' title='bbox 1175 4034 1272 4091; x_wconf 90' lang='lat' dir='ltr'><strong><em>sed</em></strong></span> <span class='ocrx_word' id='word_1_466' title='bbox 1303 4050 1413 4105; x_wconf 87' lang='lat' dir='ltr'><strong><em>quo</em></strong></span> <span class='ocrx_word' id='word_1_467' title='bbox 1443 4052 1589 4091; x_wconf 87' lang='lat' dir='ltr'><strong><em>anno</em></strong></span> <span class='ocrx_word' id='word_1_468' title='bbox 1622 4040 1889 4105; x_wconf 88' lang='lat' dir='ltr'><strong><em>nescitur,</em></strong></span> 
     </span>
    </p>
   </div>
   <div class='ocr_carea' id='block_1_72' title="bbox 320 4121 1887 4197">
    <p class='ocr_par' dir='ltr' id='par_1_72' title="bbox 320 4121 1887 4197">
     <span class='ocr_line' id='line_1_72' title="bbox 320 4121 1887 4197; baseline 0.005 -23"><span class='ocrx_word' id='word_1_469' title='bbox 320 4121 512 4177; x_wconf 86' lang='lat' dir='ltr'><strong><em>habuit</em></strong></span> <span class='ocrx_word' id='word_1_470' title='bbox 561 4122 880 4179; x_wconf 86' lang='lat' dir='ltr'><strong><em>Gennadius</em></strong></span> <span class='ocrx_word' id='word_1_471' title='bbox 935 4125 1245 4180; x_wconf 89' lang='lat' dir='ltr'><strong><em>orationem</em></strong></span> <span class='ocrx_word' id='word_1_472' title='bbox 1294 4127 1409 4181; x_wconf 86' lang='lat' dir='ltr'><strong><em>sive</em></strong></span> <span class='ocrx_word' id='word_1_473' title='bbox 1456 4128 1887 4197; x_wconf 87' lang='lat' dir='ltr'><strong><em>disputationem</em></strong></span> 
     </span>
    </p>
   </div>
   <div class='ocr_carea' id='block_1_73' title="bbox 319 4216 1894 4287">
    <p class='ocr_par' dir='ltr' id='par_1_73' title="bbox 319 4216 1894 4287">
     <span class='ocr_line' id='line_1_73' title="bbox 319 4216 1894 4287; baseline 0.003 -18"><span class='ocrx_word' id='word_1_474' title='bbox 319 4216 467 4269; x_wconf 86' lang='lat' dir='ltr'><strong><em>illam</em></strong></span> <span class='ocrx_word' id='word_1_475' title='bbox 494 4217 794 4279; x_wconf 88' lang='lat' dir='ltr'><strong><em>celebrem,</em></strong></span> <span class='ocrx_word' id='word_1_476' title='bbox 842 4231 963 4287; x_wconf 65' lang='lat' dir='ltr'><strong><em>qua:</em></strong></span> <span class='ocrx_word' id='word_1_477' title='bbox 1000 4216 1206 4283; x_wconf 61' lang='lat' dir='ltr'><strong><em>Graece,</em></strong></span> <span class='ocrx_word' id='word_1_478' title='bbox 1236 4218 1451 4282; x_wconf 88' lang='lat' dir='ltr'><strong><em>Latine,</em></strong></span> <span class='ocrx_word' id='word_1_479' title='bbox 1483 4218 1594 4273; x_wconf 89' lang='lat' dir='ltr'><strong><em>imo</em></strong></span> <span class='ocrx_word' id='word_1_480' title='bbox 1626 4229 1677 4274; x_wconf 90' lang='lat' dir='ltr'><strong><em>et</em></strong></span> <span class='ocrx_word' id='word_1_481' title='bbox 1704 4217 1894 4275; x_wconf 73' lang='lat' dir='ltr'><strong><em>Turci-</em></strong></span> 
     </span>
    </p>
   </div>
   <div class='ocr_carea' id='block_1_74' title="bbox 319 4308 1890 4379">
    <p class='ocr_par' dir='ltr' id='par_1_74' title="bbox 319 4308 1890 4379">
     <span class='ocr_line' id='line_1_74' title="bbox 319 4308 1890 4379; baseline 0 -16"><span class='ocrx_word' id='word_1_482' title='bbox 319 4325 402 4371; x_wconf 87' lang='lat' dir='ltr'><strong><em>ce,</em></strong></span> <span class='ocrx_word' id='word_1_483' title='bbox 438 4310 532 4363; x_wconf 88' lang='lat' dir='ltr'><strong><em>sed</em></strong></span> <span class='ocrx_word' id='word_1_484' title='bbox 552 4308 755 4364; x_wconf 63' lang='lat' dir='ltr'><strong><em>Graecis</em></strong></span> <span class='ocrx_word' id='word_1_485' title='bbox 778 4310 972 4365; x_wconf 85' lang='lat' dir='ltr'><strong><em>litteris</em></strong></span> <span class='ocrx_word' id='word_1_486' title='bbox 995 4311 1139 4364; x_wconf 87' lang='lat' dir='ltr'><strong><em>edita</em></strong></span> <span class='ocrx_word' id='word_1_487' title='bbox 1165 4312 1409 4379; x_wconf 77' lang='lat' dir='ltr'><strong><em>e5l,n:ep‘t</em></strong></span> <span class='ocrx_word' id='word_1_488' title='bbox 1437 4310 1536 4379; x_wconf 81' lang='grc' dir='ltr'><strong><em>τῆς</em></strong></span> <span class='ocrx_word' id='word_1_489' title='bbox 1571 4312 1745 4379; x_wconf 79' lang='grc' dir='ltr'><strong><em>μόνης</em></strong></span> <span class='ocrx_word' id='word_1_490' title='bbox 1769 4311 1890 4363; x_wconf 78' lang='grc' dir='ltr'><strong><em>ὁδοῦ</em></strong></span> 
     </span>
    </p>
   </div>
   <div class='ocr_carea' id='block_1_75' title="bbox 319 4401 1893 4472">
    <p class='ocr_par' dir='ltr' id='par_1_75' title="bbox 319 4401 1893 4472">
     <span class='ocr_line' id='line_1_75' title="bbox 319 4401 1893 4472; baseline 0.002 -19"><span class='ocrx_word' id='word_1_491' title='bbox 319 4407 455 4469; x_wconf 76' lang='grc' dir='ltr'><strong><em>πρὸς</em></strong></span> <span class='ocrx_word' id='word_1_492' title='bbox 480 4401 581 4470; x_wconf 81' lang='grc' dir='ltr'><strong><em>τὴν</em></strong></span> <span class='ocrx_word' id='word_1_493' title='bbox 613 4401 890 4472; x_wconf 74' lang='grc' dir='ltr'><strong><em>σωτηρίαν</em></strong></span> <span class='ocrx_word' id='word_1_494' title='bbox 944 4403 1271 4471; x_wconf 74' lang='grc' dir='ltr'><strong><em>ἀνθρώπων.</em></strong></span> <span class='ocrx_word' id='word_1_495' title='bbox 1304 4402 1665 4456; x_wconf 84' lang='lat' dir='ltr'><strong><em>Occasionem</em></strong></span> <span class='ocrx_word' id='word_1_496' title='bbox 1698 4412 1893 4456; x_wconf 85' lang='lat' dir='ltr'><strong><em>narrat</em></strong></span> 
     </span>
    </p>
   </div>
   <div class='ocr_carea' id='block_1_76' title="bbox 2010 3211 3583 3304">
    <p class='ocr_par' dir='ltr' id='par_1_76' title="bbox 2010 3211 3583 3304">
     <span class='ocr_line' id='line_1_76' title="bbox 2010 3211 3583 3304; baseline 0.017 -40"><span class='ocrx_word' id='word_1_497' title='bbox 2010 3211 2187 3269; x_wconf 87' lang='lat' dir='ltr'><strong><em>ritatis</em></strong></span> <span class='ocrx_word' id='word_1_498' title='bbox 2240 3230 2405 3271; x_wconf 86' lang='lat' dir='ltr'><strong><em>causa</em></strong></span> <span class='ocrx_word' id='word_1_499' title='bbox 2456 3217 2616 3276; x_wconf 83' lang='lat' dir='ltr'><strong><em>docet</em></strong></span> <span class='ocrx_word' id='word_1_500' title='bbox 2678 3220 2925 3279; x_wconf 84' lang='lat' dir='ltr'><strong><em>Historia</em></strong></span> <span class='ocrx_word' id='word_1_501' title='bbox 2981 3229 3379 3298; x_wconf 83' lang='lat' dir='ltr'><strong><em>ecclesiastica,</em></strong></span> <span class='ocrx_word' id='word_1_502' title='bbox 3436 3238 3583 3304; x_wconf 84' lang='lat' dir='ltr'><strong><em>apud</em></strong></span> 
     </span>
    </p>
   </div>
   <div class='ocr_carea' id='block_1_77' title="bbox 2007 3303 2391 3376">
    <p class='ocr_par' dir='ltr' id='par_1_77' title="bbox 2007 3303 2391 3376">
     <span class='ocr_line' id='line_1_77' title="bbox 2007 3303 2391 3376; baseline 0.013 -18"><span class='ocrx_word' id='word_1_503' title='bbox 2007 3303 2260 3358; x_wconf 88' lang='lat' dir='ltr'><strong><em>Crusium</em></strong></span> <span class='ocrx_word' id='word_1_504' title='bbox 2292 3309 2391 3376; x_wconf 73' lang='grc' dir='ltr'><strong><em>(ὅ).</em></strong></span> 
     </span>
    </p>
   </div>
   <div class='ocr_carea' id='block_1_78' title="bbox 2078 3397 3581 3476">
    <p class='ocr_par' dir='ltr' id='par_1_78' title="bbox 2078 3397 3581 3476">
     <span class='ocr_line' id='line_1_78' title="bbox 2078 3397 3581 3476; baseline 0.017 -26"><span class='ocrx_word' id='word_1_505' title='bbox 2078 3397 2195 3452; x_wconf 74' lang='lat' dir='ltr'><strong><em>Mox</em></strong></span> <span class='ocrx_word' id='word_1_506' title='bbox 2253 3403 2454 3471; x_wconf 85' lang='lat' dir='ltr'><strong><em>recepit</em></strong></span> <span class='ocrx_word' id='word_1_507' title='bbox 2510 3420 2569 3459; x_wconf 87' lang='lat' dir='ltr'><strong><em>se</em></strong></span> <span class='ocrx_word' id='word_1_508' title='bbox 2616 3407 2925 3466; x_wconf 86' lang='lat' dir='ltr'><strong><em>Gennadius</em></strong></span> <span class='ocrx_word' id='word_1_509' title='bbox 2973 3412 3026 3467; x_wconf 92' lang='lat' dir='ltr'><strong><em>in</em></strong></span> <span class='ocrx_word' id='word_1_510' title='bbox 3076 3420 3467 3475; x_wconf 76' lang='lat' dir='ltr'><strong><em>monasterium</em></strong></span> <span class='ocrx_word' id='word_1_511' title='bbox 3520 3420 3581 3476; x_wconf 90' lang='lat' dir='ltr'><strong><em>S.</em></strong></span> 
     </span>
    </p>
   </div>
   <div class='ocr_carea' id='block_1_79' title="bbox 2003 3488 3584 3580">
    <p class='ocr_par' dir='ltr' id='par_1_79' title="bbox 2003 3488 3584 3580">
     <span class='ocr_line' id='line_1_79' title="bbox 2003 3488 3584 3580; baseline 0.018 -38"><span class='ocrx_word' id='word_1_512' title='bbox 2003 3488 2231 3547; x_wconf 78' lang='lat' dir='ltr'><strong><em>Joannis</em></strong></span> <span class='ocrx_word' id='word_1_513' title='bbox 2277 3490 2535 3562; x_wconf 71' lang='lat' dir='ltr'><strong><em>Baptista:</em></strong></span> <span class='ocrx_word' id='word_1_514' title='bbox 2582 3498 2638 3552; x_wconf 89' lang='lat' dir='ltr'><strong><em>in</em></strong></span> <span class='ocrx_word' id='word_1_515' title='bbox 2680 3511 2863 3557; x_wconf 87' lang='lat' dir='ltr'><strong><em>monte</em></strong></span> <span class='ocrx_word' id='word_1_516' title='bbox 2906 3503 3188 3563; x_wconf 69' lang='lat' dir='ltr'><strong><em>Mentoreo</em></strong></span> <span class='ocrx_word' id='word_1_517' title='bbox 3246 3527 3412 3580; x_wconf 89' lang='lat' dir='ltr'><strong><em>prope</em></strong></span> <span class='ocrx_word' id='word_1_518' title='bbox 3451 3513 3584 3568; x_wconf 87' lang='lat' dir='ltr'><strong><em>Ser-</em></strong></span> 
     </span>
    </p>
   </div>
   <div class='ocr_carea' id='block_1_80' title="bbox 2006 3584 3578 3672">
    <p class='ocr_par' dir='ltr' id='par_1_80' title="bbox 2006 3584 3578 3672">
     <span class='ocr_line' id='line_1_80' title="bbox 2006 3584 3578 3672; baseline 0.017 -38"><span class='ocrx_word' id='word_1_519' title='bbox 2006 3596 2093 3635; x_wconf 86' lang='lat' dir='ltr'><strong><em>ras</em></strong></span> <span class='ocrx_word' id='word_1_520' title='bbox 2130 3584 2209 3635; x_wconf 67' lang='lat' dir='ltr'><strong><em>vc-l</em></strong></span> <span class='ocrx_word' id='word_1_521' title='bbox 2242 3584 2498 3651; x_wconf 76' lang='lat' dir='ltr'><strong><em>I’herras,</em></strong></span> <span class='ocrx_word' id='word_1_522' title='bbox 2546 3598 2605 3643; x_wconf 89' lang='lat' dir='ltr'><strong><em>ut</em></strong></span> <span class='ocrx_word' id='word_1_523' title='bbox 2652 3592 2914 3648; x_wconf 88' lang='lat' dir='ltr'><strong><em>scribitur</em></strong></span> <span class='ocrx_word' id='word_1_524' title='bbox 2954 3598 3006 3650; x_wconf 90' lang='lat' dir='ltr'><strong><em>in</em></strong></span> <span class='ocrx_word' id='word_1_525' title='bbox 3051 3602 3172 3655; x_wconf 87' lang='lat' dir='ltr'><strong><em>cod.</em></strong></span> <span class='ocrx_word' id='word_1_526' title='bbox 3217 3599 3405 3672; x_wconf 79' lang='lat' dir='ltr'><strong><em>Regio,</em></strong></span> <span class='ocrx_word' id='word_1_527' title='bbox 3454 3622 3578 3661; x_wconf 84' lang='lat' dir='ltr'><strong><em>cum</em></strong></span> 
     </span>
    </p>
   </div>
   <div class='ocr_carea' id='block_1_81' title="bbox 2007 3675 3583 3756">
    <p class='ocr_par' dir='ltr' id='par_1_81' title="bbox 2007 3675 3583 3756">
     <span class='ocr_line' id='line_1_81' title="bbox 2007 3675 3583 3756; baseline 0.018 -33"><span class='ocrx_word' id='word_1_528' title='bbox 2007 3685 2178 3729; x_wconf 90' lang='lat' dir='ltr'><strong><em>annos</em></strong></span> <span class='ocrx_word' id='word_1_529' title='bbox 2210 3675 2449 3747; x_wconf 86' lang='lat' dir='ltr'><strong><em>quinque</em></strong></span> <span class='ocrx_word' id='word_1_530' title='bbox 2474 3688 2528 3739; x_wconf 91' lang='lat' dir='ltr'><strong><em>et</em></strong></span> <span class='ocrx_word' id='word_1_531' title='bbox 2560 3698 2772 3738; x_wconf 88' lang='lat' dir='ltr'><strong><em>menses</em></strong></span> <span class='ocrx_word' id='word_1_532' title='bbox 2803 3686 3011 3756; x_wconf 86' lang='lat' dir='ltr'><strong><em>aliquot</em></strong></span> <span class='ocrx_word' id='word_1_533' title='bbox 3034 3687 3292 3747; x_wconf 72' lang='lat' dir='ltr'><strong><em>Ecclesia:</em></strong></span> <span class='ocrx_word' id='word_1_534' title='bbox 3314 3693 3583 3751; x_wconf 87' lang='lat' dir='ltr'><strong><em>Constan-</em></strong></span> 
     </span>
    </p>
   </div>
   <div class='ocr_carea' id='block_1_82' title="bbox 2005 3765 3582 3852">
    <p class='ocr_par' dir='ltr' id='par_1_82' title="bbox 2005 3765 3582 3852">
     <span class='ocr_line' id='line_1_82' title="bbox 2005 3765 3582 3852; baseline 0.019 -37"><span class='ocrx_word' id='word_1_535' title='bbox 2005 3765 2377 3835; x_wconf 78' lang='lat' dir='ltr'><strong><em>tinopolitanae</em></strong></span> <span class='ocrx_word' id='word_1_536' title='bbox 2408 3771 2734 3841; x_wconf 76' lang='lat' dir='ltr'><strong><em>praefuisset,</em></strong></span> <span class='ocrx_word' id='word_1_537' title='bbox 2767 3791 2929 3848; x_wconf 87' lang='lat' dir='ltr'><strong><em>atque</em></strong></span> <span class='ocrx_word' id='word_1_538' title='bbox 2960 3781 3031 3835; x_wconf 87' lang='lat' dir='ltr'><strong><em>ita</em></strong></span> <span class='ocrx_word' id='word_1_539' title='bbox 3061 3783 3182 3852; x_wconf 80' lang='lat' dir='ltr'><strong><em>ejus</em></strong></span> <span class='ocrx_word' id='word_1_540' title='bbox 3210 3785 3483 3843; x_wconf 84' lang='lat' dir='ltr'><strong><em>abdicatio</em></strong></span> <span class='ocrx_word' id='word_1_541' title='bbox 3514 3793 3582 3845; x_wconf 88' lang='lat' dir='ltr'><strong><em>ad</em></strong></span> 
     </span>
    </p>
   </div>
   <div class='ocr_carea' id='block_1_83' title="bbox 2003 3858 3581 3933">
    <p class='ocr_par' dir='ltr' id='par_1_83' title="bbox 2003 3858 3581 3933">
     <span class='ocr_line' id='line_1_83' title="bbox 2003 3858 3581 3933; baseline 0.018 -27"><span class='ocrx_word' id='word_1_542' title='bbox 2003 3868 2204 3910; x_wconf 88' lang='lat' dir='ltr'><strong><em>annum</em></strong></span> <span class='ocrx_word' id='word_1_543' title='bbox 2248 3858 2383 3915; x_wconf 74' lang='lat' dir='ltr'><strong><em>H59</em></strong></span> <span class='ocrx_word' id='word_1_544' title='bbox 2446 3862 2701 3920; x_wconf 78' lang='lat' dir='ltr'><strong><em>refertur.</em></strong></span> <span class='ocrx_word' id='word_1_545' title='bbox 2738 3864 2964 3923; x_wconf 85' lang='lat' dir='ltr'><strong><em>Videtur</em></strong></span> <span class='ocrx_word' id='word_1_546' title='bbox 3007 3879 3184 3929; x_wconf 77' lang='lat' dir='ltr'><strong><em>tamen</em></strong></span> <span class='ocrx_word' id='word_1_547' title='bbox 3253 3875 3411 3930; x_wconf 87' lang='lat' dir='ltr'><strong><em>aliter</em></strong></span> <span class='ocrx_word' id='word_1_548' title='bbox 3464 3889 3581 3933; x_wconf 81' lang='lat' dir='ltr'><strong><em>sta-</em></strong></span> 
     </span>
    </p>
   </div>
   <div class='ocr_carea' id='block_1_84' title="bbox 2006 3948 3583 4032">
    <p class='ocr_par' dir='ltr' id='par_1_84' title="bbox 2006 3948 3583 4032">
     <span class='ocr_line' id='line_1_84' title="bbox 2006 3948 3583 4032; baseline 0.017 -33"><span class='ocrx_word' id='word_1_549' title='bbox 2006 3948 2305 4016; x_wconf 80' lang='lat' dir='ltr'><strong><em>tuendum;</em></strong></span> <span class='ocrx_word' id='word_1_550' title='bbox 2347 3968 2471 4007; x_wconf 82' lang='lat' dir='ltr'><strong><em>nam</em></strong></span> <span class='ocrx_word' id='word_1_551' title='bbox 2501 3956 2693 4013; x_wconf 79' lang='lat' dir='ltr'><strong><em>titulus</em></strong></span> <span class='ocrx_word' id='word_1_552' title='bbox 2726 3957 3004 4016; x_wconf 88' lang='lat' dir='ltr'><strong><em>Orationis</em></strong></span> <span class='ocrx_word' id='word_1_553' title='bbox 3024 3979 3186 4032; x_wconf 88' lang='lat' dir='ltr'><strong><em>quam</em></strong></span> <span class='ocrx_word' id='word_1_554' title='bbox 3217 3966 3405 4022; x_wconf 89' lang='lat' dir='ltr'><strong><em>habuit</em></strong></span> <span class='ocrx_word' id='word_1_555' title='bbox 3436 3970 3583 4025; x_wconf 68' lang='lat' dir='ltr'><strong><em>Gon-</em></strong></span> 
     </span>
    </p>
   </div>
   <div class='ocr_carea' id='block_1_85' title="bbox 2003 4040 3579 4120">
    <p class='ocr_par' dir='ltr' id='par_1_85' title="bbox 2003 4040 3579 4120">
     <span class='ocr_line' id='line_1_85' title="bbox 2003 4040 3579 4120; baseline 0.015 -29"><span class='ocrx_word' id='word_1_556' title='bbox 2003 4040 2200 4095; x_wconf 89' lang='lat' dir='ltr'><strong><em>nadius</em></strong></span> <span class='ocrx_word' id='word_1_557' title='bbox 2235 4041 2288 4096; x_wconf 91' lang='lat' dir='ltr'><strong><em>iu</em></strong></span> <span class='ocrx_word' id='word_1_558' title='bbox 2333 4042 2521 4099; x_wconf 83' lang='lat' dir='ltr'><strong><em>funere</em></strong></span> <span class='ocrx_word' id='word_1_559' title='bbox 2556 4046 2826 4104; x_wconf 86' lang='lat' dir='ltr'><strong><em>Theodori</em></strong></span> <span class='ocrx_word' id='word_1_560' title='bbox 2862 4048 3146 4120; x_wconf 79' lang='lat' dir='ltr'><strong><em>Sopliiani,</em></strong></span> <span class='ocrx_word' id='word_1_561' title='bbox 3188 4056 3272 4110; x_wconf 89' lang='lat' dir='ltr'><strong><em>sui</em></strong></span> <span class='ocrx_word' id='word_1_562' title='bbox 3304 4071 3373 4112; x_wconf 81' lang='lat' dir='ltr'><strong><em>ex</em></strong></span> <span class='ocrx_word' id='word_1_563' title='bbox 3410 4058 3579 4116; x_wconf 81' lang='lat' dir='ltr'><strong><em>fratre</em></strong></span> 
     </span>
    </p>
   </div>
   <div class='ocr_carea' id='block_1_86' title="bbox 2003 4132 3577 4218">
    <p class='ocr_par' dir='ltr' id='par_1_86' title="bbox 2003 4132 3577 4218">
     <span class='ocr_line' id='line_1_86' title="bbox 2003 4132 3577 4218; baseline 0.015 -35"><span class='ocrx_word' id='word_1_564' title='bbox 2003 4132 2236 4201; x_wconf 88' lang='lat' dir='ltr'><strong><em>nepotis,</em></strong></span> <span class='ocrx_word' id='word_1_565' title='bbox 2276 4134 2434 4188; x_wconf 87' lang='lat' dir='ltr'><strong><em>docet</em></strong></span> <span class='ocrx_word' id='word_1_566' title='bbox 2466 4140 2875 4203; x_wconf 87' lang='lat' dir='ltr'><strong><em>pronuntiatam</em></strong></span> <span class='ocrx_word' id='word_1_567' title='bbox 2925 4142 3095 4200; x_wconf 82' lang='lat' dir='ltr'><strong><em>fuisse</em></strong></span> <span class='ocrx_word' id='word_1_568' title='bbox 3126 4146 3196 4202; x_wconf 77' lang='lat'><strong><em>‘28</em></strong></span> <span class='ocrx_word' id='word_1_569' title='bbox 3234 4146 3577 4218; x_wconf 88' lang='lat' dir='ltr'><strong><em>Septembris</em></strong></span> 
     </span>
    </p>
   </div>
   <div class='ocr_carea' id='block_1_87' title="bbox 2002 4222 3575 4299">
    <p class='ocr_par' dir='ltr' id='par_1_87' title="bbox 2002 4222 3575 4299">
     <span class='ocr_line' id='line_1_87' title="bbox 2002 4222 3575 4299; baseline 0.015 -25"><span class='ocrx_word' id='word_1_570' title='bbox 2002 4235 2148 4275; x_wconf 82' lang='lat' dir='ltr'><strong><em>anno</em></strong></span> <span class='ocrx_word' id='word_1_571' title='bbox 2187 4222 2346 4288; x_wconf 81' lang='lat'><strong>6965.</strong></span> <span class='ocrx_word' id='word_1_572' title='bbox 2380 4227 2682 4282; x_wconf 86' lang='lat' dir='ltr'><strong><em>secundum</em></strong></span> <span class='ocrx_word' id='word_1_573' title='bbox 2719 4230 2959 4299; x_wconf 67' lang='lat' dir='ltr'><strong><em>Gt‘aBCttS,</em></strong></span> <span class='ocrx_word' id='word_1_574' title='bbox 2989 4233 3093 4291; x_wconf 92' lang='lat' dir='ltr'><strong><em>hoc</em></strong></span> <span class='ocrx_word' id='word_1_575' title='bbox 3123 4245 3208 4294; x_wconf 85' lang='lat' dir='ltr'><strong><em>est</em></strong></span> <span class='ocrx_word' id='word_1_576' title='bbox 3242 4254 3388 4299; x_wconf 89' lang='lat' dir='ltr'><strong><em>anno</em></strong></span> <span class='ocrx_word' id='word_1_577' title='bbox 3411 4243 3575 4298; x_wconf 88' lang='lat' dir='ltr'><strong><em>Chri-</em></strong></span> 
     </span>
    </p>
   </div>
   <div class='ocr_carea' id='block_1_88' title="bbox 2001 4312 3575 4401">
    <p class='ocr_par' dir='ltr' id='par_1_88' title="bbox 2001 4312 3575 4401">
     <span class='ocr_line' id='line_1_88' title="bbox 2001 4312 3575 4401; baseline 0.016 -35"><span class='ocrx_word' id='word_1_578' title='bbox 2001 4312 2071 4367; x_wconf 86' lang='lat' dir='ltr'><strong><em>sti</em></strong></span> <span class='ocrx_word' id='word_1_579' title='bbox 2111 4313 2247 4367; x_wconf 73' lang='lat' dir='ltr'><strong><em>H57</em></strong></span> <span class='ocrx_word' id='word_1_580' title='bbox 2288 4330 2319 4371; x_wconf 89' lang='lat' dir='ltr'><strong><em>a</em></strong></span> <span class='ocrx_word' id='word_1_581' title='bbox 2358 4315 2641 4376; x_wconf 89' lang='lat' dir='ltr'><strong><em>Genuadio</em></strong></span> <span class='ocrx_word' id='word_1_582' title='bbox 2691 4324 2977 4383; x_wconf 87' lang='lat' dir='ltr'><strong><em>monacho.</em></strong></span> <span class='ocrx_word' id='word_1_583' title='bbox 3024 4326 3093 4382; x_wconf 83' lang='lat' dir='ltr'><strong><em>At</em></strong></span> <span class='ocrx_word' id='word_1_584' title='bbox 3138 4330 3297 4401; x_wconf 82' lang='lat' dir='ltr'><strong><em>vulgo</em></strong></span> <span class='ocrx_word' id='word_1_585' title='bbox 3341 4349 3451 4389; x_wconf 90' lang='lat' dir='ltr'><strong><em>non</em></strong></span> <span class='ocrx_word' id='word_1_586' title='bbox 3501 4337 3575 4392; x_wconf 82' lang='lat' dir='ltr'><strong><em>ita</em></strong></span> 
     </span>
    </p>
   </div>
   <div class='ocr_carea' id='block_1_89' title="bbox 2000 4405 3576 4495">
    <p class='ocr_par' dir='ltr' id='par_1_89' title="bbox 2000 4405 3576 4495">
     <span class='ocr_line' id='line_1_89' title="bbox 2000 4405 3576 4495; baseline 0.017 -39"><span class='ocrx_word' id='word_1_587' title='bbox 2000 4405 2304 4473; x_wconf 84' lang='lat' dir='ltr'><strong><em>appellatur</em></strong></span> <span class='ocrx_word' id='word_1_588' title='bbox 2356 4410 2411 4465; x_wconf 92' lang='lat' dir='ltr'><strong><em>in</em></strong></span> <span class='ocrx_word' id='word_1_589' title='bbox 2460 4409 2631 4467; x_wconf 88' lang='lat' dir='ltr'><strong><em>titulis</em></strong></span> <span class='ocrx_word' id='word_1_590' title='bbox 2681 4428 2870 4470; x_wconf 87' lang='lat' dir='ltr'><strong><em>eorum</em></strong></span> <span class='ocrx_word' id='word_1_591' title='bbox 2916 4422 3304 4487; x_wconf 89' lang='lat' dir='ltr'><strong><em>opusculorum</em></strong></span> <span class='ocrx_word' id='word_1_592' title='bbox 3350 4442 3471 4495; x_wconf 74' lang='lat' dir='ltr'><strong><em>qum</em></strong></span> <span class='ocrx_word' id='word_1_593' title='bbox 3521 4430 3576 4483; x_wconf 90' lang='lat' dir='ltr'><strong><em>in</em></strong></span> 
     </span>
    </p>
   </div>
   <div class='ocr_carea' id='block_1_90' title="bbox 320 4488 3578 4580">
    <p class='ocr_par' dir='ltr' id='par_1_90' title="bbox 320 4488 3578 4580">
     <span class='ocr_line' id='line_1_90' title="bbox 320 4488 3578 4580; baseline 0.009 -35"><span class='ocrx_word' id='word_1_594' title='bbox 320 4491 560 4547; x_wconf 81' lang='lat' dir='ltr'><strong><em>Historia</em></strong></span> <span class='ocrx_word' id='word_1_595' title='bbox 605 4492 1071 4547; x_wconf 70' lang='lat' dir='ltr'><strong><em>Gnaeo-Barbara</em></strong></span> <span class='ocrx_word' id='word_1_596' title='bbox 1102 4493 1212 4563; x_wconf 74' lang='grc' dir='ltr'><strong><em>(Ξ).</em></strong></span> <span class='ocrx_word' id='word_1_597' title='bbox 1244 4491 1320 4545; x_wconf 82' lang='lat' dir='ltr'><strong><em>Eo</em></strong></span> <span class='ocrx_word' id='word_1_598' title='bbox 1377 4501 1629 4561; x_wconf 85' lang='lat' dir='ltr'><strong><em>tempore,</em></strong></span> <span class='ocrx_word' id='word_1_599' title='bbox 1682 4494 1879 4565; x_wconf 86' lang='lat' dir='ltr'><strong><em>inquit,</em></strong></span> <span class='ocrx_word' id='word_1_600' title='bbox 1916 4488 1960 4545; x_wconf 87' lang='lat' dir='ltr'><strong>D</strong></span> <span class='ocrx_word' id='word_1_601' title='bbox 1990 4499 2362 4567; x_wconf 86' lang='lat' dir='ltr'><strong><em>patriarchatu</em></strong></span> <span class='ocrx_word' id='word_1_602' title='bbox 2415 4505 2651 4575; x_wconf 90' lang='lat' dir='ltr'><strong><em>scripsit.</em></strong></span> <span class='ocrx_word' id='word_1_603' title='bbox 2703 4505 2834 4575; x_wconf 75' lang='lat' dir='ltr'><strong><em>Qua:</em></strong></span> <span class='ocrx_word' id='word_1_604' title='bbox 2856 4510 3168 4580; x_wconf 86' lang='lat' dir='ltr'><strong><em>conjectura</em></strong></span> <span class='ocrx_word' id='word_1_605' title='bbox 3218 4488 3578 4573; x_wconf 65' lang='lat' dir='ltr'><strong><em>contiinmtur</em></strong></span> 
     </span>
    </p>
   </div>
   <div class='ocr_carea' id='block_1_91' title="bbox 318 4581 1887 4652">
    <p class='ocr_par' dir='ltr' id='par_1_91' title="bbox 318 4581 1887 4652">
     <span class='ocr_line' id='line_1_91' title="bbox 318 4581 1887 4652; baseline 0.003 -18"><span class='ocrx_word' id='word_1_606' title='bbox 318 4582 455 4636; x_wconf 85' lang='lat' dir='ltr'><strong><em>idem</em></strong></span> <span class='ocrx_word' id='word_1_607' title='bbox 484 4581 729 4635; x_wconf 76' lang='lat' dir='ltr'><strong><em>sultanus</em></strong></span> <span class='ocrx_word' id='word_1_608' title='bbox 757 4584 969 4644; x_wconf 82' lang='lat' dir='ltr'><strong><em>ipsemet</em></strong></span> <span class='ocrx_word' id='word_1_609' title='bbox 1011 4584 1229 4636; x_wconf 79' lang='lat' dir='ltr'><strong><em>intrarit</em></strong></span> <span class='ocrx_word' id='word_1_610' title='bbox 1263 4584 1703 4652; x_wconf 80' lang='lat' dir='ltr'><strong><em>patriareheium,</em></strong></span> <span class='ocrx_word' id='word_1_611' title='bbox 1734 4602 1887 4639; x_wconf 84' lang='lat' dir='ltr'><strong><em>eunt-</em></strong></span> 
     </span>
    </p>
   </div>
   <div class='ocr_carea' id='block_1_92' title="bbox 318 4669 1883 4739">
    <p class='ocr_par' dir='ltr' id='par_1_92' title="bbox 318 4669 1883 4739">
     <span class='ocr_line' id='line_1_92' title="bbox 318 4669 1883 4739; baseline 0.006 -18"><span class='ocrx_word' id='word_1_612' title='bbox 318 4686 417 4739; x_wconf 87' lang='lat' dir='ltr'><strong><em>que</em></strong></span> <span class='ocrx_word' id='word_1_613' title='bbox 448 4671 501 4721; x_wconf 87' lang='lat' dir='ltr'><strong><em>in</em></strong></span> <span class='ocrx_word' id='word_1_614' title='bbox 528 4669 716 4737; x_wconf 68' lang='lat' dir='ltr'><strong><em>templo</em></strong></span> <span class='ocrx_word' id='word_1_615' title='bbox 756 4669 1193 4727; x_wconf 73' lang='lat' dir='ltr'><strong><em>Pammacaristae</em></strong></span> <span class='ocrx_word' id='word_1_616' title='bbox 1256 4677 1508 4738; x_wconf 81' lang='lat' dir='ltr'><strong><em>venisset,</em></strong></span> <span class='ocrx_word' id='word_1_617' title='bbox 1540 4677 1596 4727; x_wconf 83' lang='lat' dir='ltr'><strong><em>in</em></strong></span> <span class='ocrx_word' id='word_1_618' title='bbox 1629 4676 1883 4731; x_wconf 80' lang='lat' dir='ltr'><strong><em>sacellum</em></strong></span> 
     </span>
    </p>
   </div>
   <div class='ocr_carea' id='block_1_93' title="bbox 318 4761 1891 4826">
    <p class='ocr_par' dir='ltr' id='par_1_93' title="bbox 318 4761 1891 4826">
     <span class='ocr_line' id='line_1_93' title="bbox 318 4761 1891 4826; baseline 0.004 -12"><span class='ocrx_word' id='word_1_619' title='bbox 318 4764 584 4826; x_wconf 86' lang='lat' dir='ltr'><strong><em>ingressus</em></strong></span> <span class='ocrx_word' id='word_1_620' title='bbox 621 4770 722 4824; x_wconf 88' lang='lat' dir='ltr'><strong><em>est,</em></strong></span> <span class='ocrx_word' id='word_1_621' title='bbox 753 4761 840 4814; x_wconf 85' lang='lat' dir='ltr'><strong><em>ubi</em></strong></span> <span class='ocrx_word' id='word_1_622' title='bbox 874 4764 1029 4818; x_wconf 78' lang='lat' dir='ltr'><strong><em>Itatlie</em></strong></span> <span class='ocrx_word' id='word_1_623' title='bbox 1069 4767 1366 4817; x_wconf 85' lang='lat' dir='ltr'><strong><em>armarium</em></strong></span> <span class='ocrx_word' id='word_1_624' title='bbox 1405 4782 1575 4819; x_wconf 83' lang='lat' dir='ltr'><strong><em>rerum</em></strong></span> <span class='ocrx_word' id='word_1_625' title='bbox 1611 4783 1891 4822; x_wconf 83' lang='lat' dir='ltr'><strong><em>sacrarum</em></strong></span> 
     </span>
    </p>
   </div>
   <div class='ocr_carea' id='block_1_94' title="bbox 315 4855 1891 4923">
    <p class='ocr_par' dir='ltr' id='par_1_94' title="bbox 315 4855 1891 4923">
     <span class='ocr_line' id='line_1_94' title="bbox 315 4855 1891 4923; baseline 0.006 -16"><span class='ocrx_word' id='word_1_626' title='bbox 315 4864 417 4919; x_wconf 82' lang='lat' dir='ltr'><strong><em>est,</em></strong></span> <span class='ocrx_word' id='word_1_627' title='bbox 444 4863 494 4907; x_wconf 89' lang='lat' dir='ltr'><strong><em>et</em></strong></span> <span class='ocrx_word' id='word_1_628' title='bbox 548 4871 665 4906; x_wconf 80' lang='lat' dir='ltr'><strong><em>cum</em></strong></span> <span class='ocrx_word' id='word_1_629' title='bbox 692 4857 996 4923; x_wconf 83' lang='lat' dir='ltr'><strong><em>patriarcha</em></strong></span> <span class='ocrx_word' id='word_1_630' title='bbox 1038 4855 1313 4911; x_wconf 83' lang='lat' dir='ltr'><strong><em>Gennadio</em></strong></span> <span class='ocrx_word' id='word_1_631' title='bbox 1360 4859 1581 4913; x_wconf 89' lang='lat' dir='ltr'><strong><em>libenter</em></strong></span> <span class='ocrx_word' id='word_1_632' title='bbox 1624 4877 1891 4916; x_wconf 82' lang='lat' dir='ltr'><strong><em>sermones</em></strong></span> 
     </span>
    </p>
   </div>
   <div class='ocr_carea' id='block_1_95' title="bbox 318 4946 1888 5025">
    <p class='ocr_par' dir='ltr' id='par_1_95' title="bbox 318 4946 1888 5025">
     <span class='ocr_line' id='line_1_95' title="bbox 318 4946 1888 5025; baseline 0.006 -26"><span class='ocrx_word' id='word_1_633' title='bbox 318 4948 575 5001; x_wconf 87' lang='lat' dir='ltr'><strong><em>contulit.</em></strong></span> <span class='ocrx_word' id='word_1_634' title='bbox 619 4946 763 5001; x_wconf 87' lang='lat' dir='ltr'><strong><em>Tunc</em></strong></span> <span class='ocrx_word' id='word_1_635' title='bbox 806 4953 947 5003; x_wconf 88' lang='lat' dir='ltr'><strong><em>omni</em></strong></span> <span class='ocrx_word' id='word_1_636' title='bbox 981 4962 1118 5004; x_wconf 85' lang='lat' dir='ltr'><strong><em>metu</em></strong></span> <span class='ocrx_word' id='word_1_637' title='bbox 1154 4954 1347 5020; x_wconf 87' lang='lat' dir='ltr'><strong><em>posito,</em></strong></span> <span class='ocrx_word' id='word_1_638' title='bbox 1377 4956 1674 5008; x_wconf 86' lang='lat' dir='ltr'><strong><em>universam</em></strong></span> <span class='ocrx_word' id='word_1_639' title='bbox 1706 4957 1754 5009; x_wconf 88' lang='lat' dir='ltr'><strong><em>ei</em></strong></span> <span class='ocrx_word' id='word_1_640' title='bbox 1787 4973 1888 5025; x_wconf 84' lang='lat' dir='ltr'><strong><em>pa-</em></strong></span> 
     </span>
    </p>
   </div>
   <div class='ocr_carea' id='block_1_96' title="bbox 317 5042 1889 5119">
    <p class='ocr_par' dir='ltr' id='par_1_96' title="bbox 317 5042 1889 5119">
     <span class='ocr_line' id='line_1_96' title="bbox 317 5042 1889 5119; baseline 0.006 -28"><span class='ocrx_word' id='word_1_641' title='bbox 317 5042 555 5092; x_wconf 79' lang='lat' dir='ltr'><strong><em>triarcha</em></strong></span> <span class='ocrx_word' id='word_1_642' title='bbox 583 5043 850 5094; x_wconf 77' lang='lat' dir='ltr'><strong><em>veritatem</em></strong></span> <span class='ocrx_word' id='word_1_643' title='bbox 880 5043 1005 5112; x_wconf 80' lang='lat' dir='ltr'><strong><em>ﬁdei</em></strong></span> <span class='ocrx_word' id='word_1_644' title='bbox 1037 5042 1355 5098; x_wconf 74' lang='lat' dir='ltr'><strong><em>Christiana:</em></strong></span> <span class='ocrx_word' id='word_1_645' title='bbox 1386 5047 1614 5115; x_wconf 86' lang='lat' dir='ltr'><strong><em>aperuit,</em></strong></span> <span class='ocrx_word' id='word_1_646' title='bbox 1645 5050 1889 5119; x_wconf 83' lang='lat' dir='ltr'><strong><em>scripsit-</em></strong></span> 
     </span>
    </p>
   </div>
   <div class='ocr_carea' id='block_1_97' title="bbox 313 5139 1886 5210">
    <p class='ocr_par' dir='ltr' id='par_1_97' title="bbox 313 5139 1886 5210">
     <span class='ocr_line' id='line_1_97' title="bbox 313 5139 1886 5210; baseline 0.009 -26"><span class='ocrx_word' id='word_1_647' title='bbox 313 5150 410 5202; x_wconf 79' lang='lat' dir='ltr'><strong><em>que</em></strong></span> <span class='ocrx_word' id='word_1_648' title='bbox 451 5150 545 5200; x_wconf 85' lang='lat' dir='ltr'><strong><em>pro</em></strong></span> <span class='ocrx_word' id='word_1_649' title='bbox 597 5152 815 5188; x_wconf 85' lang='lat' dir='ltr'><strong><em>numero</em></strong></span> <span class='ocrx_word' id='word_1_650' title='bbox 863 5139 1211 5205; x_wconf 78' lang='lat' dir='ltr'><strong><em>qtttestionunt</em></strong></span> <span class='ocrx_word' id='word_1_651' title='bbox 1242 5143 1356 5207; x_wconf 83' lang='lat' dir='ltr'><strong><em>ejus</em></strong></span> <span class='ocrx_word' id='word_1_652' title='bbox 1394 5142 1571 5206; x_wconf 77' lang='lat' dir='ltr'><strong><em>capita</em></strong></span> <span class='ocrx_word' id='word_1_653' title='bbox 1606 5143 1886 5210; x_wconf 85' lang='lat' dir='ltr'><strong><em>viginti....</em></strong></span> 
     </span>
    </p>
   </div>
   <div class='ocr_carea' id='block_1_98' title="bbox 313 5230 1882 5301">
    <p class='ocr_par' dir='ltr' id='par_1_98' title="bbox 313 5230 1882 5301">
     <span class='ocr_line' id='line_1_98' title="bbox 313 5230 1882 5301; baseline 0.006 -21"><span class='ocrx_word' id='word_1_654' title='bbox 313 5245 434 5298; x_wconf 81' lang='lat' dir='ltr'><strong><em>qute</em></strong></span> <span class='ocrx_word' id='word_1_655' title='bbox 467 5238 516 5281; x_wconf 91' lang='lat' dir='ltr'><strong><em>et</em></strong></span> <span class='ocrx_word' id='word_1_656' title='bbox 575 5231 716 5283; x_wconf 87' lang='lat' dir='ltr'><strong><em>dedit</em></strong></span> <span class='ocrx_word' id='word_1_657' title='bbox 742 5230 975 5285; x_wconf 83' lang='lat' dir='ltr'><strong><em>sultauo.</em></strong></span> <span class='ocrx_word' id='word_1_658' title='bbox 1015 5230 1397 5301; x_wconf 87' lang='lat' dir='ltr'><strong><em>Subjiciuntur</em></strong></span> <span class='ocrx_word' id='word_1_659' title='bbox 1428 5244 1605 5289; x_wconf 81' lang='lat' dir='ltr'><strong><em>autent</em></strong></span> <span class='ocrx_word' id='word_1_660' title='bbox 1640 5236 1751 5291; x_wconf 78' lang='lat' dir='ltr'><strong><em>lucc</em></strong></span> <span class='ocrx_word' id='word_1_661' title='bbox 1789 5252 1882 5290; x_wconf 89' lang='lat' dir='ltr'><strong><em>ca-</em></strong></span> 
     </span>
    </p>
   </div>
   <div class='ocr_carea' id='block_1_99' title="bbox 316 5324 1884 5397">
    <p class='ocr_par' dir='ltr' id='par_1_99' title="bbox 316 5324 1884 5397">
     <span class='ocr_line' id='line_1_99' title="bbox 316 5324 1884 5397; baseline 0.011 -28"><span class='ocrx_word' id='word_1_662' title='bbox 316 5325 489 5391; x_wconf 80' lang='lat' dir='ltr'><strong><em>pitula</em></strong></span> <span class='ocrx_word' id='word_1_663' title='bbox 539 5324 660 5376; x_wconf 86' lang='lat' dir='ltr'><strong><em>loco</em></strong></span> <span class='ocrx_word' id='word_1_664' title='bbox 699 5325 888 5388; x_wconf 79' lang='lat' dir='ltr'><strong><em>citato,</em></strong></span> <span class='ocrx_word' id='word_1_665' title='bbox 929 5340 1053 5379; x_wconf 89' lang='lat' dir='ltr'><strong><em>cum</em></strong></span> <span class='ocrx_word' id='word_1_666' title='bbox 1118 5324 1354 5379; x_wconf 81' lang='lat' dir='ltr'><strong><em>Turcica</em></strong></span> <span class='ocrx_word' id='word_1_667' title='bbox 1419 5328 1884 5397; x_wconf 68' lang='lat' dir='ltr'><strong><em>iiitcrpri-tatiooe</em></strong></span> 
     </span>
    </p>
   </div>
   <div class='ocr_carea' id='block_1_100' title="bbox 308 5416 1881 5488">
    <p class='ocr_par' dir='ltr' id='par_1_100' title="bbox 308 5416 1881 5488">
     <span class='ocr_line' id='line_1_100' title="bbox 308 5416 1881 5488; baseline 0.006 -22"><span class='ocrx_word' id='word_1_668' title='bbox 308 5416 594 5469; x_wconf 79' lang='lat' dir='ltr'><strong><em>Acamatis</em></strong></span> <span class='ocrx_word' id='word_1_669' title='bbox 623 5417 737 5468; x_wconf 82' lang='lat' dir='ltr'><strong><em>sive</em></strong></span> <span class='ocrx_word' id='word_1_670' title='bbox 772 5417 1051 5470; x_wconf 75' lang='lat' dir='ltr'><strong><em>Achmetis</em></strong></span> <span class='ocrx_word' id='word_1_671' title='bbox 1100 5416 1376 5471; x_wconf 69' lang='lat' dir='ltr'><strong><em>Berrlioue</em></strong></span> <span class='ocrx_word' id='word_1_672' title='bbox 1417 5422 1680 5488; x_wconf 70' lang='lat' dir='ltr'><strong><em>prielccti.</em></strong></span> <span class='ocrx_word' id='word_1_673' title='bbox 1726 5423 1793 5475; x_wconf 85' lang='lat' dir='ltr'><strong><em>At</em></strong></span> <span class='ocrx_word' id='word_1_674' title='bbox 1830 5424 1881 5476; x_wconf 90' lang='lat' dir='ltr'><strong><em>in</em></strong></span> 
     </span>
    </p>
   </div>
   <div class='ocr_carea' id='block_1_101' title="bbox 310 5507 1878 5584">
    <p class='ocr_par' dir='ltr' id='par_1_101' title="bbox 310 5507 1878 5584">
     <span class='ocr_line' id='line_1_101' title="bbox 310 5507 1878 5584; baseline 0.008 -25"><span class='ocrx_word' id='word_1_675' title='bbox 310 5520 501 5560; x_wconf 83' lang='lat' dir='ltr'><strong><em>nostro</em></strong></span> <span class='ocrx_word' id='word_1_676' title='bbox 539 5507 725 5563; x_wconf 84' lang='lat' dir='ltr'><strong><em>codice</em></strong></span> <span class='ocrx_word' id='word_1_677' title='bbox 766 5524 877 5561; x_wconf 86' lang='lat' dir='ltr'><strong><em>non</em></strong></span> <span class='ocrx_word' id='word_1_678' title='bbox 929 5525 1025 5579; x_wconf 87' lang='lat' dir='ltr'><strong><em>per</em></strong></span> <span class='ocrx_word' id='word_1_679' title='bbox 1069 5512 1297 5580; x_wconf 75' lang='lat' dir='ltr'><strong><em>qu1esita</em></strong></span> <span class='ocrx_word' id='word_1_680' title='bbox 1345 5522 1399 5566; x_wconf 86' lang='lat' dir='ltr'><strong><em>et</em></strong></span> <span class='ocrx_word' id='word_1_681' title='bbox 1460 5529 1726 5584; x_wconf 84' lang='lat' dir='ltr'><strong><em>respousa</em></strong></span> <span class='ocrx_word' id='word_1_682' title='bbox 1764 5519 1878 5571; x_wconf 78' lang='lat' dir='ltr'><strong><em>haec</em></strong></span> 
     </span>
    </p>
   </div>
   <div class='ocr_carea' id='block_1_102' title="bbox 378 5706 924 5779">
    <p class='ocr_par' dir='ltr' id='par_1_102' title="bbox 378 5706 924 5779">
     <span class='ocr_line' id='line_1_102' title="bbox 378 5706 924 5779; baseline 0.011 -20"><span class='ocrx_word' id='word_1_683' title='bbox 378 5709 453 5779; x_wconf 74' lang='lat' dir='ltr'><strong><em>(l)</em></strong></span> <span class='ocrx_word' id='word_1_684' title='bbox 487 5708 751 5779; x_wconf 73' lang='lat' dir='ltr'><strong><em>’l&#39;urcogr.</em></strong></span> <span class='ocrx_word' id='word_1_685' title='bbox 791 5706 826 5765; x_wconf 69' lang='lat' dir='ltr'><strong><em>l.</em></strong></span> <span class='ocrx_word' id='word_1_686' title='bbox 864 5729 924 5765; x_wconf 79' lang='grc' dir='ltr'><strong><em>ιι.</em></strong></span> 
     </span>
    </p>
   </div>
   <div class='ocr_carea' id='block_1_103' title="bbox 379 5777 956 5851">
    <p class='ocr_par' dir='ltr' id='par_1_103' title="bbox 379 5777 956 5851">
     <span class='ocr_line' id='line_1_103' title="bbox 379 5777 956 5851; baseline 0.009 -21"><span class='ocrx_word' id='word_1_687' title='bbox 379 5777 455 5846; x_wconf 62' lang='lat'><strong><em>(&#39;2!</em></strong></span> <span class='ocrx_word' id='word_1_688' title='bbox 487 5778 619 5832; x_wconf 75' lang='grc' dir='ltr'>Ηηιί.</span> <span class='ocrx_word' id='word_1_689' title='bbox 840 5784 956 5837; x_wconf 82' lang='grc'><strong><em>109.</em></strong></span> 
     </span>
    </p>
   </div>
   <div class='ocr_carea' id='block_1_104' title="bbox 864 5876 1189 5936">
    <p class='ocr_par' dir='ltr' id='par_1_104' title="bbox 864 5876 1189 5936">
     <span class='ocr_line' id='line_1_104' title="bbox 864 5876 1189 5936; baseline 0 -1"><span class='ocrx_word' id='word_1_690' title='bbox 864 5889 873 5921; x_wconf 72' lang='grc' dir='ltr'>ί</span> <span class='ocrx_word' id='word_1_691' title='bbox 916 5898 974 5936; x_wconf 70' lang='grc' dir='ltr'><strong><em>ιι.</em></strong></span> <span class='ocrx_word' id='word_1_692' title='bbox 1014 5876 1189 5936; x_wconf 66' lang='grc' dir='ltr'><strong><em>(ἰῖἱ.</em></strong></span> 
     </span>
    </p>
   </div>
   <div class='ocr_carea' id='block_1_105' title="bbox 961 5713 1170 5781">
    <p class='ocr_par' dir='ltr' id='par_1_105' title="bbox 961 5713 1170 5781">
     <span class='ocr_line' id='line_1_105' title="bbox 961 5713 1170 5781; baseline 0.024 -18"><span class='ocrx_word' id='word_1_693' title='bbox 961 5729 1009 5781; x_wconf 92' lang='lat' dir='ltr'><strong><em>p.</em></strong></span> <span class='ocrx_word' id='word_1_694' title='bbox 1052 5713 1170 5767; x_wconf 78' lang='lat'>108.</span> 
     </span>
    </p>
   </div>
   <div class='ocr_carea' id='block_1_106' title="bbox 561 5881 825 5935">
    <p class='ocr_par' dir='ltr' id='par_1_106' title="bbox 561 5881 825 5935">
     <span class='ocr_line' id='line_1_106' title="bbox 561 5881 825 5935; baseline 0.015 -4"><span class='ocrx_word' id='word_1_695' title='bbox 561 5881 574 5931; x_wconf 90' lang='lat' dir='ltr'><strong><em>l</em></strong></span> <span class='ocrx_word' id='word_1_696' title='bbox 605 5894 825 5935; x_wconf 70' lang='grc' dir='ltr'><strong><em>Ατιιω..</em></strong></span> 
     </span>
    </p>
   </div>
   <div class='ocr_carea' id='block_1_107' title="bbox 2000 4589 3574 4666">
    <p class='ocr_par' dir='ltr' id='par_1_107' title="bbox 2000 4589 3574 4666">
     <span class='ocr_line' id='line_1_107' title="bbox 2000 4589 3574 4666; baseline 0.015 -25"><span class='ocrx_word' id='word_1_697' title='bbox 2000 4589 2170 4645; x_wconf 89' lang='lat' dir='ltr'><strong><em>altera</em></strong></span> <span class='ocrx_word' id='word_1_698' title='bbox 2208 4593 2344 4648; x_wconf 79' lang='lat' dir='ltr'><strong><em>satis</em></strong></span> <span class='ocrx_word' id='word_1_699' title='bbox 2376 4593 2680 4652; x_wconf 83' lang='lat' dir='ltr'><strong><em>verisimili.</em></strong></span> <span class='ocrx_word' id='word_1_700' title='bbox 2716 4597 2850 4654; x_wconf 86' lang='lat' dir='ltr'><strong><em>Nam</em></strong></span> <span class='ocrx_word' id='word_1_701' title='bbox 2889 4601 2944 4657; x_wconf 89' lang='lat' dir='ltr'><strong><em>in</em></strong></span> <span class='ocrx_word' id='word_1_702' title='bbox 2974 4608 3313 4662; x_wconf 88' lang='lat' dir='ltr'><strong><em>monasterio</em></strong></span> <span class='ocrx_word' id='word_1_703' title='bbox 3344 4607 3574 4666; x_wconf 76' lang='lat' dir='ltr'><strong><em>Joannis</em></strong></span> 
     </span>
    </p>
   </div>
   <div class='ocr_carea' id='block_1_108' title="bbox 2000 4683 3573 4772">
    <p class='ocr_par' dir='ltr' id='par_1_108' title="bbox 2000 4683 3573 4772">
     <span class='ocr_line' id='line_1_108' title="bbox 2000 4683 3573 4772; baseline 0.015 -35"><span class='ocrx_word' id='word_1_704' title='bbox 2000 4683 2116 4738; x_wconf 86' lang='lat' dir='ltr'><strong><em>sive</em></strong></span> <span class='ocrx_word' id='word_1_705' title='bbox 2146 4683 2451 4752; x_wconf 83' lang='lat' dir='ltr'><strong><em>Prodromi.</em></strong></span> <span class='ocrx_word' id='word_1_706' title='bbox 2490 4690 2659 4746; x_wconf 89' lang='lat' dir='ltr'><strong><em>multa</em></strong></span> <span class='ocrx_word' id='word_1_707' title='bbox 2684 4691 3002 4750; x_wconf 83' lang='lat' dir='ltr'><strong><em>Gennadius</em></strong></span> <span class='ocrx_word' id='word_1_708' title='bbox 3027 4696 3303 4756; x_wconf 86' lang='lat' dir='ltr'><strong><em>elaborate</em></strong></span> <span class='ocrx_word' id='word_1_709' title='bbox 3329 4702 3573 4772; x_wconf 83' lang='lat' dir='ltr'><strong><em>scripsit.</em></strong></span> 
     </span>
    </p>
   </div>
   <div class='ocr_carea' id='block_1_109' title="bbox 2000 4777 3574 4847">
    <p class='ocr_par' dir='ltr' id='par_1_109' title="bbox 2000 4777 3574 4847">
     <span class='ocr_line' id='line_1_109' title="bbox 2000 4777 3574 4847; baseline 0.013 -20"><span class='ocrx_word' id='word_1_710' title='bbox 2000 4790 2122 4844; x_wconf 67' lang='lat' dir='ltr'><strong><em>qua:</em></strong></span> <span class='ocrx_word' id='word_1_711' title='bbox 2151 4777 2197 4831; x_wconf 90' lang='lat' dir='ltr'><strong><em>si</em></strong></span> <span class='ocrx_word' id='word_1_712' title='bbox 2228 4779 2526 4835; x_wconf 87' lang='lat' dir='ltr'><strong><em>secundum</em></strong></span> <span class='ocrx_word' id='word_1_713' title='bbox 2556 4782 2809 4838; x_wconf 86' lang='lat' dir='ltr'><strong><em>Panviuii</em></strong></span> <span class='ocrx_word' id='word_1_714' title='bbox 2842 4795 2892 4839; x_wconf 91' lang='lat' dir='ltr'><strong><em>et</em></strong></span> <span class='ocrx_word' id='word_1_715' title='bbox 2916 4778 3249 4844; x_wconf 80' lang='lat' dir='ltr'><strong><em>Gcnébrardi</em></strong></span> <span class='ocrx_word' id='word_1_716' title='bbox 3274 4792 3574 4847; x_wconf 77' lang='lat' dir='ltr'><strong><em>chronolo~</em></strong></span> 
     </span>
    </p>
   </div>
   <div class='ocr_carea' id='block_1_110' title="bbox 2002 4867 3571 4942">
    <p class='ocr_par' dir='ltr' id='par_1_110' title="bbox 2002 4867 3571 4942">
     <span class='ocr_line' id='line_1_110' title="bbox 2002 4867 3571 4942; baseline 0.015 -23"><span class='ocrx_word' id='word_1_717' title='bbox 2002 4867 2167 4936; x_wconf 84' lang='lat' dir='ltr'><strong><em>giam,</em></strong></span> <span class='ocrx_word' id='word_1_718' title='bbox 2209 4868 2344 4923; x_wconf 88' lang='lat' dir='ltr'><strong><em>obiit</em></strong></span> <span class='ocrx_word' id='word_1_719' title='bbox 2382 4885 2527 4927; x_wconf 85' lang='lat' dir='ltr'><strong><em>anno</em></strong></span> <span class='ocrx_word' id='word_1_720' title='bbox 2568 4872 2726 4939; x_wconf 68' lang='lat'><strong><em>1460,</em></strong></span> <span class='ocrx_word' id='word_1_721' title='bbox 2773 4875 2935 4931; x_wconf 90' lang='lat' dir='ltr'><strong><em>unius</em></strong></span> <span class='ocrx_word' id='word_1_722' title='bbox 2977 4878 3105 4933; x_wconf 89' lang='lat' dir='ltr'><strong><em>anni</em></strong></span> <span class='ocrx_word' id='word_1_723' title='bbox 3149 4880 3439 4938; x_wconf 83' lang='lat' dir='ltr'><strong><em>intervallo</em></strong></span> <span class='ocrx_word' id='word_1_724' title='bbox 3484 4887 3571 4942; x_wconf 80' lang='lat' dir='ltr'><strong><em>vix</em></strong></span> 
     </span>
    </p>
   </div>
   <div class='ocr_carea' id='block_1_111' title="bbox 1998 4962 3573 5031">
    <p class='ocr_par' dir='ltr' id='par_1_111' title="bbox 1998 4962 3573 5031">
     <span class='ocr_line' id='line_1_111' title="bbox 1998 4962 3573 5031; baseline 0.014 -21"><span class='ocrx_word' id='word_1_725' title='bbox 1998 4968 2213 5027; x_wconf 72' lang='lat' dir='ltr'><strong><em>poterat</em></strong></span> <span class='ocrx_word' id='word_1_726' title='bbox 2242 4962 2549 5019; x_wconf 85' lang='lat' dir='ltr'><strong><em>absolvere.</em></strong></span> <span class='ocrx_word' id='word_1_727' title='bbox 2591 4962 2748 5019; x_wconf 90' lang='lat' dir='ltr'><strong><em>Tales</em></strong></span> <span class='ocrx_word' id='word_1_728' title='bbox 2798 4978 2927 5023; x_wconf 91' lang='lat' dir='ltr'><strong><em>sunt</em></strong></span> <span class='ocrx_word' id='word_1_729' title='bbox 2991 4978 3256 5029; x_wconf 84' lang='lat' dir='ltr'><strong><em>tractatus</em></strong></span> <span class='ocrx_word' id='word_1_730' title='bbox 3327 4975 3401 5030; x_wconf 87' lang='lat' dir='ltr'><strong><em>De</em></strong></span> <span class='ocrx_word' id='word_1_731' title='bbox 3460 4977 3573 5031; x_wconf 77' lang='lat' dir='ltr'><strong><em>Ex-</em></strong></span> 
     </span>
    </p>
   </div>
   <div class='ocr_carea' id='block_1_112' title="bbox 1991 5052 3573 5135">
    <p class='ocr_par' dir='ltr' id='par_1_112' title="bbox 1991 5052 3573 5135">
     <span class='ocr_line' id='line_1_112' title="bbox 1991 5052 3573 5135; baseline 0.014 -31"><span class='ocrx_word' id='word_1_732' title='bbox 1991 5052 2230 5105; x_wconf 83' lang='lat' dir='ltr'><strong><em>sistentia</em></strong></span> <span class='ocrx_word' id='word_1_733' title='bbox 2252 5062 2299 5104; x_wconf 90' lang='lat' dir='ltr'><strong><em>et</em></strong></span> <span class='ocrx_word' id='word_1_734' title='bbox 2322 5061 2513 5109; x_wconf 87' lang='lat' dir='ltr'><strong><em>natura</em></strong></span> <span class='ocrx_word' id='word_1_735' title='bbox 2537 5058 2860 5125; x_wconf 76' lang='lat' dir='ltr'><strong><em>animamur,</em></strong></span> <span class='ocrx_word' id='word_1_736' title='bbox 2887 5061 2950 5116; x_wconf 88' lang='lat' dir='ltr'><strong><em>de</em></strong></span> <span class='ocrx_word' id='word_1_737' title='bbox 2973 5059 3309 5135; x_wconf 86' lang='lat' dir='ltr'><strong><em>Purgatorio,</em></strong></span> <span class='ocrx_word' id='word_1_738' title='bbox 3330 5070 3394 5124; x_wconf 83' lang='lat' dir='ltr'><strong><em>de</em></strong></span> <span class='ocrx_word' id='word_1_739' title='bbox 3423 5070 3573 5125; x_wconf 56' lang='lat' dir='ltr'><strong><em>Prw.</em></strong></span> 
     </span>
    </p>
   </div>
   <div class='ocr_carea' id='block_1_113' title="bbox 1992 5140 3564 5225">
    <p class='ocr_par' dir='ltr' id='par_1_113' title="bbox 1992 5140 3564 5225">
     <span class='ocr_line' id='line_1_113' title="bbox 1992 5140 3564 5225; baseline 0.015 -34"><span class='ocrx_word' id='word_1_740' title='bbox 1992 5140 2364 5207; x_wconf 83' lang='lat' dir='ltr'><strong><em>destinatione,</em></strong></span> <span class='ocrx_word' id='word_1_741' title='bbox 2395 5145 2459 5198; x_wconf 87' lang='lat' dir='ltr'><strong><em>ad</em></strong></span> <span class='ocrx_word' id='word_1_742' title='bbox 2492 5144 2790 5217; x_wconf 83' lang='lat' dir='ltr'><strong><em>Joscpbum</em></strong></span> <span class='ocrx_word' id='word_1_743' title='bbox 2822 5150 3367 5214; x_wconf 69' lang='lat' dir='ltr'><strong><em>Thesisalonicenscm</em></strong></span> <span class='ocrx_word' id='word_1_744' title='bbox 3404 5177 3418 5225; x_wconf 90' lang='lat'><strong>;</strong></span> <span class='ocrx_word' id='word_1_745' title='bbox 3453 5170 3564 5216; x_wconf 81' lang='lat' dir='ltr'><strong><em>tres</em></strong></span> 
     </span>
    </p>
   </div>
   <div class='ocr_carea' id='block_1_114' title="bbox 1991 5237 3573 5319">
    <p class='ocr_par' dir='ltr' id='par_1_114' title="bbox 1991 5237 3573 5319">
     <span class='ocr_line' id='line_1_114' title="bbox 1991 5237 3573 5319; baseline 0.011 -31"><span class='ocrx_word' id='word_1_746' title='bbox 1991 5237 2080 5288; x_wconf 89' lang='lat' dir='ltr'><strong><em>alii</em></strong></span> <span class='ocrx_word' id='word_1_747' title='bbox 2106 5237 2170 5290; x_wconf 85' lang='lat' dir='ltr'><strong><em>de</em></strong></span> <span class='ocrx_word' id='word_1_748' title='bbox 2191 5237 2675 5295; x_wconf 72' lang='lat' dir='ltr'><strong><em>Prmdcstinatione</em></strong></span> <span class='ocrx_word' id='word_1_749' title='bbox 2697 5243 3009 5314; x_wconf 80' lang='lat' dir='ltr'><strong><em>Sermones,</em></strong></span> <span class='ocrx_word' id='word_1_750' title='bbox 3035 5248 3288 5319; x_wconf 81' lang='lat' dir='ltr'><strong><em>Epistula:</em></strong></span> <span class='ocrx_word' id='word_1_751' title='bbox 3311 5252 3376 5304; x_wconf 88' lang='lat' dir='ltr'><strong><em>ad</em></strong></span> <span class='ocrx_word' id='word_1_752' title='bbox 3399 5252 3573 5306; x_wconf 38' lang='lat' dir='ltr'><strong><em>Theos</em></strong></span> 
     </span>
    </p>
   </div>
   <div class='ocr_carea' id='block_1_115' title="bbox 1992 5329 3575 5411">
    <p class='ocr_par' dir='ltr' id='par_1_115' title="bbox 1992 5329 3575 5411">
     <span class='ocr_line' id='line_1_115' title="bbox 1992 5329 3575 5411; baseline 0.006 -30"><span class='ocrx_word' id='word_1_753' title='bbox 1992 5329 2187 5383; x_wconf 87' lang='lat' dir='ltr'><strong><em>dorum</em></strong></span> <span class='ocrx_word' id='word_1_754' title='bbox 2234 5330 2506 5387; x_wconf 83' lang='lat' dir='ltr'><strong><em>Brennum</em></strong></span> <span class='ocrx_word' id='word_1_755' title='bbox 2549 5336 2664 5391; x_wconf 80' lang='lat' dir='ltr'><strong><em>sive</em></strong></span> <span class='ocrx_word' id='word_1_756' title='bbox 2695 5336 3036 5406; x_wconf 84' lang='lat' dir='ltr'><strong><em>Briennium,</em></strong></span> <span class='ocrx_word' id='word_1_757' title='bbox 3088 5350 3141 5395; x_wconf 76' lang='lat' dir='ltr'><strong><em>et</em></strong></span> <span class='ocrx_word' id='word_1_758' title='bbox 3178 5343 3279 5395; x_wconf 84' lang='lat' dir='ltr'><strong><em>alia</em></strong></span> <span class='ocrx_word' id='word_1_759' title='bbox 3324 5359 3422 5396; x_wconf 89' lang='lat' dir='ltr'><strong><em>nec</em></strong></span> <span class='ocrx_word' id='word_1_760' title='bbox 3443 5359 3575 5411; x_wconf 65' lang='lat' dir='ltr'><strong><em>pan.</em></strong></span> 
     </span>
    </p>
   </div>
   <div class='ocr_carea' id='block_1_116' title="bbox 1994 5428 3577 5503">
    <p class='ocr_par' dir='ltr' id='par_1_116' title="bbox 1994 5428 3577 5503">
     <span class='ocr_line' id='line_1_116' title="bbox 1994 5428 3577 5503; baseline 0.007 -29"><span class='ocrx_word' id='word_1_761' title='bbox 1994 5438 2055 5475; x_wconf 83' lang='lat' dir='ltr'><strong><em>ca</em></strong></span> <span class='ocrx_word' id='word_1_762' title='bbox 2091 5438 2190 5477; x_wconf 80' lang='lat' dir='ltr'><strong><em>nec</em></strong></span> <span class='ocrx_word' id='word_1_763' title='bbox 2213 5432 2660 5493; x_wconf 71' lang='lat' dir='ltr'><strong><em>extemporanea.</em></strong></span> <span class='ocrx_word' id='word_1_764' title='bbox 2682 5428 2840 5485; x_wconf 85' lang='lat' dir='ltr'><strong><em>Unde</em></strong></span> <span class='ocrx_word' id='word_1_765' title='bbox 2859 5446 2981 5485; x_wconf 84' lang='lat' dir='ltr'><strong><em>cunt</em></strong></span> <span class='ocrx_word' id='word_1_766' title='bbox 3004 5447 3164 5487; x_wconf 87' lang='lat' dir='ltr'><strong><em>nemo</em></strong></span> <span class='ocrx_word' id='word_1_767' title='bbox 3189 5434 3293 5486; x_wconf 86' lang='lat' dir='ltr'><strong><em>huc</em></strong></span> <span class='ocrx_word' id='word_1_768' title='bbox 3315 5448 3481 5503; x_wconf 83' lang='lat' dir='ltr'><strong><em>usque</em></strong></span> <span class='ocrx_word' id='word_1_769' title='bbox 3500 5450 3577 5489; x_wconf 70' lang='lat' dir='ltr'><strong><em>ex,</em></strong></span> 
     </span>
    </p>
   </div>
   <div class='ocr_carea' id='block_1_117' title="bbox 1991 5515 3579 5582">
    <p class='ocr_par' dir='ltr' id='par_1_117' title="bbox 1991 5515 3579 5582">
     <span class='ocr_line' id='line_1_117' title="bbox 1991 5515 3579 5582; baseline 0.006 -12"><span class='ocrx_word' id='word_1_770' title='bbox 1991 5515 2159 5570; x_wconf 72' lang='lat' dir='ltr'><strong><em>certis</em></strong></span> <span class='ocrx_word' id='word_1_771' title='bbox 2180 5516 2381 5573; x_wconf 62' lang='lat' dir='ltr'><strong><em>tinacia</em></strong></span> <span class='ocrx_word' id='word_1_772' title='bbox 2402 5517 2656 5581; x_wconf 64' lang='lat' dir='ltr'><strong><em>Historiae</em></strong></span> <span class='ocrx_word' id='word_1_773' title='bbox 2678 5525 3048 5581; x_wconf 83' lang='lat' dir='ltr'><strong><em>monumentis</em></strong></span> <span class='ocrx_word' id='word_1_774' title='bbox 3070 5540 3274 5580; x_wconf 89' lang='lat' dir='ltr'><strong><em>annum</em></strong></span> <span class='ocrx_word' id='word_1_775' title='bbox 3297 5524 3579 5582; x_wconf 84' lang='lat' dir='ltr'><strong><em>Gennadii.</em></strong></span> 
     </span>
    </p>
   </div>
   <div class='ocr_carea' id='block_1_118' title="bbox 2064 5722 2616 5795">
    <p class='ocr_par' dir='ltr' id='par_1_118' title="bbox 2064 5722 2616 5795">
     <span class='ocr_line' id='line_1_118' title="bbox 2064 5722 2616 5795; baseline 0.018 -24"><span class='ocrx_word' id='word_1_776' title='bbox 2064 5722 2137 5789; x_wconf 62' lang='grc' dir='ltr'><strong><em>(δ)</em></strong></span> <span class='ocrx_word' id='word_1_777' title='bbox 2175 5722 2303 5777; x_wconf 59' lang='lat' dir='ltr'><strong><em>uin.</em></strong></span> <span class='ocrx_word' id='word_1_778' title='bbox 2340 5740 2459 5795; x_wconf 80' lang='lat' dir='ltr'><strong><em>pag.</em></strong></span> <span class='ocrx_word' id='word_1_779' title='bbox 2499 5726 2616 5782; x_wconf 69' lang='lat'><strong><em>190.</em></strong></span> 
     </span>
    </p>
   </div>
   <div class='ocr_carea' id='block_1_119' title="bbox 3985 4176 3988 4716">
    <p class='ocr_par' dir='ltr' id='par_1_119' title="bbox 3985 4176 3987 4381">
     <span class='ocr_line' id='line_1_119' title="bbox 3985 4176 3987 4197; baseline 0 0"><span class='ocrx_word' id='word_1_780' title='bbox 3985 4176 3987 4197; x_wconf 73' lang='lat' dir='ltr'><strong><em>l</em></strong></span> 
     </span>
     <span class='ocr_line' id='line_1_120' title="bbox 3986 4226 3987 4243; baseline 0 0"><span class='ocrx_word' id='word_1_781' title='bbox 3986 4226 3987 4243; x_wconf 74' lang='lat' dir='ltr'><strong><em>l</em></strong></span> 
     </span>
     <span class='ocr_line' id='line_1_121' title="bbox 3986 4364 3987 4381; baseline 0 0"><span class='ocrx_word' id='word_1_782' title='bbox 3986 4364 3987 4381; x_wconf 74' lang='lat' dir='ltr'><strong><em>l</em></strong></span> 
     </span>
    </p>
   </div>
  </div>
