3998 6464
471 313 596 378 €67
1555 316 1938 378 GENNADII
1984 315 2094 380 CP.
2139 318 2662 382 PATRIARCHIE
3661 322 3787 384 5:68

484 527 510 580 l
527 528 627 582 ιθο
653 528 817 582 vitam
849 527 1178 597 produxisse
1202 535 1430 592 statuat,
1461 542 1569 583 non
1593 527 1831 582 inaniter
1855 527 2067 580 videbi-

485 632 575 675 tur
627 620 945 690 conjectari.
1005 618 1140 674 Nam
1190 619 1252 675 in
1309 619 1478 692 Regio
1529 620 1652 676 cod.
1713 618 1946 674 liomilia
2002 618 2070 672 de

469 713 716 767 transitu
760 713 822 766 Β.
856 711 1043 768 Maria
1077 711 1308 782 virginis
1365 713 1573 783 scripta
1605 711 2071 781 Constantinopo-

482 806 518 858 ti
553 805 754 860 dicitur
777 805 830 858 in
863 804 1198 860 monasterio
1251 805 1716 869 Pammacarista,
1752 817 1875 857 cum
1907 802 2072 858 tertio

484 901 535 949 in
574 899 763 949 urbem
800 897 982 952 redire
1017 905 1247 952 coactus
1288 896 1486 952 fuisset
1517 912 1664 952 anno
1686 897 1790 964 οϐ’,
1827 897 1929 952 hoc
1959 903 2070 960 cst,

483 999 544 1043 nt
587 1005 748 1045 nemo
785 1005 892 1043 non
945 990 1221 1061 intelligit,
1267 990 1428 1055 6972,
1475 992 1780 1046 secundum
1824 989 2072 1046 Graecam

482 1081 920 1150 chronologiam.
970 1081 1060 1150 qui
1108 1097 1284 1136 annus
1340 1083 1639 1152 respondet
1681 1096 1827 1136 anno
1872 1080 2074 1136 Christi

485 1171 647 1233 ηθι,
735 1171 890 1235 cujus
957 1181 1140 1228 certus
1196 1174 1480 1229 character
1539 1181 1625 1230 est
1680 1173 1908 1228 indictio
1985 1172 2070 1238 12,

487 1281 649 1333 qnam
723 1267 848 1318 huic
903 1279 1050 1318 anno
1125 1265 1446 1334 adjunctam
1509 1263 1905 1322 habet-Canun
1977 1281 2078 1321 an-

489 1374 681 1410 norum
713 1373 1082 1428 expansorum
1135 1358 1204 1413 ab
1235 1357 1431 1414 Allatio
1477 1359 1679 1424 editus,
1713 1359 1766 1413 in
1798 1375 1963 1429 opere
2006 1359 2081 1413 De

489 1453 765 1506 dominicis
807 1462 856 1506 et
908 1452 1317 1508 hebdomadibus
1370 1452 1675 1509 Crat-orum
1726 1451 2082 1523 (i).Scripsit

488 1547 653 1598 etiam
687 1547 1017 1615 opusculum
1044 1545 1186 1616 Περὶ
1209 1546 1311 1615 τῆς
1366 1523 1588 1616 πρώτῆς
1636 1543 1734 1598 τοῦ
1786 1545 1921 1598 Θεοῦ
1978 1545 2080 1599 λα·-

494 1638 682 1706 epeia;
717 1677 730 1699 ,
785 1646 909 1707 post
961 1637 1268 1692 abdicatam
1320 1637 1644 1708 dignitatem
1698 1637 1751 1690 in
1803 1637 2081 1692 Menmceo

493 1738 678 1783 monte
717 1740 770 1783 et
788 1730 1122 1786 monasterio
1156 1728 1439 1785 Prodromi
1465 1744 1556 1783 an.
1580 1728 1768 1784 mundi
1795 1727 1957 1791 6966,
1981 1728 2076 1797 qui

481 1830 578 1876 est
623 1820 752 1876 Jcsu
779 1821 983 1878 Christi
1038 1821 1195 1877 “58.
1229 1822 1416 1891 Itaque
1454 1820 1568 1890 jam
1606 1821 1674 1875 ab
1721 1836 1866 1874 anno
1913 1792 2074 1885 “38,
2109 1792 2148 1846 Β

495 1921 589 1967 aut
626 1913 780 1980 M57,
811 1914 867 1969 si
901 1929 1027 1968 vera
1073 1922 1158 1969 est
1189 1913 1481 1983 inscriptio
1519 1912 1800 1968 Orationis
1829 1913 1883 1965 in
1919 1911 2078 1966 fune-

496 2021 554 2060 re
604 2005 895 2075 Sophiani,
944 2005 1258 2061 Gennadius
1311 2005 1614 2060 monachus
1650 2005 1990 2078 vocabatur,
2022 2010 2078 2058 ct

493 2099 808 2168 patriarcha
839 2115 961 2154 esse
1011 2100 1280 2162 desierat.
1322 2114 1475 2163 cum,
1503 2100 1549 2154 si
1578 2099 1790 2152 Malaxo
1816 2105 1868 2150 et
1904 2097 2078 2152 llisto—

495 2191 591 2245 rite
631 2191 878 2247 barbara
913 2190 1044 2246 fides
1079 2190 1333 2245 habenda
1370 2199 1473 2255 est,
1505 2206 1609 2245 non
1641 2200 1769 2246 ante
1803 2190 1938 2244 “59
1969 2190 2082 2259 pri-

497 2294 673 2337 vatam
716 2285 882 2338 vitam
912 2284 1199 2352 repetiisse
1250 2283 1523 2338 videatur.
1568 2281 1706 2337 Tum
1751 2282 1914 2336 etiam
1971 2296 2076 2333 non

495 2386 647 2433 recte
686 2375 1024 2431 statimeum
1058 2373 1268 2429 obiisse
1304 2373 1579 2438 scribunt,
1628 2387 1752 2427 cum
1801 2387 1976 2426 annos
2019 2379 2078 2425 ut

498 2471 788 2524 minimum
836 2475 1077 2538 quatuor
1127 2466 1514 2538 supervixerit.
1563 2465 1741 2535 Atque
1787 2465 1902 2518 hac
1952 2470 2080 2519 sunt

496 2581 623 2636 qua
655 2566 722 2620 de
755 2562 1024 2619 Gennadii
1061 2562 1171 2617 vita
1232 2569 1286 2616 et
1323 2561 1485 2615 rebus
1524 2560 1688 2630 gestis
1721 2559 1775 2613 in
1817 2567 1967 2612 tanta
1999 2558 2081 2611 bi-

494 2661 682 2716 storia
734 2655 1069 2725 reccntioris}
1099 2653 1334 2725 caligine
1382 2653 1681 2708 observare
1717 2652 2012 2722 potuimus.

567 2750 732 2804 Multa
765 2748 987 2819 scripsit
1025 2746 1344 2803 Gennadius
1387 2753 1584 2815 prater
1629 2741 1710 2799 ea'
1747 2759 1866 2814 qua:
1913 2743 2079 2797 variis

495 2844 630 2899 locis
682 2840 890 2895 dudum
932 2837 1077 2893 edita
1127 2843 1278 2892 sunt.
1323 2833 1456 2889 Nam
1507 2850 1851 2905 quacunque
1898 2833 2076 2888 tribus

494 2937 609 2992 suis
629 2932 880 3004 Georgiis
902 2931 1017 2986 sive
1037 2929 1342 2986 Gennadiis
1370 2928 1600 2982 Allatius
1627 2926 1901 2989 attribuit,
1929 2926 2078 2980 hunc

493 3037 742 3084 nostrum
778 3035 1059 3080 auctorem
1093 3024 1328 3090 habent;
1370 3019 1464 3075 sed
1515 3021 1668 3090 plura
1699 3020 1865 3088 longe
1906 3018 1960 3070 in
1991 3017 2073 3071 bi-

425 449 434 457 ·
483 447 796 502 supremum
837 432 1226 504 designarerit,
1258 433 1303 489 si
1348 432 1475 504 quis
1511 447 1634 488 eum
1670 433 1812 488 ultra
1861 447 2066 487 annum
2102 433 2141 486 Α
2173 430 2315 496 quod
2385 429 2550 484 refert
2594 430 2910 486 Graecorum
2975 439 3222 487 actorum
3265 435 3505 504 scriptor
3530 451 3558 488 .:
3598 438 3782 506 cujus

2173 520 2381 575 idcirco
2418 520 2549 576 fliles
2595 524 2854 578 vacillare
2905 539 3012 578 non
3065 524 3252 581 debet.
3294 523 3575 597 Sylvester
3611 528 3780 583 enim

2173 612 2474 684 Syiopnlus
2506 615 2584 686 (Ξ)
2619 613 2905 673 Latinismi
2942 633 3052 673 non
3087 627 3401 688 suspectus,
3433 617 3606 673 refert.
3655 617 3784 672 for-

2176 706 2376 759 mulam
2409 708 2714 763 concordia
2746 709 2893 764 circa
2924 710 3284 780 quastionem
3310 711 3378 766 de
3395 713 3780 781 processioue

2177 793 2414 866 Spiritus
2445 801 2646 864 sancti,
2685 816 2806 870 qua
2830 816 2860 854 a
2895 800 3128 873 Georgio
3160 800 3450 858 Scboiario
3478 808 3780 875 composi-

2178 897 2252 950 ta,
2301 905 2484 944 coram
2526 891 2858 962 imperatore
2882 904 2937 948 et
2960 892 3276 950 Gracorum
3303 895 3597 966 pracipuis
3630 900 3778 951 lecta

2177 980 2361 1038 fu::rit.
2387 983 2709 1040 Orationum
2744 1003 2864 1057 qua
2903 1003 3028 1043 cum
3058 988 3250 1044 iisdem
3282 990 3418 1045 actis
3464 991 3773 1045 circumfe-

2176 1084 2392 1140 runtur,
2419 1077 2565 1131 nulla
2601 1079 2655 1134 in
2689 1081 2894 1134 nostris
2924 1080 3212 1136 codicibus
3239 1081 3507 1137 memoria
3529 1092 3638 1147 est,
3675 1099 3770 1137 ne-

2179 1185 2284 1238 que
2332 1172 2547 1226 illarum
2598 1173 2849 1228 meminit
2892 1174 3170 1246 Sylvester
3212 1174 3545 1245 Syropulns,
3585 1185 3642 1230 et
3675 1193 3773 1230 eas

2179 1260 2414 1330 Georgio
2447 1263 2736 1320 Scholario
2768 1264 3057 1321 Matthaus
3081 1266 3489 1338 Garyophyllns
3515 1268 3772 1336 abdjud‘-

2179 1363 2289 1409 cat.
2318 1354 2436 1408 Etsi
2483 1356 2626 1409 cnim
2659 1372 2765 1412 non
2799 1357 3153 1426 indiligentia
3184 1360 3363 1414 solum
3393 1361 3638 1420 nomine,
3673 1362 3768 1412 sed

2181 1455 2446 1514 perpetuo
2503 1445 2770 1503 adversus
2826 1447 3053 1504 Latinos
3131 1450 3260 1504 odio
3316 1451 3770 1519 sitsptC‘issimtts

2184 1536 2488 1608 Syropulns
2512 1556 2633 1595 csse
2659 1541 2877 1605 debeat,
2910 1559 3071 1598 nemo
3107 1553 3289 1599 tamen
3317 1544 3523 1598 Graea
3579 1560 3771 1597 recen-

2183 1630 2340 1683 tioris
2394 1631 2634 1686 histmia
2680 1633 2759 1689 vel
2803 1634 3156 1690 mediocriter
3199 1637 3430 1705 peritus,
3479 1634 3770 1705 cujusdam

2185 1721 2361 1775 critici
2386 1726 3058 1794 prarpostcrumjuilicium
3088 1743 3198 1797 quo
3235 1727 3440 1782 homini
3468 1727 3633 1780 fidem
3654 1745 3772 1778 om-

2183 1829 2305 1868 nem
2336 1814 2631 1884 ahjudicat,
2654 1817 2993 1884 sequendum
3014 1818 3370 1874 existimabit.
3407 1817 3514 1874 Sed
3567 1821 3770 1874 Allatio

2183 1907 2364 1976 potius
2428 1908 2635 1975 credet,
2675 1912 2766 1979 qui
2797 1910 3428 1984 Sylvestrumhgnoscit
3485 1924 3768 1968 auctorem

2182 2013 2348 2053 unum
2381 2015 2446 2053 ex
2482 2002 2704 2056 asseclis
2741 2003 3082 2071 patriarcha,
3115 2021 3222 2059 non
3254 2021 3378 2059 eum
3415 2014 3598 2064 tamen
3638 2022 3769 2072 qua-

2182 2089 2287 2144 lem
2317 2107 2347 2145 e
2379 2094 2608 2148 cerebro
2635 2111 2736 2150 suo
2765 2094 2973 2150 eﬂinxit
3002 2098 3325 2152 temerarius
3357 2099 3632 2167 interpres
3669 2100 3768 2166 t5).

2181 2180 2418 2252 linguam
2474 2194 2524 2238 et
2564 2196 2785 2241 utentem
2819 2190 3006 2257 synodi
3056 2189 3768 2255 ercorum,doctum,efe-

2183 2283 2416 2343 gantem,
2459 2277 2692 2345 antiquis
2733 2277 2952 2334 Gracia:
2992 2281 3281 2335 luminibus
3313 2285 3766 2350 comparandum,

2185 2382 2308 2420 cum
2341 2372 2583 2437 pessime
2613 2371 2819 2426 scribat
2851 2383 2906 2427 et
2943 2374 3338 2428 semibarbare.
3373 2375 3442 2429 At
3471 2375 3562 2429 ille
3591 2375 3768 2429 Geor-

2183 2461 2329 2529 gium
2383 2460 2730 2515 Scholarium
2789 2463 2844 2518 in
2894 2466 3105 2535 synodo
3149 2482 3273 2521 cum
3311 2466 3493 2521 Marco
3529 2467 3768 2536 Ephesio

2185 2553 2438 2606 unionem
2468 2552 2822 2624 inipugnasse
2847 2572 2959 2610 non
2989 2557 3175 2623 refert,
3199 2567 3364 2628 atque
3394 2561 3468 2613 ita
3502 2560 3765 2612 Actorum

2181 2642 2497 2699 Gracorum
2525 2645 2684 2700 fidem
2710 2662 2819 2702 non
2851 2648 3157 2720 impugnat,
3183 2665 3308 2705 cum
3333 2667 3397 2706 eo
3428 2661 3610 2706 tamen
3644 2651 3766 2704 Fin-

2183 2737 2356 2790 rentis
2390 2752 2449 2791 se
2479 2737 2823 2807 proripuisse
2850 2746 3084 2795 testatur
3105 2752 3324 2810 peracta
3362 2744 3593 2813 synodo.
3633 2743 3764 2795 Nui-

2182 2829 2268 2884 lus
2302 2831 2511 2885 interea
2547 2832 2787 2888 occurrit
2810 2831 2926 2887 sive
2955 2834 3098 2904 apud
3119 2834 3341 2890 Giacos
3371 2845 3630 2890 auctores
3651 2841 3763 2890 ed-

2185 2932 2266 2977 tos
2304 2925 2418 2978 sive
2448 2928 2858 2998 tnanuscriptos
2889 2927 3052 2994 alter,
3078 2945 3243 2998 quem
3279 2929 3684 3000 Caryophyllns
3709 2941 3761 2981 et.

2182 3017 2411 3071 Allatius
2458 3018 2767 3089 designant,
2797 3020 3061 3091 Georgius
3099 3020 3437 3089 Scholarius,
3477 3025 3574 3092 qui
3611 3024 3760 3080 Con-

495 3122 782 3178 bliothccis
807 3119 1164 3182 delitescunt,
1203 3129 1439 3183 quorum
1479 3112 1720 3168 indicem
1756 3110 1848 3181 qui
1882 3110 2074 3164 leviter
2105 3124 2155 3190 ο
2185 3110 2539 3179 stantinopoli
2585 3113 2925 3178 substiterit,
2969 3129 3093 3169 cum
3141 3112 3382 3170 Joannes
3419 3116 3762 3190 Palaologus

496 3213 832 3286 inspexerit,
863 3209 1052 3266 mirari
1083 3207 1292 3262 desinet
1322 3206 1499 3259 virum
1547 3199 1923 3258 doctissimum
1981 3216 2077 3270 pa-

495 3324 614 3361 rum
629 3311 955 3361 accuratam
976 3301 1028 3354 in
1053 3299 1123 3354 iis
1154 3295 1505 3353 recensendis
1534 3294 1762 3348 ciilicen
1793 3290 2078 3348 exercuis-

494 3417 573 3454 sc.
609 3397 709 3452 Vix
749 3396 897 3450 enim
947 3398 1200 3461 quartam
1240 3402 1431 3443 eorum
1485 3396 1694 3456 partem
1743 3383 1974 3446 viderat,
2022 3391 2077 3436 et

491 3491 819 3561 plerumque
854 3484 1050 3540 alienis
1097 3481 1296 3537 oculis.
1329 3477 1517 3548 Neque
1563 3487 1748 3533 tamen
1782 3475 1885 3531 etsi
1917 3477 2074 3546 plura

491 3596 544 3638 et
587 3583 824 3638 certiora
852 3577 1228 3648 designamus,
1251 3572 1437 3628 omnia
1461 3570 1729 3627 Gennadii
1764 3583 1931 3640 opera
1955 3569 2076 3625 exi-

491 3672 846 3728 stimabimus
863 3666 1217 3739 explicuisse.
1255 3665 1461 3735 Sparsa
1519 3661 1789 3733 siquidem
1827 3670 1883 3716 et
1912 3661 2078 3731 disje-

491 3775 576 3819 cta
602 3764 731 3818 hinc
751 3761 878 3816 inde
898 3757 1102 3816 scrinia
1129 3771 1159 3810 a
1185 3753 1456 3811 studiosis
1489 3760 1618 3825 post
1658 3752 1807 3808 illius
1837 3759 2069 3806 mortem

490 3860 718 3915 collecta
768 3860 915 3918 sunt,
965 3859 1129 3921 atque
1175 3848 1250 3903 ita
1294 3862 1399 3901 non
1451 3847 1649 3901 mirum
1697 3853 1782 3899 est
1824 3844 2074 3914 quadam

490 3923 860 4006 intercidisse.
893 3942 1142 3998 llomilia
1186 3949 1314 3996 ante
1352 3939 1785 4012 patriarcbatum
1834 3935 2073 4003 scripta,

489 4037 961 4108 Constantinopoli
1000 4043 1232 4106 reperta
1267 4041 1399 4088 sunt
1441 4039 1566 4103 post
1604 4038 1818 4101 captam
1855 4028 2071 4092 urbem,

491 4136 734 4205 quadam
771 4129 1180 4186 Thessalonica
1209 4137 1263 4182 et
1288 4124 1562 4196 Gallipoli,
1601 4122 1790 4178 utalia
1821 4120 2070 4191 ejusdem

491 4229 714 4295 scripta,
759 4238 876 4294 qua:
906 4222 1166 4290 deinceps
1203 4218 1664 4281 recenscbuntur,
1707 4216 1844 4269 adeo
1880 4224 1940 4268 ut
1971 4213 2074 4267 mi-

493 4324 600 4373 l‘ul‘i
631 4331 791 4370 neruo
827 4314 949 4384 jurc
1001 4319 1165 4382 queat
1223 4309 1367 4380 quod
1417 4308 1682 4364 nonnulla
1719 4305 1984 4376 perierint
2017 4304 2070 4359 in

495 4417 642 4460 tanta
672 4403 982 4472 reipublica
1015 4409 1070 4455 et
1106 4398 1365 4455 Ecclesia
1395 4396 1600 4452 Graca
1630 4397 1961 4452 calamitate.

2183 3212 2236 3256 et
2285 3199 2559 3272 Iosephus
2602 3205 2934 3274 patriarcha,
2975 3206 3135 3262 simul
3187 3222 3311 3261 cum
3359 3207 3568 3264 Gracia
3613 3213 3762 3272 aliis.

2185 3294 2448 3350 Ferraria
2473 3305 2527 3352 et
2551 3295 2842 3352 Florentia
2873 3299 3062 3353 unioni
3082 3299 3392 3355 sancienda
3417 3314 3642 3370 operam
3669 3306 3763 3358 da-

2185 3398 2328 3445 rent.
3405 3373 3412 3380 ’

2254 3480 2436 3537 Marco
2490 3483 2726 3553 Ephesio
2779 3485 3034 3542 utebatur
3092 3487 3518 3548 familiarissime
3572 3500 3763 3546 noster

2183 3572 2448 3644 Georgius
2485 3591 2500 3641 ;
2539 3577 2675 3634 duos
2701 3587 2883 3633 autem
2922 3579 3169 3649 ejusdem
3205 3583 3444 3639 nominis
3469 3593 3524 3639 et
3557 3599 3764 3652 cogno-

2184 3667 2347 3724 minis
2374 3668 2565 3724 eodem
2590 3678 2855 3740 tempore,
2885 3687 3104 3728 summa
3130 3673 3417 3742 doctrina,
3449 3679 3757 3745 praesertim

2182 3776 2311 3816 vero
2359 3761 2722 3832 philosophia
2749 3762 2841 3818 Pla
2866 3766 3044 3821 onicte
3062 3779 3119 3821 et
3159 3766 3546 3832 Arlstotellca.
3605 3771 3763 3824 laud».

2181 3853 2451 3916 ﬂoruisse,
2485 3853 2678 3910 iisdem
2710 3857 2904 3912 amicis
2937 3872 3094 3925 usos,
3125 3873 3252 3915 cum
3285 3860 3434 3914 circa
3475 3862 3761 3931 religionis

2183 3949 2456 4022 negotium
2488 3949 2964 4004 vehementissime
2978 3950 3328 4018 dissiderent,
3349 3953 3401 4007 id
3419 3953 3641 4023 quidem
3666 3955 3762 4009 lie.

2183 4036 2228 4091 ri
2272 4039 2356 4091 vix
2389 4039 2630 4108 patuisse
2671 4055 2832 4096 nemo
2873 4057 2984 4096 non
3015 4044 3186 4102 videt.
3206 4043 3277 4099 At
3300 4059 3364 4100 ex
3394 4045 3560 4100 meris
3575 4047 3762 4117 conje-

2181 4128 2355 4183 cturis
2381 4130 2453 4182 ita
2487 4137 2753 4195 statuere,
2784 4139 2845 4185 ut
2879 4131 3286 4205 Caryophyllus
3311 4145 3366 4191 et
3389 4134 3627 4190 Allatius
3675 4136 3760 4192 fe-

2181 4230 2393 4286 cerunt,
2426 4224 2544 4279 sine
2577 4224 2702 4281 ullis
2724 4236 3010 4280 auctorum
3051 4227 3409 4290 testimoniis.
3443 4229 3676 4284 confusa
3709 4239 3762 4281 ct

2183 4317 2407 4386 insuper
2493 4317 2679 4372 habita
2758 4328 3065 4388 temporum
3159 4321 3394 4387 ratione,
3461 4320 3759 4376 absurdum

2183 4424 2409 4479 prorsus
2471 4418 2556 4465 est
2616 4418 2671 4465 et
2717 4411 3069 4468 excusatione
3137 4421 3312 4467 caret.
3359 4411 3547 4484 Neque
3589 4412 3758 4473 enim,

565 4500 638 4550 Iit
677 4497 744 4551 iis
783 4509 905 4565 qua
937 4507 1099 4562 supra
1143 4490 1392 4561 exposita
1421 4499 1568 4552 sunt,
1597 4487 1950 4545 manifestum
1986 4497 2070 4544 est

2182 4509 2237 4556 ut
2289 4503 2361 4554 ita
2429 4502 2572 4571 apud
2655 4518 2716 4568 se
2783 4503 3068 4570 haberent,
3143 4506 3470 4576 caterisque
3531 4506 3760 4560 suadere

491 4591 781 4658 Georgium
808 4585 1150 4642 Scholarinni
1175 4581 1478 4653 [’hilelpho,
1500 4580 1824 4652 Lipomano,
1850 4583 2078 4636 Ambro—

494 4686 578 4736 sio
617 4676 1023 4736 Camalilulensi
1067 4673 1278 4729 Latinis
1325 4672 1644 4728 hominibus
1689 4674 2082 4745 conjunctissi-

493 4790 662 4837 muni,
695 4771 903 4827 Graeis
930 4783 1059 4824 vero
1095 4766 1254 4822 Luca
1275 4762 1516 4830 Notara,
1543 4761 1836 4820 Theodoro
1871 4765 2078 4835 Despo-

495 4877 582 4929 lae,
638 4874 691 4919 et
740 4865 882 4925 aliis.
925 4861 1173 4917 eumdem
1233 4858 1437 4930 judicis
1485 4858 1730 4930 primarii
1772 4874 1975 4913 munus
2021 4860 2072 4913 in

497 4958 620 5011 aula
651 4954 877 5010 Joannis
906 4952 1190 5020 Palaologi
1238 4950 1591 5017 sustinuisse,
1637 4946 1972 5004 Florentiam
2020 4951 2071 5005 in

491 5046 734 5113 eiusdem
763 5044 1106 5113 imperatoris
1131 5041 1398 5096 comitatu
1426 5040 1642 5096 venisse
1671 5039 1856 5094 animo
1899 5057 2081 5111 prom—

495 5153 587 5210 pto
618 5149 671 5193 et
717 5136 887 5191 alacri
931 5133 996 5190 ad
1045 5133 1449 5204 procurandam
1484 5132 1771 5203 utriusque
1815 5130 2077 5188 Ecclesia

491 5231 872 5294 concordiam,
918 5229 990 5283 ita
1031 5236 1214 5282 tamen
1261 5232 1320 5280 ut
1350 5225 1420 5281 ab
1467 5225 1850 5296 episcoporum
1884 5234 1940 5281 et
1982 5241 2079 5296 pa-

489 5328 746 5381 triarclia
773 5331 908 5378 nutu
941 5315 1222 5393 penderet,
1261 5334 1382 5375 cum
1429 5317 1606 5373 laicus
1638 5318 1782 5372 inter
1815 5331 1912 5372 eos
1942 5333 2071 5373 sen-

489 5419 712 5471 tentiam
741 5416 924 5470 dicere
955 5427 1062 5468 non
1093 5419 1300 5482 posset.
1333 5410 1411 5466 Eo
1434 5407 1691 5464 fortassis
1715 5409 1898 5476 animo
1929 5411 2069 5480 apud

487 5510 876 5579 imperatorem
911 5506 1170 5577 exposuit
1211 5502 1343 5574 quid
1375 5501 1478 5558 sibi
1513 5504 1658 5557 factu
1691 5502 1956 5571 optimum
1991 5504 2066 5556 vi-

487 5603 729 5665 duretur,
759 5611 814 5656 et
835 5600 1126 5656 consilium
1155 5597 1222 5652 de
1251 5592 1634 5666 amplectenda
1668 5593 1868 5648 unione
1896 5594 2067 5654 dedit.

558 5717 634 5786 (1)
660 5715 738 5770 De
779 5732 1054 5781 consensu,
1082 5730 1132 5786 p.
1163 5711 1318 5768 I522.

558 5782 633 5856 (τε)
667 5787 804 5840 Hist.
851 5782 1246 5842 C‘lH‘lillvFi'H'.
1288 5801 1342 5855 p.
1398 5782 1525 5836 253.

2181 4603 2538 4658 conarentur,
2580 4591 2683 4646 alia
2717 4605 2884 4648 causa
2918 4594 3042 4657 fuit,
3075 4610 3238 4663 quam
3283 4594 3430 4663 quod
3462 4593 3756 4664 Georgium

2183 4683 2552 4748 Scholarinm,
2587 4685 2678 4752 qui
2716 4683 3038 4739 Florentino
3066 4685 3301 4740 concilio
3331 4700 3457 4740 cum
3495 4700 3758 4755 purpura-

2179 4773 2250 4828 tis
2274 4774 2412 4828 aula
2443 4772 3068 4844 Constantinopolitanae
3097 4776 3375 4842 interfuit,
3409 4792 3475 4831 ex
3551 4791 3758 4832 suaso-

2180 4867 2259 4920 ria
2293 4867 2539 4921 oratione
2569 4882 2674 4936 qua
2701 4865 2966 4923 Joannem
2995 4867 3358 4940 Palaulognm
3393 4870 3650 4924 hortatus
3679 4880 3760 4920 est

2179 4958 2246 5011 ad
2301 4957 2912 5024 uuioneut,Catholicis
2966 4959 3342 5030 adjttnxerint,
3377 4975 3536 5029 quem
3603 4958 3762 5013 deuio

2180 5065 2306 5117 ceps
2339 5049 2871 5121 Constantinopolim
2923 5033 3203 5108 reversum
3265 5068 3374 5107 non
3427 5061 3760 5120 agnoscunt.

2179 5137 2334 5194 Tunc
2367 5142 2514 5194 enim
2549 5143 2826 5195 coiitraria
2859 5156 3086 5211 prorsus
3109 5144 3350 5198 sensisse
3381 5142 3557 5204 illum,
3594 5145 3762 5196 certis

2178 5233 2520 5301 argumentis
2552 5249 2614 5286 ex
2643 5233 2874 5288 historia
2907 5234 3128 5287 illorum
3170 5225 3480 5304 temporihn
3515 5243 3759 5297 constat,

2182 5325 2418 5381 maxime
2449 5341 2579 5380 vero
2605 5327 2826 5394 scriptis
2857 5328 2912 5380 in
2940 5325 3167 5382 Latinos
3198 5325 3604 5388 acerbissimis,
3635 5341 3758 5394 qua

2179 5428 2288 5472 tam
2311 5418 2614 5493 singulares
2647 5417 2863 5488 Georgii
2893 5418 3160 5474 Scholarii
3185 5421 3429 5493 auctoris
3464 5428 3622 5476 notas
3653 5435 3772 5488 pra

2178 5529 2236 5567 se
2261 5485 2466 5575 ferunt,
2502 5522 2560 5566 ut
2585 5512 2877 5582 benignam
2900 5512 3103 5566 nullam
3131 5513 3637 5583 interpretationem
3666 5522 3761 5568 aut

2179 5602 2330 5657 falsa
2365 5603 2741 5671 inscriptionis
2797 5603 3220 5658 accusationem
3278 5604 3597 5658 admittant.
3647 5603 3757 5658 Itoc

2175 5800 2192 5844 ι
2254 5721 2329 5788 (5)
2366 5718 2482 5773 Bob
2525 5721 2905 5790 Creygthnnus
2939 5721 2990 5774 iu
3017 5720 3233 5776 Prafat.
3265 5723 3330 5774 ad
3356 5718 3753 5792 Syropulillis-

2200 5807 2390 5844 Oi'tzmt.

2200 5807 2366 5844 Orta.”
2381 5835 2390 5844 .
