3998 6464
257 363 367 427 2‘69

1811 338 2013 402 VITA.

3404 331 3508 395 270

261 492 441 536 autem
474 476 592 533 solo
622 478 946 545 argumento
979 476 1084 523 tota
1138 460 1533 519 Allatianarum
1580 458 1827 526 disputa-
1857 461 1909 519 Α
1937 452 2158 507 tristitia
2185 451 2370 521 repleti
2399 466 2605 515 sumus,
2632 466 2747 505 cum
2778 454 2845 506 ad
2883 467 3040 506 aures
3091 459 3304 505 nostras
3329 467 3510 520 perre~

264 574 476 629 tiouum
507 578 685 624 strues
712 565 920 626 nititur,
946 569 1055 614 tam
1077 558 1130 638 in
1154 570 1317 624 opere
1343 554 1416 606 De
1442 562 1687 621 perpetuo
1713 565 1835 603 con-

268 680 452 727 sensu,
492 675 653 730 quam
692 660 744 712 in
772 655 1013 710 Diatriba
1043 652 1108 704 de
1154 647 1413 717 Georgiis,
1441 655 1495 699 et
1526 646 1577 697 in
1613 642 1834 695 Exerci-

268 757 557 814 tationibus
597 753 845 805 adversus
890 746 1169 798 Robertum
1226 738 1634 809 Creyghtonum.
1681 734 1836 799 Quod

266 856 653 918 argumentum
681 846 825 911 cogit
855 852 959 892 nos
988 847 1047 890 ut
1077 836 1143 890 de
1170 834 1275 888 ﬁde
1304 829 1526 899 Georgii
1562 824 1836 881 Scholarii

267 943 383 995 sive
425 933 693 993 Gennadii
741 929 1099 1003 quaestionem
1142 924 1521 986 instituamus,
1575 926 1837 987 tanquam

270 1028 541 1083 instituta:
567 1020 928 1092 disputationi
953 1015 1345 1074 necessariam.

340 1117 537 1171 Statim
575 1129 706 1167 vero
761 1108 1043 1165 latendum
1096 1116 1180 1161 est
1220 1120 1327 1158 non
1371 1101 1533 1170 plane
1571 1105 1834 1154 constare

267 1228 388 1282 qtttn
422 1205 917 1263 Florentiaecirca
968 1200 1228 1256 unionem
1284 1195 1508 1264 Georgii
1563 1190 1837 1247 Scholarii

267 1303 541 1359 sententia
588 1299 751 1355 fuerit
781 1307 1149 1365 praeterquam
1186 1307 1251 1346 ex
1299 1289 1485 1344 citatis
1508 1288 1681 1353 Actis,
1728 1293 1838 1339 act.

264 1394 357 1460 25,
389 1408 511 1459 qua:
551 1407 657 1446 non
690 1388 1016 1459 quibusdam
1067 1384 1235 1453 regiis
1287 1381 1453 1435 codd.
1493 1382 1698 1437 solum,
1742 1377 1838 1432 sed

270 1488 425 1543 libris
451 1485 681 1539 vetustis
709 1480 1065 1547 consentiunt
1101 1485 1389 1545 antequam
1433 1472 1622 1526 Graeca
1653 1470 1840 1524 Romae

268 1579 570 1649 prodirent,
615 1585 783 1645 atque
808 1574 944 1639 adeo
982 1570 1237 1626 falsitatis
1273 1575 1368 1621 aut
1397 1563 1839 1632 interpolationis

268 1669 582 1738 suspicione
635 1673 854 1719 vacant.
900 1662 1038 1715 Eum
1096 1660 1244 1714 enim
1298 1652 1730 1710 reconciliandis
1785 1651 1842 1702 iu

270 1763 556 1831 p:istinam
606 1756 955 1812 concordiam
994 1750 1255 1808 Ecclesiis
1309 1748 1511 1803 lavisse
1546 1743 1688 1797 haud
1725 1757 1839 1793 me-

267 1855 555 1915 diocriter,
591 1866 698 1904 non
743 1850 1007 1902 Actorum
1049 1845 1166 1899 sola
1222 1842 1355 1896 lides
1406 1838 1718 1892 conlirmat.
1768 1832 1841 1887 Ea

268 1951 386 2002 sive
417 1941 835 2011 Xantbopulum
887 1939 1005 1992 sive
1044 1937 1215 1990 alium
1252 1940 1531 1988 auctorem
1572 1929 1830 1991 habeant,

273 2046 542 2108 przrstant
599 2048 733 2088 sane
775 2030 1077 2085 salebrosis
1120 2025 1372 2096 Syropuli
1403 2021 1842 2083 narrationibus,

218 2168 229 2175 ι
276 2141 390 2184 tum
427 2127 664 2181 naturali
709 2124 944 2196 quadam
990 2118 1346 2188 simplicitate
1396 2126 1450 2173 et
1497 2116 1677 2170 nitore
1721 2128 1850 2169 ora-

275 2221 461 2282 tionis,
499 2233 609 2273 tum
637 2220 800 2272 etiam
837 2231 1018 2271 rerum
1046 2222 1323 2282 gestarum
1363 2210 1593 2266 historia
1629 2223 1749 2276 quia
1778 2207 1846 2262 ab

274 2314 424 2367 Actis
479 2311 686 2365 Latinis
740 2324 866 2362 raro
938 2307 1220 2371 dissentit,
1275 2320 1399 2360 cum
1468 2300 1845 2356 monumentis

275 2402 675 2457 ecclesiasticis
730 2410 966 2470 utraque
1039 2399 1226 2467 lingua
1303 2395 1670 2455 exstantibus,
1730 2401 1839 2447 tam

270 2496 433 2549 editis
466 2508 627 2562 quam
679 2507 839 2555 mss.,
885 2489 1030 2543 nullo
1072 2488 1290 2558 negotio
1324 2493 1504 2555 potest
1534 2483 1843 2539 conciliari.

272 2592 349 2645 Ει
381 2588 597 2638 illorum
632 2593 815 2637 autem
847 2581 1186 2644 testimonio,
1226 2594 1289 2634 ex
1337 2577 1582 2647 Epistola
1614 2574 1683 2628 ad
1737 2574 1845 2627 Ma-

272 2690 437 2746 gnum
472 2674 663 2726 ducem
698 2680 748 2725 et
780 2673 952 2725 altera
983 2670 1048 2725 ad
1082 2668 1432 2723 Ambrosium
1463 2666 1847 2720 Camaldulen-

276 2782 416 2829 smn,
471 2778 579 2817 non
635 2762 956 2816 dubitamus
1011 2775 1264 2815 asserere
1318 2760 1665 2813 Scholarium
1722 2772 1845 2809 cum

282 2858 493 2913 Graecis
524 2856 648 2909 aliis
680 2855 985 2924 praesertim
1023 2852 1344 2921 patriarcha
1378 2848 1617 2918 Joscpbo
1654 2847 1847 2901 uniuni

276 2952 478 3005 lavisse
507 2958 561 3004 et
591 2948 979 3018 imperatorem
1037 2945 1240 3014 scripta
1288 2942 1536 2997 oratione
1567 2943 1850 2995 hortatum

276 3043 466 3106 fuisse,
523 3050 580 3095 ut
636 3042 729 3094 illa
792 3037 1096 3094 secundum
1147 3035 1489 3106 propositam
1526 3032 1852 3088 aPontilice

1939 547 2035 609 nit,
2070 553 2121 599 te
2146 560 2355 598 rursum
2397 546 2629 599 alterata
2676 546 2813 614 [acie
2867 546 3161 615 pugnantia
3210 554 3384 599 tenere
3433 546 3512 598 lo-

1938 638 2131 706 quique
2153 646 2204 689 et
2237 652 2355 689 cum
2404 638 2651 704 pessimis
2693 641 2975 693 teconomis
3014 656 3121 692 una
3152 640 3416 708 conﬂuere
3445 640 3512 692 ad

1937 726 2279 795 procuranda
2313 730 2486 783 media
2525 731 2741 785 uniont's
2776 737 2825 783 et
2848 731 3238 799 dispositionis.
3275 732 3351 786 lla
3394 747 3512 785 ver-

1940 821 2008 875 tit
2035 822 2305 887 Allatins;
2342 822 2541 881 melius
2587 823 2843 889 dixisset,
2879 825 2949 877 ad
2984 824 3159 878 media
3186 827 3429 895 qtta'dant
3462 835 3512 879 et

1942 913 2475 980 temperamenta;id
2506 913 2677 976 enim,
2715 924 2774 966 ut
2799 929 2864 967 ex
2897 915 3047 969 Actis
3079 925 3312 979 constat,
3362 926 3511 970 sata-

1940 1003 2141 1072 gebant
2171 1006 2474 1073 imperator
2514 1018 2565 1059 et
2616 1007 2948 1075 patriarcha,
2994 1006 3309 1073 Bcssarion,
3345 1008 3516 1062 Isido-

1944 1110 2040 1151 rus
2071 1107 2124 1149 et
2149 1096 2523 1166 alii,quorum
2564 1098 2616 1151 in
2646 1112 2880 1152 numero
2915 1111 3047 1153 tunc
3090 1109 3209 1153 erat
3246 1099 3514 1170 Georgius

1946 1191 2282 1256 Scholarius,
2313 1192 2539 1247 utsalva
2568 1192 2840 1259 doctrina,
2873 1194 3192 1263 integraque
3223 1194 3514 1263 disciplina

1943 1297 2083 1351 quas
2114 1299 2144 1337 a
2186 1284 2491 1354 majoribus
2539 1293 2893 1354 acceperant,
2927 1286 3224 1341 concordia
3256 1301 3380 1341 cum
3412 1285 3515 1339 La-

1946 1376 2079 1431 tinis
2099 1378 2449 1433 coalesceret.
3264 1364 3297 1379 ’

2018 1490 2173 1555 Quod
2205 1506 2335 1545 vero
2362 1495 2629 1561 synodum
2662 1493 3034 1549 Florentinam
3060 1495 3306 1565 designet
3338 1496 3515 1564 Ephe-

1946 1582 2083 1647 sius,
2126 1585 2363 1653 probaut.
2424 1588 2817 1656 subsequentia
2862 1586 3115 1657 Epistolas
3151 1587 3314 1643 verba
3370 1590 3513 1642 Ἀλλ’

1946 1676 2092 1743 ἐρεῖς
2131 1677 2263 1739 ίσως
2290 1678 2365 1740 ὡς
2405 1679 2504 1732 οὐκ
2550 1680 2643 1731 ἐπὶ
2699 1681 2960 1733 τάναντία
3008 1680 3233 1748 γέγονεν
3270 1682 3301 1752 ἠ
3350 1684 3518 1750 μετάο·

1949 1765 2119 1828 θεσις,
2160 1769 2434 1841 μεσότητα
2479 1772 2534 1823 δέ
2583 1788 2707 1824 τινα
2742 1773 2834 1825 καὶ
2884 1773 3199 1842 οἰκονομίαν
3252 1790 3519 1844 περισκο-

1950 1859 2159 1927 ποῦμεν
2184 1876 2198 1889 ·
2227 1860 2479 1914 οὐδέποτε
2513 1861 2599 1915 διὰ
2652 1865 2967 1933 μεσότητος,
3002 1866 3279 1935 ἄνθρωπε,
3313 1868 3380 1919 τὰ
3433 1868 3522 1920 ὲκ-

1949 1951 2314 2021 κ).ησιαστικά
2344 1954 2627 2025 διωρθὼθη
2651 1975 2665 1988 ο
2693 1959 2856 2027 μέσον
2882 1959 3140 2029 ἁὶηθείας
3174 1961 3269 2014 καὶ
3293 1961 3523 2030 ψεύδους

1948 2042 2099 2095 οὐδέν
2128 2044 2297 2100 ἐστιν.
2327 2043 2538 2100 Farsan
2571 2064 2773 2104 asseres
2805 2067 2910 2104 non
2952 2052 3004 2103 in
3041 2053 3311 2105 contraria
3348 2063 3521 2105 muta-

1950 2132 2142 2186 tionem
2176 2134 2398 2203 factam,
2441 2140 2668 2192 medium
2701 2157 2820 2193 vero
2876 2143 3143 2210 quoddam
3179 2153 3228 2195 et
3262 2152 3522 2211 tempera-

1950 2234 2181 2279 mentum
2223 2228 2627 2300 investigantus.
2662 2230 2969 2301 Nusquam,
3020 2236 3093 2286 mi
3144 2236 3318 2298 homo,
3377 2236 3523 2303 ejus—

1949 2320 2095 2372 modi
2123 2318 2310 2375 mediis
2360 2338 2442 2377 res
2494 2325 2869 2380 ecclesiastica:
2909 2327 2962 2380 in
2994 2328 3182 2381 melius
3218 2328 3524 2395 reformata:

1947 2422 2110 2468 sunt:
2141 2413 2370 2468 medium
2426 2417 2564 2470 inter
2613 2419 2886 2472 veritatem
2933 2431 2985 2473 et
3034 2421 3368 2473 mendacium
3400 2421 3523 2474 uul-

1948 2504 2056 2556 tum
2088 2515 2185 2559 est.
2219 2505 2367 2561 Citat
2399 2510 2563 2563 verba
2606 2511 2857 2581 Gregorii
2895 2512 3155 2584 'l‘heologi
3202 2520 3266 2570 de
3297 2517 3519 2585 synorlis

1951 2598 2301 2665 Arianorum,
2336 2616 2474 2670 quas
2509 2603 2727 2671 Caiphae
2772 2607 3070 2660 concilium
3130 2611 3388 2669 vocabat,
3429 2612 3517 2661 ubi

1950 2689 2203 2745 Christus
2231 2694 2631 2750 condemnatus
2666 2711 2833 2761 esset,
2886 2715 3009 2753 mox
3045 2700 3191 2752 addit
3223 2719 3237 2753 :
3272 2698 3397 2770 Ἆρ’
3457 2701 3519 2755 οὐ

1950 2785 2219 2851 προσήκει
2247 2784 2423 2838 ταῦτα
2463 2789 2527 2856 τῇ
2562 2788 2654 2840 νῦν
2681 2792 2933 2860 ἡμετέρᾳ
2976 2793 3175 2863 συνόδῳ
3203 2810 3217 2826 ο
3256 2797 3347 2845 καὶ
3381 2774 3522 2847 πάνυ

1956 2872 2054 2942 μὲν
2084 2873 2199 2938 οὖν,
2260 2876 2426 2944 φαίην
2474 2881 2537 2931 ἂν
2603 2880 2801 2947 ἔγωγε.
2893 2883 2955 2936 Ει
2995 2860 3183 2939 infra:
3220 2887 3324 2939 Καὶ
3384 2889 3528 2941 ίστὶν
3585 2860 3595 2877 .

1955 2965 2199 3037 ἀράχνης
2257 2968 2568 3037 ὑφαίνουσι,
2610 2974 2698 3023 καὶ
2759 2974 2930 3037 ὅντως
2996 2976 3140 3039 ἱστὸς
3201 2979 3447 3048 ἀράχνης
3505 2984 3533 3033 ὁ

1956 3062 2089 3131 παρ’
2129 3060 2310 3113 αὐτῶν
2347 3064 2622 3128 συντεθεὶς
2657 3068 2746 3119 καὶ
2792 3069 3118 3136 ὀνομασθείς
3154 3073 3297 3139 ἔρος.
3338 3071 3533 3128 Nonne

274 3136 523 3189 Romano
596 3132 939 3238 deliniligtlis
1019 3129 1364 3238 ίυΐηιξιίθωη
1401 3134 1850 3238 οο¹¹¹ξ⁰¹ξξξ¹’θί“¹”
1879 3145 1924 3204 C
1958 3152 2069 3207 lucc
2094 3155 2410 3211 conveniunt
2454 3159 2579 3210 ltuit:
2635 3176 2774 3213 nunc
2826 3129 3156 3232 congregatae
3186 3129 3397 3221 .nostra:
3451 3185 3535 3238 sy-

275 3229 567 3284 Orationes
594 3235 776 3281 tamen
813 3224 937 3278 illas
978 3222 1286 3278 secundum
1324 3218 1678 3290 Caryopbylli
1724 3234 1850 3272 sen-

275 3323 501 3377 tentiam
562 3328 661 3372 aut
717 3317 922 3379 falsas,
976 3322 1073 3368 aut
1133 3312 1428 3367 admodum
1485 3312 1849 3382 interpolatas

273 3430 420 3478 esse,
448 3427 555 3466 non
591 3409 865 3465 immerito
894 3408 1264 3478 suspicamur.
1303 3402 1439 3458 Nam
1477 3403 1532 3458 in
1564 3403 1848 3474 plerisque

276 3504 681 3575 exemplaribus
710 3499 916 3575 mentio
953 3507 1128 3569 capta:
1162 3497 1316 3552 urbis
1338 3497 1710 3560 iuterseritur,
1746 3512 1847 3549 cu-

272 3602 361 3672 jus
390 3601 575 3657 clades
598 3613 719 3653 cutn
765 3594 987 3651 nonnisi
1022 3604 1142 3663 post
1172 3606 1351 3646 annos
1386 3590 1676 3646 duodecim
1713 3604 1848 3645 con-

273 3703 461 3747 secuta
508 3692 602 3753 sit,
659 3690 839 3743 locum
899 3685 1010 3740 illic
1068 3700 1176 3740 non
1246 3682 1506 3739 habebat.
1566 3682 1646 3735 Ita
1681 3680 1844 3736 etiam

274 3784 511 3841 suadent
544 3781 648 3835 alia
702 3794 811 3834 non
861 3792 1059 3848 pauca,
1112 3790 1233 3846 qure
1281 3775 1336 3828 in
1381 3775 1469 3830 his
1504 3772 1848 3828 orationibus

273 3892 303 3932 a
334 3874 464 3930 viris
495 3873 675 3928 doctis
701 3872 993 3926 observata
1033 3875 1183 3923 sunt.
1235 3866 1348 3921 Hac
1394 3865 1689 3920 occasione
1722 3880 1847 3933 pro-

273 3966 550 4042 pensioris
586 3967 638 4021 in
668 3963 892 4019 Latinos
932 3959 1098 4015 animi
1151 3959 1367 4013 videtur
1417 3956 1635 4012 Marcus
1664 3956 1846 4025 Ephe-

274 4066 416 4130 sius,
471 4058 781 4115 arctissima
833 4070 957 4111 cum
997 4051 1283 4108 Scholario
1331 4049 1576 4105 amicitia
1615 4052 1849 4119 conjun-

274 4162 423 4220 ctus,
468 4149 756 4220 scripsisse
802 4145 867 4200 ad
902 4143 1055 4199 illum
1134 4141 1445 4212 epistolam,
1482 4155 1647 4209 quam
1677 4140 1848 4194 edidit

277 4244 533 4307 Allatius,
580 4239 1044 4296 communicatam
1081 4251 1111 4290 a
1152 4236 1273 4291 viro
1321 4233 1392 4289 cl.
1460 4232 1711 4287 Emerico
1757 4232 1851 4286 Bi-

278 4339 448 4410 gotio,
489 4336 580 4407 qui
617 4348 738 4389 eam
777 4346 843 4386 ex
885 4329 1263 4384 Ambrosianae
1292 4326 1553 4379 Bibliotb.
1585 4324 1851 4379 Mediola-

279 4430 467 4486 nensis
499 4427 625 4482 cod.
674 4424 1063 4491 descripserat,
1113 4429 1166 4474 et
1216 4434 1378 4482 quam
1434 4418 1849 4488 integerrimam

279 4521 422 4575 nacti
489 4532 681 4574 sumus
745 4516 799 4568 in
859 4513 1071 4581 optimo
1141 4510 1332 4565 codice
1401 4524 1507 4562 ms.

277 4616 413 4684 Reg.
443 4612 518 4684 (ι)
554 4627 568 4666 :
604 4610 780 4678 Ὅσης
818 4594 963 4677 ἡμᾶς
992 4600 1533 4672 ὲνέπλησαᾳὴδονῆς
1564 4599 1727 4673 ἡνίκα
1748 4603 1847 4672 τῆς

276 4706 447 4779 ὀρθῆς
480 4705 715 4763 πίστεως
750 4701 960 4768 ἐγένου,
993 4697 1087 4749 καὶ
1140 4695 1236 4748 τοῦ
1294 4694 1558 4757 εὐσεϐοῦς
1620 4694 1718 4747 καὶ
1739 4711 1848 4747 πα-

279 4801 433 4871 τρίου
486 4798 857 4869 φρονήματος,
902 4795 997 4845 καὶ
1050 4793 1114 4863 τῇ
1173 4789 1640 4861 καταδικασθείσῃ
1697 4790 1853 4859 παρὰ

276 4894 389 4947 τῶν
413 4891 613 4959 ἀδίκων
642 4885 842 4959 κριτῶν
874 4884 1259 4954 συνηγόρησας
1288 4880 1541 4951 ἀληθείᾳ,
1575 4881 1854 4950 ποσαύτης

279 4988 342 5039 ὲκ
372 4957 466 5037 τοῦ
495 4957 740 5036 ἐναντίου
765 4978 939 5050 λύπης
966 4977 1063 5030 καὶ
1084 4975 1387 5044 κατηφείας
1413 4977 1498 5025 ὲνε
1512 4972 1847 5043 πλήσθημεν,

279 5076 616 5136 ἀκούσαντες
681 5068 1036 5142 μεταθεῖσθαί
1095 5082 1154 5119 σε
1212 5066 1376 5119 πάλιν
1435 5066 1530 5117 καὶ
1584 5062 1849 5116 τάναντία.

282 5168 499 5239 φρονεῖν
516 5183 574 5217 τε
602 5164 695 5216 καὶ
716 5158 919 5228 λέγειν,
942 5159 1038 5211 καὶ
1060 5161 1172 5219 τοῖς
1197 5158 1387 5219 κακοῖς
1405 5153 1707 5224 οἰκονόμοις
1728 5169 1856 5203 συν-

282 5262 502 5332 τρέχειν
545 5258 637 5308 ἐπὶ
662 5257 759 5316 τὰς
793 5252 1099 5322 μεσότητας
1130 5250 1226 5301 καὶ
1266 5245 1585 5315 οἰκονομίας
1615 5263 1629 5277 ·
1666 5244 1852 5309 Quatt-

284 5366 391 5405 tunt
425 5348 709 5417 voluptatis
742 5352 788 5397 et
815 5341 1014 5396 laztt'tt'w
1052 5339 1201 5391 nobis
1234 5337 1485 5400 attulisti,
1507 5351 1625 5387 cum
1655 5342 1848 5387 rectam

285 5448 460 5514 ﬁdem,
494 5451 541 5494 et
573 5441 712 5508 piant
742 5432 1402 5504 patriamquesententiam
1432 5428 1763 5496 amplexatus
1801 5443 1853 5480 es

282 5548 330 5592 et
363 5535 722 5589 eundemnatte
758 5531 821 5581 ab
862 5525 1070 5595 injustis
1094 5521 1383 5592 judicibus,
1405 5519 1641 5573 veritatis
1673 5530 1855 5587 patro-

285 5629 481 5683 cinium
525 5622 832 5688 suscepisti;
868 5626 1073 5671 tantum
1132 5631 1159 5667 ε
1217 5612 1490 5665 contrario
1536 5626 1757 5663 ntwrore
1808 5619 1854 5662 et

361 5808 438 5875 (1}
473 5806 702 5857 Albitius
738 5802 790 5857 in
831 5796 1111 5869 Cl't‘)’glll.,
1142 5813 1192 5867 p.
1236 5794 1324 5850 88.

1590 4507 1845 4563 biblioth.
1880 4505 1927 4562 Ι)

1958 3250 2119 3309 nodo,
2152 3257 2203 3301 et
2238 3249 2455 3302 omnino
2485 3267 2613 3305 sane
2668 3269 2782 3306 mea
2819 3255 3029 3323 quidem
3066 3261 3402 3315 sententia...
3438 3260 3533 3314 Tc-

1958 3340 2063 3392 lam
2097 3356 2421 3395 aranearum
2460 3353 2685 3409 texunt;
2720 3362 2838 3401 vere
2880 3349 3017 3401 enim
3046 3366 3260 3405 aranea:
3296 3352 3399 3406 tela
3430 3364 3531 3419 est,

1956 3436 2244 3502 composita
2273 3444 2324 3488 et
2373 3436 2438 3488 ab
2484 3437 2611 3505 ipsis
2661 3440 2938 3495 nominala
2973 3443 3238 3512 deﬁnitio.
3272 3444 3534 3502 Hortatur

1956 3525 2144 3595 lugere
2199 3527 2497 3583 Sodomam
2560 3540 2613 3584 et
2684 3532 3050 3589 Gomorrham
3103 3555 3117 3595 :
3168 3542 3532 3608 reptcbendit

1957 3620 2103 3686 quod
2133 3620 2418 3689 dignitatis
2454 3633 2508 3676 et
2546 3624 2864 3678 divitiarum
2928 3644 3100 3695 amor,
3144 3641 3194 3685 et
3224 3634 3331 3686 alia
3377 3651 3533 3686 mun-

1956 3711 2097 3765 dana
2134 3714 2421 3770 commoda
2477 3731 2603 3770 eum
2661 3722 3046 3787 perverterint,
3077 3722 3236 3792 jubet
3294 3725 3535 3795 COgitat-e

1957 3820 2119 3873 quam
2151 3804 2261 3861 cito
2299 3806 2459 3862 linem
2494 3817 2783 3880 acceptura
2839 3813 2951 3869 sint
2981 3826 3033 3870 et
3064 3816 3335 3884 jndiriutn
3389 3821 3528 3875 sub~

1956 3899 2219 3953 cundum.
2263 3901 2474 3971 Ὥσπερ
2525 3902 2948 3973 ήψευδώνυμος
3014 3906 3230 3969 σύνοδος
3294 3909 3531 3977 άπαιτή-

1958 4007 2111 4043 σεται
2149 3992 2209 4045 τὸ
2241 3988 2381 4062 αἷμα
2418 3995 2528 4046 τῶν
2559 3996 2953 4064 ἀπολλυμένων
2987 3998 3199 4068 ψυχῶν,
3227 4000 3335 4065 τῶν
3373 4018 3532 4053 εκανυ

1954 4081 2316 4137 δαλισθέντων
2356 4086 2450 4138 ἐπὶ
2501 4084 2582 4155 τῷ
2635 4088 2925 4157 μυστηρίῳ
2978 4092 3077 4155 τῆς
3125 4091 3385 4157 πίστεως,
3424 4095 3533 4145 τῶν

1956 4173 2054 4243 τὴν
2092 4173 2366 4245 ἀφόρητον
2417 4175 2768 4248 βλασφημίαν
2822 4181 2917 4233 καὶ
2958 4183 3351 4254 ἀσυγχώρητον
3410 4190 3535 4250 ταῖς

1956 4265 2159 4337 ψυχαῖς
2191 4268 2611 4338 ὑποδεξαμένων
2639 4271 2738 4343 τὴν
2778 4274 2921 4327 κατὰ
2953 4274 3045 4327 τοῦ
3081 4277 3243 4344 ἁγίου
3277 4280 3530 4347 [Ινεύμα-
3594 4328 3597 4331 .

1957 4374 2071 4424 τος,
2106 4359 2200 4413 καὶ
2231 4359 2312 4424 εις
2364 4361 2458 4415 δύο
2508 4362 2832 4433 τολμώντων
2876 4367 3050 4436 ἀρχὰς
3099 4369 3398 4437 ἀναφέρειν
3432 4368 3531 4442 τὴν

1959 4450 2120 4505 αὑτοῦ
2160 4451 2438 4524 ὕπαρξιν,
2465 4454 2576 4507 τῶν
2622 4455 2976 4527 ὑπαχθέντων
3003 4461 3115 4523 τοῖς
3144 4460 3405 4530 ἀθέσμοις
3438 4464 3531 4515 καὶ

1956 4545 2267 4609 Δατινικοϊς
2315 4545 2495 4599 ἔθεσιν
2530 4563 2545 4601 :
2580 4546 2648 4601 Ut
2697 4551 2860 4603 etiam
2900 4551 3332 4623 pseudosynodus
3366 4557 3535 4609 ratio-

1960 4654 2075 4693 nem
2124 4638 2342 4692 reddere
2390 4650 2611 4710 cogetur
2648 4645 2925 4713 sanguinis
2958 4648 3286 4714 pereuntium
3321 4626 3535 4701 anima-

1961 4747 2099 4796 rum,
2131 4747 2311 4785 eorum
2346 4732 2439 4801 qui
2473 4733 2829 4788 scandalizati
2856 4737 3071 4803 [uerunt
3097 4740 3153 4791 in
3191 4741 3438 4808 mysterio
3470 4742 3540 4809 [i-

1960 4822 2175 4891 dei,qui
2197 4823 2584 4878 intolerabilem
2617 4825 2999 4895 blasphemiam
3030 4839 3077 4881 et
3115 4831 3535 4885 irremissibilem

1962 4923 2147 4968 contra
2191 4914 2451 4985 Spiritum
2512 4928 2754 4971 sanctum
2795 4920 3189 4988 amplerisunt,
3219 4924 3405 4991 quique
3436 4939 3536 4975 au-

1959 5007 2080 5060 dent
2108 5010 2176 5061 ad
2197 5011 2303 5062 duo
2332 5012 2596 5079 principia
2621 5011 2734 5080 ejus
2769 5013 3164 5069 subsistentiam
3194 5016 3409 5084 referre,
3443 5019 3533 5085 qui

1958 5099 2246 5169 illegitimis
2266 5100 2581 5157 Latinorum
2600 5105 2794 5161 ritibus
2814 5108 3007 5162 abduci
3033 5125 3086 5162 se
3109 5110 3256 5177 passi
3282 5121 3422 5163 sunt.

2032 5236 2179 5290 lianc
2225 5236 2521 5307 Epistolam
2550 5238 2837 5299 Florentiae
2866 5248 3126 5313 scriptam
3152 5247 3396 5316 Oportuit
3421 5256 3533 5298 sta-

1963 5330 2059 5379 tim
2097 5340 2259 5397 atque
2293 5328 2617 5388 Scholarius
2642 5337 2946 5391 orationem
2980 5339 3129 5391 illam
3162 5338 3527 5397 exhibuisset.
3612 5324 3619 5333 ί

1962 5421 2123 5489 cujus
2157 5422 2207 5475 in
2242 5426 2379 5478 actis
2408 5424 2614 5483 Graecis
2650 5431 2853 5485 mentio
2891 5440 2996 5496 est,
3031 5432 3114 5484 vel
3140 5431 3331 5484 saltem
3368 5430 3531 5497 paulo

1966 5528 2253 5584 posujuatn
2303 5518 2820 5592 Constantinopolin
2872 5522 3045 5577 Graeci
3084 5523 3381 5576 redierunt.
3424 5520 3534 5574 Nc-

1965 5623 2067 5676 quc
2108 5608 2335 5664 interest
2388 5613 2532 5681 quod
2572 5624 2801 5685 uterque
2831 5615 3100 5685 Ephesius
3128 5624 3181 5669 et
3215 5613 3536 5670 Scholarius
