  <div class='ocr_page' id='page_1' title='image "/cluster/home/n/w/nwhite01/storage/ocr_20150623/160/hvd.32044036446961/161.png"; bbox 0 0 3998 6464; ppageno 0'>
   <div class='ocr_carea' id='block_1_1' title="bbox 490 256 606 324">
    <p class='ocr_par' dir='ltr' id='par_1_1' title="bbox 490 256 606 324">
     <span class='ocr_line' id='line_1_1' title="bbox 490 256 606 324; baseline 0.034 -4"><span class='ocrx_word' id='word_1_1' title='bbox 490 256 606 324; x_wconf 61' lang='grc' dir='ltr'><strong>ξτι</strong></span> 
     </span>
    </p>
   </div>
   <div class='ocr_carea' id='block_1_2' title="bbox 1557 256 2647 322">
    <p class='ocr_par' dir='ltr' id='par_1_2' title="bbox 1557 256 2647 322">
     <span class='ocr_line' id='line_1_2' title="bbox 1557 256 2647 322; baseline 0.006 -7"><span class='ocrx_word' id='word_1_2' title='bbox 1557 256 1943 317; x_wconf 79' lang='lat' dir='ltr'><strong>GENNADII</strong></span> <span class='ocrx_word' id='word_1_3' title='bbox 1983 259 2089 318; x_wconf 73' lang='lat' dir='ltr'><strong>UP.</strong></span> <span class='ocrx_word' id='word_1_4' title='bbox 2124 260 2647 322; x_wconf 75' lang='lat' dir='ltr'><strong>PA&#39;I‘RIARCIL’E</strong></span> 
     </span>
    </p>
   </div>
   <div class='ocr_carea' id='block_1_3' title="bbox 3702 278 3830 323">
    <p class='ocr_par' dir='ltr' id='par_1_3' title="bbox 3702 278 3830 323">
     <span class='ocr_line' id='line_1_3' title="bbox 3702 278 3830 323; baseline 0 0"><span class='ocrx_word' id='word_1_5' title='bbox 3702 278 3830 323; x_wconf 61' lang='lat'><strong>9&#39;73</strong></span> 
     </span>
    </p>
   </div>
   <div class='ocr_carea' id='block_1_4' title="bbox 3704 308 3825 339">
    <p class='ocr_par' dir='ltr' id='par_1_4' title="bbox 3704 308 3825 339">
     <span class='ocr_line' id='line_1_4' title="bbox 3704 308 3825 339; baseline 0 0"><span class='ocrx_word' id='word_1_6' title='bbox 3704 308 3825 339; x_wconf 63' lang='grc' dir='ltr'><strong>Ζιλε</strong></span> 
     </span>
    </p>
   </div>
   <div class='ocr_carea' id='block_1_5' title="bbox 506 369 3822 449">
    <p class='ocr_par' dir='ltr' id='par_1_5' title="bbox 506 369 3822 449">
     <span class='ocr_line' id='line_1_5' title="bbox 506 369 3822 449; baseline 0.001 -12"><span class='ocrx_word' id='word_1_7' title='bbox 506 377 803 437; x_wconf 65' lang='lat' dir='ltr'><strong>Florentia:</strong></span> <span class='ocrx_word' id='word_1_8' title='bbox 856 372 1020 432; x_wconf 81' lang='lat' dir='ltr'><strong>simul</strong></span> <span class='ocrx_word' id='word_1_9' title='bbox 1052 376 1263 431; x_wconf 88' lang='lat' dir='ltr'><strong>essent.</strong></span> <span class='ocrx_word' id='word_1_10' title='bbox 1313 369 1421 428; x_wconf 88' lang='lat' dir='ltr'><strong>Sed</strong></span> <span class='ocrx_word' id='word_1_11' title='bbox 1461 370 1758 445; x_wconf 80' lang='lat' dir='ltr'><strong>Ephesium</strong></span> <span class='ocrx_word' id='word_1_12' title='bbox 1790 370 2095 428; x_wconf 81' lang='lat' dir='ltr'><strong>verisimile</strong></span> <span class='ocrx_word' id='word_1_13' title='bbox 2119 380 2171 441; x_wconf 74' lang='grc' dir='ltr'><strong>Α</strong></span> <span class='ocrx_word' id='word_1_14' title='bbox 2196 376 2408 433; x_wconf 66' lang='lat' dir='ltr'><strong>ciendz</strong></span> <span class='ocrx_word' id='word_1_15' title='bbox 2437 380 2713 436; x_wconf 87' lang='lat' dir='ltr'><strong>sententia</strong></span> <span class='ocrx_word' id='word_1_16' title='bbox 2755 379 2936 437; x_wconf 84' lang='lat' dir='ltr'><strong>tuisse</strong></span> <span class='ocrx_word' id='word_1_17' title='bbox 2993 381 3356 449; x_wconf 82' lang='lat' dir='ltr'><strong>existimavit,</strong></span> <span class='ocrx_word' id='word_1_18' title='bbox 3412 400 3523 441; x_wconf 92' lang='lat' dir='ltr'><strong>non</strong></span> <span class='ocrx_word' id='word_1_19' title='bbox 3588 389 3822 442; x_wconf 78' lang='lat' dir='ltr'><strong>mirum</strong></span> 
     </span>
    </p>
   </div>
   <div class='ocr_carea' id='block_1_6' title="bbox 490 464 2092 544">
    <p class='ocr_par' dir='ltr' id='par_1_6' title="bbox 490 464 2092 544">
     <span class='ocr_line' id='line_1_6' title="bbox 490 464 2092 544; baseline -0.009 -12"><span class='ocrx_word' id='word_1_20' title='bbox 490 486 589 531; x_wconf 87' lang='lat' dir='ltr'><strong>est</strong></span> <span class='ocrx_word' id='word_1_21' title='bbox 647 488 757 544; x_wconf 87' lang='lat' dir='ltr'><strong>quo</strong></span> <span class='ocrx_word' id='word_1_22' title='bbox 810 471 933 542; x_wconf 80' lang='lat' dir='ltr'><strong>plus</strong></span> <span class='ocrx_word' id='word_1_23' title='bbox 973 469 1204 524; x_wconf 89' lang='lat' dir='ltr'><strong>haberet</strong></span> <span class='ocrx_word' id='word_1_24' title='bbox 1244 466 1504 538; x_wconf 87' lang='lat' dir='ltr'><strong>ponderis</strong></span> <span class='ocrx_word' id='word_1_25' title='bbox 1533 464 1654 535; x_wconf 75' lang='lat' dir='ltr'><strong>eius</strong></span> <span class='ocrx_word' id='word_1_26' title='bbox 1704 466 1885 522; x_wconf 80' lang='lat' dir='ltr'><strong>oratio</strong></span> <span class='ocrx_word' id='word_1_27' title='bbox 1910 504 1929 530; x_wconf 87' lang='lat'><strong>,</strong></span> <span class='ocrx_word' id='word_1_28' title='bbox 1970 480 2092 521; x_wconf 91' lang='lat' dir='ltr'><strong>eam</strong></span> 
     </span>
    </p>
   </div>
   <div class='ocr_carea' id='block_1_7' title="bbox 486 559 2097 639">
    <p class='ocr_par' dir='ltr' id='par_1_7' title="bbox 486 559 2097 639">
     <span class='ocr_line' id='line_1_7' title="bbox 486 559 2097 639; baseline -0.009 -14"><span class='ocrx_word' id='word_1_29' title='bbox 486 569 706 639; x_wconf 79' lang='lat' dir='ltr'><strong>scripto</strong></span> <span class='ocrx_word' id='word_1_30' title='bbox 738 561 1240 633; x_wconf 80' lang='lat' dir='ltr'><strong>comprehendisse.</strong></span> <span class='ocrx_word' id='word_1_31' title='bbox 1272 559 1420 616; x_wconf 88' lang='lat' dir='ltr'><strong>Sane</strong></span> <span class='ocrx_word' id='word_1_32' title='bbox 1457 568 1570 616; x_wconf 88' lang='lat' dir='ltr'><strong>tam</strong></span> <span class='ocrx_word' id='word_1_33' title='bbox 1617 559 1907 631; x_wconf 79' lang='lat' dir='ltr'><strong>perspicue</strong></span> <span class='ocrx_word' id='word_1_34' title='bbox 1930 573 2097 629; x_wconf 82' lang='lat' dir='ltr'><strong>syno-</strong></span> 
     </span>
    </p>
   </div>
   <div class='ocr_carea' id='block_1_8' title="bbox 509 652 2092 724">
    <p class='ocr_par' dir='ltr' id='par_1_8' title="bbox 509 652 2092 724">
     <span class='ocr_line' id='line_1_8' title="bbox 509 652 2092 724; baseline -0.007 -6"><span class='ocrx_word' id='word_1_35' title='bbox 509 662 641 718; x_wconf 89' lang='lat' dir='ltr'><strong>dum</strong></span> <span class='ocrx_word' id='word_1_36' title='bbox 692 657 1071 717; x_wconf 81' lang='lat' dir='ltr'><strong>Florentinam</strong></span> <span class='ocrx_word' id='word_1_37' title='bbox 1113 652 1393 724; x_wconf 84' lang='lat' dir='ltr'><strong>designat,</strong></span> <span class='ocrx_word' id='word_1_38' title='bbox 1445 660 1506 709; x_wconf 92' lang='lat' dir='ltr'><strong>ut</strong></span> <span class='ocrx_word' id='word_1_39' title='bbox 1549 652 1786 709; x_wconf 76' lang='lat' dir='ltr'><strong>Allatius</strong></span> <span class='ocrx_word' id='word_1_40' title='bbox 1824 652 1964 722; x_wconf 90' lang='lat' dir='ltr'><strong>ipse,</strong></span> <span class='ocrx_word' id='word_1_41' title='bbox 1995 652 2092 723; x_wconf 89' lang='lat' dir='ltr'><strong>qui</strong></span> 
     </span>
    </p>
   </div>
   <div class='ocr_carea' id='block_1_9' title="bbox 511 746 2096 822">
    <p class='ocr_par' dir='ltr' id='par_1_9' title="bbox 511 746 2096 822">
     <span class='ocr_line' id='line_1_9' title="bbox 511 746 2096 822; baseline -0.005 -13"><span class='ocrx_word' id='word_1_42' title='bbox 511 753 687 809; x_wconf 90' lang='lat' dir='ltr'><strong>nodos</strong></span> <span class='ocrx_word' id='word_1_43' title='bbox 716 748 990 822; x_wconf 82' lang='lat' dir='ltr'><strong>ejusmodi</strong></span> <span class='ocrx_word' id='word_1_44' title='bbox 1025 748 1232 818; x_wconf 63' lang='lat' dir='ltr'><strong>saepius</strong></span> <span class='ocrx_word' id='word_1_45' title='bbox 1260 746 1579 802; x_wconf 79' lang='lat' dir='ltr'><strong>rescindere</strong></span> <span class='ocrx_word' id='word_1_46' title='bbox 1608 760 1781 817; x_wconf 82' lang='lat' dir='ltr'><strong>quam</strong></span> <span class='ocrx_word' id='word_1_47' title='bbox 1819 746 2096 815; x_wconf 74' lang='lat' dir='ltr'><strong>explicare</strong></span> 
     </span>
    </p>
   </div>
   <div class='ocr_carea' id='block_1_10' title="bbox 502 838 2096 916">
    <p class='ocr_par' dir='ltr' id='par_1_10' title="bbox 502 838 2096 916">
     <span class='ocr_line' id='line_1_10' title="bbox 502 838 2096 916; baseline -0.006 -13"><span class='ocrx_word' id='word_1_48' title='bbox 502 847 665 911; x_wconf 90' lang='lat' dir='ltr'><strong>solet,</strong></span> <span class='ocrx_word' id='word_1_49' title='bbox 699 860 897 916; x_wconf 87' lang='lat' dir='ltr'><strong>aquam</strong></span> <span class='ocrx_word' id='word_1_50' title='bbox 932 841 1038 899; x_wconf 90' lang='lat' dir='ltr'><strong>sibi</strong></span> <span class='ocrx_word' id='word_1_51' title='bbox 1072 843 1280 897; x_wconf 70' lang='lat' dir='ltr'><strong>haerere</strong></span> <span class='ocrx_word' id='word_1_52' title='bbox 1327 854 1437 895; x_wconf 87' lang='lat' dir='ltr'><strong>non</strong></span> <span class='ocrx_word' id='word_1_53' title='bbox 1504 838 1821 902; x_wconf 78' lang='lat' dir='ltr'><strong>dilliteatur,</strong></span> <span class='ocrx_word' id='word_1_54' title='bbox 1867 841 1962 895; x_wconf 81' lang='lat' dir='ltr'><strong>sed</strong></span> <span class='ocrx_word' id='word_1_55' title='bbox 2006 854 2096 894; x_wconf 87' lang='lat' dir='ltr'><strong>re-</strong></span> 
     </span>
    </p>
   </div>
   <div class='ocr_carea' id='block_1_11' title="bbox 503 931 2090 994">
    <p class='ocr_par' dir='ltr' id='par_1_11' title="bbox 503 931 2090 994">
     <span class='ocr_line' id='line_1_11' title="bbox 503 931 2090 994; baseline -0.005 0"><span class='ocrx_word' id='word_1_56' title='bbox 503 939 676 994; x_wconf 89' lang='lat' dir='ltr'><strong>currit</strong></span> <span class='ocrx_word' id='word_1_57' title='bbox 715 937 780 991; x_wconf 85' lang='lat' dir='ltr'><strong>ad</strong></span> <span class='ocrx_word' id='word_1_58' title='bbox 813 951 977 992; x_wconf 90' lang='lat' dir='ltr'><strong>suum</strong></span> <span class='ocrx_word' id='word_1_59' title='bbox 1010 934 1164 989; x_wconf 89' lang='lat' dir='ltr'><strong>illum</strong></span> <span class='ocrx_word' id='word_1_60' title='bbox 1201 931 1550 988; x_wconf 81' lang='lat' dir='ltr'><strong>Scholariunt</strong></span> <span class='ocrx_word' id='word_1_61' title='bbox 1596 932 1715 988; x_wconf 88' lang='lat' dir='ltr'><strong>sive</strong></span> <span class='ocrx_word' id='word_1_62' title='bbox 1742 931 2090 987; x_wconf 80' lang='lat' dir='ltr'><strong>Gennadium</strong></span> 
     </span>
    </p>
   </div>
   <div class='ocr_carea' id='block_1_12' title="bbox 496 1025 2089 1099">
    <p class='ocr_par' dir='ltr' id='par_1_12' title="bbox 496 1025 2089 1099">
     <span class='ocr_line' id='line_1_12' title="bbox 496 1025 2089 1099; baseline -0.008 -7"><span class='ocrx_word' id='word_1_63' title='bbox 496 1033 940 1094; x_wconf 73' lang='lat' dir='ltr'><strong>schismaticum,</strong></span> <span class='ocrx_word' id='word_1_64' title='bbox 974 1030 1041 1085; x_wconf 89' lang='lat' dir='ltr'><strong>ad</strong></span> <span class='ocrx_word' id='word_1_65' title='bbox 1065 1042 1229 1099; x_wconf 86' lang='lat' dir='ltr'><strong>quem</strong></span> <span class='ocrx_word' id='word_1_66' title='bbox 1246 1028 1428 1083; x_wconf 92' lang='lat' dir='ltr'><strong>datam</strong></span> <span class='ocrx_word' id='word_1_67' title='bbox 1464 1025 1787 1092; x_wconf 74' lang='lat' dir='ltr'><strong>arbitratur,</strong></span> <span class='ocrx_word' id='word_1_68' title='bbox 1827 1026 1975 1082; x_wconf 87' lang='lat' dir='ltr'><strong>nulla</strong></span> <span class='ocrx_word' id='word_1_69' title='bbox 2001 1039 2089 1080; x_wconf 87' lang='lat' dir='ltr'><strong>ra-</strong></span> 
     </span>
    </p>
   </div>
   <div class='ocr_carea' id='block_1_13' title="bbox 502 1119 2087 1195">
    <p class='ocr_par' dir='ltr' id='par_1_13' title="bbox 502 1119 2087 1195">
     <span class='ocr_line' id='line_1_13' title="bbox 502 1119 2087 1195; baseline -0.008 -10"><span class='ocrx_word' id='word_1_70' title='bbox 502 1134 656 1185; x_wconf 84' lang='lat' dir='ltr'><strong>tione</strong></span> <span class='ocrx_word' id='word_1_71' title='bbox 683 1126 879 1191; x_wconf 86' lang='lat' dir='ltr'><strong>l‘nltus,</strong></span> <span class='ocrx_word' id='word_1_72' title='bbox 906 1138 1071 1195; x_wconf 91' lang='lat' dir='ltr'><strong>quam</strong></span> <span class='ocrx_word' id='word_1_73' title='bbox 1097 1121 1244 1193; x_wconf 90' lang='lat' dir='ltr'><strong>quod</strong></span> <span class='ocrx_word' id='word_1_74' title='bbox 1272 1122 1318 1176; x_wconf 92' lang='lat' dir='ltr'><strong>si</strong></span> <span class='ocrx_word' id='word_1_75' title='bbox 1352 1120 1419 1175; x_wconf 89' lang='lat' dir='ltr'><strong>ad</strong></span> <span class='ocrx_word' id='word_1_76' title='bbox 1445 1119 1793 1176; x_wconf 83' lang='lat' dir='ltr'><strong>Scholarium</strong></span> <span class='ocrx_word' id='word_1_77' title='bbox 1825 1120 1921 1189; x_wconf 87' lang='lat' dir='ltr'><strong>qui</strong></span> <span class='ocrx_word' id='word_1_78' title='bbox 1962 1134 2087 1173; x_wconf 90' lang='lat' dir='ltr'><strong>cum</strong></span> 
     </span>
    </p>
   </div>
   <div class='ocr_carea' id='block_1_14' title="bbox 504 1211 2094 1292">
    <p class='ocr_par' dir='ltr' id='par_1_14' title="bbox 504 1211 2094 1292">
     <span class='ocr_line' id='line_1_14' title="bbox 504 1211 2094 1292; baseline -0.008 -16"><span class='ocrx_word' id='word_1_79' title='bbox 504 1225 841 1292; x_wconf 79' lang='lat' dir='ltr'><strong>imperatore</strong></span> <span class='ocrx_word' id='word_1_80' title='bbox 868 1217 937 1273; x_wconf 86' lang='lat' dir='ltr'><strong>ad</strong></span> <span class='ocrx_word' id='word_1_81' title='bbox 964 1215 1262 1272; x_wconf 89' lang='lat' dir='ltr'><strong>concilium</strong></span> <span class='ocrx_word' id='word_1_82' title='bbox 1290 1213 1468 1279; x_wconf 90' lang='lat' dir='ltr'><strong>venit,</strong></span> <span class='ocrx_word' id='word_1_83' title='bbox 1502 1212 1707 1282; x_wconf 90' lang='lat' dir='ltr'><strong>scripta</strong></span> <span class='ocrx_word' id='word_1_84' title='bbox 1728 1211 1825 1275; x_wconf 89' lang='lat' dir='ltr'><strong>sit,</strong></span> <span class='ocrx_word' id='word_1_85' title='bbox 1852 1211 2094 1266; x_wconf 84' lang='lat' dir='ltr'><strong>concidit</strong></span> 
     </span>
    </p>
   </div>
   <div class='ocr_carea' id='block_1_15' title="bbox 504 1304 2083 1375">
    <p class='ocr_par' dir='ltr' id='par_1_15' title="bbox 504 1304 2083 1375">
     <span class='ocr_line' id='line_1_15' title="bbox 504 1304 2083 1375; baseline -0.006 -5"><span class='ocrx_word' id='word_1_86' title='bbox 504 1327 617 1372; x_wconf 89' lang='lat' dir='ltr'><strong>tota</strong></span> <span class='ocrx_word' id='word_1_87' title='bbox 645 1315 883 1369; x_wconf 88' lang='lat' dir='ltr'><strong>duorum</strong></span> <span class='ocrx_word' id='word_1_88' title='bbox 920 1308 1333 1365; x_wconf 85' lang='lat' dir='ltr'><strong>Gennadiorum</strong></span> <span class='ocrx_word' id='word_1_89' title='bbox 1370 1304 1584 1360; x_wconf 84' lang='lat' dir='ltr'><strong>labula.</strong></span> <span class='ocrx_word' id='word_1_90' title='bbox 1614 1305 1681 1359; x_wconf 84' lang='lat' dir='ltr'><strong>At</strong></span> <span class='ocrx_word' id='word_1_91' title='bbox 1713 1320 1838 1361; x_wconf 87' lang='lat' dir='ltr'><strong>cum</strong></span> <span class='ocrx_word' id='word_1_92' title='bbox 1871 1304 2083 1375; x_wconf 84' lang='lat' dir='ltr'><strong>liquido</strong></span> 
     </span>
    </p>
   </div>
   <div class='ocr_carea' id='block_1_16' title="bbox 503 1396 2089 1479">
    <p class='ocr_par' dir='ltr' id='par_1_16' title="bbox 503 1396 2089 1479">
     <span class='ocr_line' id='line_1_16' title="bbox 503 1396 2089 1479; baseline -0.009 -15"><span class='ocrx_word' id='word_1_93' title='bbox 503 1415 770 1479; x_wconf 87' lang='lat' dir='ltr'><strong>appareat</strong></span> <span class='ocrx_word' id='word_1_94' title='bbox 794 1418 902 1458; x_wconf 91' lang='lat' dir='ltr'><strong>non</strong></span> <span class='ocrx_word' id='word_1_95' title='bbox 923 1401 1091 1456; x_wconf 88' lang='lat' dir='ltr'><strong>alium</strong></span> <span class='ocrx_word' id='word_1_96' title='bbox 1126 1399 1229 1453; x_wconf 91' lang='lat' dir='ltr'><strong>hoc</strong></span> <span class='ocrx_word' id='word_1_97' title='bbox 1261 1398 1380 1454; x_wconf 89' lang='lat' dir='ltr'><strong>loco</strong></span> <span class='ocrx_word' id='word_1_98' title='bbox 1401 1396 1699 1468; x_wconf 80' lang='lat' dir='ltr'><strong>designari,</strong></span> <span class='ocrx_word' id='word_1_99' title='bbox 1721 1411 1887 1466; x_wconf 89' lang='lat' dir='ltr'><strong>quam</strong></span> <span class='ocrx_word' id='word_1_100' title='bbox 1915 1397 2089 1450; x_wconf 85' lang='lat' dir='ltr'><strong>virum</strong></span> 
     </span>
    </p>
   </div>
   <div class='ocr_carea' id='block_1_17' title="bbox 504 1489 2093 1565">
    <p class='ocr_par' dir='ltr' id='par_1_17' title="bbox 504 1489 2093 1565">
     <span class='ocr_line' id='line_1_17' title="bbox 504 1489 2093 1565; baseline -0.01 -8"><span class='ocrx_word' id='word_1_101' title='bbox 504 1499 908 1560; x_wconf 84' lang='lat' dir='ltr'><strong>doctissimum,</strong></span> <span class='ocrx_word' id='word_1_102' title='bbox 946 1494 1360 1565; x_wconf 82' lang='lat' dir='ltr'><strong>philosophum,</strong></span> <span class='ocrx_word' id='word_1_103' title='bbox 1405 1492 1461 1546; x_wconf 94' lang='lat' dir='ltr'><strong>in</strong></span> <span class='ocrx_word' id='word_1_104' title='bbox 1502 1490 1844 1560; x_wconf 88' lang='lat' dir='ltr'><strong>amplissima</strong></span> <span class='ocrx_word' id='word_1_105' title='bbox 1908 1489 2093 1560; x_wconf 82' lang='lat' dir='ltr'><strong>digni-</strong></span> 
     </span>
    </p>
   </div>
   <div class='ocr_carea' id='block_1_18' title="bbox 414 1583 2092 1660">
    <p class='ocr_par' dir='ltr' id='par_1_18' title="bbox 414 1583 2092 1660">
     <span class='ocr_line' id='line_1_18' title="bbox 414 1583 2092 1660; baseline -0.008 -11"><span class='ocrx_word' id='word_1_106' title='bbox 414 1588 427 1595; x_wconf 81' lang='grc'><strong>’</strong></span> <span class='ocrx_word' id='word_1_107' title='bbox 504 1603 619 1649; x_wconf 88' lang='lat' dir='ltr'><strong>tate</strong></span> <span class='ocrx_word' id='word_1_108' title='bbox 658 1590 1050 1652; x_wconf 89' lang='lat' dir='ltr'><strong>constitutum,</strong></span> <span class='ocrx_word' id='word_1_109' title='bbox 1083 1586 1177 1660; x_wconf 91' lang='lat' dir='ltr'><strong>qui</strong></span> <span class='ocrx_word' id='word_1_110' title='bbox 1206 1585 1274 1640; x_wconf 87' lang='lat' dir='ltr'><strong>ad</strong></span> <span class='ocrx_word' id='word_1_111' title='bbox 1307 1585 1665 1642; x_wconf 84' lang='lat' dir='ltr'><strong>concordiam</strong></span> <span class='ocrx_word' id='word_1_112' title='bbox 1687 1583 1930 1655; x_wconf 90' lang='lat' dir='ltr'><strong>reliquos</strong></span> <span class='ocrx_word' id='word_1_113' title='bbox 1963 1584 2092 1638; x_wconf 89' lang='lat' dir='ltr'><strong>hor-</strong></span> 
     </span>
    </p>
   </div>
   <div class='ocr_carea' id='block_1_19' title="bbox 505 1677 2089 1754">
    <p class='ocr_par' dir='ltr' id='par_1_19' title="bbox 505 1677 2089 1754">
     <span class='ocr_line' id='line_1_19' title="bbox 505 1677 2089 1754; baseline -0.008 -13"><span class='ocrx_word' id='word_1_114' title='bbox 505 1695 654 1742; x_wconf 88' lang='lat' dir='ltr'><strong>tatus</strong></span> <span class='ocrx_word' id='word_1_115' title='bbox 687 1684 875 1749; x_wconf 82' lang='lat' dir='ltr'><strong>luerit,</strong></span> <span class='ocrx_word' id='word_1_116' title='bbox 906 1682 1052 1754; x_wconf 88' lang='lat' dir='ltr'><strong>quod</strong></span> <span class='ocrx_word' id='word_1_117' title='bbox 1086 1682 1153 1737; x_wconf 89' lang='lat' dir='ltr'><strong>de</strong></span> <span class='ocrx_word' id='word_1_118' title='bbox 1180 1695 1283 1738; x_wconf 90' lang='lat' dir='ltr'><strong>suo</strong></span> <span class='ocrx_word' id='word_1_119' title='bbox 1314 1678 1599 1737; x_wconf 87' lang='lat' dir='ltr'><strong>Genuadio</strong></span> <span class='ocrx_word' id='word_1_120' title='bbox 1628 1677 1997 1735; x_wconf 89' lang='lat' dir='ltr'><strong>schismatico</strong></span> <span class='ocrx_word' id='word_1_121' title='bbox 2021 1689 2089 1729; x_wconf 90' lang='lat' dir='ltr'><strong>ne</strong></span> 
     </span>
    </p>
   </div>
   <div class='ocr_carea' id='block_1_20' title="bbox 504 1770 2087 1853">
    <p class='ocr_par' dir='ltr' id='par_1_20' title="bbox 504 1770 2087 1853">
     <span class='ocr_line' id='line_1_20' title="bbox 504 1770 2087 1853; baseline -0.01 -14"><span class='ocrx_word' id='word_1_122' title='bbox 504 1781 824 1853; x_wconf 80' lang='lat' dir='ltr'><strong>suspicatur</strong></span> <span class='ocrx_word' id='word_1_123' title='bbox 857 1779 1078 1850; x_wconf 86' lang='lat' dir='ltr'><strong>quidem</strong></span> <span class='ocrx_word' id='word_1_124' title='bbox 1123 1775 1361 1830; x_wconf 80' lang='lat' dir='ltr'><strong>Allatius</strong></span> <span class='ocrx_word' id='word_1_125' title='bbox 1383 1816 1400 1841; x_wconf 93' lang='lat'><strong>,</strong></span> <span class='ocrx_word' id='word_1_126' title='bbox 1452 1773 1569 1828; x_wconf 75' lang='lat' dir='ltr'><strong>hzec</strong></span> <span class='ocrx_word' id='word_1_127' title='bbox 1602 1771 1657 1828; x_wconf 91' lang='lat' dir='ltr'><strong>in</strong></span> <span class='ocrx_word' id='word_1_128' title='bbox 1688 1772 1899 1826; x_wconf 82' lang='lat' dir='ltr'><strong>larvam</strong></span> <span class='ocrx_word' id='word_1_129' title='bbox 1940 1770 2087 1824; x_wconf 83' lang='lat' dir='ltr'><strong>illam</strong></span> 
     </span>
    </p>
   </div>
   <div class='ocr_carea' id='block_1_21' title="bbox 502 1865 2091 1944">
    <p class='ocr_par' dir='ltr' id='par_1_21' title="bbox 502 1865 2091 1944">
     <span class='ocr_line' id='line_1_21' title="bbox 502 1865 2091 1944; baseline -0.008 -16"><span class='ocrx_word' id='word_1_130' title='bbox 502 1876 702 1931; x_wconf 78' lang='lat' dir='ltr'><strong>cadere</strong></span> <span class='ocrx_word' id='word_1_131' title='bbox 746 1890 856 1930; x_wconf 90' lang='lat' dir='ltr'><strong>non</strong></span> <span class='ocrx_word' id='word_1_132' title='bbox 900 1878 1154 1944; x_wconf 85' lang='lat' dir='ltr'><strong>possunt,</strong></span> <span class='ocrx_word' id='word_1_133' title='bbox 1198 1868 1548 1925; x_wconf 85' lang='lat' dir='ltr'><strong>Gennadium</strong></span> <span class='ocrx_word' id='word_1_134' title='bbox 1586 1881 1786 1936; x_wconf 86' lang='lat' dir='ltr'><strong>nempe</strong></span> <span class='ocrx_word' id='word_1_135' title='bbox 1828 1865 2091 1930; x_wconf 80' lang='lat' dir='ltr'><strong>alterum,</strong></span> 
     </span>
    </p>
   </div>
   <div class='ocr_carea' id='block_1_22' title="bbox 503 1958 2097 2041">
    <p class='ocr_par' dir='ltr' id='par_1_22' title="bbox 503 1958 2097 2041">
     <span class='ocr_line' id='line_1_22' title="bbox 503 1958 2097 2041; baseline -0.009 -18"><span class='ocrx_word' id='word_1_136' title='bbox 503 1970 598 2041; x_wconf 90' lang='lat' dir='ltr'><strong>qui</strong></span> <span class='ocrx_word' id='word_1_137' title='bbox 635 1968 910 2025; x_wconf 86' lang='lat' dir='ltr'><strong>obscurus</strong></span> <span class='ocrx_word' id='word_1_138' title='bbox 958 1967 1015 2020; x_wconf 91' lang='lat' dir='ltr'><strong>in</strong></span> <span class='ocrx_word' id='word_1_139' title='bbox 1058 1964 1219 2029; x_wconf 87' lang='lat' dir='ltr'><strong>cella,</strong></span> <span class='ocrx_word' id='word_1_140' title='bbox 1253 1964 1376 2020; x_wconf 86' lang='lat' dir='ltr'><strong>solo</strong></span> <span class='ocrx_word' id='word_1_141' title='bbox 1421 1960 1478 2017; x_wconf 91' lang='lat' dir='ltr'><strong>in</strong></span> <span class='ocrx_word' id='word_1_142' title='bbox 1520 1960 1749 2017; x_wconf 86' lang='lat' dir='ltr'><strong>Latinos</strong></span> <span class='ocrx_word' id='word_1_143' title='bbox 1782 1958 1913 2014; x_wconf 91' lang='lat' dir='ltr'><strong>odio</strong></span> <span class='ocrx_word' id='word_1_144' title='bbox 1943 1972 2097 2011; x_wconf 82' lang='lat' dir='ltr'><strong>cotu-</strong></span> 
     </span>
    </p>
   </div>
   <div class='ocr_carea' id='block_1_23' title="bbox 508 2048 2095 2128">
    <p class='ocr_par' dir='ltr' id='par_1_23' title="bbox 508 2048 2095 2128">
     <span class='ocr_line' id='line_1_23' title="bbox 508 2048 2095 2128; baseline -0.008 -11"><span class='ocrx_word' id='word_1_145' title='bbox 508 2063 802 2119; x_wconf 80' lang='lat' dir='ltr'><strong>mendatns</strong></span> <span class='ocrx_word' id='word_1_146' title='bbox 829 2100 842 2126; x_wconf 87' lang='lat'><strong>,</strong></span> <span class='ocrx_word' id='word_1_147' title='bbox 873 2071 1001 2115; x_wconf 87' lang='lat' dir='ltr'><strong>ante</strong></span> <span class='ocrx_word' id='word_1_148' title='bbox 1031 2066 1246 2128; x_wconf 90' lang='lat' dir='ltr'><strong>captam</strong></span> <span class='ocrx_word' id='word_1_149' title='bbox 1281 2055 1480 2111; x_wconf 85' lang='lat' dir='ltr'><strong>urbem</strong></span> <span class='ocrx_word' id='word_1_150' title='bbox 1514 2053 1658 2109; x_wconf 88' lang='lat' dir='ltr'><strong>diem</strong></span> <span class='ocrx_word' id='word_1_151' title='bbox 1686 2066 1852 2123; x_wconf 78' lang='lat' dir='ltr'><strong>suum</strong></span> <span class='ocrx_word' id='word_1_152' title='bbox 1882 2048 2095 2106; x_wconf 88' lang='lat' dir='ltr'><strong>obiisse</strong></span> 
     </span>
    </p>
   </div>
   <div class='ocr_carea' id='block_1_24' title="bbox 502 2157 728 2212">
    <p class='ocr_par' dir='ltr' id='par_1_24' title="bbox 502 2157 728 2212">
     <span class='ocr_line' id='line_1_24' title="bbox 502 2157 728 2212; baseline -0.009 0"><span class='ocrx_word' id='word_1_153' title='bbox 502 2157 728 2212; x_wconf 90' lang='lat' dir='ltr'><strong>dicitur.</strong></span> 
     </span>
    </p>
   </div>
   <div class='ocr_carea' id='block_1_25' title="bbox 572 2239 2099 2305">
    <p class='ocr_par' dir='ltr' id='par_1_25' title="bbox 572 2239 2099 2305">
     <span class='ocr_line' id='line_1_25' title="bbox 572 2239 2099 2305; baseline -0.009 0"><span class='ocrx_word' id='word_1_154' title='bbox 572 2250 777 2305; x_wconf 78' lang='lat' dir='ltr'><strong>Verum</strong></span> <span class='ocrx_word' id='word_1_155' title='bbox 800 2245 903 2301; x_wconf 90' lang='lat' dir='ltr'><strong>etsi</strong></span> <span class='ocrx_word' id='word_1_156' title='bbox 930 2241 1254 2300; x_wconf 89' lang='lat' dir='ltr'><strong>Scholarius</strong></span> <span class='ocrx_word' id='word_1_157' title='bbox 1278 2239 1661 2296; x_wconf 84' lang='lat' dir='ltr'><strong>Florentinam</strong></span> <span class='ocrx_word' id='word_1_158' title='bbox 1686 2239 1946 2294; x_wconf 90' lang='lat' dir='ltr'><strong>unionem</strong></span> <span class='ocrx_word' id='word_1_159' title='bbox 1973 2252 2099 2293; x_wconf 81' lang='lat' dir='ltr'><strong>ora-</strong></span> 
     </span>
    </p>
   </div>
   <div class='ocr_carea' id='block_1_26' title="bbox 503 2330 2097 2401">
    <p class='ocr_par' dir='ltr' id='par_1_26' title="bbox 503 2330 2097 2401">
     <span class='ocr_line' id='line_1_26' title="bbox 503 2330 2097 2401; baseline -0.008 -2"><span class='ocrx_word' id='word_1_160' title='bbox 503 2345 657 2400; x_wconf 83' lang='lat' dir='ltr'><strong>tione</strong></span> <span class='ocrx_word' id='word_1_161' title='bbox 713 2336 1025 2395; x_wconf 82' lang='lat' dir='ltr'><strong>laudaverit</strong></span> <span class='ocrx_word' id='word_1_162' title='bbox 1054 2374 1071 2401; x_wconf 89' lang='lat'><strong>,</strong></span> <span class='ocrx_word' id='word_1_163' title='bbox 1102 2350 1212 2390; x_wconf 91' lang='lat' dir='ltr'><strong>non</strong></span> <span class='ocrx_word' id='word_1_164' title='bbox 1275 2342 1461 2388; x_wconf 91' lang='lat' dir='ltr'><strong>tamen</strong></span> <span class='ocrx_word' id='word_1_165' title='bbox 1521 2346 1645 2389; x_wconf 91' lang='lat' dir='ltr'><strong>eam</strong></span> <span class='ocrx_word' id='word_1_166' title='bbox 1685 2330 2097 2399; x_wconf 85' lang='lat' dir='ltr'><strong>subscriptione</strong></span> 
     </span>
    </p>
   </div>
   <div class='ocr_carea' id='block_1_27' title="bbox 504 2424 2092 2497">
    <p class='ocr_par' dir='ltr' id='par_1_27' title="bbox 504 2424 2092 2497">
     <span class='ocr_line' id='line_1_27' title="bbox 504 2424 2092 2497; baseline -0.009 -5"><span class='ocrx_word' id='word_1_167' title='bbox 504 2436 765 2497; x_wconf 83' lang='lat' dir='ltr'><strong>llrtnavit,</strong></span> <span class='ocrx_word' id='word_1_168' title='bbox 802 2447 928 2488; x_wconf 90' lang='lat' dir='ltr'><strong>cum</strong></span> <span class='ocrx_word' id='word_1_169' title='bbox 966 2430 1093 2485; x_wconf 82' lang='lat' dir='ltr'><strong>laici</strong></span> <span class='ocrx_word' id='word_1_170' title='bbox 1129 2443 1241 2483; x_wconf 92' lang='lat' dir='ltr'><strong>non</strong></span> <span class='ocrx_word' id='word_1_171' title='bbox 1288 2424 1752 2496; x_wconf 88' lang='lat' dir='ltr'><strong>subscripserint.</strong></span> <span class='ocrx_word' id='word_1_172' title='bbox 1784 2424 1966 2493; x_wconf 82' lang='lat' dir='ltr'><strong>Atque</strong></span> <span class='ocrx_word' id='word_1_173' title='bbox 2014 2424 2092 2478; x_wconf 90' lang='lat' dir='ltr'><strong>ita</strong></span> 
     </span>
    </p>
   </div>
   <div class='ocr_carea' id='block_1_28' title="bbox 505 2516 2096 2599">
    <p class='ocr_par' dir='ltr' id='par_1_28' title="bbox 505 2516 2096 2599">
     <span class='ocr_line' id='line_1_28' title="bbox 505 2516 2096 2599; baseline -0.01 -13"><span class='ocrx_word' id='word_1_174' title='bbox 505 2530 641 2586; x_wconf 86' lang='lat' dir='ltr'><strong>nihil</strong></span> <span class='ocrx_word' id='word_1_175' title='bbox 675 2524 1074 2599; x_wconf 84' lang='lat' dir='ltr'><strong>propemodum</strong></span> <span class='ocrx_word' id='word_1_176' title='bbox 1102 2520 1280 2581; x_wconf 68' lang='lat' dir='ltr'><strong>egisse</strong></span> <span class='ocrx_word' id='word_1_177' title='bbox 1320 2517 1428 2576; x_wconf 87' lang='lat' dir='ltr'><strong>sibi</strong></span> <span class='ocrx_word' id='word_1_178' title='bbox 1464 2518 1619 2573; x_wconf 89' lang='lat' dir='ltr'><strong>visus</strong></span> <span class='ocrx_word' id='word_1_179' title='bbox 1648 2524 1756 2585; x_wconf 87' lang='lat' dir='ltr'><strong>est,</strong></span> <span class='ocrx_word' id='word_1_180' title='bbox 1781 2516 1942 2586; x_wconf 87' lang='lat' dir='ltr'><strong>quasi</strong></span> <span class='ocrx_word' id='word_1_181' title='bbox 1967 2530 2096 2571; x_wconf 89' lang='lat' dir='ltr'><strong>ora-</strong></span> 
     </span>
    </p>
   </div>
   <div class='ocr_carea' id='block_1_29' title="bbox 503 2610 2094 2693">
    <p class='ocr_par' dir='ltr' id='par_1_29' title="bbox 503 2610 2094 2693">
     <span class='ocr_line' id='line_1_29' title="bbox 503 2610 2094 2693; baseline -0.01 -14"><span class='ocrx_word' id='word_1_182' title='bbox 503 2624 643 2679; x_wconf 89' lang='lat' dir='ltr'><strong>toris</strong></span> <span class='ocrx_word' id='word_1_183' title='bbox 684 2622 872 2693; x_wconf 87' lang='lat' dir='ltr'><strong>potius</strong></span> <span class='ocrx_word' id='word_1_184' title='bbox 901 2633 1061 2672; x_wconf 88' lang='lat' dir='ltr'><strong>tuore</strong></span> <span class='ocrx_word' id='word_1_185' title='bbox 1091 2612 1425 2671; x_wconf 90' lang='lat' dir='ltr'><strong>sententiam</strong></span> <span class='ocrx_word' id='word_1_186' title='bbox 1476 2610 1716 2668; x_wconf 75' lang='lat' dir='ltr'><strong>dixisset</strong></span> <span class='ocrx_word' id='word_1_187' title='bbox 1767 2610 2094 2680; x_wconf 85' lang='lat' dir='ltr'><strong>imperatori</strong></span> 
     </span>
    </p>
   </div>
   <div class='ocr_carea' id='block_1_30' title="bbox 513 2702 2097 2788">
    <p class='ocr_par' dir='ltr' id='par_1_30' title="bbox 513 2702 2097 2788">
     <span class='ocr_line' id='line_1_30' title="bbox 513 2702 2097 2788; baseline -0.01 -16"><span class='ocrx_word' id='word_1_188' title='bbox 513 2715 936 2788; x_wconf 88' lang='lat' dir='ltr'><strong>perjucundam,</strong></span> <span class='ocrx_word' id='word_1_189' title='bbox 966 2709 1399 2776; x_wconf 68' lang='lat' dir='ltr'><strong>Grazcorumque</strong></span> <span class='ocrx_word' id='word_1_190' title='bbox 1420 2702 1637 2759; x_wconf 77' lang='lat' dir='ltr'><strong>atﬁictis</strong></span> <span class='ocrx_word' id='word_1_191' title='bbox 1656 2702 1821 2759; x_wconf 87' lang='lat' dir='ltr'><strong>rebus</strong></span> <span class='ocrx_word' id='word_1_192' title='bbox 1849 2715 2097 2758; x_wconf 75' lang='lat' dir='ltr'><strong>commo~</strong></span> 
     </span>
    </p>
   </div>
   <div class='ocr_carea' id='block_1_31' title="bbox 504 2797 2095 2875">
    <p class='ocr_par' dir='ltr' id='par_1_31' title="bbox 504 2797 2095 2875">
     <span class='ocr_line' id='line_1_31' title="bbox 504 2797 2095 2875; baseline -0.009 -10"><span class='ocrx_word' id='word_1_193' title='bbox 504 2810 821 2867; x_wconf 89' lang='lat' dir='ltr'><strong>dissimam.</strong></span> <span class='ocrx_word' id='word_1_194' title='bbox 861 2806 1047 2875; x_wconf 86' lang='lat' dir='ltr'><strong>Atque</strong></span> <span class='ocrx_word' id='word_1_195' title='bbox 1083 2803 1160 2859; x_wconf 91' lang='lat' dir='ltr'><strong>ita</strong></span> <span class='ocrx_word' id='word_1_196' title='bbox 1216 2797 1772 2869; x_wconf 83' lang='lat' dir='ltr'><strong>Constantinopolim</strong></span> <span class='ocrx_word' id='word_1_197' title='bbox 1808 2811 2095 2863; x_wconf 79' lang='lat' dir='ltr'><strong>reversus,</strong></span> 
     </span>
    </p>
   </div>
   <div class='ocr_carea' id='block_1_32' title="bbox 504 2887 2095 2972">
    <p class='ocr_par' dir='ltr' id='par_1_32' title="bbox 504 2887 2095 2972">
     <span class='ocr_line' id='line_1_32' title="bbox 504 2887 2095 2972; baseline -0.01 -14"><span class='ocrx_word' id='word_1_198' title='bbox 504 2903 692 2959; x_wconf 82' lang='lat' dir='ltr'><strong>Marco</strong></span> <span class='ocrx_word' id='word_1_199' title='bbox 719 2900 964 2972; x_wconf 87' lang='lat' dir='ltr'><strong>Ephesio</strong></span> <span class='ocrx_word' id='word_1_200' title='bbox 1000 2894 1396 2952; x_wconf 86' lang='lat' dir='ltr'><strong>reconciliatus</strong></span> <span class='ocrx_word' id='word_1_201' title='bbox 1446 2900 1554 2958; x_wconf 90' lang='lat' dir='ltr'><strong>est,</strong></span> <span class='ocrx_word' id='word_1_202' title='bbox 1585 2900 1642 2948; x_wconf 93' lang='lat' dir='ltr'><strong>et</strong></span> <span class='ocrx_word' id='word_1_203' title='bbox 1676 2905 1708 2947; x_wconf 87' lang='lat' dir='ltr'><strong>a</strong></span> <span class='ocrx_word' id='word_1_204' title='bbox 1737 2890 1958 2947; x_wconf 86' lang='lat' dir='ltr'><strong>Latinis</strong></span> <span class='ocrx_word' id='word_1_205' title='bbox 1981 2887 2095 2943; x_wconf 87' lang='lat' dir='ltr'><strong>lle-</strong></span> 
     </span>
    </p>
   </div>
   <div class='ocr_carea' id='block_1_33' title="bbox 506 2981 2094 3066">
    <p class='ocr_par' dir='ltr' id='par_1_33' title="bbox 506 2981 2094 3066">
     <span class='ocr_line' id='line_1_33' title="bbox 506 2981 2094 3066; baseline -0.01 -14"><span class='ocrx_word' id='word_1_206' title='bbox 506 2998 819 3066; x_wconf 87' lang='lat' dir='ltr'><strong>noticisque</strong></span> <span class='ocrx_word' id='word_1_207' title='bbox 850 2992 1223 3058; x_wconf 85' lang='lat' dir='ltr'><strong>abalienatus,</strong></span> <span class='ocrx_word' id='word_1_208' title='bbox 1272 2989 1419 3044; x_wconf 89' lang='lat' dir='ltr'><strong>unde</strong></span> <span class='ocrx_word' id='word_1_209' title='bbox 1459 2986 1517 3042; x_wconf 90' lang='lat' dir='ltr'><strong>in</strong></span> <span class='ocrx_word' id='word_1_210' title='bbox 1542 2982 1773 3040; x_wconf 80' lang='lat' dir='ltr'><strong>Joannis</strong></span> <span class='ocrx_word' id='word_1_211' title='bbox 1825 2981 2094 3038; x_wconf 61' lang='lat' dir='ltr'><strong>Palaoio-</strong></span> 
     </span>
    </p>
   </div>
   <div class='ocr_carea' id='block_1_34' title="bbox 2201 470 3819 548">
    <p class='ocr_par' dir='ltr' id='par_1_34' title="bbox 2201 470 3819 548">
     <span class='ocr_line' id='line_1_34' title="bbox 2201 470 3819 548; baseline 0.005 -22"><span class='ocrx_word' id='word_1_212' title='bbox 2201 470 2248 526; x_wconf 87' lang='lat' dir='ltr'><strong>si</strong></span> <span class='ocrx_word' id='word_1_213' title='bbox 2293 487 2455 541; x_wconf 90' lang='lat' dir='ltr'><strong>quem</strong></span> <span class='ocrx_word' id='word_1_214' title='bbox 2490 472 2689 527; x_wconf 86' lang='lat' dir='ltr'><strong>Latino</strong></span> <span class='ocrx_word' id='word_1_215' title='bbox 2719 475 2929 529; x_wconf 88' lang='lat' dir='ltr'><strong>nomini</strong></span> <span class='ocrx_word' id='word_1_216' title='bbox 2957 474 3399 532; x_wconf 78' lang='lat' dir='ltr'><strong>infensissimum</strong></span> <span class='ocrx_word' id='word_1_217' title='bbox 3422 493 3555 534; x_wconf 89' lang='lat' dir='ltr'><strong>esse</strong></span> <span class='ocrx_word' id='word_1_218' title='bbox 3594 496 3819 548; x_wconf 70' lang='lat' dir='ltr'><strong>negare</strong></span> 
     </span>
    </p>
   </div>
   <div class='ocr_carea' id='block_1_35' title="bbox 2198 567 3817 643">
    <p class='ocr_par' dir='ltr' id='par_1_35' title="bbox 2198 567 3817 643">
     <span class='ocr_line' id='line_1_35' title="bbox 2198 567 3817 643; baseline 0.005 -23"><span class='ocrx_word' id='word_1_219' title='bbox 2198 579 2308 620; x_wconf 90' lang='lat' dir='ltr'><strong>non</strong></span> <span class='ocrx_word' id='word_1_220' title='bbox 2340 573 2575 632; x_wconf 83' lang='lat' dir='ltr'><strong>poterat.</strong></span> <span class='ocrx_word' id='word_1_221' title='bbox 2612 567 2779 622; x_wconf 84' lang='lat' dir='ltr'><strong>alium</strong></span> <span class='ocrx_word' id='word_1_222' title='bbox 2810 567 2982 623; x_wconf 79' lang='lat' dir='ltr'><strong>fuisse</strong></span> <span class='ocrx_word' id='word_1_223' title='bbox 3024 569 3382 625; x_wconf 81' lang='lat' dir='ltr'><strong>existimavit.</strong></span> <span class='ocrx_word' id='word_1_224' title='bbox 3413 572 3580 628; x_wconf 79' lang='lat' dir='ltr'><strong>Alius</strong></span> <span class='ocrx_word' id='word_1_225' title='bbox 3599 590 3817 643; x_wconf 81' lang='lat' dir='ltr'><strong>nempe</strong></span> 
     </span>
    </p>
   </div>
   <div class='ocr_carea' id='block_1_36' title="bbox 2198 658 3816 728">
    <p class='ocr_par' dir='ltr' id='par_1_36' title="bbox 2198 658 3816 728">
     <span class='ocr_line' id='line_1_36' title="bbox 2198 658 3816 728; baseline 0.007 -16"><span class='ocrx_word' id='word_1_226' title='bbox 2198 658 2379 714; x_wconf 76' lang='lat' dir='ltr'><strong>factus</strong></span> <span class='ocrx_word' id='word_1_227' title='bbox 2412 668 2499 715; x_wconf 89' lang='lat' dir='ltr'><strong>est</strong></span> <span class='ocrx_word' id='word_1_228' title='bbox 2530 660 2662 716; x_wconf 85' lang='lat' dir='ltr'><strong>dum</strong></span> <span class='ocrx_word' id='word_1_229' title='bbox 2696 662 2929 718; x_wconf 90' lang='lat' dir='ltr'><strong>mutavit</strong></span> <span class='ocrx_word' id='word_1_230' title='bbox 2960 664 3318 728; x_wconf 86' lang='lat' dir='ltr'><strong>sententiam,</strong></span> <span class='ocrx_word' id='word_1_231' title='bbox 3351 675 3432 719; x_wconf 92' lang='lat' dir='ltr'><strong>tot</strong></span> <span class='ocrx_word' id='word_1_232' title='bbox 3455 665 3816 722; x_wconf 61' lang='lat' dir='ltr'><strong>Graecorum</strong></span> 
     </span>
    </p>
   </div>
   <div class='ocr_carea' id='block_1_37' title="bbox 2198 751 3816 829">
    <p class='ocr_par' dir='ltr' id='par_1_37' title="bbox 2198 751 3816 829">
     <span class='ocr_line' id='line_1_37' title="bbox 2198 751 3816 829; baseline 0.004 -24"><span class='ocrx_word' id='word_1_233' title='bbox 2198 751 2510 807; x_wconf 86' lang='lat' dir='ltr'><strong>antistitum</strong></span> <span class='ocrx_word' id='word_1_234' title='bbox 2571 754 2849 824; x_wconf 78' lang='lat' dir='ltr'><strong>exemplo,</strong></span> <span class='ocrx_word' id='word_1_235' title='bbox 2901 755 2997 823; x_wconf 90' lang='lat' dir='ltr'><strong>qui</strong></span> <span class='ocrx_word' id='word_1_236' title='bbox 3053 756 3248 811; x_wconf 90' lang='lat' dir='ltr'><strong>unioni</strong></span> <span class='ocrx_word' id='word_1_237' title='bbox 3316 759 3816 829; x_wconf 62' lang='lat' dir='ltr'><strong>subscripta-erant,</strong></span> 
     </span>
    </p>
   </div>
   <div class='ocr_carea' id='block_1_38' title="bbox 2194 841 3815 914">
    <p class='ocr_par' dir='ltr' id='par_1_38' title="bbox 2194 841 3815 914">
     <span class='ocr_line' id='line_1_38' title="bbox 2194 841 3815 914; baseline 0.004 -18"><span class='ocrx_word' id='word_1_238' title='bbox 2194 843 2345 910; x_wconf 87' lang='lat' dir='ltr'><strong>quod</strong></span> <span class='ocrx_word' id='word_1_239' title='bbox 2372 841 2698 900; x_wconf 86' lang='lat' dir='ltr'><strong>Scholarius</strong></span> <span class='ocrx_word' id='word_1_240' title='bbox 2734 860 2841 899; x_wconf 89' lang='lat' dir='ltr'><strong>non</strong></span> <span class='ocrx_word' id='word_1_241' title='bbox 2878 844 3107 901; x_wconf 75' lang='lat' dir='ltr'><strong>fecerat.</strong></span> <span class='ocrx_word' id='word_1_242' title='bbox 3136 847 3258 914; x_wconf 84' lang='lat' dir='ltr'><strong>Quo</strong></span> <span class='ocrx_word' id='word_1_243' title='bbox 3290 864 3432 905; x_wconf 82' lang='lat' dir='ltr'><strong>vero</strong></span> <span class='ocrx_word' id='word_1_244' title='bbox 3476 854 3632 902; x_wconf 83' lang='lat' dir='ltr'><strong>circa</strong></span> <span class='ocrx_word' id='word_1_245' title='bbox 3668 849 3815 903; x_wconf 81' lang='lat' dir='ltr'><strong>Flo-</strong></span> 
     </span>
    </p>
   </div>
   <div class='ocr_carea' id='block_1_39' title="bbox 2198 936 3812 1008">
    <p class='ocr_par' dir='ltr' id='par_1_39' title="bbox 2198 936 3812 1008">
     <span class='ocr_line' id='line_1_39' title="bbox 2198 936 3812 1008; baseline 0.005 -20"><span class='ocrx_word' id='word_1_246' title='bbox 2198 936 2473 990; x_wconf 90' lang='lat' dir='ltr'><strong>rentinam</strong></span> <span class='ocrx_word' id='word_1_247' title='bbox 2507 937 2786 1007; x_wconf 85' lang='lat' dir='ltr'><strong>synodum</strong></span> <span class='ocrx_word' id='word_1_248' title='bbox 2818 939 3007 993; x_wconf 87' lang='lat' dir='ltr'><strong>animo</strong></span> <span class='ocrx_word' id='word_1_249' title='bbox 3030 938 3228 1005; x_wconf 76' lang='lat' dir='ltr'><strong>fuerit,</strong></span> <span class='ocrx_word' id='word_1_250' title='bbox 3303 956 3468 995; x_wconf 81' lang='lat' dir='ltr'><strong>nemo</strong></span> <span class='ocrx_word' id='word_1_251' title='bbox 3489 941 3607 1008; x_wconf 77' lang='lat' dir='ltr'><strong>iam</strong></span> <span class='ocrx_word' id='word_1_252' title='bbox 3662 960 3812 997; x_wconf 63' lang='lat' dir='ltr'><strong>con.</strong></span> 
     </span>
    </p>
   </div>
   <div class='ocr_carea' id='block_1_40' title="bbox 2190 1028 3808 1101">
    <p class='ocr_par' dir='ltr' id='par_1_40' title="bbox 2190 1028 3808 1101">
     <span class='ocr_line' id='line_1_40' title="bbox 2190 1028 3808 1101; baseline 0.004 -19"><span class='ocrx_word' id='word_1_253' title='bbox 2190 1028 2422 1098; x_wconf 80' lang='lat' dir='ltr'><strong>jecturis</strong></span> <span class='ocrx_word' id='word_1_254' title='bbox 2443 1030 2665 1099; x_wconf 83' lang='lat' dir='ltr'><strong>assequi</strong></span> <span class='ocrx_word' id='word_1_255' title='bbox 2705 1030 3012 1086; x_wconf 88' lang='lat' dir='ltr'><strong>divinando</strong></span> <span class='ocrx_word' id='word_1_256' title='bbox 3070 1031 3258 1098; x_wconf 87' lang='lat' dir='ltr'><strong>debet,</strong></span> <span class='ocrx_word' id='word_1_257' title='bbox 3291 1033 3385 1088; x_wconf 87' lang='lat' dir='ltr'><strong>sed</strong></span> <span class='ocrx_word' id='word_1_258' title='bbox 3420 1033 3546 1101; x_wconf 87' lang='lat' dir='ltr'><strong>ejus</strong></span> <span class='ocrx_word' id='word_1_259' title='bbox 3580 1037 3808 1088; x_wconf 81' lang='lat' dir='ltr'><strong>oratio-</strong></span> 
     </span>
    </p>
   </div>
   <div class='ocr_carea' id='block_1_41' title="bbox 2197 1120 3803 1194">
    <p class='ocr_par' dir='ltr' id='par_1_41' title="bbox 2197 1120 3803 1194">
     <span class='ocr_line' id='line_1_41' title="bbox 2197 1120 3803 1194; baseline 0.003 -19"><span class='ocrx_word' id='word_1_260' title='bbox 2197 1121 2362 1177; x_wconf 82' lang='lat' dir='ltr'><strong>nibus</strong></span> <span class='ocrx_word' id='word_1_261' title='bbox 2392 1120 2645 1178; x_wconf 84' lang='lat' dir='ltr'><strong>credere.</strong></span> <span class='ocrx_word' id='word_1_262' title='bbox 2671 1122 2953 1194; x_wconf 54' lang='lat' dir='ltr'><strong>Pra’cipua</strong></span> <span class='ocrx_word' id='word_1_263' title='bbox 2990 1134 3076 1180; x_wconf 90' lang='lat' dir='ltr'><strong>est</strong></span> <span class='ocrx_word' id='word_1_264' title='bbox 3121 1126 3488 1181; x_wconf 87' lang='lat' dir='ltr'><strong>valedictoria</strong></span> <span class='ocrx_word' id='word_1_265' title='bbox 3515 1127 3586 1180; x_wconf 91' lang='lat' dir='ltr'><strong>ad</strong></span> <span class='ocrx_word' id='word_1_266' title='bbox 3634 1126 3803 1182; x_wconf 87' lang='lat' dir='ltr'><strong>Con-</strong></span> 
     </span>
    </p>
   </div>
   <div class='ocr_carea' id='block_1_42' title="bbox 2197 1213 3805 1285">
    <p class='ocr_par' dir='ltr' id='par_1_42' title="bbox 2197 1213 3805 1285">
     <span class='ocr_line' id='line_1_42' title="bbox 2197 1213 3805 1285; baseline 0.002 -16"><span class='ocrx_word' id='word_1_267' title='bbox 2197 1213 2532 1277; x_wconf 87' lang='lat' dir='ltr'><strong>stantinnm,</strong></span> <span class='ocrx_word' id='word_1_268' title='bbox 2562 1215 2617 1269; x_wconf 91' lang='lat' dir='ltr'><strong>in</strong></span> <span class='ocrx_word' id='word_1_269' title='bbox 2658 1229 2769 1285; x_wconf 90' lang='lat' dir='ltr'><strong>qua</strong></span> <span class='ocrx_word' id='word_1_270' title='bbox 2802 1231 2912 1271; x_wconf 91' lang='lat' dir='ltr'><strong>non</strong></span> <span class='ocrx_word' id='word_1_271' title='bbox 2947 1218 3113 1271; x_wconf 84' lang='lat' dir='ltr'><strong>aliam</strong></span> <span class='ocrx_word' id='word_1_272' title='bbox 3143 1217 3388 1273; x_wconf 88' lang='lat' dir='ltr'><strong>inimicis</strong></span> <span class='ocrx_word' id='word_1_273' title='bbox 3420 1221 3541 1274; x_wconf 85' lang='lat' dir='ltr'><strong>suis</strong></span> <span class='ocrx_word' id='word_1_274' title='bbox 3582 1221 3805 1273; x_wconf 84' lang='lat' dir='ltr'><strong>calum-</strong></span> 
     </span>
    </p>
   </div>
   <div class='ocr_carea' id='block_1_43' title="bbox 2190 1307 3804 1384">
    <p class='ocr_par' dir='ltr' id='par_1_43' title="bbox 2190 1307 3804 1384">
     <span class='ocr_line' id='line_1_43' title="bbox 2190 1307 3804 1384; baseline 0.004 -24"><span class='ocrx_word' id='word_1_275' title='bbox 2190 1307 2384 1361; x_wconf 86' lang='lat' dir='ltr'><strong>niandi</strong></span> <span class='ocrx_word' id='word_1_276' title='bbox 2417 1322 2644 1363; x_wconf 85' lang='lat' dir='ltr'><strong>causam</strong></span> <span class='ocrx_word' id='word_1_277' title='bbox 2676 1307 2849 1366; x_wconf 79' lang='lat' dir='ltr'><strong>fuisse</strong></span> <span class='ocrx_word' id='word_1_278' title='bbox 2881 1318 3145 1373; x_wconf 86' lang='lat' dir='ltr'><strong>testatur.</strong></span> <span class='ocrx_word' id='word_1_279' title='bbox 3176 1327 3342 1382; x_wconf 89' lang='lat' dir='ltr'><strong>quam</strong></span> <span class='ocrx_word' id='word_1_280' title='bbox 3365 1313 3511 1384; x_wconf 73' lang='lat' dir='ltr'><strong>quod</strong></span> <span class='ocrx_word' id='word_1_281' title='bbox 3546 1314 3804 1367; x_wconf 67' lang='lat' dir='ltr'><strong>innova-</strong></span> 
     </span>
    </p>
   </div>
   <div class='ocr_carea' id='block_1_44' title="bbox 2196 1397 3802 1473">
    <p class='ocr_par' dir='ltr' id='par_1_44' title="bbox 2196 1397 3802 1473">
     <span class='ocr_line' id='line_1_44' title="bbox 2196 1397 3802 1473; baseline 0.007 -23"><span class='ocrx_word' id='word_1_282' title='bbox 2196 1397 2332 1452; x_wconf 90' lang='lat' dir='ltr'><strong>tioni</strong></span> <span class='ocrx_word' id='word_1_283' title='bbox 2366 1414 2461 1467; x_wconf 90' lang='lat' dir='ltr'><strong>per</strong></span> <span class='ocrx_word' id='word_1_284' title='bbox 2494 1399 2878 1457; x_wconf 82' lang='lat' dir='ltr'><strong>deﬁnitionem</strong></span> <span class='ocrx_word' id='word_1_285' title='bbox 2909 1403 3229 1473; x_wconf 81' lang='lat' dir='ltr'><strong>synodalem</strong></span> <span class='ocrx_word' id='word_1_286' title='bbox 3277 1404 3595 1461; x_wconf 69' lang='lat' dir='ltr'><strong>factaetotis</strong></span> <span class='ocrx_word' id='word_1_287' title='bbox 3655 1408 3802 1461; x_wconf 74' lang='lat' dir='ltr'><strong>viri-</strong></span> 
     </span>
    </p>
   </div>
   <div class='ocr_carea' id='block_1_45' title="bbox 2195 1490 3803 1567">
    <p class='ocr_par' dir='ltr' id='par_1_45' title="bbox 2195 1490 3803 1567">
     <span class='ocr_line' id='line_1_45' title="bbox 2195 1490 3803 1567; baseline 0.004 -22"><span class='ocrx_word' id='word_1_288' title='bbox 2195 1490 2300 1546; x_wconf 87' lang='lat' dir='ltr'><strong>bus</strong></span> <span class='ocrx_word' id='word_1_289' title='bbox 2339 1491 2660 1547; x_wconf 86' lang='lat' dir='ltr'><strong>obsisteret.</strong></span> <span class='ocrx_word' id='word_1_290' title='bbox 2696 1493 2855 1567; x_wconf 84' lang='lat' dir='ltr'><strong>idem</strong></span> <span class='ocrx_word' id='word_1_291' title='bbox 2898 1494 3133 1565; x_wconf 88' lang='lat' dir='ltr'><strong>probant</strong></span> <span class='ocrx_word' id='word_1_292' title='bbox 3168 1498 3319 1552; x_wconf 85' lang='lat' dir='ltr'><strong>varia</strong></span> <span class='ocrx_word' id='word_1_293' title='bbox 3341 1498 3618 1554; x_wconf 81' lang='lat' dir='ltr'><strong>adversus</strong></span> <span class='ocrx_word' id='word_1_294' title='bbox 3640 1499 3803 1553; x_wconf 82' lang='lat' dir='ltr'><strong>Lati-</strong></span> 
     </span>
    </p>
   </div>
   <div class='ocr_carea' id='block_1_46' title="bbox 2192 1583 3798 1659">
    <p class='ocr_par' dir='ltr' id='par_1_46' title="bbox 2192 1583 3798 1659">
     <span class='ocr_line' id='line_1_46' title="bbox 2192 1583 3798 1659; baseline 0.004 -21"><span class='ocrx_word' id='word_1_295' title='bbox 2192 1598 2296 1639; x_wconf 90' lang='lat' dir='ltr'><strong>nos</strong></span> <span class='ocrx_word' id='word_1_296' title='bbox 2331 1592 2389 1638; x_wconf 89' lang='lat' dir='ltr'><strong>et</strong></span> <span class='ocrx_word' id='word_1_297' title='bbox 2417 1583 2872 1656; x_wconf 86' lang='lat' dir='ltr'><strong>Latinophronas</strong></span> <span class='ocrx_word' id='word_1_298' title='bbox 2901 1588 3132 1658; x_wconf 88' lang='lat' dir='ltr'><strong>scripta,</strong></span> <span class='ocrx_word' id='word_1_299' title='bbox 3163 1587 3585 1659; x_wconf 83' lang='lat' dir='ltr'><strong>disputationes</strong></span> <span class='ocrx_word' id='word_1_300' title='bbox 3660 1608 3798 1647; x_wconf 86' lang='lat' dir='ltr'><strong>cum</strong></span> 
     </span>
    </p>
   </div>
   <div class='ocr_carea' id='block_1_47' title="bbox 2195 1676 3803 1756">
    <p class='ocr_par' dir='ltr' id='par_1_47' title="bbox 2195 1676 3803 1756">
     <span class='ocr_line' id='line_1_47' title="bbox 2195 1676 3803 1756; baseline 0.005 -28"><span class='ocrx_word' id='word_1_301' title='bbox 2195 1676 2451 1731; x_wconf 57' lang='lat' dir='ltr'><strong>Cortona;</strong></span> <span class='ocrx_word' id='word_1_302' title='bbox 2486 1677 2774 1748; x_wconf 88' lang='lat' dir='ltr'><strong>episcopo,</strong></span> <span class='ocrx_word' id='word_1_303' title='bbox 2812 1688 2867 1734; x_wconf 87' lang='lat' dir='ltr'><strong>et</strong></span> <span class='ocrx_word' id='word_1_304' title='bbox 2900 1680 3007 1734; x_wconf 90' lang='lat' dir='ltr'><strong>alia</strong></span> <span class='ocrx_word' id='word_1_305' title='bbox 3044 1693 3167 1752; x_wconf 60' lang='lat' dir='ltr'><strong>quae</strong></span> <span class='ocrx_word' id='word_1_306' title='bbox 3197 1681 3278 1737; x_wconf 87' lang='lat' dir='ltr'><strong>vel</strong></span> <span class='ocrx_word' id='word_1_307' title='bbox 3320 1696 3488 1753; x_wconf 86' lang='lat' dir='ltr'><strong>supra</strong></span> <span class='ocrx_word' id='word_1_308' title='bbox 3530 1684 3803 1756; x_wconf 48' lang='lat' dir='ltr'><strong>design.</strong></span> 
     </span>
    </p>
   </div>
   <div class='ocr_carea' id='block_1_48' title="bbox 2196 1771 3797 1846">
    <p class='ocr_par' dir='ltr' id='par_1_48' title="bbox 2196 1771 3797 1846">
     <span class='ocr_line' id='line_1_48' title="bbox 2196 1771 3797 1846; baseline 0.006 -23"><span class='ocrx_word' id='word_1_309' title='bbox 2196 1777 2251 1823; x_wconf 91' lang='lat' dir='ltr'><strong>ta</strong></span> <span class='ocrx_word' id='word_1_310' title='bbox 2277 1778 2430 1835; x_wconf 80' lang='lat' dir='ltr'><strong>sunt,</strong></span> <span class='ocrx_word' id='word_1_311' title='bbox 2450 1772 2535 1826; x_wconf 88' lang='lat' dir='ltr'><strong>vel</strong></span> <span class='ocrx_word' id='word_1_312' title='bbox 2560 1772 2614 1826; x_wconf 92' lang='lat' dir='ltr'><strong>in</strong></span> <span class='ocrx_word' id='word_1_313' title='bbox 2643 1771 2851 1828; x_wconf 81' lang='lat' dir='ltr'><strong>Notitia</strong></span> <span class='ocrx_word' id='word_1_314' title='bbox 2878 1774 3003 1844; x_wconf 81' lang='lat' dir='ltr'><strong>ejus</strong></span> <span class='ocrx_word' id='word_1_315' title='bbox 3029 1789 3258 1846; x_wconf 82' lang='lat' dir='ltr'><strong>aperum</strong></span> <span class='ocrx_word' id='word_1_316' title='bbox 3297 1776 3757 1846; x_wconf 78' lang='lat' dir='ltr'><strong>designabantur</strong></span> <span class='ocrx_word' id='word_1_317' title='bbox 3780 1797 3797 1832; x_wconf 85' lang='lat'><strong>:</strong></span> 
     </span>
    </p>
   </div>
   <div class='ocr_carea' id='block_1_49' title="bbox 2198 1863 3801 1935">
    <p class='ocr_par' dir='ltr' id='par_1_49' title="bbox 2198 1863 3801 1935">
     <span class='ocr_line' id='line_1_49' title="bbox 2198 1863 3801 1935; baseline 0.006 -19"><span class='ocrx_word' id='word_1_318' title='bbox 2198 1872 2311 1916; x_wconf 91' lang='lat' dir='ltr'><strong>tum</strong></span> <span class='ocrx_word' id='word_1_319' title='bbox 2343 1879 2465 1935; x_wconf 69' lang='lat' dir='ltr'><strong>quae</strong></span> <span class='ocrx_word' id='word_1_320' title='bbox 2494 1863 2597 1919; x_wconf 85' lang='lat' dir='ltr'><strong>sub</strong></span> <span class='ocrx_word' id='word_1_321' title='bbox 2642 1863 2839 1920; x_wconf 88' lang='lat' dir='ltr'><strong>lsidori</strong></span> <span class='ocrx_word' id='word_1_322' title='bbox 2869 1867 3168 1923; x_wconf 86' lang='lat' dir='ltr'><strong>cardinalis</strong></span> <span class='ocrx_word' id='word_1_323' title='bbox 3232 1868 3559 1934; x_wconf 80' lang='lat' dir='ltr'><strong>adventum,</strong></span> <span class='ocrx_word' id='word_1_324' title='bbox 3616 1884 3674 1927; x_wconf 88' lang='lat' dir='ltr'><strong>et</strong></span> <span class='ocrx_word' id='word_1_325' title='bbox 3742 1874 3801 1927; x_wconf 83' lang='lat' dir='ltr'><strong>in</strong></span> 
     </span>
    </p>
   </div>
   <div class='ocr_carea' id='block_1_50' title="bbox 2199 1957 3790 2028">
    <p class='ocr_par' dir='ltr' id='par_1_50' title="bbox 2199 1957 3790 2028">
     <span class='ocr_line' id='line_1_50' title="bbox 2199 1957 3790 2028; baseline 0.003 -16"><span class='ocrx_word' id='word_1_326' title='bbox 2199 1957 2316 2027; x_wconf 86' lang='lat' dir='ltr'><strong>ipsa</strong></span> <span class='ocrx_word' id='word_1_327' title='bbox 2340 1957 2629 2013; x_wconf 83' lang='lat' dir='ltr'><strong>obsidione</strong></span> <span class='ocrx_word' id='word_1_328' title='bbox 2659 1959 2908 2028; x_wconf 81' lang='lat' dir='ltr'><strong>scripsit.</strong></span> <span class='ocrx_word' id='word_1_329' title='bbox 2940 1960 3161 2014; x_wconf 81' lang='lat' dir='ltr'><strong>tandem</strong></span> <span class='ocrx_word' id='word_1_330' title='bbox 3213 1959 3410 2015; x_wconf 85' lang='lat' dir='ltr'><strong>Oratio</strong></span> <span class='ocrx_word' id='word_1_331' title='bbox 3440 1963 3629 2017; x_wconf 86' lang='lat' dir='ltr'><strong>codici</strong></span> <span class='ocrx_word' id='word_1_332' title='bbox 3668 1963 3790 2016; x_wconf 70' lang='lat' dir='ltr'><strong>lla-</strong></span> 
     </span>
    </p>
   </div>
   <div class='ocr_carea' id='block_1_51' title="bbox 2198 2049 3800 2123">
    <p class='ocr_par' dir='ltr' id='par_1_51' title="bbox 2198 2049 3800 2123">
     <span class='ocr_line' id='line_1_51' title="bbox 2198 2049 3800 2123; baseline 0.005 -19"><span class='ocrx_word' id='word_1_333' title='bbox 2198 2065 2320 2122; x_wconf 73' lang='lat' dir='ltr'><strong>gnse</strong></span> <span class='ocrx_word' id='word_1_334' title='bbox 2349 2049 2604 2105; x_wconf 66' lang='lat' dir='ltr'><strong>Ecclesiae</strong></span> <span class='ocrx_word' id='word_1_335' title='bbox 2639 2053 2869 2118; x_wconf 90' lang='lat' dir='ltr'><strong>inserta,</strong></span> <span class='ocrx_word' id='word_1_336' title='bbox 2903 2068 3028 2107; x_wconf 90' lang='lat' dir='ltr'><strong>cum</strong></span> <span class='ocrx_word' id='word_1_337' title='bbox 3051 2054 3424 2123; x_wconf 75' lang='lat' dir='ltr'><strong>patriarchale</strong></span> <span class='ocrx_word' id='word_1_338' title='bbox 3456 2072 3666 2111; x_wconf 89' lang='lat' dir='ltr'><strong>tnunus</strong></span> <span class='ocrx_word' id='word_1_339' title='bbox 3699 2058 3800 2112; x_wconf 85' lang='lat' dir='ltr'><strong>de-</strong></span> 
     </span>
    </p>
   </div>
   <div class='ocr_carea' id='block_1_52' title="bbox 2200 2143 3799 2218">
    <p class='ocr_par' dir='ltr' id='par_1_52' title="bbox 2200 2143 3799 2218">
     <span class='ocr_line' id='line_1_52' title="bbox 2200 2143 3799 2218; baseline 0.006 -23"><span class='ocrx_word' id='word_1_340' title='bbox 2200 2143 2403 2213; x_wconf 91' lang='lat' dir='ltr'><strong>posuit.</strong></span> <span class='ocrx_word' id='word_1_341' title='bbox 2439 2144 2659 2199; x_wconf 81' lang='lat' dir='ltr'><strong>Priores</strong></span> <span class='ocrx_word' id='word_1_342' title='bbox 2689 2144 2837 2200; x_wconf 89' lang='lat' dir='ltr'><strong>enim</strong></span> <span class='ocrx_word' id='word_1_343' title='bbox 2868 2145 3258 2201; x_wconf 83' lang='lat' dir='ltr'><strong>demonstrant</strong></span> <span class='ocrx_word' id='word_1_344' title='bbox 3281 2163 3409 2202; x_wconf 89' lang='lat' dir='ltr'><strong>eum</strong></span> <span class='ocrx_word' id='word_1_345' title='bbox 3455 2149 3553 2218; x_wconf 91' lang='lat' dir='ltr'><strong>qui</strong></span> <span class='ocrx_word' id='word_1_346' title='bbox 3581 2148 3799 2217; x_wconf 73' lang='lat' dir='ltr'><strong>iudicis</strong></span> 
     </span>
    </p>
   </div>
   <div class='ocr_carea' id='block_1_53' title="bbox 2200 2235 3795 2311">
    <p class='ocr_par' dir='ltr' id='par_1_53' title="bbox 2200 2235 3795 2311">
     <span class='ocr_line' id='line_1_53' title="bbox 2200 2235 3795 2311; baseline 0.004 -22"><span class='ocrx_word' id='word_1_347' title='bbox 2200 2236 2447 2305; x_wconf 87' lang='lat' dir='ltr'><strong>primarii</strong></span> <span class='ocrx_word' id='word_1_348' title='bbox 2474 2235 2747 2307; x_wconf 75' lang='lat' dir='ltr'><strong>dignitate</strong></span> <span class='ocrx_word' id='word_1_349' title='bbox 2779 2246 3037 2303; x_wconf 88' lang='lat' dir='ltr'><strong>ornatus,</strong></span> <span class='ocrx_word' id='word_1_350' title='bbox 3093 2236 3429 2294; x_wconf 80' lang='lat' dir='ltr'><strong>Florentiam</strong></span> <span class='ocrx_word' id='word_1_351' title='bbox 3464 2238 3521 2294; x_wconf 94' lang='lat' dir='ltr'><strong>in</strong></span> <span class='ocrx_word' id='word_1_352' title='bbox 3550 2240 3795 2311; x_wconf 80' lang='lat' dir='ltr'><strong>impera-</strong></span> 
     </span>
    </p>
   </div>
   <div class='ocr_carea' id='block_1_54' title="bbox 2201 2314 3794 2403">
    <p class='ocr_par' dir='ltr' id='par_1_54' title="bbox 2201 2314 3794 2403">
     <span class='ocr_line' id='line_1_54' title="bbox 2201 2314 3794 2403; baseline 0.001 -17"><span class='ocrx_word' id='word_1_353' title='bbox 2201 2330 2342 2386; x_wconf 90' lang='lat' dir='ltr'><strong>toris</strong></span> <span class='ocrx_word' id='word_1_354' title='bbox 2362 2314 2634 2385; x_wconf 76' lang='lat' dir='ltr'><strong>comitatn</strong></span> <span class='ocrx_word' id='word_1_355' title='bbox 2698 2330 2986 2398; x_wconf 81' lang='lat' dir='ltr'><strong>protectus</strong></span> <span class='ocrx_word' id='word_1_356' title='bbox 3015 2341 3120 2395; x_wconf 88' lang='lat' dir='ltr'><strong>est.</strong></span> <span class='ocrx_word' id='word_1_357' title='bbox 3183 2332 3360 2403; x_wconf 89' lang='lat' dir='ltr'><strong>ipsum</strong></span> <span class='ocrx_word' id='word_1_358' title='bbox 3388 2347 3517 2387; x_wconf 87' lang='lat' dir='ltr'><strong>esse</strong></span> <span class='ocrx_word' id='word_1_359' title='bbox 3548 2335 3645 2402; x_wconf 88' lang='lat' dir='ltr'><strong>qui</strong></span> <span class='ocrx_word' id='word_1_360' title='bbox 3678 2344 3794 2388; x_wconf 84' lang='lat' dir='ltr'><strong>tan-</strong></span> 
     </span>
    </p>
   </div>
   <div class='ocr_carea' id='block_1_55' title="bbox 2201 2420 3788 2481">
    <p class='ocr_par' dir='ltr' id='par_1_55' title="bbox 2201 2420 3788 2481">
     <span class='ocr_line' id='line_1_55' title="bbox 2201 2420 3788 2481; baseline 0.003 -4"><span class='ocrx_word' id='word_1_361' title='bbox 2201 2431 2285 2477; x_wconf 89' lang='lat' dir='ltr'><strong>tas</strong></span> <span class='ocrx_word' id='word_1_362' title='bbox 2319 2430 2515 2477; x_wconf 89' lang='lat' dir='ltr'><strong>contra</strong></span> <span class='ocrx_word' id='word_1_363' title='bbox 2555 2421 2779 2477; x_wconf 87' lang='lat' dir='ltr'><strong>Latinos</strong></span> <span class='ocrx_word' id='word_1_364' title='bbox 2812 2432 2868 2478; x_wconf 90' lang='lat' dir='ltr'><strong>et</strong></span> <span class='ocrx_word' id='word_1_365' title='bbox 2895 2420 3269 2478; x_wconf 88' lang='lat' dir='ltr'><strong>Florentinam</strong></span> <span class='ocrx_word' id='word_1_366' title='bbox 3294 2425 3559 2480; x_wconf 89' lang='lat' dir='ltr'><strong>unionem</strong></span> <span class='ocrx_word' id='word_1_367' title='bbox 3590 2427 3788 2481; x_wconf 81' lang='lat' dir='ltr'><strong>turbas</strong></span> 
     </span>
    </p>
   </div>
   <div class='ocr_carea' id='block_1_56' title="bbox 2199 2514 3790 2590">
    <p class='ocr_par' dir='ltr' id='par_1_56' title="bbox 2199 2514 3790 2590">
     <span class='ocr_line' id='line_1_56' title="bbox 2199 2514 3790 2590; baseline 0.001 -19"><span class='ocrx_word' id='word_1_368' title='bbox 2199 2514 2508 2572; x_wconf 80' lang='lat' dir='ltr'><strong>excitavit:</strong></span> <span class='ocrx_word' id='word_1_369' title='bbox 2552 2515 2893 2585; x_wconf 88' lang='lat' dir='ltr'><strong>posteriores</strong></span> <span class='ocrx_word' id='word_1_370' title='bbox 2950 2516 3204 2571; x_wconf 87' lang='lat' dir='ltr'><strong>eumdem</strong></span> <span class='ocrx_word' id='word_1_371' title='bbox 3257 2518 3636 2587; x_wconf 87' lang='lat' dir='ltr'><strong>patriarcham</strong></span> <span class='ocrx_word' id='word_1_372' title='bbox 3680 2522 3790 2590; x_wconf 81' lang='lat' dir='ltr'><strong>pri-</strong></span> 
     </span>
    </p>
   </div>
   <div class='ocr_carea' id='block_1_57' title="bbox 2201 2609 3785 2681">
    <p class='ocr_par' dir='ltr' id='par_1_57' title="bbox 2201 2609 3785 2681">
     <span class='ocr_line' id='line_1_57' title="bbox 2201 2609 3785 2681; baseline 0.004 -20"><span class='ocrx_word' id='word_1_373' title='bbox 2201 2624 2349 2662; x_wconf 89' lang='lat' dir='ltr'><strong>mum</strong></span> <span class='ocrx_word' id='word_1_374' title='bbox 2378 2610 2753 2678; x_wconf 77' lang='lat' dir='ltr'><strong>designatum,</strong></span> <span class='ocrx_word' id='word_1_375' title='bbox 2774 2623 2840 2664; x_wconf 75' lang='lat' dir='ltr'><strong>ex</strong></span> <span class='ocrx_word' id='word_1_376' title='bbox 2874 2623 2983 2679; x_wconf 91' lang='lat' dir='ltr'><strong>quo</strong></span> <span class='ocrx_word' id='word_1_377' title='bbox 3003 2609 3521 2681; x_wconf 63' lang='lat' dir='ltr'><strong>Constmtinoliolis</strong></span> <span class='ocrx_word' id='word_1_378' title='bbox 3556 2614 3611 2666; x_wconf 90' lang='lat' dir='ltr'><strong>in</strong></span> <span class='ocrx_word' id='word_1_379' title='bbox 3643 2614 3785 2667; x_wconf 78' lang='lat' dir='ltr'><strong>Tur—</strong></span> 
     </span>
    </p>
   </div>
   <div class='ocr_carea' id='block_1_58' title="bbox 2199 2702 3789 2771">
    <p class='ocr_par' dir='ltr' id='par_1_58' title="bbox 2199 2702 3789 2771">
     <span class='ocr_line' id='line_1_58' title="bbox 2199 2702 3789 2771; baseline 0.003 -16"><span class='ocrx_word' id='word_1_380' title='bbox 2199 2716 2388 2755; x_wconf 90' lang='lat' dir='ltr'><strong>carum</strong></span> <span class='ocrx_word' id='word_1_381' title='bbox 2416 2709 2743 2771; x_wconf 76' lang='lat' dir='ltr'><strong>potestatem</strong></span> <span class='ocrx_word' id='word_1_382' title='bbox 2772 2702 2950 2767; x_wconf 79' lang='lat' dir='ltr'><strong>venit,</strong></span> <span class='ocrx_word' id='word_1_383' title='bbox 2969 2718 3161 2758; x_wconf 86' lang='lat' dir='ltr'><strong>omnes</strong></span> <span class='ocrx_word' id='word_1_384' title='bbox 3186 2704 3328 2759; x_wconf 89' lang='lat' dir='ltr'><strong>inter</strong></span> <span class='ocrx_word' id='word_1_385' title='bbox 3346 2720 3406 2759; x_wconf 89' lang='lat' dir='ltr'><strong>se</strong></span> <span class='ocrx_word' id='word_1_386' title='bbox 3429 2707 3789 2759; x_wconf 77' lang='lat' dir='ltr'><strong>consentiunt</strong></span> 
     </span>
    </p>
   </div>
   <div class='ocr_carea' id='block_1_59' title="bbox 2198 2793 3787 2860">
    <p class='ocr_par' dir='ltr' id='par_1_59' title="bbox 2198 2793 3787 2860">
     <span class='ocr_line' id='line_1_59' title="bbox 2198 2793 3787 2860; baseline 0.001 -12"><span class='ocrx_word' id='word_1_387' title='bbox 2198 2802 2252 2849; x_wconf 92' lang='lat' dir='ltr'><strong>ct</strong></span> <span class='ocrx_word' id='word_1_388' title='bbox 2288 2794 2464 2847; x_wconf 90' lang='lat' dir='ltr'><strong>lucem</strong></span> <span class='ocrx_word' id='word_1_389' title='bbox 2496 2794 2682 2849; x_wconf 66' lang='lat' dir='ltr'><strong>altera:</strong></span> <span class='ocrx_word' id='word_1_390' title='bbox 2721 2793 2909 2848; x_wconf 86' lang='lat' dir='ltr'><strong>alteris</strong></span> <span class='ocrx_word' id='word_1_391' title='bbox 2937 2793 3301 2860; x_wconf 75' lang='lat' dir='ltr'><strong>imiterantur,</strong></span> <span class='ocrx_word' id='word_1_392' title='bbox 3359 2804 3419 2850; x_wconf 87' lang='grc' dir='ltr'><strong>ιιι</strong></span> <span class='ocrx_word' id='word_1_393' title='bbox 3490 2795 3787 2851; x_wconf 81' lang='lat' dir='ltr'><strong>insltitium</strong></span> 
     </span>
    </p>
   </div>
   <div class='ocr_carea' id='block_1_60' title="bbox 2202 2887 3781 2959">
    <p class='ocr_par' dir='ltr' id='par_1_60' title="bbox 2202 2887 3781 2959">
     <span class='ocr_line' id='line_1_60' title="bbox 2202 2887 3781 2959; baseline 0 -17"><span class='ocrx_word' id='word_1_394' title='bbox 2202 2887 2356 2942; x_wconf 89' lang='lat' dir='ltr'><strong>illum</strong></span> <span class='ocrx_word' id='word_1_395' title='bbox 2386 2887 2538 2942; x_wconf 92' lang='lat' dir='ltr'><strong>nullo</strong></span> <span class='ocrx_word' id='word_1_396' title='bbox 2568 2902 2745 2958; x_wconf 90' lang='lat' dir='ltr'><strong>neque</strong></span> <span class='ocrx_word' id='word_1_397' title='bbox 2786 2887 2913 2943; x_wconf 89' lang='lat' dir='ltr'><strong>loco</strong></span> <span class='ocrx_word' id='word_1_398' title='bbox 2947 2901 3126 2959; x_wconf 88' lang='lat' dir='ltr'><strong>neque</strong></span> <span class='ocrx_word' id='word_1_399' title='bbox 3175 2896 3426 2958; x_wconf 90' lang='lat' dir='ltr'><strong>tempore</strong></span> <span class='ocrx_word' id='word_1_400' title='bbox 3464 2891 3781 2943; x_wconf 82' lang='lat' dir='ltr'><strong>consistere</strong></span> 
     </span>
    </p>
   </div>
   <div class='ocr_carea' id='block_1_61' title="bbox 2199 2979 2502 3050">
    <p class='ocr_par' dir='ltr' id='par_1_61' title="bbox 2199 2979 2502 3050">
     <span class='ocr_line' id='line_1_61' title="bbox 2199 2979 2502 3050; baseline 0.013 -20"><span class='ocrx_word' id='word_1_401' title='bbox 2199 2979 2502 3050; x_wconf 88' lang='lat' dir='ltr'><strong>patiantur.</strong></span> 
     </span>
    </p>
   </div>
   <div class='ocr_carea' id='block_1_62' title="bbox 505 3072 3785 3162">
    <p class='ocr_par' dir='ltr' id='par_1_62' title="bbox 505 3072 3785 3162">
     <span class='ocr_line' id='line_1_62' title="bbox 505 3072 3785 3162; baseline -0.005 -17"><span class='ocrx_word' id='word_1_402' title='bbox 505 3091 556 3162; x_wconf 89' lang='lat' dir='ltr'><strong>gi</strong></span> <span class='ocrx_word' id='word_1_403' title='bbox 595 3088 953 3144; x_wconf 80' lang='lat' dir='ltr'><strong>oti‘ensionem</strong></span> <span class='ocrx_word' id='word_1_404' title='bbox 991 3084 1253 3147; x_wconf 79' lang='lat' dir='ltr'><strong>incurrit.</strong></span> <span class='ocrx_word' id='word_1_405' title='bbox 1285 3081 1432 3151; x_wconf 91' lang='lat' dir='ltr'><strong>quod</strong></span> <span class='ocrx_word' id='word_1_406' title='bbox 1505 3078 1777 3134; x_wconf 85' lang='lat' dir='ltr'><strong>habemus</strong></span> <span class='ocrx_word' id='word_1_407' title='bbox 1839 3091 1910 3132; x_wconf 79' lang='lat' dir='ltr'><strong>ex</strong></span> <span class='ocrx_word' id='word_1_408' title='bbox 1967 3075 2166 3151; x_wconf 77' lang='lat' dir='ltr'><strong>ejusc</strong></span> <span class='ocrx_word' id='word_1_409' title='bbox 2271 3072 2464 3140; x_wconf 73' lang='lat' dir='ltr'><strong>Opera:</strong></span> <span class='ocrx_word' id='word_1_410' title='bbox 2497 3073 2736 3143; x_wconf 87' lang='lat' dir='ltr'><strong>pretium</strong></span> <span class='ocrx_word' id='word_1_411' title='bbox 2788 3079 2875 3129; x_wconf 86' lang='lat' dir='ltr'><strong>est</strong></span> <span class='ocrx_word' id='word_1_412' title='bbox 2906 3074 3081 3143; x_wconf 82' lang='lat' dir='ltr'><strong>ipsius</strong></span> <span class='ocrx_word' id='word_1_413' title='bbox 3144 3073 3416 3131; x_wconf 85' lang='lat' dir='ltr'><strong>Gennadii</strong></span> <span class='ocrx_word' id='word_1_414' title='bbox 3469 3073 3540 3131; x_wconf 91' lang='lat' dir='ltr'><strong>de</strong></span> <span class='ocrx_word' id='word_1_415' title='bbox 3604 3077 3785 3148; x_wconf 68' lang='lat' dir='ltr'><strong>seipse</strong></span> 
     </span>
    </p>
   </div>
   <div class='ocr_carea' id='block_1_63' title="bbox 507 3167 2092 3252">
    <p class='ocr_par' dir='ltr' id='par_1_63' title="bbox 507 3167 2092 3252">
     <span class='ocr_line' id='line_1_63' title="bbox 507 3167 2092 3252; baseline -0.011 -16"><span class='ocrx_word' id='word_1_416' title='bbox 507 3178 866 3252; x_wconf 81' lang='lat' dir='ltr'><strong>Apologetica</strong></span> <span class='ocrx_word' id='word_1_417' title='bbox 896 3176 962 3231; x_wconf 90' lang='lat' dir='ltr'><strong>ad</strong></span> <span class='ocrx_word' id='word_1_418' title='bbox 994 3172 1427 3231; x_wconf 91' lang='lat' dir='ltr'><strong>Constantinum</strong></span> <span class='ocrx_word' id='word_1_419' title='bbox 1453 3169 1864 3237; x_wconf 67' lang='lat' dir='ltr'><strong>oratioue,quae</strong></span> <span class='ocrx_word' id='word_1_420' title='bbox 1885 3167 2092 3220; x_wconf 83' lang='lat' dir='ltr'><strong>Allatio</strong></span> 
     </span>
    </p>
   </div>
   <div class='ocr_carea' id='block_1_64' title="bbox 509 3257 2096 3343">
    <p class='ocr_par' dir='ltr' id='par_1_64' title="bbox 509 3257 2096 3343">
     <span class='ocr_line' id='line_1_64' title="bbox 509 3257 2096 3343; baseline -0.012 -12"><span class='ocrx_word' id='word_1_421' title='bbox 509 3288 796 3343; x_wconf 87' lang='lat' dir='ltr'><strong>nunquam</strong></span> <span class='ocrx_word' id='word_1_422' title='bbox 829 3271 947 3325; x_wconf 90' lang='lat' dir='ltr'><strong>visa</strong></span> <span class='ocrx_word' id='word_1_423' title='bbox 983 3277 1087 3323; x_wconf 84' lang='lat' dir='ltr'><strong>est.</strong></span> <span class='ocrx_word' id='word_1_424' title='bbox 1120 3265 1289 3323; x_wconf 87' lang='lat' dir='ltr'><strong>Nulla</strong></span> <span class='ocrx_word' id='word_1_425' title='bbox 1338 3274 1452 3320; x_wconf 90' lang='lat' dir='ltr'><strong>toto</strong></span> <span class='ocrx_word' id='word_1_426' title='bbox 1490 3261 1785 3318; x_wconf 88' lang='lat' dir='ltr'><strong>intervallo</strong></span> <span class='ocrx_word' id='word_1_427' title='bbox 1823 3257 2096 3327; x_wconf 87' lang='lat' dir='ltr'><strong>temporis</strong></span> 
     </span>
    </p>
   </div>
   <div class='ocr_carea' id='block_1_65' title="bbox 509 3347 2093 3436">
    <p class='ocr_par' dir='ltr' id='par_1_65' title="bbox 509 3347 2093 3436">
     <span class='ocr_line' id='line_1_65' title="bbox 509 3347 2093 3436; baseline -0.01 -17"><span class='ocrx_word' id='word_1_428' title='bbox 509 3365 656 3436; x_wconf 87' lang='lat' dir='ltr'><strong>quod</strong></span> <span class='ocrx_word' id='word_1_429' title='bbox 690 3362 836 3416; x_wconf 91' lang='lat' dir='ltr'><strong>inter</strong></span> <span class='ocrx_word' id='word_1_430' title='bbox 871 3359 1207 3414; x_wconf 73' lang='lat' dir='ltr'><strong>Florentium:</strong></span> <span class='ocrx_word' id='word_1_431' title='bbox 1247 3353 1447 3427; x_wconf 84' lang='lat' dir='ltr'><strong>synodi</strong></span> <span class='ocrx_word' id='word_1_432' title='bbox 1510 3351 1696 3415; x_wconf 86' lang='lat' dir='ltr'><strong>tinem,</strong></span> <span class='ocrx_word' id='word_1_433' title='bbox 1746 3357 1806 3406; x_wconf 91' lang='lat' dir='ltr'><strong>et</strong></span> <span class='ocrx_word' id='word_1_434' title='bbox 1857 3347 2093 3404; x_wconf 82' lang='lat' dir='ltr'><strong>Joannis</strong></span> 
     </span>
    </p>
   </div>
   <div class='ocr_carea' id='block_1_66' title="bbox 511 3442 2096 3525">
    <p class='ocr_par' dir='ltr' id='par_1_66' title="bbox 511 3442 2096 3525">
     <span class='ocr_line' id='line_1_66' title="bbox 511 3442 2096 3525; baseline -0.009 -12"><span class='ocrx_word' id='word_1_435' title='bbox 511 3454 806 3525; x_wconf 71' lang='lat' dir='ltr'><strong>Palaeologi</strong></span> <span class='ocrx_word' id='word_1_436' title='bbox 837 3454 1051 3509; x_wconf 89' lang='lat' dir='ltr'><strong>obitum</strong></span> <span class='ocrx_word' id='word_1_437' title='bbox 1080 3448 1398 3507; x_wconf 84' lang='lat' dir='ltr'><strong>intercessit</strong></span> <span class='ocrx_word' id='word_1_438' title='bbox 1424 3446 1661 3502; x_wconf 79' lang='lat' dir='ltr'><strong>alterius</strong></span> <span class='ocrx_word' id='word_1_439' title='bbox 1702 3443 1947 3513; x_wconf 83' lang='lat' dir='ltr'><strong>Georgii,</strong></span> <span class='ocrx_word' id='word_1_440' title='bbox 1977 3442 2096 3499; x_wconf 86' lang='lat' dir='ltr'><strong>sive</strong></span> 
     </span>
    </p>
   </div>
   <div class='ocr_carea' id='block_1_67' title="bbox 510 3538 2093 3610">
    <p class='ocr_par' dir='ltr' id='par_1_67' title="bbox 510 3538 2093 3610">
     <span class='ocr_line' id='line_1_67' title="bbox 510 3538 2093 3610; baseline -0.011 -2"><span class='ocrx_word' id='word_1_441' title='bbox 510 3549 779 3608; x_wconf 85' lang='lat' dir='ltr'><strong>Gennadii</strong></span> <span class='ocrx_word' id='word_1_442' title='bbox 807 3547 1012 3603; x_wconf 90' lang='lat' dir='ltr'><strong>mentio</strong></span> <span class='ocrx_word' id='word_1_443' title='bbox 1047 3556 1151 3610; x_wconf 88' lang='lat' dir='ltr'><strong>est,</strong></span> <span class='ocrx_word' id='word_1_444' title='bbox 1183 3543 1278 3600; x_wconf 89' lang='lat' dir='ltr'><strong>sed</strong></span> <span class='ocrx_word' id='word_1_445' title='bbox 1307 3550 1523 3597; x_wconf 90' lang='lat' dir='ltr'><strong>tantum</strong></span> <span class='ocrx_word' id='word_1_446' title='bbox 1551 3538 1720 3609; x_wconf 85' lang='lat' dir='ltr'><strong>hujus</strong></span> <span class='ocrx_word' id='word_1_447' title='bbox 1784 3538 1968 3593; x_wconf 84' lang='lat' dir='ltr'><strong>nostri</strong></span> <span class='ocrx_word' id='word_1_448' title='bbox 1996 3538 2093 3607; x_wconf 91' lang='lat' dir='ltr'><strong>qui</strong></span> 
     </span>
    </p>
   </div>
   <div class='ocr_carea' id='block_1_68' title="bbox 509 3630 2099 3712">
    <p class='ocr_par' dir='ltr' id='par_1_68' title="bbox 509 3630 2099 3712">
     <span class='ocr_line' id='line_1_68' title="bbox 509 3630 2099 3712; baseline -0.013 -11"><span class='ocrx_word' id='word_1_449' title='bbox 509 3639 970 3712; x_wconf 73' lang='lat' dir='ltr'><strong>coniunctissime</strong></span> <span class='ocrx_word' id='word_1_450' title='bbox 998 3652 1124 3694; x_wconf 90' lang='lat' dir='ltr'><strong>cum</strong></span> <span class='ocrx_word' id='word_1_451' title='bbox 1155 3650 1222 3692; x_wconf 91' lang='lat' dir='ltr'><strong>eo</strong></span> <span class='ocrx_word' id='word_1_452' title='bbox 1255 3634 1410 3700; x_wconf 78' lang='lat' dir='ltr'><strong>vixit,</strong></span> <span class='ocrx_word' id='word_1_453' title='bbox 1442 3633 1538 3705; x_wconf 90' lang='lat' dir='ltr'><strong>qui</strong></span> <span class='ocrx_word' id='word_1_454' title='bbox 1565 3647 1700 3691; x_wconf 89' lang='lat' dir='ltr'><strong>suos</strong></span> <span class='ocrx_word' id='word_1_455' title='bbox 1719 3632 1770 3688; x_wconf 88' lang='lat' dir='ltr'><strong>ei</strong></span> <span class='ocrx_word' id='word_1_456' title='bbox 1829 3646 1930 3701; x_wconf 90' lang='lat' dir='ltr'><strong>pro</strong></span> <span class='ocrx_word' id='word_1_457' title='bbox 1971 3630 2099 3685; x_wconf 78' lang='lat' dir='ltr'><strong>Ari-</strong></span> 
     </span>
    </p>
   </div>
   <div class='ocr_carea' id='block_1_69' title="bbox 509 3723 2097 3794">
    <p class='ocr_par' dir='ltr' id='par_1_69' title="bbox 509 3723 2097 3794">
     <span class='ocr_line' id='line_1_69' title="bbox 509 3723 2097 3794; baseline -0.01 0"><span class='ocrx_word' id='word_1_458' title='bbox 509 3738 708 3794; x_wconf 86' lang='lat' dir='ltr'><strong>stotele</strong></span> <span class='ocrx_word' id='word_1_459' title='bbox 739 3742 937 3791; x_wconf 90' lang='lat' dir='ltr'><strong>contra</strong></span> <span class='ocrx_word' id='word_1_460' title='bbox 978 3731 1291 3789; x_wconf 85' lang='lat' dir='ltr'><strong>Gemistum</strong></span> <span class='ocrx_word' id='word_1_461' title='bbox 1317 3729 1493 3785; x_wconf 86' lang='lat' dir='ltr'><strong>libros</strong></span> <span class='ocrx_word' id='word_1_462' title='bbox 1553 3726 1778 3791; x_wconf 86' lang='lat' dir='ltr'><strong>dicavit,</strong></span> <span class='ocrx_word' id='word_1_463' title='bbox 1837 3723 1933 3793; x_wconf 90' lang='lat' dir='ltr'><strong>qui</strong></span> <span class='ocrx_word' id='word_1_464' title='bbox 1982 3738 2097 3778; x_wconf 89' lang='lat' dir='ltr'><strong>mo-</strong></span> 
     </span>
    </p>
   </div>
   <div class='ocr_carea' id='block_1_70' title="bbox 508 3816 2095 3890">
    <p class='ocr_par' dir='ltr' id='par_1_70' title="bbox 508 3816 2095 3890">
     <span class='ocr_line' id='line_1_70' title="bbox 508 3816 2095 3890; baseline -0.008 -7"><span class='ocrx_word' id='word_1_465' title='bbox 508 3827 675 3884; x_wconf 87' lang='lat' dir='ltr'><strong>rienti</strong></span> <span class='ocrx_word' id='word_1_466' title='bbox 698 3823 903 3890; x_wconf 80' lang='lat' dir='ltr'><strong>adluit,</strong></span> <span class='ocrx_word' id='word_1_467' title='bbox 934 3832 988 3878; x_wconf 88' lang='lat' dir='ltr'><strong>et</strong></span> <span class='ocrx_word' id='word_1_468' title='bbox 1030 3822 1144 3878; x_wconf 93' lang='lat' dir='ltr'><strong>Deo</strong></span> <span class='ocrx_word' id='word_1_469' title='bbox 1175 3830 1316 3877; x_wconf 90' lang='lat' dir='ltr'><strong>teste</strong></span> <span class='ocrx_word' id='word_1_470' title='bbox 1347 3820 1537 3875; x_wconf 92' lang='lat' dir='ltr'><strong>multis</strong></span> <span class='ocrx_word' id='word_1_471' title='bbox 1580 3817 1952 3889; x_wconf 70' lang='lat' dir='ltr'><strong>praesentibus</strong></span> <span class='ocrx_word' id='word_1_472' title='bbox 1986 3816 2095 3872; x_wconf 80' lang='lat' dir='ltr'><strong>Ec-</strong></span> 
     </span>
    </p>
   </div>
   <div class='ocr_carea' id='block_1_71' title="bbox 506 3909 2099 3977">
    <p class='ocr_par' dir='ltr' id='par_1_71' title="bbox 506 3909 2099 3977">
     <span class='ocr_line' id='line_1_71' title="bbox 506 3909 2099 3977; baseline -0.007 0"><span class='ocrx_word' id='word_1_473' title='bbox 506 3920 692 3977; x_wconf 65' lang='lat' dir='ltr'><strong>clesiae</strong></span> <span class='ocrx_word' id='word_1_474' title='bbox 735 3934 850 3975; x_wconf 71' lang='lat' dir='ltr'><strong>sua:</strong></span> <span class='ocrx_word' id='word_1_475' title='bbox 877 3916 1145 3972; x_wconf 87' lang='lat' dir='ltr'><strong>adversus</strong></span> <span class='ocrx_word' id='word_1_476' title='bbox 1203 3913 1430 3969; x_wconf 85' lang='lat' dir='ltr'><strong>Latinos</strong></span> <span class='ocrx_word' id='word_1_477' title='bbox 1486 3910 1866 3969; x_wconf 76' lang='lat' dir='ltr'><strong>defensionem</strong></span> <span class='ocrx_word' id='word_1_478' title='bbox 1918 3909 1972 3965; x_wconf 90' lang='lat' dir='ltr'><strong>in</strong></span> <span class='ocrx_word' id='word_1_479' title='bbox 2038 3924 2099 3966; x_wconf 87' lang='lat' dir='ltr'><strong>se</strong></span> 
     </span>
    </p>
   </div>
   <div class='ocr_carea' id='block_1_72' title="bbox 507 4002 2097 4085">
    <p class='ocr_par' dir='ltr' id='par_1_72' title="bbox 507 4002 2097 4085">
     <span class='ocr_line' id='line_1_72' title="bbox 507 4002 2097 4085; baseline -0.008 -15"><span class='ocrx_word' id='word_1_480' title='bbox 507 4016 720 4085; x_wconf 83' lang='lat' dir='ltr'><strong>recepit</strong></span> <span class='ocrx_word' id='word_1_481' title='bbox 742 4054 757 4079; x_wconf 92' lang='lat'><strong>,</strong></span> <span class='ocrx_word' id='word_1_482' title='bbox 792 4011 999 4082; x_wconf 85' lang='lat' dir='ltr'><strong>quique</strong></span> <span class='ocrx_word' id='word_1_483' title='bbox 1039 4017 1118 4064; x_wconf 95' lang='lat' dir='ltr'><strong>tot</strong></span> <span class='ocrx_word' id='word_1_484' title='bbox 1158 4006 1332 4063; x_wconf 89' lang='lat' dir='ltr'><strong>libros</strong></span> <span class='ocrx_word' id='word_1_485' title='bbox 1355 4004 1528 4062; x_wconf 87' lang='lat' dir='ltr'><strong>edidit</strong></span> <span class='ocrx_word' id='word_1_486' title='bbox 1559 4004 1764 4076; x_wconf 83' lang='lat' dir='ltr'><strong>quibus</strong></span> <span class='ocrx_word' id='word_1_487' title='bbox 1789 4003 1922 4059; x_wconf 88' lang='lat' dir='ltr'><strong>unio</strong></span> <span class='ocrx_word' id='word_1_488' title='bbox 1966 4002 2097 4058; x_wconf 84' lang='lat' dir='ltr'><strong>Flo-</strong></span> 
     </span>
    </p>
   </div>
   <div class='ocr_carea' id='block_1_73' title="bbox 509 4097 2097 4173">
    <p class='ocr_par' dir='ltr' id='par_1_73' title="bbox 509 4097 2097 4173">
     <span class='ocr_line' id='line_1_73' title="bbox 509 4097 2097 4173; baseline -0.008 -9"><span class='ocrx_word' id='word_1_489' title='bbox 509 4110 705 4166; x_wconf 67' lang='lat' dir='ltr'><strong>rentia:</strong></span> <span class='ocrx_word' id='word_1_490' title='bbox 734 4108 878 4163; x_wconf 75' lang='lat' dir='ltr'><strong>facta</strong></span> <span class='ocrx_word' id='word_1_491' title='bbox 916 4104 1361 4170; x_wconf 72' lang='lat' dir='ltr'><strong>convellerelur,,</strong></span> <span class='ocrx_word' id='word_1_492' title='bbox 1401 4101 1497 4173; x_wconf 92' lang='lat' dir='ltr'><strong>qui</strong></span> <span class='ocrx_word' id='word_1_493' title='bbox 1530 4099 1756 4158; x_wconf 69' lang='lat' dir='ltr'><strong>Graecos</strong></span> <span class='ocrx_word' id='word_1_494' title='bbox 1814 4097 2097 4155; x_wconf 84' lang='lat' dir='ltr'><strong>antistites</strong></span> 
     </span>
    </p>
   </div>
   <div class='ocr_carea' id='block_1_74' title="bbox 508 4192 2097 4258">
    <p class='ocr_par' dir='ltr' id='par_1_74' title="bbox 508 4192 2097 4258">
     <span class='ocr_line' id='line_1_74' title="bbox 508 4192 2097 4258; baseline -0.008 0"><span class='ocrx_word' id='word_1_495' title='bbox 508 4202 693 4258; x_wconf 88' lang='lat' dir='ltr'><strong>adhuc</strong></span> <span class='ocrx_word' id='word_1_496' title='bbox 747 4199 926 4255; x_wconf 86' lang='lat' dir='ltr'><strong>laicus</strong></span> <span class='ocrx_word' id='word_1_497' title='bbox 962 4213 992 4252; x_wconf 94' lang='lat' dir='ltr'><strong>a</strong></span> <span class='ocrx_word' id='word_1_498' title='bbox 1049 4197 1369 4253; x_wconf 89' lang='lat' dir='ltr'><strong>coronando</strong></span> <span class='ocrx_word' id='word_1_499' title='bbox 1405 4192 1776 4252; x_wconf 86' lang='lat' dir='ltr'><strong>Constantino</strong></span> <span class='ocrx_word' id='word_1_500' title='bbox 1800 4193 2097 4258; x_wconf 90' lang='lat' dir='ltr'><strong>deterruit,</strong></span> 
     </span>
    </p>
   </div>
   <div class='ocr_carea' id='block_1_75' title="bbox 506 4286 2093 4356">
    <p class='ocr_par' dir='ltr' id='par_1_75' title="bbox 506 4286 2093 4356">
     <span class='ocr_line' id='line_1_75' title="bbox 506 4286 2093 4356; baseline -0.008 -6"><span class='ocrx_word' id='word_1_501' title='bbox 506 4303 564 4350; x_wconf 89' lang='lat' dir='ltr'><strong>et</strong></span> <span class='ocrx_word' id='word_1_502' title='bbox 604 4294 822 4349; x_wconf 88' lang='lat' dir='ltr'><strong>tandem</strong></span> <span class='ocrx_word' id='word_1_503' title='bbox 856 4292 912 4345; x_wconf 89' lang='lat' dir='ltr'><strong>in</strong></span> <span class='ocrx_word' id='word_1_504' title='bbox 946 4289 1346 4346; x_wconf 89' lang='lat' dir='ltr'><strong>monasterium</strong></span> <span class='ocrx_word' id='word_1_505' title='bbox 1397 4301 1460 4344; x_wconf 90' lang='lat' dir='ltr'><strong>se</strong></span> <span class='ocrx_word' id='word_1_506' title='bbox 1497 4287 1710 4356; x_wconf 89' lang='lat' dir='ltr'><strong>recepit</strong></span> <span class='ocrx_word' id='word_1_507' title='bbox 1761 4286 1928 4356; x_wconf 91' lang='lat' dir='ltr'><strong>paulo</strong></span> <span class='ocrx_word' id='word_1_508' title='bbox 1958 4292 2093 4341; x_wconf 89' lang='lat' dir='ltr'><strong>ante</strong></span> 
     </span>
    </p>
   </div>
   <div class='ocr_carea' id='block_1_76' title="bbox 506 4376 2093 4459">
    <p class='ocr_par' dir='ltr' id='par_1_76' title="bbox 506 4376 2093 4459">
     <span class='ocr_line' id='line_1_76' title="bbox 506 4376 2093 4459; baseline -0.008 -16"><span class='ocrx_word' id='word_1_509' title='bbox 506 4398 725 4459; x_wconf 82' lang='lat' dir='ltr'><strong>captam</strong></span> <span class='ocrx_word' id='word_1_510' title='bbox 765 4383 983 4443; x_wconf 90' lang='lat' dir='ltr'><strong>urbem.</strong></span> <span class='ocrx_word' id='word_1_511' title='bbox 1010 4381 1146 4449; x_wconf 65' lang='lat' dir='ltr'><strong>Quae</strong></span> <span class='ocrx_word' id='word_1_512' title='bbox 1179 4382 1368 4436; x_wconf 83' lang='lat' dir='ltr'><strong>omnia</strong></span> <span class='ocrx_word' id='word_1_513' title='bbox 1407 4394 1475 4453; x_wconf 81' lang='lat' dir='ltr'><strong>ex</strong></span> <span class='ocrx_word' id='word_1_514' title='bbox 1507 4378 1626 4435; x_wconf 76' lang='lat' dir='ltr'><strong>sola</strong></span> <span class='ocrx_word' id='word_1_515' title='bbox 1652 4377 1723 4434; x_wconf 85' lang='lat' dir='ltr'><strong>ad</strong></span> <span class='ocrx_word' id='word_1_516' title='bbox 1771 4376 2093 4434; x_wconf 87' lang='lat' dir='ltr'><strong>Constanti-</strong></span> 
     </span>
    </p>
   </div>
   <div class='ocr_carea' id='block_1_77' title="bbox 2200 3165 3779 3238">
    <p class='ocr_par' dir='ltr' id='par_1_77' title="bbox 2200 3165 3779 3238">
     <span class='ocr_line' id='line_1_77' title="bbox 2200 3165 3779 3238; baseline 0.003 -17"><span class='ocrx_word' id='word_1_517' title='bbox 2200 3165 2495 3221; x_wconf 87' lang='lat' dir='ltr'><strong>scribentis</strong></span> <span class='ocrx_word' id='word_1_518' title='bbox 2521 3166 2689 3221; x_wconf 87' lang='lat' dir='ltr'><strong>verba</strong></span> <span class='ocrx_word' id='word_1_519' title='bbox 2723 3165 2938 3223; x_wconf 79' lang='lat' dir='ltr'><strong>referre</strong></span> <span class='ocrx_word' id='word_1_520' title='bbox 2990 3182 3058 3223; x_wconf 79' lang='lat' dir='ltr'><strong>ex</strong></span> <span class='ocrx_word' id='word_1_521' title='bbox 3140 3166 3347 3223; x_wconf 86' lang='lat' dir='ltr'><strong>inedita</strong></span> <span class='ocrx_word' id='word_1_522' title='bbox 3404 3166 3658 3238; x_wconf 82' lang='lat' dir='ltr'><strong>Epistula</strong></span> <span class='ocrx_word' id='word_1_523' title='bbox 3712 3172 3779 3225; x_wconf 86' lang='lat' dir='ltr'><strong>ad</strong></span> 
     </span>
    </p>
   </div>
   <div class='ocr_carea' id='block_1_78' title="bbox 2203 3257 3786 3331">
    <p class='ocr_par' dir='ltr' id='par_1_78' title="bbox 2203 3257 3786 3331">
     <span class='ocr_line' id='line_1_78' title="bbox 2203 3257 3786 3331; baseline 0.003 -18"><span class='ocrx_word' id='word_1_524' title='bbox 2203 3257 2354 3315; x_wconf 84' lang='lat' dir='ltr'><strong>cives</strong></span> <span class='ocrx_word' id='word_1_525' title='bbox 2384 3274 2518 3316; x_wconf 87' lang='lat' dir='ltr'><strong>suos</strong></span> <span class='ocrx_word' id='word_1_526' title='bbox 2548 3260 2961 3318; x_wconf 88' lang='lat' dir='ltr'><strong>ecclesiasticos</strong></span> <span class='ocrx_word' id='word_1_527' title='bbox 3005 3270 3059 3316; x_wconf 91' lang='lat' dir='ltr'><strong>et</strong></span> <span class='ocrx_word' id='word_1_528' title='bbox 3087 3262 3404 3327; x_wconf 65' lang='lat' dir='ltr'><strong>saeulares,</strong></span> <span class='ocrx_word' id='word_1_529' title='bbox 3432 3262 3639 3331; x_wconf 85' lang='lat' dir='ltr'><strong>scripta</strong></span> <span class='ocrx_word' id='word_1_530' title='bbox 3697 3279 3786 3319; x_wconf 75' lang='lat' dir='ltr'><strong>ses</strong></span> 
     </span>
    </p>
   </div>
   <div class='ocr_carea' id='block_1_79' title="bbox 2198 3353 3789 3426">
    <p class='ocr_par' dir='ltr' id='par_1_79' title="bbox 2198 3353 3789 3426">
     <span class='ocr_line' id='line_1_79' title="bbox 2198 3353 3789 3426; baseline 0.004 -20"><span class='ocrx_word' id='word_1_531' title='bbox 2198 3360 2328 3408; x_wconf 85' lang='lat' dir='ltr'><strong>ante</strong></span> <span class='ocrx_word' id='word_1_532' title='bbox 2359 3361 2577 3424; x_wconf 81' lang='lat' dir='ltr'><strong>cnptant</strong></span> <span class='ocrx_word' id='word_1_533' title='bbox 2646 3354 2848 3409; x_wconf 88' lang='lat' dir='ltr'><strong>urbem</strong></span> <span class='ocrx_word' id='word_1_534' title='bbox 2911 3353 3221 3411; x_wconf 88' lang='lat' dir='ltr'><strong>mensibus.</strong></span> <span class='ocrx_word' id='word_1_535' title='bbox 3277 3353 3575 3426; x_wconf 82' lang='lat' dir='ltr'><strong>Postquam</strong></span> <span class='ocrx_word' id='word_1_536' title='bbox 3636 3356 3789 3412; x_wconf 87' lang='lat' dir='ltr'><strong>initio</strong></span> 
     </span>
    </p>
   </div>
   <div class='ocr_carea' id='block_1_80' title="bbox 2199 3444 3784 3514">
    <p class='ocr_par' dir='ltr' id='par_1_80' title="bbox 2199 3444 3784 3514">
     <span class='ocr_line' id='line_1_80' title="bbox 2199 3444 3784 3514; baseline 0.004 -15"><span class='ocrx_word' id='word_1_537' title='bbox 2199 3452 2427 3512; x_wconf 88' lang='lat' dir='ltr'><strong>questus</strong></span> <span class='ocrx_word' id='word_1_538' title='bbox 2466 3454 2550 3500; x_wconf 91' lang='lat' dir='ltr'><strong>est</strong></span> <span class='ocrx_word' id='word_1_539' title='bbox 2595 3445 2705 3514; x_wconf 86' lang='lat' dir='ltr'><strong>peti</strong></span> <span class='ocrx_word' id='word_1_540' title='bbox 2740 3460 2798 3501; x_wconf 91' lang='lat' dir='ltr'><strong>se</strong></span> <span class='ocrx_word' id='word_1_541' title='bbox 2844 3444 3016 3501; x_wconf 78' lang='lat' dir='ltr'><strong>variis</strong></span> <span class='ocrx_word' id='word_1_542' title='bbox 3064 3445 3414 3502; x_wconf 89' lang='lat' dir='ltr'><strong>inimicorum</strong></span> <span class='ocrx_word' id='word_1_543' title='bbox 3466 3449 3784 3513; x_wconf 82' lang='lat' dir='ltr'><strong>calumniis.</strong></span> 
     </span>
    </p>
   </div>
   <div class='ocr_carea' id='block_1_81' title="bbox 2199 3535 3787 3608">
    <p class='ocr_par' dir='ltr' id='par_1_81' title="bbox 2199 3535 3787 3608">
     <span class='ocr_line' id='line_1_81' title="bbox 2199 3535 3787 3608; baseline 0.003 -19"><span class='ocrx_word' id='word_1_544' title='bbox 2199 3535 2459 3590; x_wconf 70' lang='lat' dir='ltr'><strong>intentari</strong></span> <span class='ocrx_word' id='word_1_545' title='bbox 2511 3536 2890 3592; x_wconf 75' lang='lat' dir='ltr'><strong>minastNon</strong></span> <span class='ocrx_word' id='word_1_546' title='bbox 2937 3536 3073 3601; x_wconf 88' lang='lat' dir='ltr'><strong>alia,</strong></span> <span class='ocrx_word' id='word_1_547' title='bbox 3137 3539 3338 3608; x_wconf 88' lang='lat' dir='ltr'><strong>inquit,</strong></span> <span class='ocrx_word' id='word_1_548' title='bbox 3405 3544 3620 3597; x_wconf 79' lang='lat' dir='ltr'><strong>ratione</strong></span> <span class='ocrx_word' id='word_1_549' title='bbox 3691 3545 3787 3597; x_wconf 90' lang='lat' dir='ltr'><strong>nisi</strong></span> 
     </span>
    </p>
   </div>
   <div class='ocr_carea' id='block_1_82' title="bbox 2197 3629 3781 3701">
    <p class='ocr_par' dir='ltr' id='par_1_82' title="bbox 2197 3629 3781 3701">
     <span class='ocr_line' id='line_1_82' title="bbox 2197 3629 3781 3701; baseline 0.003 -18"><span class='ocrx_word' id='word_1_550' title='bbox 2197 3629 2335 3701; x_wconf 84' lang='lat' dir='ltr'><strong>quod</strong></span> <span class='ocrx_word' id='word_1_551' title='bbox 2367 3630 2614 3685; x_wconf 87' lang='lat' dir='ltr'><strong>nolumus</strong></span> <span class='ocrx_word' id='word_1_552' title='bbox 2656 3631 2905 3699; x_wconf 86' lang='lat' dir='ltr'><strong>separari</strong></span> <span class='ocrx_word' id='word_1_553' title='bbox 2929 3646 2963 3685; x_wconf 88' lang='lat' dir='ltr'><strong>a</strong></span> <span class='ocrx_word' id='word_1_554' title='bbox 2988 3633 3173 3700; x_wconf 83' lang='lat' dir='ltr'><strong>patria</strong></span> <span class='ocrx_word' id='word_1_555' title='bbox 3203 3634 3517 3701; x_wconf 79' lang='lat' dir='ltr'><strong>traditione,</strong></span> <span class='ocrx_word' id='word_1_556' title='bbox 3538 3646 3590 3689; x_wconf 88' lang='lat' dir='ltr'><strong>et</strong></span> <span class='ocrx_word' id='word_1_557' title='bbox 3621 3637 3781 3689; x_wconf 78' lang='lat' dir='ltr'><strong>simul</strong></span> 
     </span>
    </p>
   </div>
   <div class='ocr_carea' id='block_1_83' title="bbox 2200 3726 3787 3795">
    <p class='ocr_par' dir='ltr' id='par_1_83' title="bbox 2200 3726 3787 3795">
     <span class='ocr_line' id='line_1_83' title="bbox 2200 3726 3787 3795; baseline 0.003 -15"><span class='ocrx_word' id='word_1_558' title='bbox 2200 3727 2466 3795; x_wconf 82' lang='lat' dir='ltr'><strong>cumipsis</strong></span> <span class='ocrx_word' id='word_1_559' title='bbox 2503 3726 2833 3794; x_wconf 84' lang='lat' dir='ltr'><strong>impudentes</strong></span> <span class='ocrx_word' id='word_1_560' title='bbox 2868 3735 3059 3781; x_wconf 88' lang='lat' dir='ltr'><strong>contra</strong></span> <span class='ocrx_word' id='word_1_561' title='bbox 3097 3726 3266 3781; x_wconf 82' lang='lat' dir='ltr'><strong>Deum</strong></span> <span class='ocrx_word' id='word_1_562' title='bbox 3333 3744 3468 3785; x_wconf 91' lang='lat' dir='ltr'><strong>esse.</strong></span> <span class='ocrx_word' id='word_1_563' title='bbox 3540 3729 3669 3783; x_wconf 73' lang='lat' dir='ltr'><strong>Nisi</strong></span> <span class='ocrx_word' id='word_1_564' title='bbox 3696 3731 3787 3785; x_wconf 55' lang='lat' dir='ltr'><strong>de.</strong></span> 
     </span>
    </p>
   </div>
   <div class='ocr_carea' id='block_1_84' title="bbox 2201 3817 3783 3889">
    <p class='ocr_par' dir='ltr' id='par_1_84' title="bbox 2201 3817 3783 3889">
     <span class='ocr_line' id='line_1_84' title="bbox 2201 3817 3783 3889; baseline 0 -14"><span class='ocrx_word' id='word_1_565' title='bbox 2201 3819 2377 3875; x_wconf 87' lang='lat' dir='ltr'><strong>sidero</strong></span> <span class='ocrx_word' id='word_1_566' title='bbox 2413 3835 2593 3889; x_wconf 83' lang='lat' dir='ltr'><strong>pacem</strong></span> <span class='ocrx_word' id='word_1_567' title='bbox 2629 3817 3021 3889; x_wconf 84' lang='lat' dir='ltr'><strong>Ecclesiarum,</strong></span> <span class='ocrx_word' id='word_1_568' title='bbox 3067 3829 3116 3874; x_wconf 92' lang='lat' dir='ltr'><strong>et</strong></span> <span class='ocrx_word' id='word_1_569' title='bbox 3138 3824 3478 3875; x_wconf 77' lang='lat' dir='ltr'><strong>concordiam</strong></span> <span class='ocrx_word' id='word_1_570' title='bbox 3519 3819 3783 3877; x_wconf 72' lang='lat' dir='ltr'><strong>Christiao</strong></span> 
     </span>
    </p>
   </div>
   <div class='ocr_carea' id='block_1_85' title="bbox 2202 3911 3785 3982">
    <p class='ocr_par' dir='ltr' id='par_1_85' title="bbox 2202 3911 3785 3982">
     <span class='ocr_line' id='line_1_85' title="bbox 2202 3911 3785 3982; baseline 0.001 -17"><span class='ocrx_word' id='word_1_571' title='bbox 2202 3929 2390 3967; x_wconf 87' lang='lat' dir='ltr'><strong>norum</strong></span> <span class='ocrx_word' id='word_1_572' title='bbox 2445 3912 2702 3977; x_wconf 88' lang='lat' dir='ltr'><strong>omnium,</strong></span> <span class='ocrx_word' id='word_1_573' title='bbox 2739 3911 2831 3967; x_wconf 84' lang='lat' dir='ltr'><strong>sed</strong></span> <span class='ocrx_word' id='word_1_574' title='bbox 2871 3929 3069 3981; x_wconf 86' lang='lat' dir='ltr'><strong>veram,</strong></span> <span class='ocrx_word' id='word_1_575' title='bbox 3133 3914 3492 3982; x_wconf 85' lang='lat' dir='ltr'><strong>spiritualem,</strong></span> <span class='ocrx_word' id='word_1_576' title='bbox 3544 3917 3785 3969; x_wconf 83' lang='lat' dir='ltr'><strong>ecclesia-</strong></span> 
     </span>
    </p>
   </div>
   <div class='ocr_carea' id='block_1_86' title="bbox 2199 4004 3782 4077">
    <p class='ocr_par' dir='ltr' id='par_1_86' title="bbox 2199 4004 3782 4077">
     <span class='ocr_line' id='line_1_86' title="bbox 2199 4004 3782 4077; baseline 0.003 -17"><span class='ocrx_word' id='word_1_577' title='bbox 2199 4006 2414 4069; x_wconf 87' lang='lat' dir='ltr'><strong>sticam,</strong></span> <span class='ocrx_word' id='word_1_578' title='bbox 2437 4004 2645 4073; x_wconf 78' lang='lat' dir='ltr'><strong>justam</strong></span> <span class='ocrx_word' id='word_1_579' title='bbox 2683 4016 2733 4061; x_wconf 90' lang='lat' dir='ltr'><strong>et</strong></span> <span class='ocrx_word' id='word_1_580' title='bbox 2775 4005 3091 4073; x_wconf 81' lang='lat' dir='ltr'><strong>salutarem,</strong></span> <span class='ocrx_word' id='word_1_581' title='bbox 3125 4008 3236 4062; x_wconf 79' lang='lat' dir='ltr'><strong>vita</strong></span> <span class='ocrx_word' id='word_1_582' title='bbox 3263 4024 3378 4062; x_wconf 88' lang='lat' dir='ltr'><strong>mea</strong></span> <span class='ocrx_word' id='word_1_583' title='bbox 3418 4024 3551 4077; x_wconf 84' lang='lat' dir='ltr'><strong>pace</strong></span> <span class='ocrx_word' id='word_1_584' title='bbox 3583 4019 3782 4065; x_wconf 89' lang='lat' dir='ltr'><strong>careat.</strong></span> 
     </span>
    </p>
   </div>
   <div class='ocr_carea' id='block_1_87' title="bbox 2204 4098 3784 4171">
    <p class='ocr_par' dir='ltr' id='par_1_87' title="bbox 2204 4098 3784 4171">
     <span class='ocr_line' id='line_1_87' title="bbox 2204 4098 3784 4171; baseline 0.003 -18"><span class='ocrx_word' id='word_1_585' title='bbox 2204 4098 2278 4153; x_wconf 89' lang='lat' dir='ltr'><strong>De</strong></span> <span class='ocrx_word' id='word_1_586' title='bbox 2304 4100 2477 4168; x_wconf 85' lang='lat' dir='ltr'><strong>primo</strong></span> <span class='ocrx_word' id='word_1_587' title='bbox 2504 4108 2677 4152; x_wconf 87' lang='lat' dir='ltr'><strong>autem</strong></span> <span class='ocrx_word' id='word_1_588' title='bbox 2706 4100 2902 4167; x_wconf 85' lang='lat' dir='ltr'><strong>capite,</strong></span> <span class='ocrx_word' id='word_1_589' title='bbox 2931 4115 3116 4169; x_wconf 85' lang='lat' dir='ltr'><strong>nempe</strong></span> <span class='ocrx_word' id='word_1_590' title='bbox 3143 4100 3287 4170; x_wconf 85' lang='lat' dir='ltr'><strong>quod</strong></span> <span class='ocrx_word' id='word_1_591' title='bbox 3314 4100 3625 4171; x_wconf 79' lang='lat' dir='ltr'><strong>religionem</strong></span> <span class='ocrx_word' id='word_1_592' title='bbox 3658 4104 3784 4157; x_wconf 82' lang='lat' dir='ltr'><strong>atti-</strong></span> 
     </span>
    </p>
   </div>
   <div class='ocr_carea' id='block_1_88' title="bbox 2201 4190 3787 4265">
    <p class='ocr_par' dir='ltr' id='par_1_88' title="bbox 2201 4190 3787 4265">
     <span class='ocr_line' id='line_1_88' title="bbox 2201 4190 3787 4265; baseline 0.001 -19"><span class='ocrx_word' id='word_1_593' title='bbox 2201 4192 2377 4256; x_wconf 85' lang='lat' dir='ltr'><strong>nebat,</strong></span> <span class='ocrx_word' id='word_1_594' title='bbox 2400 4190 2519 4245; x_wconf 86' lang='lat' dir='ltr'><strong>dico</strong></span> <span class='ocrx_word' id='word_1_595' title='bbox 2536 4202 2584 4245; x_wconf 89' lang='lat' dir='ltr'><strong>et</strong></span> <span class='ocrx_word' id='word_1_596' title='bbox 2605 4200 2764 4246; x_wconf 85' lang='lat' dir='ltr'><strong>testor</strong></span> <span class='ocrx_word' id='word_1_597' title='bbox 2780 4192 2919 4261; x_wconf 84' lang='lat' dir='ltr'><strong>quod</strong></span> <span class='ocrx_word' id='word_1_598' title='bbox 2935 4193 3070 4247; x_wconf 83' lang='lat' dir='ltr'><strong>hanc</strong></span> <span class='ocrx_word' id='word_1_599' title='bbox 3084 4209 3177 4265; x_wconf 88' lang='lat' dir='ltr'><strong>ego</strong></span> <span class='ocrx_word' id='word_1_600' title='bbox 3193 4205 3434 4247; x_wconf 85' lang='lat' dir='ltr'><strong>sanctam</strong></span> <span class='ocrx_word' id='word_1_601' title='bbox 3457 4204 3675 4248; x_wconf 86' lang='lat' dir='ltr'><strong>matrem</strong></span> <span class='ocrx_word' id='word_1_602' title='bbox 3691 4194 3787 4249; x_wconf 54' lang='lat' dir='ltr'><strong>Ec.</strong></span> 
     </span>
    </p>
   </div>
   <div class='ocr_carea' id='block_1_89' title="bbox 2200 4286 3787 4355">
    <p class='ocr_par' dir='ltr' id='par_1_89' title="bbox 2200 4286 3787 4355">
     <span class='ocr_line' id='line_1_89' title="bbox 2200 4286 3787 4355; baseline 0 -14"><span class='ocrx_word' id='word_1_603' title='bbox 2200 4287 2418 4341; x_wconf 89' lang='lat' dir='ltr'><strong>clesiam</strong></span> <span class='ocrx_word' id='word_1_604' title='bbox 2436 4303 2554 4340; x_wconf 88' lang='lat' dir='ltr'><strong>cum</strong></span> <span class='ocrx_word' id='word_1_605' title='bbox 2576 4286 2701 4340; x_wconf 84' lang='lat' dir='ltr'><strong>aliis</strong></span> <span class='ocrx_word' id='word_1_606' title='bbox 2723 4286 2892 4341; x_wconf 85' lang='lat' dir='ltr'><strong>tribus</strong></span> <span class='ocrx_word' id='word_1_607' title='bbox 2909 4287 3265 4342; x_wconf 88' lang='lat' dir='ltr'><strong>sanctissimis</strong></span> <span class='ocrx_word' id='word_1_608' title='bbox 3286 4287 3612 4355; x_wconf 81' lang='lat' dir='ltr'><strong>patriarchis</strong></span> <span class='ocrx_word' id='word_1_609' title='bbox 3632 4288 3787 4341; x_wconf 80' lang='lat' dir='ltr'><strong>habui</strong></span> 
     </span>
    </p>
   </div>
   <div class='ocr_carea' id='block_1_90' title="bbox 2200 4378 3783 4451">
    <p class='ocr_par' dir='ltr' id='par_1_90' title="bbox 2200 4378 3783 4451">
     <span class='ocr_line' id='line_1_90' title="bbox 2200 4378 3783 4451; baseline -0.001 -15"><span class='ocrx_word' id='word_1_610' title='bbox 2200 4397 2401 4451; x_wconf 85' lang='lat' dir='ltr'><strong>se-nper</strong></span> <span class='ocrx_word' id='word_1_611' title='bbox 2424 4388 2475 4435; x_wconf 90' lang='lat' dir='ltr'><strong>et</strong></span> <span class='ocrx_word' id='word_1_612' title='bbox 2506 4380 2668 4434; x_wconf 83' lang='lat' dir='ltr'><strong>habeo</strong></span> <span class='ocrx_word' id='word_1_613' title='bbox 2707 4389 2960 4449; x_wconf 85' lang='lat' dir='ltr'><strong>tanquam</strong></span> <span class='ocrx_word' id='word_1_614' title='bbox 2993 4395 3171 4434; x_wconf 78' lang='lat' dir='ltr'><strong>verant</strong></span> <span class='ocrx_word' id='word_1_615' title='bbox 3196 4378 3425 4434; x_wconf 71' lang='lat' dir='ltr'><strong>Matrem</strong></span> <span class='ocrx_word' id='word_1_616' title='bbox 3455 4382 3783 4435; x_wconf 72' lang='lat' dir='ltr'><strong>orthodoxa-</strong></span> 
     </span>
    </p>
   </div>
   <div class='ocr_carea' id='block_1_91' title="bbox 508 4459 3783 4548">
    <p class='ocr_par' dir='ltr' id='par_1_91' title="bbox 508 4459 3783 4548">
     <span class='ocr_line' id='line_1_91' title="bbox 508 4459 3783 4548; baseline -0.003 -13"><span class='ocrx_word' id='word_1_617' title='bbox 508 4496 639 4535; x_wconf 88' lang='lat' dir='ltr'><strong>nnm</strong></span> <span class='ocrx_word' id='word_1_618' title='bbox 674 4476 906 4548; x_wconf 88' lang='lat' dir='ltr'><strong>epistola</strong></span> <span class='ocrx_word' id='word_1_619' title='bbox 942 4484 1056 4531; x_wconf 74' lang='lat' dir='ltr'><strong>tam</strong></span> <span class='ocrx_word' id='word_1_620' title='bbox 1081 4475 1378 4545; x_wconf 82' lang='lat' dir='ltr'><strong>perspicue</strong></span> <span class='ocrx_word' id='word_1_621' title='bbox 1434 4471 1913 4537; x_wconf 82' lang='lat' dir='ltr'><strong>demonstrantur,</strong></span> <span class='ocrx_word' id='word_1_622' title='bbox 1947 4479 2008 4525; x_wconf 85' lang='lat' dir='ltr'><strong>ut</strong></span> <span class='ocrx_word' id='word_1_623' title='bbox 2037 4471 2092 4525; x_wconf 87' lang='lat' dir='ltr'><strong>itt</strong></span> <span class='ocrx_word' id='word_1_624' title='bbox 2135 4459 2178 4515; x_wconf 71' lang='grc' dir='ltr'><strong>θ</strong></span> <span class='ocrx_word' id='word_1_625' title='bbox 2209 4490 2324 4527; x_wconf 88' lang='lat' dir='ltr'><strong>rum</strong></span> <span class='ocrx_word' id='word_1_626' title='bbox 2375 4471 2832 4535; x_wconf 77' lang='lat' dir='ltr'><strong>Christianorum,</strong></span> <span class='ocrx_word' id='word_1_627' title='bbox 2865 4471 2920 4525; x_wconf 90' lang='lat' dir='ltr'><strong>in</strong></span> <span class='ocrx_word' id='word_1_628' title='bbox 2961 4473 3248 4540; x_wconf 86' lang='lat' dir='ltr'><strong>qua,sicut</strong></span> <span class='ocrx_word' id='word_1_629' title='bbox 3281 4471 3436 4526; x_wconf 85' lang='lat' dir='ltr'><strong>initio</strong></span> <span class='ocrx_word' id='word_1_630' title='bbox 3455 4474 3783 4541; x_wconf 81' lang='lat' dir='ltr'><strong>prcedicatio—</strong></span> 
     </span>
    </p>
   </div>
   <div class='ocr_carea' id='block_1_92' title="bbox 507 4562 2086 4633">
    <p class='ocr_par' dir='ltr' id='par_1_92' title="bbox 507 4562 2086 4633">
     <span class='ocr_line' id='line_1_92' title="bbox 507 4562 2086 4633; baseline -0.007 -7"><span class='ocrx_word' id='word_1_631' title='bbox 507 4571 809 4626; x_wconf 89' lang='lat' dir='ltr'><strong>obscurum</strong></span> <span class='ocrx_word' id='word_1_632' title='bbox 837 4566 1068 4622; x_wconf 89' lang='lat' dir='ltr'><strong>alterum</strong></span> <span class='ocrx_word' id='word_1_633' title='bbox 1103 4563 1452 4621; x_wconf 87' lang='lat' dir='ltr'><strong>Gennadium</strong></span> <span class='ocrx_word' id='word_1_634' title='bbox 1493 4562 1695 4619; x_wconf 87' lang='lat' dir='ltr'><strong>cadere</strong></span> <span class='ocrx_word' id='word_1_635' title='bbox 1729 4575 2086 4633; x_wconf 85' lang='lat' dir='ltr'><strong>nequaquam</strong></span> 
     </span>
    </p>
   </div>
   <div class='ocr_carea' id='block_1_93' title="bbox 509 4650 2092 4728">
    <p class='ocr_par' dir='ltr' id='par_1_93' title="bbox 509 4650 2092 4728">
     <span class='ocr_line' id='line_1_93' title="bbox 509 4650 2092 4728; baseline -0.003 -17"><span class='ocrx_word' id='word_1_636' title='bbox 509 4657 744 4728; x_wconf 87' lang='lat' dir='ltr'><strong>possint,</strong></span> <span class='ocrx_word' id='word_1_637' title='bbox 784 4668 946 4726; x_wconf 86' lang='lat' dir='ltr'><strong>quem</strong></span> <span class='ocrx_word' id='word_1_638' title='bbox 972 4653 1316 4710; x_wconf 82' lang='lat' dir='ltr'><strong>Florentiam</strong></span> <span class='ocrx_word' id='word_1_639' title='bbox 1384 4652 1576 4719; x_wconf 84' lang='lat' dir='ltr'><strong>ivisse,</strong></span> <span class='ocrx_word' id='word_1_640' title='bbox 1600 4650 1797 4710; x_wconf 86' lang='lat' dir='ltr'><strong>unioni</strong></span> <span class='ocrx_word' id='word_1_641' title='bbox 1857 4651 2092 4717; x_wconf 79' lang='lat' dir='ltr'><strong>favisse,</strong></span> 
     </span>
    </p>
   </div>
   <div class='ocr_carea' id='block_1_94' title="bbox 509 4744 2099 4821">
    <p class='ocr_par' dir='ltr' id='par_1_94' title="bbox 509 4744 2099 4821">
     <span class='ocr_line' id='line_1_94' title="bbox 509 4744 2099 4821; baseline -0.003 -16"><span class='ocrx_word' id='word_1_642' title='bbox 509 4750 920 4821; x_wconf 79' lang='lat' dir='ltr'><strong>philosophum,</strong></span> <span class='ocrx_word' id='word_1_643' title='bbox 946 4747 1190 4818; x_wconf 71' lang='lat' dir='ltr'><strong>iudicem</strong></span> <span class='ocrx_word' id='word_1_644' title='bbox 1241 4746 1571 4818; x_wconf 90' lang='lat' dir='ltr'><strong>primarium</strong></span> <span class='ocrx_word' id='word_1_645' title='bbox 1594 4744 1817 4802; x_wconf 72' lang='lat' dir='ltr'><strong>Notam</strong></span> <span class='ocrx_word' id='word_1_646' title='bbox 1876 4744 2099 4801; x_wconf 79' lang='lat' dir='ltr'><strong>amicis-</strong></span> 
     </span>
    </p>
   </div>
   <div class='ocr_carea' id='block_1_95' title="bbox 508 4841 2098 4916">
    <p class='ocr_par' dir='ltr' id='par_1_95' title="bbox 508 4841 2098 4916">
     <span class='ocr_line' id='line_1_95' title="bbox 508 4841 2098 4916; baseline -0.001 -15"><span class='ocrx_word' id='word_1_647' title='bbox 508 4850 710 4902; x_wconf 89' lang='lat' dir='ltr'><strong>simum</strong></span> <span class='ocrx_word' id='word_1_648' title='bbox 745 4845 1023 4916; x_wconf 88' lang='lat' dir='ltr'><strong>(I),ltalis</strong></span> <span class='ocrx_word' id='word_1_649' title='bbox 1071 4845 1253 4901; x_wconf 85' lang='lat' dir='ltr'><strong>doctis</strong></span> <span class='ocrx_word' id='word_1_650' title='bbox 1309 4842 1860 4914; x_wconf 75' lang='lat' dir='ltr'><strong>coniunctissimum,</strong></span> <span class='ocrx_word' id='word_1_651' title='bbox 1925 4841 2098 4899; x_wconf 72' lang='lat' dir='ltr'><strong>Marci</strong></span> 
     </span>
    </p>
   </div>
   <div class='ocr_carea' id='block_1_96' title="bbox 510 4935 2097 5010">
    <p class='ocr_par' dir='ltr' id='par_1_96' title="bbox 510 4935 2097 5010">
     <span class='ocr_line' id='line_1_96' title="bbox 510 4935 2097 5010; baseline -0.001 -17"><span class='ocrx_word' id='word_1_652' title='bbox 510 4939 729 5010; x_wconf 64' lang='lat' dir='ltr'><strong>Ephesii</strong></span> <span class='ocrx_word' id='word_1_653' title='bbox 760 4938 1100 5009; x_wconf 86' lang='lat' dir='ltr'><strong>discipulum</strong></span> <span class='ocrx_word' id='word_1_654' title='bbox 1148 4946 1202 4992; x_wconf 90' lang='lat' dir='ltr'><strong>et</strong></span> <span class='ocrx_word' id='word_1_655' title='bbox 1253 4937 1735 5009; x_wconf 80' lang='lat' dir='ltr'><strong>pernecessarium</strong></span> <span class='ocrx_word' id='word_1_656' title='bbox 1772 4935 1970 5002; x_wconf 73' lang='lat' dir='ltr'><strong>fuisse,</strong></span> <span class='ocrx_word' id='word_1_657' title='bbox 2001 4951 2097 4992; x_wconf 84' lang='lat' dir='ltr'><strong>ne-</strong></span> 
     </span>
    </p>
   </div>
   <div class='ocr_carea' id='block_1_97' title="bbox 510 5030 2100 5101">
    <p class='ocr_par' dir='ltr' id='par_1_97' title="bbox 510 5030 2100 5101">
     <span class='ocr_line' id='line_1_97' title="bbox 510 5030 2100 5101; baseline -0.001 -15"><span class='ocrx_word' id='word_1_658' title='bbox 510 5047 601 5086; x_wconf 85' lang='lat' dir='ltr'><strong>mo</strong></span> <span class='ocrx_word' id='word_1_659' title='bbox 629 5045 868 5100; x_wconf 85' lang='lat' dir='ltr'><strong>unquam</strong></span> <span class='ocrx_word' id='word_1_660' title='bbox 906 5030 1013 5085; x_wconf 88' lang='lat' dir='ltr'><strong>ullo</strong></span> <span class='ocrx_word' id='word_1_661' title='bbox 1040 5030 1239 5086; x_wconf 88' lang='lat' dir='ltr'><strong>idoneo</strong></span> <span class='ocrx_word' id='word_1_662' title='bbox 1275 5031 1597 5087; x_wconf 85' lang='lat' dir='ltr'><strong>testimonio</strong></span> <span class='ocrx_word' id='word_1_663' title='bbox 1624 5031 1858 5101; x_wconf 88' lang='lat' dir='ltr'><strong>probare</strong></span> <span class='ocrx_word' id='word_1_664' title='bbox 1888 5036 2100 5099; x_wconf 83' lang='lat' dir='ltr'><strong>potest,</strong></span> 
     </span>
    </p>
   </div>
   <div class='ocr_carea' id='block_1_98' title="bbox 508 5122 2098 5193">
    <p class='ocr_par' dir='ltr' id='par_1_98' title="bbox 508 5122 2098 5193">
     <span class='ocr_line' id='line_1_98' title="bbox 508 5122 2098 5193; baseline -0.002 -14"><span class='ocrx_word' id='word_1_665' title='bbox 508 5126 684 5179; x_wconf 89' lang='lat' dir='ltr'><strong>multo</strong></span> <span class='ocrx_word' id='word_1_666' title='bbox 714 5124 900 5177; x_wconf 90' lang='lat' dir='ltr'><strong>minus</strong></span> <span class='ocrx_word' id='word_1_667' title='bbox 931 5122 983 5176; x_wconf 88' lang='lat' dir='ltr'><strong>id</strong></span> <span class='ocrx_word' id='word_1_668' title='bbox 1007 5122 1153 5193; x_wconf 91' lang='lat' dir='ltr'><strong>quod</strong></span> <span class='ocrx_word' id='word_1_669' title='bbox 1174 5123 1408 5179; x_wconf 81' lang='lat' dir='ltr'><strong>Allatius</strong></span> <span class='ocrx_word' id='word_1_670' title='bbox 1440 5123 1765 5193; x_wconf 90' lang='lat' dir='ltr'><strong>palmarium</strong></span> <span class='ocrx_word' id='word_1_671' title='bbox 1799 5138 2098 5193; x_wconf 82' lang='lat' dir='ltr'><strong>argumen-</strong></span> 
     </span>
    </p>
   </div>
   <div class='ocr_carea' id='block_1_99' title="bbox 508 5214 2101 5288">
    <p class='ocr_par' dir='ltr' id='par_1_99' title="bbox 508 5214 2101 5288">
     <span class='ocr_line' id='line_1_99' title="bbox 508 5214 2101 5288; baseline -0.002 -15"><span class='ocrx_word' id='word_1_672' title='bbox 508 5231 620 5273; x_wconf 91' lang='lat' dir='ltr'><strong>tnm</strong></span> <span class='ocrx_word' id='word_1_673' title='bbox 655 5217 843 5279; x_wconf 86' lang='lat' dir='ltr'><strong>habet.</strong></span> <span class='ocrx_word' id='word_1_674' title='bbox 872 5214 1222 5271; x_wconf 88' lang='lat' dir='ltr'><strong>Scholarium</strong></span> <span class='ocrx_word' id='word_1_675' title='bbox 1250 5232 1360 5271; x_wconf 93' lang='lat' dir='ltr'><strong>non</strong></span> <span class='ocrx_word' id='word_1_676' title='bbox 1394 5216 1499 5272; x_wconf 89' lang='lat' dir='ltr'><strong>nisi</strong></span> <span class='ocrx_word' id='word_1_677' title='bbox 1548 5222 1854 5288; x_wconf 90' lang='lat' dir='ltr'><strong>postquam</strong></span> <span class='ocrx_word' id='word_1_678' title='bbox 1917 5214 2101 5286; x_wconf 82' lang='lat' dir='ltr'><strong>digni-</strong></span> 
     </span>
    </p>
   </div>
   <div class='ocr_carea' id='block_1_100' title="bbox 507 5308 2093 5380">
    <p class='ocr_par' dir='ltr' id='par_1_100' title="bbox 507 5308 2093 5380">
     <span class='ocr_line' id='line_1_100' title="bbox 507 5308 2093 5380; baseline -0.001 -14"><span class='ocrx_word' id='word_1_679' title='bbox 507 5320 673 5367; x_wconf 78' lang='lat' dir='ltr'><strong>tatem</strong></span> <span class='ocrx_word' id='word_1_680' title='bbox 723 5311 1058 5378; x_wconf 84' lang='lat' dir='ltr'><strong>abdicasset,</strong></span> <span class='ocrx_word' id='word_1_681' title='bbox 1134 5311 1507 5365; x_wconf 89' lang='lat' dir='ltr'><strong>monasticam</strong></span> <span class='ocrx_word' id='word_1_682' title='bbox 1572 5310 1739 5364; x_wconf 82' lang='lat' dir='ltr'><strong>vitam</strong></span> <span class='ocrx_word' id='word_1_683' title='bbox 1780 5308 2093 5380; x_wconf 78' lang='lat' dir='ltr'><strong>professum</strong></span> 
     </span>
    </p>
   </div>
   <div class='ocr_carea' id='block_1_101' title="bbox 508 5420 652 5461">
    <p class='ocr_par' dir='ltr' id='par_1_101' title="bbox 508 5420 652 5461">
     <span class='ocr_line' id='line_1_101' title="bbox 508 5420 652 5461; baseline -0.007 -1"><span class='ocrx_word' id='word_1_684' title='bbox 508 5420 652 5461; x_wconf 86' lang='lat' dir='ltr'><strong>esse.</strong></span> 
     </span>
    </p>
   </div>
   <div class='ocr_carea' id='block_1_102' title="bbox 578 5493 2101 5571">
    <p class='ocr_par' dir='ltr' id='par_1_102' title="bbox 578 5493 2101 5571">
     <span class='ocr_line' id='line_1_102' title="bbox 578 5493 2101 5571; baseline -0.001 -21"><span class='ocrx_word' id='word_1_685' title='bbox 578 5496 717 5563; x_wconf 87' lang='lat' dir='ltr'><strong>Quia</strong></span> <span class='ocrx_word' id='word_1_686' title='bbox 750 5511 881 5571; x_wconf 82' lang='lat' dir='ltr'><strong>vero</strong></span> <span class='ocrx_word' id='word_1_687' title='bbox 913 5498 1066 5551; x_wconf 86' lang='lat' dir='ltr'><strong>illum</strong></span> <span class='ocrx_word' id='word_1_688' title='bbox 1103 5497 1157 5550; x_wconf 91' lang='lat' dir='ltr'><strong>in</strong></span> <span class='ocrx_word' id='word_1_689' title='bbox 1195 5495 1445 5552; x_wconf 72' lang='lat' dir='ltr'><strong>eamdem</strong></span> <span class='ocrx_word' id='word_1_690' title='bbox 1511 5509 1748 5565; x_wconf 88' lang='lat' dir='ltr'><strong>semper,</strong></span> <span class='ocrx_word' id='word_1_691' title='bbox 1778 5510 1940 5564; x_wconf 79' lang='lat' dir='ltr'><strong>quam</strong></span> <span class='ocrx_word' id='word_1_692' title='bbox 1977 5493 2101 5548; x_wconf 79' lang='lat' dir='ltr'><strong>Flo-</strong></span> 
     </span>
    </p>
   </div>
   <div class='ocr_carea' id='block_1_103' title="bbox 511 5585 2105 5660">
    <p class='ocr_par' dir='ltr' id='par_1_103' title="bbox 511 5585 2105 5660">
     <span class='ocr_line' id='line_1_103' title="bbox 511 5585 2105 5660; baseline -0.002 -16"><span class='ocrx_word' id='word_1_693' title='bbox 511 5592 703 5645; x_wconf 61' lang='lat' dir='ltr'><strong>rentiae</strong></span> <span class='ocrx_word' id='word_1_694' title='bbox 740 5591 1173 5660; x_wconf 69' lang='lat' dir='ltr'><strong>signiﬁcaverat,</strong></span> <span class='ocrx_word' id='word_1_695' title='bbox 1211 5588 1525 5644; x_wconf 79' lang='lat' dir='ltr'><strong>concordia:</strong></span> <span class='ocrx_word' id='word_1_696' title='bbox 1567 5604 1692 5641; x_wconf 91' lang='lat' dir='ltr'><strong>cum</strong></span> <span class='ocrx_word' id='word_1_697' title='bbox 1731 5585 1940 5643; x_wconf 87' lang='lat' dir='ltr'><strong>Latinis</strong></span> <span class='ocrx_word' id='word_1_698' title='bbox 1979 5603 2105 5642; x_wconf 86' lang='lat' dir='ltr'><strong>san-</strong></span> 
     </span>
    </p>
   </div>
   <div class='ocr_carea' id='block_1_104' title="bbox 2203 4563 3781 4636">
    <p class='ocr_par' dir='ltr' id='par_1_104' title="bbox 2203 4563 3781 4636">
     <span class='ocr_line' id='line_1_104' title="bbox 2203 4563 3781 4636; baseline 0 -16"><span class='ocrx_word' id='word_1_699' title='bbox 2203 4568 2283 4621; x_wconf 87' lang='lat' dir='ltr'><strong>nis</strong></span> <span class='ocrx_word' id='word_1_700' title='bbox 2325 4564 2659 4635; x_wconf 79' lang='lat' dir='ltr'><strong>evangelictc,</strong></span> <span class='ocrx_word' id='word_1_701' title='bbox 2681 4564 2844 4635; x_wconf 76' lang='lat' dir='ltr'><strong>juxta</strong></span> <span class='ocrx_word' id='word_1_702' title='bbox 2862 4563 3079 4619; x_wconf 86' lang='lat' dir='ltr'><strong>Domini</strong></span> <span class='ocrx_word' id='word_1_703' title='bbox 3101 4565 3504 4635; x_wconf 69' lang='lat' dir='ltr'><strong>prmdictionem</strong></span> <span class='ocrx_word' id='word_1_704' title='bbox 3526 4567 3651 4634; x_wconf 81' lang='lat' dir='ltr'><strong>ﬁdei</strong></span> <span class='ocrx_word' id='word_1_705' title='bbox 3668 4585 3781 4636; x_wconf 86' lang='lat' dir='ltr'><strong>pro-</strong></span> 
     </span>
    </p>
   </div>
   <div class='ocr_carea' id='block_1_105' title="bbox 2204 4656 3785 4729">
    <p class='ocr_par' dir='ltr' id='par_1_105' title="bbox 2204 4656 3785 4729">
     <span class='ocr_line' id='line_1_105' title="bbox 2204 4656 3785 4729; baseline 0.001 -18"><span class='ocrx_word' id='word_1_706' title='bbox 2204 4656 2357 4712; x_wconf 75' lang='lat' dir='ltr'><strong>batio</strong></span> <span class='ocrx_word' id='word_1_707' title='bbox 2374 4659 2671 4727; x_wconf 74' lang='lat' dir='ltr'><strong>efﬁcaciter</strong></span> <span class='ocrx_word' id='word_1_708' title='bbox 2697 4658 2999 4729; x_wconf 80' lang='lat' dir='ltr'><strong>perficitur,</strong></span> <span class='ocrx_word' id='word_1_709' title='bbox 3027 4674 3090 4712; x_wconf 83' lang='lat' dir='ltr'><strong>ea:</strong></span> <span class='ocrx_word' id='word_1_710' title='bbox 3117 4660 3358 4714; x_wconf 89' lang='lat' dir='ltr'><strong>omnibus</strong></span> <span class='ocrx_word' id='word_1_711' title='bbox 3389 4663 3679 4729; x_wconf 78' lang='lat' dir='ltr'><strong>apostasite</strong></span> <span class='ocrx_word' id='word_1_712' title='bbox 3707 4664 3785 4713; x_wconf 83' lang='lat' dir='ltr'><strong>in-</strong></span> 
     </span>
    </p>
   </div>
   <div class='ocr_carea' id='block_1_106' title="bbox 2203 4750 3784 4824">
    <p class='ocr_par' dir='ltr' id='par_1_106' title="bbox 2203 4750 3784 4824">
     <span class='ocr_line' id='line_1_106' title="bbox 2203 4750 3784 4824; baseline 0.002 -20"><span class='ocrx_word' id='word_1_713' title='bbox 2203 4753 2470 4807; x_wconf 79' lang='lat' dir='ltr'><strong>cursibus.</strong></span> <span class='ocrx_word' id='word_1_714' title='bbox 2493 4750 2689 4806; x_wconf 87' lang='lat' dir='ltr'><strong>Omnia</strong></span> <span class='ocrx_word' id='word_1_715' title='bbox 2722 4754 2884 4808; x_wconf 88' lang='lat' dir='ltr'><strong>etiam</strong></span> <span class='ocrx_word' id='word_1_716' title='bbox 2914 4753 3071 4823; x_wconf 79' lang='lat' dir='ltr'><strong>hujus</strong></span> <span class='ocrx_word' id='word_1_717' title='bbox 3107 4751 3363 4809; x_wconf 64' lang='lat' dir='ltr'><strong>Ecclesia</strong></span> <span class='ocrx_word' id='word_1_718' title='bbox 3388 4754 3644 4824; x_wconf 80' lang='lat' dir='ltr'><strong>dogmata</strong></span> <span class='ocrx_word' id='word_1_719' title='bbox 3672 4773 3784 4808; x_wconf 81' lang='lat' dir='ltr'><strong>am-</strong></span> 
     </span>
    </p>
   </div>
   <div class='ocr_carea' id='block_1_107' title="bbox 2204 4846 3781 4918">
    <p class='ocr_par' dir='ltr' id='par_1_107' title="bbox 2204 4846 3781 4918">
     <span class='ocr_line' id='line_1_107' title="bbox 2204 4846 3781 4918; baseline 0.001 -19"><span class='ocrx_word' id='word_1_720' title='bbox 2204 4846 2405 4913; x_wconf 85' lang='lat' dir='ltr'><strong>plector</strong></span> <span class='ocrx_word' id='word_1_721' title='bbox 2441 4855 2691 4916; x_wconf 80' lang='lat' dir='ltr'><strong>tanquam</strong></span> <span class='ocrx_word' id='word_1_722' title='bbox 2718 4846 2921 4911; x_wconf 83' lang='lat' dir='ltr'><strong>divina,</strong></span> <span class='ocrx_word' id='word_1_723' title='bbox 2966 4846 3244 4901; x_wconf 81' lang='lat' dir='ltr'><strong>verissima</strong></span> <span class='ocrx_word' id='word_1_724' title='bbox 3269 4857 3319 4902; x_wconf 89' lang='lat' dir='ltr'><strong>et</strong></span> <span class='ocrx_word' id='word_1_725' title='bbox 3344 4847 3635 4913; x_wconf 84' lang='lat' dir='ltr'><strong>salutaria,</strong></span> <span class='ocrx_word' id='word_1_726' title='bbox 3661 4866 3781 4918; x_wconf 81' lang='lat' dir='ltr'><strong>quo-</strong></span> 
     </span>
    </p>
   </div>
   <div class='ocr_carea' id='block_1_108' title="bbox 2208 4936 3778 5010">
    <p class='ocr_par' dir='ltr' id='par_1_108' title="bbox 2208 4936 3778 5010">
     <span class='ocr_line' id='line_1_108' title="bbox 2208 4936 3778 5010; baseline 0.001 -18"><span class='ocrx_word' id='word_1_727' title='bbox 2208 4955 2321 4992; x_wconf 86' lang='lat' dir='ltr'><strong>rum</strong></span> <span class='ocrx_word' id='word_1_728' title='bbox 2348 4956 2513 4993; x_wconf 88' lang='lat' dir='ltr'><strong>unum</strong></span> <span class='ocrx_word' id='word_1_729' title='bbox 2543 4948 2645 5004; x_wconf 79' lang='lat' dir='ltr'><strong>est,</strong></span> <span class='ocrx_word' id='word_1_730' title='bbox 2674 4938 2815 5010; x_wconf 87' lang='lat' dir='ltr'><strong>quod</strong></span> <span class='ocrx_word' id='word_1_731' title='bbox 2863 4936 3100 5010; x_wconf 80' lang='lat' dir='ltr'><strong>Spiritus</strong></span> <span class='ocrx_word' id='word_1_732' title='bbox 3156 4949 3379 4994; x_wconf 88' lang='lat' dir='ltr'><strong>sanctus</strong></span> <span class='ocrx_word' id='word_1_733' title='bbox 3447 4956 3513 4994; x_wconf 79' lang='lat' dir='ltr'><strong>ex</strong></span> <span class='ocrx_word' id='word_1_734' title='bbox 3566 4941 3671 4996; x_wconf 87' lang='lat' dir='ltr'><strong>Deo</strong></span> <span class='ocrx_word' id='word_1_735' title='bbox 3734 4952 3778 4994; x_wconf 85' lang='lat' dir='ltr'><strong>et</strong></span> 
     </span>
    </p>
   </div>
   <div class='ocr_carea' id='block_1_109' title="bbox 2206 5030 3775 5102">
    <p class='ocr_par' dir='ltr' id='par_1_109' title="bbox 2206 5030 3775 5102">
     <span class='ocr_line' id='line_1_109' title="bbox 2206 5030 3775 5102; baseline 0 -17"><span class='ocrx_word' id='word_1_736' title='bbox 2206 5034 2373 5086; x_wconf 84' lang='lat' dir='ltr'><strong>Patre</strong></span> <span class='ocrx_word' id='word_1_737' title='bbox 2403 5033 2638 5102; x_wconf 86' lang='lat' dir='ltr'><strong>procedit</strong></span> <span class='ocrx_word' id='word_1_738' title='bbox 2677 5032 2783 5088; x_wconf 80' lang='lat' dir='ltr'><strong>sive</strong></span> <span class='ocrx_word' id='word_1_739' title='bbox 2815 5030 3086 5097; x_wconf 85' lang='lat' dir='ltr'><strong>subsistit,</strong></span> <span class='ocrx_word' id='word_1_740' title='bbox 3134 5033 3583 5102; x_wconf 81' lang='lat' dir='ltr'><strong>quemadmodum</strong></span> <span class='ocrx_word' id='word_1_741' title='bbox 3633 5036 3775 5086; x_wconf 67' lang='lat' dir='ltr'><strong>ttat/e-</strong></span> 
     </span>
    </p>
   </div>
   <div class='ocr_carea' id='block_1_110' title="bbox 2206 5123 3756 5196">
    <p class='ocr_par' dir='ltr' id='par_1_110' title="bbox 2206 5123 3756 5196">
     <span class='ocr_line' id='line_1_110' title="bbox 2206 5123 3756 5196; baseline -0.001 -19"><span class='ocrx_word' id='word_1_742' title='bbox 2206 5126 2377 5179; x_wconf 81' lang='lat' dir='ltr'><strong>turin</strong></span> <span class='ocrx_word' id='word_1_743' title='bbox 2416 5123 2667 5196; x_wconf 82' lang='lat' dir='ltr'><strong>Symbolo</strong></span> <span class='ocrx_word' id='word_1_744' title='bbox 2745 5127 2983 5178; x_wconf 86' lang='lat' dir='ltr'><strong>omnium</strong></span> <span class='ocrx_word' id='word_1_745' title='bbox 3042 5125 3369 5195; x_wconf 85' lang='lat' dir='ltr'><strong>generalium</strong></span> <span class='ocrx_word' id='word_1_746' title='bbox 3421 5126 3756 5179; x_wconf 77' lang='lat' dir='ltr'><strong>conciliorum</strong></span> 
     </span>
    </p>
   </div>
   <div class='ocr_carea' id='block_1_111' title="bbox 2207 5215 3779 5289">
    <p class='ocr_par' dir='ltr' id='par_1_111' title="bbox 2207 5215 3779 5289">
     <span class='ocr_line' id='line_1_111' title="bbox 2207 5215 3779 5289; baseline -0.004 -15"><span class='ocrx_word' id='word_1_747' title='bbox 2207 5218 2395 5289; x_wconf 81' lang='lat' dir='ltr'><strong>Neque</strong></span> <span class='ocrx_word' id='word_1_748' title='bbox 2423 5218 2563 5273; x_wconf 88' lang='lat' dir='ltr'><strong>enim</strong></span> <span class='ocrx_word' id='word_1_749' title='bbox 2593 5233 2656 5273; x_wconf 73' lang='lat' dir='ltr'><strong>ex</strong></span> <span class='ocrx_word' id='word_1_750' title='bbox 2688 5215 2852 5273; x_wconf 81' lang='lat' dir='ltr'><strong>Patre</strong></span> <span class='ocrx_word' id='word_1_751' title='bbox 2869 5229 2917 5272; x_wconf 89' lang='lat' dir='ltr'><strong>et</strong></span> <span class='ocrx_word' id='word_1_752' title='bbox 2956 5216 3124 5286; x_wconf 81' lang='lat' dir='ltr'><strong>Filio,</strong></span> <span class='ocrx_word' id='word_1_753' title='bbox 3163 5230 3220 5273; x_wconf 91' lang='lat' dir='ltr'><strong>ut</strong></span> <span class='ocrx_word' id='word_1_754' title='bbox 3275 5217 3597 5273; x_wconf 85' lang='lat' dir='ltr'><strong>Latinorum</strong></span> <span class='ocrx_word' id='word_1_755' title='bbox 3632 5216 3779 5287; x_wconf 79' lang='lat' dir='ltr'><strong>Sym-</strong></span> 
     </span>
    </p>
   </div>
   <div class='ocr_carea' id='block_1_112' title="bbox 2208 5309 3777 5385">
    <p class='ocr_par' dir='ltr' id='par_1_112' title="bbox 2208 5309 3777 5385">
     <span class='ocr_line' id='line_1_112' title="bbox 2208 5309 3777 5385; baseline -0.001 -20"><span class='ocrx_word' id='word_1_756' title='bbox 2208 5313 2383 5366; x_wconf 86' lang='lat' dir='ltr'><strong>bolum</strong></span> <span class='ocrx_word' id='word_1_757' title='bbox 2415 5312 2569 5379; x_wconf 87' lang='lat' dir='ltr'><strong>dicit,</strong></span> <span class='ocrx_word' id='word_1_758' title='bbox 2600 5321 2650 5366; x_wconf 88' lang='lat' dir='ltr'><strong>et</strong></span> <span class='ocrx_word' id='word_1_759' title='bbox 2690 5309 3007 5366; x_wconf 79' lang='lat' dir='ltr'><strong>Florentino</strong></span> <span class='ocrx_word' id='word_1_760' title='bbox 3047 5312 3282 5385; x_wconf 79' lang='lat' dir='ltr'><strong>synodus</strong></span> <span class='ocrx_word' id='word_1_761' title='bbox 3308 5311 3576 5367; x_wconf 86' lang='lat' dir='ltr'><strong>inauditis</strong></span> <span class='ocrx_word' id='word_1_762' title='bbox 3621 5313 3777 5377; x_wconf 71' lang='lat' dir='ltr'><strong>expli-</strong></span> 
     </span>
    </p>
   </div>
   <div class='ocr_carea' id='block_1_113' title="bbox 2210 5403 3778 5475">
    <p class='ocr_par' dir='ltr' id='par_1_113' title="bbox 2210 5403 3778 5475">
     <span class='ocr_line' id='line_1_113' title="bbox 2210 5403 3778 5475; baseline 0.001 -17"><span class='ocrx_word' id='word_1_763' title='bbox 2210 5403 2507 5459; x_wconf 86' lang='lat' dir='ltr'><strong>cationibus</strong></span> <span class='ocrx_word' id='word_1_764' title='bbox 2543 5405 2779 5474; x_wconf 70' lang='lat' dir='ltr'><strong>exponit.</strong></span> <span class='ocrx_word' id='word_1_765' title='bbox 2815 5405 3117 5475; x_wconf 81' lang='lat' dir='ltr'><strong>Amplector</strong></span> <span class='ocrx_word' id='word_1_766' title='bbox 3148 5405 3351 5473; x_wconf 77' lang='lat' dir='ltr'><strong>{actam</strong></span> <span class='ocrx_word' id='word_1_767' title='bbox 3404 5417 3590 5460; x_wconf 89' lang='lat' dir='ltr'><strong>contra</strong></span> <span class='ocrx_word' id='word_1_768' title='bbox 3656 5404 3778 5459; x_wconf 86' lang='lat' dir='ltr'><strong>Bec-</strong></span> 
     </span>
    </p>
   </div>
   <div class='ocr_carea' id='block_1_114' title="bbox 2212 5497 3772 5570">
    <p class='ocr_par' dir='ltr' id='par_1_114' title="bbox 2212 5497 3772 5570">
     <span class='ocr_line' id='line_1_114' title="bbox 2212 5497 3772 5570; baseline 0 -20"><span class='ocrx_word' id='word_1_769' title='bbox 2212 5514 2329 5551; x_wconf 86' lang='lat' dir='ltr'><strong>cnm</strong></span> <span class='ocrx_word' id='word_1_770' title='bbox 2362 5497 2812 5566; x_wconf 61' lang='lat' dir='ltr'><strong>Latinopitronem</strong></span> <span class='ocrx_word' id='word_1_771' title='bbox 2845 5510 3089 5552; x_wconf 84' lang='lat' dir='ltr'><strong>sanctam</strong></span> <span class='ocrx_word' id='word_1_772' title='bbox 3134 5509 3182 5553; x_wconf 89' lang='lat' dir='ltr'><strong>et</strong></span> <span class='ocrx_word' id='word_1_773' title='bbox 3227 5516 3475 5570; x_wconf 83' lang='lat' dir='ltr'><strong>magnam</strong></span> <span class='ocrx_word' id='word_1_774' title='bbox 3498 5501 3772 5568; x_wconf 79' lang='lat' dir='ltr'><strong>synodum,</strong></span> 
     </span>
    </p>
   </div>
   <div class='ocr_carea' id='block_1_115' title="bbox 2217 5591 3777 5659">
    <p class='ocr_par' dir='ltr' id='par_1_115' title="bbox 2217 5591 3777 5659">
     <span class='ocr_line' id='line_1_115' title="bbox 2217 5591 3777 5659; baseline 0.001 -17"><span class='ocrx_word' id='word_1_775' title='bbox 2217 5603 2263 5642; x_wconf 84' lang='lat' dir='ltr'><strong>et</strong></span> <span class='ocrx_word' id='word_1_776' title='bbox 2298 5607 2411 5645; x_wconf 85' lang='lat' dir='ltr'><strong>eam</strong></span> <span class='ocrx_word' id='word_1_777' title='bbox 2445 5591 2672 5659; x_wconf 80' lang='lat' dir='ltr'><strong>ﬁrmiter</strong></span> <span class='ocrx_word' id='word_1_778' title='bbox 2694 5592 2832 5645; x_wconf 81' lang='lat' dir='ltr'><strong>inter</strong></span> <span class='ocrx_word' id='word_1_779' title='bbox 2868 5593 3214 5647; x_wconf 71' lang='lat' dir='ltr'><strong>tecumenicas</strong></span> <span class='ocrx_word' id='word_1_780' title='bbox 3273 5594 3643 5649; x_wconf 79' lang='lat' dir='ltr'><strong>collocandum</strong></span> <span class='ocrx_word' id='word_1_781' title='bbox 3670 5610 3777 5646; x_wconf 80' lang='lat' dir='ltr'><strong>cen-</strong></span> 
     </span>
    </p>
   </div>
   <div class='ocr_carea' id='block_1_116' title="bbox 576 5789 2241 5857">
    <p class='ocr_par' dir='ltr' id='par_1_116' title="bbox 576 5789 2241 5857">
     <span class='ocr_line' id='line_1_116' title="bbox 576 5789 2241 5857; baseline 0.002 -21"><span class='ocrx_word' id='word_1_782' title='bbox 576 5789 646 5857; x_wconf 87' lang='lat' dir='ltr'><strong>(l)</strong></span> <span class='ocrx_word' id='word_1_783' title='bbox 679 5790 706 5839; x_wconf 80' lang='lat' dir='ltr'><strong>l‘</strong></span> <span class='ocrx_word' id='word_1_784' title='bbox 721 5789 799 5840; x_wconf 85' lang='lat' dir='ltr'><strong>ide</strong></span> <span class='ocrx_word' id='word_1_785' title='bbox 828 5790 950 5842; x_wconf 81' lang='lat' dir='ltr'><strong>infra</strong></span> <span class='ocrx_word' id='word_1_786' title='bbox 978 5793 1215 5844; x_wconf 51' lang='lat' dir='ltr'><strong>Genna&#39;fii</strong></span> <span class='ocrx_word' id='word_1_787' title='bbox 1252 5799 1298 5841; x_wconf 81' lang='lat' dir='ltr'><strong>et</strong></span> <span class='ocrx_word' id='word_1_788' title='bbox 1336 5791 1526 5843; x_wconf 66' lang='lat' dir='ltr'><strong>Notarx</strong></span> <span class='ocrx_word' id='word_1_789' title='bbox 1550 5790 1803 5842; x_wconf 68' lang='lat' dir='ltr'><strong>ammbaas</strong></span> <span class='ocrx_word' id='word_1_790' title='bbox 1831 5792 2064 5853; x_wconf 71' lang='lat' dir='ltr'><strong>epistolas</strong></span> <span class='ocrx_word' id='word_1_791' title='bbox 2106 5791 2241 5842; x_wconf 74' lang='lat' dir='ltr'><strong>Eois.</strong></span> 
     </span>
    </p>
   </div>
  </div>
