3998 6464
198 363 305 433 273

1756 362 1947 424 ΠΤᾹ.

3355 352 3463 384 τηι-

3355 352 3463 384 ειν-ν.

3355 352 3471 414 ab"

197 497 307 544 seo,
334 479 460 549 quia
519 474 847 531 schismatici
900 473 1139 530 absentia
1180 472 1514 528 acumenica’
1572 472 1774 542 synodo
1808 479 1849 536 Α
1880 472 1983 528 Sed
2014 471 2313 542 spiritualis
2336 471 2492 538 paria
2529 470 2863 526 sentientium:
2894 467 3213 533 communio,
3248 476 3299 521 et
3336 484 3461 535 pcr~

199 572 509 642 qualitatem
545 585 649 622 non
685 567 880 635 aufert.
924 564 1186 637 Ejusdem
1260 562 1547 617 terribilem
1572 572 1780 616 senten-

206 664 335 716 tiam
364 676 479 713 cum
531 658 807 713 sententiis
856 665 906 711 et
972 655 1440 709 anathematismis
1502 659 1782 707 trementer

207 754 453 821 suscipio,
488 761 748 821 tanquam
771 766 983 805 sacram
1014 757 1064 803 et
1135 749 1374 802 divinam
1433 746 1779 812 sententiam,

206 864 322 916 qua:
357 848 421 900 de
449 845 766 899 Latinorum
827 842 1183 915 dogmatibus,
1217 849 1267 895 et
1307 840 1371 895 de
1411 838 1570 907 Papa:
1634 854 1782 892 com-

209 940 588 993 memoratione
612 938 976 992 convenientia
1002 935 1213 990 decreta
1236 936 1510 998 statuerit,
1542 929 1785 987 Persisto

210 1036 261 1086 in
278 1050 339 1086 ea
372 1031 727 1101 promissione
756 1046 859 1098 qua
886 1045 967 1082 me
1026 1025 1292 1080 obstrinxi
1316 1026 1467 1079 beato
1522 1022 1783 1092 Ephesino

210 1127 470 1193 episcopo,
501 1141 617 1177 cum
654 1123 722 1177 ad
749 1121 910 1178 Deum
936 1121 1262 1191 migraturus
1287 1126 1628 1180 esset,coram
1653 1114 1782 1183 Deo,

214 1217 416 1285 angelis
439 1223 486 1269 et
516 1213 839 1277 hominibus,
874 1222 923 1266 et
978 1209 1434 1278 disputationibus
1461 1224 1594 1277 quas
1624 1208 1787 1261 habui

215 1310 458 1361 adversus
508 1309 804 1377 episcopum
866 1304 1115 1360 Cornota:
1168 1304 1237 1357 ad
1280 1302 1787 1358 demonstrationem

216 1402 445 1455 veritatis
476 1414 633 1470 quam
657 1377 993 1468 profitemur,
1022 1407 1077 1450 ut
1097 1397 1258 1450 etiam
1287 1396 1508 1450 diversis
1540 1392 1785 1465 operibus

215 1510 329 1560 qua:
358 1509 453 1561 pro
479 1494 656 1561 patria
680 1492 807 1561 fide,
828 1492 1005 1545 divino
1058 1507 1278 1544 munere
1315 1488 1582 1559 publicavi
1616 1502 1789 1542 :con-

214 1584 435 1654 fessione
472 1599 672 1655 quoque
696 1583 820 1651 fidei
852 1597 998 1647 meat,
1036 1582 1114 1635 vel
1160 1582 1339 1652 potius
1373 1580 1656 1636 catholica:
1686 1576 1789 1633 Ee-

214 1676 405 1741 clesice,
447 1691 605 1746 quam
641 1684 766 1728 ante
819 1675 1092 1729 biennium
1138 1684 1394 1729 accurate
1453 1672 1786 1728 elaboratam

213 1768 449 1837 evulgari
486 1784 500 1823 :
542 1766 1016 1835 subscriptionibus
1038 1766 1200 1820 etiam
1227 1782 1359 1836 quas
1395 1781 1515 1819 cum
1542 1763 1790 1820 ecclesia-

217 1863 361 1915 sticis
392 1860 541 1927 viris,
570 1861 755 1913 eadem
790 1860 1063 1914 nobiscum
1092 1859 1438 1913 sentientibus
1473 1857 1669 1924 scripto
1695 1856 1787 1926 fir-

215 1955 475 2006 mavimus
504 1951 666 2022 legati
723 1960 971 2020 tempore,
996 1960 1044 2006 et
1083 1952 1270 2005 deinde
1314 1960 1428 2020 post
1473 1949 1787 2019 legationem

216 2043 419 2096 domini
451 2042 692 2109 Brennii,
720 2043 873 2112 cujus
896 2045 1156 2111 particeps
1182 2042 1328 2096 nullo
1362 2041 1516 2095 modo
1540 2041 1640 2110 fui,
1673 2057 1788 2093 cum

218 2153 479 2205 nusquam
507 2135 667 2204 Papa:
698 2134 1523 2201 commemorationemsuscipere
1559 2132 1785 2186 statuis-

219 2244 417 2294 semus,
452 2226 686 2296 quandiu
715 2227 859 2280 circa
905 2227 1169 2295 prn'cipua
1192 2226 1317 2294 fidei
1344 2227 1601 2296 dogmata
1628 2224 1788 2279 divisi

217 2331 267 2374 et
298 2319 563 2373 discordes
598 2334 827 2373 essemus
851 2321 915 2373 ab
945 2335 1011 2372 eo
1064 2319 1229 2372 secuti
1280 2319 1548 2387 praedicta:
1600 2315 1790 2388 synodi

218 2412 601 2482 deﬁnitionem,
648 2420 863 2480 patrum
945 2420 1246 2463 nostrorum
1312 2409 1792 2479 magistrorumque

216 2505 468 2558 omnium.
996 2507 1001 2511 '

289 2597 435 2651 Idem
472 2599 524 2651 in
551 2596 786 2669 epistola
827 2597 892 2653 ad
926 2597 1262 2669 Sylvcstrnm
1325 2594 1790 2666 magnumeccle—

219 2691 516 2753 siarcbam,
546 2699 600 2745 et
642 2691 706 2744 ad
736 2689 1080 2760 Agallianunt
1129 2689 1630 2761 chartophylacem,
1664 2687 1793 2742 reli-

220 2797 468 2851 quosque
495 2781 906 2837 ecclesiasticos
932 2782 1139 2851 scripta
1166 2796 1292 2836 cum
1324 2780 1574 2851 Liturgia
1610 2780 1793 2849 publi-

222 2890 282 2928 ce
314 2875 683 2931 celebraretur
706 2882 830 2942 post
879 2882 1198 2927 renovatam
1240 2872 1503 2926 unionem
1535 2886 1660 2925 cum
1693 2871 1795 2927 lsi-

222 2965 359 3015 doro
387 2962 665 3016 cardinale
694 2960 905 3016 Bussiaa
946 2960 1126 3031 legato
1157 2960 1478 3031 apostolico,
1503 2969 1792 3030 postquam

217 3054 508 3108 excusavit
550 3069 607 3108 se
637 3053 783 3124 quod
824 3060 1054 3108 vocatus
1087 3053 1167 3108 ire
1193 3053 1258 3109 ad
1287 3053 1554 3125 synodum
1583 3052 1795 3108 renuis-

218 3154 325 3200 sct.
358 3146 439 3199 Ad
467 3144 595 3215 quid
632 3162 792 3215 porro
818 3145 927 3200 hare
982 3145 1198 3217 sgnaxis
1227 3146 1408 3198 habita
1435 3146 1561 3201 est!
1593 3143 1795 3214 Nempe

216 3237 342 3305 quia
375 3252 438 3290 ex
460 3253 561 3307 quo
590 3238 714 3291 unio
755 3254 849 3306 per
885 3237 1132 3306 populum
1168 3237 1317 3306 facta
1375 3245 1454 3290 est
1482 3234 1642 3306 (vah!
1672 3252 1796 3290 nam

217 3329 413 3383 (lirisio
446 3339 522 3383 est
552 3347 583 3383 a
608 3329 762 3397 Deo),
812 3314 1292 3385 ecclesiasticarum
1328 3345 1635 3385 consensum
1664 3329 1799 3384 obti‘

219 3436 344 3473 nere
406 3421 657 3490 gestiunt.
718 3420 1016 3491 Relinquite
1068 3438 1147 3476 me
1200 3422 1388 3475 horum
1444 3422 1795 3492 inexpertum,

218 3527 393 3566 meam
417 3515 551 3567 enim
577 3513 639 3568 de
663 3514 759 3567 hoc
783 3518 989 3583 negotio
1012 3515 1326 3568 sententiam
1356 3514 1549 3570 millies
1612 3516 1789 3568 domi-

216 3617 325 3655 nus
354 3613 529 3657 noster
556 3604 865 3672 imperator,
890 3614 937 3657 et
960 3606 1075 3675 ejus
1126 3603 1445 3670 consiliarii,
1493 3616 1541 3659 et
1567 3622 1653 3660 vos
1686 3622 1793 3660 om—

215 3712 314 3751 nes
348 3698 703 3766 perspexistis.
737 3697 871 3753 Ante
908 3698 1000 3753 hos
1063 3698 1319 3768 siquidem
1375 3699 1485 3753 dies
1545 3699 1665 3753 misi
1728 3697 1798 3753 ad

211 3804 341 3845 eum
370 3805 462 3857 per
517 3789 860 3843 venerabilem
888 3788 1205 3843 monachum
1258 3799 1307 3844 et
1359 3790 1683 3845 sacerdotem
1730 3789 1793 3848 ι).

212 3882 488 3948 Ignatium
521 3881 755 3947 capitula
793 3882 1069 3937 duodecim
1100 3882 1165 3936 de
1200 3883 1297 3936 hoc
1325 3884 1655 3954 argumento,
1682 3900 1799 3955 quia

213 3982 273 4028 et
299 3973 397 4040 ipsi
419 3972 648 4027 vidistis.
672 3971 784 4051 Ego
814 3989 929 4029 vero
977 3972 1128 4027 aliud
1149 3972 1275 4043 quid
1305 3973 1371 4027 ab
1405 3990 1462 4029 eo
1487 3974 1627 4045 quod
1662 3992 1797 4029 nunc

212 4065 363 4125 dico,
384 4080 649 4134 nunquam
683 4067 885 4133 dicam,
941 4066 1370 4139 quandoquidem
1422 4064 1796 4123 Florentinant

212 4158 375 4211 illam
402 4159 664 4227 synodum
691 4174 750 4213 eo
776 4158 888 4212 loco
925 4159 1111 4226 habeo,
1148 4177 1250 4231 quo
1286 4161 1431 4230 apud
1492 4160 1657 4214 Deum
1695 4170 1792 4226 est,

214 4259 273 4304 et
314 4250 508 4302 veritas
558 4250 726 4315 docet,
786 4250 1180 4322 Christianique
1238 4269 1417 4306 omnes
1439 4251 1667 4320 legitimi
1695 4251 1796 4305 Ec-

213 4340 405 4393 clesite
430 4338 721 4394 Orientalis
759 4340 860 4408 ﬁlii
891 4341 1052 4408 juxta
1080 4352 1388 4396 sanctorum
1410 4340 1635 4393 Patrum
1677 4357 1796 4395 sen-

218 4430 446 4485 tentiam
477 4440 524 4484 et
552 4431 931 4484 conscientiam
965 4447 1117 4484 suam
1140 4433 1377 4486 sentiunt
1406 4441 1488 4497 ,et
1507 4441 1564 4485 ut
1594 4431 1793 4486 clarius

1884 563 2021 631 fecta
2048 561 2409 617 subordinatio
2436 577 2561 631 erga
2595 560 2854 631 legitimos
2885 568 3148 627 pastores,
3218 560 3273 612 in
3315 575 3460 612 cont-

1884 655 2262 709 memoratione
2277 652 2370 707 illa
2403 654 2667 707 consistit.
2692 653 3031 722 Synodivero
3060 662 3108 707 et
3137 651 3237 708 SS.
3269 650 3461 705 Patres

1882 746 2161 815 definiunt,
2192 756 2248 799 ut
2286 763 2318 801 a
2342 762 2565 816 quorum
2601 746 2844 816 opinione
2859 746 3222 809 abhorrentus,
3251 761 3453 801 eorum~

1883 847 2001 902 dem
2040 845 2459 900 communionem
2485 844 2663 915 fugere
2682 852 2943 914 Oporteat.
2977 841 3151 896 Multa
3179 841 3290 895 alia
3317 842 3461 910 ejus-

1884 938 2027 992 modi
2061 938 2321 1007 deﬁniunt
2355 937 2497 991 vobis
2528 937 2672 990 haud
2700 938 2901 1006 ignota.
2926 935 3048 990 l’ras
3070 936 3309 989 omnibus
3344 949 3461 989 vero

1888 1028 2143 1084 Dominus
2179 1030 2315 1084 dixit
2344 1044 2363 1084 :
2390 1030 2631 1083 alienum
2658 1045 2762 1084 non
2810 1037 3113 1098 sequentur,
3139 1027 3230 1082 sed
3259 1027 3460 1096 fugient

1886 1117 1952 1174 ab
1990 1118 2271 1188 ipso,quia
2296 1135 2399 1172 non
2452 1125 2647 1171 norunt
2698 1133 2875 1171 vocem
2936 1118 3256 1171 alienorum.
3310 1115 3463 1170 Absit

1885 1226 2087 1281 quoque
2107 1218 2164 1263 ut
2194 1208 2490 1265 Ecclesium
2524 1225 2717 1273 meam,
2751 1225 2868 1279 quc
2922 1224 3112 1263 sancta
3137 1221 3213 1264 est
3265 1210 3461 1262 ΟνιΙιοσ

1888 1300 2147 1355 doxorum
2175 1310 2361 1367 mater,
2388 1301 2584 1371 faciam
2606 1301 2933 1364 htereticam,
2967 1301 3266 1370 suscipiens
3298 1304 3462 1368 Papae

1888 1395 2458 1458 commemorationem,
2491 1392 2745 1463 quamdiu
2787 1391 2939 1462 Papa
2959 1407 3022 1446 ea
3055 1392 3395 1460 confitebitur
3413 1401 3461 1444 et

1888 1487 2083 1553 credet,
2111 1464 2336 1557 quorum
2378 1502 2546 1541 causa
2578 1502 2611 1540 a
2659 1494 2839 1563 nostra
2894 1482 3135 1538 Ecclesia
3192 1499 3296 1537 non
3345 1498 3466 1538 sus-

1890 1578 2104 1646 cipitur.
2128 1575 2186 1633 Si
2209 1579 2325 1649 quis
2348 1580 2487 1634 enim
2516 1595 2656 1633 nunc
2678 1578 2999 1647 conﬁteatur
3040 1595 3159 1634 eum
3190 1586 3330 1634 recte
3356 1578 3466 1633 dis-

1888 1684 2108 1739 pensare
2132 1670 2342 1725 verbum
2402 1672 2663 1736 veritatis,
2722 1672 2925 1741 fatetur
2947 1671 2993 1726 is
3049 1671 3282 1740 majores
3340 1688 3466 1725 suos

1891 1762 2057 1830 fuisse
2088 1762 2383 1820 htereticos.
2402 1762 2676 1819 Sententia
2708 1765 2872 1834 igitur
2900 1780 3014 1819 mea
3057 1765 3184 1820 talis
3205 1774 3306 1828 est,
3355 1764 3461 1834 fuit

1889 1865 1939 1911 et
1967 1856 2088 1922 erit,
2120 1872 2312 1927 eroqne
2332 1865 2482 1912 extra
2505 1858 2929 1912 communionem
2947 1858 3132 1927 Paptc,
3155 1866 3206 1911 et
3228 1859 3466 1911 omnium

1891 1951 1982 2021 qui
2024 1949 2107 2005 illi
2149 1966 2458 2022 quocunque
2509 1949 2665 2004 modo
2712 1952 3123 2017 communicant,
3167 1962 3228 2005 ut
3281 1961 3462 2018 patres

1893 2042 2083 2111 nostri,
2116 2057 2338 2113 quorum
2356 2044 2609 2111 pietatem
2636 2044 2844 2097 imitari
2875 2061 2968 2101 nos
3021 2045 3188 2110 decet,
3221 2061 3338 2099 cum
3376 2061 3482 2098 nec

1892 2135 2253 2198 sanctitatem,
2284 2151 2377 2190 nec
2413 2136 2733 2205 sapientiam
2760 2137 2978 2192 illorum
3002 2137 3309 2193 habeamus.
3341 2137 3468 2194 ΙΙωο

1893 2241 2027 2281 sane
2059 2226 2236 2281 oratio
2272 2241 2382 2281 non
2413 2236 2499 2282 est
2556 2227 2737 2281 Latini
2800 2228 3063 2292 hominis,
3095 2238 3192 2284 aut
3221 2230 3339 2302 ejus
3369 2233 3467 2300 qui

1893 2318 1944 2371 in
1986 2318 2357 2373 Romanorum
2392 2318 2723 2375 sententiam
2764 2320 3071 2376 transierit.
3104 2319 3201 2377 Est
3277 2330 3463 2377 autem

1891 2409 2010 2481 ejus
2038 2410 2131 2482 qui
2165 2412 2221 2466 in
2244 2412 2367 2467 aula
2406 2412 2642 2476 vixerat,
2680 2414 2777 2484 qui
2808 2411 3150 2469 Florentium
3188 2412 3481 2485 prolectus

1892 2511 2033 2568 erat,
2059 2502 2262 2572 quique
2284 2502 2602 2574 patriarcha
2633 2513 2758 2573 post
2804 2513 3018 2576 captam
3052 2505 3246 2561 urbem
3280 2507 3466 2563 statim

1894 2604 2112 2650 creatus
2153 2597 2575 2665 est:quodnon
2624 2600 2740 2654 sola
2782 2598 2981 2669 probat
3037 2599 3287 2655 codicum
3334 2616 3472 2656 mss.

1893 2686 2053 2749 ﬁdes.
2087 2689 2181 2743 sed
2222 2689 2308 2743 vel
2341 2704 2447 2744 una
2488 2691 2718 2761 epistola
2745 2690 2814 2746 ad
2849 2706 3042 2749 omnes
3074 2691 3264 2748 ﬁdeles
3316 2696 3468 2749 valc-

1896 2780 2123 2834 dictoria
2156 2797 2279 2837 cum
2310 2782 2632 2854 dignitatem
2684 2784 3010 2855 deponeret,
3052 2785 3274 2841 abunde
3338 2801 3478 2842 con-

1897 2871 2102 2926 ﬁrmat.

1965 2958 2142 3015 Porro
2193 2975 2538 3034 quaecunque
2621 2966 2689 3022 de
2744 2965 2961 3022 duobus
3014 2965 3315 3022 Gennadiis
3363 2967 3479 3023 sive

1900 3050 2204 3110 Scltolariis
2244 3068 2274 3108 a
2325 3055 2696 3130 Caryopltyllo
2778 3067 2874 3113 aut
2930 3057 3136 3114 Allatio
3195 3058 3475 3129 disputata

1899 3157 2051 3213 sunt,
2102 3159 2306 3220 praeter
2368 3167 2431 3208 ea
2480 3168 2603 3223 quas
2644 3153 2875 3224 carptim
2935 3152 3317 3219 delibavimus,
3364 3171 3474 3210 non

1901 3241 2036 3296 tanti
2070 3242 2328 3300 videntur
2362 3260 2511 3313 esse,
2545 3254 2605 3300 ut
2640 3247 2709 3302 ad
2743 3246 3030 3317 singulare
3053 3261 3286 3302 eratuen
3313 3263 3472 3303 revo-

1899 3322 2072 3390 cauda
2120 3338 2256 3392 sint.
2308 3338 2366 3393 Id
2406 3340 2555 3395 enim
2600 3355 2708 3396 non
2743 3341 2852 3397 nisi
2914 3342 3127 3413 prolixa
3162 3352 3216 3397 ct
3250 3343 3493 3398 twdiosa~

1900 3434 2372 3488 commentatione
2421 3442 2606 3503 potest
2661 3433 2901 3499 absolvi,
2946 3436 3041 3491 sed
3097 3435 3309 3506 absque
3359 3436 3473 3491 ullo

1899 3519 2301 3591 operaerpretio.
2333 3519 2468 3576 Nam
2495 3524 2585 3578 cui
2619 3524 2788 3579 semel
2817 3533 3114 3595 perspecta
3146 3524 3315 3579 fuerit
3345 3525 3474 3581 bre-

1900 3609 2005 3674 vis,
2042 3627 2205 3682 quam
2250 3629 2318 3668 ex
2367 3610 2544 3670 certis
2604 3617 2991 3674 monumentis
3046 3618 3476 3684 delineavimus,

1899 3701 2155 3760 Historiae
2177 3704 2557 3765 Gennadianm
2589 3710 2871 3781 synopsis,
2905 3710 2954 3766 is
2977 3712 3161 3766 statim
3190 3711 3478 3783 intelliget,

1899 3795 1954 3851 in
1986 3798 2185 3867 quibus
2217 3809 2273 3855 et
2308 3800 2525 3870 quoties
2550 3801 2925 3856 Itallucinatus
2965 3801 3130 3857 fuerit
3161 3801 3242 3856 vir
3268 3800 3481 3856 doctis-

1900 3888 2097 3946 simus.
2132 3890 2319 3947 Mirari
2354 3907 2486 3948 vero
2533 3892 2672 3947 satis
2707 3907 2815 3948 non
2849 3907 3147 3963 possumus
3178 3908 3325 3959 eum,
3354 3908 3507 3947 cum.

1898 3982 2137 4054 primum
2180 3984 2235 4038 in
2281 3999 2446 4054 opere
2480 3985 2543 4038 de
2583 3993 2835 4052 perpetuo
2878 4000 3141 4038 consensu
3186 3984 3285 4053 (l),
3329 3985 3511 4038 edito.

1900 4088 2047 4129 anno
2084 4074 2243 4137 l6“,
2282 4074 2689 4130 contentiosnm
2722 4076 2868 4128 hunc
2902 4074 2969 4129 de
3005 4074 3219 4129 duobus
3254 4073 3478 4131 Genua-

1900 4165 2008 4221 diis
2058 4165 2242 4220 funem
2299 4165 2502 4221 ducere
2552 4165 2837 4236 coepisset,
2891 4166 3098 4223 deinde
3149 4167 3312 4238 paulo
3354 4176 3505 4238 post»

1902 4256 2286 4312 Dissertationi
2333 4259 2402 4312 de
2458 4257 2714 4329 Georgiis
2751 4260 2828 4331 (2)
2881 4268 3053 4317 totam
3112 4276 3268 4318 suam
3312 4262 3503 4317 verbo,

1900 4354 2064 4403 tenus
2109 4348 2548 4418 disputationem
2606 4351 2957 4419 inseruisset,
3002 4361 3127 4424 post
3161 4369 3336 4410 annos
3381 4354 3477 4409 tri-

1900 4436 2048 4509 ginta
2076 4453 2184 4493 nou
2226 4442 2485 4500 secundis
2513 4450 2607 4497 aut
2644 4445 2821 4500 tertiis
2855 4445 2941 4500 vel
2989 4446 3287 4503 tricesimis
3328 4448 3507 4503 curis-

215 4524 424 4584 dicam,
459 4538 572 4575 eam
598 4524 855 4593 synodum
882 4521 1038 4577 talem
1075 4523 1341 4589 existimo,
1376 4525 1549 4593 qualis
1575 4531 1799 4594 pseudo-
1834 4523 1876 4579 D
1907 4530 2185 4585 meliorem
2242 4530 2440 4589 lactant
2492 4534 2548 4589 in
2602 4549 2770 4606 opere
2807 4545 3001 4592 contra
3056 4537 3504 4609 Creyghtonutu.

218 4616 543 4669 aecumenica
562 4615 657 4667 illa
680 4616 774 4669 sub
798 4613 1109 4670 Constantio
1143 4615 1267 4684 fuit,
1284 4632 1401 4686 qua:
1430 4615 1802 4671 Consubstan-

138 4750 146 4758 .
220 4707 375 4769 tiale,
408 4708 588 4759 utsibi
622 4707 919 4775 videbatur,
965 4708 1279 4763 sustulerat.
1348 4710 1613 4775 Quoniam
1674 4712 1800 4766 item

220 4815 342 4852 mea
362 4802 620 4873 sententia
648 4809 747 4865 est,
780 4800 919 4870 quod
941 4802 1033 4871 qui
1062 4800 1224 4869 Paptc
1247 4803 1798 4859 commemorationem

221 4893 381 4963 facit.
415 4906 506 4945 aut
534 4893 749 4961 facienti
793 4895 1168 4959 communicat,
1227 4896 1389 4948 etiam
1438 4896 1660 4950 consilio
1702 4906 1799 4951 aut

222 4984 618 5047 adhortatione,
652 4985 776 5040 talis
835 4986 977 5056 apud
1019 5003 1101 5039 me
1146 4995 1245 5049 est,
1299 4986 1475 5057 qualis
1540 4988 1585 5041 is
1643 5004 1797 5057 quem

160 5086 164 5091 '
220 5078 501 5130 damnavit
533 5086 717 5130 sancta
741 5087 788 5131 et
817 5093 1010 5149 ntagna
1044 5077 1277 5149 synodus
1327 5077 1797 5148 Constantinopoli

222 5177 562 5237 congregata,
594 5183 710 5237 qua:
752 5154 1065 5223 Latinorum
1095 5171 1395 5225 doctrinam
1449 5172 1795 5237 examinavit,

222 5258 556 5328 Bel-cumque
589 5268 732 5323 tunc,
766 5269 816 5315 et
836 5262 927 5331 qui
954 5262 1137 5315 eadem
1190 5278 1309 5315 cum
1346 5261 1438 5315 illo
1479 5263 1796 5329 sentiebant,

224 5350 491 5413 deposuit.
520 5349 704 5425 Neque
725 5353 977 5407 existimo
996 5353 1103 5407 letve
1126 5352 1380 5423 quiddam
1441 5370 1552 5409 esse
1609 5358 1795 5427 Papae,

227 5449 321 5492 aut
352 5440 576 5496 alterius
617 5445 898 5514 cujusdam
941 5446 1172 5515 episcopi
1226 5449 1799 5511 commemorationem.

301 5620 375 5690 (lg.
398 5616 515 5673 Lib.
554 5635 636 5683 tu,
667 5635 717 5675 c.
759 5620 816 5675 5.

1900 4629 2178 4679 recoctam
2214 4624 2416 4680 iterum
2453 4626 2698 4692 dedisse,
2730 4628 2805 4683 ita
2850 4637 2910 4684 ut
2938 4629 3100 4684 verba
3134 4630 3275 4699 ipsa,
3300 4631 3474 4699 iocos,

1899 4715 2043 4774 uales
2069 4717 2507 4789 religiosissime,
2535 4736 2603 4775 ne
2638 4730 2854 4776 mutato
2882 4720 3102 4790 quidem
3138 4725 3317 4790 apice,
3348 4738 3474 4779 ser-

1900 4810 2133 4865 vaverit.
2171 4809 2275 4877 Qui
2324 4813 2513 4883 itaque
2560 4826 2723 4866 unam
2776 4813 2973 4867 barum
3012 4809 3477 4874 Dissertationum

1902 4902 2078 4969 novit,
2114 4904 2305 4960 ambas
2330 4903 2536 4959 alteras
2565 4905 2805 4961 noverit.

1975 4991 2195 5049 Felellit
2250 4995 2429 5049 virum
2490 4995 2873 5051 doctissimum
2926 4994 3280 5071 Caryapltylli
3336 4999 3480 5068 judi-

1906 5080 2049 5140 cium
2086 5086 2164 5157 (α)
2198 5085 2265 5141 de
2294 5086 2515 5141 duobus
2542 5085 2866 5153 Gennadiis,
2898 5103 3020 5157 quae
3047 5091 3238 5160 opinio
3260 5107 3384 5146 cum
3414 5094 3497 5147 ad-

1907 5179 2265 5233 asserendum
2319 5178 2604 5235 catholicae
2640 5179 2902 5236 Ecclesim
2933 5181 3277 5239 Gennadiqu
3328 5200 3480 5238 cont-

1907 5268 2230 5325 modissinta
2284 5269 2586 5340 videretur,
2641 5286 2784 5340 eam,
2834 5286 2946 5344 quo
2988 5289 3050 5330 se
3097 5274 3339 5330 duceret
3375 5288 3495 5326 non,

1907 5361 2046 5416 satis
2076 5361 2405 5431 praevidens,
2454 5371 2677 5420 secutus
2710 5371 2801 5421 est
2841 5382 2950 5420 non
2995 5367 3105 5422 alio
3141 5366 3269 5430 line,
3319 5377 3495 5432 quam.

1909 5467 1980 5508 ne
2029 5454 2233 5524 periret
2265 5454 2564 5512 auctoritas
2597 5455 3080 5530 Apologeticarum
3112 5473 3211 5530 pro
3250 5455 3489 5511 Floret)»

1975 5627 2051 5700 (2)
2086 5628 2142 5685 in
2179 5629 2415 5704 Georgio
2468 5631 2777 5689 Scholario.

295 5802 369 5866 (a)
405 5804 547 5856 Prict.
587 5806 645 5857 ad
674 5806 916 5859 Gennadii
943 5806 1232 5871 Apologiam
1259 5820 1345 5871 pro
1378 5810 1601 5873 quinque
1628 5808 1871 5873 capitibus
1908 5812 2109 5865 concilii
2143 5815 2439 5869 Florentini.
2478 5818 2669 5879 Romae,
2691 5816 2833 5881 "528,
2861 5817 2932 5871 ν.
