  <div class='ocr_page' id='page_1' title='image "/cluster/home/n/w/nwhite01/storage/ocr_20150623/160/hvd.32044036446961/163.png"; bbox 0 0 3998 6464; ppageno 0'>
   <div class='ocr_carea' id='block_1_1' title="bbox 506 397 613 458">
    <p class='ocr_par' dir='ltr' id='par_1_1' title="bbox 506 397 613 458">
     <span class='ocr_line' id='line_1_1' title="bbox 506 397 613 458; baseline 0.019 -2"><span class='ocrx_word' id='word_1_1' title='bbox 506 397 613 458; x_wconf 72' lang='lat'><strong>‘2‘5</strong></span> 
     </span>
    </p>
   </div>
   <div class='ocr_carea' id='block_1_2' title="bbox 1561 395 2650 490">
    <p class='ocr_par' dir='ltr' id='par_1_2' title="bbox 1561 395 2650 490">
     <span class='ocr_line' id='line_1_2' title="bbox 1561 395 2650 490; baseline -0.003 -33"><span class='ocrx_word' id='word_1_2' title='bbox 1561 399 1709 460; x_wconf 81' lang='lat' dir='ltr'><strong>GEN</strong></span> <span class='ocrx_word' id='word_1_3' title='bbox 1723 401 1816 462; x_wconf 59' lang='lat' dir='ltr'><strong>NA</strong></span> <span class='ocrx_word' id='word_1_4' title='bbox 1832 403 1928 460; x_wconf 82' lang='lat' dir='ltr'><strong>Dii</strong></span> <span class='ocrx_word' id='word_1_5' title='bbox 1977 401 2084 466; x_wconf 74' lang='grc' dir='ltr'><strong>ΕΡ.</strong></span> <span class='ocrx_word' id='word_1_6' title='bbox 2134 395 2650 490; x_wconf 63' lang='grc' dir='ltr'><strong>ΡᾼΤΙΠΑΠΟΙῘᾸΕ</strong></span> 
     </span>
    </p>
   </div>
   <div class='ocr_carea' id='block_1_3' title="bbox 3652 388 3765 449">
    <p class='ocr_par' dir='ltr' id='par_1_3' title="bbox 3652 388 3765 449">
     <span class='ocr_line' id='line_1_3' title="bbox 3652 388 3765 449; baseline -0.018 -1"><span class='ocrx_word' id='word_1_7' title='bbox 3652 388 3765 449; x_wconf 70' lang='grc'><strong>276</strong></span> 
     </span>
    </p>
   </div>
   <div class='ocr_carea' id='block_1_4' title="bbox 508 495 3760 577">
    <p class='ocr_par' dir='ltr' id='par_1_4' title="bbox 508 495 3760 577">
     <span class='ocr_line' id='line_1_4' title="bbox 508 495 3760 577; baseline -0.002 -21"><span class='ocrx_word' id='word_1_8' title='bbox 508 509 620 559; x_wconf 82' lang='lat' dir='ltr'><strong>tina</strong></span> <span class='ocrx_word' id='word_1_9' title='bbox 650 505 856 577; x_wconf 56' lang='lat' dir='ltr'><strong>synodo</strong></span> <span class='ocrx_word' id='word_1_10' title='bbox 889 507 1220 572; x_wconf 89' lang='lat' dir='ltr'><strong>orationum,</strong></span> <span class='ocrx_word' id='word_1_11' title='bbox 1257 522 1376 575; x_wconf 71' lang='lat' dir='ltr'><strong>qurc</strong></span> <span class='ocrx_word' id='word_1_12' title='bbox 1409 516 1545 563; x_wconf 85' lang='lat' dir='ltr'><strong>tanti</strong></span> <span class='ocrx_word' id='word_1_13' title='bbox 1584 527 1691 566; x_wconf 91' lang='lat' dir='ltr'><strong>non</strong></span> <span class='ocrx_word' id='word_1_14' title='bbox 1727 521 1866 576; x_wconf 91' lang='lat' dir='ltr'><strong>erat,</strong></span> <span class='ocrx_word' id='word_1_15' title='bbox 1903 521 1958 567; x_wconf 89' lang='lat' dir='ltr'><strong>ut</strong></span> <span class='ocrx_word' id='word_1_16' title='bbox 1994 522 2074 566; x_wconf 77' lang='lat' dir='ltr'><strong>to-</strong></span> <span class='ocrx_word' id='word_1_17' title='bbox 2107 524 2147 576; x_wconf 75' lang='grc' dir='ltr'><strong>Α</strong></span> <span class='ocrx_word' id='word_1_18' title='bbox 2183 512 2270 565; x_wconf 90' lang='lat' dir='ltr'><strong>nis</strong></span> <span class='ocrx_word' id='word_1_19' title='bbox 2305 526 2410 564; x_wconf 91' lang='lat' dir='ltr'><strong>non</strong></span> <span class='ocrx_word' id='word_1_20' title='bbox 2455 505 2764 576; x_wconf 87' lang='lat' dir='ltr'><strong>usurpavit,</strong></span> <span class='ocrx_word' id='word_1_21' title='bbox 2791 499 3048 574; x_wconf 75' lang='lat' dir='ltr'><strong>quamvis</strong></span> <span class='ocrx_word' id='word_1_22' title='bbox 3076 513 3190 554; x_wconf 90' lang='lat' dir='ltr'><strong>rem</strong></span> <span class='ocrx_word' id='word_1_23' title='bbox 3221 511 3354 552; x_wconf 88' lang='lat' dir='ltr'><strong>voce</strong></span> <span class='ocrx_word' id='word_1_24' title='bbox 3390 495 3760 566; x_wconf 81' lang='lat' dir='ltr'><strong>signiﬁcatam</strong></span> 
     </span>
    </p>
   </div>
   <div class='ocr_carea' id='block_1_5' title="bbox 509 598 2079 658">
    <p class='ocr_par' dir='ltr' id='par_1_5' title="bbox 509 598 2079 658">
     <span class='ocr_line' id='line_1_5' title="bbox 509 598 2079 658; baseline 0.001 -4"><span class='ocrx_word' id='word_1_25' title='bbox 509 609 617 654; x_wconf 84' lang='lat' dir='ltr'><strong>tam</strong></span> <span class='ocrx_word' id='word_1_26' title='bbox 692 598 898 654; x_wconf 86' lang='lat' dir='ltr'><strong>idcirco</strong></span> <span class='ocrx_word' id='word_1_27' title='bbox 965 599 1355 655; x_wconf 70' lang='lat' dir='ltr'><strong>ecclesiasticm</strong></span> <span class='ocrx_word' id='word_1_28' title='bbox 1426 601 1669 658; x_wconf 65' lang='lat' dir='ltr'><strong>historice</strong></span> <span class='ocrx_word' id='word_1_29' title='bbox 1754 604 2079 658; x_wconf 81' lang='lat' dir='ltr'><strong>recentioris</strong></span> 
     </span>
    </p>
   </div>
   <div class='ocr_carea' id='block_1_6' title="bbox 509 690 2080 767">
    <p class='ocr_par' dir='ltr' id='par_1_6' title="bbox 509 690 2080 767">
     <span class='ocr_line' id='line_1_6' title="bbox 509 690 2080 767; baseline 0.004 -22"><span class='ocrx_word' id='word_1_30' title='bbox 509 690 706 745; x_wconf 87' lang='lat' dir='ltr'><strong>seriem</strong></span> <span class='ocrx_word' id='word_1_31' title='bbox 765 691 1086 745; x_wconf 89' lang='lat' dir='ltr'><strong>conturbari</strong></span> <span class='ocrx_word' id='word_1_32' title='bbox 1156 707 1386 747; x_wconf 84' lang='lat' dir='ltr'><strong>necesse</strong></span> <span class='ocrx_word' id='word_1_33' title='bbox 1467 692 1628 749; x_wconf 73' lang='lat' dir='ltr'><strong>foret.</strong></span> <span class='ocrx_word' id='word_1_34' title='bbox 1715 693 2080 767; x_wconf 81' lang='lat' dir='ltr'><strong>Caryophylto</strong></span> 
     </span>
    </p>
   </div>
   <div class='ocr_carea' id='block_1_7' title="bbox 508 782 2081 856">
    <p class='ocr_par' dir='ltr' id='par_1_7' title="bbox 508 782 2081 856">
     <span class='ocr_line' id='line_1_7' title="bbox 508 782 2081 856; baseline 0.005 -20"><span class='ocrx_word' id='word_1_35' title='bbox 508 783 781 853; x_wconf 83' lang='lat' dir='ltr'><strong>duplicem</strong></span> <span class='ocrx_word' id='word_1_36' title='bbox 816 782 1164 839; x_wconf 91' lang='lat' dir='ltr'><strong>Gennadinm</strong></span> <span class='ocrx_word' id='word_1_37' title='bbox 1193 799 1294 838; x_wconf 88' lang='lat' dir='ltr'><strong>cur</strong></span> <span class='ocrx_word' id='word_1_38' title='bbox 1329 786 1543 856; x_wconf 90' lang='lat' dir='ltr'><strong>primus</strong></span> <span class='ocrx_word' id='word_1_39' title='bbox 1574 787 1902 852; x_wconf 87' lang='lat' dir='ltr'><strong>somniaret,</strong></span> <span class='ocrx_word' id='word_1_40' title='bbox 1940 789 2081 844; x_wconf 79' lang='lat' dir='ltr'><strong>ratio</strong></span> 
     </span>
    </p>
   </div>
   <div class='ocr_carea' id='block_1_8' title="bbox 507 875 2081 947">
    <p class='ocr_par' dir='ltr' id='par_1_8' title="bbox 507 875 2081 947">
     <span class='ocr_line' id='line_1_8' title="bbox 507 875 2081 947; baseline 0.001 -14"><span class='ocrx_word' id='word_1_41' title='bbox 507 876 657 933; x_wconf 89' lang='lat' dir='ltr'><strong>nulla</strong></span> <span class='ocrx_word' id='word_1_42' title='bbox 696 885 841 938; x_wconf 86' lang='lat' dir='ltr'><strong>erat,</strong></span> <span class='ocrx_word' id='word_1_43' title='bbox 871 877 980 933; x_wconf 84' lang='lat' dir='ltr'><strong>nisi</strong></span> <span class='ocrx_word' id='word_1_44' title='bbox 1013 875 1159 947; x_wconf 88' lang='lat' dir='ltr'><strong>quod</strong></span> <span class='ocrx_word' id='word_1_45' title='bbox 1194 878 1268 933; x_wconf 86' lang='lat' dir='ltr'><strong>ita</strong></span> <span class='ocrx_word' id='word_1_46' title='bbox 1312 894 1376 932; x_wconf 83' lang='lat' dir='ltr'><strong>cx</strong></span> <span class='ocrx_word' id='word_1_47' title='bbox 1410 879 1704 934; x_wconf 88' lang='lat' dir='ltr'><strong>collectore</strong></span> <span class='ocrx_word' id='word_1_48' title='bbox 1736 879 2081 934; x_wconf 71' lang='lat' dir='ltr'><strong>Bibliotheca!</strong></span> 
     </span>
    </p>
   </div>
   <div class='ocr_carea' id='block_1_9' title="bbox 508 969 2080 1041">
    <p class='ocr_par' dir='ltr' id='par_1_9' title="bbox 508 969 2080 1041">
     <span class='ocr_line' id='line_1_9' title="bbox 508 969 2080 1041; baseline 0 -17"><span class='ocrx_word' id='word_1_49' title='bbox 508 969 735 1024; x_wconf 78' lang='lat' dir='ltr'><strong>Patrum</strong></span> <span class='ocrx_word' id='word_1_50' title='bbox 797 969 1108 1041; x_wconf 70' lang='lat' dir='ltr'><strong>Siargarino</strong></span> <span class='ocrx_word' id='word_1_51' title='bbox 1161 970 1362 1040; x_wconf 83' lang='lat' dir='ltr'><strong>Bigneo</strong></span> <span class='ocrx_word' id='word_1_52' title='bbox 1413 971 1706 1036; x_wconf 75' lang='lat' dir='ltr'><strong>didicerat,</strong></span> <span class='ocrx_word' id='word_1_53' title='bbox 1761 989 1871 1041; x_wconf 90' lang='lat' dir='ltr'><strong>quo</strong></span> <span class='ocrx_word' id='word_1_54' title='bbox 1918 985 2080 1026; x_wconf 87' lang='lat' dir='ltr'><strong>nemo</strong></span> 
     </span>
    </p>
   </div>
   <div class='ocr_carea' id='block_1_10' title="bbox 508 1061 2080 1131">
    <p class='ocr_par' dir='ltr' id='par_1_10' title="bbox 508 1061 2080 1131">
     <span class='ocr_line' id='line_1_10' title="bbox 508 1061 2080 1131; baseline 0 -15"><span class='ocrx_word' id='word_1_55' title='bbox 508 1061 763 1116; x_wconf 76' lang='lat' dir='ltr'><strong>fortassis</strong></span> <span class='ocrx_word' id='word_1_56' title='bbox 796 1063 848 1114; x_wconf 90' lang='lat' dir='ltr'><strong>in</strong></span> <span class='ocrx_word' id='word_1_57' title='bbox 893 1062 1118 1117; x_wconf 81' lang='lat' dir='ltr'><strong>ferenda</strong></span> <span class='ocrx_word' id='word_1_58' title='bbox 1161 1063 1228 1118; x_wconf 91' lang='lat' dir='ltr'><strong>de</strong></span> <span class='ocrx_word' id='word_1_59' title='bbox 1260 1075 1506 1118; x_wconf 77' lang='lat' dir='ltr'><strong>veterum</strong></span> <span class='ocrx_word' id='word_1_60' title='bbox 1541 1065 1765 1131; x_wconf 76' lang='lat' dir='ltr'><strong>scriptis</strong></span> <span class='ocrx_word' id='word_1_61' title='bbox 1806 1063 2080 1118; x_wconf 89' lang='lat' dir='ltr'><strong>sententia</strong></span> 
     </span>
    </p>
   </div>
   <div class='ocr_carea' id='block_1_11' title="bbox 509 1153 2082 1225">
    <p class='ocr_par' dir='ltr' id='par_1_11' title="bbox 509 1153 2082 1225">
     <span class='ocr_line' id='line_1_11' title="bbox 509 1153 2082 1225; baseline -0.001 -18"><span class='ocrx_word' id='word_1_62' title='bbox 509 1153 781 1208; x_wconf 76' lang='lat' dir='ltr'><strong>infelicior</strong></span> <span class='ocrx_word' id='word_1_63' title='bbox 808 1153 929 1219; x_wconf 79' lang='lat' dir='ltr'><strong>fuit,</strong></span> <span class='ocrx_word' id='word_1_64' title='bbox 957 1169 1022 1208; x_wconf 81' lang='lat' dir='ltr'><strong>ex</strong></span> <span class='ocrx_word' id='word_1_65' title='bbox 1051 1153 1382 1208; x_wconf 88' lang='lat' dir='ltr'><strong>Bellarmino</strong></span> <span class='ocrx_word' id='word_1_66' title='bbox 1411 1165 1464 1210; x_wconf 91' lang='lat' dir='ltr'><strong>et</strong></span> <span class='ocrx_word' id='word_1_67' title='bbox 1503 1155 1648 1218; x_wconf 88' lang='lat' dir='ltr'><strong>aliis,</strong></span> <span class='ocrx_word' id='word_1_68' title='bbox 1685 1171 1919 1225; x_wconf 90' lang='lat' dir='ltr'><strong>quorum</strong></span> <span class='ocrx_word' id='word_1_69' title='bbox 1972 1155 2082 1210; x_wconf 88' lang='lat' dir='ltr'><strong>cri-</strong></span> 
     </span>
    </p>
   </div>
   <div class='ocr_carea' id='block_1_12' title="bbox 508 1247 2078 1306">
    <p class='ocr_par' dir='ltr' id='par_1_12' title="bbox 508 1247 2078 1306">
     <span class='ocr_line' id='line_1_12' title="bbox 508 1247 2078 1306; baseline 0.001 -5"><span class='ocrx_word' id='word_1_70' title='bbox 508 1249 616 1301; x_wconf 81' lang='lat' dir='ltr'><strong>tice</strong></span> <span class='ocrx_word' id='word_1_71' title='bbox 659 1250 712 1299; x_wconf 95' lang='lat' dir='ltr'><strong>in</strong></span> <span class='ocrx_word' id='word_1_72' title='bbox 771 1247 1156 1302; x_wconf 82' lang='lat' dir='ltr'><strong>exscribendis</strong></span> <span class='ocrx_word' id='word_1_73' title='bbox 1214 1247 1446 1303; x_wconf 85' lang='lat' dir='ltr'><strong>aliorum</strong></span> <span class='ocrx_word' id='word_1_74' title='bbox 1499 1250 1912 1306; x_wconf 84' lang='lat' dir='ltr'><strong>commentariis</strong></span> <span class='ocrx_word' id='word_1_75' title='bbox 1966 1255 2078 1303; x_wconf 89' lang='lat' dir='ltr'><strong>tota</strong></span> 
     </span>
    </p>
   </div>
   <div class='ocr_carea' id='block_1_13' title="bbox 508 1339 816 1394">
    <p class='ocr_par' dir='ltr' id='par_1_13' title="bbox 508 1339 816 1394">
     <span class='ocr_line' id='line_1_13' title="bbox 508 1339 816 1394; baseline -0.003 -2"><span class='ocrx_word' id='word_1_76' title='bbox 508 1339 816 1394; x_wconf 76' lang='lat' dir='ltr'><strong>couSIabat.</strong></span> 
     </span>
    </p>
   </div>
   <div class='ocr_carea' id='block_1_14' title="bbox 584 1431 2078 1504">
    <p class='ocr_par' dir='ltr' id='par_1_14' title="bbox 584 1431 2078 1504">
     <span class='ocr_line' id='line_1_14' title="bbox 584 1431 2078 1504; baseline -0.001 -19"><span class='ocrx_word' id='word_1_77' title='bbox 584 1431 728 1486; x_wconf 85' lang='lat' dir='ltr'><strong>Sane</strong></span> <span class='ocrx_word' id='word_1_78' title='bbox 775 1445 839 1486; x_wconf 81' lang='lat' dir='ltr'><strong>ex</strong></span> <span class='ocrx_word' id='word_1_79' title='bbox 893 1431 962 1485; x_wconf 88' lang='lat' dir='ltr'><strong>iis</strong></span> <span class='ocrx_word' id='word_1_80' title='bbox 1021 1447 1142 1504; x_wconf 71' lang='lat' dir='ltr'><strong>qua:</strong></span> <span class='ocrx_word' id='word_1_81' title='bbox 1201 1447 1364 1502; x_wconf 81' lang='lat' dir='ltr'><strong>supra</strong></span> <span class='ocrx_word' id='word_1_82' title='bbox 1424 1431 1700 1501; x_wconf 77' lang='lat' dir='ltr'><strong>disputata</strong></span> <span class='ocrx_word' id='word_1_83' title='bbox 1757 1441 1905 1495; x_wconf 89' lang='lat' dir='ltr'><strong>sunt,</strong></span> <span class='ocrx_word' id='word_1_84' title='bbox 1969 1440 2078 1486; x_wconf 91' lang='lat' dir='ltr'><strong>tam</strong></span> 
     </span>
    </p>
   </div>
   <div class='ocr_carea' id='block_1_15' title="bbox 509 1524 2083 1594">
    <p class='ocr_par' dir='ltr' id='par_1_15' title="bbox 509 1524 2083 1594">
     <span class='ocr_line' id='line_1_15' title="bbox 509 1524 2083 1594; baseline 0.001 -19"><span class='ocrx_word' id='word_1_85' title='bbox 509 1531 725 1580; x_wconf 85' lang='lat' dir='ltr'><strong>constat</strong></span> <span class='ocrx_word' id='word_1_86' title='bbox 774 1525 915 1593; x_wconf 85' lang='lat' dir='ltr'><strong>apud</strong></span> <span class='ocrx_word' id='word_1_87' title='bbox 957 1539 1058 1580; x_wconf 92' lang='lat' dir='ltr'><strong>nos</strong></span> <span class='ocrx_word' id='word_1_88' title='bbox 1083 1525 1425 1580; x_wconf 86' lang='lat' dir='ltr'><strong>Gennadium</strong></span> <span class='ocrx_word' id='word_1_89' title='bbox 1455 1526 1871 1582; x_wconf 84' lang='lat' dir='ltr'><strong>schismaticum</strong></span> <span class='ocrx_word' id='word_1_90' title='bbox 1915 1524 2083 1594; x_wconf 88' lang='lat' dir='ltr'><strong>perti-</strong></span> 
     </span>
    </p>
   </div>
   <div class='ocr_carea' id='block_1_16' title="bbox 512 1617 2080 1686">
    <p class='ocr_par' dir='ltr' id='par_1_16' title="bbox 512 1617 2080 1686">
     <span class='ocr_line' id='line_1_16' title="bbox 512 1617 2080 1686; baseline 0 -15"><span class='ocrx_word' id='word_1_91' title='bbox 512 1619 866 1672; x_wconf 86' lang='lat' dir='ltr'><strong>nacissimum</strong></span> <span class='ocrx_word' id='word_1_92' title='bbox 893 1625 947 1672; x_wconf 90' lang='lat' dir='ltr'><strong>et</strong></span> <span class='ocrx_word' id='word_1_93' title='bbox 977 1617 1244 1673; x_wconf 77' lang='lat' dir='ltr'><strong>furiosum</strong></span> <span class='ocrx_word' id='word_1_94' title='bbox 1294 1617 1487 1680; x_wconf 82' lang='lat' dir='ltr'><strong>fuisse,</strong></span> <span class='ocrx_word' id='word_1_95' title='bbox 1512 1633 1674 1686; x_wconf 86' lang='lat' dir='ltr'><strong>quam</strong></span> <span class='ocrx_word' id='word_1_96' title='bbox 1705 1619 1853 1686; x_wconf 92' lang='lat' dir='ltr'><strong>quod</strong></span> <span class='ocrx_word' id='word_1_97' title='bbox 1885 1617 2080 1672; x_wconf 90' lang='lat' dir='ltr'><strong>certis-</strong></span> 
     </span>
    </p>
   </div>
   <div class='ocr_carea' id='block_1_17' title="bbox 511 1710 2080 1781">
    <p class='ocr_par' dir='ltr' id='par_1_17' title="bbox 511 1710 2080 1781">
     <span class='ocr_line' id='line_1_17' title="bbox 511 1710 2080 1781; baseline 0 -17"><span class='ocrx_word' id='word_1_98' title='bbox 511 1712 674 1764; x_wconf 86' lang='lat' dir='ltr'><strong>sime.</strong></span> <span class='ocrx_word' id='word_1_99' title='bbox 737 1710 914 1779; x_wconf 83' lang='lat' dir='ltr'><strong>Atque</strong></span> <span class='ocrx_word' id='word_1_100' title='bbox 971 1710 1045 1763; x_wconf 86' lang='lat' dir='ltr'><strong>ita</strong></span> <span class='ocrx_word' id='word_1_101' title='bbox 1103 1711 1266 1781; x_wconf 86' lang='lat' dir='ltr'><strong>hujus</strong></span> <span class='ocrx_word' id='word_1_102' title='bbox 1319 1710 1568 1765; x_wconf 78' lang='lat' dir='ltr'><strong>ilotnilize</strong></span> <span class='ocrx_word' id='word_1_103' title='bbox 1615 1725 1778 1780; x_wconf 89' lang='lat' dir='ltr'><strong>quam</strong></span> <span class='ocrx_word' id='word_1_104' title='bbox 1843 1710 2080 1771; x_wconf 84' lang='lat' dir='ltr'><strong>edimus.</strong></span> 
     </span>
    </p>
   </div>
   <div class='ocr_carea' id='block_1_18' title="bbox 516 1801 2080 1873">
    <p class='ocr_par' dir='ltr' id='par_1_18' title="bbox 516 1801 2080 1873">
     <span class='ocr_line' id='line_1_18' title="bbox 516 1801 2080 1873; baseline 0.001 -19"><span class='ocrx_word' id='word_1_105' title='bbox 516 1802 692 1868; x_wconf 82' lang='lat' dir='ltr'><strong>maior</strong></span> <span class='ocrx_word' id='word_1_106' title='bbox 723 1803 871 1858; x_wconf 76' lang='lat' dir='ltr'><strong>omni</strong></span> <span class='ocrx_word' id='word_1_107' title='bbox 902 1804 1219 1873; x_wconf 79' lang='lat' dir='ltr'><strong>exceptione</strong></span> <span class='ocrx_word' id='word_1_108' title='bbox 1258 1805 1562 1857; x_wconf 85' lang='lat' dir='ltr'><strong>auctoritas</strong></span> <span class='ocrx_word' id='word_1_109' title='bbox 1593 1819 1718 1858; x_wconf 85' lang='lat' dir='ltr'><strong>esse</strong></span> <span class='ocrx_word' id='word_1_110' title='bbox 1761 1803 1940 1858; x_wconf 85' lang='lat' dir='ltr'><strong>debet.</strong></span> <span class='ocrx_word' id='word_1_111' title='bbox 1979 1801 2080 1858; x_wconf 87' lang='lat' dir='ltr'><strong>So-</strong></span> 
     </span>
    </p>
   </div>
   <div class='ocr_carea' id='block_1_19' title="bbox 512 1893 2082 1967">
    <p class='ocr_par' dir='ltr' id='par_1_19' title="bbox 512 1893 2082 1967">
     <span class='ocr_line' id='line_1_19' title="bbox 512 1893 2082 1967; baseline 0.002 -20"><span class='ocrx_word' id='word_1_112' title='bbox 512 1895 631 1948; x_wconf 89' lang='lat' dir='ltr'><strong>lent</strong></span> <span class='ocrx_word' id='word_1_113' title='bbox 659 1895 804 1948; x_wconf 88' lang='lat' dir='ltr'><strong>enim</strong></span> <span class='ocrx_word' id='word_1_114' title='bbox 837 1893 1233 1958; x_wconf 86' lang='lat' dir='ltr'><strong>Protestantes,</strong></span> <span class='ocrx_word' id='word_1_115' title='bbox 1272 1897 1317 1950; x_wconf 92' lang='lat' dir='ltr'><strong>si</strong></span> <span class='ocrx_word' id='word_1_116' title='bbox 1362 1897 1508 1966; x_wconf 91' lang='lat' dir='ltr'><strong>quod</strong></span> <span class='ocrx_word' id='word_1_117' title='bbox 1541 1912 1605 1950; x_wconf 78' lang='lat' dir='ltr'><strong>ex</strong></span> <span class='ocrx_word' id='word_1_118' title='bbox 1641 1895 1958 1950; x_wconf 79' lang='lat' dir='ltr'><strong>Graecorum</strong></span> <span class='ocrx_word' id='word_1_119' title='bbox 1991 1897 2082 1967; x_wconf 86' lang='lat' dir='ltr'><strong>qui</strong></span> 
     </span>
    </p>
   </div>
   <div class='ocr_carea' id='block_1_20' title="bbox 513 1988 2084 2058">
    <p class='ocr_par' dir='ltr' id='par_1_20' title="bbox 513 1988 2084 2058">
     <span class='ocr_line' id='line_1_20' title="bbox 513 1988 2084 2058; baseline 0.001 -19"><span class='ocrx_word' id='word_1_120' title='bbox 513 1997 642 2040; x_wconf 85' lang='lat' dir='ltr'><strong>ante</strong></span> <span class='ocrx_word' id='word_1_121' title='bbox 676 1988 1103 2056; x_wconf 77' lang='lat' dir='ltr'><strong>quadringentos</strong></span> <span class='ocrx_word' id='word_1_122' title='bbox 1140 2003 1312 2043; x_wconf 89' lang='lat' dir='ltr'><strong>annos</strong></span> <span class='ocrx_word' id='word_1_123' title='bbox 1334 1989 1693 2058; x_wconf 89' lang='lat' dir='ltr'><strong>scripserunt,</strong></span> <span class='ocrx_word' id='word_1_124' title='bbox 1723 1989 1877 2045; x_wconf 87' lang='lat' dir='ltr'><strong>libris</strong></span> <span class='ocrx_word' id='word_1_125' title='bbox 1928 1990 2084 2045; x_wconf 79' lang='lat' dir='ltr'><strong>teSti-</strong></span> 
     </span>
    </p>
   </div>
   <div class='ocr_carea' id='block_1_21' title="bbox 515 2079 2087 2152">
    <p class='ocr_par' dir='ltr' id='par_1_21' title="bbox 515 2079 2087 2152">
     <span class='ocr_line' id='line_1_21' title="bbox 515 2079 2087 2152; baseline 0.003 -20"><span class='ocrx_word' id='word_1_126' title='bbox 515 2081 757 2133; x_wconf 83' lang='lat' dir='ltr'><strong>monium</strong></span> <span class='ocrx_word' id='word_1_127' title='bbox 792 2079 1122 2148; x_wconf 80' lang='lat' dir='ltr'><strong>proferatur,</strong></span> <span class='ocrx_word' id='word_1_128' title='bbox 1167 2084 1354 2136; x_wconf 83' lang='lat' dir='ltr'><strong>statim</strong></span> <span class='ocrx_word' id='word_1_129' title='bbox 1389 2083 1708 2146; x_wconf 86' lang='lat' dir='ltr'><strong>inclamare,</strong></span> <span class='ocrx_word' id='word_1_130' title='bbox 1741 2083 1884 2152; x_wconf 88' lang='lat' dir='ltr'><strong>quod</strong></span> <span class='ocrx_word' id='word_1_131' title='bbox 1922 2081 2087 2136; x_wconf 78' lang='lat' dir='ltr'><strong>fuerit</strong></span> 
     </span>
    </p>
   </div>
   <div class='ocr_carea' id='block_1_22' title="bbox 517 2169 2086 2244">
    <p class='ocr_par' dir='ltr' id='par_1_22' title="bbox 517 2169 2086 2244">
     <span class='ocr_line' id='line_1_22' title="bbox 517 2169 2086 2244; baseline -0.001 -22"><span class='ocrx_word' id='word_1_132' title='bbox 517 2169 729 2225; x_wconf 85' lang='lat' dir='ltr'><strong>Latinis</strong></span> <span class='ocrx_word' id='word_1_133' title='bbox 757 2172 1028 2225; x_wconf 77' lang='lat' dir='ltr'><strong>addictus.</strong></span> <span class='ocrx_word' id='word_1_134' title='bbox 1059 2172 1176 2237; x_wconf 86' lang='lat' dir='ltr'><strong>Qua</strong></span> <span class='ocrx_word' id='word_1_135' title='bbox 1210 2188 1340 2228; x_wconf 91' lang='lat' dir='ltr'><strong>vero</strong></span> <span class='ocrx_word' id='word_1_136' title='bbox 1375 2172 1588 2228; x_wconf 78' lang='lat' dir='ltr'><strong>ratione</strong></span> <span class='ocrx_word' id='word_1_137' title='bbox 1613 2174 1664 2226; x_wconf 90' lang='lat' dir='ltr'><strong>iu</strong></span> <span class='ocrx_word' id='word_1_138' title='bbox 1690 2173 2086 2244; x_wconf 68' lang='grc' dir='ltr'><strong>λατινοφρονή-</strong></span> 
     </span>
    </p>
   </div>
   <div class='ocr_carea' id='block_1_23' title="bbox 519 2264 2086 2335">
    <p class='ocr_par' dir='ltr' id='par_1_23' title="bbox 519 2264 2086 2335">
     <span class='ocr_line' id='line_1_23' title="bbox 519 2264 2086 2335; baseline 0.002 -21"><span class='ocrx_word' id='word_1_139' title='bbox 519 2279 658 2324; x_wconf 73' lang='lat' dir='ltr'><strong>asto;</strong></span> <span class='ocrx_word' id='word_1_140' title='bbox 707 2265 1076 2333; x_wconf 74' lang='lat' dir='ltr'><strong>Suspicionem</strong></span> <span class='ocrx_word' id='word_1_141' title='bbox 1135 2266 1320 2319; x_wconf 83' lang='lat' dir='ltr'><strong>vocari</strong></span> <span class='ocrx_word' id='word_1_142' title='bbox 1373 2266 1546 2335; x_wconf 87' lang='lat' dir='ltr'><strong>possit</strong></span> <span class='ocrx_word' id='word_1_143' title='bbox 1595 2265 1936 2330; x_wconf 89' lang='lat' dir='ltr'><strong>Gennadius,</strong></span> <span class='ocrx_word' id='word_1_144' title='bbox 1993 2264 2086 2334; x_wconf 89' lang='lat' dir='ltr'><strong>qui</strong></span> 
     </span>
    </p>
   </div>
   <div class='ocr_carea' id='block_1_24' title="bbox 515 2354 2088 2429">
    <p class='ocr_par' dir='ltr' id='par_1_24' title="bbox 515 2354 2088 2429">
     <span class='ocr_line' id='line_1_24' title="bbox 515 2354 2088 2429; baseline 0.003 -21"><span class='ocrx_word' id='word_1_145' title='bbox 515 2354 738 2410; x_wconf 73' lang='lat' dir='ltr'><strong>Latinos</strong></span> <span class='ocrx_word' id='word_1_146' title='bbox 768 2367 876 2410; x_wconf 76' lang='lat' dir='ltr'><strong>tam</strong></span> <span class='ocrx_word' id='word_1_147' title='bbox 915 2358 1187 2412; x_wconf 83' lang='lat' dir='ltr'><strong>virulente</strong></span> <span class='ocrx_word' id='word_1_148' title='bbox 1219 2361 1542 2423; x_wconf 76' lang='lat' dir='ltr'><strong>insectatur,</strong></span> <span class='ocrx_word' id='word_1_149' title='bbox 1567 2359 1660 2429; x_wconf 92' lang='lat' dir='ltr'><strong>qui</strong></span> <span class='ocrx_word' id='word_1_150' title='bbox 1695 2373 1792 2428; x_wconf 91' lang='lat' dir='ltr'><strong>pro</strong></span> <span class='ocrx_word' id='word_1_151' title='bbox 1816 2359 2088 2414; x_wconf 71' lang='lat' dir='ltr'><strong>haereticis</strong></span> 
     </span>
    </p>
   </div>
   <div class='ocr_carea' id='block_1_25' title="bbox 517 2450 2087 2520">
    <p class='ocr_par' dir='ltr' id='par_1_25' title="bbox 517 2450 2087 2520">
     <span class='ocr_line' id='line_1_25' title="bbox 517 2450 2087 2520; baseline 0.004 -19"><span class='ocrx_word' id='word_1_152' title='bbox 517 2450 704 2510; x_wconf 73' lang='lat' dir='ltr'><strong>habet,</strong></span> <span class='ocrx_word' id='word_1_153' title='bbox 762 2457 813 2504; x_wconf 82' lang='lat' dir='ltr'><strong>et</strong></span> <span class='ocrx_word' id='word_1_154' title='bbox 855 2451 980 2505; x_wconf 86' lang='lat' dir='ltr'><strong>illos</strong></span> <span class='ocrx_word' id='word_1_155' title='bbox 1029 2451 1095 2505; x_wconf 88' lang='lat' dir='ltr'><strong>ad</strong></span> <span class='ocrx_word' id='word_1_156' title='bbox 1149 2452 1593 2506; x_wconf 87' lang='lat' dir='ltr'><strong>communionem</strong></span> <span class='ocrx_word' id='word_1_157' title='bbox 1637 2453 1845 2506; x_wconf 83' lang='lat' dir='ltr'><strong>admitti</strong></span> <span class='ocrx_word' id='word_1_158' title='bbox 1900 2461 2087 2520; x_wconf 90' lang='lat' dir='ltr'><strong>vetat;</strong></span> 
     </span>
    </p>
   </div>
   <div class='ocr_carea' id='block_1_26' title="bbox 517 2541 2090 2614">
    <p class='ocr_par' dir='ltr' id='par_1_26' title="bbox 517 2541 2090 2614">
     <span class='ocr_line' id='line_1_26' title="bbox 517 2541 2090 2614; baseline 0.005 -23"><span class='ocrx_word' id='word_1_159' title='bbox 517 2541 607 2610; x_wconf 83' lang='lat' dir='ltr'><strong>qui</strong></span> <span class='ocrx_word' id='word_1_160' title='bbox 668 2543 1004 2595; x_wconf 83' lang='lat' dir='ltr'><strong>additionem</strong></span> <span class='ocrx_word' id='word_1_161' title='bbox 1063 2543 1324 2614; x_wconf 80' lang='lat' dir='ltr'><strong>Symboio</strong></span> <span class='ocrx_word' id='word_1_162' title='bbox 1389 2546 1610 2608; x_wconf 82' lang='lat' dir='ltr'><strong>factam,</strong></span> <span class='ocrx_word' id='word_1_163' title='bbox 1680 2547 2090 2614; x_wconf 81' lang='lat' dir='ltr'><strong>processi0uetn</strong></span> 
     </span>
    </p>
   </div>
   <div class='ocr_carea' id='block_1_27' title="bbox 517 2633 2086 2708">
    <p class='ocr_par' dir='ltr' id='par_1_27' title="bbox 517 2633 2086 2708">
     <span class='ocr_line' id='line_1_27' title="bbox 517 2633 2086 2708; baseline 0.003 -22"><span class='ocrx_word' id='word_1_164' title='bbox 517 2634 691 2686; x_wconf 82' lang='lat' dir='ltr'><strong>sancti</strong></span> <span class='ocrx_word' id='word_1_165' title='bbox 727 2633 966 2703; x_wconf 76' lang='lat' dir='ltr'><strong>Spiritus</strong></span> <span class='ocrx_word' id='word_1_166' title='bbox 1002 2654 1029 2687; x_wconf 90' lang='lat' dir='ltr'><strong>a</strong></span> <span class='ocrx_word' id='word_1_167' title='bbox 1067 2634 1227 2691; x_wconf 87' lang='lat' dir='ltr'><strong>Patre</strong></span> <span class='ocrx_word' id='word_1_168' title='bbox 1258 2648 1312 2691; x_wconf 91' lang='lat' dir='ltr'><strong>et</strong></span> <span class='ocrx_word' id='word_1_169' title='bbox 1343 2636 1505 2702; x_wconf 86' lang='lat' dir='ltr'><strong>Filio,</strong></span> <span class='ocrx_word' id='word_1_170' title='bbox 1541 2638 1768 2708; x_wconf 79' lang='lat' dir='ltr'><strong>Azyma,</strong></span> <span class='ocrx_word' id='word_1_171' title='bbox 1817 2638 2086 2708; x_wconf 83' lang='lat' dir='ltr'><strong>Purgato-</strong></span> 
     </span>
    </p>
   </div>
   <div class='ocr_carea' id='block_1_28' title="bbox 516 2726 2090 2798">
    <p class='ocr_par' dir='ltr' id='par_1_28' title="bbox 516 2726 2090 2798">
     <span class='ocr_line' id='line_1_28' title="bbox 516 2726 2090 2798; baseline 0.004 -20"><span class='ocrx_word' id='word_1_172' title='bbox 516 2726 686 2789; x_wconf 87' lang='lat' dir='ltr'><strong>rium,</strong></span> <span class='ocrx_word' id='word_1_173' title='bbox 725 2736 778 2780; x_wconf 91' lang='lat' dir='ltr'><strong>et</strong></span> <span class='ocrx_word' id='word_1_174' title='bbox 822 2742 883 2780; x_wconf 85' lang='lat' dir='ltr'><strong>ea</strong></span> <span class='ocrx_word' id='word_1_175' title='bbox 929 2729 1046 2796; x_wconf 87' lang='lat' dir='ltr'><strong>ipsa</strong></span> <span class='ocrx_word' id='word_1_176' title='bbox 1086 2743 1205 2798; x_wconf 67' lang='lat' dir='ltr'><strong>qua!</strong></span> <span class='ocrx_word' id='word_1_177' title='bbox 1254 2745 1364 2784; x_wconf 88' lang='lat' dir='ltr'><strong>non</strong></span> <span class='ocrx_word' id='word_1_178' title='bbox 1411 2728 1554 2784; x_wconf 91' lang='lat' dir='ltr'><strong>inter</strong></span> <span class='ocrx_word' id='word_1_179' title='bbox 1599 2732 1913 2784; x_wconf 83' lang='lat' dir='ltr'><strong>necessaria</strong></span> <span class='ocrx_word' id='word_1_180' title='bbox 1967 2731 2090 2786; x_wconf 76' lang='lat' dir='ltr'><strong>ﬁdei</strong></span> 
     </span>
    </p>
   </div>
   <div class='ocr_carea' id='block_1_29' title="bbox 517 2816 2092 2888">
    <p class='ocr_par' dir='ltr' id='par_1_29' title="bbox 517 2816 2092 2888">
     <span class='ocr_line' id='line_1_29' title="bbox 517 2816 2092 2888; baseline 0.003 -18"><span class='ocrx_word' id='word_1_181' title='bbox 517 2817 698 2885; x_wconf 84' lang='lat' dir='ltr'><strong>capita</strong></span> <span class='ocrx_word' id='word_1_182' title='bbox 746 2816 891 2886; x_wconf 89' lang='lat' dir='ltr'><strong>apud</strong></span> <span class='ocrx_word' id='word_1_183' title='bbox 934 2833 1032 2872; x_wconf 88' lang='lat' dir='ltr'><strong>nos</strong></span> <span class='ocrx_word' id='word_1_184' title='bbox 1081 2817 1354 2873; x_wconf 83' lang='lat' dir='ltr'><strong>habentur</strong></span> <span class='ocrx_word' id='word_1_185' title='bbox 1387 2819 1594 2874; x_wconf 90' lang='lat' dir='ltr'><strong>erroris</strong></span> <span class='ocrx_word' id='word_1_186' title='bbox 1646 2832 1738 2874; x_wconf 90' lang='lat' dir='ltr'><strong>aut</strong></span> <span class='ocrx_word' id='word_1_187' title='bbox 1787 2822 2092 2888; x_wconf 70' lang='lat' dir='ltr'><strong>btet-oscus,</strong></span> 
     </span>
    </p>
   </div>
   <div class='ocr_carea' id='block_1_30' title="bbox 517 2911 2093 2983">
    <p class='ocr_par' dir='ltr' id='par_1_30' title="bbox 517 2911 2093 2983">
     <span class='ocr_line' id='line_1_30' title="bbox 517 2911 2093 2983; baseline 0.005 -21"><span class='ocrx_word' id='word_1_188' title='bbox 517 2919 627 2962; x_wconf 87' lang='lat' dir='ltr'><strong>tam</strong></span> <span class='ocrx_word' id='word_1_189' title='bbox 677 2923 868 2980; x_wconf 89' lang='lat' dir='ltr'><strong>aperte</strong></span> <span class='ocrx_word' id='word_1_190' title='bbox 901 2912 1230 2966; x_wconf 88' lang='lat' dir='ltr'><strong>condemnat</strong></span> <span class='ocrx_word' id='word_1_191' title='bbox 1257 2911 1376 2982; x_wconf 87' lang='lat' dir='ltr'><strong>(l);</strong></span> <span class='ocrx_word' id='word_1_192' title='bbox 1429 2913 1520 2983; x_wconf 88' lang='lat' dir='ltr'><strong>qui</strong></span> <span class='ocrx_word' id='word_1_193' title='bbox 1569 2919 1856 2970; x_wconf 90' lang='lat' dir='ltr'><strong>anathema</strong></span> <span class='ocrx_word' id='word_1_194' title='bbox 1889 2915 2093 2971; x_wconf 80' lang='lat' dir='ltr'><strong>Joaani</strong></span> 
     </span>
    </p>
   </div>
   <div class='ocr_carea' id='block_1_31' title="bbox 520 3001 2094 3076">
    <p class='ocr_par' dir='ltr' id='par_1_31' title="bbox 520 3001 2094 3076">
     <span class='ocr_line' id='line_1_31' title="bbox 520 3001 2094 3076; baseline 0.007 -25"><span class='ocrx_word' id='word_1_195' title='bbox 520 3002 698 3055; x_wconf 81' lang='lat' dir='ltr'><strong>Becco</strong></span> <span class='ocrx_word' id='word_1_196' title='bbox 730 3001 886 3066; x_wconf 82' lang='lat' dir='ltr'><strong>dicit,</strong></span> <span class='ocrx_word' id='word_1_197' title='bbox 931 3010 985 3056; x_wconf 92' lang='lat' dir='ltr'><strong>et</strong></span> <span class='ocrx_word' id='word_1_198' title='bbox 1022 3001 1555 3075; x_wconf 75' lang='lat' dir='ltr'><strong>pSClNIO-SyﬂOdlim,</strong></span> <span class='ocrx_word' id='word_1_199' title='bbox 1593 3005 1642 3058; x_wconf 90' lang='lat' dir='ltr'><strong>in</strong></span> <span class='ocrx_word' id='word_1_200' title='bbox 1688 3021 1794 3076; x_wconf 90' lang='lat' dir='ltr'><strong>qua</strong></span> <span class='ocrx_word' id='word_1_201' title='bbox 1841 3007 1924 3060; x_wconf 85' lang='lat' dir='ltr'><strong>vir</strong></span> <span class='ocrx_word' id='word_1_202' title='bbox 1971 3008 2094 3076; x_wconf 88' lang='lat' dir='ltr'><strong>pius</strong></span> 
     </span>
    </p>
   </div>
   <div class='ocr_carea' id='block_1_32' title="bbox 522 3097 2091 3167">
    <p class='ocr_par' dir='ltr' id='par_1_32' title="bbox 522 3097 2091 3167">
     <span class='ocr_line' id='line_1_32' title="bbox 522 3097 2091 3167; baseline 0.005 -21"><span class='ocrx_word' id='word_1_203' title='bbox 522 3105 574 3148; x_wconf 80' lang='lat' dir='ltr'><strong>et</strong></span> <span class='ocrx_word' id='word_1_204' title='bbox 633 3097 823 3151; x_wconf 84' lang='lat' dir='ltr'><strong>multis</strong></span> <span class='ocrx_word' id='word_1_205' title='bbox 878 3098 1195 3152; x_wconf 81' lang='lat' dir='ltr'><strong>nominibus</strong></span> <span class='ocrx_word' id='word_1_206' title='bbox 1247 3099 1594 3155; x_wconf 83' lang='lat' dir='ltr'><strong>venerandus</strong></span> <span class='ocrx_word' id='word_1_207' title='bbox 1648 3103 1935 3154; x_wconf 89' lang='lat' dir='ltr'><strong>damnatus</strong></span> <span class='ocrx_word' id='word_1_208' title='bbox 1987 3113 2091 3167; x_wconf 90' lang='lat' dir='ltr'><strong>cst,</strong></span> 
     </span>
    </p>
   </div>
   <div class='ocr_carea' id='block_1_33' title="bbox 2183 589 3756 664">
    <p class='ocr_par' dir='ltr' id='par_1_33' title="bbox 2183 589 3756 664">
     <span class='ocr_line' id='line_1_33' title="bbox 2183 589 3756 664; baseline -0.005 -11"><span class='ocrx_word' id='word_1_209' title='bbox 2183 603 2464 664; x_wconf 77' lang='lat' dir='ltr'><strong>docuerit,</strong></span> <span class='ocrx_word' id='word_1_210' title='bbox 2495 609 2553 655; x_wconf 91' lang='lat' dir='ltr'><strong>ut</strong></span> <span class='ocrx_word' id='word_1_211' title='bbox 2584 595 3120 663; x_wconf 81' lang='lat' dir='ltr'><strong>Wirtembergenses</strong></span> <span class='ocrx_word' id='word_1_212' title='bbox 3146 591 3251 663; x_wconf 85' lang='lat' dir='ltr'><strong>ipsi</strong></span> <span class='ocrx_word' id='word_1_213' title='bbox 3277 589 3368 661; x_wconf 92' lang='lat' dir='ltr'><strong>qui</strong></span> <span class='ocrx_word' id='word_1_214' title='bbox 3405 591 3536 644; x_wconf 80' lang='lat' dir='ltr'><strong>Acta</strong></span> <span class='ocrx_word' id='word_1_215' title='bbox 3568 589 3756 645; x_wconf 89' lang='lat' dir='ltr'><strong>edide-</strong></span> 
     </span>
    </p>
   </div>
   <div class='ocr_carea' id='block_1_34' title="bbox 2183 682 3762 761">
    <p class='ocr_par' dir='ltr' id='par_1_34' title="bbox 2183 682 3762 761">
     <span class='ocr_line' id='line_1_34' title="bbox 2183 682 3762 761; baseline -0.009 -11"><span class='ocrx_word' id='word_1_216' title='bbox 2183 704 2338 760; x_wconf 84' lang='lat' dir='ltr'><strong>runt,</strong></span> <span class='ocrx_word' id='word_1_217' title='bbox 2382 704 2510 750; x_wconf 92' lang='lat' dir='ltr'><strong>nota</strong></span> <span class='ocrx_word' id='word_1_218' title='bbox 2564 692 2632 747; x_wconf 86' lang='lat' dir='ltr'><strong>ad</strong></span> <span class='ocrx_word' id='word_1_219' title='bbox 2687 689 2990 761; x_wconf 73' lang='lat' dir='ltr'><strong>marginem</strong></span> <span class='ocrx_word' id='word_1_220' title='bbox 3028 685 3214 741; x_wconf 87' lang='lat' dir='ltr'><strong>testati</strong></span> <span class='ocrx_word' id='word_1_221' title='bbox 3260 693 3412 747; x_wconf 88' lang='lat' dir='ltr'><strong>sunt,</strong></span> <span class='ocrx_word' id='word_1_222' title='bbox 3451 694 3576 738; x_wconf 86' lang='lat' dir='ltr'><strong>nata</strong></span> <span class='ocrx_word' id='word_1_223' title='bbox 3627 682 3762 737; x_wconf 87' lang='lat' dir='ltr'><strong>inde</strong></span> 
     </span>
    </p>
   </div>
   <div class='ocr_carea' id='block_1_35' title="bbox 2183 774 3759 855">
    <p class='ocr_par' dir='ltr' id='par_1_35' title="bbox 2183 774 3759 855">
     <span class='ocr_line' id='line_1_35' title="bbox 2183 774 3759 855; baseline -0.009 -14"><span class='ocrx_word' id='word_1_224' title='bbox 2183 803 2325 841; x_wconf 86' lang='lat' dir='ltr'><strong>nova</strong></span> <span class='ocrx_word' id='word_1_225' title='bbox 2371 793 2823 855; x_wconf 76' lang='lat' dir='ltr'><strong>argumentorum</strong></span> <span class='ocrx_word' id='word_1_226' title='bbox 2872 795 3052 851; x_wconf 81' lang='lat' dir='ltr'><strong>seges,</strong></span> <span class='ocrx_word' id='word_1_227' title='bbox 3087 779 3141 833; x_wconf 92' lang='lat' dir='ltr'><strong>in</strong></span> <span class='ocrx_word' id='word_1_228' title='bbox 3170 791 3280 848; x_wconf 90' lang='lat' dir='ltr'><strong>qua</strong></span> <span class='ocrx_word' id='word_1_229' title='bbox 3325 774 3566 830; x_wconf 86' lang='lat' dir='ltr'><strong>Thomas</strong></span> <span class='ocrx_word' id='word_1_230' title='bbox 3610 775 3759 830; x_wconf 79' lang='lat' dir='ltr'><strong>Smi-</strong></span> 
     </span>
    </p>
   </div>
   <div class='ocr_carea' id='block_1_36' title="bbox 2187 871 3760 947">
    <p class='ocr_par' dir='ltr' id='par_1_36' title="bbox 2187 871 3760 947">
     <span class='ocr_line' id='line_1_36' title="bbox 2187 871 3760 947; baseline -0.006 -13"><span class='ocrx_word' id='word_1_231' title='bbox 2187 880 2348 934; x_wconf 91' lang='lat' dir='ltr'><strong>theus</strong></span> <span class='ocrx_word' id='word_1_232' title='bbox 2384 878 2652 934; x_wconf 73' lang='lat' dir='ltr'><strong>Ecclesia:</strong></span> <span class='ocrx_word' id='word_1_233' title='bbox 2689 875 3009 947; x_wconf 63' lang='lat' dir='ltr'><strong>Anglicanas</strong></span> <span class='ocrx_word' id='word_1_234' title='bbox 3065 871 3352 942; x_wconf 73' lang='lat' dir='ltr'><strong>theologus</strong></span> <span class='ocrx_word' id='word_1_235' title='bbox 3381 886 3440 926; x_wconf 86' lang='lat' dir='ltr'><strong>se</strong></span> <span class='ocrx_word' id='word_1_236' title='bbox 3483 871 3760 927; x_wconf 74' lang='lat' dir='ltr'><strong>exercuit.</strong></span> 
     </span>
    </p>
   </div>
   <div class='ocr_carea' id='block_1_37' title="bbox 2183 965 3758 1039">
    <p class='ocr_par' dir='ltr' id='par_1_37' title="bbox 2183 965 3758 1039">
     <span class='ocr_line' id='line_1_37' title="bbox 2183 965 3758 1039; baseline -0.006 -11"><span class='ocrx_word' id='word_1_237' title='bbox 2183 973 2444 1028; x_wconf 88' lang='lat' dir='ltr'><strong>Ediderat</strong></span> <span class='ocrx_word' id='word_1_238' title='bbox 2468 967 2944 1039; x_wconf 87' lang='lat' dir='ltr'><strong>Constantinopoli</strong></span> <span class='ocrx_word' id='word_1_239' title='bbox 2975 966 3147 1022; x_wconf 84' lang='lat' dir='ltr'><strong>redux</strong></span> <span class='ocrx_word' id='word_1_240' title='bbox 3188 966 3475 1034; x_wconf 83' lang='lat' dir='ltr'><strong>epistolam</strong></span> <span class='ocrx_word' id='word_1_241' title='bbox 3509 965 3575 1018; x_wconf 91' lang='lat' dir='ltr'><strong>de</strong></span> <span class='ocrx_word' id='word_1_242' title='bbox 3607 965 3758 1018; x_wconf 49' lang='lat' dir='ltr'><strong>Grec»</strong></span> 
     </span>
    </p>
   </div>
   <div class='ocr_carea' id='block_1_38' title="bbox 2184 1058 3762 1129">
    <p class='ocr_par' dir='ltr' id='par_1_38' title="bbox 2184 1058 3762 1129">
     <span class='ocr_line' id='line_1_38' title="bbox 2184 1058 3762 1129; baseline -0.011 -5"><span class='ocrx_word' id='word_1_243' title='bbox 2184 1083 2374 1124; x_wconf 87' lang='lat' dir='ltr'><strong>earum</strong></span> <span class='ocrx_word' id='word_1_244' title='bbox 2415 1065 2786 1119; x_wconf 72' lang='lat' dir='ltr'><strong>Ecclesiarum</strong></span> <span class='ocrx_word' id='word_1_245' title='bbox 2822 1070 2990 1124; x_wconf 87' lang='lat' dir='ltr'><strong>statu,</strong></span> <span class='ocrx_word' id='word_1_246' title='bbox 3039 1059 3092 1114; x_wconf 91' lang='lat' dir='ltr'><strong>in</strong></span> <span class='ocrx_word' id='word_1_247' title='bbox 3131 1073 3237 1129; x_wconf 87' lang='lat' dir='ltr'><strong>qua</strong></span> <span class='ocrx_word' id='word_1_248' title='bbox 3284 1059 3459 1112; x_wconf 89' lang='lat' dir='ltr'><strong>virum</strong></span> <span class='ocrx_word' id='word_1_249' title='bbox 3494 1058 3762 1113; x_wconf 85' lang='lat' dir='ltr'><strong>doctissi-</strong></span> 
     </span>
    </p>
   </div>
   <div class='ocr_carea' id='block_1_39' title="bbox 2186 1152 3763 1222">
    <p class='ocr_par' dir='ltr' id='par_1_39' title="bbox 2186 1152 3763 1222">
     <span class='ocr_line' id='line_1_39' title="bbox 2186 1152 3763 1222; baseline -0.006 -9"><span class='ocrx_word' id='word_1_250' title='bbox 2186 1176 2332 1213; x_wconf 93' lang='lat' dir='ltr'><strong>mum</strong></span> <span class='ocrx_word' id='word_1_251' title='bbox 2379 1157 2718 1214; x_wconf 85' lang='lat' dir='ltr'><strong>Richardum</strong></span> <span class='ocrx_word' id='word_1_252' title='bbox 2781 1154 3064 1208; x_wconf 88' lang='lat' dir='ltr'><strong>Simonem</strong></span> <span class='ocrx_word' id='word_1_253' title='bbox 3121 1152 3564 1222; x_wconf 84' lang='lat' dir='ltr'><strong>impugnaverat,</strong></span> <span class='ocrx_word' id='word_1_254' title='bbox 3607 1152 3763 1219; x_wconf 84' lang='lat' dir='ltr'><strong>quod</strong></span> 
     </span>
    </p>
   </div>
   <div class='ocr_carea' id='block_1_40' title="bbox 2185 1241 3762 1313">
    <p class='ocr_par' dir='ltr' id='par_1_40' title="bbox 2185 1241 3762 1313">
     <span class='ocr_line' id='line_1_40' title="bbox 2185 1241 3762 1313; baseline -0.006 -6"><span class='ocrx_word' id='word_1_255' title='bbox 2185 1253 2238 1308; x_wconf 92' lang='lat' dir='ltr'><strong>in</strong></span> <span class='ocrx_word' id='word_1_256' title='bbox 2287 1241 2526 1306; x_wconf 86' lang='lat' dir='ltr'><strong>llistoria</strong></span> <span class='ocrx_word' id='word_1_257' title='bbox 2575 1248 2700 1303; x_wconf 84' lang='lat' dir='ltr'><strong>tidei</strong></span> <span class='ocrx_word' id='word_1_258' title='bbox 2736 1245 3100 1302; x_wconf 85' lang='lat' dir='ltr'><strong>Orientalium</strong></span> <span class='ocrx_word' id='word_1_259' title='bbox 3141 1244 3362 1299; x_wconf 61' lang='lat' dir='ltr'><strong>Griecos</strong></span> <span class='ocrx_word' id='word_1_260' title='bbox 3404 1244 3762 1313; x_wconf 68' lang='lat' dir='ltr'><strong>praesentiam</strong></span> 
     </span>
    </p>
   </div>
   <div class='ocr_carea' id='block_1_41' title="bbox 2185 1335 3761 1409">
    <p class='ocr_par' dir='ltr' id='par_1_41' title="bbox 2185 1335 3761 1409">
     <span class='ocr_line' id='line_1_41' title="bbox 2185 1335 3761 1409; baseline -0.008 -8"><span class='ocrx_word' id='word_1_261' title='bbox 2185 1345 2410 1409; x_wconf 88' lang='lat' dir='ltr'><strong>realem,</strong></span> <span class='ocrx_word' id='word_1_262' title='bbox 2447 1354 2500 1398; x_wconf 87' lang='lat' dir='ltr'><strong>et</strong></span> <span class='ocrx_word' id='word_1_263' title='bbox 2539 1339 3218 1396; x_wconf 77' lang='lat' dir='ltr'><strong>transsubstantiationrm</strong></span> <span class='ocrx_word' id='word_1_264' title='bbox 3246 1335 3472 1391; x_wconf 88' lang='lat' dir='ltr'><strong>credere</strong></span> <span class='ocrx_word' id='word_1_265' title='bbox 3507 1336 3761 1390; x_wconf 75' lang='lat' dir='ltr'><strong>firmissi-</strong></span> 
     </span>
    </p>
   </div>
   <div class='ocr_carea' id='block_1_42' title="bbox 2186 1429 3760 1508">
    <p class='ocr_par' dir='ltr' id='par_1_42' title="bbox 2186 1429 3760 1508">
     <span class='ocr_line' id='line_1_42' title="bbox 2186 1429 3760 1508; baseline -0.009 -13"><span class='ocrx_word' id='word_1_266' title='bbox 2186 1440 2290 1496; x_wconf 85' lang='lat' dir='ltr'><strong>mis</strong></span> <span class='ocrx_word' id='word_1_267' title='bbox 2329 1436 2676 1508; x_wconf 82' lang='lat' dir='ltr'><strong>argumcntis</strong></span> <span class='ocrx_word' id='word_1_268' title='bbox 2703 1433 3008 1488; x_wconf 88' lang='lat' dir='ltr'><strong>docuisset.</strong></span> <span class='ocrx_word' id='word_1_269' title='bbox 3041 1431 3178 1497; x_wconf 88' lang='lat' dir='ltr'><strong>Quia</strong></span> <span class='ocrx_word' id='word_1_270' title='bbox 3216 1446 3346 1485; x_wconf 89' lang='lat' dir='ltr'><strong>vero</strong></span> <span class='ocrx_word' id='word_1_271' title='bbox 3372 1429 3657 1484; x_wconf 84' lang='lat' dir='ltr'><strong>Smitheus</strong></span> <span class='ocrx_word' id='word_1_272' title='bbox 3686 1430 3760 1482; x_wconf 84' lang='lat' dir='ltr'><strong>ita</strong></span> 
     </span>
    </p>
   </div>
   <div class='ocr_carea' id='block_1_43' title="bbox 2184 1524 3762 1600">
    <p class='ocr_par' dir='ltr' id='par_1_43' title="bbox 2184 1524 3762 1600">
     <span class='ocr_line' id='line_1_43' title="bbox 2184 1524 3762 1600; baseline -0.009 -12"><span class='ocrx_word' id='word_1_273' title='bbox 2184 1540 2456 1590; x_wconf 82' lang='lat' dir='ltr'><strong>statuerat</strong></span> <span class='ocrx_word' id='word_1_274' title='bbox 2476 1530 2708 1600; x_wconf 84' lang='lat' dir='ltr'><strong>primum</strong></span> <span class='ocrx_word' id='word_1_275' title='bbox 2739 1535 2832 1580; x_wconf 86' lang='lat' dir='ltr'><strong>aut</strong></span> <span class='ocrx_word' id='word_1_276' title='bbox 2855 1525 3044 1580; x_wconf 84' lang='lat' dir='ltr'><strong>saltent</strong></span> <span class='ocrx_word' id='word_1_277' title='bbox 3066 1525 3200 1578; x_wconf 83' lang='lat' dir='ltr'><strong>inter</strong></span> <span class='ocrx_word' id='word_1_278' title='bbox 3223 1524 3421 1594; x_wconf 73' lang='lat' dir='ltr'><strong>printer</strong></span> <span class='ocrx_word' id='word_1_279' title='bbox 3447 1524 3540 1591; x_wconf 89' lang='lat' dir='ltr'><strong>qui</strong></span> <span class='ocrx_word' id='word_1_280' title='bbox 3567 1540 3762 1591; x_wconf 79' lang='grc' dir='ltr'><strong>μετου-</strong></span> 
     </span>
    </p>
   </div>
   <div class='ocr_carea' id='block_1_44' title="bbox 2186 1614 3763 1686">
    <p class='ocr_par' dir='ltr' id='par_1_44' title="bbox 2186 1614 3763 1686">
     <span class='ocr_line' id='line_1_44' title="bbox 2186 1614 3763 1686; baseline -0.008 -6"><span class='ocrx_word' id='word_1_281' title='bbox 2186 1625 2430 1686; x_wconf 73' lang='grc' dir='ltr'><strong>σιώσεως</strong></span> <span class='ocrx_word' id='word_1_282' title='bbox 2464 1639 2599 1677; x_wconf 85' lang='lat' dir='ltr'><strong>voce</strong></span> <span class='ocrx_word' id='word_1_283' title='bbox 2643 1622 2726 1676; x_wconf 89' lang='lat' dir='ltr'><strong>usi</strong></span> <span class='ocrx_word' id='word_1_284' title='bbox 2764 1619 2965 1684; x_wconf 82' lang='lat' dir='ltr'><strong>forent,</strong></span> <span class='ocrx_word' id='word_1_285' title='bbox 3009 1619 3319 1674; x_wconf 68' lang='lat' dir='ltr'><strong>Cal-rielem</strong></span> <span class='ocrx_word' id='word_1_286' title='bbox 3370 1614 3763 1683; x_wconf 67' lang='lat' dir='ltr'><strong>Philadelphia!</strong></span> 
     </span>
    </p>
   </div>
   <div class='ocr_carea' id='block_1_45' title="bbox 2187 1711 3763 1787">
    <p class='ocr_par' dir='ltr' id='par_1_45' title="bbox 2187 1711 3763 1787">
     <span class='ocr_line' id='line_1_45' title="bbox 2187 1711 3763 1787; baseline -0.008 -13"><span class='ocrx_word' id='word_1_287' title='bbox 2187 1719 2589 1787; x_wconf 83' lang='lat' dir='ltr'><strong>metropolitam</strong></span> <span class='ocrx_word' id='word_1_288' title='bbox 2631 1715 2824 1781; x_wconf 80' lang='lat' dir='ltr'><strong>fuisse,</strong></span> <span class='ocrx_word' id='word_1_289' title='bbox 2871 1712 3137 1770; x_wconf 88' lang='lat' dir='ltr'><strong>Gennadii</strong></span> <span class='ocrx_word' id='word_1_290' title='bbox 3173 1711 3555 1765; x_wconf 88' lang='lat' dir='ltr'><strong>testimonium</strong></span> <span class='ocrx_word' id='word_1_291' title='bbox 3585 1724 3763 1777; x_wconf 88' lang='lat' dir='ltr'><strong>oppo-</strong></span> 
     </span>
    </p>
   </div>
   <div class='ocr_carea' id='block_1_46' title="bbox 2189 1799 3764 1871">
    <p class='ocr_par' dir='ltr' id='par_1_46' title="bbox 2189 1799 3764 1871">
     <span class='ocr_line' id='line_1_46' title="bbox 2189 1799 3764 1871; baseline -0.01 -5"><span class='ocrx_word' id='word_1_292' title='bbox 2189 1819 2374 1866; x_wconf 89' lang='lat' dir='ltr'><strong>suerat</strong></span> <span class='ocrx_word' id='word_1_293' title='bbox 2405 1809 2469 1865; x_wconf 82' lang='lat' dir='ltr'><strong>R.</strong></span> <span class='ocrx_word' id='word_1_294' title='bbox 2503 1810 2690 1864; x_wconf 86' lang='lat' dir='ltr'><strong>Simon</strong></span> <span class='ocrx_word' id='word_1_295' title='bbox 2725 1823 2786 1863; x_wconf 76' lang='lat' dir='ltr'><strong>ex</strong></span> <span class='ocrx_word' id='word_1_296' title='bbox 2825 1806 2973 1860; x_wconf 85' lang='lat' dir='ltr'><strong>brevi</strong></span> <span class='ocrx_word' id='word_1_297' title='bbox 3013 1805 3102 1858; x_wconf 90' lang='lat' dir='ltr'><strong>illa</strong></span> <span class='ocrx_word' id='word_1_298' title='bbox 3147 1801 3374 1858; x_wconf 84' lang='lat' dir='ltr'><strong>humilia</strong></span> <span class='ocrx_word' id='word_1_299' title='bbox 3405 1817 3572 1871; x_wconf 91' lang='lat' dir='ltr'><strong>quam</strong></span> <span class='ocrx_word' id='word_1_300' title='bbox 3604 1799 3764 1870; x_wconf 74' lang='lat' dir='ltr'><strong>Syri-</strong></span> 
     </span>
    </p>
   </div>
   <div class='ocr_carea' id='block_1_47' title="bbox 2192 1892 3764 1973">
    <p class='ocr_par' dir='ltr' id='par_1_47' title="bbox 2192 1892 3764 1973">
     <span class='ocr_line' id='line_1_47' title="bbox 2192 1892 3764 1973; baseline -0.009 -16"><span class='ocrx_word' id='word_1_301' title='bbox 2192 1919 2293 1973; x_wconf 85' lang='lat' dir='ltr'><strong>gus</strong></span> <span class='ocrx_word' id='word_1_302' title='bbox 2322 1905 2472 1972; x_wconf 80' lang='lat' dir='ltr'><strong>operi</strong></span> <span class='ocrx_word' id='word_1_303' title='bbox 2507 1916 2607 1955; x_wconf 79' lang='lat' dir='ltr'><strong>suo</strong></span> <span class='ocrx_word' id='word_1_304' title='bbox 2641 1898 2894 1960; x_wconf 87' lang='lat' dir='ltr'><strong>inseruit,</strong></span> <span class='ocrx_word' id='word_1_305' title='bbox 2937 1895 3078 1966; x_wconf 93' lang='lat' dir='ltr'><strong>quod</strong></span> <span class='ocrx_word' id='word_1_306' title='bbox 3106 1910 3247 1965; x_wconf 83' lang='lat' dir='ltr'><strong>opus</strong></span> <span class='ocrx_word' id='word_1_307' title='bbox 3278 1910 3306 1945; x_wconf 90' lang='lat' dir='ltr'><strong>a</strong></span> <span class='ocrx_word' id='word_1_308' title='bbox 3340 1892 3499 1947; x_wconf 89' lang='lat' dir='ltr'><strong>nobis</strong></span> <span class='ocrx_word' id='word_1_309' title='bbox 3533 1906 3764 1960; x_wconf 83' lang='lat' dir='ltr'><strong>accepe-</strong></span> 
     </span>
    </p>
   </div>
   <div class='ocr_carea' id='block_1_48' title="bbox 2193 1987 3762 2060">
    <p class='ocr_par' dir='ltr' id='par_1_48' title="bbox 2193 1987 3762 2060">
     <span class='ocr_line' id='line_1_48' title="bbox 2193 1987 3762 2060; baseline -0.008 -10"><span class='ocrx_word' id='word_1_310' title='bbox 2193 2004 2298 2050; x_wconf 90' lang='lat' dir='ltr'><strong>rat.</strong></span> <span class='ocrx_word' id='word_1_311' title='bbox 2353 1995 2633 2048; x_wconf 78' lang='lat' dir='ltr'><strong>Sn&#39;iitheus</strong></span> <span class='ocrx_word' id='word_1_312' title='bbox 2683 1993 2737 2046; x_wconf 91' lang='lat' dir='ltr'><strong>in</strong></span> <span class='ocrx_word' id='word_1_313' title='bbox 2776 1993 2950 2060; x_wconf 87' lang='lat' dir='ltr'><strong>prima</strong></span> <span class='ocrx_word' id='word_1_314' title='bbox 2997 1987 3477 2043; x_wconf 79' lang='lat' dir='ltr'><strong>Miscellaneorum</strong></span> <span class='ocrx_word' id='word_1_315' title='bbox 3531 2000 3762 2039; x_wconf 87' lang='lat' dir='ltr'><strong>suorum</strong></span> 
     </span>
    </p>
   </div>
   <div class='ocr_carea' id='block_1_49' title="bbox 2191 2078 3766 2153">
    <p class='ocr_par' dir='ltr' id='par_1_49' title="bbox 2191 2078 3766 2153">
     <span class='ocr_line' id='line_1_49' title="bbox 2191 2078 3766 2153; baseline -0.01 -9"><span class='ocrx_word' id='word_1_316' title='bbox 2191 2089 2459 2153; x_wconf 90' lang='lat' dir='ltr'><strong>editione,</strong></span> <span class='ocrx_word' id='word_1_317' title='bbox 2497 2101 2620 2141; x_wconf 87' lang='lat' dir='ltr'><strong>cum</strong></span> <span class='ocrx_word' id='word_1_318' title='bbox 2670 2101 2735 2140; x_wconf 78' lang='lat' dir='ltr'><strong>ex</strong></span> <span class='ocrx_word' id='word_1_319' title='bbox 2782 2083 2874 2138; x_wconf 92' lang='lat' dir='ltr'><strong>illo</strong></span> <span class='ocrx_word' id='word_1_320' title='bbox 2907 2084 3024 2137; x_wconf 88' lang='lat' dir='ltr'><strong>solo</strong></span> <span class='ocrx_word' id='word_1_321' title='bbox 3066 2078 3382 2136; x_wconf 90' lang='lat' dir='ltr'><strong>testimonio</strong></span> <span class='ocrx_word' id='word_1_322' title='bbox 3423 2087 3590 2132; x_wconf 88' lang='lat' dir='ltr'><strong>totam</strong></span> <span class='ocrx_word' id='word_1_323' title='bbox 3633 2094 3766 2131; x_wconf 80' lang='lat' dir='ltr'><strong>cva-</strong></span> 
     </span>
    </p>
   </div>
   <div class='ocr_carea' id='block_1_50' title="bbox 2192 2170 3762 2238">
    <p class='ocr_par' dir='ltr' id='par_1_50' title="bbox 2192 2170 3762 2238">
     <span class='ocr_line' id='line_1_50' title="bbox 2192 2170 3762 2238; baseline -0.012 -1"><span class='ocrx_word' id='word_1_324' title='bbox 2192 2197 2422 2238; x_wconf 86' lang='lat' dir='ltr'><strong>nesccre</strong></span> <span class='ocrx_word' id='word_1_325' title='bbox 2469 2183 2532 2234; x_wconf 90' lang='lat' dir='ltr'><strong>de</strong></span> <span class='ocrx_word' id='word_1_326' title='bbox 2577 2177 2832 2234; x_wconf 85' lang='lat' dir='ltr'><strong>Gabriele</strong></span> <span class='ocrx_word' id='word_1_327' title='bbox 2881 2190 3036 2230; x_wconf 91' lang='lat' dir='ltr'><strong>suam</strong></span> <span class='ocrx_word' id='word_1_328' title='bbox 3091 2172 3480 2227; x_wconf 79' lang='lat' dir='ltr'><strong>divinationem</strong></span> <span class='ocrx_word' id='word_1_329' title='bbox 3530 2170 3762 2232; x_wconf 77' lang='lat' dir='ltr'><strong>videret,</strong></span> 
     </span>
    </p>
   </div>
   <div class='ocr_carea' id='block_1_51' title="bbox 2191 2262 3762 2340">
    <p class='ocr_par' dir='ltr' id='par_1_51' title="bbox 2191 2262 3762 2340">
     <span class='ocr_line' id='line_1_51' title="bbox 2191 2262 3762 2340; baseline -0.011 -7"><span class='ocrx_word' id='word_1_330' title='bbox 2191 2274 2462 2333; x_wconf 89' lang='lat' dir='ltr'><strong>Gennadii</strong></span> <span class='ocrx_word' id='word_1_331' title='bbox 2519 2287 2657 2340; x_wconf 88' lang='lat' dir='ltr'><strong>opus</strong></span> <span class='ocrx_word' id='word_1_332' title='bbox 2707 2279 2767 2324; x_wconf 93' lang='lat' dir='ltr'><strong>ut</strong></span> <span class='ocrx_word' id='word_1_333' title='bbox 2800 2265 3191 2336; x_wconf 74' lang='grc' dir='ltr'><strong>ὑποϐολιμαίου</strong></span> <span class='ocrx_word' id='word_1_334' title='bbox 3224 2263 3518 2333; x_wconf 87' lang='lat' dir='ltr'><strong>scriptoris</strong></span> <span class='ocrx_word' id='word_1_335' title='bbox 3547 2262 3762 2328; x_wconf 79' lang='lat' dir='ltr'><strong>rejecit.</strong></span> 
     </span>
    </p>
   </div>
   <div class='ocr_carea' id='block_1_52' title="bbox 2192 2356 3767 2432">
    <p class='ocr_par' dir='ltr' id='par_1_52' title="bbox 2192 2356 3767 2432">
     <span class='ocr_line' id='line_1_52' title="bbox 2192 2356 3767 2432; baseline -0.015 -8"><span class='ocrx_word' id='word_1_336' title='bbox 2192 2372 2259 2424; x_wconf 76' lang='lat' dir='ltr'><strong>At</strong></span> <span class='ocrx_word' id='word_1_337' title='bbox 2289 2367 2647 2424; x_wconf 85' lang='lat' dir='ltr'><strong>doctissimus</strong></span> <span class='ocrx_word' id='word_1_338' title='bbox 2689 2363 2810 2432; x_wconf 88' lang='lat' dir='ltr'><strong>ejus</strong></span> <span class='ocrx_word' id='word_1_339' title='bbox 2845 2359 3193 2414; x_wconf 86' lang='lat' dir='ltr'><strong>adversarius</strong></span> <span class='ocrx_word' id='word_1_340' title='bbox 3230 2356 3614 2410; x_wconf 72' lang='lat' dir='ltr'><strong>dissertatione</strong></span> <span class='ocrx_word' id='word_1_341' title='bbox 3644 2371 3767 2408; x_wconf 78' lang='lat' dir='ltr'><strong>ver-</strong></span> 
     </span>
    </p>
   </div>
   <div class='ocr_carea' id='block_1_53' title="bbox 2193 2450 3766 2532">
    <p class='ocr_par' dir='ltr' id='par_1_53' title="bbox 2193 2450 3766 2532">
     <span class='ocr_line' id='line_1_53' title="bbox 2193 2450 3766 2532; baseline -0.011 -15"><span class='ocrx_word' id='word_1_342' title='bbox 2193 2463 2381 2517; x_wconf 91' lang='lat' dir='ltr'><strong>nacula</strong></span> <span class='ocrx_word' id='word_1_343' title='bbox 2402 2460 2479 2532; x_wconf 73' lang='lat'><strong>(2)</strong></span> <span class='ocrx_word' id='word_1_344' title='bbox 2515 2459 2587 2511; x_wconf 83' lang='lat' dir='ltr'><strong>De</strong></span> <span class='ocrx_word' id='word_1_345' title='bbox 2602 2458 2705 2526; x_wconf 83' lang='lat' dir='ltr'><strong>ﬁde</strong></span> <span class='ocrx_word' id='word_1_346' title='bbox 2735 2454 2986 2509; x_wconf 74' lang='lat' dir='ltr'><strong>Ecclesia&#39;</strong></span> <span class='ocrx_word' id='word_1_347' title='bbox 3013 2451 3295 2507; x_wconf 80' lang='lat' dir='ltr'><strong>Orientalis</strong></span> <span class='ocrx_word' id='word_1_348' title='bbox 3322 2450 3463 2502; x_wconf 86' lang='lat' dir='ltr'><strong>circa</strong></span> <span class='ocrx_word' id='word_1_349' title='bbox 3483 2450 3766 2501; x_wconf 66' lang='lat' dir='ltr'><strong>transsuit-</strong></span> 
     </span>
    </p>
   </div>
   <div class='ocr_carea' id='block_1_54' title="bbox 2192 2543 3767 2614">
    <p class='ocr_par' dir='ltr' id='par_1_54' title="bbox 2192 2543 3767 2614">
     <span class='ocr_line' id='line_1_54' title="bbox 2192 2543 3767 2614; baseline -0.01 -4"><span class='ocrx_word' id='word_1_350' title='bbox 2192 2554 2610 2614; x_wconf 80' lang='lat' dir='ltr'><strong>smntiationcm,</strong></span> <span class='ocrx_word' id='word_1_351' title='bbox 2661 2550 2812 2604; x_wconf 89' lang='lat' dir='ltr'><strong>illum</strong></span> <span class='ocrx_word' id='word_1_352' title='bbox 2864 2549 2939 2602; x_wconf 88' lang='lat' dir='ltr'><strong>ita</strong></span> <span class='ocrx_word' id='word_1_353' title='bbox 2983 2544 3311 2604; x_wconf 79' lang='lat' dir='ltr'><strong>confutavit,</strong></span> <span class='ocrx_word' id='word_1_354' title='bbox 3346 2552 3402 2596; x_wconf 90' lang='lat' dir='ltr'><strong>ut</strong></span> <span class='ocrx_word' id='word_1_355' title='bbox 3447 2543 3492 2595; x_wconf 89' lang='lat' dir='ltr'><strong>is</strong></span> <span class='ocrx_word' id='word_1_356' title='bbox 3533 2558 3767 2610; x_wconf 83' lang='lat' dir='ltr'><strong>respon-</strong></span> 
     </span>
    </p>
   </div>
   <div class='ocr_carea' id='block_1_55' title="bbox 2194 2627 3766 2702">
    <p class='ocr_par' dir='ltr' id='par_1_55' title="bbox 2194 2627 3766 2702">
     <span class='ocr_line' id='line_1_55' title="bbox 2194 2627 3766 2702; baseline -0.01 0"><span class='ocrx_word' id='word_1_357' title='bbox 2194 2650 2349 2702; x_wconf 81' lang='lat' dir='ltr'><strong>sione</strong></span> <span class='ocrx_word' id='word_1_358' title='bbox 2379 2648 2638 2700; x_wconf 77' lang='lat' dir='ltr'><strong>Adversus</strong></span> <span class='ocrx_word' id='word_1_359' title='bbox 2672 2642 3041 2696; x_wconf 73' lang='lat' dir='ltr'><strong>cavillationes</strong></span> <span class='ocrx_word' id='word_1_360' title='bbox 3065 2627 3316 2698; x_wconf 30' lang='lat' dir='ltr'><strong>‘Simonii,</strong></span> <span class='ocrx_word' id='word_1_361' title='bbox 3356 2651 3479 2689; x_wconf 88' lang='lat' dir='ltr'><strong>nam</strong></span> <span class='ocrx_word' id='word_1_362' title='bbox 3519 2636 3590 2687; x_wconf 87' lang='lat' dir='ltr'><strong>ita</strong></span> <span class='ocrx_word' id='word_1_363' title='bbox 3617 2636 3766 2686; x_wconf 74' lang='lat' dir='ltr'><strong>illam</strong></span> 
     </span>
    </p>
   </div>
   <div class='ocr_carea' id='block_1_56' title="bbox 2197 2726 3764 2805">
    <p class='ocr_par' dir='ltr' id='par_1_56' title="bbox 2197 2726 3764 2805">
     <span class='ocr_line' id='line_1_56' title="bbox 2197 2726 3764 2805; baseline -0.008 -13"><span class='ocrx_word' id='word_1_364' title='bbox 2197 2739 2500 2792; x_wconf 87' lang='lat' dir='ltr'><strong>inscribere</strong></span> <span class='ocrx_word' id='word_1_365' title='bbox 2557 2736 2787 2805; x_wconf 87' lang='lat' dir='ltr'><strong>placuit,</strong></span> <span class='ocrx_word' id='word_1_366' title='bbox 2817 2733 2951 2788; x_wconf 88' lang='lat' dir='ltr'><strong>nihil</strong></span> <span class='ocrx_word' id='word_1_367' title='bbox 2995 2730 3141 2801; x_wconf 89' lang='lat' dir='ltr'><strong>quod</strong></span> <span class='ocrx_word' id='word_1_368' title='bbox 3165 2729 3232 2783; x_wconf 86' lang='lat' dir='ltr'><strong>ad</strong></span> <span class='ocrx_word' id='word_1_369' title='bbox 3275 2744 3386 2782; x_wconf 90' lang='lat' dir='ltr'><strong>rem</strong></span> <span class='ocrx_word' id='word_1_370' title='bbox 3417 2726 3646 2789; x_wconf 77' lang='lat' dir='ltr'><strong>faceret,</strong></span> <span class='ocrx_word' id='word_1_371' title='bbox 3683 2743 3764 2780; x_wconf 90' lang='lat' dir='ltr'><strong>re-</strong></span> 
     </span>
    </p>
   </div>
   <div class='ocr_carea' id='block_1_57' title="bbox 2197 2830 2889 2902">
    <p class='ocr_par' dir='ltr' id='par_1_57' title="bbox 2197 2830 2889 2902">
     <span class='ocr_line' id='line_1_57' title="bbox 2197 2830 2889 2902; baseline -0.01 -15"><span class='ocrx_word' id='word_1_372' title='bbox 2197 2830 2485 2902; x_wconf 81' lang='lat' dir='ltr'><strong>spondisse</strong></span> <span class='ocrx_word' id='word_1_373' title='bbox 2535 2837 2889 2898; x_wconf 83' lang='lat' dir='ltr'><strong>agnoscatur.</strong></span> 
     </span>
    </p>
   </div>
   <div class='ocr_carea' id='block_1_58' title="bbox 2267 2910 3764 2990">
    <p class='ocr_par' dir='ltr' id='par_1_58' title="bbox 2267 2910 3764 2990">
     <span class='ocr_line' id='line_1_58' title="bbox 2267 2910 3764 2990; baseline -0.008 -14"><span class='ocrx_word' id='word_1_374' title='bbox 2267 2921 2404 2976; x_wconf 81' lang='lat' dir='ltr'><strong>Cum</strong></span> <span class='ocrx_word' id='word_1_375' title='bbox 2437 2921 2605 2990; x_wconf 90' lang='lat' dir='ltr'><strong>igitur</strong></span> <span class='ocrx_word' id='word_1_376' title='bbox 2643 2919 2694 2971; x_wconf 92' lang='lat' dir='ltr'><strong>in</strong></span> <span class='ocrx_word' id='word_1_377' title='bbox 2724 2918 2901 2988; x_wconf 88' lang='lat' dir='ltr'><strong>prima</strong></span> <span class='ocrx_word' id='word_1_378' title='bbox 2922 2913 3310 2970; x_wconf 87' lang='lat' dir='ltr'><strong>dissertatione</strong></span> <span class='ocrx_word' id='word_1_379' title='bbox 3331 2910 3611 2965; x_wconf 90' lang='lat' dir='ltr'><strong>homiliam</strong></span> <span class='ocrx_word' id='word_1_380' title='bbox 3637 2911 3764 2965; x_wconf 87' lang='lat' dir='ltr'><strong>bre-</strong></span> 
     </span>
    </p>
   </div>
   <div class='ocr_carea' id='block_1_59' title="bbox 2198 3005 3764 3082">
    <p class='ocr_par' dir='ltr' id='par_1_59' title="bbox 2198 3005 3764 3082">
     <span class='ocr_line' id='line_1_59' title="bbox 2198 3005 3764 3082; baseline -0.008 -13"><span class='ocrx_word' id='word_1_381' title='bbox 2198 3032 2340 3080; x_wconf 78' lang='lat' dir='ltr'><strong>vem,</strong></span> <span class='ocrx_word' id='word_1_382' title='bbox 2394 3021 2487 3068; x_wconf 89' lang='lat' dir='ltr'><strong>aut</strong></span> <span class='ocrx_word' id='word_1_383' title='bbox 2528 3012 2836 3082; x_wconf 87' lang='lat' dir='ltr'><strong>epistolam,</strong></span> <span class='ocrx_word' id='word_1_384' title='bbox 2885 3009 2930 3063; x_wconf 91' lang='lat' dir='ltr'><strong>si</strong></span> <span class='ocrx_word' id='word_1_385' title='bbox 2967 3007 3187 3078; x_wconf 88' lang='lat' dir='ltr'><strong>quidem</strong></span> <span class='ocrx_word' id='word_1_386' title='bbox 3231 3007 3351 3060; x_wconf 87' lang='lat' dir='ltr'><strong>talis</strong></span> <span class='ocrx_word' id='word_1_387' title='bbox 3394 3005 3564 3058; x_wconf 86' lang='lat' dir='ltr'><strong>videri</strong></span> <span class='ocrx_word' id='word_1_388' title='bbox 3599 3007 3764 3058; x_wconf 83' lang='lat' dir='ltr'><strong>etiam</strong></span> 
     </span>
    </p>
   </div>
   <div class='ocr_carea' id='block_1_60' title="bbox 2199 3097 3764 3181">
    <p class='ocr_par' dir='ltr' id='par_1_60' title="bbox 2199 3097 3764 3181">
     <span class='ocr_line' id='line_1_60' title="bbox 2199 3097 3764 3181; baseline -0.009 -16"><span class='ocrx_word' id='word_1_389' title='bbox 2199 3116 2400 3181; x_wconf 87' lang='lat' dir='ltr'><strong>potest,</strong></span> <span class='ocrx_word' id='word_1_390' title='bbox 2438 3123 2560 3176; x_wconf 70' lang='lat' dir='ltr'><strong>qum</strong></span> <span class='ocrx_word' id='word_1_391' title='bbox 2606 3121 2667 3160; x_wconf 74' lang='lat' dir='ltr'><strong>ex</strong></span> <span class='ocrx_word' id='word_1_392' title='bbox 2706 3101 2904 3158; x_wconf 77' lang='lat' dir='ltr'><strong>Meletii</strong></span> <span class='ocrx_word' id='word_1_393' title='bbox 2940 3100 3117 3172; x_wconf 84' lang='lat' dir='ltr'><strong>Syrigi</strong></span> <span class='ocrx_word' id='word_1_394' title='bbox 3157 3099 3297 3153; x_wconf 90' lang='lat' dir='ltr'><strong>libro</strong></span> <span class='ocrx_word' id='word_1_395' title='bbox 3334 3097 3600 3168; x_wconf 84' lang='lat' dir='ltr'><strong>producta</strong></span> <span class='ocrx_word' id='word_1_396' title='bbox 3650 3097 3764 3151; x_wconf 80' lang='lat' dir='ltr'><strong>fue-</strong></span> 
     </span>
    </p>
   </div>
   <div class='ocr_carea' id='block_1_61' title="bbox 522 3189 3767 3268">
    <p class='ocr_par' dir='ltr' id='par_1_61' title="bbox 522 3189 3767 3268">
     <span class='ocr_line' id='line_1_61' title="bbox 522 3189 3767 3268; baseline -0.001 -27"><span class='ocrx_word' id='word_1_397' title='bbox 522 3190 780 3257; x_wconf 87' lang='lat' dir='ltr'><strong>amplccti</strong></span> <span class='ocrx_word' id='word_1_398' title='bbox 805 3205 864 3244; x_wconf 88' lang='lat' dir='ltr'><strong>se</strong></span> <span class='ocrx_word' id='word_1_399' title='bbox 891 3191 1172 3246; x_wconf 89' lang='lat' dir='ltr'><strong>multoties</strong></span> <span class='ocrx_word' id='word_1_400' title='bbox 1205 3200 1473 3258; x_wconf 90' lang='lat' dir='ltr'><strong>testatur;</strong></span> <span class='ocrx_word' id='word_1_401' title='bbox 1510 3193 1670 3261; x_wconf 88' lang='lat' dir='ltr'><strong>cujus</strong></span> <span class='ocrx_word' id='word_1_402' title='bbox 1697 3193 1936 3262; x_wconf 89' lang='lat' dir='ltr'><strong>denique</strong></span> <span class='ocrx_word' id='word_1_403' title='bbox 1967 3195 2091 3248; x_wconf 86' lang='lat' dir='ltr'><strong>hor--</strong></span> <span class='ocrx_word' id='word_1_404' title='bbox 2121 3205 2167 3265; x_wconf 76' lang='grc' dir='ltr'><strong>ο</strong></span> <span class='ocrx_word' id='word_1_405' title='bbox 2200 3214 2308 3264; x_wconf 67' lang='grc' dir='ltr'><strong>ται,</strong></span> <span class='ocrx_word' id='word_1_406' title='bbox 2351 3198 2580 3268; x_wconf 71' lang='lat' dir='ltr'><strong>rejicere</strong></span> <span class='ocrx_word' id='word_1_407' title='bbox 2633 3201 2928 3265; x_wconf 75' lang='lat' dir='ltr'><strong>satageret,</strong></span> <span class='ocrx_word' id='word_1_408' title='bbox 2978 3193 3093 3246; x_wconf 68' lang='lat' dir='ltr'><strong>huic</strong></span> <span class='ocrx_word' id='word_1_409' title='bbox 3136 3200 3454 3259; x_wconf 83' lang='lat' dir='ltr'><strong>argumenta</strong></span> <span class='ocrx_word' id='word_1_410' title='bbox 3511 3189 3767 3257; x_wconf 83' lang='lat' dir='ltr'><strong>protulit,</strong></span> 
     </span>
    </p>
   </div>
   <div class='ocr_carea' id='block_1_62' title="bbox 524 3284 2095 3342">
    <p class='ocr_par' dir='ltr' id='par_1_62' title="bbox 524 3284 2095 3342">
     <span class='ocr_line' id='line_1_62' title="bbox 524 3284 2095 3342; baseline 0.006 -10"><span class='ocrx_word' id='word_1_411' title='bbox 524 3290 636 3334; x_wconf 87' lang='lat' dir='ltr'><strong>tatu</strong></span> <span class='ocrx_word' id='word_1_412' title='bbox 673 3293 720 3335; x_wconf 86' lang='lat' dir='ltr'><strong>et</strong></span> <span class='ocrx_word' id='word_1_413' title='bbox 773 3284 1008 3336; x_wconf 86' lang='lat' dir='ltr'><strong>consilio</strong></span> <span class='ocrx_word' id='word_1_414' title='bbox 1053 3284 1303 3338; x_wconf 88' lang='lat' dir='ltr'><strong>monachi</strong></span> <span class='ocrx_word' id='word_1_415' title='bbox 1351 3295 1404 3338; x_wconf 91' lang='lat' dir='ltr'><strong>et</strong></span> <span class='ocrx_word' id='word_1_416' title='bbox 1453 3285 1722 3340; x_wconf 90' lang='lat' dir='ltr'><strong>moniales</strong></span> <span class='ocrx_word' id='word_1_417' title='bbox 1777 3301 1804 3337; x_wconf 90' lang='lat' dir='ltr'><strong>a</strong></span> <span class='ocrx_word' id='word_1_418' title='bbox 1849 3300 2095 3342; x_wconf 90' lang='lat' dir='ltr'><strong>commu-</strong></span> 
     </span>
    </p>
   </div>
   <div class='ocr_carea' id='block_1_63' title="bbox 525 3373 2091 3445">
    <p class='ocr_par' dir='ltr' id='par_1_63' title="bbox 525 3373 2091 3445">
     <span class='ocr_line' id='line_1_63' title="bbox 525 3373 2091 3445; baseline 0.006 -19"><span class='ocrx_word' id='word_1_419' title='bbox 525 3375 690 3427; x_wconf 83' lang='lat' dir='ltr'><strong>nione.</strong></span> <span class='ocrx_word' id='word_1_420' title='bbox 750 3373 1069 3429; x_wconf 87' lang='lat' dir='ltr'><strong>Latinorum</strong></span> <span class='ocrx_word' id='word_1_421' title='bbox 1122 3377 1292 3445; x_wconf 87' lang='lat' dir='ltr'><strong>palam</strong></span> <span class='ocrx_word' id='word_1_422' title='bbox 1352 3386 1731 3442; x_wconf 79' lang='lat' dir='ltr'><strong>recesserunt,</strong></span> <span class='ocrx_word' id='word_1_423' title='bbox 1794 3390 1845 3435; x_wconf 94' lang='lat' dir='ltr'><strong>et</strong></span> <span class='ocrx_word' id='word_1_424' title='bbox 1903 3392 2091 3436; x_wconf 87' lang='lat' dir='ltr'><strong>sancta</strong></span> 
     </span>
    </p>
   </div>
   <div class='ocr_carea' id='block_1_64' title="bbox 526 3464 2093 3545">
    <p class='ocr_par' dir='ltr' id='par_1_64' title="bbox 526 3464 2093 3545">
     <span class='ocr_line' id='line_1_64' title="bbox 526 3464 2093 3545; baseline 0.007 -25"><span class='ocrx_word' id='word_1_425' title='bbox 526 3464 691 3520; x_wconf 82' lang='lat' dir='ltr'><strong>ctiam</strong></span> <span class='ocrx_word' id='word_1_426' title='bbox 725 3466 1013 3535; x_wconf 74' lang='lat' dir='ltr'><strong>profanum</strong></span> <span class='ocrx_word' id='word_1_427' title='bbox 1045 3468 1098 3521; x_wconf 91' lang='lat' dir='ltr'><strong>in</strong></span> <span class='ocrx_word' id='word_1_428' title='bbox 1126 3469 1344 3523; x_wconf 90' lang='lat' dir='ltr'><strong>modum</strong></span> <span class='ocrx_word' id='word_1_429' title='bbox 1371 3471 1875 3541; x_wconf 89' lang='lat' dir='ltr'><strong>conculcaverunt;</strong></span> <span class='ocrx_word' id='word_1_430' title='bbox 1910 3476 2004 3545; x_wconf 92' lang='lat' dir='ltr'><strong>qui</strong></span> <span class='ocrx_word' id='word_1_431' title='bbox 2038 3477 2093 3532; x_wconf 91' lang='lat' dir='ltr'><strong>in</strong></span> 
     </span>
    </p>
   </div>
   <div class='ocr_carea' id='block_1_65' title="bbox 527 3556 2098 3640">
    <p class='ocr_par' dir='ltr' id='par_1_65' title="bbox 527 3556 2098 3640">
     <span class='ocr_line' id='line_1_65' title="bbox 527 3556 2098 3640; baseline 0.01 -28"><span class='ocrx_word' id='word_1_432' title='bbox 527 3556 692 3612; x_wconf 79' lang='lat' dir='ltr'><strong>Marci</strong></span> <span class='ocrx_word' id='word_1_433' title='bbox 731 3558 954 3629; x_wconf 84' lang='lat' dir='ltr'><strong>Ephesii</strong></span> <span class='ocrx_word' id='word_1_434' title='bbox 995 3561 1158 3615; x_wconf 89' lang='lat' dir='ltr'><strong>verba</strong></span> <span class='ocrx_word' id='word_1_435' title='bbox 1185 3561 1413 3632; x_wconf 80' lang='lat' dir='ltr'><strong>juravit,</strong></span> <span class='ocrx_word' id='word_1_436' title='bbox 1443 3565 1648 3635; x_wconf 89' lang='lat' dir='ltr'><strong>quique</strong></span> <span class='ocrx_word' id='word_1_437' title='bbox 1679 3570 1856 3637; x_wconf 88' lang='lat' dir='ltr'><strong>palam</strong></span> <span class='ocrx_word' id='word_1_438' title='bbox 1885 3568 2098 3640; x_wconf 79' lang='lat' dir='ltr'><strong>profec-</strong></span> 
     </span>
    </p>
   </div>
   <div class='ocr_carea' id='block_1_66' title="bbox 506 3653 2094 3729">
    <p class='ocr_par' dir='ltr' id='par_1_66' title="bbox 506 3653 2094 3729">
     <span class='ocr_line' id='line_1_66' title="bbox 506 3653 2094 3729; baseline 0.009 -26"><span class='ocrx_word' id='word_1_439' title='bbox 506 3664 618 3719; x_wconf 70' lang='lat' dir='ltr'><strong>tus</strong></span> <span class='ocrx_word' id='word_1_440' title='bbox 665 3660 750 3704; x_wconf 81' lang='lat' dir='ltr'><strong>est</strong></span> <span class='ocrx_word' id='word_1_441' title='bbox 796 3653 1160 3722; x_wconf 80' lang='grc' dir='ltr'><strong>ἀκοινώνητον</strong></span> <span class='ocrx_word' id='word_1_442' title='bbox 1204 3671 1332 3726; x_wconf 88' lang='lat' dir='ltr'><strong>erga</strong></span> <span class='ocrx_word' id='word_1_443' title='bbox 1380 3655 1604 3714; x_wconf 86' lang='lat' dir='ltr'><strong>Latinos</strong></span> <span class='ocrx_word' id='word_1_444' title='bbox 1653 3675 1972 3717; x_wconf 88' lang='lat' dir='ltr'><strong>mansurum</strong></span> <span class='ocrx_word' id='word_1_445' title='bbox 2013 3678 2094 3729; x_wconf 85' lang='lat' dir='ltr'><strong>se,</strong></span> 
     </span>
    </p>
   </div>
   <div class='ocr_carea' id='block_1_67' title="bbox 527 3744 2094 3823">
    <p class='ocr_par' dir='ltr' id='par_1_67' title="bbox 527 3744 2094 3823">
     <span class='ocr_line' id='line_1_67' title="bbox 527 3744 2094 3823; baseline 0.007 -27"><span class='ocrx_word' id='word_1_446' title='bbox 527 3744 702 3797; x_wconf 81' lang='lat' dir='ltr'><strong>donec</strong></span> <span class='ocrx_word' id='word_1_447' title='bbox 740 3744 980 3798; x_wconf 77' lang='lat' dir='ltr'><strong>llnuiana</strong></span> <span class='ocrx_word' id='word_1_448' title='bbox 1012 3747 1256 3800; x_wconf 71' lang='lat' dir='ltr'><strong>Ecclesia</strong></span> <span class='ocrx_word' id='word_1_449' title='bbox 1287 3758 1364 3802; x_wconf 93' lang='lat' dir='ltr'><strong>tot</strong></span> <span class='ocrx_word' id='word_1_450' title='bbox 1392 3749 1651 3817; x_wconf 80' lang='lat' dir='ltr'><strong>lnereses,</strong></span> <span class='ocrx_word' id='word_1_451' title='bbox 1683 3769 1914 3823; x_wconf 87' lang='lat' dir='ltr'><strong>quarum</strong></span> <span class='ocrx_word' id='word_1_452' title='bbox 1950 3754 2094 3807; x_wconf 89' lang='lat' dir='ltr'><strong>illam</strong></span> 
     </span>
    </p>
   </div>
   <div class='ocr_carea' id='block_1_68' title="bbox 533 3836 2097 3914">
    <p class='ocr_par' dir='ltr' id='par_1_68' title="bbox 533 3836 2097 3914">
     <span class='ocr_line' id='line_1_68' title="bbox 533 3836 2097 3914; baseline 0.008 -27"><span class='ocrx_word' id='word_1_453' title='bbox 533 3836 738 3906; x_wconf 83' lang='lat' dir='ltr'><strong>ubique</strong></span> <span class='ocrx_word' id='word_1_454' title='bbox 768 3839 1029 3906; x_wconf 87' lang='lat' dir='ltr'><strong>postulat,</strong></span> <span class='ocrx_word' id='word_1_455' title='bbox 1079 3838 1410 3908; x_wconf 84' lang='lat' dir='ltr'><strong>abjurassct.</strong></span> <span class='ocrx_word' id='word_1_456' title='bbox 1447 3840 1569 3896; x_wconf 78' lang='lat' dir='ltr'><strong>&quot;an</strong></span> <span class='ocrx_word' id='word_1_457' title='bbox 1594 3845 1763 3914; x_wconf 89' lang='lat' dir='ltr'><strong>igitur</strong></span> <span class='ocrx_word' id='word_1_458' title='bbox 1798 3845 2097 3900; x_wconf 79' lang='lat' dir='ltr'><strong>refellenda</strong></span> 
     </span>
    </p>
   </div>
   <div class='ocr_carea' id='block_1_69' title="bbox 531 3928 2094 4006">
    <p class='ocr_par' dir='ltr' id='par_1_69' title="bbox 531 3928 2094 4006">
     <span class='ocr_line' id='line_1_69' title="bbox 531 3928 2094 4006; baseline 0.009 -27"><span class='ocrx_word' id='word_1_459' title='bbox 531 3929 854 3982; x_wconf 76' lang='lat' dir='ltr'><strong>llll&#39;lltttittlltl</strong></span> <span class='ocrx_word' id='word_1_460' title='bbox 889 3928 1355 3999; x_wconf 78' lang='lat' dir='ltr'><strong>Protestantihus,</strong></span> <span class='ocrx_word' id='word_1_461' title='bbox 1409 3945 1699 4006; x_wconf 90' lang='lat' dir='ltr'><strong>antequam</strong></span> <span class='ocrx_word' id='word_1_462' title='bbox 1753 3937 2094 3993; x_wconf 85' lang='lat' dir='ltr'><strong>Gennadium</strong></span> 
     </span>
    </p>
   </div>
   <div class='ocr_carea' id='block_1_70' title="bbox 529 4021 2098 4101">
    <p class='ocr_par' dir='ltr' id='par_1_70' title="bbox 529 4021 2098 4101">
     <span class='ocr_line' id='line_1_70' title="bbox 529 4021 2098 4101; baseline 0.01 -30"><span class='ocrx_word' id='word_1_463' title='bbox 529 4026 593 4076; x_wconf 89' lang='lat' dir='ltr'><strong>de</strong></span> <span class='ocrx_word' id='word_1_464' title='bbox 635 4021 996 4078; x_wconf 72' lang='lat' dir='ltr'><strong>Eucharistize</strong></span> <span class='ocrx_word' id='word_1_465' title='bbox 1038 4025 1143 4079; x_wconf 81' lang='lat' dir='ltr'><strong>ﬁde</strong></span> <span class='ocrx_word' id='word_1_466' title='bbox 1186 4026 1344 4081; x_wconf 87' lang='lat' dir='ltr'><strong>nobis</strong></span> <span class='ocrx_word' id='word_1_467' title='bbox 1379 4029 1756 4083; x_wconf 86' lang='lat' dir='ltr'><strong>testiinonium</strong></span> <span class='ocrx_word' id='word_1_468' title='bbox 1795 4033 2098 4101; x_wconf 76' lang='lat' dir='ltr'><strong>perhiben-</strong></span> 
     </span>
    </p>
   </div>
   <div class='ocr_carea' id='block_1_71' title="bbox 530 4114 2098 4186">
    <p class='ocr_par' dir='ltr' id='par_1_71' title="bbox 530 4114 2098 4186">
     <span class='ocr_line' id='line_1_71' title="bbox 530 4114 2098 4186; baseline 0.006 -21"><span class='ocrx_word' id='word_1_469' title='bbox 530 4123 633 4165; x_wconf 79' lang='lat' dir='ltr'><strong>trm</strong></span> <span class='ocrx_word' id='word_1_470' title='bbox 667 4128 732 4166; x_wconf 73' lang='lat' dir='ltr'><strong>ex</strong></span> <span class='ocrx_word' id='word_1_471' title='bbox 765 4114 986 4167; x_wconf 81' lang='lat' dir='ltr'><strong>tes:ium</strong></span> <span class='ocrx_word' id='word_1_472' title='bbox 1023 4131 1250 4170; x_wconf 85' lang='lat' dir='ltr'><strong>numero</strong></span> <span class='ocrx_word' id='word_1_473' title='bbox 1275 4115 1544 4186; x_wconf 79' lang='lat' dir='ltr'><strong>rejiciant.</strong></span> <span class='ocrx_word' id='word_1_474' title='bbox 1577 4115 1644 4172; x_wconf 88' lang='lat' dir='ltr'><strong>Ut</strong></span> <span class='ocrx_word' id='word_1_475' title='bbox 1679 4129 1860 4174; x_wconf 88' lang='lat' dir='ltr'><strong>autem</strong></span> <span class='ocrx_word' id='word_1_476' title='bbox 1893 4120 1943 4174; x_wconf 88' lang='lat' dir='ltr'><strong>id</strong></span> <span class='ocrx_word' id='word_1_477' title='bbox 1976 4121 2098 4175; x_wconf 77' lang='lat' dir='ltr'><strong>eili-</strong></span> 
     </span>
    </p>
   </div>
   <div class='ocr_carea' id='block_1_72' title="bbox 525 4205 2101 4285">
    <p class='ocr_par' dir='ltr' id='par_1_72' title="bbox 525 4205 2101 4285">
     <span class='ocr_line' id='line_1_72' title="bbox 525 4205 2101 4285; baseline 0.007 -29"><span class='ocrx_word' id='word_1_478' title='bbox 525 4205 728 4270; x_wconf 81' lang='lat' dir='ltr'><strong>ciatur,</strong></span> <span class='ocrx_word' id='word_1_479' title='bbox 783 4221 889 4259; x_wconf 86' lang='lat' dir='ltr'><strong>non</strong></span> <span class='ocrx_word' id='word_1_480' title='bbox 937 4207 1130 4261; x_wconf 81' lang='lat' dir='ltr'><strong>i~~anes</strong></span> <span class='ocrx_word' id='word_1_481' title='bbox 1169 4209 1541 4278; x_wconf 83' lang='lat' dir='ltr'><strong>conjecturas,</strong></span> <span class='ocrx_word' id='word_1_482' title='bbox 1592 4212 1686 4267; x_wconf 88' lang='lat' dir='ltr'><strong>sed</strong></span> <span class='ocrx_word' id='word_1_483' title='bbox 1731 4221 1882 4268; x_wconf 86' lang='lat' dir='ltr'><strong>certa</strong></span> <span class='ocrx_word' id='word_1_484' title='bbox 1935 4229 2101 4285; x_wconf 83' lang='lat' dir='ltr'><strong>argu-</strong></span> 
     </span>
    </p>
   </div>
   <div class='ocr_carea' id='block_1_73' title="bbox 531 4297 1363 4366">
    <p class='ocr_par' dir='ltr' id='par_1_73' title="bbox 531 4297 1363 4366">
     <span class='ocr_line' id='line_1_73' title="bbox 531 4297 1363 4366; baseline 0.01 -19"><span class='ocrx_word' id='word_1_485' title='bbox 531 4309 710 4348; x_wconf 78' lang='lat' dir='ltr'><strong>menta</strong></span> <span class='ocrx_word' id='word_1_486' title='bbox 738 4297 807 4350; x_wconf 86' lang='lat' dir='ltr'><strong>ab</strong></span> <span class='ocrx_word' id='word_1_487' title='bbox 841 4299 973 4366; x_wconf 83' lang='lat' dir='ltr'><strong>ipsis</strong></span> <span class='ocrx_word' id='word_1_488' title='bbox 997 4301 1363 4366; x_wconf 84' lang='lat' dir='ltr'><strong>postulamus.</strong></span> 
     </span>
    </p>
   </div>
   <div class='ocr_carea' id='block_1_74' title="bbox 600 4391 2100 4464">
    <p class='ocr_par' dir='ltr' id='par_1_74' title="bbox 600 4391 2100 4464">
     <span class='ocr_line' id='line_1_74' title="bbox 600 4391 2100 4464; baseline 0.008 -23"><span class='ocrx_word' id='word_1_489' title='bbox 600 4391 732 4456; x_wconf 81' lang='lat' dir='ltr'><strong>Qua:</strong></span> <span class='ocrx_word' id='word_1_490' title='bbox 758 4407 986 4464; x_wconf 57' lang='lat' dir='ltr'><strong>veroex</strong></span> <span class='ocrx_word' id='word_1_491' title='bbox 1030 4394 1235 4448; x_wconf 85' lang='lat' dir='ltr'><strong>nostris</strong></span> <span class='ocrx_word' id='word_1_492' title='bbox 1270 4397 1594 4453; x_wconf 81' lang='lat' dir='ltr'><strong>auctoribus</strong></span> <span class='ocrx_word' id='word_1_493' title='bbox 1657 4397 1709 4450; x_wconf 92' lang='lat' dir='ltr'><strong>in</strong></span> <span class='ocrx_word' id='word_1_494' title='bbox 1755 4400 2100 4453; x_wconf 90' lang='lat' dir='ltr'><strong>contrarium</strong></span> 
     </span>
    </p>
   </div>
   <div class='ocr_carea' id='block_1_75' title="bbox 533 4479 2100 4549">
    <p class='ocr_par' dir='ltr' id='par_1_75' title="bbox 533 4479 2100 4549">
     <span class='ocr_line' id='line_1_75' title="bbox 533 4479 2100 4549; baseline 0.01 -17"><span class='ocrx_word' id='word_1_495' title='bbox 533 4484 812 4538; x_wconf 77' lang='lat' dir='ltr'><strong>adducore</strong></span> <span class='ocrx_word' id='word_1_496' title='bbox 836 4479 1038 4549; x_wconf 79' lang='lat' dir='ltr'><strong>solent,</strong></span> <span class='ocrx_word' id='word_1_497' title='bbox 1075 4502 1136 4539; x_wconf 75' lang='lat' dir='ltr'><strong>ea</strong></span> <span class='ocrx_word' id='word_1_498' title='bbox 1166 4487 1487 4543; x_wconf 84' lang='lat' dir='ltr'><strong>habebimus</strong></span> <span class='ocrx_word' id='word_1_499' title='bbox 1517 4491 1743 4545; x_wconf 90' lang='lat' dir='ltr'><strong>omnino</strong></span> <span class='ocrx_word' id='word_1_500' title='bbox 1783 4492 1964 4545; x_wconf 89' lang='lat' dir='ltr'><strong>nihili.</strong></span> <span class='ocrx_word' id='word_1_501' title='bbox 1994 4491 2100 4548; x_wconf 80' lang='lat' dir='ltr'><strong>Ne-</strong></span> 
     </span>
    </p>
   </div>
   <div class='ocr_carea' id='block_1_76' title="bbox 533 4577 2099 4654">
    <p class='ocr_par' dir='ltr' id='par_1_76' title="bbox 533 4577 2099 4654">
     <span class='ocr_line' id='line_1_76' title="bbox 533 4577 2099 4654; baseline 0.009 -29"><span class='ocrx_word' id='word_1_502' title='bbox 533 4592 639 4645; x_wconf 84' lang='lat' dir='ltr'><strong>que</strong></span> <span class='ocrx_word' id='word_1_503' title='bbox 669 4577 812 4630; x_wconf 88' lang='lat' dir='ltr'><strong>enim</strong></span> <span class='ocrx_word' id='word_1_504' title='bbox 842 4579 885 4630; x_wconf 91' lang='lat' dir='ltr'><strong>si</strong></span> <span class='ocrx_word' id='word_1_505' title='bbox 922 4578 1050 4646; x_wconf 81' lang='lat' dir='ltr'><strong>quid</strong></span> <span class='ocrx_word' id='word_1_506' title='bbox 1077 4577 1329 4645; x_wconf 76' lang='lat' dir='ltr'><strong>Allatius,</strong></span> <span class='ocrx_word' id='word_1_507' title='bbox 1371 4581 1796 4654; x_wconf 75' lang='lat' dir='ltr'><strong>CaryOpbyllus,</strong></span> <span class='ocrx_word' id='word_1_508' title='bbox 1823 4585 2099 4640; x_wconf 85' lang='lat' dir='ltr'><strong>Arcudius</strong></span> 
     </span>
    </p>
   </div>
   <div class='ocr_carea' id='block_1_77' title="bbox 532 4666 2099 4744">
    <p class='ocr_par' dir='ltr' id='par_1_77' title="bbox 532 4666 2099 4744">
     <span class='ocr_line' id='line_1_77' title="bbox 532 4666 2099 4744; baseline 0.005 -25"><span class='ocrx_word' id='word_1_509' title='bbox 532 4675 627 4720; x_wconf 89' lang='lat' dir='ltr'><strong>aut</strong></span> <span class='ocrx_word' id='word_1_510' title='bbox 649 4669 742 4722; x_wconf 75' lang='lat' dir='ltr'><strong>alii</strong></span> <span class='ocrx_word' id='word_1_511' title='bbox 773 4668 840 4721; x_wconf 85' lang='lat' dir='ltr'><strong>de</strong></span> <span class='ocrx_word' id='word_1_512' title='bbox 869 4666 1184 4722; x_wconf 71' lang='lat' dir='ltr'><strong>Graecorum</strong></span> <span class='ocrx_word' id='word_1_513' title='bbox 1228 4673 1389 4726; x_wconf 91' lang='lat' dir='ltr'><strong>rebus</strong></span> <span class='ocrx_word' id='word_1_514' title='bbox 1422 4674 1793 4740; x_wconf 83' lang='lat' dir='ltr'><strong>scripserunt,</strong></span> <span class='ocrx_word' id='word_1_515' title='bbox 1833 4675 1969 4744; x_wconf 87' lang='lat' dir='ltr'><strong>legis</strong></span> <span class='ocrx_word' id='word_1_516' title='bbox 2005 4683 2099 4728; x_wconf 90' lang='lat' dir='ltr'><strong>aut</strong></span> 
     </span>
    </p>
   </div>
   <div class='ocr_carea' id='block_1_78' title="bbox 529 4762 2100 4834">
    <p class='ocr_par' dir='ltr' id='par_1_78' title="bbox 529 4762 2100 4834">
     <span class='ocr_line' id='line_1_78' title="bbox 529 4762 2100 4834; baseline 0.006 -21"><span class='ocrx_word' id='word_1_517' title='bbox 529 4762 694 4814; x_wconf 70' lang='lat' dir='ltr'><strong>edicti</strong></span> <span class='ocrx_word' id='word_1_518' title='bbox 735 4762 988 4834; x_wconf 76' lang='lat' dir='ltr'><strong>perpetui</strong></span> <span class='ocrx_word' id='word_1_519' title='bbox 1032 4763 1173 4832; x_wconf 81' lang='lat' dir='ltr'><strong>apud</strong></span> <span class='ocrx_word' id='word_1_520' title='bbox 1213 4779 1317 4818; x_wconf 91' lang='lat' dir='ltr'><strong>nos</strong></span> <span class='ocrx_word' id='word_1_521' title='bbox 1359 4767 1468 4818; x_wconf 89' lang='lat' dir='ltr'><strong>vim</strong></span> <span class='ocrx_word' id='word_1_522' title='bbox 1517 4766 1787 4832; x_wconf 83' lang='lat' dir='ltr'><strong>obtinent,</strong></span> <span class='ocrx_word' id='word_1_523' title='bbox 1827 4777 1884 4822; x_wconf 92' lang='lat' dir='ltr'><strong>ut</strong></span> <span class='ocrx_word' id='word_1_524' title='bbox 1928 4769 2100 4823; x_wconf 87' lang='lat' dir='ltr'><strong>recla-</strong></span> 
     </span>
    </p>
   </div>
   <div class='ocr_carea' id='block_1_79' title="bbox 531 4854 2101 4929">
    <p class='ocr_par' dir='ltr' id='par_1_79' title="bbox 531 4854 2101 4929">
     <span class='ocr_line' id='line_1_79' title="bbox 531 4854 2101 4929; baseline 0.006 -22"><span class='ocrx_word' id='word_1_525' title='bbox 531 4869 681 4908; x_wconf 90' lang='lat' dir='ltr'><strong>mare</strong></span> <span class='ocrx_word' id='word_1_526' title='bbox 723 4869 828 4908; x_wconf 89' lang='lat' dir='ltr'><strong>non</strong></span> <span class='ocrx_word' id='word_1_527' title='bbox 875 4854 1076 4918; x_wconf 87' lang='lat' dir='ltr'><strong>liceat;</strong></span> <span class='ocrx_word' id='word_1_528' title='bbox 1117 4857 1289 4912; x_wconf 91' lang='lat' dir='ltr'><strong>multo</strong></span> <span class='ocrx_word' id='word_1_529' title='bbox 1328 4861 1512 4913; x_wconf 89' lang='lat' dir='ltr'><strong>minus</strong></span> <span class='ocrx_word' id='word_1_530' title='bbox 1539 4860 1745 4929; x_wconf 89' lang='lat' dir='ltr'><strong>scripta</strong></span> <span class='ocrx_word' id='word_1_531' title='bbox 1793 4875 1822 4912; x_wconf 91' lang='lat' dir='ltr'><strong>a</strong></span> <span class='ocrx_word' id='word_1_532' title='bbox 1859 4861 2101 4917; x_wconf 88' lang='lat' dir='ltr'><strong>sordidis</strong></span> 
     </span>
    </p>
   </div>
   <div class='ocr_carea' id='block_1_80' title="bbox 531 4949 2100 5019">
    <p class='ocr_par' dir='ltr' id='par_1_80' title="bbox 531 4949 2100 5019">
     <span class='ocr_line' id='line_1_80' title="bbox 531 4949 2100 5019; baseline 0.006 -21"><span class='ocrx_word' id='word_1_533' title='bbox 531 4949 876 5015; x_wconf 68' lang='lat' dir='ltr'><strong>auctoribus,</strong></span> <span class='ocrx_word' id='word_1_534' title='bbox 904 4966 1136 5019; x_wconf 87' lang='lat' dir='ltr'><strong>quorum</strong></span> <span class='ocrx_word' id='word_1_535' title='bbox 1172 4951 1505 5007; x_wconf 74' lang='lat' dir='ltr'><strong>testimoniis</strong></span> <span class='ocrx_word' id='word_1_536' title='bbox 1540 4952 1802 5007; x_wconf 85' lang='lat' dir='ltr'><strong>Claudius</strong></span> <span class='ocrx_word' id='word_1_537' title='bbox 1835 4964 1940 5006; x_wconf 87' lang='lat' dir='ltr'><strong>tam</strong></span> <span class='ocrx_word' id='word_1_538' title='bbox 1978 4953 2100 5008; x_wconf 87' lang='lat' dir='ltr'><strong>inu-</strong></span> 
     </span>
    </p>
   </div>
   <div class='ocr_carea' id='block_1_81' title="bbox 533 5040 2104 5115">
    <p class='ocr_par' dir='ltr' id='par_1_81' title="bbox 533 5040 2104 5115">
     <span class='ocr_line' id='line_1_81' title="bbox 533 5040 2104 5115; baseline 0.006 -25"><span class='ocrx_word' id='word_1_539' title='bbox 533 5051 548 5090; x_wconf 87' lang='grc' dir='ltr'><strong>ι</strong></span> <span class='ocrx_word' id='word_1_540' title='bbox 579 5040 701 5094; x_wconf 85' lang='lat' dir='ltr'><strong>liter</strong></span> <span class='ocrx_word' id='word_1_541' title='bbox 728 5042 932 5097; x_wconf 86' lang='lat' dir='ltr'><strong>abusus</strong></span> <span class='ocrx_word' id='word_1_542' title='bbox 971 5055 1072 5105; x_wconf 84' lang='lat' dir='ltr'><strong>est,</strong></span> <span class='ocrx_word' id='word_1_543' title='bbox 1117 5056 1174 5099; x_wconf 93' lang='lat' dir='ltr'><strong>ut</strong></span> <span class='ocrx_word' id='word_1_544' title='bbox 1216 5044 1526 5100; x_wconf 88' lang='lat' dir='ltr'><strong>Orientales</strong></span> <span class='ocrx_word' id='word_1_545' title='bbox 1559 5044 1880 5100; x_wconf 83' lang='lat' dir='ltr'><strong>Calvinistis</strong></span> <span class='ocrx_word' id='word_1_546' title='bbox 1905 5045 2104 5115; x_wconf 88' lang='lat' dir='ltr'><strong>adjun-</strong></span> 
     </span>
    </p>
   </div>
   <div class='ocr_carea' id='block_1_82' title="bbox 530 5138 2102 5201">
    <p class='ocr_par' dir='ltr' id='par_1_82' title="bbox 530 5138 2102 5201">
     <span class='ocr_line' id='line_1_82' title="bbox 530 5138 2102 5201; baseline 0.006 -17"><span class='ocrx_word' id='word_1_547' title='bbox 530 5145 708 5201; x_wconf 72' lang='lat' dir='ltr'><strong>geret,</strong></span> <span class='ocrx_word' id='word_1_548' title='bbox 747 5152 870 5190; x_wconf 88' lang='lat' dir='ltr'><strong>cum</strong></span> <span class='ocrx_word' id='word_1_549' title='bbox 905 5148 1032 5192; x_wconf 82' lang='lat' dir='ltr'><strong>ante</strong></span> <span class='ocrx_word' id='word_1_550' title='bbox 1070 5153 1244 5192; x_wconf 90' lang='lat' dir='ltr'><strong>annos</strong></span> <span class='ocrx_word' id='word_1_551' title='bbox 1287 5147 1505 5192; x_wconf 86' lang='lat' dir='ltr'><strong>centum</strong></span> <span class='ocrx_word' id='word_1_552' title='bbox 1535 5147 1588 5190; x_wconf 88' lang='lat' dir='ltr'><strong>et</strong></span> <span class='ocrx_word' id='word_1_553' title='bbox 1615 5138 1799 5193; x_wconf 87' lang='lat' dir='ltr'><strong>decem</strong></span> <span class='ocrx_word' id='word_1_554' title='bbox 1831 5138 2102 5193; x_wconf 85' lang='lat' dir='ltr'><strong>Luthera-</strong></span> 
     </span>
    </p>
   </div>
   <div class='ocr_carea' id='block_1_83' title="bbox 531 5226 2106 5299">
    <p class='ocr_par' dir='ltr' id='par_1_83' title="bbox 531 5226 2106 5299">
     <span class='ocr_line' id='line_1_83' title="bbox 531 5226 2106 5299; baseline 0.003 -20"><span class='ocrx_word' id='word_1_555' title='bbox 531 5229 617 5281; x_wconf 73' lang='lat' dir='ltr'><strong>nis</strong></span> <span class='ocrx_word' id='word_1_556' title='bbox 669 5226 1284 5299; x_wconf 75' lang='lat' dir='ltr'><strong>Wirtembcrgensibus,</strong></span> <span class='ocrx_word' id='word_1_557' title='bbox 1318 5244 1551 5299; x_wconf 89' lang='lat' dir='ltr'><strong>quorum</strong></span> <span class='ocrx_word' id='word_1_558' title='bbox 1599 5231 1942 5286; x_wconf 88' lang='lat' dir='ltr'><strong>tolerabilior</strong></span> <span class='ocrx_word' id='word_1_559' title='bbox 1979 5248 2106 5288; x_wconf 81' lang='lat' dir='ltr'><strong>sen-</strong></span> 
     </span>
    </p>
   </div>
   <div class='ocr_carea' id='block_1_84' title="bbox 533 5320 2105 5391">
    <p class='ocr_par' dir='ltr' id='par_1_84' title="bbox 533 5320 2105 5391">
     <span class='ocr_line' id='line_1_84' title="bbox 533 5320 2105 5391; baseline 0.005 -20"><span class='ocrx_word' id='word_1_560' title='bbox 533 5320 704 5373; x_wconf 88' lang='lat' dir='ltr'><strong>tentia</strong></span> <span class='ocrx_word' id='word_1_561' title='bbox 737 5331 876 5386; x_wconf 89' lang='lat' dir='ltr'><strong>erat,</strong></span> <span class='ocrx_word' id='word_1_562' title='bbox 915 5331 1030 5376; x_wconf 84' lang='lat' dir='ltr'><strong>tam</strong></span> <span class='ocrx_word' id='word_1_563' title='bbox 1079 5322 1366 5391; x_wconf 85' lang='lat' dir='ltr'><strong>perspicue</strong></span> <span class='ocrx_word' id='word_1_564' title='bbox 1399 5321 1792 5389; x_wconf 74' lang='lat' dir='ltr'><strong>significaverit</strong></span> <span class='ocrx_word' id='word_1_565' title='bbox 1837 5321 2105 5379; x_wconf 77' lang='lat' dir='ltr'><strong>Jeremias</strong></span> 
     </span>
    </p>
   </div>
   <div class='ocr_carea' id='block_1_85' title="bbox 532 5413 2106 5484">
    <p class='ocr_par' dir='ltr' id='par_1_85' title="bbox 532 5413 2106 5484">
     <span class='ocr_line' id='line_1_85' title="bbox 532 5413 2106 5484; baseline 0.004 -20"><span class='ocrx_word' id='word_1_566' title='bbox 532 5413 873 5480; x_wconf 83' lang='lat' dir='ltr'><strong>patriarcha,</strong></span> <span class='ocrx_word' id='word_1_567' title='bbox 936 5424 1206 5484; x_wconf 87' lang='lat' dir='ltr'><strong>quantum</strong></span> <span class='ocrx_word' id='word_1_568' title='bbox 1261 5413 1350 5467; x_wconf 88' lang='lat' dir='ltr'><strong>illa</strong></span> <span class='ocrx_word' id='word_1_569' title='bbox 1406 5414 1510 5470; x_wconf 84' lang='lat' dir='ltr'><strong>sibi</strong></span> <span class='ocrx_word' id='word_1_570' title='bbox 1573 5426 1627 5471; x_wconf 92' lang='lat' dir='ltr'><strong>et</strong></span> <span class='ocrx_word' id='word_1_571' title='bbox 1683 5418 1781 5471; x_wconf 90' lang='lat' dir='ltr'><strong>toti</strong></span> <span class='ocrx_word' id='word_1_572' title='bbox 1846 5415 2106 5472; x_wconf 74' lang='lat' dir='ltr'><strong>Ecclesia:</strong></span> 
     </span>
    </p>
   </div>
   <div class='ocr_carea' id='block_1_86' title="bbox 532 5505 1170 5577">
    <p class='ocr_par' dir='ltr' id='par_1_86' title="bbox 532 5505 1170 5577">
     <span class='ocr_line' id='line_1_86' title="bbox 532 5505 1170 5577; baseline -0.006 -15"><span class='ocrx_word' id='word_1_573' title='bbox 532 5505 798 5562; x_wconf 83' lang='lat' dir='ltr'><strong>Orientali</strong></span> <span class='ocrx_word' id='word_1_574' title='bbox 831 5507 1170 5577; x_wconf 67' lang='lat' dir='ltr'><strong>displiceret.</strong></span> 
     </span>
    </p>
   </div>
   <div class='ocr_carea' id='block_1_87' title="bbox 601 5597 2108 5671">
    <p class='ocr_par' dir='ltr' id='par_1_87' title="bbox 601 5597 2108 5671">
     <span class='ocr_line' id='line_1_87' title="bbox 601 5597 2108 5671; baseline 0.001 -17"><span class='ocrx_word' id='word_1_575' title='bbox 601 5597 803 5654; x_wconf 83' lang='lat' dir='ltr'><strong>Verum</strong></span> <span class='ocrx_word' id='word_1_576' title='bbox 839 5602 967 5671; x_wconf 88' lang='lat' dir='ltr'><strong>quia</strong></span> <span class='ocrx_word' id='word_1_577' title='bbox 995 5597 1262 5654; x_wconf 81' lang='lat' dir='ltr'><strong>Jercmias</strong></span> <span class='ocrx_word' id='word_1_578' title='bbox 1294 5613 1479 5654; x_wconf 86' lang='lat' dir='ltr'><strong>vocem</strong></span> <span class='ocrx_word' id='word_1_579' title='bbox 1508 5597 2108 5657; x_wconf 83' lang='lat' dir='ltr'><strong>Transsubstantiatio-</strong></span> 
     </span>
    </p>
   </div>
   <div class='ocr_carea' id='block_1_88' title="bbox 2201 3280 3766 3348">
    <p class='ocr_par' dir='ltr' id='par_1_88' title="bbox 2201 3280 3766 3348">
     <span class='ocr_line' id='line_1_88' title="bbox 2201 3280 3766 3348; baseline -0.009 0"><span class='ocrx_word' id='word_1_580' title='bbox 2201 3292 2544 3348; x_wconf 83' lang='lat' dir='ltr'><strong>Gennadium</strong></span> <span class='ocrx_word' id='word_1_581' title='bbox 2598 3289 2676 3344; x_wconf 87' lang='lat' dir='ltr'><strong>ait</strong></span> <span class='ocrx_word' id='word_1_582' title='bbox 2739 3286 3037 3341; x_wconf 75' lang='lat' dir='ltr'><strong>(Iatholicis</strong></span> <span class='ocrx_word' id='word_1_583' title='bbox 3085 3282 3515 3338; x_wconf 87' lang='lat' dir='ltr'><strong>addictissimum</strong></span> <span class='ocrx_word' id='word_1_584' title='bbox 3575 3280 3766 3340; x_wconf 76' lang='lat' dir='ltr'><strong>fuisse.</strong></span> 
     </span>
    </p>
   </div>
   <div class='ocr_carea' id='block_1_89' title="bbox 2200 3372 3768 3442">
    <p class='ocr_par' dir='ltr' id='par_1_89' title="bbox 2200 3372 3768 3442">
     <span class='ocr_line' id='line_1_89' title="bbox 2200 3372 3768 3442; baseline -0.008 -3"><span class='ocrx_word' id='word_1_585' title='bbox 2200 3387 2318 3439; x_wconf 91' lang='lat' dir='ltr'><strong>solo</strong></span> <span class='ocrx_word' id='word_1_586' title='bbox 2367 3381 2680 3438; x_wconf 85' lang='lat' dir='ltr'><strong>testimonio</strong></span> <span class='ocrx_word' id='word_1_587' title='bbox 2720 3377 2900 3432; x_wconf 83' lang='lat' dir='ltr'><strong>Allatii</strong></span> <span class='ocrx_word' id='word_1_588' title='bbox 2939 3385 2992 3430; x_wconf 89' lang='lat' dir='ltr'><strong>et</strong></span> <span class='ocrx_word' id='word_1_589' title='bbox 3043 3376 3276 3430; x_wconf 85' lang='lat' dir='ltr'><strong>aliorum</strong></span> <span class='ocrx_word' id='word_1_590' title='bbox 3329 3373 3422 3442; x_wconf 92' lang='lat' dir='ltr'><strong>qui</strong></span> <span class='ocrx_word' id='word_1_591' title='bbox 3473 3372 3768 3442; x_wconf 75' lang='lat' dir='ltr'><strong>Georgium</strong></span> 
     </span>
    </p>
   </div>
   <div class='ocr_carea' id='block_1_90' title="bbox 2202 3466 3768 3536">
    <p class='ocr_par' dir='ltr' id='par_1_90' title="bbox 2202 3466 3768 3536">
     <span class='ocr_line' id='line_1_90' title="bbox 2202 3466 3768 3536; baseline -0.009 -3"><span class='ocrx_word' id='word_1_592' title='bbox 2202 3476 2550 3534; x_wconf 88' lang='lat' dir='ltr'><strong>Seholarium</strong></span> <span class='ocrx_word' id='word_1_593' title='bbox 2583 3483 2635 3528; x_wconf 89' lang='lat' dir='ltr'><strong>et</strong></span> <span class='ocrx_word' id='word_1_594' title='bbox 2670 3471 3016 3526; x_wconf 87' lang='lat' dir='ltr'><strong>Gennadium</strong></span> <span class='ocrx_word' id='word_1_595' title='bbox 3050 3467 3320 3536; x_wconf 88' lang='lat' dir='ltr'><strong>duplicem</strong></span> <span class='ocrx_word' id='word_1_596' title='bbox 3373 3466 3605 3529; x_wconf 85' lang='lat' dir='ltr'><strong>t&#39;aciunt,</strong></span> <span class='ocrx_word' id='word_1_597' title='bbox 3646 3482 3768 3520; x_wconf 88' lang='lat' dir='ltr'><strong>cum</strong></span> 
     </span>
    </p>
   </div>
   <div class='ocr_carea' id='block_1_91' title="bbox 2199 3559 3766 3638">
    <p class='ocr_par' dir='ltr' id='par_1_91' title="bbox 2199 3559 3766 3638">
     <span class='ocr_line' id='line_1_91' title="bbox 2199 3559 3766 3638; baseline -0.008 -13"><span class='ocrx_word' id='word_1_598' title='bbox 2199 3586 2265 3625; x_wconf 79' lang='lat' dir='ltr'><strong>ex</strong></span> <span class='ocrx_word' id='word_1_599' title='bbox 2299 3570 2368 3623; x_wconf 90' lang='lat' dir='ltr'><strong>iis</strong></span> <span class='ocrx_word' id='word_1_600' title='bbox 2407 3582 2530 3638; x_wconf 77' lang='lat' dir='ltr'><strong>qua:</strong></span> <span class='ocrx_word' id='word_1_601' title='bbox 2579 3565 2838 3634; x_wconf 89' lang='lat' dir='ltr'><strong>superius</strong></span> <span class='ocrx_word' id='word_1_602' title='bbox 2883 3560 3136 3631; x_wconf 73' lang='lat' dir='ltr'><strong>exposita</strong></span> <span class='ocrx_word' id='word_1_603' title='bbox 3169 3567 3327 3623; x_wconf 87' lang='lat' dir='ltr'><strong>sunt,</strong></span> <span class='ocrx_word' id='word_1_604' title='bbox 3362 3559 3500 3612; x_wconf 84' lang='lat' dir='ltr'><strong>satis</strong></span> <span class='ocrx_word' id='word_1_605' title='bbox 3550 3569 3766 3614; x_wconf 83' lang='lat' dir='ltr'><strong>constet</strong></span> 
     </span>
    </p>
   </div>
   <div class='ocr_carea' id='block_1_92' title="bbox 2203 3653 3760 3726">
    <p class='ocr_par' dir='ltr' id='par_1_92' title="bbox 2203 3653 3760 3726">
     <span class='ocr_line' id='line_1_92' title="bbox 2203 3653 3760 3726; baseline -0.006 -12"><span class='ocrx_word' id='word_1_606' title='bbox 2203 3677 2370 3715; x_wconf 90' lang='lat' dir='ltr'><strong>unum</strong></span> <span class='ocrx_word' id='word_1_607' title='bbox 2410 3659 2767 3726; x_wconf 83' lang='lat' dir='ltr'><strong>cumdemque</strong></span> <span class='ocrx_word' id='word_1_608' title='bbox 2812 3655 3156 3710; x_wconf 73' lang='lat' dir='ltr'><strong>Scholarium</strong></span> <span class='ocrx_word' id='word_1_609' title='bbox 3209 3661 3265 3706; x_wconf 87' lang='lat' dir='ltr'><strong>ct</strong></span> <span class='ocrx_word' id='word_1_610' title='bbox 3317 3653 3505 3706; x_wconf 90' lang='lat' dir='ltr'><strong>unioni</strong></span> <span class='ocrx_word' id='word_1_611' title='bbox 3537 3669 3760 3722; x_wconf 87' lang='lat' dir='ltr'><strong>promo-</strong></span> 
     </span>
    </p>
   </div>
   <div class='ocr_carea' id='block_1_93' title="bbox 2202 3742 3768 3818">
    <p class='ocr_par' dir='ltr' id='par_1_93' title="bbox 2202 3742 3768 3818">
     <span class='ocr_line' id='line_1_93' title="bbox 2202 3742 3768 3818; baseline -0.005 -15"><span class='ocrx_word' id='word_1_612' title='bbox 2202 3752 2389 3806; x_wconf 54' lang='lat' dir='ltr'><strong>venda?</strong></span> <span class='ocrx_word' id='word_1_613' title='bbox 2447 3750 2662 3804; x_wconf 85' lang='lat' dir='ltr'><strong>dedisse</strong></span> <span class='ocrx_word' id='word_1_614' title='bbox 2713 3763 2933 3818; x_wconf 84' lang='lat' dir='ltr'><strong>operam</strong></span> <span class='ocrx_word' id='word_1_615' title='bbox 2981 3760 3104 3800; x_wconf 87' lang='lat' dir='ltr'><strong>cum</strong></span> <span class='ocrx_word' id='word_1_616' title='bbox 3156 3753 3299 3798; x_wconf 89' lang='lat' dir='ltr'><strong>esset</strong></span> <span class='ocrx_word' id='word_1_617' title='bbox 3349 3742 3664 3808; x_wconf 74' lang='lat' dir='ltr'><strong>Florentiae,</strong></span> <span class='ocrx_word' id='word_1_618' title='bbox 3721 3755 3768 3796; x_wconf 81' lang='lat' dir='ltr'><strong>et</strong></span> 
     </span>
    </p>
   </div>
   <div class='ocr_carea' id='block_1_94' title="bbox 2203 3835 3770 3906">
    <p class='ocr_par' dir='ltr' id='par_1_94' title="bbox 2203 3835 3770 3906">
     <span class='ocr_line' id='line_1_94' title="bbox 2203 3835 3770 3906; baseline -0.006 -4"><span class='ocrx_word' id='word_1_619' title='bbox 2203 3855 2412 3902; x_wconf 86' lang='lat' dir='ltr'><strong>mutata</strong></span> <span class='ocrx_word' id='word_1_620' title='bbox 2454 3842 2750 3906; x_wconf 76' lang='lat' dir='ltr'><strong>sententia,</strong></span> <span class='ocrx_word' id='word_1_621' title='bbox 2786 3838 3168 3896; x_wconf 83' lang='lat' dir='ltr'><strong>acerbissimis</strong></span> <span class='ocrx_word' id='word_1_622' title='bbox 3204 3837 3402 3893; x_wconf 85' lang='lat' dir='ltr'><strong>deinde</strong></span> <span class='ocrx_word' id='word_1_623' title='bbox 3455 3837 3509 3894; x_wconf 89' lang='lat' dir='ltr'><strong>in</strong></span> <span class='ocrx_word' id='word_1_624' title='bbox 3543 3835 3770 3893; x_wconf 75' lang='lat' dir='ltr'><strong>Latinos</strong></span> 
     </span>
    </p>
   </div>
   <div class='ocr_carea' id='block_1_95' title="bbox 2202 3931 3056 4004">
    <p class='ocr_par' dir='ltr' id='par_1_95' title="bbox 2202 3931 3056 4004">
     <span class='ocr_line' id='line_1_95' title="bbox 2202 3931 3056 4004; baseline -0.007 -15"><span class='ocrx_word' id='word_1_625' title='bbox 2202 3935 2343 3989; x_wconf 90' lang='lat' dir='ltr'><strong>odiis</strong></span> <span class='ocrx_word' id='word_1_626' title='bbox 2376 3935 2516 4004; x_wconf 88' lang='lat' dir='ltr'><strong>apud</strong></span> <span class='ocrx_word' id='word_1_627' title='bbox 2549 3948 2676 3987; x_wconf 87' lang='lat' dir='ltr'><strong>suos</strong></span> <span class='ocrx_word' id='word_1_628' title='bbox 2712 3931 3056 3986; x_wconf 88' lang='lat' dir='ltr'><strong>inclaruisse.</strong></span> 
     </span>
    </p>
   </div>
   <div class='ocr_carea' id='block_1_96' title="bbox 2273 4024 3771 4096">
    <p class='ocr_par' dir='ltr' id='par_1_96' title="bbox 2273 4024 3771 4096">
     <span class='ocr_line' id='line_1_96' title="bbox 2273 4024 3771 4096; baseline -0.003 -15"><span class='ocrx_word' id='word_1_629' title='bbox 2273 4029 2432 4083; x_wconf 85' lang='lat' dir='ltr'><strong>Aliud</strong></span> <span class='ocrx_word' id='word_1_630' title='bbox 2499 4034 2880 4096; x_wconf 87' lang='lat' dir='ltr'><strong>argumentum</strong></span> <span class='ocrx_word' id='word_1_631' title='bbox 2929 4025 3098 4079; x_wconf 87' lang='lat' dir='ltr'><strong>sumit</strong></span> <span class='ocrx_word' id='word_1_632' title='bbox 3149 4039 3212 4080; x_wconf 77' lang='lat' dir='ltr'><strong>ex</strong></span> <span class='ocrx_word' id='word_1_633' title='bbox 3251 4024 3455 4090; x_wconf 85' lang='lat' dir='ltr'><strong>Allatii,</strong></span> <span class='ocrx_word' id='word_1_634' title='bbox 3492 4024 3771 4080; x_wconf 81' lang='lat' dir='ltr'><strong>Possevini</strong></span> 
     </span>
    </p>
   </div>
   <div class='ocr_carea' id='block_1_97' title="bbox 2205 4119 3772 4193">
    <p class='ocr_par' dir='ltr' id='par_1_97' title="bbox 2205 4119 3772 4193">
     <span class='ocr_line' id='line_1_97' title="bbox 2205 4119 3772 4193; baseline -0.004 -15"><span class='ocrx_word' id='word_1_635' title='bbox 2205 4124 2550 4193; x_wconf 88' lang='lat' dir='ltr'><strong>aliorumque</strong></span> <span class='ocrx_word' id='word_1_636' title='bbox 2590 4121 2833 4184; x_wconf 85' lang='lat' dir='ltr'><strong>silentio,</strong></span> <span class='ocrx_word' id='word_1_637' title='bbox 2872 4120 3071 4189; x_wconf 89' lang='lat' dir='ltr'><strong>quibus</strong></span> <span class='ocrx_word' id='word_1_638' title='bbox 3099 4135 3375 4188; x_wconf 79' lang='lat' dir='ltr'><strong>nunquam</strong></span> <span class='ocrx_word' id='word_1_639' title='bbox 3409 4119 3524 4174; x_wconf 65' lang='lat' dir='ltr'><strong>haec</strong></span> <span class='ocrx_word' id='word_1_640' title='bbox 3555 4121 3772 4173; x_wconf 83' lang='lat' dir='ltr'><strong>humilia</strong></span> 
     </span>
    </p>
   </div>
   <div class='ocr_carea' id='block_1_98' title="bbox 2206 4212 3772 4282">
    <p class='ocr_par' dir='ltr' id='par_1_98' title="bbox 2206 4212 3772 4282">
     <span class='ocr_line' id='line_1_98' title="bbox 2206 4212 3772 4282; baseline -0.001 -15"><span class='ocrx_word' id='word_1_641' title='bbox 2206 4219 2347 4270; x_wconf 88' lang='lat' dir='ltr'><strong>lecta</strong></span> <span class='ocrx_word' id='word_1_642' title='bbox 2377 4215 2499 4280; x_wconf 80' lang='lat' dir='ltr'><strong>fuit,</strong></span> <span class='ocrx_word' id='word_1_643' title='bbox 2538 4214 2639 4269; x_wconf 89' lang='lat' dir='ltr'><strong>etsi</strong></span> <span class='ocrx_word' id='word_1_644' title='bbox 2675 4215 2765 4268; x_wconf 89' lang='lat' dir='ltr'><strong>ille</strong></span> <span class='ocrx_word' id='word_1_645' title='bbox 2810 4212 3122 4282; x_wconf 77' lang='lat' dir='ltr'><strong>diligentem</strong></span> <span class='ocrx_word' id='word_1_646' title='bbox 3164 4213 3216 4266; x_wconf 92' lang='lat' dir='ltr'><strong>in</strong></span> <span class='ocrx_word' id='word_1_647' title='bbox 3245 4212 3514 4267; x_wconf 84' lang='lat' dir='ltr'><strong>Gennadii</strong></span> <span class='ocrx_word' id='word_1_648' title='bbox 3552 4214 3772 4282; x_wconf 82' lang='lat' dir='ltr'><strong>scriptis</strong></span> 
     </span>
    </p>
   </div>
   <div class='ocr_carea' id='block_1_99' title="bbox 2207 4301 3774 4376">
    <p class='ocr_par' dir='ltr' id='par_1_99' title="bbox 2207 4301 3774 4376">
     <span class='ocr_line' id='line_1_99' title="bbox 2207 4301 3774 4376; baseline -0.004 -14"><span class='ocrx_word' id='word_1_649' title='bbox 2207 4305 2606 4376; x_wconf 84' lang='lat' dir='ltr'><strong>investigandis</strong></span> <span class='ocrx_word' id='word_1_650' title='bbox 2633 4304 2854 4359; x_wconf 67' lang='lat' dir='ltr'><strong>navavit</strong></span> <span class='ocrx_word' id='word_1_651' title='bbox 2887 4318 3132 4372; x_wconf 89' lang='lat' dir='ltr'><strong>operam.</strong></span> <span class='ocrx_word' id='word_1_652' title='bbox 3179 4301 3458 4356; x_wconf 76' lang='lat' dir='ltr'><strong>.Iudicium</strong></span> <span class='ocrx_word' id='word_1_653' title='bbox 3507 4303 3578 4358; x_wconf 85' lang='lat' dir='ltr'><strong>sit</strong></span> <span class='ocrx_word' id='word_1_654' title='bbox 3611 4319 3774 4370; x_wconf 86' lang='lat' dir='ltr'><strong>penes</strong></span> 
     </span>
    </p>
   </div>
   <div class='ocr_carea' id='block_1_100' title="bbox 2205 4395 3772 4468">
    <p class='ocr_par' dir='ltr' id='par_1_100' title="bbox 2205 4395 3772 4468">
     <span class='ocr_line' id='line_1_100' title="bbox 2205 4395 3772 4468; baseline -0.005 -12"><span class='ocrx_word' id='word_1_655' title='bbox 2205 4414 2302 4456; x_wconf 87' lang='lat' dir='ltr'><strong>eos</strong></span> <span class='ocrx_word' id='word_1_656' title='bbox 2325 4399 2420 4468; x_wconf 91' lang='lat' dir='ltr'><strong>qui</strong></span> <span class='ocrx_word' id='word_1_657' title='bbox 2443 4398 2776 4451; x_wconf 81' lang='lat' dir='ltr'><strong>Allatiauum</strong></span> <span class='ocrx_word' id='word_1_658' title='bbox 2810 4396 3046 4464; x_wconf 84' lang='lat' dir='ltr'><strong>Iudicem</strong></span> <span class='ocrx_word' id='word_1_659' title='bbox 3080 4410 3205 4449; x_wconf 90' lang='lat' dir='ltr'><strong>cum</strong></span> <span class='ocrx_word' id='word_1_660' title='bbox 3249 4404 3440 4448; x_wconf 88' lang='lat' dir='ltr'><strong>nostro</strong></span> <span class='ocrx_word' id='word_1_661' title='bbox 3467 4395 3772 4458; x_wconf 79' lang='lat' dir='ltr'><strong>conferent,</strong></span> 
     </span>
    </p>
   </div>
   <div class='ocr_carea' id='block_1_101' title="bbox 2207 4485 3774 4558">
    <p class='ocr_par' dir='ltr' id='par_1_101' title="bbox 2207 4485 3774 4558">
     <span class='ocr_line' id='line_1_101' title="bbox 2207 4485 3774 4558; baseline -0.004 -11"><span class='ocrx_word' id='word_1_662' title='bbox 2207 4510 2275 4547; x_wconf 89' lang='lat' dir='ltr'><strong>an</strong></span> <span class='ocrx_word' id='word_1_663' title='bbox 2307 4494 2409 4547; x_wconf 86' lang='lat' dir='ltr'><strong>hac</strong></span> <span class='ocrx_word' id='word_1_664' title='bbox 2474 4490 2743 4544; x_wconf 87' lang='lat' dir='ltr'><strong>invidiosa</strong></span> <span class='ocrx_word' id='word_1_665' title='bbox 2770 4487 2927 4543; x_wconf 86' lang='lat' dir='ltr'><strong>laude</strong></span> <span class='ocrx_word' id='word_1_666' title='bbox 2955 4487 3154 4558; x_wconf 80' lang='lat' dir='ltr'><strong>dignus</strong></span> <span class='ocrx_word' id='word_1_667' title='bbox 3199 4489 3274 4542; x_wconf 89' lang='lat' dir='ltr'><strong>sit</strong></span> <span class='ocrx_word' id='word_1_668' title='bbox 3298 4487 3548 4541; x_wconf 82' lang='lat' dir='ltr'><strong>Allatius.</strong></span> <span class='ocrx_word' id='word_1_669' title='bbox 3583 4485 3774 4541; x_wconf 84' lang='lat' dir='ltr'><strong>Posse-</strong></span> 
     </span>
    </p>
   </div>
   <div class='ocr_carea' id='block_1_102' title="bbox 2216 4581 3774 4648">
    <p class='ocr_par' dir='ltr' id='par_1_102' title="bbox 2216 4581 3774 4648">
     <span class='ocr_line' id='line_1_102' title="bbox 2216 4581 3774 4648; baseline -0.004 -9"><span class='ocrx_word' id='word_1_670' title='bbox 2216 4588 2377 4642; x_wconf 83' lang='lat' dir='ltr'><strong>vinus</strong></span> <span class='ocrx_word' id='word_1_671' title='bbox 2404 4585 2590 4638; x_wconf 85' lang='lat' dir='ltr'><strong>multis</strong></span> <span class='ocrx_word' id='word_1_672' title='bbox 2623 4582 2748 4636; x_wconf 87' lang='lat' dir='ltr'><strong>aliis</strong></span> <span class='ocrx_word' id='word_1_673' title='bbox 2782 4582 3121 4645; x_wconf 87' lang='lat' dir='ltr'><strong>nominibus,</strong></span> <span class='ocrx_word' id='word_1_674' title='bbox 3152 4581 3244 4634; x_wconf 87' lang='lat' dir='ltr'><strong>sed</strong></span> <span class='ocrx_word' id='word_1_675' title='bbox 3275 4597 3559 4648; x_wconf 83' lang='lat' dir='ltr'><strong>nunquam</strong></span> <span class='ocrx_word' id='word_1_676' title='bbox 3592 4598 3619 4632; x_wconf 91' lang='lat' dir='ltr'><strong>a</strong></span> <span class='ocrx_word' id='word_1_677' title='bbox 3653 4581 3774 4633; x_wconf 85' lang='lat' dir='ltr'><strong>dili-</strong></span> 
     </span>
    </p>
   </div>
   <div class='ocr_carea' id='block_1_103' title="bbox 2208 4670 3774 4745">
    <p class='ocr_par' dir='ltr' id='par_1_103' title="bbox 2208 4670 3774 4745">
     <span class='ocr_line' id='line_1_103' title="bbox 2208 4670 3774 4745; baseline -0.005 -15"><span class='ocrx_word' id='word_1_678' title='bbox 2208 4677 2392 4745; x_wconf 77' lang='lat' dir='ltr'><strong>gentia</strong></span> <span class='ocrx_word' id='word_1_679' title='bbox 2457 4675 2508 4727; x_wconf 92' lang='lat' dir='ltr'><strong>in</strong></span> <span class='ocrx_word' id='word_1_680' title='bbox 2559 4672 2917 4728; x_wconf 86' lang='lat' dir='ltr'><strong>recensendis</strong></span> <span class='ocrx_word' id='word_1_681' title='bbox 2981 4671 3306 4725; x_wconf 85' lang='lat' dir='ltr'><strong>auctoribus</strong></span> <span class='ocrx_word' id='word_1_682' title='bbox 3364 4670 3622 4724; x_wconf 84' lang='lat' dir='ltr'><strong>laudatus</strong></span> <span class='ocrx_word' id='word_1_683' title='bbox 3675 4681 3774 4723; x_wconf 86' lang='lat' dir='ltr'><strong>est.</strong></span> 
     </span>
    </p>
   </div>
   <div class='ocr_carea' id='block_1_104' title="bbox 2207 4760 3775 4832">
    <p class='ocr_par' dir='ltr' id='par_1_104' title="bbox 2207 4760 3775 4832">
     <span class='ocr_line' id='line_1_104' title="bbox 2207 4760 3775 4832; baseline -0.006 -12"><span class='ocrx_word' id='word_1_684' title='bbox 2207 4766 2346 4832; x_wconf 82' lang='lat' dir='ltr'><strong>Quis</strong></span> <span class='ocrx_word' id='word_1_685' title='bbox 2396 4765 2579 4818; x_wconf 89' lang='lat' dir='ltr'><strong>omnia</strong></span> <span class='ocrx_word' id='word_1_686' title='bbox 2614 4779 2672 4816; x_wconf 88' lang='lat' dir='ltr'><strong>se</strong></span> <span class='ocrx_word' id='word_1_687' title='bbox 2693 4763 2895 4816; x_wconf 82' lang='lat' dir='ltr'><strong>vidisse</strong></span> <span class='ocrx_word' id='word_1_688' title='bbox 2965 4761 3166 4814; x_wconf 90' lang='lat' dir='ltr'><strong>audeat</strong></span> <span class='ocrx_word' id='word_1_689' title='bbox 3190 4760 3496 4824; x_wconf 71' lang='lat' dir='ltr'><strong>venditare,</strong></span> <span class='ocrx_word' id='word_1_690' title='bbox 3526 4761 3634 4812; x_wconf 84' lang='lat' dir='ltr'><strong>nisi</strong></span> <span class='ocrx_word' id='word_1_691' title='bbox 3663 4763 3775 4827; x_wconf 79' lang='lat' dir='ltr'><strong>qui-</strong></span> 
     </span>
    </p>
   </div>
   <div class='ocr_carea' id='block_1_105' title="bbox 2210 4847 3775 4923">
    <p class='ocr_par' dir='ltr' id='par_1_105' title="bbox 2210 4847 3775 4923">
     <span class='ocr_line' id='line_1_105' title="bbox 2210 4847 3775 4923; baseline -0.007 -11"><span class='ocrx_word' id='word_1_692' title='bbox 2210 4861 2311 4914; x_wconf 87' lang='lat' dir='ltr'><strong>bus</strong></span> <span class='ocrx_word' id='word_1_693' title='bbox 2358 4858 2471 4911; x_wconf 80' lang='lat' dir='ltr'><strong>haec</strong></span> <span class='ocrx_word' id='word_1_694' title='bbox 2517 4855 2701 4910; x_wconf 88' lang='lat' dir='ltr'><strong>studia</strong></span> <span class='ocrx_word' id='word_1_695' title='bbox 2733 4855 2918 4923; x_wconf 81' lang='lat' dir='ltr'><strong>ignota</strong></span> <span class='ocrx_word' id='word_1_696' title='bbox 2953 4853 3120 4907; x_wconf 82' lang='lat' dir='ltr'><strong>sunt?</strong></span> <span class='ocrx_word' id='word_1_697' title='bbox 3146 4847 3454 4907; x_wconf 73' lang='lat' dir='ltr'><strong>Habuimus</strong></span> <span class='ocrx_word' id='word_1_698' title='bbox 3485 4866 3552 4905; x_wconf 80' lang='lat' dir='ltr'><strong>ex</strong></span> <span class='ocrx_word' id='word_1_699' title='bbox 3586 4851 3775 4904; x_wconf 85' lang='lat' dir='ltr'><strong>biblio-</strong></span> 
     </span>
    </p>
   </div>
   <div class='ocr_carea' id='block_1_106' title="bbox 2212 4943 3774 5020">
    <p class='ocr_par' dir='ltr' id='par_1_106' title="bbox 2212 4943 3774 5020">
     <span class='ocr_line' id='line_1_106' title="bbox 2212 4943 3774 5020; baseline -0.006 -16"><span class='ocrx_word' id='word_1_700' title='bbox 2212 4953 2372 5006; x_wconf 86' lang='lat' dir='ltr'><strong>theca</strong></span> <span class='ocrx_word' id='word_1_701' title='bbox 2400 4950 2565 5020; x_wconf 78' lang='lat' dir='ltr'><strong>chia</strong></span> <span class='ocrx_word' id='word_1_702' title='bbox 2600 4947 2761 5002; x_wconf 87' lang='lat' dir='ltr'><strong>codd.</strong></span> <span class='ocrx_word' id='word_1_703' title='bbox 2800 4962 2935 5002; x_wconf 90' lang='lat' dir='ltr'><strong>mss.</strong></span> <span class='ocrx_word' id='word_1_704' title='bbox 2972 4946 3064 5014; x_wconf 92' lang='lat' dir='ltr'><strong>qui</strong></span> <span class='ocrx_word' id='word_1_705' title='bbox 3111 4953 3223 5000; x_wconf 89' lang='lat' dir='ltr'><strong>tam</strong></span> <span class='ocrx_word' id='word_1_706' title='bbox 3257 4945 3504 5014; x_wconf 75' lang='lat' dir='ltr'><strong>proxime</strong></span> <span class='ocrx_word' id='word_1_707' title='bbox 3533 4944 3603 4997; x_wconf 88' lang='lat' dir='ltr'><strong>ad</strong></span> <span class='ocrx_word' id='word_1_708' title='bbox 3639 4943 3774 4996; x_wconf 82' lang='lat' dir='ltr'><strong>Geu-</strong></span> 
     </span>
    </p>
   </div>
   <div class='ocr_carea' id='block_1_107' title="bbox 2213 5036 3775 5104">
    <p class='ocr_par' dir='ltr' id='par_1_107' title="bbox 2213 5036 3775 5104">
     <span class='ocr_line' id='line_1_107' title="bbox 2213 5036 3775 5104; baseline -0.004 -6"><span class='ocrx_word' id='word_1_709' title='bbox 2213 5043 2360 5098; x_wconf 83' lang='lat' dir='ltr'><strong>nadii</strong></span> <span class='ocrx_word' id='word_1_710' title='bbox 2391 5052 2605 5096; x_wconf 66' lang='lat' dir='ltr'><strong>aetatem</strong></span> <span class='ocrx_word' id='word_1_711' title='bbox 2652 5040 2947 5104; x_wconf 86' lang='lat' dir='ltr'><strong>accedunt,</strong></span> <span class='ocrx_word' id='word_1_712' title='bbox 2981 5047 3040 5094; x_wconf 87' lang='lat' dir='ltr'><strong>ut</strong></span> <span class='ocrx_word' id='word_1_713' title='bbox 3091 5038 3275 5092; x_wconf 86' lang='lat' dir='ltr'><strong>statim</strong></span> <span class='ocrx_word' id='word_1_714' title='bbox 3332 5037 3400 5090; x_wconf 84' lang='lat' dir='ltr'><strong>ab</strong></span> <span class='ocrx_word' id='word_1_715' title='bbox 3431 5037 3556 5104; x_wconf 88' lang='lat' dir='ltr'><strong>ejus</strong></span> <span class='ocrx_word' id='word_1_716' title='bbox 3606 5036 3775 5092; x_wconf 83' lang='lat' dir='ltr'><strong>obitu.</strong></span> 
     </span>
    </p>
   </div>
   <div class='ocr_carea' id='block_1_108' title="bbox 2215 5126 3780 5205">
    <p class='ocr_par' dir='ltr' id='par_1_108' title="bbox 2215 5126 3780 5205">
     <span class='ocr_line' id='line_1_108' title="bbox 2215 5126 3780 5205; baseline -0.008 -16"><span class='ocrx_word' id='word_1_717' title='bbox 2215 5145 2308 5189; x_wconf 86' lang='lat' dir='ltr'><strong>aut</strong></span> <span class='ocrx_word' id='word_1_718' title='bbox 2365 5136 2484 5205; x_wconf 88' lang='lat' dir='ltr'><strong>ipso</strong></span> <span class='ocrx_word' id='word_1_719' title='bbox 2529 5134 2696 5188; x_wconf 89' lang='lat' dir='ltr'><strong>etiam</strong></span> <span class='ocrx_word' id='word_1_720' title='bbox 2734 5131 3032 5202; x_wconf 84' lang='lat' dir='ltr'><strong>superstite</strong></span> <span class='ocrx_word' id='word_1_721' title='bbox 3065 5129 3260 5200; x_wconf 89' lang='lat' dir='ltr'><strong>scripti</strong></span> <span class='ocrx_word' id='word_1_722' title='bbox 3306 5128 3624 5194; x_wconf 87' lang='lat' dir='ltr'><strong>videantur,</strong></span> <span class='ocrx_word' id='word_1_723' title='bbox 3674 5126 3780 5180; x_wconf 85' lang='lat' dir='ltr'><strong>imo</strong></span> 
     </span>
    </p>
   </div>
   <div class='ocr_carea' id='block_1_109' title="bbox 2215 5221 3779 5294">
    <p class='ocr_par' dir='ltr' id='par_1_109' title="bbox 2215 5221 3779 5294">
     <span class='ocr_line' id='line_1_109' title="bbox 2215 5221 3779 5294; baseline -0.009 -12"><span class='ocrx_word' id='word_1_724' title='bbox 2215 5229 2466 5284; x_wconf 87' lang='lat' dir='ltr'><strong>nonnulli</strong></span> <span class='ocrx_word' id='word_1_725' title='bbox 2503 5226 2699 5294; x_wconf 83' lang='lat' dir='ltr'><strong>ipsius,</strong></span> <span class='ocrx_word' id='word_1_726' title='bbox 2737 5235 2794 5280; x_wconf 91' lang='lat' dir='ltr'><strong>ut</strong></span> <span class='ocrx_word' id='word_1_727' title='bbox 2831 5240 2938 5278; x_wconf 82' lang='lat' dir='ltr'><strong>non</strong></span> <span class='ocrx_word' id='word_1_728' title='bbox 2976 5239 3111 5277; x_wconf 80' lang='lat' dir='ltr'><strong>vana</strong></span> <span class='ocrx_word' id='word_1_729' title='bbox 3135 5221 3454 5293; x_wconf 85' lang='lat' dir='ltr'><strong>conjectura</strong></span> <span class='ocrx_word' id='word_1_730' title='bbox 3486 5227 3594 5282; x_wconf 87' lang='lat' dir='ltr'><strong>est,</strong></span> <span class='ocrx_word' id='word_1_731' title='bbox 3621 5232 3779 5272; x_wconf 85' lang='lat' dir='ltr'><strong>manu</strong></span> 
     </span>
    </p>
   </div>
   <div class='ocr_carea' id='block_1_110' title="bbox 2216 5311 3775 5386">
    <p class='ocr_par' dir='ltr' id='par_1_110' title="bbox 2216 5311 3775 5386">
     <span class='ocr_line' id='line_1_110' title="bbox 2216 5311 3775 5386; baseline -0.01 -8"><span class='ocrx_word' id='word_1_732' title='bbox 2216 5322 2517 5379; x_wconf 86' lang='lat' dir='ltr'><strong>emendati.</strong></span> <span class='ocrx_word' id='word_1_733' title='bbox 2555 5321 2614 5373; x_wconf 90' lang='lat' dir='ltr'><strong>lu</strong></span> <span class='ocrx_word' id='word_1_734' title='bbox 2653 5319 2721 5374; x_wconf 90' lang='lat' dir='ltr'><strong>iis</strong></span> <span class='ocrx_word' id='word_1_735' title='bbox 2756 5317 3014 5386; x_wconf 84' lang='lat' dir='ltr'><strong>leguntur</strong></span> <span class='ocrx_word' id='word_1_736' title='bbox 3039 5319 3183 5368; x_wconf 90' lang='lat' dir='ltr'><strong>inter</strong></span> <span class='ocrx_word' id='word_1_737' title='bbox 3231 5313 3401 5366; x_wconf 90' lang='lat' dir='ltr'><strong>multa</strong></span> <span class='ocrx_word' id='word_1_738' title='bbox 3433 5313 3538 5364; x_wconf 79' lang='lat' dir='ltr'><strong>alia</strong></span> <span class='ocrx_word' id='word_1_739' title='bbox 3572 5311 3775 5379; x_wconf 72' lang='lat' dir='ltr'><strong>Episto-</strong></span> 
     </span>
    </p>
   </div>
   <div class='ocr_carea' id='block_1_111' title="bbox 2217 5406 3778 5478">
    <p class='ocr_par' dir='ltr' id='par_1_111' title="bbox 2217 5406 3778 5478">
     <span class='ocr_line' id='line_1_111' title="bbox 2217 5406 3778 5478; baseline -0.008 -10"><span class='ocrx_word' id='word_1_740' title='bbox 2217 5416 2280 5469; x_wconf 71' lang='lat' dir='ltr'><strong>la:</strong></span> <span class='ocrx_word' id='word_1_741' title='bbox 2313 5426 2364 5469; x_wconf 85' lang='lat' dir='ltr'><strong>et</strong></span> <span class='ocrx_word' id='word_1_742' title='bbox 2397 5413 2687 5466; x_wconf 82' lang='lat' dir='ltr'><strong>Orationes</strong></span> <span class='ocrx_word' id='word_1_743' title='bbox 2725 5425 2861 5478; x_wconf 85' lang='lat' dir='ltr'><strong>quas</strong></span> <span class='ocrx_word' id='word_1_744' title='bbox 2889 5407 3205 5463; x_wconf 85' lang='lat' dir='ltr'><strong>Gennadius</strong></span> <span class='ocrx_word' id='word_1_745' title='bbox 3251 5422 3374 5460; x_wconf 90' lang='lat' dir='ltr'><strong>cum</strong></span> <span class='ocrx_word' id='word_1_746' title='bbox 3427 5406 3480 5458; x_wconf 89' lang='lat' dir='ltr'><strong>in</strong></span> <span class='ocrx_word' id='word_1_747' title='bbox 3510 5414 3778 5457; x_wconf 84' lang='lat' dir='ltr'><strong>monaste-</strong></span> 
     </span>
    </p>
   </div>
   <div class='ocr_carea' id='block_1_112' title="bbox 2215 5496 3778 5572">
    <p class='ocr_par' dir='ltr' id='par_1_112' title="bbox 2215 5496 3778 5572">
     <span class='ocr_line' id='line_1_112' title="bbox 2215 5496 3778 5572; baseline -0.009 -13"><span class='ocrx_word' id='word_1_748' title='bbox 2215 5506 2354 5559; x_wconf 88' lang='lat' dir='ltr'><strong>rium</strong></span> <span class='ocrx_word' id='word_1_749' title='bbox 2400 5519 2459 5559; x_wconf 88' lang='lat' dir='ltr'><strong>se</strong></span> <span class='ocrx_word' id='word_1_750' title='bbox 2507 5504 2792 5572; x_wconf 82' lang='lat' dir='ltr'><strong>reciperet,</strong></span> <span class='ocrx_word' id='word_1_751' title='bbox 2832 5510 3037 5554; x_wconf 89' lang='lat' dir='ltr'><strong>etcum</strong></span> <span class='ocrx_word' id='word_1_752' title='bbox 3079 5496 3500 5566; x_wconf 86' lang='lat' dir='ltr'><strong>patriarchalem</strong></span> <span class='ocrx_word' id='word_1_753' title='bbox 3543 5496 3778 5564; x_wconf 83' lang='lat' dir='ltr'><strong>dignita-</strong></span> 
     </span>
    </p>
   </div>
   <div class='ocr_carea' id='block_1_113' title="bbox 2219 5587 3778 5666">
    <p class='ocr_par' dir='ltr' id='par_1_113' title="bbox 2219 5587 3778 5666">
     <span class='ocr_line' id='line_1_113' title="bbox 2219 5587 3778 5666; baseline -0.007 -15"><span class='ocrx_word' id='word_1_754' title='bbox 2219 5611 2323 5652; x_wconf 87' lang='lat' dir='ltr'><strong>tem</strong></span> <span class='ocrx_word' id='word_1_755' title='bbox 2367 5597 2670 5661; x_wconf 87' lang='lat' dir='ltr'><strong>abdicaret,</strong></span> <span class='ocrx_word' id='word_1_756' title='bbox 2708 5595 2953 5666; x_wconf 88' lang='lat' dir='ltr'><strong>scripsit,</strong></span> <span class='ocrx_word' id='word_1_757' title='bbox 2999 5609 3123 5665; x_wconf 71' lang='lat' dir='ltr'><strong>qua:</strong></span> <span class='ocrx_word' id='word_1_758' title='bbox 3168 5601 3338 5646; x_wconf 85' lang='lat' dir='ltr'><strong>totam</strong></span> <span class='ocrx_word' id='word_1_759' title='bbox 3390 5589 3456 5644; x_wconf 89' lang='lat' dir='ltr'><strong>de</strong></span> <span class='ocrx_word' id='word_1_760' title='bbox 3487 5587 3778 5645; x_wconf 79' lang='lat' dir='ltr'><strong>Getmadus</strong></span> 
     </span>
    </p>
   </div>
   <div class='ocr_carea' id='block_1_114' title="bbox 603 5785 2422 5862">
    <p class='ocr_par' dir='ltr' id='par_1_114' title="bbox 603 5785 2422 5862">
     <span class='ocr_line' id='line_1_114' title="bbox 603 5785 2422 5862; baseline -0.003 -19"><span class='ocrx_word' id='word_1_761' title='bbox 603 5793 679 5862; x_wconf 70' lang='grc' dir='ltr'><strong>(ι)</strong></span> <span class='ocrx_word' id='word_1_762' title='bbox 711 5790 880 5856; x_wconf 86' lang='lat' dir='ltr'><strong>Epist.</strong></span> <span class='ocrx_word' id='word_1_763' title='bbox 910 5787 973 5842; x_wconf 86' lang='lat' dir='ltr'><strong>ad</strong></span> <span class='ocrx_word' id='word_1_764' title='bbox 1007 5785 1296 5862; x_wconf 59' lang='lat' dir='ltr'><strong>Matinium</strong></span> <span class='ocrx_word' id='word_1_765' title='bbox 1320 5798 1374 5844; x_wconf 90' lang='lat' dir='ltr'><strong>ct</strong></span> <span class='ocrx_word' id='word_1_766' title='bbox 1407 5789 1704 5848; x_wconf 85' lang='lat' dir='ltr'><strong>monachos</strong></span> <span class='ocrx_word' id='word_1_767' title='bbox 1741 5788 1877 5845; x_wconf 87' lang='lat' dir='ltr'><strong>alios</strong></span> <span class='ocrx_word' id='word_1_768' title='bbox 1901 5785 2098 5844; x_wconf 77' lang='lat' dir='ltr'><strong>Montis</strong></span> <span class='ocrx_word' id='word_1_769' title='bbox 2140 5785 2292 5851; x_wconf 85' lang='lat' dir='ltr'><strong>Sina,</strong></span> <span class='ocrx_word' id='word_1_770' title='bbox 2323 5802 2422 5840; x_wconf 71' lang='lat' dir='ltr'><strong>ms.</strong></span> 
     </span>
    </p>
   </div>
   <div class='ocr_carea' id='block_1_115' title="bbox 600 5857 1255 5932">
    <p class='ocr_par' dir='ltr' id='par_1_115' title="bbox 600 5857 1255 5932">
     <span class='ocr_line' id='line_1_115' title="bbox 600 5857 1255 5932; baseline -0.021 -11"><span class='ocrx_word' id='word_1_771' title='bbox 600 5857 678 5932; x_wconf 66' lang='lat'><strong>(2)</strong></span> <span class='ocrx_word' id='word_1_772' title='bbox 713 5865 805 5918; x_wconf 73' lang='lat' dir='ltr'><strong>Ed.</strong></span> <span class='ocrx_word' id='word_1_773' title='bbox 843 5859 1068 5914; x_wconf 65' lang='lat' dir='ltr'><strong>Ltllcli&#39;d:</strong></span> <span class='ocrx_word' id='word_1_774' title='bbox 1103 5857 1255 5912; x_wconf 82' lang='grc'><strong>1687.</strong></span> 
     </span>
    </p>
   </div>
  </div>
