3998 6464
297 364 412 427 ΞἯῙ

1841 368 2042 430 ViTA‘.

3451 361 3562 425 2'18

295 452 516 534 duobus
569 478 1005 546 disputationem
1050 485 1328 533 evertunt.
1381 478 1553 549 Neget
1601 480 1877 550 quispiam
1912 492 1953 546 Α
1982 492 2131 537 esset
2159 482 2354 537 doctor
2382 481 2762 552 Evangelii‘in
2814 476 3067 535 Ecclesia
3095 472 3567 542 Constantinopoo

270 570 540 639 genuina
571 570 685 624 haec
714 584 859 632 esse.
901 569 1126 626 habebit
1157 568 1307 626 idem
1347 570 1404 625 in
1436 569 1620 627 Allatii
1652 573 1874 630 silentio

301 663 645 733 praesidium.

376 754 633 821 Quotidie
663 770 732 811 ex
778 755 1239 812 bibliothecarum
1286 755 1481 815 forulis
1528 760 1699 815 multa
1745 760 1879 818 doc-

306 847 537 903 tissimis
565 847 704 903 viris
757 847 1033 918 incognita
1074 860 1390 904 eruuntur:
1440 866 1629 921 neque
1674 853 1874 909 mirum

302 950 520 996 exstare
553 942 605 996 in
642 940 966 1009 Gallicanis,
993 944 1139 1013 quod
1164 946 1220 1000 in
1250 943 1518 1003 Romanis
1550 964 1659 1004 non
1692 962 1879 1007 exsta-

303 1033 421 1090 hat.
451 1033 676 1105 Regiam
724 1035 998 1093 Vaticana
1032 1040 1271 1094 conferri
1304 1056 1413 1096 non
1450 1041 1556 1097 fert
1588 1040 1877 1100 Smintheus

301 1143 460 1197 sequo
485 1129 671 1185 animo
704 1144 719 1182 :
762 1145 862 1185 cur
893 1132 1154 1188 tandem?
1185 1131 1323 1189 Nam
1374 1136 1507 1205 quid
1562 1151 1659 1191 sua
1710 1138 1880 1193 refert

303 1237 427 1289 quae
459 1222 674 1276 illarum
705 1223 873 1278 ditior
906 1224 1020 1281 sit?
1048 1223 1254 1294 Nempe
1283 1233 1342 1280 ut
1365 1242 1431 1282 ex
1462 1227 1739 1284 Vaticana:
1762 1230 1882 1285 lau-

306 1316 471 1371 dibus
524 1317 685 1385 regiae
741 1317 1071 1374 invidiosam
1132 1321 1513 1390 suspicionem
1570 1330 1878 1392 comparet.

305 1408 464 1475 quasi
490 1409 635 1477 quod
674 1408 725 1463 in
751 1408 920 1465 altera
953 1411 1132 1477 deest,
1169 1412 1222 1466 in
1249 1413 1354 1467 alia
1380 1429 1505 1471 esse
1528 1430 1639 1470 non
1665 1418 1879 1484 possit;

304 1510 399 1556 aut
427 1501 471 1556 si
513 1502 840 1571 reperiatur.
870 1504 1067 1558 debeat
1092 1505 1463 1562 adulterinum
1485 1507 1751 1575 iudicari.

363 1595 519 1646 Hanc
541 1610 663 1647 vero
694 1594 996 1659 homiliam,
1026 1596 1205 1667 inquit
1229 1596 1536 1664 Smitheus,
1567 1617 1675 1656 non
1707 1602 1762 1656 in
1794 1617 1882 1656 co-

302 1682 504 1739 dicibus
548 1684 725 1757 Regia:
775 1686 1125 1749 bibliotltccw.
1178 1691 1271 1745 sed
1318 1696 1461 1761 apud
1493 1693 1562 1747 Β.
1621 1693 1883 1748 Burdelo-

302 1779 434 1832 tium
463 1790 679 1834 exstare
702 1779 842 1833 dixit
882 1780 1181 1855 Simonius.
1215 1785 1407 1855 [rigide
1439 1786 1655 1856 quidem
1694 1797 1745 1842 et
1785 1790 1880 1843 ad-

1980 573 2149 627 litana
2184 590 2197 627 :
2235 572 2326 643 qui
2361 572 2571 644 synodo
2615 587 2684 626 an
2747 570 2886 626 i638
2924 569 3030 625 sub
3067 566 3272 638 Cyrillo
3305 563 3560 619 Berrhcea

1979 667 2099 723 ensi
2134 666 2400 723 adversus
2446 664 2711 737 Cyrillum
2759 662 2996 718 Lucarin
3035 660 3238 715 habita:
3287 656 3559 721 interfuit.

1981 767 2035 814 et
2061 774 2182 814 eam
2212 758 2615 829 subscriptione
2648 754 2893 812 ﬁrmavit
2918 774 2932 811 :
2964 754 3059 825 qui
3089 767 3115 807 a
3146 751 3444 818 Parthenio
3474 763 3564 805 se-

1980 854 2139 907 niore
2194 852 2510 922 patriarcha
2572 848 3189 921 ConstantinOpolitsno
3244 847 3297 901 in
3346 843 3563 899 Meldo-

1981 943 2271 999 Blachiam
2318 945 2545 1010 missus,
2584 943 2826 1000 decretis
2858 943 3125 999 adversus
3159 930 3407 1011 ejusdem
3445 938 3559 991 Lu-

1982 1036 2130 1092 caris
2159 1037 2583 1093 Confessionem
2622 1036 2933 1094 scribendis
2980 1034 3153 1090 adfuit
3192 1051 3206 1088 :
3259 1041 3374 1087 tum
3405 1030 3466 1086 ea
3502 1040 3561 1083 ut

1981 1130 2403 1201 patriarchalem
2480 1130 2952 1186 conﬁrmationem
3005 1129 3367 1198 acciperent.
3413 1126 3561 1180 Con-

1983 1221 2382 1289 stantinopolin
2412 1221 2538 1276 tulit
2569 1237 2585 1276 :
2615 1222 2709 1287 qui
2741 1223 2885 1275 inter
2906 1221 3042 1276 alios
3066 1234 3260 1275 omnes
3280 1217 3566 1286 theologos
3632 1244 3635 1245 ν

1985 1314 2053 1369 ab
2082 1313 2274 1368 eodem
2315 1312 2635 1384 designatus
2672 1322 2778 1379 est,
2826 1320 2887 1368 ut
2921 1312 3286 1368 orthodoxam
3320 1309 3559 1368 Confes-

1986 1405 2221 1471 sionem,
2269 1420 2392 1476 quae
2423 1407 2604 1477 primo
2652 1406 2719 1461 ad
2772 1403 3134 1461 Russicarum
3188 1403 3562 1460 Ecclesiarum

1985 1514 2146 1554 usum
2178 1498 2486 1568 composita
2524 1499 2726 1563 fuerat,
2768 1491 3080 1553 recenseret
3110 1507 3162 1552 et
3194 1497 3561 1581 expenderet:

1985 1606 2110 1661 qua:
2140 1590 2341 1647 deinde
2372 1591 2540 1646 totius
2577 1590 2782 1646 Graecae
2820 1590 3083 1646 Ecclesiae
3124 1605 3398 1646 consensu
3448 1599 3567 1642 tan-

1986 1695 2153 1753 quam
2183 1684 2495 1738 communis
2524 1682 2645 1738 tidei
2682 1682 2969 1738 verissima
3012 1683 3286 1754 expositio
3318 1681 3567 1752 probata,

1986 1783 2041 1829 et
2067 1773 2153 1829 bis
2179 1773 2344 1841 edita,
2374 1783 2641 1829 tractatur
2663 1774 2983 1830 Graecorum
3010 1776 3257 1830 omnium
3288 1756 3564 1830 manilius.

302 1870 517 1925 modum
573 1888 802 1941 parce...
863 1852 1023 1929 titulo
1100 1851 1333 1932 summa»
1398 1851 1605 1934 εαήηιηι
1667 1882 1873 1938 adduc,
1912 1851 2041 1921 BSi
2107 1866 2225 1922 haec
2274 1866 2752 1938 Constantinopoli
2824 1869 3111 1924 Smitheus
3175 1884 3283 1923 non
3347 1867 3564 1934 didit'il,

304 1964 490 2034 Neque
515 1968 657 2020 enim
687 1983 754 2021 an
785 1967 1013 2037 singula:
1057 1969 1248 2024 Irarum
1299 1971 1645 2029 homiliarum
1693 1993 1881 2033 nomen

246 2128 261 2135 κ
304 2058 569 2116 Gennadii
593 2071 848 2133 tanquam
880 2064 985 2120 ueri
1019 2066 1258 2121 auctoris
1289 2068 1648 2136 praetulerint,
1682 2086 1773 2135 per
1804 2073 1881 2136 ip-

300 2169 422 2208 rum
453 2156 593 2210 scire
638 2156 787 2211 nobis
817 2156 960 2214 licet.
1010 2161 1089 2215 An
1137 2176 1244 2215 non
1283 2160 1462 2215 debuit
1507 2162 1599 2216 ille
1650 2164 1881 2219 codicem

299 2245 454 2299 illum
488 2264 598 2302 una
628 2265 751 2304 cum
786 2262 1097 2305 caterarum
1147 2251 1509 2307 Horniliarum
1546 2255 1719 2310 titulis
1766 2273 1879 2311 sus-

299 2342 525 2410 picionis
558 2359 621 2397 ne
650 2346 932 2414 quisquam
966 2347 1227 2415 impostor
1269 2349 1476 2418 vafrilie
1520 2366 1624 2404 non
1657 2352 1880 2406 insolita

298 2448 485 2486 nomen
536 2432 797 2489 Gennadii
845 2435 982 2504 {orte
1006 2439 1286 2493 ementitus
1347 2440 1510 2510 fuerit
1575 2443 1882 2498 amovenda:

301 2542 467 2580 causa
523 2531 830 2585 accuratius
886 2541 938 2586 et
988 2533 1277 2602 specialius
1332 2535 1673 2592 describere?
1725 2535 1879 2591 Nun-

302 2634 466 2685 quam
508 2619 809 2678 Burdelotii
857 2624 1140 2683 Simonius
1178 2629 1453 2692 meminit,
1498 2638 1593 2686 aut
1634 2631 1879 2686 codicem

304 2716 444 2784 apud
477 2731 600 2772 eum
622 2727 841 2775 exstare
882 2722 1043 2775 dixit.
1074 2722 1216 2788 Quid
1250 2724 1320 2779 sit
1351 2723 1544 2794 frigide
1602 2734 1693 2780 aut
1722 2742 1884 2797 parce

305 2807 556 2862 codicem
603 2809 894 2878 designare
950 2827 1057 2865 non
1117 2814 1253 2868 satis
1298 2816 1574 2884 capimus.
1620 2816 1703 2870 An
1737 2818 1883 2884 quod

300 2899 533 2953 nimium
582 2902 737 2957 multi
787 2903 1011 2968 faciunt,
1042 2908 1438 2963 verbosissime
1470 2910 1882 2975 commendare,

298 3001 350 3046 et
370 2995 575 3062 saepius
602 3011 798 3066 parum
834 2997 1072 3054 ﬁdeliter
1095 2999 1276 3066 iQuot
1309 3002 1453 3055 enim
1477 3010 1601 3056 sunt
1630 3002 1720 3071 qui
1753 3002 1885 3055 ἀπό-

296 3100 487 3154 γραφα
519 3101 616 3141 sua
664 3102 807 3157 saepe
844 3090 1261 3145 mendosissima
1296 3107 1431 3147 mss.
1471 3092 1721 3148 codicum
1762 3092 1881 3146 loco

1984 1960 2144 2030 culpa
2178 1961 2353 2032 ipsius
2388 1971 2472 2015 est
2498 1978 2523 2028 ;·
2549 1961 2644 2017 sed
2671 1962 2856 2017 editus
2886 1969 2991 2027 est,
3022 1971 3083 2015 ut
3105 1959 3348 2016 Venetiis
3368 1961 3434 2015 ad
3470 1976 3567 2014 nos

1984 2053 2253 2122 scriptum
2293 2068 2470 2126 nuper
2515 2053 2641 2120 fuit,
2677 2053 2819 2108 liher
2871 2052 2990 2123 ipse
3036 2051 3247 2108 Meletii
3304 2052 3568 2107 adversus

1984 2145 2177 2217 Cyrilli
2214 2145 2659 2214 Confessionem,
2708 2153 2764 2201 et
2814 2145 2964 2200 illius
3014 2155 3275 2214 tanquam
3325 2143 3459 2199 editi
3512 2146 3567 2199 in

1984 2241 2258 2296 Moldavia
2293 2241 2546 2296 meminit
2572 2238 2773 2296 Petrus
2798 2238 3033 2295 Allixius
3067 2240 3151 2294 vir
3185 2238 3565 2295 doctissimus.

1984 2336 2060 2390 Ea
2094 2350 2262 2405 porro
2307 2334 2479 2389 editio
2518 2349 2642 2389 cum
2694 2332 3012 2389 Graecorum
3060 2348 3227 2403 opera
3270 2332 3566 2404 prodierit,

1985 2443 2093 2483 non
2142 2437 2228 2483 est
2266 2429 2378 2500 jam
2413 2427 2563 2482 ullus
2595 2426 2862 2482 adversus
2908 2424 3112 2480 Meletii
3171 2425 3351 2497 Syrigi
3408 2424 3566 2477 fidem

1984 2520 2289 2588 suspicioni
2323 2521 2501 2576 loeus.
2526 2519 2645 2573 Non
2681 2522 2826 2575 enim
2856 2519 3224 2574 tenebrionum
3253 2527 3302 2572 et
3332 2518 3569 2588 partium

1985 2614 2177 2668 studiis
2209 2614 2702 2668 addictissimorum
2749 2613 3045 2677 hominum,
3087 2611 3182 2666 sed
3236 2625 3426 2664 eorum
3475 2611 3567 2677 qui

1987 2708 2041 2762 in
2075 2708 2222 2761 clara
2253 2707 2520 2763 Ecclesia:
2553 2707 2757 2762 Graecae
2798 2706 2940 2768 luce,
2974 2703 3236 2759 doctrina:
3269 2712 3322 2757 et
3352 2704 3570 2771 pietatis

1988 2798 2154 2852 laude
2190 2798 2525 2864 ﬂoruerunt,
2558 2798 2764 2866 scripta
2803 2799 2908 2853 huc
2943 2811 3120 2868 usque
3157 2786 3294 2850 Jasii
3330 2805 3423 2850 aut
3461 2793 3570 2849 B‘u-

1989 2891 2265 2947 choresue
2290 2907 2495 2946 excusa
2530 2901 2678 2950 sunt.

2060 2984 2218 3052 Quod
2250 3000 2414 3055 porro
2441 3000 2545 3040 nos
2578 3001 2644 3040 ex
2678 2985 2835 3040 libris
2869 2983 3188 3049 didicimus,
3221 2984 3265 3037 si
3296 2980 3568 3035 Constan-

1991 3079 2217 3148 tinopoli
2252 3079 2529 3135 Smitheus
2566 3094 2672 3133 non
2707 3078 2936 3142 audivit,
2984 3085 3172 3131 nostra
3206 3091 3314 3130 non
3350 3074 3516 3128 refert
3553 3093 3565 3127 :

297 3178 690 3247 laudaverunt,
727 3182 872 3251 quod
920 3183 1013 3253 qui
1048 3185 1190 3254 apud
1228 3200 1328 3241 nos
1370 3184 1595 3252 faceret,
1644 3202 1752 3242 non
1793 3187 1876 3241 in-
1907 3188 1949 3245 ο
1986 3172 2082 3226 sed
2109 3170 2439 3225 Parthenius
2470 3179 2524 3226 et
2548 3169 2842 3242 Dionysius
2888 3169 3215 3238 patriarchae
3245 3167 3567 3223 Constanti-

297 3282 479 3329 tactus
515 3284 667 3329 esset
702 3290 731 3328 a
763 3274 948 3330 sibilo.

365 3368 560 3435 Codcx_
602 3369 738 3438 ipse.
775 3375 835 3423 ut
880 3368 1277 3437 iudicaverunt
1308 3371 1413 3425 viri
1464 3370 1516 3426 in
1548 3373 1879 3440 antiquitate

297 3461 483 3517 Grmca
517 3459 991 3523 exercitatissimi.
1027 3463 1154 3515 talis
1186 3472 1290 3528 est,
1327 3473 1388 3518 ut
1428 3463 1496 3519 de
1530 3465 1651 3531 eius
1688 3466 1880 3519 auiisw

298 3553 389 3624 τιᾳ
422 3568 585 3607 nemo
621 3562 817 3622 praeter
850 3568 945 3609 eos
984 3554 1077 3623 qui
1114 3553 1268 3609 illum
1306 3572 1413 3611 non
1459 3557 1737 3623 viderunt,
1772 3560 1879 3613 du-

297 3646 573 3699 hitaverit.
653 3645 856 3699 Ilabuit
904 3646 1058 3701 illum
1092 3644 1401 3704 Nointelius
1436 3664 1465 3704 a
1517 3648 1877 3719 Panagiotte;

297 3753 397 3791 nos
422 3754 449 3790 a
474 3737 777 3792 Nointclio.
805 3737 916 3792 Cur
941 3754 1107 3807 porro
1126 3740 1194 3794 de
1219 3742 1536 3811 suspicione
1567 3741 1877 3798 amolienda

297 3830 592 3898 quisquam
653 3829 947 3898 cogitaret,
1001 3846 1123 3900 quae
1176 3834 1298 3887 sine
1346 3849 1558 3889 summa
1603 3835 1877 3891 calumnia

299 3921 530 3989 cogitari
583 3922 752 3977 multa
801 3924 1024 3993 posset?
1075 3923 1269 3978 Exstat
1302 3924 1529 3979 homilia
1577 3942 1701 3981 cum
1756 3928 1878 3983 aliis

298 4011 569 4067 Gennadii
599 4014 888 4083 operibus,
933 4030 1053 4082 qua!
1079 4016 1398 4072 certissime
1428 4016 1577 4072 illius
1614 4034 1736 4074 esse
1770 4035 1876 4073 non

298 4105 464 4159 modo
499 4105 797 4160 multorum
853 4107 1103 4165 codicum
1149 4122 1485 4175 consensus,
1527 4111 1623 4165 sed
1657 4111 1880 4187 (ξι-περο-

298 4212 417 4251 rum
474 4198 793 4253 testimonia
849 4196 1199 4255 conﬁrmant.
1245 4200 1303 4255 in
1363 4217 1424 4256 ea
1480 4218 1639 4270 quam
1694 4204 1882 4258 laudat

298 4290 552 4345 Meletius
584 4290 839 4362 Syrigus,
865 4294 1097 4350 alterius
1119 4309 1281 4363 quam
1315 4294 1530 4350 edimus
1555 4312 1569 4347 :
1597 4296 1652 4347 in
1678 4296 1882 4361 infelici

298 4378 525 4447 palatio,
564 4395 750 4434 coram
802 4381 1141 4449 imperatore
1185 4391 1239 4436 et
1270 4391 1463 4437 senatu
1515 4385 1883 4451 pronuntiata:

300 4469 605 4523 auctoritas
636 4468 942 4524 stabilitur.
995 4468 1208 4523 Laudat
1264 4485 1382 4524 eam
1437 4470 1737 4527 Callinicus
1788 4487 1882 4541 pa-

301 4558 539 4613 triarcha
587 4558 1242 4628 Constantinopolitanus
1288 4576 1354 4617 ex
1387 4564 1793 4622 recentioribus
1822 4566 1879 4621 in

300 4654 559 4725 synodica
591 4668 714 4720 sua,
748 4662 803 4709 et
837 4654 927 4709 alii
962 4669 1163 4725 magno
1195 4671 1451 4711 numero.

373 4744 792 4801 SedMeletium
839 4746 1093 4818 Syrigum
1132 4749 1348 4818 repellit
1402 4748 1878 4805 Miscellaneorutn

298 4846 493 4893 auctor
544 4844 817 4908 tanquam
866 4836 1183 4894 Gra’culum'
1229 4841 1615 4907 tenebrionem,
1648 4842 1880 4909 partium

299 4928 489 4983 studiis
535 4928 982 4993 addictissimum,
1037 4929 1218 4983 Romae
1247 4971 1261 4994 ,
1290 4932 1397 4986 nisi
1444 4932 1656 4999 fallitur
1695 4932 1881 5002 (vehe-

301 5023 513 5069 menter
547 5026 730 5069 autem
768 5017 997 5088 fallitur)
1034 5018 1342 5089 educatum.
1380 5022 1449 5075 At
1480 5037 1641 5076 nemo
1676 5021 1880 5079 fortas-

302 5107 381 5160 sis
433 5109 575 5163 inter
624 5106 845 5164 Graecos
892 5112 1230 5167 recentiores
1276 5114 1471 5182 majori
1532 5114 1799 5169 doctrinm
1827 5123 1881 5170 et

300 5201 612 5271 agnoscam;
635 5201 801 5257 laude
828 5203 1039 5267 ﬂoruit,
1068 5205 1488 5260 commendatus
1519 5208 1733 5260 scilicet
1765 5218 1879 5262 tum

299 5296 371 5349 ah
402 5310 467 5348 eo
491 5295 587 5363 qui
621 5302 753 5352 ante
797 5312 1006 5367 paucos
1040 5311 1219 5353 annos
1270 5298 1754 5370 ConstantinOpoli
1797 5316 1884 5356 se-

302 5386 471 5442 debat
500 5386 801 5453 Callinico,
845 5402 873 5441 a
908 5387 1194 5458 Dionysio.
1225 5389 1520 5445 Parthenio
1548 5410 1561 5445 :
1596 5399 1711 5445 tum
1744 5390 1882 5447 Nec-

301 5483 445 5534 tario
498 5490 552 5535 et
613 5479 877 5536 Dositheo
938 5481 1459 5558 Hierosolymitanis
1516 5484 1877 5552 patriarchis,

300 5568 463 5637 cujus
493 5585 632 5637 opus
660 5569 929 5626 adversus
956 5571 1146 5643 Cyrilli
1188 5573 1424 5638 capitula
1457 5576 1524 5629 ah
1548 5590 1693 5631 anno
1720 5575 1878 5639 ιϐιο,

302 5672 411 5736 quo
440 5658 749 5727 perfectum
777 5658 903 5727 fuit,
936 5662 1044 5717 huc
1082 5679 1257 5733 usque
1283 5665 1586 5729 laudatum,
1614 5682 1680 5721 ne
1715 5666 1878 5721 levis-

303 5746 442 5803 sima
479 5749 698 5820 quidem
739 5764 975 5805 censura
1014 5755 1363 5823 perstrinxit.

387 5842 759 5899 Tcnebrionem
803 5860 965 5902 nemo
1000 5862 1238 5918 unquam
1279 5848 1566 5918 appellavit
1612 5865 1755 5915 eum,
1789 5851 1877 5917 qui

1985 3264 2310 3333 nopolitani,
2336 3262 2622 3318 Nectarius
2653 3274 2703 3317 et
2742 3262 3036 3317 Dositheus
3062 3259 3564 3331 Hicrosolymitaui,

1982 3365 2035 3410 et
2069 3356 2159 3409 alii
2197 3356 2290 3423 qui
2343 3344 2708 3410 orthodoxam
2758 3353 3181 3411 Confessioncm
3239 3354 3565 3409 tcsdmoniis

1984 3448 2104 3503 suis
2128 3457 2487 3513 ornaverunt,
2517 3456 2573 3501 et
2597 3448 2855 3503 omnibus
2887 3447 3004 3503 suis
3033 3457 3291 3516 tauquam
3329 3446 3452 3500 ﬁdei
3478 3462 3565 3499 re-

1983 3541 2164 3609 gulam
2195 3541 2741 3605 commendaterunt,
2780 3548 2947 3595 testes
2999 3545 3097 3593 hoc
3135 3543 3186 3592 in
3237 3549 3561 3608 argumento

1983 3633 2372 3701 locupletiores
2396 3633 2645 3687 Smitheo
2680 3648 2804 3687 esse
2842 3649 3002 3687 nemo
3034 3648 3141 3687 non
3170 3632 3448 3686 fatebitur.

2054 3722 2283 3776 Miratur
2311 3725 2587 3792 quomodo
2621 3724 2770 3779 illius
2818 3724 3081 3778 homilize
3107 3740 3219 3777 non
3251 3724 3562 3777 meminerit

1980 3814 2249 3870 Jeremias
2305 3817 2623 3886 patriarcha
2709 3816 2976 3871 adversus
3026 3813 3564 3887 Wirtemhergcuses

1983 3910 2252 3973 scribens,
2295 3918 2460 3979 atque
2510 3924 2710 3964 novum
2740 3908 2866 3963 inde
2916 3917 3295 3978 argumentum
3330 3906 3407 3959 illi
3458 3920 3560 3957 na-

1981 4004 2172 4067 sﬂtur,
2203 4017 2315 4072 quo
2342 4002 2708 4071 suspicionem
2748 4004 3053 4057 conﬁrmet.
3080 4002 3148 4053 At
3175 4014 3300 4052 cum
3334 4000 3400 4052 de
3433 4012 3563 4067 pro-

1983 4097 2234 4149 cessione
2266 4092 2511 4162 Spiritus
2536 4094 2711 4147 sancti
2767 4100 2876 4145 tam
2923 4091 3042 4145 fuse
3090 4097 3281 4144 contra
3337 4089 3595 4143 eosdem~

1983 4188 2318 4255 disputaret,
2344 4190 2416 4238 de
2458 4183 2670 4253 prolixo
2697 4184 2941 4253 ejusdem
2976 4181 3245 4236 Gennadii
3295 4181 3579 4234 adversus

1989 4279 2214 4333 Latinos
2265 4294 2427 4348 opere
2470 4281 2619 4334 circa
2672 4278 2922 4332 eamdem
2981 4276 3558 4346 theologia-partem,

1985 4372 2213 4426 verbum
2265 4389 2376 4427 non
2429 4372 2580 4441 fecit,
2620 4381 2680 4428 ut
2721 4365 2901 4443 neque
2953 4371 3202 4425 meminit
3260 4371 3557 4423 multorum

1987 4465 2222 4520 aliorum
2257 4483 2321 4522 ex
2350 4468 2559 4522 Graecia
2617 4469 3030 4537 theologorum,
3086 4479 3321 4535 quorum
3360 4466 3559 4531 scripta

1902 4527 1960 4599 θ
1987 4558 2067 4614 vel
2103 4560 2247 4614 edita
2276 4569 2425 4626 sunt,
2461 4562 2546 4614 vel
2601 4559 2655 4614 in
2708 4557 3061 4613 nihlimhecis
3111 4565 3421 4610 servantur.
3462 4555 3589 4617 Qui

1981 4667 2048 4708 ex
2082 4660 2189 4705 tam
2222 4653 2324 4708 levi
2356 4653 2673 4723 conjectura
2714 4666 2878 4721 opera
2916 4649 3239 4704 auctoribus
3275 4648 3567 4715 abiudica-

1983 4754 2086 4811 ret,
2120 4746 2392 4801 ridiculus
2434 4746 2598 4800 foret.
2645 4742 2855 4809 Nempe
2908 4741 3169 4795 movisset
3216 4739 3575 4792 Luthcranm

1983 4836 2251 4892 Gennadii
2275 4837 2595 4899 auctoritas,
2619 4835 2825 4906 quibus
2847 4833 3155 4902 εκριποιπιίιιπ
3168 4831 3383 4885 ultimis
3418 4833 3559 4882 lme-

1982 4929 2062 4984 ris
2110 4928 2403 4995 Jeremias,
2460 4929 2604 4998 quod
2662 4935 2982 4984 sanctorum
3031 4924 3254 4979 Patrum
3314 4932 3591 4979 veterumv

1983 5023 2341 5076 auctoritates
2369 5021 2597 5089 insuper
2622 5019 2908 5074 haberent.

2054 5112 2202 5167 Nihil
2250 5127 2470 5182 quoque
2515 5126 2640 5167 esse
2685 5111 2739 5164 in
2794 5112 2959 5169 tomis
3012 5108 3278 5165 adversus
3329 5109 3561 5162 Latinos

1984 5204 2211 5258 duobus
2242 5202 2384 5273 quod
2442 5202 2680 5257 homilia:
2728 5200 2960 5257 similem
3010 5202 3319 5255 doctrinam
3360 5214 3567 5267 reprim

1984 5302 2183 5359 sentet,
2216 5310 2306 5350 res
2355 5294 2690 5365 suspicionis
2718 5294 2875 5365 plena
2906 5292 3155 5349 Smitheo
3190 5293 3425 5345 videtur.
3460 5290 3560 5341 Mi—

1983 5398 2102 5437 rum
2134 5384 2318 5454 p0tius
2347 5393 2401 5439 et
2438 5392 2686 5440 monstro
2736 5383 2917 5438 simile
2958 5383 3173 5445 fuisset,
3213 5377 3575 5434 Gennadiuui‘

1985 5476 2053 5531 de
2081 5476 2323 5546 Spiritus
2348 5476 2518 5532 sancti
2561 5475 2914 5546 processione
2957 5474 3343 5536 disserentem,
3384 5471 3559 5540 deque

1983 5569 2107 5624 aliis
2158 5568 2303 5624 inter
2357 5584 2489 5624 suos
2532 5567 2870 5637 Latinosque
2932 5564 3345 5628 controversiis,
3379 5565 3561 5619 alieno

1985 5663 2146 5729 plane
2191 5662 2244 5715 in
2298 5661 2418 5716 loco
2466 5662 2534 5716 de
2586 5660 2947 5715 Eucharistiae
2988 5658 3090 5711 [ide
3119 5656 3457 5726 disputasse,
3489 5657 3573 5712 de

1982 5768 2091 5821 qua
2121 5752 2266 5807 inter
2315 5761 2583 5823 utrosque
2617 5750 2919 5822 perfectam
2970 5751 3385 5806 consensionem
3433 5765 3577 5805 eam.L

1985 5863 2092 5903 non
2146 5846 2838 5918 ignorabat..Disputatum
2868 5851 2989 5900 erat
3044 5842 3245 5899 acriter
3276 5841 3577 5902 Ferrarius»
