3998 6464
420 289 530 356 279
1475 289 1856 349 GENNADH
1900 288 2011 346 (ΣΡ.

2119 288 2326 349 [ΤΗΙΛ
2340 287 2562 346 ΠΩΗᾹΞ

3573 289 3690 352 28C

419 416 476 462 et
510 401 803 460 Florentiae
852 400 994 455 inter
1020 397 1250 456 Latinos
1299 410 1352 454 et
1400 399 1640 464 Graecos,
1694 392 2070 466 pra’sertimA
2101 397 2338 467 Liturgia
2387 400 2718 463 celebratur,
2773 398 3115 454 circumlatio
3164 401 3316 469 panis
3364 407 3418 453 et
3462 370 3686 462 calicis.

423 495 493 552 de
521 495 764 564 Azymis,
797 491 1026 546 materia
1063 490 1277 545 scilicet
1310 490 1364 546 in
1409 507 1513 560 qua
1549 490 1860 545 celebratur
1888 489 1996 542 Eu-

420 589 694 644 charistiaa
718 590 1126 639 sacramentum
1147 601 1161 648 ;
1182 583 1342 638 cedat
1376 581 1656 638 Smitbeus
1686 583 1768 636 vel
1802 590 1994 638 aucto-

422 698 534 736 rem
585 680 834 734 Graecum
888 693 1053 732 unum
1077 678 1279 748 (neque
1306 677 1638 748 Sylvestrum
1666 677 1994 748 Syropulum

419 773 745 845 excipimus)
765 771 858 843 qui
889 772 1114 828 Latinos
1158 786 1190 838 ει
1232 769 1438 826 Graecis
1481 771 1549 826 de
1593 771 1780 840 aliquo
1808 783 2000 824 errore

419 869 568 925 circa
597 866 965 922 Eucharistiae
995 866 1152 920 fidem
1199 863 1546 920 insimulatus
1578 872 1993 918 commemoret.

419 961 628 1016 Contra
655 974 780 1015 eum
823 958 1073 1019 Bohemi,
1107 956 1353 1012 eamdem
1399 971 1569 1025 prope
1612 970 1777 1024 quam
1810 953 2002 1010 Befor-

420 1052 579 1114 mati,
610 1051 676 1106 de
719 1050 914 1105 eodem
959 1059 1307 1103 sacramento
1350 1047 1661 1117 opinionem
1716 1047 1998 1108 baberent,

418 1145 605 1201 videat
642 1145 696 1200 in
725 1143 902 1215 ipsius
927 1141 1182 1214 Syropuli
1217 1141 1535 1194 narratione
1563 1154 1724 1209 quam
1760 1140 2002 1206 graviter

421 1238 598 1294 Graeci
631 1235 1041 1305 tulerint,quod
1079 1237 1132 1289 in
1162 1235 1333 1303 prima
1365 1231 1568 1287 decreti
1607 1231 1674 1283 ad
1702 1230 2000 1285 concilium

421 1329 812 1386 celebrandum
849 1328 1085 1383 formula
1115 1324 1371 1380 Bobemis
1427 1323 1726 1392 comparati
1764 1321 1998 1392 quadam

418 1423 630 1475 ratione
688 1422 946 1486 fuissent,
983 1433 1122 1489 quos
1181 1417 1359 1480 multis
1391 1427 1440 1470 et
1492 1416 1730 1485 pessimis
1786 1414 2004 1468 lucrosi-

420 1515 514 1568 bus
548 1513 795 1568 laborare
851 1512 1244 1582 agnoscebant.
1277 1509 1432 1576 Quod
1468 1509 1632 1577 igitur
1677 1522 1784 1560 non
1835 1504 2004 1560 modo

422 1603 473 1656 in
507 1604 726 1658 duobus
764 1603 874 1658 illis
921 1601 1292 1658 voluminibus
1341 1609 1532 1655 contra
1579 1598 1828 1662 Latinos,
1859 1612 2003 1667 quos

421 1694 705 1751 Smitheus
739 1712 1016 1766 nunquam
1048 1696 1206 1758 vidit,
1229 1706 1344 1750 tum
1371 1695 1426 1749 in
1458 1694 1642 1749 multis
1663 1693 1786 1748 aliis
1807 1694 2004 1749 adver-

421 1805 518 1843 sus
558 1804 655 1844 eos
681 1791 922 1858 scriptis,
954 1804 1188 1859 quorum
1217 1789 1452 1842 indicem
1481 1788 1754 1852 dabimus,
1783 1786 1916 1841 nihil
1937 1787 2004 1841 de

424 1877 783 1934 Eucharistiae
806 1881 1196 1934 controversiis
1250 1879 1576 1950 reperiatur,
1630 1877 2001 1933 certissimum

424 1973 649 2043 integrae
672 1974 820 2028 circa
852 1973 1002 2028 illum
1041 1974 1340 2028 articulum
1369 1973 1677 2028 concordia:
1713 1986 2001 2043 argumen-

425 2075 539 2122 tum
585 2075 728 2120 erat.

502 2157 727 2222 Verum,
766 2168 978 2213 tantum
1023 2160 1182 2214 abest
1222 2169 1281 2214 ut
1339 2160 1442 2212 vim
1509 2161 1662 2216 illius
1724 2160 2006 2231 agnoverit

427 2237 914 2305 Miscellancorum
945 2261 1164 2314 auctor,
1197 2252 1331 2306 nihil
1375 2262 1433 2306 ut
1477 2253 1652 2319 potius
1677 2254 1872 2321 duplici
1906 2269 2004 2308 sua

429 2343 823 2399 Dissertatione
873 2345 1159 2410 designare
1224 2345 1498 2410 videatur,
1563 2362 1728 2415 quam
1783 2362 2004 2402 causam

429 2436 765 2507 suspicioois
789 2437 1056 2492 adversus
1098 2437 1441 2493 Gennadium
1469 2447 1524 2494 et
1548 2438 1670 2508 ejus
1699 2440 2003 2504 homiliam.

430 2528 486 2581 in
535 2543 594 2582 ea
634 2543 741 2582 non
797 2530 1196 2584 sententiarum
1245 2530 1430 2591 modo,
1473 2529 1569 2586 sed
1607 2531 1770 2586 etiam
1812 2545 2002 2588 vocum

431 2619 813 2676 conformitate
845 2622 1072 2678 subesse
1108 2623 1508 2692 gravissimam.
1549 2623 1751 2694 Nempe
1781 2627 1826 2680 si
1847 2625 2007 2681 Clan-

432 2714 520 2768 dio
547 2713 950 2768 Carentoniano
977 2716 1306 2772 uertendum
1339 2725 1460 2783 est;
1491 2733 1665 2787 neque
1722 2719 1868 2774 enim
1921 2721 2006 2774 ul»

433 2808 542 2862 lum
575 2806 849 2864 Smitheus
883 2826 946 2864 ex
973 2809 1202 2876 Graecia,
1251 2810 1332 2864 vel
1365 2827 1432 2866 ex
1468 2811 1834 2867 Orientalibus
1883 2827 2008 2882 pro-

434 2900 652 2966 vinciis,
689 2900 856 2954 alium
889 2901 1050 2970 hujus
1087 2902 1343 2970 paradoxi
1365 2913 1642 2958 auctorem
1673 2903 1856 2970 habet,
1880 2921 2002 2960 cum

434 2997 598 3051 realis
630 2995 952 3064 prmsentiae,
987 2997 1156 3051 multo
1179 2998 1348 3068 magis
1374 2998 2004 3054 transsubstantiationis

2100 501 2392 562 antequam
2429 502 2845 556 consecrentur,
2881 500 2936 546 et
2965 507 3155 547 eorum
3179 493 3464 548 veneratio
3493 507 3558 547 ex
3595 493 3652 546 fu

2102 595 2224 640 tura
2304 601 2433 640 mox
2497 586 2973 642 consecratione:
3019 586 3423 642 communionis
3491 587 3658 642 distri

2100 678 2327 733 linenda:
2343 677 2520 734 forma
2543 695 2560 741 ξ
2579 680 2966 749 particularum
2983 682 3330 736 censervatlo
3344 681 3412 736 ad
3429 679 3687 736 infirmo-

2110 787 2232 826 rum
2268 771 2555 838 viaticum,
2598 770 2770 827 Missa
2827 773 3424 842 prtesanctillcatorum,
3469 782 3522 828 et
3561 782 3684 828 tam

2105 864 2280 920 multa
2310 864 2416 919 alia
2445 873 2596 919 certa
2647 864 2890 934 ejusdem
2955 863 3077 920 fidei
3151 871 3467 936 argumenta
3523 875 3686 931 sunt,

2104 957 2254 1014 unde
2285 940 2551 1027 quidquid
2583 956 2762 1014 simile
2791 959 3123 1014 occurrebat.
3155 959 3210 1014 in
3245 957 3435 1014 Latina
3487 961 3684 1025 missa,

2103 1052 2287 1108 statim
2321 1050 2693 1107 Protestantca
2723 1051 3085 1108 sustulerunt.

2173 1142 2340 1208 Quasi
2381 1150 2562 1196 tamen
2605 1143 2674 1198 de
2711 1158 2772 1198 re
2800 1145 2985 1199 minus
3013 1155 3176 1214 quam
3201 1143 3271 1199 de
3305 1159 3438 1199 voce
3491 1160 3688 1216 agere-

2105 1245 2213 1297 tur,
2250 1233 2357 1290 nisi
2399 1236 3070 1292 tranasubatantiationem
3133 1247 3396 1306 expresse
3425 1241 3688 1292 nomina-

2107 1328 2282 1382 verint
2312 1326 2511 1391 Graeci,
2541 1337 2688 1384 vetat
2718 1328 2999 1387 Smltheus
3024 1332 3341 1386 existimare
3378 1329 3687 1400 quidquam

2104 1435 2203 1477 eos
2243 1421 2310 1477 de
2343 1422 2482 1476 reali
2523 1422 2990 1492 substantialiqne
3025 1424 3487 1479 transmutatione
3529 1424 3691 1488 cogi-

2106 1522 2276 1570 tasse.
2310 1513 2448 1579 Quia
2499 1514 2670 1580 igitur
2703 1513 2966 1569 Claudius
3000 1515 3072 1569 ita
3111 1523 3399 1579 statuerat,
3447 1514 3687 1569 Gabrie-

2107 1607 2213 1661 lem
2243 1605 2784 1675 Pbiladelpbiensem
2811 1607 3049 1676 primum
3084 1607 3254 1663 fuisse
3287 1619 3315 1660 a
3348 1621 3458 1676 quo
3495 1624 3689 1676 μετουο

2117 1701 2359 1761 σιὼσεως
2387 1708 2649 1768 usurpata
2673 1715 2773 1754 vox
2800 1699 3014 1765 fuisset,
3039 1697 3320 1778 Smitheus
3342 1701 3570 1768 primum
3591 1711 3690 1755 aut

2113 1793 2252 1845 inter
2287 1793 2520 1857 primoa;
2555 1792 2824 1848 Gennadii
2881 1805 3014 1847 vero
3072 1791 3446 1848 teStimonium
3498 1807 3690 1848 omnes

2109 1884 2258 1940 illius
2299 1884 2544 1940 rationes
2571 1885 2869 1949 evertebat,
2899 1886 3312 1956 supposititium
3346 1887 3504 1941 illum
3545 1889 3690 1941 seri-

2107 1987 2470 2048 ptoremcsse
2525 1977 2716 2046 jussit.
2748 1976 2935 2047 Neque
2985 1977 3132 2033 enim
3187 1978 3294 2032 alia
3344 1978 3538 2048 judicii
3571 1987 3689 2031 tam

2109 2069 2410 2138 praecipitis
2461 2069 2602 2125 ratio
2639 2069 2932 2140 quaerenda
2953 2081 3055 2134 cst,
3085 2084 3209 2125 cum
3242 2085 3308 2126 ex
3337 2071 3541 2141 duplici
3569 2072 3690 2141 ejus

2107 2163 2372 2232 opusculo
2417 2178 2544 2218 eum
2589 2163 2657 2220 de
2693 2163 2980 2220 Gennadio
3014 2163 3148 2218 nihil
3189 2165 3413 2220 omnino
3459 2166 3690 2221 scivisse

2107 2264 2300 2322 printer
2366 2271 2536 2324 pauca
2587 2271 2689 2312 nec
2736 2272 2864 2310 vera
2907 2270 3028 2324 qua:
3056 2272 3122 2312 ex
3151 2255 3348 2311 Allatio
3395 2256 3687 2321 didicerat,

2107 2346 2454 2402 manifestum
2479 2348 2596 2402 sit:
2639 2347 2843 2418 quibus
2895 2349 2952 2403 si.
2991 2350 3118 2418 quis
3165 2349 3496 2417 acquiescat.
3539 2350 3689 2404 illius

2105 2454 2212 2494 non
2253 2452 2337 2495 est
2376 2439 2444 2495 de
2475 2439 2758 2495 Gennadio
2793 2449 2887 2496 aut
2917 2442 3061 2496 illius
3105 2442 3362 2510 operibus
3389 2442 3532 2496 ferre
3563 2457 3692 2496 svn-

2106 2530 2357 2587 tcntiam.
2381 2531 2523 2585 Nihil
2544 2546 2677 2602 ergo
2697 2530 3166 2587 Hiscellaneornm
3189 2541 3467 2586 auctorem
3493 2534 3692 2598 movit,

2107 2632 2168 2678 ut
2203 2623 2480 2678 homiliam
2513 2622 2700 2678 falsam
2747 2612 3017 2689 iudicaret
3050 2641 3064 2680 :
3109 2623 3580 2694 Gennadiumque,
3642 2624 3690 2678 si

2108 2716 2467 2772 auctorillius
2496 2715 2654 2781 foret,
2697 2715 3000 2772 Latinismo
3021 2717 3315 2783 imbutum,
3355 2727 3514 2785 quam
3541 2731 3691 2772 men-

2107 2808 2398 2863 dacissitna
2435 2807 2524 2862 illa
2560 2807 2856 2864 Claudiana
2893 2807 3230 2878 bypotbesis,
3262 2821 3382 2878 qua
3407 2808 3683 2863 neminem

2107 2904 2356 2959 Graicum
2395 2905 2702 2974 legitimum
2734 2905 3002 2980 agnoscit,
3036 2904 3144 2959 nisi
3197 2904 3292 2973 qui
3344 2905 3688 2975 praseutiatn

2114 2996 2320 3053 realem
2351 3005 2406 3052 et
2447 2995 3123 3052 transsubstantiationem
3158 2995 3388 3064 rejiciat.

433 3087 627 3156 dogma
670 3099 724 3143 et
774 3104 972 3144 nomen
1021 3089 1278 3144 erunibus
1331 3089 1388 3144 in
1419 3089 1642 3146 Oriente
1675 3089 2008 3145 Christianis
2031 3075 2076 3139 C
2179 3089 2353 3156 Quam
2388 3104 2554 3159 porro
2580 3088 2718 3144 falsa
2750 3090 2844 3143 illa
2875 3086 3041 3150 foret.
3067 3103 3129 3143 ex
3155 3087 3694 3158 Gabrielej’biladel-

435 3189 675 3244 ignotum
710 3179 815 3234 huc
855 3195 1026 3248 usque
1080 3178 1268 3245 fuerit,
1326 3181 1422 3250 qui
1475 3189 1769 3252 utrumque
1806 3181 2009 3236 admit-

436 3282 578 3336 tunt,
612 3271 1024 3341 pseudo-Graeci
1058 3280 1186 3327 sunt
1221 3279 1274 3326 et
1303 3271 1719 3343 Λατινόφρονες.
1753 3273 1865 3329 [Ioc
1897 3274 1944 3332 si
1976 3289 2006 3330 a

438 3365 664 3416 Claudio
693 3364 1125 3419 demonstratmn
1169 3364 1448 3422 Smitbeus
1486 3367 1782 3435 existimat,
1820 3377 2006 3423 utnon

441 3473 551 3511 uno
590 3457 710 3510 loco
739 3456 874 3511 satis
905 3456 1252 3524 s’gnificavit,
1285 3473 1383 3512 nos
1414 3457 1609 3527 potiori
1641 3459 1786 3528 jure,
1818 3474 1887 3514 ne
1915 3474 2008 3514 ve—

442 3549 728 3604 risimilem
763 3549 982 3618 quidem
1034 3549 1402 3618 conjecturam
1437 3565 1558 3604 cum
1597 3551 1848 3607 attulisse
1881 3567 2010 3620 pro-

443 3646 632 3698 butum
662 3643 862 3697 invicte
889 3658 918 3696 a
951 3641 1158 3698 nostris
1189 3641 1452 3711 theologis
1473 3642 1872 3698 existimamus.
1903 3643 2011 3700 Res

447 3738 498 3789 in
543 3732 724 3791 medio
755 3734 1110 3805 relinquatur,
1141 3745 1192 3788 ut
1220 3734 1272 3788 in
1319 3735 1588 3802 ejusmodi
1616 3736 2015 3805 quiestionibus

445 3829 562 3883 ﬁeri
627 3827 838 3885 debet:
870 3845 936 3885 ne
981 3829 1244 3899 syllabam
1297 3828 1515 3897 quidem
1572 3829 1772 3884 habent
1825 3831 2018 3885 Prote-

446 3931 678 3984 stantes.
739 3940 842 3994 qua
890 3924 1106 3994 probari
1152 3922 1451 3978 Claudiana
1505 3937 1738 3978 censura
1793 3927 2012 3993 possit:

447 4027 557 4072 tota
596 4019 739 4073 enim
774 4027 1218 4088 argumentorum
1249 4017 1330 4072 vis
1359 4018 1412 4071 in
1446 4017 1548 4072 hoc
1580 4032 1686 4071 uno
1711 4017 1832 4082 erit,
1867 4017 2014 4086 quod

447 4111 616 4166 Graeci
654 4120 706 4166 et
739 4112 1042 4166 doctrinam
1079 4119 1132 4166 et
1166 4126 1350 4166 vocem
1383 4121 1508 4164 ante
1538 4110 1808 4166 Gabrielis
1838 4109 2021 4165 Phila-

447 4204 788 4274 διοιριιὶθιιδὶε
831 4205 1190 4274 metropolitze
1249 4214 1492 4272 tempora
1551 4219 1656 4257 non
1718 4217 2018 4272 usurpave-

453 4308 600 4351 runt.
636 4297 829 4352 Sciunt
880 4312 1044 4363 porro
1091 4305 1306 4351 omncs'
1339 4305 1602 4365 quantum
1652 4297 1703 4349 in
1749 4297 2019 4350 similibus

450 4391 862 4445 controversiis.
893 4389 1038 4443 fallat
1089 4405 1228 4457 sirpe
1277 4401 1653 4458 argumentum
1703 4387 1828 4441 illud
1875 4386 2020 4456 quod
2057 4429 2100 4482 Β

449 4493 649 4540 voeant
693 4483 1027 4551 negativum.
1073 4481 1230 4547 Quod
1270 4482 1316 4538 si
1361 4479 1595 4550 alicujus
1631 4481 1886 4535 momenti
1914 4489 2022 4544 est,

452 4589 511 4632 ut
543 4594 674 4632 sane
703 4592 848 4646 siepe
885 4591 1009 4630 cum
1047 4574 1256 4645 judicio
1297 4583 1472 4643 potest
1502 4572 1768 4636 adhiberi,
1802 4587 1868 4624 eo
1893 4587 2024 4639 quo-

450 4688 558 4739 que
601 4682 820 4726 utemur
855 4669 1130 4732 catholici,
1158 4667 1253 4722 sed
1293 4667 1515 4722 certiori
1566 4673 1622 4719 et
1676 4665 2020 4720 evidentiori.

453 4765 583 4819 Nam
615 4780 736 4818 cum
782 4771 999 4819 exstent
1029 4762 1341 4816 Graecorum
1384 4761 1644 4814 adversus
1697 4757 1918 4810 Latinos
1961 4757 2024 4808 li-

452 4859 535 4911 bri
573 4867 680 4910 tam
713 4859 842 4910 editi
886 4871 1045 4922 quam
1105 4870 1232 4908 mss.
1295 4869 1489 4920 magno
1536 4864 1782 4914 numero,
1813 4855 2026 4902 exstent

452 4958 570 5000 acta
610 4955 663 5002 ct
705 4956 1054 5000 monumenta
1094 4958 1274 4997 rerum
1312 4944 1376 4994 ad
1419 4941 1768 4996 ceuceu-diam
1821 4953 2020 5007 procu-

454 5041 682 5096 randam
727 5040 866 5092 inter
923 5046 1184 5104 utrosque
1245 5046 1544 5106 gestarum,
1605 5032 1740 5088 nihil
1783 5033 2025 5088 occurrit

454 5135 594 5188 unde
627 5131 708 5184 vel
745 5129 969 5184 Latinos
994 5143 1022 5180 a
1051 5127 1254 5181 Graecis
1301 5133 1588 5179 uerusatos
1614 5138 1734 5178 esse
1784 5128 2023 5183 constet,

454 5228 597 5292 quod
646 5221 1314 5279 transsubstantiationem
1346 5220 1635 5281 docerent;
1667 5225 1760 5268 aut
1795 5231 1824 5266 a
1882 5212 2027 5266 Lati-

455 5321 536 5372 nis
567 5319 808 5379 (ἔπυδρος,
835 5323 975 5385 qqu
1005 5315 1156 5368 illam
1190 5313 1498 5382 rejicerent.

521 5411 744 5464 Accedit
780 5409 884 5463 alia
935 5423 1144 5478 magna:
1170 5404 1513 5460 auctoritatis
1543 5401 1794 5472 probatio
1826 5415 1889 5456 ex
1911 5400 2028 5452 dis-

459 5502 1012 5570 ciplina(Ii-meorum,
1053 5515 1170 5567 qua:
1194 5514 1302 5552 non
1331 5499 1443 5551 beri
1484 5493 2027 5550 autnudios-tcrtius

460 5606 697 5657 inventa,
726 5595 820 5648 sed
857 5609 886 5647 a
926 5592 1112 5646 multis
1133 5590 1346 5646 sarculis
1375 5590 1479 5644 huc
1509 5605 1683 5657 usque
1712 5587 2023 5646 observata,

461 5685 723 5754 ejusmodi
758 5694 861 5748 est,
895 5696 954 5740 ut
987 5685 1192 5758 absque
1229 5681 1389 5736 realis
1415 5677 1888 5735 transmutationis
1921 5676 2024 5729 lide

463 5777 757 5834 consistere
818 5785 1066 5842 nequeat.
1113 5775 1246 5832 Nam
1308 5777 1443 5831 ritus
1486 5783 1537 5828 et
1581 5785 1767 5834 prcccs
1813 5767 2014 5831 quibus

2118 3183 2336 3253 phiensi
2367 3181 2504 3235 satis
2537 3180 2718 3236 fuerat
2749 3180 3211 3236 demonstratum.
3235 3178 3410 3236 Larva
3469 3182 3558 3235 ille
3582 3183 3692 3250 pri-

2117 3289 2265 3329 mum
2295 3272 2526 3329 Claudio
2556 3272 2680 3338 fuit,
2715 3273 2965 3342 liberque
3017 3272 3246 3328 ilctitius
3283 3289 3299 3330 :
3357 3274 3430 3327 ita
3473 3275 3690 3346 quippe

2121 3365 2632 3423 videbaturlromiui
2698 3365 2927 3419 minime
2971 3364 3182 3428 Graeco,
3227 3374 3287 3418 ut
3331 3363 3692 3418 admiratores

2116 3460 2236 3531 ejus
2265 3474 2462 3529 negare
2491 3475 2600 3514 non
2625 3466 2874 3528 possunt.
2907 3455 3206 3526 Supererat
3235 3454 3510 3512 secundus
3538 3464 3694 3510 actus

2119 3554 2338 3616 fabulze,
2380 3563 2440 3608 ut
2478 3552 2690 3621 primus
2720 3550 2814 3618 qui
2848 3563 3040 3605 vocem
3071 3547 3694 3604 tranrsubatantiationia

2123 3651 2467 3714 usurpasset,
2503 3641 2726 3698 Gabriel
2751 3639 2895 3695 foret
2935 3657 2950 3694 :
2985 3653 3111 3693 mox
3161 3651 3271 3692 non
3337 3638 3538 3705 primus
3601 3647 3694 3689 aut

2121 3741 2259 3794 inter
2285 3738 2504 3807 primoa.
2537 3734 2725 3790 Fidem
2757 3735 3007 3788 omnium
3031 3732 3374 3802 appellamus
3405 3732 3500 3800 qui
3551 3730 3697 3785 Grae-

2127 3848 2221 3887 cos
2251 3839 2507 3885 auctores
2540 3829 2812 3898 legerunt,
2847 3842 2916 3882 an
2949 3827 3118 3881 ullum
3151 3827 3478 3897 repererint.
3509 3825 3602 3894 qui
3632 3839 3697 3878 eo

2127 3922 2346 3977 nomine
2377 3917 2680 3974 Gabrielem
2708 3915 3012 3970 laudaverit
3041 3912 3516 3974 autaccusaverit,
3552 3911 3697 3979 quod

2129 4016 2331 4085 primus
2357 4021 2448 4066 aut
2479 4012 2622 4064 inter
2654 4008 2855 4076 primoa
2882 4022 3070 4063 vocent
3096 4016 3322 4062 eatenus
3384 4004 3696 4058 inusitatam

2131 4104 2388 4176 mysterio
2407 4101 2766 4158 Eucharistiie
2788 4100 3118 4169 explicando
3139 4097 3473 4152 adhibuerit.
3499 4097 3566 4148 Δι
3587 4101 3700 4147 erat

2131 4214 2262 4253 sane
2285 4198 2437 4252 locus
2457 4192 2715 4248 laudandi
2745 4192 2891 4246 illius
2941 4189 3162 4247 Meletio
3210 4187 3424 4259 Syrigu,
3480 4199 3604 4240 cum
3635 4184 3700 4237 de

2134 4287 2548 4357 μετουσιώσεως
2588 4300 2724 4340 voce
2778 4284 3112 4351 disputaret.
3159 4280 3535 4347 iatereturque
3583 4291 3696 4331 eam

2131 4383 2320 4452 primis
2345 4380 2607 4434 Ecclesia:
2633 4379 2956 4432 doctoribus
2994 4385 3316 4440 usurpatam
3357 4387 3468 4425 non
3516 4370 3700 4430 fuisse,

2132 4474 2226 4531 sed
2257 4490 2286 4528 a
2315 4471 2718 4543 posterioribus
2751 4475 2902 4524 recte
2967 4467 3037 4522 ad
3092 4465 3256 4521 (idem
3316 4463 3698 4533 explicandam

2133 4573 2322 4638 postea
2373 4563 2694 4617 adhibitam.

2204 4659 2340 4711 Cum
2367 4655 2534 4724 igitur
2558 4649 2828 4708 Gennadii
2860 4646 3176 4704 testimenio
3192 4653 3533 4700 everteretur
3555 4659 3699 4714 pror-

2132 4766 2226 4806 sus
2255 4747 2486 4804 Smithei
2518 4743 2831 4814 conjectura
2860 4759 2874 4805 ;
2907 4756 3031 4796 nam
3065 4755 3130 4794 ex
3161 4754 3227 4794 eo
3275 4737 3564 4793 constabat
3601 4753 3700 4791 non

2133 4851 2504 4898 ante‘centum
2536 4853 2733 4900 annos,
2761 4835 2857 4891 sed
2915 4845 3136 4888 centum
3195 4838 3251 4886 et
3289 4829 3574 4898 sexaginta
3616 4836 3700 4880 aut

2136 4934 2373 5002 amplius
2415 4946 2603 4986 vocem
2640 4944 2758 4982 eam
2801 4933 3146 4994 usurpatam.
3175 4937 3286 4976 non
3315 4936 3380 4976 ex
3415 4919 3701 4974 falsissima

2137 5026 2448 5099 hypotbesi,
2481 5023 2670 5078 saltem
2702 5019 2857 5073 valde
2926 5017 3116 5080 dubia,
3179 5023 3234 5068 et
3296 5010 3700 5082 probationibus

2135 5120 2416 5179 destituta,
2465 5110 2823 5171 convellenda
2868 5117 2984 5163 erat
3041 5106 3312 5162 Geunadii
3365 5102 3702 5166 auctoritas;

2134 5209 2227 5266 sed
2251 5224 2318 5262 ex
2337 5206 2652 5262 Graecorum
2691 5201 2914 5256 testium
2952 5197 3078 5259 ﬁde,
3109 5210 3252 5262 quos
3279 5209 3436 5247 uerno
3456 5192 3630 5246 audiri
3653 5190 3700 5242 in

2135 5305 2299 5358 rebus
2323 5299 2441 5355 suis
2479 5297 2677 5351 debere
2711 5290 2992 5360 negaverit
3024 5297 3156 5348 :aut
3182 5287 3374 5344 saltem
3403 5286 3534 5338 illud
3561 5283 3700 5337 evin-

2133 5393 2364 5448 cendum
2389 5399 2443 5445 et
2459 5390 2650 5456 dogma
2676 5392 2729 5438 et
2757 5398 2946 5437 vocem
2969 5383 3038 5435 ab
3061 5379 3198 5448 ipsis
3217 5377 3420 5446 pariter
3439 5373 3698 5445 ignorari.

2136 5487 2189 5540 Si
2223 5482 2484 5554 Cyrillum
2509 5479 2742 5533 [.m'arin
2771 5475 3095 5543 excipimus,
3114 5471 3298 5525 nullus
3312 5469 3536 5523 Graecus
3557 5469 3692 5519 tbeo~

2137 5579 2291 5646 lngus
2325 5583 2378 5626 et
2404 5585 2590 5625 vocem
2624 5580 2676 5622 et
2727 5567 2923 5637 dogma
2991 5577 3100 5616 nOn
3152 5560 3424 5631 probavit.
3487 5555 3697 5613 Gabriel

2134 5668 2493 5734 lllcletiusquc
2514 5664 2739 5733 Syrigus
2759 5659 3048 5712 laudantur
3069 5654 3137 5710 ab
3154 5654 3428 5716 omnibus,
3449 5662 3696 5724 tanquam

2137 5780 2243 5819 veri
2308 5775 2493 5825 artesae
2546 5753 2810 5814 doctrina:
2861 5749 3146 5812 interpres.
3199 5743 3433 5808 Cvt‘illus
3480 5741 3690 5804 iudiciis
