3998 6464
283 335 382 393 281

1794 312 2003 405 ἰητΑ.

3442 326 3553 393 282

282 448 643 519 synodalibus
669 448 966 505 damnatus
994 460 1121 507 est:
1158 452 1395 509 refutata
1421 454 1491 510 ab
1518 458 1711 512 eodem
1749 457 1853 528 5)*-
1883 466 1925 521 Α
1958 463 2311 527 imperatore.
2342 455 2614 527 cpiscOpis
2651 464 2705 511 et
2736 463 2951 517 senatu,
2978 459 3096 508 erat
3144 450 3321 506 adhuc
3376 464 3551 506 saecu-

282 542 403 609 rigo
428 540 709 596 luitillius
753 541 1113 598 Calvinistica
1152 544 1489 602 Confessio:
1557 557 1611 602 et
1662 557 1856 602 contra

284 629 401 686 haec
442 631 752 687 testimonia
787 647 909 703 qua?
931 635 1084 690 Actis
1107 644 1161 689 et
1190 634 1651 695 Conlessionibus
1671 639 1858 694 multis

286 739 349 779 ex
387 722 609 779 Oriente
633 726 819 780 missis
843 727 1170 783 conﬁrmata
1204 738 1358 792 sunt,
1378 730 1545 786 audet
1563 732 1857 803 quisquam

286 816 636 884 conjecturas
659 818 1007 875 inanissimas
1038 835 1335 892 opponere.

357 908 570 963 Primus
626 920 717 964 aut
745 912 884 965 inter
919 914 1139 979 pristes,
1166 915 1213 970 si
1268 915 1516 972 Smitheo
1562 917 1854 984 credimus,

285 993 506 1052 Gabriel
538 996 1034 1068 Philadelphiensis
1065 1004 1730 1064 Transsubstantlationis
1766 1024 1862 1063 vo-

282 1104 402 1144 cem
439 1092 908 1159 usurpavit,anno
938 1093 1097 1162 1600,
1127 1112 1238 1165 quo
1268 1097 1487 1154 libellus
1538 1100 1687 1155 illius
1740 1101 1850 1155 edi-

287 1193 374 1238 tus
399 1196 502 1239 est.
529 1185 633 1240 Sed
657 1185 904 1242 Meletius
928 1188 1077 1257 Piga,
1100 1192 1414 1258 patriarcha
1453 1193 1858 1250 Alexandrinus

288 1277 340 1332 ih
371 1279 611 1346 epistolis
633 1296 762 1334 ann.
815 1282 952 1336 1593
982 1292 1037 1338 et
1082 1282 1243 1348 1591,
1293 1300 1409 1339 eam
1466 1299 1652 1341 vocem
1701 1287 1860 1341 adhi-

288 1372 506 1431 buerat.
538 1374 772 1443 ejusque
799 1389 1024 1430 sensum
1056 1385 1112 1430 et
1182 1386 1549 1434 consectanea
1600 1390 1859 1436 accurate

286 1465 678 1535 explicaverat,
714 1467 968 1523 iudicans
999 1470 1165 1524 simul
1209 1479 1477 1528 tractatus
1539 1472 1679 1528 alios
1729 1489 1860 1528 suos

284 1555 338 1609 in
372 1557 571 1624 quibus
646 1560 824 1614 iusius
878 1560 946 1617 de
1004 1561 1196 1616 eodem
1256 1572 1584 1631 argumento
1647 1566 1855 1632 pridem

284 1651 640 1706 disseruerat.
674 1651 963 1708 Latinismi
989 1663 1283 1723 suspectus
1311 1671 1433 1710 esse
1470 1672 1580 1710 non
1650 1665 1855 1724 potest,

286 1758 443 1812 quem
478 1745 722 1815 impense
745 1744 1013 1815 GeOrgius
1044 1746 1223 1803 Dousa
1273 1758 1328 1803 et
1350 1746 1440 1801 alii
1484 1747 1858 1804 Protestantes

1961 550 2096 605 laris
2137 569 2150 606 :
2198 564 2360 605 nemo
2391 560 2576 604 autem
2618 546 2992 617 suspicabitur
3018 546 3087 600 ab
3120 546 3355 609 homine,
3387 542 3551 598 docto

1959 640 2201 716 quidem,
2225 644 2319 698 sed
2357 644 2520 709 laico,
2558 643 2802 712 ignotam
2858 655 2958 695 nec
2981 656 3082 694 usu
3141 637 3440 694 stabilitam
3492 637 3548 691 in

1958 735 2221 807 mysterio
2244 732 2576 803 explicando
2611 746 2800 784 vocem
2834 730 3091 799 usurpari
3112 726 3550 798 potuisse,nullo

1958 824 2345 895 episcoporum
2382 830 2478 874 aut
2514 819 2898 885 theologorum
2934 817 3295 872 reclamante.

2032 916 2138 971 Sed
2178 914 2504 976 Callinicus,
2530 912 2825 968 Dositheus
2854 919 2911 964 et
2940 908 3033 962 alii
3068 906 3241 962 Graeci
3274 905 3549 960 antistites

1971 1018 2134 1065 erunt
2165 1006 2413 1062 Smilheo
2440 1006 2844 1075 Δατινόφρονες
2912 1000 3036 1055 novi
3093 1000 3308 1055 scilicet
3352 1006 3406 1053 et
3440 999 3549 1052 huc

1959 1115 2137 1171 usque
2167 1099 2337 1169 ignoti
2358 1098 2576 1167 generis
2605 1113 2620 1162 ;
2655 1110 2781 1150 nam
2810 1110 2934 1149 cum
2978 1108 3041 1149 ea
3118 1108 3223 1148 vox
3290 1088 3545 1158 usurpari

1959 1194 2143 1263 erepit,
2177 1193 2357 1247 nullos
2390 1192 2528 1246 alios
2561 1204 2724 1260 quam
2753 1189 2846 1258 qui
2915 1187 3211 1243 stabililam
3258 1184 3552 1239 Florentia:

1962 1287 2083 1342 fidei
2112 1285 2493 1340 Delinitioncm
2521 1282 3020 1354 amplectebantur,
3054 1279 3400 1347 designabat.
3441 1273 3550 1328 Ve-

1960 1392 2080 1434 rum
2109 1394 2214 1432 non
2237 1375 2741 1445 Constantinopoli,
2783 1376 2881 1430 sed
2917 1376 2969 1429 in
2999 1372 3213 1429 Claudii
3268 1369 3426 1425 libris
3460 1367 3548 1422 di-

1961 1471 2095 1526 dicit
2137 1470 2420 1524 Sinitheus
2447 1468 2857 1539 Λατινὸςρρονας
2885 1483 3033 1532 esse,
3060 1465 3154 1534 qui
3184 1464 3384 1519 realcm
3413 1476 3552 1529 prte-

1962 1564 2192 1619 sentiam
2212 1572 2265 1618 et
2301 1561 2977 1618 traussubstantiationem
3009 1559 3326 1613 crederent.
3377 1554 3554 1607 Erunt

1962 1658 2127 1726 igitur
2149 1658 2315 1710 etiam
2347 1655 2463 1721 isti,
2503 1654 2656 1708 utilli
2676 1654 2769 1723 qui
2799 1651 3009 1723 synodo
3039 1647 3553 1719 ilierosolymitanae

1963 1750 2440 1818 subscripserunt.
2475 1749 2529 1801 in
2562 1748 2750 1801 eadem
2795 1742 3347 1814 Λατινοερρονῡύντων
3409 1741 3553 1793 clas-

291 1838 677 1903 iaudaverunt,
701 1853 767 1894 eo
796 1840 1096 1908 prasertim
1132 1843 1372 1906 nomine,
1420 1844 1566 1912 quod
1622 1857 1857 1898 concor-
1888 1818 1933 1876 Β
1962 1858 2041 1907 se,
2072 1842 2162 1911 qui
2198 1851 2373 1895 tamen
2414 1841 2707 1909 priuatum
2741 1839 2972 1893 Romani
3002 1834 3286 1891 Pontiﬁcis
3328 1841 3549 1903 negant,

284 1933 388 1986 dia:
422 1933 569 1986 inter
602 1931 842 1987 Polonia:
882 1948 1055 2002 regno
1098 1934 1356 1989 subditos
1386 1934 1557 1989 Graeci
1616 1937 1752 1991 ritus
1809 1944 1865 1990 et

280 2023 595 2079 Catholicos
617 2024 972 2079 conciliandae
1009 2026 1275 2080 acerrime
1307 2028 1614 2085 restitisset.
1633 2027 1710 2082 An
1730 2028 1863 2083 sub-

281 2115 490 2168 dititias
514 2115 638 2169 illas
666 2115 930 2183 epistolas
961 2130 1085 2171 esse
1112 2116 1394 2171 Smitbens
1446 2118 1636 2172 dicet?
1664 2120 1862 2175 Verum

280 2222 375 2261 eas
409 2222 474 2261 ex
512 2208 832 2262 authentico
860 2208 1159 2279 esetnplari
1198 2203 1504 2280 descriptas
1536 2212 1862 2267 Constanti-

283 2302 506 2370 nopolin
540 2302 607 2356 ad
646 2299 1023 2369 Panagiottem
1060 2302 1213 2357 misit
1247 2302 1466 2359 Paisius
1520 2304 1863 2360 Alexandri-

284 2410 389 2448 nus
418 2396 736 2464 patriarcha
776 2411 789 2450 :
828 2404 883 2449 et
916 2392 1577 2467 ConSIantinOpolitanus
1628 2398 1861 2453 Callini-

282 2503 382 2543 cus
419 2488 471 2542 in
506 2488 755 2558 synodali
786 2488 1107 2545 definitione
1135 2492 1264 2544 anui
1290 2491 1448 2546 1691.
1472 2494 1616 2547 inter
1640 2509 1738 2548 eos
1762 2494 1855 2563 qui

285 2583 924 2637 transsubstantiationis
958 2598 1092 2639 voce
1137 2586 1224 2640 usi
1265 2597 1418 2651 sunt,
1457 2585 1733 2641 Meletium
1774 2586 1865 2642 Pi-

287 2687 410 2742 gam
444 2674 769 2728 numeravit.

363 2763 565 2817 Eadem
621 2767 955 2821 auctoritate
980 2769 1305 2834 patriarchae
1362 2769 1866 2839 Constantinopoli-

290 2858 429 2919 tani,
470 2866 524 2912 et
548 2856 789 2913 Dosithei
814 2858 1143 2928 patriarcha
1194 2860 1677 2930 Hierosolymitani
1736 2877 1871 2916 cons

286 2948 542 3002 [irritatur
564 2963 626 3002 ea
650 2964 813 3017 quam
852 2950 1133 3005 Smitheus
1158 2959 1436 3022 oppugnat
1468 2952 1736 3007 Gennadii
1769 2954 1867 3007 ho-

286 3041 454 3094 milia.
492 3038 669 3093 Verba
701 3048 833 3095 sunt
864 3057 880 3095 :
916 3039 1029 3094 Usa
1084 3058 1243 3106 porro
1271 3058 1332 3095 ea
1383 3042 1538 3110 (voce
1589 3047 1870 3097 transsui;-

1965 1932 2057 2002 qui
2094 1932 2355 2001 Spiritum
2389 1948 2417 1985 a
2446 1931 2607 1986 Patre
2638 1931 2756 1985 solo
2787 1929 3086 1998 procedere
3155 1927 3412 1990 credunt,
3446 1924 3553 1978 do-

1967 2038 2089 2083 cent
2118 2029 2335 2083 tandem
2370 2029 2578 2099 rcliqua
2609 2042 2733 2098 qua:
2787 2024 2973 2079 Retine
3040 2024 3399 2079 danmautur.
3474 2024 3550 2081 Ea

1967 2124 2181 2177 ratione
2219 2121 2541 2178 Gennadius
2573 2129 2628 2175 et
2653 2120 2771 2189 ejus
2796 2118 3038 2173 homilize
3066 2119 3133 2171 ah
3174 2118 3293 2186 ipso
3322 2118 3555 2186 proscri-

1966 2217 2174 2271 buntur
2211 2233 2224 2270 :
2260 2232 2380 2269 nam
2400 2216 2559 2270 aliam
2597 2214 2801 2268 nullam
2834 2213 2997 2268 habet
3027 2230 3042 2277 ;
3072 2213 3315 2281 adeoque
3348 2210 3556 2266 siGen-

1966 2310 2162 2364 nadius
2184 2308 2472 2364 Latinismi
2507 2318 2796 2378 suspectus
2833 2316 2939 2369 est,
2990 2306 3179 2362 eadem
3234 2306 3554 2373 διιερῑςίοιιο

1967 2403 2171 2458 involvi
2204 2412 2420 2473 oportet
2451 2402 2728 2456 Meletium
2766 2401 2981 2466 Pigam,
3019 2399 3331 2455 Gabrielem
3369 2396 3557 2451 Phila-

1966 2496 2363 2566 delphiensem,
2397 2494 2691 2563 Georgium
2723 2493 3066 2554 Coressium,
3099 2490 3373 2545 Meletium
3402 2490 3555 2560 Syri-

1967 2603 2117 2659 gum,
2146 2588 2409 2659 Cyrillum
2453 2598 2506 2643 et
2535 2587 2912 2651 Parthenium,
2935 2587 3025 2655 qui
3063 2584 3116 2639 in
3154 2586 3398 2655 synodis,
3422 2598 3553 2638 ann.

1970 2680 2107 2735 1658
2134 2688 2187 2734 et
2217 2679 2377 2744 1642,
2410 2679 2637 2734 Luearis
2684 2678 3089 2733 confessionem
3124 2683 3184 2730 ut
3241 2675 3553 2729 luereticatu

1972 2774 2370 2827 damnaverunt
2410 2790 2422 2823 :
2478 2786 2671 2825 omnes
2715 2769 3091 2838 metropolitas
3117 2778 3172 2823 et
3240 2768 3556 2837 episcopos,

1974 2863 2224 2931 aliosque
2264 2862 2673 2917 ecclesiasticos
2702 2862 2793 2927 qui
2823 2860 3059 2914 decretis
3080 2859 3555 2927 subscripserunt,

1974 2964 2034 3010 ut
2065 2971 2159 3010 eos
2200 2956 2290 3025 qui
2316 2954 2505 3025 synodi
2553 2952 3065 3023 Hierosolymitauze
3109 2966 3254 3004 anno
3292 2949 3426 3003 l67‘2
3455 2951 3557 3003 De-

1971 3055 2119 3101 creta
2141 3046 2619 3104 confirmaverunt,
2641 3041 2949 3095 Neetarimn
2973 3039 3551 3110 llierosolymitatmm,

285 3134 673 3200 stantiationis)
710 3131 953 3185 Ecclesia
987 3140 1084 3196 est,
1131 3133 1383 3203 quoniam
1432 3149 1522 3187 nec
1587 3136 1868 3204 wguivocis
1899 3173 1941 3229 C
1974 3151 2168 3191 omnes
2199 3135 2415 3189 tandem
2438 3132 2655 3188 Graecos
2676 3132 3101 3195 sincerissimos,
3128 3132 3171 3185 si
3193 3132 3281 3199 qui
3317 3146 3555 3201 unquam

286 3225 586 3294 subjicitur,
612 3232 662 3279 et
690 3234 906 3293 superat
939 3226 1173 3278 omnium
1232 3225 1604 3280 hwreticorum
1667 3229 1874 3295 sophis-

292 3330 461 3370 mata.
500 3316 611 3371 Nec
648 3333 817 3371 eama
850 3315 1055 3369 Latinis
1073 3326 1321 3371 mutuata
1380 3327 1482 3384 est,
1540 3320 1630 3373 sed
1674 3329 1754 3373 est
1808 3335 1870 3373 ea

287 3429 407 3466 voce
436 3413 609 3467 ditata
635 3421 757 3466 ante
789 3427 958 3466 annos
988 3412 1275 3480 plurimos,
1300 3429 1333 3467 a
1368 3412 1674 3468 domesticis
1709 3423 1759 3467 et
1790 3413 1870 3468 leo
1916 3428 1921 3433 ‘

288 3508 485 3579 gitimis
518 3508 629 3560 suis
661 3505 970 3559 orthodoxis
993 3505 1326 3565 doctoribus,
1348 3514 1407 3558 ut
1460 3515 1762 3575 promptum
1794 3508 1873 3560 vis

287 3609 405 3651 (me
425 3610 501 3651 est
535 3613 600 3651 ea;
634 3597 1025 3651 commentariis
1074 3612 1208 3651 certe
1235 3596 1508 3667 religionis
1557 3597 1856 3667 defensoris

287 3693 432 3746 illius
452 3691 649 3744 domini
669 3689 930 3745 Geitnadii
942 3688 1868 3759 patriarchaeConstantinopolitani,

286 3784 377 3854 qui
410 3800 587 3837 coram
620 3781 927 3835 orthodoxis
953 3782 1453 3849 imperatoribus,et
1476 3782 1580 3850 piis
1635 3783 1871 3849 patriar-

288 3875 397 3928 rltis
424 3890 487 3927 ac
515 3889 673 3926 sacro
704 3882 912 3934 senatu,
946 3872 1174 3941 ipsisque
1196 3873 1504 3927 doctoribus
1556 3886 1714 3929 recta:
1744 3876 1870 3941 ﬁdei

289 3980 506 4030 νοείτω,
533 3982 625 4035 per
654 3967 791 4018 hanc
812 3981 985 4019 vocem
1018 3974 1077 4019 ut
1099 3975 1221 4019 ante
1254 3968 1546 4036 cognitam,
1600 3977 1758 4038 atque
1801 3970 1865 4023 ab

288 4059 531 4113 Ecclesia
588 4068 869 4126 receptam,
927 4075 1022 4125 pro
1070 4059 1165 4112 hoc
1220 4061 1466 4130 mysterio
1522 4061 1863 4131 depugnavit.

289 4155 443 4207 Edita
477 4161 558 4206 est
593 4150 781 4207 Graece
832 4150 1111 4222 synodalis
1167 4152 1259 4205 illa
1324 4153 1578 4207 Definitio
1633 4154 1769 4208 Jasii
1811 4156 1865 4210 in

286 4243 583 4307 Moldavia,
616 4256 763 4295 anno
800 4242 958 4306 1694,
992 4257 1020 4294 a
1057 4241 1318 4297 Dositheo
1366 4242 1867 4314 ilierosolymitano

284 4334 338 4389 in
369 4335 507 4389 libro
530 4342 715 4389 contra
743 4332 1010 4387 Joannem
1039 4331 1456 4402 Caryophyllum
1482 4333 1865 4403 Logothetam,

284 4426 378 4482 sed
405 4443 527 4481 cum
558 4426 667 4480 huc
694 4440 870 4495 usque
902 4424 1054 4478 illum
1082 4424 1283 4477 habere
1334 4438 1441 4478 non
1502 4427 1862 4492 potuerimus,

1977 3229 2217 3283 fuerunt.
2249 3227 2437 3281 Nullus
2472 3226 2619 3280 enim
2647 3242 2836 3280 eorum
2892 3235 2994 3289 est,
3062 3226 3154 3293 qui
3219 3223 3440 3277 Decreta
3463 3223 3557 3276 ad-

1977 3336 2165 3375 versus
2207 3318 2471 3389 Cyrillum
2545 3316 2777 3372 anarin
2834 3334 2941 3371 non
3017 3316 3301 3385 amplexus
3367 3315 3555 3376 fuerit,

1976 3413 2181 3482 quique
2215 3411 2405 3467 eadem
2441 3412 2809 3467 sentientibus
2865 3426 2928 3465 ac
2987 3410 3234 3464 nefarius
3277 3410 3369 3463 ille
3429 3408 3555 3463 fidei

1976 3506 2132 3559 avita:
2172 3504 2441 3572 proditor.
2476 3506 2768 3558 anathema
2802 3519 2909 3557 non
2963 3503 3188 3557 dixerit.
3242 3501 3313 3554 At
3362 3517 3555 3555 euntes

1975 3598 2051 3652 illi
2080 3597 2298 3651 tandem
2335 3598 2407 3651 ita
2441 3596 2621 3651 Latini
2659 3607 2807 3663 sunt,
2867 3603 2928 3649 ut
2982 3595 3231 3666 plerique
3290 3595 3559 3649 adversus

1973 3690 2193 3745 Latinos
2219 3692 2360 3761 stylo
2400 3691 2670 3745 acerrimo
2701 3689 3129 3751 decertaverint,
3159 3702 3269 3755 quo
3298 3692 3304 3699 '
3334 3688 3555 3741 nomine

1973 3783 2262 3837 laudantur
2302 3798 2330 3836 a
2361 3785 2477 3838 Suis
2504 3793 2560 3836 ut
2585 3783 2793 3838 Graeca:
2836 3782 3093 3836 Ecclesiae
3128 3781 3372 3850 insignes
3399 3780 3555 3833 theo.

1972 3876 2391 3945 logi,illiusque
2414 3875 2757 3939 defensores.
2798 3875 2854 3928 Si
2901 3875 3071 3943 igitur
3116 3873 3313 3927 sinceri
3374 3870 3547 3925 (Σταδςί

1971 3974 2078 4020 non
2112 3976 2260 4031 sunt,
2294 3967 2389 4021 ubi
2421 3965 2643 4020 tandem
2682 3965 2869 4019 Grmca
2886 3964 3133 4017 Ecclesia
3168 3965 3234 4015 ab
3262 3962 3419 4015 annis
3451 3961 3555 4014 du-

1971 4059 2146 4114 centis
2172 4059 2309 4121 fuit;
2348 4073 2540 4112 omnes
2570 4057 2717 4111 enim
2776 4069 3142 4124 quoscunque
3185 4071 3250 4107 ex
3327 4054 3554 4107 historia

1971 4158 2023 4203 ct
2049 4149 2203 4202 libris
2232 4149 2507 4212 novimus,
2538 4147 2737 4212 Graeci,
2769 4147 2929 4200 aliam
2965 4146 3124 4200 [idem
3175 4160 3285 4200 non
3349 4145 3553 4201 habue-

1974 4250 2119 4293 runt.
2164 4240 2605 4310 Vcrumopponit
2658 4238 2942 4295 Smitheus
2985 4238 3247 4309 Cyrillum
3294 4237 3553 4305 Lucarin,

1971 4331 2292 4388 Zachariam
2329 4333 2637 4405 Cerganum
2672 4334 2819 4389 Arta:
2850 4334 3060 4406 exiguae
3111 4332 3386 4387 urbeeulm
3439 4335 3556 4402 epi-

1971 4442 2221 4495 scopum,
2258 4437 2313 4481 el
2344 4427 2764 4499 Metmphanem
2799 4428 3172 4498 Critopuium.
3233 4425 3386 4482 Nova
3431 4428 3561 4496 jura

285 4519 593 4575 versionem
648 4517 846 4571 damus
919 4516 1131 4569 Nieolai
1188 4516 1452 4570 Comneni
1504 4517 1862 4587 Papadopoli,
1902 4519 2255 4576 Dcondcnda
2287 4527 2440 4584 sunt,
2492 4525 2553 4573 ut
2586 4519 2762 4575 tribus
2825 4519 3060 4573 testibus
3112 4516 3244 4571 lides
3294 4515 3567 4569 habeatur

284 4610 821 4679 insertamEpistolm
874 4608 940 4662 ad
984 4608 1387 4680 Chrysanthum
1407 4610 1661 4665 Notaram
1686 4612 1865 4667 Caesa-

290 4719 396 4759 rea:
424 4701 849 4773 metropolitam,
882 4716 1003 4768 quae
1022 4700 1168 4756 edita
1202 4709 1287 4757 est
1315 4700 1559 4758 Venetiis
1580 4718 1671 4758 an.
1705 4704 1863 4760 l703.

357 4795 418 4849 lu
468 4811 528 4848 ea
566 4810 725 4862 porro
759 4793 1019 4864 synodica
1053 4793 1377 4849 Deﬁnitione
1396 4796 1506 4848 duo
1559 4805 1689 4850 sunt
1746 4811 1867 4864 qua

280 4891 571 4959 diligenter
614 4888 892 4944 observari
948 4896 1128 4956 opera:
1188 4890 1424 4957 pretium
1464 4891 1554 4945 sit.
1596 4891 1864 4957 Primum,

284 4982 576 5036 llomiliam
617 4996 779 5050 quam
805 4980 1008 5050 publici
1026 4981 1179 5051 ljuris
1224 4981 1481 5049 facimus,
1533 4983 1868 5052 patriarchis

281 5075 801 5141 duobusACalliuieo
828 5083 884 5129 et
908 5074 1192 5137 Dositheo,
1231 5084 1346 5130 tum
1415 5077 1781 5147 metropolitis
1810 5086 1868 5133 et

282 5168 558 5236 episcopis
585 5169 678 5236 qui
708 5167 1011 5222 scribendo
1062 5166 1382 5231 adfuerunt,
1440 5167 1610 5224 fuisse
1639 5169 1867 5225 notissi-

287 5276 429 5314 mam
457 5279 470 5314 :
507 5272 672 5330 atque
701 5260 841 5315 adeo
873 5261 941 5315 de
971 5262 1091 5330 ejus
1114 5261 1379 5331 αὑθινπίᾳ
1411 5263 1667 5317 dubitare
1694 5263 1868 5319 nemi-

283 5369 406 5407 nem
435 5368 614 5421 posse,
648 5354 752 5409 nisi
777 5354 869 5423 qui
915 5354 1184 5423 αὐτοψιαν
1237 5353 1612 5409 Smitbeanam
1663 5356 1867 5412 talibus

284 5444 611 5498 testimoniis
657 5443 1044 5511 praeferendam
1070 5442 1413 5497 existimarit.
1465 5444 1712 5497 Alterum
1760 5451 1864 5508 est,

285 5535 426 5603 quod
476 5535 756 5589 antistites
796 5534 899 5603 ipsi
955 5533 1130 5589 (irasci
1197 5541 1474 5589 testantur
1520 5535 1867 5592 Gennadimn

285 5642 469 5679 vocem
503 5623 917 5692 μετουσιώσεως
945 5639 1273 5695 usurpasse,
1306 5636 1365 5679 ut
1419 5624 1628 5694 pridem
1681 5627 1871 5695 cogni-

286 5727 422 5782 tam,
450 5716 609 5785 idque
640 5717 929 5771 verissime
953 5716 1021 5771 ab
1053 5717 1160 5772 illis
1190 5718 1545 5772 observatum
1581 5719 1701 5772 fuit.
1730 5718 1867 5773 Cum

284 5810 431 5865 enim
475 5810 761 5866 homiliam
796 5811 943 5867 illam
978 5811 1307 5867 declamaret
1346 5810 1397 5866 in
1451 5811 1655 5873 palatio
1682 5827 1868 5869 coram

1969 4620 2161 4666 contra
2205 4613 2354 4667 mille
2386 4611 2547 4676 alios,
2574 4614 2684 4667 imo
2715 4619 2904 4667 contra
2960 4608 3240 4680 publicum
3278 4618 3327 4662 et
3360 4607 3563 4659 multos

1969 4700 2074 4759 ties
2100 4714 2418 4759 renovatum
2440 4707 2603 4759 tutius
2634 4703 2889 4758 Ecclesia:
2915 4700 3119 4756 Graeca:
3151 4698 3563 4754 testimonium-

1970 4797 2036 4851 At
2062 4797 2278 4852 illorqu
2306 4798 2518 4867 printus
2548 4798 2909 4850 anathemate
2940 4794 3236 4846 damnatus
3270 4798 3375 4851 est,
3431 4806 3565 4859 pro-

1969 4870 2545 4959 scriptaqueludiciis
2614 4886 2855 4956 publicis
2908 4881 3267 4953 synodalibus
3318 4891 3555 4951 quatuor

1967 4982 2316 5037 Calvinistira
2342 4981 2466 5049 ejus
2506 4976 2785 5033 confessio
2817 4975 3296 5043 ConstantinOpoli
3321 4973 3556 5038 scilicet,

1968 5074 2129 5129 anuis
2157 5073 2313 5137 1638,
2345 5072 2503 5136 1642,
2536 5080 2587 5126 et
2618 5071 2775 5135 169i,
2807 5068 3198 5140 Hierosolymis
3216 5083 3359 5123 anno
3388 5065 3557 5129 H372,

1968 5184 2089 5238 qua:
2116 5167 2320 5236 judicia
2352 5170 2650 5220 retractata
2694 5178 2973 5234 nunquam
3016 5161 3260 5224 fuerunt,
3297 5175 3422 5214 cum
3457 5172 3559 5212 eas

1969 5275 2161 5315 omnes
2184 5258 2488 5314 sententias
2519 5257 2813 5313 Dositheus
2836 5255 3156 5311 Enchiridio
3198 5268 3299 5309 suo
3331 5252 3385 5304 in
3416 5249 3553 5303 Mol-

1969 5351 2128 5406 davia
2164 5352 2309 5407 edito
2342 5352 2650 5407 inseruerit.
2720 5347 3026 5420 Gerganus,
3069 5348 3158 5400 vix
3200 5355 3361 5398 notus
3414 5342 3556 5395 inter

1970 5458 2123 5511 suos,
2154 5453 2232 5501 tot
2257 5443 2587 5515 patriarchis
2616 5455 2669 5498 et
2694 5443 2969 5514 episcopis
2985 5438 3182 5510 opponi
3211 5452 3318 5490 non
3343 5442 3557 5504 potest.

1970 5535 2358 5606 Metrophanes
2388 5537 2433 5592 si
2458 5546 2580 5590 vere
2609 5542 2664 5591 et
2689 5550 2754 5590 ex
2783 5534 2951 5587 animi
2983 5526 3253 5587 sententia
3275 5543 3393 5582 eam
3419 5542 3555 5583 con.-

1973 5630 2268 5687 fessionem
2298 5629 2471 5684 edidit
2500 5642 2623 5698 quas
2680 5625 3001 5682 llelmstadii
3069 5636 3271 5677 excusa
3331 5630 3432 5684 est,
3489 5636 3557 5678 se

1971 5723 2085 5791 ipse
2119 5723 2396 5786 retexuit;
2430 5736 2552 5775 nam
2601 5717 2916 5788 patriarcha
2960 5715 3371 5770 Alexandrinus
3423 5730 3552 5771 cum

1972 5823 2138 5872 esset.
2161 5812 2353 5871 svnodi
2385 5808 3017 5870 Constantinooolltaua:
3047 5807 3275 5864 Decreta
3305 5804 3551 5861 subscri-
