3998 6464
440 291 550 349 283

1475 286 1852 346 GENNADII
1888 285 1999 346 (ΖΡ.
2037 279 2556 346 ΡᾹΤΒΙΑΒΟΗίΕ

3597 278 3730 342 28;

444 401 634 458 bendo
657 398 1021 454 conﬁrmavit.
1051 399 1437 470 Adjungantur
1468 400 1516 456 si
1547 399 1700 454 lubet
1727 398 1888 468 pauci
1927 397 2020 451 alii
2053 401 2100 458 Δ
2126 398 2282 453 sione
2313 392 2508 465 Cyrilli
2535 405 2696 462 quam
2733 404 2856 446 cum
2888 390 3116 446 horrore
3143 386 3418 456 rejiciunt.
3475 388 3726 444 Audiis—

444 508 694 558 errones,
722 490 852 562 quid
914 491 1134 546 illorum
1171 492 1490 548 testimonia
1539 492 1730 546 valere
1772 496 2011 560 possunt

443 593 634 639 contra
663 583 824 637 totius
860 580 1116 637 Ecclesiae
1161 580 1360 637 (ἳππων,
1393 589 1661 638 constans
1709 595 1738 636 a
1791 590 2015 650 septua-

443 676 593 746 ginta
624 685 676 730 et
702 675 934 744 amplius
959 675 1119 730 annis
1157 676 1534 731 testimonium
1564 677 1588 730 7

514 768 592 822 lta
609 784 672 823 ex
699 766 977 823 abnormis
1007 767 1156 822 illius
1213 767 1358 836 juris
1391 766 1776 836 dispositione
1813 763 2018 838 Cyrillo

442 859 723 924 damnato,
774 867 830 913 et
855 858 1146 914 sententiis
1201 858 1504 913 teterrimis
1523 857 1766 920 conﬁxo,
1803 873 1914 912 non
1953 857 2020 912 de

444 965 542 1005 sua
567 951 766 1015 solum,
825 950 919 1004 sed
951 950 1018 1005 de
1069 951 1236 1006 totins
1265 947 1562 1004 Orientalis
1619 947 1877 1004 Ecclesia:
1915 949 2024 1003 [ide

442 1042 590 1096 credi
617 1053 838 1108 oportet
863 1061 880 1098 :
910 1040 1116 1096 Graecis
1142 1042 1278 1111 ipsis
1293 1041 1359 1096 de
1381 1041 1740 1109 suaipsoruut
1778 1041 1882 1096 [ide
1913 1057 2021 1096 non

441 1131 728 1195 credetur,
761 1133 862 1186 etsi
899 1147 996 1201 per
1029 1147 1207 1186 anttos
1235 1140 1456 1186 centum
1519 1141 1572 1184 et
1600 1131 1856 1200 amplius,
1903 1146 2022 1188 eam

437 1223 662 1290 scriptis
689 1224 922 1293 privatis
953 1233 1007 1277 et
1063 1223 1302 1295 publicis
1355 1223 1758 1293 disciplinaque
1775 1239 1871 1277 sua
1903 1239 2028 1296 qua

443 1317 689 1370 omnium
721 1317 900 1372 oculis
930 1327 1106 1385 patet,
1133 1317 1606 1374 conﬁrmaverint.
1657 1317 1812 1385 Quod
1844 1319 2030 1388 itaque

447 1407 764 1465 Gennadius
793 1410 1066 1474 docuerit,
1124 1410 1798 1466 transsubstantiationem
1861 1425 2028 1480 quam

445 1501 690 1572 Cyrillus
721 1500 948 1556 informi
974 1514 1028 1558 et
1057 1502 1257 1558 furtiva
1286 1503 1656 1560 Confessione
1690 1503 2032 1558 condemna-

447 1593 548 1658 vit,
577 1595 680 1648 erit
714 1593 966 1650 Sutitheo
998 1595 1390 1666 ὑποϐολιμαῖος
1415 1597 1772 1653 Gennadius.
1822 1597 1900 1651 Et
1925 1595 2027 1650 fal-

447 1700 510 1742 sa
547 1687 642 1742 illa
669 1687 962 1758 hypotitesi
984 1701 1290 1745 nascuntur
1322 1691 1443 1745 alia?
1471 1706 1578 1746 non
1638 1693 1820 1746 minus
1853 1690 2027 1749 falsae.

451 1781 722 1836 adversus
752 1780 1024 1838 Gennadii
1065 1784 1401 1840 laudatorem
1427 1783 1706 1855 Syrignm,
1735 1782 2029 1852 Georgium

449 1868 788 1936 Coressintn,
813 1871 1055 1941 reliquos
1073 1872 1288 1929 tandem
1314 1875 1408 1943 qui
1457 1874 2031 1930 transsubstantistio-

455 1975 581 2015 nem
615 1961 858 2030 recipere
889 1977 949 2018 se
982 1963 1222 2033 professi
1250 1975 1402 2031 sunt,
1433 1965 1534 2020 hoc
1561 1965 1886 2021 estGraecos
1915 1981 2036 2020 om-

454 2068 554 2108 nes
595 2070 610 2108 :
657 2069 776 2108 nam
810 2055 1136 2126 quicunque
1163 2072 1194 2111 a
1223 2057 1430 2129 Cyrillo
1465 2058 1570 2114 huc
1631 2075 1804 2129 usque
1857 2059 2032 2128 patri-

452 2147 740 2209 arcbatus,
809 2147 1156 2218 metropoles,
1196 2150 1573 2219 episcopatus,
1629 2151 2036 2221 dignitatesque

453 2237 859 2292 ecclesiasticas
894 2245 1213 2304 tenuerunt,
1272 2238 1417 2293 haud
1481 2240 1640 2293 aliter
1685 2240 2036 2296 crediderunt

454 2339 510 2383 et
548 2329 713 2386 locuti
747 2339 896 2396 sunt,
963 2346 1126 2402 quam
1157 2330 1654 2401 Synodiannorum
1697 2331 2032 2397 l658,16l2,

456 2423 612 2489 £672,
652 2423 1468 2491 169l,Confessioorthodoxa,
1528 2432 1582 2482 et
1645 2426 1751 2480 alia
1806 2427 2037 2497 publica:

455 2515 806 2570 auctoritatis
841 2517 1070 2586 scripta.
1098 2516 1156 2572 ld
1182 2518 1226 2572 si
1266 2533 1453 2572 verum
1509 2525 1615 2582 cst,
1671 2527 1728 2574 ut
1759 2529 1846 2573 est
1906 2534 2038 2575 sane

453 2609 799 2664 verissimum
828 2627 894 2665 ex
934 2609 1253 2666 Graecorum
1287 2613 1531 2666 omnium
1563 2613 2038 2669 consentientibus

453 2701 812 2764 testimoniis,
840 2717 949 2756 non
1009 2717 1133 2758 esse
1183 2703 1348 2758 debet
1397 2703 1686 2758 Latinismi
1747 2715 2037 2774 suspectus

457 2791 796 2861 Gennadius,
828 2795 1041 2850 etiamsi
1108 2797 1784 2851 transsnbstantialionem
1839 2798 2039 2852 docue-

454 2887 546 2946 rit.
585 2903 760 2957 neque
789 2887 1024 2943 ltomilite
1050 2888 1167 2957 ejus
1201 2888 1332 2944 fides
1359 2881 1713 2956 delrahettda,
1769 2890 1898 2960 quia
1972 2889 2032 2942 il-

462 2981 571 3034 lam
606 2998 795 3036 vocem
831 2993 1222 3052 repraesentat.

530 3073 636 3127 Sed
663 3075 799 3128 nihil
838 3075 1014 3130 simile
1037 3077 1104 3130 de
1157 3074 1444 3130 Gennadio
1487 3084 1584 3130 aut
1643 3076 1762 3144 ejus
1781 3074 2038 3144 operibus
2067 3109 2110 3165 Ο

457 3166 927 3236 Constantinopoli
958 3168 1132 3222 audiit
1189 3169 1494 3231 Sinitltens,
1539 3168 1691 3235 quisi
1721 3168 1808 3220 vel
1871 3181 2035 3220 unum

457 3261 548 3329 qui
575 3261 732 3328 plane
766 3260 1084 3315 illitteratus
1105 3275 1213 3313 non
1239 3262 1456 3324 fuisset,
1516 3260 1765 3315 Graecum
1801 3261 2042 3313 interro-

457 3360 664 3421 gasset,
689 3351 933 3406 audiSSet
966 3353 1154 3420 procul
1193 3351 1362 3406 dubio
1393 3353 1542 3422 quod
1601 3366 1808 3406 omnes
1855 3351 2038 3406 sciunt

461 3441 734 3496 neminem
766 3441 977 3496 Latinis
1013 3442 1197 3497 minus
1254 3441 1534 3498 addictum
1581 3441 1887 3512 patriarcha
1952 3440 2045 3494 illo

2117 498 2204 545 set
2235 501 2403 557 quam
2460 484 2740 540 diversum
2791 497 2825 538 a
2877 480 3197 537 Smitheano
3262 489 3412 535 esset
3459 479 3722 536 Nectarii

2118 581 2184 636 de
2221 577 2452 635 Claudio
2467 577 2737 646 judicium
2753 576 2822 632 de
2851 573 3102 641 Calvino,
3119 573 3188 630 de
3213 571 3476 637 Luthero,
3509 574 3578 628 de
3603 574 3726 630 Le-

2119 685 2272 741 gero.

2189 763 2296 819 Sed
2349 778 2458 818 non
2511 761 2676 819 ‘solus
2743 759 3146 818 conlodiendus
3199 773 3324 818 erat
3367 762 3722 828 Gennadius,

2122 857 2282 924 cujus
2313 855 2494 912 stabat
2519 855 2722 911 intacta
2751 846 3072 919 auctoritas,
3103 854 3149 910 si
3210 854 3722 927 llierosolymitana

2124 953 2392 1024 synodus,
2433 964 2578 1003 anno
2599 947 2738 1002 1672
2766 954 2959 1002 contra
3015 946 3350 1003 Calvinistas
3408 947 3620 1010 habita,
3655 949 3720 1002 in

2125 1059 2234 1114 qua
2287 1040 2842 1098 transsubstantiatio
2893 1039 3184 1109 perspicue
3239 1040 3541 1101 stabilitur,
3601 1041 3738 1093 non"

2127 1138 2290 1193 simul
2311 1134 2640 1190 concideret.
2658 1133 2748 1188 Sic
2773 1133 2937 1204 igitur
2954 1148 3072 1189 eam
3104 1132 3416 1204 aggreditur
3439 1133 3540 1204 (1),
3560 1132 3725 1189 σηο-

2128 1230 2210 1285 cis
2237 1241 2296 1284 ut
2328 1229 2529 1298 ubique
2557 1226 2686 1282 facit
2714 1225 2950 1282 illudens
2989 1242 3004 1279 :
3031 1223 3199 1288 Nam,
3253 1226 3452 1295 inquit,
3483 1241 3548 1278 ex
3583 1227 3726 1278 inte-

2128 1337 2223 1392 gro
2253 1321 2443 1389 affectu
2493 1329 2542 1373 et
2599 1335 2777 1372 amore
2826 1317 3066 1372 veritatis
3119 1315 3504 1387 Hierosolymis
3549 1334 3726 1384 παρετ

2131 1421 2478 1468 convenerunt
2543 1409 2764 1464 oracula
2829 1423 3019 1463 contra
3079 1409 3401 1462 Calvinistas
3437 1410 3722 1460 Ita-retices

2132 1507 2328 1562 edituri
2381 1507 2405 1561 ζ)
2453 1503 2584 1569 Qui:
2613 1518 2734 1556 cum
2773 1501 3009 1571 legerim,
3063 1500 3222 1569 plane
3267 1501 3536 1568 obstupui,
3591 1499 3727 1552 dum

2134 1600 2292 1668 probe
2341 1597 2698 1652 meminissem
2747 1593 3112 1664 patriarcham
3170 1592 3728 1662 Hierosolymitanum

2135 1689 2599 1757 Constantinopoli
2625 1697 2866 1758 agentem
2899 1686 3172 1756 familiari
3202 1701 3306 1755 quo
3345 1701 3426 1739 nte
3465 1685 3728 1755 dignatus

2141 1794 2218 1839 est
2259 1783 2556 1852 colloquio,
2599 1781 2731 1835 mihi
2759 1781 2972 1834 ineunte
3003 1795 3144 1833 anno
3179 1779 3312 1833 1671
3367 1780 3422 1833 in
3473 1778 3726 1848 Angliam

2139 1877 2441 1948 propediem
2465 1875 2702 1929 redituro
2733 1874 2952 1937 dixisse,
2984 1889 3040 1929 se
3060 1872 3335 1942 quidpiam
3389 1882 3573 1926 contra
3599 1887 3730 1940 pon-

2142 1969 2332 2036 tiﬁcios
2359 1965 2540 2022 moliri
2565 1964 2702 2035 quod
2750 1964 2863 2018 illic
2907 1971 3125 2033 cuperet
3187 1963 3468 2018 edendum.
3513 1961 3726 2018 Nomen

2141 2061 2289 2116 illius
2319 2059 2644 2127 patriarcha:
2665 2066 2847 2111 tacere
2877 2071 2989 2110 non
3043 2051 3276 2110 debebat
3344 2054 3503 2110 testis
3537 2054 3730 2106 ocula-

2141 2163 2253 2218 tus,
2283 2154 2377 2208 sed
2409 2167 2555 2209 anno
2583 2150 2716 2205 1671
2752 2148 3042 2204 Nectarius
3098 2156 3216 2201 erat
3266 2155 3359 2200 aut
3410 2143 3728 2206 Dosithens,

2143 2248 2239 2316 qui
2266 2255 2391 2316 post
2421 2244 2570 2300 illius
2624 2240 2987 2296 voluntariam
3020 2239 3435 2306 _abdicationetn
3467 2235 3732 2290 lliernsoc

2145 2334 2460 2405 lymitanam
2482 2333 2668 2388 sedem
2701 2330 3021 2386 diutissime
3067 2329 3308 2386 obtinuit
3365 2343 3382 2386 ς
3443 2342 3568 2381 nam
3640 2326 3728 2380 vix

2145 2439 2271 2483 ante
2306 2428 2446 2482 duos
2479 2441 2654 2482 annos
2683 2436 2933 2480 mortuus
2987 2431 3094 2478 est.
3127 2423 3234 2478 Sed
3271 2437 3464 2492 parum
3537 2419 3728 2474 refert:

2145 2537 2269 2576 nam
2297 2519 2618 2575 Nectarium
2675 2518 2886 2574 scimus
2922 2532 3060 2586 opus
3109 2516 3378 2571 adversus
3431 2515 3730 2583 primatum

2144 2613 2306 2692 Papae
2333 2614 2668 2675 elaborasse,
2695 2610 2839 2681 quod
2887 2610 3178 2664 Dositheus
3237 2607 3384 2662 illius
3439 2619 3734 2660 successor

2145 2723 2290 2764 anno
2313 2705 2593 2762 1682Jasii
2618 2704 2998 2761 excudendum
3031 2703 3176 2774 typis
3197 2702 3435 2764 curavit,
3453 2711 3509 2755 et
3535 2699 3726 2753 Latine

2147 2805 2308 2857 vertit
2337 2802 2534 2858 Petrus
2577 2797 2993 2864 Allixius.Qu:e
3042 2811 3210 2851 causa
3258 2795 3427 2864 igitur
3470 2794 3730 2860 obstupe-

2147 2897 2335 2953 scentli
2360 2894 2607 2951 Smitheo
2632 2892 2780 2947 fuit?
2803 2890 3004 2960 Nempe
3027 2888 3174 2960 quod
3201 2887 3246 2943 is
3275 2887 3366 2956 qui
3396 2895 3590 2939 contra
3622 2883 3726 2937 Ro-

2148 3007 2374 3045 manum
2412 2989 2732 3044 Pontificcm
2766 2985 3029 3055 scriptum
3053 2991 3288 3052 pararet,
3311 2994 3458 3034 anno
3478 2977 3726 3047 sequenti

2148 3081 2544 3152 Hierosolymis
2593 3077 2922 3142 Calvinum,
2958 3073 3217 3146 Cyrillum
3275 3071 3542 3132 Lucarin,
3569 3069 3729 3123 Glau-

2146 3176 2296 3230 diutn
2322 3174 2672 3229 anathemate
2691 3171 2974 3225 damnaret
2995 3185 3008 3221 :
3029 3183 3153 3221 nam
3183 3166 3296 3220 haec
3352 3164 3430 3218 illi
3479 3162 3728 3216 videntur

2146 3269 2450 3322 ἁσύστατα.
2485 3267 2616 3322 lude
2643 3265 2890 3320 modeste
2933 3258 3278 3324 conticescit,
3301 3257 3397 3312 sed
3425 3257 3618 3310 aculeo
3651 3272 3729 3309 re.

2147 3363 2299 3429 licto,
2323 3377 2516 3431 nempe
2541 3368 2598 3413 ut
2627 3358 2768 3429 apud
2789 3373 2848 3412 se
2880 3355 3112 3426 quisque
3129 3353 3349 3424 colligat
3370 3359 3624 3420 suspecta
3643 3357 3732 3401 aut

2150 3455 2285 3510 falsa
2329 3469 2450 3508 esse
2483 3453 2703 3507 decreta
2751 3450 2900 3504 illius
2923 3447 3116 3520 synodi
3145 3463 3160 3500 :
3186 3445 3280 3500 sed
3306 3458 3469 3512 quam
3490 3456 3630 3495 vana
3648 3441 3729 3493 illa

463 3535 656 3600 ἷυίειδε)
689 3533 963 3588 nemiuem
1032 3534 1248 3606 SyriSO.
1283 3533 1563 3598 COI'CSSiO.
1587 3541 1681 3588 θυι
1715 3534 1836 3588 aliis
1907 3547 2046 3602 Quos
2150 3548 2462 3617 conjectura
2481 3545 2572 3610 sit,
2590 3560 2696 3598 non
2716 3543 2900 3598 multis
2923 3537 3578 3596 verbisconlicitunnant
3599 3535 3648 3586 iu
3671 3547 3732 3586 ea

464 3639 574 3682 tam
609 3627 970 3682 inclementer
1003 3627 1185 3684 habet.
1219 3627 1733 3698 Constantinopolin
1769 3643 1879 3681 non
1931 3635 2050 3679 erat
2151 3639 2518 3710 ερεοιι-ηοιειυ
2565 3634 2805 3692 Nectarii
2847 3642 3040 3689 contra
3068 3631 3230 3701 papa:
3258 3627 3575 3698 primatum,
3597 3623 3728 3677 fellis

467 3720 862 3788 navigandum,
899 3731 956 3775 ut
1005 3720 1272 3777 Claudius
1334 3721 1764 3776 exscriberetur.
1822 3719 1894 3772 At
1921 3731 2039 3772 cum

2154 3731 2459 3802 veneuique
2479 3729 2817 3801 plenissimo,
2843 3728 2970 3784 dum
2997 3721 3525 3793 miraculaquzedam
3553 3721 3606 3774 in
3631 3717 3731 3770 Eu-

467 3811 602 3865 nihil
637 3811 748 3865 illic
782 3812 1053 3868 audiverit
1086 3811 1153 3868 de
1181 3812 1466 3870 Gennadio
1490 3821 1544 3868 et
1583 3813 1705 3868 aliis
1723 3826 1860 3882 quos
1879 3817 2050 3866 testes
2154 3824 2418 3880 charis“,
2475 3824 2616 3878 [πω
2655 3821 2842 3888 νει-ενι,
2865 3815 3549 3875 ιτεηεευδειτιηιίειιίοηειιι
3573 3814 3726 3866 docet

468 3902 778 3974 producunt
801 3904 1086 3972 catholici,
1122 3903 1266 3960 unde
1300 3904 1492 3960 habuit
1515 3904 1673 3958 illum
1697 3903 1871 3959 fuisse
1889 3906 2053 3956 Λατι-
2155 3915 2446 3988 perspicue
2495 3931 2512 3969 ι
2543 3922 2599 3969 ,ει
2623 3913 2858 3984 epistol.
2899 3907 3383 3977 Constantinopoli
3415 3904 3491 3976 (ἓ)
3525 3904 3724 3972 scripta

465 3999 745 4066 νόφροναι
783 3996 981 4051 falsam
1009 4011 1132 4053 esse
1183 3996 1332 4053 illius
1384 3995 1668 4051 homiliam
1723 4011 1737 4049 :
1795 3993 2039 4065 Syr-igua:

2161 4010 2298 4066 1692
2346 4007 2760 4066 Cnnlessionem
2801 4004 3186 4059 Orthodoxatn
3215 3999 3418 4056 eximie
3456 4009 3730 4052 commen-

466 4091 644 4144 tenebt
662 4089 840 4143 iuncm
865 4089 1050 4143 Romae
1069 4087 1392 4154 educatum,
1413 4085 1835 4142 Confessionem
1862 4084 2055 4140 ortbo-
2158 4105 2252 4159 dat
2286 4121 2300 4158 ε
2341 4100 2562 4157 tandem
2582 4098 2938 4155 ιεηειτίοηεη,
2963 4096 3139 4160 mum,
3161 4104 3210 4148 ει
3238 4090 3446 4146 Lam,“
3469 4088 3727 4142 audiam

465 4181 664 4237 doxam
709 4196 848 4252 opus
885 4180 1057 4236 fuisse
1088 4179 1374 4234 hominum
1399 4174 1971 4247 Λατινοφρονούντων,
1996 4185 2039 4227 ιιι

2158 4195 2432 4252 Meletium
2464 4193 2739 4264 Syrigum,
2761 4190 2920 4261 cujus
2957 4189 3009 4243 in
3039 4202 3104 4243 ea
3129 4185 3418 4242 scribenda
3453 4181 3731 4252 praecipuae

467 4274 676 4342 reliqua
713 4281 1096 4342 praetereamus
1115 4271 1137 4324 ?
1155 4271 1268 4324 Non
1293 4270 1410 4358 haec
1432 4283 1612 4358 sanea
1628 4268 1833 4358 Graecis
1847 4265 2058 4358 accepit
2160 4294 2348 4358 pum
2366 4285 2602 4347 meum.
2621 4290 2743 4352 ροει
2767 4279 2958 4336 laudes
2982 4278 3120 4333 an“
3143 4285 3303 4332 νοοειι
3330 4275 3406 4345 (δ)
3426 4287 3728 4339 "meum,

473 4359 571 4431 qui
603 4360 812 4414 dudum
845 4368 1140 4430 antequam
1201 4357 1487 4412 Smithens
1543 4355 2056 4427 Constantinopolin
2082 4443 2122 4450 _
2162 4355 2500 4450 interpretem
2530 4387 2579 4433 ετ
2609 4375 2866 4431 nmmum
2897 4383 3165 4428 "ﬂorum
3229 4370 3354 4441 ﬁde;
3407 4368 3730 4440 ἀορηωωηι,

470 4454 943 4526 proficisceretur,
974 4465 1029 4510 et
1067 4461 1281 4526 postea,
1314 4452 1596 4508 contraria
1619 4467 1850 4523 prorsus
1875 4449 2039 4522 publi-

2164 4443 2362 4544 κῆρυξ,
2389 4470 2738 4542 διιρμηνιὺς,
2769 4469 2864 4522 καὶ
2895 4467 3118 4537 στάθμη
3143 4465 3256 4518 τῶν
3288 4461 3468 4534 ὀρθῶν
3521 4460 3622 4529 τῆς
3654 4460 3736 4512 πι-

471 4563 536 4603 ce
567 4548 750 4604 testati
776 4555 926 4603 sunt.
961 4547 1074 4602 Cur
1103 4561 1269 4616 porro
1317 4545 1686 4616 patriarcham
1739 4543 2039 4614 Hierosoly-

2163 4543 2338 4630 σιέεως
2364 4563 2674 4634 δογμάτων.
2701 4562 2806 4629 Qui
2827 4573 2934 4616 tam
2993 4558 3286 4616 infeliciter
3343 4557 3410 4610 de
3437 4554 3633 4627 Syrigo
3655 4553 3737 4622 ju—

407 4646 444 4686 s”
477 4642 740 4697 mitanutn
773 4640 826 4696 itt
852 4638 1398 4710 [amiliaricolloquio
1422 4654 1524 4708 quo
1576 4653 1716 4692 anno
1743 4636 1876 4692 1671
1902 4636 2054 4690 illum

475 4730 726 4804 dignatus
757 4740 852 4794 est,
885 4729 1318 4786 deiisomnibus
1377 4744 1486 4782 non
1543 4725 1955 4798 interrogavit?
2004 4725 2058 4780 1s

475 4833 596 4879 erat
628 4821 916 4879 Nectarius
941 4831 1038 4878 aut
1071 4820 1391 4886 Dositheus,
1465 4827 1702 4890 utroque
1729 4833 1888 4875 nemo
1915 4817 2061 4874 inter

477 4916 700 4974 Gracos
739 4916 1076 4971 recentiores
1112 4913 1310 4972 Latino
1345 4911 1555 4967 nomini
1591 4909 2057 4982 magisinfensus.

481 5007 599 5063 Non
622 5006 770 5061 aliud
798 5022 944 5063 certe
962 5007 1384 5080 respondissent
1429 5019 1594 5076 quam
1643 5004 1791 5074 quod
1841 5005 2053 5076 primus

483 5101 536 5157 in
569 5099 799 5170 epistola
831 5101 898 5156 ad
939 5100 1179 5156 Paisium
1215 5097 1668 5160 Alexandrinum,
1705 5095 1831 5152 etin
1882 5096 2056 5151 altera

483 5193 549 5248 ad
583 5191 886 5246 monachos
951 5189 1216 5256 Sinaitas,
1267 5189 1386 5246 sine
1438 5188 1761 5260 ambagibus
1826 5195 2064 5242 testatus

482 5301 586 5351 est,
618 5300 682 5340 ex
714 5282 938 5353 scriptis
964 5297 1154 5340 eorum
1181 5297 1320 5354 quos
1381 5281 1679 5346 Smitheus,
1734 5288 1795 5334 ut
1826 5279 2065 5334 Latinis-

488 5393 578 5430 tuo
630 5386 923 5446 corruptos
981 5373 1182 5444 rejicit,
1236 5374 1526 5445 petendam
1594 5388 1719 5430 esse
1746 5372 2061 5428 Grz'corunt

491 5468 612 5524 lldci
641 5471 910 5526 sinceram
948 5469 1370 5540 expositionem,
1429 5482 1540 5525 non
1573 5482 1636 5524 es
1670 5465 1806 5522 falsa
1837 5463 2068 5522 Confes-

571 5676 645 5742 (ι)
680 5676 716 5730 s
741 5676 850 5730 mn.
903 5691 954 5735 τι.
987 5674 1076 5729 99.

571 5748 646 5818 (:2)
676 5746 802 5818 Png.
835 5745 939 5802 3203
973 5746 1056 5800 cd.
1112 5745 1207 5801 Gr.

2164 4657 2392 4722 dicavit,
2431 4672 2552 4713 eum
2573 4655 2646 4711 de
2678 4653 2964 4712 Gennadio
2991 4662 3046 4708 et
3077 4651 3200 4723 ejus
3231 4648 3459 4705 humilia
3491 4647 3734 4702 idoneum

2162 4751 2402 4822 iudicem
2433 4763 2597 4804 nemo
2619 4755 2896 4817 agnoscet.

2237 4840 2427 4911 Neque
2471 4847 2556 4896 est
2599 4837 2746 4909 quod
2791 4834 3028 4906 αὐτοψια
3069 4834 3162 4888 illa
3189 4847 3358 4904 quam
3404 4829 3646 4884 nonnulli
3677 4825 3736 4879 ad

2167 4947 2436 4992 nauseam
2488 4947 2666 5001 usque
2721 4931 2971 5000 ingerere
3019 4928 3222 4990 solent,
3272 4924 3590 4994 objiciatur.
3643 4920 3737 4974 Cui

2165 5027 2310 5083 enim
2343 5023 2696 5095 persuadebit
2728 5020 3028 5092 aliquando
3059 5018 3366 5079 Smitheus,
3404 5031 3466 5070 se
3509 5029 3630 5084 qua
3676 5011 3737 5067 de

2165 5116 2373 5188 Cyrillo
2415 5115 2612 5172 anari
2663 5113 2910 5184 scripsit,
2946 5109 3419 5180 Constantinopoli
3469 5107 3736 5169 didicisse,

2167 5215 2264 5263 aut
2292 5207 2346 5261 in
2376 5205 2622 5262 Ecclesia
2649 5203 2837 5260 Graeca
2861 5217 2986 5258 eum
3014 5211 3072 5257 ut
3094 5212 3346 5258 sanctum
3373 5208 3430 5254 et
3455 5208 3738 5268 martyrem

2171 5301 2296 5363 coli,
2316 5298 2408 5367 qtti
2431 5295 2867 5354 anatltematibus
2888 5293 3136 5350 confixus
3163 5300 3267 5350 est.
3293 5292 3407 5348 [mo
3420 5293 3468 5346 si
3491 5290 3595 5346 Dia
3613 5291 3740 5345 ueri-

2175 5402 2278 5456 tas,
2298 5394 2458 5460 cujus
2478 5404 2539 5445 se
2555 5387 2994 5443 amantissimum
3031 5392 3284 5451 testatur,
3334 5383 3566 5452 alicujus
3605 5379 3738 5452 apud

2174 5497 2298 5540 cum
2319 5480 2476 5552 pretii
2499 5485 2900 5550 est,’agnoscat.
2914 5475 3264 5546 conjectanea
3281 5475 3431 5530 illum
3452 5473 3633 5529 omnia
3647 5483 3740 5527 sua

2247 5667 2324 5741 (ὅ)
2354 5665 2606 5725 Confess.
2643 5665 2789 5721 orth.
2817 5663 2900 5719 ad.
2936 5661 3085 5734 Lips.
3117 5676 3170 5731 p.
3195 5660 3232 5716 6
