  <div class='ocr_page' id='page_1' title='image "/cluster/home/n/w/nwhite01/storage/ocr_20150623/160/hvd.32044036446961/168.png"; bbox 0 0 3998 6464; ppageno 0'>
   <div class='ocr_carea' id='block_1_1' title="bbox 322 349 433 419">
    <p class='ocr_par' dir='ltr' id='par_1_1' title="bbox 322 349 433 419">
     <span class='ocr_line' id='line_1_1' title="bbox 322 349 433 419; baseline 0.018 -2"><span class='ocrx_word' id='word_1_1' title='bbox 322 349 433 419; x_wconf 60' lang='lat'><strong>2%</strong></span> 
     </span>
    </p>
   </div>
   <div class='ocr_carea' id='block_1_2' title="bbox 1802 357 2143 420">
    <p class='ocr_par' dir='ltr' id='par_1_2' title="bbox 1802 357 2143 420">
     <span class='ocr_line' id='line_1_2' title="bbox 1802 357 2143 420; baseline 0.006 -2"><span class='ocrx_word' id='word_1_2' title='bbox 1802 357 2143 420; x_wconf 78' lang='lat' dir='ltr'><strong>SCRIPTA.</strong></span> 
     </span>
    </p>
   </div>
   <div class='ocr_carea' id='block_1_3' title="bbox 3495 362 3607 428">
    <p class='ocr_par' dir='ltr' id='par_1_3' title="bbox 3495 362 3607 428">
     <span class='ocr_line' id='line_1_3' title="bbox 3495 362 3607 428; baseline 0.027 -3"><span class='ocrx_word' id='word_1_3' title='bbox 3495 362 3607 428; x_wconf 72' lang='lat'><strong>986</strong></span> 
     </span>
    </p>
   </div>
   <div class='ocr_carea' id='block_1_4' title="bbox 324 459 3600 544">
    <p class='ocr_par' dir='ltr' id='par_1_4' title="bbox 324 459 3600 544">
     <span class='ocr_line' id='line_1_4' title="bbox 324 459 3600 544; baseline 0.002 -22"><span class='ocrx_word' id='word_1_4' title='bbox 324 465 857 538; x_wconf 73' lang='lat' dir='ltr'><strong>Constantinopolim</strong></span> <span class='ocrx_word' id='word_1_5' title='bbox 885 465 1100 534; x_wconf 85' lang='lat' dir='ltr'><strong>tulisse,</strong></span> <span class='ocrx_word' id='word_1_6' title='bbox 1129 475 1184 524; x_wconf 89' lang='lat' dir='ltr'><strong>et</strong></span> <span class='ocrx_word' id='word_1_7' title='bbox 1216 477 1276 523; x_wconf 88' lang='lat' dir='ltr'><strong>ut</strong></span> <span class='ocrx_word' id='word_1_8' title='bbox 1304 483 1512 526; x_wconf 81' lang='lat' dir='ltr'><strong>merces</strong></span> <span class='ocrx_word' id='word_1_9' title='bbox 1548 486 1741 541; x_wconf 85' lang='lat' dir='ltr'><strong>parum</strong></span> <span class='ocrx_word' id='word_1_10' title='bbox 1778 488 1911 525; x_wconf 73' lang='lat' dir='ltr'><strong>vrn—</strong></span> <span class='ocrx_word' id='word_1_11' title='bbox 1942 485 1985 535; x_wconf 74' lang='grc' dir='ltr'><strong>Α</strong></span> <span class='ocrx_word' id='word_1_12' title='bbox 2013 459 2113 528; x_wconf 78' lang='lat' dir='ltr'><strong>sed</strong></span> <span class='ocrx_word' id='word_1_13' title='bbox 2151 471 2464 528; x_wconf 71' lang='lat' dir='ltr'><strong>certissime</strong></span> <span class='ocrx_word' id='word_1_14' title='bbox 2496 471 2980 539; x_wconf 89' lang='lat' dir='ltr'><strong>demonstramus;</strong></span> <span class='ocrx_word' id='word_1_15' title='bbox 3012 481 3176 544; x_wconf 87' lang='lat' dir='ltr'><strong>atque</strong></span> <span class='ocrx_word' id='word_1_16' title='bbox 3207 471 3342 529; x_wconf 88' lang='lat' dir='ltr'><strong>adeo</strong></span> <span class='ocrx_word' id='word_1_17' title='bbox 3376 472 3600 530; x_wconf 82' lang='lat' dir='ltr'><strong>Germa-</strong></span> 
     </span>
    </p>
   </div>
   <div class='ocr_carea' id='block_1_5' title="bbox 326 559 1908 627">
    <p class='ocr_par' dir='ltr' id='par_1_5' title="bbox 326 559 1908 627">
     <span class='ocr_line' id='line_1_5' title="bbox 326 559 1908 627; baseline 0.003 -14"><span class='ocrx_word' id='word_1_18' title='bbox 326 560 522 613; x_wconf 89' lang='lat' dir='ltr'><strong>dibiles</strong></span> <span class='ocrx_word' id='word_1_19' title='bbox 566 561 787 615; x_wconf 84' lang='lat' dir='ltr'><strong>domum</strong></span> <span class='ocrx_word' id='word_1_20' title='bbox 835 561 1105 615; x_wconf 84' lang='lat' dir='ltr'><strong>retulisse.</strong></span> <span class='ocrx_word' id='word_1_21' title='bbox 1155 559 1276 627; x_wconf 87' lang='lat' dir='ltr'><strong>Quo</strong></span> <span class='ocrx_word' id='word_1_22' title='bbox 1323 562 1470 617; x_wconf 89' lang='lat' dir='ltr'><strong>enim</strong></span> <span class='ocrx_word' id='word_1_23' title='bbox 1525 565 1685 619; x_wconf 84' lang='lat' dir='ltr'><strong>modo</strong></span> <span class='ocrx_word' id='word_1_24' title='bbox 1728 564 1908 619; x_wconf 79' lang='lat' dir='ltr'><strong>Graeci</strong></span> 
     </span>
    </p>
   </div>
   <div class='ocr_carea' id='block_1_6' title="bbox 330 650 1900 724">
    <p class='ocr_par' dir='ltr' id='par_1_6' title="bbox 330 650 1900 724">
     <span class='ocr_line' id='line_1_6' title="bbox 330 650 1900 724; baseline 0.001 -18"><span class='ocrx_word' id='word_1_25' title='bbox 330 652 527 706; x_wconf 85' lang='lat' dir='ltr'><strong>falsum</strong></span> <span class='ocrx_word' id='word_1_26' title='bbox 574 650 708 705; x_wconf 90' lang='lat' dir='ltr'><strong>illud</strong></span> <span class='ocrx_word' id='word_1_27' title='bbox 759 660 996 720; x_wconf 84' lang='lat' dir='ltr'><strong>systema</strong></span> <span class='ocrx_word' id='word_1_28' title='bbox 1025 668 1134 707; x_wconf 92' lang='lat' dir='ltr'><strong>non</strong></span> <span class='ocrx_word' id='word_1_29' title='bbox 1182 658 1553 724; x_wconf 83' lang='lat' dir='ltr'><strong>lgnorassent,</strong></span> <span class='ocrx_word' id='word_1_30' title='bbox 1591 654 1735 723; x_wconf 90' lang='lat' dir='ltr'><strong>quod</strong></span> <span class='ocrx_word' id='word_1_31' title='bbox 1764 670 1900 724; x_wconf 77' lang='lat' dir='ltr'><strong>pra:-</strong></span> 
     </span>
    </p>
   </div>
   <div class='ocr_carea' id='block_1_7' title="bbox 332 741 1914 815">
    <p class='ocr_par' dir='ltr' id='par_1_7' title="bbox 332 741 1914 815">
     <span class='ocr_line' id='line_1_7' title="bbox 332 741 1914 815; baseline 0.001 -19"><span class='ocrx_word' id='word_1_32' title='bbox 332 750 580 812; x_wconf 89' lang='lat' dir='ltr'><strong>terquam</strong></span> <span class='ocrx_word' id='word_1_33' title='bbox 626 741 858 797; x_wconf 87' lang='lat' dir='ltr'><strong>Claudio</strong></span> <span class='ocrx_word' id='word_1_34' title='bbox 901 743 957 797; x_wconf 93' lang='lat' dir='ltr'><strong>in</strong></span> <span class='ocrx_word' id='word_1_35' title='bbox 998 742 1185 798; x_wconf 71' lang='lat' dir='ltr'><strong>Graeca</strong></span> <span class='ocrx_word' id='word_1_36' title='bbox 1219 744 1524 799; x_wconf 74' lang='lat' dir='ltr'><strong>litteratura</strong></span> <span class='ocrx_word' id='word_1_37' title='bbox 1573 744 1736 815; x_wconf 83' lang='lat' dir='ltr'><strong>plane</strong></span> <span class='ocrx_word' id='word_1_38' title='bbox 1784 744 1914 799; x_wconf 87' lang='lat' dir='ltr'><strong>hos-</strong></span> 
     </span>
    </p>
   </div>
   <div class='ocr_carea' id='block_1_8' title="bbox 329 833 1914 906">
    <p class='ocr_par' dir='ltr' id='par_1_8' title="bbox 329 833 1914 906">
     <span class='ocr_line' id='line_1_8' title="bbox 329 833 1914 906; baseline 0.003 -18"><span class='ocrx_word' id='word_1_39' title='bbox 329 835 450 905; x_wconf 88' lang='lat' dir='ltr'><strong>piti,</strong></span> <span class='ocrx_word' id='word_1_40' title='bbox 485 833 688 890; x_wconf 88' lang='lat' dir='ltr'><strong>nemini</strong></span> <span class='ocrx_word' id='word_1_41' title='bbox 718 848 956 904; x_wconf 82' lang='lat' dir='ltr'><strong>unquam</strong></span> <span class='ocrx_word' id='word_1_42' title='bbox 990 844 1212 890; x_wconf 82' lang='lat' dir='ltr'><strong>venerat</strong></span> <span class='ocrx_word' id='word_1_43' title='bbox 1243 838 1300 889; x_wconf 93' lang='lat' dir='ltr'><strong>in</strong></span> <span class='ocrx_word' id='word_1_44' title='bbox 1336 837 1618 892; x_wconf 75' lang='lat' dir='ltr'><strong>mentem?</strong></span> <span class='ocrx_word' id='word_1_45' title='bbox 1649 844 1749 891; x_wconf 91' lang='lat' dir='ltr'><strong>aut</strong></span> <span class='ocrx_word' id='word_1_46' title='bbox 1776 851 1914 906; x_wconf 51' lang='lat' dir='ltr'><strong>quo.</strong></span> 
     </span>
    </p>
   </div>
   <div class='ocr_carea' id='block_1_9' title="bbox 332 926 1918 999">
    <p class='ocr_par' dir='ltr' id='par_1_9' title="bbox 332 926 1918 999">
     <span class='ocr_line' id='line_1_9' title="bbox 332 926 1918 999; baseline 0.001 -18"><span class='ocrx_word' id='word_1_47' title='bbox 332 927 494 981; x_wconf 88' lang='lat' dir='ltr'><strong>modo</strong></span> <span class='ocrx_word' id='word_1_48' title='bbox 520 927 572 979; x_wconf 94' lang='lat' dir='ltr'><strong>in</strong></span> <span class='ocrx_word' id='word_1_49' title='bbox 597 927 933 981; x_wconf 80' lang='lat' dir='ltr'><strong>contrariam</strong></span> <span class='ocrx_word' id='word_1_50' title='bbox 961 926 1585 999; x_wconf 70' lang='lat' dir='ltr'><strong>Decretis&#39;synodalibus</strong></span> <span class='ocrx_word' id='word_1_51' title='bbox 1609 929 1749 991; x_wconf 83' lang='lat' dir='ltr'><strong>suis,</strong></span> <span class='ocrx_word' id='word_1_52' title='bbox 1772 927 1918 983; x_wconf 89' lang='lat' dir='ltr'><strong>Con-</strong></span> 
     </span>
    </p>
   </div>
   <div class='ocr_carea' id='block_1_10' title="bbox 333 1016 1914 1088">
    <p class='ocr_par' dir='ltr' id='par_1_10' title="bbox 333 1016 1914 1088">
     <span class='ocr_line' id='line_1_10' title="bbox 333 1016 1914 1088; baseline 0.001 -18"><span class='ocrx_word' id='word_1_53' title='bbox 333 1016 561 1073; x_wconf 87' lang='lat' dir='ltr'><strong>fessioni</strong></span> <span class='ocrx_word' id='word_1_54' title='bbox 592 1018 928 1081; x_wconf 67' lang='lat' dir='ltr'><strong>orthodoxae,</strong></span> <span class='ocrx_word' id='word_1_55' title='bbox 967 1016 1295 1088; x_wconf 70' lang='lat' dir='ltr'><strong>disciplinae,</strong></span> <span class='ocrx_word' id='word_1_56' title='bbox 1337 1017 1616 1073; x_wconf 90' lang='lat' dir='ltr'><strong>communi</strong></span> <span class='ocrx_word' id='word_1_57' title='bbox 1644 1017 1914 1073; x_wconf 73' lang='lat' dir='ltr'><strong>doctrinm</strong></span> 
     </span>
    </p>
   </div>
   <div class='ocr_carea' id='block_1_11' title="bbox 332 1108 1909 1178">
    <p class='ocr_par' dir='ltr' id='par_1_11' title="bbox 332 1108 1909 1178">
     <span class='ocr_line' id='line_1_11' title="bbox 332 1108 1909 1178; baseline -0.001 -14"><span class='ocrx_word' id='word_1_58' title='bbox 332 1109 660 1164; x_wconf 76' lang='lat' dir='ltr'><strong>sententiam</strong></span> <span class='ocrx_word' id='word_1_59' title='bbox 689 1110 832 1163; x_wconf 85' lang='lat' dir='ltr'><strong>intra</strong></span> <span class='ocrx_word' id='word_1_60' title='bbox 874 1123 1077 1178; x_wconf 85' lang='lat' dir='ltr'><strong>paucos</strong></span> <span class='ocrx_word' id='word_1_61' title='bbox 1103 1124 1279 1165; x_wconf 88' lang='lat' dir='ltr'><strong>annos</strong></span> <span class='ocrx_word' id='word_1_62' title='bbox 1309 1109 1617 1165; x_wconf 88' lang='lat' dir='ltr'><strong>transducti</strong></span> <span class='ocrx_word' id='word_1_63' title='bbox 1647 1108 1909 1174; x_wconf 76' lang='lat' dir='ltr'><strong>fuissent,</strong></span> 
     </span>
    </p>
   </div>
   <div class='ocr_carea' id='block_1_12' title="bbox 337 1200 1910 1264">
    <p class='ocr_par' dir='ltr' id='par_1_12' title="bbox 337 1200 1910 1264">
     <span class='ocr_line' id='line_1_12' title="bbox 337 1200 1910 1264; baseline 0.001 -10"><span class='ocrx_word' id='word_1_64' title='bbox 337 1200 556 1255; x_wconf 88' lang='lat' dir='ltr'><strong>nemine</strong></span> <span class='ocrx_word' id='word_1_65' title='bbox 600 1201 1034 1264; x_wconf 89' lang='lat' dir='ltr'><strong>contradicente,</strong></span> <span class='ocrx_word' id='word_1_66' title='bbox 1097 1210 1193 1255; x_wconf 91' lang='lat' dir='ltr'><strong>aut</strong></span> <span class='ocrx_word' id='word_1_67' title='bbox 1240 1200 1755 1256; x_wconf 76' lang='lat' dir='ltr'><strong>animadvertente!</strong></span> <span class='ocrx_word' id='word_1_68' title='bbox 1807 1200 1910 1256; x_wconf 87' lang='lat' dir='ltr'><strong>Sed</strong></span> 
     </span>
    </p>
   </div>
   <div class='ocr_carea' id='block_1_13' title="bbox 335 1290 1912 1362">
    <p class='ocr_par' dir='ltr' id='par_1_13' title="bbox 335 1290 1912 1362">
     <span class='ocr_line' id='line_1_13' title="bbox 335 1290 1912 1362; baseline 0 -15"><span class='ocrx_word' id='word_1_69' title='bbox 335 1291 471 1347; x_wconf 81' lang='lat' dir='ltr'><strong>satis</strong></span> <span class='ocrx_word' id='word_1_70' title='bbox 504 1290 780 1346; x_wconf 82' lang='lat' dir='ltr'><strong>confutata</strong></span> <span class='ocrx_word' id='word_1_71' title='bbox 817 1299 946 1346; x_wconf 92' lang='lat' dir='ltr'><strong>sunt</strong></span> <span class='ocrx_word' id='word_1_72' title='bbox 1008 1292 1124 1347; x_wconf 70' lang='lat' dir='ltr'><strong>haec</strong></span> <span class='ocrx_word' id='word_1_73' title='bbox 1164 1293 1349 1346; x_wconf 91' lang='lat' dir='ltr'><strong>omnia</strong></span> <span class='ocrx_word' id='word_1_74' title='bbox 1392 1291 1666 1362; x_wconf 77' lang='lat' dir='ltr'><strong>paradoxa</strong></span> <span class='ocrx_word' id='word_1_75' title='bbox 1716 1294 1785 1347; x_wconf 82' lang='lat' dir='ltr'><strong>ab</strong></span> <span class='ocrx_word' id='word_1_76' title='bbox 1811 1294 1912 1347; x_wconf 88' lang='lat' dir='ltr'><strong>ad-</strong></span> 
     </span>
    </p>
   </div>
   <div class='ocr_carea' id='block_1_14' title="bbox 334 1387 1911 1458">
    <p class='ocr_par' dir='ltr' id='par_1_14' title="bbox 334 1387 1911 1458">
     <span class='ocr_line' id='line_1_14' title="bbox 334 1387 1911 1458; baseline 0.003 -20"><span class='ocrx_word' id='word_1_77' title='bbox 334 1388 576 1441; x_wconf 85' lang='lat' dir='ltr'><strong>versario</strong></span> <span class='ocrx_word' id='word_1_78' title='bbox 638 1387 987 1450; x_wconf 85' lang='lat' dir='ltr'><strong>doctissimo,</strong></span> <span class='ocrx_word' id='word_1_79' title='bbox 1048 1402 1227 1458; x_wconf 89' lang='lat' dir='ltr'><strong>neque</strong></span> <span class='ocrx_word' id='word_1_80' title='bbox 1263 1388 1357 1442; x_wconf 81' lang='lat' dir='ltr'><strong>illa</strong></span> <span class='ocrx_word' id='word_1_81' title='bbox 1400 1388 1626 1443; x_wconf 88' lang='lat' dir='ltr'><strong>uberius</strong></span> <span class='ocrx_word' id='word_1_82' title='bbox 1660 1388 1911 1444; x_wconf 87' lang='lat' dir='ltr'><strong>refellen-</strong></span> 
     </span>
    </p>
   </div>
   <div class='ocr_carea' id='block_1_15' title="bbox 331 1476 1908 1551">
    <p class='ocr_par' dir='ltr' id='par_1_15' title="bbox 331 1476 1908 1551">
     <span class='ocr_line' id='line_1_15' title="bbox 331 1476 1908 1551; baseline 0.003 -20"><span class='ocrx_word' id='word_1_83' title='bbox 331 1478 385 1531; x_wconf 92' lang='lat' dir='ltr'><strong>di</strong></span> <span class='ocrx_word' id='word_1_84' title='bbox 414 1493 576 1534; x_wconf 90' lang='lat' dir='ltr'><strong>causa</strong></span> <span class='ocrx_word' id='word_1_85' title='bbox 607 1478 712 1532; x_wconf 90' lang='lat' dir='ltr'><strong>ulla</strong></span> <span class='ocrx_word' id='word_1_86' title='bbox 752 1476 915 1545; x_wconf 89' lang='lat' dir='ltr'><strong>foret,</strong></span> <span class='ocrx_word' id='word_1_87' title='bbox 945 1478 1051 1534; x_wconf 86' lang='lat' dir='ltr'><strong>nisi</strong></span> <span class='ocrx_word' id='word_1_88' title='bbox 1081 1479 1611 1536; x_wconf 87' lang='lat' dir='ltr'><strong>animadverteretur</strong></span> <span class='ocrx_word' id='word_1_89' title='bbox 1639 1482 1908 1551; x_wconf 80' lang='lat' dir='ltr'><strong>quotidie,</strong></span> 
     </span>
    </p>
   </div>
   <div class='ocr_carea' id='block_1_16' title="bbox 332 1568 1912 1641">
    <p class='ocr_par' dir='ltr' id='par_1_16' title="bbox 332 1568 1912 1641">
     <span class='ocr_line' id='line_1_16' title="bbox 332 1568 1912 1641; baseline 0.003 -19"><span class='ocrx_word' id='word_1_90' title='bbox 332 1568 468 1622; x_wconf 86' lang='lat' dir='ltr'><strong>nihil</strong></span> <span class='ocrx_word' id='word_1_91' title='bbox 499 1578 604 1623; x_wconf 90' lang='lat' dir='ltr'><strong>tam</strong></span> <span class='ocrx_word' id='word_1_92' title='bbox 641 1569 940 1623; x_wconf 84' lang='lat' dir='ltr'><strong>absurdum</strong></span> <span class='ocrx_word' id='word_1_93' title='bbox 981 1578 1077 1623; x_wconf 83' lang='lat' dir='ltr'><strong>aut</strong></span> <span class='ocrx_word' id='word_1_94' title='bbox 1099 1568 1295 1624; x_wconf 87' lang='lat' dir='ltr'><strong>falsum</strong></span> <span class='ocrx_word' id='word_1_95' title='bbox 1319 1585 1350 1624; x_wconf 86' lang='lat' dir='ltr'><strong>a</strong></span> <span class='ocrx_word' id='word_1_96' title='bbox 1374 1586 1646 1641; x_wconf 90' lang='lat' dir='ltr'><strong>quoquam</strong></span> <span class='ocrx_word' id='word_1_97' title='bbox 1683 1570 1912 1639; x_wconf 74' lang='lat' dir='ltr'><strong>alicujus</strong></span> 
     </span>
    </p>
   </div>
   <div class='ocr_carea' id='block_1_17' title="bbox 337 1660 1909 1732">
    <p class='ocr_par' dir='ltr' id='par_1_17' title="bbox 337 1660 1909 1732">
     <span class='ocr_line' id='line_1_17' title="bbox 337 1660 1909 1732; baseline 0.001 -18"><span class='ocrx_word' id='word_1_98' title='bbox 337 1662 576 1716; x_wconf 86' lang='lat' dir='ltr'><strong>nominis</strong></span> <span class='ocrx_word' id='word_1_99' title='bbox 592 1660 891 1716; x_wconf 84' lang='lat' dir='ltr'><strong>Calvinista</strong></span> <span class='ocrx_word' id='word_1_100' title='bbox 911 1660 1162 1716; x_wconf 83' lang='lat' dir='ltr'><strong>alIirmari</strong></span> <span class='ocrx_word' id='word_1_101' title='bbox 1178 1676 1367 1732; x_wconf 87' lang='lat' dir='ltr'><strong>posse,</strong></span> <span class='ocrx_word' id='word_1_102' title='bbox 1394 1663 1540 1732; x_wconf 91' lang='lat' dir='ltr'><strong>quod</strong></span> <span class='ocrx_word' id='word_1_103' title='bbox 1588 1678 1696 1717; x_wconf 88' lang='lat' dir='ltr'><strong>non</strong></span> <span class='ocrx_word' id='word_1_104' title='bbox 1726 1664 1909 1717; x_wconf 86' lang='lat' dir='ltr'><strong>statim</strong></span> 
     </span>
    </p>
   </div>
   <div class='ocr_carea' id='block_1_18' title="bbox 331 1752 1912 1825">
    <p class='ocr_par' dir='ltr' id='par_1_18' title="bbox 331 1752 1912 1825">
     <span class='ocr_line' id='line_1_18' title="bbox 331 1752 1912 1825; baseline 0.003 -19"><span class='ocrx_word' id='word_1_105' title='bbox 331 1752 643 1808; x_wconf 83' lang='lat' dir='ltr'><strong>laudatores</strong></span> <span class='ocrx_word' id='word_1_106' title='bbox 667 1752 917 1809; x_wconf 87' lang='lat' dir='ltr'><strong>credulos</strong></span> <span class='ocrx_word' id='word_1_107' title='bbox 936 1753 1198 1819; x_wconf 87' lang='lat' dir='ltr'><strong>inveniat,</strong></span> <span class='ocrx_word' id='word_1_108' title='bbox 1246 1769 1479 1824; x_wconf 82' lang='lat' dir='ltr'><strong>moxque</strong></span> <span class='ocrx_word' id='word_1_109' title='bbox 1499 1755 1639 1825; x_wconf 85' lang='lat' dir='ltr'><strong>apud</strong></span> <span class='ocrx_word' id='word_1_110' title='bbox 1677 1756 1912 1825; x_wconf 83' lang='lat' dir='ltr'><strong>reliquos</strong></span> 
     </span>
    </p>
   </div>
   <div class='ocr_carea' id='block_1_19' title="bbox 330 1824 1987 1916">
    <p class='ocr_par' dir='ltr' id='par_1_19' title="bbox 330 1824 1987 1916">
     <span class='ocr_line' id='line_1_19' title="bbox 330 1824 1987 1916; baseline 0.002 -18"><span class='ocrx_word' id='word_1_111' title='bbox 330 1853 578 1900; x_wconf 86' lang='lat' dir='ltr'><strong>transeat</strong></span> <span class='ocrx_word' id='word_1_112' title='bbox 625 1846 1029 1915; x_wconf 84' lang='lat' dir='ltr'><strong>quodammodo</strong></span> <span class='ocrx_word' id='word_1_113' title='bbox 1048 1846 1103 1902; x_wconf 91' lang='lat' dir='ltr'><strong>in</strong></span> <span class='ocrx_word' id='word_1_114' title='bbox 1132 1862 1243 1902; x_wconf 90' lang='lat' dir='ltr'><strong>rem</strong></span> <span class='ocrx_word' id='word_1_115' title='bbox 1265 1824 1585 1916; x_wconf 86' lang='lat' dir='ltr'><strong>judicatam.</strong></span> <span class='ocrx_word' id='word_1_116' title='bbox 1607 1846 1742 1901; x_wconf 88' lang='lat' dir='ltr'><strong>Nam</strong></span> <span class='ocrx_word' id='word_1_117' title='bbox 1764 1824 1914 1901; x_wconf 85' lang='lat' dir='ltr'><strong>men-</strong></span> <span class='ocrx_word' id='word_1_118' title='bbox 1950 1824 1987 1876; x_wconf 76' lang='grc' dir='ltr'><strong><em>Β</em></strong></span> 
     </span>
    </p>
   </div>
   <div class='ocr_carea' id='block_1_20' title="bbox 331 1938 1911 2009">
    <p class='ocr_par' dir='ltr' id='par_1_20' title="bbox 331 1938 1911 2009">
     <span class='ocr_line' id='line_1_20' title="bbox 331 1938 1911 2009; baseline 0 -17"><span class='ocrx_word' id='word_1_119' title='bbox 331 1938 551 1992; x_wconf 76' lang='lat' dir='ltr'><strong>dacium</strong></span> <span class='ocrx_word' id='word_1_120' title='bbox 590 1938 721 1992; x_wconf 89' lang='lat' dir='ltr'><strong>illud</strong></span> <span class='ocrx_word' id='word_1_121' title='bbox 762 1944 958 2004; x_wconf 90' lang='lat' dir='ltr'><strong>totum,</strong></span> <span class='ocrx_word' id='word_1_122' title='bbox 1005 1938 1070 1993; x_wconf 87' lang='lat' dir='ltr'><strong>de</strong></span> <span class='ocrx_word' id='word_1_123' title='bbox 1103 1938 1310 1993; x_wconf 69' lang='lat' dir='ltr'><strong>Graecis</strong></span> <span class='ocrx_word' id='word_1_124' title='bbox 1356 1940 1487 1993; x_wconf 88' lang='lat' dir='ltr'><strong>nihil</strong></span> <span class='ocrx_word' id='word_1_125' title='bbox 1526 1940 1705 1995; x_wconf 90' lang='lat' dir='ltr'><strong>minus</strong></span> <span class='ocrx_word' id='word_1_126' title='bbox 1746 1955 1911 2009; x_wconf 87' lang='lat' dir='ltr'><strong>quam</strong></span> 
     </span>
    </p>
   </div>
   <div class='ocr_carea' id='block_1_21' title="bbox 333 2032 1917 2101">
    <p class='ocr_par' dir='ltr' id='par_1_21' title="bbox 333 2032 1917 2101">
     <span class='ocr_line' id='line_1_21' title="bbox 333 2032 1917 2101; baseline 0.001 -17"><span class='ocrx_word' id='word_1_127' title='bbox 333 2032 537 2085; x_wconf 85' lang='lat' dir='ltr'><strong>realem</strong></span> <span class='ocrx_word' id='word_1_128' title='bbox 572 2032 917 2101; x_wconf 69' lang='lat' dir='ltr'><strong>prmsentiam</strong></span> <span class='ocrx_word' id='word_1_129' title='bbox 967 2032 1751 2101; x_wconf 85' lang='lat' dir='ltr'><strong>transsuhstantiationemque</strong></span> <span class='ocrx_word' id='word_1_130' title='bbox 1798 2047 1917 2085; x_wconf 80' lang='lat' dir='ltr'><strong>ore-</strong></span> 
     </span>
    </p>
   </div>
   <div class='ocr_carea' id='block_1_22' title="bbox 334 2120 1920 2195">
    <p class='ocr_par' dir='ltr' id='par_1_22' title="bbox 334 2120 1920 2195">
     <span class='ocr_line' id='line_1_22' title="bbox 334 2120 1920 2195; baseline 0.002 -19"><span class='ocrx_word' id='word_1_131' title='bbox 334 2122 617 2185; x_wconf 90' lang='lat' dir='ltr'><strong>dentibus,</strong></span> <span class='ocrx_word' id='word_1_132' title='bbox 645 2121 738 2177; x_wconf 91' lang='lat' dir='ltr'><strong>sed</strong></span> <span class='ocrx_word' id='word_1_133' title='bbox 765 2137 886 2176; x_wconf 88' lang='lat' dir='ltr'><strong>eam</strong></span> <span class='ocrx_word' id='word_1_134' title='bbox 922 2120 1080 2175; x_wconf 84' lang='lat' dir='ltr'><strong>fidem</strong></span> <span class='ocrx_word' id='word_1_135' title='bbox 1120 2124 1603 2193; x_wconf 86' lang='lat' dir='ltr'><strong>amplcctentibus,</strong></span> <span class='ocrx_word' id='word_1_136' title='bbox 1632 2138 1790 2191; x_wconf 84' lang='lat' dir='ltr'><strong>quam</strong></span> <span class='ocrx_word' id='word_1_137' title='bbox 1816 2123 1920 2195; x_wconf 85' lang='lat' dir='ltr'><strong>Cy-</strong></span> 
     </span>
    </p>
   </div>
   <div class='ocr_carea' id='block_1_23' title="bbox 337 2212 1920 2284">
    <p class='ocr_par' dir='ltr' id='par_1_23' title="bbox 337 2212 1920 2284">
     <span class='ocr_line' id='line_1_23' title="bbox 337 2212 1920 2284; baseline 0.003 -17"><span class='ocrx_word' id='word_1_138' title='bbox 337 2213 498 2268; x_wconf 87' lang='lat' dir='ltr'><strong>rillus</strong></span> <span class='ocrx_word' id='word_1_139' title='bbox 532 2228 631 2268; x_wconf 87' lang='lat' dir='ltr'><strong>sua</strong></span> <span class='ocrx_word' id='word_1_140' title='bbox 663 2212 1026 2269; x_wconf 71' lang='lat' dir='ltr'><strong>tionfessione</strong></span> <span class='ocrx_word' id='word_1_141' title='bbox 1077 2214 1353 2284; x_wconf 76' lang='lat' dir='ltr'><strong>exposuit.</strong></span> <span class='ocrx_word' id='word_1_142' title='bbox 1389 2230 1417 2268; x_wconf 93' lang='lat' dir='ltr'><strong>a</strong></span> <span class='ocrx_word' id='word_1_143' title='bbox 1454 2214 1683 2269; x_wconf 88' lang='lat' dir='ltr'><strong>Claudio</strong></span> <span class='ocrx_word' id='word_1_144' title='bbox 1719 2216 1920 2271; x_wconf 82' lang='lat' dir='ltr'><strong>conﬂa-</strong></span> 
     </span>
    </p>
   </div>
   <div class='ocr_carea' id='block_1_24' title="bbox 340 2304 1917 2377">
    <p class='ocr_par' dir='ltr' id='par_1_24' title="bbox 340 2304 1917 2377">
     <span class='ocr_line' id='line_1_24' title="bbox 340 2304 1917 2377; baseline 0.001 -18"><span class='ocrx_word' id='word_1_145' title='bbox 340 2317 457 2359; x_wconf 87' lang='lat' dir='ltr'><strong>tum</strong></span> <span class='ocrx_word' id='word_1_146' title='bbox 502 2313 607 2367; x_wconf 91' lang='lat' dir='ltr'><strong>est,</strong></span> <span class='ocrx_word' id='word_1_147' title='bbox 651 2304 1057 2369; x_wconf 80' lang='lat' dir='ltr'><strong>dissimulante,</strong></span> <span class='ocrx_word' id='word_1_148' title='bbox 1102 2306 1185 2359; x_wconf 90' lang='lat' dir='ltr'><strong>vel</strong></span> <span class='ocrx_word' id='word_1_149' title='bbox 1219 2307 1501 2377; x_wconf 75' lang='lat' dir='ltr'><strong>ignorante</strong></span> <span class='ocrx_word' id='word_1_150' title='bbox 1534 2306 1715 2374; x_wconf 90' lang='lat' dir='ltr'><strong>potius</strong></span> <span class='ocrx_word' id='word_1_151' title='bbox 1752 2322 1917 2377; x_wconf 90' lang='lat' dir='ltr'><strong>quam</strong></span> 
     </span>
    </p>
   </div>
   <div class='ocr_carea' id='block_1_25' title="bbox 336 2396 1922 2462">
    <p class='ocr_par' dir='ltr' id='par_1_25' title="bbox 336 2396 1922 2462">
     <span class='ocr_line' id='line_1_25' title="bbox 336 2396 1922 2462; baseline -0.001 -7"><span class='ocrx_word' id='word_1_152' title='bbox 336 2400 616 2455; x_wconf 88' lang='lat' dir='ltr'><strong>diversum</strong></span> <span class='ocrx_word' id='word_1_153' title='bbox 655 2398 793 2452; x_wconf 88' lang='lat' dir='ltr'><strong>foret</strong></span> <span class='ocrx_word' id='word_1_154' title='bbox 824 2412 933 2451; x_wconf 89' lang='lat' dir='ltr'><strong>non</strong></span> <span class='ocrx_word' id='word_1_155' title='bbox 965 2396 1279 2453; x_wconf 57' lang='lat' dir='ltr'><strong>Griecorum</strong></span> <span class='ocrx_word' id='word_1_156' title='bbox 1315 2398 1502 2462; x_wconf 83' lang='lat' dir='ltr'><strong>modo,</strong></span> <span class='ocrx_word' id='word_1_157' title='bbox 1536 2400 1631 2453; x_wconf 90' lang='lat' dir='ltr'><strong>sed</strong></span> <span class='ocrx_word' id='word_1_158' title='bbox 1663 2399 1922 2455; x_wconf 88' lang='lat' dir='ltr'><strong>doctissi-</strong></span> 
     </span>
    </p>
   </div>
   <div class='ocr_carea' id='block_1_26' title="bbox 340 2491 1921 2548">
    <p class='ocr_par' dir='ltr' id='par_1_26' title="bbox 340 2491 1921 2548">
     <span class='ocr_line' id='line_1_26' title="bbox 340 2491 1921 2548; baseline -0.001 0"><span class='ocrx_word' id='word_1_159' title='bbox 340 2510 551 2548; x_wconf 84' lang='lat' dir='ltr'><strong>morum</strong></span> <span class='ocrx_word' id='word_1_160' title='bbox 594 2493 755 2547; x_wconf 86' lang='lat' dir='ltr'><strong>etiam</strong></span> <span class='ocrx_word' id='word_1_161' title='bbox 801 2500 955 2545; x_wconf 76' lang='lat' dir='ltr'><strong>extra</strong></span> <span class='ocrx_word' id='word_1_162' title='bbox 998 2491 1301 2546; x_wconf 80' lang='lat' dir='ltr'><strong>Romanam</strong></span> <span class='ocrx_word' id='word_1_163' title='bbox 1353 2494 1799 2548; x_wconf 90' lang='lat' dir='ltr'><strong>communionem</strong></span> <span class='ocrx_word' id='word_1_164' title='bbox 1854 2494 1921 2547; x_wconf 87' lang='lat' dir='ltr'><strong>de</strong></span> 
     </span>
    </p>
   </div>
   <div class='ocr_carea' id='block_1_27' title="bbox 341 2581 1923 2653">
    <p class='ocr_par' dir='ltr' id='par_1_27' title="bbox 341 2581 1923 2653">
     <span class='ocr_line' id='line_1_27' title="bbox 341 2581 1923 2653; baseline -0.001 -14"><span class='ocrx_word' id='word_1_165' title='bbox 341 2584 529 2639; x_wconf 78' lang='lat' dir='ltr'><strong>eadem</strong></span> <span class='ocrx_word' id='word_1_166' title='bbox 563 2582 856 2653; x_wconf 84' lang='lat' dir='ltr'><strong>judicium.</strong></span> <span class='ocrx_word' id='word_1_167' title='bbox 896 2581 1178 2637; x_wconf 86' lang='lat' dir='ltr'><strong>Creditum</strong></span> <span class='ocrx_word' id='word_1_168' title='bbox 1220 2582 1274 2635; x_wconf 93' lang='lat' dir='ltr'><strong>id</strong></span> <span class='ocrx_word' id='word_1_169' title='bbox 1311 2581 1481 2637; x_wconf 90' lang='lat' dir='ltr'><strong>fuisse</strong></span> <span class='ocrx_word' id='word_1_170' title='bbox 1525 2583 1593 2636; x_wconf 89' lang='lat' dir='ltr'><strong>ab</strong></span> <span class='ocrx_word' id='word_1_171' title='bbox 1628 2583 1923 2638; x_wconf 89' lang='lat' dir='ltr'><strong>illitteratis</strong></span> 
     </span>
    </p>
   </div>
   <div class='ocr_carea' id='block_1_28' title="bbox 346 2672 1924 2743">
    <p class='ocr_par' dir='ltr' id='par_1_28' title="bbox 346 2672 1924 2743">
     <span class='ocr_line' id='line_1_28' title="bbox 346 2672 1924 2743; baseline -0.002 -14"><span class='ocrx_word' id='word_1_172' title='bbox 346 2690 414 2729; x_wconf 78' lang='lat' dir='ltr'><strong>ex</strong></span> <span class='ocrx_word' id='word_1_173' title='bbox 454 2675 574 2743; x_wconf 82' lang='lat' dir='ltr'><strong>ejus</strong></span> <span class='ocrx_word' id='word_1_174' title='bbox 622 2682 792 2735; x_wconf 89' lang='lat' dir='ltr'><strong>secta,</strong></span> <span class='ocrx_word' id='word_1_175' title='bbox 831 2688 992 2726; x_wconf 91' lang='lat' dir='ltr'><strong>nemo</strong></span> <span class='ocrx_word' id='word_1_176' title='bbox 1036 2672 1327 2726; x_wconf 87' lang='lat' dir='ltr'><strong>mirabitur</strong></span> <span class='ocrx_word' id='word_1_177' title='bbox 1364 2691 1378 2726; x_wconf 89' lang='lat'><strong>:</strong></span> <span class='ocrx_word' id='word_1_178' title='bbox 1419 2673 1544 2742; x_wconf 90' lang='lat' dir='ltr'><strong>quis</strong></span> <span class='ocrx_word' id='word_1_179' title='bbox 1586 2675 1924 2728; x_wconf 76' lang='lat' dir='ltr'><strong>existimaret</strong></span> 
     </span>
    </p>
   </div>
   <div class='ocr_carea' id='block_1_29' title="bbox 350 2765 1927 2821">
    <p class='ocr_par' dir='ltr' id='par_1_29' title="bbox 350 2765 1927 2821">
     <span class='ocr_line' id='line_1_29' title="bbox 350 2765 1927 2821; baseline -0.001 0"><span class='ocrx_word' id='word_1_180' title='bbox 350 2766 494 2821; x_wconf 86' lang='lat' dir='ltr'><strong>enim</strong></span> <span class='ocrx_word' id='word_1_181' title='bbox 532 2766 677 2818; x_wconf 84' lang='lat' dir='ltr'><strong>verbi</strong></span> <span class='ocrx_word' id='word_1_182' title='bbox 724 2765 892 2818; x_wconf 78' lang='lat' dir='ltr'><strong>divini</strong></span> <span class='ocrx_word' id='word_1_183' title='bbox 940 2765 1252 2817; x_wconf 90' lang='lat' dir='ltr'><strong>ministrum</strong></span> <span class='ocrx_word' id='word_1_184' title='bbox 1292 2765 1343 2817; x_wconf 94' lang='lat' dir='ltr'><strong>in</strong></span> <span class='ocrx_word' id='word_1_185' title='bbox 1393 2780 1451 2817; x_wconf 88' lang='lat' dir='ltr'><strong>re</strong></span> <span class='ocrx_word' id='word_1_186' title='bbox 1498 2775 1604 2817; x_wconf 87' lang='lat' dir='ltr'><strong>tam</strong></span> <span class='ocrx_word' id='word_1_187' title='bbox 1645 2767 1786 2819; x_wconf 86' lang='lat' dir='ltr'><strong>seria</strong></span> <span class='ocrx_word' id='word_1_188' title='bbox 1833 2776 1927 2820; x_wconf 92' lang='lat' dir='ltr'><strong>aut</strong></span> 
     </span>
    </p>
   </div>
   <div class='ocr_carea' id='block_1_30' title="bbox 348 2854 1925 2929">
    <p class='ocr_par' dir='ltr' id='par_1_30' title="bbox 348 2854 1925 2929">
     <span class='ocr_line' id='line_1_30' title="bbox 348 2854 1925 2929; baseline -0.003 -17"><span class='ocrx_word' id='word_1_189' title='bbox 348 2859 636 2926; x_wconf 76' lang='lat' dir='ltr'><strong>ignorasse</strong></span> <span class='ocrx_word' id='word_1_190' title='bbox 700 2855 842 2924; x_wconf 92' lang='lat' dir='ltr'><strong>quod</strong></span> <span class='ocrx_word' id='word_1_191' title='bbox 884 2855 1169 2918; x_wconf 75' lang='lat' dir='ltr'><strong>scriberet,</strong></span> <span class='ocrx_word' id='word_1_192' title='bbox 1210 2863 1304 2908; x_wconf 90' lang='lat' dir='ltr'><strong>aut</strong></span> <span class='ocrx_word' id='word_1_193' title='bbox 1343 2854 1488 2922; x_wconf 89' lang='lat' dir='ltr'><strong>quod</strong></span> <span class='ocrx_word' id='word_1_194' title='bbox 1530 2855 1925 2929; x_wconf 89' lang='lat' dir='ltr'><strong>incompertum</strong></span> 
     </span>
    </p>
   </div>
   <div class='ocr_carea' id='block_1_31' title="bbox 346 2945 1929 3012">
    <p class='ocr_par' dir='ltr' id='par_1_31' title="bbox 346 2945 1929 3012">
     <span class='ocr_line' id='line_1_31' title="bbox 346 2945 1929 3012; baseline -0.003 -8"><span class='ocrx_word' id='word_1_195' title='bbox 346 2950 452 3004; x_wconf 85' lang='lat' dir='ltr'><strong>sibi</strong></span> <span class='ocrx_word' id='word_1_196' title='bbox 499 2949 657 3012; x_wconf 88' lang='lat' dir='ltr'><strong>foret,</strong></span> <span class='ocrx_word' id='word_1_197' title='bbox 690 2956 798 3000; x_wconf 89' lang='lat' dir='ltr'><strong>tam</strong></span> <span class='ocrx_word' id='word_1_198' title='bbox 852 2953 1002 3000; x_wconf 90' lang='lat' dir='ltr'><strong>certo</strong></span> <span class='ocrx_word' id='word_1_199' title='bbox 1034 2945 1376 3002; x_wconf 84' lang='lat' dir='ltr'><strong>aﬂirmasse?</strong></span> <span class='ocrx_word' id='word_1_200' title='bbox 1413 2945 1571 3001; x_wconf 72' lang='lat' dir='ltr'><strong>Redit</strong></span> <span class='ocrx_word' id='word_1_201' title='bbox 1601 2948 1736 3001; x_wconf 88' lang='lat' dir='ltr'><strong>alter</strong></span> <span class='ocrx_word' id='word_1_202' title='bbox 1780 2946 1929 3001; x_wconf 88' lang='lat' dir='ltr'><strong>Con-</strong></span> 
     </span>
    </p>
   </div>
   <div class='ocr_carea' id='block_1_32' title="bbox 348 3038 1931 3109">
    <p class='ocr_par' dir='ltr' id='par_1_32' title="bbox 348 3038 1931 3109">
     <span class='ocr_line' id='line_1_32' title="bbox 348 3038 1931 3109; baseline -0.001 -15"><span class='ocrx_word' id='word_1_203' title='bbox 348 3039 726 3109; x_wconf 89' lang='lat' dir='ltr'><strong>stantinopoli,</strong></span> <span class='ocrx_word' id='word_1_204' title='bbox 750 3048 800 3093; x_wconf 90' lang='lat' dir='ltr'><strong>et</strong></span> <span class='ocrx_word' id='word_1_205' title='bbox 825 3054 945 3107; x_wconf 76' lang='lat' dir='ltr'><strong>qua:</strong></span> <span class='ocrx_word' id='word_1_206' title='bbox 967 3038 1231 3093; x_wconf 88' lang='lat' dir='ltr'><strong>Claudius</strong></span> <span class='ocrx_word' id='word_1_207' title='bbox 1259 3038 1621 3094; x_wconf 74' lang='lat' dir='ltr'><strong>afﬁrmaverat</strong></span> <span class='ocrx_word' id='word_1_208' title='bbox 1649 3040 1826 3094; x_wconf 87' lang='lat' dir='ltr'><strong>oculis</strong></span> <span class='ocrx_word' id='word_1_209' title='bbox 1872 3055 1931 3093; x_wconf 90' lang='lat' dir='ltr'><strong>se</strong></span> 
     </span>
    </p>
   </div>
   <div class='ocr_carea' id='block_1_33' title="bbox 343 3130 1932 3200">
    <p class='ocr_par' dir='ltr' id='par_1_33' title="bbox 343 3130 1932 3200">
     <span class='ocr_line' id='line_1_33' title="bbox 343 3130 1932 3200; baseline -0.004 -13"><span class='ocrx_word' id='word_1_210' title='bbox 343 3132 551 3188; x_wconf 76' lang='lat' dir='ltr'><strong>vidisse</strong></span> <span class='ocrx_word' id='word_1_211' title='bbox 577 3140 630 3186; x_wconf 87' lang='lat' dir='ltr'><strong>et.</strong></span> <span class='ocrx_word' id='word_1_212' title='bbox 656 3133 845 3185; x_wconf 86' lang='lat' dir='ltr'><strong>auditu</strong></span> <span class='ocrx_word' id='word_1_213' title='bbox 880 3131 1161 3200; x_wconf 89' lang='lat' dir='ltr'><strong>accepisse</strong></span> <span class='ocrx_word' id='word_1_214' title='bbox 1194 3132 1370 3185; x_wconf 90' lang='lat' dir='ltr'><strong>tribus</strong></span> <span class='ocrx_word' id='word_1_215' title='bbox 1398 3130 1592 3184; x_wconf 89' lang='lat' dir='ltr'><strong>libellis</strong></span> <span class='ocrx_word' id='word_1_216' title='bbox 1615 3131 1775 3185; x_wconf 87' lang='lat' dir='ltr'><strong>editis</strong></span> <span class='ocrx_word' id='word_1_217' title='bbox 1801 3146 1932 3183; x_wconf 86' lang='lat' dir='ltr'><strong>con-</strong></span> 
     </span>
    </p>
   </div>
   <div class='ocr_carea' id='block_1_34' title="bbox 346 3223 1924 3292">
    <p class='ocr_par' dir='ltr' id='par_1_34' title="bbox 346 3223 1924 3292">
     <span class='ocr_line' id='line_1_34' title="bbox 346 3223 1924 3292; baseline -0.004 -12"><span class='ocrx_word' id='word_1_218' title='bbox 346 3237 597 3282; x_wconf 83' lang='lat' dir='ltr'><strong>testatur.</strong></span> <span class='ocrx_word' id='word_1_219' title='bbox 659 3224 772 3280; x_wconf 86' lang='lat' dir='ltr'><strong>Nos</strong></span> <span class='ocrx_word' id='word_1_220' title='bbox 845 3224 1102 3279; x_wconf 85' lang='lat' dir='ltr'><strong>catholici</strong></span> <span class='ocrx_word' id='word_1_221' title='bbox 1163 3223 1598 3292; x_wconf 81' lang='lat' dir='ltr'><strong>patriarcharum</strong></span> <span class='ocrx_word' id='word_1_222' title='bbox 1658 3224 1924 3286; x_wconf 89' lang='lat' dir='ltr'><strong>omnium,</strong></span> 
     </span>
    </p>
   </div>
   <div class='ocr_carea' id='block_1_35' title="bbox 346 3313 1927 3389">
    <p class='ocr_par' dir='ltr' id='par_1_35' title="bbox 346 3313 1927 3389">
     <span class='ocr_line' id='line_1_35' title="bbox 346 3313 1927 3389; baseline -0.006 -15"><span class='ocrx_word' id='word_1_223' title='bbox 346 3319 818 3389; x_wconf 88' lang='lat' dir='ltr'><strong>metropolitarum</strong></span> <span class='ocrx_word' id='word_1_224' title='bbox 854 3326 907 3371; x_wconf 92' lang='lat' dir='ltr'><strong>et</strong></span> <span class='ocrx_word' id='word_1_225' title='bbox 951 3317 1186 3370; x_wconf 80' lang='lat' dir='ltr'><strong>aliorum</strong></span> <span class='ocrx_word' id='word_1_226' title='bbox 1236 3315 1728 3370; x_wconf 74' lang='lat' dir='ltr'><strong>ecclesiasticarum</strong></span> <span class='ocrx_word' id='word_1_227' title='bbox 1777 3313 1927 3368; x_wconf 89' lang='lat' dir='ltr'><strong>testi-</strong></span> 
     </span>
    </p>
   </div>
   <div class='ocr_carea' id='block_1_36' title="bbox 348 3405 1923 3481">
    <p class='ocr_par' dir='ltr' id='par_1_36' title="bbox 348 3405 1923 3481">
     <span class='ocr_line' id='line_1_36' title="bbox 348 3405 1923 3481; baseline -0.006 -15"><span class='ocrx_word' id='word_1_228' title='bbox 348 3413 549 3468; x_wconf 88' lang='lat' dir='ltr'><strong>moniis</strong></span> <span class='ocrx_word' id='word_1_229' title='bbox 583 3410 815 3481; x_wconf 87' lang='lat' dir='ltr'><strong>publicis</strong></span> <span class='ocrx_word' id='word_1_230' title='bbox 843 3409 1205 3478; x_wconf 82' lang='lat' dir='ltr'><strong>privatisque,</strong></span> <span class='ocrx_word' id='word_1_231' title='bbox 1232 3406 1386 3463; x_wconf 88' lang='lat' dir='ltr'><strong>libris</strong></span> <span class='ocrx_word' id='word_1_232' title='bbox 1411 3407 1573 3460; x_wconf 90' lang='lat' dir='ltr'><strong>editis</strong></span> <span class='ocrx_word' id='word_1_233' title='bbox 1603 3414 1655 3460; x_wconf 88' lang='lat' dir='ltr'><strong>et</strong></span> <span class='ocrx_word' id='word_1_234' title='bbox 1683 3405 1923 3471; x_wconf 84' lang='lat' dir='ltr'><strong>ineditis,</strong></span> 
     </span>
    </p>
   </div>
   <div class='ocr_carea' id='block_1_37' title="bbox 352 3497 1927 3572">
    <p class='ocr_par' dir='ltr' id='par_1_37' title="bbox 352 3497 1927 3572">
     <span class='ocr_line' id='line_1_37' title="bbox 352 3497 1927 3572; baseline -0.004 -16"><span class='ocrx_word' id='word_1_235' title='bbox 352 3501 492 3556; x_wconf 78' lang='lat' dir='ltr'><strong>fama</strong></span> <span class='ocrx_word' id='word_1_236' title='bbox 522 3502 763 3572; x_wconf 90' lang='lat' dir='ltr'><strong>publica,</strong></span> <span class='ocrx_word' id='word_1_237' title='bbox 797 3499 1083 3569; x_wconf 89' lang='lat' dir='ltr'><strong>disciplina</strong></span> <span class='ocrx_word' id='word_1_238' title='bbox 1116 3514 1238 3569; x_wconf 67' lang='lat' dir='ltr'><strong>qua:</strong></span> <span class='ocrx_word' id='word_1_239' title='bbox 1262 3498 1591 3553; x_wconf 85' lang='lat' dir='ltr'><strong>obversatur</strong></span> <span class='ocrx_word' id='word_1_240' title='bbox 1614 3497 1786 3551; x_wconf 86' lang='lat' dir='ltr'><strong>oculis</strong></span> <span class='ocrx_word' id='word_1_241' title='bbox 1811 3512 1927 3550; x_wconf 85' lang='lat' dir='ltr'><strong>om-</strong></span> 
     </span>
    </p>
   </div>
   <div class='ocr_carea' id='block_1_38' title="bbox 352 3589 1926 3660">
    <p class='ocr_par' dir='ltr' id='par_1_38' title="bbox 352 3589 1926 3660">
     <span class='ocr_line' id='line_1_38' title="bbox 352 3589 1926 3660; baseline -0.006 -12"><span class='ocrx_word' id='word_1_242' title='bbox 352 3594 527 3655; x_wconf 87' lang='lat' dir='ltr'><strong>nium,</strong></span> <span class='ocrx_word' id='word_1_243' title='bbox 553 3602 608 3648; x_wconf 87' lang='lat' dir='ltr'><strong>et</strong></span> <span class='ocrx_word' id='word_1_244' title='bbox 640 3593 762 3649; x_wconf 89' lang='lat' dir='ltr'><strong>aliis</strong></span> <span class='ocrx_word' id='word_1_245' title='bbox 784 3602 946 3647; x_wconf 67' lang='lat' dir='ltr'><strong>cerne</strong></span> <span class='ocrx_word' id='word_1_246' title='bbox 975 3590 1318 3646; x_wconf 83' lang='lat' dir='ltr'><strong>auctoritatis</strong></span> <span class='ocrx_word' id='word_1_247' title='bbox 1342 3589 1681 3660; x_wconf 77' lang='lat' dir='ltr'><strong>argumentis</strong></span> <span class='ocrx_word' id='word_1_248' title='bbox 1707 3589 1926 3654; x_wconf 88' lang='lat' dir='ltr'><strong>muniti,</strong></span> 
     </span>
    </p>
   </div>
   <div class='ocr_carea' id='block_1_39' title="bbox 352 3680 1928 3740">
    <p class='ocr_par' dir='ltr' id='par_1_39' title="bbox 352 3680 1928 3740">
     <span class='ocr_line' id='line_1_39' title="bbox 352 3680 1928 3740; baseline -0.004 0"><span class='ocrx_word' id='word_1_249' title='bbox 352 3686 653 3740; x_wconf 90' lang='lat' dir='ltr'><strong>Smitheum</strong></span> <span class='ocrx_word' id='word_1_250' title='bbox 690 3701 795 3738; x_wconf 90' lang='lat' dir='ltr'><strong>non</strong></span> <span class='ocrx_word' id='word_1_251' title='bbox 836 3684 1042 3739; x_wconf 88' lang='lat' dir='ltr'><strong>vidisse</strong></span> <span class='ocrx_word' id='word_1_252' title='bbox 1087 3683 1173 3738; x_wconf 87' lang='lat' dir='ltr'><strong>vel</strong></span> <span class='ocrx_word' id='word_1_253' title='bbox 1225 3682 1502 3737; x_wconf 74' lang='lat' dir='ltr'><strong>audivisse</strong></span> <span class='ocrx_word' id='word_1_254' title='bbox 1532 3680 1928 3735; x_wconf 88' lang='lat' dir='ltr'><strong>Constantino-</strong></span> 
     </span>
    </p>
   </div>
   <div class='ocr_carea' id='block_1_40' title="bbox 356 3773 1929 3849">
    <p class='ocr_par' dir='ltr' id='par_1_40' title="bbox 356 3773 1929 3849">
     <span class='ocr_line' id='line_1_40' title="bbox 356 3773 1929 3849; baseline 0 -21"><span class='ocrx_word' id='word_1_255' title='bbox 356 3778 484 3849; x_wconf 84' lang='lat' dir='ltr'><strong>poli,</strong></span> <span class='ocrx_word' id='word_1_256' title='bbox 514 3793 634 3848; x_wconf 74' lang='lat' dir='ltr'><strong>quze</strong></span> <span class='ocrx_word' id='word_1_257' title='bbox 665 3792 942 3847; x_wconf 80' lang='lat' dir='ltr'><strong>nunquam</strong></span> <span class='ocrx_word' id='word_1_258' title='bbox 974 3775 1218 3841; x_wconf 88' lang='lat' dir='ltr'><strong>fuerunt,</strong></span> <span class='ocrx_word' id='word_1_259' title='bbox 1250 3784 1579 3829; x_wconf 82' lang='lat' dir='ltr'><strong>uontemerc</strong></span> <span class='ocrx_word' id='word_1_260' title='bbox 1604 3773 1929 3840; x_wconf 87' lang='lat' dir='ltr'><strong>asserinms,</strong></span> 
     </span>
    </p>
   </div>
   <div class='ocr_carea' id='block_1_41' title="bbox 382 3973 549 3986">
    <p class='ocr_par' dir='ltr' id='par_1_41' title="bbox 382 3973 549 3986">
     <span class='ocr_line' id='line_1_41' title="bbox 382 3973 549 3986; baseline -0.006 -4"><span class='ocrx_word' id='word_1_261' title='bbox 382 3973 549 3986; x_wconf 76' lang='lat'><strong>.———</strong></span> 
     </span>
    </p>
   </div>
   <div class='ocr_carea' id='block_1_42' title="bbox 2017 562 3599 637">
    <p class='ocr_par' dir='ltr' id='par_1_42' title="bbox 2017 562 3599 637">
     <span class='ocr_line' id='line_1_42' title="bbox 2017 562 3599 637; baseline 0.001 -20"><span class='ocrx_word' id='word_1_262' title='bbox 2017 562 2096 617; x_wconf 91' lang='lat' dir='ltr'><strong>dii</strong></span> <span class='ocrx_word' id='word_1_263' title='bbox 2121 579 2283 633; x_wconf 91' lang='lat' dir='ltr'><strong>quam</strong></span> <span class='ocrx_word' id='word_1_264' title='bbox 2313 564 2509 619; x_wconf 88' lang='lat' dir='ltr'><strong>damus</strong></span> <span class='ocrx_word' id='word_1_265' title='bbox 2532 563 2764 619; x_wconf 78' lang='lat' dir='ltr'><strong>Humilia</strong></span> <span class='ocrx_word' id='word_1_266' title='bbox 2788 566 3064 620; x_wconf 92' lang='lat' dir='ltr'><strong>oculatum</strong></span> <span class='ocrx_word' id='word_1_267' title='bbox 3088 565 3355 637; x_wconf 87' lang='lat' dir='ltr'><strong>ejusmodi</strong></span> <span class='ocrx_word' id='word_1_268' title='bbox 3384 575 3599 632; x_wconf 84' lang='lat' dir='ltr'><strong>testem,</strong></span> 
     </span>
    </p>
   </div>
   <div class='ocr_carea' id='block_1_43' title="bbox 2022 655 3600 729">
    <p class='ocr_par' dir='ltr' id='par_1_43' title="bbox 2022 655 3600 729">
     <span class='ocr_line' id='line_1_43' title="bbox 2022 655 3600 729; baseline 0.002 -20"><span class='ocrx_word' id='word_1_269' title='bbox 2022 662 2076 709; x_wconf 87' lang='lat' dir='ltr'><strong>et</strong></span> <span class='ocrx_word' id='word_1_270' title='bbox 2113 656 2433 722; x_wconf 81' lang='lat' dir='ltr'><strong>nasutiores,</strong></span> <span class='ocrx_word' id='word_1_271' title='bbox 2466 665 2527 711; x_wconf 93' lang='lat' dir='ltr'><strong>ut</strong></span> <span class='ocrx_word' id='word_1_272' title='bbox 2557 655 2704 727; x_wconf 85' lang='lat' dir='ltr'><strong>loqui</strong></span> <span class='ocrx_word' id='word_1_273' title='bbox 2734 666 2903 723; x_wconf 86' lang='lat' dir='ltr'><strong>amat,</strong></span> <span class='ocrx_word' id='word_1_274' title='bbox 2938 658 3179 728; x_wconf 87' lang='lat' dir='ltr'><strong>ejusdem</strong></span> <span class='ocrx_word' id='word_1_275' title='bbox 3213 659 3427 729; x_wconf 85' lang='lat' dir='ltr'><strong>generis</strong></span> <span class='ocrx_word' id='word_1_276' title='bbox 3465 673 3600 713; x_wconf 87' lang='lat' dir='ltr'><strong>cen-</strong></span> 
     </span>
    </p>
   </div>
   <div class='ocr_carea' id='block_1_44' title="bbox 2019 747 3599 820">
    <p class='ocr_par' dir='ltr' id='par_1_44' title="bbox 2019 747 3599 820">
     <span class='ocr_line' id='line_1_44' title="bbox 2019 747 3599 820; baseline 0.001 -19"><span class='ocrx_word' id='word_1_277' title='bbox 2019 760 2176 803; x_wconf 89' lang='lat' dir='ltr'><strong>sores</strong></span> <span class='ocrx_word' id='word_1_278' title='bbox 2205 761 2311 801; x_wconf 90' lang='lat' dir='ltr'><strong>non</strong></span> <span class='ocrx_word' id='word_1_279' title='bbox 2347 749 2687 803; x_wconf 87' lang='lat' dir='ltr'><strong>reformidat.</strong></span> <span class='ocrx_word' id='word_1_280' title='bbox 2747 747 2904 805; x_wconf 87' lang='lat' dir='ltr'><strong>Unde</strong></span> <span class='ocrx_word' id='word_1_281' title='bbox 2932 763 3416 820; x_wconf 85' lang='lat' dir='ltr'><strong>quantumcunque</strong></span> <span class='ocrx_word' id='word_1_282' title='bbox 3446 765 3599 804; x_wconf 89' lang='lat' dir='ltr'><strong>com-</strong></span> 
     </span>
    </p>
   </div>
   <div class='ocr_carea' id='block_1_45' title="bbox 2018 835 3600 911">
    <p class='ocr_par' dir='ltr' id='par_1_45' title="bbox 2018 835 3600 911">
     <span class='ocr_line' id='line_1_45' title="bbox 2018 835 3600 911; baseline 0.005 -23"><span class='ocrx_word' id='word_1_283' title='bbox 2018 835 2309 891; x_wconf 89' lang='lat' dir='ltr'><strong>mendetur</strong></span> <span class='ocrx_word' id='word_1_284' title='bbox 2328 852 2450 891; x_wconf 93' lang='lat' dir='ltr'><strong>cum</strong></span> <span class='ocrx_word' id='word_1_285' title='bbox 2474 837 2726 893; x_wconf 87' lang='lat' dir='ltr'><strong>laudibus</strong></span> <span class='ocrx_word' id='word_1_286' title='bbox 2750 839 2869 909; x_wconf 88' lang='lat' dir='ltr'><strong>ejus</strong></span> <span class='ocrx_word' id='word_1_287' title='bbox 2899 840 3154 911; x_wconf 74' lang='grc' dir='ltr'><strong>αὑτοψία,</strong></span> <span class='ocrx_word' id='word_1_288' title='bbox 3188 842 3443 896; x_wconf 89' lang='lat' dir='ltr'><strong>recedere</strong></span> <span class='ocrx_word' id='word_1_289' title='bbox 3474 854 3600 896; x_wconf 82' lang='lat' dir='ltr'><strong>scn-</strong></span> 
     </span>
    </p>
   </div>
   <div class='ocr_carea' id='block_1_46' title="bbox 2018 926 3603 988">
    <p class='ocr_par' dir='ltr' id='par_1_46' title="bbox 2018 926 3603 988">
     <span class='ocr_line' id='line_1_46' title="bbox 2018 926 3603 988; baseline 0.004 -7"><span class='ocrx_word' id='word_1_290' title='bbox 2018 927 2125 981; x_wconf 85' lang='lat' dir='ltr'><strong>sim</strong></span> <span class='ocrx_word' id='word_1_291' title='bbox 2160 926 2412 983; x_wconf 86' lang='lat' dir='ltr'><strong>videmus</strong></span> <span class='ocrx_word' id='word_1_292' title='bbox 2444 928 2513 983; x_wconf 92' lang='lat' dir='ltr'><strong>ab</strong></span> <span class='ocrx_word' id='word_1_293' title='bbox 2547 928 2695 984; x_wconf 87' lang='lat' dir='ltr'><strong>illius</strong></span> <span class='ocrx_word' id='word_1_294' title='bbox 2726 935 2998 985; x_wconf 84' lang='lat' dir='ltr'><strong>sententia</strong></span> <span class='ocrx_word' id='word_1_295' title='bbox 3032 933 3226 987; x_wconf 91' lang='lat' dir='ltr'><strong>doctos</strong></span> <span class='ocrx_word' id='word_1_296' title='bbox 3281 931 3603 988; x_wconf 82' lang='lat' dir='ltr'><strong>Protestan-</strong></span> 
     </span>
    </p>
   </div>
   <div class='ocr_carea' id='block_1_47' title="bbox 2020 1018 3605 1080">
    <p class='ocr_par' dir='ltr' id='par_1_47' title="bbox 2020 1018 3605 1080">
     <span class='ocr_line' id='line_1_47' title="bbox 2020 1018 3605 1080; baseline 0.004 -6"><span class='ocrx_word' id='word_1_297' title='bbox 2020 1027 2104 1074; x_wconf 87' lang='lat' dir='ltr'><strong>tes</strong></span> <span class='ocrx_word' id='word_1_298' title='bbox 2139 1035 2155 1072; x_wconf 74' lang='grc' dir='ltr'><em>τ</em></span> <span class='ocrx_word' id='word_1_299' title='bbox 2192 1029 2249 1073; x_wconf 94' lang='lat' dir='ltr'><strong>ut</strong></span> <span class='ocrx_word' id='word_1_300' title='bbox 2291 1018 2623 1075; x_wconf 89' lang='lat' dir='ltr'><strong>Laurentius</strong></span> <span class='ocrx_word' id='word_1_301' title='bbox 2664 1019 3012 1078; x_wconf 81' lang='lat' dir='ltr'><strong>Normannus</strong></span> <span class='ocrx_word' id='word_1_302' title='bbox 3043 1022 3173 1078; x_wconf 85' lang='lat' dir='ltr'><strong>fecit</strong></span> <span class='ocrx_word' id='word_1_303' title='bbox 3202 1023 3349 1079; x_wconf 91' lang='lat' dir='ltr'><strong>circa</strong></span> <span class='ocrx_word' id='word_1_304' title='bbox 3374 1023 3605 1080; x_wconf 75' lang='lat' dir='ltr'><strong>Confes-</strong></span> 
     </span>
    </p>
   </div>
   <div class='ocr_carea' id='block_1_48' title="bbox 2016 1111 3603 1187">
    <p class='ocr_par' dir='ltr' id='par_1_48' title="bbox 2016 1111 3603 1187">
     <span class='ocr_line' id='line_1_48' title="bbox 2016 1111 3603 1187; baseline 0.003 -22"><span class='ocrx_word' id='word_1_305' title='bbox 2016 1111 2228 1166; x_wconf 89' lang='lat' dir='ltr'><strong>sionem</strong></span> <span class='ocrx_word' id='word_1_306' title='bbox 2259 1112 2646 1177; x_wconf 83' lang='lat' dir='ltr'><strong>orthodoxam,</strong></span> <span class='ocrx_word' id='word_1_307' title='bbox 2678 1112 2873 1170; x_wconf 86' lang='lat' dir='ltr'><strong>Petrus</strong></span> <span class='ocrx_word' id='word_1_308' title='bbox 2900 1115 3133 1171; x_wconf 78' lang='lat' dir='ltr'><strong>Allixius</strong></span> <span class='ocrx_word' id='word_1_309' title='bbox 3165 1115 3310 1170; x_wconf 93' lang='lat' dir='ltr'><strong>circa</strong></span> <span class='ocrx_word' id='word_1_310' title='bbox 3334 1118 3603 1187; x_wconf 84' lang='lat' dir='ltr'><strong>synodum</strong></span> 
     </span>
    </p>
   </div>
   <div class='ocr_carea' id='block_1_49' title="bbox 2015 1203 3600 1278">
    <p class='ocr_par' dir='ltr' id='par_1_49' title="bbox 2015 1203 3600 1278">
     <span class='ocr_line' id='line_1_49' title="bbox 2015 1203 3600 1278; baseline 0.003 -19"><span class='ocrx_word' id='word_1_311' title='bbox 2015 1203 2147 1259; x_wconf 81' lang='lat' dir='ltr'><strong>Jasii</strong></span> <span class='ocrx_word' id='word_1_312' title='bbox 2201 1203 2440 1258; x_wconf 86' lang='lat' dir='ltr'><strong>habitam</strong></span> <span class='ocrx_word' id='word_1_313' title='bbox 2483 1218 2629 1258; x_wconf 87' lang='lat' dir='ltr'><strong>anno</strong></span> <span class='ocrx_word' id='word_1_314' title='bbox 2660 1204 2823 1271; x_wconf 72' lang='grc'><strong>1642,</strong></span> <span class='ocrx_word' id='word_1_315' title='bbox 2869 1213 2925 1261; x_wconf 89' lang='lat' dir='ltr'><strong>et</strong></span> <span class='ocrx_word' id='word_1_316' title='bbox 2975 1206 3251 1262; x_wconf 82' lang='lat' dir='ltr'><strong>Meletium</strong></span> <span class='ocrx_word' id='word_1_317' title='bbox 3303 1207 3600 1278; x_wconf 81' lang='lat' dir='ltr'><strong>Syrigum:</strong></span> 
     </span>
    </p>
   </div>
   <div class='ocr_carea' id='block_1_50' title="bbox 2015 1295 3604 1365">
    <p class='ocr_par' dir='ltr' id='par_1_50' title="bbox 2015 1295 3604 1365">
     <span class='ocr_line' id='line_1_50' title="bbox 2015 1295 3604 1365; baseline 0.004 -17"><span class='ocrx_word' id='word_1_318' title='bbox 2015 1295 2329 1365; x_wconf 88' lang='lat' dir='ltr'><strong>dudumque</strong></span> <span class='ocrx_word' id='word_1_319' title='bbox 2401 1309 2519 1349; x_wconf 88' lang='lat' dir='ltr'><strong>eam</strong></span> <span class='ocrx_word' id='word_1_320' title='bbox 2596 1295 2948 1365; x_wconf 74' lang='lat' dir='ltr'><strong>erploserunt</strong></span> <span class='ocrx_word' id='word_1_321' title='bbox 3005 1295 3389 1365; x_wconf 82' lang='lat' dir='ltr'><strong>Marbachius,</strong></span> <span class='ocrx_word' id='word_1_322' title='bbox 3444 1300 3604 1354; x_wconf 84' lang='lat' dir='ltr'><strong>Calo-</strong></span> 
     </span>
    </p>
   </div>
   <div class='ocr_carea' id='block_1_51' title="bbox 2013 1385 3610 1462">
    <p class='ocr_par' dir='ltr' id='par_1_51' title="bbox 2013 1385 3610 1462">
     <span class='ocr_line' id='line_1_51' title="bbox 2013 1385 3610 1462; baseline 0.004 -23"><span class='ocrx_word' id='word_1_323' title='bbox 2013 1387 2153 1447; x_wconf 89' lang='lat' dir='ltr'><strong>vius,</strong></span> <span class='ocrx_word' id='word_1_324' title='bbox 2172 1385 2460 1442; x_wconf 84' lang='lat' dir='ltr'><strong>Felhavius</strong></span> <span class='ocrx_word' id='word_1_325' title='bbox 2481 1388 2812 1457; x_wconf 66' lang='lat' dir='ltr'><strong>Augustanm</strong></span> <span class='ocrx_word' id='word_1_326' title='bbox 2826 1387 3198 1447; x_wconf 81' lang='lat' dir='ltr'><strong>Confessionis</strong></span> <span class='ocrx_word' id='word_1_327' title='bbox 3224 1391 3480 1462; x_wconf 76' lang='lat' dir='ltr'><strong>theologi,</strong></span> <span class='ocrx_word' id='word_1_328' title='bbox 3501 1393 3610 1446; x_wconf 84' lang='lat' dir='ltr'><strong>ci:-</strong></span> 
     </span>
    </p>
   </div>
   <div class='ocr_carea' id='block_1_52' title="bbox 2014 1478 3604 1552">
    <p class='ocr_par' dir='ltr' id='par_1_52' title="bbox 2014 1478 3604 1552">
     <span class='ocr_line' id='line_1_52' title="bbox 2014 1478 3604 1552; baseline 0.002 -17"><span class='ocrx_word' id='word_1_329' title='bbox 2014 1494 2076 1535; x_wconf 88' lang='lat' dir='ltr'><strong>ea</strong></span> <span class='ocrx_word' id='word_1_330' title='bbox 2102 1479 2292 1549; x_wconf 82' lang='lat' dir='ltr'><strong>Cyrilli</strong></span> <span class='ocrx_word' id='word_1_331' title='bbox 2320 1478 2731 1536; x_wconf 85' lang='lat' dir='ltr'><strong>Confessionem</strong></span> <span class='ocrx_word' id='word_1_332' title='bbox 2750 1490 2801 1537; x_wconf 90' lang='lat' dir='ltr'><strong>et</strong></span> <span class='ocrx_word' id='word_1_333' title='bbox 2829 1481 3067 1552; x_wconf 79' lang='lat' dir='ltr'><strong>synodos</strong></span> <span class='ocrx_word' id='word_1_334' title='bbox 3088 1497 3176 1537; x_wconf 89' lang='lat' dir='ltr'><strong>an.</strong></span> <span class='ocrx_word' id='word_1_335' title='bbox 3205 1482 3341 1547; x_wconf 72' lang='lat'><strong>1638</strong></span> <span class='ocrx_word' id='word_1_336' title='bbox 3364 1493 3418 1538; x_wconf 92' lang='lat' dir='ltr'><strong>et</strong></span> <span class='ocrx_word' id='word_1_337' title='bbox 3444 1484 3604 1550; x_wconf 68' lang='grc'><strong>1642,</strong></span> 
     </span>
    </p>
   </div>
   <div class='ocr_carea' id='block_1_53' title="bbox 2019 1571 3601 1644">
    <p class='ocr_par' dir='ltr' id='par_1_53' title="bbox 2019 1571 3601 1644">
     <span class='ocr_line' id='line_1_53' title="bbox 2019 1571 3601 1644; baseline 0.004 -21"><span class='ocrx_word' id='word_1_338' title='bbox 2019 1586 2050 1623; x_wconf 87' lang='lat' dir='ltr'><strong>a</strong></span> <span class='ocrx_word' id='word_1_339' title='bbox 2073 1571 2275 1639; x_wconf 90' lang='lat' dir='ltr'><strong>quibus</strong></span> <span class='ocrx_word' id='word_1_340' title='bbox 2306 1574 2609 1642; x_wconf 87' lang='lat' dir='ltr'><strong>proscripta</strong></span> <span class='ocrx_word' id='word_1_341' title='bbox 2646 1581 2751 1627; x_wconf 90' lang='lat' dir='ltr'><strong>est.</strong></span> <span class='ocrx_word' id='word_1_342' title='bbox 2788 1572 2977 1644; x_wconf 86' lang='lat' dir='ltr'><strong>Neque</strong></span> <span class='ocrx_word' id='word_1_343' title='bbox 3013 1575 3127 1643; x_wconf 91' lang='lat' dir='ltr'><strong>ipse</strong></span> <span class='ocrx_word' id='word_1_344' title='bbox 3159 1574 3437 1632; x_wconf 87' lang='lat' dir='ltr'><strong>Smitheus</strong></span> <span class='ocrx_word' id='word_1_345' title='bbox 3487 1592 3601 1632; x_wconf 84' lang='lat' dir='ltr'><strong>om-</strong></span> 
     </span>
    </p>
   </div>
   <div class='ocr_carea' id='block_1_54' title="bbox 2017 1662 3601 1737">
    <p class='ocr_par' dir='ltr' id='par_1_54' title="bbox 2017 1662 3601 1737">
     <span class='ocr_line' id='line_1_54' title="bbox 2017 1662 3601 1737; baseline 0.006 -22"><span class='ocrx_word' id='word_1_346' title='bbox 2017 1662 2151 1718; x_wconf 93' lang='lat' dir='ltr'><strong>nino</strong></span> <span class='ocrx_word' id='word_1_347' title='bbox 2192 1672 2357 1734; x_wconf 86' lang='lat' dir='ltr'><strong>negat</strong></span> <span class='ocrx_word' id='word_1_348' title='bbox 2405 1662 2627 1719; x_wconf 76' lang='lat' dir='ltr'><strong>Graecos</strong></span> <span class='ocrx_word' id='word_1_349' title='bbox 2675 1665 2893 1719; x_wconf 90' lang='lat' dir='ltr'><strong>tandem</strong></span> <span class='ocrx_word' id='word_1_350' title='bbox 2949 1664 3247 1721; x_wconf 89' lang='lat' dir='ltr'><strong>hodiernos</strong></span> <span class='ocrx_word' id='word_1_351' title='bbox 3296 1669 3601 1737; x_wconf 77' lang='lat' dir='ltr'><strong>praesentiae</strong></span> 
     </span>
    </p>
   </div>
   <div class='ocr_carea' id='block_1_55' title="bbox 2017 1754 3594 1827">
    <p class='ocr_par' dir='ltr' id='par_1_55' title="bbox 2017 1754 3594 1827">
     <span class='ocr_line' id='line_1_55' title="bbox 2017 1754 3594 1827; baseline 0.004 -20"><span class='ocrx_word' id='word_1_352' title='bbox 2017 1754 2181 1809; x_wconf 80' lang='lat' dir='ltr'><strong>realis</strong></span> <span class='ocrx_word' id='word_1_353' title='bbox 2235 1764 2291 1808; x_wconf 91' lang='lat' dir='ltr'><strong>et</strong></span> <span class='ocrx_word' id='word_1_354' title='bbox 2349 1754 2994 1812; x_wconf 77' lang='lat' dir='ltr'><strong>transsulistantiationis</strong></span> <span class='ocrx_word' id='word_1_355' title='bbox 3029 1756 3224 1827; x_wconf 81' lang='lat' dir='ltr'><strong>dagma</strong></span> <span class='ocrx_word' id='word_1_356' title='bbox 3259 1756 3540 1814; x_wconf 80' lang='lat' dir='ltr'><strong>iinbiliisse</strong></span> <span class='ocrx_word' id='word_1_357' title='bbox 3579 1775 3594 1814; x_wconf 91' lang='lat'><strong>:</strong></span> 
     </span>
    </p>
   </div>
   <div class='ocr_carea' id='block_1_56' title="bbox 2018 1844 3600 1919">
    <p class='ocr_par' dir='ltr' id='par_1_56' title="bbox 2018 1844 3600 1919">
     <span class='ocr_line' id='line_1_56' title="bbox 2018 1844 3600 1919; baseline 0.001 -18"><span class='ocrx_word' id='word_1_358' title='bbox 2018 1845 2115 1901; x_wconf 84' lang='lat' dir='ltr'><strong>sed</strong></span> <span class='ocrx_word' id='word_1_359' title='bbox 2143 1845 2194 1899; x_wconf 92' lang='lat' dir='ltr'><strong>id</strong></span> <span class='ocrx_word' id='word_1_360' title='bbox 2227 1844 2429 1900; x_wconf 84' lang='lat' dir='ltr'><strong>factum</strong></span> <span class='ocrx_word' id='word_1_361' title='bbox 2467 1846 2721 1916; x_wconf 85' lang='lat' dir='ltr'><strong>pessimis</strong></span> <span class='ocrx_word' id='word_1_362' title='bbox 2760 1844 3077 1901; x_wconf 83' lang='lat' dir='ltr'><strong>Latinorum</strong></span> <span class='ocrx_word' id='word_1_363' title='bbox 3117 1847 3426 1912; x_wconf 87' lang='lat' dir='ltr'><strong>fraudibus.</strong></span> <span class='ocrx_word' id='word_1_364' title='bbox 3460 1864 3600 1919; x_wconf 87' lang='lat' dir='ltr'><strong>quas</strong></span> 
     </span>
    </p>
   </div>
   <div class='ocr_carea' id='block_1_57' title="bbox 2018 1938 3605 2012">
    <p class='ocr_par' dir='ltr' id='par_1_57' title="bbox 2018 1938 3605 2012">
     <span class='ocr_line' id='line_1_57' title="bbox 2018 1938 3605 2012; baseline 0.003 -22"><span class='ocrx_word' id='word_1_365' title='bbox 2018 1951 2346 1991; x_wconf 87' lang='lat' dir='ltr'><strong>arcanorum</strong></span> <span class='ocrx_word' id='word_1_366' title='bbox 2401 1938 2671 1993; x_wconf 82' lang='lat' dir='ltr'><strong>revelator</strong></span> <span class='ocrx_word' id='word_1_367' title='bbox 2720 1938 2837 1995; x_wconf 87' lang='lat' dir='ltr'><strong>dies</strong></span> <span class='ocrx_word' id='word_1_368' title='bbox 2870 1938 3110 1995; x_wconf 92' lang='lat' dir='ltr'><strong>docebit.</strong></span> <span class='ocrx_word' id='word_1_369' title='bbox 3169 1940 3225 1994; x_wconf 92' lang='lat' dir='ltr'><strong>Si</strong></span> <span class='ocrx_word' id='word_1_370' title='bbox 3280 1957 3605 2012; x_wconf 89' lang='lat' dir='ltr'><strong>supremum</strong></span> 
     </span>
    </p>
   </div>
   <div class='ocr_carea' id='block_1_58' title="bbox 2016 2027 3605 2101">
    <p class='ocr_par' dir='ltr' id='par_1_58' title="bbox 2016 2027 3605 2101">
     <span class='ocr_line' id='line_1_58' title="bbox 2016 2027 3605 2101; baseline 0.003 -18"><span class='ocrx_word' id='word_1_371' title='bbox 2016 2027 2220 2084; x_wconf 86' lang='lat' dir='ltr'><strong>Judicii</strong></span> <span class='ocrx_word' id='word_1_372' title='bbox 2247 2028 2390 2085; x_wconf 90' lang='lat' dir='ltr'><strong>diem</strong></span> <span class='ocrx_word' id='word_1_373' title='bbox 2427 2030 2703 2101; x_wconf 78' lang='lat' dir='ltr'><strong>intelligit,</strong></span> <span class='ocrx_word' id='word_1_374' title='bbox 2740 2031 2813 2085; x_wconf 93' lang='lat' dir='ltr'><strong>ita</strong></span> <span class='ocrx_word' id='word_1_375' title='bbox 2851 2046 2985 2086; x_wconf 87' lang='lat' dir='ltr'><strong>sane</strong></span> <span class='ocrx_word' id='word_1_376' title='bbox 3017 2050 3030 2087; x_wconf 90' lang='lat'><strong>:</strong></span> <span class='ocrx_word' id='word_1_377' title='bbox 3068 2047 3191 2086; x_wconf 89' lang='lat' dir='ltr'><strong>nam</strong></span> <span class='ocrx_word' id='word_1_378' title='bbox 3225 2047 3407 2088; x_wconf 89' lang='lat' dir='ltr'><strong>coram</strong></span> <span class='ocrx_word' id='word_1_379' title='bbox 3447 2049 3605 2089; x_wconf 89' lang='lat' dir='ltr'><strong>sum-</strong></span> 
     </span>
    </p>
   </div>
   <div class='ocr_carea' id='block_1_59' title="bbox 2019 2122 3606 2195">
    <p class='ocr_par' dir='ltr' id='par_1_59' title="bbox 2019 2122 3606 2195">
     <span class='ocr_line' id='line_1_59' title="bbox 2019 2122 3606 2195; baseline 0.003 -18"><span class='ocrx_word' id='word_1_380' title='bbox 2019 2140 2110 2179; x_wconf 88' lang='lat' dir='ltr'><strong>mo</strong></span> <span class='ocrx_word' id='word_1_381' title='bbox 2131 2122 2324 2179; x_wconf 83' lang='lat' dir='ltr'><strong>Judice</strong></span> <span class='ocrx_word' id='word_1_382' title='bbox 2358 2125 2622 2193; x_wconf 86' lang='lat' dir='ltr'><strong>patebunt</strong></span> <span class='ocrx_word' id='word_1_383' title='bbox 2659 2124 2884 2178; x_wconf 87' lang='lat' dir='ltr'><strong>omnia:</strong></span> <span class='ocrx_word' id='word_1_384' title='bbox 2918 2124 2963 2177; x_wconf 91' lang='lat' dir='ltr'><strong>si</strong></span> <span class='ocrx_word' id='word_1_385' title='bbox 2994 2123 3355 2193; x_wconf 86' lang='lat' dir='ltr'><strong>longinquum</strong></span> <span class='ocrx_word' id='word_1_386' title='bbox 3382 2125 3606 2195; x_wconf 86' lang='lat' dir='ltr'><strong>aliquod</strong></span> 
     </span>
    </p>
   </div>
   <div class='ocr_carea' id='block_1_60' title="bbox 2022 2214 3608 2285">
    <p class='ocr_par' dir='ltr' id='par_1_60' title="bbox 2022 2214 3608 2285">
     <span class='ocr_line' id='line_1_60' title="bbox 2022 2214 3608 2285; baseline -0.001 -16"><span class='ocrx_word' id='word_1_387' title='bbox 2022 2223 2256 2284; x_wconf 89' lang='lat' dir='ltr'><strong>tempus,</strong></span> <span class='ocrx_word' id='word_1_388' title='bbox 2287 2215 2396 2285; x_wconf 86' lang='lat' dir='ltr'><strong>jam</strong></span> <span class='ocrx_word' id='word_1_389' title='bbox 2431 2215 2645 2284; x_wconf 88' lang='lat' dir='ltr'><strong>aliquot</strong></span> <span class='ocrx_word' id='word_1_390' title='bbox 2674 2216 2806 2269; x_wconf 90' lang='lat' dir='ltr'><strong>anni</strong></span> <span class='ocrx_word' id='word_1_391' title='bbox 2844 2216 2980 2283; x_wconf 84' lang='lat' dir='ltr'><strong>lapsi</strong></span> <span class='ocrx_word' id='word_1_392' title='bbox 3006 2224 3135 2269; x_wconf 93' lang='lat' dir='ltr'><strong>sunt</strong></span> <span class='ocrx_word' id='word_1_393' title='bbox 3163 2229 3226 2268; x_wconf 78' lang='lat' dir='ltr'><strong>ex</strong></span> <span class='ocrx_word' id='word_1_394' title='bbox 3257 2230 3367 2283; x_wconf 91' lang='lat' dir='ltr'><strong>quo</strong></span> <span class='ocrx_word' id='word_1_395' title='bbox 3390 2214 3608 2270; x_wconf 82' lang='lat' dir='ltr'><strong>dubita-</strong></span> 
     </span>
    </p>
   </div>
   <div class='ocr_carea' id='block_1_61' title="bbox 2019 2306 3597 2378">
    <p class='ocr_par' dir='ltr' id='par_1_61' title="bbox 2019 2306 3597 2378">
     <span class='ocr_line' id='line_1_61' title="bbox 2019 2306 3597 2378; baseline -0.001 -16"><span class='ocrx_word' id='word_1_396' title='bbox 2019 2307 2065 2362; x_wconf 93' lang='lat' dir='ltr'><strong>ri</strong></span> <span class='ocrx_word' id='word_1_397' title='bbox 2096 2323 2205 2362; x_wconf 93' lang='lat' dir='ltr'><strong>non</strong></span> <span class='ocrx_word' id='word_1_398' title='bbox 2234 2316 2413 2377; x_wconf 87' lang='lat' dir='ltr'><strong>potest</strong></span> <span class='ocrx_word' id='word_1_399' title='bbox 2441 2309 2573 2378; x_wconf 91' lang='lat' dir='ltr'><strong>quin</strong></span> <span class='ocrx_word' id='word_1_400' title='bbox 2609 2307 2782 2363; x_wconf 67' lang='lat' dir='ltr'><strong>Graeci</strong></span> <span class='ocrx_word' id='word_1_401' title='bbox 2817 2307 2955 2361; x_wconf 87' lang='lat' dir='ltr'><strong>nihil</strong></span> <span class='ocrx_word' id='word_1_402' title='bbox 2989 2306 3173 2361; x_wconf 90' lang='lat' dir='ltr'><strong>minus</strong></span> <span class='ocrx_word' id='word_1_403' title='bbox 3201 2322 3364 2377; x_wconf 88' lang='lat' dir='ltr'><strong>quam</strong></span> <span class='ocrx_word' id='word_1_404' title='bbox 3427 2309 3597 2362; x_wconf 72' lang='lat' dir='ltr'><strong>Aa‘rt-</strong></span> 
     </span>
    </p>
   </div>
   <div class='ocr_carea' id='block_1_62' title="bbox 2022 2397 3605 2470">
    <p class='ocr_par' dir='ltr' id='par_1_62' title="bbox 2022 2397 3605 2470">
     <span class='ocr_line' id='line_1_62' title="bbox 2022 2397 3605 2470; baseline -0.001 -17"><span class='ocrx_word' id='word_1_405' title='bbox 2022 2401 2298 2467; x_wconf 80' lang='grc' dir='ltr'><strong>νὸφρονες,</strong></span> <span class='ocrx_word' id='word_1_406' title='bbox 2346 2399 2413 2454; x_wconf 88' lang='lat' dir='ltr'><strong>de</strong></span> <span class='ocrx_word' id='word_1_407' title='bbox 2466 2399 2655 2470; x_wconf 86' lang='lat' dir='ltr'><strong>Cyrilli</strong></span> <span class='ocrx_word' id='word_1_408' title='bbox 2710 2397 3092 2462; x_wconf 84' lang='lat' dir='ltr'><strong>Confessione,</strong></span> <span class='ocrx_word' id='word_1_409' title='bbox 3128 2398 3193 2452; x_wconf 89' lang='lat' dir='ltr'><strong>de</strong></span> <span class='ocrx_word' id='word_1_410' title='bbox 3223 2398 3445 2470; x_wconf 81' lang='lat' dir='ltr'><strong>synodis</strong></span> <span class='ocrx_word' id='word_1_411' title='bbox 3473 2415 3605 2452; x_wconf 82' lang='lat' dir='ltr'><strong>con-</strong></span> 
     </span>
    </p>
   </div>
   <div class='ocr_carea' id='block_1_63' title="bbox 2026 2489 3610 2560">
    <p class='ocr_par' dir='ltr' id='par_1_63' title="bbox 2026 2489 3610 2560">
     <span class='ocr_line' id='line_1_63' title="bbox 2026 2489 3610 2560; baseline 0.002 -18"><span class='ocrx_word' id='word_1_412' title='bbox 2026 2497 2111 2543; x_wconf 90' lang='lat' dir='ltr'><strong>tra</strong></span> <span class='ocrx_word' id='word_1_413' title='bbox 2141 2506 2260 2544; x_wconf 88' lang='lat' dir='ltr'><strong>eam</strong></span> <span class='ocrx_word' id='word_1_414' title='bbox 2299 2492 2531 2560; x_wconf 78' lang='lat' dir='ltr'><strong>ejusque</strong></span> <span class='ocrx_word' id='word_1_415' title='bbox 2558 2496 2838 2543; x_wconf 84' lang='lat' dir='ltr'><strong>auetorem</strong></span> <span class='ocrx_word' id='word_1_416' title='bbox 2890 2489 3112 2556; x_wconf 82' lang='lat' dir='ltr'><strong>habitis,</strong></span> <span class='ocrx_word' id='word_1_417' title='bbox 3144 2490 3221 2543; x_wconf 16' lang='lat' dir='ltr'><strong>de.</strong></span> <span class='ocrx_word' id='word_1_418' title='bbox 3266 2490 3610 2545; x_wconf 76' lang='lat' dir='ltr'><strong>confessione</strong></span> 
     </span>
    </p>
   </div>
   <div class='ocr_carea' id='block_1_64' title="bbox 2022 2579 3602 2645">
    <p class='ocr_par' dir='ltr' id='par_1_64' title="bbox 2022 2579 3602 2645">
     <span class='ocr_line' id='line_1_64' title="bbox 2022 2579 3602 2645; baseline -0.003 -11"><span class='ocrx_word' id='word_1_419' title='bbox 2022 2582 2351 2645; x_wconf 77' lang='lat' dir='ltr'><strong>orthodoxa,</strong></span> <span class='ocrx_word' id='word_1_420' title='bbox 2400 2582 2466 2636; x_wconf 88' lang='lat' dir='ltr'><strong>de</strong></span> <span class='ocrx_word' id='word_1_421' title='bbox 2503 2580 3151 2645; x_wconf 67' lang='lat' dir='ltr'><strong>transsubstantiatiune,</strong></span> <span class='ocrx_word' id='word_1_422' title='bbox 3188 2579 3254 2631; x_wconf 85' lang='lat' dir='ltr'><strong>de</strong></span> <span class='ocrx_word' id='word_1_423' title='bbox 3291 2580 3602 2645; x_wconf 81' lang='lat' dir='ltr'><strong>Gennadio,</strong></span> 
     </span>
    </p>
   </div>
   <div class='ocr_carea' id='block_1_65' title="bbox 2025 2673 3614 2744">
    <p class='ocr_par' dir='ltr' id='par_1_65' title="bbox 2025 2673 3614 2744">
     <span class='ocr_line' id='line_1_65' title="bbox 2025 2673 3614 2744; baseline 0.001 -19"><span class='ocrx_word' id='word_1_424' title='bbox 2025 2673 2093 2727; x_wconf 90' lang='lat' dir='ltr'><strong>de</strong></span> <span class='ocrx_word' id='word_1_425' title='bbox 2152 2673 2364 2744; x_wconf 76' lang='lat' dir='ltr'><strong>Syrigo,</strong></span> <span class='ocrx_word' id='word_1_426' title='bbox 2398 2674 2463 2727; x_wconf 85' lang='lat' dir='ltr'><strong>de</strong></span> <span class='ocrx_word' id='word_1_427' title='bbox 2491 2673 2858 2737; x_wconf 81' lang='lat' dir='ltr'><strong>Coressio,&#39;de</strong></span> <span class='ocrx_word' id='word_1_428' title='bbox 2891 2673 3157 2741; x_wconf 74' lang='lat' dir='ltr'><strong>Gregorio</strong></span> <span class='ocrx_word' id='word_1_429' title='bbox 3183 2675 3614 2744; x_wconf 76' lang='lat' dir='ltr'><strong>proto-syucollo</strong></span> 
     </span>
    </p>
   </div>
   <div class='ocr_carea' id='block_1_66' title="bbox 2027 2765 3612 2834">
    <p class='ocr_par' dir='ltr' id='par_1_66' title="bbox 2027 2765 3612 2834">
     <span class='ocr_line' id='line_1_66' title="bbox 2027 2765 3612 2834; baseline -0.001 -15"><span class='ocrx_word' id='word_1_430' title='bbox 2027 2765 2148 2833; x_wconf 83' lang='lat' dir='ltr'><strong>ejus</strong></span> <span class='ocrx_word' id='word_1_431' title='bbox 2181 2765 2471 2834; x_wconf 87' lang='lat' dir='ltr'><strong>discipulo,</strong></span> <span class='ocrx_word' id='word_1_432' title='bbox 2495 2781 2614 2819; x_wconf 87' lang='lat' dir='ltr'><strong>eam</strong></span> <span class='ocrx_word' id='word_1_433' title='bbox 2649 2766 2959 2834; x_wconf 84' lang='lat' dir='ltr'><strong>opinionem</strong></span> <span class='ocrx_word' id='word_1_434' title='bbox 2996 2766 3312 2819; x_wconf 82' lang='lat' dir='ltr'><strong>firmissime</strong></span> <span class='ocrx_word' id='word_1_435' title='bbox 3369 2776 3612 2831; x_wconf 73' lang='lat' dir='ltr'><strong>tenvant,</strong></span> 
     </span>
    </p>
   </div>
   <div class='ocr_carea' id='block_1_67' title="bbox 2029 2857 3609 2927">
    <p class='ocr_par' dir='ltr' id='par_1_67' title="bbox 2029 2857 3609 2927">
     <span class='ocr_line' id='line_1_67' title="bbox 2029 2857 3609 2927; baseline 0.003 -21"><span class='ocrx_word' id='word_1_436' title='bbox 2029 2870 2193 2924; x_wconf 88' lang='lat' dir='ltr'><strong>quam</strong></span> <span class='ocrx_word' id='word_1_437' title='bbox 2248 2857 2498 2910; x_wconf 81' lang='lat' dir='ltr'><strong>oculatus</strong></span> <span class='ocrx_word' id='word_1_438' title='bbox 2540 2857 2630 2909; x_wconf 91' lang='lat' dir='ltr'><strong>ille</strong></span> <span class='ocrx_word' id='word_1_439' title='bbox 2663 2858 2820 2910; x_wconf 89' lang='lat' dir='ltr'><strong>testis</strong></span> <span class='ocrx_word' id='word_1_440' title='bbox 2851 2858 2980 2911; x_wconf 84' lang='lat' dir='ltr'><strong>totis</strong></span> <span class='ocrx_word' id='word_1_441' title='bbox 3033 2858 3238 2912; x_wconf 81' lang='lat' dir='ltr'><strong>viribus</strong></span> <span class='ocrx_word' id='word_1_442' title='bbox 3285 2858 3609 2927; x_wconf 81' lang='lat' dir='ltr'><strong>impugnare</strong></span> 
     </span>
    </p>
   </div>
   <div class='ocr_carea' id='block_1_68' title="bbox 2035 2947 3614 3020">
    <p class='ocr_par' dir='ltr' id='par_1_68' title="bbox 2035 2947 3614 3020">
     <span class='ocr_line' id='line_1_68' title="bbox 2035 2947 3614 3020; baseline 0.003 -22"><span class='ocrx_word' id='word_1_443' title='bbox 2035 2961 2325 3016; x_wconf 68' lang='lat' dir='ltr'><strong>aggressus</strong></span> <span class='ocrx_word' id='word_1_444' title='bbox 2380 2958 2481 3003; x_wconf 89' lang='lat' dir='ltr'><strong>est.</strong></span> <span class='ocrx_word' id='word_1_445' title='bbox 2521 2947 2657 3003; x_wconf 88' lang='lat' dir='ltr'><strong>Cum</strong></span> <span class='ocrx_word' id='word_1_446' title='bbox 2695 2950 2838 3002; x_wconf 88' lang='lat' dir='ltr'><strong>enim</strong></span> <span class='ocrx_word' id='word_1_447' title='bbox 2867 2949 3061 3017; x_wconf 83' lang='lat' dir='ltr'><strong>synodi</strong></span> <span class='ocrx_word' id='word_1_448' title='bbox 3102 2948 3614 3020; x_wconf 72' lang='lat' dir='ltr'><strong>llierosolymitanm</strong></span> 
     </span>
    </p>
   </div>
   <div class='ocr_carea' id='block_1_69' title="bbox 2035 3037 3616 3106">
    <p class='ocr_par' dir='ltr' id='par_1_69' title="bbox 2035 3037 3616 3106">
     <span class='ocr_line' id='line_1_69' title="bbox 2035 3037 3616 3106; baseline 0.001 -16"><span class='ocrx_word' id='word_1_449' title='bbox 2035 3037 2251 3091; x_wconf 90' lang='lat' dir='ltr'><strong>decreta</strong></span> <span class='ocrx_word' id='word_1_450' title='bbox 2285 3039 2398 3106; x_wconf 83' lang='lat' dir='ltr'><strong>ipse</strong></span> <span class='ocrx_word' id='word_1_451' title='bbox 2432 3037 2723 3092; x_wconf 85' lang='lat' dir='ltr'><strong>Dositheus</strong></span> <span class='ocrx_word' id='word_1_452' title='bbox 2761 3039 2813 3091; x_wconf 91' lang='lat' dir='ltr'><strong>in</strong></span> <span class='ocrx_word' id='word_1_453' title='bbox 2842 3039 3105 3093; x_wconf 80' lang='lat' dir='ltr'><strong>Moldavia</strong></span> <span class='ocrx_word' id='word_1_454' title='bbox 3164 3040 3252 3093; x_wconf 89' lang='lat' dir='ltr'><strong>edi</strong></span> <span class='ocrx_word' id='word_1_455' title='bbox 3317 3042 3616 3103; x_wconf 84' lang='lat' dir='ltr'><strong>curaverit,</strong></span> 
     </span>
    </p>
   </div>
   <div class='ocr_carea' id='block_1_70' title="bbox 2036 3128 3614 3200">
    <p class='ocr_par' dir='ltr' id='par_1_70' title="bbox 2036 3128 3614 3200">
     <span class='ocr_line' id='line_1_70' title="bbox 2036 3128 3614 3200; baseline 0.006 -22"><span class='ocrx_word' id='word_1_456' title='bbox 2036 3128 2237 3197; x_wconf 77' lang='lat' dir='ltr'><strong>quibus</strong></span> <span class='ocrx_word' id='word_1_457' title='bbox 2292 3129 2472 3182; x_wconf 85' lang='lat' dir='ltr'><strong>omnia</strong></span> <span class='ocrx_word' id='word_1_458' title='bbox 2534 3130 2820 3197; x_wconf 75' lang='lat' dir='ltr'><strong>perspicue</strong></span> <span class='ocrx_word' id='word_1_459' title='bbox 2876 3131 3251 3197; x_wconf 86' lang='lat' dir='ltr'><strong>continentur,</strong></span> <span class='ocrx_word' id='word_1_460' title='bbox 3312 3145 3432 3200; x_wconf 70' lang='lat' dir='ltr'><strong>quae</strong></span> <span class='ocrx_word' id='word_1_461' title='bbox 3490 3145 3614 3186; x_wconf 86' lang='lat' dir='ltr'><strong>eum</strong></span> 
     </span>
    </p>
   </div>
   <div class='ocr_carea' id='block_1_71' title="bbox 2034 3220 3617 3291">
    <p class='ocr_par' dir='ltr' id='par_1_71' title="bbox 2034 3220 3617 3291">
     <span class='ocr_line' id='line_1_71' title="bbox 2034 3220 3617 3291; baseline 0.001 -16"><span class='ocrx_word' id='word_1_462' title='bbox 2034 3220 2335 3275; x_wconf 87' lang='lat' dir='ltr'><strong>Claudiana</strong></span> <span class='ocrx_word' id='word_1_463' title='bbox 2387 3222 2931 3291; x_wconf 72' lang='grc' dir='ltr'><strong>Λατινοφρονούντων</strong></span> <span class='ocrx_word' id='word_1_464' title='bbox 2995 3223 3310 3278; x_wconf 78' lang='lat' dir='ltr'><strong>definitione</strong></span> <span class='ocrx_word' id='word_1_465' title='bbox 3337 3234 3480 3278; x_wconf 89' lang='lat' dir='ltr'><strong>stare</strong></span> <span class='ocrx_word' id='word_1_466' title='bbox 3510 3238 3617 3278; x_wconf 90' lang='lat' dir='ltr'><strong>non</strong></span> 
     </span>
    </p>
   </div>
   <div class='ocr_carea' id='block_1_72' title="bbox 2036 3313 3617 3386">
    <p class='ocr_par' dir='ltr' id='par_1_72' title="bbox 2036 3313 3617 3386">
     <span class='ocr_line' id='line_1_72' title="bbox 2036 3313 3617 3386; baseline 0.003 -20"><span class='ocrx_word' id='word_1_467' title='bbox 2036 3323 2285 3381; x_wconf 76' lang='lat' dir='ltr'><strong>possunt,</strong></span> <span class='ocrx_word' id='word_1_468' title='bbox 2338 3314 2428 3368; x_wconf 84' lang='lat' dir='ltr'><strong>sed</strong></span> <span class='ocrx_word' id='word_1_469' title='bbox 2480 3315 2728 3369; x_wconf 79' lang='lat' dir='ltr'><strong>sinceros</strong></span> <span class='ocrx_word' id='word_1_470' title='bbox 2779 3313 2998 3369; x_wconf 64' lang='lat' dir='ltr'><strong>Graecos</strong></span> <span class='ocrx_word' id='word_1_471' title='bbox 3054 3330 3176 3370; x_wconf 90' lang='lat' dir='ltr'><strong>esse</strong></span> <span class='ocrx_word' id='word_1_472' title='bbox 3234 3326 3468 3382; x_wconf 86' lang='lat' dir='ltr'><strong>constat,</strong></span> <span class='ocrx_word' id='word_1_473' title='bbox 3524 3318 3617 3386; x_wconf 91' lang='lat' dir='ltr'><strong>qui</strong></span> 
     </span>
    </p>
   </div>
   <div class='ocr_carea' id='block_1_73' title="bbox 2038 3398 3616 3475">
    <p class='ocr_par' dir='ltr' id='par_1_73' title="bbox 2038 3398 3616 3475">
     <span class='ocr_line' id='line_1_73' title="bbox 2038 3398 3616 3475; baseline 0.003 -17"><span class='ocrx_word' id='word_1_474' title='bbox 2038 3398 2386 3475; x_wconf 58' lang='lat' dir='ltr'><strong>praesentiam</strong></span> <span class='ocrx_word' id='word_1_475' title='bbox 2443 3407 2641 3459; x_wconf 89' lang='lat' dir='ltr'><strong>realem</strong></span> <span class='ocrx_word' id='word_1_476' title='bbox 2677 3415 2731 3460; x_wconf 90' lang='lat' dir='ltr'><strong>et</strong></span> <span class='ocrx_word' id='word_1_477' title='bbox 2770 3408 3442 3462; x_wconf 69' lang='lat' dir='ltr'><strong>transmbstantiatiouem</strong></span> <span class='ocrx_word' id='word_1_478' title='bbox 3497 3422 3616 3462; x_wconf 88' lang='lat' dir='ltr'><strong>ere-</strong></span> 
     </span>
    </p>
   </div>
   <div class='ocr_carea' id='block_1_74' title="bbox 2037 3496 3621 3569">
    <p class='ocr_par' dir='ltr' id='par_1_74' title="bbox 2037 3496 3621 3569">
     <span class='ocr_line' id='line_1_74' title="bbox 2037 3496 3621 3569; baseline 0 -18"><span class='ocrx_word' id='word_1_479' title='bbox 2037 3499 2197 3559; x_wconf 83' lang='lat' dir='ltr'><strong>dunt,</strong></span> <span class='ocrx_word' id='word_1_480' title='bbox 2235 3496 2439 3552; x_wconf 87' lang='lat' dir='ltr'><strong>frustra</strong></span> <span class='ocrx_word' id='word_1_481' title='bbox 2465 3500 2791 3569; x_wconf 67' lang='lat' dir='ltr'><strong>conjectura:</strong></span> <span class='ocrx_word' id='word_1_482' title='bbox 2815 3514 3006 3553; x_wconf 87' lang='lat' dir='ltr'><strong>omnes</strong></span> <span class='ocrx_word' id='word_1_483' title='bbox 3031 3508 3161 3555; x_wconf 89' lang='lat' dir='ltr'><strong>sunt</strong></span> <span class='ocrx_word' id='word_1_484' title='bbox 3188 3500 3277 3554; x_wconf 93' lang='lat' dir='ltr'><strong>ubi</strong></span> <span class='ocrx_word' id='word_1_485' title='bbox 3309 3500 3481 3553; x_wconf 71' lang='lat' dir='ltr'><strong>Graeci</strong></span> <span class='ocrx_word' id='word_1_486' title='bbox 3520 3500 3621 3566; x_wconf 87' lang='lat' dir='ltr'><strong>ipsi</strong></span> 
     </span>
    </p>
   </div>
   <div class='ocr_carea' id='block_1_75' title="bbox 2036 3586 3624 3658">
    <p class='ocr_par' dir='ltr' id='par_1_75' title="bbox 2036 3586 3624 3658">
     <span class='ocr_line' id='line_1_75' title="bbox 2036 3586 3624 3658; baseline 0 -17"><span class='ocrx_word' id='word_1_487' title='bbox 2036 3587 2356 3656; x_wconf 84' lang='lat' dir='ltr'><strong>loquuntur.</strong></span> <span class='ocrx_word' id='word_1_488' title='bbox 2393 3586 2549 3641; x_wconf 84' lang='lat' dir='ltr'><strong>Unde</strong></span> <span class='ocrx_word' id='word_1_489' title='bbox 2600 3589 2863 3657; x_wconf 79' lang='lat' dir='ltr'><strong>quidquid</strong></span> <span class='ocrx_word' id='word_1_490' title='bbox 2918 3605 2981 3642; x_wconf 77' lang='lat' dir='ltr'><strong>ex</strong></span> <span class='ocrx_word' id='word_1_491' title='bbox 3025 3588 3159 3643; x_wconf 86' lang='lat' dir='ltr'><strong>falsa</strong></span> <span class='ocrx_word' id='word_1_492' title='bbox 3210 3590 3302 3644; x_wconf 88' lang='lat' dir='ltr'><strong>illa</strong></span> <span class='ocrx_word' id='word_1_493' title='bbox 3336 3588 3624 3658; x_wconf 82' lang='lat' dir='ltr'><strong>Iiypothesi</strong></span> 
     </span>
    </p>
   </div>
   <div class='ocr_carea' id='block_1_76' title="bbox 2010 3679 3627 3749">
    <p class='ocr_par' dir='ltr' id='par_1_76' title="bbox 2010 3679 3627 3749">
     <span class='ocr_line' id='line_1_76' title="bbox 2010 3679 3627 3749; baseline 0.001 -14"><span class='ocrx_word' id='word_1_494' title='bbox 2010 3690 2228 3735; x_wconf 78' lang='lat' dir='ltr'><strong>‘contra</strong></span> <span class='ocrx_word' id='word_1_495' title='bbox 2250 3679 2588 3735; x_wconf 88' lang='lat' dir='ltr'><strong>Gennadium</strong></span> <span class='ocrx_word' id='word_1_496' title='bbox 2620 3689 2674 3735; x_wconf 92' lang='lat' dir='ltr'><strong>et</strong></span> <span class='ocrx_word' id='word_1_497' title='bbox 2704 3684 2824 3749; x_wconf 85' lang='lat' dir='ltr'><strong>ejus</strong></span> <span class='ocrx_word' id='word_1_498' title='bbox 2859 3683 3113 3735; x_wconf 86' lang='lat' dir='ltr'><strong>homilias</strong></span> <span class='ocrx_word' id='word_1_499' title='bbox 3140 3682 3421 3736; x_wconf 82' lang='lat' dir='ltr'><strong>Smitlteus</strong></span> <span class='ocrx_word' id='word_1_500' title='bbox 3452 3681 3627 3736; x_wconf 82' lang='lat' dir='ltr'><strong>dedu—</strong></span> 
     </span>
    </p>
   </div>
   <div class='ocr_carea' id='block_1_77' title="bbox 2038 3772 3245 3845">
    <p class='ocr_par' dir='ltr' id='par_1_77' title="bbox 2038 3772 3245 3845">
     <span class='ocr_line' id='line_1_77' title="bbox 2038 3772 3245 3845; baseline 0.002 -18"><span class='ocrx_word' id='word_1_501' title='bbox 2038 3774 2142 3840; x_wconf 74' lang='lat' dir='ltr'><strong>xit,</strong></span> <span class='ocrx_word' id='word_1_502' title='bbox 2168 3772 2498 3829; x_wconf 86' lang='lat' dir='ltr'><strong>accuratiori</strong></span> <span class='ocrx_word' id='word_1_503' title='bbox 2519 3774 2849 3829; x_wconf 80' lang='lat' dir='ltr'><strong>refutatione</strong></span> <span class='ocrx_word' id='word_1_504' title='bbox 2879 3791 2988 3830; x_wconf 87' lang='lat' dir='ltr'><strong>non</strong></span> <span class='ocrx_word' id='word_1_505' title='bbox 3019 3775 3245 3845; x_wconf 87' lang='lat' dir='ltr'><strong>indiget.</strong></span> 
     </span>
    </p>
   </div>
   <div class='ocr_carea' id='block_1_78' title="bbox 944 4122 1926 4240">
    <p class='ocr_par' dir='ltr' id='par_1_78' title="bbox 944 4124 1926 4240">
     <span class='ocr_line' id='line_1_78' title="bbox 944 4124 1926 4240; baseline -0.007 1"><span class='ocrx_word' id='word_1_506' title='bbox 944 4124 1639 4240; x_wconf 81' lang='lat' dir='ltr'><strong>GENNADII</strong></span> <span class='ocrx_word' id='word_1_507' title='bbox 1724 4125 1926 4235; x_wconf 77' lang='grc' dir='ltr'><strong>ΟΡ]</strong></span> 
     </span>
    </p>
   </div>
   <div class='ocr_carea' id='block_1_79' title="bbox 2031 4122 3043 4240">
    <p class='ocr_par' dir='ltr' id='par_1_79' title="bbox 2031 4122 3043 4236">
     <span class='ocr_line' id='line_1_79' title="bbox 2031 4122 3043 4236; baseline -0.002 -3"><span class='ocrx_word' id='word_1_508' title='bbox 2031 4123 2305 4236; x_wconf 74' lang='lat' dir='ltr'><strong>RUM</strong></span> <span class='ocrx_word' id='word_1_509' title='bbox 2387 4122 2984 4234; x_wconf 83' lang='grc' dir='ltr'><strong>ΝΟΤΙΤΙΑ</strong></span> <span class='ocrx_word' id='word_1_510' title='bbox 3013 4199 3043 4231; x_wconf 94' lang='grc'><strong>.</strong></span> 
     </span>
    </p>
   </div>
   <div class='ocr_carea' id='block_1_80' title="bbox 439 4460 1941 4545">
    <p class='ocr_par' dir='ltr' id='par_1_80' title="bbox 439 4460 1941 4545">
     <span class='ocr_line' id='line_1_80' title="bbox 439 4460 1941 4545; baseline -0.013 -12"><span class='ocrx_word' id='word_1_511' title='bbox 439 4478 788 4545; x_wconf 72' lang='lat' dir='ltr'><strong>Qumeunque</strong></span> <span class='ocrx_word' id='word_1_512' title='bbox 828 4485 857 4525; x_wconf 91' lang='lat' dir='ltr'><strong>a</strong></span> <span class='ocrx_word' id='word_1_513' title='bbox 899 4464 1191 4524; x_wconf 90' lang='lat' dir='ltr'><strong>Gennadio</strong></span> <span class='ocrx_word' id='word_1_514' title='bbox 1253 4460 1458 4532; x_wconf 90' lang='lat' dir='ltr'><strong>scripta</strong></span> <span class='ocrx_word' id='word_1_515' title='bbox 1496 4461 1565 4516; x_wconf 90' lang='lat' dir='ltr'><strong>ad</strong></span> <span class='ocrx_word' id='word_1_516' title='bbox 1611 4477 1709 4517; x_wconf 85' lang='lat' dir='ltr'><strong>nos</strong></span> <span class='ocrx_word' id='word_1_517' title='bbox 1744 4476 1941 4531; x_wconf 82' lang='lat' dir='ltr'><strong>perve-</strong></span> 
     </span>
    </p>
   </div>
   <div class='ocr_carea' id='block_1_81' title="bbox 363 4553 1933 4635">
    <p class='ocr_par' dir='ltr' id='par_1_81' title="bbox 363 4553 1933 4635">
     <span class='ocr_line' id='line_1_81' title="bbox 363 4553 1933 4635; baseline -0.015 -5"><span class='ocrx_word' id='word_1_518' title='bbox 363 4574 731 4635; x_wconf 47' lang='lat' dir='ltr'><strong>nerunt,,aut</strong></span> <span class='ocrx_word' id='word_1_519' title='bbox 780 4572 909 4618; x_wconf 87' lang='lat' dir='ltr'><strong>ante</strong></span> <span class='ocrx_word' id='word_1_520' title='bbox 970 4553 1409 4631; x_wconf 87' lang='lat' dir='ltr'><strong>patriarchatum</strong></span> <span class='ocrx_word' id='word_1_521' title='bbox 1460 4555 1705 4625; x_wconf 83' lang='lat' dir='ltr'><strong>scripsit,</strong></span> <span class='ocrx_word' id='word_1_522' title='bbox 1754 4554 1933 4609; x_wconf 90' lang='lat' dir='ltr'><strong>autin</strong></span> 
     </span>
    </p>
   </div>
   <div class='ocr_carea' id='block_1_82' title="bbox 2044 4459 3637 4535">
    <p class='ocr_par' dir='ltr' id='par_1_82' title="bbox 2044 4459 3637 4535">
     <span class='ocr_line' id='line_1_82' title="bbox 2044 4459 3637 4535; baseline 0.004 -20"><span class='ocrx_word' id='word_1_523' title='bbox 2044 4459 2187 4516; x_wconf 80' lang='lat' dir='ltr'><strong>bene</strong></span> <span class='ocrx_word' id='word_1_524' title='bbox 2219 4460 2458 4524; x_wconf 86' lang='lat' dir='ltr'><strong>multas,</strong></span> <span class='ocrx_word' id='word_1_525' title='bbox 2499 4477 2733 4531; x_wconf 88' lang='lat' dir='ltr'><strong>quarum</strong></span> <span class='ocrx_word' id='word_1_526' title='bbox 2786 4463 3006 4519; x_wconf 65' lang='lat' dir='ltr'><strong>selectae</strong></span> <span class='ocrx_word' id='word_1_527' title='bbox 3036 4463 3286 4534; x_wconf 65' lang='lat' dir='ltr'><strong>quaedam</strong></span> <span class='ocrx_word' id='word_1_528' title='bbox 3333 4477 3637 4535; x_wconf 90' lang='lat' dir='ltr'><strong>supersunt</strong></span> 
     </span>
    </p>
   </div>
   <div class='ocr_carea' id='block_1_83' title="bbox 2040 4552 3638 4624">
    <p class='ocr_par' dir='ltr' id='par_1_83' title="bbox 2040 4552 3638 4624">
     <span class='ocr_line' id='line_1_83' title="bbox 2040 4552 3638 4624; baseline -0.001 -15"><span class='ocrx_word' id='word_1_529' title='bbox 2040 4554 2095 4609; x_wconf 89' lang='lat' dir='ltr'><strong>in</strong></span> <span class='ocrx_word' id='word_1_530' title='bbox 2125 4553 2250 4609; x_wconf 88' lang='lat' dir='ltr'><strong>cod.</strong></span> <span class='ocrx_word' id='word_1_531' title='bbox 2279 4552 2446 4624; x_wconf 79' lang='lat' dir='ltr'><strong>Regio</strong></span> <span class='ocrx_word' id='word_1_532' title='bbox 2471 4552 2633 4619; x_wconf 70' lang='lat'><strong>2955,</strong></span> <span class='ocrx_word' id='word_1_533' title='bbox 2669 4556 2772 4609; x_wconf 90' lang='lat' dir='ltr'><strong>hoc</strong></span> <span class='ocrx_word' id='word_1_534' title='bbox 2807 4556 2985 4619; x_wconf 89' lang='lat' dir='ltr'><strong>titulo,</strong></span> <span class='ocrx_word' id='word_1_535' title='bbox 3034 4556 3130 4609; x_wconf 87' lang='grc' dir='ltr'><strong>Ἐκ</strong></span> <span class='ocrx_word' id='word_1_536' title='bbox 3153 4556 3261 4609; x_wconf 84' lang='grc' dir='ltr'><strong>τῶν</strong></span> <span class='ocrx_word' id='word_1_537' title='bbox 3305 4556 3638 4610; x_wconf 73' lang='grc' dir='ltr'><strong>Ἐπιστολῶν</strong></span> 
     </span>
    </p>
   </div>
   <div class='ocr_carea' id='block_1_84' title="bbox 365 4646 1926 4737">
    <p class='ocr_par' dir='ltr' id='par_1_84' title="bbox 365 4650 1926 4737">
     <span class='ocr_line' id='line_1_84' title="bbox 365 4650 1926 4737; baseline -0.013 -13"><span class='ocrx_word' id='word_1_538' title='bbox 365 4660 927 4737; x_wconf 73' lang='lat' dir='ltr'><strong>ipso’patriarchatu,</strong></span> <span class='ocrx_word' id='word_1_539' title='bbox 957 4662 1052 4709; x_wconf 89' lang='lat' dir='ltr'><strong>aut</strong></span> <span class='ocrx_word' id='word_1_540' title='bbox 1077 4652 1330 4722; x_wconf 90' lang='lat' dir='ltr'><strong>deposita</strong></span> <span class='ocrx_word' id='word_1_541' title='bbox 1362 4650 1631 4715; x_wconf 78' lang='lat' dir='ltr'><strong>dignitate</strong></span> <span class='ocrx_word' id='word_1_542' title='bbox 1665 4663 1789 4705; x_wconf 91' lang='lat' dir='ltr'><strong>cum</strong></span> <span class='ocrx_word' id='word_1_543' title='bbox 1828 4651 1926 4717; x_wconf 44' lang='lat' dir='ltr'><strong>pri.</strong></span> 
     </span>
    </p>
   </div>
   <div class='ocr_carea' id='block_1_85' title="bbox 2031 4646 3637 4737">
    <p class='ocr_par' dir='ltr' id='par_1_85' title="bbox 2045 4646 3637 4718">
     <span class='ocr_line' id='line_1_85' title="bbox 2045 4646 3637 4718; baseline 0.001 -18"><span class='ocrx_word' id='word_1_544' title='bbox 2045 4648 2083 4700; x_wconf 90' lang='grc' dir='ltr'><strong>Γ</strong></span> <span class='ocrx_word' id='word_1_545' title='bbox 2086 4648 2321 4716; x_wconf 78' lang='grc' dir='ltr'><strong>εωργῐου</strong></span> <span class='ocrx_word' id='word_1_546' title='bbox 2352 4646 2445 4701; x_wconf 81' lang='grc' dir='ltr'><strong>τοῦ</strong></span> <span class='ocrx_word' id='word_1_547' title='bbox 2470 4648 2768 4718; x_wconf 78' lang='grc' dir='ltr'><strong>Σχολαρέου</strong></span> <span class='ocrx_word' id='word_1_548' title='bbox 2801 4649 2894 4701; x_wconf 81' lang='grc' dir='ltr'><strong>τοῦ</strong></span> <span class='ocrx_word' id='word_1_549' title='bbox 2918 4647 3146 4718; x_wconf 77' lang='grc' dir='ltr'><strong>ὕστερον</strong></span> <span class='ocrx_word' id='word_1_550' title='bbox 3187 4650 3495 4709; x_wconf 73' lang='grc' dir='ltr'><strong>Γενναδξου.</strong></span> <span class='ocrx_word' id='word_1_551' title='bbox 3547 4648 3637 4702; x_wconf 71' lang='lat' dir='ltr'><strong>Ea:</strong></span> 
     </span>
    </p>
   </div>
   <div class='ocr_carea' id='block_1_86' title="bbox 302 4742 1945 4816">
    <p class='ocr_par' dir='ltr' id='par_1_86' title="bbox 302 4742 1945 4816">
     <span class='ocr_line' id='line_1_86' title="bbox 302 4742 1945 4816; baseline -0.012 -1"><span class='ocrx_word' id='word_1_552' title='bbox 302 4746 305 4753; x_wconf 55' lang='grc'>’</span> <span class='ocrx_word' id='word_1_553' title='bbox 365 4768 527 4816; x_wconf 82' lang='lat' dir='ltr'><strong>vatus</strong></span> <span class='ocrx_word' id='word_1_554' title='bbox 588 4756 644 4809; x_wconf 86' lang='lat' dir='ltr'><strong>in</strong></span> <span class='ocrx_word' id='word_1_555' title='bbox 709 4749 1099 4807; x_wconf 86' lang='lat' dir='ltr'><strong>monasterium</strong></span> <span class='ocrx_word' id='word_1_556' title='bbox 1174 4744 1361 4801; x_wconf 86' lang='lat' dir='ltr'><strong>Sancti</strong></span> <span class='ocrx_word' id='word_1_557' title='bbox 1415 4743 1645 4798; x_wconf 82' lang='lat' dir='ltr'><strong>Joannis</strong></span> <span class='ocrx_word' id='word_1_558' title='bbox 1684 4742 1945 4813; x_wconf 79' lang='lat' dir='ltr'><strong>Baptista.-</strong></span> 
     </span>
    </p>
   </div>
   <div class='ocr_carea' id='block_1_87' title="bbox 370 4835 1946 4922">
    <p class='ocr_par' dir='ltr' id='par_1_87' title="bbox 370 4835 1946 4922">
     <span class='ocr_line' id='line_1_87' title="bbox 370 4835 1946 4922; baseline -0.01 -17"><span class='ocrx_word' id='word_1_559' title='bbox 370 4865 542 4922; x_wconf 82' lang='lat' dir='ltr'><strong>prope</strong></span> <span class='ocrx_word' id='word_1_560' title='bbox 568 4847 764 4902; x_wconf 82' lang='lat' dir='ltr'><strong>Serras</strong></span> <span class='ocrx_word' id='word_1_561' title='bbox 795 4842 861 4897; x_wconf 86' lang='lat' dir='ltr'><strong>ad</strong></span> <span class='ocrx_word' id='word_1_562' title='bbox 888 4839 1226 4894; x_wconf 72' lang='lat' dir='ltr'><strong>Menmeeum</strong></span> <span class='ocrx_word' id='word_1_563' title='bbox 1261 4844 1499 4890; x_wconf 90' lang='lat' dir='ltr'><strong>montem</strong></span> <span class='ocrx_word' id='word_1_564' title='bbox 1532 4849 1591 4888; x_wconf 90' lang='lat' dir='ltr'><strong>se</strong></span> <span class='ocrx_word' id='word_1_565' title='bbox 1616 4835 1946 4903; x_wconf 87' lang='lat' dir='ltr'><strong>recepisset.</strong></span> 
     </span>
    </p>
   </div>
   <div class='ocr_carea' id='block_1_88' title="bbox 375 4927 1947 5002">
    <p class='ocr_par' dir='ltr' id='par_1_88' title="bbox 375 4927 1947 5002">
     <span class='ocr_line' id='line_1_88' title="bbox 375 4927 1947 5002; baseline -0.01 -5"><span class='ocrx_word' id='word_1_566' title='bbox 375 4941 533 4998; x_wconf 85' lang='lat' dir='ltr'><strong>lluuc</strong></span> <span class='ocrx_word' id='word_1_567' title='bbox 569 4938 818 4995; x_wconf 90' lang='lat' dir='ltr'><strong>ordinem</strong></span> <span class='ocrx_word' id='word_1_568' title='bbox 867 4933 987 5002; x_wconf 87' lang='lat' dir='ltr'><strong>ejus</strong></span> <span class='ocrx_word' id='word_1_569' title='bbox 1050 4944 1280 5000; x_wconf 87' lang='lat' dir='ltr'><strong>operum</strong></span> <span class='ocrx_word' id='word_1_570' title='bbox 1310 4928 1403 4996; x_wconf 89' lang='lat' dir='ltr'><strong>qui</strong></span> <span class='ocrx_word' id='word_1_571' title='bbox 1438 4927 1565 4982; x_wconf 68' lang='lat' dir='ltr'><strong>vitae</strong></span> <span class='ocrx_word' id='word_1_572' title='bbox 1606 4927 1806 4981; x_wconf 86' lang='lat' dir='ltr'><strong>seriem</strong></span> <span class='ocrx_word' id='word_1_573' title='bbox 1854 4943 1947 4982; x_wconf 80' lang='lat' dir='ltr'><strong>se-</strong></span> 
     </span>
    </p>
   </div>
   <div class='ocr_carea' id='block_1_89' title="bbox 366 5021 1942 5107">
    <p class='ocr_par' dir='ltr' id='par_1_89' title="bbox 366 5021 1942 5107">
     <span class='ocr_line' id='line_1_89' title="bbox 366 5021 1942 5107; baseline -0.011 -16"><span class='ocrx_word' id='word_1_574' title='bbox 366 5038 582 5107; x_wconf 87' lang='lat' dir='ltr'><strong>quitur,</strong></span> <span class='ocrx_word' id='word_1_575' title='bbox 635 5030 858 5102; x_wconf 84' lang='lat' dir='ltr'><strong>quidam</strong></span> <span class='ocrx_word' id='word_1_576' title='bbox 908 5040 1065 5080; x_wconf 89' lang='lat' dir='ltr'><strong>mss.</strong></span> <span class='ocrx_word' id='word_1_577' title='bbox 1109 5021 1332 5077; x_wconf 84' lang='lat' dir='ltr'><strong>codices</strong></span> <span class='ocrx_word' id='word_1_578' title='bbox 1376 5027 1798 5089; x_wconf 69' lang='lat' dir='ltr'><strong>repraesentant.</strong></span> <span class='ocrx_word' id='word_1_579' title='bbox 1849 5021 1942 5089; x_wconf 89' lang='lat' dir='ltr'><strong>qui</strong></span> 
     </span>
    </p>
   </div>
   <div class='ocr_carea' id='block_1_90' title="bbox 370 5109 1943 5187">
    <p class='ocr_par' dir='ltr' id='par_1_90' title="bbox 370 5109 1943 5187">
     <span class='ocr_line' id='line_1_90' title="bbox 370 5109 1943 5187; baseline -0.011 -2"><span class='ocrx_word' id='word_1_580' title='bbox 370 5141 557 5187; x_wconf 87' lang='lat' dir='ltr'><strong>tamen</strong></span> <span class='ocrx_word' id='word_1_581' title='bbox 614 5124 669 5180; x_wconf 92' lang='lat' dir='ltr'><strong>id</strong></span> <span class='ocrx_word' id='word_1_582' title='bbox 723 5121 892 5177; x_wconf 88' lang='lat' dir='ltr'><strong>habet</strong></span> <span class='ocrx_word' id='word_1_583' title='bbox 945 5113 1302 5176; x_wconf 89' lang='lat' dir='ltr'><strong>incommodi,</strong></span> <span class='ocrx_word' id='word_1_584' title='bbox 1332 5111 1480 5183; x_wconf 87' lang='lat' dir='ltr'><strong>quod</strong></span> <span class='ocrx_word' id='word_1_585' title='bbox 1512 5111 1581 5167; x_wconf 92' lang='lat' dir='ltr'><strong>de</strong></span> <span class='ocrx_word' id='word_1_586' title='bbox 1611 5109 1799 5166; x_wconf 84' lang='lat' dir='ltr'><strong>multis</strong></span> <span class='ocrx_word' id='word_1_587' title='bbox 1834 5128 1943 5167; x_wconf 92' lang='lat' dir='ltr'><strong>non</strong></span> 
     </span>
    </p>
   </div>
   <div class='ocr_carea' id='block_1_91' title="bbox 370 5203 1947 5290">
    <p class='ocr_par' dir='ltr' id='par_1_91' title="bbox 370 5203 1947 5290">
     <span class='ocr_line' id='line_1_91' title="bbox 370 5203 1947 5290; baseline -0.013 -11"><span class='ocrx_word' id='word_1_588' title='bbox 370 5224 447 5280; x_wconf 84' lang='lat' dir='ltr'><strong>ita</strong></span> <span class='ocrx_word' id='word_1_589' title='bbox 499 5221 696 5290; x_wconf 88' lang='lat' dir='ltr'><strong>liquet,</strong></span> <span class='ocrx_word' id='word_1_590' title='bbox 747 5222 809 5269; x_wconf 91' lang='lat' dir='ltr'><strong>ut</strong></span> <span class='ocrx_word' id='word_1_591' title='bbox 870 5207 1093 5281; x_wconf 88' lang='lat' dir='ltr'><strong>quando</strong></span> <span class='ocrx_word' id='word_1_592' title='bbox 1136 5204 1341 5274; x_wconf 86' lang='lat' dir='ltr'><strong>scripta</strong></span> <span class='ocrx_word' id='word_1_593' title='bbox 1388 5203 1499 5258; x_wconf 84' lang='lat' dir='ltr'><strong>sint</strong></span> <span class='ocrx_word' id='word_1_594' title='bbox 1544 5210 1695 5259; x_wconf 90' lang='lat' dir='ltr'><strong>certo</strong></span> <span class='ocrx_word' id='word_1_595' title='bbox 1739 5203 1947 5260; x_wconf 80' lang='lat' dir='ltr'><strong>habere</strong></span> 
     </span>
    </p>
   </div>
   <div class='ocr_carea' id='block_1_92' title="bbox 375 5296 1940 5389">
    <p class='ocr_par' dir='ltr' id='par_1_92' title="bbox 375 5296 1940 5389">
     <span class='ocr_line' id='line_1_92' title="bbox 375 5296 1940 5389; baseline -0.017 -14"><span class='ocrx_word' id='word_1_596' title='bbox 375 5316 671 5389; x_wconf 90' lang='lat' dir='ltr'><strong>possimus,</strong></span> <span class='ocrx_word' id='word_1_597' title='bbox 703 5321 813 5378; x_wconf 91' lang='lat' dir='ltr'><strong>quo</strong></span> <span class='ocrx_word' id='word_1_598' title='bbox 841 5305 898 5360; x_wconf 93' lang='lat' dir='ltr'><strong>in</strong></span> <span class='ocrx_word' id='word_1_599' title='bbox 943 5311 1143 5371; x_wconf 87' lang='lat' dir='ltr'><strong>genere</strong></span> <span class='ocrx_word' id='word_1_600' title='bbox 1174 5306 1304 5351; x_wconf 88' lang='lat' dir='ltr'><strong>sunt</strong></span> <span class='ocrx_word' id='word_1_601' title='bbox 1339 5296 1576 5352; x_wconf 71' lang='lat' dir='ltr'><strong>homilia:</strong></span> <span class='ocrx_word' id='word_1_602' title='bbox 1601 5296 1940 5366; x_wconf 86' lang='lat' dir='ltr'><strong>complures,</strong></span> 
     </span>
    </p>
   </div>
   <div class='ocr_carea' id='block_1_93' title="bbox 375 5390 1950 5471">
    <p class='ocr_par' dir='ltr' id='par_1_93' title="bbox 375 5390 1950 5471">
     <span class='ocr_line' id='line_1_93' title="bbox 375 5390 1950 5471; baseline -0.014 -4"><span class='ocrx_word' id='word_1_603' title='bbox 375 5421 432 5468; x_wconf 89' lang='lat' dir='ltr'><strong>et</strong></span> <span class='ocrx_word' id='word_1_604' title='bbox 471 5406 764 5464; x_wconf 89' lang='lat' dir='ltr'><strong>minutiora</strong></span> <span class='ocrx_word' id='word_1_605' title='bbox 796 5398 1044 5471; x_wconf 66' lang='lat' dir='ltr'><strong>quaedam</strong></span> <span class='ocrx_word' id='word_1_606' title='bbox 1087 5391 1379 5465; x_wconf 84' lang='lat' dir='ltr'><strong>opuscula.</strong></span> <span class='ocrx_word' id='word_1_607' title='bbox 1413 5390 1517 5445; x_wconf 90' lang='lat' dir='ltr'><strong>Sed</strong></span> <span class='ocrx_word' id='word_1_608' title='bbox 1568 5398 1751 5445; x_wconf 89' lang='lat' dir='ltr'><strong>tamen</strong></span> <span class='ocrx_word' id='word_1_609' title='bbox 1800 5390 1950 5445; x_wconf 86' lang='lat' dir='ltr'><strong>hunc</strong></span> 
     </span>
    </p>
   </div>
   <div class='ocr_carea' id='block_1_94' title="bbox 377 5487 1664 5567">
    <p class='ocr_par' dir='ltr' id='par_1_94' title="bbox 377 5487 1664 5567">
     <span class='ocr_line' id='line_1_94' title="bbox 377 5487 1664 5567; baseline -0.019 -6"><span class='ocrx_word' id='word_1_610' title='bbox 377 5505 653 5563; x_wconf 85' lang='lat' dir='ltr'><strong>Ordinem,</strong></span> <span class='ocrx_word' id='word_1_611' title='bbox 682 5495 809 5567; x_wconf 88' lang='lat' dir='ltr'><strong>quia</strong></span> <span class='ocrx_word' id='word_1_612' title='bbox 840 5487 1184 5549; x_wconf 73' lang='lat' dir='ltr'><strong>commodior</strong></span> <span class='ocrx_word' id='word_1_613' title='bbox 1214 5494 1319 5545; x_wconf 83' lang='lat' dir='ltr'><strong>est.</strong></span> <span class='ocrx_word' id='word_1_614' title='bbox 1347 5498 1664 5553; x_wconf 88' lang='lat' dir='ltr'><strong>sequemur.</strong></span> 
     </span>
    </p>
   </div>
   <div class='ocr_carea' id='block_1_95' title="bbox 451 5576 1955 5661">
    <p class='ocr_par' dir='ltr' id='par_1_95' title="bbox 451 5576 1955 5661">
     <span class='ocr_line' id='line_1_95' title="bbox 451 5576 1955 5661; baseline -0.013 -11"><span class='ocrx_word' id='word_1_615' title='bbox 451 5592 720 5661; x_wconf 85' lang='lat' dir='ltr'><strong>Georgius</strong></span> <span class='ocrx_word' id='word_1_616' title='bbox 746 5586 1063 5643; x_wconf 88' lang='lat' dir='ltr'><strong>Scholarius</strong></span> <span class='ocrx_word' id='word_1_617' title='bbox 1090 5583 1269 5636; x_wconf 88' lang='lat' dir='ltr'><strong>adhuc</strong></span> <span class='ocrx_word' id='word_1_618' title='bbox 1290 5580 1468 5634; x_wconf 85' lang='lat' dir='ltr'><strong>laicus</strong></span> <span class='ocrx_word' id='word_1_619' title='bbox 1495 5619 1510 5642; x_wconf 86' lang='lat'><strong>,</strong></span> <span class='ocrx_word' id='word_1_620' title='bbox 1544 5577 1692 5634; x_wconf 85' lang='lat' dir='ltr'><strong>circa</strong></span> <span class='ocrx_word' id='word_1_621' title='bbox 1725 5576 1955 5632; x_wconf 79' lang='lat' dir='ltr'><strong>Floren-</strong></span> 
     </span>
    </p>
   </div>
   <div class='ocr_carea' id='block_1_96' title="bbox 381 5673 1945 5748">
    <p class='ocr_par' dir='ltr' id='par_1_96' title="bbox 381 5673 1945 5748">
     <span class='ocr_line' id='line_1_96' title="bbox 381 5673 1945 5748; baseline -0.011 -1"><span class='ocrx_word' id='word_1_622' title='bbox 381 5691 483 5748; x_wconf 89' lang='lat' dir='ltr'><strong>tini</strong></span> <span class='ocrx_word' id='word_1_623' title='bbox 514 5684 733 5743; x_wconf 88' lang='lat' dir='ltr'><strong>concilii</strong></span> <span class='ocrx_word' id='word_1_624' title='bbox 756 5693 999 5748; x_wconf 88' lang='lat' dir='ltr'><strong>tempora</strong></span> <span class='ocrx_word' id='word_1_625' title='bbox 1022 5677 1246 5747; x_wconf 88' lang='lat' dir='ltr'><strong>scripsit</strong></span> <span class='ocrx_word' id='word_1_626' title='bbox 1289 5674 1579 5747; x_wconf 87' lang='lat' dir='ltr'><strong>epistolas,</strong></span> <span class='ocrx_word' id='word_1_627' title='bbox 1615 5684 1672 5730; x_wconf 90' lang='lat' dir='ltr'><strong>ut</strong></span> <span class='ocrx_word' id='word_1_628' title='bbox 1706 5673 1945 5741; x_wconf 87' lang='lat' dir='ltr'><strong>videtur,</strong></span> 
     </span>
    </p>
   </div>
   <div class='ocr_carea' id='block_1_97' title="bbox 464 5844 1211 5927">
    <p class='ocr_par' dir='ltr' id='par_1_97' title="bbox 464 5844 1211 5927">
     <span class='ocr_line' id='line_1_97' title="bbox 464 5844 1211 5927; baseline -0.015 -18"><span class='ocrx_word' id='word_1_629' title='bbox 464 5856 541 5927; x_wconf 86' lang='lat' dir='ltr'><strong>(l)</strong></span> <span class='ocrx_word' id='word_1_630' title='bbox 575 5855 646 5910; x_wconf 82' lang='lat' dir='ltr'><strong>Dc</strong></span> <span class='ocrx_word' id='word_1_631' title='bbox 682 5864 983 5915; x_wconf 80' lang='lat' dir='ltr'><strong>consensu,</strong></span> <span class='ocrx_word' id='word_1_632' title='bbox 1008 5862 1058 5917; x_wconf 89' lang='lat' dir='ltr'><strong>p.</strong></span> <span class='ocrx_word' id='word_1_633' title='bbox 1088 5844 1211 5901; x_wconf 72' lang='lat'><strong>962.</strong></span> 
     </span>
    </p>
   </div>
   <div class='ocr_carea' id='block_1_98' title="bbox 2052 4737 3637 4811">
    <p class='ocr_par' dir='ltr' id='par_1_98' title="bbox 2052 4737 3637 4811">
     <span class='ocr_line' id='line_1_98' title="bbox 2052 4737 3637 4811; baseline -0.001 -19"><span class='ocrx_word' id='word_1_634' title='bbox 2052 4738 2309 4809; x_wconf 77' lang='lat' dir='ltr'><strong>Epistolis</strong></span> <span class='ocrx_word' id='word_1_635' title='bbox 2340 4738 2553 4811; x_wconf 85' lang='lat' dir='ltr'><strong>Georgii</strong></span> <span class='ocrx_word' id='word_1_636' title='bbox 2584 4738 2851 4794; x_wconf 81' lang='lat' dir='ltr'><strong>Scholarii</strong></span> <span class='ocrx_word' id='word_1_637' title='bbox 2908 4743 3002 4809; x_wconf 86' lang='lat' dir='ltr'><strong>qui</strong></span> <span class='ocrx_word' id='word_1_638' title='bbox 3062 4737 3368 4793; x_wconf 82' lang='lat' dir='ltr'><strong>Gennadius</strong></span> <span class='ocrx_word' id='word_1_639' title='bbox 3401 4749 3637 4808; x_wconf 84' lang='lat' dir='ltr'><strong>postmo-</strong></span> 
     </span>
    </p>
   </div>
   <div class='ocr_carea' id='block_1_99' title="bbox 2054 4830 3641 4903">
    <p class='ocr_par' dir='ltr' id='par_1_99' title="bbox 2054 4830 3641 4903">
     <span class='ocr_line' id='line_1_99' title="bbox 2054 4830 3641 4903; baseline -0.001 -18"><span class='ocrx_word' id='word_1_640' title='bbox 2054 4833 2182 4887; x_wconf 84' lang='lat' dir='ltr'><strong>dum</strong></span> <span class='ocrx_word' id='word_1_641' title='bbox 2212 4833 2339 4903; x_wconf 82' lang='lat' dir='ltr'><strong>fuit.</strong></span> <span class='ocrx_word' id='word_1_642' title='bbox 2373 4835 2434 4888; x_wconf 69' lang='grc'><strong>1⁸</strong></span> <span class='ocrx_word' id='word_1_643' title='bbox 2465 4833 2672 4887; x_wconf 86' lang='lat' dir='ltr'><strong>nemini</strong></span> <span class='ocrx_word' id='word_1_644' title='bbox 2703 4831 3096 4901; x_wconf 57' lang='lat' dir='ltr'><strong>inscriptaﬁa</strong></span> <span class='ocrx_word' id='word_1_645' title='bbox 3139 4830 3492 4896; x_wconf 87' lang='lat' dir='ltr'><strong>Imperatoris</strong></span> <span class='ocrx_word' id='word_1_646' title='bbox 3522 4830 3641 4883; x_wconf 84' lang='lat' dir='ltr'><strong>fra-</strong></span> 
     </span>
    </p>
   </div>
   <div class='ocr_carea' id='block_1_100' title="bbox 2053 4921 3643 4995">
    <p class='ocr_par' dir='ltr' id='par_1_100' title="bbox 2053 4921 3643 4995">
     <span class='ocr_line' id='line_1_100' title="bbox 2053 4921 3643 4995; baseline -0.003 -14"><span class='ocrx_word' id='word_1_647' title='bbox 2053 4927 2119 4981; x_wconf 91' lang='lat' dir='ltr'><strong>tri</strong></span> <span class='ocrx_word' id='word_1_648' title='bbox 2150 4942 2164 4991; x_wconf 88' lang='lat'>;</span> <span class='ocrx_word' id='word_1_649' title='bbox 2198 4927 2261 4981; x_wconf 61' lang='lat'><strong>&#39;58</strong></span> <span class='ocrx_word' id='word_1_650' title='bbox 2297 4940 2495 4995; x_wconf 86' lang='lat' dir='ltr'><strong>magno</strong></span> <span class='ocrx_word' id='word_1_651' title='bbox 2524 4923 2974 4995; x_wconf 81' lang='lat' dir='ltr'><strong>cliartOphylaci;</strong></span> <span class='ocrx_word' id='word_1_652' title='bbox 3010 4924 3070 4978; x_wconf 70' lang='grc' dir='ltr'><strong>4ο</strong></span> <span class='ocrx_word' id='word_1_653' title='bbox 3106 4922 3285 4977; x_wconf 80' lang='lat' dir='ltr'><strong>Marco</strong></span> <span class='ocrx_word' id='word_1_654' title='bbox 3318 4921 3643 4992; x_wconf 86' lang='lat' dir='ltr'><strong>Lipomano,</strong></span> 
     </span>
    </p>
   </div>
   <div class='ocr_carea' id='block_1_101' title="bbox 2054 5015 3629 5080">
    <p class='ocr_par' dir='ltr' id='par_1_101' title="bbox 2054 5015 3629 5080">
     <span class='ocr_line' id='line_1_101' title="bbox 2054 5015 3629 5080; baseline -0.004 -6"><span class='ocrx_word' id='word_1_655' title='bbox 2054 5019 2336 5075; x_wconf 83' lang='lat' dir='ltr'><strong>Florentia</strong></span> <span class='ocrx_word' id='word_1_656' title='bbox 2374 5016 2633 5070; x_wconf 84' lang='lat' dir='ltr'><strong>Venetias</strong></span> <span class='ocrx_word' id='word_1_657' title='bbox 2664 5016 2869 5080; x_wconf 85' lang='lat' dir='ltr'><strong>missa;</strong></span> <span class='ocrx_word' id='word_1_658' title='bbox 2915 5017 2977 5071; x_wconf 68' lang='grc'><strong>5⁸</strong></span> <span class='ocrx_word' id='word_1_659' title='bbox 3008 5017 3299 5071; x_wconf 84' lang='lat' dir='ltr'><strong>Ambrosio</strong></span> <span class='ocrx_word' id='word_1_660' title='bbox 3327 5015 3629 5071; x_wconf 71' lang='lat' dir='ltr'><strong>Camaldu~</strong></span> 
     </span>
    </p>
   </div>
   <div class='ocr_carea' id='block_1_102' title="bbox 2058 5109 3642 5181">
    <p class='ocr_par' dir='ltr' id='par_1_102' title="bbox 2058 5109 3642 5181">
     <span class='ocr_line' id='line_1_102' title="bbox 2058 5109 3642 5181; baseline -0.004 -12"><span class='ocrx_word' id='word_1_661' title='bbox 2058 5114 2199 5169; x_wconf 87' lang='lat' dir='ltr'><strong>lensi</strong></span> <span class='ocrx_word' id='word_1_662' title='bbox 2230 5130 2244 5178; x_wconf 92' lang='lat'><strong>;</strong></span> <span class='ocrx_word' id='word_1_663' title='bbox 2279 5112 2352 5166; x_wconf 76' lang='grc' dir='ltr'><strong>ϐα</strong></span> <span class='ocrx_word' id='word_1_664' title='bbox 2388 5109 2584 5179; x_wconf 84' lang='lat' dir='ltr'><strong>Magno</strong></span> <span class='ocrx_word' id='word_1_665' title='bbox 2629 5111 2790 5167; x_wconf 89' lang='lat' dir='ltr'><strong>duci:</strong></span> <span class='ocrx_word' id='word_1_666' title='bbox 2826 5110 3030 5166; x_wconf 89' lang='lat' dir='ltr'><strong>ibidem</strong></span> <span class='ocrx_word' id='word_1_667' title='bbox 3063 5126 3282 5181; x_wconf 89' lang='lat' dir='ltr'><strong>quoque</strong></span> <span class='ocrx_word' id='word_1_668' title='bbox 3314 5110 3545 5178; x_wconf 89' lang='lat' dir='ltr'><strong>scripta,</strong></span> <span class='ocrx_word' id='word_1_669' title='bbox 3583 5115 3642 5163; x_wconf 91' lang='lat' dir='ltr'><strong>ut</strong></span> 
     </span>
    </p>
   </div>
   <div class='ocr_carea' id='block_1_103' title="bbox 2060 5196 3638 5274">
    <p class='ocr_par' dir='ltr' id='par_1_103' title="bbox 2060 5196 3638 5274">
     <span class='ocr_line' id='line_1_103' title="bbox 2060 5196 3638 5274; baseline -0.001 -17"><span class='ocrx_word' id='word_1_670' title='bbox 2060 5206 2305 5266; x_wconf 87' lang='lat' dir='ltr'><strong>videtur,</strong></span> <span class='ocrx_word' id='word_1_671' title='bbox 2339 5218 2447 5257; x_wconf 90' lang='lat' dir='ltr'><strong>non</strong></span> <span class='ocrx_word' id='word_1_672' title='bbox 2467 5196 2546 5257; x_wconf 49' lang='lat' dir='ltr'><strong>‘ex</strong></span> <span class='ocrx_word' id='word_1_673' title='bbox 2582 5203 2813 5267; x_wconf 79' lang='lat' dir='ltr'><strong>Graecia,</strong></span> <span class='ocrx_word' id='word_1_674' title='bbox 2853 5214 2911 5259; x_wconf 91' lang='lat' dir='ltr'><strong>ut</strong></span> <span class='ocrx_word' id='word_1_675' title='bbox 2941 5206 3257 5274; x_wconf 88' lang='lat' dir='ltr'><strong>suspicatus</strong></span> <span class='ocrx_word' id='word_1_676' title='bbox 3286 5214 3371 5258; x_wconf 86' lang='lat' dir='ltr'><strong>est</strong></span> <span class='ocrx_word' id='word_1_677' title='bbox 3404 5200 3638 5255; x_wconf 79' lang='lat' dir='ltr'><strong>Allatius</strong></span> 
     </span>
    </p>
   </div>
   <div class='ocr_carea' id='block_1_104' title="bbox 2054 5290 3644 5371">
    <p class='ocr_par' dir='ltr' id='par_1_104' title="bbox 2054 5290 3644 5371">
     <span class='ocr_line' id='line_1_104' title="bbox 2054 5290 3644 5371; baseline -0.006 -17"><span class='ocrx_word' id='word_1_678' title='bbox 2054 5300 2149 5371; x_wconf 87' lang='lat' dir='ltr'><strong>qui</strong></span> <span class='ocrx_word' id='word_1_679' title='bbox 2194 5297 2344 5353; x_wconf 84' lang='lat' dir='ltr'><strong>illius</strong></span> <span class='ocrx_word' id='word_1_680' title='bbox 2380 5297 2627 5352; x_wconf 80' lang='lat' dir='ltr'><strong>meminit</strong></span> <span class='ocrx_word' id='word_1_681' title='bbox 2659 5298 2759 5369; x_wconf 73' lang='grc'><strong>(1).</strong></span> <span class='ocrx_word' id='word_1_682' title='bbox 2792 5297 2985 5355; x_wconf 76' lang='lat' dir='ltr'><strong>Exstat</strong></span> <span class='ocrx_word' id='word_1_683' title='bbox 3013 5313 3233 5368; x_wconf 86' lang='lat' dir='ltr'><strong>quoque</strong></span> <span class='ocrx_word' id='word_1_684' title='bbox 3264 5297 3317 5348; x_wconf 87' lang='lat' dir='ltr'><strong>in</strong></span> <span class='ocrx_word' id='word_1_685' title='bbox 3351 5293 3476 5347; x_wconf 89' lang='lat' dir='ltr'><strong>cod.</strong></span> <span class='ocrx_word' id='word_1_686' title='bbox 3506 5290 3644 5347; x_wconf 85' lang='lat' dir='ltr'><strong>Col-</strong></span> 
     </span>
    </p>
   </div>
   <div class='ocr_carea' id='block_1_105' title="bbox 2052 5384 3640 5465">
    <p class='ocr_par' dir='ltr' id='par_1_105' title="bbox 2052 5384 3640 5465">
     <span class='ocr_line' id='line_1_105' title="bbox 2052 5384 3640 5465; baseline -0.008 -17"><span class='ocrx_word' id='word_1_687' title='bbox 2052 5394 2272 5449; x_wconf 72' lang='lat' dir='ltr'><strong>bertino</strong></span> <span class='ocrx_word' id='word_1_688' title='bbox 2311 5390 2494 5457; x_wconf 74' lang='lat'><strong>4958;</strong></span> <span class='ocrx_word' id='word_1_689' title='bbox 2532 5392 2594 5445; x_wconf 71' lang='grc' dir='ltr'><strong>’7ΙΙ</strong></span> <span class='ocrx_word' id='word_1_690' title='bbox 2661 5406 2935 5465; x_wconf 85' lang='lat' dir='ltr'><strong>anonymo</strong></span> <span class='ocrx_word' id='word_1_691' title='bbox 2980 5392 3048 5445; x_wconf 90' lang='lat' dir='ltr'><strong>de</strong></span> <span class='ocrx_word' id='word_1_692' title='bbox 3096 5387 3324 5459; x_wconf 87' lang='lat' dir='ltr'><strong>privatis</strong></span> <span class='ocrx_word' id='word_1_693' title='bbox 3364 5384 3640 5461; x_wconf 67' lang='lat' dir='ltr'><strong>negotiis;</strong></span> 
     </span>
    </p>
   </div>
   <div class='ocr_carea' id='block_1_106' title="bbox 2058 5474 3640 5555">
    <p class='ocr_par' dir='ltr' id='par_1_106' title="bbox 2058 5474 3640 5555">
     <span class='ocr_line' id='line_1_106' title="bbox 2058 5474 3640 5555; baseline -0.01 -13"><span class='ocrx_word' id='word_1_694' title='bbox 2058 5486 2120 5541; x_wconf 75' lang='grc' dir='ltr'><strong>8ο</strong></span> <span class='ocrx_word' id='word_1_695' title='bbox 2154 5484 2442 5555; x_wconf 86' lang='lat' dir='ltr'><strong>Philelpho</strong></span> <span class='ocrx_word' id='word_1_696' title='bbox 2474 5481 2846 5539; x_wconf 79' lang='lat' dir='ltr'><strong>Mediolanum</strong></span> <span class='ocrx_word' id='word_1_697' title='bbox 2894 5475 3388 5546; x_wconf 80' lang='lat' dir='ltr'><strong>Constantinopoli</strong></span> <span class='ocrx_word' id='word_1_698' title='bbox 3413 5474 3640 5543; x_wconf 74' lang='lat' dir='ltr'><strong>scripta,</strong></span> 
     </span>
    </p>
   </div>
   <div class='ocr_carea' id='block_1_107' title="bbox 2068 5570 3645 5644">
    <p class='ocr_par' dir='ltr' id='par_1_107' title="bbox 2068 5570 3645 5644">
     <span class='ocr_line' id='line_1_107' title="bbox 2068 5570 3645 5644; baseline -0.008 -9"><span class='ocrx_word' id='word_1_699' title='bbox 2068 5591 2128 5635; x_wconf 89' lang='lat' dir='ltr'><strong>ut</strong></span> <span class='ocrx_word' id='word_1_700' title='bbox 2162 5578 2440 5641; x_wconf 79' lang='lat' dir='ltr'><strong>existimo,</strong></span> <span class='ocrx_word' id='word_1_701' title='bbox 2492 5584 2548 5632; x_wconf 87' lang='lat' dir='ltr'><strong>et</strong></span> <span class='ocrx_word' id='word_1_702' title='bbox 2607 5586 2734 5630; x_wconf 84' lang='lat' dir='ltr'><strong>ante</strong></span> <span class='ocrx_word' id='word_1_703' title='bbox 2781 5573 3180 5644; x_wconf 84' lang='lat' dir='ltr'><strong>profectionem</strong></span> <span class='ocrx_word' id='word_1_704' title='bbox 3235 5570 3498 5633; x_wconf 81' lang='lat' dir='ltr'><strong>Italicam,</strong></span> <span class='ocrx_word' id='word_1_705' title='bbox 3547 5575 3645 5623; x_wconf 84' lang='lat' dir='ltr'><strong>aut</strong></span> 
     </span>
    </p>
   </div>
   <div class='ocr_carea' id='block_1_108' title="bbox 2069 5665 3647 5747">
    <p class='ocr_par' dir='ltr' id='par_1_108' title="bbox 2069 5665 3647 5747">
     <span class='ocr_line' id='line_1_108' title="bbox 2069 5665 3647 5747; baseline -0.009 -15"><span class='ocrx_word' id='word_1_706' title='bbox 2069 5683 2195 5747; x_wconf 88' lang='lat' dir='ltr'><strong>post</strong></span> <span class='ocrx_word' id='word_1_707' title='bbox 2225 5674 2466 5733; x_wconf 89' lang='lat' dir='ltr'><strong>reditum</strong></span> <span class='ocrx_word' id='word_1_708' title='bbox 2499 5689 2513 5739; x_wconf 92' lang='lat'>;</span> <span class='ocrx_word' id='word_1_709' title='bbox 2544 5686 2668 5727; x_wconf 88' lang='lat' dir='ltr'><strong>nam</strong></span> <span class='ocrx_word' id='word_1_710' title='bbox 2697 5670 2754 5726; x_wconf 94' lang='lat' dir='ltr'><strong>in</strong></span> <span class='ocrx_word' id='word_1_711' title='bbox 2790 5685 2854 5725; x_wconf 91' lang='lat' dir='ltr'><strong>ea</strong></span> <span class='ocrx_word' id='word_1_712' title='bbox 2882 5669 3034 5724; x_wconf 88' lang='lat' dir='ltr'><strong>dolet</strong></span> <span class='ocrx_word' id='word_1_713' title='bbox 3067 5666 3206 5737; x_wconf 79' lang='lat' dir='ltr'><strong>eripi</strong></span> <span class='ocrx_word' id='word_1_714' title='bbox 3241 5665 3344 5722; x_wconf 91' lang='lat' dir='ltr'><strong>sibi</strong></span> <span class='ocrx_word' id='word_1_715' title='bbox 3377 5680 3472 5738; x_wconf 89' lang='lat' dir='ltr'><strong>per</strong></span> <span class='ocrx_word' id='word_1_716' title='bbox 3503 5671 3647 5721; x_wconf 80' lang='lat' dir='ltr'><strong>stre-</strong></span> 
     </span>
    </p>
   </div>
  </div>
