3998 6464
438 292 548 350 283
1473 287 1852 347 GENNADII
1886 286 1996 347 ΕΡ.
2035 287 2042 346 l

2148 280 2552 346 [‘RlARCHAZ
3595 280 3730 343 28$

442 402 630 458 bendo
655 399 1018 454 conﬁrmavit.
1049 399 1435 470 Adjungantur
1465 400 1514 456 si
1545 400 1698 454 lubet
1723 398 1884 469 pauci
1924 398 2018 452 alii
2051 402 2096 459 Δ
2123 399 2280 453 sione
2310 393 2504 466 Gyrilli
2531 406 2693 462 quam
2730 405 2854 446 cum
2885 390 3113 446 horrore
3141 387 3416 456 rejieiunt.
3473 389 3725 446 Audiis—

441 509 691 558 errones,
719 491 849 562 quid
911 491 1132 546 illorum
1169 492 1487 548 testimonia
1537 492 1728 546 valere
1769 497 2009 561 possunt
2114 499 2200 545 set
2232 501 2400 558 quam
2457 485 2738 540 diversum
2789 498 2822 538 a
2874 481 3195 538 Smitheano
3260 489 3408 536 esset
3457 479 3720 538 Nectarii

441 594 631 639 contra
660 583 821 638 totius
859 581 1114 638 Ecclesia:
1159 581 1358 638 Graeca.
1391 590 1659 638 constans
1706 596 1737 636 a
1789 591 2012 650 septua-
2115 581 2182 638 de
2219 578 2448 636 Claudio
2464 577 2734 646 judicium
2751 576 2820 632 de
2849 575 3099 642 Calvino,
3117 574 3186 632 de
3212 573 3474 637 Luthero,
3507 576 3577 629 de
3601 575 3724 630 Le-

441 677 591 746 ginta
621 686 674 732 et
700 676 931 744 amplius
956 675 1117 730 annis
1155 676 1532 732 testimonium
1562 677 1586 730 τ
2117 686 2268 742 gero.

511 768 589 822 ita
607 784 670 823 ex
696 766 975 824 abnormis
1005 767 1153 823 illius
1211 768 1356 837 juris
1388 767 1774 837 dispositione
1811 764 2016 838 Cyrillo
2187 764 2294 820 Sed
2347 779 2456 820 non
2508 762 2674 820 'solus
2740 761 3143 818 coniodiendus
3199 774 3321 818 erat
3365 763 3720 829 Gennadius,

439 859 721 924 damnato,
771 869 827 913 et
852 859 1143 916 sententiis
1199 859 1502 914 teterrimis
1521 858 1764 920 conﬁxo,
1801 873 1912 912 non
1950 858 2018 913 de
2119 857 2280 925 cujus
2309 856 2491 914 stabat
2516 856 2720 912 intacta
2749 855 3070 920 auctoritas,
3101 855 3146 911 si
3207 855 3720 928 llierosolymitana

441 965 540 1005 sua
565 951 764 1016 solum,
823 951 916 1005 sed
949 951 1014 1005 de
1066 951 1234 1006 totius
1263 948 1560 1005 Orientalis
1617 948 1874 1004 Ecclesiae
1913 950 2021 1004 [ide
2121 954 2389 1024 synodus,
2429 947 2736 1004 annol672
2764 955 2957 1003 contra
3013 946 3348 1004 Calvinistas
3405 947 3618 1010 habita,
3653 950 3718 1002 in

439 1042 587 1097 credi
615 1041 1113 1109 oportetzGraecis
1139 1042 1356 1112 ipsisde
1377 1041 1737 1110 suaipsoruut
1775 1042 1880 1097 (ide
1911 1057 2018 1097 non
2121 1059 2231 1115 qua
2283 1041 2838 1098 transsubstantiatio
2891 1040 3181 1110 perspicue
3237 1041 3537 1102 stabilitur,
3597 1041 3734 1094 noit'

438 1132 725 1196 credetur,
759 1134 858 1187 etsi
896 1147 993 1202 per
1027 1147 1204 1186 annos
1232 1140 1453 1187 centum
1516 1141 1569 1185 et
1597 1132 1854 1201 amplius,
1900 1147 2019 1188 eain
2124 1139 2286 1194 simul
2307 1134 2638 1191 concideret.
2655 1134 2746 1189 Sic
2771 1135 2935 1205 igitur
2951 1149 3069 1190 eam
3101 1133 3412 1204 aggreditur
3437 1133 3722 1204 (ηδε-ει·-

435 1223 659 1290 Scriptis
687 1224 919 1294 privatis
950 1234 1004 1278 et
1059 1224 1299 1296 publicis
1353 1224 1755 1293 disciplinaque
1773 1239 1868 1278 sua
1901 1239 2028 1296 qua
2125 1231 2208 1286 cis
2233 1241 2294 1286 ut
2324 1230 2526 1299 ubique
2553 1227 2684 1284 facit
2711 1227 2948 1282 illudens
2986 1225 3197 1290 :Num.
3251 1227 3449 1296 inquit,
3481 1241 3545 1279 ea;
3580 1228 3722 1279 inte-

441 1317 687 1371 omnintn
719 1318 897 1372 oculis
927 1327 1103 1386 patet,
1131 1318 1604 1374 confirmaverint.
1654 1318 1810 1385 Quod
1841 1319 2026 1388 itaque
2125 1338 2220 1393 gro
2249 1322 2441 1390 aﬂ'ectu
2490 1329 2539 1374 et
2595 1336 2774 1373 amore
2823 1319 3064 1373 veritatis
3117 1317 3502 1388 Hierosolymis
3547 1335 3724 1385 ηερε-ν

443 1407 761 1465 Gennadius
790 1411 1064 1475 docuerit,
1121 1411 1796 1466 transsuhstantiationem
1858 1425 2026 1480 quam
2128 1422 2475 1469 convenerunt
2540 1410 2762 1465 oracula
2826 1424 3016 1464 contra
3075 1409 3398 1464 Calvinistas
3435 1411 3720 1462 Ita'relicoa

443 1501 688 1573 Cyrillus
719 1501 946 1557 informi
971 1515 1025 1558 et
1054 1502 1255 1558 furtiva
1284 1503 1654 1561 Confessione
1688 1503 2029 1560 condemna-

443 1593 546 1658 vit,
574 1595 678 1648 erit
711 1593 962 1650 Smitheo
995 1596 1387 1667 ὑποϐολιμαῖος
1413 1597 1768 1654 Gennadius.
1819 1597 1898 1652 Et
1921 1596 2024 1650 fal-

445 1700 507 1742 sa
545 1687 638 1742 illa
667 1687 958 1758 bypothesi
982 1701 1288 1746 nascuntur
1319 1691 1440 1746 alia:
1468 1707 1576 1746 non
1635 1694 1817 1746 minus
1850 1691 2024 1750 falsae,

448 1781 719 1836 adversus
749 1780 1022 1838 Gennadii
1063 1784 1398 1841 laudatorem
1424 1784 1704 1855 Syrigum,
1733 1783 2026 1853 Georgium

447 1868 786 1936 Coressiutn,
811 1871 1052 1941 reliquos
1070 1873 1285 1929 tandem
1311 1875 1404 1944 qui
1455 1874 2028 1930 transsubstantiatio-

453 1975 579 2015 nem
613 1961 855 2030 recipere
886 1977 946 2018 se
979 1963 1220 2033 professi
1247 1976 1400 2031 sunt,
1430 1966 1531 2021 hoc
1558 1975 1643 2022 est
1659 1965 1884 2022 Graecos
1913 1982 2033 2021 om.

452 2068 552 2108 nes
593 2070 608 2108 :
654 2069 774 2108 nam
807 2055 1133 2126 quicunque
1161 2073 1192 2112 a
1221 2057 1428 2129 Cyrillo
1463 2059 1568 2115 huc
1627 2076 1801 2130 usque
1855 2059 2030 2129 patri-

449 2147 736 2209 archatus,
806 2147 1154 2218 ntetropoles,
1193 2151 1571 2220 episcopatus,
1627 2152 2032 2222 dignitatesque

451 2237 857 2292 ecclesiasticas
891 2246 1210 2305 tenuerunt,
1269 2239 1415 2294 haud
1479 2241 1637 2294 aliter
1682 2241 2033 2296 crediderunt

451 2340 507 2384 et
546 2329 710 2384 locuti
744 2339 894 2396 sunt,
960 2346 1124 2402 quam
1154 2330 1651 2401 Synodiannorum
1694 2332 2030 2398 1658.16”,

453 2422 610 2488 1672,
649 2423 1112 2489 ili9l,Confessio
1141 2426 1466 2491 orthodoxa,
1525 2433 1580 2482 et
1642 2427 1748 2481 alia
1803 2429 2034 2498 public-te

452 2515 804 2572 auctoritatis
838 2517 1067 2586 scripta.
1095 2516 1152 2572 ld
1179 2519 1223 2572 si
1263 2534 1450 2573 verum
1506 2527 1612 2582 est,
1668 2528 1725 2574 ut
1756 2531 1844 2574 est
1903 2535 2035 2576 sane

451 2610 796 2664 verissimum
825 2627 892 2666 ex
931 2610 1250 2666 Graecorum
1285 2613 1529 2668 omnium
1561 2614 2035 2670 consentientibus

450 2701 810 2765 testimoniis,
838 2717 946 2756 non
1007 2718 1130 2758 esse
1181 2704 1346 2759 debet
1395 2703 1683 2759 Latinismi
1743 2717 2034 2776 suspectus

453 2791 792 2861 Gennadius,
825 2795 1038 2850 etiamsi
1105 2798 1780 2851 transsubstantiationetn
1835 2798 2036 2852 docue-

451 2887 543 2946 rit.
583 2903 757 2958 neque
786 2887 1022 2944 homilize
1047 2889 1164 2958 ejus
1198 2889 1329 2945 fides
1356 2881 1710 2956 deirahenda,
1766 2891 1894 2960 quia
1969 2890 2029 2942 il-

459 2981 569 3035 lam
604 2999 792 3036 vocem
827 2993 1218 3053 reprtesentat.

2129 1508 2326 1564 edituri
2378 1508 2402 1562 .9
2449 1503 2581 1570 Qua
2611 1519 2731 1557 cum
2770 1501 3006 1572 legerim,
3061 1501 3220 1570 plane
3263 1502 3534 1568 obstupui,
3588 1500 3723 1552 dum

2131 1600 2289 1669 probe
2338 1598 2695 1653 meminisse-tt
2744 1595 3109 1666 patriarcham
3168 1593 3723 1664 Hierosolymitanum

2133 1690 2596 1758 Constantinopoli
2623 1698 2863 1759 agentem
2896 1687 3168 1757 familiari
3199 1702 3303 1755 quo
3341 1701 3424 1740 nte
3463 1686 3724 1756 dignatus

2139 1795 2216 1840 est
2257 1784 2554 1853 colloquio,
2595 1782 2729 1836 mihi
2755 1783 2969 1835 ineunte
3001 1796 3141 1834 anno
3176 1779 3308 1834 1671
3365 1781 3420 1834 in
3469 1779 3723 1849 Angliam

2136 1877 2438 1950 propediem
2462 1876 2700 1930 redituro
2729 1875 2949 1938 dixisse,
2981 1890 3036 1929 se
3058 1873 3333 1944 quidpiam
3386 1882 3570 1927 contra
3596 1888 3726 1941 pott-

2139 1970 2330 2036 tiﬁcios
2357 1966 2537 2023 moliri
2562 1965 2700 2036 quod
2748 1965 2861 2020 illic
2903 1973 3122 2034 cuperet
3183 1964 3465 2018 edendum.
3510 1962 3724 2018 Nomen

2139 2061 2286 2116 illius
2317 2059 2641 2128 patriarcha:
2661 2066 2844 2112 tacere
2874 2071 2986 2111 non
3039 2053 3273 2111 debebat
3341 2055 3500 2111 testis
3533 2055 3728 2108 ocula-

2139 2163 2250 2220 tus,
2281 2155 2374 2210 sed
2406 2168 2552 2210 anno
2580 2151 2713 2206 1671
2749 2149 3039 2206 Nectarius
3095 2157 3213 2202 erat
3263 2156 3356 2201 aut
3408 2144 3726 2208 Dositheus,

2140 2249 2235 2317 qui
2263 2255 2388 2316 post
2418 2245 2566 2300 illius
2621 2242 2984 2298 voluntariam
3017 2240 3432 2308 abdicationem
3465 2235 3728 2292 ilict-uso-

2141 2335 2457 2407 lymitanam
2479 2335 2665 2388 sedem
2698 2331 3019 2388 diutissime
3064 2329 3306 2386 obtinuit
3363 2345 3380 2387 :
3440 2343 3565 2382 nam
3638 2327 3726 2380 vix

2141 2440 2269 2484 ante
2303 2430 2442 2482 duos
2476 2442 2652 2482 annos
2679 2437 2930 2481 mortuus
2985 2432 3091 2479 est.
3123 2423 3231 2479 Sed
3267 2437 3462 2494 parum
3534 2419 3726 2476 refert:

2141 2538 2266 2576 nam
2293 2520 2616 2576 Nectariutn
2672 2519 2882 2575 scitnus
2919 2533 3057 2587 Opus
3105 2517 3376 2572 adversus
3429 2515 3726 2584 primatum

2141 2615 2302 2692 Papa;
2329 2615 2664 2676 elaborasse,
2692 2611 2836 2682 quod
2885 2611 3176 2666 Dositheus
3235 2608 3381 2663 illius
3435 2621 3729 2662 successor

2142 2724 2286 2765 anno
2309 2707 2590 2764 l6821asii
2615 2705 2995 2762 excutiendum
3027 2704 3172 2775 typis
3193 2704 3432 2765 curavit,
3450 2712 3507 2756 et
3532 2700 3723 2755 Latine

2143 2806 2305 2858 vertit
2334 2803 2530 2859 Petrus
2573 2801 2831 2857 Allisius.
2857 2798 2989 2866 Qua:
3039 2813 3206 2852 causa
3255 2796 3424 2866 igitur
3467 2796 3728 2862 obstupe-

2144 2897 2332 2954 scemli
2357 2895 2604 2952 Smitheo
2629 2893 2732 2948 fuit
2754 2893 2777 2946 ?
2799 2891 3001 2962 Nempe
3025 2889 3172 2960 quod
3197 2889 3244 2944 is
3271 2887 3363 2957 qui
3393 2896 3586 2940 centra
3619 2885 3724 2938 Bu-

2145 3008 2370 3046 manum
2409 2990 2728 3045 Pontificem
2763 2987 3026 3056 scriptum
3049 2993 3285 3054 pararet,
3308 2995 3454 3035 anno
3475 2979 3723 3049 sequenti

527 3074 634 3127 Sed
660 3075 796 3128 nihil
835 3076 1011 3130 simile
1033 3077 1100 3130 de
1153 3074 1440 3131 Gennadio
1485 3086 1580 3131 aut
1640 3075 2035 3144 ejuSOperilms

2148 3082 2541 3152 Hierosolymis
2589 3079 2876 3136 Calvinum
2904 3118 2919 3144 ,
2955 3075 3214 3147 Cyrillum
3272 3073 3538 3133 Lucarin,
3565 3071 3727 3124 Glau-

454 3167 924 3236 Constantinopoli
955 3169 1128 3223 audiit
1187 3169 1490 3232 Smitheus,
1535 3169 1688 3236 quisi
1719 3169 1805 3220 vel
1869 3182 2032 3220 unum

453 3261 546 3330 qui
571 3261 729 3329 plane
762 3261 1081 3315 illitteratus
1102 3276 1208 3314 non
1235 3262 1453 3325 fuisset,
1512 3260 1762 3316 Graecum
1798 3262 2038 3314 interro-

454 3360 661 3421 gasset,
686 3352 930 3406 audisset
961 3353 1152 3421 prccul
1189 3352 1360 3406 dubio
1391 3353 1538 3422 quod
1599 3367 1805 3406 omnes
1852 3352 2035 3406 sciunt

457 3442 732 3496 neminem
763 3441 974 3497 Latinis
1009 3443 1194 3498 minus
1250 3441 1531 3498 addictum
1577 3441 1884 3513 patriarcha
1949 3441 2043 3495 illo

459 3536 652 3599 fuisse,
685 3534 960 3588 neminem
1029 3535 1244 3607 Syrigo,
1279 3534 1560 3599 Coressio,
1585 3542 1677 3590 aut
1711 3534 1834 3589 aliis
1903 3547 2043 3602 quos

459 3640 570 3683 tam
606 3628 966 3682 inclementer
999 3627 1182 3684 habet.
1215 3628 1730 3698 Constantinopolin
1765 3643 1875 3682 non
1928 3635 2048 3680 erat

464 3720 859 3789 navigandum,
895 3731 953 3776 ut
1001 3721 1268 3778 Claudius
1331 3721 1760 3776 exscriberetur.
1819 3720 1890 3773 At
1919 3732 2045 3772 cum

464 3812 599 3866 nihil
635 3811 745 3866 illic
778 3813 1049 3868 audiverit
1083 3811 1150 3868 de
1178 3813 1462 3870 Gennadio
1487 3823 1540 3869 et
1579 3813 1702 3868 aliis
1719 3827 1856 3883 quos
1877 3817 2047 3867 testes

465 3902 774 3974 producunt
797 3904 1083 3972 catholici,
1119 3904 1263 3960 unde
1296 3905 1489 3960 habuit
1513 3905 1669 3960 illum
1694 3903 1868 3960 fuisse
1885 3905 2050 3957 Λατι-

462 3999 741 4066 νόφροναε
779 3997 978 4052 falsam
1006 4012 1129 4053 esse
1179 3997 1328 4054 illius
1381 3995 1664 4052 homiliam
1721 4012 1734 4050 :
1792 3994 2047 4066 Syrigum

462 4091 641 4143 tenebi
658 4089 836 4143 ionem
861 4089 1047 4144 [totum
1065 4087 1390 4155 educatum,
1410 4086 1831 4142 Confessionein
1858 4085 2051 4140 ortho-

462 4182 662 4237 doxam
705 4197 844 4252 Opus
881 4180 1054 4236 fuisse
1085 4179 1370 4235 hominum
1395 4174 1968 4248 Λατινοφρονούντων,
1992 4182 2053 4227 ιιι

463 4274 674 4342 reliqua
709 4281 1093 4342 praetereamus
1111 4271 1134 4324 Ἰ
1152 4271 1265 4325 Non
1289 4271 1407 4324 haec
1429 4284 1561 4324 sane
1579 4283 1608 4322 a
1625 4269 1830 4326 Graecis
1844 4266 2054 4337 accepit

469 4359 567 4431 qui
599 4359 809 4414 dudunt
842 4368 1137 4430 antequam
1198 4357 1484 4413 Smithens
1540 4356 2052 4428 Constantinopolin

2143 3177 2292 3231 dium
2319 3175 2670 3230 anathemate
2687 3172 3150 3226 damuarctznatn
3180 3167 3292 3221 haec
3349 3165 3428 3219 illi
3475 3163 3724 3218 videntur

2143 3270 2448 3323 ἁσύστατα.
2482 3268 2612 3323 Inde
2641 3267 2888 3321 modeste
2930 3259 3274 3326 conticescit,
3298 3258 3394 3313 sed
3422 3257 3615 3312 aculeo
3648 3273 3726 3310 re-

2145 3364 2296 3430 licto,
2319 3377 2513 3431 nempe
2538 3369 2594 3414 ut
2624 3359 2765 3430 apud
2785 3374 2846 3414 se
2877 3357 3109 3428 quisque
3125 3355 3346 3425 colligat
3367 3360 3621 3421 suspecta
3640 3358 3728 3402 aut

2147 3456 2281 3511 falsa
2327 3470 2448 3509 esse
2479 3454 2700 3508 decreta
2749 3451 2897 3505 illius
2919 3448 3113 3520 synodi
3142 3465 3157 3501 :
3183 3446 3276 3501 sed
3302 3459 3466 3513 quam
3487 3457 3628 3496 vana
3644 3442 3724 3493 illa

2147 3549 2460 3618 conjectura
2477 3546 2569 3610 sit,
2587 3560 2692 3599 non
2711 3543 2896 3598 multis
2919 3541 3100 3597 verbis
3114 3539 3397 3595 conficitur
3417 3553 3433 3590 :
3450 3551 3574 3589 nam
3595 3536 3646 3586 in
3668 3549 3729 3587 eo

2148 3640 2514 3710 ipsotractatu
2561 3635 2802 3692 Nectarii
2843 3643 3036 3690 contra
3065 3631 3228 3702 Papa:
3255 3627 3571 3699 primatum,
3593 3625 3726 3678 fellis

2151 3732 2456 3803 venenique
2476 3729 2814 3802 plenissimo,
2840 3729 2967 3784 dum
2993 3725 3258 3781 miracula
3273 3721 3521 3794 quaedam
3548 3721 3602 3774 in
3629 3717 3727 3771 En-

2151 3825 2415 3882 charistia
2471 3824 2612 3879 facta
2651 3821 2839 3888 refert,
2862 3816 3546 3875 transsubstantiationetn
3570 3814 3722 3866 docet

2151 3916 2442 3988 perspicue
2491 3931 2508 3970 :
2540 3923 2596 3970 et
2619 3913 2854 3985 epistola
2895 3907 3379 3978 Constantinopoli
3411 3905 3488 3976 (Ξ)
3522 3905 3720 3972 scripta

2157 4010 2294 4066 1692
2342 4008 2757 4066 Coniessionem
2797 4004 3182 4060 Orthodoxatn
3212 3999 3413 4056 eximie
3453 4009 3726 4051 commen-

2155 4105 2249 4160 dat
2282 4122 2298 4159 :
2338 4101 2558 4158 tandem
2578 4099 2935 4155 tenebrionem
2959 4096 3135 4160 illum,
3157 4104 3206 4150 et
3235 4091 3443 4147 Latinis
3466 4089 3725 4143 addictum

2154 4195 2428 4252 Meletium
2460 4193 2735 4265 Syrigutn,
2757 4191 2917 4262 cujus
2953 4190 3005 4244 in
3035 4202 3100 4244 ea
3125 4185 3414 4243 scribenda
3450 4183 3727 4253 pracipua:

2156 4294 2344 4358 partes
2363 4285 2598 4347 fuerant,
2617 4291 2739 4352 post
2764 4280 2954 4337 laudes
2978 4279 3116 4334 alias
3139 4286 3299 4332 vocat
3326 4275 3402 4346 (3)
3423 4287 3725 4339 precariam,

2158 4383 2497 4450 interpretem
2526 4387 2574 4434 et
2605 4376 2862 4432 amussim
2894 4385 3161 4429 rectorum
3225 4371 3349 4442 ﬁdei
3403 4369 3726 4441 dogmatam,

467 4455 939 4526 proﬁcisceretur,
971 4466 1026 4510 et
1065 4462 1278 4526 postea,
1311 4453 1593 4508 contraria
1617 4468 1846 4524 prorsus
1872 4450 2042 4522 publi-

2160 4443 2358 4544 xijpu'ﬁ,
2384 4471 2734 4543 διερμηνεὺς,
2766 4470 2860 4524 καὶ
2892 4468 3114 4538 στάθμη
3140 4465 3252 4519 τῶν
3284 4462 3464 4535 ὀρθῶν
3517 4461 3619 4530 τῆς
3651 4460 3732 4513 πε·-

468 4563 532 4603 ce
564 4547 746 4604 testati
773 4555 923 4603 sunt.
959 4547 1072 4603 Cur
1100 4561 1266 4617 porro
1314 4545 1683 4616 patriarcbam
1736 4543 2052 4614 Hierosoly-

403 4647 440 4686 -’“
473 4643 736 4698 tnitanuin
769 4640 822 4695 in
849 4639 1113 4710 familiari
1127 4638 1394 4708 colloquio
1419 4655 1520 4708 quo
1572 4653 1712 4692 anno
1739 4637 1873 4692 1671
1899 4637 2050 4692 illum

471 4731 722 4804 dignatas
754 4741 849 4796 est,
882 4729 1314 4786 dciisomnibus
1373 4745 1482 4783 non
1539 4725 1951 4798 interrogavit?
2001 4725 2054 4781 is

473 4833 593 4878 erat
625 4821 914 4878 Nectarius
938 4831 1035 4878 aut
1067 4820 1388 4886 Dositheus,
1461 4828 1698 4890 utroque
1726 4833 1884 4875 nemo
1911 4818 2056 4874 inter

473 4916 696 4973 Graecos
735 4915 1073 4972 recentiores
1109 4913 1306 4972 Latino
1342 4911 1552 4968 nomini
1587 4912 1760 4982 magis
1783 4910 2053 4968 infensus.

476 5007 596 5064 Non
618 5007 765 5062 aliud
795 5022 941 5064 certe
959 5007 1380 5080 respondissent
1425 5020 1590 5076 quam
1639 5004 1788 5074 quod
1837 5005 2049 5076 primus

479 5101 533 5157 in
566 5085 796 5170 epistola
824 5100 895 5156 ad
935 5100 1176 5157 Paisium
1211 5098 1665 5160 Alexandrinum,
1701 5095 1828 5151 etin
1878 5097 2051 5151 altera

479 5193 546 5248 ad
579 5191 884 5246 llltillaChOS
948 5189 1212 5256 Sinaitas,
1264 5190 1382 5246 sine
1435 5189 1756 5260 ambagibus
1823 5195 2059 5243 testatus

478 5301 583 5351 cst,
615 5300 679 5340 ex
711 5283 934 5353 scriptis
960 5298 1150 5340 eorum
1177 5297 1316 5354 quos
1378 5282 1675 5346 Smitheus,
1730 5288 1791 5334 ut
1822 5279 2060 5334 Latinis-

485 5393 574 5430 mo
627 5385 920 5446 corruptos
978 5374 1179 5444 rejicit,
1232 5374 1522 5445 petendam
1590 5389 1714 5430 esse
1742 5373 2056 5429 Gra‘corum

489 5468 609 5523 tidei
638 5471 907 5526 sinceram
945 5469 1367 5540 expositionem,
1426 5482 1535 5525 non
1569 5482 1632 5524 ex
1667 5465 1802 5522 falsa
1831 5464 2064 5523 Confes-

625 5676 642 5740 )
676 5675 713 5729 S
738 5675 848 5729 uilli
899 5691 950 5734 ti.
983 5674 1072 5728 99.

629 5756 642 5813 )
673 5746 799 5813 i‘ng.
831 5745 935 5802 “2.05
969 5747 1054 5801 Ctl.

568 5684 642 5742 (ι)
676 5684 713 5729 s
738 5684 848 5729 mtn
899 5691 950 5734 ρ.
983 5684 1072 5728 υυ.

568 5747 642 5817 ('2)
673 5746 799 5817 i‘ng.
831 5745 935 5802 “2.05
969 5747 1054 5801 Ctl.
1109 5746 1203 5801 Gt‘.

2161 4583 2334 4630 στιως
2361 4565 2670 4635 δογμάτων.
2697 4563 2802 4630 Qui
2823 4574 2931 4618 tam
2989 4559 3283 4618 infeliciter
3340 4558 3407 4612 de
3433 4555 3630 4628 Syrigo
3650 4554 3732 4623 ju-

2161 4659 2388 4722 dicavit,
2427 4673 2549 4713 eum
2570 4656 2642 4712 de
2673 4655 2960 4713 Gennadio
2987 4663 3042 4710 et
3073 4653 3196 4724 ejus
3228 4649 3456 4706 honiilia
3487 4648 3731 4703 idoneum

2158 4751 2399 4823 judicem
2430 4763 2593 4804 nemo
2615 4757 2893 4818 agnoscet.

2233 4840 2422 4911 Neque
2467 4847 2552 4896 est
2595 4838 2743 4910 quod
2788 4837 3023 4908 αὐτοψῑα
3065 4835 3156 4890 illa
3185 4847 3354 4905 quam
3399 4829 3642 4886 nonnulli
3673 4826 3732 4880 ad

2163 4949 2432 4991 nauseam
2484 4947 2662 5002 usque
2717 4932 2966 5002 ingerere
3015 4929 3218 4990 solent,
3268 4925 3586 4995 objiciatur.
3639 4921 3733 4976 Cui

2161 5027 2306 5084 enim
2340 5023 2692 5096 persuadebit
2725 5022 3023 5093 aliquando
3055 5019 3362 5080 Smitheus,
3401 5032 3460 5072 se
3505 5030 3626 5085 quae
3671 5011 3733 5067 de

2161 5117 2369 5189 Cyrillo
2411 5115 2610 5172 Lucari
2659 5114 2906 5184 scripsit,
2942 5110 3416 5180 Constantinopoli
3465 5108 3731 5170 didicisse,

2163 5215 2260 5264 aut
2288 5207 2343 5262 in
2373 5205 2618 5262 Ecclesia
2645 5203 2833 5260 Graeca
2857 5219 2982 5259 eum
3009 5212 3068 5258 ut
3090 5213 3342 5259 sanctum
3369 5209 3425 5255 et
3451 5209 3732 5269 martyrem

2166 5301 2293 5364 coli,
2313 5299 2405 5368 qui
2428 5296 2863 5354 anathematibus
2884 5294 3132 5352 conﬁxus
3158 5301 3262 5352 est.
3289 5293 3403 5348 imo
3416 5293 3463 5347 si
3487 5291 3591 5347 Dia
3609 5291 3736 5345 veri-

2171 5403 2274 5456 tas,
2294 5394 2454 5461 cujus
2475 5405 2536 5445 se
2552 5388 2989 5444 amantissimum
3027 5393 3280 5452 testatur,
3329 5384 3562 5454 alicujus
3602 5379 3733 5453 apud

2169 5498 2294 5540 eum
2315 5481 2472 5553 pretii
2497 5486 2896 5550 est,agnoscat,
2910 5477 3259 5547 cojectanea
3277 5475 3426 5532 illum
3449 5473 3628 5531 omnia
3643 5484 3735 5527 sua

2242 5668 2319 5741 (3)
2350 5666 2604 5726 Coufess.
2639 5665 2786 5722 ortb.
2813 5664 2897 5720 ad.
2933 5662 3081 5734 Lips.
3112 5677 3165 5732 p.
3191 5662 3228 5718 6
