3998 6464
324 351 435 421 935

328 562 523 616 dibiles
568 563 788 617 domum
836 563 1106 617 retulisse.
1156 560 1278 628 Quo
1325 563 1471 618 enim
1527 566 1687 620 modo
1731 565 1910 620 Graeci

332 654 529 709 falsum
576 653 711 707 illud
761 662 997 722 systema
1026 669 1135 708 non
1183 659 1555 725 lgnorassent,
1593 655 1737 724 quod
1766 671 1902 725 pra:-

334 752 582 815 terquam
628 743 859 799 Claudio
902 744 958 799 in
1000 744 1187 800 Graeca
1220 745 1527 800 litteratura
1575 745 1739 816 plane
1786 745 1916 801 hos-

331 837 452 906 piti,
487 835 690 892 nemini
720 850 958 906 unquam
991 845 1214 892 venerat
1245 839 1302 891 in
1338 839 1620 893 mentem?
1652 846 1752 893 aut
1779 852 1917 907 quo-

334 929 496 984 modo
522 930 574 982 in
599 929 935 983 contrariam
963 927 1588 1000 Decretis‘synodalibus
1611 931 1751 992 suis,
1775 929 1920 985 Con-

336 1018 564 1074 fessioni
594 1019 929 1083 orthodoxae,
969 1018 1298 1089 disciplinae,
1339 1019 1618 1075 communi
1646 1019 1917 1074 doctrina:

334 1112 661 1167 sententiam
691 1111 833 1165 intra
875 1125 1079 1180 paucos
1105 1126 1281 1166 annos
1312 1111 1620 1166 transdueti
1649 1110 1911 1176 fuissent,

339 1202 558 1257 nemine
603 1202 1036 1266 contradicente,
1099 1212 1196 1256 aut
1242 1202 1757 1258 animadvertente!
1810 1202 1913 1258 Sed

338 1293 473 1349 satis
507 1292 783 1348 confutata
819 1301 948 1348 sunt
1010 1293 1127 1348 haec
1167 1295 1352 1348 omnia
1394 1293 1668 1364 paradoxa
1718 1296 1788 1349 ab
1814 1295 1915 1349 ad-

337 1390 579 1443 versario
640 1388 989 1451 doctissimo,
1050 1404 1230 1460 neque
1265 1390 1359 1444 illa
1403 1390 1629 1445 uberius
1662 1389 1913 1446 refellen-

335 1479 388 1533 di
417 1495 579 1535 causa
609 1480 714 1534 ulla
754 1478 917 1547 foret,
948 1480 1053 1535 nisi
1084 1481 1614 1538 animadverteretur
1642 1484 1925 1553 quotidie,

335 1570 471 1624 nihil
502 1580 607 1624 tam
644 1571 943 1625 absurdum
984 1580 1079 1625 aut
1102 1570 1298 1626 falsum
1322 1587 1352 1626 a
1377 1587 1649 1643 quoquam
1685 1572 1914 1641 alicujus

340 1664 579 1717 nominis
594 1662 894 1718 Calvinista
914 1662 1369 1734 aliirmariposse,
1397 1665 1542 1733 quod
1591 1680 1698 1719 non
1728 1665 1912 1718 statim

334 1754 646 1810 laudatores
670 1754 920 1811 credulos
940 1755 1201 1821 inveniat,
1249 1771 1481 1825 moxque
1501 1757 1641 1827 apud
1679 1757 1915 1827 reliquos

334 1855 581 1902 transeat
628 1848 1032 1916 quodammodo
1051 1847 1106 1903 in
1134 1864 1246 1904 rem
1268 1825 1587 1917 judicatam.
1610 1847 1744 1903 Nam
1766 1825 1916 1902 meu-
1952 1825 1990 1877 Β

334 1940 553 1994 dacium
594 1939 725 1994 illud
765 1946 962 2006 totum,
1008 1940 1073 1994 de
1106 1940 1312 1994 Graecis
1358 1941 1490 1994 nihil
1529 1941 1708 1997 minus
1749 1957 1914 2011 quam

336 2034 540 2087 realem
575 2033 920 2103 praesentiam
970 2033 1754 2103 transsuhstantiationemque
1801 2048 1920 2087 ere-

337 2124 620 2187 dentibus,
648 2123 741 2179 scd
769 2139 889 2178 eam
924 2121 1083 2177 fidem
1123 2125 1605 2194 amplectentibus,
1635 2140 1793 2193 quam
1818 2124 1923 2197 Cy-

340 2216 501 2270 rillus
535 2230 634 2270 sua
666 2214 1029 2270 lionfessione
1080 2216 1355 2285 exposuit,
1392 2232 1420 2270 a
1457 2216 1686 2271 Claudio
1722 2218 1923 2273 conﬂa-

344 2318 461 2361 tum
505 2315 610 2369 est.
654 2306 1061 2371 dissimulante,
1104 2307 1188 2361 vel
1222 2308 1505 2379 ignorante
1537 2308 1718 2375 potius
1755 2324 1920 2378 quam

339 2402 619 2458 diversum
658 2399 796 2453 foret
828 2414 936 2453 non
968 2398 1282 2454 Graecorum
1319 2399 1505 2463 modo,
1540 2402 1634 2455 sed
1666 2400 1924 2456 doctissi-

344 2512 554 2550 morum
598 2494 759 2548 etiam
804 2501 958 2547 extra
1002 2493 1305 2547 Romanam
1356 2495 1802 2550 communionem
1857 2495 1924 2548 de

344 2586 532 2640 eadem
566 2584 859 2655 judicium.
899 2583 1180 2638 Creditum
1224 2583 1277 2636 id
1315 2582 1484 2638 fuisse
1528 2584 1596 2637 ab
1631 2584 1925 2639 illitteratis

350 2692 417 2731 ex
458 2677 578 2745 ejus
626 2683 795 2737 secta,
834 2690 995 2728 nemo
1039 2674 1330 2728 mirabitur
1367 2692 1381 2727 :
1423 2674 1548 2744 quis
1589 2676 1927 2729 existimaret

353 2768 498 2823 enim
535 2768 683 2820 verbi
727 2766 896 2821 divini
944 2767 1255 2819 ministrum
1295 2766 1347 2818 in
1396 2781 1454 2819 re
1502 2777 1607 2818 tam
1648 2768 1790 2820 seria
1836 2777 1931 2821 aut

351 2861 640 2928 ignorasse
704 2857 846 2926 quod
888 2857 1172 2919 scriberet,
1213 2864 1307 2909 aut
1346 2855 1492 2923 quod
1533 2856 1928 2929 incompertum

349 2952 456 3006 sibi
503 2950 661 3014 foret,
693 2958 802 3002 tam
856 2954 1005 3002 certo
1037 2946 1379 3003 allirmasse?
1416 2946 1575 3002 liedit
1605 2949 1740 3002 alter
1784 2947 1932 3002 Con-

352 3041 730 3111 stantinopoli,
754 3049 803 3095 et
829 3056 949 3109 qua:
971 3039 1234 3095 Claudius
1262 3039 1625 3095 afﬁrmaverat
1653 3041 1830 3095 oculis
1876 3056 1935 3094 se

347 3134 555 3190 vidisse
580 3142 634 3188 et
660 3135 849 3187 auditu
883 3133 1165 3202 accepisse
1198 3133 1373 3186 tribus
1402 3131 1596 3185 libellis
1618 3132 1779 3186 editis
1805 3147 1935 3184 cou-

350 3239 601 3284 testatur.
663 3225 776 3282 Nos
849 3226 1106 3280 catholici
1167 3224 1602 3293 patriarcharum
1661 3224 1928 3287 omnium,

351 3321 822 3391 metropolitarum
858 3328 912 3373 et
955 3319 1190 3372 aliorum
1240 3316 1732 3371 ecclesiasticarum
1781 3314 1931 3369 testi-

353 3415 554 3470 moniis
587 3412 818 3483 publicis
847 3411 1209 3480 privatisque,
1235 3407 1390 3464 libris
1414 3408 1577 3462 editis
1607 3416 1659 3461 et
1687 3406 1927 3471 ineditis,

356 3504 497 3557 fama
526 3504 767 3574 publica,
801 3501 1087 3571 disciplina
1119 3515 1241 3570 qua:
1266 3499 1595 3555 obversatur
1618 3498 1790 3552 oculis
1815 3513 1930 3550 om-

356 3596 532 3657 nium,
558 3604 612 3650 et
645 3595 766 3651 aliis
788 3604 950 3649 certae
979 3591 1321 3647 auctoritatis
1346 3590 1685 3662 argumentis
1711 3589 1930 3655 muniti,

358 3688 658 3742 Smitheum
695 3703 799 3740 non
840 3686 1046 3741 vidisse
1091 3684 1176 3739 vel
1230 3684 1505 3738 audivisse
1536 3682 1932 3736 Constantino-

360 3780 489 3851 poli,
518 3795 638 3850 quze
669 3794 946 3849 nunquam
978 3777 1222 3843 fuerunt,
1253 3785 1583 3830 nontemere
1608 3774 1933 3840 asserimus,

387 3975 554 3988 .——-.

1804 358 2145 420 SCRIPTA.

326 467 859 540 Constantinopolim
888 467 1102 535 tulisse,
1131 476 1186 526 et
1218 478 1277 524 ut
1306 484 1514 527 merces
1550 487 1743 542 parum
1781 488 1914 527 vrn-
1944 486 1987 536 Α

3498 362 3609 429 986

2015 459 2115 529 sed
2154 472 2466 529 certissime
2499 471 2982 540 demonstremus;
3015 482 3178 545 atque
3209 472 3344 529 adeo
3378 472 3603 530 Genna-

2019 563 2098 618 dii
2123 581 2286 635 quam
2315 565 2511 621 damus
2534 564 2767 620 llomilia
2791 567 3066 621 oculatum
3091 565 3357 638 ejusmodi
3386 576 3602 632 testem,

2024 664 2079 710 et
2115 657 2436 723 nasutiores,
2468 665 2529 711 ut
2560 657 2707 727 loqui
2737 666 2906 723 amat,
2941 658 3182 729 ejusdem
3216 659 3430 729 generis
3467 673 3603 713 cen-

2022 762 2178 804 sores
2207 762 2314 803 non
2350 750 2689 804 reformidat.
2749 748 2906 806 Unde
2934 764 3419 821 quantumcunque
3448 766 3601 805 com-

2020 836 2311 892 mendetur
2330 853 2453 892 cum
2476 838 2729 894 laudibus
2752 840 2872 910 ejus
2901 840 3157 911 αὑτοψία,
3191 843 3446 896 recedere
3477 855 3602 897 scn—

2020 929 2127 983 sim
2162 928 2413 984 videmus
2446 929 2515 984 ab
2548 929 2698 985 illius
2728 936 3000 986 sententia
3035 934 3228 987 doctos
3284 932 3605 988 Protestau-

2023 1029 2107 1075 tes
2142 1037 2157 1073 :
2194 1030 2251 1075 ut
2294 1019 2625 1076 Laurentius
2666 1020 3015 1079 Normannus
3046 1023 3175 1079 fecit
3204 1024 3352 1079 circa
3377 1024 3607 1080 Confes-

2018 1112 2230 1168 sionem
2262 1113 2649 1178 orthodoxam,
2680 1113 2876 1171 Petrus
2904 1116 3136 1172 Allixins
3168 1116 3313 1171 circa
3336 1118 3605 1188 synodum

2017 1204 2149 1260 Jasii
2203 1204 2443 1260 habitam
2486 1219 2631 1260 anno
2663 1205 2825 1272 1642,
2872 1214 2928 1261 et
2978 1207 3253 1262 Meletium
3306 1208 3603 1279 Syrigum:

2017 1297 2331 1366 dudumque
2403 1310 2521 1350 eam
2598 1297 2951 1366 evploserunt
3008 1296 3392 1365 Marbachius,
3447 1300 3606 1355 Calo-

2015 1389 2155 1448 vius.
2174 1386 2462 1444 Felhavius
2483 1389 2814 1458 Augustana:
2828 1388 3201 1447 Confessionis
3226 1392 3483 1463 theologi,
3504 1394 3613 1446 ci:-

2016 1495 2078 1536 ea
2104 1480 2295 1550 Cyrilli
2323 1480 2734 1538 Confessionem
2753 1491 2804 1538 et
2832 1482 3070 1553 synodos
3090 1498 3179 1538 an.
3208 1483 3343 1547 1658
3367 1493 3420 1539 et
3447 1483 3607 1550 1642,

2022 1587 2052 1625 a
2076 1573 2277 1641 quibus
2309 1575 2613 1644 proscripta
2649 1582 2753 1629 est.
2791 1574 2979 1644 Neque
3015 1576 3130 1644 ipse
3162 1575 3440 1633 Smithcus
3490 1592 3604 1632 om.

2020 1664 2153 1719 uino
2195 1674 2360 1736 negat
2407 1664 2630 1720 Graecos
2678 1666 2896 1720 tandem
2951 1665 3250 1722 hodiernos
3298 1670 3605 1738 praesentiae

2020 1755 2184 1810 realis
2238 1765 2293 1809 et
2352 1756 2997 1813 transsuhstantiationis
3032 1757 3227 1827 degma
3262 1756 3543 1815 iiubihisse
3582 1776 3597 1815 :

2021 1846 2117 1902 sed
2145 1846 2197 1901 id
2230 1846 2432 1902 fartum
2470 1847 2723 1917 pessimis
2762 1846 3079 1902 Latinorum
3120 1848 3429 1912 fraudibus.
3463 1864 3602 1920 quas

2021 1953 2349 1993 arcanormn
2404 1939 2674 1993 revelator
2722 1939 2840 1995 dies
2873 1939 3113 1996 docebit.
3172 1940 3227 1995 Si
3282 1958 3608 2012 supremum

2019 2029 2223 2085 Judicii
2249 2030 2393 2087 diem
2430 2031 2706 2102 intelligit,
2742 2032 2816 2086 ita
2854 2047 2987 2087 sane
3019 2051 3033 2087 :
3071 2048 3194 2087 nam
3228 2048 3410 2089 coram
3450 2050 3608 2089 sum-

2022 2141 2113 2181 mo
2134 2124 2326 2180 Iudice
2360 2126 2625 2195 patebunt
2662 2125 2887 2179 omnia:
2921 2125 2966 2179 si
2997 2123 3358 2194 longinquum
3384 2125 3608 2196 aliquod

2025 2225 2259 2286 tempus,
2290 2216 2399 2287 jam
2434 2217 2647 2286 aliquot
2676 2217 2808 2270 anui
2847 2217 2983 2283 lapsi
3009 2224 3139 2270 sunt
3166 2230 3229 2269 ex
3260 2230 3370 2284 quo
3393 2215 3611 2271 dubita-

2022 2308 2068 2363 ri
2098 2324 2208 2363 non
2237 2317 2416 2379 potest
2444 2310 2576 2379 quin
2612 2308 2785 2364 Grmci
2820 2308 2958 2361 nihil
2992 2307 3175 2361 minus
3204 2323 3367 2377 quam
3430 2309 3599 2362 Λατι-

2024 2402 2301 2469 νόφρονες,
2349 2401 2415 2455 de
2469 2400 2658 2471 Cyrilli
2713 2398 3095 2463 Confessione,
3131 2399 3197 2453 de
3226 2399 3447 2470 synodis
3475 2415 3609 2453 con-

2028 2498 2113 2544 tra
2145 2507 2264 2545 eam
2302 2493 2533 2561 ejusque
2561 2498 2841 2545 anetorem
2893 2490 3114 2556 habitis,
3146 2491 3223 2544 de
3268 2490 3613 2546 confessione

2025 2583 2355 2646 orthodoxa,
2403 2583 2469 2637 de
2506 2580 3154 2645 traussubstantiatione,
3191 2579 3257 2631 de
3294 2581 3605 2645 Gennadio,

2028 2674 2096 2728 de
2155 2674 2368 2745 Syrigo,
2401 2676 2465 2728 de
2494 2674 2861 2738 Coressio,'de
2894 2674 3160 2742 Gregorio
3187 2675 3617 2744 proto-syucello

2030 2766 2151 2835 ejus
2184 2766 2475 2835 discipulo,
2498 2782 2617 2820 eam
2652 2767 2962 2834 opinionem
2999 2767 3316 2820 firmissime
3372 2776 3615 2831 teneant,

2033 2872 2196 2926 quam
2251 2858 2501 2911 oculatus
2543 2858 2633 2910 ille
2666 2858 2823 2911 testis
2854 2858 2983 2911 totis
3036 2859 3241 2912 viribus
3288 2858 3612 2927 impugnare

2038 2962 2329 3017 aggressus
2383 2959 2484 3003 est.
2525 2948 2661 3003 Cum
2698 2950 2841 3003 enim
2870 2950 3064 3018 synodi
3105 2949 3617 3020 Hierosolymitaum

2039 3038 2255 3092 decreta
2290 3039 2401 3107 ipse
2435 3037 2727 3093 Dositheus
2764 3040 2816 3092 in
2845 3039 3108 3093 Moldavia
3168 3040 3256 3093 edi
3320 3042 3619 3103 curaverit,

2040 3129 2241 3197 quibus
2296 3129 2475 3182 omnia
2538 3130 2823 3198 perspicue
2879 3131 3254 3198 continentur,
3315 3146 3435 3199 quze
3494 3146 3617 3186 cum

2038 3221 2339 3276 Claudiana
2390 3222 2935 3291 Λατινοφρονούντων
2998 3223 3313 3278 definitione
3341 3235 3483 3278 stare
3514 3238 3620 3277 non

2039 3324 2289 3382 possunt,
2342 3315 2432 3368 sed
2483 3316 2732 3370 sinceros
2782 3314 3002 3369 Grzecos
3058 3330 3180 3370 esse
3237 3326 3472 3382 constat,
3527 3318 3620 3385 qui

2042 3396 2390 3475 praesentiam
2447 3408 2645 3461 realem
2681 3415 2734 3460 et
2774 3408 3446 3462 trausmbstantiationem
3500 3422 3620 3462 cre-

2041 3500 2201 3559 dunt,
2239 3496 2443 3553 frustra
2469 3500 2794 3569 tonjectnra:
2818 3514 3009 3553 omnes
3034 3509 3164 3555 sunt
3191 3500 3281 3554 ubi
3313 3500 3485 3553 Graeci
3524 3499 3624 3565 ipsi

2040 3588 2360 3657 loquuntur.
2397 3586 2553 3642 Unde
2604 3589 2867 3657 quidquid
2922 3605 2985 3643 ex
3028 3588 3162 3643 falsa
3214 3590 3306 3644 illa
3339 3588 3627 3658 hypothesi

2014 3690 2232 3736 'contra
2254 3679 2592 3735 Gennadium
2624 3690 2678 3736 et
2708 3685 2828 3749 ejus
2863 3683 3116 3736 homilias
3144 3682 3425 3736 Smitlieus
3456 3680 3630 3736 dedu-

2043 3774 2146 3840 xit,
2172 3772 2502 3830 accuratiori
2522 3775 2853 3829 refutatione
2883 3791 2992 3830 non
3022 3775 3249 3845 indiget.

948 4125 1643 4242 GENNADII
1728 4123 2309 4237 OPEBUM
2392 4123 2988 4234 NOTITIA
3018 4199 3048 4232 .

444 4480 792 4547 Quaecunque
832 4486 861 4526 a
904 4465 1196 4526 Gennadio
1258 4462 1463 4533 scripta
1500 4462 1569 4517 ad
1615 4478 1713 4518 nos
1749 4477 1945 4532 perve-

368 4576 735 4637 nerunt,,ant
784 4573 913 4620 ante
974 4555 1413 4633 patriarchatum
1465 4556 1710 4625 scripsit,
1758 4555 1937 4610 autin

2049 4460 2192 4517 bene
2223 4461 2463 4525 multas.
2503 4477 2738 4532 quarum
2790 4464 3010 4519 sclecta:
3040 4463 3290 4534 quaedam
3337 4477 3642 4535 supersunt

2045 4555 2099 4609 in
2130 4554 2254 4609 cod.
2284 4553 2451 4625 Regio
2476 4553 2638 4620 2955,
2674 4557 2777 4609 hoc
2812 4557 2990 4620 titulo,
3038 4556 3135 4609 Ἐκ
3157 4556 3266 4609 τῶν
3310 4556 3643 4610 Ἐπιστολῶν

369 4662 932 4739 ipso'patriarchatu,
961 4664 1056 4711 aut
1081 4654 1335 4724 deposita
1367 4651 1635 4717 dignitate
1669 4664 1793 4705 cum
1832 4652 1930 4718 pri.

2050 4649 2087 4701 Γ
2091 4649 2325 4717 εωργῐου
2357 4647 2450 4701 τοῦ
2475 4648 2773 4718 Σχολαρὶου
2806 4649 2898 4701 τοῦ
2923 4648 3150 4719 ὕστερον
3191 4649 3500 4709 Γενναδίου.
3552 4648 3641 4702 Ea:

306 4748 309 4755 V
370 4770 531 4818 vatus
592 4758 649 4811 in
713 4750 1104 4809 monasterium
1178 4745 1366 4803 Sancti
1420 4745 1649 4799 Joannis
1689 4743 1950 4814 Baptista

374 4867 547 4924 prope
572 4849 769 4904 Serras
799 4843 866 4898 ad
892 4841 1231 4896 Menuaceum
1266 4845 1504 4891 montem
1536 4850 1596 4890 se
1622 4836 1950 4905 recepisset.

380 4944 537 5000 llune
574 4940 822 4997 ordinem
872 4934 992 5004 ejus
1054 4946 1284 5002 operum
1315 4929 1407 4998 qui
1443 4929 1570 4983 vitae
1611 4928 1811 4983 seriem
1859 4944 1951 4983 se-

371 5040 587 5109 quitur,
639 5032 863 5104 quidam
912 5041 1069 5082 mss.
1113 5023 1337 5079 codices
1381 5028 1803 5091 repraesentant,
1854 5022 1947 5090 qui

376 5143 562 5189 tamen
619 5126 674 5182 id
728 5123 897 5179 habet
949 5115 1307 5178 incommodi,
1338 5113 1484 5184 quod
1517 5112 1586 5168 de
1616 5110 1804 5167 multis
1838 5129 1948 5169 non

375 5226 451 5281 ita
504 5223 700 5292 liquet,
752 5224 814 5271 ut
874 5209 1098 5283 quando
1141 5206 1346 5276 scripta
1393 5204 1504 5259 sint
1549 5211 1701 5261 certo
1744 5204 1951 5275 habere

380 5318 677 5391 possimus,
707 5323 818 5379 quo
846 5307 902 5362 in
947 5312 1147 5373 genere
1178 5308 1309 5353 sunt
1344 5298 1581 5353 homilia:
1605 5297 1945 5367 complures,

379 5422 437 5469 et
476 5408 769 5465 minutiora
800 5399 1048 5473 quaedam
1092 5393 1384 5467 opuscula.
1418 5391 1523 5446 Sed
1572 5400 1756 5446 tamen
1805 5391 1954 5447 hunc

382 5507 658 5565 ordinem,
687 5497 814 5568 quia
845 5488 1189 5550 commodior
1219 5496 1323 5546 est.
1352 5499 1669 5555 sequemur.

456 5594 725 5663 Georgius
750 5587 1067 5645 Scholarius
1094 5584 1273 5638 adhuc
1294 5581 1473 5636 laicus
1500 5621 1515 5643 ,
1548 5579 1697 5635 circa
1730 5577 1960 5633 Floren-

386 5693 488 5750 tini
518 5686 737 5745 concilii
761 5695 1004 5750 tempora
1026 5678 1250 5748 scripsit
1294 5676 1584 5749 epistolas,
1620 5685 1677 5731 ut
1712 5674 1949 5743 videtur,

469 5858 545 5929 (l)
580 5857 651 5911 De
686 5866 987 5917 consensu,
1013 5864 1063 5918 p.
1092 5846 1227 5929 962.}

2057 4738 2314 4810 Epistolis
2345 4738 2558 4811 Georgii
2588 4739 2855 4794 Scholarii
2913 4743 3007 4810 qui
3067 4738 3373 4793 Gennadius
3405 4749 3642 4807 poslmo-

2058 4834 2187 4887 dum
2216 4834 2344 4903 fuit.
2378 4836 2438 4888 μ
2470 4834 2677 4887 nemini
2708 4832 2977 4901 inscripta
3002 4831 3101 4894 ςῖα
3143 4829 3497 4896 Imperatoris
3527 4830 3646 4883 fra-

2057 4928 2124 4982 tri
2155 4943 2169 4992 ;
2202 4928 2266 4981 5a
2302 4941 2500 4995 magno
2529 4924 2979 4995 chartephylaci;
3015 4925 3075 4978 4⁸
3111 4922 3290 4977 Marco
3322 4922 3647 4992 Lipomano,

2059 5020 2341 5075 Florentia
2378 5016 2638 5071 Venetias
2669 5016 2874 5080 missa;
2920 5017 2981 5071 5tl
3014 5017 3304 5071 Ambrosio
3333 5014 3633 5071 Camaldu-

2063 5114 2204 5170 lensi
2235 5130 2249 5179 ;
2283 5113 2357 5167 ϐα
2394 5109 2589 5179 Magno
2634 5111 2795 5167 duci:
2831 5110 3035 5166 ibidem
3068 5126 3287 5181 quoque
3319 5110 3550 5178 scripta,
3588 5115 3647 5162 ut

2065 5206 2310 5267 videtur.
2344 5218 2452 5258 non
2472 5196 2552 5257 ἐκ
2587 5204 2818 5268 Graecia.
2858 5214 2916 5259 ut
2946 5206 3262 5275 suspicatus
3291 5214 3375 5258 est
3409 5200 3643 5255 Allatius

2059 5300 2154 5372 qui
2198 5298 2350 5353 illius
2385 5298 2633 5352 meminit
2665 5298 2765 5369 (1).
2797 5297 2990 5355 Exstat
3018 5313 3238 5368 quoque
3269 5298 3323 5348 in
3356 5293 3481 5347 cod.
3511 5290 3649 5347 Col-

2056 5394 2277 5449 bertino
2316 5391 2499 5457 4958;
2538 5392 2600 5445 7t
2667 5406 2940 5465 anonymo
2985 5392 3054 5444 de
3101 5386 3329 5458 privatis
3370 5384 3646 5460 negotiis;

2062 5486 2125 5542 8ΙΙ
2158 5485 2447 5556 Philelpho
2479 5481 2852 5539 Mediolanum
2900 5474 3393 5546 Constantinopoli
3418 5474 3645 5543 scripta,

2073 5592 2133 5636 ut
2167 5579 2446 5641 existimo,
2498 5584 2553 5632 et
2612 5586 2739 5631 ante
2787 5573 3185 5645 profectionem
3240 5569 3503 5632 italicam,
3552 5574 3651 5622 aut

2074 5684 2200 5748 post
2230 5674 2471 5734 reditum
2504 5690 2519 5740 ;
2549 5687 2674 5727 nam
2703 5671 2760 5726 in
2795 5685 2860 5725 ea
2888 5668 3039 5724 dolet
3072 5665 3211 5737 eripi
3246 5665 3349 5722 sibi
3383 5680 3478 5738 per
3508 5670 3653 5721 stre—
