3998 6464
72 5907 80 5970 i

72 5979 80 6024 ρ

72 6029 82 6068 5

72 6085 82 6122 ι

72 6123 84 6215 ἐ

331 257 439 324 287
1375 271 1762 336 ὓΕΝΝᾹΟΙῙ
1793 274 1905 336 CP.
1941 275 2465 343 PATBIARCH/E
2907 339 2910 342 .
3504 285 3623 349 288’

332 377 509 442 pilum
535 373 872 458 iudiciorum
909 381 1235 439 occasiones
1260 384 1326 440 ad
1354 389 1565 446 amicos
1601 389 1878 446 scribendi
1908 407 1924 456 ;
1955 410 1998 464 Α
2031 397 2294 454 vertenda
2349 399 2559 455 unione
2624 397 2949 467 contulisse,
3002 397 3207 456 frustra
3266 405 3613 469 quaereretur

333 472 398 526 9!
423 469 680 540 principi.
709 473 990 544 πρίγκιπι,
1022 474 1139 529 sive
1176 478 1223 532 is
1252 477 1325 535 sit
1356 480 1684 540 Theodorus
1707 483 1916 554 Despo-

336 572 417 626 ta,
443 564 560 619 sive
583 561 983 624 Constantinus
1014 570 1105 639 qui
1127 583 1316 640 postea
1352 573 1655 646 imperator
1688 576 1917 634 ultimus

339 655 482 724 fuit;
538 658 634 712 10a
685 659 1006 729 imperatori
1043 657 1438 735 Constantino,
1497 683 1662 740 quam
1697 670 1924 741 scripsit

334 751 446 818 jam
473 751 1026 828 nionaclius,gra_tias
1046 772 1215 828 agens
1239 758 1303 814 de
1326 762 1674 818 munusculis
1693 763 1919 830 missis‘;

343 844 436 895 ll-
471 842 654 899 Paisio
704 845 906 914 Cretae,
952 860 1009 903 ut
1061 850 1428 922 conjicimus,
1475 856 1923 927 archiepiscopo.

341 937 428 991 mi
478 950 774 1008 perpetuos
805 959 906 1012 pro
941 943 1169 1001 Christo
1206 946 1425 1002 labores
1454 956 1509 1002 et
1539 947 1923 1004 liberationem

341 1047 404 1084 ex
463 1049 688 1088 carcere
752 1036 1102 1106 gratulatur;
1162 1040 1260 1096 12³
1310 1040 1575 1097 Lemnum
1625 1042 1694 1098 de
1749 1042 1928 1098 turbis

340 1125 974 1195 Constantlnopolitanis
1009 1148 1025 1196 ;
1066 1131 1164 1184 15³
1200 1131 1522 1203 ImperatOri
1560 1132 1927 1202 Trapezuntis
1969 1139 1972 1148 '

344 1216 412 1270 de
451 1219 614 1275 missa
655 1220 723 1276 ad
771 1221 938 1276 italos
977 1221 1288 1298 legatione;
1321 1227 1418 1280 ut
1451 1226 1841 1299 Nomopbylaci
1872 1228 1928 1283 in

343 1309 787 1379 Pe'oponnesum
816 1332 831 1380 ;
864 1314 964 1368 l5a
1002 1315 1181 1372 Marco
1214 1317 1490 1387 presino
1518 1318 1734 1388 prastixa
1763 1333 1932 1387 opus-

343 1390 468 1458 culo
501 1406 773 1471 adversus
794 1407 1101 1464 Gemistum
1133 1409 1456 1466 Pletlionem
1489 1427 1588 1482 pro
1615 1411 1931 1468 Aristotelis

347 1494 718 1562 defensione;
771 1497 868 1552 16ι
915 1498 1122 1565 absque
1161 1501 1345 1566 titulo,
1395 1503 1463 1557 de
1493 1503 1726 1574 privatis
1757 1518 1934 1574 nego-

351 1589 467 1646 tiis.
517 1589 632 1646 llas
678 1591 958 1661 Epistolas
997 1607 1191 1649 omnes
1233 1602 1591 1664 repraesentat
1617 1591 1789 1652 codex
1824 1611 1928 1650 ms.

347 1683 704 1740 bibliothecas
759 1681 960 1754 Regia,
1019 1686 1278 1752 selectas,
1313 1695 1374 1744 ut
1404 1688 1662 1753 videtur,
1705 1703 1774 1744 ex
1805 1687 1930 1744 aliis

2021 507 2132 562 quo
2170 501 2416 560 tempore
2445 493 2586 549 bane
2613 492 2936 564 Apologiam
2965 491 3159 555 edidit,
3201 505 3326 562 quae
3353 506 3463 546 non
3499 490 3608 544 nisi

2021 596 2148 656 post
2203 587 2414 644 cladem
2463 567 2640 652 urbis,
2697 595 2864 657 atque
2917 586 3058 642 adeo
3111 586 3168 640 in
3227 585 3608 656 patriarcliatn

2023 680 2232 748 scripta
2261 687 2539 745 censetur,
2574 681 2644 735 ab
2683 679 2754 736 iis
2781 680 2874 750 qui
2923 677 3072 735 illam
3122 677 3410 736 Gennadio
3455 678 3612 731 attri-

2025 771 2202 826 buunt
2239 773 2316 843 (ιι)
2351 789 2366 829 :
2405 785 2690 843 nunquam
2731 773 2878 828 enim
2935 779 3284 843 resumptum
3333 771 3501 827 semel
3555 769 3610 824 in

2027 865 2253 921 Latinos
2281 866 2466 920 odium
2486 863 2766 936 deposuit,
2795 865 2910 921 imo
2923 863 3207 936 perpetuis
3243 862 3614 920 accusationi-

2026 958 2132 1014 bus
2154 960 2210 1014 in
2243 973 2340 1016 eos
2371 962 2625 1016 invectus
2648 967 2760 1026 est,
2793 969 2849 1016 et
2876 961 2932 1016 in
2959 977 3020 1015 ea
3051 959 3328 1016 sententia
3355 957 3420 1014 ad
3448 958 3607 1013 linem

2030 1069 2203 1124 usque
2226 1056 2356 1110 vitae
2406 1053 2796 1126 perseveravit.
2856 1053 2912 1110 Si
2943 1069 3076 1124 ergo
3132 1051 3282 1109 illius
3327 1069 3466 1122 opus
3497 1051 3613 1106 haec

2030 1149 2294 1218 Apologia
2346 1149 2623 1204 censenda
2670 1159 2778 1213 est,
2829 1149 3092 1220 scriptam
3147 1147 3320 1202 fuisse
3370 1146 3618 1216 oportuit

2032 1256 2126 1298 aut
2160 1243 2474 1309 Florentia,
2505 1253 2598 1298 aut
2627 1243 2813 1299 statim
2849 1250 2968 1309 post
2995 1241 3254 1298 reditum.
3283 1239 3390 1294 Sed
3413 1240 3458 1294 si
3487 1239 3614 1307 quis

2033 1337 2108 1392 ita
2139 1344 2366 1402 statuat,
2418 1336 2666 1393 eamdem
2711 1335 3094 1405 interpolatam
3157 1331 3332 1387 fuisse
3383 1329 3616 1387 fateatur

2035 1445 2264 1484 necesse
2297 1435 2402 1492 est,
2436 1428 2634 1484 adsuta
2671 1429 2740 1484 de
2785 1423 3194 1484 calamitatibus
3229 1421 3618 1478 Constantino-

2034 1523 2296 1595 politanis
2321 1522 2462 1578 satis
2497 1521 2657 1594 longa
2682 1521 2906 1576 lacinia.

2107 1614 2396 1670 Orationes
2417 1615 2498 1668 ba:
2524 1615 2741 1669 exstant
2773 1629 2789 1666 :
2825 1611 2922 1676 Εἰς
2949 1611 3050 1682 τὴν
3085 1611 3252 1680 ἅγῐαυ
3285 1609 3381 1664 τοῦ
3415 1610 3618 1679 Κυρίου

2038 1709 2196 1778 ἡμῶν
2267 1706 2446 1776 Ἰησοῦ
2513 1704 2754 1774 Χριστοῦ
2815 1703 3312 1774 Μεταμόριρωσιν,
3374 1705 3428 1758 in
3491 1703 3621 1758 Iesu

347 1775 621 1847 Ριητῖιηιδο
665 1779 826 1848 (Ιιιεεί
862 1777 1145 1851 δίῧηίοτθε
1173 1781 1363 1848 quain
1385 1781 1635 1838 οοάίθοηὶ
1661 1781 1931 1836 referrem
1963 1791 2010 1851 Β
2040 1775 2243 1854 Christi
2281 1775 2506 1854 Domini
2533 1797 2705 1852 nostri
2755 1791 3334 1866 Transﬁgurationem.
3383 1795 3621 1865 Scripta.

354 1880 466 1924 tur.
503 1870 560 1925 ln
617 1871 940 1928 Colbertino
973 1873 1252 1944 adjuncta:
1273 1883 1406 1930 sunt
1437 1885 1688 1930 veterum
1717 1875 1936 1943 aliquot

351 1964 636 2032 epistolis,
673 1964 815 2021 unde
853 1966 980 2038 styli
1030 1967 1217 2038 potius
1257 1967 1432 2037 gratia
1465 1981 1632 2038 quam
1659 1955 1728 2022 ad
1759 1965 1940 2023 histo-

355 2059 493 2111 riam
524 2058 902 2115 illustrandam
937 2061 1195 2122 vitientur
1225 2062 1490 2126 collectae,
1516 2070 1576 2116 ut
1605 2062 1768 2117 etiam
1805 2077 1939 2130 pau-

355 2166 434 2204 ere
473 2151 682 2222 aliquot
719 2152 882 2208 Lucae
929 2152 1147 2210 Notam
1220 2152 1402 2221 Magni
1442 2154 1623 2219 ducis.
1663 2153 1937 2210 Theodori

355 2243 608 2312 Despotie
634 2287 649 2307 ,
673 2255 726 2300 et
759 2247 1126 2316 quorumdam
1149 2247 1384 2303 aliorum
1419 2247 1634 2317 imperii
1670 2247 1939 2303 Constan-

356 2335 703 2403 tinopolitani
733 2355 1047 2408 procerum.
1312 2340 1320 2346 ’

430 2429 738 2511 Florciitize
791 2434 1018 2503 scripsit
1085 2434 1377 2494 Orationes
1433 2451 1555 2508 qua
1607 2449 1730 2490 cum
1786 2436 1940 2489 Actis

357 2523 578 2578 concilii
609 2525 1103 2593 circumferuntur,
1139 2529 1185 2586 si
1229 2537 1410 2584 tamen
1445 2530 1593 2585 illius
1622 2537 1753 2583 sunt
1787 2546 1802 2594 ;
1840 2543 1942 2599 po-

362 2617 470 2670 tuit
497 2631 633 2671 sane
673 2634 770 2674 eas
804 2621 1137 2691 scripsisse,
1181 2632 1242 2676 ut
1273 2639 1338 2678 ex
1379 2622 1534 2679 Actis
1562 2623 1775 2688 liquet:
1813 2635 1938 2675 nam

361 2710 429 2765 ad
491 2728 682 2766 eorum
748 2717 1081 2770 sententiam
1137 2717 1230 2785 qui
1281 2717 1542 2771 unionem
1569 2731 1697 2771 cum
1731 2715 1940 2770 Latinis

360 2807 680 2870 suaderent.
732 2810 1040 2866 accessisse
1081 2809 1377 2882 Georgium
1417 2807 1766 2866 Scliolarium
1793 2807 1939 2863 veri-

362 2901 543 2956 simile
596 2911 702 2964 est,
770 2904 882 2958 imo
941 2914 1178 2967 certum,
1226 2905 1331 2960 nisi
1359 2905 1487 2976 quis
1516 2905 1648 2960 Acta
1681 2903 1941 2959 falsitatis

361 3007 605 3061 accuset,
653 2997 798 3064 quod
839 2998 1008 3053 certis
1063 3000 1402 3069 argumentis
1449 3000 1690 3068 probare
1725 2995 1944 3051 dimcile

360 3095 466 3141 est.
497 3085 802 3144 Conﬁrmat
832 3091 1096 3146 Actorum
1129 3092 1287 3146 (idem
1315 3091 1550 3161 epistola
1577 3090 1744 3144 Marci
1768 3087 1944 3158 Ephe-

364 3181 575 3249 siniex
628 3184 753 3237 cod.
807 3184 1130 3241 Florentino
1179 3195 1235 3240 et
1267 3201 1390 3255 qua:
1438 3193 1617 3238 exstat
1665 3183 1720 3236 in
1773 3181 1946 3249 Regio

363 3275 510 3331 9.953
541 3275 808 3346 producta
843 3279 912 3331 ab
948 3278 1175 3344 Allatio,
1206 3291 1313 3348 qua
1341 3279 1398 3332 in
1427 3277 1770 3330 Scliolarium
1800 3277 1949 3331 inve-

368 3369 552 3433 hitur,
605 3368 753 3437 quod
833 3369 1072 3440 aliquam
1130 3386 1252 3427 cum
1313 3369 1532 3426 Latinis
1591 3370 1946 3426 concordiam

369 3460 488 3514 ﬁeri
540 3475 704 3529 posse
757 3461 1154 3517 existimasset.
1181 3461 1385 3517 Verum
1420 3477 1529 3518 non
1556 3475 1729 3532 pauca
1756 3461 1814 3516 in
1850 3463 1950 3518 has

371 3554 652 3610 orationes
705 3555 1002 3624 irrepsisse
1061 3555 1339 3611 latendum
1387 3563 1496 3622 est,
1527 3571 1650 3627 qua:
1687 3557 1952 3612 adnotare

372 3649 685 3717 prolixiorls
735 3657 881 3706 esset
913 3665 1117 3721 operte.
1154 3649 1329 3706 Edita:
1367 3660 1498 3708 sunt
1529 3659 1583 3706 et
1614 3651 1800 3707 Romae
1825 3665 1952 3706 cum

375 3743 620 3796 cancilio
656 3742 981 3800 Florentino
1017 3743 1072 3799 in
1104 3743 1201 3800 fol.
1235 3740 1667 3810 Grece-Latine,
1697 3743 1956 3800 Matthan

373 3833 741 3906 Caryopliyllo
769 3836 1090 3908 interprete,
1123 3847 1177 3893 et
1203 3836 1256 3891 in
1284 3840 1342 3892 4ο
1371 3847 1484 3891 tum
1514 3836 1568 3891 in
1587 3837 1828 3892 editione
1845 3837 1956 3893 Ro-

377 3939 539 3979 mana
581 3927 945 3982 conciliorum
997 3942 1091 3984 an.
1121 3926 1263 3983 1612
1285 3966 1302 3992 ,
1329 3937 1460 3982 tom.
1496 3924 1586 3983 IV.
1616 3928 1848 3982 Exstare
1883 3929 1958 3982 ait

376 4021 615 4076 Allatins
653 4023 708 4078 in
741 4022 901 4078 codd.
936 4039 1072 4081 mss.
1103 4022 1478 4088 Scoriaccnsi,
1505 4020 1788 4078 Bavaricis
1819 4023 1955 4080 duo-

2042 1903 2099 1948 ut
2128 1893 2360 1948 habetur
2391 1893 2447 1947 in
2475 1892 2665 1948 codice
2700 1889 2868 1961 Regio
2897 1891 3062 1955 9955,
3097 1901 3222 1944 cum
3251 1889 3428 1943 adhuc
3453 1903 3625 1942 saecu-

2041 1989 2175 2044 laris
2197 1997 2365 2051 esset,
2402 1986 2509 2042 sub
2541 1983 2754 2041 Joanne
2813 1987 3168 2054 imperatore,
3203 1989 3419 2052 reperta
3448 1977 3619 2034 Thes-

2039 2081 2298 2138 salonicae
2329 2087 2453 2152 post
2473 2089 2688 2149 captam
2720 2077 3262 2144 Constantinopolin.

2115 2177 2170 2231 In
2208 2176 2348 2232 lesto
2378 2173 2490 2229 τῶν
2521 2173 2762 2228 Εἱσόδων
2795 2170 3274 2244 προσφωνητικός.
3311 2167 3474 2223 Lecta
3507 2166 3624 2220 inec

2043 2269 2220 2326 oratio
2247 2269 2301 2323 in
2338 2266 2674 2321 monasterio
2726 2264 3022 2334 Periblepti
3052 2262 3310 2334 primum,
3362 2269 3628 2329 praesente

2043 2363 2410 2419 Constantino
2445 2360 2802 2428 imperatore.

2115 2455 2234 2510 Alla
2264 2454 2474 2524 absque
2508 2451 2694 2516 titulo,
2721 2449 2892 2506 πάλαι
2923 2449 3024 2521 μὲν
3062 2448 3331 2514 Ἵουδαῖοι.
3352 2449 3407 2504 in
3432 2447 3623 2502 eodem

2044 2546 2252 2602 codice.

2116 2641 2172 2695 In
2243 2635 2781 2695 Commemoratione
2847 2633 3238 2690 Decollationis
3299 2631 3360 2690 S.
3398 2631 3628 2688 Joannis

2044 2734 2321 2804 Baptista).
2358 2729 2549 2787 Oratio
2595 2737 2775 2785 exstat
2823 2729 2877 2782 in
2911 2727 3104 2783 eodem
3139 2726 3262 2782 cod.
3298 2727 3358 2780 In
3411 2737 3627 2789 nostro,

2047 2830 2150 2885 sub
2217 2823 2377 2882 titulo
2433 2821 2705 2880 Gennadii
2760 2819 3040 2888 Monachi,
3105 2821 3300 2890 incipit
3351 2837 3365 2874 :
3415 2820 3472 2872 '0
3531 2819 3632 2889 μὲν

2049 2919 2318 2992 μακάριος
2375 2915 2632 2989 Ἰωάννης
2687 2917 2780 2970 καὶ
2837 2913 3172 2986 Βαπτιστής.
3231 2912 3515 2970 Omittitur
3563 2912 3636 2969 ab

2045 3011 2272 3066 Aliaiin.

2121 3109 2262 3170 Alia,
2311 3109 2391 3170 εἰς
2419 3107 2518 3175 τὴν
2581 3103 2726 3159 κατὰ
2761 3103 2940 3174 σάρκα
2970 3098 3226 3171 γέννησιν
3279 3097 3377 3152 τοῦ
3424 3098 3634 3166 Κυρίου

2056 3199 2216 3272 ἡμῶν
2250 3199 2429 3269 Ἰησοῦ
2460 3193 2722 3268 Χριστοῦ,
2775 3192 2842 3250 In
2892 3190 3241 3248 Natiuitatem
3298 3190 3510 3245 Domini
3543 3207 3637 3243 uo-

2058 3295 2161 3349 am‘
2188 3290 2319 3348 Iesu
2351 3289 2550 3347 Christi
2583 3289 2874 3345 secundum
2929 3302 3165 3342 carnem.
3216 3281 3480 3339 Gennadii
3519 3280 3632 3336 Μοο

2061 3387 2221 3444 nachi
2275 3387 2330 3442 in
2382 3383 2574 3441 eodem
2631 3381 2757 3439 cod.
2817 3388 2872 3437 et
2917 3379 2972 3436 in
3035 3387 3248 3442 nostro,
3311 3375 3527 3446 incipit,
3573 3377 3638 3427 Οἱ

2056 3477 2439 3551 λαμπρότατοι
2503 3477 2605 3547 τῆς
2675 3471 3004 3542 Ἐκκλησεας
3057 3469 3371 3538 φωστῆρες.
3422 3465 3634 3536 Scripta

2061 3583 2146 3630 est
2177 3580 2359 3629 autem
2393 3571 2447 3626 in
2482 3567 2820 3625 monasterio
2859 3563 2922 3625 S.
2964 3563 3191 3619 Joannis
3224 3561 3502 3634 Baptistae.
3534 3558 3642 3614 Ex-

2063 3675 2174 3724 stat
2203 3666 2259 3721 ln
2307 3662 2468 3721 codd.
2515 3655 2704 3730 Regiis
2750 3657 2893 3714 2955
2923 3663 2975 3712 et
3021 3653 3163 3711 2959
3193 3661 3247 3709 et
3305 3652 3361 3707 ln
3405 3662 3636 3708 nostro:

2064 3757 2182 3828 eius
2210 3771 2318 3811 non
2358 3752 2610 3809 meminit
2643 3747 2901 3804 Allatlus.

2137 3852 2260 3908 Alia
2315 3850 2381 3906 de
2433 3845 2696 3904 Transito
2752 3842 2813 3898 Β.
2871 3839 3058 3896 Marias
3102 3837 3366 3910 Virginis,
3428 3836 3522 3890 ἐπὶ
3570 3836 3637 3905 τῇ

2070 3943 2402 4015 μεταστάσει
2493 3937 2597 4008 τῆς
2675 3935 2984 4004 ὑπεραγιας
3083 3931 3392 3999 Δεσποίνης
3485 3926 3644 3996 ήμῶν

2067 4033 2357 4089 emam.
2411 4030 2603 4084 Exstat
2651 4026 2706 4080 in
2745 4024 2938 4080 eodem
2991 4020 3164 4091 Regio
3210 4018 3423 4082 codice,
3482 4024 3541 4073 et
3587 4017 3643 4071 in

377 4114 502 4176 bus,
525 4113 935 4184 Alteinpsiano,
997 4122 1051 4170 et
1104 4114 1232 4172 Ant.
1297 4115 1618 4184 Augustini.
1675 4115 1939 4172 Habentui

2067 4125 2235 4183 2959.
2283 4122 2362 4177 Ex
2393 4121 2515 4191 ejus
2563 4118 2724 4173 titulo
2753 4115 3036 4187 colligitur
3075 4112 3342 4194 scriptam
3375 4109 3548 4166 luisse
3591 4109 3642 4162 in

373 4220 604 4275 quoque
633 4207 689 4260 in
716 4207 879 4261 codd.
916 4205 1104 4278 Regiis
1126 4249 1141 4274 ,
1171 4216 1228 4263 et
1254 4208 1310 4263 in
1349 4208 1601 4266 Caesarea
1630 4209 1960 4267 bibliotheca
2072 4213 2406 4274 monasterio
2427 4207 2895 4272 Pammacarisuc,
2919 4219 3117 4274 nempe
3141 4200 3642 4271 Constantinopoli,

379 4306 440 4351 "°
476 4297 567 4361 δί’
600 4298 741 4353 inter
771 4299 994 4355 (ἶτῖεθοε
1030 4299 1331 4356 “Noricos
1357 4299 1459 4369 (¹)·
2071 4313 2267 4368 lectam
2305 4308 2361 4363 in
2392 4305 2526 4376 {esto
2562 4300 2910 4356 Dormitionia
2949 4298 2994 4352 Β
3025 4295 3243 4359 Mariae,
3269 4297 3322 4349 in
3357 4295 3536 4354 tertio,
3563 4292 3648 4348 in—

455 4391 721 4462 Apologia
750 4406 849 4462 pro
880 4393 1125 4464 quinque
1151 4393 1428 4464 capitibus
1471 4394 1694 4450 concilii
1730 4393 1929 4451 Floren

2071 4403 2206 4474 quit,
2233 4411 2414 4456 nostro
2436 4398 2505 4453 ad
2536 4395 2716 4450 urbem
2745 4393 2973 4448 violento
3001 4390 3198 4455 reditu,
3221 4387 3412 4443 indiet.
3441 4387 3530 4450 12.
3555 4401 3645 4440 an.

378 4488 484 4539 t'ni
516 4483 696 4542 serius
745 4485 976 4556 scripta,
1027 4485 1172 4541 edita
1231 4495 1314 4543 est
1346 4487 1532 4542 Romae
1579 4487 1716 4542 l577
1763 4491 1819 4544 in
1871 4488 1966 4544 fol.
1997 4508 2042 4566 Ῑ)
2075 4494 2162 4558 72,
2190 4493 2296 4550 hoc
2319 4499 2410 4548 est
2453 4503 2600 4544 anno
2629 4485 2817 4541 mundi
2845 4483 3155 4540 secundum
3212 4480 3434 4536 078008
3488 4477 3649 4540 6979.

375 4599 503 4636 (IIII)
532 4580 722 4636 eodem
751 4580 988 4636 concilio
1020 4579 1245 4646 Graece;
1278 4591 1333 4636 et
1361 4579 1576 4649 Latine,
1599 4581 1772 4638 Fabio
1794 4581 1966 4638 Bene-
2075 4588 2162 4643 cui
2199 4582 2496 4656 respondet
2527 4579 2753 4636 indictio
2795 4575 2954 4643 42.1.
2974 4577 3036 4632 C.
3061 4574 3416 4643 taceamne
3440 4573 3514 4628 ita
3549 4573 3652 4626 fal-

374 4672 624 4740 volentia
643 4673 961 4744 interprete,
988 4672 1040 4728 in
1062 4672 1119 4728 ιθ
1145 4674 1300 4740 1559,
1332 4671 1788 4731 Grece-Barbare
1809 4691 1939 4731 vers:

2075 4681 2266 4737 luntur
2289 4677 2385 4748 qui
2426 4689 2631 4730 annum
2678 4671 3148 4740 MGOsupremutn
3175 4667 3458 4724 Gennadio
3482 4665 3653 4722 fuisse

382 4785 409 4818 a
437 4766 688 4822 Matthaeo
718 4765 1107 4839 Caryopbyllo,
1139 4777 1195 4822 et
1225 4767 1521 4838 aliqumies
1547 4767 1602 4822 in
1634 4766 1963 4823 Bibliotheca
2072 4777 2221 4830 nullo
2253 4775 2611 4828 fundamento
2642 4766 2934 4822 afﬁrmant.
2969 4761 3237 4817 Videntur
3277 4769 3458 4814 autem
3489 4757 3651 4816 verba

381 4861 627 4917 Patrum.
679 4859 813 4915 Eam
869 4859 1268 4934 Caryophyllns
1325 4861 1610 4920 Gennadio
1661 4862 1963 4934 abjudicat,
2071 4870 2173 4925 ista
2204 4881 2373 4921 manu
2413 4863 2588 4934 ipsius
2617 4856 2890 4916 Gennadii
2919 4856 3152 4923 scripta.
3187 4852 3405 4921 Incipit,
3451 4851 3518 4904 Ἦ
3553 4851 3654 4920 μιν

378 4971 546 5024 quem
571 4955 769 5011 refellit
801 4955 1052 5011 Allatius.
1089 4955 1313 5011 Illorum
1351 4957 1595 5013 rationes
1627 4956 1693 5011 ad
1731 4969 1964 5011 examen
2069 4961 2164 5014 τοῦ
2195 4959 2350 5020 ἔτους
2387 4955 2556 5026 ἀργὴ,
2597 4952 2834 5007 habetur
2865 4963 3088 5018 quoque
3122 4948 3178 5001 in
3199 4953 3394 5001 nostro
3422 4943 3548 4998 cod.

387 5063 646 5104 revocare
672 5064 901 5120 prorsus
940 5049 1138 5104 inutile
1190 5049 1431 5104 videtur.
1468 5049 1602 5104 Nam
1639 5065 1764 5106 cum
1793 5065 1860 5106 ex
1901 5049 1969 5104 iis
2143 5051 2288 5111 Alia,
2343 5050 2410 5102 de
2443 5044 2670 5102 secundo
2727 5042 2971 5096 Adventu
3017 5038 3231 5094 Domini
3281 5035 3473 5098 nostri.
3519 5034 3658 5088 etde

382 5158 509 5214 quae
539 5158 568 5197 a
605 5143 767 5199 nobis
803 5142 872 5199 de
902 5141 1185 5199 Gennadio
1222 5142 1367 5197 dicta
1407 5150 1558 5206 sunt,
1588 5151 1812 5200 constet
1840 5153 1978 5198 eum
2076 5139 2484 5197 Resurrcctiane
2507 5149 2814 5202 corporum.
2837 5132 2975 5202 Περὶ
3003 5129 3105 5200 τῆς
3161 5127 3421 5194 δευτέρας
3446 5141 3656 5190 moon-

390 5237 575 5292 statim
600 5246 767 5307 atque
787 5234 1308 5306 Constantinopolin
1355 5250 1612 5292 reversus
1643 5244 1753 5300 est,
1789 5233 1939 5289 Marci

2077 5237 2198 5297 σίας
2249 5231 2346 5287 τοῦ
2379 5229 2584 5301 Κυρίου
2605 5226 2788 5298 ἡμῶν,
2811 5225 2910 5278 καὶ
2941 5222 3074 5294 περὶ
3117 5223 3217 5290 τῆς
3237 5220 3346 5273 τῶν
3389 5218 3658 5286 σωμέτων

393 5327 668 5401 Epliesino
711 5330 1149 5396 reconciliatore,
1201 5344 1426 5401 operam
1477 5344 1698 5385 omnem
1744 5330 1800 5383 in
1846 5342 1939 5397 per

2081 5326 2358 5384 ἀναστᾶσα
2373 5341 2470 5387 ως.
2492 5320 2684 5376 Exstat
2709 5318 2765 5374 in
2786 5315 2916 5373 eod.
2949 5316 3074 5372 cod.
3099 5313 3231 5380 “es.

399 5485 404 5490 ‘
467 5469 539 5542 (l)
566 5469 632 5527 ν.
668 5467 1019 5527 Lambecium
1047 5471 1084 5525 l.
1117 5475 1237 5537 vni,
1273 5484 1324 5539 p.
1365 5466 1470 5522 505
1503 5476 1692 5537 etseq.

460 5643 531 5707 (α)
577 5639 1136 5724 {autemecce
1159 5635 1812 5724 εξεενξῑὶεῐξ;ςξῗς.¹τιξ.νθξὲξε

2076 5629 2441 5684 Βοιῐιηηίσηιιο,
2473 5628 2521 5672 in
2574 5617 2802 5672 Historia
2845 5611 3242 5686 patriarcharum
3301 5605 3668 5671 Cpolitonornm

2065 5706 2179 5724 mm
2214 5694 2306 5724 ίιιη.
2367 5697 2496 5724 Ιηηηὶ
2548 5681 2791 5724 υιηρτίητὶ
2828 5691 3113 5724 monuimus
3155 5689 3203 5722 in
3229 5673 3447 5724 Josenlto
3476 5670 3664 5719 Metho-

395 5684 530 5766 αιιῖ
565 5684 1208 5770 λέἱτῖὲςξῖιαςιῖειῖἰῖὶ
1246 5684 1592 5764 premuntur,
1623 5684 1668 5761 p‘.
1701 5684 1832 5746 195‘.
1860 5697 1939 5746 nm

400 5769 562 5818 tiensi.
593 5767 728 5818 Eutr.

2065 5706 2179 5757 quae
2210 5694 2307 5756 jam
2367 5697 2496 5737 tonio
2548 5684 2792 5748 superiori
2828 5684 3113 5730 monuimus
3155 5689 3203 5722 in
3229 5684 3447 5734 Josepno
3477 5684 3632 5719 Mclnt‘
