  <div class='ocr_page' id='page_1' title='image "/cluster/home/n/w/nwhite01/storage/ocr_20150623/160/hvd.32044036446961/172.png"; bbox 0 0 3998 6464; ppageno 0'>
   <div class='ocr_carea' id='block_1_1' title="bbox 299 392 520 459">
    <p class='ocr_par' dir='ltr' id='par_1_1' title="bbox 299 392 520 459">
     <span class='ocr_line' id='line_1_1' title="bbox 299 392 520 459; baseline -0.009 0"><span class='ocrx_word' id='word_1_1' title='bbox 299 392 520 459; x_wconf 67' lang='grc'><strong><em>’289</em></strong></span> 
     </span>
    </p>
   </div>
   <div class='ocr_carea' id='block_1_2' title="bbox 1844 391 2182 453">
    <p class='ocr_par' dir='ltr' id='par_1_2' title="bbox 1844 391 2182 453">
     <span class='ocr_line' id='line_1_2' title="bbox 1844 391 2182 453; baseline 0.009 -3"><span class='ocrx_word' id='word_1_2' title='bbox 1844 391 2182 453; x_wconf 76' lang='lat' dir='ltr'><strong><em>SCBIl’TA.</em></strong></span> 
     </span>
    </p>
   </div>
   <div class='ocr_carea' id='block_1_3' title="bbox 3553 394 3660 457">
    <p class='ocr_par' dir='ltr' id='par_1_3' title="bbox 3553 394 3660 457">
     <span class='ocr_line' id='line_1_3' title="bbox 3553 394 3660 457; baseline 0.019 -2"><span class='ocrx_word' id='word_1_3' title='bbox 3553 394 3660 457; x_wconf 53' lang='lat'><strong><em>2&#39;70</em></strong></span> 
     </span>
    </p>
   </div>
   <div class='ocr_carea' id='block_1_4' title="bbox 478 500 3657 575">
    <p class='ocr_par' dir='ltr' id='par_1_4' title="bbox 478 500 3657 575">
     <span class='ocr_line' id='line_1_4' title="bbox 478 500 3657 575; baseline -0 -17"><span class='ocrx_word' id='word_1_4' title='bbox 478 503 618 569; x_wconf 79' lang='lat' dir='ltr'><strong><em>Alta,</em></strong></span> <span class='ocrx_word' id='word_1_5' title='bbox 669 501 760 555; x_wconf 71' lang='lat' dir='ltr'><strong><em>ért’t</em></strong></span> <span class='ocrx_word' id='word_1_6' title='bbox 790 504 855 573; x_wconf 77' lang='grc' dir='ltr'>τῇ</span> <span class='ocrx_word' id='word_1_7' title='bbox 912 501 1190 575; x_wconf 72' lang='grc' dir='ltr'>παραδολῇ</span> <span class='ocrx_word' id='word_1_8' title='bbox 1221 500 1314 555; x_wconf 80' lang='grc' dir='ltr'>τοῦ</span> <span class='ocrx_word' id='word_1_9' title='bbox 1371 501 1604 555; x_wconf 83' lang='grc' dir='ltr'><strong><em>τελώνου</em></strong></span> <span class='ocrx_word' id='word_1_10' title='bbox 1663 503 1755 556; x_wconf 79' lang='grc' dir='ltr'>καὶ</span> <span class='ocrx_word' id='word_1_11' title='bbox 1814 506 1979 575; x_wconf 78' lang='grc' dir='ltr'>Φαρι-</span> <span class='ocrx_word' id='word_1_12' title='bbox 2012 519 2056 574; x_wconf 70' lang='grc' dir='ltr'>Α</span> <span class='ocrx_word' id='word_1_13' title='bbox 2084 503 2191 558; x_wconf 82' lang='grc' dir='ltr'>τῶν</span> <span class='ocrx_word' id='word_1_14' title='bbox 2231 502 2549 574; x_wconf 75' lang='grc' dir='ltr'>Ἐνορειτῶν</span> <span class='ocrx_word' id='word_1_15' title='bbox 2583 504 2637 557; x_wconf 74' lang='grc' dir='ltr'><strong><em>ὲν</em></strong></span> <span class='ocrx_word' id='word_1_16' title='bbox 2669 503 2875 575; x_wconf 75' lang='grc' dir='ltr'>ἑκάστη</span> <span class='ocrx_word' id='word_1_17' title='bbox 2910 501 3196 574; x_wconf 77' lang='grc' dir='ltr'><strong><em>ἐκκλησίᾳ,</em></strong></span> <span class='ocrx_word' id='word_1_18' title='bbox 3228 503 3333 555; x_wconf 71' lang='grc' dir='ltr'>πᾶν</span> <span class='ocrx_word' id='word_1_19' title='bbox 3363 503 3657 569; x_wconf 68' lang='grc' dir='ltr'>ἀναγκαῖον</span> 
     </span>
    </p>
   </div>
   <div class='ocr_carea' id='block_1_5' title="bbox 410 596 1981 670">
    <p class='ocr_par' dir='ltr' id='par_1_5' title="bbox 410 596 1981 670">
     <span class='ocr_line' id='line_1_5' title="bbox 410 596 1981 670; baseline 0.004 -21"><span class='ocrx_word' id='word_1_20' title='bbox 410 598 585 663; x_wconf 80' lang='grc' dir='ltr'>σαίου,</span> <span class='ocrx_word' id='word_1_21' title='bbox 628 599 691 651; x_wconf 88' lang='lat' dir='ltr'><strong><em>de</em></strong></span> <span class='ocrx_word' id='word_1_22' title='bbox 736 597 996 665; x_wconf 80' lang='lat' dir='ltr'><strong><em>parabola</em></strong></span> <span class='ocrx_word' id='word_1_23' title='bbox 1059 596 1342 651; x_wconf 75' lang='lat' dir='ltr'><strong><em>Publiceni</em></strong></span> <span class='ocrx_word' id='word_1_24' title='bbox 1392 604 1441 651; x_wconf 86' lang='lat' dir='ltr'><strong><em>et</em></strong></span> <span class='ocrx_word' id='word_1_25' title='bbox 1500 596 1789 665; x_wconf 81' lang='lat' dir='ltr'><strong><em>Phariscci,</em></strong></span> <span class='ocrx_word' id='word_1_26' title='bbox 1821 600 1981 670; x_wconf 84' lang='lat' dir='ltr'><strong><em>cujus</em></strong></span> 
     </span>
    </p>
   </div>
   <div class='ocr_carea' id='block_1_6' title="bbox 408 688 1984 759">
    <p class='ocr_par' dir='ltr' id='par_1_6' title="bbox 408 688 1984 759">
     <span class='ocr_line' id='line_1_6' title="bbox 408 688 1984 759; baseline 0.001 -16"><span class='ocrx_word' id='word_1_27' title='bbox 408 690 623 745; x_wconf 88' lang='lat' dir='ltr'><strong><em>initium</em></strong></span> <span class='ocrx_word' id='word_1_28' title='bbox 654 698 758 755; x_wconf 86' lang='lat' dir='ltr'><strong><em>est,</em></strong></span> <span class='ocrx_word' id='word_1_29' title='bbox 792 690 895 742; x_wconf 88' lang='grc' dir='ltr'>Τὸν</span> <span class='ocrx_word' id='word_1_30' title='bbox 928 689 1028 758; x_wconf 81' lang='grc' dir='ltr'><strong><em>τῆς</em></strong></span> <span class='ocrx_word' id='word_1_31' title='bbox 1055 688 1466 759; x_wconf 82' lang='grc' dir='ltr'>ὑπερηφανείας</span> <span class='ocrx_word' id='word_1_32' title='bbox 1497 691 1767 759; x_wconf 83' lang='grc' dir='ltr'>κρημνόν.</span> <span class='ocrx_word' id='word_1_33' title='bbox 1794 690 1984 748; x_wconf 82' lang='lat' dir='ltr'><strong><em>Exstat</em></strong></span> 
     </span>
    </p>
   </div>
   <div class='ocr_carea' id='block_1_7' title="bbox 406 778 1984 850">
    <p class='ocr_par' dir='ltr' id='par_1_7' title="bbox 406 778 1984 850">
     <span class='ocr_line' id='line_1_7' title="bbox 406 778 1984 850; baseline 0.003 -17"><span class='ocrx_word' id='word_1_34' title='bbox 406 781 462 834; x_wconf 91' lang='lat' dir='ltr'><strong><em>in</em></strong></span> <span class='ocrx_word' id='word_1_35' title='bbox 489 779 612 834; x_wconf 90' lang='lat' dir='ltr'><strong><em>eod.</em></strong></span> <span class='ocrx_word' id='word_1_36' title='bbox 644 778 778 850; x_wconf 76' lang='lat' dir='ltr'><strong><em>Reg.</em></strong></span> <span class='ocrx_word' id='word_1_37' title='bbox 807 780 949 835; x_wconf 71' lang='lat'><strong><em>2958</em></strong></span> <span class='ocrx_word' id='word_1_38' title='bbox 996 789 1051 836; x_wconf 89' lang='lat' dir='ltr'><strong><em>et</em></strong></span> <span class='ocrx_word' id='word_1_39' title='bbox 1091 781 1148 834; x_wconf 88' lang='lat' dir='ltr'><strong><em>in</em></strong></span> <span class='ocrx_word' id='word_1_40' title='bbox 1185 786 1394 844; x_wconf 84' lang='lat' dir='ltr'><strong><em>nostro,</em></strong></span> <span class='ocrx_word' id='word_1_41' title='bbox 1443 792 1621 847; x_wconf 86' lang='lat' dir='ltr'><strong><em>neque</em></strong></span> <span class='ocrx_word' id='word_1_42' title='bbox 1664 782 1805 837; x_wconf 87' lang='lat' dir='ltr'><strong><em>banc</em></strong></span> <span class='ocrx_word' id='word_1_43' title='bbox 1847 782 1984 837; x_wconf 76' lang='lat' dir='ltr'><strong><em>vidit</em></strong></span> 
     </span>
    </p>
   </div>
   <div class='ocr_carea' id='block_1_8' title="bbox 404 871 1389 928">
    <p class='ocr_par' dir='ltr' id='par_1_8' title="bbox 404 871 1389 928">
     <span class='ocr_line' id='line_1_8' title="bbox 404 871 1389 928; baseline 0.002 -3"><span class='ocrx_word' id='word_1_44' title='bbox 404 871 661 928; x_wconf 82' lang='lat' dir='ltr'><strong><em>Allatius.</em></strong></span> <span class='ocrx_word' id='word_1_45' title='bbox 1386 894 1389 897; x_wconf 56' lang='grc' dir='ltr'><strong><em>λ</em></strong></span> 
     </span>
    </p>
   </div>
   <div class='ocr_carea' id='block_1_9' title="bbox 476 964 1982 1039">
    <p class='ocr_par' dir='ltr' id='par_1_9' title="bbox 476 964 1982 1039">
     <span class='ocr_line' id='line_1_9' title="bbox 476 964 1982 1039; baseline 0.003 -22"><span class='ocrx_word' id='word_1_46' title='bbox 476 964 617 1031; x_wconf 80' lang='lat' dir='ltr'><strong><em>Alia,</em></strong></span> <span class='ocrx_word' id='word_1_47' title='bbox 662 965 752 1018; x_wconf 70' lang='grc' dir='ltr'>ἐπὶ</span> <span class='ocrx_word' id='word_1_48' title='bbox 801 968 866 1037; x_wconf 80' lang='grc' dir='ltr'>τῇ</span> <span class='ocrx_word' id='word_1_49' title='bbox 923 967 1206 1039; x_wconf 78' lang='grc' dir='ltr'>παραϐολῇ</span> <span class='ocrx_word' id='word_1_50' title='bbox 1264 966 1357 1022; x_wconf 83' lang='grc' dir='ltr'>τοῦ</span> <span class='ocrx_word' id='word_1_51' title='bbox 1412 967 1650 1033; x_wconf 83' lang='grc' dir='ltr'><strong><em>ἀσώτου,</em></strong></span> <span class='ocrx_word' id='word_1_52' title='bbox 1710 969 1805 1022; x_wconf 79' lang='grc' dir='ltr'>καὶ</span> <span class='ocrx_word' id='word_1_53' title='bbox 1853 969 1982 1037; x_wconf 78' lang='grc' dir='ltr'>περὶ</span> 
     </span>
    </p>
   </div>
   <div class='ocr_carea' id='block_1_10' title="bbox 408 1058 1977 1130">
    <p class='ocr_par' dir='ltr' id='par_1_10' title="bbox 408 1058 1977 1130">
     <span class='ocr_line' id='line_1_10' title="bbox 408 1058 1977 1130; baseline 0.003 -22"><span class='ocrx_word' id='word_1_54' title='bbox 408 1058 717 1124; x_wconf 83' lang='grc' dir='ltr'><strong><em>μετανοίας,</em></strong></span> <span class='ocrx_word' id='word_1_55' title='bbox 762 1058 1103 1114; x_wconf 82' lang='lat' dir='ltr'><strong><em>deParabola</em></strong></span> <span class='ocrx_word' id='word_1_56' title='bbox 1152 1060 1396 1130; x_wconf 74' lang='lat' dir='ltr'><strong><em>Prodigi,</em></strong></span> <span class='ocrx_word' id='word_1_57' title='bbox 1444 1070 1493 1114; x_wconf 90' lang='lat' dir='ltr'><strong><em>et</em></strong></span> <span class='ocrx_word' id='word_1_58' title='bbox 1539 1061 1605 1115; x_wconf 91' lang='lat' dir='ltr'><strong><em>de</em></strong></span> <span class='ocrx_word' id='word_1_59' title='bbox 1635 1058 1977 1114; x_wconf 73' lang='lat' dir='ltr'><strong><em>Pwnitentia.</em></strong></span> 
     </span>
    </p>
   </div>
   <div class='ocr_carea' id='block_1_11' title="bbox 404 1146 1982 1220">
    <p class='ocr_par' dir='ltr' id='par_1_11' title="bbox 404 1146 1982 1220">
     <span class='ocr_line' id='line_1_11' title="bbox 404 1146 1982 1220; baseline 0.001 -20"><span class='ocrx_word' id='word_1_60' title='bbox 404 1146 619 1217; x_wconf 87' lang='lat' dir='ltr'><strong><em>Incipit,</em></strong></span> <span class='ocrx_word' id='word_1_61' title='bbox 659 1148 719 1201; x_wconf 75' lang='grc' dir='ltr'>Ὀ</span> <span class='ocrx_word' id='word_1_62' title='bbox 755 1149 863 1203; x_wconf 85' lang='grc' dir='ltr'><strong><em>τῶν</em></strong></span> <span class='ocrx_word' id='word_1_63' title='bbox 885 1150 1196 1219; x_wconf 77' lang='grc' dir='ltr'><strong><em>Φαρισαίων</em></strong></span> <span class='ocrx_word' id='word_1_64' title='bbox 1231 1151 1328 1203; x_wconf 71' lang='grc' dir='ltr'>καὶ</span> <span class='ocrx_word' id='word_1_65' title='bbox 1372 1149 1747 1220; x_wconf 82' lang='grc' dir='ltr'>Γραμματέων</span> <span class='ocrx_word' id='word_1_66' title='bbox 1777 1166 1982 1219; x_wconf 88' lang='grc' dir='ltr'>γογγυ-</span> 
     </span>
    </p>
   </div>
   <div class='ocr_carea' id='block_1_12' title="bbox 407 1238 1981 1313">
    <p class='ocr_par' dir='ltr' id='par_1_12' title="bbox 407 1238 1981 1313">
     <span class='ocr_line' id='line_1_12' title="bbox 407 1238 1981 1313; baseline 0.005 -25"><span class='ocrx_word' id='word_1_67' title='bbox 407 1238 561 1303; x_wconf 36' lang='lat' dir='ltr'><strong><em>apag.</em></strong></span> <span class='ocrx_word' id='word_1_68' title='bbox 588 1238 649 1293; x_wconf 89' lang='lat' dir='ltr'><strong><em>ln</em></strong></span> <span class='ocrx_word' id='word_1_69' title='bbox 677 1241 864 1295; x_wconf 88' lang='lat' dir='ltr'><strong><em>eodem</em></strong></span> <span class='ocrx_word' id='word_1_70' title='bbox 900 1242 1023 1297; x_wconf 89' lang='lat' dir='ltr'><strong><em>cod.</em></strong></span> <span class='ocrx_word' id='word_1_71' title='bbox 1049 1241 1184 1313; x_wconf 75' lang='lat' dir='ltr'><strong><em>Reg.</em></strong></span> <span class='ocrx_word' id='word_1_72' title='bbox 1233 1254 1287 1296; x_wconf 89' lang='lat' dir='ltr'><strong><em>et</em></strong></span> <span class='ocrx_word' id='word_1_73' title='bbox 1321 1250 1508 1296; x_wconf 71' lang='lat' dir='ltr'><strong><em>nostro</em></strong></span> <span class='ocrx_word' id='word_1_74' title='bbox 1545 1254 1559 1294; x_wconf 90' lang='lat'><strong>:</strong></span> <span class='ocrx_word' id='word_1_75' title='bbox 1592 1256 1701 1296; x_wconf 89' lang='lat' dir='ltr'><strong><em>non</em></strong></span> <span class='ocrx_word' id='word_1_76' title='bbox 1734 1241 1981 1296; x_wconf 89' lang='lat' dir='ltr'><strong><em>meminit</em></strong></span> 
     </span>
    </p>
   </div>
   <div class='ocr_carea' id='block_1_13' title="bbox 400 1328 655 1387">
    <p class='ocr_par' dir='ltr' id='par_1_13' title="bbox 400 1328 655 1387">
     <span class='ocr_line' id='line_1_13' title="bbox 400 1328 655 1387; baseline 0.016 -4"><span class='ocrx_word' id='word_1_77' title='bbox 400 1328 655 1387; x_wconf 81' lang='lat' dir='ltr'><strong><em>Allatius.</em></strong></span> 
     </span>
    </p>
   </div>
   <div class='ocr_carea' id='block_1_14' title="bbox 471 1418 1977 1495">
    <p class='ocr_par' dir='ltr' id='par_1_14' title="bbox 471 1418 1977 1495">
     <span class='ocr_line' id='line_1_14' title="bbox 471 1418 1977 1495; baseline 0.003 -22"><span class='ocrx_word' id='word_1_78' title='bbox 471 1423 587 1475; x_wconf 81' lang='lat' dir='ltr'><strong><em>Alia</em></strong></span> <span class='ocrx_word' id='word_1_79' title='bbox 619 1423 723 1479; x_wconf 85' lang='lat' dir='ltr'><strong><em>hoc</em></strong></span> <span class='ocrx_word' id='word_1_80' title='bbox 761 1424 944 1491; x_wconf 88' lang='lat' dir='ltr'><strong><em>titulo,</em></strong></span> <span class='ocrx_word' id='word_1_81' title='bbox 978 1422 1087 1478; x_wconf 82' lang='grc' dir='ltr'>Τοῦ</span> <span class='ocrx_word' id='word_1_82' title='bbox 1122 1418 1547 1495; x_wconf 81' lang='grc' dir='ltr'>μακαριωτάτου</span> <span class='ocrx_word' id='word_1_83' title='bbox 1608 1425 1703 1478; x_wconf 62' lang='grc' dir='ltr'><strong><em>και⁵</em></strong></span> <span class='ocrx_word' id='word_1_84' title='bbox 1732 1424 1977 1495; x_wconf 75' lang='grc' dir='ltr'><strong><em>ἀοιδίμου</em></strong></span> 
     </span>
    </p>
   </div>
   <div class='ocr_carea' id='block_1_15' title="bbox 400 1516 1975 1589">
    <p class='ocr_par' dir='ltr' id='par_1_15' title="bbox 400 1516 1975 1589">
     <span class='ocr_line' id='line_1_15' title="bbox 400 1516 1975 1589; baseline 0.004 -25"><span class='ocrx_word' id='word_1_85' title='bbox 400 1516 740 1587; x_wconf 70' lang='grc' dir='ltr'><strong><em>πατριάρχου</em></strong></span> <span class='ocrx_word' id='word_1_86' title='bbox 800 1519 993 1589; x_wconf 80' lang='grc' dir='ltr'>κυρίου</span> <span class='ocrx_word' id='word_1_87' title='bbox 1042 1518 1332 1572; x_wconf 85' lang='grc' dir='ltr'>Γενναδίου</span> <span class='ocrx_word' id='word_1_88' title='bbox 1382 1517 1568 1588; x_wconf 82' lang='grc' dir='ltr'><strong>ὁμιλία</strong></span> <span class='ocrx_word' id='word_1_89' title='bbox 1630 1516 1857 1588; x_wconf 80' lang='grc' dir='ltr'>ρηθείσα</span> <span class='ocrx_word' id='word_1_90' title='bbox 1910 1520 1975 1589; x_wconf 81' lang='grc' dir='ltr'><strong><em>τῇ</em></strong></span> 
     </span>
    </p>
   </div>
   <div class='ocr_carea' id='block_1_16' title="bbox 396 1607 1977 1683">
    <p class='ocr_par' dir='ltr' id='par_1_16' title="bbox 396 1607 1977 1683">
     <span class='ocr_line' id='line_1_16' title="bbox 396 1607 1977 1683; baseline 0.002 -23"><span class='ocrx_word' id='word_1_91' title='bbox 396 1607 529 1678; x_wconf 81' lang='grc' dir='ltr'>ἁγίᾳ</span> <span class='ocrx_word' id='word_1_92' title='bbox 560 1612 653 1663; x_wconf 83' lang='grc' dir='ltr'>καὶ</span> <span class='ocrx_word' id='word_1_93' title='bbox 702 1611 912 1683; x_wconf 79' lang='grc' dir='ltr'><strong><em>μεγάλῃ</em></strong></span> <span class='ocrx_word' id='word_1_94' title='bbox 962 1613 1292 1681; x_wconf 80' lang='grc' dir='ltr'>Παρασκευῇ</span> <span class='ocrx_word' id='word_1_95' title='bbox 1342 1612 1400 1664; x_wconf 85' lang='grc' dir='ltr'><strong><em>ὲν</em></strong></span> <span class='ocrx_word' id='word_1_96' title='bbox 1452 1610 1530 1680; x_wconf 79' lang='grc' dir='ltr'>τῷ</span> <span class='ocrx_word' id='word_1_97' title='bbox 1581 1610 1854 1681; x_wconf 82' lang='grc' dir='ltr'>παλατίῳ,</span> <span class='ocrx_word' id='word_1_98' title='bbox 1897 1610 1977 1663; x_wconf 77' lang='grc' dir='ltr'>ἔτι</span> 
     </span>
    </p>
   </div>
   <div class='ocr_carea' id='block_1_17' title="bbox 395 1702 1978 1775">
    <p class='ocr_par' dir='ltr' id='par_1_17' title="bbox 395 1702 1978 1775">
     <span class='ocr_line' id='line_1_17' title="bbox 395 1702 1978 1775; baseline 0.003 -23"><span class='ocrx_word' id='word_1_99' title='bbox 395 1703 454 1753; x_wconf 82' lang='grc' dir='ltr'><strong><em>ἐν</em></strong></span> <span class='ocrx_word' id='word_1_100' title='bbox 487 1702 565 1771; x_wconf 82' lang='grc' dir='ltr'>τῷ</span> <span class='ocrx_word' id='word_1_101' title='bbox 598 1705 707 1758; x_wconf 83' lang='grc' dir='ltr'><strong><em>τῶν</em></strong></span> <span class='ocrx_word' id='word_1_102' title='bbox 766 1706 1053 1774; x_wconf 80' lang='grc' dir='ltr'>κοσμικῶν</span> <span class='ocrx_word' id='word_1_103' title='bbox 1112 1707 1357 1775; x_wconf 86' lang='grc' dir='ltr'>σχήματι</span> <span class='ocrx_word' id='word_1_104' title='bbox 1417 1705 1803 1774; x_wconf 80' lang='grc' dir='ltr'><strong><em>τυγχάνοντος.</em></strong></span> <span class='ocrx_word' id='word_1_105' title='bbox 1839 1703 1978 1757; x_wconf 83' lang='lat' dir='ltr'><strong><em>Bea-</em></strong></span> 
     </span>
    </p>
   </div>
   <div class='ocr_carea' id='block_1_18' title="bbox 396 1794 1973 1869">
    <p class='ocr_par' dir='ltr' id='par_1_18' title="bbox 396 1794 1973 1869">
     <span class='ocr_line' id='line_1_18' title="bbox 396 1794 1973 1869; baseline 0.002 -24"><span class='ocrx_word' id='word_1_106' title='bbox 396 1794 589 1848; x_wconf 84' lang='lat' dir='ltr'><strong><em>tissimi</em></strong></span> <span class='ocrx_word' id='word_1_107' title='bbox 644 1809 691 1850; x_wconf 89' lang='lat' dir='ltr'><strong><em>et</em></strong></span> <span class='ocrx_word' id='word_1_108' title='bbox 743 1799 1028 1854; x_wconf 81' lang='lat' dir='ltr'><strong><em>venerandi</em></strong></span> <span class='ocrx_word' id='word_1_109' title='bbox 1087 1797 1405 1869; x_wconf 80' lang='lat' dir='ltr'><strong><em>patriarcha:</em></strong></span> <span class='ocrx_word' id='word_1_110' title='bbox 1453 1796 1654 1850; x_wconf 86' lang='lat' dir='ltr'><strong><em>domini</em></strong></span> <span class='ocrx_word' id='word_1_111' title='bbox 1713 1794 1973 1850; x_wconf 83' lang='lat' dir='ltr'><strong><em>Geunadii</em></strong></span> 
     </span>
    </p>
   </div>
   <div class='ocr_carea' id='block_1_19' title="bbox 2087 595 3658 675">
    <p class='ocr_par' dir='ltr' id='par_1_19' title="bbox 2087 595 3658 675">
     <span class='ocr_line' id='line_1_19' title="bbox 2087 595 3658 675; baseline -0.001 -25"><span class='ocrx_word' id='word_1_112' title='bbox 2087 597 2273 666; x_wconf 77' lang='grc' dir='ltr'>σχεδὸν</span> <span class='ocrx_word' id='word_1_113' title='bbox 2310 596 2686 668; x_wconf 81' lang='grc' dir='ltr'><strong><em>περιέχουσαι.</em></strong></span> <span class='ocrx_word' id='word_1_114' title='bbox 2720 595 2877 675; x_wconf 66' lang='grc' dir='ltr'><strong><em>Ιίιξιη¹</em></strong></span> <span class='ocrx_word' id='word_1_115' title='bbox 2918 596 3165 651; x_wconf 78' lang='lat' dir='ltr'><strong><em>Humilia:</em></strong></span> <span class='ocrx_word' id='word_1_116' title='bbox 3218 595 3539 662; x_wconf 67' lang='lat' dir='ltr'><strong><em>compositor.</em></strong></span> <span class='ocrx_word' id='word_1_117' title='bbox 3600 608 3658 648; x_wconf 85' lang='lat' dir='ltr'><strong><em>ut</em></strong></span> 
     </span>
    </p>
   </div>
   <div class='ocr_carea' id='block_1_20' title="bbox 2083 688 3656 758">
    <p class='ocr_par' dir='ltr' id='par_1_20' title="bbox 2083 688 3656 758">
     <span class='ocr_line' id='line_1_20' title="bbox 2083 688 3656 758; baseline -0.001 -15"><span class='ocrx_word' id='word_1_118' title='bbox 2083 698 2199 757; x_wconf 86' lang='lat' dir='ltr'><strong><em>post</em></strong></span> <span class='ocrx_word' id='word_1_119' title='bbox 2227 706 2317 744; x_wconf 87' lang='lat' dir='ltr'><strong><em>eas</em></strong></span> <span class='ocrx_word' id='word_1_120' title='bbox 2353 706 2470 757; x_wconf 82' lang='lat' dir='ltr'><strong><em>qua:</em></strong></span> <span class='ocrx_word' id='word_1_121' title='bbox 2510 690 2623 744; x_wconf 80' lang='lat' dir='ltr'><strong><em>viva</em></strong></span> <span class='ocrx_word' id='word_1_122' title='bbox 2656 706 2777 744; x_wconf 72' lang='lat' dir='ltr'><strong><em>voce</em></strong></span> <span class='ocrx_word' id='word_1_123' title='bbox 2800 688 3210 758; x_wconf 77' lang='lat' dir='ltr'><strong><em>pronuntianda:</em></strong></span> <span class='ocrx_word' id='word_1_124' title='bbox 3233 699 3354 743; x_wconf 86' lang='lat' dir='ltr'><strong><em>sunt</em></strong></span> <span class='ocrx_word' id='word_1_125' title='bbox 3390 690 3656 743; x_wconf 79' lang='lat' dir='ltr'><strong><em>Homilies</em></strong></span> 
     </span>
    </p>
   </div>
   <div class='ocr_carea' id='block_1_21' title="bbox 2083 778 3653 851">
    <p class='ocr_par' dir='ltr' id='par_1_21' title="bbox 2083 778 3653 851">
     <span class='ocr_line' id='line_1_21' title="bbox 2083 778 3653 851; baseline 0.001 -19"><span class='ocrx_word' id='word_1_126' title='bbox 2083 781 2137 832; x_wconf 89' lang='lat' dir='ltr'><strong><em>in</em></strong></span> <span class='ocrx_word' id='word_1_127' title='bbox 2168 778 2419 833; x_wconf 86' lang='lat' dir='ltr'><strong><em>Eeclesiis</em></strong></span> <span class='ocrx_word' id='word_1_128' title='bbox 2448 780 2640 849; x_wconf 83' lang='lat' dir='ltr'><strong><em>populo</em></strong></span> <span class='ocrx_word' id='word_1_129' title='bbox 2663 780 3077 851; x_wconf 63' lang='lat' dir='ltr'><strong><em>pra’legereutur</em></strong></span> <span class='ocrx_word' id='word_1_130' title='bbox 3098 796 3189 850; x_wconf 89' lang='lat' dir='ltr'><strong><em>per</em></strong></span> <span class='ocrx_word' id='word_1_131' title='bbox 3212 781 3448 850; x_wconf 84' lang='lat' dir='ltr'><strong><em>singulas</em></strong></span> <span class='ocrx_word' id='word_1_132' title='bbox 3479 782 3653 833; x_wconf 83' lang='lat' dir='ltr'><strong><em>Domi-</em></strong></span> 
     </span>
    </p>
   </div>
   <div class='ocr_carea' id='block_1_22' title="bbox 2083 872 3656 943">
    <p class='ocr_par' dir='ltr' id='par_1_22' title="bbox 2083 872 3656 943">
     <span class='ocr_line' id='line_1_22' title="bbox 2083 872 3656 943; baseline 0.001 -19"><span class='ocrx_word' id='word_1_133' title='bbox 2083 872 2233 926; x_wconf 86' lang='lat' dir='ltr'><strong><em>nicas</em></strong></span> <span class='ocrx_word' id='word_1_134' title='bbox 2264 874 2546 927; x_wconf 75' lang='lat' dir='ltr'><strong><em>successive</em></strong></span> <span class='ocrx_word' id='word_1_135' title='bbox 2565 883 2680 942; x_wconf 88' lang='lat' dir='ltr'><strong><em>post</em></strong></span> <span class='ocrx_word' id='word_1_136' title='bbox 2705 874 3010 941; x_wconf 80' lang='lat' dir='ltr'><strong><em>prandium,</em></strong></span> <span class='ocrx_word' id='word_1_137' title='bbox 3042 875 3367 943; x_wconf 76' lang='lat' dir='ltr'><strong><em>congregatis</em></strong></span> <span class='ocrx_word' id='word_1_138' title='bbox 3399 874 3656 938; x_wconf 20' lang='lat' dir='ltr'><strong><em>Enteritis,</em></strong></span> 
     </span>
    </p>
   </div>
   <div class='ocr_carea' id='block_1_23' title="bbox 2082 964 3657 1037">
    <p class='ocr_par' dir='ltr' id='par_1_23' title="bbox 2082 964 3657 1037">
     <span class='ocr_line' id='line_1_23' title="bbox 2082 964 3657 1037; baseline 0.001 -20"><span class='ocrx_word' id='word_1_139' title='bbox 2082 964 2188 1017; x_wconf 71' lang='lat' dir='ltr'><strong><em>sive</em></strong></span> <span class='ocrx_word' id='word_1_140' title='bbox 2218 965 2410 1017; x_wconf 88' lang='lat' dir='ltr'><strong><em>montis</em></strong></span> <span class='ocrx_word' id='word_1_141' title='bbox 2433 964 2629 1019; x_wconf 89' lang='lat' dir='ltr'><strong><em>accolis</em></strong></span> <span class='ocrx_word' id='word_1_142' title='bbox 2657 966 2709 1021; x_wconf 88' lang='lat' dir='ltr'><strong><em>in</em></strong></span> <span class='ocrx_word' id='word_1_143' title='bbox 2747 982 3065 1035; x_wconf 83' lang='lat' dir='ltr'><strong><em>unaquaque</em></strong></span> <span class='ocrx_word' id='word_1_144' title='bbox 3110 965 3353 1029; x_wconf 73' lang='lat' dir='ltr'><strong><em>ecclesia,</em></strong></span> <span class='ocrx_word' id='word_1_145' title='bbox 3401 966 3657 1037; x_wconf 77' lang='lat' dir='ltr'><strong><em>quidquid</em></strong></span> 
     </span>
    </p>
   </div>
   <div class='ocr_carea' id='block_1_24' title="bbox 2083 1054 3065 1123">
    <p class='ocr_par' dir='ltr' id='par_1_24' title="bbox 2083 1054 3065 1123">
     <span class='ocr_line' id='line_1_24' title="bbox 2083 1054 3065 1123; baseline 0.006 -16"><span class='ocrx_word' id='word_1_146' title='bbox 2083 1054 2192 1123; x_wconf 77' lang='lat' dir='ltr'><strong><em>fere</em></strong></span> <span class='ocrx_word' id='word_1_147' title='bbox 2220 1058 2573 1109; x_wconf 83' lang='lat' dir='ltr'><strong><em>necessarium</em></strong></span> <span class='ocrx_word' id='word_1_148' title='bbox 2601 1067 2680 1111; x_wconf 84' lang='lat' dir='ltr'><strong><em>est</em></strong></span> <span class='ocrx_word' id='word_1_149' title='bbox 2719 1059 3065 1113; x_wconf 70' lang='lat' dir='ltr'><strong><em>continentes.</em></strong></span> 
     </span>
    </p>
   </div>
   <div class='ocr_carea' id='block_1_25' title="bbox 2155 1145 3657 1221">
    <p class='ocr_par' dir='ltr' id='par_1_25' title="bbox 2155 1145 3657 1221">
     <span class='ocr_line' id='line_1_25' title="bbox 2155 1145 3657 1221; baseline 0.005 -22"><span class='ocrx_word' id='word_1_150' title='bbox 2155 1145 2405 1203; x_wconf 75' lang='lat' dir='ltr'><strong><em>Hoiniliis</em></strong></span> <span class='ocrx_word' id='word_1_151' title='bbox 2450 1149 2672 1221; x_wconf 80' lang='lat' dir='ltr'><strong><em>adjuugi</em></strong></span> <span class='ocrx_word' id='word_1_152' title='bbox 2706 1161 2961 1220; x_wconf 88' lang='lat' dir='ltr'><strong><em>possunt,</em></strong></span> <span class='ocrx_word' id='word_1_153' title='bbox 2985 1149 3175 1212; x_wconf 78' lang='lat' dir='ltr'><strong><em>Oratio</em></strong></span> <span class='ocrx_word' id='word_1_154' title='bbox 3195 1160 3379 1206; x_wconf 88' lang='lat' dir='ltr'><strong><em>contra</em></strong></span> <span class='ocrx_word' id='word_1_155' title='bbox 3397 1155 3657 1207; x_wconf 86' lang='lat' dir='ltr'><strong><em>simonia-</em></strong></span> 
     </span>
    </p>
   </div>
   <div class='ocr_carea' id='block_1_26' title="bbox 2082 1241 3657 1321">
    <p class='ocr_par' dir='ltr' id='par_1_26' title="bbox 2082 1241 3657 1321">
     <span class='ocr_line' id='line_1_26' title="bbox 2082 1241 3657 1321; baseline 0.004 -28"><span class='ocrx_word' id='word_1_156' title='bbox 2082 1256 2195 1293; x_wconf 85' lang='lat' dir='ltr'><strong><em>cam</em></strong></span> <span class='ocrx_word' id='word_1_157' title='bbox 2231 1241 2493 1308; x_wconf 77' lang='lat' dir='ltr'><strong><em>Ita&#39;resim,</em></strong></span> <span class='ocrx_word' id='word_1_158' title='bbox 2522 1247 2726 1313; x_wconf 87' lang='lat' dir='ltr'><strong><em>scripta</em></strong></span> <span class='ocrx_word' id='word_1_159' title='bbox 2761 1244 3131 1321; x_wconf 71' lang='lat' dir='ltr'><strong><em>biennioante</em></strong></span> <span class='ocrx_word' id='word_1_160' title='bbox 3193 1253 3407 1315; x_wconf 86' lang='lat' dir='ltr'><strong><em>captam</em></strong></span> <span class='ocrx_word' id='word_1_161' title='bbox 3467 1250 3657 1300; x_wconf 80' lang='lat' dir='ltr'><strong><em>urbem</em></strong></span> 
     </span>
    </p>
   </div>
   <div class='ocr_carea' id='block_1_27' title="bbox 2081 1331 3657 1408">
    <p class='ocr_par' dir='ltr' id='par_1_27' title="bbox 2081 1331 3657 1408">
     <span class='ocr_line' id='line_1_27' title="bbox 2081 1331 3657 1408; baseline 0.003 -20"><span class='ocrx_word' id='word_1_162' title='bbox 2081 1350 2146 1389; x_wconf 89' lang='lat' dir='ltr'><strong><em>ac</em></strong></span> <span class='ocrx_word' id='word_1_163' title='bbox 2178 1334 2605 1391; x_wconf 84' lang='lat' dir='ltr'><strong><em>Constantinum</em></strong></span> <span class='ocrx_word' id='word_1_164' title='bbox 2634 1337 2765 1406; x_wconf 89' lang='lat' dir='ltr'><strong><em>imp.</em></strong></span> <span class='ocrx_word' id='word_1_165' title='bbox 2798 1338 2956 1390; x_wconf 78' lang='grc' dir='ltr'>Κατὰ</span> <span class='ocrx_word' id='word_1_166' title='bbox 2991 1336 3094 1405; x_wconf 84' lang='grc' dir='ltr'><strong><em>τῆς</em></strong></span> <span class='ocrx_word' id='word_1_167' title='bbox 3134 1340 3461 1407; x_wconf 79' lang='grc' dir='ltr'>σιμονιακῆς</span> <span class='ocrx_word' id='word_1_168' title='bbox 3499 1331 3657 1408; x_wconf 68' lang='grc' dir='ltr'>αἱρέ-</span> 
     </span>
    </p>
   </div>
   <div class='ocr_carea' id='block_1_28' title="bbox 2084 1426 3659 1499">
    <p class='ocr_par' dir='ltr' id='par_1_28' title="bbox 2084 1426 3659 1499">
     <span class='ocr_line' id='line_1_28' title="bbox 2084 1426 3659 1499; baseline 0.005 -24"><span class='ocrx_word' id='word_1_169' title='bbox 2084 1441 2222 1487; x_wconf 84' lang='grc' dir='ltr'>σεως</span> <span class='ocrx_word' id='word_1_170' title='bbox 2250 1426 2281 1495; x_wconf 76' lang='grc' dir='ltr'>ἢ</span> <span class='ocrx_word' id='word_1_171' title='bbox 2315 1426 2595 1490; x_wconf 80' lang='grc' dir='ltr'>ἀπιστίας,</span> <span class='ocrx_word' id='word_1_172' title='bbox 2630 1427 2840 1480; x_wconf 88' lang='lat' dir='ltr'><strong><em>initium</em></strong></span> <span class='ocrx_word' id='word_1_173' title='bbox 2866 1443 2879 1479; x_wconf 90' lang='lat'><strong>:</strong></span> <span class='ocrx_word' id='word_1_174' title='bbox 2907 1426 2987 1479; x_wconf 83' lang='grc' dir='ltr'><strong><em>Τὰ</em></strong></span> <span class='ocrx_word' id='word_1_175' title='bbox 3008 1427 3066 1491; x_wconf 80' lang='grc' dir='ltr'><strong><em>ἐξ</em></strong></span> <span class='ocrx_word' id='word_1_176' title='bbox 3097 1426 3271 1480; x_wconf 79' lang='grc' dir='ltr'>ἀθέων</span> <span class='ocrx_word' id='word_1_177' title='bbox 3301 1427 3503 1481; x_wconf 82' lang='grc' dir='ltr'>τούτων</span> <span class='ocrx_word' id='word_1_178' title='bbox 3525 1430 3659 1499; x_wconf 66' lang='grc' dir='ltr'>βαρι·</span> 
     </span>
    </p>
   </div>
   <div class='ocr_carea' id='block_1_29' title="bbox 2082 1515 3186 1588">
    <p class='ocr_par' dir='ltr' id='par_1_29' title="bbox 2082 1515 3186 1588">
     <span class='ocr_line' id='line_1_29' title="bbox 2082 1515 3186 1588; baseline 0.006 -21"><span class='ocrx_word' id='word_1_179' title='bbox 2082 1515 2285 1584; x_wconf 77' lang='grc' dir='ltr'><strong><em>ὀάρων,</em></strong></span> <span class='ocrx_word' id='word_1_180' title='bbox 2325 1519 2376 1570; x_wconf 90' lang='lat' dir='ltr'><strong><em>iu</em></strong></span> <span class='ocrx_word' id='word_1_181' title='bbox 2402 1518 2521 1571; x_wconf 89' lang='lat' dir='ltr'><strong><em>cod.</em></strong></span> <span class='ocrx_word' id='word_1_182' title='bbox 2556 1517 2687 1588; x_wconf 69' lang='lat' dir='ltr'><strong><em>Reg.</em></strong></span> <span class='ocrx_word' id='word_1_183' title='bbox 2715 1518 2857 1574; x_wconf 67' lang='lat'><strong><em>2955</em></strong></span> <span class='ocrx_word' id='word_1_184' title='bbox 2892 1527 2944 1574; x_wconf 86' lang='lat' dir='ltr'><strong><em>et</em></strong></span> <span class='ocrx_word' id='word_1_185' title='bbox 2976 1528 3186 1574; x_wconf 86' lang='lat' dir='ltr'><strong><em>nostro.</em></strong></span> 
     </span>
    </p>
   </div>
   <div class='ocr_carea' id='block_1_30' title="bbox 2152 1608 3659 1680">
    <p class='ocr_par' dir='ltr' id='par_1_30' title="bbox 2152 1608 3659 1680">
     <span class='ocr_line' id='line_1_30' title="bbox 2152 1608 3659 1680; baseline 0.001 -19"><span class='ocrx_word' id='word_1_186' title='bbox 2152 1610 2287 1678; x_wconf 74' lang='grc' dir='ltr'>Περὶ</span> <span class='ocrx_word' id='word_1_187' title='bbox 2310 1608 2575 1680; x_wconf 78' lang='grc' dir='ltr'>διαφορᾶς</span> <span class='ocrx_word' id='word_1_188' title='bbox 2612 1611 2723 1663; x_wconf 84' lang='grc' dir='ltr'><strong><em>τῶν</em></strong></span> <span class='ocrx_word' id='word_1_189' title='bbox 2784 1614 3152 1679; x_wconf 84' lang='grc' dir='ltr'>συγγνωστῶν</span> <span class='ocrx_word' id='word_1_190' title='bbox 3198 1612 3295 1666; x_wconf 81' lang='grc' dir='ltr'>καὶ</span> <span class='ocrx_word' id='word_1_191' title='bbox 3341 1611 3659 1680; x_wconf 80' lang='grc' dir='ltr'>θανασίμων</span> 
     </span>
    </p>
   </div>
   <div class='ocr_carea' id='block_1_31' title="bbox 2081 1700 3655 1773">
    <p class='ocr_par' dir='ltr' id='par_1_31' title="bbox 2081 1700 3655 1773">
     <span class='ocr_line' id='line_1_31' title="bbox 2081 1700 3655 1773; baseline 0.003 -20"><span class='ocrx_word' id='word_1_192' title='bbox 2081 1700 2516 1772; x_wconf 78' lang='grc' dir='ltr'><strong><em>ἁμαρτημάτων,</em></strong></span> <span class='ocrx_word' id='word_1_193' title='bbox 2540 1700 2619 1756; x_wconf 86' lang='lat' dir='ltr'><strong><em>De</em></strong></span> <span class='ocrx_word' id='word_1_194' title='bbox 2657 1703 2960 1773; x_wconf 69' lang='lat' dir='ltr'><strong><em>cli/ferentia</em></strong></span> <span class='ocrx_word' id='word_1_195' title='bbox 3013 1714 3348 1772; x_wconf 87' lang='lat' dir='ltr'><strong><em>peccatorum</em></strong></span> <span class='ocrx_word' id='word_1_196' title='bbox 3369 1707 3655 1757; x_wconf 81' lang='lat' dir='ltr'><strong><em>venialium</em></strong></span> 
     </span>
    </p>
   </div>
   <div class='ocr_carea' id='block_1_32' title="bbox 2078 1791 3654 1867">
    <p class='ocr_par' dir='ltr' id='par_1_32' title="bbox 2078 1791 3654 1867">
     <span class='ocr_line' id='line_1_32' title="bbox 2078 1791 3654 1867; baseline 0.004 -23"><span class='ocrx_word' id='word_1_197' title='bbox 2078 1802 2127 1844; x_wconf 89' lang='lat' dir='ltr'><strong><em>et</em></strong></span> <span class='ocrx_word' id='word_1_198' title='bbox 2147 1791 2474 1848; x_wconf 84' lang='lat' dir='ltr'><strong><em>mortalium.</em></strong></span> <span class='ocrx_word' id='word_1_199' title='bbox 2511 1794 2621 1848; x_wconf 87' lang='lat' dir='ltr'><strong><em>lue.</em></strong></span> <span class='ocrx_word' id='word_1_200' title='bbox 2659 1795 2718 1847; x_wconf 90' lang='lat'><strong><em>&#39;0</em></strong></span> <span class='ocrx_word' id='word_1_201' title='bbox 2747 1794 2846 1865; x_wconf 77' lang='grc' dir='ltr'><strong><em>μὲν</em></strong></span> <span class='ocrx_word' id='word_1_202' title='bbox 2880 1796 3299 1867; x_wconf 76' lang='grc' dir='ltr'>ἀκριϐέστερος,</span> <span class='ocrx_word' id='word_1_203' title='bbox 3349 1798 3409 1851; x_wconf 81' lang='lat' dir='ltr'><strong><em>iu</em></strong></span> <span class='ocrx_word' id='word_1_204' title='bbox 3461 1800 3654 1853; x_wconf 78' lang='lat' dir='ltr'><strong><em>eodem</em></strong></span> 
     </span>
    </p>
   </div>
   <div class='ocr_carea' id='block_1_33' title="bbox 397 1880 2565 1959">
    <p class='ocr_par' dir='ltr' id='par_1_33' title="bbox 397 1880 2565 1959">
     <span class='ocr_line' id='line_1_33' title="bbox 397 1880 2565 1959; baseline 0.007 -23"><span class='ocrx_word' id='word_1_205' title='bbox 397 1883 643 1941; x_wconf 83' lang='lat' dir='ltr'><strong><em>Homilia</em></strong></span> <span class='ocrx_word' id='word_1_206' title='bbox 672 1890 817 1943; x_wconf 87' lang='lat' dir='ltr'><strong><em>dicta</em></strong></span> <span class='ocrx_word' id='word_1_207' title='bbox 853 1891 908 1944; x_wconf 88' lang='lat' dir='ltr'><strong><em>in</em></strong></span> <span class='ocrx_word' id='word_1_208' title='bbox 939 1899 1126 1945; x_wconf 84' lang='lat' dir='ltr'><strong><em>sancta</em></strong></span> <span class='ocrx_word' id='word_1_209' title='bbox 1161 1900 1209 1944; x_wconf 87' lang='lat' dir='ltr'><strong><em>et</em></strong></span> <span class='ocrx_word' id='word_1_210' title='bbox 1253 1906 1443 1959; x_wconf 87' lang='lat' dir='ltr'><strong><em>magna</em></strong></span> <span class='ocrx_word' id='word_1_211' title='bbox 1476 1886 1759 1942; x_wconf 80' lang='lat' dir='ltr'><strong><em>l’aresccve</em></strong></span> <span class='ocrx_word' id='word_1_212' title='bbox 1793 1889 1845 1941; x_wconf 85' lang='lat' dir='ltr'><strong><em>in</em></strong></span> <span class='ocrx_word' id='word_1_213' title='bbox 1871 1904 1965 1957; x_wconf 79' lang='grc' dir='ltr'><strong><em>ρα-</em></strong></span> <span class='ocrx_word' id='word_1_214' title='bbox 1998 1883 2046 1945; x_wconf 83' lang='grc' dir='ltr'><strong>Β</strong></span> <span class='ocrx_word' id='word_1_215' title='bbox 2078 1880 2206 1949; x_wconf 66' lang='lat'><strong><em>“08-</em></strong></span> <span class='ocrx_word' id='word_1_216' title='bbox 2244 1883 2431 1938; x_wconf 70' lang='lat' dir='ltr'><strong><em>COdice</em></strong></span> <span class='ocrx_word' id='word_1_217' title='bbox 2464 1884 2565 1955; x_wconf 69' lang='grc' dir='ltr'><strong><em>(ί).</em></strong></span> 
     </span>
    </p>
   </div>
   <div class='ocr_carea' id='block_1_34' title="bbox 397 1980 1973 2039">
    <p class='ocr_par' dir='ltr' id='par_1_34' title="bbox 397 1980 1973 2039">
     <span class='ocr_line' id='line_1_34' title="bbox 397 1980 1973 2039; baseline 0.003 -8"><span class='ocrx_word' id='word_1_218' title='bbox 397 1980 550 2039; x_wconf 87' lang='lat' dir='ltr'><strong><em>latio.</em></strong></span> <span class='ocrx_word' id='word_1_219' title='bbox 611 1997 729 2034; x_wconf 82' lang='lat' dir='ltr'><strong><em>eum</em></strong></span> <span class='ocrx_word' id='word_1_220' title='bbox 794 1983 966 2037; x_wconf 82' lang='lat' dir='ltr'><strong><em>adhuc</em></strong></span> <span class='ocrx_word' id='word_1_221' title='bbox 1026 1986 1080 2037; x_wconf 85' lang='lat' dir='ltr'><strong><em>in</em></strong></span> <span class='ocrx_word' id='word_1_222' title='bbox 1148 1981 1495 2038; x_wconf 70' lang='lat' dir='ltr'><strong><em>sweularium</em></strong></span> <span class='ocrx_word' id='word_1_223' title='bbox 1565 1982 1747 2036; x_wconf 84' lang='lat' dir='ltr'><strong><em>habitu</em></strong></span> <span class='ocrx_word' id='word_1_224' title='bbox 1817 1992 1973 2036; x_wconf 84' lang='lat' dir='ltr'><strong><em>esset.</em></strong></span> 
     </span>
    </p>
   </div>
   <div class='ocr_carea' id='block_1_35' title="bbox 398 2074 1272 2133">
    <p class='ocr_par' dir='ltr' id='par_1_35' title="bbox 398 2074 1272 2133">
     <span class='ocr_line' id='line_1_35' title="bbox 398 2074 1272 2133; baseline 0.008 -7"><span class='ocrx_word' id='word_1_225' title='bbox 398 2074 587 2129; x_wconf 80' lang='lat' dir='ltr'><strong><em>Exstat</em></strong></span> <span class='ocrx_word' id='word_1_226' title='bbox 633 2074 689 2128; x_wconf 89' lang='lat' dir='ltr'><strong><em>in</em></strong></span> <span class='ocrx_word' id='word_1_227' title='bbox 726 2074 913 2130; x_wconf 88' lang='lat' dir='ltr'><strong><em>eodem</em></strong></span> <span class='ocrx_word' id='word_1_228' title='bbox 948 2076 1071 2133; x_wconf 88' lang='lat' dir='ltr'><strong><em>cod.</em></strong></span> <span class='ocrx_word' id='word_1_229' title='bbox 1108 2075 1272 2133; x_wconf 74' lang='lat'><strong><em>2958.</em></strong></span> 
     </span>
    </p>
   </div>
   <div class='ocr_carea' id='block_1_36' title="bbox 468 2166 1973 2240">
    <p class='ocr_par' dir='ltr' id='par_1_36' title="bbox 468 2166 1973 2240">
     <span class='ocr_line' id='line_1_36' title="bbox 468 2166 1973 2240; baseline 0.002 -21"><span class='ocrx_word' id='word_1_230' title='bbox 468 2166 587 2220; x_wconf 84' lang='lat' dir='ltr'><strong><em>Alia</em></strong></span> <span class='ocrx_word' id='word_1_231' title='bbox 610 2169 714 2221; x_wconf 87' lang='lat' dir='ltr'><strong><em>sub</em></strong></span> <span class='ocrx_word' id='word_1_232' title='bbox 750 2167 854 2222; x_wconf 89' lang='lat' dir='ltr'><strong><em>hoc</em></strong></span> <span class='ocrx_word' id='word_1_233' title='bbox 886 2167 1063 2233; x_wconf 78' lang='lat' dir='ltr'><strong><em>titulo,</em></strong></span> <span class='ocrx_word' id='word_1_234' title='bbox 1092 2167 1307 2240; x_wconf 83' lang='grc' dir='ltr'>Θεωρία</span> <span class='ocrx_word' id='word_1_235' title='bbox 1346 2170 1601 2239; x_wconf 73' lang='grc' dir='ltr'>περὶτῶν</span> <span class='ocrx_word' id='word_1_236' title='bbox 1631 2172 1686 2224; x_wconf 83' lang='grc' dir='ltr'><strong><em>ὲν</em></strong></span> <span class='ocrx_word' id='word_1_237' title='bbox 1713 2172 1779 2240; x_wconf 81' lang='grc' dir='ltr'>τῇ</span> <span class='ocrx_word' id='word_1_238' title='bbox 1807 2170 1973 2238; x_wconf 80' lang='grc' dir='ltr'>εὐαγ-</span> 
     </span>
    </p>
   </div>
   <div class='ocr_carea' id='block_1_37' title="bbox 396 2248 1973 2333">
    <p class='ocr_par' dir='ltr' id='par_1_37' title="bbox 396 2248 1973 2333">
     <span class='ocr_line' id='line_1_37' title="bbox 396 2248 1973 2333; baseline 0.003 -22"><span class='ocrx_word' id='word_1_239' title='bbox 396 2258 592 2331; x_wconf 84' lang='grc' dir='ltr'>γελικῇ</span> <span class='ocrx_word' id='word_1_240' title='bbox 648 2248 929 2333; x_wconf 77' lang='grc' dir='ltr'><strong><em>παραὸὁλῇ</em></strong></span> <span class='ocrx_word' id='word_1_241' title='bbox 960 2262 1265 2328; x_wconf 82' lang='grc' dir='ltr'>ταλάντων,</span> <span class='ocrx_word' id='word_1_242' title='bbox 1290 2264 1356 2316; x_wconf 89' lang='lat' dir='ltr'><strong><em>de</em></strong></span> <span class='ocrx_word' id='word_1_243' title='bbox 1377 2262 1632 2332; x_wconf 85' lang='lat' dir='ltr'><strong><em>parabola</em></strong></span> <span class='ocrx_word' id='word_1_244' title='bbox 1658 2264 1973 2317; x_wconf 82' lang='lat' dir='ltr'><strong><em>talentorum</em></strong></span> 
     </span>
    </p>
   </div>
   <div class='ocr_carea' id='block_1_38' title="bbox 392 2351 1973 2426">
    <p class='ocr_par' dir='ltr' id='par_1_38' title="bbox 392 2351 1973 2426">
     <span class='ocr_line' id='line_1_38' title="bbox 392 2351 1973 2426; baseline 0.003 -22"><span class='ocrx_word' id='word_1_245' title='bbox 392 2352 448 2405; x_wconf 86' lang='lat' dir='ltr'><strong><em>in</em></strong></span> <span class='ocrx_word' id='word_1_246' title='bbox 502 2351 792 2422; x_wconf 79' lang='lat' dir='ltr'><strong><em>Evanqelio</em></strong></span> <span class='ocrx_word' id='word_1_247' title='bbox 832 2355 1209 2409; x_wconf 61' lang='lat' dir='ltr'><strong><em>consideratio.</em></strong></span> <span class='ocrx_word' id='word_1_248' title='bbox 1268 2353 1445 2426; x_wconf 84' lang='lat' dir='ltr'><strong><em>Hujus</em></strong></span> <span class='ocrx_word' id='word_1_249' title='bbox 1494 2354 1736 2423; x_wconf 85' lang='lat' dir='ltr'><strong><em>initium,</em></strong></span> <span class='ocrx_word' id='word_1_250' title='bbox 1798 2355 1858 2409; x_wconf 82' lang='grc' dir='ltr'>Ὀ</span> <span class='ocrx_word' id='word_1_251' title='bbox 1905 2357 1973 2409; x_wconf 82' lang='grc' dir='ltr'>τὰ</span> 
     </span>
    </p>
   </div>
   <div class='ocr_carea' id='block_1_39' title="bbox 393 2446 1731 2521">
    <p class='ocr_par' dir='ltr' id='par_1_39' title="bbox 393 2446 1731 2521">
     <span class='ocr_line' id='line_1_39' title="bbox 393 2446 1731 2521; baseline 0.006 -23"><span class='ocrx_word' id='word_1_252' title='bbox 393 2446 554 2500; x_wconf 83' lang='grc' dir='ltr'>πέντε</span> <span class='ocrx_word' id='word_1_253' title='bbox 590 2448 829 2504; x_wconf 82' lang='grc' dir='ltr'>τάλαντα</span> <span class='ocrx_word' id='word_1_254' title='bbox 882 2452 1341 2521; x_wconf 83' lang='grc' dir='ltr'>πεπιστευμένος.</span> <span class='ocrx_word' id='word_1_255' title='bbox 1379 2450 1435 2505; x_wconf 85' lang='lat' dir='ltr'><strong><em>In</em></strong></span> <span class='ocrx_word' id='word_1_256' title='bbox 1471 2455 1572 2509; x_wconf 78' lang='lat' dir='ltr'><strong><em>eod</em></strong></span> <span class='ocrx_word' id='word_1_257' title='bbox 1606 2454 1731 2508; x_wconf 84' lang='lat' dir='ltr'><strong><em>cod.</em></strong></span> 
     </span>
    </p>
   </div>
   <div class='ocr_carea' id='block_1_40' title="bbox 468 2541 1967 2618">
    <p class='ocr_par' dir='ltr' id='par_1_40' title="bbox 468 2541 1967 2618">
     <span class='ocr_line' id='line_1_40' title="bbox 468 2541 1967 2618; baseline 0.005 -25"><span class='ocrx_word' id='word_1_258' title='bbox 468 2541 701 2597; x_wconf 83' lang='lat' dir='ltr'><strong><em>llomilia</em></strong></span> <span class='ocrx_word' id='word_1_259' title='bbox 736 2554 803 2599; x_wconf 83' lang='lat' dir='ltr'><strong><em>ue</em></strong></span> <span class='ocrx_word' id='word_1_260' title='bbox 835 2560 1067 2616; x_wconf 86' lang='lat' dir='ltr'><strong><em>corpore</em></strong></span> <span class='ocrx_word' id='word_1_261' title='bbox 1104 2554 1158 2600; x_wconf 90' lang='lat' dir='ltr'><strong><em>et</em></strong></span> <span class='ocrx_word' id='word_1_262' title='bbox 1196 2546 1465 2616; x_wconf 81' lang='lat' dir='ltr'><strong><em>sanguine</em></strong></span> <span class='ocrx_word' id='word_1_263' title='bbox 1512 2547 1751 2612; x_wconf 85' lang='lat' dir='ltr'><strong><em>Domini,</em></strong></span> <span class='ocrx_word' id='word_1_264' title='bbox 1804 2563 1967 2618; x_wconf 89' lang='lat' dir='ltr'><strong><em>quam</em></strong></span> 
     </span>
    </p>
   </div>
   <div class='ocr_carea' id='block_1_41' title="bbox 399 2633 1969 2711">
    <p class='ocr_par' dir='ltr' id='par_1_41' title="bbox 399 2633 1969 2711">
     <span class='ocr_line' id='line_1_41' title="bbox 399 2633 1969 2711; baseline 0.004 -24"><span class='ocrx_word' id='word_1_265' title='bbox 399 2633 507 2687; x_wconf 84' lang='lat' dir='ltr'><strong><em>huc</em></strong></span> <span class='ocrx_word' id='word_1_266' title='bbox 537 2652 703 2705; x_wconf 88' lang='lat' dir='ltr'><strong><em>usque</em></strong></span> <span class='ocrx_word' id='word_1_267' title='bbox 728 2637 780 2690; x_wconf 89' lang='lat' dir='ltr'><strong><em>iu</em></strong></span> <span class='ocrx_word' id='word_1_268' title='bbox 806 2639 922 2693; x_wconf 87' lang='lat' dir='ltr'><strong><em>solo</em></strong></span> <span class='ocrx_word' id='word_1_269' title='bbox 954 2650 1140 2695; x_wconf 87' lang='lat' dir='ltr'><strong><em>uestro</em></strong></span> <span class='ocrx_word' id='word_1_270' title='bbox 1167 2643 1357 2697; x_wconf 84' lang='lat' dir='ltr'><strong><em>codice</em></strong></span> <span class='ocrx_word' id='word_1_271' title='bbox 1382 2641 1688 2711; x_wconf 88' lang='lat' dir='ltr'><strong><em>reperimus</em></strong></span> <span class='ocrx_word' id='word_1_272' title='bbox 1716 2643 1818 2696; x_wconf 83' lang='lat' dir='ltr'><strong><em>hoc</em></strong></span> <span class='ocrx_word' id='word_1_273' title='bbox 1842 2644 1969 2696; x_wconf 87' lang='lat' dir='ltr'><strong><em>titu-</em></strong></span> 
     </span>
    </p>
   </div>
   <div class='ocr_carea' id='block_1_42' title="bbox 396 2723 1970 2799">
    <p class='ocr_par' dir='ltr' id='par_1_42' title="bbox 396 2723 1970 2799">
     <span class='ocr_line' id='line_1_42' title="bbox 396 2723 1970 2799; baseline 0.001 -22"><span class='ocrx_word' id='word_1_274' title='bbox 396 2723 451 2777; x_wconf 93' lang='lat' dir='ltr'><strong><em>lo</em></strong></span> <span class='ocrx_word' id='word_1_275' title='bbox 490 2736 842 2795; x_wconf 64' lang='lat' dir='ltr'><strong><em>prmuotatam</em></strong></span> <span class='ocrx_word' id='word_1_276' title='bbox 876 2745 892 2783; x_wconf 89' lang='lat'><strong>:</strong></span> <span class='ocrx_word' id='word_1_277' title='bbox 929 2728 1025 2783; x_wconf 82' lang='grc' dir='ltr'>Ἐκ</span> <span class='ocrx_word' id='word_1_278' title='bbox 1056 2729 1165 2784; x_wconf 82' lang='grc' dir='ltr'><strong><em>τῶν</em></strong></span> <span class='ocrx_word' id='word_1_279' title='bbox 1189 2730 1419 2799; x_wconf 81' lang='grc' dir='ltr'>ὁμιλιῶν</span> <span class='ocrx_word' id='word_1_280' title='bbox 1437 2731 1496 2783; x_wconf 78' lang='grc' dir='ltr'><strong><em>αι</em></strong></span> <span class='ocrx_word' id='word_1_281' title='bbox 1526 2728 1884 2798; x_wconf 83' lang='grc' dir='ltr'><strong><em>ὁμιλούμεναι</em></strong></span> <span class='ocrx_word' id='word_1_282' title='bbox 1915 2730 1970 2779; x_wconf 77' lang='grc' dir='ltr'>ὲν</span> 
     </span>
    </p>
   </div>
   <div class='ocr_carea' id='block_1_43' title="bbox 394 2815 1968 2891">
    <p class='ocr_par' dir='ltr' id='par_1_43' title="bbox 394 2815 1968 2891">
     <span class='ocr_line' id='line_1_43' title="bbox 394 2815 1968 2891; baseline 0.004 -25"><span class='ocrx_word' id='word_1_283' title='bbox 394 2815 476 2888; x_wconf 83' lang='grc' dir='ltr'>τῷ</span> <span class='ocrx_word' id='word_1_284' title='bbox 508 2816 756 2887; x_wconf 84' lang='grc' dir='ltr'>δυστυχεῖ</span> <span class='ocrx_word' id='word_1_285' title='bbox 828 2820 1073 2891; x_wconf 80' lang='grc' dir='ltr'>παλατίῳ</span> <span class='ocrx_word' id='word_1_286' title='bbox 1139 2823 1282 2876; x_wconf 84' lang='grc' dir='ltr'>κατὰ</span> <span class='ocrx_word' id='word_1_287' title='bbox 1350 2820 1713 2891; x_wconf 83' lang='grc' dir='ltr'>Παρασκευὴν</span> <span class='ocrx_word' id='word_1_288' title='bbox 1779 2820 1836 2872; x_wconf 77' lang='grc' dir='ltr'>ὲν</span> <span class='ocrx_word' id='word_1_289' title='bbox 1903 2823 1968 2889; x_wconf 78' lang='grc' dir='ltr'>τῇ</span> 
     </span>
    </p>
   </div>
   <div class='ocr_carea' id='block_1_44' title="bbox 397 2911 1972 2985">
    <p class='ocr_par' dir='ltr' id='par_1_44' title="bbox 397 2911 1972 2985">
     <span class='ocr_line' id='line_1_44' title="bbox 397 2911 1972 2985; baseline 0.004 -26"><span class='ocrx_word' id='word_1_290' title='bbox 397 2911 614 2981; x_wconf 81' lang='grc' dir='ltr'><strong><em>μεγάλῃ</em></strong></span> <span class='ocrx_word' id='word_1_291' title='bbox 698 2912 1120 2985; x_wconf 78' lang='grc' dir='ltr'><strong><em>Τεσσαρακοστῇ</em></strong></span> <span class='ocrx_word' id='word_1_292' title='bbox 1158 2952 1172 2978; x_wconf 89' lang='grc'><em>,</em></span> <span class='ocrx_word' id='word_1_293' title='bbox 1255 2914 1577 2985; x_wconf 78' lang='grc' dir='ltr'>εὑρημένων</span> <span class='ocrx_word' id='word_1_294' title='bbox 1663 2916 1800 2982; x_wconf 65' lang='grc' dir='ltr'>μετὰ</span> <span class='ocrx_word' id='word_1_295' title='bbox 1873 2915 1972 2983; x_wconf 84' lang='grc' dir='ltr'>τὴν</span> 
     </span>
    </p>
   </div>
   <div class='ocr_carea' id='block_1_45' title="bbox 393 3003 1973 3079">
    <p class='ocr_par' dir='ltr' id='par_1_45' title="bbox 393 3003 1973 3079">
     <span class='ocr_line' id='line_1_45' title="bbox 393 3003 1973 3079; baseline 0.001 -23"><span class='ocrx_word' id='word_1_296' title='bbox 393 3003 620 3058; x_wconf 75' lang='grc' dir='ltr'>ἅλωσιν.</span> <span class='ocrx_word' id='word_1_297' title='bbox 654 3004 989 3076; x_wconf 82' lang='grc' dir='ltr'>Ἐγράφοντο</span> <span class='ocrx_word' id='word_1_298' title='bbox 1034 3008 1091 3062; x_wconf 84' lang='grc' dir='ltr'>δὲ</span> <span class='ocrx_word' id='word_1_299' title='bbox 1117 3009 1256 3078; x_wconf 83' lang='grc' dir='ltr'>μετὰ</span> <span class='ocrx_word' id='word_1_300' title='bbox 1277 3010 1336 3063; x_wconf 79' lang='grc' dir='ltr'>τὸ</span> <span class='ocrx_word' id='word_1_301' title='bbox 1357 3004 1621 3079; x_wconf 75' lang='grc' dir='ltr'><strong><em>ἀγράφως</em></strong></span> <span class='ocrx_word' id='word_1_302' title='bbox 1646 3006 1973 3077; x_wconf 80' lang='grc' dir='ltr'>ὁμιληθῆναι</span> 
     </span>
    </p>
   </div>
   <div class='ocr_carea' id='block_1_46' title="bbox 390 3098 1968 3171">
    <p class='ocr_par' dir='ltr' id='par_1_46' title="bbox 390 3098 1968 3171">
     <span class='ocr_line' id='line_1_46' title="bbox 390 3098 1968 3171; baseline 0.003 -24"><span class='ocrx_word' id='word_1_303' title='bbox 390 3098 739 3167; x_wconf 70' lang='grc' dir='ltr'>παρακλήσει</span> <span class='ocrx_word' id='word_1_304' title='bbox 815 3100 1007 3169; x_wconf 82' lang='grc' dir='ltr'>φίλων.</span> <span class='ocrx_word' id='word_1_305' title='bbox 1094 3101 1235 3171; x_wconf 78' lang='grc' dir='ltr'><strong><em>αὑτὴ</em></strong></span> <span class='ocrx_word' id='word_1_306' title='bbox 1321 3101 1379 3154; x_wconf 87' lang='grc' dir='ltr'>δὲ</span> <span class='ocrx_word' id='word_1_307' title='bbox 1459 3099 1711 3171; x_wconf 55' lang='lat' dir='ltr'><strong><em>suam</em></strong></span> <span class='ocrx_word' id='word_1_308' title='bbox 1782 3102 1839 3152; x_wconf 78' lang='grc' dir='ltr'><strong><em>ἐν</em></strong></span> <span class='ocrx_word' id='word_1_309' title='bbox 1904 3102 1968 3169; x_wconf 86' lang='grc' dir='ltr'><strong><em>τῇ</em></strong></span> 
     </span>
    </p>
   </div>
   <div class='ocr_carea' id='block_1_47' title="bbox 392 3191 1969 3264">
    <p class='ocr_par' dir='ltr' id='par_1_47' title="bbox 392 3191 1969 3264">
     <span class='ocr_line' id='line_1_47' title="bbox 392 3191 1969 3264; baseline 0.003 -23"><span class='ocrx_word' id='word_1_310' title='bbox 392 3191 728 3263; x_wconf 79' lang='grc' dir='ltr'>Παρασκευῇ</span> <span class='ocrx_word' id='word_1_311' title='bbox 764 3191 857 3245; x_wconf 85' lang='grc' dir='ltr'><strong><em>τοῦ</em></strong></span> <span class='ocrx_word' id='word_1_312' title='bbox 913 3192 1191 3264; x_wconf 76' lang='grc' dir='ltr'><strong><em>Λαζάρου.</em></strong></span> <span class='ocrx_word' id='word_1_313' title='bbox 1236 3192 1453 3263; x_wconf 84' lang='grc' dir='ltr'>Ὀμιλία</span> <span class='ocrx_word' id='word_1_314' title='bbox 1523 3192 1651 3258; x_wconf 82' lang='grc' dir='ltr'>περὶ</span> <span class='ocrx_word' id='word_1_315' title='bbox 1718 3191 1815 3245; x_wconf 82' lang='grc' dir='ltr'><strong><em>τοῦ</em></strong></span> <span class='ocrx_word' id='word_1_316' title='bbox 1865 3209 1969 3261; x_wconf 84' lang='grc' dir='ltr'><strong><em>μυ-</em></strong></span> 
     </span>
    </p>
   </div>
   <div class='ocr_carea' id='block_1_48' title="bbox 390 3281 1970 3355">
    <p class='ocr_par' dir='ltr' id='par_1_48' title="bbox 390 3281 1970 3355">
     <span class='ocr_line' id='line_1_48' title="bbox 390 3281 1970 3355; baseline -0.001 -18"><span class='ocrx_word' id='word_1_317' title='bbox 390 3287 724 3354; x_wconf 80' lang='grc' dir='ltr'>στηριώδους</span> <span class='ocrx_word' id='word_1_318' title='bbox 748 3284 1000 3355; x_wconf 75' lang='grc' dir='ltr'><strong><em>σώματος</em></strong></span> <span class='ocrx_word' id='word_1_319' title='bbox 1022 3285 1118 3339; x_wconf 85' lang='grc' dir='ltr'>τοῦ</span> <span class='ocrx_word' id='word_1_320' title='bbox 1149 3286 1354 3355; x_wconf 82' lang='grc' dir='ltr'>Κυρίου</span> <span class='ocrx_word' id='word_1_321' title='bbox 1387 3283 1544 3355; x_wconf 77' lang='grc' dir='ltr'><strong><em>ἡμῶν</em></strong></span> <span class='ocrx_word' id='word_1_322' title='bbox 1607 3281 1781 3354; x_wconf 82' lang='grc' dir='ltr'>Ἰησοῦ</span> <span class='ocrx_word' id='word_1_323' title='bbox 1833 3283 1970 3355; x_wconf 79' lang='grc' dir='ltr'><strong><em>Χρι-</em></strong></span> 
     </span>
    </p>
   </div>
   <div class='ocr_carea' id='block_1_49' title="bbox 390 3378 1969 3449">
    <p class='ocr_par' dir='ltr' id='par_1_49' title="bbox 390 3378 1969 3449">
     <span class='ocr_line' id='line_1_49' title="bbox 390 3378 1969 3449; baseline -0.001 -18"><span class='ocrx_word' id='word_1_324' title='bbox 390 3378 544 3431; x_wconf 82' lang='grc' dir='ltr'>στοῦ.</span> <span class='ocrx_word' id='word_1_325' title='bbox 603 3378 686 3432; x_wconf 77' lang='lat' dir='ltr'><strong><em>Ea:</em></strong></span> <span class='ocrx_word' id='word_1_326' title='bbox 751 3378 1003 3433; x_wconf 85' lang='lat' dir='ltr'><strong><em>llomiliis</em></strong></span> <span class='ocrx_word' id='word_1_327' title='bbox 1057 3395 1175 3449; x_wconf 52' lang='lat' dir='ltr'><strong><em>quae</em></strong></span> <span class='ocrx_word' id='word_1_328' title='bbox 1232 3379 1590 3448; x_wconf 79' lang='lat' dir='ltr'><strong><em>pronuntiata:</em></strong></span> <span class='ocrx_word' id='word_1_329' title='bbox 1647 3378 1862 3447; x_wconf 79' lang='lat' dir='ltr'><strong><em>[uerunt</em></strong></span> <span class='ocrx_word' id='word_1_330' title='bbox 1914 3381 1969 3431; x_wconf 86' lang='lat' dir='ltr'><strong><em>in</em></strong></span> 
     </span>
    </p>
   </div>
   <div class='ocr_carea' id='block_1_50' title="bbox 387 3470 1968 3541">
    <p class='ocr_par' dir='ltr' id='par_1_50' title="bbox 387 3470 1968 3541">
     <span class='ocr_line' id='line_1_50' title="bbox 387 3470 1968 3541; baseline -0.001 -17"><span class='ocrx_word' id='word_1_331' title='bbox 387 3470 593 3540; x_wconf 69' lang='lat' dir='ltr'><strong><em>infelici</em></strong></span> <span class='ocrx_word' id='word_1_332' title='bbox 652 3470 876 3539; x_wconf 85' lang='lat' dir='ltr'><strong><em>palatio,</em></strong></span> <span class='ocrx_word' id='word_1_333' title='bbox 943 3470 1167 3541; x_wconf 78' lang='lat' dir='ltr'><strong><em>singulis</em></strong></span> <span class='ocrx_word' id='word_1_334' title='bbox 1226 3471 1389 3524; x_wconf 80' lang='lat' dir='ltr'><strong><em>sextis</em></strong></span> <span class='ocrx_word' id='word_1_335' title='bbox 1445 3470 1595 3539; x_wconf 76' lang='lat' dir='ltr'><strong><em>feriis</em></strong></span> <span class='ocrx_word' id='word_1_336' title='bbox 1668 3471 1723 3523; x_wconf 88' lang='lat' dir='ltr'><strong><em>in</em></strong></span> <span class='ocrx_word' id='word_1_337' title='bbox 1775 3486 1968 3540; x_wconf 87' lang='lat' dir='ltr'><strong><em>magna</em></strong></span> 
     </span>
    </p>
   </div>
   <div class='ocr_carea' id='block_1_51' title="bbox 392 3563 1968 3636">
    <p class='ocr_par' dir='ltr' id='par_1_51' title="bbox 392 3563 1968 3636">
     <span class='ocr_line' id='line_1_51' title="bbox 392 3563 1968 3636; baseline 0.002 -18"><span class='ocrx_word' id='word_1_338' title='bbox 392 3566 831 3635; x_wconf 81' lang='lat' dir='ltr'><strong><em>Quadragesima,</em></strong></span> <span class='ocrx_word' id='word_1_339' title='bbox 867 3567 1087 3620; x_wconf 83' lang='lat' dir='ltr'><strong><em>inventis</em></strong></span> <span class='ocrx_word' id='word_1_340' title='bbox 1118 3575 1234 3635; x_wconf 87' lang='lat' dir='ltr'><strong><em>post</em></strong></span> <span class='ocrx_word' id='word_1_341' title='bbox 1267 3575 1480 3636; x_wconf 86' lang='lat' dir='ltr'><strong><em>captam</em></strong></span> <span class='ocrx_word' id='word_1_342' title='bbox 1511 3564 1712 3620; x_wconf 82' lang='lat' dir='ltr'><strong><em>urbem.</em></strong></span> <span class='ocrx_word' id='word_1_343' title='bbox 1744 3563 1968 3634; x_wconf 79' lang='lat' dir='ltr'><strong><em>Scripta:</em></strong></span> 
     </span>
    </p>
   </div>
   <div class='ocr_carea' id='block_1_52' title="bbox 390 3657 1969 3727">
    <p class='ocr_par' dir='ltr' id='par_1_52' title="bbox 390 3657 1969 3727">
     <span class='ocr_line' id='line_1_52' title="bbox 390 3657 1969 3727; baseline 0 -17"><span class='ocrx_word' id='word_1_344' title='bbox 390 3669 565 3711; x_wconf 85' lang='lat' dir='ltr'><strong><em>autem</em></strong></span> <span class='ocrx_word' id='word_1_345' title='bbox 608 3659 820 3726; x_wconf 75' lang='lat' dir='ltr'><strong><em>fuerant</em></strong></span> <span class='ocrx_word' id='word_1_346' title='bbox 850 3668 1129 3727; x_wconf 82' lang='lat' dir='ltr'><strong><em>postquam</em></strong></span> <span class='ocrx_word' id='word_1_347' title='bbox 1164 3658 1283 3712; x_wconf 75' lang='lat' dir='ltr'><strong><em>viva</em></strong></span> <span class='ocrx_word' id='word_1_348' title='bbox 1311 3674 1430 3711; x_wconf 86' lang='lat' dir='ltr'><strong><em>voce</em></strong></span> <span class='ocrx_word' id='word_1_349' title='bbox 1458 3657 1685 3724; x_wconf 76' lang='lat' dir='ltr'><strong><em>fuissent</em></strong></span> <span class='ocrx_word' id='word_1_350' title='bbox 1733 3671 1969 3723; x_wconf 81' lang='lat' dir='ltr'><strong><em>pronun-</em></strong></span> 
     </span>
    </p>
   </div>
   <div class='ocr_carea' id='block_1_53' title="bbox 390 3749 1965 3819">
    <p class='ocr_par' dir='ltr' id='par_1_53' title="bbox 390 3749 1965 3819">
     <span class='ocr_line' id='line_1_53' title="bbox 390 3749 1965 3819; baseline 0.001 -17"><span class='ocrx_word' id='word_1_351' title='bbox 390 3751 534 3803; x_wconf 80' lang='lat' dir='ltr'><strong><em>tiata:</em></strong></span> <span class='ocrx_word' id='word_1_352' title='bbox 562 3751 848 3803; x_wconf 84' lang='lat' dir='ltr'><strong><em>amicorum</em></strong></span> <span class='ocrx_word' id='word_1_353' title='bbox 878 3753 1114 3804; x_wconf 82' lang='lat' dir='ltr'><strong><em>hortatu.</em></strong></span> <span class='ocrx_word' id='word_1_354' title='bbox 1148 3749 1317 3803; x_wconf 89' lang='lat' dir='ltr'><strong><em>Porro</em></strong></span> <span class='ocrx_word' id='word_1_355' title='bbox 1369 3750 1476 3802; x_wconf 65' lang='lat' dir='ltr'><strong><em>Ita&#39;c</em></strong></span> <span class='ocrx_word' id='word_1_356' title='bbox 1515 3750 1861 3819; x_wconf 86' lang='lat' dir='ltr'><strong><em>pronuntiata</em></strong></span> <span class='ocrx_word' id='word_1_357' title='bbox 1888 3759 1965 3803; x_wconf 78' lang='lat' dir='ltr'><strong><em>est</em></strong></span> 
     </span>
    </p>
   </div>
   <div class='ocr_carea' id='block_1_54' title="bbox 388 3838 1968 3900">
    <p class='ocr_par' dir='ltr' id='par_1_54' title="bbox 388 3838 1968 3900">
     <span class='ocr_line' id='line_1_54' title="bbox 388 3838 1968 3900; baseline -0.001 -1"><span class='ocrx_word' id='word_1_358' title='bbox 388 3847 443 3899; x_wconf 90' lang='lat' dir='ltr'><strong><em>in</em></strong></span> <span class='ocrx_word' id='word_1_359' title='bbox 480 3845 773 3900; x_wconf 83' lang='lat' dir='ltr'><strong><em>Parasceve</em></strong></span> <span class='ocrx_word' id='word_1_360' title='bbox 808 3844 1027 3900; x_wconf 79' lang='lat' dir='ltr'><strong><em>Lazari.</em></strong></span> <span class='ocrx_word' id='word_1_361' title='bbox 1065 3844 1300 3900; x_wconf 82' lang='lat' dir='ltr'><strong><em>Homilia</em></strong></span> <span class='ocrx_word' id='word_1_362' title='bbox 1348 3838 1826 3899; x_wconf 20' lang='lat' dir='ltr'><strong><em>de‘sacramentali</em></strong></span> <span class='ocrx_word' id='word_1_363' title='bbox 1852 3860 1968 3898; x_wconf 86' lang='lat' dir='ltr'><strong><em>cor-</em></strong></span> 
     </span>
    </p>
   </div>
   <div class='ocr_carea' id='block_1_55' title="bbox 387 3936 1369 4006">
    <p class='ocr_par' dir='ltr' id='par_1_55' title="bbox 387 3936 1369 4006">
     <span class='ocr_line' id='line_1_55' title="bbox 387 3936 1369 4006; baseline 0.002 -15"><span class='ocrx_word' id='word_1_364' title='bbox 387 3954 516 4006; x_wconf 84' lang='lat' dir='ltr'><strong><em>pore</em></strong></span> <span class='ocrx_word' id='word_1_365' title='bbox 544 3938 753 3993; x_wconf 74' lang='lat' dir='ltr'><strong><em>Domini</em></strong></span> <span class='ocrx_word' id='word_1_366' title='bbox 787 3939 956 3993; x_wconf 83' lang='lat' dir='ltr'><strong><em>nostri</em></strong></span> <span class='ocrx_word' id='word_1_367' title='bbox 975 3938 1103 3993; x_wconf 82' lang='lat' dir='ltr'><strong><em>Jesu</em></strong></span> <span class='ocrx_word' id='word_1_368' title='bbox 1144 3936 1369 3993; x_wconf 78' lang='lat' dir='ltr'><strong><em>Christi.</em></strong></span> 
     </span>
    </p>
   </div>
   <div class='ocr_carea' id='block_1_56' title="bbox 457 4030 1965 4108">
    <p class='ocr_par' dir='ltr' id='par_1_56' title="bbox 457 4030 1965 4108">
     <span class='ocr_line' id='line_1_56' title="bbox 457 4030 1965 4108; baseline 0.003 -24"><span class='ocrx_word' id='word_1_369' title='bbox 457 4032 578 4085; x_wconf 84' lang='lat' dir='ltr'><strong><em>Alia</em></strong></span> <span class='ocrx_word' id='word_1_370' title='bbox 636 4030 703 4086; x_wconf 87' lang='lat' dir='ltr'><strong><em>de</em></strong></span> <span class='ocrx_word' id='word_1_371' title='bbox 756 4032 946 4087; x_wconf 89' lang='lat' dir='ltr'><strong><em>eodem</em></strong></span> <span class='ocrx_word' id='word_1_372' title='bbox 1000 4040 1325 4108; x_wconf 82' lang='lat' dir='ltr'><strong><em>argumento</em></strong></span> <span class='ocrx_word' id='word_1_373' title='bbox 1381 4033 1620 4098; x_wconf 82' lang='lat' dir='ltr'><strong><em>brevior,</em></strong></span> <span class='ocrx_word' id='word_1_374' title='bbox 1659 4035 1861 4105; x_wconf 83' lang='lat' dir='ltr'><strong><em>scripta</em></strong></span> <span class='ocrx_word' id='word_1_375' title='bbox 1905 4045 1965 4089; x_wconf 91' lang='lat' dir='ltr'><strong><em>ut</em></strong></span> 
     </span>
    </p>
   </div>
   <div class='ocr_carea' id='block_1_57' title="bbox 391 4122 1965 4197">
    <p class='ocr_par' dir='ltr' id='par_1_57' title="bbox 391 4122 1965 4197">
     <span class='ocr_line' id='line_1_57' title="bbox 391 4122 1965 4197; baseline 0.002 -19"><span class='ocrx_word' id='word_1_376' title='bbox 391 4122 606 4178; x_wconf 87' lang='lat' dir='ltr'><strong><em>videtur</em></strong></span> <span class='ocrx_word' id='word_1_377' title='bbox 623 4122 1092 4195; x_wconf 76' lang='lat' dir='ltr'><strong><em>Constantinopoli</em></strong></span> <span class='ocrx_word' id='word_1_378' title='bbox 1113 4134 1398 4197; x_wconf 82' lang='lat' dir='ltr'><strong><em>postquam</em></strong></span> <span class='ocrx_word' id='word_1_379' title='bbox 1423 4128 1738 4197; x_wconf 82' lang='lat' dir='ltr'><strong><em>patriarcha</em></strong></span> <span class='ocrx_word' id='word_1_380' title='bbox 1766 4142 1965 4181; x_wconf 88' lang='lat' dir='ltr'><strong><em>renun-</em></strong></span> 
     </span>
    </p>
   </div>
   <div class='ocr_carea' id='block_1_58' title="bbox 387 4221 1964 4290">
    <p class='ocr_par' dir='ltr' id='par_1_58' title="bbox 387 4221 1964 4290">
     <span class='ocr_line' id='line_1_58' title="bbox 387 4221 1964 4290; baseline 0.002 -16"><span class='ocrx_word' id='word_1_381' title='bbox 387 4221 558 4275; x_wconf 79' lang='lat' dir='ltr'><strong><em>tiatus</em></strong></span> <span class='ocrx_word' id='word_1_382' title='bbox 582 4229 747 4287; x_wconf 84' lang='lat' dir='ltr'><strong><em>esset,</em></strong></span> <span class='ocrx_word' id='word_1_383' title='bbox 776 4221 832 4275; x_wconf 90' lang='lat' dir='ltr'><strong><em>in</em></strong></span> <span class='ocrx_word' id='word_1_384' title='bbox 863 4236 969 4290; x_wconf 87' lang='lat' dir='ltr'><strong><em>qua</em></strong></span> <span class='ocrx_word' id='word_1_385' title='bbox 995 4221 1223 4279; x_wconf 84' lang='lat' dir='ltr'><strong><em>alterius</em></strong></span> <span class='ocrx_word' id='word_1_386' title='bbox 1251 4225 1518 4277; x_wconf 86' lang='lat' dir='ltr'><strong><em>meminit.</em></strong></span> <span class='ocrx_word' id='word_1_387' title='bbox 1556 4224 1686 4277; x_wconf 85' lang='lat' dir='ltr'><strong><em>Eam</em></strong></span> <span class='ocrx_word' id='word_1_388' title='bbox 1728 4223 1783 4276; x_wconf 90' lang='lat' dir='ltr'><strong><em>in</em></strong></span> <span class='ocrx_word' id='word_1_389' title='bbox 1813 4223 1964 4277; x_wconf 89' lang='lat' dir='ltr'><strong><em>nullo</em></strong></span> 
     </span>
    </p>
   </div>
   <div class='ocr_carea' id='block_1_59' title="bbox 384 4311 1965 4383">
    <p class='ocr_par' dir='ltr' id='par_1_59' title="bbox 384 4311 1965 4383">
     <span class='ocr_line' id='line_1_59' title="bbox 384 4311 1965 4383; baseline 0.003 -19"><span class='ocrx_word' id='word_1_390' title='bbox 384 4312 577 4366; x_wconf 83' lang='lat' dir='ltr'><strong><em>codice</em></strong></span> <span class='ocrx_word' id='word_1_391' title='bbox 603 4314 927 4381; x_wconf 82' lang='lat' dir='ltr'><strong><em>reperimus,</em></strong></span> <span class='ocrx_word' id='word_1_392' title='bbox 966 4311 1063 4368; x_wconf 87' lang='lat' dir='ltr'><strong><em>sed</em></strong></span> <span class='ocrx_word' id='word_1_393' title='bbox 1100 4330 1219 4367; x_wconf 87' lang='lat' dir='ltr'><strong><em>eam</em></strong></span> <span class='ocrx_word' id='word_1_394' title='bbox 1275 4314 1659 4369; x_wconf 83' lang='lat' dir='ltr'><strong><em>transtulimus</em></strong></span> <span class='ocrx_word' id='word_1_395' title='bbox 1689 4329 1752 4368; x_wconf 80' lang='lat' dir='ltr'><strong><em>ex</em></strong></span> <span class='ocrx_word' id='word_1_396' title='bbox 1788 4312 1965 4383; x_wconf 87' lang='lat' dir='ltr'><strong><em>Opere</em></strong></span> 
     </span>
    </p>
   </div>
   <div class='ocr_carea' id='block_1_60' title="bbox 386 4400 1960 4477">
    <p class='ocr_par' dir='ltr' id='par_1_60' title="bbox 386 4400 1960 4477">
     <span class='ocr_line' id='line_1_60' title="bbox 386 4400 1960 4477; baseline 0 -19"><span class='ocrx_word' id='word_1_397' title='bbox 386 4403 587 4459; x_wconf 80' lang='lat' dir='ltr'><strong><em>Mcletii</em></strong></span> <span class='ocrx_word' id='word_1_398' title='bbox 642 4400 820 4477; x_wconf 72' lang='lat' dir='ltr'><strong><em>Syrigi</em></strong></span> <span class='ocrx_word' id='word_1_399' title='bbox 877 4404 1142 4460; x_wconf 86' lang='lat' dir='ltr'><strong><em>adversus</em></strong></span> <span class='ocrx_word' id='word_1_400' title='bbox 1208 4403 1470 4477; x_wconf 83' lang='lat' dir='ltr'><strong><em>Cyrillum</em></strong></span> <span class='ocrx_word' id='word_1_401' title='bbox 1538 4403 1801 4471; x_wconf 81' lang='lat' dir='ltr'><strong><em>Lucarin,</em></strong></span> <span class='ocrx_word' id='word_1_402' title='bbox 1871 4405 1960 4463; x_wconf 89' lang='lat' dir='ltr'><strong><em>ubi</em></strong></span> 
     </span>
    </p>
   </div>
   <div class='ocr_carea' id='block_1_61' title="bbox 385 4497 640 4553">
    <p class='ocr_par' dir='ltr' id='par_1_61' title="bbox 385 4497 640 4553">
     <span class='ocr_line' id='line_1_61' title="bbox 385 4497 640 4553; baseline 0.004 -1"><span class='ocrx_word' id='word_1_403' title='bbox 385 4497 640 4553; x_wconf 82' lang='lat' dir='ltr'><strong><em>refertur.</em></strong></span> 
     </span>
    </p>
   </div>
   <div class='ocr_carea' id='block_1_62' title="bbox 1991 3239 2038 3302">
    <p class='ocr_par' dir='ltr' id='par_1_62' title="bbox 1991 3239 2038 3302">
     <span class='ocr_line' id='line_1_62' title="bbox 1991 3239 2038 3302; baseline 0 0"><span class='ocrx_word' id='word_1_404' title='bbox 1991 3239 2038 3302; x_wconf 89' lang='lat' dir='ltr'><strong><em>C</em></strong></span> 
     </span>
    </p>
   </div>
   <div class='ocr_carea' id='block_1_63' title="bbox 2151 1975 3651 2050">
    <p class='ocr_par' dir='ltr' id='par_1_63' title="bbox 2151 1975 3651 2050">
     <span class='ocr_line' id='line_1_63' title="bbox 2151 1975 3651 2050; baseline 0.007 -26"><span class='ocrx_word' id='word_1_405' title='bbox 2151 1975 2287 2042; x_wconf 76' lang='grc' dir='ltr'>Περὶ</span> <span class='ocrx_word' id='word_1_406' title='bbox 2316 1976 2412 2029; x_wconf 79' lang='grc' dir='ltr'>τοῦ</span> <span class='ocrx_word' id='word_1_407' title='bbox 2451 1978 2527 2046; x_wconf 80' lang='grc' dir='ltr'><strong><em>μὴ</em></strong></span> <span class='ocrx_word' id='word_1_408' title='bbox 2562 1975 2811 2044; x_wconf 83' lang='grc' dir='ltr'>γίνεσθαι</span> <span class='ocrx_word' id='word_1_409' title='bbox 2844 1977 2938 2031; x_wconf 82' lang='grc' dir='ltr'>νῦν</span> <span class='ocrx_word' id='word_1_410' title='bbox 2974 1979 3231 2047; x_wconf 80' lang='grc' dir='ltr'>θαύματα</span> <span class='ocrx_word' id='word_1_411' title='bbox 3252 1979 3344 2039; x_wconf 51' lang='grc' dir='ltr'><strong><em>νὼς</em></strong></span> <span class='ocrx_word' id='word_1_412' title='bbox 3364 1981 3651 2050; x_wconf 82' lang='grc' dir='ltr'>πρότερον.</span> 
     </span>
    </p>
   </div>
   <div class='ocr_carea' id='block_1_64' title="bbox 2079 2061 3650 2139">
    <p class='ocr_par' dir='ltr' id='par_1_64' title="bbox 2079 2061 3650 2139">
     <span class='ocr_line' id='line_1_64' title="bbox 2079 2061 3650 2139; baseline 0.007 -24"><span class='ocrx_word' id='word_1_413' title='bbox 2079 2061 2152 2116; x_wconf 87' lang='lat' dir='ltr'><strong><em>De</em></strong></span> <span class='ocrx_word' id='word_1_414' title='bbox 2178 2080 2238 2119; x_wconf 90' lang='lat' dir='ltr'><strong><em>eo</em></strong></span> <span class='ocrx_word' id='word_1_415' title='bbox 2256 2067 2394 2135; x_wconf 78' lang='lat' dir='ltr'><strong><em>quod</em></strong></span> <span class='ocrx_word' id='word_1_416' title='bbox 2418 2068 2565 2121; x_wconf 84' lang='lat' dir='ltr'><strong><em>nulla</em></strong></span> <span class='ocrx_word' id='word_1_417' title='bbox 2598 2084 2735 2122; x_wconf 86' lang='lat' dir='ltr'><strong><em>nunc</em></strong></span> <span class='ocrx_word' id='word_1_418' title='bbox 2760 2080 2812 2123; x_wconf 83' lang='lat' dir='ltr'><strong><em>ut</em></strong></span> <span class='ocrx_word' id='word_1_419' title='bbox 2838 2069 2957 2122; x_wconf 88' lang='lat' dir='ltr'><strong><em>olim</em></strong></span> <span class='ocrx_word' id='word_1_420' title='bbox 2991 2071 3253 2125; x_wconf 86' lang='lat' dir='ltr'><strong><em>miracula</em></strong></span> <span class='ocrx_word' id='word_1_421' title='bbox 3272 2074 3430 2139; x_wconf 82' lang='lat' dir='ltr'><strong><em>ﬁant,</em></strong></span> <span class='ocrx_word' id='word_1_422' title='bbox 3453 2072 3503 2125; x_wconf 91' lang='lat' dir='ltr'><strong><em>iu</em></strong></span> <span class='ocrx_word' id='word_1_423' title='bbox 3530 2078 3650 2126; x_wconf 75' lang='lat' dir='ltr'><strong><em>cod.</em></strong></span> 
     </span>
    </p>
   </div>
   <div class='ocr_carea' id='block_1_65' title="bbox 2079 2157 3195 2231">
    <p class='ocr_par' dir='ltr' id='par_1_65' title="bbox 2079 2157 3195 2231">
     <span class='ocr_line' id='line_1_65' title="bbox 2079 2157 3195 2231; baseline 0.007 -21"><span class='ocrx_word' id='word_1_424' title='bbox 2079 2157 2213 2227; x_wconf 77' lang='lat' dir='ltr'><strong><em>Reg.</em></strong></span> <span class='ocrx_word' id='word_1_425' title='bbox 2244 2159 2403 2216; x_wconf 71' lang='lat'><strong><em>2959.</em></strong></span> <span class='ocrx_word' id='word_1_426' title='bbox 2440 2161 2678 2228; x_wconf 84' lang='lat' dir='ltr'><strong><em>initium,</em></strong></span> <span class='ocrx_word' id='word_1_427' title='bbox 2710 2164 2941 2231; x_wconf 79' lang='grc' dir='ltr'>Ζητοῦσί</span> <span class='ocrx_word' id='word_1_428' title='bbox 2970 2181 3135 2227; x_wconf 78' lang='grc' dir='ltr'>τινες.</span> <span class='ocrx_word' id='word_1_429' title='bbox 3164 2158 3195 2175; x_wconf 74' lang='lat'><strong><em>’</em></strong></span> 
     </span>
    </p>
   </div>
   <div class='ocr_carea' id='block_1_66' title="bbox 2145 2250 3651 2328">
    <p class='ocr_par' dir='ltr' id='par_1_66' title="bbox 2145 2250 3651 2328">
     <span class='ocr_line' id='line_1_66' title="bbox 2145 2250 3651 2328; baseline 0.003 -22"><span class='ocrx_word' id='word_1_430' title='bbox 2145 2250 2320 2321; x_wconf 85' lang='lat' dir='ltr'><strong><em>Opera</em></strong></span> <span class='ocrx_word' id='word_1_431' title='bbox 2346 2252 2616 2309; x_wconf 88' lang='lat' dir='ltr'><strong><em>Geuuadii</em></strong></span> <span class='ocrx_word' id='word_1_432' title='bbox 2644 2256 2946 2326; x_wconf 78' lang='lat' dir='ltr'><strong><em>theologica</em></strong></span> <span class='ocrx_word' id='word_1_433' title='bbox 2989 2260 3139 2312; x_wconf 88' lang='lat' dir='ltr'><strong><em>varia</em></strong></span> <span class='ocrx_word' id='word_1_434' title='bbox 3179 2272 3328 2322; x_wconf 88' lang='lat' dir='ltr'><strong><em>sum,</em></strong></span> <span class='ocrx_word' id='word_1_435' title='bbox 3359 2270 3554 2328; x_wconf 73' lang='lat' dir='ltr'><strong><em>praeter</em></strong></span> <span class='ocrx_word' id='word_1_436' title='bbox 3591 2278 3651 2312; x_wconf 83' lang='lat' dir='ltr'><strong><em>ea</em></strong></span> 
     </span>
    </p>
   </div>
   <div class='ocr_carea' id='block_1_67' title="bbox 2074 2346 3651 2423">
    <p class='ocr_par' dir='ltr' id='par_1_67' title="bbox 2074 2346 3651 2423">
     <span class='ocr_line' id='line_1_67' title="bbox 2074 2346 3651 2423; baseline 0.007 -28"><span class='ocrx_word' id='word_1_437' title='bbox 2074 2359 2194 2415; x_wconf 72' lang='lat' dir='ltr'><strong><em>qua:</em></strong></span> <span class='ocrx_word' id='word_1_438' title='bbox 2219 2347 2479 2402; x_wconf 78' lang='lat' dir='ltr'><strong><em>adversus</em></strong></span> <span class='ocrx_word' id='word_1_439' title='bbox 2511 2346 2735 2403; x_wconf 86' lang='lat' dir='ltr'><strong><em>Latinos</em></strong></span> <span class='ocrx_word' id='word_1_440' title='bbox 2790 2353 3029 2420; x_wconf 81' lang='lat' dir='ltr'><strong><em>Scripsit,</em></strong></span> <span class='ocrx_word' id='word_1_441' title='bbox 3089 2352 3157 2406; x_wconf 88' lang='lat' dir='ltr'><strong><em>de</em></strong></span> <span class='ocrx_word' id='word_1_442' title='bbox 3198 2355 3400 2423; x_wconf 83' lang='lat' dir='ltr'><strong><em>quibus</em></strong></span> <span class='ocrx_word' id='word_1_443' title='bbox 3456 2363 3651 2423; x_wconf 74' lang='lat' dir='ltr'><strong><em>agetur</em></strong></span> 
     </span>
    </p>
   </div>
   <div class='ocr_carea' id='block_1_68' title="bbox 2074 2442 2515 2505">
    <p class='ocr_par' dir='ltr' id='par_1_68' title="bbox 2074 2442 2515 2505">
     <span class='ocr_line' id='line_1_68' title="bbox 2074 2442 2515 2505; baseline 0.011 -15"><span class='ocrx_word' id='word_1_444' title='bbox 2074 2448 2346 2505; x_wconf 88' lang='lat' dir='ltr'><strong><em>postremo</em></strong></span> <span class='ocrx_word' id='word_1_445' title='bbox 2378 2442 2515 2497; x_wconf 89' lang='lat' dir='ltr'><strong><em>loco.</em></strong></span> 
     </span>
    </p>
   </div>
   <div class='ocr_carea' id='block_1_69' title="bbox 2143 2532 3649 2610">
    <p class='ocr_par' dir='ltr' id='par_1_69' title="bbox 2143 2532 3649 2610">
     <span class='ocr_line' id='line_1_69' title="bbox 2143 2532 3649 2610; baseline 0.005 -25"><span class='ocrx_word' id='word_1_446' title='bbox 2143 2532 2383 2588; x_wconf 85' lang='lat' dir='ltr'><strong><em>Primum</em></strong></span> <span class='ocrx_word' id='word_1_447' title='bbox 2413 2536 2557 2592; x_wconf 83' lang='lat' dir='ltr'><strong><em>inter</em></strong></span> <span class='ocrx_word' id='word_1_448' title='bbox 2576 2552 2739 2608; x_wconf 85' lang='lat' dir='ltr'><strong><em>opera</em></strong></span> <span class='ocrx_word' id='word_1_449' title='bbox 2783 2538 3086 2610; x_wconf 78' lang='lat' dir='ltr'><strong><em>theologica</em></strong></span> <span class='ocrx_word' id='word_1_450' title='bbox 3110 2540 3289 2595; x_wconf 91' lang='lat' dir='ltr'><strong><em>locum</em></strong></span> <span class='ocrx_word' id='word_1_451' title='bbox 3315 2548 3486 2604; x_wconf 87' lang='lat' dir='ltr'><strong><em>tenet,</em></strong></span> <span class='ocrx_word' id='word_1_452' title='bbox 3540 2538 3649 2593; x_wconf 71' lang='lat' dir='ltr'><strong><em>Ex-</em></strong></span> 
     </span>
    </p>
   </div>
   <div class='ocr_carea' id='block_1_70' title="bbox 2071 2628 3650 2704">
    <p class='ocr_par' dir='ltr' id='par_1_70' title="bbox 2071 2628 3650 2704">
     <span class='ocr_line' id='line_1_70' title="bbox 2071 2628 3650 2704; baseline 0.005 -26"><span class='ocrx_word' id='word_1_453' title='bbox 2071 2628 2262 2692; x_wconf 86' lang='lat' dir='ltr'><strong><em>positio</em></strong></span> <span class='ocrx_word' id='word_1_454' title='bbox 2290 2629 2748 2698; x_wconf 76' lang='lat' dir='ltr'><strong><em>ﬁdeiCltristianaz</em></strong></span> <span class='ocrx_word' id='word_1_455' title='bbox 2780 2650 2960 2687; x_wconf 88' lang='lat' dir='ltr'><strong><em>coram</em></strong></span> <span class='ocrx_word' id='word_1_456' title='bbox 3004 2634 3300 2688; x_wconf 85' lang='lat' dir='ltr'><strong><em>Turcarum</em></strong></span> <span class='ocrx_word' id='word_1_457' title='bbox 3328 2636 3650 2704; x_wconf 83' lang='lat' dir='ltr'><strong><em>imperatore</em></strong></span> 
     </span>
    </p>
   </div>
   <div class='ocr_carea' id='block_1_71' title="bbox 2075 2722 3654 2799">
    <p class='ocr_par' dir='ltr' id='par_1_71' title="bbox 2075 2722 3654 2799">
     <span class='ocr_line' id='line_1_71' title="bbox 2075 2722 3654 2799; baseline 0.008 -26"><span class='ocrx_word' id='word_1_458' title='bbox 2075 2722 2389 2779; x_wconf 80' lang='lat' dir='ltr'><strong><em>Multamede</em></strong></span> <span class='ocrx_word' id='word_1_459' title='bbox 2417 2726 2584 2793; x_wconf 77' lang='lat' dir='ltr'><strong><em>facta,</em></strong></span> <span class='ocrx_word' id='word_1_460' title='bbox 2614 2738 2663 2781; x_wconf 88' lang='lat' dir='ltr'><strong><em>et</em></strong></span> <span class='ocrx_word' id='word_1_461' title='bbox 2689 2731 2887 2795; x_wconf 85' lang='lat' dir='ltr'><strong><em>scripto</em></strong></span> <span class='ocrx_word' id='word_1_462' title='bbox 2916 2730 3310 2799; x_wconf 79' lang='lat' dir='ltr'><strong><em>comprehensa.</em></strong></span> <span class='ocrx_word' id='word_1_463' title='bbox 3348 2731 3525 2799; x_wconf 88' lang='lat' dir='ltr'><strong><em>llujus</em></strong></span> <span class='ocrx_word' id='word_1_464' title='bbox 3555 2732 3654 2784; x_wconf 85' lang='lat' dir='ltr'><strong><em>du-</em></strong></span> 
     </span>
    </p>
   </div>
   <div class='ocr_carea' id='block_1_72' title="bbox 2075 2816 3649 2891">
    <p class='ocr_par' dir='ltr' id='par_1_72' title="bbox 2075 2816 3649 2891">
     <span class='ocr_line' id='line_1_72' title="bbox 2075 2816 3649 2891; baseline 0.004 -24"><span class='ocrx_word' id='word_1_465' title='bbox 2075 2816 2194 2883; x_wconf 81' lang='lat' dir='ltr'><strong><em>plex</em></strong></span> <span class='ocrx_word' id='word_1_466' title='bbox 2215 2817 2379 2873; x_wconf 86' lang='lat' dir='ltr'><strong><em>editio</em></strong></span> <span class='ocrx_word' id='word_1_467' title='bbox 2396 2830 2497 2883; x_wconf 91' lang='lat' dir='ltr'><strong><em>est,</em></strong></span> <span class='ocrx_word' id='word_1_468' title='bbox 2528 2821 2697 2875; x_wconf 86' lang='lat' dir='ltr'><strong><em>altera</em></strong></span> <span class='ocrx_word' id='word_1_469' title='bbox 2730 2823 3018 2891; x_wconf 81' lang='lat' dir='ltr'><strong><em>prolixior,</em></strong></span> <span class='ocrx_word' id='word_1_470' title='bbox 3048 2824 3219 2877; x_wconf 84' lang='lat' dir='ltr'><strong><em>altera</em></strong></span> <span class='ocrx_word' id='word_1_471' title='bbox 3247 2825 3489 2878; x_wconf 81' lang='lat' dir='ltr'><strong><em>brevior.</em></strong></span> <span class='ocrx_word' id='word_1_472' title='bbox 3527 2822 3649 2875; x_wconf 83' lang='lat' dir='ltr'><strong><em>Prt-</em></strong></span> 
     </span>
    </p>
   </div>
   <div class='ocr_carea' id='block_1_73' title="bbox 2076 2911 3649 2985">
    <p class='ocr_par' dir='ltr' id='par_1_73' title="bbox 2076 2911 3649 2985">
     <span class='ocr_line' id='line_1_73' title="bbox 2076 2911 3649 2985; baseline 0.006 -25"><span class='ocrx_word' id='word_1_473' title='bbox 2076 2923 2175 2965; x_wconf 73' lang='lat' dir='ltr'><strong><em>ma:</em></strong></span> <span class='ocrx_word' id='word_1_474' title='bbox 2205 2911 2393 2965; x_wconf 89' lang='lat' dir='ltr'><strong><em>titulus</em></strong></span> <span class='ocrx_word' id='word_1_475' title='bbox 2426 2912 2478 2965; x_wconf 87' lang='lat' dir='ltr'><strong><em>in</em></strong></span> <span class='ocrx_word' id='word_1_476' title='bbox 2527 2923 2718 2968; x_wconf 86' lang='lat' dir='ltr'><strong><em>nostro</em></strong></span> <span class='ocrx_word' id='word_1_477' title='bbox 2780 2924 2835 2967; x_wconf 93' lang='lat' dir='ltr'><strong><em>ct</em></strong></span> <span class='ocrx_word' id='word_1_478' title='bbox 2890 2913 3077 2985; x_wconf 76' lang='lat' dir='ltr'><strong><em>Regiis</em></strong></span> <span class='ocrx_word' id='word_1_479' title='bbox 3123 2916 3281 2970; x_wconf 84' lang='lat' dir='ltr'><strong><em>codd.</em></strong></span> <span class='ocrx_word' id='word_1_480' title='bbox 3344 2917 3467 2971; x_wconf 88' lang='lat' dir='ltr'><strong><em>talis</em></strong></span> <span class='ocrx_word' id='word_1_481' title='bbox 3521 2928 3649 2971; x_wconf 86' lang='lat' dir='ltr'><strong><em>est:</em></strong></span> 
     </span>
    </p>
   </div>
   <div class='ocr_carea' id='block_1_74' title="bbox 2074 2998 3650 3076">
    <p class='ocr_par' dir='ltr' id='par_1_74' title="bbox 2074 2998 3650 3076">
     <span class='ocr_line' id='line_1_74' title="bbox 2074 2998 3650 3076; baseline 0.005 -25"><span class='ocrx_word' id='word_1_482' title='bbox 2074 2998 2113 3051; x_wconf 92' lang='grc' dir='ltr'><strong>Γ</strong></span> <span class='ocrx_word' id='word_1_483' title='bbox 2116 3000 2355 3054; x_wconf 84' lang='grc' dir='ltr'>ενναδίου</span> <span class='ocrx_word' id='word_1_484' title='bbox 2391 3004 2625 3073; x_wconf 83' lang='grc' dir='ltr'>μοναχοῦ</span> <span class='ocrx_word' id='word_1_485' title='bbox 2667 3007 2762 3059; x_wconf 79' lang='grc' dir='ltr'>καὶ</span> <span class='ocrx_word' id='word_1_486' title='bbox 2781 3009 3124 3076; x_wconf 72' lang='grc' dir='ltr'>πατριάρχου</span> <span class='ocrx_word' id='word_1_487' title='bbox 3148 3008 3256 3060; x_wconf 85' lang='grc' dir='ltr'>τῶν</span> <span class='ocrx_word' id='word_1_488' title='bbox 3284 3005 3380 3060; x_wconf 81' lang='grc' dir='ltr'>τοῦ</span> <span class='ocrx_word' id='word_1_489' title='bbox 3411 3008 3650 3074; x_wconf 74' lang='grc' dir='ltr'>Χριστο]</span> 
     </span>
    </p>
   </div>
   <div class='ocr_carea' id='block_1_75' title="bbox 2075 3093 3650 3172">
    <p class='ocr_par' dir='ltr' id='par_1_75' title="bbox 2075 3093 3650 3172">
     <span class='ocr_line' id='line_1_75' title="bbox 2075 3093 3650 3172; baseline 0.006 -28"><span class='ocrx_word' id='word_1_490' title='bbox 2075 3093 2349 3165; x_wconf 82' lang='grc' dir='ltr'><strong><em>πενήτων,</em></strong></span> <span class='ocrx_word' id='word_1_491' title='bbox 2387 3097 2639 3167; x_wconf 75' lang='grc' dir='ltr'>περὶτῆς</span> <span class='ocrx_word' id='word_1_492' title='bbox 2682 3101 2849 3169; x_wconf 80' lang='grc' dir='ltr'>μόνης</span> <span class='ocrx_word' id='word_1_493' title='bbox 2873 3100 2994 3153; x_wconf 80' lang='grc' dir='ltr'>ὁδοῦ</span> <span class='ocrx_word' id='word_1_494' title='bbox 3047 3102 3182 3169; x_wconf 76' lang='grc' dir='ltr'>πρὸς</span> <span class='ocrx_word' id='word_1_495' title='bbox 3211 3104 3309 3172; x_wconf 75' lang='grc' dir='ltr'>τὴν</span> <span class='ocrx_word' id='word_1_496' title='bbox 3372 3106 3650 3171; x_wconf 77' lang='grc' dir='ltr'>σωτηρίαν</span> 
     </span>
    </p>
   </div>
   <div class='ocr_carea' id='block_1_76' title="bbox 2072 3186 3648 3266">
    <p class='ocr_par' dir='ltr' id='par_1_76' title="bbox 2072 3186 3648 3266">
     <span class='ocr_line' id='line_1_76' title="bbox 2072 3186 3648 3266; baseline 0.005 -26"><span class='ocrx_word' id='word_1_497' title='bbox 2072 3186 2181 3241; x_wconf 84' lang='grc' dir='ltr'>τῶν</span> <span class='ocrx_word' id='word_1_498' title='bbox 2212 3188 2536 3259; x_wconf 82' lang='grc' dir='ltr'>ἀνθρώπων.</span> <span class='ocrx_word' id='word_1_499' title='bbox 2590 3192 2835 3263; x_wconf 78' lang='grc' dir='ltr'><strong><em>Ἐξεδὸθη</em></strong></span> <span class='ocrx_word' id='word_1_500' title='bbox 2862 3191 2918 3245; x_wconf 79' lang='grc' dir='ltr'>δὲ</span> <span class='ocrx_word' id='word_1_501' title='bbox 2939 3191 3017 3264; x_wconf 81' lang='grc' dir='ltr'>τῷ</span> <span class='ocrx_word' id='word_1_502' title='bbox 3059 3194 3335 3266; x_wconf 83' lang='grc' dir='ltr'>σουλτάνῳ</span> <span class='ocrx_word' id='word_1_503' title='bbox 3362 3198 3648 3266; x_wconf 74' lang='grc' dir='ltr'>αἰτήσαντι</span> 
     </span>
    </p>
   </div>
   <div class='ocr_carea' id='block_1_77' title="bbox 2074 3280 3651 3361">
    <p class='ocr_par' dir='ltr' id='par_1_77' title="bbox 2074 3280 3651 3361">
     <span class='ocr_line' id='line_1_77' title="bbox 2074 3280 3651 3361; baseline 0.007 -30"><span class='ocrx_word' id='word_1_504' title='bbox 2074 3280 2216 3347; x_wconf 81' lang='grc' dir='ltr'>μετὰ</span> <span class='ocrx_word' id='word_1_505' title='bbox 2239 3282 2339 3343; x_wconf 79' lang='grc' dir='ltr'><strong><em>τὰς</em></strong></span> <span class='ocrx_word' id='word_1_506' title='bbox 2368 3282 2598 3337; x_wconf 77' lang='grc' dir='ltr'>ἐνώπιον</span> <span class='ocrx_word' id='word_1_507' title='bbox 2620 3284 2785 3339; x_wconf 79' lang='grc' dir='ltr'>αὑτοῦ</span> <span class='ocrx_word' id='word_1_508' title='bbox 2804 3285 3070 3351; x_wconf 78' lang='grc' dir='ltr'>διαλέξεις</span> <span class='ocrx_word' id='word_1_509' title='bbox 3094 3290 3153 3339; x_wconf 80' lang='grc' dir='ltr'><strong><em>ἐν</em></strong></span> <span class='ocrx_word' id='word_1_510' title='bbox 3174 3288 3253 3357; x_wconf 82' lang='grc' dir='ltr'>τῷ</span> <span class='ocrx_word' id='word_1_511' title='bbox 3273 3291 3651 3361; x_wconf 75' lang='grc' dir='ltr'>πατριαρχείῳ</span> 
     </span>
    </p>
   </div>
   <div class='ocr_carea' id='block_1_78' title="bbox 2070 3374 3649 3454">
    <p class='ocr_par' dir='ltr' id='par_1_78' title="bbox 2070 3374 3649 3454">
     <span class='ocr_line' id='line_1_78' title="bbox 2070 3374 3649 3454; baseline 0.008 -29"><span class='ocrx_word' id='word_1_512' title='bbox 2070 3374 2190 3427; x_wconf 82' lang='grc' dir='ltr'>τότε</span> <span class='ocrx_word' id='word_1_513' title='bbox 2222 3378 2645 3447; x_wconf 83' lang='grc' dir='ltr'>γεγεννημένας·</span> <span class='ocrx_word' id='word_1_514' title='bbox 2685 3382 2779 3433; x_wconf 77' lang='grc' dir='ltr'><strong><em>καὶ</em></strong></span> <span class='ocrx_word' id='word_1_515' title='bbox 2821 3380 2960 3451; x_wconf 82' lang='grc' dir='ltr'>μετὰ</span> <span class='ocrx_word' id='word_1_516' title='bbox 2999 3382 3158 3435; x_wconf 83' lang='grc' dir='ltr'>τοῦτο</span> <span class='ocrx_word' id='word_1_517' title='bbox 3201 3382 3332 3436; x_wconf 79' lang='grc' dir='ltr'>ἄλλο</span> <span class='ocrx_word' id='word_1_518' title='bbox 3365 3386 3649 3454; x_wconf 78' lang='grc' dir='ltr'>συντομώ-</span> 
     </span>
    </p>
   </div>
   <div class='ocr_carea' id='block_1_79' title="bbox 2070 3469 3649 3547">
    <p class='ocr_par' dir='ltr' id='par_1_79' title="bbox 2070 3469 3649 3547">
     <span class='ocr_line' id='line_1_79' title="bbox 2070 3469 3649 3547; baseline 0.008 -27"><span class='ocrx_word' id='word_1_519' title='bbox 2070 3485 2224 3537; x_wconf 82' lang='grc' dir='ltr'>τερον</span> <span class='ocrx_word' id='word_1_520' title='bbox 2258 3469 2499 3543; x_wconf 78' lang='grc' dir='ltr'>έξεδόϐη.</span> <span class='ocrx_word' id='word_1_521' title='bbox 2543 3471 2895 3545; x_wconf 72' lang='grc' dir='ltr'>Ήρμηνεύθη</span> <span class='ocrx_word' id='word_1_522' title='bbox 2913 3473 2970 3527; x_wconf 79' lang='grc' dir='ltr'>δὲ</span> <span class='ocrx_word' id='word_1_523' title='bbox 3003 3474 3290 3547; x_wconf 79' lang='grc' dir='ltr'>ἀμφότερα</span> <span class='ocrx_word' id='word_1_524' title='bbox 3317 3475 3649 3547; x_wconf 72' lang='grc' dir='ltr'><strong><em>Ἀραϐικῶς,</em></strong></span> 
     </span>
    </p>
   </div>
   <div class='ocr_carea' id='block_1_80' title="bbox 2070 3560 3650 3638">
    <p class='ocr_par' dir='ltr' id='par_1_80' title="bbox 2070 3560 3650 3638">
     <span class='ocr_line' id='line_1_80' title="bbox 2070 3560 3650 3638; baseline 0.007 -24"><span class='ocrx_word' id='word_1_525' title='bbox 2070 3562 2164 3615; x_wconf 73' lang='grc' dir='ltr'>καὶ</span> <span class='ocrx_word' id='word_1_526' title='bbox 2186 3560 2357 3623; x_wconf 76' lang='grc' dir='ltr'>οὕτως</span> <span class='ocrx_word' id='word_1_527' title='bbox 2388 3563 2662 3633; x_wconf 67' lang='grc' dir='ltr'>ἐδόθησαν.</span> <span class='ocrx_word' id='word_1_528' title='bbox 2696 3564 2956 3622; x_wconf 82' lang='lat' dir='ltr'><strong><em>Gennadii</em></strong></span> <span class='ocrx_word' id='word_1_529' title='bbox 2976 3570 3219 3622; x_wconf 80' lang='lat' dir='ltr'><strong><em>monac/ti</em></strong></span> <span class='ocrx_word' id='word_1_530' title='bbox 3254 3579 3304 3623; x_wconf 90' lang='lat' dir='ltr'><strong><em>et</em></strong></span> <span class='ocrx_word' id='word_1_531' title='bbox 3331 3573 3650 3638; x_wconf 74' lang='lat' dir='ltr'><strong><em>patriarcha:</em></strong></span> 
     </span>
    </p>
   </div>
   <div class='ocr_carea' id='block_1_81' title="bbox 2069 3652 3645 3725">
    <p class='ocr_par' dir='ltr' id='par_1_81' title="bbox 2069 3652 3645 3725">
     <span class='ocr_line' id='line_1_81' title="bbox 2069 3652 3645 3725; baseline 0.007 -20"><span class='ocrx_word' id='word_1_532' title='bbox 2069 3652 2273 3708; x_wconf 79' lang='lat' dir='ltr'><strong><em>Christi</em></strong></span> <span class='ocrx_word' id='word_1_533' title='bbox 2307 3670 2598 3725; x_wconf 79' lang='lat' dir='ltr'><strong><em>pauperum</em></strong></span> <span class='ocrx_word' id='word_1_534' title='bbox 2638 3659 2700 3712; x_wconf 90' lang='lat' dir='ltr'><strong><em>de</em></strong></span> <span class='ocrx_word' id='word_1_535' title='bbox 2720 3660 2838 3713; x_wconf 89' lang='lat' dir='ltr'><strong><em>sola</em></strong></span> <span class='ocrx_word' id='word_1_536' title='bbox 2880 3662 2959 3719; x_wconf 80' lang='lat' dir='ltr'><strong><em>via</em></strong></span> <span class='ocrx_word' id='word_1_537' title='bbox 2983 3663 3051 3713; x_wconf 88' lang='lat' dir='ltr'><strong><em>ad</em></strong></span> <span class='ocrx_word' id='word_1_538' title='bbox 3084 3661 3313 3715; x_wconf 80' lang='lat' dir='ltr'><strong><em>salutem</em></strong></span> <span class='ocrx_word' id='word_1_539' title='bbox 3352 3666 3645 3717; x_wconf 79' lang='lat' dir='ltr'><strong><em>hominum.</em></strong></span> 
     </span>
    </p>
   </div>
   <div class='ocr_carea' id='block_1_82' title="bbox 2068 3745 3649 3825">
    <p class='ocr_par' dir='ltr' id='par_1_82' title="bbox 2068 3745 3649 3825">
     <span class='ocr_line' id='line_1_82' title="bbox 2068 3745 3649 3825; baseline 0.008 -25"><span class='ocrx_word' id='word_1_540' title='bbox 2068 3745 2263 3801; x_wconf 87' lang='lat' dir='ltr'><strong><em>Datum</em></strong></span> <span class='ocrx_word' id='word_1_541' title='bbox 2299 3766 2418 3804; x_wconf 87' lang='lat' dir='ltr'><strong><em>vero</em></strong></span> <span class='ocrx_word' id='word_1_542' title='bbox 2457 3751 2650 3806; x_wconf 83' lang='lat' dir='ltr'><strong><em>esthoc</em></strong></span> <span class='ocrx_word' id='word_1_543' title='bbox 2678 3770 2805 3822; x_wconf 86' lang='lat' dir='ltr'><strong><em>opus</em></strong></span> <span class='ocrx_word' id='word_1_544' title='bbox 2841 3755 3055 3809; x_wconf 81' lang='lat' dir='ltr'><strong><em>sultano</em></strong></span> <span class='ocrx_word' id='word_1_545' title='bbox 3088 3756 3310 3825; x_wconf 85' lang='lat' dir='ltr'><strong><em>petenti,</em></strong></span> <span class='ocrx_word' id='word_1_546' title='bbox 3362 3768 3477 3825; x_wconf 85' lang='lat' dir='ltr'><strong><em>post</em></strong></span> <span class='ocrx_word' id='word_1_547' title='bbox 3500 3759 3649 3812; x_wconf 52' lang='lat' dir='ltr'><strong><em>Itabi.</em></strong></span> 
     </span>
    </p>
   </div>
   <div class='ocr_carea' id='block_1_83' title="bbox 2069 3848 3650 3915">
    <p class='ocr_par' dir='ltr' id='par_1_83' title="bbox 2069 3848 3650 3915">
     <span class='ocr_line' id='line_1_83' title="bbox 2069 3848 3650 3915; baseline 0.008 -21"><span class='ocrx_word' id='word_1_548' title='bbox 2069 3850 2150 3897; x_wconf 88' lang='lat' dir='ltr'><strong><em>tas</em></strong></span> <span class='ocrx_word' id='word_1_549' title='bbox 2181 3860 2362 3898; x_wconf 86' lang='lat' dir='ltr'><strong><em>coram</em></strong></span> <span class='ocrx_word' id='word_1_550' title='bbox 2395 3861 2454 3900; x_wconf 88' lang='lat' dir='ltr'><strong><em>eo</em></strong></span> <span class='ocrx_word' id='word_1_551' title='bbox 2494 3848 2880 3914; x_wconf 81' lang='lat' dir='ltr'><strong><em>disputationes</em></strong></span> <span class='ocrx_word' id='word_1_552' title='bbox 2906 3849 2961 3901; x_wconf 87' lang='lat' dir='ltr'><strong><em>in</em></strong></span> <span class='ocrx_word' id='word_1_553' title='bbox 2990 3849 3338 3915; x_wconf 83' lang='lat' dir='ltr'><strong><em>patriarchio,</em></strong></span> <span class='ocrx_word' id='word_1_554' title='bbox 3377 3861 3424 3904; x_wconf 81' lang='lat' dir='ltr'><strong><em>et</em></strong></span> <span class='ocrx_word' id='word_1_555' title='bbox 3458 3852 3650 3906; x_wconf 82' lang='lat' dir='ltr'><strong><em>deinde</em></strong></span> 
     </span>
    </p>
   </div>
   <div class='ocr_carea' id='block_1_84' title="bbox 2068 3937 3664 3997">
    <p class='ocr_par' dir='ltr' id='par_1_84' title="bbox 2068 3937 3664 3997">
     <span class='ocr_line' id='line_1_84' title="bbox 2068 3937 3664 3997; baseline 0.003 -8"><span class='ocrx_word' id='word_1_556' title='bbox 2068 3937 2213 3990; x_wconf 82' lang='lat' dir='ltr'><strong><em>aliud</em></strong></span> <span class='ocrx_word' id='word_1_557' title='bbox 2237 3937 2445 3991; x_wconf 80' lang='lat' dir='ltr'><strong><em>brevius</em></strong></span> <span class='ocrx_word' id='word_1_558' title='bbox 2473 3940 2764 3991; x_wconf 83' lang='lat' dir='ltr'><strong><em>editum‘est</em></strong></span> <span class='ocrx_word' id='word_1_559' title='bbox 2800 3942 2994 3993; x_wconf 83' lang='lat' dir='ltr'><strong><em>:ambo</em></strong></span> <span class='ocrx_word' id='word_1_560' title='bbox 3025 3948 3199 3994; x_wconf 85' lang='lat' dir='ltr'><strong><em>autem</em></strong></span> <span class='ocrx_word' id='word_1_561' title='bbox 3238 3942 3467 3997; x_wconf 74' lang='lat' dir='ltr'><strong><em>Arabiae</em></strong></span> <span class='ocrx_word' id='word_1_562' title='bbox 3487 3944 3664 3997; x_wconf 77' lang='lat' dir='ltr'><strong><em>inter-.</em></strong></span> 
     </span>
    </p>
   </div>
   <div class='ocr_carea' id='block_1_85' title="bbox 2066 4030 3651 4104">
    <p class='ocr_par' dir='ltr' id='par_1_85' title="bbox 2066 4030 3651 4104">
     <span class='ocr_line' id='line_1_85' title="bbox 2066 4030 3651 4104; baseline 0.003 -24"><span class='ocrx_word' id='word_1_563' title='bbox 2066 4037 2278 4097; x_wconf 84' lang='lat' dir='ltr'><strong><em>pretata</em></strong></span> <span class='ocrx_word' id='word_1_564' title='bbox 2302 4040 2420 4082; x_wconf 86' lang='lat' dir='ltr'><strong><em>sunt</em></strong></span> <span class='ocrx_word' id='word_1_565' title='bbox 2444 4040 2491 4082; x_wconf 87' lang='lat' dir='ltr'><strong><em>et</em></strong></span> <span class='ocrx_word' id='word_1_566' title='bbox 2517 4031 2590 4082; x_wconf 82' lang='lat' dir='ltr'><strong><em>ita</em></strong></span> <span class='ocrx_word' id='word_1_567' title='bbox 2613 4030 2905 4099; x_wconf 79' lang='lat' dir='ltr'><strong><em>publicata.</em></strong></span> <span class='ocrx_word' id='word_1_568' title='bbox 2932 4033 3160 4086; x_wconf 77' lang='lat' dir='ltr'><strong><em>Arabico</em></strong></span> <span class='ocrx_word' id='word_1_569' title='bbox 3185 4048 3307 4085; x_wconf 90' lang='lat' dir='ltr'><strong><em>cum</em></strong></span> <span class='ocrx_word' id='word_1_570' title='bbox 3330 4035 3651 4104; x_wconf 64' lang='lat' dir='ltr'><strong><em>interpretu-</em></strong></span> 
     </span>
    </p>
   </div>
   <div class='ocr_carea' id='block_1_86' title="bbox 2068 4120 3648 4193">
    <p class='ocr_par' dir='ltr' id='par_1_86' title="bbox 2068 4120 3648 4193">
     <span class='ocr_line' id='line_1_86' title="bbox 2068 4120 3648 4193; baseline 0.004 -17"><span class='ocrx_word' id='word_1_571' title='bbox 2068 4132 2180 4176; x_wconf 92' lang='lat' dir='ltr'><strong><em>tum</em></strong></span> <span class='ocrx_word' id='word_1_572' title='bbox 2205 4125 2382 4185; x_wconf 87' lang='lat' dir='ltr'><strong><em>aiuut,</em></strong></span> <span class='ocrx_word' id='word_1_573' title='bbox 2404 4121 2634 4175; x_wconf 84' lang='lat' dir='ltr'><strong><em>Turcicc</em></strong></span> <span class='ocrx_word' id='word_1_574' title='bbox 2668 4120 2932 4189; x_wconf 76' lang='lat' dir='ltr'><strong><em>intelligo;</em></strong></span> <span class='ocrx_word' id='word_1_575' title='bbox 2956 4138 3133 4193; x_wconf 86' lang='lat' dir='ltr'><strong><em>neque</em></strong></span> <span class='ocrx_word' id='word_1_576' title='bbox 3151 4130 3298 4181; x_wconf 87' lang='lat' dir='ltr'><strong><em>eulm</em></strong></span> <span class='ocrx_word' id='word_1_577' title='bbox 3322 4127 3489 4181; x_wconf 88' lang='lat' dir='ltr'><strong><em>ullum</em></strong></span> <span class='ocrx_word' id='word_1_578' title='bbox 3512 4130 3648 4183; x_wconf 77' lang='lat' dir='ltr'><strong><em>Ara-</em></strong></span> 
     </span>
    </p>
   </div>
   <div class='ocr_carea' id='block_1_87' title="bbox 2066 4214 3648 4286">
    <p class='ocr_par' dir='ltr' id='par_1_87' title="bbox 2066 4214 3648 4286">
     <span class='ocr_line' id='line_1_87' title="bbox 2066 4214 3648 4286; baseline 0.003 -17"><span class='ocrx_word' id='word_1_579' title='bbox 2066 4214 2203 4269; x_wconf 68' lang='lat' dir='ltr'><strong><em>bica:</em></strong></span> <span class='ocrx_word' id='word_1_580' title='bbox 2226 4217 2495 4271; x_wconf 79' lang='lat' dir='ltr'><strong><em>versionis</em></strong></span> <span class='ocrx_word' id='word_1_581' title='bbox 2523 4216 2807 4286; x_wconf 70' lang='lat' dir='ltr'><strong><em>vestigium</em></strong></span> <span class='ocrx_word' id='word_1_582' title='bbox 2841 4217 2897 4270; x_wconf 91' lang='lat' dir='ltr'><strong><em>in</em></strong></span> <span class='ocrx_word' id='word_1_583' title='bbox 2928 4216 3082 4271; x_wconf 82' lang='lat' dir='ltr'><strong><em>codd.</em></strong></span> <span class='ocrx_word' id='word_1_584' title='bbox 3108 4233 3293 4284; x_wconf 89' lang='lat' dir='ltr'><strong><em>mss.,;</em></strong></span> <span class='ocrx_word' id='word_1_585' title='bbox 3320 4228 3497 4274; x_wconf 83' lang='lat' dir='ltr'><strong><em>exstat</em></strong></span> <span class='ocrx_word' id='word_1_586' title='bbox 3517 4220 3648 4273; x_wconf 78' lang='lat' dir='ltr'><strong><em>illud</em></strong></span> 
     </span>
    </p>
   </div>
   <div class='ocr_carea' id='block_1_88' title="bbox 2066 4306 3651 4383">
    <p class='ocr_par' dir='ltr' id='par_1_88' title="bbox 2066 4306 3651 4383">
     <span class='ocr_line' id='line_1_88' title="bbox 2066 4306 3651 4383; baseline 0.001 -17"><span class='ocrx_word' id='word_1_587' title='bbox 2066 4311 2120 4366; x_wconf 89' lang='lat' dir='ltr'><strong><em>in</em></strong></span> <span class='ocrx_word' id='word_1_588' title='bbox 2151 4307 2425 4379; x_wconf 85' lang='lat' dir='ltr'><strong><em>plerisque</em></strong></span> <span class='ocrx_word' id='word_1_589' title='bbox 2452 4310 2757 4364; x_wconf 84' lang='lat' dir='ltr'><strong><em>codicibus.</em></strong></span> <span class='ocrx_word' id='word_1_590' title='bbox 2783 4306 2859 4365; x_wconf 86' lang='lat' dir='ltr'><strong><em>De</em></strong></span> <span class='ocrx_word' id='word_1_591' title='bbox 2886 4324 2951 4365; x_wconf 90' lang='lat' dir='ltr'><strong><em>eo</em></strong></span> <span class='ocrx_word' id='word_1_592' title='bbox 2991 4312 3226 4367; x_wconf 82' lang='lat' dir='ltr'><strong><em>Altatius</em></strong></span> <span class='ocrx_word' id='word_1_593' title='bbox 3256 4327 3309 4383; x_wconf 88' lang='lat' dir='ltr'><strong><em>p.</em></strong></span> <span class='ocrx_word' id='word_1_594' title='bbox 3342 4311 3470 4367; x_wconf 72' lang='lat'><strong><em>402.</em></strong></span> <span class='ocrx_word' id='word_1_595' title='bbox 3524 4313 3651 4368; x_wconf 87' lang='lat' dir='ltr'><strong><em>Bre-</em></strong></span> 
     </span>
    </p>
   </div>
   <div class='ocr_carea' id='block_1_89' title="bbox 2064 4392 3653 4476">
    <p class='ocr_par' dir='ltr' id='par_1_89' title="bbox 2064 4392 3653 4476">
     <span class='ocr_line' id='line_1_89' title="bbox 2064 4392 3653 4476; baseline -0.001 -15"><span class='ocrx_word' id='word_1_596' title='bbox 2064 4404 2187 4461; x_wconf 83' lang='lat' dir='ltr'><strong><em>vias</em></strong></span> <span class='ocrx_word' id='word_1_597' title='bbox 2201 4406 2433 4459; x_wconf 86' lang='lat' dir='ltr'><strong><em>alterum</em></strong></span> <span class='ocrx_word' id='word_1_598' title='bbox 2451 4392 2775 4474; x_wconf 84' lang='lat' dir='ltr'><strong><em>opusculum</em></strong></span> <span class='ocrx_word' id='word_1_599' title='bbox 2804 4402 2945 4458; x_wconf 89' lang='lat' dir='ltr'><strong><em>idem</em></strong></span> <span class='ocrx_word' id='word_1_600' title='bbox 2981 4405 3227 4476; x_wconf 83' lang='lat' dir='ltr'><strong><em>estquod</em></strong></span> <span class='ocrx_word' id='word_1_601' title='bbox 3252 4407 3420 4463; x_wconf 85' lang='lat' dir='ltr'><strong><em>edidit</em></strong></span> <span class='ocrx_word' id='word_1_602' title='bbox 3454 4405 3653 4460; x_wconf 79' lang='lat' dir='ltr'><strong><em>Turca-</em></strong></span> 
     </span>
    </p>
   </div>
   <div class='ocr_carea' id='block_1_90' title="bbox 2066 4495 3647 4562">
    <p class='ocr_par' dir='ltr' id='par_1_90' title="bbox 2066 4495 3647 4562">
     <span class='ocr_line' id='line_1_90' title="bbox 2066 4495 3647 4562; baseline 0 -9"><span class='ocrx_word' id='word_1_603' title='bbox 2066 4495 2284 4553; x_wconf 77' lang='lat' dir='ltr'><strong><em>Grtecia:</em></strong></span> <span class='ocrx_word' id='word_1_604' title='bbox 2314 4497 2410 4553; x_wconf 78' lang='lat' dir='ltr'><strong><em>lib.</em></strong></span> <span class='ocrx_word' id='word_1_605' title='bbox 2441 4512 2477 4551; x_wconf 89' lang='lat' dir='ltr'><strong><em>ll</em></strong></span> <span class='ocrx_word' id='word_1_606' title='bbox 2505 4497 2767 4551; x_wconf 81' lang='lat' dir='ltr'><strong><em>Martinus</em></strong></span> <span class='ocrx_word' id='word_1_607' title='bbox 2799 4496 3194 4562; x_wconf 85' lang='lat' dir='ltr'><strong><em>Crusius,cum</em></strong></span> <span class='ocrx_word' id='word_1_608' title='bbox 3221 4500 3471 4555; x_wconf 77' lang='lat' dir='ltr'><strong><em>versione</em></strong></span> <span class='ocrx_word' id='word_1_609' title='bbox 3500 4502 3647 4554; x_wconf 73' lang='lat' dir='ltr'><strong><em>Tur-</em></strong></span> 
     </span>
    </p>
   </div>
   <div class='ocr_carea' id='block_1_91' title="bbox 456 4583 3650 4666">
    <p class='ocr_par' dir='ltr' id='par_1_91' title="bbox 456 4583 3650 4666">
     <span class='ocr_line' id='line_1_91' title="bbox 456 4583 3650 4666; baseline 0.003 -24"><span class='ocrx_word' id='word_1_610' title='bbox 456 4583 902 4658; x_wconf 42' lang='lat' dir='ltr'><strong><em>Multas‘praater</em></strong></span> <span class='ocrx_word' id='word_1_611' title='bbox 963 4596 1312 4646; x_wconf 75' lang='lat' dir='ltr'><strong><em>enumeratos</em></strong></span> <span class='ocrx_word' id='word_1_612' title='bbox 1370 4603 1400 4644; x_wconf 91' lang='lat' dir='ltr'><strong><em>a</em></strong></span> <span class='ocrx_word' id='word_1_613' title='bbox 1466 4589 1625 4645; x_wconf 79' lang='lat' dir='ltr'><strong><em>nobis</em></strong></span> <span class='ocrx_word' id='word_1_614' title='bbox 1698 4588 1964 4647; x_wconf 81' lang='lat' dir='ltr'><strong><em>llomilias</em></strong></span> <span class='ocrx_word' id='word_1_615' title='bbox 2000 4590 2039 4644; x_wconf 92' lang='lat' dir='ltr'>D</span> <span class='ocrx_word' id='word_1_616' title='bbox 2071 4593 2184 4646; x_wconf 90' lang='lat' dir='ltr'><strong><em>cica</em></strong></span> <span class='ocrx_word' id='word_1_617' title='bbox 2204 4599 2423 4662; x_wconf 75' lang='lat' dir='ltr'><strong><em>quze,ut</em></strong></span> <span class='ocrx_word' id='word_1_618' title='bbox 2452 4588 2642 4644; x_wconf 89' lang='lat' dir='ltr'><strong><em>titulus</em></strong></span> <span class='ocrx_word' id='word_1_619' title='bbox 2666 4588 2851 4654; x_wconf 84' lang='lat' dir='ltr'><strong><em>habet,</em></strong></span> <span class='ocrx_word' id='word_1_620' title='bbox 2873 4588 3013 4643; x_wconf 80' lang='lat' dir='ltr'><strong><em>facta</em></strong></span> <span class='ocrx_word' id='word_1_621' title='bbox 3034 4599 3119 4646; x_wconf 91' lang='lat' dir='ltr'><strong><em>est</em></strong></span> <span class='ocrx_word' id='word_1_622' title='bbox 3143 4591 3650 4666; x_wconf 74' lang='lat' dir='ltr'><strong><em>abAluuetojudSee</em></strong></span> 
     </span>
    </p>
   </div>
   <div class='ocr_carea' id='block_1_92' title="bbox 382 4683 1961 4757">
    <p class='ocr_par' dir='ltr' id='par_1_92' title="bbox 382 4683 1961 4757">
     <span class='ocr_line' id='line_1_92' title="bbox 382 4683 1961 4757; baseline 0.001 -20"><span class='ocrx_word' id='word_1_623' title='bbox 382 4683 673 4752; x_wconf 83' lang='lat' dir='ltr'><strong><em>scripsisse</em></strong></span> <span class='ocrx_word' id='word_1_624' title='bbox 732 4683 1081 4738; x_wconf 88' lang='lat' dir='ltr'><strong><em>Gennadium</em></strong></span> <span class='ocrx_word' id='word_1_625' title='bbox 1138 4692 1373 4739; x_wconf 87' lang='lat' dir='ltr'><strong><em>testatur</em></strong></span> <span class='ocrx_word' id='word_1_626' title='bbox 1428 4683 1545 4757; x_wconf 91' lang='lat' dir='ltr'><strong><em>ipse</em></strong></span> <span class='ocrx_word' id='word_1_627' title='bbox 1597 4684 1652 4737; x_wconf 88' lang='lat' dir='ltr'><strong><em>in</em></strong></span> <span class='ocrx_word' id='word_1_628' title='bbox 1717 4684 1961 4754; x_wconf 84' lang='lat' dir='ltr'><strong><em>Epistola</em></strong></span> 
     </span>
    </p>
   </div>
   <div class='ocr_carea' id='block_1_93' title="bbox 382 4774 1963 4849">
    <p class='ocr_par' dir='ltr' id='par_1_93' title="bbox 382 4774 1963 4849">
     <span class='ocr_line' id='line_1_93' title="bbox 382 4774 1963 4849; baseline 0.004 -26"><span class='ocrx_word' id='word_1_629' title='bbox 382 4780 636 4845; x_wconf 76' lang='lat' dir='ltr'><strong><em>quadam,</em></strong></span> <span class='ocrx_word' id='word_1_630' title='bbox 662 4776 715 4831; x_wconf 88' lang='lat' dir='ltr'><strong><em>in</em></strong></span> <span class='ocrx_word' id='word_1_631' title='bbox 746 4793 853 4846; x_wconf 84' lang='lat' dir='ltr'><strong><em>qua</em></strong></span> <span class='ocrx_word' id='word_1_632' title='bbox 878 4779 944 4831; x_wconf 88' lang='lat' dir='ltr'><strong><em>de</em></strong></span> <span class='ocrx_word' id='word_1_633' title='bbox 969 4776 1083 4831; x_wconf 87' lang='lat' dir='ltr'><strong><em>suis</em></strong></span> <span class='ocrx_word' id='word_1_634' title='bbox 1106 4776 1369 4849; x_wconf 86' lang='lat' dir='ltr'><strong><em>operibus</em></strong></span> <span class='ocrx_word' id='word_1_635' title='bbox 1417 4774 1486 4831; x_wconf 85' lang='lat' dir='ltr'><strong><em>ad</em></strong></span> <span class='ocrx_word' id='word_1_636' title='bbox 1548 4779 1786 4831; x_wconf 87' lang='lat' dir='ltr'><strong><em>amicum</em></strong></span> <span class='ocrx_word' id='word_1_637' title='bbox 1818 4777 1963 4831; x_wconf 87' lang='lat' dir='ltr'><strong><em>scri-</em></strong></span> 
     </span>
    </p>
   </div>
   <div class='ocr_carea' id='block_1_94' title="bbox 382 4870 1964 4941">
    <p class='ocr_par' dir='ltr' id='par_1_94' title="bbox 382 4870 1964 4941">
     <span class='ocr_line' id='line_1_94' title="bbox 382 4870 1964 4941; baseline -0.003 -14"><span class='ocrx_word' id='word_1_638' title='bbox 382 4874 463 4927; x_wconf 86' lang='lat' dir='ltr'><strong><em>bit</em></strong></span> <span class='ocrx_word' id='word_1_639' title='bbox 490 4889 504 4923; x_wconf 92' lang='lat'>:</span> <span class='ocrx_word' id='word_1_640' title='bbox 535 4872 659 4926; x_wconf 81' lang='grc' dir='ltr'>Ἒτι</span> <span class='ocrx_word' id='word_1_641' title='bbox 690 4872 743 4925; x_wconf 81' lang='grc' dir='ltr'>δὲ</span> <span class='ocrx_word' id='word_1_642' title='bbox 772 4872 980 4941; x_wconf 80' lang='grc' dir='ltr'>ὁμιλίαι</span> <span class='ocrx_word' id='word_1_643' title='bbox 1006 4871 1060 4925; x_wconf 82' lang='lat' dir='ltr'><strong><em>al</em></strong></span> <span class='ocrx_word' id='word_1_644' title='bbox 1091 4870 1517 4941; x_wconf 79' lang='grc' dir='ltr'>σχεδιασθεϊσαι,</span> <span class='ocrx_word' id='word_1_645' title='bbox 1569 4870 1656 4923; x_wconf 72' lang='grc' dir='ltr'>ἵνα</span> <span class='ocrx_word' id='word_1_646' title='bbox 1693 4872 1830 4940; x_wconf 74' lang='grc' dir='ltr'><strong><em>μετὰ</em></strong></span> <span class='ocrx_word' id='word_1_647' title='bbox 1863 4870 1964 4932; x_wconf 78' lang='grc' dir='ltr'><strong><em>τὰς</em></strong></span> 
     </span>
    </p>
   </div>
   <div class='ocr_carea' id='block_1_95' title="bbox 380 4962 1962 5036">
    <p class='ocr_par' dir='ltr' id='par_1_95' title="bbox 380 4962 1962 5036">
     <span class='ocr_line' id='line_1_95' title="bbox 380 4962 1962 5036; baseline -0.003 -17"><span class='ocrx_word' id='word_1_648' title='bbox 380 4967 489 5019; x_wconf 67' lang='grc' dir='ltr'>ἀπὸ</span> <span class='ocrx_word' id='word_1_649' title='bbox 532 4966 797 5036; x_wconf 78' lang='grc' dir='ltr'><strong><em>στόματος</em></strong></span> <span class='ocrx_word' id='word_1_650' title='bbox 855 4965 1227 5035; x_wconf 74' lang='grc' dir='ltr'>γενησομένας</span> <span class='ocrx_word' id='word_1_651' title='bbox 1258 4963 1472 5034; x_wconf 81' lang='grc' dir='ltr'>ὁμιλίας</span> <span class='ocrx_word' id='word_1_652' title='bbox 1519 4962 1597 5035; x_wconf 82' lang='grc' dir='ltr'>τῷ</span> <span class='ocrx_word' id='word_1_653' title='bbox 1622 4963 1737 5035; x_wconf 81' lang='grc' dir='ltr'>λαῷ</span> <span class='ocrx_word' id='word_1_654' title='bbox 1773 4965 1962 5031; x_wconf 69' lang='grc' dir='ltr'>ἀναγι-</span> 
     </span>
    </p>
   </div>
   <div class='ocr_carea' id='block_1_96' title="bbox 379 5042 1952 5127">
    <p class='ocr_par' dir='ltr' id='par_1_96' title="bbox 379 5042 1952 5127">
     <span class='ocr_line' id='line_1_96' title="bbox 379 5042 1952 5127; baseline -0.003 -18"><span class='ocrx_word' id='word_1_655' title='bbox 379 5059 698 5111; x_wconf 77' lang='grc' dir='ltr'>νώσκωνται</span> <span class='ocrx_word' id='word_1_656' title='bbox 730 5059 897 5121; x_wconf 71' lang='grc' dir='ltr'>αὑτὰς</span> <span class='ocrx_word' id='word_1_657' title='bbox 928 5059 985 5109; x_wconf 79' lang='grc' dir='ltr'>ἐν</span> <span class='ocrx_word' id='word_1_658' title='bbox 1028 5042 1149 5119; x_wconf 83' lang='grc' dir='ltr'>ταῖς</span> <span class='ocrx_word' id='word_1_659' title='bbox 1205 5054 1520 5125; x_wconf 79' lang='grc' dir='ltr'><strong><em>ἐκκλησίαις</em></strong></span> <span class='ocrx_word' id='word_1_660' title='bbox 1548 5056 1669 5111; x_wconf 80' lang='grc' dir='ltr'>καθ’</span> <span class='ocrx_word' id='word_1_661' title='bbox 1716 5056 1952 5127; x_wconf 74' lang='grc' dir='ltr'>ἑκάστην</span> 
     </span>
    </p>
   </div>
   <div class='ocr_carea' id='block_1_97' title="bbox 379 5150 1949 5225">
    <p class='ocr_par' dir='ltr' id='par_1_97' title="bbox 379 5150 1949 5225">
     <span class='ocr_line' id='line_1_97' title="bbox 379 5150 1949 5225; baseline -0.003 -15"><span class='ocrx_word' id='word_1_662' title='bbox 379 5155 667 5225; x_wconf 76' lang='grc' dir='ltr'><strong><em>Κυριακὴν</em></strong></span> <span class='ocrx_word' id='word_1_663' title='bbox 694 5155 759 5207; x_wconf 81' lang='grc' dir='ltr'>ὲκ</span> <span class='ocrx_word' id='word_1_664' title='bbox 780 5155 1036 5225; x_wconf 81' lang='grc' dir='ltr'>διαδοχῆς</span> <span class='ocrx_word' id='word_1_665' title='bbox 1068 5152 1208 5224; x_wconf 80' lang='grc' dir='ltr'><strong><em>μετὰ</em></strong></span> <span class='ocrx_word' id='word_1_666' title='bbox 1232 5150 1293 5205; x_wconf 70' lang='grc' dir='ltr'>τὸ</span> <span class='ocrx_word' id='word_1_667' title='bbox 1314 5152 1538 5219; x_wconf 83' lang='grc' dir='ltr'>ἄριστον</span> <span class='ocrx_word' id='word_1_668' title='bbox 1561 5151 1949 5221; x_wconf 82' lang='grc' dir='ltr'>συναγομένων</span> 
     </span>
    </p>
   </div>
   <div class='ocr_carea' id='block_1_98' title="bbox 450 5306 1941 5381">
    <p class='ocr_par' dir='ltr' id='par_1_98' title="bbox 450 5306 1941 5381">
     <span class='ocr_line' id='line_1_98' title="bbox 450 5306 1941 5381; baseline -0.005 -15"><span class='ocrx_word' id='word_1_669' title='bbox 450 5314 526 5381; x_wconf 89' lang='lat' dir='ltr'><strong><em>(l)</em></strong></span> <span class='ocrx_word' id='word_1_670' title='bbox 562 5314 750 5367; x_wconf 78' lang='lat' dir='ltr'><strong><em>Exsrat</em></strong></span> <span class='ocrx_word' id='word_1_671' title='bbox 780 5310 928 5364; x_wconf 80' lang='lat' dir='ltr'><strong><em>idem</em></strong></span> <span class='ocrx_word' id='word_1_672' title='bbox 954 5308 1280 5381; x_wconf 75' lang='lat' dir='ltr'><strong><em>Opusculum</em></strong></span> <span class='ocrx_word' id='word_1_673' title='bbox 1301 5307 1358 5381; x_wconf 88' lang='lat' dir='ltr'><strong><em>_i_n</em></strong></span> <span class='ocrx_word' id='word_1_674' title='bbox 1386 5306 1526 5381; x_wconf 69' lang='lat' dir='ltr'><strong><em>bibl,</em></strong></span> <span class='ocrx_word' id='word_1_675' title='bbox 1588 5307 1941 5381; x_wconf 77' lang='lat' dir='ltr'><strong><em>imperatoria</em></strong></span> 
     </span>
    </p>
   </div>
   <div class='ocr_carea' id='block_1_99' title="bbox 381 5376 1945 5445">
    <p class='ocr_par' dir='ltr' id='par_1_99' title="bbox 381 5376 1945 5445">
     <span class='ocr_line' id='line_1_99' title="bbox 381 5376 1945 5445; baseline -0.004 -10"><span class='ocrx_word' id='word_1_676' title='bbox 381 5376 674 5438; x_wconf 52' lang='lat' dir='ltr'><strong><em>\‘teuueus’t</em></strong></span> <span class='ocrx_word' id='word_1_677' title='bbox 708 5382 771 5436; x_wconf 84' lang='lat' dir='ltr'><strong><em>ad</em></strong></span> <span class='ocrx_word' id='word_1_678' title='bbox 800 5382 896 5435; x_wconf 84' lang='lat' dir='ltr'><strong><em>Gr.</em></strong></span> <span class='ocrx_word' id='word_1_679' title='bbox 924 5376 1087 5435; x_wconf 75' lang='lat' dir='ltr'><strong><em>tltéol.</em></strong></span> <span class='ocrx_word' id='word_1_680' title='bbox 1119 5377 1245 5433; x_wconf 74' lang='grc'><strong><em>296.</em></strong></span> <span class='ocrx_word' id='word_1_681' title='bbox 1301 5376 1433 5433; x_wconf 82' lang='lat' dir='ltr'><strong><em>Vide</em></strong></span> <span class='ocrx_word' id='word_1_682' title='bbox 1479 5376 1734 5434; x_wconf 82' lang='lat' dir='ltr'><strong><em>Latubec.</em></strong></span> <span class='ocrx_word' id='word_1_683' title='bbox 1793 5379 1831 5435; x_wconf 87' lang='grc' dir='ltr'><strong><em>ι.</em></strong></span> <span class='ocrx_word' id='word_1_684' title='bbox 1894 5392 1945 5445; x_wconf 81' lang='lat' dir='ltr'><strong><em>v,</em></strong></span> 
     </span>
    </p>
   </div>
   <div class='ocr_carea' id='block_1_100' title="bbox 452 5518 1957 5597">
    <p class='ocr_par' dir='ltr' id='par_1_100' title="bbox 452 5518 1957 5597">
     <span class='ocr_line' id='line_1_100' title="bbox 452 5518 1957 5597; baseline -0.003 -19"><span class='ocrx_word' id='word_1_685' title='bbox 452 5525 508 5597; x_wconf 73' lang='lat'><strong><em>(‘2</em></strong></span> <span class='ocrx_word' id='word_1_686' title='bbox 552 5524 625 5578; x_wconf 81' lang='lat' dir='ltr'><strong><em>De</em></strong></span> <span class='ocrx_word' id='word_1_687' title='bbox 643 5522 841 5592; x_wconf 82' lang='lat' dir='ltr'><strong><em>duplici</em></strong></span> <span class='ocrx_word' id='word_1_688' title='bbox 860 5519 1569 5597; x_wconf 43' lang='lat' dir='ltr'><strong><em>Qeunaijiiconlessione-et</em></strong></span> <span class='ocrx_word' id='word_1_689' title='bbox 1594 5519 1657 5597; x_wconf 78' lang='lat' dir='ltr'><strong><em>de</em></strong></span> <span class='ocrx_word' id='word_1_690' title='bbox 1675 5518 1957 5597; x_wconf 30' lang='lat' dir='ltr'><strong><em>(leuandi-0</em></strong></span> 
     </span>
    </p>
   </div>
   <div class='ocr_carea' id='block_1_101' title="bbox 378 5588 1961 5667">
    <p class='ocr_par' dir='ltr' id='par_1_101' title="bbox 378 5588 1961 5667">
     <span class='ocr_line' id='line_1_101' title="bbox 378 5588 1961 5667; baseline -0.007 -15"><span class='ocrx_word' id='word_1_691' title='bbox 378 5588 498 5667; x_wconf 59' lang='lat' dir='ltr'><strong><em>ipso</em></strong></span> <span class='ocrx_word' id='word_1_692' title='bbox 520 5599 633 5667; x_wconf 74' lang='lat' dir='ltr'><strong><em>lucc</em></strong></span> <span class='ocrx_word' id='word_1_693' title='bbox 657 5588 849 5647; x_wconf 73' lang='lat' dir='ltr'><strong><em>scribit</em></strong></span> <span class='ocrx_word' id='word_1_694' title='bbox 872 5595 999 5667; x_wconf 78' lang='lat' dir='ltr'><strong><em>Ern.</em></strong></span> <span class='ocrx_word' id='word_1_695' title='bbox 1052 5591 1161 5667; x_wconf 68' lang='lat' dir='ltr'><strong><em>Jul.</em></strong></span> <span class='ocrx_word' id='word_1_696' title='bbox 1186 5590 1416 5667; x_wconf 79' lang='lat' dir='ltr'><strong><em>Kimrnel</em></strong></span> <span class='ocrx_word' id='word_1_697' title='bbox 1439 5590 1724 5667; x_wconf 75' lang='lat' dir='ltr'><strong><em>iul’roleg.</em></strong></span> <span class='ocrx_word' id='word_1_698' title='bbox 1761 5592 1834 5667; x_wconf 64' lang='lat' dir='ltr'><strong><em>ad</em></strong></span> <span class='ocrx_word' id='word_1_699' title='bbox 1856 5588 1961 5667; x_wconf 38' lang='lat' dir='ltr'><strong><em>lii—</em></strong></span> 
     </span>
    </p>
   </div>
   <div class='ocr_carea' id='block_1_102' title="bbox 379 5660 1965 5735">
    <p class='ocr_par' dir='ltr' id='par_1_102' title="bbox 379 5660 1965 5735">
     <span class='ocr_line' id='line_1_102' title="bbox 379 5660 1965 5735; baseline -0.005 -14"><span class='ocrx_word' id='word_1_700' title='bbox 379 5660 512 5722; x_wconf 70' lang='lat' dir='ltr'><strong><em>liros</em></strong></span> <span class='ocrx_word' id='word_1_701' title='bbox 562 5666 905 5735; x_wconf 87' lang='lat' dir='ltr'><strong><em>Symbolicos</em></strong></span> <span class='ocrx_word' id='word_1_702' title='bbox 956 5665 1211 5719; x_wconf 67' lang='lat' dir='ltr'><strong><em>Ecclesiae</em></strong></span> <span class='ocrx_word' id='word_1_703' title='bbox 1243 5660 1745 5735; x_wconf 72' lang='lat' dir='ltr'><strong><em>Urietttalis.le_ti-.c,</em></strong></span> <span class='ocrx_word' id='word_1_704' title='bbox 1772 5660 1910 5716; x_wconf 74' lang='lat' dir='ltr'><strong><em>l8l3</em></strong></span> <span class='ocrx_word' id='word_1_705' title='bbox 1950 5675 1965 5714; x_wconf 86' lang='lat'><strong>:</strong></span> 
     </span>
    </p>
   </div>
   <div class='ocr_carea' id='block_1_103' title="bbox 458 5733 1961 5803">
    <p class='ocr_par' dir='ltr' id='par_1_103' title="bbox 458 5733 1961 5803">
     <span class='ocr_line' id='line_1_103' title="bbox 458 5733 1961 5803; baseline -0.001 -15"><span class='ocrx_word' id='word_1_706' title='bbox 458 5758 476 5788; x_wconf 75' lang='grc' dir='ltr'>ι</span> <span class='ocrx_word' id='word_1_707' title='bbox 515 5733 635 5803; x_wconf 68' lang='lat' dir='ltr'><strong><em>Quo</em></strong></span> <span class='ocrx_word' id='word_1_708' title='bbox 679 5739 730 5787; x_wconf 87' lang='lat' dir='ltr'><strong><em>in</em></strong></span> <span class='ocrx_word' id='word_1_709' title='bbox 758 5750 981 5788; x_wconf 73' lang='lat' dir='ltr'><strong><em>&quot;uiuere</em></strong></span> <span class='ocrx_word' id='word_1_710' title='bbox 1017 5736 1335 5789; x_wconf 66' lang='lat' dir='ltr'><strong><em>Graecorum</em></strong></span> <span class='ocrx_word' id='word_1_711' title='bbox 1386 5733 1761 5802; x_wconf 66' lang='lat' dir='ltr'><strong><em>patriarcha“,</em></strong></span> <span class='ocrx_word' id='word_1_712' title='bbox 1800 5735 1961 5787; x_wconf 84' lang='lat' dir='ltr'><strong><em>rebus</em></strong></span> 
     </span>
    </p>
   </div>
   <div class='ocr_carea' id='block_1_104' title="bbox 381 5805 1966 5875">
    <p class='ocr_par' dir='ltr' id='par_1_104' title="bbox 381 5805 1966 5875">
     <span class='ocr_line' id='line_1_104' title="bbox 381 5805 1966 5875; baseline -0.004 -12"><span class='ocrx_word' id='word_1_713' title='bbox 381 5811 535 5863; x_wconf 75' lang='lat' dir='ltr'><strong><em>Valde</em></strong></span> <span class='ocrx_word' id='word_1_714' title='bbox 554 5807 897 5875; x_wconf 62' lang='lat' dir='ltr'><strong><em>ancipitibus,</em></strong></span> <span class='ocrx_word' id='word_1_715' title='bbox 917 5805 1229 5860; x_wconf 79' lang='lat' dir='ltr'><strong><em>Gennadius</em></strong></span> <span class='ocrx_word' id='word_1_716' title='bbox 1244 5817 1440 5874; x_wconf 82' lang='lat' dir='ltr'><strong><em>quanta</em></strong></span> <span class='ocrx_word' id='word_1_717' title='bbox 1466 5805 1748 5875; x_wconf 75' lang='lat' dir='ltr'><strong><em>prudentia</em></strong></span> <span class='ocrx_word' id='word_1_718' title='bbox 1769 5818 1826 5857; x_wconf 84' lang='lat' dir='ltr'><strong><em>se</em></strong></span> <span class='ocrx_word' id='word_1_719' title='bbox 1846 5817 1966 5870; x_wconf 73' lang='lat' dir='ltr'><strong><em>ges-</em></strong></span> 
     </span>
    </p>
   </div>
   <div class='ocr_carea' id='block_1_105' title="bbox 379 5872 1963 5946">
    <p class='ocr_par' dir='ltr' id='par_1_105' title="bbox 379 5872 1963 5946">
     <span class='ocr_line' id='line_1_105' title="bbox 379 5872 1963 5946; baseline -0.007 -10"><span class='ocrx_word' id='word_1_720' title='bbox 379 5883 541 5946; x_wconf 70' lang='lat' dir='ltr'><strong><em>serit,</em></strong></span> <span class='ocrx_word' id='word_1_721' title='bbox 582 5893 643 5933; x_wconf 75' lang='lat' dir='ltr'><strong><em>cx</em></strong></span> <span class='ocrx_word' id='word_1_722' title='bbox 676 5872 745 5931; x_wconf 73' lang='lat' dir='ltr'><strong><em>eo</em></strong></span> <span class='ocrx_word' id='word_1_723' title='bbox 786 5885 952 5944; x_wconf 79' lang='lat' dir='ltr'><strong><em>patet,</em></strong></span> <span class='ocrx_word' id='word_1_724' title='bbox 990 5872 1272 5945; x_wconf 75' lang='lat' dir='ltr'><strong><em>quomodo</em></strong></span> <span class='ocrx_word' id='word_1_725' title='bbox 1304 5891 1563 5943; x_wconf 78' lang='lat' dir='ltr'><strong><em>eumipsa</em></strong></span> <span class='ocrx_word' id='word_1_726' title='bbox 1586 5872 1963 5927; x_wconf 77' lang='lat' dir='ltr'><strong><em>Muhamtuede</em></strong></span> 
     </span>
    </p>
   </div>
   <div class='ocr_carea' id='block_1_106' title="bbox 2065 4681 3649 4755">
    <p class='ocr_par' dir='ltr' id='par_1_106' title="bbox 2065 4681 3649 4755">
     <span class='ocr_line' id='line_1_106' title="bbox 2065 4681 3649 4755; baseline 0.003 -16"><span class='ocrx_word' id='word_1_727' title='bbox 2065 4684 2357 4752; x_wconf 62' lang='lat' dir='ltr'><strong><em>Bel&#39;l&#39;llmtlt,</em></strong></span> <span class='ocrx_word' id='word_1_728' title='bbox 2377 4695 2531 4753; x_wconf 85' lang='lat' dir='ltr'><strong><em>patre</em></strong></span> <span class='ocrx_word' id='word_1_729' title='bbox 2548 4681 2846 4741; x_wconf 79' lang='lat' dir='ltr'><strong><em>Mabumuti</em></strong></span> <span class='ocrx_word' id='word_1_730' title='bbox 2865 4682 3082 4737; x_wconf 86' lang='lat' dir='ltr'><strong><em>Cbelebi</em></strong></span> <span class='ocrx_word' id='word_1_731' title='bbox 3096 4722 3110 4747; x_wconf 87' lang='lat'><strong><em>,</em></strong></span> <span class='ocrx_word' id='word_1_732' title='bbox 3130 4684 3325 4738; x_wconf 70' lang='lat' dir='ltr'><strong><em>scribae</em></strong></span> <span class='ocrx_word' id='word_1_733' title='bbox 3353 4688 3649 4755; x_wconf 83' lang='lat' dir='ltr'><strong><em>imperato-</em></strong></span> 
     </span>
    </p>
   </div>
   <div class='ocr_carea' id='block_1_107' title="bbox 2066 4764 3650 4847">
    <p class='ocr_par' dir='ltr' id='par_1_107' title="bbox 2066 4764 3650 4847">
     <span class='ocr_line' id='line_1_107' title="bbox 2066 4764 3650 4847; baseline 0.003 -15"><span class='ocrx_word' id='word_1_734' title='bbox 2066 4778 2154 4833; x_wconf 87' lang='lat' dir='ltr'><strong><em>rii.</em></strong></span> <span class='ocrx_word' id='word_1_735' title='bbox 2185 4776 2440 4847; x_wconf 85' lang='lat' dir='ltr'><strong><em>Ejusdem</em></strong></span> <span class='ocrx_word' id='word_1_736' title='bbox 2471 4776 2751 4845; x_wconf 83' lang='lat' dir='ltr'><strong><em>exemplar</em></strong></span> <span class='ocrx_word' id='word_1_737' title='bbox 2788 4764 2953 4829; x_wconf 86' lang='lat' dir='ltr'><strong><em>simul</em></strong></span> <span class='ocrx_word' id='word_1_738' title='bbox 2984 4790 3110 4830; x_wconf 84' lang='lat' dir='ltr'><strong><em>cuin</em></strong></span> <span class='ocrx_word' id='word_1_739' title='bbox 3137 4773 3368 4830; x_wconf 78' lang='lat' dir='ltr'><strong><em>Turcica</em></strong></span> <span class='ocrx_word' id='word_1_740' title='bbox 3404 4780 3650 4836; x_wconf 72' lang='lat' dir='ltr'><strong><em>versione</em></strong></span> 
     </span>
    </p>
   </div>
   <div class='ocr_carea' id='block_1_108' title="bbox 2063 4864 3648 4939">
    <p class='ocr_par' dir='ltr' id='par_1_108' title="bbox 2063 4864 3648 4939">
     <span class='ocr_line' id='line_1_108' title="bbox 2063 4864 3648 4939; baseline 0.002 -16"><span class='ocrx_word' id='word_1_741' title='bbox 2063 4869 2466 4939; x_wconf 73' lang='lat' dir='ltr'><strong><em>elegantissima</em></strong></span> <span class='ocrx_word' id='word_1_742' title='bbox 2504 4865 2961 4933; x_wconf 80' lang='lat' dir='ltr'><strong><em>iuanuseriptum,</em></strong></span> <span class='ocrx_word' id='word_1_743' title='bbox 3017 4866 3109 4919; x_wconf 88' lang='lat' dir='ltr'><strong><em>sed</em></strong></span> <span class='ocrx_word' id='word_1_744' title='bbox 3172 4864 3377 4923; x_wconf 76' lang='lat' dir='ltr'><strong><em>Grzccis</em></strong></span> <span class='ocrx_word' id='word_1_745' title='bbox 3427 4868 3648 4937; x_wconf 83' lang='lat' dir='ltr'><strong><em>litteris,</em></strong></span> 
     </span>
    </p>
   </div>
   <div class='ocr_carea' id='block_1_109' title="bbox 2062 4959 3649 5032">
    <p class='ocr_par' dir='ltr' id='par_1_109' title="bbox 2062 4959 3649 5032">
     <span class='ocr_line' id='line_1_109' title="bbox 2062 4959 3649 5032; baseline 0 -14"><span class='ocrx_word' id='word_1_746' title='bbox 2062 4974 2117 5019; x_wconf 88' lang='lat' dir='ltr'><strong><em>et</em></strong></span> <span class='ocrx_word' id='word_1_747' title='bbox 2149 4962 2401 5018; x_wconf 83' lang='lat' dir='ltr'><strong><em>fortassis</em></strong></span> <span class='ocrx_word' id='word_1_748' title='bbox 2434 4962 2574 5015; x_wconf 87' lang='lat' dir='ltr'><strong><em>idem</em></strong></span> <span class='ocrx_word' id='word_1_749' title='bbox 2603 4959 2742 5027; x_wconf 86' lang='lat' dir='ltr'><strong><em>quod</em></strong></span> <span class='ocrx_word' id='word_1_750' title='bbox 2772 4968 2865 5013; x_wconf 89' lang='lat' dir='ltr'><strong><em>aut</em></strong></span> <span class='ocrx_word' id='word_1_751' title='bbox 2886 4959 3227 5029; x_wconf 82' lang='lat' dir='ltr'><strong><em>imperatori,</em></strong></span> <span class='ocrx_word' id='word_1_752' title='bbox 3266 4970 3361 5017; x_wconf 89' lang='lat' dir='ltr'><strong><em>aut</em></strong></span> <span class='ocrx_word' id='word_1_753' title='bbox 3388 4965 3649 5032; x_wconf 85' lang='lat' dir='ltr'><strong><em>primario</em></strong></span> 
     </span>
    </p>
   </div>
   <div class='ocr_carea' id='block_1_110' title="bbox 2061 5054 3649 5119">
    <p class='ocr_par' dir='ltr' id='par_1_110' title="bbox 2061 5054 3649 5119">
     <span class='ocr_line' id='line_1_110' title="bbox 2061 5054 3649 5119; baseline -0.011 -2"><span class='ocrx_word' id='word_1_754' title='bbox 2061 5061 2223 5117; x_wconf 82' lang='lat' dir='ltr'><strong><em>alicui</em></strong></span> <span class='ocrx_word' id='word_1_755' title='bbox 2255 5059 2447 5111; x_wconf 74' lang='lat' dir='ltr'><strong><em>Turca:</em></strong></span> <span class='ocrx_word' id='word_1_756' title='bbox 2475 5056 2808 5109; x_wconf 82' lang='lat' dir='ltr'><strong><em>destinatum</em></strong></span> <span class='ocrx_word' id='word_1_757' title='bbox 2846 5054 2970 5119; x_wconf 82' lang='lat' dir='ltr'><strong><em>fuit,</em></strong></span> <span class='ocrx_word' id='word_1_758' title='bbox 2998 5054 3232 5111; x_wconf 82' lang='lat' dir='ltr'><strong><em>habetur</em></strong></span> <span class='ocrx_word' id='word_1_759' title='bbox 3259 5056 3309 5110; x_wconf 89' lang='lat' dir='ltr'><strong><em>iu</em></strong></span> <span class='ocrx_word' id='word_1_760' title='bbox 3350 5058 3649 5113; x_wconf 77' lang='lat' dir='ltr'><strong><em>bibliOIlte-</em></strong></span> 
     </span>
    </p>
   </div>
   <div class='ocr_carea' id='block_1_111' title="bbox 2059 5150 2694 5225">
    <p class='ocr_par' dir='ltr' id='par_1_111' title="bbox 2059 5150 2694 5225">
     <span class='ocr_line' id='line_1_111' title="bbox 2059 5150 2694 5225; baseline -0.009 -15"><span class='ocrx_word' id='word_1_761' title='bbox 2059 5169 2121 5210; x_wconf 87' lang='lat' dir='ltr'><strong><em>ca</em></strong></span> <span class='ocrx_word' id='word_1_762' title='bbox 2160 5153 2304 5225; x_wconf 82' lang='lat' dir='ltr'><strong><em>regia</em></strong></span> <span class='ocrx_word' id='word_1_763' title='bbox 2332 5160 2389 5206; x_wconf 88' lang='lat' dir='ltr'><strong><em>u°</em></strong></span> <span class='ocrx_word' id='word_1_764' title='bbox 2416 5150 2550 5207; x_wconf 69' lang='grc'>2961</span> <span class='ocrx_word' id='word_1_765' title='bbox 2597 5150 2694 5220; x_wconf 72' lang='grc'><strong><em>(2).</em></strong></span> 
     </span>
    </p>
   </div>
   <div class='ocr_carea' id='block_1_112' title="bbox 2048 5302 3645 5377">
    <p class='ocr_par' dir='ltr' id='par_1_112' title="bbox 2048 5302 3645 5377">
     <span class='ocr_line' id='line_1_112' title="bbox 2048 5302 3645 5377; baseline -0.006 -15"><span class='ocrx_word' id='word_1_766' title='bbox 2048 5314 2297 5362; x_wconf 72' lang='lat' dir='ltr'><strong><em>versatus</em></strong></span> <span class='ocrx_word' id='word_1_767' title='bbox 2316 5306 2402 5373; x_wconf 82' lang='lat' dir='ltr'><strong><em>sit,</em></strong></span> <span class='ocrx_word' id='word_1_768' title='bbox 2425 5313 2475 5360; x_wconf 89' lang='lat' dir='ltr'><strong><em>et</em></strong></span> <span class='ocrx_word' id='word_1_769' title='bbox 2492 5305 2909 5377; x_wconf 75' lang='lat' dir='ltr'><strong><em>quantum.apud</em></strong></span> <span class='ocrx_word' id='word_1_770' title='bbox 2928 5320 3051 5377; x_wconf 77' lang='lat' dir='ltr'><strong><em>e_um</em></strong></span> <span class='ocrx_word' id='word_1_771' title='bbox 3068 5304 3319 5358; x_wconf 80' lang='lat' dir='ltr'><strong><em>valuerit.</em></strong></span> <span class='ocrx_word' id='word_1_772' title='bbox 3336 5302 3489 5377; x_wconf 81' lang='lat' dir='ltr'><strong><em>Quod</em></strong></span> <span class='ocrx_word' id='word_1_773' title='bbox 3505 5306 3645 5356; x_wconf 70' lang='lat' dir='ltr'><strong><em>enTm</em></strong></span> 
     </span>
    </p>
   </div>
   <div class='ocr_carea' id='block_1_113' title="bbox 2055 5374 3649 5448">
    <p class='ocr_par' dir='ltr' id='par_1_113' title="bbox 2055 5374 3649 5448">
     <span class='ocr_line' id='line_1_113' title="bbox 2055 5374 3649 5448; baseline -0.001 -18"><span class='ocrx_word' id='word_1_774' title='bbox 2055 5379 2143 5430; x_wconf 69' lang='lat' dir='ltr'><strong><em>\‘ix</em></strong></span> <span class='ocrx_word' id='word_1_775' title='bbox 2169 5380 2283 5432; x_wconf 77' lang='lat' dir='ltr'><strong><em>ﬁeri</em></strong></span> <span class='ocrx_word' id='word_1_776' title='bbox 2324 5393 2483 5448; x_wconf 85' lang='lat' dir='ltr'><strong><em>posse</em></strong></span> <span class='ocrx_word' id='word_1_777' title='bbox 2505 5374 2813 5444; x_wconf 43' lang='lat' dir='ltr'><strong><em>uidebatur,</em></strong></span> <span class='ocrx_word' id='word_1_778' title='bbox 2837 5386 2914 5448; x_wconf 83' lang='lat' dir='ltr'><strong><em>ut,</em></strong></span> <span class='ocrx_word' id='word_1_779' title='bbox 2938 5374 3326 5448; x_wconf 78' lang='lat' dir='ltr'><strong><em>Turcis,gente</em></strong></span> <span class='ocrx_word' id='word_1_780' title='bbox 3344 5375 3562 5427; x_wconf 82' lang='lat' dir='ltr'><strong><em>horrida</em></strong></span> <span class='ocrx_word' id='word_1_781' title='bbox 3586 5390 3649 5428; x_wconf 80' lang='lat' dir='ltr'><strong><em>ac</em></strong></span> 
     </span>
    </p>
   </div>
   <div class='ocr_carea' id='block_1_114' title="bbox 2060 5446 3644 5513">
    <p class='ocr_par' dir='ltr' id='par_1_114' title="bbox 2060 5446 3644 5513">
     <span class='ocr_line' id='line_1_114' title="bbox 2060 5446 3644 5513; baseline -0.004 -10"><span class='ocrx_word' id='word_1_782' title='bbox 2060 5446 2411 5508; x_wconf 75' lang='lat' dir='ltr'><strong><em>lcra.urbem</em></strong></span> <span class='ocrx_word' id='word_1_783' title='bbox 2458 5450 2795 5505; x_wconf 83' lang='lat' dir='ltr'><strong><em>tenentibus.</em></strong></span> <span class='ocrx_word' id='word_1_784' title='bbox 2835 5446 3007 5499; x_wconf 69' lang='lat' dir='ltr'><strong><em>Gricci</em></strong></span> <span class='ocrx_word' id='word_1_785' title='bbox 3054 5446 3644 5513; x_wconf 66' lang='lat' dir='ltr'><strong><em>possentiutraeatlutu</em></strong></span> 
     </span>
    </p>
   </div>
   <div class='ocr_carea' id='block_1_115' title="bbox 2066 5515 3649 5588">
    <p class='ocr_par' dir='ltr' id='par_1_115' title="bbox 2066 5515 3649 5588">
     <span class='ocr_line' id='line_1_115' title="bbox 2066 5515 3649 5588; baseline -0.003 -16"><span class='ocrx_word' id='word_1_786' title='bbox 2066 5522 2265 5572; x_wconf 74' lang='lat' dir='ltr'><strong><em>ntmuia</em></strong></span> <span class='ocrx_word' id='word_1_787' title='bbox 2287 5522 2581 5588; x_wconf 80' lang='lat' dir='ltr'><strong><em>tranquille</em></strong></span> <span class='ocrx_word' id='word_1_788' title='bbox 2618 5520 2837 5587; x_wconf 85' lang='lat' dir='ltr'><strong><em>degere,</em></strong></span> <span class='ocrx_word' id='word_1_789' title='bbox 2857 5518 2905 5567; x_wconf 81' lang='lat' dir='ltr'><strong><em>id</em></strong></span> <span class='ocrx_word' id='word_1_790' title='bbox 2924 5516 3246 5588; x_wconf 62' lang='lat' dir='ltr'><strong><em>patriarchm</em></strong></span> <span class='ocrx_word' id='word_1_791' title='bbox 3265 5529 3364 5582; x_wconf 78' lang='lat' dir='ltr'><strong><em>ope</em></strong></span> <span class='ocrx_word' id='word_1_792' title='bbox 3392 5525 3443 5566; x_wconf 82' lang='lat' dir='ltr'><strong><em>ct</em></strong></span> <span class='ocrx_word' id='word_1_793' title='bbox 3460 5515 3649 5588; x_wconf 61' lang='grc' dir='ltr'>ιιζηιιίιι</span> 
     </span>
    </p>
   </div>
   <div class='ocr_carea' id='block_1_116' title="bbox 2072 5584 3650 5654">
    <p class='ocr_par' dir='ltr' id='par_1_116' title="bbox 2072 5584 3650 5654">
     <span class='ocr_line' id='line_1_116' title="bbox 2072 5584 3650 5654; baseline -0.002 -11"><span class='ocrx_word' id='word_1_794' title='bbox 2072 5590 2103 5643; x_wconf 90' lang='lat' dir='ltr'><strong><em>li</em></strong></span> <span class='ocrx_word' id='word_1_795' title='bbox 2136 5590 2257 5644; x_wconf 83' lang='lat' dir='ltr'><strong><em>ﬁdei</em></strong></span> <span class='ocrx_word' id='word_1_796' title='bbox 2302 5584 2625 5644; x_wconf 62' lang='lat' dir='ltr'><strong><em>titulstiaruc</em></strong></span> <span class='ocrx_word' id='word_1_797' title='bbox 2690 5584 3031 5654; x_wconf 70' lang='lat' dir='ltr'><strong><em>expositione</em></strong></span> <span class='ocrx_word' id='word_1_798' title='bbox 3061 5585 3308 5637; x_wconf 72' lang='lat' dir='ltr'><strong><em>allectum</em></strong></span> <span class='ocrx_word' id='word_1_799' title='bbox 3342 5593 3444 5639; x_wconf 64' lang='lat' dir='ltr'><strong><em>est.</em></strong></span> <span class='ocrx_word' id='word_1_800' title='bbox 3474 5584 3650 5640; x_wconf 77' lang='lat' dir='ltr'><strong><em>liabe-</em></strong></span> 
     </span>
    </p>
   </div>
   <div class='ocr_carea' id='block_1_117' title="bbox 2077 5656 3649 5729">
    <p class='ocr_par' dir='ltr' id='par_1_117' title="bbox 2077 5656 3649 5729">
     <span class='ocr_line' id='line_1_117' title="bbox 2077 5656 3649 5729; baseline -0.004 -15"><span class='ocrx_word' id='word_1_801' title='bbox 2077 5677 2199 5716; x_wconf 87' lang='lat' dir='ltr'><strong><em>tuus</em></strong></span> <span class='ocrx_word' id='word_1_802' title='bbox 2236 5664 2546 5729; x_wconf 72' lang='lat' dir='ltr'><strong><em>\croliujus</em></strong></span> <span class='ocrx_word' id='word_1_803' title='bbox 2590 5660 2718 5727; x_wconf 75' lang='lat' dir='ltr'><strong><em>fidei</em></strong></span> <span class='ocrx_word' id='word_1_804' title='bbox 2767 5658 3115 5729; x_wconf 68' lang='lat' dir='ltr'><strong><em>confessionis</em></strong></span> <span class='ocrx_word' id='word_1_805' title='bbox 3152 5656 3424 5722; x_wconf 68' lang='lat' dir='ltr'><strong><em>diplicuu</em></strong></span> <span class='ocrx_word' id='word_1_806' title='bbox 3454 5667 3649 5710; x_wconf 69' lang='lat' dir='ltr'><strong><em>mutto-</em></strong></span> 
     </span>
    </p>
   </div>
   <div class='ocr_carea' id='block_1_118' title="bbox 2072 5728 3645 5799">
    <p class='ocr_par' dir='ltr' id='par_1_118' title="bbox 2072 5728 3645 5799">
     <span class='ocr_line' id='line_1_118' title="bbox 2072 5728 3645 5799; baseline -0.003 -16"><span class='ocrx_word' id='word_1_807' title='bbox 2072 5748 2195 5784; x_wconf 78' lang='lat' dir='ltr'><strong><em>item</em></strong></span> <span class='ocrx_word' id='word_1_808' title='bbox 2223 5749 2236 5787; x_wconf 85' lang='lat'><strong>;</strong></span> <span class='ocrx_word' id='word_1_809' title='bbox 2264 5728 2742 5799; x_wconf 51' lang='lat' dir='ltr'><strong><em>unaunuialogica</em></strong></span> <span class='ocrx_word' id='word_1_810' title='bbox 2788 5728 2973 5799; x_wconf 79' lang='lat' dir='ltr'><strong><em>forma</em></strong></span> <span class='ocrx_word' id='word_1_811' title='bbox 3004 5730 3388 5799; x_wconf 77' lang='lat' dir='ltr'><strong><em>cottsc_t&#39;_ipt:titi,</em></strong></span> <span class='ocrx_word' id='word_1_812' title='bbox 3423 5730 3645 5779; x_wconf 71' lang='lat' dir='ltr'><strong><em>alterum</em></strong></span> 
     </span>
    </p>
   </div>
   <div class='ocr_carea' id='block_1_119' title="bbox 2070 5797 3646 5869">
    <p class='ocr_par' dir='ltr' id='par_1_119' title="bbox 2070 5797 3646 5869">
     <span class='ocr_line' id='line_1_119' title="bbox 2070 5797 3646 5869; baseline -0.001 -16"><span class='ocrx_word' id='word_1_813' title='bbox 2070 5810 2329 5854; x_wconf 78' lang='lat' dir='ltr'><strong><em>continua</em></strong></span> <span class='ocrx_word' id='word_1_814' title='bbox 2347 5797 2753 5869; x_wconf 67' lang='lat' dir='ltr'><strong><em>oratione,i|use</em></strong></span> <span class='ocrx_word' id='word_1_815' title='bbox 2780 5808 2863 5852; x_wconf 88' lang='lat' dir='ltr'><strong><em>est</em></strong></span> <span class='ocrx_word' id='word_1_816' title='bbox 2897 5798 3084 5863; x_wconf 77' lang='lat' dir='ltr'><strong><em>prima:</em></strong></span> <span class='ocrx_word' id='word_1_817' title='bbox 3128 5797 3646 5869; x_wconf 74' lang='lat' dir='ltr'><strong><em>illiusrctractatio.</em></strong></span> 
     </span>
    </p>
   </div>
   <div class='ocr_carea' id='block_1_120' title="bbox 2071 5866 3647 5928">
    <p class='ocr_par' dir='ltr' id='par_1_120' title="bbox 2071 5866 3647 5928">
     <span class='ocr_line' id='line_1_120' title="bbox 2071 5866 3647 5928; baseline -0.002 -4"><span class='ocrx_word' id='word_1_818' title='bbox 2071 5871 2347 5928; x_wconf 57' lang='lat' dir='ltr'><strong><em>Indue-iur</em></strong></span> <span class='ocrx_word' id='word_1_819' title='bbox 2373 5873 2537 5926; x_wconf 80' lang='lat' dir='ltr'><strong><em>iuilla</em></strong></span> <span class='ocrx_word' id='word_1_820' title='bbox 2574 5866 2981 5925; x_wconf 42' lang='lat' dir='ltr'><strong><em>.ilu&#39;luiutmcdcs</em></strong></span> <span class='ocrx_word' id='word_1_821' title='bbox 3013 5869 3077 5923; x_wconf 81' lang='lat' dir='ltr'><strong><em>de</em></strong></span> <span class='ocrx_word' id='word_1_822' title='bbox 3104 5866 3349 5921; x_wconf 49' lang='lat' dir='ltr'><strong><em>articulis</em></strong></span> <span class='ocrx_word' id='word_1_823' title='bbox 3387 5869 3647 5922; x_wconf 67' lang='lat' dir='ltr'><strong><em>Ullusue-</em></strong></span> 
     </span>
    </p>
   </div>
  </div>
