3998 6464
235 428 344 493 305

1703 460 2053 525 ‘SCRIPTA.

3382 469 3496 538 306

232 546 428 600 culnris
453 558 608 615 esset,
638 549 940 618 Sophianus
976 559 1280 626 vocabatur,
1310 572 1358 616 et
1386 567 1625 621 omnibus
1658 570 1816 624 vitam
1846 580 1893 637 Α
1927 575 2048 645 felix
2075 579 2126 632 in
2162 579 2520 649 coniectando
2548 581 2868 643 Lambecius
2905 586 3029 652 fuit,
3055 586 3201 659 quod
3244 589 3497 659 sequenti

234 643 583 696 monasticam
623 650 989 705 exercentibus
1013 652 1066 705 in
1101 667 1290 709 sancto
1323 664 1645 716 monasterio
1679 664 1812 720 Sina

232 737 581 790 sanctissimis
610 740 1001 811 sacerdotibus,
1026 757 1076 800 et
1101 750 1224 802 ai'iis
1272 755 1563 811 monachis.
1594 756 1810 829 Incipit,

232 820 298 870 Al
326 826 534 891 γριφιὶ
561 825 661 896 τῆς
693 829 795 896 si;
824 832 1131 898 εὐλάϐεἰας.
1170 838 1366 909 Agitur
1390 842 1444 896 itt
1507 859 1571 899 ea
1605 844 1673 900 de
1710 820 1814 901 'va;

232 911 656 984 riisdisciplinze
724 923 1016 990 capitibus,
1082 931 1377 988 occasione
1444 950 1635 991 eorum
1692 954 1815 1009 quas

234 1018 341 1057 non
369 1015 516 1061 recte
544 1009 658 1064 illic
682 1026 741 1065 se
771 1012 974 1069 habere
1003 1017 1147 1075 circa
1180 1026 1396 1096 eosqui
1423 1022 1489 1081 ad
1536 1029 1812 1089 visitanda

233 1094 350 1148 loca
410 1113 567 1153 sacra
600 1104 800 1159 montis
851 1106 1000 1163 Siuai
1054 1094 1482 1185 conﬂuebant,a
1525 1119 1813 1180 Joachimo

231 1188 567 1259 ctGregorio
593 1198 876 1255 monachis
903 1200 1196 1263 didicerat.
1235 1206 1308 1263 De
1338 1211 1603 1284 episcopo
1628 1216 1808 1289 digni-

234 1286 397 1331 tatem
424 1282 729 1350 abdicanle,
790 1296 933 1359 quod
966 1296 1177 1363 absque
1209 1282 1547 1369 patriarchas
1587 1282 1810 1364 licentia

232 1383 387 1442 negat
423 1390 582 1442 posse
637 1379 753 1433 fieri
790 1399 804 1436 :
842 1399 909 1437 an
972 1387 1184 1459 absque
1241 1392 1476 1455 diacono
1533 1399 1814 1457 celebrare

228 1465 521 1535 episcopus
554 1473 749 1540 possit,
785 1478 932 1546 quod
969 1481 1135 1538 licere
1189 1486 1266 1540 ait
1318 1487 1371 1541 in
1426 1490 1652 1557 sacello,
1711 1507 1807 1549 seu

231 1560 645 1635 παρεκκλησίῳ,
679 1574 735 1621 et
773 1567 977 1626 factum
1015 1575 1083 1630 ab
1112 1576 1413 1649 Euthymio
1441 1590 1496 1637 et
1551 1582 1839 1642 Mattltaao'

233 1651 584 1719 pntriarchis,
620 1672 729 1712 non
771 1662 992 1729 publice
1032 1666 1084 1720 in
1119 1670 1397 1728 ecclesia:
1430 1672 1498 1729 de
1548 1677 1811 1749 episcopo

228 1742 458 1813 Bosniw,
498 1751 590 1817 qui
629 1754 833 1811 multos
866 1772 930 1811 ex
961 1757 1169 1818 Latina:
1188 1764 1469 1836 religionis
1494 1742 1810 1830 hominibus

226 1837 290 1891 :ul
326 1839 484 1895 Iidem
530 1842 793 1903 Ecclesiae
859 1850 1045 1909 Greece
1100 1856 1457 1917 adducebat:
1511 1863 1580 1918 de
1638 1864 1812 1921 Char-

1917 670 2166 739 excmplo
2204 672 2557 727 manifestum
2593 678 2718 730 erit.

1990 758 2282 816 Historiam
2311 764 2458 819 enim
2502 781 2685 821 rerum
2733 768 2875 824 inter
2909 769 3135 829 Latinos
3193 783 3247 829 et
3276 776 3496 830 Gra'cos

1914 848 2179 905 Ferrarite
2204 861 2257 907 et
2285 851 2576 909 Florentiae
2626 868 2904 927 gestarum
2932 862 3194 932 scriptam
3225 879 3256 919 a
3278 864 3496 920 Genna-

1916 939 2008 1015 di_o
2052 940 2243 1007 fuisse,
2287 960 2411 1013 qua!
2457 946 2510 998 in
2554 946 2804 1004 Ctesarea
2852 952 3183 1011 bibliotheca
3217 966 3495 1021 servetur,

1916 1033 2108 1089 scribit
2134 1037 2170 1088 l.
2199 1053 2312 1103 rut,
2346 1054 2397 1108 p.
2424 1039 2550 1095 ὅθί).
2575 1040 2831 1097 Codicem
2863 1046 2941 1098 ait
2967 1061 3088 1104 esse
3114 1047 3496 1114 chartaceum,

1915 1135 2129 1181 centum
2182 1138 2236 1184 et
2288 1131 2530 1186 sedecim
2582 1149 2856 1190 annorum
2905 1139 3021 1207 (ita
3084 1140 3358 1201 scribebat
3400 1156 3495 1197 an.

1916 1220 2054 1275 1679
2076 1221 2115 1281 i.
2146 1238 2248 1290 quo
2279 1225 2581 1278 continetur
2610 1227 3063 1295 pseudo-historia
3119 1232 3333 1286 concilii
3368 1231 3496 1287 Fer-

1915 1310 2169 1364 rariensis
2206 1322 2254 1365 et
2293 1312 2593 1367 Florentiui
2633 1333 2664 1368 a
2700 1315 2973 1372 Cennadio
3006 1319 3284 1375 Scholario
3318 1339 3497 1376 mona—

1915 1402 2012 1455 εΙιο
2066 1404 2404 1459 schismatico
2456 1403 2663 1468 Cm'ro.
2723 1420 2771 1462 et
2824 1400 3075 1466 Ecclesia:
3132 1411 3493 1468 Occidentalis

1912 1500 2161 1561 perpetuo
2200 1500 2263 1548 nc
2299 1496 2656 1564 inimicissimo
2711 1502 2878 1563 Itoste,
2930 1504 3018 1572 qui
3057 1513 3181 1573 ante
3211 1506 3494 1560 monacho-

1920 1593 2029 1637 tum
2066 1583 2323 1655 Georgius
2377 1586 2683 1644 Scholnrius
2716 1592 3010 1661 appellatus
3066 1594 3262 1662 fuerat,
3293 1606 3339 1649 et
3373 1606 3497 1649 ante

1913 1680 2358 1749 oppugnationem
2411 1680 2901 1751 Constantinopolis
2948 1702 3041 1756 per
3078 1685 3277 1741 Turcas
3308 1688 3499 1744 obiisse

1913 1770 2137 1836 videtur,
2175 1772 2405 1842 maligne
2437 1783 2594 1843 atque
2634 1776 2893 1838 iniuriose
2947 1780 3272 1850 conscripta.
3326 1782 3497 1847 Quem

1915 1863 2136 1919 titulum
2170 1865 2272 1919 sibi
2308 1866 2426 1934 ipse
2468 1866 2800 1925 Lambecius
2835 1871 3244 1926 consarcinavit
3292 1885 3356 1925 ex
3400 1871 3499 1927 fal.

222 1936 378 1987 tzeca
418 1936 684 2009 principe,
741 1958 905 2024 quem
939 1945 1009 2001 ad
1038 1949 1291 2005 eamdem
1340 1952 1617 2013 adducere
1665 1956 1809 2016 idem
1845 1939 1888 2017 Β
1916 1958 2154 2015 sissimis
2197 1960 2535 2028 coniecturis
2588 1961 2800 2015 Allatii.
2838 1963 2894 2018 lu
2929 1964 3051 2019 rod.
3104 1979 3232 2019 vero
3283 1980 3389 2021 ms.
3426 1966 3497 2020 ita

222 2025 515 2097 episcopus
550 2018 854 2088 conabatur
887 2052 901 2089 :
965 2053 1033 2092 ne
1070 2040 1123 2093 in
1168 2040 1417 2114 Liturgia
1476 2062 1811 2106 commemo-

223 2118 366 2172 ratio
399 2121 519 2191 ejus
538 2123 760 2191 publice
793 2128 911 2193 fiat,
955 2131 1085 2199 quia
1118 2134 1300 2189 adhuc
1352 2139 1693 2204 σκεπάζεται
1719 2143 1812 2198 τὸν

221 2213 669 2282 χριστιανισμὸν,
721 2217 1199 2280 christianismum
1241 2228 1575 2287 dissimulat.
1607 2232 1809 2291 Verum

222 2303 417 2375 asserit
447 2303 608 2361 licere
631 2306 685 2361 in
720 2310 1023 2377 gratiarum
1054 2316 1270 2373 actione
1301 2320 1365 2374 ad
1385 2337 1814 2396 mensam,prze-

222 2403 376 2448 settle
404 2396 524 2467 ipso
558 2413 721 2456 orare
744 2417 843 2472 pro
875 2406 1095 2462 eodem.
1132 2408 1225 2463 Ἐν
1280 2411 1337 2465 δὲ
1356 2416 1425 2486 τῇ
1484 2415 1811 2490 εὐχαριστίᾳ
1854 2454 1855 2459 η

222 2485 321 2577 γῆς
347 2485 807 2563 τραπέζηςὴμῶν
865 2499 1141 2567 παρόντος
1194 2505 1243 2557 εί
1316 2485 1810 2577 θέλετεεΰξασθαι

225 2575 365 2676 ὑπὲρ
384 2579 572 2645 αὐτοῦ,
602 2583 685 2637 ὅτι
723 2586 933 2657 Κύριος
965 2593 993 2645 ὁ
1014 2594 1147 2657 Θεὸς
1184 2594 1512 2668 διαφυλάξαι
1666 2603 1812 2676 ζωὴν

227 2666 320 2720 τοῦ
343 2670 603 2727 αὐθέντου
631 2677 943 2748 Χαρτζεκᾶ.
972 2684 1105 2752 Quis
1133 2687 1222 2742 ille
1245 2666 1431 2758 fuerit,
1458 2702 1553 2749 aut
1584 2666 1808 2764 quinam

228 2763 452 2818 nomine
483 2767 876 2841 Κουδουγέρων
911 2814 926 2839 ,
970 2778 1062 2847 qui
1093 2787 1153 2833 ut
1182 2780 1399 2838 videtur
1422 2786 1572 2841 illius
1592 2763 1799 2842 subditi

226 2865 408 2923 erant,
448 2859 787 2934 intelligendi
824 2866 961 2933 sint,
994 2871 1294 2929 nescimus.
1325 2873 1463 2931 Tum
1504 2878 1575 2933 de
1602 2879 1816 2937 Latinis

225 2960 274 3003 et
306 2954 585 3015 Armentis
612 2956 679 3011 ad
704 2956 819 3015 loca
871 2976 1032 3017 sacra
1061 2963 1326 3021 adorandi
1380 2983 1548 3025 causa
1584 2973 1815 3028 venien-

228 3041 380 3099 tibus
403 3046 620 3115 detlnit,
656 3065 764 3105 non
803 3053 1182 3124 repellendos,
1222 3059 1440 3117 etiamsi
1493 3062 1817 3136 heterodoxi

230 3146 283 3188 et
309 3138 610 3195 schismate
642 3142 710 3197 ab
759 3144 1005 3202 Ecclesia
1047 3149 1235 3206 Grates
1287 3151 1453 3209 divisi
1509 3156 1662 3213 sint;
1716 3173 1817 3214 nec

1871 2124 1875 2129 .
1912 2051 2207 2107 exhibetur
2240 2069 2255 2106 :
2292 2052 2585 2108 Γενναδιου
2638 2055 2938 2125 Σχολαρίου
2975 2056 3045 2111 τὰ
3094 2058 3152 2110 ὲν
3194 2061 3259 2128 τῇ
3296 2059 3500 2130 συνόδῳ

1914 2140 2237 2211 πραχθέντα
2306 2143 2374 2213 τῇ
2431 2143 2607 2216 ὀγδόῃ.
2673 2144 2972 2216 ίστορικῶς
3033 2149 3099 2218 τῇ
3162 2146 3498 2219 Φλωρεντίᾳ,

1914 2233 2179 2290 Geumrdii
2202 2233 2468 2292 Schotorii
2496 2246 2618 2293 acta
2672 2236 2967 2294 Florentia
2992 2240 3046 2294 in
3080 2249 3265 2295 octava
3298 2243 3499 2312 synodo

1913 2328 2162 2384 historice
2216 2329 2538 2398 conscripta.
2596 2328 2702 2397 Qui
2741 2331 2935 2388 titulus
2965 2332 3072 2388 nisi
3133 2335 3500 2405 typographu-

1913 2437 2032 2476 rum
2065 2422 2227 2492 culpa
2266 2431 2369 2489 est,
2401 2423 2535 2479 vitio
2571 2438 2681 2479 non
2719 2434 2891 2491 caret,
2948 2432 3003 2482 et
3050 2426 3306 2481 inertiam
3354 2428 3499 2482 scri-

1911 2514 2083 2585 ptoris
2105 2514 2330 2580 indicat,
2348 2516 2430 2571 vel
2447 2516 2630 2587 potius
2651 2516 3018 2587 possessoris.
3034 2516 3168 2573 Nam
3195 2519 3501 2587 stepissitnc

1914 2603 1967 2659 in
2004 2605 2165 2661 codd.
2200 2620 2333 2663 mss.
2370 2607 2727 2677 reperiuntur
2757 2607 2901 2663 tituli
2944 2608 3140 2679 scripti
3173 2608 3355 2666 aliena
3390 2625 3501 2664 ma-

1913 2712 2011 2762 nu,
2067 2712 2302 2767 quorum
2334 2700 2506 2762 nulla,
2545 2699 2651 2756 nisi
2693 2699 2916 2761 aliunde
2938 2702 3313 2765 conﬁrmetur,
3369 2701 3503 2757 fides

1914 2791 2057 2858 apud
2077 2791 2304 2848 criticos
2334 2807 2456 2848 esse
2482 2792 2643 2849 solet.
2688 2792 3148 2863 Spceimenvero
3200 2811 3230 2848 a
3271 2794 3502 2850 Lanthe-
3534 2796 3537 2797 ⁷

1916 2883 2005 2939 cio
2032 2882 2341 2943 exhibitum
2398 2892 2485 2939 est
2515 2884 2791 2954 ejusmodi
2820 2901 2837 2939 :
2883 2885 2963 2938 Ἡ-
2992 2886 3073 2947 cl;
3107 2886 3209 2953 τὴν
3252 2886 3504 2957 Φεράραν

1917 2972 2213 3038 clasis-sat;
2271 2974 2370 3028 σὺν
2433 2974 2572 3046 Θεῷ.
2631 2976 2788 3033 Μετὰ
2844 2976 2902 3035 δὲ
2957 2977 3019 3031 τὸ
3074 2976 3353 3033 Σάϐϐατον
3400 2979 3505 3047 τῆς

1918 3066 2245 3137 Τυροεράγου
2277 3066 2529 3138 εἰσῆλθεν
2558 3070 2587 3122 ό
2624 3069 2973 3140 πατριάρχης
3006 3070 3087 3134 αις
3119 3069 3220 3141 τὴν
3252 3071 3505 3144 Φεράραν

1919 3158 2061 3228 μετά
2111 3157 2205 3212 τοῦ
2267 3158 2557 3229 βασιλέως,
2594 3160 2690 3213 καὶ
2731 3159 2983 3229 εἰσῆλθεν
3015 3161 3096 3222 εἰς
3125 3162 3217 3215 τὸν
3245 3163 3372 3217 ναὸν
3407 3163 3505 3217 τοῦ

228 3238 411 3286 tamen
437 3234 672 3290 dandam
700 3236 833 3304 ipsis
889 3240 1311 3310 eucharistiam,
1340 3247 1441 3304 sed
1489 3249 1809 3323 ἀντίδωρον,

1921 3249 2080 3319 ἁγίου
2148 3251 2449 3323 Γεωργίου.
2518 3253 2631 3310 Καὶ
2697 3255 2919 3324 πρῶτον
2985 3254 3103 3346 μὲνᾼ
3145 3254 3507 3325 ὲρῤαντίσατο

228 3341 324 3391 seu
349 3342 541 3395 panem
564 3330 930 3398 benedictum,
955 3334 1062 3389 nisi
1087 3340 1342 3410 proprias
1361 3341 1651 3412 Opiniones
1679 3361 1812 3403 suas
1842 3330 1859 3387 ί

170 3456 171 3459 η
226 3419 627 3489 abjuraverint.
661 3423 733 3479 De
767 3425 1042 3497 simonia;
1074 3445 1192 3485 eam
1238 3431 1497 3505 deplorat
1550 3447 1812 3509 tanquam

225 3514 461 3583 malum,
496 3518 639 3587 quod
682 3526 991 3591 temporum
1018 3523 1335 3583 calamitate
1364 3527 1585 3585 tolerari
1619 3532 1812 3601 potius

223 3610 623 3681 debeat,quatn
661 3612 869 3671 idcirco
891 3616 1263 3673 obedientiam
1287 3620 1577 3694 episcopis
1598 3626 1814 3698 negari,

223 3718 305 3765 ne,
331 3703 649 3759 scandalum
681 3716 998 3775 generetur,
1025 3724 1094 3766 ex
1123 3724 1231 3780 quo
1264 3714 1603 3787 episcopalis
1657 3718 1816 3776 ordi-

224 3794 499 3877 uis,mox
552 3796 730 3867 ipsius
774 3799 1061 3870 religionis
1107 3812 1459 3877 contemptus
1497 3820 1809 3869 nascatur:

221 3876 513 3942 ferendum
546 3903 667 3944 esse
695 3890 839 3959 quod
865 3893 1144 3951 emendari
1174 3912 1282 3953 non
1316 3876 1491 3969 possit
1530 3918 1634 3960 :se
1694 3905 1814 3961 sal-

222 3989 341 4033 tem
419 3981 694 4036 neminem
753 3985 1003 4051 pecuniis
1047 3987 1355 4057 ordinasse,
1411 3992 1521 4049 imo
1568 3998 1811 4067 propriis

224 4072 542 4141 sumptibus
577 4074 865 4146 episcopos
899 4076 1096 4135 fecisse
1132 4082 1353 4150 multos,
1392 4101 1533 4157 quos
1597 4104 1666 4143 ex
1706 4106 1805 4146 ca-

224 4166 480 4235 ptivitate
517 4166 810 4222 redemerit
837 4185 853 4223 :
876 4170 1002 4225 mali
1050 4171 1229 4240 initia,
1256 4185 1385 4232 ante
1411 4179 1810 4251 quinquaginta

223 4273 405 4314 annos
447 4256 660 4314 fuisse:
718 4259 971 4315 sufﬁcere
1030 4270 1091 4316 ut
1139 4264 1428 4335 episcopos
1486 4269 1807 4337 observent,

226 4353 418 4404 sintne
461 4349 779 4415 orthodoxi,
808 4358 894 4404 ‘et
947 4352 1081 4407 nihil
1131 4354 1372 4410 alienum
1420 4358 1492 4412 ab
1554 4357 1814 4416 Ecclesiae

222 4422 432 4497 Graeca:
466 4441 569 4497 ﬁde
596 4442 859 4498 docentes
888 4458 901 4497 :
937 4444 1192 4503 minutiis
1218 4446 1367 4503 circa
1390 4447 1531 4505 ritus
1551 4462 1604 4505 et
1633 4450 1810 4509 ollicia

221 4533 606 4591 ecclesiastica
641 4551 749 4593 non
779 4537 1204 4594 attendendum.

1919 3342 2031 3411 (ita
2087 3342 2201 3413 leg.
2244 3357 2345 3412 pro
2393 3344 2738 3409 ἐξαντίσαςο,
2778 3360 2914 3401 voce
2949 3344 3152 3416 nihili)
3204 3346 3301 3401 καὶ
3341 3348 3505 3409 αὐτὸς

1915 3436 2009 3488 καὶ
2064 3438 2092 3489 ὸ
2160 3437 2510 3509 πατριάρχης
2580 3437 2669 3493 διὰ
2728 3436 2823 3492 τοῦ
2901 3439 3310 3510 ραντιστηρίου’
3383 3437 3506 3494 εἶτα

1915 3528 2201 3596 ὑπέδειξαν
2250 3528 2423 3599 αὐτῷ,
2452 3531 2502 3584 ol
2554 3532 2738 3587 ἐκεῖσε
2800 3532 3176 3604 Λιτινομάχοι
3228 3533 3541 3603 εὖμιγέθηρ

1914 3622 2007 3675 καὶ
2028 3622 2284 3694 εὐτραφῆ
2329 3626 2512 3695 χεῖρα,
2546 3625 2641 3681 τοῦ
2689 3625 2849 3694 ἁγίου
2905 3626 3186 3697 Γεωργίου
3251 3626 3511 3696 λέγοντας

1912 3705 2074 3778 εἶναι,
2116 3711 2222 3766 ὑπὸ
2273 3714 2488 3779 σανίδος
2515 3713 2912 3786 κοιλανθείσης
2945 3718 3372 3789 περιεχομένην,
3394 3727 3505 3773 etc.

1912 3797 2032 3855 Non
2055 3799 2295 3870 viderat,
2319 3802 2540 3872 opinor,
2566 3801 2900 3860 Lambecius
2927 3804 3225 3862 Historiam
3253 3808 3502 3876 eiusdem

1912 3893 2197 3950 conciliita
2234 3895 2516 3967 Sylvestro
2541 3894 2815 3968 Serpulo
2844 3898 3132 3967 scriptam,
3164 3899 3267 3954 etsi
3293 3898 3502 3954 editam
3542 3930 3543 3933 η

1912 3997 2208 4057 antequam
2236 3972 2500 4042 octavum
2548 3987 2671 4057 ipse
2718 4002 2877 4044 suum
2929 3989 3129 4043 librum
3171 3989 3503 4059 publicaret,

1912 4079 2073 4135 annis
2107 4078 2333 4150 integris
2351 4079 2542 4136 decem
2572 4081 2628 4135 e't
2649 4088 2794 4135 octo.
2819 4079 2877 4134 In
2905 4094 2970 4135 ea
2996 4095 3161 4150 porro
3186 4081 3303 4138 base
3337 4083 3503 4141 verba

1913 4187 2039 4240 quae
2073 4170 2188 4226 sola
2222 4171 2384 4226 nobis
2408 4170 2657 4227 exhibuit
2679 4172 2998 4243 speciminis
3026 4172 3149 4229 loco
3173 4173 3426 4246 leguntur
3444 4193 3499 4247 p.

1914 4265 1982 4320 89
2002 4262 2265 4319 editionis
2292 4269 2418 4333 'quae
2445 4263 2604 4319 unica
2630 4274 2732 4329 est,
2782 4263 3206 4340 "agite-Comitis
3231 4284 3324 4324 an.
3344 4268 3501 4335 1660,

1914 4356 2167 4412 utetiam
2223 4356 2278 4410 in
2328 4358 2654 4413 authentico
2704 4367 2758 4413 et
2807 4361 3148 4432 autographo
3201 4364 3502 4433 exemplari

1914 4451 2089 4521 ipsius
2152 4450 2407 4527 Syropuli
2483 4454 2862 4525 manuscripto
2912 4472 2926 4510 :
2980 4458 3128 4511 unde
3189 4462 3500 4529 exemplum

1911 4541 2252 4616 descriptum
2314 4559 2345 4599 a
2399 4543 2633 4602 Claudio
2692 4545 2951 4603 Sarravio
3021 4549 3214 4604 habuit
3277 4550 3502 4607 lsaacus

303 4622 545 4693 Epistola
606 4624 727 4681 haec
786 4626 975 4683 eadem
1039 4636 1124 4685 est
1176 4645 1341 4700 quam
1400 4631 2170 4701 refertexstareDVossius,
2242 4650 2313 4691 an
2369 4651 2435 4693 co
2495 4635 2766 4695 Robcrtus
2826 4639 3243 4711 Creygthonus,
3298 4642 3501 4699 inttdus

226 4718 562 4793 Lambecius
592 4718 649 4777 in
679 4719 1012 4778 bibliotheca
1048 4723 1462 4783 Viudoboncnsi
1506 4730 1573 4784 ad
1623 4746 1815 4801 quem-

222 4812 354 4863 dam
396 4810 721 4866 monat-hum
773 4826 790 4865 :
838 4827 965 4868 nam
1003 4814 1188 4871 verbis
1218 4816 1412 4874 iisdem
1461 4819 1677 4891 incipit.
1707 4823 1814 4877 Sed

222 4902 377 4972 quod
447 4902 611 4957 aliam
668 4913 919 4967 recenset
963 4906 1032 4962 ad
1082 4907 1428 4984 Joachimum
1480 4916 1814 4972 monachum

225 4996 498 5051 Sinaitam
548 4997 614 5050 de
667 5001 1062 5056 controversiis
1120 5002 1453 5073 quibusdam
1492 5007 1690 5076 partim
1743 5009 1811 5064 ad

225 5090 600 5161 patriarcham
640 5091 1221 5168 llierosolymitanum,
1265 5100 1461 5173 partim
1505 5101 1572 5155 ad
1614 5101 1811 5157 Arme~

224 5185 356 5237 nios
378 5190 435 5235 et
479 5180 705 5238 Latinos
739 5185 858 5239 loca
885 5200 1045 5242 sacra
1078 5187 1380 5255 invisentes
1406 5191 1809 5261 spectantibus,

223 5288 492 5327 veremur
518 5291 584 5330 ne
627 5276 886 5333 vitiosum
920 5281 1204 5348 exemplar
1229 5282 1346 5337 viro
1380 5281 1812 5350 diligentissimo

225 5365 411 5420 fraudi
442 5366 629 5423 fuerit.
661 5369 795 5425 Nam
827 5372 895 5426 de
922 5386 989 5426 eo
1017 5371 1304 5428 Joachimo
1331 5374 1570 5445 loquitur
1590 5378 1811 5434 Genua-

222 5459 355 5513 tlius
383 5459 612 5525 epistola
642 5463 707 5515 ad
754 5462 1050 5519 Maximum
1091 5464 1455 5535 Sophianum,
1492 5485 1521 5525 a
1573 5486 1707 5541 quo,
1752 5484 1813 5526 ut

223 5567 253 5603 a
306 5550 576 5622 Gregorio
631 5552 904 5610 didicerat
936 5572 1000 5613 ea
1051 5574 1176 5627 qua:
1226 5558 1564 5617 Sinaitarum
1619 5580 1807 5633 pacem

226 5644 543 5700 turbabant.
576 5647 715 5701 Cum
742 5648 1056 5717 igitur-eos
1086 5654 1271 5708 statim
1313 5654 1619 5711 remisisset
1657 5674 1809 5714 man-

225 5736 371 5790 datis
400 5738 724 5804 instructos,
757 5751 816 5795 ut
853 5742 1066 5809 plenius
1095 5745 1161 5800 de
1188 5761 1255 5801 eo
1307 5759 1632 5819 argumento
1665 5754 1808 5821 apud

224 5828 470 5889 Siuaitas
529 5832 901 5902 loquerentur,
972 5836 1037 5891 ad
1090 5838 1436 5894 .loachimum
1497 5842 1564 5897 de
1615 5846 1806 5901 eodem

225 5921 507 5979 scribendi
552 5940 719 5980 causa
770 5928 917 5982 nulla
945 5940 1079 5983 erat.
1130 5930 1236 5986 Sed
1288 5948 1394 5989 non
1439 5949 1567 5990 raro
1613 5951 1805 6004 parum

1914 4722 2071 4793 juxta
2118 4732 2174 4779 et
2206 4725 2498 4795 imperitus
2533 4726 2826 4797 interpres,
2887 4744 2995 4795 quo
3034 4744 3196 4783 nemo
3246 4728 3502 4787 fortassis

1919 4832 2157 4887 unquam
2192 4818 2248 4873 in
2300 4817 2720 4889 interpretando
2776 4819 3054 4877 infelicius
3108 4832 3344 4891 nugstus
3391 4835 3497 4889 est,

1916 4908 2055 4963 adeo
2085 4917 2145 4962 ut
2177 4924 2244 4963 ne
2273 4909 2492 4979 quidem
2543 4908 2754 4964 auctori
2786 4924 2982 4967 nomen
3034 4927 3196 4967 suum
3246 4922 3503 4970 constare

1916 5017 2115 5074 passus
2147 5003 2221 5057 sit
2271 5020 2284 5056 :
2341 5011 2488 5057 tanta
2551 5012 2605 5056 et
2656 5011 2764 5056 tam
2826 5003 3006 5073 inepta
3069 5018 3497 5074 commentatus.

1917 5105 1976 5152 ttt
2027 5097 2358 5167 Syropulutn
2418 5097 2471 5149 in
2549 5096 2918 5167 Sguropulum
2986 5110 3244 5166 verteret,
3305 5116 3497 5158 contra

1916 5205 2134 5245 manum
2161 5193 2421 5251 auctoris.
2458 5198 2509 5244 et
2561 5192 2807 5245 omnium
2840 5191 2984 5247 illius
3036 5195 3295 5266 temporis
3350 5207 3501 5250 atto-

1913 5299 2036 5338 rum
2080 5284 2262 5336 tidem.
2294 5282 2467 5349 Quam
2519 5296 2649 5353 ergo
2698 5274 2995 5339 Historiam
3039 5285 3320 5341 Gennadio
3350 5289 3500 5343 (ira:-

1913 5376 2073 5433 culus
2104 5374 2374 5446 quispiam
2403 5376 2712 5447 imperitus,
2748 5385 2802 5431 ct
2832 5393 2956 5443 cum
2992 5387 3214 5433 secutus
3264 5377 3500 5433 Lambe-

1913 5473 2055 5533 cius,
2102 5469 2378 5540 ascripsit,
2426 5486 2487 5525 ea
2527 5470 2777 5545 Syropuli
2827 5480 2931 5537 est,
2977 5481 3035 5525 ιιι
3083 5472 3246 5527 etiam
3286 5480 3497 5538 postre-
3548 5550 3551 5555 ί

1914 5580 2001 5618 ma
2035 5564 2195 5621 verba
2226 5566 2293 5618 ab
2329 5580 2394 5621 eo
2439 5566 2600 5620 citata
2637 5565 2925 5619 indicant:
2970 5565 3060 5628 Ἐξ
3087 5558 3161 5617 ὧν
3185 5564 3495 5636 πέπεισμαι

1911 5656 1987 5720 ὡς
2015 5656 2075 5709 οὐ
2126 5660 2520 5730 παραχωρήσει
2566 5657 2698 5710 ποτὲ
2732 5657 2759 5709 ὁ
2795 5657 2947 5720 Θεὸς,
2998 5656 3261 5725 συστῆναι
3307 5656 3404 5719 τὴν
3434 5660 3495 5714 ἐν

1911 5750 2228 5821 Φλωρεντίᾳ
2263 5749 2452 5813 κακῶς
2480 5752 2775 5819 γεγονυῖαν
2814 5748 3031 5801 ἕνωσιν.
3071 5747 3203 5815 Quae
3240 5749 3496 5820 leguntur

1911 5855 2157 5899 extrema
2202 5859 2253 5913 p.
2288 5843 2413 5899 350.
2452 5836 2670 5897 Nullius
2703 5855 2831 5897 vero
2867 5838 3212 5897 auctoritatis
3249 5850 3335 5897 est
3365 5842 3497 5905 sub-
3537 5902 3541 5907 ,

1912 5940 2138 6008 scriptio
2166 5938 2459 5995 Thcodosli
2494 5939 2690 5996 notarii
2734 5937 2990 5995 Ecclesiae
3023 5937 3496 6007 Constantinopoc
