3998 6464
245 381 350 443 309

1721 396 1806 455 SC
1817 396 2072 458 RIPTA.

3422 395 3532 462 310

242 499 466 569 αγωγὴν
495 499 591 553 τοῦ
624 503 956 574 Πορφυρίων,
982 504 1258 576 Expositio
1284 510 1337 562 in
1366 511 1558 564 librant
1585 509 1828 580 Porphy.

2001 512 2066 568 Ν.
2094 514 2184 570 20.
2211 514 2448 570 Allatius
2474 522 2725 579 testatur,
2750 515 2804 570 in
2838 514 3024 572 Iudice
3047 513 3392 571 bibliotheca:
3413 512 3525 567 Me-

242 590 333 651 rii,
362 591 450 658 (le
477 602 552 644 est
587 592 651 658 de
685 593 914 665 quinque
939 598 1350 664 universalibus.
1389 603 1462 657 vel
1492 599 1547 657 in
1579 604 1832 658 introdu-

243 683 470 737 ctionem
503 683 806 756 Porphyrii.
844 687 1028 746 l‘t'iuc.
1059 689 1320 767 Τέσσαρὰ
1363 712 1487 750 τινα
1511 697 1594 766 τῷ
1619 698 1836 766 ἀνθρὼ-

245 793 333 847 mp
359 779 420 830 ὲκ
451 779 546 847 τῆς
580 781 899 851 φιλοσοφίας
929 785 1316 852 προσγίνεται;
1347 806 1483 844 mss.
1507 801 1690 846 autem
1724 792 1835 845 Ro-

248 883 348 925 mte
382 872 435 925 in
475 872 607 926 bibl.
653 871 1182 948 Vaticana,Georgii
1227 880 1418 938 Schol.
1470 883 1730 956 Prolegg.
1783 886 1838 939 in

245 963 467 1032 logicum
492 976 540 1018 et
573 966 626 1019 in
653 967 942 1040 Porphyrii
975 970 1257 1044 Isagogen.
1283 974 1320 1028 γ
1351 975 1653 1031 Montlauc.
1684 977 1832 1033 Bibl.

247 1053 486 1112 biblioth.
521 1075 646 1115 mss.
686 1076 738 1130 ι).
769 1061 800 1116 9
844 1064 910 1117 A.
936 1061 1254 1129 Florentiae,
1292 1067 1345 1120 in
1377 1067 1498 1121 cod.
1535 1068 1665 1122 bibl.
1702 1068 1844 1125 Lau-

245 1159 389 1203 rent.
410 1150 473 1204 l7
511 1168 564 1209 ιι.
592 1152 680 1217 54,
711 1172 762 1224 p.
786 1156 818 1210 9
846 1155 910 1212 Α.
937 1159 1072 1227 plut.
1091 1159 1183 1223 59,
1214 1158 1503 1230 Porphyrii
1535 1161 1838 1219 lntroduct.

248 1239 317 1293 de
367 1244 606 1314 quinque
648 1262 799 1303 vocc.
854 1265 976 1305 cum
1011 1252 1237 1308 scholiis
1291 1253 1524 1324 margin.
1581 1257 1840 1326 (quorum

248 1337 508 1390 [ιοειηυιιει
558 1336 821 1394 Scholarii
886 1357 1088 1399 nomen
1165 1360 1276 1412 prie
1333 1361 1396 1401 se
1462 1346 1754 1417 ferunt),l
1783 1357 1844 1405 et

247 1428 576 1512 quihusdam
604 1434 1096 1501 przeliminsribus.
1140 1437 1202 1492 V.
1240 1437 1476 1496 Bandin.
1513 1441 1636 1498 Cat.
1671 1443 1842 1498 codd.

247 1520 342 1575 Gr.
381 1523 554 1580 Laur.
589 1527 704 1581 vol.
754 1528 823 1592 η,
853 1545 904 1598 p.
941 1530 1015 1584 53
1043 1532 1076 1583 5
1111 1541 1204 1597 ;ct
1241 1533 1393 1590 coni.
1419 1551 1609 1604 supra,
1636 1537 1746 1592 vol.
1779 1535 1841 1601 V,

248 1629 300 1684 p.
332 1614 433 1670 755
488 1632 608 1688 sqq.
653 1635 717 1674 ac
753 1637 876 1676 mox
917 1638 972 1678 η.
1010 1621 1095 1677 16.

317 1707 380 1763 Ν.
411 1708 769 1778 l6.Ejusdem
799 1715 1064 1786 ἐξήγησις
1097 1719 1179 1782 εἰς
1203 1719 1304 1784 τὰς
1327 1719 1466 1774 δέκα
1494 1722 1844 1794 κατηγορίας

249 1799 340 1853 τοῦ
385 1802 817 1874 Ἀριστοτέλους,
851 1808 1133 1873 Expositio
1162 1813 1217 1867 in
1241 1814 1418 1870 decem
1448 1815 1844 1884 pradieamen-

249 1901 303 1944 ta
334 1892 660 1952 Aristotelis.
689 1895 1054 1967 Priuc.,"0ea
1080 1903 1300 1974 μὶνέδει
1331 1906 1461 1977 περὶ
1489 1906 1592 1977 τῆς
1626 1907 1844 1975 φιλοσο-

247 1983 397 2050 φίας,
430 1989 525 2040 καὶ
550 1987 634 2042 ἔτι
661 1991 792 2056 περὶ
825 1993 924 2062 τῆς
951 1992 1197 2064 λογικῆς.
1219 1994 1365 2052 ldem
1394 2013 1534 2068 opus
1564 1999 1764 2070 legitur
1790 2000 1843 2053 iu

250 2073 516 2134 Vaticano
572 2080 844 2147 cod.942,
868 2099 921 2153 p.
957 2084 1077 2148 155.
1107 2088 1373 2144 cum-hoc
1409 2091 1565 2145 titulo
1600 2108 1614 2144 :
1666 2090 1847 2161 Γεωρ-

247 2170 368 2237 γίον
410 2170 504 2222 τοῦ
539 2173 838 2244 Σχολαρῖου
865 2178 1244 2249 προλεγόμενα
1268 2182 1348 2245 εις
1369 2182 1472 2252 τὴν
1509 2185 1832 2254 ῥητορικὴν,

250 2267 345 2312 καὶ
379 2263 458 2323 si;
488 2264 587 2331 τὴν
627 2265 938 2336 Πσρφνρίσυ
970 2269 1290 2342 εἰσαγωγὴν
1315 2273 1379 2326 ὲκ
1395 2272 1672 2342 διαφόρων
1705 2274 1838 2327 σν).-

249 2349 480 2420 λεγέντα
521 2353 749 2425 βιϐλίων
779 2361 919 2426 μετὰ
957 2359 1103 2416 ἰδίων
1141 2364 1502 2420 ὲπιστασιῶν.
1539 2363 1757 2434 (Αιιαι.)
1780 2365 1842 2421 γ.

253 2458 442 2514 supra,
467 2446 688 2514 vol.lll,
727 2466 780 2519 p.
806 2452 913 2508 209
947 2469 1032 2525 sq.
1061 2470 1116 2524 p.
1143 2455 1271 2517 213.
1305 2457 1412 2512 216
1443 2466 1499 2511 ct
1534 2457 1663 2514 491.
1693 2485 1765 2501 -
1791 2457 1848 2512 1η

255 2536 377 2590 cod.
405 2537 672 2595 Vossiauo
706 2543 831 2610 129,
867 2562 912 2601 s.
973 2564 1028 2601 υ.
1058 2545 1222 2604 2210.
1247 2549 1370 2604 Cat.
1430 2565 1565 2606 mss.
1621 2551 1849 2620 Anglia,

257 2629 364 2683 vol.
385 2631 443 2684 11.
462 2632 660 2706 Georg.
677 2637 951 2706 Scholar.,
971 2640 1044 2695 De
1065 2658 1218 2696 sensu
1239 2643 1544 2700 Aristotelis
1570 2646 1713 2702 circa
1739 2646 1856 2699 oni-

268 2736 412 2774 mam
439 2733 488 2777 et
523 2729 586 2779 de
605 2731 809 2784 ratione
840 2731 1272 2802 syllogismorum
1301 2735 1626 2792 Aristotelis.
1648 2766 1720 2777 ——-
1748 2738 1849 2790 Pa-

265 2813 366 2870 ris.
404 2815 456 2870 iu
476 2817 608 2882 bibl.
631 2821 775 2890 puhl.
799 2825 922 2878 cod.
953 2825 1080 2881 19H
1112 2826 1330 2898 Georgii
1355 2828 1542 2888 Schol.
1561 2849 1615 2886 ιι.
1649 2833 1702 2894 l,
1727 2831 1857 2887 Pro-

265 2903 606 2975 legomenain
634 2911 854 2982 lcgicam
875 2917 986 2970 etin
1009 2915 1289 2989 Porphyrii
1312 2921 1582 2991 isagagea;
1610 2923 1868 2984 n.2.-Ex«

259 2997 454 3065 positio
475 3001 526 3054 in
550 3001 854 3060 Aristotelis
883 3012 1228 3078 categorias;
1267 3029 1326 3066 n.-
1353 3013 1408 3078 3,
1467 3015 1748 3082 Expositio
1808 3017 1863 3069 in

257 3084 457 3142 librum
486 3089 548 3144 de
568 3092 1032 3160 interpretatione.
1062 3129 1132 3140 -
1154 3100 1212 3156 lu
1241 3101 1373 3158 bibl.
1400 3102 1669 3160 Escorinl.
1695 3105 1864 3162 Geor-

262 3179 334 3249 gii
373 3180 560 3238 Schol.
586 3181 1021 3246 Prwdicamenta
1059 3193 1124 3246 in
1168 3195 1399 3265 logicum
1471 3209 1519 3252 et
1583 3200 1862 3269 physicam

263 3274 588 3334 Aristotelis.
613 3277 676 3334 V.
699 3278 992 3339 Montl'auc.
1018 3284 1155 3341 Bibl.
1180 3288 1417 3342 biblioth.
1443 3306 1641 3361 mss.p.
1669 3291 1773 3348 619
1797 3293 1856 3349 Ε.

333 3366 401 3422 Ν.
438 3370 526 3424 17.
568 3370 824 3442 Ejusdem
858 3376 940 3439 ei;
993 3377 1050 3431 τὸ
1115 3382 1246 3452 περὶ
1300 3382 1602 3453 ἑρμηνείας
1661 3383 1859 3456 ἐξήγη-

266 3459 662 3528 σις,Ε.τροεῑιὲο
685 3467 738 3520 in
770 3467 963 3522 librum
993 3471 1058 3540 tle
1090 3473 1545 3543 interpretatione,
1571 3477 1637 3530 ab
1659 3477 1860 3533 Allatio

270 3552 668 3625 iisquilogicaa
687 3574 910 3626 cperam
965 3571 1194 3630 navant,
1243 3565 1404 3622 valde
1456 3570 1858 3626 commendata.

268 3646 592 3703 -—Addatur
619 3651 760 3705 liber
784 3667 942 3710 rarus
971 3673 986 3709 :
1017 3653 1220 3711 Cursus
1253 3659 1576 3727 optimarum
1606 3663 1860 3730 quaestio-

270 3754 396 3791 num
425 3755 577 3807 super
605 3743 995 3814 philosophiam
1022 3748 1325 3806 Aristotelis
1370 3769 1490 3807 cum
1540 3755 1860 3818 interpreta-

270 3835 419 3887 tione
448 3843 624 3890 textus
646 3854 752 3892 sec.
781 3839 918 3894 viam
954 3843 1347 3911 modernorum,
1393 3863 1456 3899 ac
1491 3863 1594 3902 sec.
1643 3865 1861 3903 cursum

271 3928 520 3996 magistri
545 3927 754 4001 Georgii
781 3947 801 3986 :
835 3950 926 3999 per
960 3939 1207 4007 magistr.
1251 3937 1507 3993 Thomam
1549 3939 1731 3995 Bricot
1784 3940 1848 3996 S.

274 4019 571 4091 Theologite
599 4025 886 4093 professor.
900 4027 1196 4095 emendate,
1220 4030 1340 4086 sine
1363 4032 1512 4088 notis
1534 4037 1857 4104 typograph.

273 4113 370 4167 l'ol.
397 4117 552 4180 min.;
573 4126 624 4169 et
653 4116 854 4174 Cursus
883 4123 1204 4192 aptimarum
1240 4126 1592 4194 quazstionum
1615 4138 1865 4192 superte-

274 4215 386 4258 tam
421 4204 646 4276 logicum
705 4208 982 4280 (Ariston)
1014 4228 1125 4267 sec.
1177 4214 1278 4270 rel.
1337 4216 1416 4269 uti
1467 4216 1521 4270 in
1580 4217 1865 4285 superiore

277 4313 468 4366 opere.
490 4297 554 4354 V.
576 4297 738 4369 Ferd,
757 4301 932 4357 Fossii
949 4303 1122 4358 Catal.
1145 4305 1306 4362 codd.
1327 4320 1454 4361 sa‘c.
1480 4322 1546 4360 xv
1574 4307 1868 4377 impresso'

274 4403 402 4445 rum
430 4391 627 4448 inhibl.
646 4391 1107 4464 Magliabcchiana
1130 4403 1236 4450 etc.
1255 4405 1390 4451 tom.
1409 4397 1448 4463 l,
1465 4413 1518 4468 p.
1539 4398 1641 4452 illi
1657 4405 1710 4452 et
1738 4397 1864 4452 M7.

344 4502 410 4559 N.
442 4504 526 4561 18.
569 4505 796 4562 Librum
825 4524 1047 4580 quoque
1065 4511 1339 4568 Cuilielmi
1378 4511 1667 4566 Porretani
1692 4513 1756 4566 de
1775 4527 1867 4567 sea:

1936 605 2278 662 diolanensis
2311 621 2370 662 se
2403 606 2600 676 legisse
2631 607 2856 677 Georgii
2911 607 3194 664 Scholarii'
3232 607 3369 677 Περὶ
3428 607 3526 674 τῆς

1935 702 2032 756 τοῦ
2059 703 2318 773 Γρηγορᾶ
2343 702 2772 772 ψευδογραφεας,
2799 701 2874 758 De
2897 701 3040 772 falsa
3087 703 3369 771 scriptione
3394 701 3528 756 Cre-

1937 810 2117 866 gerat;
2151 793 2248 851 sed
2286 795 2468 855 docet.
2497 795 2550 849 id
2575 809 2700 850 esse
2729 795 3351 867 pseudo-epigraphum,
3376 809 3530 847 mcu-

1939 890 2182 958 dumque
2199 888 2595 958 exscriptoris,
2636 899 2729 942 aut
2755 887 2906 943 illius
2931 890 3138 959 potius,
3175 888 3530 957 quiindicem

1941 982 2317 1046 concinnavit,
2341 992 2395 1036 et
2423 996 2488 1036 se
2511 981 2832 1052 aliquando,
2854 981 2959 1038 nisi
2986 982 3246 1038 memoria
3283 981 3456 1045 fallat,
3479 982 3533 1033 in

1942 1091 2074 1132 mss.
2118 1076 2317 1148 legisse
2347 1087 2363 1129 τ
2394 1077 2658 1147 Φικρασῆ
2693 1077 2822 1146 περὶ
2860 1077 2960 1146 τῆς
2987 1075 3079 1130 τοῦ
3103 1075 3360 1146 Γρηγορᾶ
3389 1074 3521 1142 ψευ-

1942 1170 2266 1241 δογραφιας·
2313 1170 2438 1225 aliis
2482 1185 2634 1233 vero.
2685 1170 2892 1240 quibus
2943 1168 3262 1224 conferendi
3317 1167 3535 1222 codices

1945 1267 2073 1321 data
2104 1273 2190 1320 est
2217 1264 2475 1330 facultas,
2509 1264 2774 1332 relinquit
2797 1262 3236 1331 diiudicandum,
3272 1275 3402 1315 num
3440 1274 3535 1312 ρει

1948 1361 2197 1426 dem,-an
2227 1360 2451 1414 diversa
2483 1373 2539 1412 -a
2590 1355 3114 1416 Mediolanensibus,
3162 1357 3266 1407 sub
3313 1350 3534 1419 Georgii

1948 1450 2224 1507 Scholarii
2257 1449 2486 1505 nomine
2515 1447 2834 1505 divenditis.
2863 1448 3038 1517 Atque
3065 1445 3444 1499 M'dntlaucon.
3479 1442 3532 1495 in

1947 1545 2091 1598 Bibl.
2132 1542 2368 1596 biblioth.
2403 1558 2532 1596 mss.
2576 1539 2616 1605 I,
2660 1555 2713 1612 p.
2739 1538 2848 1595 497
2900 1539 3045 1594 inter
3074 1537 3234 1593 codd.
3270 1537 3406 1591 bibl.
3432 1535 3536 1590 Me-

1950 1634 2158 1690 diolau.
2185 1640 2242 1687 et
2279 1633 2450 1688 libros
2482 1633 2706 1702 Georgii
2737 1631 2921 1687 Schol.
2963 1629 3234 1699 ejusmodi
3266 1629 3387 1682 libri
3418 1627 3534 1681 nul-

1950 1729 2057 1783 lam
2079 1728 2209 1784 facit
2233 1729 2588 1783 mentionem.
2616 1757 2686 1768 -
2709 1726 2841 1793 Quae
2861 1728 3064 1795 scripta
3087 1723 3357 1781 chnadii
3389 1724 3539 1777 theo-

1955 1817 2128 1889 logica
2154 1834 2220 1873 ex
2250 1819 2606 1873 bibliothecis
2638 1817 2863 1874 Robcrti
2903 1816 3252 1871 Constantini
3311 1813 3450 1870 Galli
3480 1828 3542 1866 ac

1951 1911 2204 1980 Gosneri,
2249 1930 2305 1968 η.
2335 1912 2427 1979 21,
2453 1913 2732 1968 nominat.-

2026 2051 2205 2119 N.2‘2,
2237 2051 2327 2106 9.3.
2363 2052 2627 2122 Pleraque
2676 2052 2843 2106 etiam
2906 2066 2938 2105 e
2987 2051 3174 2122 lingua
3229 2050 3424 2104 Latina
3489 2049 3543 2102 iu

1955 2145 2203 2200 Grascam
2237 2147 2503 2202 traduxit.
2533 2145 2590 2202 lu
2628 2147 2766 2203 bibl.
2800 2145 3044 2202 Palatina
3096 2146 3401 2201 habebatur
3460 2145 3545 2198 iu-

1959 2239 2279 2309 terpretatio
2341 2240 2587 2306 ejusdem
2644 2239 2698 2294 in
2723 2238 2976 2294 Grzecum
3035 2251 3372 2298 sermonem.
3441 2234 3546 2290 Ex-

1956 2330 2272 2398 positionem
2327 2329 2390 2383 ο.
2419 2328 2630 2384 Thomte
2662 2331 2714 2382 in
2742 2328 3050 2383 Aristotelis
3078 2327 3240 2380 libros
3257 2326 3321 2380 de
3337 2324 3546 2386 anima.

1957 2432 2006 2476 et
2040 2421 2104 2477 ο.
2160 2421 2370 2476 ΤΙιοηιω
2398 2423 2680 2492 Aquinalis
2710 2420 3048 2490 Opusculum
3075 2419 3150 2474 De
3172 2427 3288 2472 cate
3311 2427 3360 2471 et
3377 2420 3545 2471 lassen-

1962 2516 2059 2580 tia,
2081 2516 2148 2570 ab
2173 2529 2238 2570 ro
2261 2516 2362 2568 lem
2397 2515 2684 2571 Gennadio
2707 2514 2887 2569 Gra'ce
2926 2529 3152 2578 versum;
3185 2520 3234 2566 et
3287 2525 3549 2564 coinnten-

1962 2610 2119 2663 tariis
2145 2609 2211 2662 ab
2243 2608 2421 2662 eodem
2473 2609 2830 2663 illustratum.
2858 2637 2928 2648 ——
2959 2605 3252 2662 Florentia:
3311 2604 3363 2656 in
3421 2603 3546 2657 cod.

1961 2701 2304 2757 Laurent.”
2337 2718 2390 2755 η.
2426 2702 2509 2765 12,
2543 2702 2680 2769 plut.
2716 2701 2806 2766 86,
2841 2700 3028 2754 Thom.
3058 2698 3256 2767 Aquin.
3293 2698 3347 2750 in
3385 2697 3548 2749 libros

1963 2795 2194 2848 Aristot.
2223 2795 2287 2847 de
2311 2795 2490 2846 anima
2525 2795 2915 2862 interpretatio,
2951 2791 3044 2846 Gr.
3079 2807 3238 2846 versa
3271 2807 3299 2842 ει
3330 2787 3552 2843 Genua-

1968 2887 2062 2942 dio
2094 2906 2107 2953 ;
2143 2897 2197 2943 et
2230 2885 2351 2940 cod.
2391 2887 2474 2948 17,
2511 2905 2566 2939 n.
2623 2886 2678 2946 8.
2712 2887 2850 2955 plut.
2877 2886 2968 2950 87,
3036 2883 3224 2940 eadem
3254 2899 3268 2947 ;
3326 2894 3438 2934 tum
3494 2881 3548 2933 in

1970 2981 2090 3036 cod.
2115 2979 2206 3042 9.7,
2229 2995 2286 3034 ιι.
2328 2980 2378 3044 1,
2414 2979 2551 3047 plut.
2586 2978 2677 3044 86,
2707 2986 2790 3033 est
2827 2977 3096 3031 Geunadii
3153 2975 3443 3028 Euarratio
3497 2973 3551 3024 in

1953 3074 2064 3127 .iib.
2095 3071 2338 3143 magistri
2393 3071 2604 3126 Thomte
2667 3071 2946 3139 Aquinatis
2993 3070 3058 3127 de
3089 3084 3199 3123 esse
3227 3077 3273 3121 et
3303 3066 3552 3128 essentia,

1971 3164 2221 3220 dedicata
2271 3164 2446 3234 ipsius
2495 3165 2838 3235 praeceptori,
2891 3162 3146 3218 Matthavo
3204 3160 3550 3216 Carna-riotus.

1891 3239 1934 3298 (ἶ
1969 3257 2130 3311 Plura
2153 3258 2302 3311 dabit
2333 3257 2564 3311 Bandin.
2608 3258 2660 3310 in
2694 3257 2816 3311 Cat.
2853 3256 3013 3311 codd.
3054 3253 3150 3310 Gr.
3194 3254 3358 3308 Laur.
3387 3254 3438 3313 ἓ.
3498 3271 3550 3320 ιι.

1961 3351 2068 3406 565
2087 3359 2140 3406 et
2159 3350 2363 3415 403,ac
2390 3350 2560 3420 p.570
2579 3365 2688 3419 sq.,
2721 3349 2814 3404 ubi
2846 3363 3065 3419 quoque
3093 3349 3296 3403 mentio
3323 3347 3380 3401 lit
3405 3347 3548 3404 libri.

1964 3443 2032 3497 ab
2063 3443 2261 3498 Allatio
2293 3451 2347 3498 ct
2378 3442 2632 3498 Fabricio
2666 3442 2882 3502 omissi.
2910 3442 3002 3513 qui
3045 3456 3174 3496 vero
3210 3441 3262 3494 in
3285 3439 3406 3492 cod.
3430 3440 3552 3492 cod.

1961 3535 2051 3603 27,
2087 3551 2141 3590 n.
2168 3535 2224 3601 2,
2261 3544 2460 3593 exstat.

2033 3653 2301 3711 chuadii
2341 3656 2532 3712 Schol.
2580 3657 2710 3729 περὶ
2755 3655 3105 3727 ἀνθρωπίνης
3143 3653 3554 3726 Ἀριστοτέλους

1963 3747 2316 3818 εὐδαιμονίας
2357 3748 2453 3802 καὶ
2494 3749 2769 3802 Πλωτίνου
2833 3747 3287 3811 συμσιόαπικὸν,
3345 3746 3418 3799 lle
3457 3746 3553 3798 hu—

1965 3855 2124 3892 mana
2168 3838 2423 3906 felicitate
2443 3839 2747 3892 conciliatio
2772 3839 3068 3893 Aristotelis
3094 3847 3142 3891 et
3170 3837 3386 3891 Plotini.
3415 3837 3556 3895 lnc..

1977 3932 2065 3987 Ἐν
2099 3929 2303 4001 πρώτῳ
2321 3931 2430 3985 τῶν
2454 3931 2663 4000 ἠθικῶν
2697 3932 3128 4000 Ἀριστθτέλους.
3164 3942 3268 3984 etc.

2036 4042 2102 4098 Ν.
2124 4044 2215 4099 24.
2251 4043 2382 4097 Item
2407 4043 2472 4096 ὲκ
2505 4043 2606 4110 τῆς
2623 4042 2967 4110 διαλεκτικῆς
2999 4041 3092 4094 τοῦ
3117 4041 3423 4110 μα’(ῐστρον
3452 4040 3556 4094 Πέ-

1963 4152 2117 4206 τρον,
2153 4136 2247 4188 τοῦ
2293 4133 2572 4199 ’1σπανοῦ,
2602 4136 2874 4206 ἑρμηνεία
2923 4133 3094 4202 κυροῦ
3136 4135 3412 4204 Γεωργίου
3461 4133 3558 4188 τοῦ

1967 4228 2282 4301 Σχολαρῑου,
2328 4228 2408 4282 Ex
2440 4227 2728 4281 Dialec'ica
2769 4227 3014 4298 magistri
3075 4227 3238 4288 Petri.
3305 4226 3558 4295 Hispani,

1967 4323 2331 4391 interpretatio
2355 4323 2557 4376 domini
2587 4320 2797 4392 Georgii
2826 4321 3006 4378 Schol.
3063 4323 3200 4386 lnc.,
3232 4324 3558 4394 Διαλεκτική

1969 4417 2088 4469 ἔστι
2113 4415 2278 4486 τέχνη
2305 4416 2510 4487 τεχνῶν
2541 4425 2650 4472 etc.
2681 4415 2972 4470 Mediolani
3001 4417 3053 4471 in
3101 4416 3236 4472 bibl.
3297 4416 3557 4474 Ambros.

1972 4506 2268 4576 (Allat.)—
2292 4507 2491 4562 Malriti
2517 4508 2570 4562 in
2597 4508 2720 4562 cod.
2749 4508 2918 4577 Regio
2947 4509 3013 4562 76
3047 4507 3140 4562 fol.
3194 4510 3316 4570 121.
3367 4509 3558 4564 eadem

272 4599 549 4668 principiis
572 4616 602 4654 e
626 4600 818 4656 Latino
856 4603 910 4657 in
939 4604 1190 4660 Grascum
1239 4605 1542 4669 transtulit,
1596 4616 1650 4661 et
1673 4606 1727 4660 in
1770 4605 1864 4662 de-
1899 4605 1941 4661 D
1973 4601 2352 4672 interpretatio
2372 4601 2588 4670 Georgii
2617 4600 2927 4665 Scholarii;
2964 4611 3016 4656 et
3050 4601 3144 4656 fol.
3176 4601 3298 4661 165,
3355 4603 3429 4656 De
3471 4620 3556 4657 so-

275 4703 394 4743 cem
435 4690 861 4760 przedicamenta
895 4694 1309 4754 Commentario
1341 4700 1470 4752 lect.
1495 4698 1560 4752 15
1588 4700 1864 4768 (exinter-

278 4783 586 4849 pretatione
633 4782 875 4855 Latina).
935 4787 1024 4855 Et,
1063 4807 1082 4841 ο
1122 4791 1249 4845 Hinc
1290 4790 1536 4860 quidem.
1584 4791 1682 4855 ait,
1734 4792 1867 4862 satis

279 4882 409 4929 sunt
460 4875 528 4930 ad
579 4876 1098 4948 deprehendendam
1155 4898 1379 4938 causam
1428 4892 1649 4954 propter
1699 4900 1865 4954 quam

279 4985 391 5024 non
426 4967 550 5026 lusc
584 4972 794 5044 reliqua
823 4976 1246 5044 praedicamenta
1285 4985 1603 5048 pertractat.
1639 4975 1869 5032 Verum-

281 5069 467 5114 tamen
504 5060 751 5129 Boetius,
771 5065 877 5132 vel,
902 5074 957 5120 ut
987 5067 1206 5137 plurimi
1237 5079 1516 5134 asserunt,
1538 5067 1870 5123 Porretauus

281 5152 507 5229 quidam
544 5154 852 5229 theologus,
897 5174 1021 5214 nam
1058 5160 1152 5230 qui
1192 5175 1330 5228 opus
1360 5160 1494 5216 illud
1537 5161 1607 5214 ad
1652 5161 1870 5217 Aristo-

284 5246 444 5303 telem
483 5247 738 5303 delerunt
772 5250 1032 5307 audiendi
1065 5267 1172 5307 non
1207 5260 1354 5317 sunt,
1388 5254 1565 5310 dehis
1591 5268 1685 5310 ses
1722 5253 1873 5324 prin-

282 5339 444 5410 cipiis
479 5340 830 5398 Aristotelem
869 5344 1160 5398 semulatus
1194 5344 1542 5416 conscripsit,
1569 5349 1717 5416 quod
1754 5346 1871 5416 ipse

283 5449 314 5489 e
357 5432 553 5489 Latina
585 5435 640 5490 in
673 5435 916 5507 linguam
953 5446 1195 5493 nostram
1244 5438 1485 5498 traduxi.
1541 5441 1692 5510 Opus
1740 5453 1874 5495 sane

282 5526 432 5582 haud
473 5529 956 5585 contemnendum.
997 5550 1016 5584 ι
1065 5529 1234 5584 Αιιαι.

356 5617 426 5673 Ν.
449 5620 537 5676 19.
571 5619 814 5690 Scripsit
837 5622 1002 5678 etiam
1029 5633 1224 5680 contra
1245 5622 1530 5678 Nicolaum
1563 5623 1874 5680 Cabasilam

281 5713 982 5784 ἁντιρῤήσιις,ειΑιιειιίυδ
1013 5716 1184 5786 ipsius
1209 5716 1477 5774 Gennadii
1497 5718 1875 5773 testimonium

283 5820 350 5857 cx
384 5802 509 5869 cjus
549 5803 914 5874 responsione
939 5807 1009 5860 ad
1059 5819 1381 5876 argutucnta
1416 5807 1580 5866 Marci
1615 5808 1874 5882 Ephcsini

287 5908 480 5953 contra
534 5897 759 5955 Latinos
800 5899 865 5956 ad
899 5903 1152 5973 quintum
1193 5904 1393 5961 attulit.

1969 4693 2318 4762 phismatibus
2336 4709 2400 4748 ea:
2421 4693 2570 4747 libris
2597 4694 2896 4761 philosophi
2919 4691 3149 4757 Thomte,
3175 4708 3334 4760 quem
3360 4693 3558 4746 libruu

1971 4804 2000 4842 a
2035 4789 2244 4844 Thoma
2276 4788 2553 4858 Aquinate
2587 4787 2710 4840 Lat.
2772 4785 3062 4853 scriptum,
3119 4793 3175 4838 et
3237 4799 3265 4837 a
3322 4785 3560 4855 Georgio

1974 4881 2160 4936 Schol.
2202 4879 2389 4936 Graece
2420 4894 2640 4934 versum
2665 4893 2790 4934 esse
2821 4878 3061 4932 ostendit
3089 4878 3269 4931 lriart.
3322 4877 3375 4931 in
3433 4878 3554 4932 Cat.

1972 4974 2138 5029 codd.
2176 4972 2271 5028 Gr.
2299 4970 2523 5025 lllatriti.
2550 4987 2605 5041 p.
2637 4971 2765 5025 276.
2809 4970 2866 5024 lu
2899 4969 3023 5024 eod.
3066 4972 3192 5024 cod.
3220 4982 3302 5026 est
3338 4972 3560 5044 Georgii

1973 5069 2224 5131 Gemisti,
2249 5081 2296 5120 s.
2325 5065 2776 5129 Plethonis,liber
2801 5073 2992 5120 contra
3027 5063 3414 5135 Scholariipro
3442 5067 3562 5120 Ari-

1975 5163 2174 5217 stotele
2229 5161 2609 5230 obiectiones;
2671 5169 2783 5214 tum
2826 5161 2878 5214 iu
2940 5163 3064 5218 eod.
3121 5162 3247 5216 cod.
3311 5161 3406 5215 l'ol.
3457 5162 3563 5216 183

1974 5264 2028 5306 cl
2055 5253 2146 5308 191
2190 5252 2392 5306 incerti
2421 5252 2669 5309 auctoris
2699 5264 2885 5324 (quem
2914 5251 3107 5309 lriarte
3155 5269 3208 5323 p.
3239 5254 3348 5308 278
3383 5251 3559 5307 Geor-

1976 5348 2123 5418 gium
2152 5343 2338 5401 Schol.
2370 5359 2495 5402 esse
2529 5346 2882 5418 suspicatur),
2921 5345 3176 5418 Sgnopsis
3229 5346 3564 5416 syllogismo-

1978 5458 2092 5495 rum
2132 5441 2254 5496 scil.
2281 5441 2781 5514 hypotheticorum.
2812 5471 2886 5483 —
2911 5439 3269 5502 Viudobouze,
3322 5438 3376 5492 in
3435 5439 3561 5492 cod.

1979 5533 2117 5586 Cres.
2150 5532 2240 5598 59,
2265 5530 2530 5602 Excerpla
2563 5549 2627 5587 ex
2659 5533 2950 5588 Dialectica
2992 5531 3137 5586 Petri
3168 5529 3419 5598 Hispani,
3477 5530 3566 5584 iu-

1980 5633 2218 5694 terprete
2251 5623 2490 5690 Georgio
2524 5623 2835 5691 Scholario,
2868 5633 2923 5679 et
2950 5640 3015 5677 cx
3049 5622 3248 5676 Thema
3305 5623 3570 5695 Aquinate

1981 5715 2059 5770 De
2090 5716 2401 5785 diﬂerentia
2426 5717 2561 5770 inter
2584 5718 2866 5770 essentiam
2893 5725 2945 5770 et
2988 5731 3123 5779 esse,
3151 5714 3454 5785 interprete
3475 5730 3571 5772 eo-

1983 5811 2129 5866 dem.
2162 5809 2225 5864 V.
2263 5810 2521 5865 Lantbcc.
2553 5808 2687 5875 VIII,
2720 5826 2772 5880 p.
2807 5809 2911 5865 8l8
2943 5825 3030 5880 sq.
3067 5840 3138 5850 —-
3166 5808 3225 5864 ln
3255 5809 3386 5866 bibl.
3436 5808 3570 5864 Am-

1985 5903 2246 5960 brosiana
2273 5903 2566 5962 Mcdiolan.
2599 5905 2814 5995 Georgii
2852 5904 3039 5962 Schol.
3070 5904 3143 5961 De
3170 5915 3285 5960 octo
3331 5905 3570 5974 partibus
