3976 6452
339 396 443 461 329

1390 403 1808 465 CONFESSIO
1828 446 1831 449 γ
1848 403 2065 465 FlDEI
2118 403 2573 465 ΡΟΞΤΕΠΙΟΠ.

3488 419 3594 480 330

336 511 461 581 τὴρ,
488 510 728 575 τοιοῦτος
759 513 853 568 καὶ
878 514 905 566 6
934 514 1082 582 Υἱὸς,
1112 516 1205 570 καὶ
1232 520 1408 588 τροπῇ
1434 519 1528 573 τοῦ
1554 537 1582 571 0
1615 518 1696 581 ei;
1718 534 1749 571 υ
1777 519 1890 580 υἱός

2019 513 2157 583 οἷος,
2196 520 2299 572 hoc
2328 530 2409 573 est
2436 519 2605 597 _talis;
2635 522 2816 590 qualis
2862 522 3011 578 enim
3054 533 3228 593 pater,
3261 530 3389 586 talis
3426 532 3593 597 (ilius,

336 609 519 677 ὅμοιος
558 607 668 679 γὰρ
697 610 725 663 6
748 611 864 674 υίὸς
893 610 973 681 τῷ
1004 612 1195 683 πατρί.

409 786 473 841 Τ.
535 784 650 843 Καὶ
710 786 771 839 τὸ
829 787 1055 859 Πνεῦμα
1110 787 1174 843 τὸ
1235 791 1394 860 ἅγιον
1444 792 1533 845 διὰ
1577 792 1631 845 τί
1690 791 1911 859 λέγεται

335 878 559 949 πνεῦμα
582 897 597 943 ;

404 972 472 1023 Π.
524 970 751 1041 Πνεῦμα
801 970 1016 1039 λέγεται
1049 985 1204 1045 παρα
1237 975 1298 1027 τὸ
1350 979 1532 1030 νοεῖνο
1576 979 1758 1035 πάντα
1806 982 1913 1049 γὰρ

331 1061 498 1127 ὀξέως
518 1062 927 1131 ὲπινοεϊ,ἦγουν
950 1066 1133 1117 πᾶσαν
1162 1065 1349 1135 νόησιν
1374 1068 1658 1137 συντόμως
1682 1070 1917 1123 ἐπινοεῖ·-

330 1170 448 1207 ται·
488 1155 548 1207 τὸ
579 1154 687 1225 γὰρ
709 1154 864 1223 ἅγιον
890 1152 1115 1226 Πνεῦμα
1135 1157 1310 1211 πάντα
1334 1160 1534 1230 ἐρευνᾷ
1556 1162 1651 1214 καὶ
1678 1160 1747 1216 τὰ
1767 1159 1907 1231 βάθη
1954 1170 1961 1179 ⁴

331 1241 427 1297 τοῦ
452 1244 611 1300 Θεοῦ.

405 1337 470 1390 Τ.
517 1335 639 1390 Ἐπὶ
672 1334 805 1391 Θεοῦ
839 1336 979 1392 πόσα
1011 1340 1198 1407 afuat;

406 1429 473 1483 Π.
485 1430 582 1483 Ἓν
610 1431 782 1484 αἴτιον
797 1432 890 1484 ἐπὶ
912 1431 1049 1485 Θεοῦ
1072 1433 1236 1501 λέγω,
1266 1436 1358 1489 καὶ
1386 1433 1547 1491 τοῦτό
1572 1438 1719 1492 ἐστιν
1744 1440 1773 1492 6
1805 1442 1914 1495 Πα-

330 1522 436 1591 τήρ
456 1538 468 1550 ·
500 1522 664 1586 αὐτὸς
712 1526 882 1596 γεννᾷ
910 1525 1002 1579 τὸν
1053 1527 1181 1580 Υἱὸν
1211 1530 1306 1582 καὶ
1341 1530 1636 1601 ἐκπορεύει
1664 1532 1729 1586 τὸ
1756 1534 1914 1601 ἆγιον

332 1608 577 1685 Πνεῦμα.
611 1616 856 1671 Γίνωσκε
889 1620 976 1673 ὅτι
1006 1622 1035 1673 6
1064 1621 1255 1691 Πατὴρ
1294 1623 1456 1692 μόνος
1513 1625 1663 1681 ἐστὶν
1708 1626 1906 1694 αἴτιος,

327 1709 355 1761 ό
382 1707 439 1762 δὲ
490 1709 618 1773 Υἱὸς
652 1711 755 1765 οὐκ
809 1711 960 1764 ἐστιν
994 1712 1168 1775 αἴτιος
1218 1714 1356 1767 ἀλλὰ
1407 1716 1677 1783 αἰτιατὸς,
1716 1717 1813 1772 καὶ
1848 1720 1910 1773 τὸ

326 1801 479 1868 ἅγιον
507 1800 734 1872 Πνεῦμα
756 1803 961 1873 ὁμοίως
992 1804 1094 1858 οὐκ
1120 1804 1270 1858 ἐστιν
1298 1807 1472 1861 αῐτιον
1493 1808 1610 1861 ἀλλ’
1630 1810 1904 1864 αἰτιατόνο

2019 618 2073 663 et
2111 612 2463 663 niutalioneo
2510 612 2562 665 in
2590 629 2622 663 υ
2663 612 2911 669 Grmcum

2021 700 2230 754 Similis
2254 702 2397 756 enim
2448 704 2620 771 patris
2645 713 2727 759 est
2757 707 2923 763 ﬁlius.

2093 792 2157 847 Τ.
2192 794 2256 847 Et
2287 794 2525 863 πνεῦμα,
2553 796 2589 849 i.
2620 812 2670 851 e.
2698 796 2964 867 Spiritus,
2998 804 3143 859 unde
3174 806 3404 863 dicitur?

2988 617 3124 681 υίὸς,
3168 619 3274 676 hoc
3309 630 3391 677 est
3424 622 3590 678 ﬁlius.

2090 971 2150 1025 P.
2187 972 2270 1026 Ab
2326 974 2431 1028 hoc
2484 974 2652 1029 verbo
2699 977 2853 1040 νοέω,
2903 978 2941 1033 i.
2984 995 3036 1037 ο.
3074 984 3345 1054 intelligo.
3392 988 3587 1044 Omnia

2016 1066 2161 1118 enim
2198 1065 2472 1119 veraciter
2493 1076 2543 1121 et
2579 1080 2739 1123 acute
2775 1072 3036 1141 intelligit
3077 1088 3132 1130 et
3168 1080 3438 1146 providet.
3469 1082 3591 1153 Spi-

2017 1157 2157 1210 ritus
2177 1156 2323 1211 enim
2355 1171 2581 1213 sanctus
2607 1162 2794 1215 omnia
2829 1162 3077 1232 inquirit,
3106 1175 3157 1220 ct
3185 1168 3591 1235 profunditates
3686 1177 3692 1183 ’

2017 1250 2179 1302 etiam
2214 1250 2329 1304 Dei.

2090 1340 2153 1395 T.
2185 1341 2243 1395 ln
2280 1342 2387 1397 Deo
2416 1359 2539 1413 qua
2565 1353 2694 1399 sunt
2728 1346 2998 1417 principia
3030 1353 3393 1419 pratlnctiva?

2088 1432 2149 1485 P.
2186 1432 2360 1487 Unum
2416 1436 2647 1491 dicimus
2698 1440 3035 1509 principium
3091 1448 3465 1511 generativum
3534 1452 3586 1503 in

2016 1521 2151 1587 Deo,
2184 1522 2244 1577 Ii.
2279 1540 2330 1579 e.
2373 1524 2561 1592 Pater,
2596 1529 2711 1597 ipse
2735 1530 2883 1585 enim
2919 1544 3145 1598 generat
3172 1534 3369 1591 Filium
3399 1551 3451 1594 et
3478 1543 3590 1610 spi-

2015 1623 2099 1669 rat
2128 1612 2395 1682 Spiritum
2433 1628 2708 1675 sanctum.
2747 1620 2925 1686 Scias,
2952 1626 3100 1695 quod
3124 1631 3277 1683 solus
3310 1638 3395 1684 est
3422 1630 3587 1686 Pater

2013 1706 2373 1773 generatiVus
2420 1708 2545 1765 Filii
2582 1710 2793 1777 ;Filius
2820 1726 3004 1771 autem
3040 1735 3145 1773 non
3191 1731 3277 1776 est
3315 1729 3588 1793 generati-

2013 1813 2137 1864 vus,
2171 1801 2268 1855 sed
2297 1801 2519 1869 genitus
2554 1822 2568 1868 ;
2608 1804 2848 1875 Spiritus
2876 1820 3107 1866 sanctus
3136 1828 3245 1867 non
3269 1824 3354 1870 est
3383 1818 3588 1887 produ-

325 1892 470 1947 ὥστε
499 1894 561 1946 τὸ
594 1895 694 1963 μὲν
722 1894 897 1949 αῐτιον
923 1895 983 1948 ἓν
1014 1898 1163 1950 ἐστιν
1195 1900 1223 1950 6
1254 1898 1467 1970 Πατὴρ,
1493 1902 1563 1954 τὰ
1594 1900 1653 1954 δὲ
1682 1903 1890 1955 αἰτιατέ

2009 1892 2212 1956 ctivus,
2244 1896 2340 1949 sed
2374 1898 2698 1963 productus.
2740 1900 2924 1969 Itaque
2956 1906 3285 1974 principium
3307 1890 3588 1991 producti-

325 1984 437 2049 δύο,
462 1987 490 2037 ό
518 1986 644 2049 Υἱὸς
678 1986 772 2040 καὶ
801 1988 861 2039 τὸ
895 1988 1052 2055 ἅγιον
1105 1989 1351 2057 Πνεῦμα.
1393 1991 1576 2054 Atrio;
1621 1991 1841 2060 λέγεται
1878 1997 1907 2046 6

327 2078 515 2148 Πατὴρ
540 2076 627 2131 διὰ
648 2079 710 2130 τὸ
731 2080 929 2148 γεννᾷν
959 2080 1053 2131 καὶ
1078 2080 1139 2133 ού
1169 2084 1452 2149 γεννᾶται,
1485 2084 1777 2154 ὲκπορεύει
1798 2082 1907 2139 ’καὶ

322 2170 424 2223 οῦκ
454 2172 850 2241 ἐκπορεύεταιο
893 2174 1060 2242 γεννᾷ
1099 2172 1201 2242 μὶν
1251 2175 1343 2227 τὸν
1402 2174 1559 2241 Υἱὸν,
1612 2178 1905 2249 ὲκπορεύει

322 2265 381 2317 δὲ
416 2264 477 2316 τὸ
517 2262 743 2331 Πνεῦμα
777 2264 839 2318 τὸ
886 2265 1081 2334 ἅγιον·
1137 2267 1230 2319 καὶ
1275 2265 1365 2321 διὰ
1415 2267 1576 2323 τοῦτο
1621 2269 1846 2340 λέγεται
1876 2274 1905 2327 6

325 2357 518 2428 Πατὴρ
544 2358 737 2422 αἴτιος.

393 2540 460 2595 Τ.
489 2541 601 2595 Καὶ
625 2542 769 2597 πόσα
796 2544 1020 2602 αἰτιατά
1042 2564 1056 2611 ;

400 2630 466 2684 Π.
507 2633 733 2687 Αἱτιατὰ
760 2636 877 2699 δύο,
914 2640 943 2689 ό
986 2638 1113 2703 Υἱὸς
1145 2643 1241 2696 καὶ
1269 2644 1331 2696 τὸ
1368 2643 1596 2717 Πνεῦμα
1628 2649 1687 2701 τὸ
1718 2649 1895 2717 ἅγιον.

326 2718 404 2774 Οὐ
437 2726 602 2794 γεννᾷ
629 2727 658 2779 6
684 2726 835 2791 Υἱὸς,
878 2728 1016 2783 ἀλλὰ
1046 2735 1329 2799 γεννᾶται,
1359 2737 1451 2791 διὰ
1494 2740 1652 2793 τοῦτο
1678 2741 1898 2810 λέγεται

326 2815 605 2881 αἰτιατός·
636 2819 838 2889 ὁμοίως
888 2824 984 2875 καὶ
1033 2824 1095 2877 τὸ
1144 2826 1298 2893 ἅγιον
1337 2828 1563 2900 Πνεῦμα
1593 2833 1694 2886 οὐκ
1728 2834 1899 2886 ἐκπο-

323 2907 497 2975 ρεύει,
530 2909 645 2963 ἀλλ’
673 2912 1061 2981 ἐκπορεύεται,
1092 2919 1189 2970 καὶ
1231 2920 1319 2972 διὰ
1366 2920 1528 2973 τοῦτο
1557 2922 1779 2989 λέγεται
1818 2926 1900 2977 αἰ-

320 3002 525 3057 τιατόν.
575 3003 776 3058 Λοιπὸν
822 3007 923 3060 ἐὰν
980 3025 1065 3072 τις
1090 3011 1353 3082 ,ἐρωτήσῃ
1407 3030 1488 3077 σε,
1522 3015 1607 3067 ὅτι
1640 3014 1734 3069 ἐπὶ
1761 3015 1897 3071 Θεοῦ

320 3095 462 3148 πόσα
489 3096 641 3150 αἷτια
667 3098 887 3167 λέγειςς
913 3100 1035 3154 εἰπὲ
1061 3102 1120 3154 ἐν
1147 3119 1162 3133 θ
1196 3106 1350 3158 ποῖον
1382 3105 1541 3159 τοῦτο
1556 3125 1571 3172 ;
1606 3108 1821 3180 Πατήρ.

385 3277 449 3331 Τ.
493 3275 600 3329 Καὶ
628 3276 717 3330 διὰ
746 3277 800 3330 τί
829 3276 1292 3347 λέγεταιοαῐτιονς

386 3369 452 3423 Π.
495 3366 593 3423 Διὰ
640 3369 700 3422 τὸ
747 3372 946 3447 γεννᾷν
995 3372 1086 3428 τὸν
1143 3373 1272 3428 Υἱὸν
1322 3376 1419 3429 καὶ
1464 3377 1787 3449 ὲκπορεύειν
1832 3382 1895 3435 τὸ

318 3460 539 3530 Πνεῦμα
566 3459 742 3530 ἅγιον.

383 3551 447 3605 Τ.
493 3552 614 3606 Ἐπὶ
659 3552 758 3624 τῆς
801 3555 966 3624 ἁγίας
1009 3557 1241 3629 Τριάδος
1279 3561 1365 3625 τις
1412 3563 1631 3633 πρῶτος
1676 3567 1742 3620 ὲκ
1780 3568 1892 3620 τῶν

312 3643 501 3713 τριῶν,
531 3647 560 3698 6
591 3644 781 3717 Πατὴρ
810 3647 844 3717 ἢ
877 3647 907 3699 6
934 3646 1063 3712 Υἱὸς
1090 3649 1125 3720 ἦ
1154 3651 1214 3703 τὸ
1244 3652 1471 3722 Πνεῦμα
1499 3655 1560 3708 τὸ
1586 3656 1779 3724 ἆγιονς
1884 3732 1889 3736 δ

304 3740 315 3743 ‘
385 3734 453 3788 Π.
489 3734 614 3790 Ἐπὶ
652 3737 753 3808 τῆς
792 3737 957 3806 ἁγίας
998 3741 1227 3812 Τριάδος
1270 3744 1445 3809 οὐδεὶς
1485 3749 1605 3801 ἐστι
1650 3734 1887 3823 πρῶτος,

309 3828 486 3893 οὐδεὶς
520 3832 669 3883 ἐστιν
702 3829 960 3903 ὕστερος,
999 3834 1135 3888 ἀλλὰ
1168 3836 1286 3907 ἅμα
1322 3838 1541 3910 Πατὴρ,
1576 3840 1692 3910 ἅμα
1726 3843 1883 3910 Υἱὸς,

309 3920 426 3991 ἅμα
454 3924 547 3976 καὶ
573 3924 633 3976 τὸ
661 3924 886 3995 Πνεῦμα
911 3926 972 3980 τὸ
997 3928 1154 3996 ἅγιον
1172 3945 1186 3959 ⁸
1217 3932 1314 3985 καὶ
1340 3931 1428 3986 διὰ
1454 3930 1612 3986 τοῦτο
1636 3936 1731 3989 καὶ
1757 3953 1886 3991 συν.

307 4014 535 4085 άναρχοι
569 4014 844 4084 λέγονται,
880 4018 941 4072 τὸ
977 4023 1083 4091 πρὸ
1112 4021 1210 4092 τῆς
1242 4023 1421 4095 ἀρχῆς
1452 4025 1532 4081 όν.
1568 4026 1631 4083 '0
1662 4029 1719 4082 δὲ
1752 4030 1885 4094 Θεὸς

304 4106 404 4160 οὐκ
435 4108 549 4179 ἔχει
578 4109 773 4181 ἀρχὴν,
803 4110 939 4167 ἀλλὰ
970 4113 1078 4183 πρὸ
1106 4112 1209 4184 τῆς
1239 4116 1414 4186 ἀρχῆς
1444 4116 1582 4185 ἔστι,
1610 4121 1698 4174 διὰ
1726 4122 1884 4176 τοῦτο

305 4197 520 4269 λέγεται
538 4201 785 4271 ,ἄναρχος
809 4219 825 4233 ·
858 4203 1092 4274 ἄναρχος
1121 4205 1308 4259 λοιπὸν
1334 4208 1362 4259 6
1393 4208 1615 4279 Πατὴρ,
1646 4211 1882 4280 ἄναρχος

273 4273 491 4363 ’λοιπὸν
521 4290 550 4343 6
589 4291 749 4358 Υἱὸς,
786 4273 1028 4364 ἄναρχον
1061 4295 1156 4350 καὶ
1190 4298 1249 4350 τὸ
1291 4273 1713 4369 Πνεῦμαναγιον
1739 4273 1768 4335 ο-

306 4382 415 4436 ιδοὺ
449 4386 796 4456 συνάναρχοι,
824 4386 919 4439 καὶ
944 4388 1121 4451 οὐδεὶς
1152 4389 1367 4457 πρῶτος
1396 4391 1489 4444 καὶ
1520 4393 1693 4457 οὐδεὶς
1726 4392 1878 4448 ὕστε-

302 4491 393 4544 ρος
423 4476 514 4530 ὲπὶ
542 4479 640 4547 τῆς
671 4478 835 4545 ἁγίας
863 4476 1113 4545 Τριάδος.

2001 1978 2136 2039 ’νυω
2189 1996 2276 2042 est
2320 1987 2482 2044 Pater
2527 2003 2580 2046 et
2622 1995 2787 2048 etiam
2821 1996 3023 2063 Filius;
3091 2004 3340 2069 producti
3401 1984 3582 2060 anteiit

2009 2087 2138 2131 sunt
2172 2077 2345 2135 Filius
2378 2092 2434 2137 et
2466 2081 2714 2153 Spiritus
2761 2098 3018 2146 sanctus.
3041 2091 3404 2165 LPrincipimn
3458 2114 3581 2166 pro—

1964 2206 1971 2211 -
2008 2170 2291 2227 ductivum
2338 2174 2547 2231 dicitur
2585 2178 2768 2247 Pater,
2792 2184 2924 2252 quia
2950 2196 3173 2253 generat
3207 2197 3261 2242 et
3285 2205 3391 2244 non
3420 2207 3583 2262 gene-

2010 2271 2184 2329 ratur,
2212 2268 2466 2335 producit
2492 2282 2547 2325 et
2572 2289 2679 2327 non
2712 2277 3079 2345 producitur;
3102 2294 3332 2351 generat
3358 2285 3579 2350 quidem

2004 2352 2227 2420 Filium,
2254 2360 2429 2427 spirat
2458 2371 2642 2419 autem
2673 2365 2941 2432 Spiritum
2966 2381 3247 2441 sanctum,
3282 2384 3337 2431 et
3362 2376 3487 2433 ideo
3502 2380 3584 2434 di-
3642 2404 3655 2419 ι

2002 2447 2151 2502 citur
2175 2448 2340 2507 Pater
2361 2455 2695 2533 principium
2726 2463 3142 2530 productivum.

2076 2540 2141 2595 T.
2172 2542 2240 2609 Et
2291 2555 2428 2615 quot
2480 2560 2609 2603 sunt
2638 2566 2890 2619 persona:
2928 2557 2981 2623 in
3019 2559 3221 2615 divinis
3252 2563 3583 2631 producta}?

2074 2634 2139 2688 P.
2164 2634 2295 2691 Duae
2326 2641 2538 2695 sunt'in
2571 2643 2775 2699 divinis
2803 2663 3053 2717 personae
3079 2656 3380 2724 productae,
3410 2657 3581 2713 Filius

2001 2732 2057 2779 et
2083 2723 2327 2795 Spiritus
2354 2742 2617 2788 sanctus.
2656 2734 2776 2789 Non
2808 2749 3034 2807 generat
3060 2741 3257 2811 Filius,
3290 2750 3381 2802 sed
3412 2767 3581 2820 gene-

2000 2826 2178 2883 ratur,
2213 2831 2505 2890 propterea
2533 2824 2746 2881 dicitur
2774 2833 3078 2898 productus
3110 2854 3122 2890 :
3167 2838 3429 2895 similiter
3457 2843 3581 2912 Spi-

2002 2906 2144 2961 ritus
2175 2920 2403 2968 sanctus
2438 2930 2545 2969 non
2604 2919 2802 2985 spirat,
2838 2925 2932 2975 sed
2969 2925 3231 2993 spiratur,
3257 2940 3315 2985 et
3346 2931 3464 2987 ideo
3492 2906 3581 2989 di-

2001 2998 2148 3053 citur
2171 3003 2498 3069 productus.
2550 3005 2608 3062 Si
2641 3010 2813 3079 igitur
2855 3014 3232 3086 interrogatus
3283 3020 3477 3084 fueris,
3525 3028 3579 3079 in

1966 3089 2205 3147 divinis
2231 3108 2355 3162 qua:
2396 3097 2508 3151 sint
2538 3114 2788 3167 perSonte
2828 3106 3229 3173 producentes?
3269 3116 3580 3183 respdnde:

1921 3215 1966 3269 ϐ
2001 3198 2131 3239 una.

2162 3182 2423 3250 Quaenam
2451 3189 2542 3243 illa
2578 3191 2601 3243 7
2625 3190 2811 3248 Pater.

2074 3274 2139 3328 T.
2174 3274 2237 3329 Et
2267 3292 2366 3331 cur
2392 3278 2599 3335 dicitur
2623 3285 2932 3351 produccns
2956 3289 2979 3344 ?

2064 3365 2125 3422 P.
2160 3368 2297 3435 Quia
2327 3383 2553 3441 generat
2585 3375 2786 3434 Filium
2813 3392 2869 3437 et
2906 3384 3082 3452 spirat
3136 3386 3405 3458 Spiritum
3446 3408 3575 3449 san-

1995 3471 2167 3516 οιυιιι.
2258 3493 2263 3497 ί

2065 3552 2128 3608 Τ.
2157 3554 2213 3609 In
2240 3568 2433 3615 sancta
2465 3559 2737 3621 Trinitate
2763 3568 2887 3636 quis
2912 3569 3013 3625 fuit
3044 3574 3277 3644 primus,
3310 3577 3473 3636 Pater
3502 3597 3572 3637 an

1952 3702 1955 3705 _
1994 3643 2166 3702 Filius
2194 3664 2261 3704 an
2287 3653 2530 3722 Spiritus
2565 3672 2791 3715 sanctus
2824 3662 2848 3714 ?

2064 3737 2433 3801 P.1nsancta
2476 3748 2745 3806 Trinitate
2793 3756 2974 3811 nullus
3017 3770 3102 3813 est
3148 3762 3357 3829 primus
3391 3781 3571 3837 neque

1993 3826 2241 3898 ultimus,
2283 3836 2379 3889 sed
2414 3836 2578 3894 simul
2629 3842 2812 3906 Pater,
2848 3847 3014 3900 simul
3057 3846 3254 3914 Filius,
3299 3856 3464 3910 simul
3515 3870 3570 3911 ct

1991 3918 2231 3989 Spiritus
2255 3938 2506 3991 sanctus,
2542 3939 2598 3984 et
2628 3945 2925 4002 propterea
2961 3940 3124 3993 simul
3160 3958 3271 3997 non
3325 3947 3567 4003 inchoati

1988 4014 2248 4069 dicuntur
2277 4026 2403 4073 ante
2434 4020 2784 4091 principium.
2827 4027 2969 4082 Deus
3008 4046 3137 4087 vero
3163 4033 3323 4090 Pater
3355 4039 3562 4107 princi-

1988 4104 2078 4171 pio
2109 4117 2277 4169 caret,
2317 4109 2439 4164 licet
2473 4122 2559 4165 est
2616 4125 2744 4169 ante
2781 4117 3132 4189 principium,
3177 4135 3232 4179 et
3272 4104 3560 4198 propterea

1986 4194 2188 4250 dicitur
2236 4199 2357 4253 sine
2419 4202 2726 4274 principio;
2777 4219 2829 4262 et
2862 4225 2969 4265 non
3030 4194 3317 4275 inchoatus
3363 4194 3558 4287 Filius,

1988 4305 2096 4344 non
2150 4292 2446 4350 inchoatus
2496 4297 2736 4365 Spiritus
2786 4315 3031 4361 sanctus.
3080 4308 3143 4364 Et
3198 4327 3327 4367 ecce
3394 4317 3559 4371 simul

1986 4388 2264 4451 coaeterni,
2301 4398 2354 4442 et
2385 4392 2838 4466 nullus.primus,
2882 4402 3066 4459 nullus
3090 4404 3314 4462 ultimus
3346 4409 3400 4464 in
3429 4427 3555 4466 san-

1983 4486 2068 4533 cta
2100 4478 2392 4537 Trinitate.

371 4565 435 4622 Τ.
474 4566 583 4622 Καὶ
614 4569 674 4622 τὸ
712 4568 935 4640 Πνεῦμα
968 4572 1027 4625 τὸ
1067 4572 1225 4649 ἅγιον
1257 4574 1374 4639 πῶς
1414 4576 1775 4647 ἐκπορεύεται
1814 4583 1879 4633 ἐκ

2055 4565 2119 4623 Τ.
2172 4570 2240 4624 Et
2307 4570 2546 4642 Spiritus
2599 4590 2830 4639 s’anctus
2882 4591 3159 4656 quomodo
3222 4595 3467 4663 procedit
3526 4615 3554 4650 a

300 4657 394 4713 τοῦ
425 4660 636 4732 Πατρός
660 4678 674 4729 ;

371 4753 441 4806 ll.
473 4754 619 4807 Ἔδει
649 4770 707 4807 σε
735 4757 832 4809 καὶ
856 4757 985 4827 περὶ
1009 4757 1201 4813 τούτου
1232 4760 1307 4832 μὴ
1334 4763 1567 4833 ἐρωτᾷν,
1597 4764 1690 4817 καὶ
1714 4765 1875 4821 τοῦτο

300 4842 406 4913 γὰρ
437 4845 865 4915 ἁνερμήνευτον.
900 4850 1047 4920 Πλὴν
1080 4851 1319 4920 μάνθανε
1351 4852 1446 4906 καὶ
1479 4856 1610 4924 περὶ
1638 4854 1831 4909 τούτου
1854 4900 1869 4924 ,

298 4937 381 4989 ὅτι
417 4936 608 5006 ὥσπερ
645 4940 678 5009 ή
716 4941 962 5012 ἀναπνοὴ
994 4942 1088 4995 τοῦ
1129 4943 1422 5011 ἀνθρώπου
1461 4946 1525 4998 ὲκ
1557 4947 1654 5016 τῆς
1694 4947 1874 5019 ψυχῆς

300 5030 697 5100 ἐκπορεύεται,
731 5031 877 5088 οὕτω
910 5036 1005 5089 καὶ
1037 5037 1099 5089 τὸ
1133 5035 1360 5107 Πνεῦμα
1392 5041 1452 5092 τὸ
1488 5037 1644 5116 ἅγιον
1678 5043 1744 5095 ὲκ
1775 5041 1871 5095 τοῦ

300 5121 512 5193 Πατρὸς
543 5124 604 5175 ὲκ
614 5124 920 5194 πορεύεται.

369 5213 435 5267 Τ.
462 5210 607 5285 Ἀρα
633 5220 892 5285 χωρείται
918 5219 945 5271 6
974 5219 1107 5283 Θεὸς
1135 5220 1194 5273 ἐν
1218 5219 1301 5272 ἐνὶ
1330 5220 1481 5291 τόπῳ
1508 5220 1540 5291 ἢ
1572 5221 1670 5289 οῦς

368 5306 441 5361 ll.
478 5306 580 5369 θὲς
611 5307 703 5360 τὸν
740 5309 864 5363 νοῦν
895 5326 990 5363 σου
1025 5310 1121 5362 καὶ
1154 5312 1377 5379 νόησον,
1414 5313 1496 5365 ὅτι
1530 5315 1558 5365 6
1590 5313 1719 5379 Θεὸς
1756 5316 1872 5384 φῶς

296 5398 466 5463 ἔστιν,
496 5397 807 5468 ἀθεώρητος
839 5403 934 5455 καὶ
963 5403 1269 5473 ἁχώρητος,
1301 5401 1426 5456 οὔτε
1457 5400 1550 5458 οὖν
1578 5406 1871 5477 θεωρεῖται

294 5493 323 5544 6
353 5490 486 5554 Θεὸς
507 5529 523 5554 ,
553 5488 676 5544 οὔτε
706 5495 967 5562 χωρεῖται
996 5495 1075 5557 εἰς
1108 5495 1166 5547 τὸ
1199 5495 1311 5547 πᾶν
1330 5535 1345 5560 ,
1378 5496 1511 5549 ὅπου
1546 5497 1730 5566 μέλλει
1760 5516 1872 5568 χω·

299 5584 411 5653 ρεῖν
441 5584 537 5636 καὶ
566 5585 846 5637 κατοικεῖν
868 5600 885 5618 ·
916 5584 1059 5639 ὥστε
1087 5586 1281 5656 δῆλον,
1312 5589 1400 5641 ὅτι
1428 5588 1489 5641 οὐ
1522 5593 1781 5660 χωρείται
1813 5594 1870 5645 ἐν

294 5672 377 5727 ἑνὶ
401 5675 572 5745 τύπῳ,
596 5673 733 5729 ἀλλὰ
759 5678 921 5729 παντὶ
947 5678 1039 5729 καὶ
1067 5678 1343 5749 πανταχοῦ
1371 5680 1638 5749 πάρεστιν
1664 5683 1691 5733 6
1715 5682 1867 5745 Θεός.

296 5765 481 5821 Πάντα
506 5765 748 5835 ἡκούσας
768 5767 1008 5837 περὶτῆς
1034 5768 1194 5835 ἁγίας
1222 5770 1475 5840 Τριάδος,
1504 5772 1585 5825 ὅτι
1618 5771 1676 5825 ἓν
1707 5773 1873 5844 πρόσ-

292 5872 442 5912 ωπον
465 5860 492 5912 6
524 5858 710 5928 Πατὴρ
767 5859 863 5913 καὶ
888 5858 946 5911 τὸ
972 5860 1056 5912 ἒτε
1068 5877 1162 5928 ρον
1184 5862 1406 5931 λέγεται
1436 5865 1662 5937 Πνεῦμα
1688 5868 1866 5936 ἅγιον,

614 5957 875 6017 Parnm.
929 5958 1046 6017 tiu.
1081 5956 1257 6019 CLX.

1979 4659 2181 4717 Patre?
2810 4710 2837 4743 ³

2049 4755 2110 4811 Ρ.
2156 4757 2500 4833 Interrogare
2525 4764 2591 4819 de
2627 4767 2727 4821 hoc
2757 4770 2986 4825 minime
3016 4781 3071 4827 te
3111 4773 3289 4841 decet,
3325 4792 3434 4832 non
3469 4796 3555 4834 est

1978 4847 2109 4902 inter
2125 4854 2430 4919 pretabile;
2461 4865 2706 4912 attamen
2739 4860 2964 4917 addisce
2994 4880 3181 4934 quaeso
3210 4868 3277 4923 de
3308 4870 3408 4925 hac
3441 4888 3497 4926 re
3538 4896 3548 4927 :

1975 4944 2436 5013 quemadmodum
2485 4950 2718 5018 spiratio
2765 4953 3004 5012 hominis
3032 4961 3282 5027 procedit
3326 4963 3393 5019 ab
3436 4968 3554 5021 ani-

1977 5048 2084 5100 ma,
2110 5035 2186 5089 ita
2210 5044 2263 5089 et
2291 5036 2528 5103 Spiritus
2554 5053 2778 5099 sanctus
2806 5049 3055 5115 proredit
3086 5066 3115 5105 a
3139 5050 3321 5111 Patre.

2046 5215 2108 5270 Ἰ.
2142 5214 2336 5271 Utrum
2366 5217 2488 5274 loco
2522 5224 2738 5292 capitur
2770 5226 2912 5283 Deus
2940 5246 3008 5285 an
3032 5248 3144 5290 non
3169 5236 3193 5288 ?

2046 5307 2110 5362 Ρ.
2165 5310 2549 5370 Animadverte
2594 5327 2647 5373 et
2699 5318 2979 5393 intelliges
3037 5325 3351 5399 diligenter,
3407 5335 3548 5403 quod

1975 5399 2117 5455 Deus
2154 5402 2335 5457 lumen
2370 5419 2451 5459 est
2494 5407 2769 5465 invisibile
2799 5422 2852 5468 et
2886 5414 3009 5470 loco
3040 5433 3144 5472 non
3170 5399 3498 5490 receptabile
3529 5444 3543 5491 ;

1974 5508 2151 5564 neque
2194 5496 2361 5565 igitur
2412 5504 2679 5570 aspicitur
2727 5503 2887 5570 Deus,
2944 5524 3123 5578 neque
3164 5512 3455 5581 respicitur
3496 5519 3547 5571 in

1974 5595 2111 5650 toto,
2158 5587 2246 5641 tibi
2291 5590 2640 5648 habitaturus
2666 5605 2719 5649 et
2752 5598 3170 5667 receptatnrus’;
3204 5601 3389 5671 itaque
3433 5609 3547 5662 cla-

1974 5694 2094 5734 rum
2142 5683 2605 5757 manifestumque
2651 5697 2759 5753 est,
2811 5693 2956 5758 quod
3010 5708 3117 5747 non
3174 5698 3440 5767 recipitur
3493 5704 3547 5755 in

1974 5788 2083 5827 uno
2114 5774 2257 5839 loco,
2288 5776 2383 5832 sed
2419 5779 2470 5832 in
2506 5789 2622 5835 toto
2655 5790 2707 5833 et
2747 5781 2948 5851 ubique
2972 5784 3126 5840 adest
3165 5787 3327 5843 Deus.
3367 5790 3545 5845 Etiam

1972 5867 2230 5924 audivisti
2296 5868 2361 5923 dc
2394 5883 2584 5928 sancta
2626 5874 2911 5953 'l‘rinitate,
2946 5878 3091 5932 ouod
3145 5896 3253 5936 una
3306 5898 3542 5953 persona
3602 5890 3621 5903 ⁶

3121 5973 3184 6037 ll
