3976 6452
464 393 568 459 331

1578 392 1967 456 GENNADII
2004 395 2111 460 ΟΡ.
2158 401 2679 467 PATRIARCILE

3641 405 3767 472 332

470 519 557 565 est
583 508 766 575 Pater,
798 507 969 563 altera
991 522 1118 563 vero
1148 505 1390 579 Spiritus
1420 516 1668 573 sanctus,
1703 518 1756 563 et
1801 508 1907 561 alia
1966 507 2053 561 Fi-

2170 514 2257 565 καὶ
2288 515 2349 568 τὸ
2382 516 2544 570 ἄλλον
2575 520 2634 573 τὸ
2671 518 2965 590 πρόσωπον
2999 519 3219 587 λέγετςι
3251 521 3377 583 Υίδς
3414 522 3515 575 καὶ
3549 514 3768 593 Λόγος.

471 601 577 656 lius
604 609 658 655 et
698 599 956 654 Verbum.
983 598 1327 669 Ecceigitur
1359 599 1525 663 scias,
1559 599 1701 669 quod
1760 599 1849 652 hic
1886 597 2057 653 Filius

473 692 701 747 indutus
734 704 816 746 est
850 706 1016 747 carne
1049 691 1288 745 humana
1310 700 1367 745 et
1391 692 1693 745 ambulavit
1724 691 1777 744 in
1811 701 1974 753 terra,
2009 699 2064 744 et

472 791 659 854 postea
676 797 840 847 quam
858 782 1036 837 induit
1050 798 1268 838 carnem
1296 793 1348 837 et
1367 783 1667 837 ambulavit
1692 783 1746 837 in
1766 792 1911 837 terra
1934 800 2059 838 cum

468 891 655 938 carne.
690 876 1005 930 nominatus
1028 887 1113 929 est
1154 875 1318 930 Jesus
1349 887 1402 930 et
1438 877 1745 945 appellatus
1780 876 2087 933 Christus..

468 969 904 1039 IgiturChristus
935 968 1106 1022 Filius
1121 978 1176 1022 et
1207 966 1441 1023 Verbum
1476 968 1568 1022 Dei
1599 978 1686 1023 est
1718 969 2061 1032 incarnatus,

470 1063 677 1118 habens
710 1061 942 1115 formam
978 1061 1241 1115 hominis.

541 1244 606 1299 T.
634 1243 753 1311 Qua
780 1243 1108 1298 necessitate
1138 1242 1337 1297 ductus
1361 1241 1531 1297 Filius
1559 1252 1614 1296 et
1674 1239 1913 1296 Verbum
1968 1241 2061 1297 Dei

470 1340 788 1394 incarnatus
818 1346 924 1401 est,
953 1344 1011 1388 ut
1040 1334 1355 1389 ambularet
1394 1347 1455 1388 ut
1487 1336 1651 1388 homo
1708 1335 1762 1389 in
1815 1333 2065 1388 mundo?

539 1522 604 1577 P.
655 1518 924 1586 Quoniam
972 1517 1346 1586 interrogasti,
1401 1531 1509 1586 qua
1549 1530 1715 1571 causa
1776 1515 1918 1571 Deus
1983 1517 2065 1569 in-

471 1622 734 1671 carnatus
756 1620 863 1676 est,
901 1610 1025 1664 audi
1061 1623 1309 1664 causam.
1361 1608 1506 1663 Deus
1533 1609 1680 1662 nulla
1714 1623 1772 1663 re
1807 1607 2060 1678 indigens

472 1710 793 1763 incarnatus
814 1711 899 1759 est
924 1686 1055 1769 {sed
1083 1702 1324 1756 humana
1344 1709 1542 1755 natura
1572 1699 1861 1769 indigebat
1885 1699 2065 1754 medi-

472 1799 707 1856 camine.
740 1796 1039 1865 Postquam
1072 1793 1218 1847 enim
1256 1792 1398 1848 Deus
1430 1791 1557 1848 fecit
1592 1795 1795 1846 emtum
1836 1800 1893 1846 et
1943 1800 2057 1845 ter-

475 1908 591 1948 ram
629 1897 685 1944 et
734 1888 917 1943 omnia
944 1902 1067 1956 qua:
1096 1884 1305 1941 suntin
1344 1884 1445 1949 eis,
1474 1893 1528 1939 et
1554 1883 1761 1938 creavit
1786 1882 2059 1937 hominem

473 1994 529 2039 et
567 1982 752 2054 posuit
778 1997 904 2035 cum
933 1981 986 2035 in
1041 1978 1223 2033 medio
1276 1976 1541 2046 paradisi,
1602 1976 1882 2029 ordinavit
1926 1989 2056 2029 eum

477 2080 747 2147 imperare
782 2069 1299 2148 ouniibuscreatis,
1335 2077 1390 2122 et
1416 2066 1664 2120 habitare
1693 2069 1746 2119 in
1802 2065 2063 2135 paradiso

477 2182 734 2237 tanquam
771 2164 914 2221 Deus
945 2179 961 2229 ;
995 2163 1270 2233 aspiciens
1298 2174 1424 2215 eum
1442 2159 1695 2213 diabolus
1729 2158 1925 2213 invidit
1982 2157 2065 2212 ti;-

478 2260 673 2335 gnitati
708 2258 946 2313 buminis
972 2253 1359 2322 consuluitque
1409 2251 1644 2315 homini,
1698 2267 1805 2305 non
1872 2266 2064 2320 parere

376 2396 379 2401 .
477 2351 750 2409 mandatis
781 2349 898 2403 Dei.
938 2344 1111 2400 llomo
1139 2352 1319 2399 autem
1371 2357 1494 2397 cum
1528 2350 1678 2396 esset
1736 2342 2057 2410 inexpertus

478 2443 769 2518 pravitatis
797 2439 1022 2500 diaboli,
1056 2437 1236 2509 paruit
1254 2434 1491 2490 consilio
1524 2433 1753 2500 diaboli,
1786 2450 1899 2489 non
1936 2434 2063 2489 obe-

477 2538 635 2593 dieus
674 2534 805 2598 Deo,
838 2541 893 2587 et
925 2539 1055 2585 tunc
1084 2529 1310 2601 accepit
1343 2528 1510 2581 homo
1547 2530 1781 2580 mortem
1830 2529 2059 2595 peccati,

477 2641 534 2687 et
558 2629 813 2684 similiter
836 2639 1028 2679 omnes
1049 2623 1144 2692 qui
1169 2624 1235 2674 ab
1262 2620 1481 2675 homine
1502 2618 1598 2673 illo
1621 2626 1750 2673 sunt
1775 2621 1909 2682 nati,
1938 2619 2062 2688 quia

478 2726 811 2790 acceperunt
834 2722 1118 2785 peccatum
1147 2726 1176 2765 a
1201 2709 1538 2781 parentibus,
1569 2721 1617 2763 et
1645 2713 1901 2763 tenebant
1924 2709 2065 2762 hanc

484 2825 737 2877 mortem,
768 2821 822 2863 et
862 2807 1251 2860 dominabatur
1286 2805 1340 2858 in
1379 2805 1457 2859 eis
1494 2812 1804 2867 peccatum.
1845 2801 1910 2855 Et
1940 2817 2064 2873 pro-

479 2916 599 2977 pter
631 2903 908 2959 hominem
948 2899 1096 2954 misit
1120 2900 1261 2952 Deus
1315 2897 1632 2967 prophetas,
1693 2896 1952 2950 doeiorcs
2003 2896 2058 2949 in

480 2998 765 3061 mundum,
802 3002 859 3046 ut
890 2993 1153 3047 docerent
1184 2990 1453 3055 homines,
1485 2995 1545 3042 ut
1581 3002 1612 3041 a
1646 3000 1873 3058 peccato
1932 3003 2062 3042 con-

476 3096 841 3143 verterentur.
866 3083 982 3136 Non
1021 3089 1318 3151 potuerunt
1345 3094 1496 3142 .vero
1562 3081 1837 3148 propheta:
1890 3081 2062 3133 corri-

479 3198 609 3252 gere
635 3195 752 3245 eos,
793 3189 847 3231 ct
894 3188 1176 3245 propterea
1213 3173 1340 3226 talia
1410 3187 1598 3227 secum
1666 3173 1804 3225 dixit
1864 3170 2008 3227 Deus
2043 3188 2056 3224 :

479 3272 815 3327 Descendunt
851 3277 905 3322 et
946 3267 1164 3320 induam
1200 3279 1285 3318 tne
1324 3278 1493 3317 carne
1531 3273 1587 3316 et
1627 3262 1753 3316 liam
1795 3263 1847 3315 iu
1883 3261 2058 3315 farina

478 3360 719 3415 hominis
766 3369 821 3411 et
862 3355 1070 3410 docebo
1124 3363 1433 3408 creaturam
1483 3366 1687 3418 meam,
1736 3362 1794 3405 ut
1841 3367 2063 3405 convcr-

482 3461 630 3506 tatur
669 3465 702 3505 a
734 3449 965 3502 consilio
998 3446 1223 3511 diaboli,
1286 3453 1341 3499 et
1382 3446 1486 3499 erit
1518 3447 1699 3498 omnis
1736 3444 1899 3498 homo
1942 3455 2065 3497 tau-

479 3560 643 3613 quam
681 3542 824 3593 Deus
854 3555 965 3593 non
1000 3537 1305 3594 secundum
1336 3549 1609 3601 naturam,
1634 3536 1728 3590 sed
1759 3536 2059 3590 secundum

482 3634 981 3705 participationem.
1018 3631 1079 3683 Et
1118 3631 1219 3684 hoc
1274 3631 1447 3684 voluit
1505 3629 1651 3684 Deus
1704 3628 1864 3682 Pater
1922 3629 2061 3682 bona

483 3728 764 3781 voluntate
796 3734 849 3779 et
868 3723 1263 3792 cooperatione
1295 3720 1541 3792 Spiritus
1589 3722 1767 3777 sancti
1798 3737 1811 3773 :
1837 3719 2065 3776 descen-

479 3823 560 3875 dit
589 3819 757 3874 Filius
783 3827 874 3872 aut
902 3813 1139 3872 Verbum
1165 3815 1279 3882 Dei,
1305 3824 1359 3869 et
1388 3817 1673 3885 ingressus
1731 3822 1817 3869 est
1869 3828 2059 3882 puram

480 3927 536 3970 et
563 3913 973 3969 immaculatam
1013 3910 1308 3979 Virginem,
1332 3916 1389 3964 et
1417 3910 1664 3978 suscepit
1717 3923 1963 3974 carnem,
2010 3917 2066 3961 et

482 4011 645 4065 homo
666 4008 845 4061 factus
876 4013 982 4070 est,
1019 4013 1071 4058 ct
1099 4015 1289 4074 postea
1322 4018 1388 4057 ex
1425 4011 1584 4058 utero
1618 4001 1856 4071 Virginis
1885 4017 2067 4069 egres-

477 4116 572 4155 sus
600 4106 964 4154 conversatus
993 4104 1079 4149 est
1116 4094 1172 4150 in
1201 4098 1412 4150 mundo
1445 4107 1571 4146 cum
1636 4092 1951 4147 hominibus
2005 4099 2064 4146 ut

482 4193 667 4257 homo,
702 4200 757 4244 et
786 4192 1102 4242 nominatus
1129 4198 1211 4240 est
1231 4188 1507 4253 Christus,
1543 4190 1633 4255 qui
1656 4187 1843 4239 docuit
1886 4187 2066 4239 homi-

482 4299 578 4336 nes
612 4283 753 4334 viam
787 4281 1050 4333 veritatis.
1081 4280 1185 4333 Iste
1214 4289 1299 4334 est
1345 4278 1599 4334 Christus
1628 4279 1803 4335 Filius
1832 4291 1884 4335 et
1933 4279 2065 4335 Ver-

482 4375 607 4425 bum
645 4371 759 4438 Dei,
801 4385 1024 4427 sumens
1051 4384 1294 4435 carnem,
1330 4367 1419 4421 cui
1469 4370 1727 4422 convenit
1780 4370 1950 4438 gloria
2008 4379 2063 4426 et

482 4463 606 4518 laus
645 4463 698 4516 iu
723 4461 922 4516 smcula
953 4459 1300 4515 saeculorum.
1331 4459 1528 4515 Amen.

480 4573 569 4620 τος
599 4558 627 4608 6
656 4557 893 4627 Χριστὸς
923 4556 952 4608 6
981 4552 1110 4617 Υίδς
1141 4555 1235 4607 καὶ
1262 4554 1433 4622 Λόγος
1461 4551 1554 4606 τοῦ
1586 4552 1723 4606 Θεοῦ
1757 4557 1937 4628 sip“
2001 4567 2186 4638 φορῶν
2211 4587 2228 4604 .

494 4652 688 4723 Ἀμήν.

2182 605 2311 659 Ἰδοὺ
2352 607 2539 660 λοιπὸν
2579 610 2847 677 γίνωσκε,
2889 612 2972 665 δτι
3010 604 3165 676 οὗτος
3208 615 3236 666 6
3279 613 3403 677 Υίδς
3440 615 3535 668 καὶ
3576 616 3768 686 Λόγος

2165 697 2391 768 ἐνεδύθη
2428 699 2609 769 σάρκα
2642 701 2987 771 ἀνθρώπινον
3021 706 3114 757 καὶ
3149 706 3566 777 περιεπάτησεν
3598 712 3655 759 ὲν
3690 714 3766 778 τῇ

2166 792 2269 860 γῇν
2296 794 2391 846 καὶ
2421 794 2561 863 μετά
2590 796 2649 847 τδ
2682 797 2918 865 φορῆσαι
2950 797 3049 865 τὴν
3082 799 3295 867 σάρκα,
3328 800 3422 851 καὶ
3452 800 3510 853 ἐν
3539 802 3619 869 τῷ
3652 820 3766 853 πε-

2167 888 2416 953 ριπατείν
2443 887 2609 940 αὑτὸν
2638 891 2694 941 ὲν
2724 891 2788 957 τῇ
2819 893 2891 959 γῇ
2924 891 3063 960 μετὰ
3093 892 3298 962 σαρκὸς
3325 892 3624 964 ὠνομάσθη
3659 898 3767 947 καὶ

2165 977 2413 1030 ἐκαλεῖτο
2446 980 2716 1049 Χριστός·
2757 983 2846 1035 καὶ
2883 983 3071 1035 λοιπὸν
3104 986 3132 1037 6
3170 986 3405 1055 Χριστὸς
3438 986 3467 1037 6
3494 985 3623 1050 N6;
3660 990 3765 1039 καὶ

2164 1066 2339 1133 Λόγος
2374 1068 2470 1121 τοῦ
2505 1070 2641 1123 Θιοῦ
2682 1075 2797 1125 ἐστι
2823 1077 3248 1145 σεσαρκωμένος
3276 1076 3425 1147 ἔχων
3458 1079 3762 1149 ανθρώπου

2166 1161 2403 1230 μορφήν-
3050 1182 3053 1185 λ

2236 1251 2301 1304 Τ.
2346 1253 2454 1304 Kal
2480 1254 2533 1306 τί
2563 1255 2755 1326 χρείαν
2782 1251 2928 1326 εἶχιν
2953 1258 2981 1310 6
3010 1257 3136 1320 Υἱὸς
3167 1262 3263 1313 καὶ
3292 1259 3465 1329 Λόγος
3490 1260 3761 1316 τοῦὉεοῦ

2166 1343 2253 1395 ἵνα
2298 1345 2585 1416 σαρκωθῇ,
2629 1348 2726 1401 καὶ
2765 1348 2838 1410 ὠς
2882 1347 3174 1420 ἄνθρωπος
3211 1356 3536 1421 περιπατεῖν
3575 1358 3633 1408 ἐν
3676 1361 3759 1430 τῷ

2164 1436 2358 1505 κόσμῳ
2378 1455 2393 1503 ;

2236 1528 2308 1585 Π.
2347 1529 2567 1603 Ἐπειδὴ
2607 1533 2906 1603 ἠρώτησας
2954 1538 3169 1606 μαθεῖν,
3211 1539 3265 1590 τί
3314 1540 3507 1610 ἢθελεν
3547 1542 3576 1593 6
3618 1541 3777 1603 Θεδςι

2166 1623 2258 1675 καὶ
2292 1624 2626 1693 ὲσαρκοῦτο,
2664 1626 2897 1681 ἄκουσον
2932 1630 3025 1683 τὸν
3058 1630 3282 1700 τρόπον.
3319 1632 3456 1696 Θεὸς
3489 1632 3755 1701 οὐδεμίαν

2164 1714 2357 1783 χρεὲαν
2386 1710 2500 1786 εἶχε
2538 1719 2932 1789 σαρκωθῆναι,
2964 1721 3083 1775 ἀλλ’
3107 1724 3140 1792 ἡ
3177 1725 3538 1794 άνθρωπότης
3574 1727 3756 1779 ἐδέετο

2170 1804 2435 1876 ίατρείας.
2474 1808 2700 1882 Ἐπειδὴ
2735 1812 2845 1882 γὰρ
2880 1814 3140 1884 ἐποίησεν
3170 1817 3198 1869 6
3232 1816 3365 1880 Θεὸς
3399 1819 3489 1870 τὸν
3518 1817 3753 1888 οὐρανὸν

2171 1900 2264 1952 καὶ
2294 1901 2392 1969 τὴν
2419 1902 2525 1969 γῆν
2554 1904 2647 1956 καὶ
2678 1904 2857 1959 πάντα
2884 1907 2952 1959 τά
2981 1908 3039 1960 ἐν
3070 1909 3274 1975 αὐτοῖς,
3307 1914 3402 1963 καὶ
3432 1910 3633 1964 ἔπλασε
3663 1912 3756 1965 τὸν

2166 1990 2453 2069 ᾶᾳθρωπον
2484 1995 2573 2048 καὶ
2605 1995 2801 2068 ἔθηκεν
2828 1999 2990 2052 αὑτὸν
3012 2002 3077 2058 ἐν
3106 2001 3258 2073 μέσῳ
3285 2002 3377 2055 τοῦ
3398 2005 3754 2076 παραδείσου,

2167 2078 2259 2135 καὶ
2293 2083 2486 2149 ἔταξεν
2516 2088 2681 2141 αὐτὸν
2714 2090 3025 2171 βασιλεύειν
3056 2097 3134 2156 είς
3167 2096 3344 2147 πάντα
3372 2098 3439 2150 τά
3472 2098 3754 2166 κτίσματα

2165 2175 2260 2227 καὶ
2293 2181 2568 2232 κατοικεῖν
2596 2181 2654 2233 tv
2683 2182 2761 2253 τῷ
2793 2186 3110 2258 παραδείσῳ
3139 2187 3212 2252 ὡς
3243 2189 3378 2244 Θεόν
3400 2205 3418 2223 ⁶
3450 2189 3606 2253 είδὼς
3633 2192 3758 2243 τοῦ·

2166 2284 2257 2319 τον
2300 2270 2328 2321 6
2367 2270 2614 2337 διάϐολος
2658 2274 2936 2347 φθονήσας
2980 2278 3080 2350 τήν
3122 2279 3216 2332 τοῦ
3259 2282 3551 2352 ἀνθρώπου
3596 2284 3756 2349 ἀξίαν

2168 2360 2589 2418 συνεϐούλευσεν
2632 2366 2780 2437 αὐτῷ
2824 2370 2902 2438 τῷ
2954 2371 3227 2443 ἀνθρώπῳ
3276 2374 3627 2442 παρακοῦσαι
3675 2376 3753 2443 τῷ

2166 2453 2305 2520 Θεῷ.
2336 2454 2396 2507 Ὃ
2416 2456 2472 2508 δὲ
2498 2457 2805 2528 ἅνθρωπος,
2832 2463 2907 2531 μὴ
2936 2462 3072 2532 ἔχων
3101 2470 3296 2537 πεῖραν
3312 2468 3407 2537 τῆς
3437 2469 3633 2531 κακίας
3658 2468 3752 2520 τοῦ

2168 2547 2434 2617 πονηροῦ,
2463 2549 2667 2619 ἤκουσε
2715 2554 2817 2621 τῆς
2865 2557 3179 2626 συμϐουλῆς
3223 2561 3317 2613 τοῦ
3364 2562 3611 2615 διαϐόλου
3658 2565 3753 2614 καὶ

2168 2640 2487 2708 παρήκουσε
2517 2641 2611 2695 τοῦ
2644 2644 2801 2699 Θεοῦ.
2836 2647 2943 2699 Καὶ
2976 2650 3038 2701 ἐκ
3070 2652 3190 2703 τότε
3222 2652 3437 2718 ἐδέξατο
3470 2656 3561 2708 τὸν
3592 2657 3755 2711 θάνα-

2163 2749 2255 2785 τον
2279 2734 2376 2804 τῆς
2406 2730 2681 2807 ἆμαρτίας
2701 2755 2717 2771 ο
2745 2740 2945 2808 ὁμοίως
2975 2745 3069 2795 καὶ
3097 2745 3156 2808 ἐξ
3184 2748 3394 2800 ἐκείνου
3421 2750 3515 2804 τοῦ
3541 2752 3750 2821 ἀνθρώ-

2165 2841 2270 2878 που
2287 2828 2573 2895 γενόμενοι
2590 2831 2685 2883 ἄνθ
2696 2850 2863 2900 ρωποι
2882 2836 2958 2892 ὠς
2974 2837 3036 2887 ἐκ
3059 2839 3339 2907 προγόνων
3355 2842 3453 2911 τὴν
3472 2844 3747 2914 ἁμαρτίαν

2164 2918 2423 2982 λαϐόντες
2461 2923 2773 2992 ἐκράτησαν
2812 2926 3017 2998 ταύτην
3054 2930 3148 2984 καὶ
3187 2932 3368 3001 ίσχυεν
3407 2937 3438 3004 ἡ
3475 2936 3743 3006 ἁμαρτία.

2164 3012 2263 3064 Διὰ
2302 3014 2394 3065 τὸν
2433 3013 2718 3085 ἄνθρωπον
2758 3019 3003 3088 ἐπεμψεν
3041 3023 3068 3074 6
3113 3024 3247 3087 Θεὸς
3291 3028 3415 3089 τοὺς
3464 3031 3746 3100 προφήτας

2164 3103 2515 3169 διδασκάλους
2557 3109 2638 3172 είς
2671 3110 2763 3163 τὸν
2796 3114 3005 3179 κόσμον
3026 3157 3041 3179 ,
3084 3114 3170 3168 ἵνα
3203 3117 3462 3184 διδάξουσι
3494 3125 3622 3185 τοὺς
3652 3126 3749 3177 άν-

2090 3206 2136 3266 c
2168 3195 2421 3265 θρώπους
2468 3202 2562 3252 καὶ
2615 3204 2935 3273 στραφῶσιν
2985 3208 3092 3260 ἀπὸ
3142 3213 3240 3278 τῆς
3296 3212 3590 3279 ἁμαρτίας.
3638 3217 3751 3270 Οὐκ

2167 3287 2503 3357 ἐδυνήθησαν
2536 3292 2593 3344 δὲ
2629 3294 2678 3345 οί
2716 3298 2999 3366 προφῆται
3032 3300 3125 3352 τοῦ
3164 3301 3478 3370 διορθῶσαι.
3517 3306 3627 3359 Καὶ
3660 3308 3750 3362 διὰ

2166 3378 2324 3431 τοῦτο
2353 3376 2506 3433 εἶπεν
2534 3384 2562 3435 6
2592 3383 2723 3447 Θεὸς
2756 3388 2813 3439 ὲν
2842 3388 3020 3457 ἑαυτῴ
3044 3404 3055 3417 ·
3090 3390 3497 3463 Καταὸήσομαι
3532 3398 3627 3449 καὶ
3660 3416 3756 3467 φο·

2170 3470 2314 3538 ρέσω
2349 3472 2548 3542 σάρκα,
2585 3477 2679 3529 καὶ
2713 3479 3015 3549 γενήσομαι
3037 3482 3515 3555 άνθρωπόμορφος
3549 3490 3640 3541 καὶ
3674 3488 3755 3545 δι⁸

2165 3560 2312 3627 δάξω
2336 3564 2398 3615 τὸ
2425 3563 2653 3632 πλάσμα
2687 3587 2812 3637 μου,
2842 3574 2938 3625 καὶ
2967 3578 3374 3645 στραφήσονται
3404 3581 3512 3632 ἀπ’)
3535 3582 3634 3650 τῆς
3658 3582 3752 3635 τοῦ

2166 3654 2416 3709 διαϐόλου
2463 3658 2797 3731 συμϐουλῆς,
2847 3665 2938 3718 καὶ
2989 3667 3145 3721 ἔσται
3200 3673 3307 3741 πᾶς
3349 3670 3636 3744 ἄνθρωπος
3679 3677 3754 3739 ὡς

2167 3745 2320 3815 Θεὸς,
2355 3750 2449 3802 καὶ
2477 3752 2539 3803 οὐ
2571 3756 2712 3808 κατὰ
2741 3757 2841 3827 τὴν
2873 3756 3056 3825 φύσιν,
3090 3761 3228 3815 ἀλλὰ
3266 3765 3408 3818 κατά
3439 3782 3560 3818 τινα
3598 3783 3753 3837 μετο-

2169 3842 2291 3910 χήν.
2332 3843 2441 3895 Καὶ
2477 3842 2636 3897 τοῦτο
2673 3846 2961 3918 βουληθεὶς
2997 3854 3025 3905 6
3061 3854 3194 3916 Θεδς
3232 3856 3451 3928 εὐδοκία
3490 3856 3582 3910 τοῦ
3619 3858 3752 3911 Θεοῦ

2169 3932 2264 3984 καὶ
2284 3934 2494 4003 [ἰατρὸς
2522 3938 2616 3989 καὶ
2644 3941 2939 4013 συνεργείᾳ
2959 3943 3053 3997 τοῦ
3082 3945 3236 4012 ἁγίου
3263 3936 3603 4018 ηνεύματος,
3631 3969 3755 4019 συγ-

2169 4023 2374 4092 κατέὅη
2406 4027 2434 4079 6
2470 4027 2596 4091 Υίδς
2631 4033 2723 4083 καὶ
2759 4032 2930 4100 Λόγος
2964 4036 3058 4088 τοῦ
3094 4037 3231 4091 Θεοῦ
3266 4042 3359 4093 καὶ
3395 4043 3648 4114 εἰσῆλθεν
3676 4046 3753 4107 εἰς

2170 4116 2418 4187 καθαρὰν
2456 4122 2548 4174 καὶ
2586 4123 2746 4190 ἁγίαν
2785 4127 3055 4196 παρθένον
3090 4131 3284 4201 ἁγνὴν,
3321 4136 3417 4187 καὶ
3455 4138 3754 4206 προσκεισό-

2172 4222 2331 4297 μενος
2364 4210 2542 4279 σάρκα
2572 4213 3019 4286 ἑνανθρώπησεν.
3050 4219 3163 4272 Καὶ
3192 4221 3353 4275 πάλιν
3381 4225 3444 4277 ἐκ
3472 4227 3571 4295 τῆς
3605 4226 3749 4297 Παρ-

2169 4296 2324 4388 θένου
2358 4300 2592 4365 ἐξελθὼν
2625 4310 3031 4377 περιεπάτησεν
3060 4312 3117 4364 ὲν
3144 4313 3221 4383 τῷ
3252 4315 3443 4387 κόσμῳ
3475 4321 3614 4388 μετᾶ
3642 4320 3749 4372 τῶν

2167 4387 2502 4460 ἀνθρώπων.
2541 4397 2647 4448 Καὶ
2685 4399 2806 4452 τότε
2843 4400 3143 4475 ὠνομάσθη
3179 4406 3416 4476 Χριστὸς
3453 4387 3546 4463 καὶ
3581 4412 3746 4465 ἐδίδα-

2169 4477 2260 4543 ξεν
2287 4480 2414 4545 τοὺς
2442 4483 2769 4557 ἀνθρώπους
2796 4491 2896 4562 τὴν
2926 4491 3045 4547 δδδν
3074 4498 3171 4567 τῆς
3200 4499 3462 4570 ἀληθείας
3486 4517 3505 4534 ⁸
3537 4504 3629 4557 καὶ
3656 4504 3749 4557 οὖ-

2296 4575 2447 4649 αὑτῴ
2519 4582 2555 4650 ἡ
2600 4581 2734 4648 δόξαί
2810 4588 2889 4650 εἰς
2934 4589 3062 4654 τοὺς
3111 4591 3316 4658 αἰῶνας
3362 4596 3472 4651 τῶν
3515 4599 3747 4654 αἰώνων.
