3976 6452
292 326 403 395 355

1321 326 1742 393 CONFESSIO
1784 327 1993 389 FIDEI
2035 328 2490 391 POSTERIOII.

3442 329 3548 395 34η

293 443 487 512 men,
521 443 585 495 ὲκ
613 439 707 495 τοῦ
743 440 915 494 Ξλθεῖν
944 438 1107 494 αὐτὸν
1134 440 1226 493 τὸν
1259 440 1432 508 Λόγον
1457 440 1554 494 τοῦ
1582 440 1748 505 Θεοῦ,
1776 444 1854 496 καῖ

1970 444 2266 508 exstiterit,
2324 445 2544 514 quando
2597 446 2714 517 ipse
2746 446 2839 506 Dei
2871 447 3072 519 Logus,
3106 449 3198 517 qui
3254 446 3399 503 Deus
3436 461 3543 515 est,

292 536 448 601 Θεὸν,
505 535 643 605 μετὰ
695 532 876 602 πάσης
921 533 1089 587 αὐτοῦ
1137 533 1239 602 τῆς
1289 533 1598 603 δυνάμεως,
1648 536 1729 598 είς
1773 538 1869 588 τδν

200 690 209 695 _
306 626 533 697 Ἰησοῦψ
564 625 595 694 ἢ
623 626 705 678 ὅτι
740 625 993 693 ἔπεμπεν
1021 626 1102 689 εἰς
1134 626 1261 690 τοὺς
1287 629 1578 697 προφήτας
1605 629 1744 695 μίαν
1773 628 1869 696 χά-

295 738 380 790 ριν
408 718 595 781 αὐτοῦ,
621 720 652 789 ἢ
692 719 788 771 δύο
818 720 914 772 καὶ
942 720 1022 782 είς
1049 718 1210 773 ἄλλον
1235 719 1335 789 μὲν
1364 720 1654 792 προφήτην
1711 723 1868 776 ἐλάτ-

289 830 438 879 τονα,
472 815 554 875 εἰς
583 812 747 865 ἄλλον
776 812 858 876 δὲ,
888 811 1129 879 μείζονα.

375 902 620 973 Ἃχμάτ.
659 903 818 955 Γιάνι
849 902 1269 971 ίχτικατουμοῦς
1305 904 1579 972 μπουνοῦν
1617 904 1867 976 οὑζεριν-

288 995 487 1063 τέτουρ
507 996 627 1063 Κὶμ
650 993 711 1046 σὺ
738 993 897 1064 βάητι
920 996 1162 1064 κιμπαρὶ
1182 995 1445 1065 κεαμάλη⁸
1465 996 1665 1065 Χίλμιν
1694 998 1785 1051 τὲν
1807 997 1867 1067 βὲ

304 1085 716 1156 μπαεαησιντὶν
750 1087 1144 1156 μαχλοκουντὲν
1180 1089 1405 1158 μπιρινὲ
1437 1089 1539 1142 ατὰ
1572 1090 1683 1143 εἱτὲ
1716 1089 1864 1159 μποῦ

299 1180 496 1232 ἀτατὲν
526 1180 712 1247 γκεντὶ
742 1179 846 1244 ῐτζι
873 1180 1033 1242 νοζὰν
1060 1178 1321 1250 γκελιμὲς
1350 1183 1550 1250 μπέλκι
1577 1183 1702 1252 ταχὶ
1737 1200 1865 1236 κεα-

302 1272 407 1339 μὰλ
442 1272 684 1341 μπούλερ
722 1268 867 1341 ζῆρα
890 1272 992 1339 κὶμ
1022 1271 1227 1341 μαχλοὺ
1256 1274 1513 1340 κουνταγὶ
1555 1272 1864 1339 κεαμαλτὲν

296 1361 483 1425 γκεντὶ⁵
505 1360 737 1430 ἀδαμετὶ
758 1360 923 1430 δαχὶρ
941 1360 1102 1432 ὀλοὺρ
1134 1360 1199 1429 ξὸλ
1231 1361 1437 1432 μικτὰρ
1480 1360 1719 1432 ἀλαχοῦν
1745 1362 1862 1430 ίλμὶ

293 1454 350 1522 βὲ
385 1452 621 1521 κεαμαλὶ
653 1453 811 1524 δαχὶρ
841 1453 1002 1525 ὀλοὺρ
1026 1453 1085 1526 βὲ
1131 1455 1258 1525 ταχὶ
1296 1454 1699 1525 μπουνούντζου
1735 1456 1854 1522 Κὶμ

294 1546 528 1615 ἁ).αχοῦν
561 1546 843 1599 σευκατινὶ
874 1546 933 1617 ph
963 1549 1272 1616 μεχεμπετὶ
1298 1546 1567 1615 ἁτεμλερὲ
1600 1545 1657 1615 βὲ
1691 1545 1862 1615 γάηρι

292 1638 562 1709 ἀτεμλερὲ
599 1639 861 1708 γκιοντὲρ
888 1638 983 1692 τοῦ
1028 1638 1254 1707 γουντδν
1299 1640 1426 1709 ταχὶ
1474 1638 1685 1708 ζιχιατὲ
1714 1637 1860 1691 ὁλντὶ

291 1732 350 1787 ὃλ
380 1734 566 1788 νούτκι
596 1735 776 1805 μπαρὶ
822 1733 983 1805 τζεμὶ
1029 1735 1406 1805 γκεαμαλίηλε
1455 1734 1583 1788 ὲσαὲ
1616 1733 1855 1801 κελτίγι-

1971 551 2094 591 cum
2123 544 2238 588 tota
2270 553 2368 591 sua
2405 539 2649 606 potentia
2680 539 2962 595 descendit
2990 541 3043 599 in
3076 540 3263 596 Iesum
3305 558 3319 595 :
3352 556 3542 611 quam,

1971 646 2094 684 cum
2123 633 2186 683 ad
2219 632 2510 701 prophetas
2537 647 2700 686 unam
2727 640 2821 686 aut
2848 632 3074 696 alteram
3106 632 3338 701 gratiam
3372 632 3543 693 misit,

1970 728 2024 774 et
2063 721 2284 789 quidem
2314 736 2501 776 eorum
2528 720 2619 775 alii
2646 727 2811 789 atque
2833 721 2948 785 alii,
2970 721 3233 791 majorem
3258 729 3349 774 aut
3373 721 3545 775 mino-

1969 828 2105 868 rem.

2041 907 2285 962 Achmat.
2332 905 2495 961 Ciani
2533 906 2929 961 ichticatumus
2960 906 3149 960 bunun
3191 896 3551 970 uzerindctur

1971 997 2089 1052 Kim
2126 998 2310 1053 sol‘aiti
2340 998 2575 1053 kimbari
2604 997 2836 1055 keamali
2869 1000 3105 1055 Chilmin
3140 1006 3229 1053 ten
3260 1000 3324 1054 be
3357 998 3546 1075 baxei-

1964 1092 2171 1145 sindem
2193 1090 2621 1146 maehlocundcn
2642 1092 2818 1146 birine
2834 1108 2925 1145 ara
2952 1092 3023 1145 ite
3046 1091 3114 1145 bu
3140 1100 3329 1145 aratcn
3346 1090 3542 1159 glteudi

1966 1184 2058 1239 i'zi
2112 1197 2305 1238 nozam
2325 1182 2585 1253 gkelimes
2616 1183 2757 1238 belki
2791 1183 2937 1238 tachi
2972 1182 3183 1237 keamal
3205 1184 3357 1237 hulcr
3397 1184 3545 1236 zira-

1963 1273 2085 1328 Kim
2112 1274 2326 1329 nzachlu
2359 1275 2596 1345 cundagi
2622 1275 2925 1330 keamalten
2958 1273 3151 1345 gkcndi
3182 1275 3415 1335 adameti
3443 1277 3541 1326 (I3-

1963 1365 2083 1422 chir
2114 1365 2237 1419 olur
2263 1366 2314 1420 ol
2347 1365 2543 1420 mictar
2575 1365 2804 1420 alachun
2832 1363 2950 1418 ilmi
2979 1364 3046 1419 be
3066 1363 3299 1418 kcamali
3347 1363 3542 1417 darbir

1964 1454 2086 1509 olur
2119 1456 2185 1510 he
2231 1456 2376 1510 tachi
2410 1456 2736 1510 bununtzun
2779 1454 2890 1508 kim
2944 1454 3185 1508 alacbun
3220 1468 3315 1507 seu
3367 1452 3539 1506 katiui

1966 1546 2032 1599 be
2057 1545 2421 1601 mechembeti
2458 1546 2718 1599 ateuilere
2740 1544 2809 1599 be
2831 1544 2967 1613 gairi
2992 1544 3252 1598 atemlere
3274 1541 3542 1612 gkionder
3626 1560 3629 1563 ·

1965 1648 2022 1691 ιιι
2053 1637 2270 1707 gunden
2308 1636 2453 1691 taehi
2485 1635 2725 1691 Zichiaté
2756 1636 2991 1690 olndi-ol
3026 1634 3196 1689 mntki
3228 1635 3345 1689 bari
3378 1634 3537 1688 tzetni

1961 1730 2250 1803 gkeamalii
2274 1730 2322 1785 le
2340 1745 2467 1785 esae
2514 1729 2830 1799 keltigitzun
2857 1729 3075 1783 buudan
3105 1729 3293 1783 ondun
3321 1727 3540 1797 gltcleb-

290 1829 452 1894 τζουν
489 1792 738 1898 μποντᾶν
768 1792 959 1883 ὀντοῦν
991 1792 1187 1894 γκελὲν
1231 1792 1701 1899 μπεγαμπερὶερὲ
1732 1792 1854 1880 ἁλε-

1962 1792 2375 1895 begamberlere
2426 1792 2675 1877 alecatri"
2713 1806 2945 1878 meratic
3000 1792 3538 1892 gkeltigidc‘Chasil

290 1921 449 1989 κάτρι
482 1919 719 1989 μερατὶκ
768 1919 1079 1988 γκσλτιγιδὲ
1128 1920 1287 1991 χασὶλ
1318 1918 1547 1972 ὀλαντὰν
1597 1918 1727 1972 ὲσαὲ
1764 1935 1861 1986 με-

285 2012 467 2075 λιτζὲκ
492 2010 899 2081 μαχλουκουντὲ
923 2011 1297 2082 σευκατουλὰχ
1322 2012 1382 2083 βὲ
1407 2010 1860 2087 μεχεμπετοὺλαχ

284 2109 411 2174 ταχι
444 2102 598 2168 ζιατὲ
632 2103 803 2158 ὁλντί.

878 2196 1131 2251 ΚΕΦᾹΛ.
1172 2198 1279 2252 1Λ⁹.

353 2283 558 2341 ΣΧΟΛ.
604 2284 945 2356 Πιστεῦομεν
977 2288 1057 2342 ὅτι
1084 2289 1112 2340 ὀ
1139 2288 1377 2359 Χριστὸς
1421 2285 1739 2356 ἐσταυρώθη
1765 2285 1857 2337 καὶ

286 2376 559 2432 ἀπέθανεν
587 2379 777 2449 οίκείῳ
812 2378 1103 2450 θελήματι,
1146 2379 1233 2433 διὰ
1263 2379 1466 2442 πολλὰς
1486 2381 1579 2433 καὶ
1610 2378 1855 2448 μεγάλας

280 2468 551 2539 ὠφελείας
580 2456 838 2541 δεομένας
869 2473 1081 2528 πολλῶν
1110 2473 1306 2543 λόγων,
1338 2475 1433 2527 καὶ
1458 2475 1636 2530 πάντα
1660 2475 1852 2539 ταῦτα,

282 2562 424 2617 κατὰ
455 2562 518 2616 τὸ
552 2562 898 2631 ἀνθρώπινον
932 2565 1119 2619 αὐτοῦ.
1174 2565 1233 2620 Ὀ
1261 2566 1369 2637 γὰρ
1400 2567 1573 2635 Λόγος
1600 2566 1695 2622 τοῦ
1719 2567 1854 2621 Θεοῦ

282 2653 409 2709 οὔτε
448 2655 807 2726 σταυροῦται,
843 2656 968 2712 οὔτε
998 2659 1357 2730 ἀποθνήσκει,
1397 2660 1518 2715 οὔτε
1543 2661 1855 2724 ἀνίσταται,

284 2747 424 2801 ἀλλὰ
465 2747 669 2816 μᾶλλον
702 2748 1002 2818 ἁνέστησεν
1031 2752 1194 2815 αὐτὸς
1217 2754 1344 2816 τοὺς
1375 2755 1627 2823 νεκροὺς,
1668 2753 1858 2821 ὥσπερ

284 2838 555 2907 ἀνέστησε
585 2838 678 2892 καὶ
706 2838 805 2910 τὴν
840 2841 1034 2913 σάρκα,
1071 2844 1139 2913 ἣν
1172 2843 1463 2913 ῑφόρησεν.
1524 2843 1859 2913 Πιστεύομεν

280 2932 365 2983 ὅτι
396 2934 424 2984 ὁ
452 2931 690 3001 Χριστὸς
720 2932 964 2996 ἀναστὰς
1005 2934 1282 3005 ἀνελήφθη
1318 2920 1398 2997 είς
1442 2936 1567 2997 τοὺς
1597 2934 1859 3006 οὐρανοὺς

282 3021 379 3074 καὶ
420 3022 592 3075 πάλιν
624 3023 811 3093 μέλλει
851 3023 1113 3096 ἔρχεσθαι
1167 3027 1307 3096 μετὰ
1355 3025 1534 3095 δόξης,
1567 3025 1654 3079 ἵνα
1699 3024 1859 3096 κρίνῃ

279 3114 375 3167 τὶν
411 3113 641 3184 κόσμον.

366 3293 597 3366 Ἆχμάτ.
635 3297 790 3351 Γιάνι
816 3297 1239 3369 ίχτικατουμοῢς
1290 3297 1565 3368 μπουνοῦν
1610 3297 1857 3367 οὖζεριν-

279 3387 476 3457 τέτουρ
506 3379 609 3441 an
656 3388 902 3460 τζαρμὶχ
929 3390 1076 3443 ὀλντὶ
1118 3390 1179 3460 βὲ
1227 3390 1388 3453 οὖλνζ
1413 3429 1427 3444 .
1463 3389 1656 3443 Γκεντὶ
1684 3374 1859 3458 ίχτια-

283 3477 435 3549 ρίηλε
463 3476 596 3542 τζλκ
616 3552 621 3557 .
644 3466 837 3550 τουρλῐ
886 3481 1254 3553 φαητελερτὲν
1283 3482 1465 3551 ὁτουρὶ
1497 3483 1573 3536 ῐσι
1604 3482 1854 3551 μπουνὰς

275 3570 543 3641 ἀτεμλιγὲ
589 3572 859 3643 ναόάτουρ
905 3573 1051 3642 γιάνι
1085 3573 1458 3645 μπαρινοῦνσο
1496 3572 1550 3637 ξι
1579 3574 1635 3627 νὲ
1662 3562 1854 3645 τζούρὲ

281 3662 408 3731 μιλε
439 3662 603 3734 ὀλοίιρ
631 3662 691 3734 βξ
716 3663 772 3717 vi
795 3664 993 3736 γκιροῧ
1021 3664 1221 3734 χαγιατ
1248 3665 1528 3739 μπουλοῦρ
1552 3665 1675 3719 ἑὸὲτ
1696 3683 1853 3733 γκεν-

275 3754 375 3809 τοῦ
434 3755 634 3826 ὲχγιάη
694 3756 869 3825 μεσάτ
911 3758 984 3810 iti.
1033 3757 1138 3827 χὲμ
1184 3757 1415 3825 γκεντοῦ
1454 3759 1732 3828 κισφελετὶ
1766 3775 1852 3827 γι-

273 3847 474 3917 τζισμὶ
525 3848 677 3918 ίχγία
726 3850 871 3917 ὲτιγὶ
915 3849 1083 3917 κιμπὶ
1137 3848 1198 3918 βέ
1248 3849 1357 3920 χὲμ
1415 3852 1851 3921 γκουρουχαγιὰτ

281 3939 846 4012 μπουλτουκτάνσορα
894 3940 1062 4010 γκογὶ
1116 3930 1276 3995 σοοὺτ
1324 3942 1505 3995 ὲκλετὶ
1536 3944 1695 4013 γκερὶ
1721 3943 1851 4013 γερὲ

274 4032 449 4088 ἔνοῦπ
474 4035 651 4106 χακὶμ
670 4036 1035 4106 ὀσαργκερὲκ.

880 4129 1132 4186 ΚΕΦΑΛ.
1173 4128 1251 4183 1Β¹
1267 4170 1283 4186 .

352 4220 561 4276 ΣΧΟΛ.
597 4220 957 4289 Πιστεὺομεν,
991 4224 1074 4275 ὃτι
1120 4224 1176 4275 αἱ
1195 4222 1363 4292 ψυχαὶ
1411 4222 1520 4276 τῶν
1545 4223 1850 4293 ἀνθρώπων

274 4314 419 4365 εἰσὶν
446 4312 727 4367 ἀθάνατοι*
758 4314 839 4366 ὅτι
864 4312 934 4366 τὰ
981 4311 1210 4381 σώματα
1238 4312 1346 4366 τῶν
1388 4315 1562 4382 ἁγίων
1604 4316 1845 4385 ἀναστήο

277 4421 467 4458 aqua;
512 4404 796 4474 ἄφθαρτα,
851 4403 1127 4471 φωτεινὰ,
1164 4404 1396 4474 ἐλαφρὰ,
1451 4404 1591 4474 μήτε
1640 4407 1847 4475 τροφῆς

272 4496 572 4567 χρῄζοντα,
600 4495 738 4565 μήτε
775 4495 1008 4558 πόσεως,
1045 4495 1182 4563 μήτε
1205 4495 1541 4563 ἐνδυμάτων,
1578 4495 1719 4567 μήτε
1748 4497 1845 4551 ἀλ-

272 4590 375 4658 λης
406 4587 725 4657 σωματικῆς
769 4588 982 4657 ἡδονῆς.
1039 4588 1149 4639 Καὶ
1198 4587 1281 4641 ὅτι
1338 4589 1393 4641 αί
1424 4586 1597 4657 ψυχαὶ
1661 4588 1849 4642 καὶτὰ

274 4682 510 4749 σώματα
556 4682 667 4733 τῶν
717 4678 901 4741 καλῶς
950 4678 1410 4747 πολιτευομένων,
1455 4679 1849 4735 ἀπελεύσονται

271 4776 357 4837 εἰς
403 4772 499 4825 τὸν
528 4770 883 4840 παράδεισον,
916 4770 1025 4823 τῶν
1054 4769 1110 4823 δὲ
1136 4764 1540 4840 ἀμετὰνοήτων,
1593 4772 1849 4842 πονηρῶν

271 4870 370 4919 καὶ
404 4867 675 4927 ἀπίστων,
702 4865 783 4927 είς
820 4863 917 4932 τὴν
964 4863 1205 4917 κόλασιν.
1256 4863 1367 4917 Καὶ
1393 4862 1422 4916 ὁ
1450 4862 1551 4933 μὲν
1583 4863 1844 4934 παράδει-

273 4976 368 5021 σος
398 4958 506 5012 τῶν
537 4955 709 5023 ἁγίων
755 4957 849 5009 καὶ
873 4956 906 5025 ἡ
930 4953 1230 5017 ἀπόλαυσις
1250 4954 1398 5007 ἐστὶν
1418 4955 1475 5008 ὲν
1499 4954 1577 5023 τῷ
1606 4955 1846 5027 οὐρανῷ,

271 5053 304 5118 ἡ
330 5048 388 5101 δὲ
420 5046 641 5109 κόλασις
671 5045 782 5099 τῶν
811 5045 1069 5115 πονηρῶν
1110 5045 1167 5097 ὲν
1195 5047 1289 5115 γῇ.
1333 5046 1443 5098 Καὶ
1480 5047 1513 5115 ή
1543 5045 1847 5110 ἀπόλαυσις

270 5141 383 5193 τῶν
418 5140 615 5206 ἁγίων,
649 5136 804 5191 οὐδὲν
829 5137 1016 5208 ἕτερον
1048 5137 1218 5202 ἐστὶν,
1262 5137 1311 5188 εί
1345 5136 1420 5208 μὴ
1451 5138 1532 5190 ὅτι
1561 5136 1849 5209 τελειωθή-

272 5247 461 5283 εονται
495 5230 549 5281 αἱ
581 5230 828 5282 τοιαῦται
873 5226 1044 5297 ψυχαὶ
1073 5228 1153 5288 εἰς
1192 5226 1293 5296 τὴν
1322 5228 1549 5295 γνῶσιν.
1583 5229 1695 5285 Καὶ
1723 5228 1844 5282 τότε

268 5322 611 5392 θεωρήσουσι
635 5321 703 5375 τὰ
730 5320 1009 5391 μυστήρια
1040 5319 1133 5373 τοῦ
1196 5318 1335 5373 Θεοῦ
1379 5317 1416 5373 ἃ
1447 5319 1544 5372 νῦν
1590 5320 1650 5373 οὐ
1681 5318 1845 5388 γινὼ-

272 5432 486 5478 σκουσι,
516 5414 565 5467 εί
600 5417 673 5480 μὴ
706 5414 795 5466 διὰ
829 5408 1265 5480 πίστεωςἸησοῦ
1297 5408 1558 5481 Χριστοῦ.

351 5503 588 5571 Ἀχμάτ.
620 5502 773 5555 Γιάνι
830 5498 1213 5570 ίχτικατιμοῦς
1272 5495 1547 5568 μπουνοῦν
1595 5497 1842 5566 οὑζεριν-

271 5588 467 5657 τέτουρ
499 5590 617 5656 Κὶμ
649 5587 989 5657 ἀτερλεροῦν
1019 5587 1176 5657 ρουχὶ
1208 5587 1374 5656 ὁλμὲς
1405 5585 1546 5656 ζῆρα
1571 5586 1843 5657 ἀνλαροῦν

268 5678 480 5749 τενλερὶ
507 5680 669 5747 γκερὶ
713 5680 908 5748 χογίατ
953 5681 1364 5749 μπουλισάτουρ
1398 5679 1612 5748 χογιάτι
1639 5682 1842 5751 ἐμπεν·

266 5768 420 5840 τίηλε
445 5770 780 5841 ζατμετζους
812 5770 1077 5843 μουνεδὲρ
1112 5771 1297 5843 χαδὶϐ,
1318 5770 1543 5841 γιμετὲν
1567 5772 1841 5842 ῐτζιμετὲν

1964 1914 2199 1969 olandan
2227 1928 2354 1969 esae
2392 1912 2637 1967 melitzcc
2668 1912 3072 1967 machlucunde
3102 1911 3442 1967 seicatulach
3474 1911 3539 1963 be

1964 2006 2212 2061 mechem
2251 2005 2506 2061 betulach
2542 2005 2687 2059 tachi
2723 2005 2866 2069 ziate
2902 2003 3078 2059 olndi.

2573 2182 2803 2240 CAPUT
2836 2153 2930 2237 XII

2030 2273 2275 2331 SCIIOL.
2328 2274 2619 2331 Credimus
2674 2276 2957 2332 Christum
3014 2292 3138 2332 esse
3209 2270 3532 2332 eruciﬁxum

1959 2376 2014 2423 et
2049 2378 2325 2423 mortuum
2357 2384 2455 2423 sua
2492 2368 2717 2439 propria
2755 2369 3059 2434 voluntate,
3088 2369 3159 2424 ob
3189 2370 3391 2423 multas
3423 2384 3537 2423 ma-

1957 2475 2201 2531 gnasque
2242 2461 2525 2528 utilitates,
2552 2461 2606 2516 in
2632 2462 2833 2533 quibus
2850 2462 3197 2531 explicandis
3220 2462 3386 2532 longa
3409 2475 3537 2517 ora-

1957 2554 2107 2609 tione
2136 2568 2275 2623 opus
2295 2563 2464 2618 esset,
2489 2564 2542 2609 et
2573 2554 2624 2609 id
2668 2570 2851 2621 omne,
2886 2555 3099 2611 ratione
3131 2554 3386 2610 humana:
3419 2566 3536 2609 sum

1957 2656 2199 2713 natura;
2230 2648 2412 2718 Lagus
2448 2648 2594 2703 enim
2632 2647 2729 2702 Dei
2793 2663 2893 2703 nec
2924 2646 3075 2704 cruci
3125 2646 3382 2717 anigitur,
3431 2660 3535 2700 nec

1958 2738 2217 2802 moritur,
2245 2754 2423 2807 neque
2450 2754 2479 2792 a
2504 2749 2687 2805 morte
2709 2741 2969 2807 resurgit,
2994 2739 3091 2795 sed
3127 2740 3247 2809 ipse
3272 2738 3411 2794 alios
3440 2752 3536 2806 po-

1960 2828 2073 2883 tius
2125 2838 2375 2884 mortuos
2427 2832 2779 2885 resuscitavit
2820 2848 2833 2884 :
2869 2832 3015 2886 sicut
3065 2832 3229 2886 etiam
3282 2846 3531 2892 carnem,

1961 2933 2125 2988 quam
2179 2919 2294 2987 ipse
2323 2922 2577 2991 gestavit.
2620 2921 2909 2976 Credimus
2963 2921 3248 2977 Christum
3286 2934 3410 2991 post
3442 2937 3534 2977 reo

1962 3010 2358 3064 surrectionem
2392 3025 2545 3064 suam
2584 3023 2929 3081 assumptum
2977 3028 3101 3069 esse
3139 3014 3193 3067 in
3241 3013 3435 3075 C(BIOS.
3482 3023 3534 3067 et

1884 3135 1928 3193 ϐ
1962 3100 2086 3193 inde
2108 3116 2230 3156 cum
2260 3101 2453 3171 gloria.
2481 3101 2546 3157 ad
2570 3090 2838 3173 judicium
2868 3103 2935 3158 de
2964 3101 3170 3157 mundo
3194 3100 3530 3169 faciendum,

1962 3192 2286 3248 rediturum.

2031 3285 2280 3339 Acltmat.
2314 3284 2474 3341 Ciani
2507 3286 2904 3342 ichticatumus
2940 3290 3128 3344 bunun
3178 3288 3534 3344 uzerindctur

1958 3388 2175 3435 esatzar
2199 3380 2346 3435 mich
2387 3380 2539 3436 olndi
2567 3381 2634 3438 be
2655 3381 2803 3437 ulnz.
2834 3381 3046 3437 erndi
3087 3362 3379 3438 ichtiariile
3408 3391 3531 3437 tzoc

1942 3472 2087 3527 'turli
2124 3473 2482 3542 phaitelertcn
2510 3476 2658 3530 oturi
2715 3476 2780 3532 isi
2812 3476 2985 3533 bunas
3015 3477 3267 3546 atemlige
3298 3477 3531 3532 nadatur

1955 3565 2348 3634 gianibarinun
2370 3567 2486 3622 sozi
2517 3583 2584 3623 ne
2610 3569 2865 3624 tzurmile
2883 3570 3006 3624 olur
3030 3570 3097 3625 be
3121 3585 3188 3625 ne
3212 3568 3368 3641 gkiru
3399 3570 3531 3623 cha-

1956 3656 2068 3724 giat
2086 3656 2244 3712 hulur
2260 3657 2522 3728 ebetgken
2539 3668 2593 3713 tu
2610 3659 2822 3730 echgiai
2861 3660 3043 3717 mebat
3059 3660 3115 3715 iti
3133 3662 3291 3716 ehem
3313 3659 3527 3730 gkendu

1951 3744 2238 3815 kispheleti
2275 3747 2509 3816 gitzismi
2555 3750 2731 3818 ichgia
2750 3750 2875 3821 etigi
2914 3752 3023 3805 kibi
3057 3752 3125 3808 be
3144 3751 3298 3806 chem
3331 3766 3529 3820 genru~

1954 3836 2172 3909 chagiat
2192 3838 2551 3912 bttltuctanso
2579 3855 2639 3895 ra
2668 3842 2841 3913 gknge
2872 3852 3000 3898 sout
3031 3842 3193 3899 eclet-i
3223 3842 3373 3913 gkeri
3404 3858 3529 3913 gere

1954 3944 2100 4001 enup
2131 3929 2347 3986 chakim
2384 3932 2771 4004 hosargkerec.

2543 4130 2772 4187 CAPUT
2818 4132 2927 4188 XII.

2025 4217 2575 4275 SGIIOL.Credimns
2621 4226 2835 4280 animos
2866 4226 3135 4282 humanos
3156 4241 3275 4282 esse
3304 4225 3530 4282 immor-

1955 4310 2114 4374 tales,
2166 4326 2393 4381 corpora
2425 4322 2737 4369 sanctorum
2768 4327 3164 4379 resurrectura,
3190 4320 3526 4388 corruptioni

1954 4415 2064 4455 non
2087 4402 2345 4468 obnoxia,
2375 4404 2579 4471 lucida,
2617 4406 2776 4469 levia,
2797 4412 2907 4463 ncc'
2927 4408 3033 4463 cibi
3076 4408 3395 4481 indigentia,
3426 4428 3526 4465 nec

1872 4476 1927 4541 D
1951 4493 2209 4562 potionis,
2242 4510 2341 4549 nec
2363 4496 2618 4560 vestium,
2640 4512 2739 4553 nec
2754 4498 2985 4553 aliarum
3008 4502 3253 4569 corporis
3278 4504 3523 4572 volupta.

1953 4593 2091 4639 tum.
2126 4585 2353 4642 Animas
2388 4587 2516 4642 item
2571 4598 2622 4643 et
2656 4604 2888 4660 corpora
2937 4605 3127 4645 eorum
3162 4592 3253 4660 qui
3290 4608 3348 4647 se
3390 4594 3528 4649 bene

1949 4681 2333 4751 gesserinthin
2385 4683 2695 4752 paradisum
2739 4685 3000 4749 abitura;
3050 4685 3517 4753 impmnitentiu‘u

1950 4787 2102 4836 vero,
2130 4772 2397 4828 malorum
2438 4783 2493 4829 et
2522 4775 2842 4840 inﬁdelium,
2869 4777 2935 4830 ad
2975 4774 3275 4831 inferorum
3310 4778 3527 4832 crueia-

1950 4872 2062 4921 tus.
2124 4864 2280 4931 Quod
2312 4866 2439 4921 item
2474 4868 2762 4935 paradisus
2801 4877 3146 4925 sanctorum.
3172 4880 3228 4925 et
3261 4869 3523 4935 beatitas,

1932 4952 2005 5011 ‘in
2036 4957 2179 5013 cualo
2225 4958 2319 5023 sit,
2354 4959 2745 5014 sceleratorum
2777 4976 2912 5015 vero
2963 4961 3179 5032 punitio
3240 4963 3295 5019 in
3350 4972 3523 5021 terra.

1947 5048 2245 5115 Praeterea,
2270 5048 2660 5104 beatitudinem
2685 5060 3025 5118 sanctorum,
3050 5054 3187 5109 nihil
3214 5054 3357 5110 aliud
3378 5072 3523 5119 esse,
3568 5058 3569 5061 “

1950 5139 2055 5194 nisi
2084 5139 2228 5205 quod
2262 5138 2613 5209 perﬁcientur
2643 5144 2811 5197 animi
2842 5144 2980 5200 tales
3015 5149 3229 5202 ratione
3249 5149 3523 5214 cognitio-

1948 5229 2056 5286 nis.
2091 5229 2248 5286 Tunc
2266 5231 2530 5287 videbunt
2560 5250 2758 5289 arcana
2793 5236 2912 5303 Dei,
2947 5253 3069 5307 qum
3106 5254 3255 5294 nunc
3288 5254 3397 5293 non
3422 5255 3521 5292 no-

1946 5330 2131 5387 scunt,
2162 5323 2268 5377 nisi
2305 5323 2408 5379 ﬁdc
2435 5326 2487 5379 in
2521 5325 2708 5382 Iesum
2750 5328 3055 5386 Christum.

2015 5503 2260 5557 Achmat.
2300 5503 2458 5559 Ciani
2504 5504 2874 5563 ichticatimus
2915 5506 3106 5562 bunun
3162 5506 3519 5562 uzerindctur

1944 5593 2063 5649 Iiitn
2096 5597 2397 5651 ateutlerun
2432 5596 2627 5652 rhuchi
2665 5600 2840 5654 olmes
2874 5600 2986 5653 zira
3040 5598 3272 5653 anlarun
3324 5598 3517 5655 tenleri

1943 5686 2091 5758 gkeri
2126 5688 2344 5766 chogjat
2374 5689 2646 5745 bulisatur
2673 5690 2912 5760 chogiati
2938 5690 3211 5746 ebcndiile
3238 5693 3522 5747 zachmet-

1946 5794 2042 5837 zus
2061 5778 2328 5837 muncher
2352 5780 2533 5838 clzaﬁf.
2554 5780 2803 5839 Cimctcn
2828 5782 3103 5841 itzimcteu
3134 5784 3519 5842 beriolachat-
