3976 6452
438 359 548 424 355

1516 355 1778 417 GENNA
1795 356 1904 417 Dll
1939 355 2055 415 ΟΡ.
2095 353 2621 418 ΡΑΤΒΙΛΒΒΠΛΞ

3609 362 3719 427 356

436 465 697 535 rebimini
728 488 949 532 carnem
980 470 1206 531 edentes
1237 472 1558 537 humanam,
1593 482 1649 527 et
1690 474 2017 543 sanguinem

2142 474 2224 530 νῦν
2245 474 2591 543 ὑφεστήκασι
2625 473 2722 527 καὶ
2767 474 2909 527 εἰσὶν
2936 474 2994 527 ἐν
3015 475 3139 545 ἐμοὶ
3169 489 3183 503 °
3218 474 3336 530 ἀλλ’
3368 472 3445 543 ὥς
3479 476 3539 533 ἐν
3570 482 3726 551 ἄρτῳ

443 572 691 627 bibentes
719 569 820 624 sub
850 566 1040 622 eadem
1073 567 1245 621 forma
1276 582 1384 636 qua
1408 562 1744 627 subsistunt,
1777 578 1830 621 et
1855 568 1911 621 in
1937 580 2025 620 me

442 673 592 727 sunt,
630 662 726 718 sed
784 669 1041 730 tanquam
1072 659 1127 714 in
1176 674 1317 733 pane
1348 668 1404 714 et
1436 659 1569 714 vino
1613 659 2024 714 manducabitis

440 763 496 809 et
522 752 723 808 bibetis
753 767 770 805 :
799 750 960 820 panis
1000 761 1188 807 autem
1243 760 1301 806 et
1330 750 1442 805 vini
1484 767 1764 822 apparens
1795 752 2021 819 veritas,

443 842 735 898 veritatem
782 856 892 895 non
928 849 1285 910 apparentem
1341 843 1594 911 corporis
1626 852 1680 897 et
1714 843 2025 914 sanguinis,

440 933 786 989 continebit:
823 932 1135 987 substantia
1172 932 1394 1001 quidem
1434 941 1825 999 transmutata,
1877 943 1938 988 ut
1968 935 2025 989 in

444 1026 599 1082 vobis
620 1033 1026 1082 sacramentum
1079 1032 1381 1091 operetur;
1417 1034 1651 1079 externa
1684 1040 1817 1080 vero
1847 1024 2027 1080 forma

442 1119 635 1175 eadem
659 1127 1038 1187 permanente,
1072 1132 1141 1170 ne
1167 1132 1276 1187 qua
1312 1132 1412 1173 vos
1444 1118 1724 1172 haesitatio
1750 1127 1806 1173 et
1827 1118 2029 1173 horror

445 1214 719 1277 detinens,
745 1226 779 1266 a
811 1211 1207 1265 communione
1260 1211 1522 1267 abducat.
1554 1211 1683 1267 Haec
1727 1211 1916 1282 itaque
1946 1212 2028 1268 sic

449 1303 735 1365 facientes,
767 1314 878 1356 non
902 1300 1166 1355 amicitiae
1193 1301 1400 1365 solum,
1437 1300 1535 1357 sed
1565 1300 1828 1356 utilitatis
1853 1300 2024 1356 etiam

446 1409 637 1461 causa,
697 1408 1019 1449 sermonum
1083 1407 1338 1448 meorum
1398 1402 1454 1448 et
1504 1393 1632 1446 vita:
1664 1408 1798 1449 mea
1820 1406 2031 1450 memo-

450 1489 586 1543 riam
622 1486 909 1551 habentes,
962 1494 1077 1539 tum
1128 1485 1185 1540 in
1222 1485 1497 1556 spirituali
1535 1486 1647 1540 vita
1700 1485 2031 1556 prolicietis,

449 1591 564 1634 tum
598 1578 791 1635 futura
843 1576 936 1633 illa
973 1578 1084 1632 vita
1117 1578 1271 1649 digni
1302 1586 1621 1648 Opportune
1650 1587 1895 1648 tempore
1921 1578 2032 1634 etil-

447 1670 695 1731 ciemini,
723 1669 791 1724 ad
807 1684 975 1739 quam
1010 1682 1107 1724 vos
1141 1669 1401 1739 antehac,
1434 1678 1699 1740 quantum
1730 1671 1866 1726 satis
1891 1679 2030 1737 erat,

450 1764 772 1835 preparari.
802 1761 952 1819 Talis
977 1772 1061 1818 est
1103 1762 1269 1833 hujus
1308 1763 1645 1819 sacramenti
1670 1777 1894 1832 seopus,
1933 1776 2033 1817 au-

2134 569 2229 620 καὶ
2282 568 2414 638 οἴνῳ
2469 567 2677 621 ισθίειν
2740 568 2836 621 καὶ
2889 566 3068 621 πίνειν
3124 568 3378 638 μέλλετε,
3410 574 3507 625 καὶ
3556 574 3726 644 ήτοῦ

2132 661 2303 731 ἀρτου
2350 660 2446 712 καὶ
2496 659 2645 713 οίνου
2676 659 2985 732 φαινομένη
3020 660 3277 731 ἀλήθεια,
3305 662 3407 733 τὴν
3452 664 3724 736 ἀλήθειαν

2133 741 2314 821 ἀφανῆ
2342 752 2437 805 τοῦ
2472 751 2727 822 σώματος
2759 753 2856 806 καὶ
2889 752 3126 822 αἵματος
3160 754 3432 824 περιέξει,
3470 757 3572 826 τῆς
3618 759 3725 828 μὲν

2134 842 2324 906 οὐσίας
2361 843 2825 914 μεταδληθείσης,
2855 843 2933 907 ώς
2958 842 3027 898 ἀν
3059 845 3120 898 ὲν
3154 845 3287 915 ὑμῖν
3316 846 3380 899 τὸ
3412 849 3722 918 μυστήριον

2136 940 2358 1009 δνεργῇ,
2394 938 2492 1008 τῆς
2543 937 2602 992 δὲ
2633 936 2836 1003 ἔξωθεν
2864 935 3166 1001 διαθέσεως
3214 937 3316 1009 τῆς
3346 939 3520 1007 αὑτῆς
3555 940 3731 1005 σωζο-

2141 1030 2332 1101 μὲνης,
2360 1030 2449 1084 ἶνα
2480 1030 2672 1102 μηδεὶς
2698 1030 2849 1102 ὑμᾶς
2880 1029 3091 1100 ἴλιγγος
3125 1032 3421 1103 κατασχὼν
3451 1034 3725 1107 ἀπαγάγῃ

2137 1123 2237 1193 τῆς
2267 1123 2652 1194 μεταλήψεως.
2685 1123 2875 1178 Ταῦτα
2918 1124 3105 1179 τοίνυν
3142 1121 3286 1178 οὕτω
3316 1125 3627 1191 ποιοῦντες,
3659 1128 3726 1179 οὐ

2139 1217 2326 1287 φιλίας
2355 1218 2524 1274 ἓνεκα
2563 1217 2749 1287 μόνον.
2778 1218 2918 1273 ἀλλά
2974 1220 3072 1272 καὶ
3097 1219 3389 1287 ὠφελείας,
3432 1220 3525 1273 καὶ
3551 1221 3715 1289 λόγου

2138 1310 2234 1364 καὶ
2265 1308 2382 1379 βίου
2425 1296 2864 1380 μνημονεύοντες
2905 1310 3016 1364 τῶν
3044 1312 3218 1382 ἐμῶν,
3250 1314 3310 1365 ἰν
3361 1314 3430 1383 τῇ
3479 1329 3728 1382 πνευμα-

2138 1405 2264 1473 τικῇ
2310 1384 2428 1474 (toﬁ
2482 1402 2790 1473 προκόψετε
2839 1403 3014 1474 δήπου
3038 1443 3055 1469 ,
3104 1405 3200 1457 καὶ
3259 1403 3379 1481 τῆς
3419 1404 3725 1475 μελλούσης

2137 1493 2354 1564 ἀκείνης
2405 1494 2684 1566 ἑγκαίρως
2729 1492 3130 1566 ἀξιωθήσεσθε,
3161 1496 3297 1564 πρὸς
3342 1498 3410 1569 ἢν
3443 1498 3588 1568 ὑμᾶς
3620 1499 3723 1568 ἀρ-

2140 1584 2382 1651 κούντως
2426 1585 2667 1656 πρόσθεν
2715 1586 3051 1658 κατήρτισα.
3078 1587 3253 1652 Οὗτος
3296 1590 3326 1642 ό
3366 1587 3462 1642 τοῦ
3514 1587 3725 1660 μυστηὲ

2141 1679 2262 1753 ρίου
2301 1678 2529 1744 σκοπὸς,
2557 1672 2604 1734 ῶ
2653 1678 2944 1745 παρόντες,
2974 1678 3051 1743 ώς
3098 1681 3157 1735 ἐν
3206 1681 3413 1750 ὀλίγοις
3452 1683 3582 1751 ⁸»περὶ
3626 1680 3722 1735 τοῦ

2143 1770 2404 1842 μεγίστου
2439 1772 2535 1825 καὶ
2565 1770 2847 1826 θειοτάτου
2876 1770 3174 1826 διαλαϐεῖν.
3211 1773 3323 1827 Καὶ
3370 1771 3465 1826 νῦν
3513 1773 3573 1825 τὸ
3624 1791 3725 1843 μυ-

449 1856 678 1920 ditores,
707 1862 974 1925 quantum
1009 1856 1204 1923 pauch
1231 1854 1301 1909 de
1337 1855 1579 1910 maximo
1605 1864 1661 1910 et
1683 1854 2033 1913 divinissimo

2142 1866 2362 1934 στήριον
2390 1865 2504 1927 τοῖς
2535 1864 2827 1933 μετέχουσι
2851 1863 3140 1935 προκοπὴν
3174 1865 3274 1933 τῆς
3301 1865 3444 1918 κατά
3475 1864 3715 1936 Χριστοῦ

449 1950 795 1999 sacramento
840 1942 1025 1998 dicere
1048 1943 1203 1999 licet.
1233 1944 1299 1997 Et
1327 1959 1476 2000 nunc
1510 1953 1922 2001 sacramentum
1974 1948 2030 2001 in

449 2037 1007 2100 communieantibus,
1069 2036 1376 2105 profectum
1405 2038 1533 2092 vitae
1559 2038 1614 2091 in
1646 2036 1868 2093 Christo
1904 2053 2034 2108 ope-

453 2137 627 2192 ratur,
654 2128 908 2198 quodque
947 2129 1309 2197 corporaliter
1336 2128 1533 2193 efticit,
1568 2128 1622 2182 id
1659 2145 1770 2199 quo
1796 2129 1917 2199 ejus
1948 2130 2033 2183 vi-

450 2219 760 2281 detur.boc
790 2228 1006 2275 secreto
1025 2230 1080 2275 et
1129 2220 1488 2275 invisibiliter
1509 2221 1748 2289 perlicit,
1789 2222 1841 2277 id
1887 2221 2033 2292 quod

454 2311 685 2366 interius
706 2320 812 2366 est.
836 2310 1023 2366 Nutrit
1060 2312 1207 2367 enim
1241 2322 1296 2367 et
1321 2314 1497 2368 reiicit
1519 2314 1757 2368 animam
1789 2325 2034 2370 nostram

449 2402 656 2457 Christi
695 2417 918 2472 corpus,
958 2404 1104 2458 sicut
1139 2403 1297 2472 panis
1338 2406 1554 2473 corpori
1605 2406 1748 2460 idem
1793 2416 2035 2475 praestat.

453 2492 517 2546 Et
542 2492 682 2546 sicut
718 2493 1025 2563 regenerati
1051 2502 1107 2546 et
1131 2492 1397 2559 baptizati
1432 2492 1740 2560 accipimus
1769 2509 1891 2547 esse
1917 2508 2039 2562 gra-

452 2585 540 2638 tia:
564 2600 671 2653 quo
700 2584 904 2639 desinit
954 2599 1080 2641 esse
1129 2586 1364 2655 peccati,
1402 2586 1550 2639 uncti
1582 2599 1708 2640 vero
1739 2585 2038 2640 chrismate

453 2680 504 2730 in
531 2677 1119 2745 regenerationisdouo
1146 2677 1563 2741 confirmantur,
1595 2686 1648 2731 et
1678 2678 1878 2748 signati
1904 2695 2037 2733 cun-

452 2769 723 2824 l‘urtamur
753 2769 820 2823 ad
854 2768 1163 2839 spiritualia
1191 2772 1518 2832 certamina,
1551 2785 1683 2839 qum
1726 2786 1828 2824 nos
1877 2772 2041 2842 spiri-

454 2861 674 2916 tualiter
719 2864 933 2922 genitos
982 2862 1172 2915 subire
1224 2876 1455 2931 prorsus
1512 2878 1740 2917 necesse
1793 2874 1914 2928 est;
1964 2864 2036 2917 ita

449 2956 618 3008 etiam
648 2952 993 3007 robustiores
1043 2951 1219 3007 factos
1257 2952 1461 3006 nutriri
1499 2962 1733 3022 Oportet,
1788 2964 1841 3007 et
1891 2954 2043 3007 acci-

452 3063 579 3117 pere
599 3046 1066 3116 peneverantiam
1092 3052 1148 3101 et
1178 3056 1529 3115 augmentum
1569 3047 1622 3099 in
1647 3046 1836 3100 eadem
1867 3047 2041 3110 gratia

456 3155 550 3210 per
571 3149 980 3201 sacramentum
1013 3137 1450 3192 communionis.
1485 3136 1558 3192 Ut
1588 3138 1733 3191 enim
1761 3137 1914 3190 calor
1940 3150 2041 3190 na-

2134 1959 2283 2028 ζωῆς
2332 1955 2693 2029 ἐνεργάζεται
2739 1957 2879 2027 ὅπερ
2914 1956 3247 2026 σωματικῶς
3294 1957 3401 2029 δρᾷ
3433 1957 3493 2011 τὸ
3529 1960 3722 2026 φαινό-

2138 2066 2302 2120 μενον
2322 2048 2523 2103 αὑτοῦ·
2562 2046 2721 2101 τοῦτο
2753 2048 3033 2115 μυστικῶς
3058 2065 3118 2101 τε
3160 2048 3256 2101 καὶ
3284 2049 3535 2119 ἀοράτως
3571 2049 3720 2103 ἔνδον

2136 2141 2318 2196 ἀνύον.
2355 2143 2561 2212 Τρέφει
2615 2140 2729 2211 γάρ
2774 2141 2869 2194 καὶ
2921 2142 3229 2196 ἀνακτᾶται
3289 2142 3393 2212 τὴν
3443 2142 3723 2213 ἡμετέραν

2134 2232 2315 2302 ψυχὴν
2361 2231 2423 2284 τὸ
2467 2231 2563 2284 τοῦ
2608 2231 2850 2298 Χριστοῦ
2884 2232 3065 2302 σῶμα,
3098 2232 3358 2306 καθάπερ
3387 2234 3417 2286 ό
3446 2234 3615 2302 ἀρτος
3645 2232 3724 2301 τῷ

2138 2323 2351 2394 σώματι
2398 2324 2558 2379 τοῦτο
2602 2324 2918 2395 ἐργάζεται.
2969 2326 3076 2378 Καὶ
3124 2326 3377 2397 καθάπερ
3411 2324 3722 2391 ἀναγεννώο

2142 2416 2283 2487 μεθα
2342 2418 2758 2488 βαπτιζόμενοι,
2790 2431 2889 2476 καὶ
2932 2420 2992 2472 τὸ
3019 2416 3158 2473 εἶναι
3203 2420 3301 2487 τῆς
3350 2420 3594 2489 χάριτος,
3626 2416 3722 2470 τοῦ

2138 2505 2281 2579 εἶναι
2325 2511 2425 2579 τῆς
2470 2511 2750 2583 ἁμαρτίας
2800 2511 3299 2583 ἀπιλαμόἀνομεν,
3333 2510 3620 2580 χριόμενοι
3669 2509 3723 2561 δὲ

2138 2603 2215 2671 τῷ
2248 2603 2408 2674 μύρῳ
2452 2603 2510 2656 ἐν
2551 2605 2705 2674 αῦτῷ
2754 2605 2855 2674 τῆς
2893 2605 3309 2674 ἀναγεννήσεως
3353 2601 3724 2674 βεϐαιούμεθα

2137 2693 2317 2765 δώρῳ.
2379 2695 2473 2748 καὶ
2527 2696 2664 2765 πρὸς
2687 2697 2816 2759 τοὺς
2862 2697 3277 2776 πνευματικοῦς
3325 2697 3547 2766 ἀγῶνας
3617 2698 3722 2748 ὲνι·

2141 2787 2422 2856 σχυόμεθα
2472 2787 2911 2858 σημειούμενοι,
2965 2788 3059 2854 οὓς
3119 2790 3337 2859 ἀνάγκη
3392 2792 3548 2845 πᾶσα
3595 2790 3722 2850 τοῦς

2143 2879 2532 2950 πνευματικῶς
2580 2884 2960 2951 γεννωμένους
3022 2883 3385 2954 ὑπέρχεσθαι,
3446 2882 3591 2937 οὕτω
3646 2884 3725 2938 δεῖ

2144 2971 2237 3022 καὶ
2270 2969 2571 3041 τρέφεσθαι
2608 2971 3056 3042 δυναμωθέντας,
3090 2976 3185 3029 καὶ
3214 2977 3315 3044 τὴν
3342 2977 3400 3030 ὲν
3438 2962 3506 3047 τῇ
3539 2977 3721 3047 χάριτι

2142 3059 2442 3129 λαμϐάνειν
2467 3061 2732 3133 διαμονὴν
2762 3065 2857 3118 καὶ
2891 3066 3155 3129 ἐπίδοσιν,
3191 3068 3271 3137 τῷ
3305 3068 3595 3138 μυπηρῖῳ
3623 3068 3720 3137 τῆς

2150 3152 2769 3225 μεταλήψεως.”Ωσπερ
2822 3158 2932 3229 γὰρ
2985 3161 3016 3229 ἡ
3071 3158 3275 3229 φυσικὴ
3324 3160 3421 3213 τοῦ
3470 3160 3726 3230 σώματος

459 3228 646 3284 turalia
684 3229 934 3298 corporis
958 3236 1309 3297 consumeret
1334 3229 1623 3282 humidum
1670 3228 1918 3297 ejusdem
1938 3230 2036 3282 iu-

2146 3240 2323 3311 θέρμη
2356 3242 2622 3297 ἀναλώσει
2673 3244 2743 3299 ἂν
2772 3248 2874 3320 τήν
2900 3225 3155 3319 Ἰέμφυτον
3189 3225 3468 3321 ὑγρότητα
3499 3225 3721 3313 τούτου,

458 3325 669 3379 natum,
695 3317 798 3370 nisi
824 3316 1216 3372 alimentorum
1252 3316 1571 3373 accessione
1622 3317 1771 3371 facta
1820 3326 2044 3373 susten-

460 3418 701 3474 taretur,
759 3417 815 3463 et
881 3409 1089 3464 idcirco
1140 3411 1267 3464 cibo
1317 3419 1371 3465 et
1441 3419 1571 3480 potu
1638 3421 2046 3465 conservantur

458 3501 665 3570 optime
690 3500 880 3555 vitalia
911 3500 1166 3563 interius,
1217 3501 1420 3571 quibus
1450 3512 1647 3557 natura
1693 3510 1877 3558 nostra
1911 3516 2045 3557 con-

457 3592 628 3656 sistit,
652 3601 910 3660 corrupta
935 3594 1120 3648 calore
1147 3603 1477 3663 reparantur
1521 3605 1577 3649 et
1616 3605 2039 3660 conservantur,

456 3693 511 3738 el
541 3684 878 3753 impossibile
905 3694 984 3737 est
1032 3686 1189 3739 aliter
1239 3686 1531 3739 humanam
1565 3686 1734 3739 vitam
1767 3685 2044 3755 qualiter-

456 3790 673 3845 cunque
709 3776 1010 3831 sustentari
1049 3792 1065 3831 :
1110 3778 1183 3831 ita
1240 3787 1295 3832 et
1343 3778 1562 3833 malitiae
1610 3779 1762 3833 calor
1811 3779 2042 3833 interius

457 3869 701 3924 animam
755 3868 1081 3940 depascens,
1126 3870 1456 3942 pietatisque
1523 3872 1724 3928 bonam
1758 3871 2039 3926 habitudi-

455 3977 577 4016 nem
643 3963 971 4027 cmacians,
1039 3962 1246 4016 taceret
1297 3977 1416 4017 eam
1508 3962 1734 4016 omnino
1785 3961 2039 4027 deﬁcere,

452 4054 556 4108 nisi
588 4053 772 4107 anima
810 4054 955 4107 hunc
986 4054 1334 4123 spiritualem
1364 4056 1546 4108 cibum
1605 4055 1903 4124 acciperet,
1938 4055 2039 4109 ob-

454 4144 744 4201 sistentem
791 4144 843 4198 vi
879 4147 1211 4216 corrupti-iui
1254 4147 1497 4211 malitiae,
1540 4157 1595 4201 et
1625 4146 1680 4200 in
1709 4146 1871 4202 nobis
1894 4146 2041 4205 dona

454 4237 763 4307 spiritualia
784 4237 1203 4291 conﬁrmantem
1237 4248 1293 4292 et
1318 4247 1593 4323 agentem.

526 4415 745 4485 Corpus
794 4421 981 4469 autem
1036 4413 1246 4470 Christi
1299 4417 1551 4487 corporis
1584 4419 1796 4475 ratione
1820 4428 1905 4476 est
1935 4436 2039 4475 nu-

455 4510 651 4574 triens,
702 4510 921 4563 ratione
977 4522 1107 4563 vero
1155 4509 1412 4579 puritatis
1448 4527 1545 4580 per
1600 4513 1859 4569 unionem
1913 4528 2038 4569 cum

454 4602 643 4658 divina
672 4613 870 4657 natura
901 4602 1205 4672 puriﬁcans
1240 4612 1295 4656 et
1356 4604 1731 4671 sanctiﬁcaus,
1757 4606 2036 4662 sulIicieu-

460 4706 542 4751 ter
594 4696 759 4751 nobis
803 4695 1094 4765 spir’ituale
1148 4696 1356 4766 praebet
1397 4697 1745 4753 alimentum.
1802 4701 1878 4755 lta
1915 4716 2047 4756 vero

456 4784 719 4853 praeclare
786 4784 1064 4847 nutritas,
1125 4785 1193 4837 ad
1257 4786 1604 4854 spiritualem
1640 4790 1932 4857 puritatem
1989 4802 2047 4847 et

460 4878 754 4933 sanitatem
787 4878 1016 4944 reducit,
1056 4892 1168 4948 qua
1206 4879 1337 4933 olim
1368 4862 1470 4935 nos
1520 4881 1671 4935 vetiti
1714 4883 1922 4939 fructus
1953 4900 2047 4940 co-

464 4970 658 5024 mestio
687 4968 980 5040 deiecerat.
1021 4968 1320 5040 Oportebat
1371 4972 1515 5027 enim
1550 4988 1682 5040 nos,
1726 4975 1820 5045 qui
1848 4991 2046 5045 corpo-

468 5076 564 5117 rro
590 5060 827 5132 quodam
861 5062 983 5116 cibo
1018 5063 1396 5118 innocentiam
1430 5073 1486 5120 et
1521 5067 1812 5122 sanitatem
1842 5072 2045 5125 amise-

458 5168 672 5218 ramus,
701 5168 969 5223 corporeo
990 5152 1228 5223 quodam
1250 5154 1514 5211 alimento
1535 5157 1681 5211 illaut
1709 5169 2042 5224 restaurare,

454 5255 516 5299 ut
570 5246 645 5300 ita
704 5244 905 5311 similia
970 5246 1285 5312 similibus,
1323 5256 1378 5303 et
1425 5250 1702 5305 contraria
1749 5253 2044 5307 contrariis

452 5346 765 5410 opportune
825 5348 1178 5407 curarentur,
1244 5343 1712 5411 quemadmodum
1774 5345 1882 5400 cibi
1937 5347 2039 5411 illi,

456 5438 690 5501 uterque
725 5446 1050 5503 corporeus,
1077 5441 1187 5488 tam
1219 5436 1312 5504 qui
1340 5435 1494 5505 prius
1528 5436 1698 5491 exitio
1721 5437 1845 5502 fuit,
1875 5455 2041 5509 quam

451 5527 555 5596 qui
594 5541 745 5583 nunc
767 5527 932 5583 saluti
977 5537 1085 5595 est,
1139 5529 1353 5584 sanitas
1393 5538 1450 5585 et
1482 5530 1589 5584 vita
1626 5531 1950 5600 spirttualis,
1988 5534 2042 5589 id

453 5618 605 5686 quod
626 5633 773 5674 nunc
801 5619 996 5687 salvat,
1019 5620 1251 5693 etquod
1282 5620 1413 5676 olim
1443 5625 1713 5694 corrupit.
1748 5623 1852 5680 Sed
1888 5626 2041 5681 illum

359 5698 361 5701 ’
453 5708 678 5779 quidem
705 5711 1060 5784 cibumgbeus
1091 5712 1486 5785 prohibuerat,
1519 5716 1686 5773 istum
1718 5732 1852 5775 vero
1895 5736 2043 5777 nunc

453 5809 514 5859 et
544 5803 805 5875 usurpari
831 5803 1085 5878 praecipit
1139 5813 1195 5865 et
1222 5806 1606 5865 subministrat
1634 5826 1647 5890 ξ
1680 5808 1829 5865 illum
1864 5813 2039 5871 malus

2151 3333 2373 3403 μὴητατς
2398 3334 2507 3388 ἀπὸ
2530 3336 2639 3388 τῶν
2679 3340 2901 3408 τροφῶν
2936 3341 3280 3411 προσθήκαις
3318 3341 3723 3414 βοηθουμένην,

2146 3425 2244 3479 καὶ
2287 3425 2381 3479 διὰ
2411 3425 2569 3481 τοῦτο
2603 3431 2670 3498 τῇ
2709 3433 2887 3503 τροφῇ
2919 3435 3014 3488 καὶ
3040 3434 3120 3504 τῷ
3151 3434 3361 3505 πόματι
3392 3426 3727 3504 φυλάττεται

2146 3519 2249 3588 μὲν
2298 3522 2366 3573 τὰ
2414 3522 2759 3575 συνιστῶντα
2809 3525 2909 3597 τὴν
2939 3525 3104 3595 φύσιν
3152 3527 3302 3584 ἔνδον
3354 3528 3563 3596 καλῶς,
3600 3532 3729 3584 ἀνα-

2145 3609 2450 3681 πληροῦται
2477 3612 2535 3666 δὲ
2570 3615 2639 3667 τὰ
2664 3614 2942 3686 φθαρέντα
2967 3621 3034 3691 τῇ
3069 3620 3272 3694 θέρμῃ,
3303 3622 3399 3675 καὶ
3446 3623 3727 3689 ἀνασώζει

2142 3719 2270 3766 ται,
2326 3706 2421 3757 καὶ
2472 3704 2734 3762 ἀδύνατόν
2784 3710 2934 3763 ἔστιν
2985 3713 3163 3777 ἄλλως
3214 3714 3315 3784 τὴν
3374 3716 3726 3789 ἀνθρωπίνην

2100 3843 2107 3850 .
2144 3792 2314 3866 ζωὴν,
2353 3796 2462 3849 οὐδ’
2490 3798 2575 3866 ἐφ’
2627 3798 2852 3853 όσονοῦν
2898 3800 3225 3874 διαρκέσαι·
3259 3804 3434 3870 οὕτως
3477 3810 3512 3879 ἡ
3546 3808 3725 3882 θέρμη

2144 3887 2410 3960 πονηρίας
2438 3890 2653 3944 ἔνδοθεν
2683 3892 2783 3963 τὴν
2810 3893 2991 3965 ψυχὴν
3023 3900 3467 3968 κατατρώγουσα
3508 3904 3587 3974 τῷ
3631 3905 3725 3975 τὴν

2144 3979 2376 4050 πιότητα
2401 3982 2499 4047 τῆς
2530 3982 2816 4048 εὐλαϐείας
2848 3986 3148 4057 ξηραίνειν,
3173 3992 3431 4065 ἐποίησεν
3460 3994 3530 4049 ἂν
3553 3997 3725 4068 αὐτὴν

2142 4073 2492 4126 παντάπασιν
2522 4073 2788 4141 ἐκλιπεῖν,
2820 4081 2868 4132 εί
2895 4080 2972 4149 μὴ
2995 4081 3093 4151 τὴν
3116 4088 3495 4156 πνευματικὴν
3518 4091 3723 4160 ταύτην

2148 4163 2184 4233 ἡ
2223 4162 2371 4235 ψυχὴ
2409 4166 2621 4236 τροφὴν
2674 4169 3155 4243 προσελάμϐανεν,
3190 4177 3725 4252 ἀντικαθισταμένην

2142 4258 2209 4325 τῇ
2236 4255 2513 4328 φθαρτικῇ
2544 4258 2771 4329 δυνάμει
2820 4263 2920 4333 τῆς
2949 4267 3241 4337 πονηρίας,
3265 4271 3361 4323 καὶ
3383 4274 3724 4330 συνιστῶσαν

2141 4348 2198 4400 ἐν
2230 4349 2363 4418 ἡμῖν
2388 4349 2459 4403 τὰ
2481 4355 2833 4423 πνευματικά
2850 4355 2947 4409 τοῦ
2968 4357 3105 4413 Θεοῦ
3127 4360 3299 4432 δῶρα,
3324 4365 3417 4417 καὶ
3433 4366 3726 4433 αὔξουσαν.

2213 4440 2287 4492 Τὸ
2317 4440 2376 4494 δὲ
2428 4441 2523 4495 τοῦ
2552 4444 2795 4515 Χριστοῦ
2846 4448 3007 4518 σῶμα
3035 4452 3113 4521 τῷ
3167 4453 3267 4523 μὲν
3310 4454 3455 4530 λόγῳ
3497 4460 3595 4513 τοῦ
3628 4462 3729 4516 σώ-

2070 4567 2120 4629 D
2153 4549 2322 4629 ματος
2365 4535 2592 4629 τρέφον,
2642 4538 2720 4607 τῷ
2764 4538 2824 4592 δὲ
2871 4541 2971 4611 τῆς
3019 4543 3397 4619 καθαρότητος
3454 4550 3605 4625 λόγῳ
3666 4559 3727 4625 τῇ

2148 4625 2286 4719 πρὸς
2323 4625 2425 4698 τὴν
2464 4627 2618 4682 θείαν
2659 4631 2824 4700 φύσιν
2875 4634 3067 4691 ἐνώσει
3114 4639 3379 4712 καθαῖρον
3422 4648 3518 4700 καὶ
3567 4648 3730 4719 ἁγιά-

2149 4718 2261 4784 ζον,
2315 4720 2632 4791 ἀρκούντως
2678 4727 2813 4794 ἡμῖν
2855 4726 2959 4799 τὴν
3006 4735 3385 4808 πνευματικὴν
3433 4741 3728 4811 παρέχεται

2147 4811 2362 4881 τέρψιν.
2390 4814 2725 4885 Τρεφόμενοι
2760 4818 2818 4872 δὲ
2845 4819 2991 4875 οὕτω
3024 4823 3204 4890 καλῶς
3256 4828 3395 4897 πρὸς
3434 4831 3534 4902 τὴν
3568 4850 3727 4887 πνευ-

2149 4906 2386 4977 ματικὴν
2437 4908 2789 4979 καθαρότητα
2842 4913 2936 4967 καὶ
2984 4916 3176 4985 ὑγείαν
3216 4920 3630 4994 ὲπαναγόμεθα,
3665 4922 3727 4997 ἦς

2145 4996 2291 5064 ἡμᾶς
2330 4997 2430 5065 τῆς
2466 5000 2858 5075 κεκωλυμένης
2911 5004 3118 5076 βρῶσις
3160 5012 3357 5076 ἐξέωσε
3400 5017 3547 5073 τότε.
3576 4996 3729 5072 Ἔδει

2146 5088 2256 5160 γὰρ
2310 5090 2459 5160 ἡμᾶς
2495 5098 2783 5166 σωματικῇ
2824 5115 2931 5152 τινι
2966 5099 3170 5170 βρώσει
3208 5107 3306 5177 τήν
3358 5110 3728 5181 ἀκεραιότητα

2146 5185 2241 5233 καὶ
2302 5183 2401 5253 τὴν
2458 5185 2647 5253 ὑγείαν
2697 5189 2914 5261 ἐκείνην
2976 5193 3373 5263 άποῦαλόντας.
3440 5207 3723 5272 σωματικῇ

2144 5286 2252 5323 τινι
2290 5273 2453 5326 πάλιν
2500 5280 2678 5347 τροφῇ
2728 5281 2866 5348 πρὸς
2900 5284 3117 5356 εκείνην
3160 5289 3503 5359 ἐπανελθεῖν,
3535 5300 3634 5347 καὶ
3664 5297 3726 5347 τὰ

2150 5362 2247 5431 μὲν
2278 5363 2440 5432 ὃμοια
2470 5370 2581 5433 τοῖς
2612 5373 2825 5441 ὁμοίοις
2845 5374 3253 5451 θεραπευθῆναι
3278 5383 3482 5448 καλῶς,
3518 5389 3632 5450 τοῖς
3671 5387 3725 5439 δὲ

2147 5457 2408 5522 ἐναντίοις
2446 5461 2517 5514 τὰ
2568 5463 2808 5532 ἐναντία,
2843 5464 2957 5521 οἷον
3007 5471 3243 5541 βρώσεις
3284 5476 3384 5547 μὲν
3412 5479 3581 5551 ἄμφω
3625 5500 3725 5535 σω-

2149 5553 2395 5642 ματικαὶ,
2431 5553 2465 5625 ἦ
2499 5569 2557 5607 τε
2584 5556 2951 5631 διαφθείρασα
2984 5564 3079 5633 τὴν
3102 5567 3301 5640 ἀρχὴν,
3330 5570 3364 5642 ἦ
3391 5588 3451 5625 τε
3479 5573 3726 5638 σώζουσα

2145 5638 2263 5705 νῦν,
2300 5643 2394 5695 καὶ
2433 5645 2591 5713 ὑγεία
2634 5653 2729 5702 καὶ
2780 5658 3131 5728 πνευματικὴ
3184 5638 3317 5734 ζωὴ,
3352 5638 3417 5717 τό
3458 5684 3516 5719 τε
3559 5667 3725 5732 σωζό-

2146 5750 2330 5803 μενον,
2372 5738 2433 5790 τό
2470 5756 2527 5793 τε
2573 5742 2957 5815 φθειρόμενον.
3001 5750 3142 5805 Ἀλλ’
3186 5757 3402 5827 ἐκείνην
3447 5760 3549 5829 μὲν
3595 5762 3725 5813 ἀπέ-

2142 5842 2348 5897 τρεπεν
2380 5831 2407 5882 ό
2446 5829 2602 5917 Θεδς,
2627 5837 2833 5911 ταύτην
2873 5840 2927 5894 δὲ
2958 5843 3057 5900 νῦν
3096 5849 3381 5923 ἐπιτρέπει
3436 5854 3527 5908 καὶ
3562 5869 3724 5925 χορη-
