3976 6452
292 410 397 474 3ἱ7

1272 414 1461 476 non.
1508 416 1606 475 DE
1642 416 1965 479 sanum.
2011 398 2471 481 conponat.
2501 422 2566 483 c.

3462 425 3572 489 3L8

292 535 420 600 γεῖ·
476 532 740 602 κάκείνην
790 532 892 603 μὲν
939 506 1253 604 δίπονηρὸς
1312 535 1590 605 εἰσηγεῖτο
1622 534 1856 605 δαίμων

1986 533 2198 590 daemon
2240 534 2512 603 exhibuit,
2545 535 2710 592 istius
2751 551 2880 592 vero
2914 536 3085 594 Filius
3113 537 3208 595 Dei
3242 555 3351 596 non
3380 546 3572 597 ιιοτιαέ

291 624 501 694 ταύτης
545 624 603 679 δὲ
634 628 662 678 6
696 625 796 701 τοῦ
843 624 982 679 Θεοῦ
1022 626 1172 689 Υίὸς,
1203 626 1263 678 οὐ
1321 626 1628 696 σύμϐουλος
1685 629 1872 699 μόνον,

293 718 431 771 ἀλλὰ
486 718 734 781 διάκονος
805 720 1062 785 γίνεται·
1124 719 1351 788 κάκείνη
1417 720 1517 790 μὲν
1573 720 1875 793 ἡρπάζετο,

297 813 431 880 πρὸς
491 812 698 878 ταύτην
751 811 808 864 δὲ
869 811 963 864 καὶ
1037 811 1513 883 παρακαλούμεθα
1578 812 1876 883 φανερῶς⁶

296 903 526 975 κάκείνη
561 903 946 973 μινύφῶρευε
985 907 1083 974 τῆς
1116 904 1485 977 παραϐάσεως
1514 905 1544 957 6
1576 904 1676 969 ίὺς,
1703 904 1876 975 ταύτῃ

293 994 351 1050 δὲ
381 988 801 1067 ὅποκικρυπται
829 997 1102 1070 θησαυρὸς
1135 997 1359 1065 ἀγαθῶν
1384 995 1779 1068 ἀναρίθμητος.
1802 997 1878 1051 Τὸ

293 1087 405 1158 γάρ
433 1086 733 1158 ἱερώτατον
768 1088 864 1144 τοῦ
905 1088 1147 1160 Χριστοῦ
1186 1072 1352 1160 σῶμα
1399 1089 1583 1152 καλῶς
1623 1089 1876 1159 ἐσθιόμε-

264 1194 407 1245 ·νον,
441 1178 518 1244 ὥς
560 1197 725 1252 φησιν
770 1184 799 1236 6
850 1181 994 1245 θεῖος
1042 1181 1722 1254 Γρηγόριος,-πολεμοῢσι
1774 1183 1875 1253 μέν

296 1273 449 1325 ἐστιν
476 1273 659 1339 ὅπλον,
681 1274 1022 1346 ἀποδημοῦσι
1047 1274 1103 1329 δὲ
1138 1274 1401 1339 ἐπάνοδος
1425 1291 1442 1309 ·
1462 1274 1593 1339 τοὺς
1622 1275 1875 1340 ἀσθενεῖς

297 1366 556 1436 ἐνισχύει,
589 1368 717 1429 τοὺς
761 1367 1112 1439 ἐρρωμένους
1160 1367 1473 1439 εὐφραίνει,
1533 1369 1633 1433 τὰς
1684 1370 1875 1434 νόσους

297 1461 463 1527 ίᾶται,
491 1460 589 1531 τὴν
617 1460 808 1529 ὑγείαν
833 1460 1185 1530 διαφυλάττει
1210 1480 1225 1494 ο
1255 1460 1346 1514 διὰ
1373 1460 1567 1516 τούτου
1603 1461 1874 1530 γινόμεθα

282 1553 583 1622 ’πραότεροι
611 1553 751 1625 πρὸς
778 1553 1092 1625 διόρθωσιν,
1118 1553 1258 1625 πρὸς
1278 1553 1410 1618 τοὺς
1431 1553 1631 1618 πόνους
1659 1571 1874 1625 μακροο

290 1646 603 1715 θυμότεροι,
650 1647 977 1719 θερμότεροι
1018 1647 1157 1717 πρὸς
1196 1647 1447 1720 ἀγάπην,
1478 1647 1617 1717 πρὸς
1664 1647 1871 1714 γνῶσιν

289 1738 726 1811 ἀγχινούστεροι,
756 1732 1163 1812 προθυμότεροι
1214 1743 1349 1811 πρὸς
1382 1740 1655 1805 ὑπακοὴν,
1677 1741 1870 1808 ὀξύτε-

1988 634 2075 681 tor
2098 616 2302 691 solum,
2328 628 2425 682 sed
2476 638 2530 684 et
2581 630 2833 685 minister
2854 640 2939 686 est
2972 650 2985 687 :
3018 632 3111 687 ille
3157 644 3346 703 raptus
3375 646 3476 700 est,
3504 638 3569 689 ad

1987 713 2153 768 istum
2186 714 2475 771 manifeste
2520 715 2845 784 invitamur,
2892 721 2944 773 in
2995 722 3089 775 illo
3136 722 3341 779 latebat
3387 736 3569 781 trans-

1989 805 2301 874 gressionis
2334 822 2628 875 venenum,
2662 810 2718 863 in
2743 810 2848 865 isto
2873 814 3197 870 reconditur
3267 802 3569 873 thesaurus

1981 896 2235 953 inﬁnitus
2268 898 2565 955 bonorum.
2589 899 2990 958 Sanctisimum
3027 906 3173 960 enim
3200 906 3406 965 Christi
3442 926 3569 963 (or-

1980 1004 2085 1058 pns
2116 1000 2419 1047 comestuin
2444 1001 2506 1047 ut
2531 993 2710 1059 decet,
2738 994 2881 1051 sicut
2909 998 2987 1052 ait
3008 998 3228 1057 divinus
3244 1001 3561 1072 Gregorius,

1981 1082 2355 1152 pugnantibus
2416 1094 2697 1139 armatura
2729 1094 2838 1151 est,
2904 1091 3389 1160 peregrinantibus
3421 1096 3566 1149 redi-

1980 1180 2073 1229 tus
2098 1216 2112 1240 ,
2141 1173 2395 1231 inﬁrmos
2432 1177 2781 1243 corroborat,
2814 1180 3079 1236 robustos
3126 1184 3385 1248 iaaiiflcat,
3421 1202 3567 1259 inor;

1981 1268 2080 1324 bos
2111 1276 2292 1332 sanat,
2321 1278 2613 1325 sanitatem
2641 1283 2937 1328 conservat
2969 1287 2985 1327 :
3017 1288 3117 1343 per
3146 1276 3274 1331 illud
3298 1276 3569 1332 eﬁicimur

1979 1360 2230 1415 mitiores
2258 1358 2328 1414 ad
2363 1362 2835 1432 emendationem,
2887 1366 3295 1424 constantiores
3322 1369 3390 1424 ad
3417 1371 3569 1425 latio-

1977 1467 2091 1513 res.
2123 1451 2486 1534 ferventiores
2521 1454 2589 1509 ad
2620 1456 2977 1522 cliaritatem,
3010 1459 3333 1516 subtiliores
3363 1464 3431 1517 ad
3467 1478 3565 1518 co-

1975 1545 2305 1615 gnitionem,
2339 1546 2406 1601 ad
2439 1547 2809 1603 obedientiam
2842 1552 3173 1619 proniores,
3195 1555 3566 1624 promptiores

1976 1636 2046 1690 ad
2083 1637 2483 1707 charismatum,
2502 1641 2906 1709 operationem,
2942 1644 3087 1698 sicut
3123 1659 3233 1699 non
3262 1654 3410 1702 recte
3440 1662 3565 1716 per-

1976 1728 2307 1799 cipientibus
2333 1732 2619 1787 contraria
2650 1748 2881 1804 prorsus
2909 1736 3189 1802 accidunt,
3210 1745 3265 1792 et
3296 1739 3354 1793 ﬁt
3378 1756 3565 1794 mensa

292 1850 374 1903 pot
396 1833 532 1902 πρὸς
564 1833 664 1904 τὴν
694 1832 802 1887 τῶν
837 1836 1198 1905 χαρισμάτων
1233 1834 1550 1904 ἐνέργειαν,
1576 1828 1652 1887 ὧν
1678 1834 1863 1887 τάναν·

1980 1833 2180 1878 contra
2208 1836 2305 1878 eos
2370 1823 2422 1877 in
2468 1823 2707 1889 foveam,
2742 1833 2798 1879 et
2831 1827 2883 1881 in
2935 1828 3379 1894 retributionem,
3413 1841 3467 1885 et
3507 1832 3561 1886 in

290 1927 378 1981 τία
401 1929 513 1995 τοῖς
535 1927 597 1980 ού
633 1926 817 1990 καλῶς
850 1926 1366 1997 μεταλαμῦάνουσιν
1398 1926 1627 1997 ἕπεται*
1659 1925 1872 1995 γίνεται

289 2019 322 2088 ὴ
354 2018 602 2090 τράπεζα
628 2020 754 2073 κατ’
795 2020 977 2074 αὐτῶν
1002 2021 1081 2083 είς
1116 2017 1332 2089 βόθρον,
1360 2020 1455 2073 καὶ
1503 2020 1583 2083 είς
1626 2019 1870 2073 ἀνταπό-

284 2111 448 2181 δομα,
482 2113 579 2164 καὶ
612 2112 692 2174 είς
731 2111 1054 2176 σκάνδαλον,
1089 2111 1185 2164 καὶ
1234 2112 1334 2164 ὅσα
1366 2111 1503 2165 ἄλλα
1547 2113 1663 2175 τοῖς
1694 2110 1874 2165 τοιού-

282 2222 401 2270 τοις
445 2203 771 2274 συμσαίνειν
812 2205 941 2273 περὶ
984 2205 1084 2273 τῆς
1137 2207 1287 2274 ἱερᾶς
1334 2204 1540 2274 ταύτης
1587 2206 1871 2278 τραπέζης

285 2297 648 2371 προφητεύων
683 2300 711 2351 6
737 2298 904 2351 Δαόὶδ
926 2296 1172 2366 ἀριθμεῖ.
1208 2297 1271 2350 Ὦ
1306 2297 1610 2366 μυστηρίου
1650 2298 1870 2352 πάντων

286 2390 609 2463 μυστηρίων
647 2390 968 2462 ίερωτάτου,
1004 2392 1097 2445 καὶ
1129 2391 1260 2445 αὐτὸ
1296 2390 1361 2443 τὸ
1408 2388 1505 2445 τοῦ
1550 2392 1869 2462 βαπτίσμα-

282 2500 373 2546 τος
430 2483 889 2553 ὑπερϐαίνοντος·
935 2484 1003 2536 δι’
1060 2484 1270 2537 ἐκείνου
1333 2484 1432 2552 μὲν
1488 2484 1596 2552 γάρ
1658 2485 1791 2554 ἡμῖν
1840 2486 1870 2539 6

280 2576 565 2646 Δεσπότης
600 2576 739 2629 κατὰ
781 2577 1015 2646 δύναμιν
1062 2578 1254 2647 μόνην,
1293 2577 1382 2629 διὰ
1431 2577 1487 2630 δὲ
1515 2576 1708 2631 τούτου
1741 2578 1866 2631 κατ’

278 2669 474 2723 οὐσίαν
523 2672 655 2740 ἡμῖν
703 2671 975 2726 κοινωνεῖ.
1048 2671 1112 2723 Ὢ
1167 2670 1449 2739 θαύματος
1512 2670 1700 2741 θαῦμα
1756 2672 1868 2725 πᾶν

284 2764 746 2835 ὑπερδαίνοντοςί
781 2767 851 2819 Ὦ
886 2764 1359 2832 Μετουσιὼσεως
1408 2765 1546 2818 πολὺ
1582 2766 1641 2818 τὸ
1692 2768 1869 2836 παρά-

281 2856 436 2922 δοξον
481 2856 740 2928 ἐχούσης,
772 2858 891 2933 καὶ.
918 2858 1134 2927 χαρίεν.
1164 2861 1277 2919 τοῖς
1330 2860 1396 2927 τῇ
1456 2858 1641 2912 πίστει
1675 2877 1868 2928 πεφω-

278 2948 586 3018 τισμένοις.
623 2949 791 3003 Οὐδὲν
829 2934 926 3018 μὲν
964 2944 1059 3002 οὖν
1112 2950 1229 3001 ἔστι
1284 2949 1548 3019 χαλεπὸν,
1596 2951 1705 3003 οὐδ’
1735 2950 1868 3005 ἀπί-

282 3040 449 3094 θανόν
477 3058 555 3107 τι,
582 3040 684 3112 τὴν
714 3041 943 3112 πρώτην
971 3044 1189 3097 πάντων
1215 3044 1394 3097 αἰτίαν
1425 3044 1597 3095 ποιεῖν
1628 3062 1680 3097 τι
1718 3045 1869 3115 παρὰ

278 3135 383 3206 τὴν
414 3134 844 3203 ὲγκαθεστεῖσαν
890 3135 981 3188 ὑπ’
1012 3136 1180 3189 αὐτοῦ
1212 3139 1327 3198 τοῖς
1367 3137 1659 3205 πράγμασι
1685 3137 1863 3203 τάξιν,

1976 1914 2319 1977 scandalum,
2347 1925 2403 1970 et
2454 1930 2800 1986 quaecunque
2834 1919 2939 1972 alia
2982 1921 3179 1975 talibus
3206 1922 3457 1977 accidere
3497 1926 3567 1979 de

1975 2006 2078 2062 bac
2110 2020 2271 2062 sacra
2308 2022 2497 2062 mensa
2562 2010 2901 2080 proplietans
2954 2012 3121 2068 David
3154 2025 3469 2072 enumerat.
3518 2018 3568 2071 0

1974 2107 2386 2153 sacramentum
2435 2100 2681 2154 omnium
2731 2115 3202 2159 sacramentorum
3246 2110 3558 2162 ειιοταιίεείο

1974 2205 2149 2255 mum,
2171 2200 2226 2246 et
2256 2192 2374 2261 ipso
2409 2191 2759 2262 baptismatis
2783 2206 3137 2261 sacramento
3163 2201 3557 2266 praestantius!

1974 2282 2195 2350 perltoc
2215 2283 2360 2336 enim
2388 2282 2653 2339 Dominus
2705 2288 2865 2342 nobis
2917 2291 3219 2345 secundum
3256 2296 3557 2363 potentiam

1971 2374 2343 2440 solummodo,
2403 2392 2499 2446 per
2548 2378 2692 2435 illud
2742 2381 3043 2435 secundum
3107 2384 3469 2440 substantiam
3501 2402 3563 2442 se

1970 2452 2378 2520 communicat!
2430 2468 2474 2522 0
2525 2470 2850 2525 miraculum
2906 2474 3053 2526 omni
3083 2475 3351 2534 miraculo
3393 2492 3557 2546 supe-

1970 2561 2086 2616 rius
2114 2561 2128 2614 !
2162 2559 2207 2616 0
2235 2560 2909 2618 Transsubstantialionem
2940 2567 3100 2635 plane
3161 2569 3466 2624 mirabilem
3505 2582 3559 2626 rt

1971 2655 2326 2725 stupendam,
2372 2665 2426 2711 et
2462 2656 2530 2710 iis
2556 2657 2647 2726 qui
2686 2656 2789 2711 ﬁde
2819 2665 2949 2712 sunt
2981 2660 3276 2714 illuminati
3309 2663 3559 2733 gratissi-

1972 2746 2155 2801 mam!
2204 2745 2321 2801 Non
2352 2746 2604 2817 equidem
2660 2749 2881 2805 diﬁieile
2934 2763 3015 2805 est
3060 2762 3153 2805 aut
3210 2755 3556 2818 incredibile.

1972 2836 2117 2908 quod
2169 2837 2344 2907 prima
2380 2854 2563 2893 rerum
2619 2843 2864 2895 omnium
2921 2859 3088 2900 eausa
3130 2847 3351 2902 efficere
3398 2851 3561 2919 quid.

1972 2944 2136 2999 quam
2161 2931 2338 3000 possit
2379 2940 2584 3002 praeter
2634 2936 2992 2989 constitutum
3021 2953 3048 2989 a
3084 2942 3262 3009 seipsa
3312 2941 3363 2994 in
3396 2943 3558 2997 rebus

1971 3022 2395 3085 ordinem,eum
2451 3022 2708 3090 voluerit,
2751 3027 2893 3095 quod
2942 3029 3159 3096 quidem
3229 3032 3557 3086 miraculum

1970 3128 2095 3169 esse
2123 3114 2377 3176 dicimus,
2417 3114 2632 3183 quoties
2666 3124 2719 3169 et
2757 3124 2966 3174 natura:
2992 3118 3091 3187 ipsi
3130 3119 3425 3189 aliquando
3448 3126 3558 3176 tale

279 3205 506 3283 ἐπειδάν
532 3227 795 3300 βουληθῇ,
823 3227 850 3281 6
878 3228 934 3282 δὲ
965 3228 1419 3299 θαυματουργίαν
1466 3226 1606 3283 εἶναι
1642 3231 1826 3300 φαμέν
1848 3245 1863 3263 ·

1976 3205 2107 3275 quid
2130 3209 2179 3259 in
2211 3221 2269 3260 se
2301 3207 2415 3272 ipsa
2448 3222 2610 3277 agi-re
2636 3218 2727 3262 aut
2762 3209 2870 3279 pati
2909 3211 3145 3266 accidat.
3175 3212 3367 3270 Omnis
3406 3215 3557 3269 enim

274 3323 417 3378 ὅπου
472 3340 537 3389 γε
571 3324 667 3376 καὶ
718 3324 784 3393 τῇ
841 3320 1003 3390 φύσει
1059 3317 1371 3391 συμϐαίνει,
1408 3325 1502 3375 καὶ
1554 3322 1767 3377 οἴκοθέν
1810 3342 1864 3378 τι

275 3416 521 3471 τοιοῦτον
571 3417 747 3471 ποιεῖν
795 3415 830 3487 ἢ
882 3416 1115 3484 πάσχειν
1168 3416 1318 3476 ὅπως
1369 3417 1525 3469 ποτέ.
1560 3415 1716 3470 Πᾶσα
1755 3417 1864 3488 γάρ

278 3510 558 3581 μεταϐολὴ
592 3515 797 3579 φυσικὴ
830 3510 895 3564 ἄν
946 3527 1005 3561 τε
1040 3509 1293 3578 γέννησις
1318 3503 1377 3583 ᾖ.
1408 3509 1473 3562 ἄν
1516 3527 1577 3562 τε
1610 3506 1861 3581 αὔξησις,

273 3607 343 3663 ἄν
369 3624 431 3659 τε
462 3606 748 3670 ἀλλοίωσις
779 3606 812 3675 ἥ
844 3605 985 3659 κατά
1010 3605 1171 3673 φύσιν
1203 3604 1370 3670 ἐστὶν,
1404 3604 1437 3675 ἦ
1477 3605 1630 3675 παρά
1668 3605 1861 3675 φύσιν,

272 3700 351 3764 ὡς
382 3698 463 3768 τῷ
497 3697 773 3768 φιλοσόφῳ
828 3698 1017 3751 δοκεῖ·
1063 3696 1140 3759 ὡς
1194 3696 1306 3767 ἔχει
1363 3696 1430 3751 τά
1480 3699 1623 3752 κατὰ
1668 3701 1862 3769 καιρδν

272 3792 624 3863 άδρυνόμενα
682 3792 715 3860 ἢ
750 3791 965 3861 ἀώρως.
995 3791 1106 3844 Καὶ
1137 3790 1279 3844 ὥστε
1330 3792 1391 3842 ἐν
1429 3792 1552 3853 ταῖς
1582 3792 1862 3863 κρισίμοις

271 3887 515 3957 ἡμέραις
560 3884 899 3954 ὑγιαζόμενα
949 3884 1059 3936 τῶν
1111 3884 1476 3952 νοσημάτων,
1531 3885 1562 3949 ἢ
1613 3886 1704 3937 καὶ
1755 3884 1861 3955 πρὸ

186 3990 189 3991 ⁷
270 3986 507 4044 τούτων,
538 3980 632 4033 καὶ
686 3980 824 4049 μετὰ
879 3976 1095 4031 ταῦτα*
1127 3971 1203 4030 ὧν
1238 3978 1306 4029 τά
1360 3976 1461 4045 μὲν
1509 3980 1649 4029 κατὰ
1697 3976 1860 4046 φύσιν

269 4074 566 4143 γινόμενα,
592 4071 745 4126 οὐδὲν
793 4072 851 4123 ἐν
879 4072 1014 4139 ἡμῖν
1066 4068 1250 4138 θαῦμα
1301 4070 1467 4132 κινεῖ,
1503 4069 1572 4121 τὰ
1605 4069 1662 4122 δὲ
1709 4068 1861 4138 παρὰ

268 4168 443 4239 φύσιν
486 4167 624 4235 μόνα
672 4163 1034 4232 θαυμάζεται.
1071 4164 1289 4217 Πολλῶν
1316 4163 1373 4215 δὲ
1405 4162 1592 4215 θεόθεν
1638 4163 1860 4231 γινομέ-

267 4280 378 4313 νων
419 4258 513 4313 καὶ
560 4258 977 4328 γεγεννημένων
1015 4255 1339 4323 θαυμάτων,
1384 4253 1547 4308 τοῦτο
1596 4255 1858 4323 μέγιστον

265 4352 539 4422 ἀτεχνῶς.
566 4351 727 4404 Τουτὶ
759 4350 868 4418 γάρ
898 4351 958 4401 τὸ
992 4350 1295 4418 μυστήριον
1315 4345 1674 4416 μεταϐολήν
1720 4361 1859 4399 τινα

264 4442 557 4512 περιέχον
592 4441 810 4507 οὐσίας
846 4441 937 4505 είς
976 4438 1199 4493 οὐσίαν
1228 4440 1286 4491 ὲν
1318 4438 1518 4508 ἀκαρεῖ
1550 4436 1856 4506 γενομένην

262 4537 373 4591 τῶν
428 4533 856 4605 συμὸεὸηκότων
905 4529 1307 4602 ἀμεταϐλήτων
1349 4528 1627 4597 μενόντων
1669 4528 1851 4596 πάσης

1974 3301 2203 3352 mutatio
2241 3300 2532 3367 naturalis,
2568 3302 2682 3355 sive
2705 3301 3007 3369 generatio,
3032 3305 3145 3359 sive
3176 3320 3553 3376 augmentum,

1970 3392 2087 3445 sive
2114 3391 2387 3456 alteratio,
2418 3391 2500 3445 vel
2532 3391 2839 3447 secundum
2876 3401 3130 3448 naturam
3154 3404 3259 3462 est,
3296 3398 3377 3452 vel
3418 3414 3555 3470 prae-

1969 3494 2051 3539 ter
2079 3496 2351 3551 naturam,
2386 3494 2445 3541 ut
2474 3485 2807 3558 philosopho
2866 3488 3085 3545 videtur
3130 3506 3145 3546 :
3188 3496 3467 3563 quomodo
3496 3512 3556 3549 se

1970 3580 2263 3634 habentes
2337 3595 2458 3649 qua:
2515 3590 2667 3635 certo
2736 3583 3002 3653 temporis
3035 3586 3213 3654 spatio
3264 3587 3554 3656 injustam

1968 3673 2400 3743 magnitudinem
2427 3684 2722 3739 crescunt,
2774 3684 2870 3729 aut
2927 3691 3053 3748 qua:
3121 3677 3551 3750 intempestive;

1966 3766 2133 3820 veluti
2189 3766 2353 3820 etiam
2415 3765 2471 3819 in
2530 3766 2739 3824 criticis
2804 3766 3037 3833 diebus,
3083 3770 3304 3841 quidam
3375 3774 3548 3825 tnorlii

1964 3869 2249 3925 sanantur,
2282 3861 2366 3913 vel
2397 3868 2520 3915 ante
2554 3859 2698 3926 illos,
2748 3862 2832 3916 vel
2881 3861 3080 3917 deinde
3114 3880 3127 3916 :
3159 3879 3395 3932 quorum
3427 3882 3551 3935 qua:

1961 3954 2178 4022 quidem
2205 3952 2506 4008 secnndum
2543 3962 2798 4006 naturam
2836 3954 2994 4017 ﬁunt,
3061 3956 3266 4009 nullam
3305 3956 3358 4010 in
3392 3959 3550 4011 nobis

1962 4046 2382 4099 admirationem
2406 4044 2647 4099 excitant
2679 4062 2692 4097 :
2721 4061 2843 4114 quae
2876 4061 3003 4099 vero
3031 4056 3228 4114 prater
3263 4060 3544 4114 naturam,
3580 4086 3581 4089 η

1961 4153 2023 4190 ea
2079 4137 2193 4190 sola
2233 4136 2590 4189 admirationi
2624 4152 2744 4209 esse
2785 4137 2988 4190 solent.
3026 4138 3161 4191 Cum
3213 4154 3343 4192 vero
3379 4141 3549 4194 mira-

1960 4228 2079 4284 cela
2115 4227 2283 4280 multa
2315 4226 2578 4280 divinitus
2603 4226 2755 4293 ﬁant,
2784 4238 2837 4282 et
2867 4243 3031 4298 porro
3065 4228 3209 4284 facta
3242 4233 3376 4299 sint,
3400 4230 3546 4290 istud

1958 4330 2108 4377 certe
2137 4321 2437 4374 maximum
2468 4332 2570 4374 εει.
2610 4319 2721 4375 Hoc
2749 4321 2896 4376 enim
2930 4338 3339 4379 sacramentum
3368 4335 3548 4381 trans-

1960 4414 2304 4468 mutationem
2378 4414 2664 4485 quamdam
2753 4417 3026 4471 continens
3114 4417 3543 4488 substantiwjn

1958 4508 2327 4571 substantiam,
2356 4522 2475 4574 quae
2502 4506 2637 4561 litin
2673 4521 2972 4574 momento,
3022 4510 3402 4566 accidentibus
3429 4529 3545 4567 ma-

268 4600 582 4699 μετασολῆς
632 4600 880 4695 ιρυσικῆς
922 4600 983 4676 τε
1026 4622 1122 4674 καὶ
1167 4619 1319 4692 παρά
1357 4618 1522 4690 φύσιν
1563 4618 1848 4692 ἐξῄρηται.

1968 4601 2215 4656 acntibus
2270 4615 2371 4654 nec
2408 4601 2657 4665 mutatis,
2689 4600 2841 4654 omni
2886 4605 3347 4657 transmutatione
3377 4616 3541 4659 natu-

279 4722 448 4777 ’Λλλὰ
475 4718 573 4774 νῦν
608 4719 707 4781 τάς
755 4713 994 4786 φυσικὰς
1038 4712 1270 4781 ἀφέντες
1314 4709 1643 4782 μεταϐολὰς,
1675 4705 1762 4773 αἷς
1792 4710 1849 4763 αἱ

265 4816 421 4887 παρὰ
465 4814 629 4883 φύσιν
678 4792 1128 4879 ’παραπεπήγασι
1172 4803 1417 4866 σπανίως
1467 4806 1528 4855 ὲν
1566 4804 1631 4874 τῇ
1686 4801 1850 4869 φύσει

263 4910 576 4977 γινόμεναι,
619 4902 739 4966 τὰς·
779 4899 932 4961 θείας
997 4897 1290 4967 σκοπῶμεν
1346 4892 1848 4964 θαυματουργείας.’

276 4995 641 5055 Ἀπαλλάττει
687 4992 789 5064 μὲν
815 4989 910 5045 οὖν
953 4992 981 5044 6
1017 4989 1151 5052 Θεὸς
1186 4986 1427 5058 πυρετοῦ
1480 4987 1571 5040 καὶ
1605 4985 1851 5056 νοσημά-

260 5104 374 5141 των
422 5083 600 5139 ἄλλων
673 5081 846 5153 χωρὶς
905 5076 1177 5148 ἰατρείας,
1236 5074 1428 5145 ὥσπερ
1479 5075 1579 5148 τὴν
1636 5076 1848 5146 Πέτρου

263 5176 564 5248 πενθεράν,
615 5174 709 5227 καὶ
746 5173 839 5225 τὸν
873 5170 1283 5240 ἑκατοντάρχου
1323 5167 1514 5233 παῖδα,
1560 5168 1656 5221 καὶ
1718 5168 1850 5220 πολ-

262 5273 392 5327 λοὺς
443 5268 636 5329 ἄλλους
687 5266 915 5319 ἰάσατο·
976 5264 1072 5315 καὶ
1123 5263 1323 5313 πυκνοῖ
1371 5262 1463 5314 τὸν
1522 5260 1661 5329 ἀέρα
1712 5259 1849 5330 πρὶς

250 5366 449 5425 ὑετὸν,
500 5360 773 5432 μηδεμιᾶς
840 5354 1309 5427 προηγησαμένης
1373 5353 1611 5423 φυσικῆς
1670 5353 1852 5415 αἰτίας

261 5459 375 5511 τῶν
420 5454 669 5522 ὄμϐρων,
700 5450 774 5512 ὡς
812 5447 900 5501 διὰ
944 5444 1036 5498 τοῦ
1091 5442 1348 5516 Σαμουὴλ
1381 5443 1477 5497 καὶ
1516 5440 1614 5497 τοῦ
1664 5442 1850 5494 Ἦλίου

263 5546 537 5616 πεποίηκε
576 5543 867 5613 πρότερον·
905 5537 1020 5591 ἀλλ’
1049 5537 1107 5590 ἐν
1142 5539 1256 5599 τοῖς
1288 5534 1555 5597 τοιούτοις
1583 5534 1720 5587 πᾶσι
1750 5533 1851 5602 τὴν

262 5641 421 5706 τάξιν
450 5637 634 5707 μόνον,
664 5637 759 5687 καὶ
795 5632 888 5685 τὸν
910 5630 1114 5701 τρόπον
1138 5632 1237 5699 τῆς
1270 5628 1485 5703 φύσεως
1522 5626 1850 5696 μεταποιεῖ*

264 5735 418 5788 ποιεῖ
452 5730 509 5784 δὲ
543 5728 781 5799 πρᾶγμα
808 5723 930 5778 καθ’
964 5724 1206 5787 ἑκάστην
1241 5719 1491 5790 γίνεσθαι
1522 5716 1848 5785 δυνάμενον,

265 5830 314 5882 εἱ
344 5825 444 5879 καὶ
477 5822 555 5894 μὴ
586 5818 761 5891 ταύτῃ
800 5820 867 5889 τῇ
910 5815 1037 5886 ὁδῷ,
1076 5814 1245 5868 Πάλιν
1295 5813 1526 5885 νεκροὺς
1560 5810 1848 5881 ἀνίστησιν

266 5918 465 5984 ὥσπερ
530 5914 624 5969 τὸν
680 5909 969 5977 Λάζαρον,
1040 5908 1137 5963 καὶ
1187 5904 1504 5977 ὀφθαλμοὺς
1561 5900 1846 5969 ἀνοίγνυσι

1957 4691 2058 4747 rali
2129 4702 2221 4745 aut
2288 4701 2486 4761 prmtcr
2533 4703 2785 4745 naturam
2846 4693 3004 4761 longe
3046 4700 3393 4761 prasstantius
3436 4708 3540 4749 est.

1956 4785 2064 4841 Sed
2134 4799 2281 4839 nunc
2343 4784 2727 4854 prmtei-ttiissis
2796 4783 3153 4837 naturalium!
3204 4797 3541 4841 transmuta-

1955 4880 2162 4933 tionum
2220 4875 2504 4946 exemplis,
2573 4892 2711 4945 quas
2758 4874 3001 4944 proxime
3070 4889 3377 4946 sequuntur
3436 4880 3541 4936 ill.e

1953 4987 2075 5042 quae
2103 4980 2296 5041 printer
2327 4978 2574 5023 naturam
2634 4969 2795 5032 lium,
2842 4966 2970 5021 licet
3034 4968 3214 5024 rarius
3276 4972 3392 5026 ﬁeri
3448 4990 3541 5029 so-

1951 5063 2080 5125 litzn.
2137 5061 2353 5115 divinas
2394 5059 2803 5113 .miraculornm
2861 5060 3207 5128 operatioues
3282 5066 3542 5119 conside-

1958 5169 2161 5208 remus.
2200 5152 2417 5207 Liberat
2458 5151 2682 5222 quidem
2724 5151 2867 5206 Deus
2902 5167 2930 5205 a
2973 5151 3124 5209 febre
3146 5165 3197 5208 et
3225 5156 3348 5212 aliis
3386 5174 3540 5209 mor-

1954 5246 2042 5301 his
2106 5245 2315 5312 absque
2369 5245 2674 5309 medicina;
2735 5252 2902 5317 atque
2959 5245 3030 5299 ita
3086 5263 3307 5303 socrum
3363 5249 3542 5316 Petri,

1956 5341 2296 5397 centurionis
2329 5353 2561 5408 puerum
2587 5352 2639 5393 et
2665 5340 2870 5395 multos
2902 5341 3037 5397 alios
3063 5342 3280 5395 sanavit
3305 5358 3325 5398 :
3348 5356 3537 5396 aerem

1957 5435 2010 5488 in
2045 5433 2282 5503 pluviam
2312 5431 2641 5497 condensat,
2672 5431 2821 5485 nulla
2872 5448 3048 5503 prtece
3071 5434 3212 5486 lente
3275 5432 3540 5488 imbrium

1956 5540 2121 5581 causa
2157 5524 2416 5585 naturali.
2468 5534 2527 5578 ut
2562 5538 2656 5595 per
2696 5522 3006 5579 Samuelem
3056 5531 3112 5577 et
3153 5521 3358 5575 Heliam
3405 5522 3538 5581 fecit

1956 5618 2294 5689 aliquando;
2327 5617 2421 5672 sed
2470 5616 2525 5670 iu
2562 5614 2819 5669 omnibus
2880 5615 3148 5681 ejusmodi
3203 5613 3540 5686 (miracuLs)

1957 5713 2203 5769 ordinem
2239 5712 2416 5767 solum
2448 5720 2503 5765 et
2552 5707 2776 5763 modum
2817 5717 3024 5762 natura:
3054 5717 3377 5770 commulat.
3414 5726 3533 5765 rem

1957 5818 2087 5860 vero
2146 5803 2337 5864 efficit,
2390 5818 2511 5873 qua:
2550 5801 3022 5872 quotidiepotcst
3069 5803 3209 5870 ﬁeri,
3265 5802 3371 5857 etsi
3419 5820 3536 5859 non

1957 5895 2146 5956 eadem
2172 5898 2281 5954 via.
2314 5894 2517 5953 lterum
2566 5902 2809 5951 mortuos
2871 5896 3165 5952 resuscitat
3187 5888 3328 5952 sicut
3365 5894 3534 5953 Lara-
