3976 6452
430 340 535 401 35)

1492 349 1881 411 GENNADH
1920 351 2027 410 Cl’.
2066 347 2583 410 PATRIARCILﬂ

3595 344 3708 410 360

434 476 579 523 rum,
606 472 659 515 ct
681 464 957 515 caecorum
977 462 1165 517 oculos
1192 463 1391 534 aperit.
1427 465 1487 520 ln
1525 467 1727 522 talibus
1762 468 2001 521 miracu-

2114 469 2354 536 τυφλῶν.
2398 468 2542 520 Ἀλλ’
2583 470 2643 520 ἑν
2685 470 2796 527 τοῖς
2838 465 3105 528 τοιούτοις
3153 464 3413 535 ἐμϐάλλει
3456 466 3556 535 μὲν
3600 466 3705 536 τὴν

434 555 501 607 lis
531 552 772 608 excludit
799 553 1022 623 quidem
1055 564 1267 610 naturae
1292 556 1568 623 ordinem,
1609 575 1715 614 non
1738 568 2009 630 quantum

432 644 499 698 ad
538 659 600 697 ea
628 659 749 713 quae
780 644 939 709 fiunt,
974 645 1067 701 sed
1109 657 1379 715 quantum
1411 650 1479 704 ad
1507 650 1561 705 id
1612 652 1667 706 in
1696 668 1809 722 quo
1849 654 2008 715 fiunt.

432 740 914 805 netnpe'quantum
944 735 1013 790 ad
1038 736 1375 807 subjectum.
1411 738 1595 797 Efficit
1628 743 1776 797 enim
1809 753 1864 798 et
1888 746 2006 814 ipsa

432 842 627 884 natura
659 830 847 894 vitam,
881 830 977 884 sed
1032 845 1140 885 non
1191 832 1245 885 in
1284 841 1504 888 mortuo
1528 844 1635 898 ..ει
1664 835 1760 890 dat
1804 838 2009 903 visum,

432 924 526 977 sed
567 936 674 975 non
711 922 760 975 ei
818 924 911 991 qui
968 923 1137 977 semel
1170 924 1349 979 oculis
1390 924 1618 981 orbatus
1648 936 1752 982 est.
1805 929 2009 984 lterum

431 1014 579 1068 sistit
610 1014 780 1067 solem
817 1028 915 1083 per
946 1012 1137 1068 Iesum
1167 1014 1341 1069 filium
1381 1014 1553 1081 Nave,
1595 1027 1650 1072 et
1684 1032 1886 1089 corpus
1914 1022 2012 1075 ltu-

432 1120 655 1159 tnanum
710 1121 805 1174 per
863 1106 1104 1174 seipsum
1158 1106 1462 1178 glorificat;
1499 1124 1699 1178 corpus
1733 1126 1828 1180 per
1862 1111 2010 1169 aliud

430 1213 632 1266 corpus
670 1204 1018 1251 transmeare
1067 1196 1219 1263 facit,
1273 1214 1399 1268 quae
1462 1201 1683 1270 quidem
1738 1204 1883 1259 inter
1915 1204 2010 1262 Dei

433 1288 694 1343 miracula
725 1289 1026 1345 maximum
1061 1299 1117 1344 et
1182 1291 1522 1361 praecipuum
1563 1293 1743 1349 locum
1782 1286 2007 1364 habent,

431 1378 569 1432 adeo
627 1386 685 1431 ut
720 1379 870 1432 nullo
931 1380 1156 1435 modoa
1212 1388 1411 1434 natura
1473 1382 1701 1451 produci
1755 1388 2009 1453 possint:

431 1470 527 1526 sed
564 1472 679 1525 haec
703 1471 867 1525 etiam
893 1480 1117 1541 superat
1148 1472 1493 1542 propositum
1518 1474 1867 1531 miraculum.
1894 1479 2012 1535 illic

431 1560 576 1615 enim
611 1560 961 1616 solummodo
1008 1564 1178 1617 solem
1210 1563 1389 1631 sistit,
1421 1565 1519 1620 sed
1563 1581 1671 1621 non
1691 1569 1861 1623 simul
1892 1586 2006 1626 mo-

433 1654 545 1708 veri
569 1669 788 1724 quoque
853 1671 978 1709 eum
1037 1656 1195 1722 facit,
1250 1672 1429 1728 neque
1455 1657 1619 1715 simul
1653 1676 1775 1717 esse
1814 1673 2006 1718 etnon

429 1757 583 1809 esse;
615 1743 703 1798 hic
721 1758 849 1799 vero
867 1744 995 1800 facit
1009 1746 1228 1817 quidem
1253 1763 1468 1817 panem,
1486 1749 1581 1805 sed
1601 1759 1654 1805 et
1674 1766 1871 1822 corpus
1886 1753 2009 1810 abs-

430 1847 535 1900 que
579 1834 1034 1901 convenicntibus
1055 1833 1157 1905 ipsi
1178 1836 1581 1904 accidentibus,
1603 1849 1659 1894 et
1681 1841 1841 1911 panis
1856 1844 2001 1898 acci-
2036 1837 2082 1896 Β

430 1922 617 1977 dentia
643 1923 854 1995 absque
890 1926 1248 1982 conveniente
1291 1928 1426 1998 ipsis
1441 1930 1749 1986 substantia
1780 1947 2005 1989 conser-

434 2021 546 2077 vat,
574 2023 630 2069 et
650 2015 1014 2070 substantiam
1052 2016 1175 2071 aliis
1214 2018 1595 2075 accidentibus
1633 2024 2003 2093 congenitam,

430 2104 715 2173 conjuugit
754 2121 875 2161 cum
902 2106 1281 2164 accidentibus
1316 2110 1477 2165 alteri
1501 2113 1826 2171 substantiae
1874 2132 2006 2175 con-

429 2195 774 2265 gruentihus.
805 2195 848 2250 Ο
869 2198 1163 2253 maximum
1179 2201 1503 2256 miraculum
1521 2212 1576 2257 et
1588 2207 1735 2261 omni
1754 2224 2007 2266 sermone

430 2287 724 2355 superius!
765 2289 960 2342 iterum
1020 2289 1224 2346 dicam.
1288 2292 1394 2347 Sed
1428 2296 1658 2349 alterum
1705 2301 1848 2368 quod
1879 2301 2009 2359 huic

429 2393 766 2447 comparem,
831 2380 1159 2435 miraculum
1216 2383 1436 2452 habeo,
1493 2389 1638 2458 quod
1711 2391 2006 2449 ltumauam

430 2481 680 2522 naturam
711 2470 858 2524 Deus
883 2470 1082 2526 divina:
1108 2488 1358 2543 persona:
1389 2476 1697 2547 conjunxit,
1730 2496 1839 2536 non
1865 2485 2009 2539 sicut

429 2562 625 2616 auium
698 2577 897 2632 corpus
958 2564 1265 2634 conjungit,
1317 2576 1550 2639 utroque
1602 2573 1830 2628 seorsim
1885 2591 2007 2646 pro-

431 2669 607 2721 prium
651 2669 849 2709 nomen
888 2656 1178 2712 retinente.
1237 2657 1427 2729 Neque
1481 2662 1628 2719 enim
1663 2666 1845 2721 anima
1878 2683 2006 2723 cor-

429 2762 553 2815 pus,
580 2756 675 2800 aut
701 2763 902 2819 corpus
937 2750 1117 2803 anima
1162 2751 1399 2819 dicitur,
1436 2756 1531 2810 sed
1561 2755 1636 2810 ita
1684 2758 1801 2813 unit
1827 2759 2006 2830 (natu-

428 2853 516 2892 ras
539 2837 699 2908 duas)
731 2840 1114 2908 personaliter,
1165 2854 1222 2897 ut
1257 2842 1402 2900 Deus
1433 2845 1599 2902 homo
1625 2849 1732 2915 sit,
1758 2860 1809 2904 et
1843 2853 2007 2907 homo

427 2931 587 2988 Deus.
625 2930 825 2987 Verum
848 2934 966 2988 isto
1018 2934 1329 2992 mirabilius
1362 2946 1414 2992 et
1449 2939 1582 2993 illud
1639 2943 2003 3010 mysterium:

425 3026 512 3078 hic
540 3024 687 3080 enim
713 3034 903 3081 neutra
930 3027 986 3081 in
1022 3028 1247 3083 alteram
1286 3039 1624 3087 tansmutata
1662 3047 1855 3092 natura
1880 3037 2004 3103 fuit,

422 3116 515 3170 sed
544 3117 599 3170 in
625 3117 829 3172 Cltristi
857 3132 1112 3187 persona,
1154 3130 1209 3174 et
1242 3121 1503 3178 divinitas
1540 3135 1594 3180 et
1624 3125 1866 3183 humana
1909 3144 2006 3183 na-

2113 560 2213 630 τῆς
2240 560 2456 629 φύσεως
2484 558 2658 625 τάξιν,
2685 557 2801 610 ἀλλ’
2831 559 2931 627 οὑχ
2959 559 3085 610 ὅσον
3117 556 3255 625 πρὸς
3284 556 3355 611 τὰ
3397 557 3687 626 γινόμενα,

2110 652 2236 704 ὅσον
2276 648 2332 702 δὲ
2375 649 2512 719 πρὸς
2544 650 2605 700 τὸ
2644 649 2703 700 ὲν
2744 642 2788 715 ᾧ
2819 646 2996 701 ταῦτα
3028 648 3242 715 γίνεται
3280 648 3421 717 πρὸς
3462 649 3525 701 τὸ
3566 650 3702 701 ὐπο-

2111 741 2365 811 κείμενον
2397 740 2622 811 δηλαδή.
2652 740 2808 793 Ποιεῖ
2831 739 2941 808 γάρ
2973 742 3069 792 καὶ
3102 741 3135 809 ἡ
3168 739 3331 807 φύσις
3356 739 3497 808 αὑτὴ
3527 739 3695 806 ζωὴν,

2112 834 2231 889 ἀλλ’
2256 835 2356 887 οὑκ
2393 833 2450 887 ὲν
2477 832 2555 901 τῷ
2586 831 2787 904 νεκρῷ,
2821 832 2915 885 καὶ
2943 830 3159 884 δίδωσιν
3185 830 3332 901 ww,
3370 828 3487 884 ἀλλ’
3526 831 3586 882 οὑ
3619 830 3699 898 τῷ

2112 929 2371 992 καθάπαξ
2450 928 2839 998 πεπηρωμένῳ
2924 925 3050 988 τοὺς
3114 924 3452 995 ὀφθαλμούς.
3526 926 3698 978 Πάλιν

2113 1021 2329 1089 ἵστησιν
2358 1020 2508 1090 ἣλιον
2540 1019 2627 1073 διὰ
2679 1016 2858 1087 Ἰησοῦ
2889 1016 2984 1071 τοῦ
3035 1017 3195 1087 Ναυῆ
3220 1032 3235 1047 ⁸
3270 1017 3366 1071 καὶ
3391 1018 3453 1070 τὸ
3483 1016 3698 1087 ἀνθρὼ-

2112 1130 2267 1167 πινον
2330 1113 2493 1182 σῶμα
2545 1111 2759 1177 δοξάζει
2815 1111 2884 1164 δι’
2943 1109 3166 1176 ἑαυτοῦ,
3221 1110 3319 1162 καὶ
3380 1108 3544 1176 σῶμα
3605 1109 3698 1163 δά.

2114 1206 2366 1276 σώματος
2415 1205 2609 1274 διιέναι
2638 1207 2806 1271 ποιεῖ,
2848 1204 2885 1259 ά
2921 1204 2987 1275 δὴ
3026 1204 3127 1272 τὴν
3163 1205 3436 1272 μεγίστην
3478 1204 3536 1256 ιν
3578 1207 3694 1267 τοῖς

2111 1299 2208 1354 τοῦ
2256 1298 2394 1353 θεοῦ
2439 1297 2777 1369 θαυμασίοις
2815 1298 2971 1364 τάξιν
3012 1296 3328 1366 ἐπέχουσιν,
3381 1294 3459 1358 ὡς
3502 1292 3694 1349 οὑδένα

2110 1393 2311 1464 τρόπον
2344 1394 2447 1447 ὑπὸ
2487 1391 2587 1462 τῆς
2637 1391 2854 1460 φύσεως
2880 1390 3157 1459 δυνάμενα
3214 1388 3482 1457 γίνεσθαι.
3530 1388 3692 1440 ’Δὶλά

2112 1489 2206 1540 καὶ
2256 1484 2460 1541 τούτων
2518 1483 2845 1553 ὑπέρκειται
2910 1484 2973 1536 τὸ
3039 1482 3410 1551 προκείμενον
3480 1480 3717 1549 θαῦμα.,

2114 1578 2326 1647 Ἰστησι
2372 1562 2484 1649 γὰρ
2544 1575 2707 1645 μόνον
2761 1576 2880 1628 ἐκεῖ
2914 1575 3007 1628 τὸν
3060 1575 3236 1643 ἥλιον,
3266 1571 3383 1627 ἀλλ’
3428 1572 3529 1643 οὑχ
3574 1573 3692 1642 ἅμα

2113 1674 2208 1727 καὶ
2254 1671 2524 1725 κινεῖσθαι
2575 1670 2669 1724 τὸν
2710 1670 2873 1725 αὑτὸν
2907 1671 3075 1731 ποιεῖ,
3109 1668 3217 1722 οὐδ’
3258 1669 3375 1737 ἅμα
3418 1660 3559 1720 εἶναί
3606 1684 3689 1729 τε,

2113 1764 2210 1817 καὶ
2260 1762 2334 1832 μὴ
2358 1759 2518 1818 εἶναι.
2560 1760 2826 1816 Ἐνταῦθα
2866 1761 2923 1815 δὲ
2959 1762 3104 1814 ποιεῖ
3152 1760 3254 1829 μὶν
3286 1760 3447 1829 σῶμα
3475 1760 3565 1813 τὸν
3595 1760 3694 1829 dp-

2109 1871 2220 1919 τον,
2254 1854 2391 1908 ἀλλά
2442 1855 2536 1907 καὶ
2584 1854 2644 1907 τδ
2678 1853 2838 1916 σῶμα
2901 1855 3071 1923 χωρὶς
3109 1854 3218 1906 τῶν
3252 1854 3406 1923 αὑτῷ
3452 1852 3693 1921 πρεπόν-

2111 1966 2220 2002 των
2254 1947 2702 2018 συμϐεϐηκότων,
2733 1949 2828 2001 καὶ
2861 1948 2930 2002 τά
2959 1945 3057 2001 τοῦ
3086 1948 3255 2016 ἄρτου
3290 1946 3681 2016 συμϐεϐηκότι

2111 2038 2278 2107 χωρὶς
2319 2037 2419 2105 τῆς
2465 2036 2648 2100 αὑτοῖς
2705 2037 3027 2106 πρεπούσης
3078 2037 3268 2100 ούσίας
3312 2036 3692 2105 διαφυλάττει,

2111 2129 2207 2183 καὶ
2272 2129 2465 2181 οὐσίαν
2543 2129 2724 2190 ἄλλοις
2800 2128 3180 2197 συμϐεϐηκόσι
3259 2130 3688 2197 συμπεφυκυῖαν

2112 2216 2373 2269 συνάπτει
2423 2217 2564 2285 μετὰ
2616 2215 3049 2288 συμϐεϐηκότων
3102 2218 3242 2292 άλλῃ
3294 2220 3692 2290 προσηκόντων

2109 2308 2290 2378 οὐσίᾳ.
2344 2308 2409 2361 Ὠ
2473 2308 2731 2377 μεγίστου
2785 2307 3085 2380 θαύματος,
3151 2312 3243 2363 καὶ
3304 2311 3483 2365 πάντα
3533 2311 3694 2379 λόγον

2110 2400 2367 2462 νικῶντος
2395 2401 2407 2453 ί
2439 2396 2595 2463 αὖθις
2623 2400 2756 2470 ἐρῶ.
2799 2400 2942 2454 Ἀλλ’
2983 2401 3092 2471 ἔχω
3127 2402 3303 2473 τούτῳ
3334 2400 3410 2473 τῷ
3449 2403 3693 2473 θαύματι

2112 2489 2453 2561 παραλαϐεῖν
2485 2490 2697 2564 ἕτερον,
2726 2491 2810 2545 δτι
2860 2492 2962 2562 τὴν
3008 2493 3263 2564 ἀνδρείαν
3306 2494 3470 2563 φύσιν
3501 2498 3530 2548 δ
3558 2496 3695 2558 Θεὸς

2110 2582 2187 2652 τῷ
2218 2584 2349 2653 θείῳ
2398 2561 2603 2655 συνῆψε
2630 2561 2945 2656 ⁵προσιὶνιτφ,
2983 2585 3082 2656 οὑχ
3113 2561 3329 2656 *ὥσπερ
3352 2590 3417 2658 τῇ
3452 2587 3602 2659 ψυχῇ
3634 2589 3695 2640 τὸ

2112 2675 2271 2745 σῶμα
2319 2680 2602 2744 συνάπτει,
2632 2679 2896 2749 ἑκατέρου
2945 2678 3025 2749 τῷ
3084 2680 3200 2749 ίδίῳ
3251 2681 3415 2751 μόνον
3463 2683 3686 2751 ὀνόματι

2110 2769 2471 2841 καλουμένου.
2501 2769 2640 2824 Οῠτε
2669 2771 2780 2843 γάρ
2805 2773 2837 2841 ἡ
2862 2771 3011 2844 ψυχὴ
3048 2773 3230 2842 σῶμα,
3258 2773 3383 2827 οὔτε
3425 2774 3487 2827 τὺ
3527 2775 3689 2842 σῶμα

2108 2862 2257 2934 ψυχή
2292 2865 2509 2933 λέγεται
2535 2883 2548 2897 ο
2588 2866 2703 2919 ἀλλ’
2753 2863 2927 2929 οὕτως
2974 2869 3087 2920 ἑνοῖ
3120 2868 3515 2939 προσωπικῶς,
3546 2869 3689 2923 ὥστε

2109 2960 2199 3012 τὸν
2234 2958 2367 3013 Θεὸν
2412 2958 2702 3026 ἄνθρωπον
2758 2956 2920 3023 εἶναι,
2954 2961 3049 3013 καὶ
3085 2961 3216 3014 Θεὸν
3269 2962 3540 3032 ὑπάρχειν
3597 2962 3690 3013 τὸν

2110 3052 2416 3120 ἄνθρωπον.
2462 3051 2624 3105 Ἀλλά
2653 3053 2748 3104 καὶ
2778 3052 2970 3106 τούτου
3002 3054 3449 3125 θαυμαστότεράν
3480 3056 3600 3107 ἐστι
3627 3055 3687 3107 τὸ

2112 3145 2435 3215 μυστήριον.
2484 3145 2637 3200 Ἑκεῖ
2676 3147 2774 3216 μὲν
2800 3147 2908 3215 γάρ
2936 3147 3194 3218 οὐδετέρα
3230 3148 3365 3218 πρδς
3408 3148 3510 3217 τὴν
3565 3148 3687 3199 ὲτέ-

424 3219 543 3261 tura
589 3208 880 3264 inconfuse
917 3210 1289 3279 reperiuntur.
1342 3214 1457 3269 Illic
1504 3230 1632 3271 vero
1659 3228 1910 3274 creatura
1947 3223 2000 3277 in

2113 3207 2211 3304 ραν
2244 3207 2647 3307 μεταϐέϐληται
2676 3207 2893 3305 ’φύσινί
2930 3236 3047 3289 ἀλλ’
3096 3207 3154 3289 ἐν
3202 3207 3288 3306 τῷ.
3319 3207 3413 3291 τοῦ
3445 3207 3686 3307 ὶίριστοῦ

420 3302 735 3355 Creatorem
793 3303 1224 3359 transformatur
1296 3308 1569 3364 mediante
1626 3325 1892 3381 corpore,
1949 3323 2005 3371 et

424 3393 810 3461 prreexsistens
857 3395 1011 3463 panis
1041 3396 1349 3451 substantia
1393 3414 1594 3468 corpus
1646 3400 1739 3456 Dei
1766 3404 1844 3469 fit,
1875 3405 2002 3460 dum

420 3498 622 3555 corpus
651 3484 857 3540 Christi
907 3485 1165 3545 efficitur.
1218 3488 1509 3544 Maximum
1546 3492 1763 3561 quidem
1813 3511 2001 3551 revera

420 3576 666 3631 omnium
724 3577 817 3633 Dei
872 3578 1208 3634 ntirabilium
1266 3593 1349 3637 cst
1388 3599 1451 3635 ex
1514 3584 1598 3638 bis
1660 3590 2001 3653 argumentis

421 3668 579 3738 panis
624 3668 679 3723 iu
742 3684 944 3739 corpus
1012 3671 1358 3727 Dominicum
1419 3673 1999 3745 Tramsubstautiatio,

404 3758 516 3813 sed
593 3775 717 3827 qua:
777 3769 1104 3830 potestatem
1168 3762 1410 3817 divinam
1464 3766 1833 3822 consideranti
1894 3786 1999 3825 non

418 3850 777 3920 impossibilis
816 3851 1187 3920 {iudicabitun
1251 3853 1435 3926 Neque
1493 3857 1639 3912 enim
1685 3860 2001 3917 existimare

413 3951 627 4013 oportet
676 3956 876 4014 praeter
904 3948 1214 4003 naturalem
1282 3966 1464 4004 rerum
1521 3952 1771 4008 ordinem
1816 3953 1997 4010 facere

417 4037 554 4090 nihil
590 4052 748 4107 posse
779 4038 970 4102 Deum.
1007 4040 1095 4094 cui
1125 4038 1193 4095 et‘
1212 4051 1407 4097 natura
1439 4053 1496 4098 et
1522 4045 1657 4099 ordo
1686 4038 1996 4116 subjiciun-

415 4139 501 4183 tnr
547 4144 565 4183 :
619 4130 786 4184 multo
843 4132 1019 4203 magis
1089 4147 1211 4187 cum
1263 4142 1317 4188 ct
1376 4136 1552 4205 ipsam
1612 4149 1862 4194 naturam
1919 4141 1995 4194 vi-

413 4221 542 4272 dere
568 4218 728 4273 liceat
747 4236 878 4273 suos
902 4222 1171 4277 terminos
1204 4224 1498 4294 aliquando
1545 4231 1996 4300 pratergredieu-

415 4320 543 4364 tem.
584 4307 772 4379 Neque
834 4324 1050 4380 oportet
1102 4316 1493 4372 miraculorum
1547 4323 1792 4390 quaedam
1834 4327 1993 4394 quasi

414 4401 591 4456 facilia
620 4411 674 4455 ct
698 4404 856 4457 obvia
891 4404 1000 4458 Deo
1045 4409 1380 4471 concedere,
1416 4409 1484 4464 ad
1527 4413 1732 4480 majora
1775 4431 1901 4469 vero
1938 4426 1995 4471 et

412 4494 722 4547 difficiliora
769 4495 1151 4565 impotentiam
1189 4500 1465 4555 ascribere
1494 4503 1542 4556 ei
1596 4505 1687 4573 qui
1722 4505 1990 4561 infinitam

412 4592 731 4653 ιιτιιυειιιιοιιι
771 4587 956 4650 habet,
1020 4602 1119 4641 nec
1174 4588 1295 4643 aliis
1324 4605 1488 4659 quam
1550 4593 1846 4649 voluntatis
1880 4614 1991 4654 sum

410 4677 658 4730 terminis
692 4677 1193 4748 circumscriptam.
1240 4677 1294 4733 Si
1325 4681 1472 4734 enim
1504 4691 1715 4738 naturae
1744 4688 1994 4743 ordinem

411 4760 803 4838 transgreditur
823 4783 1079 4840 tauquam
1107 4774 1360 4842 superior
1378 4774 1637 4829 omnibus
1680 4792 1870 4843 causa,
1916 4797 2001 4834 se-

409 4861 651 4913 cundunt
676 4861 1045 4930 subjectornm
1090 4864 1484 4926 diversitatem.
1510 4882 1610 4919 cur
1631 4878 1807 4922 nourt
1828 4871 1879 4924 iu
1910 4889 1999 4925 ea-

409 4952 531 5005 dem
556 4967 614 5005 re
635 4957 905 5022 eumdem,
931 4956 977 5008 si
1002 4957 1249 5023 voluerit,
1272 4959 1518 5013 ordinem
1543 4963 1999 5029 transgredietnr?

409 5040 465 5093 Si
486 5055 647 5109 porro
660 5057 766 5095 non
788 5045 953 5097 servit
970 5047 1147 5100 ordini
1164 5057 1371 5103 natura:
1389 5051 1479 5116 qui
1498 5052 1744 5106 conditor
1760 5054 1878 5120 ejus
1891 5065 1996 5118 est,

405 5149 506 5186 cur
538 5147 646 5185 non
680 5141 733 5186 et
766 5143 1012 5188 naturam
1042 5137 1211 5205 ipsam
1261 5143 1650 5198 transtnutabit
1679 5147 1822 5200 sicut
1878 5146 1996 5215 ipse

408 5224 677 5277 voluerit?
710 5223 775 5280 Ut
804 5228 949 5279 enim
984 5240 1182 5284 creati:
1231 5231 1391 5285 alicui
1421 5236 1674 5302 potentiae
1708 5238 1992 5305 miracula,

404 5318 571 5370 etiam
606 5317 698 5371 illa
730 5320 997 5388 postremi
1024 5322 1260 5389 generis,
1300 5326 1523 5380 omnino
1574 5339 1703 5383 sunt
1742 5330 1991 5400 impossi-

405 5410 533 5462 bilia
560 5451 575 5473 ,
610 5410 681 5463 ita
718 5412 975 5480 potentias
1004 5412 1235 5468 infinitae
1268 5416 1683 5487 amplitudinem
1716 5424 1988 5491 sequitur,

403 5510 461 5555 ut
499 5516 628 5557 cum
669 5502 931 5567 voluerit,
999 5505 1299 5562 maximum
1357 5510 1615 5581 quodque
1666 5514 1985 5569 mirandum

401 5592 688 5660 dvsiguare
710 5603 764 5649 et
786 5596 1002 5652 efficere
1025 5609 1211 5667 queat,
1238 5610 1292 5655 et
1321 5602 1465 5671 quod
1492 5603 1556 5656 ad
1582 5604 1784 5658 nullam
1815 5608 1986 5659 subli-

404 5686 645 5737 mitatem
692 5688 849 5755 quasi
896 5690 1155 5757 impedita
1213 5691 1469 5749 desistat.
1516 5695 1806 5762 Quomodo
1857 5716 1983 5751 vero

402 5774 625 5841 difﬁcile
652 5796 771 5834 esse
810 5782 984 5852 possit
1018 5784 1068 5841 ei
1109 5787 1201 5857 qui
1230 5790 1423 5845 omnia
1457 5793 1763 5859 constitui,
1815 5811 1846 5865 ιι
1869 5796 1981 5848 stti-

388 5931 421 5941 κ,

2107 3326 2407 3399 προσώπῳ,
2445 3328 2537 3380 καὶ⁸
2583 3328 2617 3397 ἡ
2673 3328 2886 3395 θεότης,
2920 3330 3015 3381 καὶ
3073 3330 3106 3399 ἡ
3166 3330 3486 3399 ἀνθρωπίνη
3520 3331 3689 3399 φύσις

2104 3416 2426 3487 άσυγχύτως
2460 3419 2629 3473 ἐστίν.
2669 3418 2939 3473 Ἐνταῦθα
2968 3421 3024 3475 δὲ
3064 3421 3124 3474 τὸ
3174 3422 3380 3492 κτίσμα
3421 3424 3560 3493 προς
3593 3423 3683 3475 τὸν

2105 3512 2334 3580 κτίστην
2376 3511 2768 3581 μεταποιοῦται
2798 3512 2886 3566 διά
2933 3515 3101 3583 μέσου
3141 3514 3235 3568 τοῦ
3290 3514 3568 3583 σώματος,
3595 3520 3689 3571 καὶ

2106 3604 2138 3673 ἡ
2170 3608 2620 3677 προὺφεστηκυῖα
2640 3606 2734 3662 τοῦ
2767 3608 2938 3679 άρτυυ
2966 3609 3124 3664 οὑσία
3160 3612 3321 3681 σῶμα
3361 3611 3501 3665 Θεοῦ
3533 3613 3683 3681 γίνε-

2102 3714 2213 3761 ται,
2240 3702 2527 3769 γινόμενον
2582 3701 2760 3770 σῶμα.
2792 3702 2994 3766 Μεῖζον
3051 3704 3150 3772 μὲν
3188 3703 3254 3775 δὴ
3310 3709 3533 3759 πάντων
3574 3708 3684 3760 τῶν

2104 3790 2264 3845 θείων
2294 3790 2592 3860 θαυμάτων
2616 3793 2691 3855 ὡς
2725 3793 2945 3863 άληθῶς
2970 3795 3059 3848 διὰ
3082 3794 3279 3861 ταῦτα,
3311 3798 3342 3869 ἡ
3382 3798 3478 3851 τοῦ
3514 3800 3681 3871 ἄρτου

2102 3885 2237 3952 πρὸς
2264 3883 2322 3937 re
2351 3885 2509 3954 σῶμα
2536 3885 2597 3939 τὸ
2624 3887 2944 3941 δεσποτικδν
2970 3891 3406 3959 Μετουσίωσις,
3434 3893 3555 3947 ἀλλ’
3584 3898 3683 3948 οὑκ

2099 3976 2357 4041 ἀδύνατος
2395 3976 2472 4048 τῷ
2500 3980 2635 4047 πρὸς
2663 3979 2758 4048 τὴν
2787 3979 2939 4032 θείαν
2970 3981 3223 4052 βλέποντι
3256 3984 3512 4054 δύναμιν.
3542 3988 3681 4042 Οὑτε

2101 4070 2208 4137 γάρ
2248 4070 2327 4121 δεῖ
2373 4070 2464 4122 τὸν
2504 4071 2639 4123 Θεὸν
2683 4072 2938 4141 ἡγεῖσθαι
2973 4074 3340 4147 μὴδύνασθαι
3382 4082 3538 4149 παρὰ
3583 4084 3681 4149 τὴν

2101 4161 2267 4226 φύσιν
2308 4164 2401 4215 καὶ
2444 4162 2553 4215 τῶν
2596 4162 2766 4216 ὄντων
2798 4164 2953 4232 τάξιν
2986 4168 3183 4232 ποιεῖν,
3213 4164 3257 4237 ᾧ
3310 4172 3405 4224 καὶ
3448 4177 3482 4245 ἡ
3518 4174 3679 4242 φύσις

2098 4259 2194 4308 καὶ
2223 4257 2255 4327 ὴ
2281 4255 2436 4321 τάξις
2465 4256 2776 4324 ὑπόκειται,
2814 4261 2911 4312 καὶ⁵
2940 4259 3120 4331 πολλῷ
3154 4265 3357 4334 μᾶλλον
3395 4256 3530 4321 ὅπου
3585 4273 3676 4323 καὶ

2096 4349 2195 4418 τὴν
2229 4351 2393 4417 φύσιν
2423 4349 2593 4419 αὐτὴν
2624 4350 2771 4404 ἔστιν
2826 4352 2954 4406 ίδετν
2999 4354 3109 4408 τῶν
3159 4357 3361 4429 ἑαυτῆς
3390 4361 3535 4431 ὅρων
3567 4365 3675 4430 ἐξι-

2099 4444 2375 4513 σταμένην
2434 4444 2585 4497 ποτέ.
2628 4442 2767 4496 Ούτε
2822 4445 2891 4498 τά
2948 4446 3048 4517 μὲν
3095 4446 3173 4512 ὡς
3237 4452 3506 4523 πρόχειρα
3566 4458 3676 4510 τῶν

2025 4564 2069 4620 D
2098 4534 2391 4602 θαυμάτων
2417 4533 2498 4587 δεῖ
2525 4534 2601 4603 τῷ
2631 4534 2751 4604 Θεῴ
2775 4537 3102 4607 συγχωρεῖν,
3138 4539 3274 4609 πρὸς
3308 4542 3364 4594 δὲ
3392 4543 3461 4596 τά
3500 4546 3674 4613 μείζω

2104 4626 2197 4677 καὶ
2223 4626 2623 4695 δυσχερέστερα
2657 4630 3044 4693 καταδικάζειν
3090 4631 3393 4702 ἀδυναμίαν
3439 4637 3535 4691 τοῦ
3581 4641 3672 4692 δύ-

2102 4732 2266 4785 ναμιν
2310 4717 2535 4786 ἄπειρον
2590 4717 2827 4788 ἔχοντος,
2868 4722 2970 4773 καὶ
3012 4722 3294 4793 σύστοιχον
3324 4730 3393 4796 τῇ
3428 4727 3667 4801 θελήσει.

2102 4808 2164 4861 El
2195 4808 2299 4877 γάρ
2328 4810 2425 4878 τὴν
2448 4808 2599 4874 τάξιν
2630 4809 3062 4882 ὑπερϐαίνειτῆς
3086 4813 3299 4881 φύσεως
3320 4816 3395 4879 ὡς
3418 4820 3670 4891 ὑπερκεῖ-

2105 4915 2266 4964 μενον
2306 4902 2524 4953 πάντων
2567 4900 2743 4955 αἴτιον
2790 4902 2849 4953 ἐν
2883 4905 2947 4973 τῇ
2992 4904 3099 4956 τῶν
3142 4906 3519 4978 ὑποκειμένων
3552 4914 3668 4967 δια⁴

2101 4994 2265 5062 φορᾷ,
2320 4995 2371 5046 τί
2431 4996 2507 5063 μὴ
2551 4997 2646 5047 καὶ
2691 4997 2750 5047 ὲν
2792 4995 2871 5066 τῷ
2938 4998 3088 5067 αὑτῷ
3139 5002 3424 5071 πράγματι
3468 5007 3670 5071 ταύτην

2102 5084 2382 5153 βουληθεὶς
2423 5086 2828 5156 ὑπερϐήσεταις
2859 5090 2919 5141 Εἰ
2953 5091 3009 5143 δὲ
3042 5094 3118 5161 μὴ
3147 5093 3390 5149 δουλεύει
3419 5099 3484 5167 τῇ
3517 5100 3666 5164 τάξει

2096 5176 2194 5245 τῆς
2226 5177 2441 5244 φύσεως
2487 5176 2821 5247 δημιουργὸς
2868 5183 3038 5252 αὑτῆς
3067 5183 3165 5249 ὢν,
3199 5187 3253 5239 τί
3306 5188 3382 5258 μὴ
3433 5193 3527 5241 και
3573 5196 3667 5256 τὴν

2098 5270 2260 5338 φύσιν
2317 5273 2487 5343 αὑτὴν
2545 5280 2971 5345 μεταποιήσειεν
3026 5279 3102 5342 ὡς
3154 5280 3221 5333 ἂν
3270 5282 3432 5345 αὑτὸς
3470 5284 3666 5353 βουλη-

2096 5360 2248 5432 θείης
2286 5364 2497 5433 Ὦσπ;ρ
2524 5367 2632 5437 γάρ
2664 5371 2858 5438 κτιστῇ
2892 5387 2995 5423 τινι
3034 5371 3290 5441 δυνάμει,
3322 5376 3415 5427 καὶ
3458 5378 3530 5428 τά
3559 5377 3667 5429 τῶν

2094 5457 2389 5521 θαυμάτων
2414 5456 2618 5525 ἔσχατα
2649 5463 2715 5528 τῇ
2756 5462 2908 5524 τάξει
2955 5463 3210 5535 καθάπερ
3246 5467 3661 5538 ἀνεπιχείρητα,

2091 5546 2235 5599 οὕτω
2262 5552 2327 5618 τῇ
2358 5548 2650 5623 περτὸυσίᾳ
2674 5556 2943 5623 προσήκει
2976 5557 3069 5625 τῆς
3103 5559 3330 5628 ἀπείρο)
3356 5560 3661 5625 δυνάμεως,

2089 5639 2310 5690 ἐπειδάν
2379 5639 2614 5714 βουληθῇ
2673 5646 2859 5711 μεῖζον
2919 5647 3005 5698 ἀεὶ
3074 5650 3321 5717 μείζονος
3379 5652 3661 5721 θαύματος

2088 5735 2324 5786 ἐπινοεῖν
2356 5737 2449 5786 καὶ
2489 5740 2683 5800 ποιεῖν,
2723 5741 2817 5791 καὶ
2855 5741 2990 5812 πρὸς
3040 5744 3302 5813 οὐδεμίαν
3351 5747 3663 5817 ὑπερεθιὴν

2091 5827 2209 5877 ista.
2251 5826 2357 5878 θαι.
2397 5827 2461 5880 Τί
2507 5828 2552 5879 δ’
2587 5828 2652 5883 ἂν
2709 5830 2793 5901 εἴη
2848 5834 2950 5902 χαλ
2988 5836 3086 5888 πδν
3141 5836 3217 5907 τῷ
3254 5838 3375 5891 τόδε
3435 5840 3495 5896 to
3548 5844 3657 5897 τᾶν
