3976 6452
256 251 360 315 361

1259 254 1445 315 ῙῘΟΜ.
1493 254 1587 313 DE
1623 251 1948 313 SACBAM.
1990 253 2334 312 C(‘Rl‘ORE
2373 255 2406 312 J
2456 255 2519 312 (ἲ.

3406 256 3514 319 3ὓὲ

257 362 713 432 ὑποστησαμένῳ,
754 365 847 416 καὶ
902 365 1136 434 μερικήν
1184 382 1307 417 τινα
1348 365 1629 419 διαθέσθαι
1665 365 1816 432 φύσικ.

1934 364 2175 419 cularem
2216 365 2511 433 quamdam
2559 375 2807 418 naturam
2872 367 3165 435 disponere
3236 377 3295 421 ut
3345 357 3514 422 γι·Ιὸιῖ

251 455 327 521 ὡς
356 454 648 527 βούλεταις
700 457 801 509 Διὰ
832 457 993 509 τοῦτο
1036 457 1155 509 λύει
1188 457 1289 525 μὲν
1338 458 1367 509 ό
1413 457 1545 521 Θεὸς
1597 460 1835 527 πυρετὸν

256 546 468 619 ἰατρείᾳ
496 548 591 602 καὶ
646 546 749 616 όδῴ
789 546 1007 615 φύσεως
1029 561 1044 576 ·
1086 547 1153 599 δι’
1203 547 1371 601 αὐτοῦ
1400 548 1511 619 γὰρ
1543 550 1638 602 καὶ
1668 551 1832 621 τέχνη

254 636 350 688 καὶ
381 640 547 703 φύσις
587 638 743 692 ἀνύει
780 639 963 708 πάσης
996 639 1188 702 αὐταῖς
1214 642 1577 710 παρασκευῆς
1620 642 1830 695 ἐκεῖθεν

254 726 518 797 ἡκούσης.
551 729 768 782 Λύειδέ
807 747 940 785 ποτε
998 732 1233 800 πυρετὸν
1286 732 1413 786 οὐτε
1464 735 1681 804 τῇνὸδῷ
1732 735 1832 802 τῆς

253 816 494 884 φύσεως,
523 819 649 871 οὐτε
715 824 784 891 τῇ
847 823 1018 894 τέχνῃ
1072 822 1383 893 χρώμενος.
1441 824 1521 894 Τῇ
1579 826 1717 895 αὐτῇ
1776 826 1833 879 δὲ

253 907 483 978 δυνάμει
508 909 659 980 ζωην
708 914 906 983 ἐμπνεί
943 915 1021 984 τῷ
1067 914 1270 985 νεκρῷ,
1301 916 1369 984 ἣν
1397 918 1429 987 ἠ
1462 918 1626 986 φύσις
1662 918 1829 987 ζῶντι

251 997 437 1052 δίδωσι
494 1002 661 1071 μόνῳ.
701 1003 981 1058 Ἐπέκεινα
1013 1006 1069 1059 δὲ
1117 1007 1211 1060 καὶ
1242 1008 1302 1060 τὸ
1334 1009 1492 1076 φύσει
1543 1010 1684 1081 βαρύ
1712 1013 1833 1065 ¹καὶ

253 1090 461 1156 γεῶδες
495 1092 655 1162 σῶμα
689 1094 784 1150 τοῦ
830 1098 1059 1165 φυσικοῦ
1102 1099 1332 1169 βάρους,
1367 1102 1463 1155 καὶ
1509 1102 1609 1171 τῆς
1641 1104 1832 1175 θνητό-

253 1195 418 1248 τητος
444 1182 798 1238 ἀπαλλάττων
825 1189 1107 1252 εἰσοικίζει
1151 1190 1261 1243 τῶν
1289 1193 1472 1261 θυρῶν
1500 1196 1828 1266 κεκλεισμέο

259 1286 387 1336 νων,
422 1274 513 1326 καὶ
541 1277 861 1346 μετεωρίξει
911 1278 1048 1346 πρὸς
1079 1281 1172 1333 τὸν
1205 1280 1458 1352 οὐράνιον
1495 1285 1697 1353 χῶρον,
1732 1290 1829 1341 καὶ

261 1363 617 1434 σωματότητα
657 1366 751 1419 καὶ
794 1370 1222 1441 πνευματότητα
1273 1372 1593 1445 συνίστησιν
1647 1378 1707 1429 ἐν
1750 1377 1829 1447 τῷ

258 1453 404 1523 αὐτῷ
435 1455 739 1527 πράγματι,
762 1458 839 1523 ὡς
874 1456 1015 1514 εἶναι
1048 1462 1147 1532 μὲν
1176 1463 1235 1516 τὸ
1265 1464 1396 1518 αὐτὸ
1424 1467 1584 1537 σῶμα
1612 1468 1829 1539 ἀληθῶς

255 1543 582 1613 ἀνθρώπου,
636 1543 776 1602 εἶναι
827 1552 1014 1620 μέντοι
1070 1555 1231 1623 σῶμα
1286 1560 1679 1628 πνευματικὸν,
1728 1564 1822 1616 καὶ

252 1628 361 1688 οἷον
403 1638 469 1691 ἂν
496 1637 585 1694 διά
635 1643 746 1697 τῶν
799 1646 1078 1714 στεγανῶν
1120 1647 1348 1704 διελθεῖν
1400 1652 1716 1709 ἐνδιδόντων
1755 1658 1819 1726 τῇ

253 1724 369 1798 θεία
410 1728 660 1801 δυνάμει,
696 1733 949 1807 καθάπερ
984 1736 1102 1791 ἔνια
1160 1738 1270 1793 τῶν
1319 1741 1507 1795 ἁπλῶν
1555 1724 1822 1812 σωμάτων

1939 455 2152 510 idcirco
2184 454 2405 524 depellit
2430 456 2645 521 quidem
2688 455 2831 511 Deus
2872 456 3077 511 'l‘ebrim
3133 459 3424 524 medicina,
3460 469 3515 516 ct

1940 561 2024 599 vra
2074 545 2309 599 naturali
2352 563 2366 598 ε
2429 562 2524 613 per
2576 548 2752 615 ipsum
2781 548 2924 601 enim
2977 556 3033 602 et
3080 564 3171 603 ars
3206 559 3256 604 et
3316 562 3511 605 natura

1936 637 2184 691 effectum
2215 636 2438 702 habent,
2466 650 2586 689 cum
2613 624 2681 691 ab
2709 652 2774 691 eo
2806 636 3037 694 facultas
3063 640 3352 708 utriusque
3386 657 3509 696 om-

1939 730 2026 783 nis
2060 728 2282 782 oriatur.
2337 727 2567 794 Depel-lit
2598 729 2761 782 etiam
2806 730 2999 784 febrim
3021 769 3036 794 ,
3067 747 3245 802 neque
3269 735 3510 787 naturali

1936 821 2023 876 via
2057 835 2233 888 neque
2261 831 2378 875 arte
2400 820 2592 876 eadem
2629 829 2810 878 utens.
2836 823 3035 879 Eadem
3065 841 3284 895 quoque
3318 835 3509 895 poten—

1938 914 2009 967 tia
2038 915 2204 967 vitam
2234 913 2464 981 inspirat
2492 920 2728 977 mortuo,
2755 929 2916 982 quam
2949 925 3143 970 natura
3177 917 3383 970 viventi
3419 918 3509 970 dat

1935 1007 2058 1061 soli.
2089 1004 2359 1061 Praeterea
2392 1020 2596 1076 corpus
2658 1019 2852 1060 natura
2908 1023 3073 1077 grave
3103 1017 3160 1062 ct
3194 1018 3505 1072 terrenum,

1936 1098 2171 1153 naturali
2198 1096 2471 1167 gravitate
2501 1104 2557 1151 et
2603 1098 2934 1151 mortalitate
2963 1098 3226 1162 liberans,
3263 1100 3509 1152 introdu-

1935 1193 2010 1247 cit
2037 1208 2132 1263 pcr
2167 1193 2384 1247 clausas
2404 1191 2625 1260 januas,
2644 1200 2696 1246 et
2721 1190 2939 1245 elevans
2957 1192 3216 1248 transfert
3241 1193 3294 1246 in
3314 1193 3507 1248 coales-

1937 1296 2041 1339 tem
2055 1285 2236 1339 sedem
2253 1284 2670 1354 corporeitatcm
2689 1294 2741 1338 et
2755 1284 3218 1353 Spiritualitatem,
3247 1286 3300 1340 in
3317 1288 3504 1341 eodem

1935 1378 2053 1448 ipso
2069 1378 2434 1442 constituens,
2459 1378 2530 1429 ita
2556 1384 2613 1429 ut
2638 1376 2779 1431 idem
2809 1378 2877 1430 sit
2894 1392 3102 1447 corpus
3119 1392 3305 1431 verum
3332 1376 3480 1431 homi
3493 1407 3508 1417 -

1933 1472 2043 1531 nis,
2079 1471 2263 1540 sitque
2292 1470 2454 1524 Simul
2503 1484 2699 1539 corpus
2720 1470 3027 1540 spirituale,
3059 1472 3192 1525 adeo
3233 1479 3289 1524 ut
3323 1469 3502 1525 solida

1934 1579 2165 1633 corpora
2185 1574 2505 1628 trausmeet,
2526 1580 2648 1634 quae
2667 1567 2919 1634 potestati
2943 1565 3139 1619 divinae
3158 1565 3375 1627 cedant,
3399 1565 3505 1620 sic-

1934 1667 1992 1710 ut
2026 1655 2298 1725 simplicia
2333 1656 2582 1723 quasdam
2623 1670 2848 1725 corpora
2886 1671 2982 1725 per
3034 1656 3271 1712 solidum
3305 1671 3503 1723 corpus

1934 1751 2243 1811 transeant,
2264 1746 2626 1800 humanarum
2671 1761 2929 1801 uiantium
2958 1748 3008 1802 vi
3041 1747 3172 1803 illud
3203 1748 3500 1805 efﬁciente.

249 1818 335 1872 διὰ
366 1822 633 1892 σωμάτων
679 1825 955 1898 διέρχεται
990 1834 1289 1899 στεγανῶν,
1323 1834 1446 1905 βίας
1498 1839 1705 1910 χειρῶν
1735 1840 2093 1911 ἀνθρωπίνων
2130 1839 2288 1893 τοῦτο
2322 1839 2688 1909 πραττούσης.

316 1912 453 1982 Περὶ
486 1916 584 1984 μὲν
621 1918 685 1982 δὴ
713 1920 822 1973 τῶν
857 1922 1018 1976 θείων
1046 1926 1343 1996 θαυμάτων
1375 1932 1539 1999 ἀρκεῖ
1564 1933 1816 1988 τοσοῦτον

1996 1934 2101 1989 Sed
2123 1932 2192 1987 de
2208 1933 2409 1989 divinis
2429 1932 2708 1987 miraculis
2720 1933 2855 1989 satis
2873 1934 3080 1989 dictum
3113 1944 3496 2007 est,quantum

249 2003 443 2071 εἰπεῖν,
494 2007 621 2062 ὅσον
670 2011 751 2075 είς
796 2012 895 2083 τὴν
940 2019 1311 2090 προκειμένην
1369 2024 1503 2093 ἡμῖν
1564 2026 1824 2105 ἁρμόττει

244 2098 456 2167 χρείαν,
507 2101 585 2171 τῷ
632 2103 691 2156 δὲ
741 2110 1091 2179 προκειμένῳ
1138 2112 1286 2183 μόνῳ
1340 2114 1670 2183 ἐφιστῶντες
1725 2098 1818 2174 νῦν

244 2191 556 2263 μυστηρίῳ,
594 2194 760 2247 πάλιν
810 2198 1294 2269 ἀναλαμϐάνοντες
1341 2205 1593 2277 λέγομεν,
1624 2212 1705 2265 ὅτι
1755 2216 1817 2284 τῇ

241 2284 347 2350 μὲν
375 2284 496 2357 θείᾳ
540 2286 769 2359 δυνάμει
800 2294 989 2357 ἁπλῶς
1048 2296 1302 2366 οὐδαμῶς
1345 2301 1612 2357 ἀδύνατον
1640 2304 1819 2373 τοῦτο,

240 2374 341 2428 καὶ
386 2378 526 2447 πρὸς
576 2381 817 2453 ἑκάστην
855 2385 912 2438 δὲ
952 2387 1061 2441 τῶν
1094 2389 1344 2459 ἀποριῶν
1386 2389 1477 2456 αἷς
1499 2414 1645 2461 τινες
1686 2402 1823 2468 πρὸς

238 2463 342 2536 τὴν
362 2469 631 2526 ἀπιστίαν
654 2476 944 2545 ἀνάγονται
978 2480 1071 2534 τοῦ
1104 2484 1425 2556 μυστηρίου,
1460 2490 1640 2559 ῥᾴδιον
1670 2463 1835 2545 ein:

210 2561 599 2626 εμηχανᾶσθαι
624 2564 712 2617 τὸν
753 2567 1099 2639 ἀνθρώπινον
1130 2573 1310 2642 λόγον,
1370 2579 1548 2631 καίτοι
1595 2582 1687 2634 τοῦ
1722 2602 1822 2653 μυ-

240 2653 474 2718 στηρίου
530 2654 784 2728 καθάπερ
848 2660 1032 2716 πίστει
1075 2666 1214 2737 μόνῃ
1253 2667 1626 2737 λαμϐάνεσθαι
1674 2675 1821 2745 ὀφεί-

240 2736 457 2805 λοντος,
493 2745 588 2797 κα)⁸
623 2749 972 2819 κατέχεσθαι.
1007 2736 1217 2810 Αὐτίκα
1267 2736 1335 2811 τὸν
1381 2763 1481 2827 μὲν
1513 2764 1614 2832 τῆς
1649 2736 1819 2834 μετα-

238 2829 414 2902 ϐολῆς
461 2836 749 2907 ἀκαριαῖον
792 2847 858 2913 τῇ
910 2847 1138 2919 ἀπειρίᾳ
1184 2850 1285 2919 τῆς
1337 2850 1488 2917 θείας
1536 2829 1821 2927 δυνάμεως

240 2923 720 3004 θεραπεύεταιοή
776 2935 887 3006 γάρ
943 2937 1168 3008 ἄπειρος
1220 2942 1456 3013 δύναμις
1512 2948 1571 3000 ἐν
1621 2923 1822 3018 ἀκαρεῖ

236 3015 440 3086 χρόνου
469 3018 694 3077 δύναται
724 3024 790 3078 τά
822 3027 1061 3096 μέγιστα
1088 3031 1197 3085 τῶν
1223 3038 1496 3104 σωμάτων
1522 3043 1712 3105 κινεῖν,
1746 3041 1821 3106 ὡς

233 3107 319 3177 τῷ
346 3108 626 3182 φιλοσόφῳ
675 3113 844 3180 δοκεῖ,
882 3117 1022 3172 ὥστε
1058 3122 1149 3175 καὶ
1187 3126 1547 3189 μεταϐάλλειν
1590 3130 1648 3183 ἐν
1683 3133 1819 3185 ἀκα-

234 3201 327 3269 ρεῖ
367 3202 564 3272 χρόνου
624 3206 656 3275 ἡ
702 3206 883 3262 πάντα
941 3212 1274 3282 παράγουσα
1327 3218 1560 3289 δύναμις
1603 3226 1702 3276 οὐκ
1750 3224 1817 3277 ἂν

1928 2026 2160 2079 instituti
2191 2024 2332 2079 ratio
2350 2023 2692 2094 postulabat;
2721 2024 3005 2094 proposito
3031 2036 3212 2082 autem
3240 2032 3497 2099 mysterio

1927 2116 2104 2171 solum
2151 2115 2489 2178 insistentes,
2529 2124 2583 2170 et
2621 2129 2931 2170 sermonem
2969 2129 3332 2185 resumentes,
3364 2122 3498 2176 dici-

1927 2223 2050 2262 mus
2082 2207 2228 2276 quod
2260 2207 2457 2262 divina:
2479 2210 2731 2276 potestati
2752 2209 3073 2277 simpliciter
3102 2209 3234 2265 illud
3264 2212 3496 2270 nullate-

1926 2315 2028 2353 nus
2056 2300 2390 2368 impossibile
2405 2308 2509 2366 est,
2527 2308 2579 2355 et
2596 2300 2825 2373 singulis
2846 2300 3272 2371 difﬁcultatibus,
3292 2308 3491 2376 quibus

1924 2394 2255 2447 nonnulliad
2294 2393 2734 2449 incredulitatem
2782 2394 2929 2449 circa
2954 2395 3056 2452 hoc
3080 2409 3489 2455 sacramentum

1924 2485 2294 2549 adducuntur,
2340 2484 2500 2539 facile
2549 2494 2635 2541 est
2686 2486 2977 2540 humanam
3010 2487 3281 2543 rationem
3320 2505 3494 2559 ορρο·

1924 2594 2088 2641 nere;
2118 2579 2247 2633 licet
2281 2577 2506 2632 omnino
2539 2589 2946 2633 sacramentum
2979 2580 3081 2636 hoc
3116 2582 3234 2636 sola
3272 2583 3377 2639 fide
3409 2600 3498 2654 ap-

1922 2670 2207 2738 prehendi,
2234 2679 2289 2725 et
2328 2670 2553 2725 firmiter
2574 2670 2744 2726 teneri
2770 2670 2988 2727 debeat.
3014 2671 3214 2728 Statim
3244 2689 3371 2732 vero
3394 2678 3494 2733 du-

1924 2761 2178 2814 hitationi
2251 2763 2400 2815 circa
2454 2772 2889 2818 momentaneam
2969 2768 3490 2825 transmutationem

1924 2851 2231 2905 occurritur
2255 2867 2350 2919 per
2372 2852 2568 2906 divina:
2593 2853 2852 2921 potentiae
2878 2854 3204 2911 infinitatem
3237 2875 3251 2911 :
3278 2857 3494 2914 infinita

1925 2955 2165 3011 namque
2216 2945 2456 3011 potentia
2513 2945 2572 2998 in
2653 2955 2934 3002 momento
2984 2950 3246 3018 temporis
3314 2961 3492 3021 potest

1924 3033 2164 3088 maxima
2201 3047 2432 3102 quaeque
2469 3052 2689 3093 movere
2744 3053 3001 3108 corpora,
3043 3050 3101 3095 ut
3154 3041 3490 3114 Philosopho

1922 3122 2161 3189 videtur,
2196 3126 2268 3179 ita
2299 3137 2357 3180 ut
2408 3134 2463 3179 et
2514 3135 2886 3186 transmutare
2922 3133 2977 3187 in
3027 3144 3311 3191 momento
3353 3145 3490 3193 tem-

1923 3218 2072 3285 poris
2106 3217 2253 3273 illius
2286 3234 2470 3273 rerum
2498 3222 2743 3277 omnium
2775 3225 3062 3282 creatricis
3088 3230 3350 3298 potentiae
3375 3233 3484 3287 vim

232 3293 479 3364 ἁτονοίη.
513 3297 602 3367 Τῷ
643 3299 699 3353 δὲ
745 3301 845 3371 τὴν
891 3303 1000 3357 τῶν
1034 3306 1234 3362 οὐσιῶν
1264 3310 1703 3385 ὲκπληττομένιρ
1726 3335 1816 3387 με·

1924 3324 2028 3363 non
2056 3318 2301 3379 superet.
2336 3311 2420 3366 Ad
2455 3314 2886 3377 substantiarum
2926 3293 3112 3375 autem
3145 3331 3488 3380 transmuta-

229 3385 476 3457 ταϐολὴν
529 3391 731 3455 πολλὰς
769 3395 869 3462 μὲν
921 3398 952 3466 ἠ
1009 3398 1128 3453 θεία
1181 3402 1392 3473 Γραφὴ,
1428 3407 1632 3469 πολλὰς
1679 3385 1736 3463 δέ
1780 3414 1812 3483 ἡ

229 3478 404 3546 φύσις
453 3481 591 3553 αὐτὴ
645 3484 864 3539 δίδωσιν
921 3489 1269 3561 ὁμοιότητας.
1330 3498 1487 3550 Ἐστι
1548 3501 1650 3566 μὲν
1708 3478 1816 3574 γὰρ

229 3571 450 3625 ὑδάτων
517 3575 701 3643 φύσις,
754 3572 835 3642 οἷς
896 3582 1303 3654 ἐμϐαλλόμενον
1360 3586 1516 3652 ξύλον
1574 3593 1673 3647 οὐκ
1733 3571 1815 3658 είς

229 3665 459 3734 μακρὰν
505 3670 585 3731 είς
641 3669 789 3723 λίθου
855 3672 1018 3740 φύσιν
1076 3682 1478 3744 μεταποιεῖται.
1523 3682 1612 3737 Ἐν
1655 3685 1712 3738 δὲ
1745 3689 1812 3757 τῇ

226 3757 414 3829 κοιλία
458 3761 551 3812 καὶ
596 3760 675 3831 τῷ
732 3765 989 3835 στομάχῳ
1043 3768 1137 3821 τοῦ
1200 3769 1342 3833 ζώου
1395 3775 1516 3827 καθ’
1572 3779 1813 3850 ἑκάστην

223 3849 452 3922 ἡμέραν
505 3854 565 3906 τὸ
613 3856 714 3924 τῆς
770 3861 974 3928 τροφῆς
1005 3860 1308 3933 καθαρεῦον
1337 3868 1476 3936 μετά
1515 3870 1613 3938 τὴν
1643 3849 1812 3940 πέψιν

222 3943 320 3995 καὶ
350 3944 454 4010 τὴν
481 3944 763 3998 ἀλλοίωσιν
790 3950 1171 4020 ἀναδιδόμενον
1206 3956 1377 4025 ἥπατι
1422 3959 1515 4012 καὶ
1546 3961 1712 4031 φλεψὶ
1741 3963 1812 4016 δι’

220 4035 389 4087 αὐτοῦ
428 4037 719 4105 προσθήκη
767 4042 830 4109 τῇ
869 4040 1030 4111 οὐσίᾳ
1064 4045 1156 4096 τοῦ
1206 4049 1543 4115 τρεφομένου
1574 4054 1806 4119 γίνεται.

221 4125 348 4189 Πῶς
395 4124 535 4193 οὐνς
598 4130 731 4198 Οὐχὶ
778 4134 873 4184 καὶ
924 4134 1099 4187 ταῦτα
1147 4138 1296 4190 δοκεῖ
1356 4139 1651 4211 θαυμαστά
1696 4149 1808 4208 τοῖς

222 4219 485 4279 ἀπίστοις
511 4236 525 4283 ;
567 4219 732 4273 Ἀλλά
767 4222 858 4275 τὸν
904 4225 1006 4291 μὲν
1034 4226 1197 4297 ἄρτον
1225 4230 1405 4299 σάρκα
1434 4233 1721 4303 γινόμενον
1752 4237 1810 4291 ἐν

221 4308 408 4373 αὐτοῖς
445 4312 507 4363 οὐ
539 4312 906 4377 διαπιστοῦσι,
930 4320 1069 4371 κατὰ
1092 4320 1148 4371 δὲ
1182 4321 1277 4373 τοῦ
1309 4325 1611 4393 μυστηρίου
1643 4329 1806 4393 μόνου

221 4401 320 4469 τὴν
381 4405 647 4458 ἀπιστίαν
714 4409 1043 4477 ἐγείρουσιν.
1095 4413 1157 4465 Et
1205 4414 1263 4466 δὲ
1321 4416 1412 4467 καὶ
1467 4419 1495 4469 ὁ
1559 4418 1806 4483 Σατανᾶς

220 4490 412 4560 ἔλεγεν
442 4484 787 4566 ἐκπειράζων
814 4515 827 4528 ⁸
856 4502 1002 4553 Εἰπὲ
1030 4503 1133 4555 ἵνα
1167 4507 1221 4557 oi
1243 4505 1402 4559 λίθοι
1442 4504 1607 4564 οὗτοι
1640 4511 1805 4580 ἄρτοι

221 4586 531 4652 γίνωνται,
565 4590 617 4641 εί
648 4591 793 4657 Θεὸς
829 4588 923 4657 εἴ,
954 4594 1030 4652 ὡς
1064 4597 1217 4662 εἰδὼς
1247 4599 1490 4668 δηλονότι
1524 4606 1624 4673 τὴν
1654 4606 1802 4659 θείαν

219 4671 458 4743 δύναμιν
492 4677 831 4746 ἐξαρκοῦσαν
863 4683 921 4735 ἐν
971 4686 1171 4755 ἀκαρεί
1216 4688 1373 4743 τοῦτο
1402 4696 1598 4756 ποιεῖν,
1628 4698 1676 4748 εί
1709 4696 1801 4748 Οε-

221 4764 448 4833 λήσειε·
487 4767 604 4830 πῶς
660 4771 883 4838 ὁλέγων
948 4776 1023 4844 μὴ
1078 4776 1337 4832 δύνασθαι
1388 4783 1477 4834 τὸν
1531 4785 1663 4838 Θεὸν
1711 4788 1802 4840 τὸν

220 4852 387 4922 άρτον
445 4858 527 4917 είς
568 4857 921 4931 ἀνθρωπίνην
980 4868 1159 4934 σάρκα
1194 4871 1542 4936 μεταϐαλεῖν,
1578 4876 1604 4926 ὃ
1645 4878 1797 4947 καὶὴ

223 4944 386 5011 φύσις
417 4947 478 4997 ἐν
512 4947 802 5019 ὡρισμένῳ
835 4955 990 5022 μέρει
1015 4958 1211 5026 χρόνου
1254 4964 1419 5027 ποιεῖ,
1451 4964 1510 5014 οὐ
1541 4966 1797 5032 ψεύδεται

220 5039 406 5107 χεῖρον
460 5037 555 5091 τοῦ
588 5043 882 5107 πειραστού
927 5046 984 5107 ὃς
1018 5048 1131 5099 ἐστι
1178 5050 1270 5101 τοῦ
1318 5052 1546 5119 ψεύδους
1579 5059 1799 5128 πατήρ;

232 5125 296 5178 Ἦ
327 5128 489 5181 τοῦτο
537 5129 634 5182 νῦν
668 5131 1018 5206 ἐργαζομένη
1070 5140 1130 5190 τὸ
1181 5141 1364 5209 θαῦμα
1414 5144 1666 5216 δύναμις,
1702 5125 1801 5216 τὴν

220 5221 465 5283 γυναῖκα
505 5222 632 5273 ποτὲ
677 5224 771 5277 τοῦ
802 5224 923 5279 Λὼτ
961 5229 1039 5292 είς
1081 5232 1206 5295 ἀλὸς
1249 5234 1448 5303 στήλην
1477 5238 1669 5307 αἴφνης
1708 5258 1803 5308 με·

221 5309 538 5364 ταϐαλοῦσα
593 5315 718 5379 τοὺς
773 5318 848 5388 μὴ
903 5319 1153 5386 θέλοντας
1212 5326 1497 5379 πείθεσθαι
1553 5330 1631 5396 τῷ
1683 5331 1802 5401 Θεῷ

221 5403 622 5468 προστάττοντι
678 5412 1022 5479 σωφρονίζει.
1064 5416 1174 5470 Καὶ
1236 5418 1372 5489 αὐτὴ
1421 5420 1519 5490 τὴν
1557 5423 1803 5489 Μωσέως

223 5491 422 5563 ῥάϐδον
454 5494 535 5557 είς
587 5497 728 5566 ὅφιν,
785 5507 875 5557 καὶ
925 5508 983 5572 ἐξ
1033 5506 1208 5578 ὄφεως
1260 5507 1415 5576 αὖθις
1464 5515 1544 5576 είς
1606 5516 1802 5584 ῥάϐδον

297 5676 306 5711 ³
346 5677 542 5731 Matth.
585 5694 658 5742 IV,
692 5680 744 5734 5.

475 5778 752 5836 I‘nttUL.
791 5778 908 5839 Gtt.
972 5781 1139 5841 CLX.

1920 3400 2123 3457 tionem
2175 3402 2608 3472 obstupescenti,
2666 3409 2864 3463 multas
2926 3410 3213 3482 Scriptura
3278 3418 3483 3485 divina,

1919 3494 2119 3549 multas
2147 3495 2311 3549 etiam
2381 3498 2498 3566 ipsa
2540 3508 2737 3554 natura
2788 3501 3179 3562 similitudines
3217 3508 3488 3563 submini-

1923 3595 2081 3640 strat.
2102 3585 2178 3639 Ea
2214 3588 2361 3642 enim
2388 3592 2747 3659 quarumdam
2778 3608 3043 3664 aquarum
3073 3610 3266 3654 natura
3295 3612 3400 3665 est,
3429 3614 3488 3657 ut

1917 3674 2172 3745 injectum
2202 3678 2404 3749 lignum
2430 3696 2539 3735 non
2566 3682 2728 3752 longo
2769 3686 3059 3740 intervallo
3089 3689 3141 3742 in
3164 3691 3362 3760 lapidis
3390 3710 3487 3748 na--

1915 3774 2097 3820 turam
2154 3778 2570 3827 lransmutetnr.
2603 3776 2657 3828 In
2710 3787 2900 3832 ventre
2945 3789 3000 3834 et
3039 3786 3326 3838 stomacho
3358 3788 3484 3839 ani-

1913 3860 2073 3913 malis
2095 3861 2338 3929 quotidie
2364 3879 2491 3932 pars
2508 3866 2751 3921 alimenti
2775 3872 2987 3938 purior,
3024 3881 3147 3941 post
3176 3875 3480 3930 coctionem

1912 3956 1965 4003 et
1990 3952 2347 4007 mutationem
2379 3955 2432 4008 in
2458 3955 2648 4025 hepar,
2676 3966 2729 4011 et
2755 3974 2850 4025 per
2881 3961 3011 4013 illud
3045 3963 3097 4015 in
3122 3978 3289 4017 venas
3311 3972 3488 4021 trans-

1912 4039 2052 4106 fusa,
2096 4043 2162 4096 ad
2200 4044 2387 4098 nutriti
2422 4045 2676 4101 animalis
2733 4051 3096 4105 substantiam
3141 4056 3479 4126 adjungitur.

1911 4130 2052 4196 Quid
2089 4134 2339 4186 tandem?
2384 4134 2580 4190 Nonne
2626 4148 2681 4192 et
2728 4140 2826 4193 ista
2878 4140 3174 4199 incredulis
3208 4148 3479 4203 mirabilia

1912 4232 2033 4274 esse
2065 4221 2362 4278 videntur?
2399 4224 2506 4281 Sed
2535 4242 2730 4296 panem
2778 4232 2996 4301 quidem
3027 4234 3080 4288 in
3136 4236 3331 4307 seipsis
3358 4256 3482 4295 car-

1911 4324 2033 4365 nem
2070 4310 2208 4378 fieri,
2258 4330 2367 4369 non
2411 4316 2706 4374 difficulter
2746 4324 3004 4392 credunt;
3056 4336 3245 4383 contra
3303 4332 3476 4386 solum

1913 4416 2040 4456 iero
2086 4407 2402 4474 mysterium
2440 4424 2632 4464 eorum
2672 4412 3032 4473 incredulitas
3070 4423 3364 4480 excitatur.
3420 4427 3477 4481 Si

1910 4510 2037 4552 vero
2086 4498 2203 4567 ipse
2228 4500 2462 4556 Satanas
2515 4509 2775 4560 tentando
2824 4510 3006 4567 dixit:
3045 4514 3137 4568 Dic
3179 4526 3235 4569 ut
3276 4518 3479 4587 lapides

1908 4587 2001 4640 isti
2024 4604 2183 4656 partes
2208 4590 2367 4658 ﬁant,
2400 4595 2447 4648 si
2476 4596 2622 4664 ﬁlius
2644 4597 2741 4652 Dei
2773 4616 2826 4653 es
2852 4602 2892 4666 ¹,
2923 4600 3103 4659 sciens
3121 4622 3317 4676 nempe
3346 4612 3485 4665 divi-

1912 4696 2036 4735 nam
2069 4687 2367 4752 potentiam
2388 4702 2652 4755 prarstare
2687 4691 2739 4745 id
2767 4708 3048 4749 momento
3079 4700 3340 4767 temporis
3367 4705 3482 4755 suf-

1908 4772 2154 4830 ﬁcienter
2189 4781 2481 4848 posse,qui
2517 4782 2650 4837 dicit
2678 4783 2845 4838 Deum
2864 4801 2969 4841 non
3007 4803 3165 4867 posse
3197 4800 3475 4847 transmu-

1912 4874 2023 4920 tare
2056 4883 2254 4938 panem
2284 4870 2337 4925 in
2380 4873 2680 4927 humanam
2701 4891 2947 4942 carnem,
2977 4881 3120 4947 quod
3152 4895 3345 4938 natura
3381 4887 3476 4941 de-

1910 4960 2207 5012 terminato
2252 4961 2517 5030 temporis
2571 4966 2748 5032 spatio
2774 4966 2926 5032 facit,
2964 4974 3239 5038 quomodo
3271 4976 3315 5030 is
3368 4994 3472 5034 non

1906 5052 2174 5105 mentitur
2203 5051 2323 5119 ipso
2346 5061 2616 5111 tentatore
2638 5057 2908 5123 deterius,
2928 5065 3117 5129 quiest
3148 5076 3301 5136 pater
3326 5085 3476 5126 meu-

1906 5142 2091 5196 dacii?
2122 5144 2240 5212 ipsa
2271 5161 2392 5213 qua:
2428 5163 2571 5203 nunc
2598 5152 3070 5211 miraculumillud
3098 5172 3352 5227 operatur
3375 5178 3471 5231 po-

1908 5234 2095 5298 tentia,
2132 5250 2251 5306 qua:
2287 5238 2582 5307 aliquando
2611 5259 2835 5299 uxorem
2866 5247 2965 5303 Lot
2991 5252 3043 5302 in
3073 5252 3204 5307 salis
3231 5264 3466 5308 statuam

1907 5325 2092 5379 subito
2128 5329 2565 5398 transformavit,
2586 5349 2681 5389 eos
2704 5338 2794 5406 qni
2829 5338 2937 5393 Deo
2989 5341 3276 5410 imperanti
3307 5342 3467 5396 fidem

1910 5417 2114 5476 habere
2145 5422 2358 5489 nolunt,
2392 5425 2759 5483 adsaniorem
2808 5442 3044 5486 mentem
3088 5444 3346 5491 revocat:
3387 5438 3476 5492 ilia
3571 5454 3578 5463 ·

1914 5515 2126 5572 scilicet
2156 5517 2361 5588 virgam
2392 5517 2573 5591 .Mosis
2612 5520 2669 5575 in
2706 5534 3038 5594 serpentem,
3062 5537 3113 5581 ct
3133 5542 3199 5582 ex
3223 5540 3475 5597 serpente

3005 5796 3079 5856 12
