3976 6452
239 269 342 334 361

1241 269 1427 329 ῘῘΟΜ.
1475 268 1569 327 DE
1605 264 1930 326 SACRAM.
1972 264 2315 323 C(‘RI‘ORE
2354 265 2387 322 .l
2439 264 2501 322 (ἶ.

3387 262 3496 324 3ῦὲ

240 381 696 450 ὑποστησαμένῳ,
736 382 830 433 καὶ
884 380 1118 451 μερικήν
1166 397 1289 432 τινα
1330 379 1612 433 διαθέσθαι
1648 378 1810 445 φύσιν

1916 376 2157 430 eularem
2199 376 2494 443 quamdam
2542 384 2789 426 naturain
2854 374 3148 442 disponere
3218 383 3277 427 ut
3327 362 3495 427 Velit?

234 474 310 540 ὡς
338 472 632 546 βούλεταις
683 475 784 526 Δια
815 473 976 526 τοῦτο
1019 473 1138 525 λύει
1171 472 1272 540 μὲν
1321 473 1349 524 ὁ
1396 472 1528 536 Θεὸς
1579 472 1818 541 πυρετὸν

240 564 451 638 ἰατρείᾳ
479 566 574 620 καὶ⁵
629 564 732 633 ὀδῷ
772 563 990 631 φύσεως
1011 578 1026 592 ·
1068 562 1136 614 δι’
1186 562 1354 616 αὑτοῦ
1383 562 1494 633 γὰρ
1526 564 1621 615 καὶ
1651 564 1815 633 τέχνη

238 656 333 707 καὶ
364 658 530 722 φύσις
571 656 726 709 ἀνύει
764 656 946 725 πάσης
979 655 1171 718 αύταῖς
1198 656 1561 724 παρασκευῆς
1603 655 1813 708 ἐκεῖθεν

237 744 503 816 ἡκούσης.
535 747 752 800 Λύειδέ
790 763 924 801 ποτε
982 747 1218 816 πυρετὸν
1271 747 1396 801 οὔτε
1449 749 1515 818 τῇ
1560 748 1665 818 ὁδῷ
1716 748 1817 815 τῆς

237 835 478 904 φύσεως,
507 837 633 889 οὔτε
699 840 768 908 *ᾗ
831 839 1003 910 τέχνῃ
1056 838 1367 909 χρώμενος.
1426 838 1505 908 Τῇ
1563 839 1701 909 αὐτῇ
1760 839 1817 892 δὲ

237 927 468 997 δυνάμει
493 927 643 997 ζωην
693 932 891 1000 ἔμπνεῖ
928 931 1006 1001 τῷ
1052 930 1255 1001 νεκρῷ,
1286 932 1353 999 ἣν
1381 933 1414 1002 ἠ
1446 932 1611 1000 φύσις
1648 932 1814 995 ζῶντι

235 1017 422 1071 δίδωσι
479 1020 647 1089 μόνῳ.
687 1020 967 1075 Ἐπέκεινα
998 1022 1055 1075 δὲ
1103 1022 1197 1076 καὶ
1227 1023 1287 1075 τὸ
1319 1024 1476 1091 φύσει
1528 1024 1669 1095 βαρὺ
1698 1026 1818 1078 -καὶ

238 1109 446 1175 γεῶδες
481 1110 641 1181 σῶμα
675 1111 770 1167 τού
815 1114 1044 1182 φυσικοῦ
1088 1114 1318 1185 βάρους,
1353 1116 1448 1170 καὶ
1494 1116 1594 1185 τῆς
1626 1118 1817 1188 θνητό-

238 1215 403 1267 τητος
429 1200 784 1256 ἀπαλλάττων
812 1205 1093 1268 εἰσοικίζει
1138 1205 1247 1259 τῶν
1275 1208 1458 1275 θυρῶν
1486 1209 1814 1279 κεκλεισμέο

243 1306 373 1355 νων,
408 1292 499 1345 καὶ
528 1294 847 1363 μετεωρίζιι
898 1295 1035 1363 πρὸς
1065 1297 1158 1349 τὸν
1191 1296 1444 1367 οὐράνιον
1481 1298 1683 1367 χῶρον,
1718 1302 1815 1353 καὶ

247 1382 603 1453 σωματότητα
644 1384 738 1436 καὶ
782 1385 1208 1457 πνευματότητα
1260 1387 1579 1459 συνίστησιν
1634 1391 1694 1442 ὲν
1737 1390 1816 1460 τῷ

244 1472 391 1542 αύτῷ
422 1474 727 1545 πράγματι,
750 1476 826 1540 ὡς
861 1472 1002 1531 εῖναι
1035 1478 1134 1548 μὲν
1163 1479 1222 1531 τὸ
1251 1479 1383 1532 αὐτὸ
1412 1481 1571 1550 σῶμα
1598 1481 1816 1552 άληθῶς

241 1562 570 1632 ἀνθρώπου,
623 1561 763 1620 εἷναι
815 1569 1002 1637 μέντοι
1057 1571 1218 1639 σῶμα
1273 1573 1666 1642 πνευματικὸν,
1716 1577 1810 1628 καὶ

239 1647 348 1707 οἷον
391 1656 457 1710 ἂν
484 1656 573 1713 διὰ
623 1660 734 1714 τῶν
788 1662 1067 1730 στεγανῶν
1107 1663 1337 1719 διελθεῖν
1388 1666 1705 1722 ἐνδιδόντων
1743 1671 1807 1739 τῇ

239 1744 357 1817 θείᾳ
398 1747 648 1819 δυνάμει,
684 1750 937 1824 καθάπερ
973 1752 1090 1806 ἔνια
1148 1754 1258 1808 τῶν
1307 1756 1495 1810 ἁπλῶν
1542 1758 1811 1826 σωμάτων

1922 467 2135 521 idcirco
2167 465 2388 534 depellit
2413 466 2628 531 quidem
2672 464 2814 519 Deus
2854 464 3060 519 febrim
3115 465 3407 529 medicina,
3442 475 3498 521 ct

1922 573 2007 611 via
2058 556 2292 609 naturali
2335 573 2349 609 :
2412 571 2507 623 per
2558 557 2735 624 ipsum
2764 556 2908 609 enim
2960 563 3016 609 et
3062 560 3154 609 ars
3189 566 3239 610 et
3298 568 3494 611 natura

1920 649 2168 702 effectum
2199 647 2422 711 habent,
2450 660 2570 699 cum
2596 634 2664 700 ab
2692 661 2758 699 eo
2790 644 3020 702 facultas
3047 647 3336 714 utriusque
3369 663 3493 702 om-

1923 742 2010 795 nis
2044 740 2267 793 oriatur.
2321 737 2550 805 Depellit
2582 738 2746 791 etiam
2790 738 2983 792 febrim
3005 776 3019 801 ,
3051 753 3228 809 neque
3254 740 3494 793 naturali

1921 833 2008 888 via
2040 847 2217 899 neque
2246 841 2362 886 arte
2384 830 2577 885 eadem
2612 839 2794 887 utens.
2820 832 3019 886 Eadem
3050 847 3268 901 quoque
3302 842 3493 901 poten—

1923 926 1994 980 tia
2023 926 2189 979 vitam
2219 923 2449 991 inspirat
2477 929 2713 986 mortuo,
2740 938 2900 991 quam
2935 932 3127 977 natura
3162 923 3367 977 viventi
3403 924 3495 975 dat

1920 1019 2043 1073 soli.
2074 1016 2344 1072 Praeterea
2377 1030 2581 1085 corpus
2643 1028 2838 1068 natura
2893 1031 3058 1085 grave
3088 1024 3145 1069 et
3188 1024 3489 1077 terrenum,

1922 1109 2157 1165 naturali
2184 1106 2456 1178 gravitate
2487 1114 2542 1160 et
2588 1106 2919 1159 mortalitate
2948 1105 3211 1169 liberans,
3248 1106 3495 1159 introdu-

1921 1204 1997 1260 cit
2023 1220 2119 1274 per
2153 1204 2370 1258 clausas
2390 1200 2610 1270 januas,
2629 1208 2681 1254 et
2706 1199 2925 1254 elevans
2942 1199 3202 1254 transfert
3227 1200 3280 1253 in
3300 1199 3493 1254 coeles-

1922 1308 2028 1351 tem
2042 1296 2222 1350 sedem
2239 1294 2656 1364 corporeitatcm
2676 1302 2727 1346 et
2741 1292 3205 1362 Spiritualitalem,
3232 1293 3287 1347 in
3303 1293 3491 1347 eodem

1921 1390 2040 1460 ipso
2056 1388 2421 1451 constituens,
2446 1388 2517 1439 ita
2542 1393 2599 1438 ut
2624 1385 2765 1440 idem
2795 1386 2864 1438 sit
2882 1399 3089 1454 corpus
3106 1398 3292 1437 verum
3318 1382 3465 1437 homi
3478 1412 3495 1422 ο

1920 1484 2031 1542 nis.
2066 1482 2250 1551 sitque
2279 1480 2440 1534 Simul
2489 1494 2686 1548 corpus
2707 1477 3014 1548 spirituale,
3045 1479 3179 1531 adeo
3219 1486 3276 1530 ut
3310 1475 3489 1531 solida

1921 1591 2152 1645 corpora
2173 1584 2493 1637 transmeet,
2513 1588 2635 1643 quae
2655 1574 2908 1642 potestati
2930 1572 3126 1626 divinzc
3146 1572 3363 1633 cedant,
3387 1570 3492 1626 sic-

1922 1679 1980 1722 ut
2014 1666 2285 1735 simplicia
2321 1665 2570 1733 quadam
2611 1679 2836 1734 corpora
2874 1678 2970 1733 per
3022 1663 3259 1718 solidum
3293 1677 3491 1729 corpus

1922 1762 2231 1821 transeunt,
2252 1756 2615 1810 humanarum
2659 1769 2917 1809 manuum
2946 1755 2996 1809 vi
3029 1753 3161 1810 illud
3191 1755 3488 1811 efﬁciente.

236 1837 324 1891 διά
355 1841 622 1911 σωμάτων
668 1843 944 1915 διέρχεται
979 1849 1278 1915 στεγανῶν,
1312 1849 1435 1919 βίας
1487 1852 1694 1923 χειρῶν
1724 1852 2082 1924 ἀνθρωπίνων
2119 1850 2278 1905 τοῦτο
2310 1848 2678 1919 πραττούσης.

305 1932 442 2001 Περὶ
475 1934 573 2003 μὶν
610 1936 674 1999 δὴ
702 1938 811 1990 τῶν
846 1939 1007 1992 θείων
1035 1942 1332 2012 θαυμάτων
1364 1946 1528 2014 ἀρκεῖ
1553 1945 1807 2001 τοσοῦτον

1985 1945 2090 2001 Sed
2112 1943 2181 1997 de
2197 1944 2398 1999 divinis
2418 1941 2698 1996 miraculis
2709 1940 2844 1997 satis
2862 1941 3069 1996 dictum
3102 1950 3485 2013 est,quantum

236 2023 433 2090 εἰπεῖν,
484 2026 609 2080 ὅσον
660 2028 740 2092 είς
785 2029 884 2100 τὴν
929 2035 1301 2105 προκειμένην
1358 2038 1492 2108 ἡμῖν
1554 2040 1813 2117 ἁρμόττει

233 2117 446 2187 χρείαν,
498 2120 575 2189 τῷ
623 2121 681 2174 δὲ
731 2126 1081 2195 προκειμένῳ
1129 2128 1276 2198 μόνῳ
1330 2129 1660 2198 ὲφιστῶντες
1715 2134 1808 2187 νῦν

234 2210 546 2281 μυστηρίῳ,
585 2212 750 2265 πάλιν
800 2215 1284 2286 ἀναλαμϐάνοντες
1332 2220 1583 2291 λέγομεν,
1614 2226 1695 2278 ὅτι
1744 2229 1807 2297 τῇ

231 2303 337 2370 μὲν
366 2303 487 2376 θείᾳ
532 2304 760 2377 δυνάμει
790 2310 980 2373 ἁπλῶς
1039 2312 1293 2381 οὐδαμῶς
1336 2316 1602 2371 ἀδύνατον
1630 2318 1810 2385 τοῦτο,

230 2393 332 2447 καὶ
378 2397 516 2466 πρὸς
568 2399 808 2470 ἑκάστην
846 2402 903 2454 δὲ
943 2403 1052 2457 τῶν
1084 2405 1335 2474 ἀποριῶν
1377 2404 1468 2470 αἷς
1489 2428 1635 2474 τινες
1676 2415 1813 2481 πρὸς

228 2483 333 2556 τὴν
354 2488 622 2543 ἀπιστίαν
645 2493 936 2562 ἀνάγονται
969 2496 1063 2550 τοῦ
1096 2499 1417 2570 μυστηρίου,
1451 2504 1632 2572 ῥᾴδιον
1661 2506 1827 2558 em;

231 2580 591 2645 μηχανᾶσθαι
615 2581 704 2635 τὸν
744 2584 1091 2655 ἀνθρώπινον
1121 2588 1301 2657 λόγον,
1362 2594 1540 2645 καίτοι
1587 2595 1679 2648 τοῦ
1714 2615 1814 2665 μυ-

230 2671 466 2737 στηρίου
522 2672 776 2745 καθάπερ
841 2677 1024 2732 πίστει
1067 2682 1207 2752 μόνῃ
1246 2682 1618 2752 λαμϐάνεσθαι
1666 2688 1814 2758 ὀφεί-

230 2756 449 2824 λοντος,
486 2763 581 2815 καὶ
615 2767 964 2836 κατέχεσθαι.
1000 2771 1209 2825 Αὐτίκα
1260 2774 1322 2826 τὸ
1374 2777 1474 2841 μὲν
1506 2778 1606 2845 τῆς
1642 2756 1812 2846 μετα-

230 2849 406 2921 εολῆς
454 2854 741 2925 ἀκαριαῖον
784 2863 852 2930 τῇ
903 2863 1131 2934 ἀπειρίᾳ
1178 2864 1278 2935 τῆς
1330 2865 1481 2931 θείας
1528 2870 1814 2941 δυνάμεως

232 2942 714 3022 θεραπεύεταιοή
770 2952 881 3023 γὰρ
936 2954 1161 3024 ἄπειρος
1214 2957 1449 3028 δύναμις
1506 2961 1564 3014 ὲν
1614 2962 1816 3031 ἀκαρεῖ

228 3034 434 3105 χρόνου
463 3037 688 3095 δύναται
718 3042 784 3095 τὰ
816 3043 1054 3112 μέγιστα
1082 3047 1191 3100 τῶν
1217 3052 1490 3119 σωμάτων
1515 3056 1705 3118 κινεῖν,
1740 3054 1814 3119 ὡς

226 3126 312 3196 τῷ
341 3126 621 3200 φιλοσόφῳ
669 3130 839 3197 δοκεῖ,
876 3134 1016 3188 ὥστε
1052 3138 1143 3190 καὶ
1181 3141 1541 3205 μεταϐάλλειν
1584 3144 1642 3196 ἐν
1677 3146 1813 3198 ἀκαυ

228 3220 321 3289 ρετ
362 3220 558 3291 χρόνου
619 3224 651 3293 ἡ
696 3223 877 3279 πάντα
936 3228 1269 3298 παράγουσα
1322 3232 1554 3303 δύναμις
1598 3240 1696 3289 οὐκ
1744 3236 1810 3290 ἂν

1917 2038 2149 2091 instituti
2180 2035 2321 2089 ratio
2340 2032 2682 2104 postulabat;
2710 2032 2995 2103 proposito
3021 2042 3201 2089 autem
3229 2038 3486 2104 mysterio

1916 2127 2095 2183 solum
2140 2126 2478 2189 insistentes,
2519 2133 2573 2179 et
2611 2138 2921 2178 sermonem
2958 2135 3322 2191 resumentes,
3354 2127 3488 2181 dici-

1917 2234 2039 2273 mus
2072 2218 2217 2287 quod
2250 2217 2447 2271 divina:
2469 2219 2721 2286 potestati
2742 2217 3063 2285 simpliciter
3092 2216 3225 2271 illud
3254 2218 3486 2275 nullate-

1917 2327 2018 2365 nus
2046 2310 2381 2379 impossibile
2396 2318 2500 2375 est,
2518 2317 2568 2365 et
2588 2309 2816 2381 singulis
2836 2310 3262 2377 difﬁcultatibus,
3282 2313 3482 2382 quibus

1915 2405 2247 2459 nonnulliad
2284 2403 2725 2458 incredulitatem
2773 2403 2919 2457 circa
2945 2403 3047 2459 hoc
3071 2414 3481 2460 sacramentum

1914 2497 2286 2559 adducuntur,
2331 2494 2492 2548 facile
2540 2503 2626 2549 est
2677 2494 2969 2548 humanam
3002 2494 3272 2550 rationem
3312 2511 3485 2565 oppo-

1916 2605 2081 2652 nere;
2109 2590 2239 2643 licet
2273 2587 2499 2643 omnino
2531 2597 2938 2641 sacramentum
2971 2587 3074 2644 hoc
3108 2589 3225 2643 sola
3264 2589 3369 2645 ﬁde
3401 2605 3490 2659 ap-

1914 2681 2200 2751 prehendi,
2227 2690 2281 2736 et
2320 2680 2545 2735 ﬁrmiter
2565 2679 2737 2734 teneri
2762 2679 2981 2735 debeat.
3008 2678 3206 2735 Statim
3236 2696 3363 2738 vero
3386 2683 3487 2738 du-

1917 2772 2171 2826 bitationi
2244 2773 2392 2826 circa
2447 2781 2882 2826 momentaneam
2962 2775 3481 2831 transmutationem

1916 2862 2223 2917 occurritur
2248 2878 2343 2930 per
2365 2862 2561 2915 divina:
2587 2861 2845 2930 potentiae
2871 2862 3197 2917 inﬁnitatem
3230 2881 3244 2918 :
3272 2864 3486 2920 infinita

1918 2967 2159 3022 namque
2208 2954 2449 3021 potentia
2507 2955 2566 3007 in
2646 2963 2928 3009 memento
2977 2956 3239 3024 temporis
3308 2967 3485 3027 poteSt

1918 3045 2158 3099 maxima
2194 3058 2426 3112 quaeque
2463 3061 2683 3102 movere
2738 3061 2995 3116 corpora,
3037 3057 3094 3102 ut
3147 3047 3484 3120 Philosophe

1916 3134 2156 3200 videtur,
2191 3136 2263 3190 ita
2294 3148 2351 3190 ut
2403 3144 2457 3189 et
2509 3145 2880 3194 transmittare
2917 3140 2971 3194 in
3021 3151 3305 3196 momento
3348 3151 3483 3198 tem-

1917 3230 2066 3297 poris
2100 3228 2249 3283 illius
2281 3244 2464 3283 rerum
2494 3231 2738 3285 omnium
2770 3233 3056 3289 creatricis
3083 3237 3344 3304 potentiae
3370 3238 3478 3292 vim

226 3313 475 3383 ἅτονοίη.
508 3315 596 3385 Τῷ
638 3316 694 3371 δὲ
740 3318 840 3389 τὴν
886 3320 995 3374 τῶν
1029 3322 1229 3377 οὐσιῶν
1259 3325 1697 3398 ὲκπληττομένῳ
1721 3348 1810 3400 με·

1919 3336 2023 3374 non
2051 3329 2296 3390 superet.
2331 3322 2415 3376 Ad
2450 3324 2881 3385 substantiarum
2921 3334 3108 3382 autem
3140 3337 3483 3386 transmuta-

223 3404 472 3476 τασολὴν
525 3409 726 3473 πολλὰς
765 3412 864 3480 μὲν
916 3415 947 3483 ή
1004 3415 1124 3469 θεία
1177 3417 1387 3488 Γραφὴ,
1423 3421 1627 3483 πολλὰς
1674 3424 1730 3476 δὲ
1775 3427 1807 3496 ἡ

223 3497 399 3566 φύσις
449 3499 587 3571 αὑτὴ
642 3502 860 3556 δίδωσιν
916 3506 1265 3577 ὁμοιότητας.
1326 3512 1482 3564 Ἐστι
1543 3514 1645 3580 μὲν
1704 3515 1811 3587 γὰρ

224 3591 447 3644 ὑδάτων
514 3593 698 3661 φύσις,
750 3590 831 3659 οἷς
892 3599 1299 3670 ἐμϐαλλόμενον
1357 3601 1512 3667 ξύλον
1570 3607 1670 3660 οὐκ
1729 3609 1811 3671 είς

224 3684 456 3753 μακρὰν
502 3688 582 3749 είς
638 3687 786 3740 λίθου
852 3688 1014 3757 φύσιν
1072 3697 1475 3760 μεταποιεῖται.
1519 3696 1609 3751 Ἐν
1651 3699 1709 3751 δὲ
1741 3702 1809 3769 τῇ

221 3776 409 3848 κοιλίᾳ
455 3780 548 3830 καὶ
593 3778 673 3849 τῷ
730 3782 986 3851 στομάχῳ
1040 3784 1134 3837 τοῦ
1196 3785 1339 3848 ζὼου
1392 3788 1513 3841 καθ’
1569 3792 1810 3863 ἑκάστην

218 3870 450 3942 ἡμέραν
503 3873 563 3924 τὸ
611 3873 712 3941 τῆς
767 3878 972 3945 τροφῆς
1002 3877 1305 3949 καθαρεῦον
1334 3883 1473 3950 μετά
1513 3884 1611 3952 τὴν
1641 3884 1810 3953 πέψιν

218 3963 316 4015 καὶ
346 3963 452 4030 τὴν
479 3962 761 4016 ἀλλοίωσιν
788 3966 1168 4036 ἀναδιδόμενον
1204 3971 1375 4041 ἦπατι
1420 3973 1513 4026 καὶ
1544 3974 1710 4044 φλεψὶ
1739 3976 1810 4029 δι’

215 4054 385 4107 αὑτοῦ
422 4055 718 4123 προσθήκη
765 4058 828 4126 τῇ
867 4057 1029 4128 οὐσίᾳ
1062 4061 1155 4112 τοῦ
1204 4063 1541 4130 τρεφομένου
1573 4067 1805 4133 γίνεται.

216 4145 343 4210 Πῶς
390 4144 533 4212 oin;
596 4148 730 4216 υύχὶ
776 4150 871 4201 καὶ
923 4150 1097 4203 ταῦτα
1145 4153 1295 4206 δοκεῖ
1354 4154 1650 4225 θαυμαστὰ
1695 4162 1807 4221 τοῖς

219 4239 484 4298 ἀπίστοις
510 4255 524 4301 ;
566 4237 731 4291 Ἀλλὰ
766 4239 857 4292 τὸν
903 4240 1005 4313 μὲν
1034 4242 1196 4313 ἄρτον
1224 4245 1404 4314 σάρκα
1434 4247 1721 4316 γινόμενον
1751 4250 1808 4304 ὲν

219 4328 406 4393 αὐτοῖς
444 4331 507 4382 ού
539 4330 906 4394 διαπιστοῦσι,
928 4336 1068 4387 κατὰ
1092 4335 1147 4387 δὲ
1182 4337 1277 4389 τοῦ
1308 4339 1611 4407 μυστηρίου
1643 4342 1806 4407 μόνου

220 4421 319 4489 τὴν
379 4423 646 4476 ἀπιστίαν
714 4426 1043 4493 ἐγείρουσιν.
1095 4428 1156 4481 Et
1205 4429 1263 4481 δὲ
1321 4431 1411 4482 καὶ
1467 4433 1495 4483 ὁ
1559 4432 1807 4496 Σατανᾶς

218 4511 411 4580 ἔλεγεν
441 4514 787 4583 ἐκπειράζων
814 4533 827 4545 ο
856 4518 1002 4570 Εἰπὲ
1030 4519 1133 4571 ἵνα
1168 4522 1221 4572 οἱ
1243 4521 1402 4573 λίθοι
1442 4518 1607 4577 οὗτοι
1641 4524 1805 4593 ἄρτοι

220 4606 532 4672 γίνωνται,
566 4608 617 4659 εί
648 4608 793 4674 Θεὸς
829 4605 888 4664 εἷ
908 4649 924 4674 ,
954 4610 1031 4668 ὼς
1064 4612 1218 4677 εἰδὼς
1248 4614 1491 4683 δηλονότι
1525 4620 1625 4687 τὴν
1655 4619 1804 4671 θείαν

218 4692 458 4762 δύναμιν
493 4696 832 4763 ἐξαρκοῦσαν
864 4700 923 4751 ὲν
972 4702 1172 4771 ἀκαρεί
1217 4704 1375 4758 τοῦτο
1404 4710 1599 4770 ποιεῖν,
1630 4712 1677 4761 εί
1710 4709 1801 4761 θε-

221 4784 448 4854 λήσειεο
488 4785 606 4848 πῶς
662 4788 885 4856 ὁλέγων
949 4793 1025 4860 μὴ
1079 4792 1339 4847 δύνασθαι
1389 4798 1479 4849 τὸν
1533 4799 1665 4851 Θεὸν
1713 4801 1803 4852 τὸν

220 4873 387 4942 ἄρτον
446 4877 529 4935 είς
570 4875 923 4947 ἀνθρωπίνην
982 4885 1161 4950 σάρκα
1196 4886 1544 4951 μεταϐαλεῖν,
1580 4889 1606 4940 ὃ
1647 4891 1739 4941 καὶ
1768 4894 1800 4960 ἡ

222 4964 387 5031 φύσις
418 4966 480 5016 ἐν
514 4965 804 5035 ὡρισμένῳ
837 4972 992 5038 μέρει
1018 4974 1213 5042 χρόνου
1256 4978 1421 5041 ποιεῖ,
1453 4978 1512 5028 ού
1543 4980 1799 5046 ψεύδεται

221 5059 408 5127 χεῖρον
462 5055 558 5109 τοῦ
592 5060 885 5125 πειραοτοῦ
929 5062 987 5123 ὃς
1021 5064 1133 5115 ἐστι
1181 5066 1273 5117 τοῦ
1321 5067 1548 5134 ψεύδους
1582 5073 1801 5141 πατήρς

232 5146 298 5198 Ἦ
328 5147 491 5200 τοῦτο
540 5147 637 5200 νῦν
672 5148 1021 5221 ἐργαζομένη
1072 5155 1133 5205 τὸ
1184 5156 1367 5224 θαῦμα
1417 5158 1669 5229 δύναμις,
1705 5165 1804 5229 τὴν

222 5241 467 5304 γυναῖκα
508 5239 636 5291 ποτὲ
681 5242 775 5294 τοῦ
806 5241 927 5295 Λὼτ
964 5245 1042 5307 είς
1084 5247 1209 5310 ἁλὸς
1253 5249 1451 5318 στήλην
1481 5252 1673 5321 αἴφνης
1711 5271 1806 5321 με·

223 5329 542 5383 ταὸαλοῦσα
597 5332 721 5397 τοὺς
777 5335 852 5405 μὴ
907 5336 1156 5402 θέλοντας
1215 5340 1501 5393 πείθεσθαι
1557 5343 1634 5410 τῷ
1687 5344 1806 5414 Θεῴ

223 5423 627 5489 προστάττοντι
683 5429 1026 5496 σωφρονίζει.
1068 5432 1178 5485 Καὶ
1240 5433 1377 5504 αὐτὴ
1425 5434 1523 5504 τὴν
1562 5437 1807 5502 Μωσέως

226 5512 426 5584 ῥάΰδον
457 5513 540 5576 είς
592 5515 733 5585 ὃριν,
790 5524 879 5573 καὶ
930 5524 988 5588 ἐξ
1038 5522 1213 5594 ὄφεως
1265 5522 1419 5590 αὖθις
1469 5529 1549 5590 είς
1610 5529 1807 5598 ῥάϐδον

301 5696 310 5732 τ
350 5698 549 5752 Matth.
590 5711 664 5759 IV,
697 5697 749 5751 5.

479 5797 758 5855 l'ArnoL.
796 5795 914 5856 Gtt.
979 5797 1145 5857 CLX.

1915 3412 2118 3469 tionem
2170 3413 2603 3483 obstupescenti,
2662 3417 2859 3471 multas
2921 3417 3208 3489 Scriptura
3274 3424 3478 3491 divina,

1915 3506 2114 3560 multas
2143 3506 2307 3560 etiam
2377 3509 2494 3577 ipsa
2537 3518 2733 3563 natura
2784 3510 3174 3569 similitudines
3212 3515 3484 3570 submini-

1918 3608 2077 3652 strat.
2098 3597 2174 3651 Ea
2211 3600 2358 3654 enim
2384 3602 2744 3669 quarumdam
2775 3617 3039 3673 aquarum
3069 3616 3262 3661 natura
3292 3618 3397 3671 est,
3425 3620 3484 3663 ut

1913 3686 2169 3757 injectum
2198 3689 2401 3759 lignum
2427 3705 2536 3745 non
2562 3692 2724 3761 longo
2766 3694 3056 3748 intervallo
3085 3696 3138 3749 in
3161 3698 3359 3767 lapidis
3387 3717 3484 3754 ua~

1912 3786 2094 3832 turam
2151 3790 2567 3837 transmutetur.
2600 3785 2655 3838 In
2707 3795 2897 3840 ventre
2942 3797 2997 3842 et
3036 3793 3323 3845 stomacho
3356 3794 3481 3845 ani-

1910 3872 2071 3925 malis
2093 3872 2335 3941 quotidie
2362 3889 2489 3942 pars
2506 3876 2749 3930 alimenti
2773 3880 2985 3946 purior,
3022 3889 3144 3949 post
3174 3882 3477 3936 coctionem

1910 3968 1963 4015 et
1987 3963 2344 4018 mutationem
2377 3966 2430 4018 in
2456 3965 2646 4034 hepar,
2673 3975 2728 4020 et
2754 3982 2848 4033 per
2879 3969 3009 4020 illud
3043 3971 3095 4022 in
3120 3985 3287 4024 venas
3309 3978 3485 4026 trans-

1911 4051 2051 4118 fusa,
2095 4055 2160 4107 ad
2199 4055 2385 4109 nutriti
2421 4055 2674 4110 animalis
2732 4060 3095 4112 substantiam
3140 4062 3477 4132 adiungitur.

1910 4142 2051 4209 Quid
2087 4145 2337 4197 tandem?
2382 4144 2579 4199 Nonne
2624 4156 2679 4201 et
2726 4148 2825 4201 ista
2876 4148 3173 4206 incredulis
3207 4154 3478 4209 mirabilia

1910 4245 2032 4287 esse
2063 4233 2361 4288 videntur?
2399 4234 2505 4290 Sed
2534 4251 2729 4306 panem
2778 4240 2996 4309 quidem
3027 4241 3080 4296 in
3135 4243 3330 4314 seipsis
3357 4262 3481 4302 car-

1911 4336 2032 4377 nem
2070 4322 2207 4389 fieri,
2258 4340 2366 4379 non
2410 4325 2705 4383 difﬁculter
2746 4332 3005 4400 credunt;
3056 4344 3246 4390 contra
3303 4339 3476 4393 solum

1912 4428 2040 4468 vero
2085 4417 2402 4486 mysterium
2440 4433 2632 4475 eorum
2672 4421 3032 4481 incredulitas
3070 4410 3365 4487 excitatur.
3421 4433 3477 4487 Si

1910 4522 2037 4563 vero
2086 4510 2203 4579 ipse
2228 4511 2462 4566 Satanas
2515 4518 2776 4569 tentando
2824 4518 3007 4575 dixit:
3046 4522 3137 4575 Dic
3179 4532 3236 4577 ut
3277 4525 3480 4594 lapides

1908 4599 2001 4652 isti
2024 4616 2183 4667 partes
2209 4601 2368 4669 ﬁant,
2401 4605 2448 4658 si
2476 4605 2623 4674 ﬁlius
2645 4606 2743 4661 Dei
2774 4625 2828 4662 es
2854 4610 2893 4674 ‘,
2924 4608 3104 4667 sciens
3122 4629 3317 4683 nempe
3347 4619 3486 4671 divi-

1913 4708 2037 4747 nam
2071 4697 2368 4764 potentiam
2390 4712 2653 4765 praestare
2688 4700 2740 4754 id
2769 4716 3050 4756 momento
3080 4706 3342 4775 temporis
3368 4710 3484 4760 sul.

1910 4784 2155 4841 ﬁcienter
2190 4791 2483 4858 posse,qui
2519 4792 2652 4846 dicit
2680 4792 2847 4847 Deum
2866 4810 2971 4848 non
3009 4811 3167 4874 posse
3199 4807 3477 4853 transmu-

1913 4886 2025 4932 tare
2058 4895 2255 4949 panem
2285 4881 2339 4935 in
2382 4883 2682 4936 humanam
2703 4900 2949 4950 carnem,
2979 4888 3123 4954 quod
3154 4902 3347 4945 natura
3384 4892 3478 4946 de-

1911 4972 2210 5024 terminato
2255 4971 2520 5040 temporis
2574 4975 2751 5041 spatio
2778 4974 2929 5041 facit,
2967 4980 3242 5046 quomodo
3274 4983 3318 5037 is
3371 5000 3475 5039 non

1908 5064 2176 5116 mentitur
2206 5062 2326 5130 ipso
2349 5072 2618 5120 tentatore
2641 5066 2911 5132 deterius,
2931 5073 3017 5137 qui
3039 5082 3119 5126 est
3151 5083 3304 5143 pater
3330 5091 3479 5132 men-

1909 5154 2093 5208 dacii?
2125 5155 2243 5224 ipsa
2275 5173 2395 5224 qua:
2431 5174 2574 5213 nunc
2601 5162 3074 5218 miraculumillud
3102 5178 3356 5234 operatur
3379 5184 3475 5237 po.

1912 5246 2098 5309 tentia,
2135 5262 2255 5317 qua:
2291 5249 2585 5317 aliquando
2615 5269 2839 5309 uxorem
2870 5255 2969 5311 Lot
2995 5259 3047 5310 in
3078 5259 3209 5314 salis
3235 5270 3470 5315 statuam

1911 5337 2096 5391 subito
2132 5340 2569 5408 transformavit,
2590 5359 2685 5399 eos
2708 5347 2798 5415 qui
2833 5346 2941 5401 Deo
2993 5349 3280 5417 imperanti
3312 5349 3471 5401 fidem

1915 5430 2119 5488 habere
2150 5433 2362 5499 nolunt,
2396 5435 2764 5492 adsaniorem
2813 5451 3048 5494 mentem
3093 5450 3351 5496 revocat:
3392 5443 3481 5497 ilia
3576 5460 3583 5467 ’

1918 5527 2130 5584 scilicet
2161 5529 2366 5599 virgam
2397 5527 2578 5601 Mosis
2616 5530 2673 5585 in
2711 5541 3044 5603 serpentem,
3067 5544 3204 5589 etex
3228 5546 3480 5603 serpente

3010 5804 3085 5864 12
