3976 6452
336 307 440 372 3‘37

1399 313 1782 400 GENNADII
1832 317 1938 375 (ΣΡ.
1991 318 2505 379 ΡΛΤΠΙΑΒΕΠΈ

3502 310 3610 375 368

336 432 547 488 rantem
574 424 982 479 conﬂrmamus.
1002 421 1175 482 Omne
1200 426 1468 496 siquidem
1513 444 1712 498 corpus
1744 430 1917 483 exsis-

2038 432 2116 483 (αἱ
2144 431 2322 500 λόγοις
2365 431 2463 501 τὴν
2516 428 2608 482 τοῦ
2643 429 2732 482 κ.νοῦ
2786 429 3079 484 δυσκολίαν
3113 427 3604 500 παραμυθούμεθα⁸

337 523 459 570 t'ens
489 515 730 585 quodam
784 515 1030 597 in_loco,
1101 518 1276 588 ipsum
1326 521 1546 588 quidem
1585 531 1758 576 totum
1820 524 1917 576 toti

337 615 816 662 commensuratnr
846 609 988 674 loco,
1027 618 1079 664 et
1115 619 1299 680 partes
1349 613 1495 667 illius
1538 615 1785 683 partitus
1815 615 1918 669 loci

339 701 740 767 attribuuntur,
769 710 824 757 et
847 704 1122 759 mediante
1202 705 1418 777 propria
1478 709 1786 776 quantitate
1837 717 1922 762 est

338 793 392 845 in
421 793 561 848 loco.
583 792 717 847 Nam
772 795 966 850 essein
1022 796 1164 861 loco,
1223 798 1519 866 quantitati
1551 799 1769 868 proprie
1791 813 1920 853 con-

338 887 508 953 venit,
537 896 946 957 consequenter
981 888 1148 944 etiam
1179 890 1501 947 substant’m
1552 892 1712 962 cujus
1733 901 1816 947 est
1833 909 1924 948 ea-

341 981 466 1033 dem
499 981 803 1049 quantitas.
841 979 1020 1051 Atque
1049 981 1176 1038 inde
1196 983 1401 1038 accidit
1446 999 1646 1053 corpus
1695 985 1809 1040 illic
1831 1001 1923 1040 so-

342 1074 454 1128 lum
475 1088 623 1140 esse,
648 1074 739 1128 ubi
760 1077 1043 1144 quantitas
1079 1075 1202 1148 ejus
1225 1085 1281 1132 et
1306 1078 1681 1133 dimensiones
1719 1079 1924 1146 reperi-

344 1175 530 1224 untur.
555 1168 904 1236 impossibile
930 1169 1186 1225 estenim
1250 1170 1498 1225 eamdem
1559 1171 1921 1241 quantitatem

346 1259 599 1328 pluribus
633 1261 796 1315 simul
817 1262 1253 1318 commensurari
1280 1262 1436 1319 locis.
1461 1261 1520 1317 ln
1567 1277 1799 1335 corpore
1825 1279 1923 1318 au-

342 1360 449 1405 tem
473 1351 676 1406 Christi
714 1366 801 1408 res
820 1368 928 1408 non
953 1354 1028 1408 ita
1056 1369 1115 1408 se
1137 1354 1299 1410 habet
1349 1371 1364 1410 :
1417 1353 1635 1412 exsistit
1664 1357 1810 1411 enim
1866 1356 1924 1412 in

342 1443 487 1506 loco,
519 1444 797 1501 mediante
822 1460 886 1502 ea
918 1447 1231 1517 quantitate
1264 1462 1386 1518 quae
1443 1449 1568 1519 pani
1606 1449 1761 1520 prius
1799 1450 1922 1504 ine;

339 1533 540 1589 rat.Si
561 1549 695 1590 vero
741 1544 797 1592 et
823 1537 1045 1609 propria
1083 1541 1366 1609 quantitas
1400 1540 1745 1596 sanctissimi
1801 1556 1922 1596 cor-

341 1623 496 1693 poris
537 1625 979 1696 inseparabiliter
1008 1629 1113 1700 ipsi
1174 1630 1483 1694 coexsistit,
1522 1638 1925 1702 consequenter

339 1733 478 1774 sane
498 1726 552 1774 et
568 1720 843 1777 mediante
866 1722 1198 1787 substantia.
1217 1741 1340 1796 quze
1361 1726 1481 1781 sine
1497 1726 1718 1796 propria
1747 1741 1923 1796 quau-

345 1809 506 1864 titate
536 1809 846 1868 subsistere
875 1829 985 1870 non
1010 1825 1210 1886 potest.
1232 1816 1370 1872 Cum
1401 1817 1567 1887 igitur
1588 1816 1725 1873 nihil
1755 1819 1924 1890 impe-

345 1901 465 1957 diat
500 1903 804 1973 quominus
829 1907 1018 1964 multa
1049 1910 1388 1980 quantitates
1417 1926 1621 1980 panum
1656 1912 1926 1968 exsistant

347 1994 402 2049 in
431 1995 619 2051 multis
636 1997 930 2065 altaribus,
965 2000 1092 2057 inde
1141 2002 1415 2058 acciditet
1478 2003 1685 2059 Christi
1723 2019 1925 2073 corpus

349 2102 518 2142 unum
542 2105 772 2147 numero
802 2091 855 2147 in
879 2091 1068 2148 multis
1095 2095 1366 2152 exsistens
1389 2095 1788 2166 quantitatibus
1817 2113 1925 2152 non

351 2182 622 2254 propriis,
645 2183 761 2242 illis
780 2185 1154 2244 mediantibus
1177 2189 1232 2243 in
1274 2188 1462 2243 multis
1505 2190 1730 2259 reperit-1
1765 2191 1924 2245 locis.

345 2276 462 2332 lloc
492 2277 658 2331 etiam
676 2279 946 2349 exemplis
971 2281 1306 2336 conﬁrmare
1347 2281 1482 2336 licet
1533 2281 1730 2336 animae
1800 2299 1930 2337 nos-

345 2380 466 2436 trze,
516 2385 664 2441 qua,
711 2386 835 2426 cum
865 2387 966 2444 per
993 2387 1053 2428 se
1076 2389 1183 2430 non
1211 2374 1411 2431 habeat
1439 2375 1797 2448 quantitatem
1820 2391 1929 2446 qua

344 2473 822 2521 eommensuretur
843 2465 1145 2522 continenti
1164 2482 1224 2524 se
1244 2466 1481 2537 corpori.
1499 2474 1613 2523 tota
1635 2476 1718 2523 est
1738 2466 1791 2522 in
1815 2475 1930 2523 toto

350 2569 406 2614 et
451 2559 684 2629 singulis
718 2560 966 2630 corporis
1013 2561 1286 2630 partibus.
1311 2560 1450 2617 Tum
1475 2561 1640 2616 etiam
1656 2562 1930 2619 sermonis

343 2653 623 2723 exemplo,
645 2654 735 2723 qui
756 2656 872 2725 ipse
897 2665 952 2710 et
976 2669 1123 2710 unus
1141 2661 1577 2728 numero'potest
1594 2655 1824 2712 interius
1842 2672 1930 2711 es-

351 2761 433 2812 se,
464 2743 597 2812 diei,
625 2746 804 2802 audiri
833 2756 887 2802 et
923 2747 1129 2804 scribi:
1169 2748 1351 2805 dictus
1382 2765 1512 2805 vero
1534 2749 1649 2806 sive
1689 2765 1929 2822 pronun-

346 2839 539 2905 tiatus,
596 2839 712 2908 ipse
729 2840 897 2895 etiam
923 2855 951 2894 a
976 2840 1166 2897 multis
1183 2841 1346 2896 simul
1379 2841 1570 2898 auditu
1599 2843 1922 2913 percipitur.

347 2929 616 2997 Praeterea
647 2931 899 3004 exemplo
924 2934 1078 3000 solis,
1108 2934 1267 3005 cujus
1325 2936 1510 2992 lumen
1569 2946 1723 2992 extra
1760 2945 1816 2992 et
1847 2936 1932 2990 in-

349 3025 675 3080 tradomum
706 3025 950 3082 illustrat
1008 3037 1176 3099 etper
1206 3028 1408 3084 vitrum
1468 3038 1787 3100 penetrans,
1848 3030 1934 3084 in-

2033 524 2217 578 ’Δπαν
2267 524 2368 594 μὲν
2402 524 2511 594 γὰρ
2548 523 2706 594 σῶμα
2751 523 3019 593 τυγχάνον
3055 521 3112 576 ἐν
3136 539 3246 576 τινι
3270 523 3442 593 τόπῳ,
3475 522 3609 577 αὐτό

2028 632 2085 667 τε
2123 614 2244 668 ὅλον
2293 615 2399 684 ὅλῳ
2448 617 2846 686 συμμετρεῖται
2881 614 2958 685 τῷ
3002 615 3175 685 τόπῳ,
3218 615 3312 668 καὶ
3340 614 3410 668 τὰ
3443 613 3609 685 μόρια

2027 709 2220 762 τούτου
2278 712 2391 771 τοῖς
2439 709 2534 762 τοῦ
2599 710 2762 762 τόπου
2829 709 3058 780 μέρεσιν
3112 707 3451 770 ἀποδίδοται,
3508 708 3606 760 καὶ

2031 802 2431 873 μεσιτευούσης
2455 801 2556 870 τῆς
2587 801 2722 866 ίδίας
2749 801 3046 872 ποσότητός
3076 800 3226 852 ἐστιν
3254 801 3313 852 ἐν
3335 799 3413 870 τῷ
3438 799 3607 869 τόπῳ.

2029 895 2102 948 Τὸ
2131 895 2241 966 γὰρ
2273 897 2329 948 ὲν
2357 896 2509 966 τόπῳ
2532 889 2673 948 εῖναι
2696 897 2760 964 τῇ
2786 893 3047 962 ποσότητι
3080 893 3286 962 κυρίως
3312 893 3604 960 προσήκευ

2029 990 2315 1060 ἑπομένως
2353 988 2411 1042 δι
2451 989 2543 1042 καὶ
2591 989 2656 1058 τῇ
2689 987 2872 1056 οὐσία,
2899 979 2968 1057 ἦς
3020 988 3053 1056 ἠ
3086 985 3315 1055 τοιαύτη
3366 985 3606 1051 ποσότης

2029 1079 2514 1136 ὲστί.Κάντεῦθεν
2580 1079 2872 1148 συμσαίνει
2933 1079 2996 1133 τὸ
3061 1079 3220 1148 σῶμα
3277 1078 3395 1131 ἐκεῖ
3448 1076 3608 1146 μόνον

2028 1171 2190 1240 εἶναι,
2242 1175 2379 1230 ὅπου
2434 1174 2467 1244 ἠ
2520 1173 2759 1240 π’)σότης
2815 1169 2983 1226 αὑτοῦ
3035 1173 3129 1226 καὶ
3175 1171 3233 1224 αἱ
3291 1168 3608 1231 διαστάσεις

2029 1268 2400 1340 εὑρίσκονται.
2469 1265 2758 1320 Ἀδύνατον
2816 1262 2874 1317 δὲ
2932 1261 3034 1334 τὴν
3100 1263 3275 1332 αὐτὴν
3337 1261 3609 1326 ποσότητα

2031 1361 2241 1414 πλείοσι
2298 1357 2736 1430 συμμετρεῖσθαι
2789 1355 2978 1418 τόποις
3031 1354 3192 1425 ὁμοῦ.
3232 1354 3358 1408 Ἐπὶ
3404 1355 3461 1407 δὲ
3493 1352 3608 1424 ,τοῦ

2031 1453 2288 1526 σώματος
2309 1453 2405 1508 τοῦ
2441 1449 2685 1522 Χριστοῦ
2728 1450 2826 1520 οὐχ
2857 1447 3031 1512 οὕτως
3063 1449 3176 1519 ἔχει
3203 1464 3217 1480 ο
3253 1447 3370 1502 ἔστι
3414 1447 3524 1517 γάρ
3555 1446 3612 1498 ὲν

2027 1551 2180 1621 τόπῳ
2229 1546 2628 1620 μεσιτευούσης
2674 1545 2774 1616 τῆς
2829 1543 3156 1615 ποσότητος,
3187 1543 3283 1596 καὶ
3340 1541 3613 1610 πρότερον

2030 1641 2453 1713 ἐνυπαρχούσης
2483 1639 2560 1710 τῷ
2593 1639 2764 1710 ἄρτῳ,
2813 1638 2877 1692 Et
2912 1637 2968 1690 δὲ
3003 1637 3099 1690 καὶ
3145 1637 3180 1706 ἠ
3231 1634 3338 1688 ίδία
3375 1635 3614 1702 ποσότης

2030 1734 2124 1788 τοῦ
2173 1731 2445 1800 παναγίου
2498 1729 2757 1801 σώματος
2789 1729 3115 1800 ἀχωρίστους
3149 1725 3300 1794 αὐτῷ
3341 1725 3609 1789 σύνεστιν,

2030 1826 2146 1881 ἀλλ’
2177 1824 2458 1895 ἑπομένως
2502 1823 2598 1875 καὶ
2642 1821 2740 1892 τῆς
2790 1819 2980 1884 οὐσίας
3021 1817 3439 1890 μεσιτευούσης,
3490 1818 3614 1889 ἥτις

2027 1921 2158 1976 ἀνευ
2195 1917 2328 1981 ίδίας
2374 1916 2677 1986 ποσότητος
2709 1913 3012 1984 ὑφεστάναι
3061 1913 3122 1965 ού
3176 1911 3428 1965 δύναται.
3460 1909 3618 1964 Ἐπεὶ

2028 2013 2208 2064 τοίνυν
2238 2009 2392 2064 οὐδὲν
2432 2007 2633 2062 κωλύει
2665 2004 2867 2068 πολλὰς
2900 1999 3042 2057 εἶναι
3080 2002 3384 2072 ποσότητας
3433 2000 3616 2071 ἀρτων

2029 2107 2088 2157 ὲν
2138 2103 2355 2167 πολλοῖς
2405 2099 2844 2170 θυσιαστηρίοις,
2876 2097 3132 2151 ἐντεῦθεν
3179 2095 3470 2166 συμϐαίνει
3522 2095 3618 2148 καὶ

2030 2198 2088 2250 τὸ
2115 2195 2210 2250 τοῦ
2246 2191 2486 2264 Χριστοῦ
2535 2193 2696 2263 σῶμα
2742 2191 2803 2244 τδ
2842 2191 3006 2246 αὐτὸν
3033 2188 3254 2260 ἀριθμῷ
3289 2191 3346 2242 ὲν
3370 2187 3618 2242 πλείοσιν

1989 2290 2281 2362 κύπάρχον
2329 2286 2630 2356 ποσότησιν
2679 2285 2780 2339 οὐκ
2812 2283 2996 2348 ίδίαις,
3038 2282 3248 2338 τούτοιν
3293 2287 3620 2350 μεσιτευου-

2034 2384 2142 2438 σῶν
2175 2383 2233 2436 ἐν
2284 2380 2502 2442 πολλοῖς
2540 2376 2899 2447 εὑρίσκεσθαι
2954 2377 3166 2440 τόποις.
3193 2373 3403 2429 Τούτου
3432 2373 3489 2426 δὲ
3519 2374 3619 2426 καὶ

2031 2474 2445 2550 παραδείγμασι
2481 2471 2707 2526 δυνατόν
2734 2471 2853 2523 ἔστι
2888 2467 3125 2541 χρῆσθαι
3151 2483 3164 2497 °
3195 2469 3260 2537 τῇ
3286 2465 3342 2519 δὲ
3369 2465 3618 2537 ἡμετέρα

2031 2572 2203 2642 ψυχῇ,
2235 2569 2362 2640 ἥτις
2406 2565 2497 2621 διὰ
2524 2564 2587 2621 τὸ
2620 2563 2696 2635 μὴ
2724 2563 2870 2634 ἔχειν
2908 2561 3183 2630 ποσότητα
3221 2558 3348 2613 καθ’
3373 2557 3548 2626 αὐτὴν

2035 2661 2409 2735 συμμετροῖτο
2449 2657 2516 2713 ἂν
2564 2656 2642 2728 τῷ
2675 2655 2988 2726 περιέχοντι
3024 2653 3261 2721 σώματι,
3291 2652 3390 2721 ὅλη
3417 2650 3515 2704 καὶ
3555 2650 3616 2702 tv

2031 2757 2141 2828 ὅλῳ
2193 2755 2289 2808 καὶ
2339 2755 2396 2808 ὲν
2445 2753 2664 2819 ἑκάστῳ
2719 2749 2895 2821 μορίῳ
2940 2747 3036 2802 τοῦ
3076 2745 3329 2815 σώματος
3380 2744 3616 2811 πέφυκε.

2032 2850 2144 2904 Καὶ
2176 2851 2257 2903 ἔτι
2283 2846 2362 2920 τῷ
2405 2847 2571 2918 λόγῳ,
2597 2846 2656 2906 ὃς
2709 2845 2738 2897 ό
2787 2842 2951 2904 αὐτὸς
2994 2841 3090 2894 καὶ
3135 2833 3216 2902 εἷς
3250 2837 3496 2908 ἀριθμῷ,
3527 2836 3623 2890 καὶ

2034 2940 2343 3004 ἐνδιάθετος
2383 2934 2524 2992 εῖναι
2553 2935 2803 3004 δύναται,
2835 2934 2930 2987 καὶ
2959 2932 3279 3000 λεγόμενος,
3299 2929 3396 2984 καὶ
3423 2927 3625 2980 ἀκουό-

2037 3050 2199 3105 μενος
2228 3031 2323 3085 καὶ
2351 3029 2700 3101 γραφόμενος
2730 3044 2745 3057 ’
2773 3027 2868 3080 καὶ
2907 3025 2934 3077 ό
2964 3022 3259 3091 λεγόμενος
3285 3020 3340 3073 δὲ
3373 3019 3430 3082 ὃς
3460 3020 3556 3072 καὶ
3585 3019 3616 3071 ό

347 3117 520 3171 terius
545 3131 664 3172 eam
697 3116 986 3185 illuminat,
1014 3118 1155 3174 idem
1218 3119 1382 3176 simul
1441 3121 1734 3187 exsistens,
1759 3129 1814 3176 et
1843 3135 1929 3180 ne.

2039 3121 2199 3184 αὐτὸς
2228 3120 2417 3182 ἀκοαῖς
2451 3115 2920 3189 περιλαμδάνεται
2954 3112 3194 3168 πλείοσι.
3232 3109 3378 3180 Πρὸς
3404 3110 3621 3172 τούτοις

345 3226 453 3280 que
478 3226 508 3265 a
542 3213 746 3280 seipso,
784 3227 886 3266 nec
913 3226 942 3266 a
983 3212 1097 3268 sole
1123 3224 1463 3284 separatum.
1487 3214 1595 3270 Sed
1636 3225 1689 3270 et
1714 3214 1925 3284 species

2038 3213 2115 3284 τῷ
2141 3211 2233 3266 τοῦ
2256 3212 2410 3284 ἡλίου
2437 3210 2576 3280 φωτὶ
2593 3209 2655 3262 εν
2689 3226 2748 3262 τε
2780 3207 2860 3278 τῷ
2892 3205 2997 3270 ἔξω
3031 3205 3130 3276 τῆς
3160 3202 3336 3264 οίκίας
3363 3202 3621 3270 διαφανεῖ

343 3305 398 3358 in
433 3305 691 3359 omnibus
721 3313 807 3360 est
837 3313 892 3359 et
913 3303 1292 3374 singularibus
1339 3305 1663 3372 individuis,
1687 3305 1927 3360 ubicun-

347 3413 453 3467 que
487 3397 576 3454 illa
601 3399 734 3464 sint,
764 3414 887 3455 cum
924 3406 1105 3454 tamen
1140 3415 1248 3454 una
1297 3414 1528 3455 numero
1556 3400 1647 3466 sit,

2036 3309 2132 3362 καὶ
2159 3306 2308 3361 ἔνδον
2344 3305 2518 3376 αὐτῆς
2545 3320 2562 3337 ο
2593 3303 2687 3358 καὶ
2721 3304 2780 3356 ἑν
2824 3305 2891 3371 τῇ
2935 3299 3076 3371 ύέλῳ
3128 3298 3185 3350 δὲ
3221 3296 3335 3350 δντι
3363 3294 3432 3349 δι’
3465 3289 3532 3366 ἧς
3558 3293 3620 3346 τὸ

2037 3397 2152 3468 φῶς
2206 3397 2357 3452 ἔνδον
2405 3395 2506 3465 τῆς
2563 3394 2743 3457 οίκίας
2787 3391 3049 3462 διαφανὲς
3105 3387 3489 3456 καταλάμπει·
3537 3383 3617 3450 τῷ

349 3491 500 3561 αύτῷ
556 3491 616 3545 δὲ
667 3490 818 3562 ὅμως
869 3490 1218 3560 τυγχάνοντι,
1253 3492 1346 3544 καὶ
1395 3491 1521 3561 μήθ’
1553 3490 1750 3545 ἑαυτοῦ
1786 3491 1926 3562 μήτε
1955 3488 2051 3544 τοῦ
2089 3491 2239 3562 ηλίου
2294 3489 2676 3560 χωριζομένῳ.
2727 3485 2894 3541 Ἀλλὰ
2939 3486 3049 3559 μην
3096 3485 3191 3541 καὶ
3222 3484 3285 3540 τὸ
3345 3479 3486 3548 εἶδος
3560 3482 3620 3534 ὲν

353 3583 522 3640 πᾶσίν
579 3583 696 3637 ἐστι
739 3582 855 3646 τοῖς
902 3581 1058 3647 ίδίοις
1110 3582 1356 3655 ἀτόμοις,
1405 3585 1654 3656 ὅπουπερ
1717 3584 1784 3638 ἂν
1835 3583 1923 3655 εἴη
1959 3582 2154 3648 ταῦτα,
2191 3584 2250 3635 ἓν
2288 3582 2346 3636 δν
2379 3581 2618 3653 ἀριθμῷ.

424 3680 611 3736 Multis
651 3677 919 3751 ejusmodi
994 3680 1265 3751 exemplis
1311 3681 1710 3736 dubitationem
1763 3681 1932 3736 menti

350 3775 600 3830 obortam
644 3773 923 3844 depellere
979 3787 1278 3844 possumus
1323 3791 1337 3829 :
1385 3789 1571 3827 verum
1621 3773 1820 3828 sumeit
1876 3783 1933 3828 ut

349 3865 661 3922 indubitata
722 3863 829 3920 ﬁde
883 3863 959 3920 ita
1012 3863 1345 3928 sentiamus,
1406 3873 1462 3919 et
1497 3879 1560 3921 ea
1593 3865 1707 3919 sola
1737 3865 1936 3919 contir-

351 3961 507 4026 mati,
561 3957 939 4029 perfunctorie
1000 3956 1233 4029 reliquis
1281 3955 1610 4027 adjiciamus
1659 3957 1929 4014 animum.

354 4055 530 4127 Hujus
569 4056 716 4114 enim
775 4055 1109 4112 sacramenti
1136 4053 1283 4127 quod
1319 4053 1741 4126 supernaturale
1771 4059 1856 4106 est
1879 4056 1934 4106 et

355 4150 694 4224 prodigium,
753 4147 898 4222 quod
952 4149 1168 4219 reliqua
1211 4149 1399 4204 omnia
1453 4149 1615 4218 longo
1645 4143 1935 4200 intervallo

354 4255 601 4316 superat,
678 4258 930 4316 quanam
1014 4242 1255 4296 humana
1316 4240 1460 4295 ratio
1525 4239 1674 4294 reddi
1730 4245 1931 4309 potest,

359 4345 456 4390 aut
507 4335 654 4406 quod
725 4333 1032 4404 exemplum
1081 4350 1146 4389 ex
1200 4333 1365 4388 rebus
1423 4329 1770 4384 naturalibus
1836 4327 1931 4381 de-

358 4435 638 4497 sumptum
697 4426 873 4480 eidem
924 4425 1322 4480 convenienter
1360 4420 1765 4476 accommodari
1812 4418 1935 4472 iAt

2119 3679 2228 3732 Καὶ
2261 3677 2474 3741 πολλοῖς
2503 3676 2771 3742 τοιούτοις
2793 3674 3207 3747 παραδείγμασι
3239 3674 3339 3748 τὴν
3378 3673 3620 3745 ἀπορίαν

2037 3770 2134 3826 τοῦ
2215 3770 2308 3824 νοῦ
2382 3769 2838 3842 παραμυθεῖσθαι
2894 3769 3219 3840 δυνάμεθα·
3285 3768 3404 3823 ἀλλ’
3457 3767 3621 3838 ἀρκεῖ

2041 3865 2182 3938 μετά
2216 3864 2459 3928 πίστεως
2491 3863 2822 3919 ἀδιστάκτου
2857 3862 3018 3918 τοῦτο
3064 3865 3284 3933 φρονεῖν
3319 3862 3416 3916 καὶ
3445 3861 3621 3930 ταύτῃ

2042 3959 2182 4032 μόνῃ
2215 3959 2643 4031 βεδαιουμένους
2675 3956 2844 4011 τᾶλλα
2874 3957 2951 4021 ὡς
2979 3959 3037 4010 ὲν
3063 3957 3329 4027 παρέργῳ
3366 3956 3619 4008 σκοπεῖν.

2049 4053 2363 4124 ’Υπερφυεῖ
2388 4053 2499 4123 γὰρ
2522 4051 2638 4105 δντι
2665 4048 2743 4120 τῷ
2773 4049 3063 4122 μυστηρίῳ
3087 4049 3182 4101 καὶ
3208 4046 3484 4118 τεραστίῳ
3510 4047 3622 4098 πᾶν

2043 4148 2267 4203 νικῶντι
2299 4146 2611 4215 τεράστιον.
2658 4142 2744 4206 τίς
2773 4141 2840 4196 ἂν
2875 4139 3171 4210 ἀποδοθείη
3212 4139 3371 4208 λόγος
3412 4136 3631 4209 ἀνθρὼ-

2045 4258 2226 4305 πινος,
2268 4241 2302 4310 ἢ
2349 4239 2404 4292 τί
2444 4238 2512 4294 ἀν
2562 4237 2782 4299 οίκείως
2839 4235 2903 4289 ὲκ
2933 4234 3042 4287 τῶν
3097 4231 3346 4303 φυσικῶν
3378 4233 3624 4310 ἐφαρμο-

2047 4335 2204 4406 σθείη
2249 4305 2643 4403 παράδειγμας
2693 4327 2838 4382 Ἀλλ’
2887 4327 2949 4380 ού
2996 4325 3260 4396 δύναμαι.
3316 4325 3473 4394 φησὶ,
3505 4305 3626 4377 πεί-

2045 4427 2273 4482 θεσθαιο
2325 4425 2394 4478 τά
2453 4423 2554 4494 μὲν
2608 4419 3034 4493 παραδείγματα
3067 4417 3162 4472 καὶ
3213 4418 3263 4470 οι
3313 4416 3465 4486 λόγοι
3524 4416 3626 4485 τὴν

353 4535 479 4590 ego,
553 4519 794 4585 inquies,
847 4517 1171 4588 persuaderi
1224 4531 1334 4571 non
1381 4531 1604 4586 possum
1643 4513 1929 4582 :erempla

2049 4518 2237 4573 πίστιν
2281 4515 2778 4588 προῦποτιθέασιν,
2819 4511 2932 4582 ἐγὼ
2961 4511 3019 4565 δὲ
3050 4508 3383 4573 ἀποδείξεως
3409 4508 3626 4578 δέομαι,

357 4614 506 4667 enim
564 4622 618 4666 et
669 4611 912 4666 rationes
961 4609 1126 4665 tidem
1163 4618 1600 4680 pra‘suppontlnt
1634 4626 1649 4675 ;
1681 4623 1784 4676 ego
1841 4621 1938 4660 au-

361 4718 469 4759 tem
499 4703 972 4760 demonstratione
1001 4701 1223 4773 indigeo
1249 4719 1263 4756 :
1295 4702 1518 4756 credere
1545 4717 1654 4755 non
1687 4713 1931 4768 possum.

363 4795 466 4850 Sed
497 4804 673 4867 potes,
709 4796 936 4864 inquam
957 4809 1080 4863 ego,
1119 4793 1367 4859 credere,
1395 4793 1441 4848 si
1476 4793 1556 4846 vis
1591 4810 1606 4856 ;
1641 4806 1765 4844 nam
1801 4787 1938 4843 ﬁdes

363 4889 670 4945 voluntaria
726 4897 812 4944 est
859 4887 1028 4942 animi
1070 4886 1388 4942 consensio.
1451 4873 1606 4950 Quod
1666 4883 1710 4937 si
1768 4881 1932 4944 nolis,

357 5000 446 5040 res
499 4983 658 5038 aliter
719 4997 780 5036 se
839 4981 1082 5045 habebit,
1133 4981 1348 5034 etiamsi
1408 4979 1570 5033 nolis.
1633 4974 1752 5031 Non
1819 4989 1938 5030 creo

359 5080 456 5134 des
505 5077 774 5132 asserenti
808 5075 956 5146 quod
1006 5090 1070 5128 ex
1133 5083 1274 5129 terra
1336 5072 1540 5128 ferrum
1605 5072 1719 5135 ﬁat,
1779 5072 1937 5138 longe

360 5170 618 5224 lortassis
666 5167 734 5222 ab
789 5167 1062 5236 ejusmodi
1124 5165 1363 5219 artilleio
1398 5172 1658 5225 remotus,
1689 5175 1744 5216 et
1798 5161 1935 5215 illud

361 5266 624 5333 ignorans
672 5280 686 5316 :
742 5276 922 5330 neque
980 5257 1124 5331 quod
1180 5275 1244 5313 ex
1286 5259 1506 5313 cinerca
1550 5258 1785 5325 quadam
1825 5272 1939 5309 tna-

363 5355 496 5406 teria
565 5353 767 5407 vitrum
820 5351 935 5413 ﬁat,
991 5349 1119 5419 quia
1175 5347 1428 5403 fortassis
1487 5361 1766 5416 nunquam
1806 5347 1936 5400 dum

361 5443 464 5499 ista
521 5443 657 5496 tinnt
717 5441 1082 5506 intervenisti,
1151 5455 1330 5509 neque
1373 5438 1630 5493 sensibus
1690 5441 1937 5504 corporis

358 5536 476 5590 haec
542 5535 857 5604 percepisti,
927 5543 1091 5604 atque
1163 5531 1236 5585 ita
1295 5531 1362 5586 de
1418 5531 1564 5586 aliis.
1641 5531 1753 5601 Ego
1805 5546 1937 5586 vero

365 5629 657 5683 ostendam
707 5627 830 5688 tibi,
901 5627 1045 5697 quod
1092 5626 1261 5680 multa
1297 5625 1508 5684 credas.
1570 5640 1694 5694 qua:
1752 5625 1939 5679 videre

364 5739 476 5777 non
531 5730 704 5792 potes.
755 5721 948 5776 Credis
981 5737 1045 5775 ex
1077 5728 1318 5788 quatuor
1365 5721 1656 5774 elementis
1683 5729 1937 5774 constare

357 5828 558 5884 corpus
592 5822 745 5884 tuum
776 5830 790 5882 ;
832 5813 928 5870 sed
962 5829 1071 5870 non
1097 5813 1248 5869 vides
1279 5812 1424 5882 quod
1459 5827 1523 5867 ex
1564 5811 1758 5868 iisdem
1789 5827 1937 5868 com-

2049 4611 2336 4666 πιστεύειν
2367 4610 2425 4662 δὲ
2473 4609 2534 4662 οὐ
2566 4606 2829 4677 δύναμαι.
2880 4604 3044 4659 Ἀλλά
3075 4603 3234 4674 δύνῃ,
3290 4602 3382 4655 ἐὰν
3412 4600 3625 4674 ἐθέλῃς,

2051 4705 2335 4759 πιστεύειν
2353 4719 2367 4735 ο
2400 4702 2585 4766 πίστις
2618 4702 2729 4770 γάρ
2753 4701 2904 4752 ἔστιν
2933 4697 3182 4759 ἑκούσιος
3210 4694 3391 4764 ψυχῆς
3417 4709 3628 4762 συγκαο

2047 4799 2291 4862 τάθεσις.
2334 4796 2462 4851 Ἐὰν
2485 4794 2541 4848 δὲ
2575 4792 2651 4864 μὴ
2691 4790 2875 4864 θέλῃς,
2905 4790 3066 4854 ἀλλος
3090 4789 3156 4843 ἂν
3197 4791 3282 4856 εῖη
3323 4787 3500 4855 λόγος,
3535 4785 3629 4838 ἐὰν

2052 4895 2128 4962 μὴ
2162 4891 2346 4962 θέλῃς.
2379 4887 2505 4942 Οὐδ’
2543 4887 2626 4941 ὃτι
2659 4887 2722 4939 ἐκ
2750 4884 2856 4954 γῆς
2885 4882 3100 4950 γίνεται
3133 4880 3376 4950 σίδηρος,
3400 4877 3620 4931 πιστεύ-

2051 5001 2167 5047 σεις
2184 4983 2262 5049 τῷ
2293 4982 2533 5050 λέγοντι,
2560 4977 2695 5039 ἴσως
2727 4977 2920 5048 πόρῤω
2949 4973 3050 5044 τῆς
3072 4972 3332 5040 τοιαύτης
3361 4970 3624 5040 ἐργασίας

2049 5076 2364 5146 τυγχάνων,
2397 5074 2493 5125 καὶ
2537 5071 2638 5125 οὐκ
2668 5067 2850 5132 εἰδὼς,
2879 5065 2990 5120 οὐδ’
3020 5068 3101 5119 ὅτι
3149 5065 3215 5118 ἐκ
3245 5081 3390 5125 τινος
3420 5061 3626 5133 τεφρώο

2049 5168 2177 5231 δους
2203 5165 2339 5234 ὕλης
2366 5166 2394 5218 ό
2417 5163 2569 5224 ὕελος
2591 5161 2680 5216 διά
2703 5160 2763 5214 τὸ
2791 5159 2868 5229 μὴ
2893 5158 3307 5231 παραγενέσθαι
3329 5155 3459 5209 ποτέ
3484 5171 3628 5224 γινοο

2053 5258 2262 5328 μένοις,
2291 5257 2428 5326 μηδὲ
2464 5255 2806 5326 σωματικαῖς
2834 5251 3124 5320 αἰσθήσεσι
3151 5250 3326 5304 ταῦτα
3356 5249 3506 5313 ἰδεῖν,
3530 5248 3625 5301 καὶ

2049 5349 2282 5402 ἐπὶτῶν
2342 5345 2522 5402 ἄλλων
2555 5339 2800 5417 ¹ὁμοίως.
2869 5342 3014 5412 Ἐγὼ
3053 5343 3110 5396 δὲ
3167 5343 3329 5405 δείξω
3381 5358 3487 5403 σοι,
3545 5341 3626 5394 ὅτι

2052 5442 2226 5496 πολλά
2253 5439 2535 5512 πιστεύεις
2579 5441 2616 5495 ἃ
2650 5440 2872 5511 βλέπειν
2912 5439 2974 5491 οὺ
3027 5435 3183 5509 δύνῃ.
3244 5431 3529 5496 Πιστεύεις
3559 5433 3621 5485 ὲκ

2048 5533 2158 5585 τῶν
2221 5525 2512 5600 τεσσάρων
2567 5526 2708 5582 εἶναι
2764 5527 3050 5599 στοιχείων
3094 5524 3166 5577 τὸ.
3196 5523 3358 5593 σῶμα
3400 5521 3461 5574 τδ
3512 5522 3621 5581 σὸν,

2048 5626 2166 5680 ἀλλ’
2198 5627 2259 5678 οὖ
2316 5623 2540 5696 βλέπεις
2575 5623 2708 5679 αὐτὸ
2751 5621 3141 5690 συντιθέμενον
3175 5615 3234 5681 ἐξ
3276 5615 3454 5668 αὐτῶν
3483 5630 3497 5645 ·
3533 5630 3626 5665 πι-

2052 5717 2268 5781 στεύεις
2299 5718 2391 5769 τὸν
2421 5715 2515 5769 σὺν
2561 5716 2904 5786 πρόπαππον
2932 5713 3028 5766 καὶ
3064 5709 3387 5762 ὲπίπαππον
3415 5704 3632 5758 τοιούσ-

2051 5809 2105 5863 δε
2148 5808 2454 5878 γεγονέναι,
2486 5806 2602 5862 ἀλλ’
2627 5806 2726 5860 οὐκ
2773 5800 2912 5870 εἶδες
2939 5803 3170 5866 αὐτούς·
3209 5798 3487 5862 πιστεύεις
3527 5796 3620 5851 τὸν
