3976 6452
393 393 499 456 369

1390 396 1577 459 ῙΙΟΜ.
1619 397 1715 457 DE
1758 397 2087 461 SACRAM.
2141 401 2493 464 CURPORE
2532 404 2685 468 J.-C.

3548 408 3659 471 370

392 512 631 570 ὠκεανὸν
661 514 1010 583 περικλύζειν
1046 514 1144 586 τὴν
1184 514 1305 585 γῆν·
1336 515 1617 581 πιστεύεις
1642 516 1719 587 τῷ
1748 517 1965 587 λέγοντι

2088 522 2310 589 positum
2347 524 2416 578 sit
2445 528 2660 587 ;credis
2697 541 2959 596 proavum
2997 540 3049 579 et
3101 534 3321 578 atavum
3362 530 3515 577 tuutn
3553 526 3656 577 bos

395 608 485 660 τὸν
519 607 671 676 ἤλιον
700 606 979 676 ἐκλείψειν
1009 609 1134 660 ὅλον
1166 608 1199 678 ἢ
1236 609 1329 661 τὸν
1378 610 1554 677 ἡμίση
1599 611 1739 679 μετά
1772 614 1971 664 τοσαύ-

399 720 495 765 τας
522 700 736 771 ἡμέρας
764 702 859 753 καὶ
890 700 1063 771 ὧρας,
1096 701 1214 753 ἀλλ’
1246 701 1348 754 οὐκ
1378 697 1517 765 είδες
1562 701 1724 768 αὐτά,
1754 703 1788 774 ἢ
1813 701 1970 757 οὐπω

400 793 672 865 ἑώρακας.
698 794 762 845 El
797 792 854 846 δὲ
884 796 997 856 τοῖς
1024 792 1197 846 ταῦτα
1228 794 1538 863 ἱστοροῦσιν
1576 794 1847 858 ἀποδίδως
1870 796 1972 865 τὴν

406 889 611 953 πίστιν,
652 888 806 956 πόσῳ
834 886 968 948 Θεὸς
1011 887 1457 957 ἀξιοπιστότερος
1501 886 1810 959 ἀνθρώπων
1859 888 1970 941 τῶν

403 981 577 1033 ταῦτα
594 979 965 1048 διηγουμένων
986 978 1180 1046 λέγων,
1204 981 1312 1045 ὅτι,
1344 978 1527 1033 Τοῦτό
1550 980 1682 1033 ἐστι
1712 980 1778 1032 τὸ
1804 978 1978 1047 σῶμά

400 1091 546 1144 μου,
576 1075 693 1138 κατ,
729 1070 917 1125 Τοῦτο
952 1071 1016 1124 τὸ
1042 1066 1181 1139 αἷμὰ
1208 1090 1327 1141 μου
1350 1087 1370 1137 ς
1415 1070 1579 1125 Ἀλλά
1597 1071 1693 1123 καὶ
1717 1069 1976 1159 περὶὶτῆς

411 1167 666 1235 ἀληθείας
715 1166 807 1218 τοῦ
858 1164 1101 1226 εἰπόντος
1133 1163 1487 1233 ἀμφιϐάλλω,
1536 1163 1695 1234 φησὶ,
1739 1162 1833 1215 καὶ
1875 1162 1975 1232 τῆς

413 1259 621 1310 ἐκείνου
701 1257 979 1325 θεότητος.
1064 1255 1209 1309 Ἀλλ’
1289 1253 1706 1324 έκτετύφλωσαι
1780 1254 1976 1318 δντως,

410 1349 685 1419 ἄνθρωπε,
742 1350 874 1420 περὶ
937 1348 1047 1402 τῶν
1095 1348 1381 1418 προδήλων
1440 1348 1769 1417 ἀμφιγνοῶν
1824 1348 1979 1416 ἡλίου

408 1441 789 1511 λαμπρότερον
823 1442 1168 1511 μαρτυροῦσι
1206 1441 1304 1511 τὴν
1327 1441 1583 1512 ἀλήθειαν
1605 1439 1699 1495 τοῦ
1730 1441 1980 1505 εἰπόντος

396 1532 498 1603 ’καὶ
552 1533 650 1600 τὴν
684 1532 937 1602 θεότητα,
974 1532 1028 1586 αί
1084 1534 1214 1602 περὶ
1268 1532 1433 1585 αὐτὸν
1484 1533 1819 1604 προφητεῖαι
1869 1531 1979 1585 τῶν

406 1624 568 1693 ίερῶν
602 1624 928 1694 προφητῶν,
960 1625 1070 1677 τῶν
1108 1623 1486 1695 χρηστηρίων,
1522 1623 1632 1677 τῶν
1673 1622 1977 1688 Σιϐυλλῶν,

403 1716 623 1768 πάντων
660 1715 867 1783 σοφῶν,
906 1715 1129 1767 πάντων
1165 1716 1414 1784 μάντεων
1447 1714 1717 1785 εὐφήμως
1749 1714 1845 1783 τὴν
1883 1729 1980 1781 με·

403 1810 599 1875 γίστην
654 1808 874 1878 ἐκείνην
933 1808 1028 1861 καὶ
1082 1806 1410 1874 σωτηριὼδη
1464 1806 1827 1877 καινοτομίαν
1885 1806 1980 1859 ἐπὶ

2077 613 2173 669 vel
2200 614 2324 669 illos
2386 617 2687 681 exstitisse,
2754 617 2850 671 sed
2912 633 3008 672 eos
3060 633 3167 670 non
3214 616 3399 672 vidisti
3438 617 3658 683 ;credis

2078 719 2341 759 oceanum
2396 706 3038 770 circumfumliterram,
3087 706 3267 762 credis
3320 706 3528 763 dicenti
3564 723 3657 762 so-

2078 795 2187 848 lem
2242 796 2472 864 eclipsin
2518 811 2812 865 passurum
2874 806 3045 851 totum
3094 797 3177 851 vel
3221 797 3506 851 dimidium
3538 809 3678 867 post.

2082 896 2159 943 tot
2217 889 2338 944 dies
2393 898 2446 943 et
2502 888 2713 953 horas;
2750 890 2845 943 sed
2904 904 3013 943 non
3068 888 3276 953 vidisti,
3332 905 3508 957 neque
3559 905 3657 942 un,

2080 995 2246 1049 quam
2304 981 2419 1033 haec
2446 978 2627 1034 oculis
2666 965 2972 1049 usurpasti.
3000 981 3056 1036 Si
3098 995 3228 1035 vero
3268 980 3383 1035 hate
3421 980 3660 1034 referen-

2083 1073 2229 1127 tibus
2267 1071 2426 1127 ﬁdem
2478 1072 2731 1136 adhibes,
2782 1081 2986 1141 quanto
3040 1073 3215 1143 magis
3260 1087 3371 1142 pra:
3425 1072 3655 1126 homini-

2081 1172 2185 1225 bus
2229 1171 2332 1226 ista
2378 1169 2739 1225 narrantibus
2768 1167 2929 1223 ﬁdem
2969 1178 3211 1222 meretur
3240 1167 3387 1223 Deus
3430 1167 3661 1221 dicens:

2086 1260 2199 1315 lloc
2224 1272 2301 1315 est
2336 1276 2527 1328 corpus
2562 1274 2765 1323 meum;
2820 1268 2919 1312 et:
2956 1257 3059 1311 llic
3099 1265 3185 1309 est
3209 1256 3439 1325 sanguis
3471 1271 3614 1307 meus
3644 1256 3679 1305 ἢ

2086 1352 2190 1407 Sed
2250 1351 2460 1415 dubito,
2496 1349 2703 1419 inquis,
2736 1347 2803 1403 de
2841 1345 3142 1401 voracitate
3188 1345 3306 1414 ejus
3356 1343 3449 1413 qui
3498 1343 3663 1403 dixit,

2084 1453 2138 1498 et
2178 1443 2246 1499 de
2276 1444 2397 1513 ejus
2445 1441 2753 1497 divinitate.
2798 1440 2868 1493 At
2918 1439 3143 1494 eaecutis
3197 1453 3361 1498 vere,
3411 1452 3444 1488 o
3478 1436 3664 1493 homo.

2083 1536 2151 1592 de
2210 1535 2377 1592 rebus
2424 1532 2737 1589 manifestis
2788 1532 3067 1593 Iucsitans,
3126 1544 3250 1585 cum
3287 1527 3401 1584 sole
3465 1526 3667 1579 clarius

2086 1627 2462 1683 testimonium
2519 1624 2848 1695 perbibeant
2900 1621 2969 1678 de
3025 1622 3322 1676 veracitate
3368 1628 3423 1674 et
3465 1617 3635 1672 divini

2086 1729 2195 1775 tate
2219 1717 2515 1788 loquentis,
2539 1726 2853 1772 sanctorum
2877 1715 3266 1786 prOpbetarum
3297 1712 3363 1766 de
3381 1725 3447 1764 eo
3473 1709 3659 1762 vatici-

2084 1813 2195 1877 nia,
2220 1796 2464 1875 oracula,
2492 1800 2726 1879 Sibyllae,
2749 1807 3025 1878 sapientes
3047 1814 3100 1859 et
3123 1814 3509 1862 Vatesomncs:
3543 1818 3663 1867 qnze

402 1900 691 1970 βελτιώσει
738 1876 840 1969 τῆς
884 1900 1101 1969 φύσεως
1151 1899 1437 1972 πόρρωθεν
1478 1876 1979 1971 προαγγέλλουσαι,

2088 1903 2308 1975 quidem
2341 1876 2665 1974 prephetite
2692 1900 2783 1955 diu
2816 1876 2951 1953 ante
3005 1897 3522 1968 prmnttntiavernut
3557 1909 3663 1945 ιιιειο

393 1997 913 2064 Δοίιιονομησαμένου
938 1993 1099 2047 τοῦτο
1120 1993 1280 2059 Θεοῦ,
1306 1994 1393 2046 ἵνα
1419 1992 1886 2064 ἀπροφάσιστοςή
1914 1990 1982 2061 σὴ

402 2088 629 2142 ἀπιστία
661 2086 967 2158 κατακριθῇ
998 2102 1011 2117 '
1044 2086 1113 2141 τά
1162 2083 1605 2156 προηγησάμενα
1636 2082 1737 2153 τῆς
1784 2082 1985 2152 γεννή-

406 2198 548 2244 σεως
578 2177 772 2243 αὐτοῦ,
808 2180 1033 2245 καὶτῆς
1084 2176 1416 2242 ἀναδείξεως
1468 2176 1748 2244 θαύματαο
1784 2176 1812 2230 ό
1841 2174 1984 2244 ὑπὲρ

407 2272 753 2345 ἀνθρώπινον
778 2272 944 2325 αὐτοῦ
1001 2271 1136 2342 βίος,
1167 2273 1201 2343 η
1244 2269 1555 2341 ὑψηλοτάτη
1588 2271 1683 2324 καὶ
1729 2269 1985 2342 οὐράνιος

407 2370 500 2420 καὶ
532 2367 654 2420 θεία
685 2365 857 2429 ὅντως
891 2363 1211 2433 νομοθεσία,
1248 2365 1302 2416 αί
1336 2364 1677 2436 προρρήσεις
1709 2362 1876 2418 αὐτοῦ
1904 2364 1986 2426 είς

410 2463 574 2532 ἔργον
642 2458 1002 2530 ἐκϐεϐηκυῖαι
1058 2458 1259 2524 πᾶσαι,
1313 2458 1368 2509 al
1429 2438 1733 2529 ὑπερφυεῖς
1776 2455 1985 2507 ἐκεῖναι

408 2544 876 2623 θαυματουργίαι,
924 2550 953 2601 ό
1006 2548 1256 2611 ἑκούσιος
1294 2548 1550 2611 θάνατος,
1594 2546 1664 2602 τὰ
1716 2545 1805 2599 ἔπ’
1837 2544 1986 2612 αὐτῷ

410 2639 673 2707 θαύματα
695 2654 708 2668 ⁸
743 2630 817 2693 al.
840 2637 979 2708 μετά
1007 2638 1203 2691 τούτου
1241 2638 1634 2708 λαμπρότητες
1685 2637 1879 2690 πᾶσαι.
1914 2635 1989 2687 Τὸ

411 2730 519 2781 τῶν
559 2724 819 2805 μαθητῶν
864 2720 1278 2801 ⁴ἀμετάπτωτον
1312 2729 1456 2798 μέγα
1491 2728 1660 2803 μὲνεί
1691 2729 1786 2798 τῆς
1806 2727 1989 2781 αὐτῶν

413 2820 649 2884 πίστεως
682 2808 777 2891 ἦν,
808 2820 902 2873 καὶ
938 2821 1106 2890 πολλὴ
1140 2814 1240 2891 τῆς
1282 2819 1531 2889 περὶτοῦ
1589 2818 1828 2889 Χριστοῦ
1865 2835 1991 2870 συν-

414 2912 769 2984 εγνωσμένης
822 2913 1009 2975 αὐτοῖς
1056 2911 1321 2987 ἀληθείας
1372 2910 1673 2974 ἀπόδειξις·
1713 2908 1901 2978 μεῖζον
1932 2909 1990 2963 δὲ

416 3008 468 3059 εί
504 3007 603 3076 τῆς
632 3004 842 3058 ἐκείνου
878 3004 1106 3081 χάριτος
1132 3000 1201 3077 ἦν
1222 3005 1282 3057 οὐ
1323 3003 1590 3073 παρόντος
1624 3002 1989 3071 σωματικῶς,

412 3098 489 3162 ὼς
518 3097 809 3168 πρότερον,
854 3095 977 3175 ἀλλ’
1010 3096 1265 3166 ἀοράτως
1294 3096 1357 3148 ἐκ
1394 3095 1503 3148 τῶν
1544 3092 1794 3165 οὐρανῶν
1829 3094 1992 3147 αὐτὸν

2086 1996 2291 2051 ximam
2328 1995 2477 2048 illam
2509 2002 2560 2049 et
2587 1991 2895 2048 salutarem
2924 2005 3108 2046 rerum
3147 2001 3416 2044 novarum
3442 1984 3662 2044 seriem,

2088 2087 2155 2143 ad
2195 2097 2405 2142 natura:
2463 2093 2664 2141 nostra:
2738 2084 3151 2153 provectionem
3199 2080 3253 2133 in
3289 2078 3509 2139 melius,
3561 2074 3668 2129 Deo

2087 2182 2163 2237 ita
2195 2181 2573 2250 dispensante,
2633 2186 2694 2231 ut
2744 2173 3143 2230 inexcusabilis
3183 2168 3541 2225 incredulitas
3574 2176 3666 2219 tua

2087 2274 2573 2329 condemnaretur.
2633 2267 2898 2324 Miracnla
2958 2282 3078 2337 qua:
3138 2264 3260 2333 ejus
3323 2260 3665 2315 nativitatem

2088 2377 2142 2425 ct
2189 2364 2692 2421 manifestationem
2749 2368 3187 2430 praecesserunt;
3246 2357 3358 2409 vita
3403 2354 3525 2423 ejus
3570 2353 3663 2404 bo.

2090 2458 2252 2512 minis
2308 2455 2678 2511 conditionem
2735 2469 3045 2523 superans;
3083 2449 3485 2509 sublimissima
3520 2446 3659 2514 ejus.

2090 2550 2335 2606 caelestis
2380 2558 2434 2604 et
2477 2564 2604 2604 vere
2647 2546 2831 2603 divina
2893 2546 3169 2617 legislatio
3208 2562 3223 2611 ;
3277 2541 3665 2614 prmdietiones

2089 2642 2233 2712 ejus,
2291 2657 2413 2711 qua:
2468 2654 2662 2695 omnes
2706 2649 2906 2694 eventu
2971 2637 3346 2708 comprobatae
3395 2633 3663 2694 fuerunt;

2093 2733 2351 2788 miracula
2404 2733 2576 2797 edita,
2630 2747 2753 2801 qua:
2811 2730 3118 2785 naturalem
3179 2726 3477 2798 potentiam
3506 2740 3668 2777 exce-

2095 2825 2228 2877 dunt
2269 2838 2464 2888 ;mors
2524 2824 2867 2887 voluntaria;
2925 2821 3171 2892 prodigia
3218 2836 3340 2890 quae
3400 2834 3518 2872 eam
3573 2833 3662 2870 eu-

2062 2917 2308 2987 ,mitala,
2359 2924 2414 2971 et
2444 2932 2564 2986 qua:
2603 2932 2725 2970 eam
2775 2924 2965 2971 secuta
2998 2912 3367 2978 sunt,.otnnia
3398 2919 3505 2963 tam
3540 2909 3663 2961 illn-

2095 3007 2252 3062 stria.
2293 3006 2698 3077 Discipulorum
2728 3004 3093 3059 immutabilis
3134 3002 3667 3067 lirmitas,magnum

2097 3100 2356 3172 quiddam
2415 3114 2569 3165 sane,
2603 3097 2646 3153 si
2685 3114 2751 3153 ex
2807 3110 2999 3151 eorum
3044 3094 3151 3149 fide
3205 3100 3326 3147 erat
3357 3109 3372 3158 ;
3403 3090 3674 3159 Simulque

409 3188 736 3252 ἐντιθέντος.
774 3182 861 3240 υῑ
909 3187 1018 3241 τῶν
1042 3187 1360 3241 ἀποστόλων
1384 3187 1594 3254 ἀγῶνες
1630 3186 1770 3255 ὑπὲρ
1801 3186 1981 3239 αὐτοῦ⁴

2097 3194 2432 3266 amplissima
2484 3194 2683 3261 agnita:
2724 3191 2792 3247 ab
2828 3190 2962 3260 ipsis
3021 3189 3088 3243 de
3136 3185 3360 3243 Christo
3426 3185 3675 3265 veritatis

408 3286 435 3337 ὁ
468 3283 583 3353 βίος
604 3282 785 3335 αὐτῶν
816 3280 967 3333 οὐδὲν
1016 3281 1226 3352 ἀπᾷδον
1254 3279 1393 3349 ἔχων
1426 3280 1536 3333 τῶν
1568 3279 1749 3333 καλῶν
1783 3279 1991 3348 δογμά-

406 3393 517 3427 των
552 3374 649 3427 καὶ
684 3371 1157 3443 παραδειγμάτων
1190 3371 1286 3424 τοῦ
1322 3371 1670 3425 διδασκάλου·
1714 3372 1765 3423 οἱ
1796 3371 1982 3424 κίνδυ-

405 3486 489 3521 νοι
519 3466 725 3521 τούτων
773 3464 916 3536 ὑπὲρ
968 3463 1071 3534 τῆς
1122 3463 1381 3536 ἀληθείας
1434 3464 1655 3533 καὶτῆς
1713 3463 1989 3533 σωτηρίας

403 3560 504 3614 τοῦ
537 3560 746 3632 κόσμου
786 3561 924 3631 μετά
948 3559 1205 3614 τοσούτου
1234 3561 1398 3631 ζήλου
1420 3574 1432 3588 ³
1461 3559 1529 3613 τά
1561 3559 1821 3628 θαύματα
1853 3560 1889 3614 ά
1917 3559 1984 3613 δι’

402 3654 587 3708 αὐτῶν
639 3651 990 3724 ἐνηργοῦντο,
1043 3653 1139 3706 καὶ
1189 3647 1271 3715 οἷς
1329 3651 1716 3721 ἐφυλάττοντο.
1772 3653 1852 3706 Τά
1882 3652 1989 3705 τῶν

403 3746 706 3818 μαρτύρων
744 3744 957 3814 αἵματα
993 3746 1089 3797 καὶ
1118 3746 1188 3798 τὰ
1216 3745 1474 3814 θαύματα
1496 3760 1511 3776 ο
1545 3746 1577 3814 ἠ
1607 3745 1835 3816 λαμπρά
1857 3746 1983 3796 πάνυ

398 3856 513 3891 των
548 3838 657 3890 τῶν
683 3837 781 3907 τῆς
815 3837 919 3906 γῆς
952 3836 1236 3906 κλιμάτων
1285 3834 1395 3890 ἀπὸ
1430 3835 1529 3904 τῆς
1580 3836 1791 3906 πλάνης
1850 3837 1986 3905 πρὸς

405 3932 512 4003 τὴν
546 3929 722 4000 ἀληθῆ
783 3930 914 3999 περὶ
973 3928 1108 3980 Θεοῦ
1164 3929 1350 3982 πίστιν
1407 3930 1753 4000 ἐπιστροφή’
1800 3931 1833 3999 ή
1875 3928 1977 3995 τῆς

406 4023 768 4092 πολυχρονίου
841 4020 1272 4092 δεισιδαιμονίας
1331 4021 1634 4085 κατάλυσις
1694 4023 1987 4085 τοσούτους

396 4119 707 4188 τυράννους
742 4118 836 4171 καὶ
860 4115 1129 4175 δυνάστας
1164 4116 1610 4183 προϊσταμένους
1636 4115 1867 4185 ἐχούσης
1894 4119 1988 4168 καὶ

876 4207 977 4277 τῆς
1020 4208 1173 4278 ἱερᾶς
1247 4206 1573 4279 Ἐκκλησῗας
1619 4210 1761 4278 μετᾶ
1813 4209 1988 4260 ταῦτα

367 4302 768 4377 κατάστασις,
811 4302 1014 4363 παντὸς
1064 4301 1266 4369 σεμνοῦ
1318 4301 1413 4354 καὶ
1461 4302 1646 4371 τιμίου
1699 4303 1794 4354 καὶ
1826 4318 1991 4355 πνευ-

399 4396 640 4468 ματικοῦ
674 4396 891 4464 πλήρης
939 4395 1249 4464 χρήματος,
1286 4396 1377 4447 καὶ
1407 4393 1542 4463 πρὸς
1579 4395 1768 4448 είκόνα
1801 4395 1899 4465 τῆς
1927 4395 1985 4447 ἐν

394 4490 655 4560 οὐρανοῖς
721 4486 977 4553 εὐταξίας
1043 4483 1473 4556 ἐξειργασμένη.
1532 4487 1640 4538 Καὶ
1696 4486 1748 4538 τί
1804 4486 1868 4539 ἀν
1900 4503 1983 4546 τις

400 4208 733 4278 ὐπερδίκους

400 4584 707 4649 καταλέγοι
763 4582 863 4643 τάς
917 4580 1335 4651 ἐναργεστάτας
1388 4581 1519 4652 περὶ
1578 4581 1678 4650 τῆς
1739 4581 1983 4651 Χριστοῦ
2023 4564 2062 4618 ί)

398 4679 658 4747 θεότητος
700 4674 1009 4741 ἀποδείξεις
1040 4674 1306 4744 ἀπείρους
1333 4673 1500 4737 οὔσας
1528 4674 1605 4742 τῷ
1640 4674 1864 4745 πλήθει,
1890 4673 1983 4727 καὶ

395 4775 466 4842 τῇ
526 4770 755 4839 δυνάμει
812 4768 1121 4837 μεγίσταςς
1150 4767 1316 4820 Ὀοεν
1348 4768 1445 4831 τὰς
1487 4768 1589 4837 μὲν
1623 4769 1756 4837 περὶ
1784 4767 1979 4819 τούτου

400 4862 495 4917 τοῦ
533 4860 839 4933 μυστηρίου
876 4861 971 4913 καὶ
1001 4861 1110 4913 τῶν
1141 4861 1319 4914 ἄλλων
1369 4859 1469 4912 σῦν
1504 4859 1656 4929 αὐτῷ
1697 4857 1858 4912 θείων
1887 4858 1981 4911 καὶ

376 4957 569 5027 ,ἱερῶν
603 4952 945 5024 μυστηρίων,
972 4952 1066 5006 καὶ
1096 4953 1225 5022 ὅλης
1252 4953 1352 5022 τῆς
1381 4953 1617 5015 πίστεως
1646 4951 1979 5022 ἀμφιὸολίας

395 5053 515 5114 τοῖς
545 5049 795 5109 ἀπίστοις
826 5049 925 5101 καὶ
958 5047 1259 5116 αἱρετικοῖς
1299 5045 1695 5115 καταλίπωμεν
1721 5061 1734 5075 ⁸
1777 5044 1979 5115 μᾶλλον

394 5143 451 5198 δὲ
505 5141 600 5194 καὶ
649 5137 865 5203 τούτοις
912 5137 1201 5208 εὐξώμεθα
1249 5140 1313 5207 τῇ
1366 5137 1466 5207 τῆς
1526 5137 1785 5207 ἀληθείας
1811 5137 1979 5209 αἴγλῃ

396 5230 884 5301 καταλαμφθῆναι.
945 5229 1137 5299 Ἡμεῖς
1170 5230 1225 5284 δὲ
1255 5228 1333 5300 τῷ
1388 5230 1537 5300 καλῷ
1587 5229 1767 5297 λιμένι
1807 5245 1981 5299 προσ-

391 5322 766 5396 ορμιζόμενοι,
815 5324 882 5391 τῇ
936 5321 1069 5391 ζωῇ,
1120 5321 1196 5391 τῷ
1246 5323 1409 5390 φωτὶ,
1473 5324 1539 5392 τῇ
1590 5321 1843 5391 ἀληθεία,
1909 5321 1974 5391 τῇ

397 5418 536 5488 πρὸς
576 5416 674 5485 τὴν
697 5414 977 5484 σωτηρίαν
1023 5415 1147 5483 ὀδῷ,
1198 5414 1276 5484 τῷ
1308 5415 1566 5485 ἡμετέρῳ
1594 5414 1742 5483 λέγω
1770 5416 1977 5466 Δεσπό-

392 5527 486 5584 τῃ.
527 5510 618 5561 καὶ
645 5508 787 5577 ὑπὲρ
827 5510 1086 5562 ἁπάντων
1118 5503 1200 5572 οἷς
1236 5510 1387 5579 ἡμᾶς
1428 5509 1774 5580 εὐηργέτηκε
1812 5506 1975 5579 χάριν

394 5598 785 5671 ὁμολογοῦντες
812 5597 1103 5667 ἀποδῶμεν
1128 5598 1277 5669 αὐτῷ
1296 5600 1390 5651 καὶ
1420 5598 1661 5665 νῦν,’καὶ
1687 5599 1786 5663 τῆς
1810 5616 1974 5651 πνευ-

397 5691 639 5764 ματικῆς
666 5693 868 5761 ταύτης
901 5691 1105 5761 τροφῆς
1140 5693 1241 5762 τὴν
1282 5692 1656 5762 εὐχαριστίαν,
1687 5691 1756 5744 δι’
1781 5686 1847 5763 ἧς
1877 5690 1973 5759 τὴν

394 5792 449 5838 ἐν
484 5787 617 5853 ἡμῖν
664 5788 763 5855 τῆς
795 5786 1018 5857 χάριτος
1052 5787 1268 5856 θέρμην
1327 5787 1597 5851 μένουσαν
1662 5784 1760 5853 μὲν
1817 5782 1972 5847 αὔξει

402 5877 543 5947 μετὰ
587 5878 787 5945 πολλῆς
830 5879 925 5949 τῆς
962 5879 1304 5952 προσθήκης,
1340 5877 1445 5933 ὐπὸ
1482 5878 1536 5931 δὲ
1573 5876 1672 5949 τῆς
1708 5875 1971 5947 πονηρίας

2096 3284 2550 3339 demonstratio:
2585 3281 2768 3349 majus
2823 3295 2970 3343 vero,
3024 3278 3069 3333 si
3142 3277 3195 3331 id
3250 3276 3425 3345 ipsius
3490 3272 3675 3343 gratia:

2094 3376 2447 3431 tribuendum
2513 3383 2648 3440 erat,
2704 3375 2798 3443 qui
2845 3389 2954 3428 non
3002 3371 3139 3441 jam,
3179 3380 3237 3424 ttt
3272 3368 3446 3440 prius,
3481 3382 3674 3435 corpo-

2094 3471 2280 3526 raliter
2332 3483 2592 3539 praesens,
2647 3467 2741 3524 sed
2807 3465 3155 3522 invisibiliter
3230 3478 3261 3517 e
3320 3460 3478 3518 caelis
3554 3476 3674 3513 eam

2095 3563 2430 3619 insinuabat.
2458 3563 2845 3631 Apostolorum
2897 3573 2994 3628 pro
3024 3558 3144 3628 ipso
3180 3555 3480 3611 certamina
3517 3570 3531 3619 ;
3566 3552 3673 3605 vita

2092 3672 2283 3713 eorum
2320 3656 2454 3710 nihil
2483 3655 2689 3711 babens
2721 3655 2988 3708 absonum
3018 3667 3046 3706 a
3080 3650 3363 3722 praeclaris
3398 3645 3674 3702 doctrinis

2093 3762 2148 3805 et
2204 3749 2473 3819 exemplis
2543 3747 2845 3819 magistri;
2903 3744 3145 3815 pericula
3209 3744 3277 3795 ab
3343 3739 3483 3810 ipsis
3548 3752 3674 3790 cum

2094 3851 2247 3896 tanto
2316 3840 2534 3895 fervore
2595 3848 2852 3907 suscepta
2930 3852 3030 3908 pro
3087 3836 3317 3889 veritate
3370 3840 3423 3887 et
3497 3830 3675 3884 salute

2096 3932 2339 3999 mundi;
2382 3932 2647 3986 miracula
2675 3946 2795 3998 quae
2847 3944 2944 3996 per
2999 3941 3097 3981 eos
3156 3924 3561 3985 elliciebantur,
3622 3932 3675 3973 et

2093 4026 2291 4094 quibus
2352 4022 2732 4077 servabantur.
2758 4018 3054 4091 Martyrum
3116 4016 3341 4083 sanguis
3406 4024 3461 4070 et
3511 4014 3673 4067 mira-

2092 4117 2217 4171 cula
2247 4133 2259 4167 :
2290 4112 2577 4183 splendida
2639 4112 2885 4164 omnium
2946 4108 3097 4163 orbis
3141 4107 3424 4160 climatum
3480 4105 3548 4158 ab
3588 4120 3673 4157 er-

2094 4225 2216 4265 rore
2269 4208 2334 4261 ad
2389 4222 2573 4260 veram
2621 4205 2688 4259 dc
2730 4203 2840 4259 Deo
2866 4203 3027 4257 ﬁdem
3070 4200 3363 4256 conversio
3407 4217 3419 4253 :
3455 4198 3674 4252 diutur‘

2093 4314 2176 4351 me
2235 4296 2381 4350 illius
2416 4293 2831 4363 superstitionis
2892 4292 3217 4361 destructio,
3265 4290 3394 4345 licet
3446 4296 3526 4342 tot
3590 4298 3671 4359 ty-

2095 4405 2297 4445 rannos
2325 4397 2378 4445 ct
2415 4390 2676 4461 dynastas
2707 4397 3050 4459 protectores
3100 4392 3155 4440 et
3208 4384 3453 4438 vindices
3506 4382 3672 4434 babe-

2095 4495 2211 4539 ret:
2249 4483 2466 4538 demum
2502 4493 2707 4538 sancta:
2761 4480 3020 4536 Ecclesia:
3052 4477 3395 4542 constitutio,
3452 4478 3506 4529 iu
3566 4491 3671 4543 qua

2092 4576 2361 4647 quidquid
2412 4585 2733 4647 angustum,
2790 4575 3097 4645 pretiosum
3145 4579 3200 4625 et
3257 4567 3540 4640 spirituale
3566 4578 3672 4625 εει.

2094 4668 2312 4722 abunde
2344 4667 2665 4736 reperitur,,
2701 4680 2935 4736 qumque
2980 4665 3063 4717 ad-
3091 4661 3385 4730 imaginem
3416 4657 3671 4729 praeclari

2092 4760 2243 4815 illius
2297 4759 2354 4814 in
2414 4761 2555 4813 cmlo
2613 4756 2919 4812 constituti
2978 4751 3191 4807 ordinis
3226 4763 3491 4820 expressa
3561 4758 3670 4802 est.

2091 4850 2228 4919 Quis
2288 4867 2417 4906 vero
2489 4856 2775 4904 enunieret
2834 4844 3279 4901 evidentissimas
3346 4842 3413 4895 de
3466 4840 3671 4894 (lbristi

2091 4943 2385 4999 divinitate
2437 4939 2965 4999 demonstrationes,
3034 4933 3281 4989 inﬁnitas
3313 4931 3559 5001 quidem,
3624 4934 3668 4983 si

2090 5052 2354 5091 numerus
2395 5040 2708 5103 spectetur,
2754 5031 2798 5085 si
2849 5030 2931 5083 vis
2973 5038 3027 5083 et
3075 5030 3309 5099 pondus,
3365 5025 3671 5079 maximas?

2090 5132 2438 5200 Quapropter
2487 5141 2680 5180 omnes
2750 5135 2863 5179 tam
2919 5124 3070 5178 circa
3136 5127 3240 5176 hoc
3313 5122 3665 5191 mysterium,

2090 5241 2255 5298 quam
2319 5224 2529 5291 reliqua
2595 5236 2750 5276 sacra
2785 5228 2839 5273 et
2889 5218 3072 5273 divina
3142 5215 3422 5286 mysteria,
3499 5220 3663 5279 atque.

2086 5319 2225 5373 adeo
2278 5317 2424 5370 circa
2473 5314 2654 5376 (idem,
2698 5313 3071 5366 dubitationes
3116 5307 3427 5363 inﬁdelibus
3463 5312 3517 5357 et
3553 5304 3659 5357 hau

2088 5411 2277 5469 mucis
2333 5410 2750 5478 relinquamus:
2800 5407 3035 5459 maxime
3104 5418 3231 5457 vero
3304 5412 3549 5463 oremus.
3601 5406 3661 5447 ιιι

2086 5502 2336 5560 veritatis
2399 5501 2691 5570 splendore
2748 5498 3150 5552 illntniucntun
3226 5490 3338 5545 Nos
3398 5503 3529 5543 vero
3592 5491 3659 5539 ad

2088 5605 2263 5649 tutum
2306 5600 2525 5664 portum
2604 5588 2964 5660 appellentes,
3030 5583 3349 5646 Dominum,
3410 5579 3661 5650 inquam,

2090 5696 2364 5748 nostrum,
2431 5684 2522 5752 qui
2548 5691 2634 5737 cst
2668 5682 2795 5746 vita,
2831 5680 2946 5740 lux,
2979 5678 3181 5731 veritas
3203 5685 3259 5731 et
3287 5674 3374 5729 via
3409 5672 3475 5729 ad
3509 5674 3659 5727 salu-

2087 5791 2219 5843 tem,
2274 5790 2327 5833 et
2376 5793 2473 5848 pro
2506 5774 2763 5831 omnibus
2814 5772 3013 5841 qutcin
3053 5787 3156 5827 nos
3197 5768 3437 5827 contulit
3486 5768 3655 5824 bene-

2087 5875 2226 5931 ﬁciis
2286 5872 2488 5941 gratius
2548 5868 2870 5932 referentes,
2931 5864 3229 5922 reddamus
3282 5866 3447 5922 etiam
3505 5877 3657 5919 nunc
