3976 6452
447 442 558 506 3Ἱὸ

455 594 889 618 .______.._

1579 438 1624 496 G
1640 437 1970 498 ENNADII
2000 436 2112 497 ει).
2159 436 2441 496 PATRIA
2456 437 2679 498 RCHE

815 897 818 900 .
902 786 1536 904 EJUSDEM
1628 783 1960 899 ALIA
2041 721 2561 900 BREVIS
2641 785 3251 902 HOMILIA

1374 1037 1476 1097 DE
1505 1031 1859 1097 CORPORE
1909 1033 2007 1095 ET
2040 1035 2445 1097 SANGUINE
2505 1032 2792 1094 DOMINI

549 1224 768 1287 Relata
799 1246 844 1286 α
870 1193 1120 1286 Meletio
1154 1225 1408 1306 Syrigo,
1451 1223 1931 1286 hicromonacho
1972 1224 2282 1297 Cretensi,
2321 1224 2389 1282 in
2442 1222 2850 1300 Bcf-utetiam
2896 1219 3328 1301 Confessionis
3361 1220 3594 1300 Cyrilh'

1566 1350 1827 1412 Lucoris
1859 1346 2183 1428 Cpolitani
2220 1343 2623 1426 patriarchae.

519 1674 657 1731 Cum
709 1675 776 1728 de
824 1673 1210 1729 sacramentali
1244 1686 1474 1742 corpore
1507 1681 1564 1727 et
1601 1673 1868 1744 sanguine
1927 1675 2026 1727 Do-
2063 1680 2103 1734 Α

443 1767 577 1823 mini
628 1767 816 1821 nostri
846 1764 974 1822 Jesn
1005 1765 1214 1821 Christi
1249 1781 1423 1835 nuper
1456 1765 1520 1818 ad
1555 1775 1794 1820 vestram
1847 1767 2020 1822 inter-

441 1861 786 1931 rogationem
825 1875 891 1914 ex
932 1868 1177 1930 tempore
1214 1859 1687 1929 responderimus,
1722 1874 1871 1914 nunc
1922 1861 2021 1916 itc-

440 1968 564 2008 rum
603 1950 776 2006 fusius
828 1951 1313 2021 respondebimus.
1365 1967 1594 2010 necesse
1628 1952 1895 2008 habentes
1930 1969 2023 2008 ve-

438 2057 557 2100 ram
603 2045 937 2100 sacramenti
986 2044 1360 2114 cognitionem
1409 2046 1567 2102 vobis
1607 2047 1848 2112 tradere,
1903 2055 2025 2103 tan-

440 2151 606 2208 quam
641 2137 1012 2193 sanctissimis
1047 2137 1338 2192 animabus
1367 2152 1487 2206 qua:
1519 2141 1822 2194 secundum
1849 2139 2018 2196 Deum

345 2267 358 2275 -
437 2231 696 2300 diligunt,
733 2246 834 2285 nec
874 2232 1061 2286 minus
1094 2230 1421 2299 diliguntur.

507 2323 760 2379 Primum
806 2325 974 2395 igitur
1009 2324 1154 2378 scire
1180 2324 1420 2390 debetis,
1443 2325 1590 2395 quod
1634 2326 1852 2380 Domini
1904 2309 2044 2382 nos-5

440 2418 512 2474 tri
539 2435 749 2490 corpus
775 2417 1219 2480 sanctissimum,
1249 2433 1419 2472 unum
1454 2434 1677 2488 semper
1724 2420 2021 2488 assistens,

439 2515 694 2568 diversos
727 2507 1123 2567 considerandi
1155 2511 1349 2566 modos
1379 2512 1646 2578 admittit.
1673 2513 1847 2568 Aliter
1876 2515 2021 2569 enim

439 2622 472 2660 a
510 2606 669 2661 nobis
697 2606 1107 2667 consideratur,
1145 2613 1421 2672 quatenus
1453 2606 1724 2670 naturale,
1759 2606 1875 2662 sive
1901 2617 2020 2662 sto-

441 2702 539 2756 tim
573 2700 642 2754 ab
670 2699 791 2769 ipsa
827 2696 1212 2767 conceptione,
1247 2712 1424 2767 usque
1454 2700 1520 2752 ad
1559 2700 1735 2770 ipsius
1775 2715 1871 2769 per
1922 2701 2024 2755 mi~

441 2795 634 2848 racula
689 2791 1246 2847 manifestationem:
1299 2792 1460 2847 aliter
1493 2801 1767 2862 quatenus
1821 2794 2026 2864 glorio-

439 2903 588 2953 sum,
631 2885 749 2942 sive
801 2901 830 2939 a
871 2883 1326 2940 manifestatione
1377 2900 1551 2956 usque
1594 2886 1659 2942 ad
1707 2888 2021 2958 passionem

441 2989 506 3038 et
537 2979 880 3050 sepulturam
911 2995 932 3037 .'
979 2978 1143 3034 aliter
1188 2991 1411 3048 quoque
1449 2988 1718 3048 quatenus
1749 2979 2023 3052 glo‘rilica-

437 3081 579 3140 tum,
607 3072 808 3130 siveab
838 3071 1267 3140 resurrectione,
1301 3080 1354 3126 et
1387 3087 1603 3142 semper
1624 3073 1923 3144 deinceps:
1963 3088 2024 3128 a~

438 3167 568 3222 liter
603 3165 826 3221 tandem
858 3172 928 3220 ut
959 3167 1253 3236 mysticum
1283 3181 1379 3221 seu
1413 3167 1834 3236 sacramentalc,
1871 3181 2023 3221 nem-

2218 1669 2442 1742 Ἐπειδὴ
2495 1671 2626 1740 περὶ⁵
2680 1669 2776 1726 τοῦ
2819 1671 3238 1740 μυστηριώδους
3293 1675 3550 1744 σώματος
3613 1681 3712 1734 καὶ

2129 1762 2367 1832 αἵματος
2400 1762 2497 1816 τοῦ
2534 1762 2752 1832 Κυρίου
2783 1762 2940 1832 ἡμῶν
2985 1762 3164 1832 Ἰησοῦ
3199 1764 3440 1834 Χριστοῦ
3487 1771 3714 1840 προχεί-

2128 1875 2239 1929 ρως
2276 1859 2473 1934 πρώην
2503 1859 2926 1932 ἀπεκρινάμεθα
2959 1861 3098 1931 πρὸς
3126 1861 3230 1930 τὴν
3262 1864 3542 1935 ὑμετέραν
3571 1867 3714 1938 ὲρώ-

2127 1973 2309 2026 τησιν,
2339 1956 2437 2012 νῦν
2471 1957 2640 2012 πάλιν
2669 1955 3010 2025 πλατύτερον
3036 1957 3472 2028 άποκρινόμεθα,
3494 1960 3714 2032 ἔχοντες

2128 2050 2376 2120 ἀνάγκην
2409 2051 2486 2114 ὡς
2518 2049 2753 2104 δυνατὸν
2785 2047 3026 2102 ἐνθεῖναι
3050 2049 3180 2118 ύμῖν
3215 2051 3319 2112 τὴν
3350 2052 3529 2123 ἀληθῆ
3566 2055 3713 2122 γνῶ-

2132 2160 2220 2197 σιν
2252 2143 2347 2198 τοῦ
2387 2132 2718 2214 μυστηρίου,
2755 2143 2832 2206 ώς
2863 2142 3196 2206 ὀσιωτάταις
3219 2143 3422 2215 ψυχαῖς
3451 2145 3546 2200 καὶ
3569 2147 3714 2215 ἀγα-

2131 2234 2346 2311 πώισαις
2379 2233 2522 2288 κατά
2556 2233 2713 2298 Θεὸν,
2749 2234 2843 2287 καὶ
2871 2233 3293 2302 ἀγαπωμέναις.

2196 2327 2431 2398 Πρῶτον
2473 2325 2574 2396 μὲν
2608 2325 2903 2392 γινώσκειν
2946 2327 3220 2396 ὀφείλετε,
3261 2330 3344 2383 ὅτι
3374 2329 3436 2382 τὸ
3472 2331 3568 2384 τοῦ
3598 2332 3711 2385 Κυ-

2133 2419 2253 2490 ρίου
2282 2419 2442 2490 ὑμῶν
2469 2417 2636 2488 σῶμα
2668 2419 2730 2472 τὸ
2763 2419 3055 2487 πανάγιον,
3085 2419 3144 2473 ἓν
3175 2421 3428 2490 ὑπάρχον
3455 2424 3565 2486 ἀεὶ,
3595 2425 3714 2478 δια-

2127 2513 2332 2583 φόρους
2359 2511 2672 2583 ἐπιδέχεται
2702 2510 2964 2582 θεωρίας.
3003 2513 3217 2577 Ἀλλως
3245 2514 3351 2586 γὰρ
3384 2517 3710 2589 θεωροῦμεν

2128 2605 2262 2675 περὶ
2293 2603 2461 2660 αὐτοῦ
2484 2604 2622 2659 καθὸ
2647 2605 2905 2672 φυσικοῦ,
2932 2607 3103 2677 ἴιγουν
3131 2608 3297 2673 εὐθὺς
3325 2611 3434 2664 ἀπὸ
3459 2613 3564 2683 τῆς
3584 2615 3710 2668 συλο

2128 2699 2350 2770 λήψεως
2415 2699 2580 2770 μέχρι
2616 2698 2832 2767 καὶτῆς
2879 2699 2968 2753 διὰ
3005 2701 3116 2754 τῶν
3147 2701 3447 2770 θαυμάτων
3493 2708 3710 2764 ἀναδείο

2129 2790 2306 2856 ξεως·
2349 2789 2444 2842 καὶ
2487 2788 2666 2852 άλλως
2717 2789 2854 2843 καθδ
2913 2789 3158 2856 ἐνδόξου,
3212 2794 3385 2865 ἤγουν
3447 2798 3559 2853 ἀπὸ
3605 2801 3708 2871 τῆς

2127 2881 2457 2945 ἀναδείξεως
2530 2881 2695 2952 μέχρι
2739 2879 2834 2934 τοῦ
2870 2880 3079 2947 πάθους
3110 2885 3208 2938 καὶ
3233 2887 3332 2956 τῆς
3360 2889 3544 2959 ταφῆς
3567 2908 3583 2923 ·
3613 2895 3711 2947 καὶ

2128 2975 2311 3038 ἄλλως
2346 2971 2770 3044 δεδοξασμένου,
2811 2975 2986 3045 ἤγουν
3047 2976 3159 3031 ἀπὸ
3200 2977 3304 3046 τῆς
3361 2981 3710 3046 ἀναστάσεως

2129 3068 2224 3121 καὶ
2256 3068 2419 3137 μέχρι
2453 3066 2656 3131 παντὸς
2680 3067 2778 3122 τοῦ
2822 3069 3031 3139 χρόνου
3057 3069 3348 3141 διηνεκῶς²
3401 3076 3498 3128 καὶ
3531 3076 3709 3143 ἄλλως

2127 3159 2204 3223 ώς
2231 3161 2523 3230 μυστικοῦ,
2547 3162 2718 3232 ἧγουν
2743 3162 2877 3215 καθὸ
2905 3163 2964 3215 ιν
2989 3162 3270 3234 διαφόροις
3297 3165 3709 3240 θυσιαστηρίοις

437 3275 507 3330 pe
543 3268 818 3329 quatenus
867 3258 924 3313 in
974 3259 1208 3313 diversis
1265 3259 1533 3314 altaribus
1576 3259 2020 3315 Christianorum

2134 3253 2236 3306 τῶν
2296 3254 2595 3326 όρθοδόξων
2629 3255 3012 3325 Χριστιανῶν,
3070 3255 3549 3328 ύπερθαυμάστως
3588 3262 3710 3316 καθ’

439 3352 907 3418 orthodoxorum,
937 3352 1170 3406 nimium
1200 3366 1366 3421 quam
1393 3352 1742 3418 mirabiliter,
1777 3350 2024 3421 quotidie

439 3459 687 3515 praesens
733 3444 1044 3498 exhibetur.
1097 3442 1162 3497 Hi
1209 3457 1375 3514 porro
1427 3443 1820 3499 considerandi
1873 3443 2020 3498 modi

439 3538 692 3605 quatnvis
743 3535 974 3604 diversi,
1008 3535 1218 3592 Christi
1252 3552 1473 3607 corpus.
1525 3538 1672 3608 quod
1716 3537 2021 3593 secundum

441 3628 563 3682 illas
586 3642 780 3682 omnes
803 3627 1048 3683 rationes
1072 3642 1241 3681 unum
1267 3636 1372 3694 est,
1399 3627 1714 3684 nullatenus
1746 3627 2020 3684 dividunt.

514 3719 794 3784 Secundo,
833 3721 979 3775 scire
1017 3733 1239 3790 quoque
1275 3734 1372 3773 vos
1421 3727 1658 3788 oportet,
1720 3719 1868 3788 quod
1923 3721 2021 3774 mi-

417 3813 758 3877 _racul0rum
787 3812 1034 3868 omnium
1062 3828 1184 3884 qua:
1205 3827 1236 3866 a
1261 3811 1371 3868 Dco
1401 3827 1568 3882 supra
1597 3823 1848 3868 naturam
1881 3814 2019 3870 facta

439 3917 596 3970 sunt,
641 3905 816 3976 magis
849 3905 1273 3976 snpernaturalc
1324 3905 1534 3959 nullum
1571 3916 1652 3961 est
1683 3906 1790 3961 hoc
1833 3922 2021 3963 sacra-

437 4009 623 4055 mento
662 4015 678 4066 ;
718 3999 863 4054 unde
895 3998 1106 4053 nullum
1153 4001 1326 4070 magis
1356 4000 1641 4071 ignoratur
1668 4000 1737 4054 ab
1769 4001 2022 4056 illittera-

438 4092 531 4155 tis,
571 4105 750 4160 neque
781 4091 840 4144 in
881 4089 994 4145 ullo
1027 4090 1136 4144 alio
1171 4090 1346 4162 magis
1377 4100 1674 4146 exercetur
1705 4090 1886 4146 divina
1923 4093 2022 4146 hn-

443 4197 720 4252 manaquc
751 4183 1048 4253 sapientia,
1085 4197 1267 4252 neque
1304 4183 1452 4238 aliud
1490 4195 1573 4238 est
1604 4186 1661 4239 in
1697 4199 1858 4241 sacra
1888 4201 2022 4241 nos-

442 4284 526 4327 tra
557 4274 682 4334 tide,
720 4272 968 4342 cuiplus
1022 4273 1411 4328 contradieant
1472 4275 1718 4330 inﬁdeles
1747 4283 1802 4330 et
1850 4276 2020 4332 haere-

2126 3346 2370 3416 ἑκάστην
2400 3346 2859 3416 παρουσιάζεται.
2896 3349 2963 3401 Δί
3007 3347 3259 3404 τοιαῦται
3292 3351 3359 3422 δὴ
3393 3353 3548 3422 ὅμως
3591 3356 3709 3412 διά-

2125 3453 2285 3508 φοροι
2338 3438 2568 3508 θεωρίαι
2602 3439 2667 3493 ού
2707 3438 2986 3509 διαιροῦσι
3017 3441 3082 3495 τὺ
3110 3441 3204 3497 τοῦ
3238 3443 3481 3515 Χριστοῦ
3523 3449 3704 3520 σῶμα,

2125 3530 2264 3585 ἀλλὰ
2289 3529 2380 3585 διὰ
2413 3529 2603 3586 πασῶν
2628 3531 2687 3586 ἓν
2719 3532 2859 3586 ἐστι.

2199 3706 2467 3777 Δεύτερον
2496 3707 2793 3776 γινώσκειν
2845 3709 3115 3779 ὀφείλετε,
3175 3713 3258 3768 ὅτι
3313 3717 3534 3772 πάντων
3591 3722 3700 3776 τῶν

2129 3800 2276 3870 ὑπὲρ
2306 3800 2466 3869 φύσιν
2497 3801 2798 3871 θαυμάτων
2821 3805 3126 3874 γινομένων
3160 3809 3310 3879 παρὰ
3347 3811 3509 3877 Θεοῦ,
3550 3817 3704 3872 οὐδέν

2125 3897 2278 3948 ἐστιν
2332 3895 2788 3966 ὑπερφυέστερον
2838 3898 2935 3951 τοῦ
2974 3902 3282 3973 μυστηρίου
3333 3903 3552 3970 τούτου,
3610 3911 3705 3963 καὶ

2125 3983 2214 4038 διὰ
2247 3984 2410 4039 τοῦτο
2440 3986 2598 4042 οὐδὲν
2623 3988 2904 4055 ἀγνοεῖται
2935 3991 3095 4062 παρὰ
3125 3996 3240 4057 τοίς
3275 3995 3513 4060 ἰδιώταις
3541 4000 3703 4056 πλέον

2125 4075 2339 4141 τούτου,
2367 4078 2460 4130 καὶ
2491 4077 2549 4131 ιν
2582 4078 2763 4132 οὐδενὶ
2789 4083 3130 4149 γυμνάζεται
3157 4084 3191 4154 ή
3215 4084 3337 4140 θεία
3367 4087 3461 4140 καὶ
3492 4089 3704 4162 ἀνθρω-

2125 4172 2257 4238 πίνη
2291 4169 2460 4238 σοφία
2505 4171 2670 4225 πλέον
2696 4176 2912 4234 τούτου.
2953 4177 3050 4230 καὶ
3073 4176 3252 4230 οὐδενὶ
3281 4178 3390 4232 τῶν
3423 4184 3523 4251 τῆς
3554 4185 3705 4253 ἱερὰς

2126 4260 2286 4330 ἡμῶν
2309 4263 2550 4328 πίστεως
2577 4263 2957 4333 ἀντιλέγουσιν
2981 4269 3032 4320 oi
3057 4268 3279 4323 ἄπιστοι
3310 4271 3408 4325 καὶ
3429 4273 3706 4346 uiperae!

440 4366 559 4419 tici.
597 4364 811 4420 Idcirco
840 4379 945 4418 nos
979 4364 1280 4432 aliquando
1313 4365 1368 4420 in
1406 4364 1612 4420 infelici
1647 4367 1876 4436 palatio,
1929 4367 2020 4421 die

2134 4355 2330 4422 μᾶλλον
2351 4356 2578 4426 τούτου.
2612 4357 2705 4410 Διὸ
2739 4363 2837 4412 καὶ
2866 4361 3030 4430 ἡμεῖς
3081 4378 3210 4414 ποτε
3247 4365 3306 4417 ἐν
3335 4364 3414 4434 τῷ
3452 4366 3708 4438 δυστυχεί

439 4472 766 4526 parasceves
826 4453 1048 4522 Lazari,
1107 4457 1175 4512 de
1237 4458 1473 4528 mystico
1530 4457 1740 4513 Christi
1802 4459 2015 4514 Domini

439 4565 679 4619 corpore
721 4563 1036 4606 sermonem
1083 4549 1405 4613 habuimus,
1459 4564 1646 4605 coram
1686 4551 2022 4620 imperatore

437 4652 492 4697 et
529 4651 751 4708 senatu,
787 4642 1053 4712 urbisque
1087 4641 1469 4712 optimatibus,
1519 4643 1613 4712 qui
1652 4650 1787 4698 tunc
1817 4644 2020 4700 multas

436 4735 612 4790 servis
667 4735 874 4806 gratias
913 4737 1243 4790 retulerunt.
1315 4731 1475 4790 Nunc
1513 4733 1757 4792 breviter
1786 4742 1854 4791 et.
1892 4749 2020 4807 per-

437 4829 630 4898 spicue
670 4828 738 4884 de
769 4829 961 4884 eodem
1004 4828 1170 4884 verba
1203 4826 1495 4884 facienms.

507 5096 718 5152 Scitote
752 5097 944 5169 igitur,
980 5099 1122 5153 inter
1167 5097 1264 5153 Dei
1300 5098 1566 5154 miracula
1623 5100 1859 5170 primum
1921 5100 2018 5155 illa

435 5194 616 5248 locum
645 5192 869 5256 habere,
907 5191 1214 5260 itrquibus
1272 5192 1411 5248 ordo
1469 5192 1647 5248 solum
1711 5206 1766 5249 et
1819 5194 2019 5249 modus

435 5294 646 5338 natura:
673 5291 941 5346 nuttatur,
974 5283 1342 5356 elﬁciturque,
1373 5287 1469 5340 sed
1503 5287 1611 5340 alia
1645 5286 1755 5351 via,
1791 5287 1844 5340 id
1870 5288 2017 5358 quod

433 5378 681 5446 quotidie
721 5377 838 5430 ﬁcri
876 5387 1081 5447 potest.
1121 5380 1196 5432 Ita
1251 5379 1502 5434 inﬁrmos
1541 5383 1748 5436 multos
1800 5381 2019 5437 sanavit

433 5470 705 5524 Dominus
762 5469 968 5538 absque
1025 5469 1319 5534 medicina,
1377 5479 1437 5524 ut
1473 5487 1693 5526 socrum
1745 5471 1917 5537 Petri,
1966 5483 2021 5526 et

431 5563 770 5618 centurionis
811 5578 1043 5633 puerum
1078 5579 1093 5617 :
1141 5571 1310 5632 atque
1360 5562 1413 5616 in
1459 5565 1630 5618 veteri
1662 5563 2021 5620 Tcsmmento

432 5674 531 5726 per
562 5658 876 5713 Samnclem
907 5665 958 5712 ct
987 5655 1160 5710 Eliam
1193 5657 1558 5713 condcnsavit
1591 5673 1772 5712 aerem
1803 5660 1866 5711 ad
1895 5659 2016 5728 plu-

2125 4447 2377 4517 παλατίῳ
2431 4449 2794 4520 ώμιλήσαμεν
2845 4453 2989 4505 κατὰ
3035 4452 3140 4521 τὴν
3194 4456 3566 4530 Παρασκευὴν
3609 4463 3703 4515 τοῦ

2125 4540 2381 4610 Λαζάρου
2418 4544 2552 4611 περὶ
2600 4543 2694 4596 τοῦ
2729 4545 2994 4610 μυστικοῦ
3019 4546 3276 4615 σώματος
3301 4547 3396 4601 τοῦ
3428 4552 3702 4608 Δεσπότου

2125 4635 2368 4705 Χριστοῦ
2401 4637 2637 4690 ἐνώπιον
2670 4639 2764 4692 τοῦ
2800 4639 3069 4710 βασιλέως
3113 4644 3208 4695 καὶ
3240 4643 3340 4712 τῆς
3395 4649 3702 4718 συγκλήτου

2125 4728 2222 4781 καὶ
2254 4727 2365 4780 τῶν
2395 4729 2696 4799 ὲξαιρέτων
2729 4732 2828 4801 τῆς
2856 4733 3090 4797 πόλεως,
3119 4733 3215 4788 καὶ
3239 4735 3446 4798 πολλὰς
3475 4742 3704 4810 χάριτας

2125 4821 2440 4891 ἀνήνεγκαν
2466 4823 2544 4892 τῷ
2576 4823 2769 4894 Κυρίῳ
2800 4825 2950 4891 τότε,
2987 4829 3082 4880 καὶ
3105 4827 3243 4899 ἡμῖν
3283 4831 3398 4893 τοῖς
3420 4809 3706 4897 ταπεινοῖς
3748 4809 3758 4877 ξ’

2130 4913 2344 4977 δούλοις
2371 4915 2564 4970 αὑτοῦ.
2620 4915 2737 5006 Νῦν
2792 4917 2850 4970 δὲ
2881 4917 3152 4989 σύντομον
3199 4922 3295 4974 καὶ
3346 4925 3517 4994 carpi;
3577 4931 3708 4994 περὶ
3746 4947 3753 4956 ν

2122 5003 2318 5057 τούτου
2355 5005 2479 5074 λέγο
2487 5023 2610 5075 μεν.

2199 5096 2514 5152 Γινώσκετε
2553 5097 2648 5152 οὖν
2701 5099 2787 5152 ὃτι
2843 5101 2944 5170 τὴν
2994 5100 3223 5173 πρώτην
3280 5104 3438 5168 στάξεν
3474 5107 3539 5158 ἐν
3589 5108 3702 5169 τοῖς

2125 5187 2374 5260 θαύμασι
2420 5190 2516 5243 τοῦ
2567 5190 2706 5244 Θεοῦ
2751 5191 2970 5262 ἔχουσιν
3003 5194 3209 5260 ἐκεῖνα,
3251 5197 3309 5250 ὲν
3356 5191 3439 5260 οἷς
3486 5199 3521 5269 ἡ
3557 5199 3705 5262 τάξις

2127 5282 2290 5351 μόνον
2317 5282 2453 5337 καὶὸ
2479 5283 2681 5353 τρόπος
2711 5283 2811 5355 τῆς
2828 5283 3044 5352 φύσεως
3070 5290 3475 5356 μεταποιεῖται,
3494 5294 3703 5359 γίνεται

2122 5376 2180 5428 δὲ
2213 5377 2450 5444 πρᾶγμα
2481 5375 2786 5446 δυνάμενον
2821 5375 3074 5445 γίνεσθαι
3108 5378 3236 5432 καθ’
3267 5379 3531 5451 ἑκάστην,
3567 5383 3704 5451 πλὴν

2120 5470 2191 5522 δι’
2213 5469 2383 5531 ἄλλης
2412 5469 2535 5524 ὁδοῦ
2561 5489 2573 5504 ο
2611 5470 2801 5544 ὥσπερ
2835 5471 3031 5529 ἰάσατο
3057 5473 3291 5536 πολλοὺς
3324 5473 3643 5547 ἀρρώστους
3672 5479 3700 5528 ό

2126 5565 2333 5632 Κύριος
2368 5566 2527 5636 ἡμῶν
2567 5565 2735 5636 χωρὶς
2765 5565 3030 5638 ίατρείας,
3063 5567 3140 5630 ὼς
3168 5566 3267 5634 τὴν
3295 5569 3564 5636 πενθερὰν
3597 5568 3690 5621 τοῦ

2127 5658 2360 5728 Πέτρου,
2405 5659 2500 5711 καὶ
2546 5659 2636 5711 τὸν
2672 5659 2839 5716 παῖδα
2868 5660 2963 5713 τοῦ
3017 5661 3439 5731 ἑκατοντάρχου.
3509 5664 3616 5716 Καὶ
3647 5665 3705 5715 ἐν

431 5752 576 5804 \iam
618 5751 1036 5815 demittendam,
1090 5752 1298 5820 absque
1345 5752 1452 5807 ulla
1486 5753 1589 5808 alia
1631 5769 1796 5810 causa
1853 5764 2014 5811 ttat't-

2134 5756 2191 5822 τῇ
2227 5752 2440 5823 Παλαιᾷ
2463 5754 2550 5806 διὰ
2574 5753 2668 5806 τοῦ
2689 5753 2948 5824 Σαμουὴλ
2975 5754 3182 5807 καὶτοῦ
3215 5754 3401 5807 Ἠλιοῦ
3423 5755 3704 5810 ὲπύκνωτε

433 5845 534 5898 tali
570 5860 692 5913 quat
724 5845 964 5913 pluviam
1000 5847 1354 5916 produceret.

2127 5844 2218 5896 τὸν
2285 5844 2423 5911 ἁὲρα
2466 5846 2600 5913 πρὸς
2634 5845 2791 5898 ὑετὸν
2849 5847 3016 5914 χωρὶς
3043 5844 3137 5897 τοῦ
3180 5845 3438 5913 γενέσθαι
3470 5848 3706 5918 φυσικήν

2133 5953 2259 5992 τινα.
2295 5937 2526 6008 δύνχμιν
2559 5942 2650 5992 καὶ
2681 5940 2978 5994 (sitiat/105
3012 5938 3246 6010 ὄμϐρον.
