3976 6452
283 432 383 495 377

1250 426 1437 489 ΗΟΜ.
1482 427 1544 486 lI
1578 426 1676 487 DE
1707 424 2036 487 SACRAM.
2070 424 2422 487 CORPORE
2462 424 2618 491 L-C.

3444 427 3549 490 378

347 541 617 611 Δευτέραν
646 537 835 608 ἔχουσι
865 537 1023 601 τάξιν
1057 537 1090 607 ὴ
1122 536 1419 600 ἀνάστασις
1446 536 1538 590 τοῦ
1567 535 1849 606 Λαζάρου,

2032 536 2352 592 Secundum
2389 537 2574 593 locum
2601 537 2805 594 habent
2829 540 3078 611 quaedam
3105 541 3236 606 alia,
3268 551 3328 595 ut
3353 538 3547 595 ιστοτὶ

276 636 374 689 καὶ
399 634 433 704 ἡ
465 631 762 702 άνάϐλεψις
794 633 889 683 τοῦ
914 628 1125 698 τυφλοῦ
1150 645 1165 661 ’
1187 630 1243 681 ἐν
1278 628 1491 691 τούτοις
1522 630 1633 697 γὰρ
1662 629 1722 681 τὸ
1755 629 1856 698 μὲν

276 726 583 796 γινόμενον,
620 725 763 778 κατὰ
802 723 902 794 τὴν
931 722 1096 790 φύσιν
1144 721 1305 774 ἐστί·
1353 720 1479 775 ὅσον
1526 721 1581 774 δέ
1609 720 1748 794 πρὸς
1794 721 1859 774 τὸ

276 817 643 887 ὑποκείμενον
680 818 740 869 ὲν
794 811 838 883 ᾧ
882 814 1116 883 γίνεται.
1165 813 1322 883 παρά
1367 812 1467 881 τὴν
1500 811 1667 883 φύσιν
1714 811 1855 866 ἐστί.

275 910 430 964 Ποιεί
471 909 585 980 γὰρ
620 906 719 962 καὶ
750 908 784 977 ἡ
835 904 997 975 φύσις
1030 903 1169 973 αὐτὴ
1210 901 1381 971 ζωὴν,
1424 902 1544 955 ἀλλ’
1565 901 1666 955 οὐκ
1697 903 1755 956 ὲν
1781 902 1858 972 τῷ

277 1003 460 1075 νεκρῷ
484 1020 499 1035 ’
532 1002 631 1057 καὶ
658 1000 873 1054 δίδωσιν
923 997 1047 1068 ὄψιν
1076 998 1107 1067 ἡ
1151 996 1335 1065 φύσις,
1389 994 1506 1049 ἀλλ’
1540 995 1641 1049 οὐκ
1686 996 1745 1050 ἐν
1780 994 1856 1065 τῷ

285 1096 676 1166 πεπηρωμένῳ
706 1094 831 1158 τοὺς
860 1089 1196 1163 ὀφθαλμούς.

354 1188 563 1259 Τρίτην
590 1187 770 1256 ἔχουσι
803 1184 955 1249 τάξιν
985 1185 1046 1237 τὸ
1076 1184 1271 1248 στῆναι
1295 1180 1388 1235 τοῦ
1412 1182 1617 1235 οἰκείου
1647 1180 1853 1252 δρόμου

285 1281 379 1334 τὸν
411 1281 587 1350 ἥλιον,
639 1280 667 1332 ὃ
713 1279 905 1347 γέγονε
942 1278 1034 1332 διὰ
1095 1275 1274 1347 Ἰησοῦ
1308 1275 1404 1329 τοῦ
1444 1275 1602 1345 Ναυῆ
1625 1291 1639 1305 ⁸
1675 1272 1861 1328 καὶτὸ

287 1374 447 1443 σῶμα
475 1374 723 1445 χωρῆσαι
761 1372 849 1425 διὰ
901 1371 1185 1441 σώματος,
1218 1372 1293 1434 ὡς
1349 1372 1376 1423 ὀ
1431 1368 1641 1440 Κύριος
1698 1368 1859 1438 ἡμῶν

282 1466 466 1536 διῆλθε
494 1466 603 1520 τῶν
660 1466 843 1538 θυρῶν
887 1465 1296 1537 κεκλεισμένων
1323 1483 1337 1498 ·
1371 1464 1550 1519 ταῦτα
1582 1465 1689 1535 γάρ
1741 1462 1861 1518 κατ’

280 1559 472 1612 οὐδένα
491 1558 695 1628 τρόπον
730 1558 883 1628 παρὰ
918 1558 1016 1628 τῆς
1045 1557 1267 1627 φύσεως
1292 1555 1553 1610 δύνανται
1586 1554 1859 1623 γίνεσθαι.

290 1650 578 1704 Ἐπέκεινα
611 1650 669 1704 δὲ
704 1650 926 1704 πάντων
957 1649 1168 1703 τούτων
1204 1648 1314 1702 τῶν
1344 1648 1698 1717 θαυμασίων,
1725 1645 1861 1699 ἀλλὰ

278 1741 373 1795 δύο
401 1743 510 1795 είσί
533 1740 789 1812 θαύματα
813 1722 1073 1812 μέγιστα,
1098 1740 1193 1794 καὶ
1217 1739 1394 1793 πάντα
1418 1738 1577 1807 λόγον
1601 1736 1860 1800 νικῶντα,

279 1833 336 1887 ἓν
376 1833 476 1904 μὲν
533 1832 684 1899 ἅπαξ
732 1833 1128 1904 γεγενημένον,
1182 1832 1271 1886 ὅτε
1346 1830 1446 1901 τὴν
1504 1826 1860 1897 ἀνθρωπίνην

278 1925 440 1995 φύσιν
473 1928 499 1980 ό
533 1925 669 1991 Θεὸς
701 1925 908 1996 συνῆψε
943 1927 1021 1997 τῷ
1056 1926 1189 1997 θείῳ
1219 1924 1504 1997 προσώπῳ
1533 1939 1546 1954 °
1576 1922 1769 1993 ἓτερον
1802 1920 1859 1973 δὲ
1890 1906 1935 1966 Β

277 2018 467 2087 μεῖζον
494 2017 711 2081 τούτου,
754 2017 851 2070 καὶ
888 2016 1014 2071 καθ’
1049 2018 1266 2087 ἡμέραν
1293 2016 1603 2084 γινόμενον,
1642 2014 1726 2067 ὅτι
1749 2010 1848 2066 αὐο

272 2112 403 2165 τίκα
438 2110 773 2181 μεταϐάλλει
801 2110 900 2180 τὴν
933 2110 1126 2162 οὐσίαν
1165 2107 1261 2161 τοῦ
1311 2109 1484 2179 ἄρτου
1533 2107 1615 2169 εἰς
1637 2105 1740 2177 τὴν
1763 2104 1858 2158 οὐ-

274 2206 402 2258 σίαν
445 2205 540 2258 τοῦ
580 2205 713 2259 ἰδίου
751 2202 1008 2272 σώματος
1036 2205 1064 2255 ὁ
1118 2201 1373 2273 Χριστὸς,
1407 2202 1505 2255 καὶ
1533 2200 1632 2270 τὴν
1671 2197 1862 2252 οὐσίαν

268 2296 370 2351 τοῦ
402 2298 548 2352 οἴνου
580 2299 661 2360 εἰς
696 2297 794 2367 τὴν
826 2296 1019 2351 οὐσίαν
1043 2295 1142 2349 τοῦ
1179 2295 1311 2348 ἰδίου
1339 2295 1593 2365 αἵματος.
1637 2292 1727 2345 Ἐν
1760 2289 1861 2361 μὲν

257 2390 385 2460 ’γὰρ
409 2389 486 2458 τῷ
519 2388 723 2457 πρώτῳ
755 2387 1022 2456 θαύματι,
1055 2386 1317 2456 οὐδετέρα
1351 2384 1516 2454 φύσις
1549 2381 1859 2454 μετεϐλήθη

271 2481 415 2551 πρὸς
439 2480 538 2549 τὴν
566 2479 763 2550 ἑτέραν
788 2496 801 2511 ο
836 2478 954 2533 ἀλλ’
979 2480 1037 2533 ἐν
1061 2478 1139 2549 τῷ
1163 2477 1258 2532 τοῦ
1289 2476 1528 2549 Χριστοῦ
1553 2474 1858 2547 προσώπῳ,

274 2573 374 2625 καὶ
400 2572 434 2640 ὴ
471 2571 666 2640 θεότης
717 2572 811 2623 καὶ
845 2572 878 2641 ἡ
930 2569 1295 2640 ἀνθρωπότης
1334 2570 1663 2639 άσυγχύτως
1698 2565 1859 2621 εἰσίν.

285 2662 383 2713 Ἐν
418 2659 477 2712 δὲ
511 2659 688 2730 τούτῳ
741 2658 818 2728 τῷ
882 2659 1176 2729 μυστηρίῳ
1226 2659 1290 2710 τὸ
1337 2658 1549 2727 κτίσμα
1576 2656 1715 2727 πρὸς
1764 2654 1859 2708 τὸν

278 2749 513 2818 κτίστην
543 2750 920 2820 μεταποιεῖται
959 2749 1047 2802 διά
1081 2751 1249 2817 μέσου
1273 2748 1367 2801 τοῦ
1398 2746 1675 2816 σώματος,
1707 2750 1803 2799 καὶ
1825 2744 1859 2813 ἡ

275 2842 689 2914 προῦφεστῶσα
726 2840 821 2893 τοῦ
864 2840 1031 2913 ἄρτου
1061 2841 1220 2894 οὐσία
1257 2841 1417 2910 σῶμα
1446 2836 1686 2908 Χριστοῦ
1710 2837 1862 2906 γίνε-

273 2952 373 2989 ται
399 2950 413 2966 ·
450 2934 545 2988 καὶ
582 2936 615 3005 ἡ
644 2933 745 3005 μὲν
775 2933 940 2987 οὐσία
966 2932 1062 2986 τοῦ
1105 2934 1275 3003 ἄρτου
1316 2930 1740 3003 μεταϐάλλεται,
1773 2929 1863 2982 ῐνα

272 3030 336 3083 ἐν
370 3028 507 3097 ἡμῖν
535 3027 598 3079 τὸ
623 3026 927 3096 μυστήριον
959 3026 1182 3096 ἐνεργῇ,
1211 3027 1309 3078 κα)⁸
1334 3022 1666 3093 συσσώμους
1709 3022 1861 3092 ἡμᾶς

272 3120 408 3189 ποιῇ
442 3117 539 3171 τοῦ
576 3117 843 3187 Χριστοῦ.
887 3116 955 3170 Ἢ
978 3117 1035 3170 δέ
1060 3115 1262 3181 ἔξωθεν
1292 3116 1535 3178 διάθεσις
1564 3112 1661 3167 τοῦ
1690 3112 1858 3183 ἄρτου

278 3212 436 3281 μένει
469 3210 633 3264 πάλιν
660 3210 692 3279 ἠ
726 3211 890 3279 αὐτὴ,
922 3208 1389 3278 συγκαλύπτουσα
1411 3208 1511 3278 τὴν
1541 3205 1732 3260 οὐσίαν
1761 3203 1856 3259 τοῦ

1966 629 2324 696 resurrectio,
2366 638 2422 685 et
2465 631 2618 686 visus
2669 632 2721 686 in
2773 646 2921 687 caeco
2958 635 3277 698 restitutio;
3314 634 3369 688 in
3425 634 3549 688 istis

1961 723 2105 776 enim
2141 723 2286 793 quod
2318 723 2405 789 iit,
2431 725 2734 780 secundum
2764 733 3013 781 naturam
3043 736 3171 792 est;
3205 727 3299 782 sed
3337 727 3551 780 ratione

1962 814 2143 869 habita
2186 815 2254 870 ad
2312 816 2624 885 subjectum
2676 817 2729 871 in
2766 832 2878 887 quo
2925 818 3003 882 lit,
3054 826 3249 888 praeter
3295 828 3548 872 naturam

1960 918 2065 964 est.
2103 908 2179 963 Ea
2222 910 2423 980 quippe
2475 910 2641 965 vitam
2686 910 2871 976 edicit,
2914 913 3008 967 sed
3045 928 3151 967 nou
3191 912 3245 966 in
3292 921 3546 977 mortuo;

1961 1002 2149 1057 eadem
2195 1002 2369 1058 visum
2413 1002 2527 1069 dat,
2566 1003 2664 1060 sed
2692 1020 2799 1058 non
2834 1005 2887 1059 in
2920 1002 3353 1061 oculis‘orbato.

2035 1179 2283 1235 Tertium
2320 1181 2495 1236 locum
2549 1180 2777 1245 habent,
2828 1195 3053 1236 cursum
3084 1181 3370 1252 proprium
3409 1181 3548 1235 solis

1967 1274 2189 1338 sistere,
2227 1275 2369 1344 quod
2398 1289 2493 1343 per
2521 1273 2709 1347 Jesum
2750 1273 2896 1330 Nave
2928 1274 3134 1329 factum
3173 1285 3257 1330 est
3294 1294 3308 1331 :
3343 1289 3551 1343 corpus

1946 1382 2060 1436 vpcr
2092 1366 2245 1421 aliud
2276 1381 2477 1437 corpus
2513 1376 2826 1437 penetrare,
2862 1376 2921 1422 ut
2969 1366 3103 1423 fecit
3144 1365 3403 1422 Christus
3438 1365 3547 1420 Do.

1964 1459 2167 1522 minus,
2220 1474 2343 1514 cum
2388 1475 2486 1530 per
2529 1460 2720 1516 clausa
2770 1463 2912 1517 ostia
2979 1461 3340 1529 pertransivit
3382 1475 3397 1514 :
3434 1463 3550 1516 haec

1964 1551 2111 1606 enim
2141 1552 2297 1606 nullo
2332 1553 2497 1607 modo
2547 1567 2577 1607 a
2616 1564 2814 1608 natura
2859 1553 3005 1609 eflici
3054 1562 3305 1622 possunt.
3364 1551 3549 1620 Longe

1963 1662 2098 1703 vero
2148 1662 2317 1718 supra
2379 1648 2567 1704 omnia
2627 1650 2744 1704 haec
2800 1648 3098 1711 mirabilia.
3136 1650 3248 1705 duo
3308 1649 3544 1705 maxima

1965 1741 2237 1796 miracula
2284 1750 2437 1802 sunt,
2488 1757 2611 1811 qua:
2669 1742 2939 1797 rationem
2988 1730 3217 1797 omnem
3265 1752 3547 1811 superant,

1968 1850 2137 1890 unum
2175 1835 2322 1905 quod
2359 1834 2528 1891 semel
2567 1834 2773 1889 iactum
2832 1843 2937 1897 est,
2991 1826 3211 1904 quando
3250 1832 3546 1889 humanam

1965 1934 2220 1981 naturam
2251 1926 2393 1982 Deus
2417 1925 2713 1996 conjunxit
2745 1925 2950 1980 divina:
2982 1940 3235 1996 personae
3265 1943 3279 1983 :
3310 1925 3545 1980 alterum

1965 2033 2097 2074 vero
2119 2017 2296 2087 majus
2323 2017 2445 2084 illo,
2470 2028 2525 2073 et
2548 2017 2696 2086 quod
2748 2017 2999 2088 quotidie
3042 2017 3299 2085 edicitur,
3327 2017 3550 2089 quando

1964 2110 2151 2165 statim
2185 2110 2443 2166 Christus
2482 2117 2822 2167 transmutat
2851 2110 3223 2167 substantiam
3290 2109 3450 2180 panis
3490 2109 3546 2165 iu

1962 2202 2171 2273 proprii
2208 2201 2461 2272 corporis
2495 2200 2896 2266 substantiam,
2936 2211 2990 2255 et
3022 2200 3395 2257 substantiam
3436 2200 3547 2253 vini

1966 2294 2020 2348 iu
2083 2293 2452 2350 substantiam
2488 2295 2691 2364 proprii
2732 2294 3043 2365 sanguinis.
3088 2292 3145 2347 In
3169 2293 3348 2365 primo
3400 2293 3546 2347 enim

1965 2388 2255 2454 miraculo,
2294 2397 2495 2441 neutra
2552 2388 2602 2439 in
2662 2386 2889 2441 alteram
2936 2395 3133 2441 natura
3183 2393 3548 2442 transmutata.

1961 2488 2085 2543 est;
2110 2479 2204 2534 sed
2238 2480 2290 2534 in
2329 2479 2537 2535 Christi
2572 2495 2832 2549 persona,
2871 2490 2929 2536 et
2961 2478 3228 2535 divinitas
3260 2488 3313 2534 et
3351 2479 3547 2532 huma-

1963 2574 2108 2626 nitas
2135 2579 2265 2626 suut
2297 2571 2615 2626 inconfuse.
2642 2571 2713 2625 At
2736 2572 2791 2626 in
2819 2571 2924 2627 huc
2953 2580 3304 2626 sacramento
3331 2575 3549 2623 creatu-

1963 2665 2101 2718 rain
2130 2668 2449 2719 Creatorem
2486 2663 2941 2729 transformatur,
2976 2663 3261 2719 mediante
3289 2675 3549 2730 corpore,

1962 2764 2015 2810 et
2051 2754 2446 2824 prmexsistens
2478 2754 2642 2823 panis
2706 2754 3042 2820 substantia,
3077 2753 3295 2808 Christi
3346 2768 3551 2821 corpus

1964 2845 2220 2900 edicitur.
2260 2845 2328 2899 Et
2370 2845 2689 2901 substantia
2722 2844 2946 2914 quidem
2999 2845 3160 2916 panis
3209 2851 3549 2899 transmuta-

1965 2945 2076 3003 tur,
2115 2936 2260 2991 utin
2297 2936 2480 2998 inobis
2537 2945 2949 2992 sacramentum
3000 2944 3281 3007 operetur,
3337 2950 3551 3004 nosque

1964 3044 2376 3101 concorporeos
2412 3028 2619 3084 Christi
2669 3029 2891 3084 efficiat.
2927 3028 3185 3085 Exterior
3231 3042 3360 3082 vero
3394 3028 3553 3097 panis

1969 3121 2239 3177 habitudo
2272 3130 2460 3177 manet
2494 3121 2858 3177 nihilominus
2892 3122 3108 3189 eadem,
3160 3130 3351 3192 tegens
3416 3118 3552 3174 sub-

1968 3213 2241 3268 stantiam
2273 3212 2546 3281 corporis,
2574 3228 2643 3268 ne
2674 3228 2780 3281 qua
2813 3228 2912 3267 nos
2950 3213 3224 3269 hazsitatio
3273 3212 3548 3275 detinens,

272 3270 554 3371 σώματος,
588 3270 692 3355 ἵνα,
719 3270 909 3372 μηδείς
942 3270 1156 3369 ἴλιγγος
1184 3301 1336 3371 ἡμᾶς
1358 3270 1676 3369 κατασχὼν,
1717 3300 1858 3352 ἀπα-

1967 3317 1995 3355 a
2030 3303 2427 3358 communione
2455 3302 2728 3358 detrahat.
2776 3302 3074 3357 Maximum
3110 3302 3275 3375 igitur
3300 3303 3546 3358 omnium

269 3396 424 3467 γάγῃ
479 3395 580 3465 τῆς
625 3394 1008 3464 μεταλήψεως.
1060 3393 1336 3460 Μέγιστον
1384 3390 1484 3462 μὲν
1512 3390 1605 3445 06v
1642 3391 1861 3444 πάντων

270 3489 390 3542 τῶν
425 3487 521 3541 τοῦ
546 3485 686 3541 Θεοῦ
728 3485 1056 3555 θαυμασίων
1090 3484 1253 3539 τοῦτό
1288 3486 1408 3538 ἐστι
1447 3483 1508 3537 τὸ
1533 3485 1858 3554 μυστήριον,

272 3578 360 3633 διὸ
395 3579 491 3631 καὶ
552 3577 776 3645 πολλὰς,
828 3578 904 3640 ὼς
952 3577 1316 3647 προείπομεν,
1376 3577 1663 3638 ἐνστάσεις
1718 3575 1858 3642 πρὸς

266 3673 438 3727 τοῦτο
467 3670 713 3725 κινοῦσιν
760 3670 912 3725 ἐνθεν
950 3672 1049 3741 μὲν
1099 3670 1346 3735 ἄπιστοι,
1399 3669 1555 3722 ἐνθεν
1602 3668 1660 3722 δὲ
1708 3671 1860 3739 αἱρε-

264 3766 445 3831 τικοὶ,
476 3765 630 3820 ἔνθεν
669 3766 725 3818 δὲ
768 3764 1002 3830 ἰδιῶται,
1047 3765 1149 3818 οὐκ
1199 3764 1419 3834 ἔχοντες
1471 3765 1707 3834 συνορᾷν
1769 3764 1859 3817 τὸν

266 3858 443 3929 λόγον
483 3858 581 3911 τοῦ
632 3858 960 3929 μυστηρίου,
994 3856 1064 3921 ἃς
1118 3858 1404 3921 ἐνστάσεις
1454 3859 1512 3911 ἐν
1560 3859 1751 3931 ἐκείνῃ
1792 3861 1857 3930 τῇ

264 3950 466 4022 ὁμιλίᾳ
508 3948 875 4019 διελυσάμεθα
900 3948 1044 4003 τότε.

340 4044 413 4097 Οἱ
452 4044 552 4113 μὲν
583 4043 693 4112 γάρ
724 4040 906 4093 αὐτῶν
938 4040 1228 4111 ἀποροῦσι,
1282 4040 1402 4105 πῶς
1452 4042 1509 4095 ἐν
1541 4041 1619 4112 τῷ
1648 4057 1854 4113 παραυ-

264 4136 405 4191 τίκα
439 4134 846 4206 μεταϐάλλεται
883 4136 914 4203 ἡ
950 4134 1109 4188 οὐσία
1139 4133 1237 4187 τοῦ
1264 4132 1432 4202 ἄρτου
1475 4132 1569 4187 καὶ
1602 4134 1747 4185 οἴνου
1780 4134 1862 4196 εἰς

269 4227 370 4298 τὴν
400 4227 593 4280 οὐσίαν
624 4225 718 4279 τοῦ
756 4225 1034 4296 σώματος.
1068 4226 1213 4279 Οἰδέ
1245 4225 1517 4296 ἀποροῦσι
1554 4226 1672 4287 πῶς
1701 4225 1864 4277 δυνα-

278 4320 374 4373 τόν
423 4320 544 4370 ἐστι
586 4318 685 4388 τῆς
731 4318 920 4378 οὐσίας
951 4315 1044 4369 τοῦ
1090 4319 1260 4387 ἄρτου
1310 4316 1750 4388 μεταϐληθείσης
1782 4317 1861 4379 εἰς

270 4412 378 4480 τὴν
438 4412 630 4463 οὐσίαν
659 4409 755 4462 τοῦ
788 4409 1067 4479 σώματος,
1102 4410 1289 4478 μένειν
1349 4409 1419 4463 τὰ
1475 4408 1864 4479 συμϐεϐηκότα

270 4504 370 4557 τοῦ
432 4505 622 4571 ἄρτου,
680 4503 849 4572 ἤγουν
886 4503 948 4555 τι)
1002 4504 1177 4570 μῆκος
1228 4501 1421 4565 αὐτοῦ,
1473 4501 1534 4555 τὸ
1584 4500 1773 4572 βάρος,
1804 4500 1865 4554 τὸ

1963 3395 2059 3450 Dei
2091 3395 2427 3451 mirabilium
2472 3398 2682 3452 esthoc
2720 3405 3174 3463 sacramentum;
3227 3397 3368 3451 unde.
3410 3398 3549 3453 mul-

1964 3495 2070 3553 tas,
2115 3498 2172 3542 ut
2221 3476 2386 3558 supra
2422 3489 2684 3553 diximus,
2724 3491 2988 3546 adversus
3032 3491 3165 3546 illud
3208 3491 3548 3563 objectiones

1964 3588 2184 3636 movent
2212 3582 2340 3636 hinc
2373 3580 2644 3647 inﬁdeles,
2671 3582 2825 3637 illinc
2854 3583 3113 3643 haeretici.
3154 3600 3220 3639 ex
3253 3585 3360 3637 alia
3394 3584 3551 3637 deni-

1965 3686 2072 3737 que
2101 3681 2257 3739 parte
2288 3672 2782 3735 idiota’illitterati,
2812 3672 2961 3742 quod
2998 3673 3266 3727 rationem
3302 3671 3547 3743 mysterii

1962 3766 2273 3834 perspicere
2297 3764 2482 3821 minus
2508 3766 2751 3827 valeant,
2790 3780 2929 3834 quas
2952 3765 3179 3833 quidem
3206 3764 3549 3835 objetztiones

1962 3873 2110 3912 nunc
2140 3858 2406 3913 diluimus
2440 3857 2496 3911 in
2532 3857 2722 3913 eadem
2750 3856 2997 3912 homilia.

2038 4041 2259 4097 Illorum
2320 4041 2544 4108 quidem
2598 4040 2853 4095 nonnulli
2922 4038 3215 4109 objiciunt,
3276 4037 3552 4107 quomodo

1964 4135 2018 4189 in
2055 4141 2336 4188 momento
2382 4140 2788 4186 transmutatur
2831 4130 3141 4187 santantia
3168 4128 3327 4199 panis
3356 4130 3410 4182 et
3439 4127 3551 4180 vini

1965 4227 2021 4279 in
2058 4224 2428 4280 substantiam
2459 4222 2738 4292 corporis.
2787 4222 2924 4286 Alii,
2960 4220 3238 4291 quomodo
3288 4218 3550 4287 possibile

1967 4319 2063 4384 sit,
2120 4318 2432 4373 substantia
2477 4317 2637 4387 panis
2678 4325 2887 4371 mutata
2916 4316 2969 4369 in
3004 4314 3367 4370 substantiam
3419 4327 3548 4365 cor-

1967 4411 2140 4480 poris.
2199 4424 2430 4465 manere
2502 4408 2812 4465 accidentia
2881 4407 3062 4478 panis,
3123 4420 3320 4474 nempe
3371 4403 3550 4469 longi-

1967 4505 2213 4559 tudinem
2250 4504 2391 4572 ejus.
2423 4502 2664 4574 Pondus,
2702 4502 3069 4565 latitudinem,
3115 4500 3380 4562 colorem,
3413 4498 3548 4551 odo-

273 4597 505 4659 πλάτος,
536 4596 595 4648 τὸ
630 4596 852 4665 χρῶμα,
874 4595 973 4663 τὴν
1001 4595 1199 4665 ὀσμὴν,
1234 4595 1328 4647 καὶ
1358 4594 1458 4665 τὴν
1486 4595 1543 4648 ἐν
1570 4596 1636 4666 τῇ
1665 4593 1856 4663 γεύσει

1970 4614 2106 4660 rem,
2141 4607 2197 4651 et
2234 4598 2287 4652 in
2322 4606 2486 4666 gustu
2546 4595 2893 4667 qualitatem,
2949 4593 3088 4648 adeo
3131 4601 3189 4645 ιιι
3241 4588 3546 4646 accidentia

275 4691 571 4758 ποιότητα,
619 4687 763 4740 ὥστε
820 4683 960 4740 εἶναι
1008 4687 1075 4740 τὰ
1116 4686 1509 4757 συμϐεϐηκότα
1563 4686 1657 4739 τοῦ
1690 4690 1858 4756 ἄρτου

273 4779 449 4847 χωρὶς
477 4777 573 4845 τῆς
600 4776 790 4839 οὐσίας
814 4774 909 4829 τοῦ
929 4776 1121 4846 ἄρτου,
1142 4777 1238 4827 καὶ
1261 4776 1360 4845 τὴν
1384 4776 1647 4845 ἀληθινὴν
1668 4778 1860 4832 οὐσίαν

272 4872 371 4926 τοῦ
436 4869 687 4939 σώματος
744 4868 1091 4939 κρύπτεσθαι
1146 4871 1203 4921 ἐν
1242 4870 1651 4941 συμϐεϐηκόσιν
1693 4870 1860 4940 ἄλλης

273 4963 490 5025 οὐσίας.
527 4963 749 5033 Ἐτεροι
795 4962 1066 5033 ἀποροῦσι
1121 4962 1239 5025 πῶς
1290 4958 1523 5017 δυνατὸν
1553 4962 1674 5017 ὅλον
1714 4959 1858 5018 εἶναι

271 5058 366 5111 τὸν
413 5055 650 5125 Χριστὸν
700 5058 759 5110 ἐν
818 5056 991 5126 μικρᾷ
1034 5055 1130 5109 τοῦ
1185 5055 1516 5127 φαινομένου
1575 5057 1857 5127 ποσότητι.

275 5149 468 5202 ’Δλλοι
515 5148 677 5202 πάλιν
726 5146 1103 5203 διαπιστοῦσιν
1159 5148 1308 5213 ὅπως
1344 5148 1405 5201 τὸ
1458 5148 1556 5203 τοῦ
1616 5147 1857 5218 Χριστοῦ

278 5240 549 5310 μυστικὸν
583 5239 742 5310 σῶμα
774 5240 868 5293 καὶ
909 5240 1252 5312 τεμνόμενον
1281 5240 1545 5311 ἀκέραιον
1588 5239 1857 5310 διαμένει,

272 5331 370 5382 καὶ
423 5330 533 5381 τῶν
588 5331 897 5401 τμημάτων
947 5331 1203 5398 ἕκαστον,
1249 5332 1382 5384 αὐτὸ
1410 5330 1550 5397 ήὸλον
1596 5331 1714 5383 ἐστὶ
1763 5329 1856 5383 τοῦ

273 5423 521 5491 Χριστοῦ
553 5423 711 5493 σῶμα
740 5425 832 5476 καὶ
861 5425 1091 5480 τέλειον.
1132 5425 1456 5496 Ἀποροῦσιν
1477 5424 1681 5496 ἕτεροι,
1708 5424 1738 5478 ὃ
1765 5424 1857 5479 καὶ

279 5515 547 5585 μεγίστην
594 5515 709 5587 ἔχει
744 5518 1003 5587 ἁπορὲςιν,
1056 5517 1173 5581 πῶς
1225 5521 1287 5571 τὸ
1326 5519 1461 5573 αὐτὸ
1508 5520 1589 5582 εἰς
1648 5518 1705 5571 ἓν
1761 5517 1855 5572 τιιῦ

273 5608 520 5675 Χριστοῦ
553 5610 712 5681 σῶμα
735 5612 874 5676 ἐστι,
907 5613 1004 5665 καὶ
1030 5614 1087 5667 ἐν
1111 5613 1351 5685 οὐρανῷ,
1373 5613 1470 5667 καὶ
1494 5615 1550 5666 ἐν
1580 5612 1857 5675 πλείστοις

204 5734 211 5739 -
276 5701 396 5771 ἄμα
430 5702 846 5773 θυσιαστηρίοις
880 5706 937 5757 ἐν
991 5709 1084 5778 γῇ.
1143 5707 1308 5761 Ἀλλὰ
1362 5707 1568 5771 ταύτας
1605 5706 1705 5778 μέν
1760 5707 1858 5768 τὰς

276 5790 519 5862 ἀπορίας
553 5795 648 5847 καὶ
690 5795 998 5867 λελύκαμεν
1030 5800 1171 5864 τότε,
1217 5801 1313 5854 καὶ
1348 5800 1629 5871 δυνάμεθα
1679 5799 1852 5865 λύειν,

273 5885 622 5956 ’τῇ-Χριστοῦ
657 5889 995 5957 φωτίσαντος
1031 5894 1177 5963 ἡμᾶς
1204 5895 1388 5965 χάριτι
1416 5908 1429 5922 ·
1475 5895 1679 5963 μᾶλλον
1723 5893 1779 5948 δὲ
1809 5894 1856 5948 οἱ

1965 4694 2126 4764 panis
2151 4693 2263 4748 sint
2297 4691 2506 4761 absque
2536 4689 2848 4746 substantia
2887 4689 3065 4758 panis,
3137 4697 3191 4740 et
3237 4700 3364 4740 vera
3415 4687 3548 4739 sub-

1973 4783 2180 4841 stantia
2245 4783 2493 4853 corporis
2557 4782 2724 4836 lateat
2791 4781 2846 4834 in
2877 4777 3258 4834 accidentibus
3321 4778 3546 4832 alterius

1964 4876 2312 4935 substantiae.
2378 4874 2483 4929 Alii
2520 4881 2774 4944 quaerunt
2829 4871 3108 4940 quomodo
3159 4869 3422 4940 possibile
3473 4871 3548 4925 sit

1965 4978 2135 5026 totum
2164 4966 2448 5022 Christum
2480 4978 2605 5019 esse
2637 4965 2691 5017 in
2724 4961 2950 5015 minima
2974 4959 3124 5015 illius
3156 4960 3301 5031 quod
3332 4959 3548 5014 videtur

1964 5063 2292 5133 quantitate.
2315 5056 2448 5123 Alii,
2478 5056 2756 5127 quomodo
2779 5068 2984 5125 corpus
3006 5054 3210 5109 Christi
3245 5053 3538 5124 mysticum

1964 5171 2061 5210 seu
2124 5149 2547 5212 sacramentale,
2604 5148 2931 5213 dissectum,
2990 5153 3209 5200 maneat
3264 5146 3537 5215 integrum

1965 5257 2166 5306 tamen.
2203 5251 2258 5300 et
2288 5256 2629 5311 unaquaeque
2690 5238 2951 5309 particula
2988 5238 3060 5293 sit
3087 5252 3289 5307 corpus
3336 5235 3545 5290 Christi

1963 5348 2136 5393 totum
2165 5346 2326 5407 atque
2364 5332 2694 5406 perfectum.
2729 5331 2997 5400 Quaerunt
3031 5332 3146 5396 alii,
3184 5328 3328 5398 quod
3378 5329 3544 5383 etiam

1965 5430 2263 5485 maximam
2315 5426 2689 5482 difﬁcultatem
2729 5426 2915 5487 habet,
2967 5422 3247 5493 quomodo
3295 5420 3437 5476 idem
3490 5431 3545 5476 et

1965 5532 2130 5571 unum
2167 5516 2369 5572 Christi
2402 5530 2607 5585 corpus
2648 5516 2699 5569 in
2733 5515 2874 5572 coelo
2927 5524 3032 5578 est,
3087 5520 3139 5565 et
3176 5511 3228 5565 in
3288 5511 3555 5579 plurimis

1963 5610 2124 5663 simul
2150 5624 2317 5679 super
2351 5619 2555 5663 terram
2578 5608 2859 5661 altaribus.
2898 5605 3003 5660 Sed
3037 5605 3391 5661 dillicultates
3418 5605 3565 5663 illas—

1966 5714 2016 5757 ct
2050 5712 2181 5756 tunc
2201 5702 2491 5766 solvimus,
2537 5710 2590 5754 ct
2618 5700 2829 5753 solvere
2887 5699 3186 5753 etiamnum
3222 5714 3545 5770 possumus,

1964 5795 2170 5851 Christi
2209 5794 2387 5865 gratia
2417 5809 2518 5847 nos
2566 5792 2949 5859 illuminantc;
2980 5792 3061 5847 vel
3097 5794 3280 5863 potius
3309 5809 3403 5849 eas
3432 5794 3549 5848 dis,

1966 5890 2189 5948 solvunt
2249 5885 2645 5957 sapientissimi
2690 5885 2947 5941 Ecclvsiu:
3012 5885 3295 5955 doctores,
3355 5890 3563 5959 ειιιιω-
