3976 6452
561 415 669 479 383

1664 407 2034 470 GENNADH
2073 405 2179 467 GP.
2223 406 2726 486 runt-tacut;

3683 396 3802 462 38‘

563 534 924 601 [ratiocinium
968 541 1157 584 eontra
1195 540 1441 584 sanctam
1481 531 1746 600 synodum
1807 528 2116 596 reliquisse.

2250 527 2299 587 )ς
2354 526 2610 595 Γεωργίῳ
2642 524 2748 576 τινὶ
2799 518 3082 590 Σχολαρίῳ
3133 517 3239 569 τῶν
3287 516 3414 586 τῇδε
3471 515 3731 586 ἀπαίρων
3779 516 3808 566 ό

559 624 653 681 ltle
688 639 836 686 vero,
875 631 933 677 ιιι
967 625 1168 678 dictum
1198 631 1302 688 est,
1348 620 1546 675 librum
1579 619 1646 674 de
1686 621 1864 674 sancti
1891 617 2125 688 Spiritus

562 717 919 789 processione
953 716 1007 769 in
1042 714 1209 768 multa
1239 711 1413 782 capita
1441 709 1676 788 divisum
1701 705 2124 770 consarcinavit,

559 781 707 863 totus
741 807 807 862 ad
843 805 1004 858 Marci
1038 803 1371 857 voluntatem
1418 810 1472 855 et
1503 781 1726 856 sensum
1763 811 1882 853 sese
1906 795 2126 852 confor-

563 915 740 955 mans.
771 899 940 953 Porro
962 907 1139 948 autem
1175 895 1311 946 inter
1337 891 1503 946 hosce
1552 888 1689 944 duos
1721 887 1981 956 Gcorgios
2013 886 2129 955 plu-

567 995 765 1046 rimum
807 987 1023 1042 dilferre
1068 982 1568 1038 manifestissimum
1615 987 1718 1032 est.
1773 977 1922 1031 Alter
1957 975 2126 1038 enim,

565 1086 694 1138 dum
723 1079 1034 1135 Florentius
1083 1075 1323 1146 synodus
1373 1071 1764 1135 celebraretur,
1813 1079 1867 1123 et
1900 1067 2042 1122 dixit
2077 1075 2132 1120 et

567 1175 786 1242 scripsit
828 1187 930 1223 non
958 1151 1148 1237 .pauca
1206 1177 1317 1218 tum
1370 1171 1617 1232 rogatus,
1656 1171 1770 1214 tum
1828 1157 1990 1212 etiam
2023 1171 2128 1209 non

572 1275 816 1333 rogatus.
860 1258 1176 1315 Scliolarius
1211 1270 1340 1310 vero
1369 1253 1656 1310 familiaris
1685 1252 1848 1306 Marci
1883 1250 2132 1306 scribens

574 1367 693 1424 post
743 1354 1032 1423 synodum,
1061 1350 1115 1406 in
1161 1351 1247 1403 sui
1296 1347 1476 1416 operis
1502 1345 1767 1416 prooemio
1815 1342 2038 1402 fatetur,
2074 1356 2133 1395 se

571 1459 684 1501 tum
717 1446 934 1500 demum
969 1443 1202 1512 abjicere
1231 1441 1528 1502 silentium,
1571 1438 1790 1508 quando
1846 1433 2132 1498 maturior,

570 1538 766 1603 inquit,
817 1542 874 1587 et
925 1531 1251 1586 fructuosior
1281 1531 1460 1583 futura
1505 1537 1652 1583 esset
1702 1525 1821 1596 ejus
1866 1521 2132 1580 sententia

570 1636 761 1678 contra
805 1633 1048 1677 sanctam
1104 1622 1384 1676 unionem.
1434 1620 1510 1674 Ad
1540 1619 1745 1674 calcem
1791 1632 2012 1688 quoque
2040 1616 2129 1672 sui

513 1749 524 1756 ς
572 1719 692 1771 libri
729 1715 890 1770 verba
915 1715 1029 1768 lucc
1063 1713 1260 1766 habet:
1324 1710 1584 1778 Meipsum
1613 1726 1722 1779 prae
1758 1708 2016 1763 omnibus
2042 1722 2136 1763 ac-

571 1824 725 1871 cnso,
748 1817 800 1862 et
833 1807 986 1878 lugeo
1014 1812 1276 1875 praetcrea
1309 1819 1410 1858 nos
1435 1817 1649 1866 omnes,
1679 1789 1946 1872 quotquot
1971 1799 2137 1854 rebus

519 1940 524 1945 .
573 1902 678 1954 illis
710 1870 915 1969 sponte
937 1870 1029 1952 aut
1064 1895 1138 1959 vi,
1189 1895 1242 1948 in
1283 1903 1456 1948 totum
1485 1893 1567 1948 vel
1603 1907 1668 1947 ex
1699 1870 1851 1959 parte
1882 1889 2136 1946 interfui-
2164 1870 2212 1930 Β

571 2004 733 2056 unus;
771 1990 863 2058 qui
894 2003 1016 2042 cum
1053 1986 1203 2056 loqui
1235 1999 1540 2054 possemus,
1577 1983 1892 2038 taeebamus
1927 1989 2136 2047 tamen,

465 2094 468 2096 ‘
572 2094 626 2138 et
671 2090 818 2136 metu
850 2093 1159 2135 sermonem
1207 2077 1658 2146 reprimebamus.
1700 2072 1981 2142 Quomodo
2009 2087 2141 2144 ergo

576 2175 643 2234 is,
680 2172 770 2238 qui
801 2171 989 2236 tacuit,
1013 2177 1068 2224 et
1091 2177 1240 2222 metu
1276 2180 1582 2222 sermonem
1620 2165 1906 2236 repressit,
1934 2163 2144 2235 quique

580 2262 746 2314 niolta
783 2261 944 2323 dixit,
995 2267 1050 2313 et
1094 2257 1381 2312 liberrime
1404 2256 1620 2310 locuttts
1659 2239 1943 2321 est,’unus
1979 2264 2142 2324 atque

578 2354 720 2407 idem
752 2351 896 2407 erit?
932 2349 1103 2415 Adde,
1137 2349 1183 2403 si
1217 2363 1356 2403 unus
1379 2347 1468 2402 hic
1489 2355 1570 2402 est
1594 2345 1882 2417 Georgius,
1921 2346 2017 2414 qui
2053 2360 2143 2400 ce-

579 2446 774 2500 cinerit
799 2443 1154 2514 palinodiam,
1196 2457 1296 2497 cur
1329 2454 1398 2496 eo
1437 2439 1493 2494 in
1525 2439 1680 2504 libro,
1713 2453 1875 2507 quem
1918 2453 2142 2508 compo-

583 2539 714 2601 soit,
767 2539 917 2604 prius
962 2549 992 2588 a
1049 2548 1109 2589 se
1153 2533 1298 2588 dicta
1332 2547 1441 2587 non
1501 2530 1802 2586 retractat?
1847 2545 1945 2584 nec
1974 2530 2143 2584 ullum

585 2631 714 2684 facit
755 2628 974 2682 verbum
1007 2627 1077 2681 de
1113 2627 1388 2696 prioribus
1421 2624 1642 2691 erratis,
1687 2639 1790 2680 nec
1834 2624 2000 2679 solvit
2033 2623 2145 2679 for-

587 2723 827 2778 tissimas
863 2721 983 2776 illas
1025 2720 1286 2785 rationes,
1333 2733 1430 2788 per
1474 2731 1613 2787 quas
1657 2717 1724 2771 ad
1763 2717 2016 2772 unionem
2047 2717 2144 2772 ad-

587 2817 835 2869 hortatus
879 2821 967 2868 est
1020 2809 1267 2877 Graecos,
1322 2808 1600 2865 laudando
1641 2806 1890 2876 Latinos,
1941 2818 1996 2864 et
2033 2810 2152 2865 cla-

587 2907 805 2971 mando,
839 2904 971 2960 nihil
997 2905 1051 2958 in
1087 2903 1190 2956 tide
1211 2903 1277 2956 ab
1303 2901 1373 2957 iis
1405 2901 1660 2972 peccari?
1689 2916 1811 2955 nam
1839 2915 1962 2972 qum
1991 2909 2150 2956 antea

585 2999 790 3067 scripta
823 2997 1092 3064 leguntur,
1132 3004 1187 3050 et
1209 3009 1330 3064 qua:
1361 3001 1547 3064 postea
1582 2993 1718 3050 liber
1759 2991 1851 3048 ille
1877 2992 2148 3058 continet,

587 3106 798 3146 summe
828 3090 1075 3158 opposita
1114 3096 1265 3152 sunt,
1297 3097 1348 3142 et
1378 3089 1614 3142 maxime
1637 3088 1778 3143 inter
1805 3101 1865 3142 se
1887 3095 2152 3158 pugnant.

2232 619 2454 686 Μάρκος
2477 605 2886 684 παρακατέθετο
2911 614 3004 680 τῆς
3026 610 3230 670 οἰκείας
3253 605 3407 677 δόξης
3436 607 3533 676 τὴν
3558 622 3810 676 προστα-

2235 712 2353 764 σίαν
2377 711 2519 765 κατὰ
2544 711 2640 779 τῆς
2671 709 2820 780 ἱερᾶς
2847 702 3090 758 συνόδου.
3130 702 3193 755 Ὀ
3245 700 3301 754 δὲ
3336 697 3561 768 βιϐλίον,
3617 703 3694 762 ῶς
3724 700 3808 751 εί-

2233 807 2426 869 πόντες
2478 803 2744 873 ἐφθημεν,
2791 797 3118 867 συγγράψας
3170 795 3298 864 περὶ
3349 795 3444 858 τῆς
3502 791 3596 845 τοῦ
3640 792 3806 859 ἁγίου

2236 893 2376 949 Πνεύ
2384 909 2548 962 ματος
2567 888 2967 960 ἐκπορεύσεως,
2985 880 3201 935 πολλῶν
3217 879 3531 948 κεφαλαίων
3548 877 3810 944 διαστολῇ

2236 987 2464 1040 πλεῖστα
2497 979 2906 1053 ἐρραψῴδησεν,
2931 975 3050 1036 ὅλος
3071 972 3247 1041 δήπου
3289 970 3400 1032 τοῖς
3442 966 3534 1020 τοῦ
3568 965 3808 1034 Μάρκου

2241 1080 2546 1148 βουλήμασι
2600 1070 2984 1143 χαριζόμενος.
3019 1063 3145 1119 Ὀτι
3179 1063 3237 1116 δὲ
3287 1059 3395 1113 τῶν
3452 1059 3546 1112 δύο
3595 1055 3810 1148 τούτων

2239 1147 2527 1239 Γεωργίων
2579 1161 2838 1233 πάμπολυ
2867 1159 2926 1212 τὸ
2973 1157 3250 1225 διάφορον,
3291 1151 3520 1205 αὐτόθεν
3545 1147 3707 1216 δῆλον
3721 1163 3748 1239 γ·
3782 1148 3812 1197 ὁ

2246 1237 2481 1330 μὲνγὰρ
2510 1251 2983 1326 συγκροτουμένης
3011 1247 3113 1316 τῆς
3144 1247 3202 1298 ὲν
3233 1240 3545 1312 Φλωρεντίᾳ
3577 1237 3810 1290 συνόδου

2239 1352 2410 1406 πολλὰ
2435 1351 2528 1404 καὶ
2551 1346 2672 1402 εἶπε
2709 1345 2806 1398 καὶ
2851 1340 3063 1412 ἔγραψε
3098 1342 3234 1410 πρὸς
3281 1335 3378 1404 τὴν
3409 1333 3626 1392 ἕνωσιν,
3663 1331 3808 1396 ἐρω-

2239 1446 2424 1516 τηθείς
2448 1461 2509 1498 τε
2539 1442 2633 1497 καὶ
2661 1439 2736 1512 μὴ
2769 1434 3087 1508 ἐρωτηθείςο
3111 1434 3140 1485 ὁ
3168 1431 3223 1483 δὲ
3251 1428 3342 1481 τοῦ
3373 1426 3604 1516 Μακρου
3646 1418 3804 1516 φίλος

2241 1511 2469 1609 γράφων
2500 1533 2636 1606 μετὰ
2668 1511 2785 1600 τὴν
2817 1527 3032 1581 σύνοδον
3063 1527 3120 1578 ὲν
3149 1521 3222 1592 τῷ
3278 1515 3547 1609 προοιμίῳ
3599 1511 3695 1563 τοῦ
3726 1511 3807 1609 οξ-

2243 1602 2393 1685 κείου
2436 1602 2894 1697 συγγράμματος,
2924 1618 3075 1672 λύειν
3106 1613 3241 1683 φησὶ
3272 1610 3392 1663 τότε
3423 1607 3524 1675 τὴν
3571 1602 3809 1697 σιωπῂν,

2243 1723 2330 1776 ὅτε
2355 1691 2937 1790 ἔμελλεν-ώριμωτέρα
2998 1707 3093 1762 καὶ
3122 1691 3807 1790 ὠφελιμωτέραγε-νέσθαι

2243 1819 2275 1886 ἡ
2305 1784 2468 1869 αὐτοῦ
2495 1784 2691 1880 γνώμη
2722 1807 2863 1860 κατὰ
2886 1803 2988 1872 τῆς
3027 1800 3178 1860 θείας
3217 1793 3484 1853 ἑνώσεως.
3519 1787 3633 1886 καὶ
3674 1784 3810 1884 πρὸς

2238 1873 2314 1976 τῷ
2355 1873 2627 1960 masc;
2650 1873 2858 1972 βίδλιου
2887 1895 3077 1954 α’ύταίς
3103 1889 3282 1954 λέξεσι
3312 1882 3494 1954 φησίν·
3520 1873 3811 1976 Δἐμιιι-υτῗῑ»

2237 1968 2298 2054 δέ
2325 1997 2429 2068 πρὸ
2459 1968 2680 2049 πάντων
2728 1985 3047 2058 κατηγορῶ,
3107 1983 3202 2036 καὶ
3247 1977 3390 2047 ὑπὲρ
3429 1968 3814 2068 ημῶν-αύτῶν

2240 2064 2443 2161 θρηνῶ,
2473 2087 2587 2141 ὅσοι
2609 2086 2722 2147 τοῖς
2753 2081 3073 2151 πράγμασιν
3099 2073 3328 2134 ἐκείνοις
3351 2066 3570 2128 ἑκόντες
3658 2065 3814 2117 ἄκον-

2239 2155 2352 2244 τες,
2390 2180 2484 2232 καὶ
2515 2178 2547 2248 ἦ
2575 2171 2888 2242 καθάπαξῆ
2925 2173 2988 2224 ὲκ
3024 2167 3224 2238 μέρους
3253 2162 3399 2224 τινὸς
3418 2155 3812 2226 ὲνεσχέθημεν,

2241 2274 2276 2343 ἢ
2303 2271 2592 2338 δυνάμενοι
2612 2267 2819 2331 λαλεῖν,
2841 2265 2992 2332 ὅμως
3022 2257 3302 2326 ὲσιγῶμεν
3331 2250 3812 2343 ὑποστελλόμενοι.

2247 2339 2372 2427 Πῶς
2396 2362 2488 2416 οὖν
2504 2362 2532 2416 δ
2551 2376 2612 2413 τε
2632 2358 2862 2427 σιγήσας
2884 2354 2978 2408 καὶ
2999 2347 3478 2416 ὑποστειλάμενος,
3497 2344 3596 2395 καὶ
3620 2341 3649 2394 ὁ
3670 2339 3818 2390 πλεῖ-

2253 2475 2352 2509 στα
2377 2454 2547 2508 εἰπὼν
2595 2451 2694 2505 καὶ
2744 2449 2910 2519 μηδὲν
2968 2439 3454 2509 ὑποστειλάμενος,
3505 2431 3588 2496 είς
3622 2432 3687 2486 ἂν
3735 2432 3814 2497 ειη

2247 2547 2559 2618 Γεώργιος;
2599 2543 2723 2596 Ἔτι
2750 2539 2907 2609 είπερ
2938 2539 2966 2590 ό
2995 2533 3156 2596 αὐτός
3179 2533 3296 2584 ἔστι
3325 2527 3602 2618 Γεώργιος
3628 2521 3815 2618 παλιν·

2247 2616 2412 2712 ῳδίαν
2441 2636 2599 2710 ᾅσας,
2629 2635 2744 2696 πῶς
2777 2636 2833 2686 ὲν
2869 2623 2912 2698 ᾧ
2945 2623 3248 2696 συνέγραψε
3285 2619 3480 2712 βιϐλίῳ
3523 2616 3819 2712 οὑκ-ἐπαν-

2249 2706 2502 2802 ορθοῦται
2529 2727 2690 2798 δῆθεν
2713 2727 2782 2780 τὰ
2843 2721 3107 2793 πρότερον
3164 2710 3520 2784 ὲσφαλμόνα;
3567 2706 3821 2802 οὐδεμίαν

2251 2795 2388 2887 ὅλως
2415 2795 2652 2876 ποιεῖται
2701 2815 2893 2885 μνείαν
2923 2813 3032 2866 τῶν
3063 2807 3260 2879 πρώην
3309 2803 3456 2872 αύτῷ
3505 2795 3825 2887 γεγραμμέ-

2253 2881 2396 2980 νωννς
2422 2913 2516 2966 καὶ⁴
2541 2910 2604 2966 ού
2621 2881 2740 2963 λύει
2769 2907 2896 2969 τοὺς
2915 2901 3122 2963 δεινοὺς
3150 2896 3397 2958 ἐκείνους
3419 2893 3638 2960 λόγους,
3658 2888 3730 2942 δι’
3753 2881 3825 2939 ὧν

2256 3006 2556 3079 παρεκάλει
2587 3001 2711 3065 τοὺς
2737 2996 3008 3069 Γραικοὺς
3037 2993 3174 3064 πρὸς
3204 2991 3303 3058 τὴν
3337 2988 3557 3079 ἕνωσιν,
3588 2980 3828 3079 ἐπαινῶν

2256 3074 2382 3162 τούς
2414 3094 2701 3158 Λατίνους,
2733 3092 2828 3146 καὶ
2860 3087 3025 3160 μηδὲν
3064 3083 3261 3145 αὐτοὺς
3294 3074 3633 3149 ἁμαρτάνειν
3661 3075 3722 3125 ὲν
3761 3074 3824 3140 τῇ

588 3180 668 3232 Ad
690 3179 836 3232 ‘hwc
865 3177 1182 3232 Scholarius
1213 3175 1394 3231 Marco
1431 3175 1681 3232 addictus
1711 3178 1778 3231 de
1810 3190 1871 3232 se
1895 3177 2017 3246 ipso
2053 3177 2147 3244 ait,

2263 3190 2445 3243 πίστει
2471 3185 2647 3258 βοῶνς
2686 3181 2882 3236 Καίτοι
2925 3179 2990 3231 ὲκ
3033 3174 3324 3245 διαμέτρου
3374 3171 3684 3222 ἀντίκειται
3717 3166 3830 3218 an

550 3271 789 3324 'multos
837 3269 903 3323 ad
952 3269 1103 3322 illum
1140 3268 1283 3323 diem
1332 3269 1644 3338 ignorasse,
1690 3283 1757 3322 an
1810 3270 2151 3324 contrarium

591 3359 706 3427 ipse
751 3360 1002 3422 sentiret,
1051 3367 1325 3421 errantes,
1365 3358 1565 3428 inquit,
1605 3367 1718 3413 tum
1755 3359 1898 3429 quod
1931 3360 2050 3430 ipso
2079 3361 2158 3417 si-

593 3451 818 3504 lentium
853 3459 1158 3519 opportune
1189 3457 1486 3513 servasset,
1516 3458 1631 3504 tum
1682 3451 1829 3520 quod
1871 3465 2037 3522 prave
2072 3452 2157 3507 in-

594 3549 1023 3609 terpretarentur
1058 3541 1378 3610 prudentem
1404 3542 1521 3612 ejus
1555 3537 2074 3610 dissimulationem,
2105 3555 2162 3599 et

596 3631 841 3686 nonnihil
886 3632 1049 3685 etiam
1095 3631 1588 3689 calumniarentur.
1641 3634 2031 3700 Quamobrem,
2075 3636 2160 3690 in-

601 3722 740 3791 quit,
781 3736 919 3791 opus
958 3721 1060 3775 fuit
1097 3722 1298 3775 librum
1331 3725 1476 3777 hunc
1501 3724 1852 3780 conscribere
1881 3725 1948 3780 ad
1983 3725 2164 3781 corri-

599 3811 806 3882 gendos
838 3812 960 3866 illos
986 3828 1220 3880 quorum
1251 3813 1401 3868 salus
1448 3812 1729 3882 desperata
1775 3832 1882 3872 non
1913 3826 2082 3882 esset,
2111 3827 2164 3872 et

599 3904 805 3960 multos
828 3905 1168 3960 dubitatione
1198 3904 1529 3972 liberandos,
1567 3915 1622 3960 et
1651 3908 2048 3978 propulsandas
2074 3925 2165 3965 ca-

596 3997 852 4059 lumnias,
886 3998 930 4051 si
965 4013 1118 4053 suam
1163 3997 1280 4067 ipse
1309 4000 1635 4054 sententiam
1677 4009 1860 4055 notam
1913 4003 2167 4058 omnibus
2197 4033 2216 4050 ς

595 4087 814 4143 faceret.
841 4087 963 4143 llzec
989 4089 1042 4144 in
1078 4098 1323 4143 nostrum
1353 4089 1699 4146 Scholarium
1729 4093 2004 4162 quomodo
2032 4109 2166 4164 qua-

596 4182 755 4235 drare
781 4189 1026 4248 possunt,
1061 4182 1217 4252 cujus
1249 4183 1518 4238 sententia
1549 4184 1650 4238 fuit
1679 4185 1935 4242 omnibus
1965 4187 2032 4242 ab
2063 4189 2167 4243 ini-

603 4273 677 4324 tio
713 4271 1035 4326 notissima?
1067 4273 1202 4326 Cum
1235 4273 1379 4326 enim
1421 4283 1640 4341 rogatus
1663 4285 1810 4331 esset
1833 4277 1902 4331 ab
1939 4277 2166 4348 impera-

605 4374 740 4424 tot'c,
777 4366 827 4414 in
867 4365 1134 4430 prommio
1169 4364 1254 4418 sui
1310 4365 1608 4432 sermonis,
1666 4366 2050 4436 lnvictissime,
2086 4371 2170 4426 in-

603 4451 718 4520 quit
741 4453 839 4521 (ι),
870 4453 1185 4522 imperator,
1217 4455 1270 4508 in
1301 4469 1407 4525 qua
1436 4471 1533 4527 ego
1568 4457 1789 4522 fuerim,
1812 4457 1866 4515 et
1899 4478 2044 4518 nunc
2067 4464 2170 4519 sim

2263 3256 2531 3351 πρότερον
2553 3275 2888 3345 γέγραπται,
2934 3268 3032 3322 καὶ
3069 3265 3106 3321 ἃ
3138 3265 3277 3335 μετὰ
3305 3260 3478 3316 ταῦτα
3506 3259 3746 3351 φέρεται
3775 3256 3832 3351 ἐν

2259 3344 2336 3441 τώ
2387 3344 2580 3441 βιδλίῳ
2621 3363 2764 3418 κατὰ
2798 3364 2895 3430 τῆς
2926 3356 3166 3412 συνόδου.
3227 3353 3370 3424 Πρδς
3423 3349 3644 3441 τούτοις
3676 3349 3704 3400 ό
3732 3344 3828 3398 τοῦ

2259 3438 2488 3533 Μάρκου
2521 3458 2671 3527 φίλος
2696 3454 2824 3524 περὶ⁵
2852 3449 3046 3506 ἑαυτοῦ
3099 3463 3252 3518 φησι,
3277 3446 3405 3506 τοὺς
3455 3440 3690 3533 πολλούς
3741 3438 3830 3508 μὲ-

2261 3528 2372 3625 χρι-
2404 3552 2524 3606 τότε
2578 3543 2972 3616 ἀμφιγνοῆσαι.
3041 3538 3115 3601 ώς
3177 3533 3438 3589 τάναντία
3492 3528 3834 3596 δοξάζοντος,

2264 3645 2655 3715 πλανωμένους
2681 3639 2811 3693 ποτὲ
2840 3637 2939 3708 μὲν
2966 3635 3071 3688 ὑπὸ
3104 3632 3202 3702 τῆς
3227 3628 3420 3699 καιρὸν
3451 3626 3687 3696 ἐχούσης
3716 3642 3838 3676 σιω-

2264 3739 2395 3808 πῆς,
2414 3733 2542 3789 ποτὲ
2557 3733 2612 3786 δὲ
2629 3731 2724 3802 τὴν
2747 3731 2802 3783 tv
2831 3725 3050 3796 λόγοιςῆ
3069 3724 3388 3794 πράγμασιν
3408 3718 3727 3788 οἰκονομίαν
3750 3717 3840 3768 αἰ-

2264 3829 2359 3885 τοῦ
2411 3809 2946 3899 παρορμηνεύοντας,
2962 3819 3078 3872 ἐστι
3097 3819 3150 3871 δὲ
3168 3815 3205 3870 ἃ.
3233 3815 3328 3870 καὶ
3345 3813 3839 3882 συκοφαντοῦντας.

2271 3922 2422 3976 Ἔδει
2445 3914 2560 3984 οὖν,
2593 3917 2746 3986 φησὶ,
2779 3915 2864 3968 διὰ
2893 3911 3064 3966 ταῦτα
3087 3911 3247 3976 λόγον
3271 3905 3672 3977 συγγράψαντα
3699 3905 3842 3975 διορο

2269 4012 2546 4068 οώσασθαι
2574 4009 2672 4081 μὲν
2692 4008 2870 4062 αὐτῶν
2893 4007 3020 4068 τοὺς
3050 4003 3126 4074 μὴ
3151 4000 3408 4068 καθάπαξ
3429 4001 3670 4062 άνιάτως
3697 4001 3842 4068 ἔχον-

2268 4123 2390 4170 τας,
2419 4102 2562 4157 ὥστε
2607 4097 2938 4170 ἀμφιὸολίας
2979 4097 3108 4166 περὶ
3138 4093 3304 4148 αὐτοῦ
3351 4091 3444 4146 καὶ
3476 4093 3845 4160 συκοφαντίας

2273 4197 2480 4250 παῦσαι
2507 4191 2752 4256 πολλούς.
2784 4188 2924 4244 Ούτε
2960 4186 3070 4258 γὰρ
3094 4185 3479 4257 ’άμφιγνοήσει
3515 4200 3602 4242 τις
3635 4183 3845 4241 λοιπὸν,

2269 4285 2396 4340 οὕτε
2429 4283 2791 4351 συκοφαντεῖν
2809 4277 3247 4349 προαχθήσεται,
3286 4273 3389 4345 τῆς
3422 4271 3592 4327 αὐτοῦ
3624 4273 3848 4343 γνώμης

2274 4377 2498 4450 ἐκδήλου
2537 4373 2936 4446 γεγενημένης.
2965 4369 3151 4425 Ταῦτα
3177 4368 3236 4422 δὲ
3266 4367 3379 4430 πῶς
3404 4364 3470 4420 ἂν
3508 4365 3847 4435 ἑφαρμτέσειε

2271 4473 2350 4542 τῷ
2375 4472 2635 4542 ἡμετέρῳ
2664 4465 2968 4538 Σχολαρίῳ,
3005 4455 3066 4514 οὗ
3095 4462 3264 4515 πᾶσιν
3312 4457 3535 4520 ἔκδηλος
3567 4451 3639 4526 ἦν
3678 4455 3852 4525 ἀρχῆ-

605 4545 870 4598 srutcntia
915 4546 980 4597 de
1031 4546 1308 4614 proposita
1360 4549 1580 4604 uniouis
1632 4553 1880 4614 materia,
1927 4554 2143 4611 declara

2250 4583 2251 4586 ‘
2279 4565 2372 4618 θεν
2403 4564 2438 4634 ἡ
2469 4562 2688 4632 γνώμη,
2716 4559 2791 4622 ώς
2824 4558 2987 4619 αὐτός
3016 4572 3185 4625 φησιν
3219 4556 3277 4607 ὲν
3319 4551 3396 4624 τῷ
3442 4549 3583 4618 πρὸς
3627 4548 3855 4618 βασιλέα

607 4642 803 4698 oratio,
851 4650 1014 4705 quam
1066 4645 1345 4706 utcunque
1375 4642 1679 4709 composui,
1718 4645 2024 4715 tradidique
2052 4647 2143 4703 hui

2283 4655 2471 4725 λόγῳ;
2506 4651 3006 4725 Προοιμιαζόμενος
3043 4647 3153 4716 γὰρ
3197 4645 3398 4716 φάσκει
3431 4658 3445 4673 ο
3483 4645 3720 4715 ’Δριστε
3770 4642 3858 4695 καὶ

608 4743 780 4782 sacrae
804 4727 1014 4798 synodo
1068 4745 1082 4782 :
1113 4739 1380 4786 testantur
1417 4733 1581 4787 etiam
1633 4737 1742 4790 duo
1787 4738 1936 4801 libri,
1977 4756 2147 4809 quos,

2286 4747 2546 4818 κράτιστε
2581 4741 2826 4814 βασιλεύ,
2862 4736 2927 4813 ἧς
2960 4740 3061 4810 μὲν
3104 4739 3333 4807 γνώμης
3360 4737 3560 4805 γέγονα
3615 4736 3716 4788 καί
3745 4737 3857 4803 εἰμι

610 4838 695 4875 me
720 4832 877 4876 antea
917 4823 1153 4892 scriptos
1176 4839 1322 4878 nunc
1355 4827 1564 4896 synodo
1600 4827 1728 4883 huic
1772 4829 1964 4886 offero.
1999 4834 2147 4888 Mult:

2283 4842 2416 4905 περὶ
2457 4834 2556 4904 τὴν
2609 4832 2982 4904 προκειμένην
3035 4827 3137 4897 τῆς
3189 4827 3438 4890 ἑνώσεως
3468 4823 3630 4896 ὕλην,
3664 4829 3695 4878 ό
3726 4830 3859 4894 πρὸς

549 4929 562 4936 τ
609 4915 732 4978 alia,
766 4914 811 4967 si
860 4917 984 4984 quis
1031 4918 1329 4985 perquirat,
1387 4917 1646 4984 inveniet,
1698 4922 1896 4990 quibus
1933 4923 2043 4979 duo
2091 4925 2147 4979 isl

2283 4928 2382 4997 τὴν
2409 4925 2532 4980 καθ’
2555 4925 2700 4996 ἡμᾶς
2723 4923 2872 4993 ίερὰν
2896 4920 3104 4990 ταύτην
3141 4917 3359 4973 σύνοδον
3386 4917 3735 4990 σχεδιασθείς
3771 4933 3857 4985 μοι

607 5003 825 5072 Georgii
871 5005 1014 5058 inter
1042 5020 1101 5060 se
1141 5005 1436 5061 dilferunt:
1474 5021 1692 5080 propter
1719 5029 1842 5082 qua:
1879 5015 2012 5070 alter
2061 5019 2147 5086 qui

2289 5021 2382 5072 καὶ
2405 5016 2678 5087 πεμφθεὶς
2711 5016 2866 5082 λόγος
2895 5012 3066 5083 δηλοίο
3101 5011 3436 5083 μαρτυροῦσι
3463 5010 3519 5063 δὲ
3550 5010 3647 5063 καὶ
3675 5010 3749 5062 τὰ
3771 5009 3862 5062 δύο

613 5103 732 5148 dctn
767 5096 893 5164 jure
945 5098 1223 5151 vocandus
1253 5107 1338 5154 est
1369 5115 1538 5155 sacra:
1578 5106 1934 5160 (Brutucnican
1984 5112 2147 5178 synoc

2289 5108 2494 5178 βιϐλία,
2527 5108 2674 5178 ἅπερ
2724 5107 2987 5178 πρότερον
3039 5103 3278 5169 συνθεὶς,
3321 5102 3416 5156 νῦν
3468 5101 3769 5172 ιγχειρίζω
3794 5103 3857 5168 τῇ

615 5200 884 5254 rcctzequc
910 5185 1028 5240 fidei
1055 5187 1307 5242 defensor
1331 5205 1392 5244 ac
1413 5205 1819 5262 propugnator:
1852 5209 1909 5251 ut
1942 5201 2033 5267 qui
2060 5216 2147 5269 gcr

2287 5197 2537 5269 παρούσῃ
2567 5196 2788 5267 συνόδῳ.
2820 5196 2930 5250 Καὶ
2957 5196 3094 5257 ὅλως
3127 5194 3303 5264 ζητῶν
3332 5210 3415 5256 τις
3443 5194 3545 5246 ούκ
3577 5193 3769 5261 ὀλίγας
3795 5191 3862 5244 ἂν

616 5290 806 5326 manus
841 5273 1138 5330 Orientalis
1167 5276 1426 5333 Ecclesia:
1465 5280 1654 5336 Patres
1687 5285 1753 5338 ad
1809 5288 1970 5340 tinent
2007 5303 2144 5356 usqu

2287 5291 2439 5361 εὖροι
2466 5288 2729 5358 διαφορὰς
2753 5287 2863 5340 τῶν
2905 5286 2996 5339 δύο
3022 5290 3228 5339 τούτων
3262 5286 3553 5356 Γεωργίων
3580 5302 3595 5316 ·
3629 5281 3722 5348 αἷς
3764 5285 3858 5338 ἁλ-

607 5376 825 5418 secutus
855 5376 980 5432 est;
1014 5367 1148 5423 alter
1185 5385 1314 5424 vero
1343 5370 1544 5438 studio,
1579 5390 1688 5442 quo
1717 5373 1956 5430 Marcum
1992 5395 2147 5448 prose

2287 5385 2467 5455 ληλων
2517 5382 2946 5452 διακρινόμενοι,
2983 5383 3010 5433 ό
3047 5381 3146 5449 μὲν
3177 5379 3386 5443 δίκαιός
3441 5381 3588 5432 ἐστιν
3641 5379 3859 5432 ἀκούειν

605 5459 894 5536 qucbatttr,
943 5459 1208 5514 abductus
1243 5462 1508 5517 dicendus
1539 5468 1733 5520 merito
1768 5469 2048 5537 Opinionis
2091 5487 2147 5527 as

2289 5479 2384 5544 τῆς
2414 5475 2576 5544 ἁγίας
2609 5473 2997 5542 οἰκουμενικῆς
3031 5473 3250 5526 συνόδου
3286 5474 3380 5525 καὶ
3407 5474 3508 5540 τῆς
3547 5471 3857 5542 ὀρθοδοξίας

603 5557 800 5614 sct'tor,
828 5567 989 5618 quam
1020 5568 1049 5604 ει
1085 5551 1210 5605 Ncst
1235 5556 1332 5607 ll'lt)
1368 5557 1601 5624 primunt
1638 5558 1907 5616 inductam
1967 5573 2013 5616 ct
2047 5581 2144 5619 satt

2293 5567 2690 5640 προασπιστὴς,
2751 5565 2843 5619 ("me
2879 5564 2943 5633 δὴ
2971 5567 3079 5628 τοῖς
3133 5565 3408 5632 ἀληθινοῖς
3459 5565 3714 5634 Πατρὰσι
3767 5564 3857 5632 τῆς

677 5817 753 5886 (ί)
789 5819 955 5872 ϐίην.
995 5819 1230 5878 Ριιςιριιι.
1285 5838 1420 5878 sess.
1457 5827 1552 5880 “2.3.
