3976 6452
143 329 233 394 385
1225 326 1726 389 ADHORTATIO
1766 330 1868 392 AD
1906 332 2300 394 SYNODUM.

3304 337 3409 399 386

140 448 488 521 Ἀνατολικῆς
518 446 853 517 Ἑκκλησίας
889 446 1021 517 ἄχρι
1052 446 1238 510 τέλους
1262 448 1523 517 ὁμόφρων
1556 466 1717 518 γεγο-

1822 450 1892 506 cti
1927 460 2130 521 patres,
2156 460 2203 506 et
2229 453 2501 523 generalia
2526 454 2755 508 concilia
2776 468 3154 524 smpenumrro
3186 454 3303 508 dam
3316 470 3410 508 na-

137 542 227 605 νὼς
258 545 352 597 καὶ
372 543 686 606 ἀκόλουθος·
719 541 911 611 ἔτερος
945 542 1001 595 δὲ
1044 539 1121 610 τῷ
1171 541 1308 610 πρὸς
1352 542 1442 598 τὸν
1496 541 1723 614 Μάρκον
1832 549 2044 595 verum.

138 639 357 709 φίλτρῳ,
420 640 577 711 δόξης
637 639 985 711 ὑπέρμαχος,
1038 639 1157 711 ἥτις
1225 640 1401 710 ἀρχὴν
1492 639 1735 692 λαϐοῦσα
1773 639 1927 709 παρὰ
1978 639 2275 711 Νεστορίου
2330 641 2687 708 εἰσάγεσθαι,
2722 642 2826 693 ὑπό
2879 657 2936 693 τε
2998 643 3171 711 ἁγίων
3238 643 3409 696 Πατέ-

143 748 239 803 ρων
278 739 373 789 καὶ
440 735 678 792 συνόδων
739 734 1148 805 οίκουμενικῶν
1218 734 1481 799 πολλάκις

1567 732 1955 804 ἀπεκηρύχοη.

1779 938 3348 953 -α--ομ--ν--ι-ῄ-ῄ

1468 1079 1607 1133 ΤΟΥ
1664 1080 2069 1137 ΣΟΦΩΤΑΤΟΥ

557 1164 1401 1409 ΓΕΩΡΓΙΟΥ
1500 1277 1850 1411 ΤΟΥ
1954 1277 2937 1415 ΣΧΟΛΑΡΙΟΥ

316 1531 492 1588 ΥΠΕΡ
517 1529 849 1601 ΕΙΡΗΝΗΣ,
883 1529 1007 1585 ΚΑΙ
1034 1528 1374 1585 ΒΟΗΘΕΙΔΣ
1414 1531 1509 1603 Τῌ
1546 1533 1739 1588 ΠΑΤΡᾸ

1815 1535 1823 1586 [
1868 1533 2314 1588 ΗΑΡΔΚΛΗΣΙΣ
2369 1538 2547 1591 ΠΡΟΣ
2579 1537 2721 1591 ΤΗΝ
2769 1534 3227 1589 ΑΝΛΤΟΛΙΚΗΝ

1315 1650 1636 1709 ΣΥΝοΔοΝ
1669 1652 1759 1708 EN
1810 1654 2223 1726 ΦΛΩΡΕΝΤΙᾼ.

1415 2017 1923 2077 SAPIENTISSIMI
1983 2022 2127 2080 VIR!

790 2218 1595 2379 GEORGII
1721 2216 2743 2375 SGHOLARII

515 2521 614 2581 DE
670 2521 883 2595 PACE,
954 2522 1212 2596 DEQUE
1290 2519 1655 2582 FERENDO
1730 2518 2037 2580 PATRIJE
2114 2518 2445 2579 AUXILIO
2508 2517 3011 2577 ADliORTATiO

943 2646 1049 2707 AD
1090 2644 1462 2705 SYNODUM
1542 2642 2049 2706 ORIENTALEM
2094 2640 2577 2704 FLOBENTLE.

191 2957 280 3027 Τῇ
310 2957 449 3024 θείᾳ
475 2956 575 3011 καί
608 2954 734 3026 ἱερᾷ
753 2957 1000 3026 συνόδῳ
1034 2956 1145 3027 τῆς
1181 2955 1311 3012 καθ’
1354 2954 1515 3026 ἡμᾶς
1546 2956 1719 3025 ἁγίας

1895 2955 2269 3012 Sacrosanctm
2322 2958 2527 3028 synodo
2582 2961 2840 3015 nostratis
2884 2970 3084 3016 sancta:
3132 2961 3402 3024 Ecclesia',

121 3051 531 3118 Ἐκκλησίας,
581 3050 853 3116 ἀρίστοις
890 3050 989 3105 καί
1028 3049 1403 3121 τιμιωτάτοις
1441 3051 1710 3117 Πατράσι

123 3144 425 3214 ιἐὡργιος
470 3143 502 3196 ὀ
541 3144 875 3213 Σχολάριος
903 3144 1023 3213 τὴν
1071 3139 1481 3212 ὀφειλομένην
1529 3133 1709 3195 εὐλάξ-

125 3239 311 3292 Eatur.

206 3329 269 3381 Ἠ
299 3327 405 3398 μὲν
445 3325 604 3397 κοινὴ
659 3323 771 3380 τῶν
816 3322 996 3394 σοφῶν
1049 3324 1308 3380 ἁπάντων
1356 3321 1709 3396 παραγγελία

132 3418 332 3487 μηδένα
381 3417 497 3470 δεῖν
540 3433 675 3487 φησι
722 3415 1115 3485 συμϐουλεύειν
1161 3414 1295 3486 πρὶν
1326 3413 1393 3467 ἂν
1437 3412 1706 3483 κληθείηο

128 3508 236 3575 ἐγὼ
262 3506 320 3561 δὲ
357 3509 458 3562 καὶ
510 3507 587 3578 μὴ
618 3505 840 3575 κληθεὶς
865 3506 1024 3560 τοῦτο
1068 3505 1332 3575 πράττειν
1362 3505 1703 3575 προάγομαι,

127 3601 214 3652 καὶ
242 3601 334 3654 τὸν
404 3601 648 3670 παρόντα
678 3601 883 3670 πέμπω
923 3599 1081 3667 λόγον
1125 3598 1277 3670 ὑμῖν,
1331 3595 1489 3662 είδὼς
1519 3597 1710 3653 τοῦτον

128 3694 478 3766 παράκλησιν
500 3697 629 3748 ὄντα
655 3695 906 3765 μᾶλλονῆ
932 3696 1262 3767 συμϐουλήνο
1287 3695 1381 3749 καὶ
1409 3695 1708 3765 κηδόμενος

129 3786 223 3855 μὲν
257 3788 368 3841 τῶν
400 3788 545 3841 ὅλων
582 3790 946 3858 πραγμάτων,
984 3789 1282 3858 κηδόμενος
1328 3788 1385 3841 δὲ
1415 3789 1474 3841 ὲν
1504 3787 1581 3857 τῷ
1613 3788 1708 3859 μέ-

127 3897 207 3946 ρει
233 3882 324 3933 καὶ
355 3879 609 3949 ἐμαυτοῦ
641 3880 734 3934 καλ⁸
759 3881 965 3950 γονέων
995 3882 1091 3935 καὶ
1116 3880 1397 3949 συγγενῶν
1424 3897 1439 3912 ο
1472 3881 1567 3934 καὶ
1592 3878 1709 3950 ἅμα

126 3973 219 4039 τὴν
263 3974 424 4044 ὑμῶν
474 3972 917 4049 φιλανθρωπίαν⁶
961 3973 1139 4039 εἰδὼς,
1180 3962 1288 4027 ¹καὶ
1341 3974 1707 4044 πεπεισμένος

82 4106 87 4113 .
126 4065 284 4134 ὑμᾶς,
314 4068 420 4122 κᾶν
443 4069 548 4121 οὐκ
581 4067 905 4138 ἀρέσκοισθε
937 4070 1049 4130 τοῖς
1082 4066 1173 4120 ὑπ’
1204 4067 1340 4136 ἐμοῦ
1362 4067 1703 4137 λεγομένοις,

126 4160 219 4209 οὑκ
246 4157 566 4227 ὀργιεῖσθαί
593 4175 702 4228 μοι,
732 4157 868 4211 ἀλλὰ
898 4159 991 4213 καὶ
1015 4158 1173 4228 χάριν
1207 4158 1349 4222 ἕξειν
1378 4158 1476 4228 τῆς
1508 4158 1708 4226 προθυ-

129 4248 268 4315 μίας.
294 4251 556 4313 Δικαίους
585 4249 691 4317 γὰρ
714 4248 857 4319 ὑμᾶς
895 4251 990 4303 καὶ
1013 4249 1181 4303 τᾶλλα
1198 4249 1373 4313 εἰδὼς,
1406 4248 1502 4305 νῦν
1523 4250 1704 4320 πολλῷ

129 4342 322 4409 μᾶλλον
344 4341 561 4404 ἐλπίζω
593 4339 944 4409 διατηρήσειν
972 4340 1071 4412 τὴν
1095 4340 1343 4409 γνώμην.
1391 4342 1486 4392 Δεῖ
1514 4342 1570 4394 δὲ
1610 4342 1705 4396 καὶ

124 4431 216 4501 τὴν
246 4432 388 4504 ὲμὴν
423 4433 567 4502 πρὸς
594 4430 738 4501 ὑμᾶς
778 4430 993 4485 εὔνοιαν
1023 4432 1416 4502 ἐνθυμηθῆναι·
1446 4427 1514 4503 ἦς
1547 4433 1709 4504 χάριν

124 4523 230 4576 οὗθ’
263 4525 501 4591 ὲνίτινι,
546 4520 679 4576 οὔτε
708 4524 872 4575 πᾶσιν
904 4523 1040 4593 όμοῦ
1086 4524 1549 4596 προσκεκρουκὼς
1586 4527 1712 4595 φαῖ-

126 4629 300 4681 νομαι,
346 4617 476 4684 σιγῇ
516 4614 580 4667 δὲ
626 4613 830 4682 μᾶλλον
863 4612 1074 4667 πολλῶν
1119 4615 1491 4685 ἀνασχόμενος
1519 4615 1710 4687 δυσχε-

131 4706 254 4775 ρῶν,
280 4699 353 4759 ῶν
382 4702 492 4759 οἶδε
532 4705 692 4771 Θεὸς,
732 4708 825 4759 καί
866 4700 942 4759 ὦν
993 4699 1093 4759 οὐκ
1132 4708 1198 4760 ἄν
1232 4724 1315 4769 τις
1354 4708 1553 4781 ῥᾳδίως
1584 4710 1708 4765 ἀνέ-

132 4814 301 4865 σχετο·
335 4796 458 4851 οὔτε
490 4799 603 4867 γάρ
641 4812 762 4849 τινα
790 4797 1001 4864 λυπεῖν,
1032 4797 1156 4851 οὕτε
1187 4800 1473 4870 ταράττειν
1502 4801 1611 4855 ἔδει
1641 4801 1709 4856 τὰ

131 4889 447 4959 πράγματα.
484 4890 634 4958 Πρὸς
665 4888 869 4959 ταύτην
890 4892 1071 4943 τοίνῠν
1090 4893 1189 4961 τὴν
1220 4892 1436 4947 εὔνοιαν
1470 4894 1707 4950 ἀποϐλέ-

132 4980 323 5050 ψαντες
362 4968 463 5037 καὶ
494 4984 563 5052 τῇ
600 4980 710 5034 τῶν
744 4984 1089 5052 πραγμάτων
1120 4986 1337 5057 ἀνάγκῃ
1371 4987 1470 5057 τὴν
1502 4988 1706 5059 παροῦ-

142 5089 235 5124 σαν
277 5074 644 5144 λογισάμενοι
678 5073 906 5142 τόλμαν,
935 5073 1079 5128 οὕτω
1110 5078 1236 5140 τοὺς
1271 5077 1463 5146 λόγους
1498 5081 1708 5150 κρίνειν

138 5165 446 5240 βουλήοητε,
483 5152 745 5220 δεσπόται
782 5184 883 5236 μου
916 5168 1011 5219 καὶ
1039 5169 1303 5240 Πατέρες,
1366 5174 1461 5225 καὶ
1502 5172 1706 5243 ἡγεμό-

137 5276 217 5322 νες
243 5262 465 5316 πάντων
489 5258 635 5329 ὁμοῦ
671 5261 780 5315 τῶν
819 5260 1000 5314 καλῶν
1025 5263 1119 5315 καὶ
1154 5262 1249 5316 νῦν
1283 5265 1378 5317 καὶ
1411 5266 1589 5320 πάντα
1613 5265 1706 5319 τὸν

135 5351 308 5422 χρόνον
337 5351 617 5422 ἐσόμενοι.

196 5526 325 5580 Οῡτε
358 5528 577 5597 σιωπᾷν
610 5524 798 5578 λοιπὸν
844 5520 1001 5596 οἶμαι
1037 5527 1182 5594 δεῖν,
1236 5529 1418 5597 κύριοί
1461 5549 1565 5601 μου
1601 5536 1701 5588 καὶ

1819 3048 2084 3104 Patribus
2136 3050 2351 3119 optimis
2393 3067 2455 3104 ac
2494 3068 2697 3105 summe
2752 3053 3099 3117 liouoranais,
3145 3050 3401 3125 Georgius

1813 3142 2128 3199 Scholarius
2157 3141 2480 3239 debilam're
2493 3146 2796 3200 verentiam.

1882 3320 2192 3377 Commune
2265 3321 2483 3392 quidem
2536 3324 2779 3377 omnium
2844 3326 3153 3394 sapientum
3199 3342 3401 3397 praece-

1810 3420 1987 3483 ptum,
2022 3428 2131 3491 non
2173 3427 2293 3468 esse
2332 3414 2511 3483 inquit
2536 3430 2565 3468 a
2594 3431 2870 3484 quoquam
2935 3417 3176 3473 dandum
3214 3421 3368 3475 consi

1811 3502 1965 3569 lium,
2008 3515 2302 3579 antequam
2325 3516 2571 3560 vocetur.
2627 3508 2734 3577 Ego
2762 3524 2888 3564 vero
2917 3512 3077 3568 etiam
3116 3512 3398 3570 invocatus

1811 3596 1915 3653 hoc
1947 3613 2111 3669 agere
2166 3602 2475 3672 aggredior,
2531 3602 2799 3672 miliaque
2849 3601 2994 3659 hunc
3023 3605 3090 3659 ad
3144 3621 3241 3661 vos
3274 3621 3396 3661 ser-

1811 3706 2077 3759 monem;
2134 3694 2281 3764 quod
2341 3697 2509 3750 sciam
2560 3695 3000 3752 adhortationem
3048 3714 3166 3753 esse
3212 3701 3396 3769 potius

1810 3800 1975 3855 quam
2010 3787 2305 3842 consilium
2333 3828 2347 3853 ,
2381 3788 2765 3859 sollicitusque
2792 3791 2893 3843 sim
2936 3801 3049 3845 tum
3078 3796 3142 3845 de
3172 3803 3283 3849 toto
3312 3811 3394 3850 τοι

1809 3894 1931 3947 rum
1968 3887 2135 3945 statu,
2168 3888 2283 3934 tum
2316 3880 2383 3933 de
2412 3895 2494 3933 me
2519 3880 2637 3948 ipso
2672 3881 2948 3950 privatim.
2972 3892 3025 3937 et
3053 3885 3392 3952 parentibus,

1810 3978 1864 4026 et
1889 3973 2175 4042 cognatis;
2210 3980 2263 4026 ct
2310 3982 2435 4027 nota
2468 3972 2602 4026 mihi
2648 3974 2719 4028 sit
2758 3985 2935 4030 vestra
2968 3977 3301 4041 humanitas,
3336 3990 3393 4033 ct

1810 4081 2135 4137 persuasum
2170 4066 2399 4121 habeam
2449 4065 2568 4121 fore
2611 4077 2691 4129 ut,
2744 4068 2957 4121 etiamsi
3009 4069 3186 4125 minus
3218 4066 3392 4141 placi-

1815 4167 1934 4212 tura
1999 4158 2111 4212 sint
2145 4172 2267 4225 qua:
2316 4172 2343 4210 a
2389 4171 2476 4213 me
2515 4157 2795 4219 dicentur,
2848 4160 2983 4215 mihi
3037 4169 3220 4217 tamen
3281 4180 3390 4221 non

1814 4247 2154 4312 irascamini,
2200 4248 2312 4302 imo
2353 4248 2583 4319 gratiam
2632 4264 2854 4319 quoque
2915 4250 3184 4311 habeatis.
3253 4253 3390 4309 Nam

1815 4356 1939 4397 cum
1965 4355 2062 4395 vos
2096 4341 2368 4409 aequitatis
2390 4342 2668 4397 studiosos
2705 4343 2758 4396 in
2796 4346 3007 4400 caateris
3038 4363 3159 4402 esse
3194 4349 3390 4411 sciam,

1815 4449 1963 4489 nunc
2000 4434 2170 4489 multo
2209 4432 2380 4506 magis
2411 4451 2572 4508 spero
2601 4436 2748 4493 hunc
2783 4439 3025 4494 animum
3056 4453 3389 4502 retenturos.

1812 4526 2127 4584 Meminisse
2162 4543 2287 4582 vero
2316 4528 2479 4583 etiam
2507 4528 2718 4585 debetis
2748 4546 2922 4585 meam
2949 4547 3073 4602 erga
3104 4549 3202 4591 vos
3227 4536 3392 4596 bene-

1812 4618 2129 4682 volentiam,
2186 4618 2257 4673 ob
2307 4634 2471 4688 quam
2533 4635 2635 4675 nec
2691 4621 3009 4693 singillatim
3049 4630 3386 4698 quempiam,

1812 4724 1913 4767 nec
1963 4726 2157 4768 omnes
2212 4713 2467 4769 universe
2499 4729 2739 4784 unquam
2796 4716 2994 4771 oilendi
3028 4738 3042 4786 ;
3073 4721 3169 4775 sed
3219 4724 3387 4778 multa

1811 4806 1996 4875 gravia
2032 4806 2253 4862 silentio
2306 4807 2524 4879 pertuli,
2559 4824 2682 4878 qua:
2742 4810 2887 4864 Deus
2938 4813 3109 4879 novit,
3173 4824 3228 4869 et
3264 4833 3387 4886 qua:

1812 4914 1922 4954 non
1965 4898 2124 4955 facile
2153 4901 2425 4969 quispiam
2455 4902 2782 4970 pertulerit:
2831 4917 3009 4973 neque
3043 4905 3189 4961 enim
3223 4908 3387 4966 dece-

1810 4991 1901 5047 bat
1934 5007 2264 5064 quemquam
2314 5008 2437 5049 esse
2466 4994 2782 5061 molestum,
2827 5004 2922 5051 aut
2956 5014 3136 5053 rerum
3171 5011 3389 5071 pertur-

1813 5084 2079 5141 batorem.
2127 5085 2208 5140 Ad
2242 5086 2379 5140 hanc
2413 5100 2543 5154 ergo
2584 5100 2679 5142 vos
2712 5086 3150 5145 benevolentiam
3208 5096 3386 5164 respi-

1809 5176 2039 5239 cienles,
2098 5186 2152 5231 ct
2182 5178 2491 5232 necessitati
2547 5178 2599 5231 in
2627 5195 2733 5248 qua
2762 5196 2845 5236 res
2870 5190 3016 5247 sunt,
3063 5196 3385 5252 praesentem

1809 5265 2094 5320 audaciam
2130 5268 2456 5332 tribuentes,
2486 5270 2554 5322 ita
2591 5272 2657 5325 de
2697 5286 2954 5327 sermone
2989 5289 3105 5329 meo
3138 5276 3387 5344 judicare

1808 5357 2008 5417 velitis,
2066 5357 2274 5413 domini
2318 5360 2444 5426 mei,
2492 5359 2704 5428 Patres,
2759 5379 2823 5419 ac
2865 5365 3032 5419 duces
3074 5366 3141 5421 ad
3199 5369 3383 5425 omnia

1807 5448 1972 5503 simul
2005 5450 2146 5505 bona
2179 5468 2323 5507 nunc
2349 5462 2403 5508 et
2433 5458 2581 5510 omni
2614 5467 2856 5527 tempore
2888 5457 3079 5514 futuri.

1876 5540 1984 5596 Nec
2007 5546 2294 5598 tacendum
2320 5544 2431 5614 jam
2464 5547 2604 5601 ultra
2645 5534 2901 5616 arbitror,
2947 5550 3154 5606 domini
3180 5568 3242 5606 ac
3277 5553 3384 5607 Pa~

136 5620 359 5688 πατέρες
387 5620 694 5688 αίδέσιμοι,
730 5617 837 5671 τῶν
872 5621 1345 5691 προσδοκωμένων
1373 5625 1566 5677 δεινῶν
1604 5630 1698 5681 καὶ
1732 5652 1739 5707 γ

1815 5642 1917 5689 ires
1951 5636 2260 5701 venerandi,
2313 5653 2434 5692 cum
2472 5639 2838 5708 impendentia
2871 5641 3009 5695 mala
3069 5642 3377 5712 plusculum

135 5708 278 5763 πλέον
310 5729 361 5766 τι
394 5712 588 5766 τούτου
642 5710 846 5780 τολμᾷν
879 5710 979 5783 ἤδη
1031 5713 1356 5782 πειθόντων,
1407 5715 1533 5770 οὔτε
1566 5719 1695 5771 πολ-

1803 5727 1965 5781 etiam
1998 5729 2196 5784 audere
2223 5729 2333 5798 jam
2361 5731 2625 5786 suadeant
2659 5748 2673 5797 ;
2702 5748 2799 5788 nec
2837 5744 3157 5802 praesentem
3196 5752 3376 5793 rerum

133 5798 230 5857 λῶν
256 5804 426 5875 λόγων
455 5805 524 5861 τὰ
560 5803 810 5871 παρόντα
844 5802 1149 5876 πράγματα
1179 5807 1409 5880 δεῖσθαι,
1449 5811 1505 5865 ἐν
1535 5812 1688 5885 ἀκμῇ

1815 5828 2005 5874 statum
2039 5822 2221 5877 multis
2254 5822 2495 5893 indigere
2520 5824 2887 5894 sermonibus,
2917 5842 3131 5884 summo
3160 5827 3213 5884 in
3236 5830 3381 5899 peri-

3957 5742 3959 5881 ἰ
