3976 6452
550 265 653 344 337

1609 267 1864 330 GENNA
1874 268 1988 330 Ι)Ιὶ
2027 268 2140 331 CP.
2177 269 2704 334 PATRI'ARCHﬁ'

3709 267 3836 334 388

553 383 682 438 culo
717 381 1072 436 constitutum
1111 400 1124 446 ;
1157 381 1360 454 quique
1378 382 1464 438 vix
1489 383 1660 453 possit
1685 383 1738 437 in
1765 391 1883 439 tuto
1907 382 2139 439 colloca-

2257 383 2561 437 ιαθεστῶτα
2598 381 2870 446 κινδύνου,
2923 381 3020 436 καὶ
3075 379 3230 451 μόλις
3285 379 3428 451 μετὰ
3489 379 3661 438 πολλὰ
3715 384 3828 454 μὲν

554 472 627 542 ri,
659 473 786 528 licet
818 472 989 527 multa
1022 472 1242 542 quidem
1272 484 1529 545 agantur,
1555 473 1812 528 dicantur
1839 489 1971 530 vero
2001 489 2132 546 pau-

553 581 640 623 ca.
670 566 842 622 Porro
875 565 1133 621 dictionis
1181 577 1305 637 apte
1357 565 1706 636 disponendae
1757 565 2026 627 studium,
2079 573 2133 620 et

551 659 824 717 sermonis
851 657 1199 727 elegantiam,
1225 669 1281 713 et
1313 659 1610 712 oratoriam
1642 666 1814 712 artem
1844 655 2132 726 praesentia

553 751 717 812 mala,
751 749 1015 818 dolorque
1043 765 1154 820 quo
1186 758 1405 820 propter
1435 749 1523 804 illa
1547 749 1850 819 opprimor,
1882 749 2133 818 eripuere

555 840 690 896 mihi
724 839 987 910 majorem
1053 850 1310 910 partem;
1346 853 1412 895 eo
1471 854 1600 894 vero
1660 840 1805 910 quod
1866 847 2132 908 superest,

554 933 830 1004 quomodo
861 933 937 988 uti
962 931 1123 988 liceat
1149 932 1252 988 hoc
1279 941 1546 1002 tempore,
1580 946 1687 987 non
1735 931 1935 986 video:
1990 929 2134 999 quod

501 1057 508 1095 ε
558 1026 856 1095 praesertim
885 1040 1107 1080 necesse
1144 1032 1248 1090 est,
1275 1025 1505 1094 simplex
1529 1024 1602 1079 sit
1629 1031 1682 1078 et
1720 1032 1978 1092 perceptu
2010 1035 2136 1075 om-

499 1113 505 1123 ί
559 1118 722 1172 nibus
771 1116 946 1173 facilis
976 1133 1179 1182 sermo,
1233 1132 1393 1187 quem
1447 1115 1515 1172 ad
1553 1131 1651 1172 vos
1694 1129 1884 1170 omnes
1936 1113 2132 1168 habeo.

558 1210 642 1263 Sit
671 1225 800 1264 vero
826 1210 959 1264 mihi
996 1211 1218 1280 quidem
1271 1209 1541 1266 orationis
1572 1209 1682 1265 dux
1745 1207 1888 1264 Deus
1921 1223 1939 1273 ;
1971 1221 2134 1276 quem

559 1300 948 1355 benevolentiae
985 1315 1111 1371 erga
1146 1313 1246 1356 vos
1277 1315 1431 1366 mere,
1457 1307 1513 1355 et
1564 1299 1824 1369 patriam,
1871 1305 1924 1352 et
1968 1309 2138 1367 genus

557 1391 868 1446 universum
897 1391 1066 1446 citare
1097 1399 1288 1445 testem
1319 1406 1426 1446 non
1454 1390 1772 1446 erubuerim
1804 1405 1820 1455 ;
1861 1387 2017 1444 vobis
2042 1403 2138 1443 au-

558 1495 665 1538 tem
707 1485 805 1538 vize
832 1485 898 1538 ad
918 1482 1230 1556 eligendum
1263 1484 1438 1549 utilia,
1457 1494 1512 1538 et
1531 1483 1620 1536 illa
1641 1496 1800 1551 agerc
1817 1480 2142 1552 aggredien-

555 1580 705 1634 dum.

629 1671 782 1737 Quod
847 1671 1012 1741 igitur
1042 1668 1289 1724 nonnulli
1329 1669 1440 1726 sint
1475 1668 1619 1724 inter
1658 1683 1776 1734 vos,
1837 1665 1932 1736 qui
1979 1674 2139 1736 puta-

562 1762 694 1815 bant
745 1775 804 1815 se
836 1757 1158 1814 Latinorum
1217 1759 1502 1814 scientiam
1555 1756 1913 1817 eluctaturos,
1971 1761 2138 1819 atque

562 1855 670 1910 illis
692 1869 1051 1926 persuasuros
1082 1868 1303 1907 manere
1335 1853 1389 1905 in
1433 1851 1540 1906 illis
1571 1847 1912 1918 antiquitatis
1945 1841 2134 1899 termi-

563 1950 663 2010 nis.
703 1957 757 2003 ct
783 1949 894 2016 ipse
919 1947 1032 2002 scio
1062 1964 1075 2000 :
1113 1945 1162 2000 id
1188 1961 1316 1999 vero
1352 1943 1486 2000 mihi
1515 1952 1660 1999 certe
1691 1955 1941 2010 magnam
1968 1936 2139 1992 admi‘

513 2071 520 2082 κ
563 2040 832 2095 rationem
872 2037 1124 2101 moverit,
1167 2036 1312 2102 quod
1340 2036 1442 2091 virl
1481 2034 1722 2105 alioquin
1753 2031 1896 2089 docti
1926 2040 2135 2085 tantum

566 2134 622 2186 in
649 2133 750 2187 hac
775 2140 926 2200 parte
957 2131 1262 2185 erraverint
1289 2146 1306 2195 ;
1338 2130 1504 2199 idque
1560 2142 1682 2183 cum
1718 2125 1895 2181 sciant
1929 2135 1982 2178 et
2009 2139 2064 2176 se
2085 2129 2138 2176 et

569 2226 707 2280 alios
736 2240 842 2278 non
865 2238 986 2278 esse
1013 2223 1151 2278 bene
1177 2222 1477 2278 instructos
1509 2217 1766 2274 facultate
1820 2218 1884 2270 ad
1915 2227 2142 2287 persua-

567 2323 806 2378 dendum
844 2336 993 2387 ;non
1023 2318 1185 2374 modo
1223 2316 1269 2373 si
1324 2315 1448 2386 quis
1493 2314 1677 2377 instet,
1725 2311 2041 2379 dubitetque
2073 2305 2142 2361 de

568 2416 733 2471 rebus
765 2414 1104 2481 gravissimis
1135 2427 1152 2468 :
1178 2409 1272 2466 scd
1306 2409 1350 2465 si
1378 2407 1464 2463 vel
1514 2405 1788 2460 binarium
1819 2417 1943 2458 esse
2000 2400 2143 2454 inter

566 2524 730 2579 pares
765 2520 1022 2562 numeros
1069 2503 1302 2574 primum
1345 2519 1361 2560 :
1397 2507 1490 2554 aut
1527 2497 1806 2552 hominem
1836 2509 1906 2550 ex
1961 2490 2143 2546 anima

566 2611 624 2654 et
658 2611 885 2668 corpore
944 2603 1217 2659 constare,
1255 2608 1318 2648 ac
1367 2589 1570 2647 similia
1619 2600 1820 2656 negare
1874 2583 2140 2641 voluerit:

567 2694 793 2748 Latinos
815 2705 945 2746 vero
971 2691 1037 2744 ad
1077 2697 1296 2756 captum
1327 2699 1547 2742 omnem
1601 2683 1899 2737 humanum
1943 2677 1996 2732 in
2027 2674 2146 2730 dia-

570 2788 783 2852 lectica,
821 2784 1078 2854 omnique
1138 2781 1388 2846 scientia,
1419 2786 1854 2844 cunctarumque
1907 2767 2147 2842 praecel—

570 2881 874 2936 lentissima
933 2878 1203 2948 theologia
1251 2870 1756 2930 exercitatissimos.
1812 2863 2017 2921 Verum
2041 2861 2142 2917 etsi

571 2973 757 3042 plures
787 2985 896 3025 non
924 2968 1254 3040 ignorabant
1280 2963 1600 3020 Latinorum
1641 2956 1948 3020 scientiam,
2005 2951 2150 3007 mul-

2240 477 2543 546 πράττειν,
2575 475 2766 544 λέγειν.
2817 473 2874 528 δὲ
2931 471 3165 539 ἐλάττω,
3199 472 3476 542 δυνάμενα
3516 471 3825 537 σώζεσθαι.
3879 497 3888 516 τ

2239 566 2526 638 Συνθήκης
2555 566 2611 622 δὲ
2639 564 2739 622 καὶ
2770 566 3031 637 φράσεως
3069 564 3166 621 καὶ
3198 565 3397 640 τέχνης
3427 565 3738 636 ῥητορικῆς
3761 567 3832 620 τὸ.

2237 657 2488 714 πλεῖστον
2523 657 2623 728 μὲν
2669 655 2775 712 ὑπὸ
2821 657 2934 710 τῶν
2991 655 3282 726 παρόντων
3330 655 3524 712 δεινῶν
3585 657 3682 712 καὶ
3719 657 3828 728 τῆς

2236 752 2332 806 ἐπὶ
2383 752 2594 814 τούτοις
2624 750 2804 820 λύπης
2849 748 3164 820 ἀφῄρημαι,
3199 747 3276 818 τῷ
3314 748 3371 802 δὲ
3422 747 3827 818 περιλειπομέ-

2237 862 2314 913 νῳ
2344 844 2534 916 καιρὸν
2567 843 2665 913 οὐχ
2705 841 2817 912 ὁρῶ
2848 841 2942 896 τὸν
2992 842 3242 912 παρόντα
3269 839 3529 912 χρῆσθαιο
3563 839 3662 894 καὶ
3702 841 3824 909 ἅμα

2238 936 2376 1008 πρδς
2430 935 2641 998 πάντας
2697 933 2842 1003 ὑμᾶς
2890 933 3045 998 ὄντος
3093 931 3191 986 τοῦ
3239 930 3399 999 λόγου
3431 974 3446 998 ,
3499 930 3716 985 ἁπλοῦν
3764 948 3823 984 τε

2239 1023 2380 1083 εἶναι
2413 1026 2602 1084 τοῦτον
2648 1024 2867 1094 ἀνάγκη
2895 1025 2989 1078 καὶ
3034 1025 3202 1078 πᾶσιν
3235 1022 3550 1077 εὐσύνετον.
3595 1020 3823 1090 Ἦγοίτο

2238 1118 2294 1172 δὲ
2342 1117 2467 1187 ἐμοὶ
2515 1117 2614 1186 μὲν
2646 1113 2759 1169 τῶν
2786 1113 2964 1182 λόγων
2991 1113 3145 1178 Θεὸς,
3173 1113 3235 1167 δν
3271 1114 3372 1166 οὐκ
3407 1113 3474 1165 ἂν
3501 1110 3824 1182 αἰδεσθείην

2239 1207 2467 1276 καὶτῆς
2522 1209 2605 1270 εις
2653 1207 2799 1278 ὑμᾶς
2831 1207 2929 1264 καὶ
2969 1206 3210 1278 πατρίδα
3248 1205 3344 1262 καὶ
3381 1204 3532 1266 ἔθνος
3563 1205 3690 1258 ὅλον
3735 1203 3824 1256 εὑ-

2239 1299 2396 1364 νοίας
2449 1299 2681 1354 καλέσαι
2735 1299 3032 1369 μάρτυρα·
3085 1298 3215 1367 ὑμῖν
3265 1296 3323 1350 δὲ
3377 1295 3479 1364 τῆς
3525 1296 3622 1348 ἐπὶ
3657 1295 3726 1348 τὸ
3757 1295 3824 1347 τὰ

2243 1390 2593 1462 συμφέροντα
2645 1389 2866 1445 ἑλέσθαι
2917 1406 2978 1444 τε
3036 1390 3132 1444 καὶ
3193 1389 3468 1460 ἄρξασθαι
3548 1387 3820 1460 πράττειν

2315 1660 2444 1718 Ὀτι
2489 1661 2589 1734 μὲν
2641 1659 2734 1715 οὖν
2781 1659 2892 1714 είσί
2947 1677 3095 1724 τινες
3143 1659 3199 1725 ἐξ
3256 1659 3432 1730 ὑμῶν,
3475 1658 3526 1712 οἶ
3577 1656 3682 1726 τὴν
3713 1658 3819 1713 τῶν

2244 1756 2490 1811 Λατίνων
2519 1752 2979 1822 καταγωνιεῖσθαι
3009 1753 3226 1823 σοφίαν,
3256 1753 3355 1806 καὶ
3382 1753 3597 1806 πείσειν
3625 1751 3821 1813 αὐτοὺς

2245 1850 2340 1904 ἐπὶ
2384 1849 2496 1901 τῶν
2545 1847 2789 1918 ἀρχαίων
2836 1845 3064 1900 ἐκείνων
3119 1846 3301 1914 μένειν
3353 1843 3629 1914 ινόμιζον,
3662 1841 3821 1897 τοῦτο

2245 1942 2341 1997 καὶ
2370 1939 2535 2006 αὐτδς
2561 1934 2703 1993 οῐδαο
2736 1937 2834 1992 καὶ
2855 1937 2976 1992 λίαν
3011 1936 3193 1991 αὐτῶν
3219 1933 3504 2006 θαυμάξω,
3532 1934 3618 1987 ὅτι
3643 1932 3822 1986 καίτοι

2247 2035 2414 2090 τᾶλλα
2469 2033 2626 2104 σοφοί
2681 2049 2831 2094 τινες
2879 2030 3059 2094 ὅντες,
3116 2026 3372 2084 τοσοῦτον
3432 2011 3710 2096 ἐντούτῳ
3747 2024 3822 2094 τῷ

2253 2127 2412 2198 μέρει
2440 2123 2840 2194 πεπλάνηνταιο
2872 2121 2969 2176 καὶ
3006 2119 3182 2173 ταῦτα
3208 2122 3305 2174 καὶ
3335 2117 3640 2178 συνειδότες
3669 2115 3822 2185 σφίσι

2249 2234 2307 2271 τε
2331 2216 2516 2279 αὐτοῖς
2544 2213 2638 2268 καὶ
2665 2213 2773 2275 τοῖς
2811 2211 2992 2274 ἄλλοις
3012 2209 3230 2278 φαύλως
3260 2208 3442 2280 ἔχουσι
3468 2208 3568 2276 τῆς
3597 2206 3740 2274 πρὸς
3767 2205 3825 2259 τδ

2251 2309 2462 2363 πείθειν
2498 2305 2878 2378 παρασκευῆς,
2910 2304 2972 2358 οὐ
3007 2303 3170 2374 μόνον
3205 2303 3272 2357 ἄν
3301 2318 3386 2366 τις
3417 2302 3544 2372 περὶ
3589 2299 3702 2354 τῶν
3732 2315 3824 2370 με·

2250 2403 2455 2471 γίστων
2485 2400 2774 2464 ἑνίσταιτο,
2811 2397 2928 2452 ἀλλ’
2957 2399 3007 2452 εί
3043 2398 3139 2452 καὶ
3163 2396 3262 2466 τὴν
3296 2395 3466 2450 δυάδα
3487 2389 3726 2463 ’πρῶτον
3769 2395 3823 2445 ἐν

2251 2493 2506 2565 ἁριθμοῐς
2553 2489 2745 2564 ἄρτιον
2775 2485 2938 2556 εἶναι,
2969 2491 3006 2563 ἢ
3059 2491 3152 2544 τὸν
3203 2489 3494 2560 ἄνθρωπον
3535 2491 3604 2543 ὲκ
3642 2486 3822 2556 ψυχῆς

2253 2584 2350 2640 xci.
2374 2584 2631 2653 σώματος
2671 2585 3021 2648 συνεστάναι,
3051 2581 3150 2636 καὶ
3181 2583 3248 2636 τὰ
3279 2581 3507 2635 τοιαῦτα
3534 2579 3832 2651 ἀρνεῖσθαι

2254 2677 2534 2748 θελήσειεν
2561 2691 2576 2706 ’
2609 2675 2810 2738 ειδότες
2847 2676 2905 2734 δδ
2955 2675 3052 2730 καὶ
3102 2673 3361 2736 Λατίνους
3395 2672 3557 2744 μέχρι
3588 2673 3692 2739 τῆς
3737 2673 3826 2724 άν-

2256 2768 2539 2840 θρωπίνης
2572 2767 2830 2838 εὐπορίας
2861 2766 3081 2834 ἁπάσης
3111 2764 3468 2834 διαλεκτικήν
3494 2781 3555 2816 τε
3587 2765 3688 2816 καὶ
3722 2761 3826 2815 πᾶ-

2259 2879 2360 2916 σαν
2391 2861 2726 2932 ιπιστήμην,
2755 2860 2849 2913 καὶ
2894 2858 2993 2930 τὴν
3043 2859 3234 2913 πασῶν
3260 2857 3612 2929 ὑψηλοτάτην
3644 2855 3828 2920 θεολο-

2257 2954 2385 3025 γίαν
2438 2953 2770 3025 ἐξητακότας
2827 2969 2889 3007 τε
2938 2952 3032 3018 καὶ
3064 2952 3435 3024 ἀσκήσαντας.
3476 2950 3619 3005 ⁹Αλλ’
3650 2949 3702 3003 εί
3734 2951 3829 3003 καὶ

569 3078 760 3132 tasque
787 3061 898 3118 illis
948 3074 1057 3114 non
1095 3057 1284 3112 defore
1315 3055 1558 3110 rationes
1620 3048 1688 3105 ad
1746 3043 2145 3104 ostendendum

2258 3047 2480 3110 πλείους
2539 3045 2696 3116 ὑμῶν
2743 3045 2868 3100 οὒτε
2910 3045 3010 3112 τὴν
3055 3043 3300 3099 Λατίνων
3347 3043 3581 3115 ἠγνόουν
3614 3043 3828 3111 σοφίαν,

570 3174 628 3212 se
657 3165 802 3210 recte
827 3153 1074 3218 sentire;
1115 3147 1366 3206 arbitrati
1399 3153 1581 3206 tamen
1617 3151 1672 3199 et
1725 3141 1805 3196 illi
1852 3150 2044 3192 omnes
2095 3141 2150 3189 et

571 3251 683 3312 isti,
711 3248 966 3302 unionem
997 3259 1120 3300 cum
1151 3239 1360 3295 Latinis
1401 3254 1515 3293 rem
1548 3250 1672 3293 esse
1718 3231 1941 3305 plurimi
1999 3228 2150 3285 resti-

577 3345 855 3400 mandam.
889 3347 944 3392 et
975 3344 1236 3406 praeterea
1266 3329 1602 3391 facillimam,
1665 3336 1720 3382 et
1749 3339 1907 3382 suum
1941 3331 1996 3377 et
2021 3320 2151 3375 alio.

578 3452 698 3489 rum
737 3434 976 3486 animum
1003 3429 1265 3483 induxere
1285 3440 1408 3480 cum
1435 3421 1708 3491 voluptate
1744 3415 2020 3472 advenire.
2044 3411 2152 3468 Sed

577 3527 662 3584 lac
699 3525 840 3578 idem
871 3535 1064 3576 omnes
1094 3519 1354 3582 sensisse,
1378 3523 1431 3570 et
1457 3529 1518 3570 ea
1568 3527 1664 3583 spe
1689 3509 1923 3571 venisse,
1963 3515 2022 3560 ut
2044 3503 2148 3559 La-

579 3624 724 3677 tinus
773 3613 1088 3688 ignorantia:
1135 3625 1424 3684 pravreque
1479 3603 1756 3678 opinionis
1810 3607 2152 3671 arguerent;

580 3711 974 3782 persuaderent
1003 3721 1133 3760 vero
1163 3720 1193 3758 a
1230 3701 1500 3759 sententia
1565 3696 1846 3753 discedere
1899 3701 1994 3748 aut
2055 3705 2153 3746 sua

581 3811 798 3870 sponte,
831 3805 927 3853 ant
961 3796 1162 3851 invitos
1195 3801 1357 3862 atque
1387 3791 1460 3845 ita
1494 3788 1748 3845 unionem
1798 3799 1989 3840 eorum
2041 3796 2156 3836 am-

579 3897 966 3965 plecterentur.
1005 3888 1128 3942 llmc
1157 3885 1202 3940 si
1235 3883 1454 3953 quidem
1486 3898 1549 3936 ex
1583 3879 1852 3937 sententia
1895 3874 2157 3932 succede-

559 3995 723 4048 ‘reiit,
757 3984 993 4038 fortasse
1029 3979 1222 4035 melius
1256 3986 1400 4032 esset
1431 3993 1445 4041 ;
1481 3973 1732 4042 Deusque
1762 3985 1886 4025 cum
1920 3983 2032 4038 quo
2061 3979 2156 4036 per

579 4070 1194 4147 agnitionemveritatis
1224 4077 1278 4122 et
1307 4075 1551 4122 mutuam
1579 4063 1900 4120 charitatem
1924 4057 2158 4128 conjun-

579 4181 855 4240 geremur,
887 4165 1069 4219 neutri
1107 4161 1344 4231 partium
1374 4159 1634 4227 majorem
1697 4153 2037 4222 impenderet
2072 4149 2157 4202 ia-

585 4279 768 4316 vorem
799 4258 946 4327 {Sed
1003 4269 1110 4312 tam
1159 4273 1254 4312 eos
1305 4253 1399 4325 qui
1448 4254 1731 4306 veritatem
1787 4249 2160 4310 edocuissent,

583 4372 747 4425 quam
782 4353 875 4424 qui
901 4351 1049 4405 illam
1085 4363 1242 4419 aequo
1263 4347 1446 4401 animo
1470 4343 1884 4407 addidicissent,
1925 4340 2043 4412 pari
2070 4352 2160 4394 co-

2253 3140 2366 3196 οὖθ⁸
2395 3142 2480 3194 δτι
2525 3136 2739 3191 πολλῶν
2768 3136 3139 3207 εὖπορὴσουσι
3168 3135 3344 3204 λόγων
3373 3135 3514 3203 πρὸς
3557 3135 3622 3190 τδ
3651 3135 3827 3200 δεῖξαι

2255 3235 2396 3303 σφᾶς
2423 3232 2627 3296 αὐτοὺς
2667 3230 2916 3298 δοξάζειν
2961 3231 3165 3296 καλῶς,
3199 3228 3316 3284 ἀλλ’
3344 3230 3496 3300 ὅμως
3523 3228 3731 3282 ἐκεῖνοί
3772 3244 3828 3281 τε

2254 3326 2458 3388 πάντες
2512 3325 2609 3378 καὶ
2648 3319 2800 3379 οὗτοι
2855 3323 2955 3398 τὴν
3011 3323 3153 3393 μετὰ
3210 3321 3456 3376 Λατίνων
3505 3321 3710 3373 ἕνωσιν
3741 3316 3830 3372 τοῦ

2255 3421 2456 3482 παντὸς
2488 3415 2638 3486 ἄξιον
2683 3415 2876 3490 χρῆμα
2904 3414 3001 3470 καλ⁸
3031 3417 3231 3488 ῥᾷστον
3267 3409 3409 3470 εἶναι
3438 3411 3581 3484 πρὸς
3621 3411 3832 3472 τούτοις

2255 3511 2603 3582 νομίσαντες,
2639 3507 2868 3572 ἑαυτούς
2920 3524 2980 3560 τε
3043 3507 3140 3561 καὶ
3184 3506 3316 3570 τοὺς
3365 3504 3562 3568 ἄλλους
3606 3506 3833 3557 ἔπεισαν

2259 3602 2380 3677 μεθ’
2407 3601 2602 3674 ἡδονῆς
2653 3599 2970 3672 ἀφικέσθαι.
3003 3599 3224 3654 Κείσθω
3271 3598 3329 3652 δὲ
3359 3596 3458 3651 καὶ
3497 3598 3715 3660 πάντας
3741 3595 3833 3666 τὴν

2257 3695 2428 3765 αὐτὴν
2471 3695 2764 3766 ἐσχηκέναι
2809 3693 3076 3764 γνώμην,
3129 3691 3236 3746 ικαὶ
3279 3691 3439 3760 ἥκειν
3503 3689 3836 3750 ἐλπίσαντας

2263 3785 2430 3854 μηδὲν
2482 3785 2581 3853 μὶν
2621 3784 2832 3848 εἰδότας
2871 3785 3016 3854 μήτε
3049 3780 3259 3852 τάληθῆ
3303 3781 3642 3850 φρονοῦντας
3680 3781 3837 3833 Aug-

2261 3895 2388 3940 νους
2426 3875 2685 3946 ἐλέγξειν,
2725 3875 2942 3930 πείσειν
2994 3875 3052 3928 δὲ
3089 3875 3315 3939 ἑκόντας
3366 3873 3399 3943 ἢ
3439 3873 3682 3935 ἄκοντας
3746 3871 3837 3938 τὴν

2264 3969 2535 4040 σφετέραν
2565 3969 2723 4038 δόξαν
2751 3967 3116 4040 ἀρνήσασθαι,
3148 3966 3244 4020 καὶ
3269 3964 3413 4018 οὕτω
3455 3965 3557 4035 τὴν
3595 3964 3721 4033 μετ’
3751 3966 3840 4016 αὖ·

2259 4065 2371 4116 τῶν
2427 4062 2626 4128 ἕνωσιν
2682 4058 3108 4127 διαπράξεσθαι.
3177 4056 3240 4110 El
3302 4054 3401 4124 μὲν
3453 4053 3549 4107 οὖν
3596 4053 3838 4117 essent»;

2261 4157 2438 4211 ταῦτα
2471 4155 2615 4208 κατὰ
2646 4152 2869 4212 σκοπὸν,
2921 4152 3144 4221 ἄμεινον
3172 4148 3237 4202 ἂν
3266 4149 3398 4209 ἴσως
3425 4140 3498 4216 ἧν
3520 4163 3533 4173 ·
3563 4149 3661 4198 καὶ
3689 4148 3717 4198 ό
3750 4145 3840 4214 μὲν

2262 4247 2420 4310 Θεὸς,
2451 4237 2496 4312 ᾧ
2533 4242 2908 4298 συνάπτεσθαι
2960 4244 3024 4312 τῇ
3057 4237 3258 4307 γνώσει
3304 4239 3401 4306 τῆς
3449 4237 3717 4304 ἀληθείας
3753 4234 3840 4287 καὶ

2263 4340 2332 4408 τῇ
2366 4337 2504 4409 πρὸς
2557 4335 2826 4406 ἀλλήλους
2879 4335 3073 4405 εἰρήνῃ
3112 4333 3311 4394 πάντες
3351 4329 3680 4396 ἐμέλλομεν,
3704 4327 3843 4380 οὐδε-

590 4469 722 4506 ι·‹›ιι;ι
777 4449 1025 4508 donaret,
1067 4452 1123 4498 et
1173 4453 1326 4510 aeque
1361 4437 1466 4493 sibi
1505 4435 1882 4504 coniungeret.
1937 4435 2016 4486 ita
2065 4431 2145 4486 vis

2275 4433 2462 4504 τέροις
2497 4431 2564 4484 ἂν
2597 4429 2707 4482 τῶν
2734 4428 2942 4499 ἐτέρων
2977 4425 3273 4494 ἐχαρίσατο
3307 4422 3530 4492 μᾶλλον⁸
3559 4419 3699 4473 ἀλλὰ
3728 4418 3845 4480 τούς

584 4555 806 4614 quoque
829 4553 1077 4596 essemus
1105 4536 1353 4592 obtinere
1383 4531 1562 4585 locum
1596 4529 2002 4597 magistrorum,
2075 4525 2157 4578 lu-

589 4653 786 4706 tnoque
810 4633 966 4687 fama:
993 4631 1579 4696 obieetaremur,quem
1613 4640 1704 4678 vos
1725 4619 1991 4692 spiritalia
2013 4633 2160 4690 quae-

588 4742 791 4794 rentes,
821 4725 1044 4795 Deoque
1077 4737 1274 4779 vacare
1320 4721 1590 4791 pollicitos
1627 4717 1838 4772 ambire
1875 4730 1981 4788 ηριι
2026 4727 2160 4769 con-

585 4825 756 4878 venit.
779 4819 892 4876 Sed
918 4818 1115 4874 videtis
1137 4829 1349 4880 omnes,
1403 4819 1464 4867 ut
1499 4809 1683 4866 Latini
1739 4823 1835 4878 pro
1895 4821 1995 4863 sua
2036 4819 2164 4861 sen-

591 4915 758 4968 tentia
787 4911 1002 4983 egregie
1026 4905 1422 4965 decertaverint
1445 4947 1459 4970 ,
1503 4911 1563 4960 ut
1615 4916 1775 4958 nemo
1830 4900 1949 4954 illus
1971 4895 2166 4967 possit,

593 5006 638 5061 si
677 5005 804 5061 velit
835 5018 1024 5073 aequus
1051 5017 1172 5057 esse
1197 4999 1388 5072 iudex,
1445 4992 1863 5066 reprehendere.
1894 4989 1961 5044 Et
2014 5001 2169 5045 com-

595 5096 778 5153 munis
802 5095 1020 5166 quidem
1073 5093 1333 5162 magister
1361 5105 1425 5147 ac
1458 5087 1712 5144 dominus
1763 5092 1970 5148 noster,
2013 5095 2172 5148 opor-

595 5197 714 5243 tere
749 5187 926 5257 inquit
951 5186 1005 5240 in
1057 5197 1152 5238 ore
1181 5183 1416 5238 duorum
1469 5180 1554 5236 vel
1593 5177 1757 5233 trium
1817 5183 1964 5229 stare
2010 5183 2173 5226 omne

594 5281 842 5346 verbum,
880 5275 1054 5334 et’lex
1089 5276 1264 5332 civilis
1295 5276 1367 5330 ita
1421 5271 1765 5344 prmscribit;
1820 5268 1897 5323 illi
1939 5279 2068 5320 vero
2107 5278 2171 5317 cx

595 5371 985 5430 communibus
1014 5368 1268 5425 Ecclesiae
1292 5365 1610 5422 doctoribus
1637 5377 1732 5418 sex
1793 5356 2177 5431 prmstantissi-

597 5481 717 5522 mos
747 5464 1012 5534 dignitate
1064 5473 1119 5518 et
1151 5460 1423 5524 doctrina,
1465 5455 1845 5526 susceptisque
1875 5463 1973 5520 pro
1995 5449 2172 5518 pieta-

2263 4542 2322 4578 τε
2354 4523 2706 4582 διδάσκοντας
2741 4519 2841 4589 τὴν
2896 4517 3156 4587 ἀλήθειαν
3181 4558 3196 4582 ,
3227 4515 3324 4568 καὶ
3352 4514 3480 4575 τοὺς
3512 4512 3612 4563 σὺν
3647 4511 3846 4575 εὐγνω-

2272 4615 2483 4687 μοσύνῃ
2527 4614 2734 4682 ταύτην
2780 4609 3199 4677 δεδιδαγμένους
3255 4605 3455 4670 ἐπίσης
3487 4600 3696 4672 ⁴ἔμελλε
3733 4615 3846 4651 στε-

2272 4706 2498 4780 φανοῦν,
2551 4708 2647 4758 καὶ
2696 4700 2872 4771 ἑαυτῷ
2937 4699 3235 4753 συνάπτειν
3281 4695 3507 4764 ὁμοίως.
3555 4691 3845 4758 Ὲδόξαμεν

2263 4801 2318 4856 δ’
2359 4800 2428 4854 ἂν
2472 4797 2674 4854 οὑτωσὶ
2700 4793 3043 4849 διδασκάλων
3075 4790 3227 4856 τάξιν
3261 4786 3504 4856 ἐπέχειν,
3529 4785 3622 4834 καὶ
3657 4781 3737 4851 τῷ
3761 4797 3851 4832 xa-

2281 4892 2400 4963 πνῷ
2439 4892 2536 4961 τῆς
2573 4891 2763 4960 φήμης
2813 4887 3159 4956 ὲτὲρφθημεν
3183 4899 3196 4913 ·
3233 4879 3294 4934 οὗ
3329 4880 3443 4942 τοῖς
3488 4876 3560 4931 τὰ
3613 4889 3854 4943 πνευμα-

2278 4986 2408 5040 τικά
2435 4982 2694 5055 ζητοῦσιν
2723 4981 2857 5050 ὑμῖν
2916 4982 3013 5030 καὶ
3053 4973 3174 5045 Θεῷ
3222 4971 3594 5043 προσανέχειν,
3616 4968 3856 5032 ὑπεσχη-

2286 5065 2472 5148 μένοις
2525 5070 2775 5142 οὖδαμῶς
2840 5071 2990 5120 ἐστιν
3050 5067 3325 5138 ἁρμόττον
3375 5059 3649 5131 ἐφίεσθαι.
3720 5055 3854 5108 Ἀλλ’

2279 5145 2444 5240 δρᾶτε
2473 5165 2694 5228 πάντες,
2723 5164 2804 5216 ὅτι
2847 5159 3068 5215 Λατῖνοι
3115 5161 3216 5226 τῆς
3271 5153 3482 5208 ἑαυτῶν
3515 5145 3860 5219 ὑπερηγωνί-

2288 5277 2451 5315 σαντο
2487 5259 2643 5328 δόξης
2677 5255 2878 5317 καλῶς·
2913 5251 3056 5305 ὥστε
3095 5250 3301 5322 μηδένα
3347 5247 3416 5302 ἂν
3462 5246 3650 5306 αὐτοῖς
3697 5241 3859 5308 traca-

2283 5354 2397 5406 λεῖν
2445 5352 2612 5421 ἔχειν,
2642 5349 2693 5400 εί
2729 5345 2980 5417 βούλοιτο
3011 5341 3218 5405 δίκαιος
3251 5338 3418 5393 εἶναι.
3473 5335 3590 5389 Καὶ
3627 5337 3657 5386 ό
3710 5328 3860 5421 [the

2277 5419 2650 5514 κοινὸςῆμῶν
2695 5437 3018 5499 διδάσκαλος
3063 5435 3160 5490 καὶ
3212 5430 3483 5498 δεσπότης
3518 5428 3617 5480 ἐπὶ
3644 5425 3794 5486 δυοῖν
3826 5419 3856 5487 ἢ

600 5514 716 5522 --.η
751 5514 1009 5534 --τηηπ
1072 5514 1116 5518 --
1410 5514 1422 5524 ,
1629 5514 1646 5526 .
1757 5514 1771 5524 .
1877 5514 1891 5520 -
1997 5514 2011 5518 -

600 5571 650 5615 te
679 5559 958 5613 laboribus
991 5573 1006 5624 ;
1045 5569 1170 5611 nam
1201 5553 1339 5609 alios
1398 5559 1661 5622 prmtereo
1693 5563 1708 5613 ;
1745 5543 2029 5600 sententia:
2067 5557 2149 5594 sua

2289 5537 2458 5610 τριῶν
2491 5535 2790 5607 μαρτύρων
2816 5531 2927 5585 δεῖν
2961 5528 3218 5584 ἵστασθαι
3260 5526 3368 5578 πᾶν
3397 5521 3550 5610 ρῆμά
3583 5536 3743 5590 φησι,
3775 5514 3864 5618 καὶ

605 5660 769 5705 testes
792 5649 1090 5720 protulere,
1150 5660 1384 5717 quorum
1423 5644 1660 5714 quisque
1693 5636 2027 5694 tantumdem
2079 5632 2145 5685 (id

2289 5605 2617 5690 δπολιτικδς
2671 5626 2836 5694 νόμος
2886 5623 3028 5676 οὕτω
3064 5617 3370 5689 διαγορεύει
3399 5605 3425 5648 θ’
3460 5614 3512 5667 oi
3555 5614 3614 5666 δὲ

605 5737 811 5807 valere,
841 5746 1106 5811 quantum
1135 5735 1380 5794 universi
1405 5729 1675 5801 homines,
1711 5726 2018 5787 censendus
2055 5730 2179 5778 cst:

3663 5611 3727 5662 ὲκ
3754 5605 3863 5658 τῶν

2292 5723 2489 5779 κοινῶν
2538 5719 2878 5774 διδασκάλων
2919 5715 3018 5788 τῆς
3061 5709 3389 5780 Ἐκκλησίας
3441 5706 3504 5772 ἐξ
3551 5704 3683 5768 τοὺς
3707 5695 3867 5772 μεγι-
