3976 6452
457 266 556 329 391

1505 263 1873 322 GENNADII
1919 262 2028 324 ΟΡ.
2076 262 2589 325 ΡΑΤιιιΑιιεΗΕ

3603 265 3708 334 392

453 398 554 450 της
613 380 918 435 ἀπολαῦσαι
958 377 1342 448 λαμτιρότητός
1379 394 1438 429 τε
1495 377 1587 430 καὶ
1655 377 1879 447 φήμης,
1952 370 2047 426 καὶ
2089 375 2226 445 μηδὲ
2275 376 2375 446 τὴν
2432 379 2770 432 ἀποστασίαν
2824 377 2934 431 τῶν
2987 378 3117 448 ἡμῖν
3155 376 3542 448 προσηκόντων
3621 383 3708 434 δε-

451 476 619 532 διέναι
663 474 858 543 γενῶν,
919 471 1109 542 ἐπειδὴ
1150 471 1245 542 τὴν
1282 469 1573 540 ὁμολογίαν
1608 470 1706 538 τῆς
1760 469 2000 529 πίστεως
2038 463 2139 520 οὒκ
2204 467 2378 534 άλλως
2429 470 2461 541 ἢ
2518 471 2781 541 πρότερον
2825 470 3054 531 ἐκείνοις
3119 485 3178 520 τε
3216 468 3312 522 καὶ
3357 471 3493 541 ἡμῖν
3553 472 3710 530 ἔσται

455 571 748 624 ποιεῖσθαι.

525 667 588 719 Et
623 663 798 718 Latini
828 661 1047 733 quidem
1108 661 1222 715 haec
1256 657 1580 720 ostendunt,
1633 658 1748 712 haec
1803 655 2018 715 dicunt.

2204 659 2316 713 Καὶ
2341 659 2392 711 οί
2423 657 2526 728 μὲν
2560 660 2781 713 Λατῖνοι
2810 657 2988 714 ταῦτα
3036 659 3369 728 δεικνύουσι,
3401 662 3578 717 ταῦτά
3603 681 3708 732 φα-

453 766 604 814 tanto
677 754 1032 812 conﬁcienda:
1099 753 1381 807 nobiseum
1448 751 1668 805 unionis
1753 746 2029 804 desiderio

461 845 891 914 flagrant:adco
952 843 1087 897 nihil
1144 843 1335 896 volunt
1392 839 1506 895 ﬁeri
1574 857 1601 894 ιι
1661 839 1840 902 nobis,
1887 837 2028 907 quod

456 938 558 992 sibi
593 936 846 1006 gloriam,
870 933 1028 989 nobis
1081 931 1432 1003 ignominiam
1493 941 1589 986 aut
1639 932 2027 986 detrimentum

391 1043 400 1100 ί
454 1028 648 1082 afferre
675 1028 871 1098 possit.
919 1023 1087 1079 Nobis
1125 1041 1252 1080 vero
1286 1024 1352 1080 ad
1393 1021 1508 1080 haec
1558 1025 1742 1080 omnia
1793 1023 2029 1078 fortasse

457 1120 678 1188 quidem
707 1119 872 1173 verba
899 1133 1004 1173 non
1029 1116 1284 1180 deerunt,
1314 1118 1407 1171 sed
1456 1131 1568 1171 non
1603 1116 1758 1171 multi
1813 1115 2028 1170 roboris

456 1209 803 1272 autdecoris,
825 1216 876 1262 et
908 1224 1028 1278 qua?
1064 1208 1261 1262 virtute
1286 1215 1341 1261 et
1379 1207 1647 1276 sapientia
1681 1219 1870 1260 nosua
1912 1205 2026 1260 sint

454 1303 638 1369 digna,
665 1312 756 1354 aut
786 1300 1068 1355 hominum
1129 1299 1422 1354 volentium
1472 1314 1584 1369 prae
1613 1313 1671 1353 se
1703 1297 1849 1352 ferre
1897 1313 2026 1365 spe-

457 1394 593 1447 ciem
622 1409 686 1447 ac
715 1392 1031 1464 dignitatem
1071 1391 1313 1456 Patrum,
1363 1391 1456 1460 qui
1510 1391 1563 1444 in
1596 1390 1834 1458 antiquis
1877 1389 2027 1444 fuere

457 1485 727 1548 conciliis,
757 1495 809 1538 et
839 1485 1021 1538 omnia
1056 1485 1178 1538 eum
1207 1484 1432 1539 veritate
1455 1493 1508 1537 et
1536 1481 1806 1537 charitate
1839 1489 2024 1535 mutua

457 1577 867 1631 examinarunt.
901 1575 1010 1630 Nec
1073 1591 1202 1630 rem
1244 1575 1584 1646 propositum
1633 1573 1790 1628 nobis
1837 1582 1921 1628 est
1958 1573 2025 1626 de

460 1679 518 1718 re
547 1677 654 1717 non
687 1664 867 1733 magni
889 1663 1146 1734 ponderis
1179 1672 1476 1727 certamen,
1500 1661 1592 1716 sed
1621 1663 1802 1732 agitur
1837 1661 1904 1716 de
1930 1676 2023 1715 ve-

460 1756 619 1811 ritate
673 1756 818 1821 fidei,
849 1769 945 1826 per
993 1771 1156 1824 quam
1201 1771 1303 1812 nos
1354 1755 1553 1811 salvari
1606 1769 1916 1824 speramus.
1972 1763 2029 1809 et

456 1864 618 1918 quam
643 1849 979 1905 contentiose
1008 1863 1322 1919 oppugnare
1365 1864 1473 1903 non
1507 1847 1685 1903 solum
1723 1857 1882 1917 turpe
1917 1855 2022 1910 est,

454 1943 549 2001 sed
573 1953 627 2000 et
651 1944 886 1998 maxime
916 1943 1306 2013 periculosum.
1369 1938 1555 2009 Neque
1592 1939 1738 1994 enim
1791 1947 1886 1993 aut
1925 1939 2022 1994 do—

453 2047 631 2092 ctores
654 2050 851 2106 negare
880 2034 1029 2100 licet,
1049 2033 1250 2104 quibus
1274 2033 1438 2086 etiam
1461 2030 1908 2101 deprecatoribus
1953 2029 2019 2084 ad

455 2127 622 2183 Deum
653 2143 750 2197 pro
781 2127 1018 2198 peccatis
1049 2125 1252 2179 nostris
1275 2125 1352 2178 uti
1402 2124 1663 2189 solemus,
1707 2132 1762 2178 et
1821 2122 2024 2191 quibus

453 2222 707 2276 universa
748 2218 992 2273 Ecclesia
1047 2232 1148 2287 pro
1198 2207 1590 2272 certaminibus
1634 2215 1705 2270 ob
1739 2215 2023 2270 veritatem

451 2312 742 2382 susceptis,
765 2321 817 2366 et
843 2309 1127 2365 laboribus
1153 2309 1207 2362 in
1237 2309 1507 2372 docendo,
1535 2321 1699 2378 quam
1728 2306 2022 2361 maximam

455 2403 637 2458 retulit
658 2402 913 2475 gratiam,
944 2409 1005 2455 ut
1037 2400 1284 2456 omittam
1315 2399 1450 2454 alias
1477 2397 1788 2453 sanctitatis
1820 2407 2024 2468 partes,

455 2510 676 2565 propter
730 2509 870 2564 quas
917 2494 1042 2548 illos
1095 2493 1395 2547 secundum
1444 2491 1614 2546 Deum
1667 2490 2022 2545 honoramus.

453 2587 641 2658 Neque
706 2586 950 2642 dicemus
1006 2584 1257 2640 doctores
1306 2585 1449 2639 inter
1493 2599 1553 2640 se
1582 2597 1870 2653 pugnare;
1925 2583 2027 2637 hoc

453 2681 598 2733 enim
630 2688 711 2734 est
736 2678 917 2732 omnia
949 2675 1304 2742 confundere,
1332 2689 1394 2729 ac
1423 2684 1590 2729 totam
1646 2675 1912 2745 abnegare
1965 2674 2027 2730 li-

456 2771 599 2826 dem.
633 2769 804 2824 Porro
833 2777 1015 2822 autem
1049 2766 1282 2822 voluisse
1338 2764 1582 2838 Latinos.
1612 2765 1911 2835 depravare
1963 2767 2027 2820 ﬂ-

459 2863 604 2926 dem,
627 2871 684 2915 et
716 2861 998 2915 doctorum
1028 2858 1271 2912 omnium
1328 2857 1643 2912 adulterare
1677 2856 2026 2927 theologiam,

457 2955 580 3026 quis
620 2954 756 3010 adeo
787 2951 1039 3018 stolidus,
1083 2959 1140 3006 ut
1173 2949 1410 3007 credat?
1439 2949 1631 3018 quisve
1653 2949 1706 3005 id
1731 2949 2028 3006 asserendo

456 3056 645 3102 contra
686 3045 932 3108 Latinos,
970 3043 1084 3096 risu
1138 3057 1246 3097 non
1273 3039 1622 3112 excipiatur?
1679 3040 1832 3095 Nulla
1881 3039 2026 3096 enim

453 3138 765 3193 criminatio
794 3144 970 3206 potest
996 3133 1250 3190 falsitatis
1281 3134 1538 3202 redargui.
1585 3133 1858 3204 pluribus,
1919 3132 2029 3189 for-

451 3230 706 3292 tioribus,
739 3241 802 3282 ac
833 3226 1145 3282 verioribus
1187 3225 1545 3296 argumentis.
1577 3223 1647 3276 At
1700 3222 2029 3292 objiciemus

454 3335 556 3375 nos
591 3327 941 3389 apparentem
978 3318 1263 3372 doctorum
1327 3314 1727 3370 dissensionem
1761 3330 1776 3380 ;
1842 3329 2028 3370 verum

457 3413 535 3468 illi
573 3426 692 3467 eam
724 3411 874 3464 nullo
901 3409 1118 3480 negotio
1159 3408 1484 3474 dissolvent,
1543 3408 1654 3463 imo
1687 3409 1856 3463 etiam
1912 3409 2025 3477 jam

453 3504 842 3560 dissolveruut.
882 3502 989 3557 Sed
1015 3517 1191 3570 neque
1224 3500 1483 3557 decorum
1521 3500 1755 3571 amplius
1783 3509 1868 3556 est
1915 3501 2030 3556 hac

453 3609 482 3646 a
511 3593 722 3648 Latinis
752 3607 1018 3662 quaerere;
1051 3605 1345 3661 possumus
1369 3591 1516 3646 enim
1547 3599 1602 3645 et
1639 3605 1738 3646 nos
1761 3591 1865 3660 ipsi
1900 3605 2028 3646 con-

454 3687 642 3742 eiliare
664 3686 808 3740 inter
839 3697 898 3740 se
949 3684 1223 3739 doctores.
1268 3683 1379 3753 Ego
1437 3697 1560 3738 cum
1613 3683 1715 3738 sim
1777 3692 2020 3738 vestrum

455 3780 702 3834 omnium
736 3777 1018 3841 minimus,
1054 3775 1146 3830 ubi
1211 3774 1264 3829 id
1323 3775 1748 3841 mandaveritis,
1803 3782 2026 3845 paratus

455 3888 573 3926 sum
604 3872 708 3926 hoc
760 3877 1022 3940 praastare
1069 3876 1124 3922 et
1186 3867 1436 3936 privatim
1483 3876 1540 3921 et
1568 3867 1802 3937 publice,
1861 3876 2027 3937 atque

451 3963 707 4018 onmihus
733 3962 1022 4018 ostendere
1077 3958 1421 4030 apertissime
1463 3959 1717 4014 doctores
1767 3958 2024 4014 Ecclesiae

355 4061 376 4070 '
449 4057 845 4112 iiuniversum
880 4055 947 4110 de
996 4056 1287 4124 praeposita
1343 4051 1566 4106 materia
1602 4051 1744 4104 idem
1796 4051 2020 4106 sentire.

448 4149 566 4204 Hoc
597 4159 776 4203 autem
810 4163 916 4202 non
944 4147 1132 4202 multis
1177 4145 1462 4201 ostendam
1506 4143 1875 4207 sermonibus,
1925 4144 2022 4199 sed

449 4241 584 4297 satis
643 4240 745 4293 erit
805 4240 1033 4292 duarum
1090 4239 1327 4307 spatium
1367 4237 1624 4290 horarum
1669 4235 1736 4289 ad
1799 4250 2024 4306 persua-

449 4333 685 4386 dendum
712 4331 868 4385 vobis
907 4329 1163 4384 omnibus
1213 4341 1554 4396 nequaquam
1606 4329 1860 4383 dubitare
1901 4343 2023 4382 am-

449 4427 592 4494 plius
622 4425 690 4478 de
717 4422 1085 4477 consensione
1120 4421 1428 4486 doctorum,
1463 4430 1523 4474 ut
1582 4435 1679 4475 nec
1734 4435 1830 4476 vos
1884 4419 2023 4476 ultra

453 4515 716 4576 habeatis,
751 4527 850 4569 nec
878 4511 1086 4566 Latinis
1116 4513 1392 4579 negotium
1451 4511 1776 4575 exbibeatis,
1833 4512 2020 4566 harum

450 4606 808 4673 inquisitione
865 4618 1046 4656 rerum
1107 4604 1406 4658 commissa
1463 4605 1673 4674 synodo
1726 4603 2020 4658 communi.

451 4697 558 4753 Sed
597 4711 770 4765 neque
796 4696 840 4750 si
878 4705 1092 4760 tempus
1119 4695 1280 4748 etiam
1336 4695 1535 4748 frustra
1561 4704 1846 4748 conterere
1895 4695 2025 4749 liee-

449 4787 741 4852 ret,veluti
789 4786 1108 4842 sedentibus
1165 4787 1218 4840 in
1262 4786 1395 4848 otio,
1452 4785 1709 4854 nullaque
1746 4787 2024 4855 oppressis

451 4883 777 4936 necessitate
805 4880 871 4934 ad
904 4878 1253 4948 cogitandum
1297 4878 1365 4932 de
1416 4877 1620 4942 reditu,
1653 4887 1929 4945 oporteret
1958 4878 2025 4934 de

454 4977 616 5028 rebus
646 4972 846 5025 divinis
864 4970 1068 5023 inanes
1110 4969 1338 5023 fundere
1378 4981 1682 5033 sermones,
1713 4977 1768 5021 et
1815 4968 2024 5023 instan-

454 5067 558 5120 tias
587 5061 973 5142 disputationis
1001 5075 1134 5129 ergo
1156 5059 1371 5125 afferre,
1400 5060 1797 5127 victoriamque
1844 5063 2022 5116 solum

453 5166 722 5228 spectare,
757 5139 821 5209 ac
856 5154 1024 5208 multa
1055 5153 1253 5218 dicere,
1281 5152 1558 5222 inquibus
1603 5155 1768 5208 etiam
1803 5169 1900 5220 par
1940 5162 2024 5208 est

456 5243 663 5314 aliquid
690 5241 892 5296 erroris
923 5243 1186 5306 miscere;
1218 5241 1381 5310 idque
1435 5257 1541 5295 non
1579 5244 1807 5296 multum
1841 5244 2025 5297 valen-

458 5337 601 5392 tibus
626 5336 957 5390 contendere
1013 5347 1135 5386 cum
1168 5331 1378 5386 Latinis
1432 5331 1748 5404 theologica:
1786 5348 1850 5387 ac
1902 5333 2026 5402 phi-

456 5428 748 5497 losophiae
806 5424 1083 5478 facultatis
1134 5423 1364 5488 noxitia;
1432 5424 1630 5478 infelici
1699 5440 1880 5479 rerum
1934 5441 2028 5480 no-

455 5534 691 5576 strarum
727 5529 871 5573 statu
905 5520 975 5570 ita
1006 5518 1238 5581 ferente,
1300 5517 1520 5584 propter
1549 5533 1712 5585 quem
1772 5518 1862 5587 qui
1915 5518 2030 5587 pri-

456 5621 776 5667 mastencnt
814 5611 954 5664 inter
985 5625 1104 5674 nos,
1155 5609 1225 5661 ita
1289 5608 1617 5677 theologiam
1680 5623 1742 5662 ac
1791 5609 2034 5677 philoso-

454 5706 636 5774 phiam
663 5703 956 5773 attingunt,
987 5711 1044 5754 ut
1092 5717 1195 5756 non
1229 5701 1453 5756 omnino
1499 5701 1754 5756 iucrutliti
1818 5702 2034 5757 videan-

2133 769 2239 817 σιν,
2278 750 2423 804 οὕτω
2446 751 2582 820 πρὸς
2623 749 2723 821 τὴν
2760 751 2878 819 μεθ’
2923 751 3079 822 ήμῶν
3114 750 3327 816 ζέουσιν
3368 753 3587 818 ἕνωσιν,
3618 754 3710 806 οὐ-

2128 859 2238 906 τως
2265 844 2412 912 ἡμᾶς
2443 844 2541 912 τῆς
2570 843 2796 896 ἐκείνων
2817 841 2982 896 ἓνεκα
3037 841 3197 912 δόξης
3239 843 3389 896 οὐδὲν
3424 843 3706 914 βούλονται

2129 933 2392 1004 πράττειν
2423 934 2648 1003 αἰσχρὸν
2695 933 2726 1003 ἢ
2758 933 3059 1004 δυνάμενον
3108 934 3390 1004 βλάπτειν.
3429 934 3622 1004 Ἦμεῖς
3651 936 3707 989 δὲ

2129 1025 2267 1094 πρὸς
2303 1023 2478 1078 ταῦτα
2529 1026 2709 1079 πάντα
2737 1025 2912 1092 λόγων
2975 1024 3072 1094 μὲν
3131 1027 3264 1089 ῖσως
3297 1026 3705 1096 εὐπορήσομεν,

2129 1116 2245 1170 ἀλλ’
2274 1116 2335 1169 οὐ
2369 1116 2514 1170 πάνυ
2544 1116 2830 1184 γενναίων,
2876 1116 2985 1170 οὐδ’
3025 1115 3344 1186 εὐπρεπῶν,
3385 1118 3496 1170 οὐδ’
3536 1117 3704 1182 ἀξίων

2129 1207 2527 1278 τῆςήμετέρας
2566 1207 2766 1278 ἀρετῆς
2801 1208 2896 1262 καί
2943 1207 3158 1276 σοφίας,
3195 1209 3315 1262 οὐδὲ
3359 1197 3705 1279 βουλομένων

2128 1299 2338 1372 ἀνδρῶν
2365 1302 2554 1371 σχῆμα
2605 1302 2801 1364 σώζειν
2845 1299 2943 1353 καὶ
2985 1300 3141 1367 τάξιν
3171 1302 3279 1354 τῶν
3312 1302 3370 1352 ὲν
3399 1304 3517 1364 ταῖς
3549 1300 3706 1354 συνό-

2127 1393 2240 1458 δοις
2299 1394 2538 1453 ἐκείναις
2589 1393 2870 1463 Πατέρων,
2905 1391 2954 1446 οἳ
3007 1394 3148 1463 μετὰ
3189 1394 3287 1460 τῆς
3319 1393 3573 1463 ἀληθείας
3604 1394 3703 1446 aui.

2127 1488 2226 1556 τῆς
2269 1487 2404 1556 πρὸς
2449 1485 2711 1554 ἀλλήλους
2767 1485 2998 1556 ἀγάπης⁶
3025 1487 3198 1538 πάντα
3232 1485 3524 1555 ἐξήτασαν.
3577 1483 3701 1537 Οὐδ’

2129 1578 2270 1648 ὑπὲρ
2295 1577 2404 1631 τῶν
2429 1577 2697 1648 τυχόντων
2719 1579 2854 1648 ἡμῖν
2884 1580 2910 1630 ὁ
2940 1577 3113 1645 ἀγὼν,
3137 1577 3253 1630 ἀλλ’
3277 1576 3377 1630 ὐπέ
3387 1594 3416 1646 ρ
3439 1577 3541 1643 τῆς
3563 1575 3700 1646 ἀληο

2129 1671 2280 1735 Θείας
2310 1672 2412 1740 τῆς
2443 1672 2703 1734 πίστεως,
2733 1669 2853 1740 μεθ’
2881 1666 2948 1742 ἧς
2992 1671 3056 1736 δὴ
3092 1667 3384 1739 ἐλπίζομεν
3430 1664 3699 1733 σώζεσθαι

2127 1764 2223 1817 καὶ
2254 1765 2387 1834 πρὸς
2415 1765 2482 1833 ἥν
2509 1763 2720 1817 ἐθέλειν
2749 1762 3094 1831 φιλονεικεῖν,
3121 1762 3222 1815 οὐκ
3259 1761 3486 1831 αίσχρδν
3515 1760 3696 1830 μόνον,

2127 1853 2264 1907 ἀλλά
2293 1855 2387 1907 καὶ
2425 1853 2674 1907 κινδύνου
2726 1852 2895 1920 γέμον
2944 1852 3226 1920 μεγίστου.
3277 1848 3414 1903 Οὔτε
3455 1849 3564 1917 γάρ
3598 1852 3698 1916 ἁρ-

2129 1950 2393 2018 νήσασθαι
2418 1950 2541 2011 τοὺς
2571 1946 2921 2008 διδασκάλους
2942 1945 3173 2010 ἔξεστιν,
3197 1938 3278 2008 οἷς
3309 1944 3401 1995 καὶ
3435 1941 3698 2010 πρέσϐεσι

2134 2043 2271 2111 πρὸς
2298 2043 2430 2096 Θεὸν
2470 2043 2610 2112 ὑπὲρ
2639 2043 2747 2095 τῶν
2791 2043 3076 2113 ἡμετέρων
3112 2040 3534 2110 ἁμαρτημάτων
3579 2036 3701 2089 siti»-

2133 2137 2308 2206 θαμεν
2355 2136 2616 2206 χρῆσθαι,
2651 2135 2744 2188 καὶ
2789 2132 2870 2198 οἷς
2912 2135 2972 2188 τὸ
3007 2135 3185 2188 κοινὸν
3213 2136 3311 2203 τῆς
3369 2129 3698 2200 Ἐκκλησῐας

2135 2229 2400 2298 μεγίστας
2433 2227 2540 2280 τῶν
2580 2225 2721 2296 ὑπὲρ
2743 2227 2842 2295 τῆς
2891 2227 3150 2294 ἀληθείας
3186 2224 3413 2292 ἀγώνων
3467 2223 3560 2274 καὶ
3590 2220 3698 2274 τῶν

2131 2322 2189 2374 ἐν
2211 2320 2287 2389 τῷ
2307 2318 2581 2372 διδάσκειν
2611 2317 2790 2372 πόνων
2836 2319 3100 2387 ἀπένειμε
3147 2317 3373 2387 χάριτας
3417 2313 3547 2368 ἄνευ
3596 2313 3695 2380 τῆς

2131 2409 2298 2479 ἄλλης
2349 2407 2689 2477 ἁγιωσύνης,
2744 2402 2816 2480 ἧς
2870 2409 3033 2462 ἕνεκα
3082 2405 3200 2470 ταῖς
3246 2405 3527 2475 δευτέραις
3561 2406 3696 2475 μετά

2132 2500 2263 2556 Θεὸν
2288 2501 2488 2564 αὐτοὺς
2518 2502 2767 2571 τιμῶμεν
2793 2502 3000 2572 τιμαῖς·
3031 2500 3148 2553 οὐτ’
3193 2501 3428 2572 ἐροῦμεν
3475 2500 3697 2567 ἀντιφάο

2134 2611 2285 2650 σκειν
2306 2594 2432 2657 τοὺς
2465 2592 2827 2654 διδασκάλους
2858 2592 3111 2662 ἀλλήλοις
3133 2609 3148 2624 ο
3176 2591 3333 2645 τοῦτο
3369 2593 3475 2662 γὰρ
3518 2593 3592 2643 πά
3605 2608 3691 2641 vta

2134 2685 2388 2756 συγχέειν
2437 2683 2580 2749 ἐστὶ,
2633 2683 2729 2736 καὶ
2757 2682 2854 2753 τὴν
2884 2683 3068 2736 πίστιν
3128 2684 3307 2736 πᾶσαν
3383 2681 3691 2751 ἀρνεῖσθαι.

2133 2777 2207 2831 Τὸ
2234 2778 2292 2832 δὲ
2323 2779 2588 2842 Λατίνους
2635 2778 2944 2847 διαφθεῖραι
2980 2775 3310 2846 βουληθῆναι
3353 2776 3452 2836 τὴν
3493 2778 3699 2840 πίστιν,

2134 2869 2228 2923 καὶ
2245 2868 2345 2939 τὴν
2366 2868 2475 2921 τῶν
2498 2867 2832 2922 διδασκάλων
2857 2865 3110 2921 ἁπάντων
3129 2865 3380 2919 νοθεῦσαι
3400 2865 3698 2932 θεολογίαν,

2134 2961 2219 3026 τίς
2249 2959 2422 3026 οὕτως
2454 2958 2658 3024 ἁπλοῦς
2691 2959 2809 3014 ἐστι
2832 2958 2972 3013 ὥστε
3007 2959 3329 3025 monuerat;
3365 2959 3398 3029 ἢ
3430 2959 3514 3022 τίς
3545 2958 3702 3011 τοῦτο

2134 3054 2278 3110 κατὰ
2299 3055 2547 3109 Λατίνων
2575 3051 2746 3106 είπὼν
2769 3052 2891 3123 οὐχὶ
2918 3054 3013 3106 καὶ
3053 3052 3263 3122 γέλωτα
3291 3053 3700 3123 προσοφλήσεις
3805 3103 3810 3106 .

2136 3151 2364 3221 οὐδεμία
2393 3149 2502 3222 γάρ
2531 3147 2767 3220 ταυτησὶ⁵
2786 3151 2885 3220 τῆς
2915 3148 3253 3220 κατηγορίας
3280 3150 3494 3204 πλείοσί
3522 3169 3582 3204 τε
3609 3150 3706 3205 καὶ

2140 3244 2352 3316 μείζοσι
2413 3243 2510 3297 καὶ
2563 3241 2947 3314 ἀληθεστέροις
3015 3241 3083 3296 ἀν
3154 3243 3436 3313 ἐλέγχοιτο
3487 3243 3704 3312 λόγοις.

2057 3346 2101 3407 c
2145 3335 2308 3390 Ἀλλά
2337 3333 2436 3405 τὴν
2468 3333 2804 3404 φαινομινην
2848 3333 3268 3404 προϐαλλόμεθα
3309 3335 3421 3387 τῶν
3450 3334 3707 3388 διδασκά-

2127 3431 2236 3484 λων
2284 3429 2630 3498 διαφωνίαν.
2684 3427 2926 3482 Λύσουσι
2957 3428 3139 3482 τοίνυν
3192 3427 3361 3498 αὐτὴν
3406 3430 3501 3482 καὶ
3556 3429 3709 3497 μάλα.

2127 3523 2365 3586 εὐκόλως
2396 3536 2409 3550 ·
2447 3519 2648 3591 μᾶλλον
2698 3519 2755 3572 δὲ
2785 3521 2880 3574 καὶ⁸
2915 3519 3017 3591 ἠδη
3070 3519 3380 3590 λελύκασιν.
3412 3519 3556 3573 Ἀλλ’
3591 3521 3708 3574 οὐδ’

2127 3615 2405 3685 εὐπρεπές
2432 3617 2546 3668 ἐστι
2571 3613 2760 3667 λοιπὸν
2795 3613 2950 3685 παρὰ
2974 3612 3219 3667 Λατίνων
3249 3615 3317 3667 τά
3358 3613 3584 3667 τοιαῦτα
3613 3613 3709 3680 ζη-

2126 3708 2239 3758 τεῖν
2266 3719 2282 3736 ο
2315 3709 2409 3757 καὶ
2441 3704 2605 3774 ἡμεῖς
2657 3702 2768 3773 γὰρ
2823 3704 2956 3773 παρ’
2996 3703 3212 3766 ἑαυτοῖς
3267 3703 3549 3773 δυνάμεθα
3577 3703 3708 3766 τοὺς

2125 3793 2484 3855 διδασκάλους
2516 3792 2828 3847 συνάπτειν.
2859 3789 3002 3860 Ἐγὼ
3059 3792 3278 3846 πάντων
3325 3792 3482 3861 ὐμῶν
3516 3792 3706 3862 ἐλάχι-

2129 3898 2251 3944 στος
2285 3881 2379 3944 ὢν,
2404 3881 2604 3934 ὁπόταν
2630 3879 2944 3951 κελεύσητε,
2968 3879 3116 3934 τοῦθ’
3145 3881 3363 3948 ἕτοιμός
3384 3881 3432 3934 εί
3440 3899 3503 3948 μι
3529 3881 3709 3950 πράτ-

2125 3992 2242 4027 τειν
2273 3973 2368 4028 καὶ
2402 3972 2507 4043 ἰδία
2541 3975 2630 4025 καὶ
2664 3972 2920 4043 δημοσία,
2969 3973 3064 4026 καὶ
3096 3972 3265 4039 δεῖξαι
3307 3974 3476 4026 πᾶσιν
3505 3973 3710 4026 οὑτωσὶ

2126 4065 2401 4135 φανερῶς,
2427 4065 2509 4118 ὅτι
2557 4064 2648 4117 διά
2697 4063 2914 4116 πάντων
2961 4064 3011 4116 οί
3043 4062 3142 4133 τῆς
3190 4063 3519 4135 Ἐκκλησὶας
3552 4064 3706 4119 διδά-

2128 4154 2316 4209 σκαλοι
2337 4156 2434 4223 τὴν
2465 4154 2634 4224 αὐτὴν
2658 4154 2788 4224 περὶ
2809 4153 2918 4207 τῶν
2943 4156 3324 4223 προκειμένων
3351 4155 3532 4225 ἔχουσι
3560 4157 3707 4224 γνώ-

2130 4264 2258 4319 μην·
2297 4231 2393 4300 καὶ
2423 4245 2581 4300 τοῦτο
2637 4246 2738 4300 οὐκ
2795 4247 2851 4299 ἐν
2899 4246 3080 4314 λόγοις
3114 4246 3274 4311 δείξω
3313 4247 3550 4312 πολλοῖς,
3583 4247 3707 4301 ἀλλ’

2089 4373 2096 4379 ο
2126 4340 2454 4412 ἀρκέσουσιν
2475 4333 2614 4408 ὧραι
2645 4338 2762 4401 δύο,
2799 4337 2940 4392 ὥστε
2975 4341 3162 4393 πεῖσαι
3195 4339 3400 4403 πάντας
3420 4341 3564 4410 ὑμᾶς
3597 4357 3707 4410 μη.

2127 4435 2244 4488 κέτι
2262 4433 2503 4503 περὶτῆς
2519 4433 2624 4485 τῶν
2641 4432 2985 4486 διδασκάλων
3005 4433 3330 4501 συμφωνίας
3351 4433 3707 4502 ἀμφιγνοεῖν

2132 4523 2270 4595 μηδὲ
2302 4526 2608 4593 πράγματα
2633 4524 2822 4576 λοιπὸν
2856 4523 3050 4586 αὐτούς
3075 4541 3133 4576 τε
3160 4524 3304 4593 ἔχειν
3329 4524 3425 4577 καὶ
3450 4525 3709 4588 Λατίνοις

2129 4615 2419 4686 παρέχειν,
2455 4617 2612 4685 κοινῇ
2647 4615 2850 4685 συνόδῳ
2873 4615 2972 4685 τὴν
3003 4616 3134 4686 περὶ
3177 4615 3382 4667 τούτων
3420 4615 3712 4668 ἀνατιθέν-

2127 4724 2225 4770 τας
2251 4707 2524 4771 ἐξέτασιν.
2573 4705 2739 4759 Ἀλλά
2775 4705 2881 4775 μὴν
2930 4706 3041 4759 οὐδ’
3097 4707 3147 4759 εί
3187 4706 3398 4777 τρίϐειν
3436 4705 3565 4775 ἐξῆν
3613 4709 3709 4758 τὶν

2131 4797 2346 4867 καιρδν,
2383 4798 2638 4868 καθάπερ
2671 4798 2762 4849 ἐπὶ
2792 4797 2992 4866 σχολῆς
3023 4797 3392 4866 καθημένους,
3429 4801 3522 4849 καὶ
3570 4799 3709 4867 ape;

2127 4889 2226 4959 τὴν
2259 4889 2520 4944 ἐπάνοδον
2547 4891 2808 4960 οὐδεμίαν
2841 4890 3088 4959 ἀνάγκην
3138 4890 3383 4959 ἔχοντας,
3433 4890 3540 4941 ἔδει
3578 4893 3711 4956 περὶ

2127 4981 2238 5033 τῶν
2272 4979 2431 5034 θείων
2457 4985 2804 5050 πραγμάτων
2839 4982 2969 5034 κενά
3000 4981 3093 5034 καὶ
3127 4981 3332 5051 μάταια
3373 4979 3576 5046 λέγειν,
3612 4980 3709 5030 καὶ

2131 5072 2266 5141 πρὸς
2293 5071 2384 5123 τὸν
2404 5070 2509 5134 ἔξω
2533 5071 2690 5138 λόγον
2729 5070 3072 5132 ἐνίστασθαι,
3095 5072 3188 5124 καὶ
3226 5069 3322 5140 τὴν
3351 5069 3510 5137 νίκην
3536 5071 3710 5134 μόνην

2130 5167 2378 5225 σκοπεῖν,
2408 5167 2502 5214 καὶ
2537 5162 2710 5214 πολλὰ
2737 5163 2938 5229 λέγειν,
2976 5163 3034 5212 ἐν
3057 5157 3138 5224 οἷς
3159 5160 3305 5223 είκός
3326 5175 3377 5211 τι
3410 5159 3503 5210 καὶ
3524 5159 3706 5226 ἁμαρο

2127 5254 2330 5306 τάνειν·
2359 5253 2454 5306 καὶ
2488 5254 2660 5306 ταῦτα
2691 5254 2822 5322 περὶ
2843 5253 3125 5322 θεολογίας
3155 5269 3212 5306 τε
3247 5255 3340 5304 καὶ
3388 5251 3706 5318 φιλοσοφὲας

2129 5348 2189 5397 οὐ
2225 5345 2434 5414 σφόδρα
2467 5345 2798 5411 δυναμένους
2851 5344 3187 5414 ἁμιλλᾶσθαι
3218 5341 3473 5404 Λατίνοις
3502 5357 3516 5373 ·
3550 5341 3710 5393 τοῦτο

2129 5436 2228 5502 τῆς
2255 5437 2311 5486 ἐν
2337 5435 2470 5502 ἡμῖν
2500 5435 2793 5504 δυστυχίας
2812 5436 2922 5487 τῶν
2949 5436 3294 5505 πραγμάτων
3317 5433 3708 5503 πεποιηκυίας,

2129 5523 2195 5575 δι’
2217 5525 2283 5592 ἦν
2318 5525 2364 5575 οί
2396 5523 2526 5593 παρ’
2552 5525 2685 5593 ἡμῖν
2715 5525 2874 5595 ἄκροι
2909 5527 3163 5579 τοσοῦτον
3195 5523 3479 5592 θεολογίας
3503 5540 3564 5576 τε
3616 5525 3710 5574 καὶ

2132 5615 2451 5683 φιλοσοφίας
2483 5616 2772 5679 ἅπτονται,
2799 5616 2941 5669 ὥστε
2997 5619 3161 5687 μόνον
3208 5616 3284 5688 μὴ
3330 5617 3512 5670 δοκεῖν
3533 5615 3708 5668 καθά-

2137 5705 2616 5782 παξιὰεταίδευτοι,
2681 5708 3073 5762 ἐκλελοιπότων
3129 5710 3226 5780 μὲν
3280 5705 3706 5776 παιδευτηρίων,
