3976 6452
304 356 408 427 393

1388 332 1888 404 ADHORTATiO
1935 333 2031 395 AD
2067 331 2462 394 SYNOILUM.

3433 325 3545 391 3M

303 467 616 537 σϐεσθείσης
646 466 703 520 δὲ
732 463 831 534 τῆς
852 462 983 534 περὶ
1015 460 1314 532 μαθήματα
1346 432 1660 526 καὶλόγους
1718 450 1867 521 φιλοο

1992 462 2225 512 .ur;non
2250 448 2469 523 vigente
2507 446 2620 514 Jam
2675 444 2989 502 scholarum
3021 456 3123 499 usu
3176 440 3540 512 publicarum,

304 566 501 637 τιμίας,
533 562 629 615 καὶ
659 559 879 614 πάντων
908 559 1006 626 τῆς
1031 556 1221 626 χρείας
1254 553 1424 625 μόνης
1446 552 1540 606 καὶ
1569 552 1669 619 τῆς
1698 546 1868 616 ἀνὰγο

307 674 406 728 κης
430 651 840 725 γεγενημένων.
875 648 1192 718 Πέπεισμαι
1222 646 1278 699 δὲ
1314 643 1447 715 μηδὲ
1476 643 1555 713 τῷ
1585 638 1869 710 Πνεύματι

311 749 506 821 σφόδρα
529 747 754 814 ἀρέσειν
789 744 889 809 τὴν
918 742 1190 810 τοσαύτην
1215 736 1554 805 ἀδολεσχίαν,
1594 732 1729 787 ἀλλὰ
1753 747 1870 783 πει-

314 841 501 915 ραστὰς
527 839 674 909 ἡμᾶς
705 834 874 889 αὐτοῦ
899 835 1130 902 νομιεῖν,
1166 833 1215 885 εί
1258 828 1503 883 τοσαῦτα
1543 825 1642 896 μὲν
1672 826 1739 878 ὲκ
1768 822 1870 892 τῆς

312 935 453 995 θείας
481 932 519 986 Γ
525 930 724 1002 ραφῆς,
753 927 993 982 τοσαῦτα
1036 925 1136 993 μὲν
1168 925 1232 978 ἐκ
1259 924 1361 993 τῆς
1392 926 1504 976 τῶν
1531 915 1870 973 διδασκάλων

314 1023 621 1094 συμφωνίας
645 1019 860 1089 ἔχοντες
889 1015 1027 1084 πρὸς
1048 1014 1109 1068 τὸ
1134 1012 1495 1085 προκείμενον
1516 1007 1868 1080 βοηθήματα,

317 1109 430 1169 εἶτα
448 1110 818 1181 καθεδούμεθα
847 1108 1054 1162 τούτων
1106 1107 1324 1160 πάντων
1370 1100 1863 1173 καταφρονοῦντες,

325 1208 413 1261 διαὶ
429 1207 613 1274 λόγους
637 1203 818 1269 λόγοις
851 1198 1257 1270 συμπλέεομεν,
1277 1197 1311 1267 ἢ
1331 1194 1644 1265 νομίζοντες
1669 1193 1727 1244 ὲν
1757 1192 1871 1251 τοῖς

323 1297 598 1368 ἡμετέροις
627 1295 806 1363 λόγοις
837 1290 1060 1364 ἄμεινόν
1088 1306 1141 1344 τι
1169 1289 1270 1360 τῆς
1300 1291 1364 1342 ὲκ
1392 1288 1500 1341 τῶν
1530 1285 1762 1356 Γραφῶν
1785 1298 1875 1353 χο-

326 1388 511 1459 ρηγίας
533 1388 804 1457 εὑρήσειν,
832 1383 864 1455 ἢ
908 1381 1199 1455 ζητοῦντες
1230 1378 1381 1450 παρὰ
1412 1377 1507 1431 τοῦ
1555 1376 1872 1444 Πνεύματος

319 1480 638 1550 σαφέστερόν
664 1494 717 1531 τι
744 1478 851 1532 τῶν
880 1476 973 1530 ὑπ’
1009 1475 1174 1530 αὐτοῦ
1202 1470 1473 1543 λαμπρῶς
1506 1469 1708 1523 οὑτωσὶ
1747 1466 1876 1521 διω-

317 1573 577 1641 ρισμένων
603 1571 812 1626 λαϐεῖν.
858 1569 1000 1623 ’Υπδ
1030 1567 1236 1622 τούτων
1261 1564 1370 1634 γὰρ
1417 1562 1531 1617 τῶν
1560 1560 1738 1628 λόγων
1777 1557 1876 1612 καὶ

310 1664 406 1733 τῆς
434 1663 687 1729 τοιαύτης
731 1661 857 1717 ὁδοῦ
889 1658 1091 1728 μᾶλλον
1112 1659 1257 1730 ὑμᾶς
1285 1651 1402 1711 οἶδα
1435 1650 1875 1725 πρὺςδιχόνοιάν

312 1770 368 1807 τε
419 1755 511 1808 καὶ
538 1755 734 1810 στάσιν
772 1754 807 1824 ἢ
854 1753 991 1823 πρὸς
1037 1752 1295 1823 ὁμόνοιαν
1337 1746 1639 1819 ἀγομένους
1693 1760 1753 1799 τε
1781 1740 1876 1796 καὶ

311 1844 507 1912 μᾶλλον
534 1845 970 1918 ἀχθησομένους.

373 2005 593 2060 Τούτων
640 2005 823 2059 τοίνυν
864 2002 1038 2065 οὕτως
1094 2000 1352 2072 ἑχόντων.
1403 1998 1497 2051 καὶ
1527 1995 1647 2067 Θεῷ
1702 1993 1878 2063 φίλον,

306 2101 399 2153 καὶ
427 2100 542 2164 τοῖς
582 2090 924 2160 διδασκάλοις
954 2096 1055 2165 τῆς
1108 2090 1439 2159 Ἑκκλησίας
1465 2090 1656 2161 χάριεν
1703 2087 1881 2151 ἔσται,

306 2194 402 2249 καὶ
428 2194 562 2265 ἡμῖν
586 2191 885 2263 εὐπρεπὲς,
924 2190 1020 2245 καὶ
1051 2188 1187 2260 πρὸς
1217 2184 1429 2248 τούτοις
1463 2183 1666 2255 ῥᾴδιον,
1692 2179 1755 2233 τὸ
1783 2178 1884 2249 τὴν

301 2286 501 2340 ἕνωσιν
523 2285 643 2357 ήδη,
671 2282 780 2337 τῶν
822 2280 1035 2336 πολλῶν
1066 2276 1380 2349 ἀφεμένους
1412 2272 1611 2344 λόγοιν,
1652 2270 1886 2341 διαπρά-

306 2377 529 2443 ξασθαι,
563 2378 658 2431 καὶ
684 2376 825 2449 μετὰ
853 2374 1063 2443 ταύτης
1087 2370 1393 2427 ιπανιέναι.
1428 2368 1537 2422 Καὶ
1568 2366 1719 2422 οὐδὲν
1750 2364 1884 2435 ἡμῖν

301 2470 446 2538 ὅλως
477 2470 837 2540 προσίσταται
872 2467 1006 2538 πρὸς
1030 2468 1092 2519 τὸ
1113 2464 1377 2537 πράττειν
1407 2455 1484 2517 ὧν
1506 2456 1887 2530 έπιθυμήσανυ

296 2578 394 2623 τις
440 2561 684 2631 ἥκομεν,
741 2560 841 2630 τῆς
896 2558 994 2628 μὲν
1017 2556 1176 2624 δόξης
1206 2555 1452 2611 Λατίνων
1487 2552 1593 2606 ὑπὸ
1612 2548 1886 2604 τοσούτων

301 2653 798 2724 μαρτυρουμένης,
850 2651 945 2703 καὶ
991 2648 1334 2719 πανταχόθεν
1384 2646 1543 2713 ἀξίας
1572 2636 1742 2711 οὔσης
1792 2656 1884 2693 πι-

297 2744 646 2807 στεύεσθαι,
696 2743 856 2813 ἡμῶν
907 2741 965 2794 δὲ
1006 2741 1325 2810 δυναμένων
1379 2735 1563 2799 αὐτοῖς
1618 2731 1889 2802 ένωθῆναι

292 2836 442 2892 ἄνευ
476 2835 568 2887 τοῦ
604 2834 700 2889 καὶ
725 2835 857 2903 περὶ
885 2834 944 2886 τὸ
972 2832 1242 2902 σύμϐολόν
1277 2848 1331 2884 τι
1363 2826 1712 2898 καινοτομεῖν
1733 2866 1748 2881 .
1779 2824 1891 2879 Καὶ

299 2925 421 2998 μὴν
453 2924 575 2980 ἴστε
606 2924 808 2987 πάντες
832 2923 1037 2991 καλῶς,
1068 2925 1152 2978 ὅτι
1183 2923 1285 2993 τὴν
1314 2921 1512 2976 ἕνωσιν
1534 2918 1632 2989 τῆς
1656 2916 1891 2988 Ἐκκληο

298 3016 432 3081 σίας
462 3015 729 3088 Χριστοῦ,
761 3018 940 3071 καίτοι
959 3013 1170 3069 πολλῶν
1186 3013 1362 3070 ἄλλων
1388 3011 1555 3065 ἕνεκα
1583 3008 1677 3063 καί⁵
1695 3008 1893 3063 δικαιο-

1976 547 2031 594 et
2057 538 2325 595 exstincto
2348 538 2756 608 disciplinarum
2809 551 2874 590 ac
2921 534 2997 589 rei
3053 532 3547 591 litterarize‘ambi-

1980 628 2120 683 tioso
2147 628 2584 690 stmlio,cuuctis
2624 626 2931 681 necessitati
2986 631 3221 687 tantum,
3273 632 3328 676 et
3378 636 3549 692 angu-

1979 720 2102 776 stiis
2138 721 2213 775 rei
2246 720 2531 777 familiaris
2567 718 2907 775 vacantibus.
2956 715 3180 771 Certum
3231 723 3362 769 Vero
3415 714 3548 768 mihi

1977 823 2080 879 est,
2121 814 2225 884 ipsi
2282 829 2502 884 quoque
2551 812 2777 884 Spiritui
2831 827 2937 865 non
2985 810 3198 880 placere
3255 808 3547 863 admodum

1980 916 2184 962 tantam
2212 907 2620 977 loquacitatem,
2644 905 2736 961 sed
2760 903 2846 960 sui
2892 918 2991 958 nos
3026 911 3322 959 tentatorcs
3362 900 3555 956 existi-

1984 1010 2281 1063 maturum,
2315 1001 2358 1054 si
2378 1013 2501 1055 cum
2526 1006 2607 1055 tot
2630 1012 2695 1052 ex
2721 996 2904 1052 divina
2935 994 3242 1064 Scriptura,
3283 1003 3363 1050 tot
3384 994 3550 1049 etiam

1982 1106 2048 1145 ex
2079 1090 2364 1145 doctorum
2392 1105 2665 1146 consensu
2702 1089 2857 1145 nobis
2896 1096 3187 1157 suppetant
3241 1087 3309 1141 ad
3357 1101 3557 1156 propo-

1979 1186 2143 1240 situm
2170 1184 2395 1250 auxilia,
2422 1186 2708 1239 sedeamus
2734 1194 2914 1238 tamen
2952 1181 3054 1251 ipsi
3084 1180 3405 1251 posthabitis
3447 1181 3556 1235 illis

1981 1276 2270 1343 omnibus,
2297 1282 2581 1331 nectentes
2620 1273 2862 1330 sermoni
2903 1287 3253 1338 sermonem;
3286 1272 3429 1340 quod
3471 1272 3558 1329 vel

1981 1378 2238 1440 putemus
2262 1368 2700 1423 nosinventuros
2724 1366 3007 1436 quidpiam
3039 1379 3139 1434 per
3166 1372 3389 1422 nostros
3440 1380 3559 1421 ser-

1980 1473 2169 1514 mones
2191 1472 2257 1514 eo
2281 1459 2647 1529 praestantius,
2680 1460 2827 1528 quod
2861 1457 3160 1528 Scripturae
3180 1458 3555 1527 suppeditant;

1979 1549 2355 1619 velaliquida
2405 1547 2613 1617 Spiritu
2646 1564 2955 1622 quaeramus
3015 1549 3256 1618 apertius
3313 1548 3380 1605 iis
3436 1563 3561 1619 quae

1980 1641 2116 1696 adeo
2145 1641 2291 1697 clare
2323 1650 2452 1697 sunt
2476 1641 2547 1697 ab
2576 1655 2642 1697 eo
2694 1641 2938 1696 definita.
2999 1639 3097 1696 llis
3154 1641 3301 1695 enim
3338 1654 3558 1695 sermo-

1981 1731 2142 1787 nibus
2178 1741 2231 1787 ct
2252 1731 2355 1788 bac
2394 1732 2479 1787 via
2512 1747 2609 1787 vos
2628 1742 2861 1797 utentes,
2889 1732 3027 1799 scio,
3064 1732 3119 1787 in
3148 1731 3551 1789 dissensionem

1981 1822 2164 1893 potius
2190 1832 2242 1877 et
2271 1823 2749 1879 concertationem
2789 1821 3042 1894 agimiui,
3073 1822 3358 1893 magisque
3394 1821 3561 1877 etiam

1982 1916 2219 1985 agemini
2274 1929 2437 1983 quam
2462 1916 2514 1969 in
2544 1915 2982 1971 consensionem.

2050 2006 2188 2083 Cum
2211 2007 2376 2077 igitur
2405 2006 2521 2062 haec
2555 2008 2625 2061 ita
2660 2022 2720 2063 se
2765 2009 3020 2072 habeant,
3058 2006 3168 2063 Deo
3203 2018 3444 2081 gratum,
3507 2016 3565 2063 et

1982 2098 2242 2155 Ecclesiae
2269 2099 2589 2155 doctoribus
2633 2100 2941 2170 jucundum
2969 2101 3095 2167 erit,
3133 2101 3404 2171 nobisque
3468 2100 3564 2155 de-

1985 2205 2200 2259 corum,
2224 2199 2278 2247 et
2297 2201 2552 2260 praeterea
2584 2192 2762 2258 facile,
2795 2192 2980 2248 multis
3007 2192 3238 2249 omissis
3287 2191 3562 2247 sermoni-

1984 2284 2109 2349 bus,
2139 2285 2395 2340 unionem
2420 2283 2692 2354 amplecti,
2709 2299 2948 2354 cumque
2979 2285 3071 2340 ille
3096 2285 3319 2340 domum
3342 2284 3565 2339 reverti.

1985 2380 2104 2434 Nec
2157 2378 2261 2433 erit
2287 2392 2513 2449 prorsus
2540 2377 2744 2448 aliquid
2786 2378 2944 2433 nobis
2993 2378 3380 2446 impedimento
3428 2392 3568 2447 quo-

1987 2470 2171 2526 minus
2222 2484 2451 2538 agamus
2477 2485 2539 2523 ea
2566 2484 2802 2538 quorum
2854 2467 3005 2524 ducti
3057 2468 3332 2524 desiderio
3373 2482 3568 2523 sumus

1987 2562 2096 2615 ltue
2149 2558 2430 2630 profecti:
2476 2575 2600 2614 cum
2652 2560 2972 2615 Latinorum
3019 2560 3240 2630 quidem
3296 2560 3567 2614 sententia

1989 2652 2251 2707 fulciatur
2310 2660 2391 2708 tot
2421 2653 2668 2718 testibus,
2728 2662 2781 2708 et
2838 2666 3237 2722 usquequaque
3285 2651 3450 2722 digna
3497 2653 3573 2706 sit

1988 2760 2110 2814 quae
2129 2744 2418 2811 credatur;
2450 2744 2610 2799 nobis
2652 2758 2783 2799 vero
2828 2744 2983 2799 liceat
3016 2759 3142 2797 eum
3183 2743 3265 2799 eis
3309 2743 3569 2812 conjungi

1993 2834 2144 2888 nulla
2172 2834 2228 2888 in
2281 2833 2543 2905 Symbolo
2593 2831 2735 2888 facta
2790 2834 3173 2890 innovatione.
3230 2831 3297 2888 Et
3348 2834 3568 2902 quidem

1993 2923 2131 2979 bene
2160 2926 2336 2980 nostis
2375 2939 2568 2981 omnes
2616 2923 2946 2993 peculiarem
2980 2938 3203 2980 causam
3262 2937 3364 2978 cur
3419 2932 3572 2993 opta-

1994 3018 2256 3082 verimus,
2280 3017 2577 3088 multisque
2596 3018 2696 3074 viis
2726 3014 3070 3072 efﬁciendum
3095 3019 3258 3073 enixe
3289 3018 3575 3073 curaveri-

297 3109 490 3181 τέρων
525 3106 745 3181 μάλιστ’
771 3109 842 3164 ἂν
871 3108 978 3163 ene
1017 3106 1219 3172 παντδς
1253 3097 1608 3178 ζητηθεῖσαν,
1637 3102 1698 3206 Tib
1738 3101 1886 3172 παρὰ

1997 3125 2140 3176 mus,
2183 3111 2645 3182 potissimumque
2694 3127 2865 3183 prope
2918 3111 3079 3169 finem
3129 3111 3573 3182 perduxerimus.

300 3204 421 3256 τῶν
443 3201 663 3256 ἀσεϐῶν
681 3202 800 3268 δέος
831 3202 927 3258 καὶ
947 3201 1016 3257 τὰ
1035 3197 1316 3272 πράγμαθ’
1340 3197 1474 3270 ἡμῖν
1496 3197 1577 3258 είς
1595 3192 1893 3265 τοῦσχατον

299 3296 522 3368 ἥκοντα
551 3295 869 3369 δυστυχίας,
914 3295 1010 3350 καὶ
1038 3293 1277 3366 ποθῆσαι
1325 3293 1423 3348 καὶ
1472 3290 1776 3366 σπουδάσαι
1805 3286 1893 3341 διὰ

301 3388 555 3454 πολλῶν,
597 3389 693 3443 καὶ
737 3388 821 3444 ὅτι
854 3388 1091 3461 μάλιστα
1119 3385 1217 3441 τοῦ
1272 3385 1463 3449 τέλους
1507 3384 1677 3453 ἔγγὺς
1722 3377 1891 3452 αὐτὴν

302 3483 575 3552 ἀγαγεῖν,
607 3483 676 3536 τὰ
728 3483 838 3554 γὰρ
874 3481 1080 3554 μεταξὺ
1139 3479 1468 3552 παραλείπω
1502 3468 1706 3543 πάντα,
1745 3474 1893 3546 ἡμᾶς

305 3572 464 3637 ίδιως
487 3575 777 3642 ἐποίησαν.
798 3574 892 3626 Δεῖ
915 3571 1094 3627 τοίνυν
1116 3571 1217 3642 τῆς
1244 3568 1560 3643 προθέσεως
1579 3566 1891 3638 ἐχομένους,

226 3710 229 3713 ,
301 3665 435 3717 ἐπεὶ
470 3662 703 3718 δυνατὸν
733 3663 832 3717 καὶ
875 3662 1153 3733 εὐπρεπές
1200 3662 1340 3727 ἔστι,
1367 3658 1575 3729 ταύτην
1626 3658 1707 3720 είς
1738 3655 1894 3717 τέλος

301 3756 649 3827 ἐξενεγκεῖν.
684 3756 893 3820 ’Δλλως
936 3754 982 3810 δ’
1030 3755 1097 3809 ἂν
1154 3752 1511 3825 ματαιότεροι
1536 3750 1756 3804 πάντων
1795 3750 1893 3804 ἁν-

302 3849 557 3921 θρὼπων
589 3848 851 3920 ἐδόξαμεν
888 3844 1052 3913 εἶναι,
1085 3847 1136 3901 εί
1184 3839 1357 3900 πολλὰ
1395 3844 1498 3916 μὲν
1547 3844 1688 3913 ὑπὲρ
1722 3842 1894 3911 αὐτῆς

302 3942 681 4007 ὑποστάντες,
730 3940 943 3995 πολλῶν
970 3939 1030 3995 δὲ
1058 3939 1279 4008 ἀγαθῶν
1304 3937 1487 4011 ἐλπίσι
1516 3934 1893 4006 κεκινημένοι,

300 4034 613 4088 ἐπιδώσειν
639 4033 695 4087 δὲ
726 4035 858 4104 ἡμῖν
882 4032 951 4085 τὰ
977 4031 1149 4095 δεινὰ,
1180 4027 1276 4085 τοῦ
1320 4028 1623 4101 σχίσματος
1658 4025 1896 4098 βεϐαιω-⁵

300 4122 525 4191 θέντος,
555 4123 758 4185 πάντες
790 4120 1163 4187 πιστεύοντες,
1194 4115 1516 4191 εἷθ”ῶσπερ
1566 4112 1897 4188 ἐπιλαθόμε-

298 4233 389 4268 νοι
412 4214 630 4269 τούτων
658 4214 935 4282 ἁπάντων,
971 4216 1178 4280 κεναῖς,
1200 4211 1276 4277 ῶς
1308 4230 1464 4282 φασι,
1492 4228 1551 4280 χε
1561 4210 1650 4281 pel.
1671 4209 1766 4261 καὶ
1789 4225 1895 4278 μη-

298 4305 395 4360 δὲν
431 4305 752 4377 πράξαντες
805 4305 1224 4376 ἐπανέλθωμεν,
1285 4304 1382 4358 καὶ
1409 4302 1565 4357 ταῦτ’
1618 4298 1894 4370 εὐπρεπὲς

296 4395 458 4452 οὕτω
492 4400 593 4452 καὶ
622 4400 807 4470 ῥᾴδιον
835 4396 917 4463 ὃν,
953 4402 1047 4452 καὶ
1079 4396 1308 4469 μηδενὸς
1358 4398 1491 4465 ἡμῖν
1526 4393 1764 4461 εὐλόγως
1814 4391 1895 4455 εἰς

1996 3208 2057 3254 ut
2082 3200 2261 3255 media
2293 3211 2606 3269 praeteream
2655 3201 2864 3268 omnia,
2899 3201 3155 3258 Ecclesia:
3201 3201 3402 3258 Christi
3453 3200 3575 3255 uni~

1995 3300 2183 3357 tatem,
2208 3292 2481 3348 exstitisse
2503 3293 2666 3359 mala,
2697 3309 2821 3364 quae
2880 3292 3241 3349 formidamus
3272 3294 3341 3351 ab
3370 3293 3573 3363 impiis.

1994 3398 2190 3454 resque
2224 3396 2443 3443 nostras
2471 3386 2541 3441 ad
2592 3394 2897 3443 extremam
2961 3386 3212 3443 redactas
3256 3386 3571 3452 miseriam;

1993 3475 2249 3546 quamvis
2302 3475 2503 3531 multas
2552 3475 2688 3533 alios
2731 3478 2803 3534 ob
2847 3491 3048 3533 causas
3076 3488 3129 3533 et
3156 3477 3431 3547 :equiores
3489 3476 3577 3531 di-

1995 3583 2180 3641 gnam,
2213 3583 2336 3639 qua:
2359 3569 2429 3624 ab
2485 3570 2743 3627 erunibus
2801 3579 3111 3640 expetatur.
3162 3568 3389 3642 Oportet
3443 3586 3576 3640 ergo

1995 3658 2333 3731 propositum
2386 3661 2674 3716 consilium
2715 3675 3031 3733 sequentes,
3064 3677 3187 3717 cum
3239 3672 3297 3719 et
3343 3661 3481 3729 fieri,
3520 3674 3577 3718 et

1996 3750 2228 3807 honeste
2256 3750 2375 3807 fieri
2426 3752 2623 3822 possit,
2671 3751 2741 3808 ad
2780 3753 2988 3809 exitum
3043 3752 3175 3813 illud
3228 3754 3571 3825 perducere:

1995 3841 2239 3912 alioquin
2288 3842 2532 3897 omnium
2591 3842 2879 3899 hominum
2930 3843 3198 3900 levissimi
3236 3844 3570 3911 videremur,

1996 3934 2041 3993 si
2076 3944 2297 4005 propter
2318 3934 2453 3990 illud
2482 3936 2653 3991 multa
2699 3937 2963 4006 perpessi,
3011 3936 3419 4008 multorumque
3470 3938 3570 3993 bo—

1996 4042 2193 4083 norum
2220 4039 2317 4097 spe
2336 4026 2484 4081 ducti
2505 4042 2522 4093 ;
2544 4034 2600 4082 et
2620 4040 2814 4082 omnes
2834 4041 2934 4098 pro
2957 4034 3109 4082 certo
3145 4027 3402 4083 habentes
3430 4028 3572 4094 fore,

1996 4127 2058 4174 ut
2083 4119 2404 4174 confirmato
2453 4118 2749 4174 schismate
2786 4119 2963 4189 major
2997 4119 3253 4175 cumulus
3299 4121 3570 4177 malorum

1996 4211 2257 4277 accedat;
2298 4210 2442 4267 velut
2474 4210 2592 4266 haec
2623 4211 2807 4266 omnia
2837 4211 3015 4278 obliti,
3046 4212 3254 4277 vacuis,
3296 4223 3356 4269 ut
3390 4214 3567 4282 aiunt,

1997 4301 2273 4370 manibus,
2295 4317 2353 4358 re
2373 4301 2573 4359 infecta
2598 4301 2943 4361 rediremus:
2979 4302 3140 4374 idque
3169 4320 3294 4361 cum
3352 4322 3440 4364 res
3498 4312 3572 4363 sit

1998 4396 2137 4451 adeo
2161 4395 2360 4451 decora
2391 4403 2446 4452 et
2507 4394 2707 4461 facilis,
2747 4396 2994 4468 nihilque
3064 4399 3134 4453 sit
3158 4399 3327 4468 quod,
3363 4416 3434 4457 ne
3484 4402 3575 4461 illa

298 4491 476 4545 τοῦτο
511 4491 977 4562 προσισταμένου.
1029 4490 1161 4545 Οὐδὲ
1193 4488 1483 4560 προσέχειν
1527 4485 1608 4540 δεῖ
1637 4487 1750 4548 τοῖς
1784 4502 1886 4555 μη-

2003 4498 2315 4561 peragatur,
2350 4490 2509 4545 nobis
2543 4491 2738 4547 merito
2762 4490 2965 4546 obstet.
2995 4490 3109 4547 Nec
3160 4508 3290 4549 vero
3314 4495 3571 4558 audiendi

296 4584 395 4637 δξν
422 4584 639 4653 ἀγαθὸν
668 4585 797 4655 ἡμῖν
826 4585 891 4637 ὲκ
913 4586 1012 4652 τῆς
1034 4580 1281 4645 ένώσεως
1310 4582 1561 4649 λέγουσιν
1587 4578 1762 4649 ἥξειν·
1797 4574 1893 4630 καὶ

297 4674 811 4744 τούτουτιρόφασιν
832 4675 1098 4744 οἰομένοις
1116 4675 1259 4742 ἒχειν
1291 4670 1588 4743 ἀρκοῦσαν,
1616 4670 1685 4723 τά
1704 4685 1763 4720 τε
1784 4666 1896 4720 τῶν

244 4798 249 4799 ί
300 4764 570 4817 Λατίνων
600 4764 732 4833 γένη
751 4767 817 4833 τῇ
844 4762 964 4816 κατ’
994 4762 1241 4831 ἀλλήλων
1269 4762 1418 4832 μάχῃ
1441 4758 1775 4829 φθειρόμενα
1796 4755 1894 4809 καὶ

297 4859 429 4919 ταῖς
481 4836 715 4918 οίκείαις
777 4856 1118 4926 προσέχοντα
1168 4856 1504 4924 συμφοραῖς,
1559 4852 1654 4905 καὶ
1684 4850 1753 4904 τὰ
1797 4847 1893 4902 τοῦ

296 4953 523 5003 πάππα
560 4947 861 5017 πράγματα
888 4947 1040 5011 τάξιν
1070 4942 1224 5000 οὔπω
1246 4945 1479 4999 λαϐόντα
1518 4943 1612 4997 καὶ
1642 4942 1893 5010 δύναμιν,

298 5042 426 5094 ἀλλ’
461 5037 800 5093 ἀσθενοῦντα
832 5038 927 5091 καὶ
957 5036 1292 5106 πολλαχόθεν
1323 5033 1506 5105 ἀκμὴν
1538 5033 1895 5087 ἐπιϐουλευό-

301 5152 482 5205 μενα.
520 5132 688 5184 ’Λνευ
720 5131 825 5201 γὰρ
879 5132 977 5195 τῆς
1007 5128 1174 5199 ἄλλης
1227 5127 1494 5197 ὠψελείας
1552 5126 1794 5196 ἁπάσης,
1828 5125 1895 5195 ἢν

298 5230 326 5278 ὃ
351 5245 416 5279 τε
455 5226 692 5288 πάππας
727 5225 859 5295 ἡμῖν
894 5223 990 5277 καὶ⁸
1022 5223 1090 5277 τὰ
1118 5221 1283 5275 λοιπὰ
1323 5222 1433 5276 τῶν
1458 5220 1706 5275 Λατίνων
1741 5218 1896 5288 ἔθνη,

297 5318 399 5371 καὶ
437 5317 553 5369 τῶν
580 5316 923 5387 πραγμάτων
946 5313 1089 5369 οὕτω
1120 5314 1305 5385 σφίσιν
1348 5314 1604 5385 ἐχόντων,
1633 5311 1895 5382 παρέξονσ

298 5429 419 5465 ται·
458 5412 525 5463 τὸ
556 5415 665 5482 γαρ
690 5412 963 5482 ἡμέτερον
992 5410 1173 5479 ὀλίγον
1204 5408 1283 5473 ὃν,
1315 5409 1389 5472 ὠς
1428 5408 1519 5462 καὶ
1566 5406 1724 5476 ὑμεῖς
1759 5406 1896 5467 ἴστε,

297 5504 647 5576 δυσχέρειαν
694 5505 879 5567 αὐτοῖς
934 5504 997 5557 οὗ
1055 5502 1301 5574 μεγάλην
1358 5501 1543 5572 μέλλει
1589 5497 1896 5569 παρέχεινο

299 5598 451 5661 τέως
487 5597 594 5667 γὰρ
625 5595 927 5664 ἀσφαλείας
960 5594 1128 5665 μόνης
1150 5595 1242 5646 καὶ
1277 5591 1371 5645 τοῦ
1407 5591 1482 5663 μὴ
1513 5589 1744 5644 δεδιέναι
1772 5589 1898 5650 τοὺς

299 5690 817 5760 ποὶ.εμὶους,ἠμᾶς
858 5689 1034 5742 οἴδασι
1068 5686 1370 5758 χρῄζοντας
1397 5703 1408 5714 ·
1444 5685 1471 5738 ὃ
1500 5686 1748 5756 χρήμασι
1797 5685 1899 5754 μὲν

301 5782 367 5836 οὐ
394 5780 645 5847 πολλοῖς,
675 5781 837 5835 ναυσὶ
868 5781 925 5835 δὲ
955 5780 1163 5849 ὀλίγαις
1191 5780 1443 5832 δύνανται
1474 5780 1749 5851 πράττειν·
1788 5778 1898 5846 ἐγώ

656 5880 917 5941 ΡΑτῐιοῐ..
964 5880 1080 5940 Gtt.
1138 5877 1317 5996 Cl“.

1999 4586 2266 4656 suut,qui
2297 4585 2431 4641 nihil
2459 4586 2586 4642 boui
2619 4586 2778 4640 nobis
2823 4602 2888 4641 ex
2933 4588 3034 4642 bac
3082 4588 3291 4643 unione
3328 4589 3571 4644 futurum

2002 4680 2198 4734 aiunt:
2229 4678 2374 4749 quod
2416 4680 2553 4735 satis
2610 4690 2806 4749 putant
2841 4680 3230 4750 aseprobari,
3284 4691 3570 4750 propterea

1998 4773 2146 4842 quod
2186 4771 2505 4828 Latinorum
2529 4772 2779 4828 nationes
2816 4774 3025 4828 mutuis
3081 4772 3225 4826 inter
3267 4788 3329 4829 se
3377 4784 3569 4829 conte—

1999 4873 2190 4919 rantur
2221 4864 2397 4930 bellis,
2417 4874 2472 4920 et
2504 4864 2747 4935 propriis
2780 4872 2980 4918 vacent
3010 4865 3421 4922 calamitatibus
3447 4881 3464 4919 :
3512 4880 3574 4924 .et

1998 4973 2151 5028 papa:
2174 4973 2261 5012 res
2287 4959 2527 5014 nondum
2560 4967 2762 5013 statum
2791 4968 2846 5013 et
2875 4960 3182 5015 ﬁrmitatem
3222 4961 3571 5030 accoperiut;

2001 5047 2348 5107 scdinfirmte
2387 5048 2519 5111 siut,
2544 5057 2598 5100 ct
2638 5048 2932 5102 multorum
2970 5049 3148 5105 adhuc
3214 5050 3430 5108 insidiis
3480 5069 3574 5123 pa-
3682 5060 3687 5063 ‘

2002 5146 2172 5192 teant.
2198 5136 2331 5191 Nam
2361 5145 2417 5190 ut
2441 5152 2631 5193 omnes
2679 5139 2817 5194 alias
2846 5140 3108 5196 utilitates
3163 5151 3393 5206 taceam,
3439 5161 3576 5215 quas

1999 5229 2228 5286 σθαι-ειη
2254 5229 2412 5284 nobis
2436 5237 2552 5283 tum
2579 5246 2716 5300 papa
2757 5232 2892 5303 ipse,
2933 5245 3046 5289 tum
3097 5236 3321 5307 reliqum
3357 5237 3572 5293 Latinu-

2005 5339 2123 5378 rum
2156 5322 2405 5377 nationes
2440 5323 2521 5377 vel
2553 5324 2605 5377 iu
2638 5324 2729 5378 tali
2760 5342 2941 5380 rerum
2985 5337 3127 5383 statu
3183 5332 3389 5397 (nostra
3426 5332 3573 5385 enim

2003 5432 2127 5472 cum
2160 5431 2268 5469 non
2308 5430 2502 5484 magna
2550 5418 2641 5482 sit,
2668 5429 2727 5472 ut
2778 5430 2831 5473 ct
2855 5419 2954 5489 ipsi
2997 5421 3169 5486 scitis,
3208 5438 3315 5477 nou
3348 5424 3575 5478 multam

2003 5506 2112 5560 illis
2134 5504 2411 5559 exhibebit
2438 5508 2785 5574 molestiam;
2835 5521 3032 5564 norunt
3067 5512 3267 5580 quippe
3318 5512 3420 5567 hoc
3464 5530 3577 5569 uno

2003 5595 2055 5649 iu
2095 5594 2347 5675 praesenti
2381 5611 2481 5650 uos
2533 5599 2796 5669 indigere,
2853 5608 2911 5652 ut
2967 5616 3053 5655 res
3096 5610 3300 5657 nostra:
3358 5603 3411 5658 in
3459 5613 3577 5659 tuto

2002 5689 2132 5753 sint,
2166 5698 2221 5741 et
2268 5702 2333 5742 ne
2379 5688 2564 5743 hostes
2613 5690 3107 5757 pertimescamus;
3161 5692 3213 5746 id
3262 5694 3410 5762 quod
3466 5713 3576 5751 non

2005 5782 2193 5852 grandi
2226 5782 2454 5850 pecunia
2483 5790 2534 5834 cl
2553 5782 2742 5851 paucis
2766 5782 2995 5837 navibus
3016 5794 3275 5853 praestare
3305 5791 3584 5861 possunt),

3070 5881 3141 5943 13
