3976 6452
265 402 365 475 397

1360 399 1861 470 ADHOll‘TATiO
1904 402 2004 469 AD
2035 400 2335 470 SYNODU
2350 403 2422 467 .\i.

3429 406 3534 470 393

262 523 456 594 πικράν
515 520 782 592 ἀγγελίαν
838 521 1076 593 ἐκείνην,
1121 524 1298 578 πάντα
1349 524 1619 595 ῥίψαντας
1673 527 1740 579 τὰ
1787 527 1832 578 ὲκ.

1953 536 2055 592 tas,
2091 541 2269 596 neque
2301 524 2440 578 bane
2473 538 2568 578 nos
2601 522 2950 592 potissimum
2993 533 3311 595 optaremus
3339 527 3405 582 ad
3439 546 3537 599 pe-

264 613 434 685 χερσὶ,
466 614 562 668 καὶ
590 613 776 668 πᾶσαν
801 614 1185 686 πραγματείαν
1219 617 1300 680 είς
1347 617 1510 688 χάριν
1540 617 1841 688 ἀφίγμεθα,

265 707 608 780 παριδόντας,
659 705 904 777 ζητῆσαι
959 707 1082 778 μὲν,
1140 709 1190 761 εἰ
1239 709 1521 779 summa:
1577 711 1844 774 Λατίνους

265 799 677 873 προσδέξασθαι,
709 801 806 854 καὶ
858 801 1192 870 κοινωνῆσαι
1243 804 1396 872 σφίσι
1437 803 1618 866 καλῶς
1641 821 1655 835 ο
1685 804 1844 858 τοῦτο

263 895 456 963 δ’ἑστὶ,
485 898 551 966 τῇ
585 911 643 948 τε
677 895 798 965 θεία
826 894 1022 965 Γραφῇ
1063 895 1161 950 καὶ
1198 898 1310 960 τοῖς
1356 897 1706 960 διδασκάλοις
1745 899 1854 968 τῆς

276 989 588 1057 Ἐκκλησίας
623 987 961 1058 συμφώνως.
1006 987 1178 1044 Τοῦτο
1228 990 1274 1043 δ’
1329 991 1616 1059 εὑρόντας,
1643 990 1843 1044 αὐτίκα

263 1083 358 1156 τὴν
391 1085 522 1154 πρὸς
571 1084 769 1148 αὐτοῦς
816 1083 1002 1152 φιλίαν
1034 1077 1501 1137 ἀνανεώσασθαι·
1541 1079 1660 1136 εἶτα
1710 1085 1842 1149 ναῦς

269 1181 680 1248 ἑτοιμάσαντας,
712 1178 807 1242 τὰς
844 1179 946 1248 μὲν
993 1177 1244 1232 διδόντων
1284 1178 1486 1239 αὐτῶν,
1529 1179 1627 1242 τὰς
1659 1177 1716 1231 δὲ
1749 1178 1842 1230 καὶ

269 1269 423 1341 ἡμῶν
493 1259 830 1339 ὠνουμένων,
878 1273 926 1324 εί
983 1267 1095 1324 οἷόν
1145 1289 1204 1325 τε
1263 1271 1359 1324 καὶ
1415 1270 1645 1341 σώματα
1703 1270 1842 1322 αὐτὰ

273 1362 717 1432 πιπρασκόντων,
777 1363 915 1434 μήτε
985 1363 1192 1434 τροφὴν
1251 1363 1652 1431 αἱρουμένους,
1711 1359 1841 1434 μήθ’

267 1453 429 1507 ὕπνον
474 1454 885 1524 λαμϐάνοντας,
948 1456 1066 1510 ἀλλ’
1118 1457 1178 1509 ἐν
1225 1455 1304 1525 τῷ
1360 1457 1627 1523 πράττειν
1681 1455 1841 1518 ὄντας

261 1545 469 1616 νύκτωρ
502 1560 560 1602 τε
595 1552 688 1602 καὶ
717 1549 841 1602 καθ’
879 1550 1118 1620 ἡμέραν,
1157 1547 1294 1616 πρὸς
1319 1549 1416 1619 τὴν
1447 1549 1704 1620 βοήθειαν
1737 1549 1838 1618 τῆς

257 1641 524 1714 ἡμετέρας
551 1643 873 1712 ἐπείγεσθαι
907 1643 1139 1706 πόλεως.
1197 1642 1478 1714 Ἀρκοῦντι
1518 1643 1626 1713 γὰρ
1661 1661 1840 1712 παρα-

257 1735 527 1804 γενόμενοι
585 1736 848 1808 ναυτικῷ,
885 1737 978 1790 καὶ
1017 1734 1275 1806 φυλάξειν
1329 1737 1520 1806 αὐτὴν,
1574 1736 1668 1791 καὶ
1714 1737 1840 1800 τοὺς

255 1830 538 1900 πολεμίους
588 1833 908 1902 ἀπράκτους
977 1832 1230 1902 ποιήσειν
1290 1833 1384 1886 καὶ
1437 1831 1832 1902 ἀποσοϐήσειν,

252 1923 340 1975 καὶ
390 1923 691 1995 συμϐαλεῖν
743 1925 929 1987 αὐτοῖς
991 1926 1037 1978 εί
1110 1923 1316 1995 δεήσει,
1383 1925 1478 1979 καὶ
1533 1926 1713 1978 πάντα
1769 1926 1834 1977 τὰ

245 2013 468 2070 τοιαῦτα
516 2016 866 2088 ἠδυνήθημεν
917 2017 1003 2070 ἄν.
1047 2016 1234 2086 Πολλῷ
1285 2017 1341 2070 δὲ
1401 2012 1605 2086 μᾶλλον
1660 2016 1834 2069 ταῦτα

245 2107 509 2176 πράττειν
544 2111 782 2181 ἀνάγκη,
823 2109 987 2164 ὁπότε
1019 2109 1113 2162 καὶ
1141 2109 1311 2179 μηδὲν
1344 2109 1474 2164 ἀλλο
1507 2107 1834 2180 ξητήσοντες

242 2196 273 2267 ἦ
326 2196 426 2268 τὴν
483 2198 702 2266 ἕνωσιν,
763 2200 874 2254 οὐδ’
925 2201 1116 2268 ἑτέρου
1169 2200 1330 2272 χάριν
1381 2202 1526 2266 τινὸς
1581 2202 1834 2274 ἀφῖχθαι,

241 2289 444 2357 πάντες
485 2292 738 2365 εἴποιμεν
765 2294 851 2349 ἀν.

1951 618 2120 675 rivula
2151 619 2491 685 timoresque
2524 617 2897 686 depellendus,
2932 618 3026 689 sed
3063 619 3267 690 aliquid
3293 621 3442 678 aliud
3480 633 3536 678 et

1953 713 2114 765 aliam
2153 712 2221 764 ob
2251 727 2474 766 causam
2508 722 2733 781 agentes
2750 712 3174 768 consideremus
3199 724 3215 780 ‘;
3257 726 3542 781 oporteret

1951 816 2130 862 tamen
2167 815 2291 877 post
2316 809 2572 860 acerbum
2609 807 2762 861 illum
2794 809 3076 870 nuntium,
3115 809 3379 877 proiectis
3407 824 3534 864 om-

1949 898 2114 953 nibus
2146 914 2266 968 qua:
2317 908 2446 952 sunt
2509 912 2621 966 prae
2677 898 2954 961 manibus,
3001 897 3262 969 omnique
3317 909 3540 970 propter

1949 991 2096 1059 quod
2131 991 2383 1044 venimus
2419 989 2728 1059 postposito
2776 989 3022 1059 negotio,
3057 992 3378 1060 perquirere
3415 992 3538 1061 qui-

1950 1085 2072 1138 dem
2105 1125 2117 1146 ,
2147 1098 2213 1136 an
2243 1083 2518 1150 possimus
2551 1079 2779 1136 Latinos
2810 1081 3116 1151 suscipere,
3151 1093 3203 1136 et
3240 1083 3378 1136 bene
3411 1099 3538 1137 cum

1946 1177 2055 1233 illis
2084 1177 2364 1246 (εοιηςιιιδί,
2392 1177 2493 1230 hoc
2511 1185 2590 1230 est
2613 1177 2769 1245 juxta
2787 1185 3022 1230 mentem
3050 1188 3220 1230 sacrae
3237 1173 3538 1243 Scriptum

1948 1280 2001 1325 et
2037 1269 2322 1323 doctorum
2365 1267 2624 1323 Ecclesia:
2653 1285 2667 1322 :
2702 1272 2805 1321 hoc
2836 1277 3019 1320 autem
3059 1267 3282 1320 invento
3307 1306 3320 1329 ,
3351 1265 3539 1320 statim

1946 1378 2068 1417 cum
2105 1362 2183 1417 eis
2221 1375 2486 1414 renovare
2527 1360 2828 1412 amicitiam
2863 1374 2877 1410 :
2940 1370 3179 1425 moxque
3229 1371 3396 1410 naves
3443 1371 3540 1422 pa-

1950 1470 2092 1515 rare,
2124 1454 2321 1523 partim
2353 1452 2571 1522 quidem
2605 1452 2672 1505 ab
2716 1451 2823 1504 illis
2851 1459 3128 1520 acceptas,
3167 1448 3366 1516 partim
3399 1463 3532 1501 vero

1947 1564 1973 1601 a
2002 1549 2158 1603 nobis
2187 1558 2466 1616 coemptas
2491 1585 2507 1611 ,
2561 1545 2644 1599 vel
2674 1545 2830 1614 ipsis,
2867 1544 2911 1597 si
2952 1543 3067 1597 fieri
3102 1549 3311 1611 posset,
3332 1556 3532 1610 corpo-

1947 1641 2098 1695 ribus
2146 1617 2486 1701 divenditis';
2549 1647 2602 1690 et
2651 1653 2828 1706 neque
2859 1636 3044 1690 cibum
3078 1649 3319 1699 sumere,
3350 1648 3531 1704 neque

1945 1749 2199 1788 somnum
2234 1748 2453 1802 capere,
2483 1731 2576 1787 sed
2615 1732 2703 1784 diu
2737 1740 3016 1801 noctuque
3048 1745 3187 1799 opus
3222 1743 3328 1782 non
3367 1727 3532 1780 inter-

1945 1827 2159 1882 mittere
2191 1825 2256 1879 ad
2294 1824 2581 1880 ferendum
2603 1824 2725 1878 urbi
2759 1833 2961 1879 nostrae
3007 1820 3202 1877 festiue
3233 1821 3527 1876 auxilium.

1944 1919 2080 1974 Nam
2133 1918 2333 1973 idonea
2382 1918 2560 1973 classe
2621 1917 2852 1988 profecti
2901 1928 2954 1970 et
3007 1930 3228 1970 servare
3261 1915 3437 1977 illam,
3469 1922 3528 1965 et

1947 2013 2130 2067 hostes
2184 2011 2357 2066 fracto
2413 2025 2606 2066 eorum
2657 2016 2854 2064 conatu
2887 2008 3200 2079 repellere;
3237 2017 3289 2061 et
3316 2009 3529 2075 siopus

1944 2111 2113 2169 esset,
2145 2119 2270 2159 cum
2313 2104 2392 2158 eis
2422 2105 2707 2175 congredi,
2743 2113 2798 2160 et
2824 2102 3096 2172 ejusmodi
3130 2102 3312 2156 omnia
3345 2101 3529 2154 facere

1945 2212 2255 2269 possemus.
2275 2197 2446 2253 Multo
2472 2199 2640 2270 igitur
2665 2200 2838 2269 magis
2863 2211 3091 2254 necesse
3111 2203 3196 2250 est
3236 2196 3354 2250 ham
3389 2194 3528 2254 ﬁeri,

1945 2289 2168 2362 quando
2227 2290 2363 2345 nihil
2419 2291 2565 2345 aliud
2620 2291 2906 2362 quaesituri
2956 2289 3292 2344 accessimus
3361 2300 3525 2357 quam

240 2385 509 2442 unitatem
544 2406 556 2452 ;
590 2403 689 2444 nec
722 2390 867 2444 enim
899 2389 1126 2445 alterius
1160 2385 1232 2442 rei
1261 2384 1436 2459 gratia
1473 2387 1655 2444 itineri
1710 2404 1813 2444 nos
1846 2385 2198 2442 commisisse
2233 2399 2425 2441 omnes
2453 2385 2774 2441 fatebimur.

305 2481 424 2550 Τὴν
476 2481 521 2536 δ’
565 2481 784 2545 ἕνωσιν,
819 2479 963 2535 οὕτω
1021 2483 1229 2554 ῥᾴστην
1285 2483 1382 2536 καὶ
1429 2483 1684 2555 εὐπρεπῆ
1735 2484 1835 2537 καὶ

229 2572 357 2644 Θεῷ
388 2574 488 2627 καὶ
517 2576 686 2629 πᾶσιν
716 2573 1032 2645 ἀνθρώποις
1065 2575 1329 2642 ἀρέσκειν
1364 2574 1691 2644 μέλλουσαν,
1729 2575 1830 2646 ἤδη

225 2666 508 2737 πράττειν
565 2667 868 2737 δυνάμεθα.
904 2667 978 2720 Οὐ
1042 2667 1126 2720 δεῖ
1184 2664 1369 2720 τοίνυν
1438 2666 1658 2737 μέλλειν
1722 2667 1832 2720 οὐδ’

223 2755 672 2822 ἀναϐάλλεσθαι,
699 2757 836 2811 ἀλλὰ
889 2759 986 2810 καὶ
1033 2757 1134 2828 τὴν
1188 2755 1386 2810 ἕνωσιν
1419 2757 1703 2827 πράττειν,
1737 2759 1832 2813 καὶ

220 2852 313 2905 ὃτι
366 2850 613 2920 τάχιστα
667 2850 907 2922 βοηθεῖν.
953 2849 1366 2920 Ἑνθυμηθῆναι
1409 2851 1516 2919 γὰρ
1567 2851 1832 2915 ἑκάστους

221 2945 382 3016 ἡμᾶς
436 2943 649 2998 δεῖκαὶ
715 2945 983 3014 γυναῖκας
1043 2943 1136 2996 καὶ
1199 2943 1398 3006 παῖδας
1454 2943 1686 3008 ἑαυτῶν,
1738 2944 1833 2998 καὶ

219 3037 423 3101 ἁπλῶς
476 3039 764 3105 συγγενεῖς
795 3037 890 3090 καὶ
924 3035 1168 3102 πολίτας,
1215 3035 1452 3106 οἰκτρῶς
1501 3035 1832 3106 πολιορκου-

224 3128 438 3199 μένους
495 3128 592 3181 aiat
651 3127 1082 3198 ἀμηχανοῦντας
1140 3131 1234 3183 καὶ
1301 3127 1681 3197 θρηνοῦντας·
1735 3129 1832 3182 καὶ

2011 2477 2196 2546 Quare
2220 2482 2405 2536 unitas
2427 2496 2548 2536 cum
2587 2489 2641 2534 et
2663 2494 2878 2535 summe
2910 2477 3110 2541 facilis,
3139 2483 3195 2532 et
3229 2489 3338 2530 non
3374 2473 3531 2528 inde-

1937 2587 2066 2628 cora
2088 2573 2184 2637 sit,
2208 2571 2426 2644 Deoque
2447 2573 2731 2628 etcur.ctis
2755 2568 3380 2645 hominibusplacitura,
3401 2583 3529 2621 con-

1938 2665 2291 2734 ﬁciendajam
2323 2674 2440 2726 est;
2464 2681 2564 2720 nec
2586 2665 2983 2734 interponenda
3036 2677 3210 2731 mora,
3237 2677 3337 2717 nec
3365 2660 3527 2716 diffe-

1939 2760 2106 2813 renda
2135 2773 2244 2823 res,
2270 2759 2365 2813 sed
2386 2767 2441 2812 et
2465 2759 2596 2813 unio
2615 2757 2944 2827 paragenda,
2969 2766 3023 2809 et
3051 2754 3336 2810 leremlum
3363 2770 3525 2824 quam

1938 2850 2204 2906 citissime
2252 2851 2542 2906 auxilium.
2566 2849 2874 2920 Repetenda
2901 2851 3101 2922 quippe
3125 2859 3212 2903 est
3232 2849 3528 2915 unicuique

1938 2952 2188 2999 nostrum
2211 2947 2476 2998 memoria
2492 2951 2544 2998 et
2568 2958 2803 2998 uxorum
2830 2950 2883 2997 et
2927 2942 3161 3010 ﬁliorum
3191 2949 3530 3004 nostrorum,

1935 3047 1990 3092 et
2032 3037 2351 3093 summatim
2393 3036 2931 3107 consanguineorum
2977 3044 3033 3090 et
3057 3034 3288 3100 citium,
3331 3035 3530 3092 misere

1935 3130 2320 3195 obsessorum,
2361 3129 2530 3184 animi
2564 3128 2919 3199 pendentium
2967 3144 3032 3184 ae
3054 3128 3358 3198 lugentium
3387 3147 3402 3184 :
3427 3145 3529 3200 po-

221 3218 432 3288 φόνους
473 3218 568 3272 καὶ
596 3218 773 3289 δεσμὰ
804 3222 900 3276 καὶ
943 3217 1161 3289 πληγὰς
1191 3221 1282 3275 καὶ
1318 3221 1505 3293 ὕϐρεις
1533 3224 1626 3275 καὶ
1673 3221 1832 3291 λιμὸν

1942 3225 2138 3282 nendae
2166 3234 2295 3280 ante
2321 3223 2514 3278 oculos
2546 3225 2723 3279 czedes
2747 3234 2802 3281 et
2825 3225 3064 3290 vincula,
3093 3233 3147 3279 ct
3181 3225 3430 3291 verbera,
3473 3234 3530 3278 et

223 3317 320 3368 καὶ
350 3315 544 3388 δίψαν,
583 3316 680 3370 καλ⁸
721 3317 1089 3390 οἰκτροτάτην
1137 3320 1524 3390 περιαγωγὴν,
1563 3318 1662 3373 καὶ
1714 3321 1834 3372 δουο

221 3406 383 3460 λείαν
439 3406 911 3479 ἀπαραμύθητον,
955 3408 1053 3462 καὶ
1113 3409 1327 3480 νηπίων
1377 3410 1678 3480 ἑλκυσμὸν,
1739 3409 1833 3463 καὶ

221 3502 510 3573 γερόντων
561 3503 803 3575 σφαγὴν,
851 3504 946 3558 καὶ
978 3491 1268 3575 χωρισμὸν
1315 3503 1568 3574 ἀλλήλων
1598 3504 1832 3557 ὲλεεενό-

217 3613 416 3662 τατον,
451 3599 548 3652 καὶ
578 3596 744 3668 ἱερῶν
773 3596 1025 3667 ἀτιμίαν,
1053 3596 1150 3649 καὶ
1192 3596 1552 3667 βλασφημίαν
1583 3599 1665 3662 εἰς
1699 3595 1833 3666 ὕψος

217 3691 539 3764 αἰρομένην
585 3691 733 3746 κατά
763 3692 898 3746 Θεοῦ
923 3710 938 3726 ·
974 3693 1070 3747 καὶ
1114 3673 1253 3756 τοὺς.
1290 3694 1391 3762 μὲν
1421 3691 1672 3761 ἑκόντας,
1705 3695 1833 3759 τοὺς

216 3783 276 3838 δὲ
333 3783 582 3849 ἄκοντας
631 3785 723 3838 τὸν
776 3784 878 3856 μὲν
913 3785 1126 3855 Ἰησοῦν
1199 3786 1681 3857 ἀποϐαλλομένους
1740 3785 1832 3840 τὸν

219 3876 406 3948 άληθῆ
441 3877 582 3931 Θεὸν
615 3879 708 3931 καὶ
737 3879 900 3949 μόνον
929 3878 1252 3933 διδάσκαλόν
1285 3893 1345 3932 τε
1372 3881 1470 3933 καὶ
1505 3880 1831 3952 νομοθέτην,

218 3970 288 4038 τῇ
317 3968 378 4022 δὲ
415 3967 669 4040 Μωάμεθ
697 3968 939 4042 φλυαρία
967 3971 1062 4024 καὶ
1100 3971 1310 4041 ὀργίοις
1349 3971 1565 4025 ἑκείνου
1601 3989 1830 4044 προστιο

218 4059 526 4131 θεμένους,
577 4060 672 4115 καὶ
725 4063 825 4134 τὴν
879 4063 1139 4117 ἀσέϐειαν
1197 4063 1564 4131 ἑπιδιδοῦσαν,
1616 4067 1716 4138 τὴν
1771 4065 1829 4120 δὲ

217 4154 411 4208 πίστιν
442 4153 824 4225 διωκομένην
855 4155 951 4210 καὶ
999 4156 1069 4210 τὰ
1114 4157 1345 4210 τοιαῦτα
1397 4159 1579 4210 πάντα
1627 4176 1829 4227 φαντα-

216 4245 522 4318 ζομένους,
553 4246 648 4301 καὶ
679 4247 772 4301 ἐπὶ
802 4249 971 4302 πᾶσιν
1002 4249 1153 4318 ἡμᾶς
1181 4249 1694 4319 ἀνακαλουμένους,
1735 4254 1830 4305 καὶ

212 4338 318 4410 τὴν
366 4342 538 4411 ἡμῶν
575 4331 842 4410 ἀμέλεὶαν
880 4341 1246 4407 ὀνειδίζοντας
1272 4357 1289 4374 ⁸
1321 4343 1414 4414 ὑφ’
1466 4338 1544 4400 ὦν
1573 4345 1829 4398 οὐδέποτε

216 4434 652 4504 προσεδόκησαν
700 4434 907 4488 οὑτωσὶ
959 4437 1558 4506 καταφρονηθήσεσθαι
1584 4454 1597 4468 ο
1630 4437 1725 4502 οὓς
1766 4442 1824 4492 ἐν

211 4523 376 4589 τάξει
407 4525 697 4578 δεσποτῶν
733 4527 830 4579 καὶ
867 4527 1129 4598 πατέρων
1165 4527 1260 4581 καὶ
1313 4527 1654 4584 διδασκάλων
1681 4525 1829 4602 εἶχόν
1865 4562 1908 4616 ο

211 4626 275 4663 τε
312 4611 416 4664 καὶ
447 4610 656 4682 ἑτίμων
685 4628 699 4644 ·
733 4613 828 4667 καὶ
860 4613 958 4677 οὓς
988 4617 1279 4670 ἐπίστευον
1308 4619 1408 4689 τῆς
1435 4620 1618 4675 αὐτῶν
1646 4621 1826 4691 ἀσφα-

214 4699 377 4765 λείας
412 4703 514 4757 καὶ
553 4704 830 4775 σωτηρίας
867 4707 1048 4760 πάντα
1081 4707 1347 4778 θήσεσθαι
1375 4709 1608 4781 δεύτερα
1637 4728 1651 4743 ο
1684 4712 1827 4784 ὑπὲρ

212 4786 293 4848 ὧν
328 4795 646 4865 ἀποδημεῖν
670 4797 825 4850 αὐτοί
868 4815 929 4851 τε
972 4799 1252 4871 ἐνόμιζον,
1287 4803 1382 4856 καὶ
1416 4803 1576 4874 ὑμεῖς
1605 4803 1825 4873 ἐλέγετε

211 4889 506 4962 φανερῶς.
549 4890 781 4945 Ἐκεῖνοι
815 4893 916 4962 μὲν
964 4888 1058 4947 οὗν
1094 4895 1163 4948 τὰ
1219 4896 1435 4950 ἑαυτῶν
1471 4898 1638 4968 μόνον
1674 4899 1828 4954 δεινά

210 4977 634 5048 φανταζόμενοι
657 4979 1020 5053 θρηνήσουσι,
1053 4987 1149 5038 καὶ
1195 4988 1347 5057 ἡμᾶς
1382 4989 1824 5046 ἀνακαλέσονται

208 5069 438 5141 γοερῶς
463 5086 478 5100 ο
516 5071 610 5124 καὶ
644 5075 766 5136 ταῖς
795 5074 980 5128 ἐλπίσι
1012 5075 1106 5129 τοῦ
1141 5077 1407 5149 σήμερον,
1437 5079 1826 5154 αὕριον,ἡμᾶς

207 5161 372 5231 ἥξειν
436 5164 635 5234 μόναις
683 5165 1195 5239 ψυχαγωγήσουσιν
1257 5172 1533 5238 ἑαυτούς’
1593 5174 1628 5228 ἀ
1693 5178 1826 5246 πρὶν

212 5253 478 5320 ἐκείνους
549 5257 789 5324 παθεῖν,
851 5261 1008 5330 ἡμᾶς
1075 5263 1291 5332 γένοιτο
1347 5267 1556 5330 πάντας
1615 5267 1826 5322 ἀποθα-

211 5347 352 5400 νεῖν.
433 5346 604 5400 Οὐδὲν
641 5349 754 5417 γάρ
788 5350 1174 5421 ἐλεεινότερον,
1224 5355 1377 5408 οὐδὲν
1402 5356 1539 5422 ὅλως
1585 5360 1822 5428 αἴσχιτν,

211 5437 378 5491 οὐδὲν
427 5438 862 5512 βδελυκτότερον
903 5447 996 5498 καὶ
1035 5446 1156 5516 Θεῷ
1197 5451 1292 5501 καὶ
1320 5449 1635 5522 ἀνθρώποις
1667 5453 1825 5525 ἡμῶν

210 5528 402 5596 ἔσται,
439 5529 508 5583 ἂν
549 5533 796 5598 ἐκείνους
850 5536 1100 5609 συμϐαίη
1151 5540 1326 5593 ταῦτα
1380 5543 1601 5598 παθεῖν.
1643 5543 1825 5614 Ἧμᾶς

211 5621 270 5676 δὲ
333 5627 435 5678 καὶ
501 5628 670 5699 μέχρι
718 5629 826 5683 τῶν
895 5631 1073 5685 ἄλλων
1129 5635 1478 5707 Χριστιανῶν
1527 5639 1826 5708 ὀφικέ.θαι

209 5718 436 5787 πρέπει
467 5718 546 5790 τῷ
575 5720 849 5794 λογισμῷ,
887 5727 982 5779 καὶ
1020 5726 1171 5799 άπερ
1198 5729 1338 5799 ὑπὲρ
1371 5730 1586 5784 ἑαυτῶν
1619 5736 1820 5786 ἐκεῖνοι

208 5809 462 5878 δεδίασι,
490 5816 649 5870 ταῦθ’
682 5819 831 5889 ἡμᾶς
860 5821 1003 5892 ὑπέρ
1033 5839 1089 5876 τε
1117 5824 1345 5878 ἑκείνων
1377 5828 1473 5879 καὶ
1515 5830 1628 5881 τῶν
1647 5831 1824 5883 sum

210 5902 574 5978 Χριστιανῶν
621 5913 715 5964 καὶ
769 5914 926 5986 ἡμῶν
981 5917 1160 5971 αὐτῶν
1210 5919 1524 5989 λογίζεσθαι
1580 5927 1706 5994 χρὴ.
1741 5925 1820 5975 'l'k

1936 3320 2308 3385 contumelias,
2337 3327 2392 3376 et
2416 3317 2612 3383 fanres.
2644 3328 2698 3374 et
2723 3319 2864 3386 sitis,
2897 3332 2947 3374 et
2977 3318 3396 3374 luctuosissima
3419 3319 3527 3374 cir-

1937 3415 2280 3480 cumvectio,
2310 3423 2361 3470 et
2392 3414 2636 3470 servitus
2670 3411 3108 3478 ineonsolabilis,
3144 3420 3198 3468 et
3232 3412 3526 3467 infantiam

1935 3509 2256 3574 abstractio,
2277 3517 2333 3563 et
2357 3507 2854 3577 scnumjugulatio,
2876 3515 2925 3561 et
2948 3514 3138 3560 mutua
3159 3506 3419 3572 divulsio,
3441 3521 3526 3560 res

1937 3604 2184 3658 omnium
2213 3603 2616 3666 miserrima,et
2646 3600 2976 3670 templorum
3018 3602 3353 3671 prolanatio,
3380 3601 3527 3655 blas-

1937 3698 2262 3766 phemiaque
2284 3696 2336 3748 in
2353 3697 2571 3750 excelso
2592 3706 2782 3750 contra
2804 3696 2971 3751 Deum
2989 3694 3262 3750 eﬂ'crenda
3289 3713 3302 3748 ι
3326 3711 3447 3748 cum
3473 3695 3524 3747 bi

1935 3788 2156 3859 quidem
2183 3797 2398 3858 sponte,
2429 3787 2504 3843 illi
2539 3797 2718 3842 autem
2758 3788 2806 3840 vi
2829 3785 3014 3844 Iesum
3059 3788 3318 3854 abjietent
3355 3788 3524 3841 Deum

1937 3897 2153 3946 verum,
2203 3882 2493 3947 solumque
2534 3882 2856 3951 magistrum
2908 3896 2972 3935 ac
3023 3880 3391 3950 legislatorcm
3418 3922 3433 3944 ,
3473 3893 3527 3934 et

1943 3975 2261 4032 transibunt
2287 3976 2353 4029 ad
2376 3973 2711 4028 Mabomethi
2737 3988 2910 4042 nugas
2942 3987 3006 4025 ac
3031 3974 3392 4026 caeremonias
3425 3993 3437 4027 :
3475 3984 3530 4028 et

1937 4069 2186 4140 impietas
2202 4067 2423 4137 quidem
2449 4068 2784 4122 incrementa
2811 4067 2991 4129 faciet,
3015 4064 3150 4120 ﬁdes
3181 4082 3311 4121 vero
3346 4083 3528 4134 perse:

1935 4163 2251 4217 eutiouibus
2275 4167 2556 4228 premetur
2581 4170 2772 4228 :atque
2791 4159 3058 4229 ejusmodi
3079 4161 3261 4215 oma’a
3287 4169 3527 4216 statuant

1936 4256 1989 4308 in
2014 4264 2316 4325 conspectu
2349 4253 2542 4319 animi,
2571 4263 2626 4308 et
2657 4253 2786 4308 illud
2813 4253 2867 4307 iu
2898 4253 3273 4324 primis,qnod
3308 4269 3405 4308 nos
3444 4256 3529 4308 iu-

1935 4359 2155 4408 vocent.
2185 4347 2632 4418 exprobrentque
2659 4347 2818 4403 nobis
2851 4348 3118 4405 desidiam
3155 4365 3184 4403 a
3238 4349 3439 4420 quibus
3465 4368 3526 4404 se

1935 4455 2215 4513 numquam
2261 4442 2336 4496 ita
2391 4450 2768 4512 contemptura
2821 4442 2887 4497 iri
2917 4443 3214 4512 sperabant
3244 4440 3432 4509 {quos
3465 4451 3524 4494 ut

1933 4533 2209 4601 dominos,
2245 4545 2303 4588 ut
2336 4541 2519 4605 patres
2548 4543 2602 4589 et
2628 4535 2923 4604 magistros
2950 4534 3227 4589 habebant
3257 4544 3310 4590 et
3343 4536 3520 4589 hono-

1936 4629 2133 4684 rabant
2157 4668 2172 4695 ,
2198 4637 2252 4684 et
2281 4644 2312 4683 a
2363 4628 2565 4697 quibus
2598 4628 2897 4683 credebant
2922 4629 3105 4682 omnia
3141 4629 3520 4698 posthabitum

1935 4723 2002 4778 iri
2053 4723 2217 4779 saluti
2277 4732 2334 4779 et
2375 4721 2742 4778 incolumitati
2778 4715 2994 4786 eorum,
3024 4738 3121 4792 pro
3155 4723 3358 4790 quibus
3395 4741 3522 4778 sus-

1932 4829 2145 4887 ceptam
2191 4817 2332 4870 hanc
2372 4815 2874 4885 peregrinationem
2919 4824 2970 4867 et
2999 4815 3099 4884 ipsi
3130 4816 3394 4884 putabant
3423 4859 3436 4882 ,
3469 4831 3522 4872 et

1932 4920 2032 4961 vos
2091 4914 2278 4976 aperte
2344 4905 2641 4960 dicebatis.
2682 4903 2867 4974 Itaque
2900 4906 2978 4959 illi
3008 4923 3235 4960 suorum
3299 4918 3512 4968 tantum

1932 4997 2326 5068 imaginatione
2377 4996 2643 5052 malorum
2695 4995 2994 5067 lugebunt,
3027 5013 3236 5067 nosque
3263 5000 3521 5068 ejulaudo

1932 5091 2294 5156 invocabunt,
2347 5100 2742 5160 sperantcsque
2791 5107 2889 5146 nos
2925 5093 3112 5160 hodie,
3155 5109 3302 5158 cras,
3330 5107 3522 5149 \‘Clttu-

1932 5198 2044 5251 ros,
2097 5185 2426 5239 recreabunt
2477 5184 2698 5240 animos
2749 5199 2902 5241 snos.
2939 5185 3157 5241 Utinam
3193 5203 3324 5242 vero
3351 5197 3503 5242 aule-

1929 5294 2094 5347 quam
2157 5278 2264 5331 illis
2313 5277 2427 5331 bare
2479 5277 2776 5344 eveniant,
2816 5280 3119 5333 moriamur
3155 5296 3252 5335 nos
3277 5297 3470 5336 «mines
3505 5301 3517 5335 :

1932 5369 2303 5425 miserabilius
2330 5371 2477 5426 enim
2505 5412 2521 5438 ,
2556 5382 2652 5424 aut
2691 5373 2918 5426 Omnino
2945 5374 3182 5442 turpius,
3222 5373 3442 5441 Deoque
3466 5386 3517 5427 et

1933 5463 2250 5519 hoininibus
2311 5466 2691 5521 detestabilius
2753 5466 2889 5520 nihil
2945 5468 3046 5520 erit
3094 5468 3272 5530 nobis,
3311 5469 3355 5521 si
3401 5468 3515 5521 hwc

1930 5555 2052 5610 illus
2104 5557 2214 5626 pati
2268 5556 2570 5627 contingat.
2662 5560 2929 5612 (Laeti-rum
3006 5575 3104 5611 nos
3154 5572 3205 5612 LI.
3247 5575 3344 5628 pro
3395 5562 3519 5615 aliis

1928 5649 2258 5706 Christianis
2305 5666 2493 5706 curam
2543 5653 2825 5720 SllStfilM'l'C
2861 5668 2906 5704 ι-
2943 5661 2998 5705 et
3048 5668 3168 5720 quae
3204 5653 3279 5705 illi
3315 5654 3415 5707 sibi
3452 5661 3517 5708 ti-

1932 5751 2102 5806 ment,
2156 5759 2254 5795 nos
2312 5752 2367 5795 et
2422 5759 2526 5811 pro
2565 5743 2704 5805 iilzs,
2744 5753 2796 5795 et
2829 5742 3054 5812 reliquis
3079 5744 3433 5810 Christianis,
3464 5757 3516 5800 et

1931 5839 2092 5892 nobis
2151 5837 2284 5905 ipsis
2345 5838 2589 5908 cogitare
2641 5847 2880 5906 oportet.
2912 5837 3147 5894 Necesse
3183 5840 3328 5893 enim
3359 5841 3519 5907 plane

1930 5946 2013 5988 est
2056 5931 2167 5984 Itatt‘
2205 5930 2393 5983 eadem
2432 5929 2687 5981 eveniant
2744 5930 2923 5984 ubivis
2950 5931 3323 5986 habitantibus
3356 5934 3516 5988 Chri-
