3976 6452
284 363 386 428 405

1436 360 1777 422 ORATIOI
1821 360 1914 418 AD
1938 358 2301 418 SYNODUM
2345 407 2356 422 .

3419 353 3523 416 4t'6

281 473 422 533 θείας
460 468 557 524 καὶ
590 467 684 522 τοῦ
722 467 891 524 καλοῦ
924 470 1017 521 καὶ
1051 467 1215 522 πᾶὸιν
1267 468 1396 538 ὑμῖν
1448 469 1839 539 συμφέροντας,
1869 528 1873 538 .

1976 465 2130 520 munia
2193 481 2292 534 pro
2325 464 2546 519 veritate
2581 476 2630 520 ct
2669 468 2922 534 hom-s'o,
2957 481 3134 534 eoque
3187 464 3330 535 quod
3369 466 3524 519 vobis

281 563 307 615 ὃ
335 561 423 616 καὶ
449 562 574 629 ἐμοὶ
611 559 706 612 καὶ
729 561 840 620 τοῖς
869 558 1093 622 οἰκείοις
1131 559 1285 612 ἔσται
1328 561 1628 631 συμφέρον,
1667 563 1844 614 πάντα

1976 557 2200 612 mnibus
2244 557 2374 609 utile
2425 560 2665 613 luturuut
2727 560 2826 624 sit,
2870 568 2923 613 et
2957 557 3088 614 mihi
3144 572 3209 612 ac
3254 557 3435 611 meis:
3471 567 3526 611 et

282 656 344 709 ἂν
388 651 730 721 ὑποστῆναι·
763 652 856 704 καὶ
915 651 997 705 ἔτι
1066 651 1205 722 πρὸς
1260 656 1442 708 πᾶσαν
1502 655 1673 726 τύχην
1726 656 1850 723 ἐμοὶ

289 744 512 810 νομίζων
563 744 758 815 ἀρκεῖν
817 742 880 796 τὸ
939 744 1016 815 μὴ
1056 745 1263 816 κρύψαι
1311 747 1381 802 τά
1439 749 1850 818 παριστάμενα.

301 839 477 907 Ὑμεῖς
520 837 577 890 δὲ
624 835 840 889 ἕλοισθε
865 839 934 890 τὰ
965 839 1299 904 συνοίσοντα,
1327 839 1528 902 πάντες
1573 840 1672 910 μὲν
1718 840 1854 894 Θεὸν

292 932 521 1000 ήγεμόνα
551 931 644 983 καὶ
679 929 878 1000 βουλῆς
916 933 1012 984 καὶ
1049 931 1210 998 λόγου
1251 933 1345 985 καί⁵
1392 932 1553 1006 ἔργου
1599 935 1848 1006 παραλα-

295 1023 504 1086 εόντεςο
536 1023 583 1075 εἰ
621 1023 680 1077 δέ
713 1023 797 1086 τίς
845 1023 992 1078 ἐστιν
1017 1024 1044 1077 6
1081 1024 1152 1078 τὰ
1192 1025 1362 1096 χείρω
1394 1027 1564 1081 θέλων
1603 1032 1851 1097 κρατεῖν,

298 1116 346 1168 οἰ
398 1115 612 1178 πλείους
660 1131 718 1167 τε
783 1115 879 1168 καὶ
937 1115 1236 1186 σοφώτεροι
1294 1121 1388 1172 καὶ
1440 1119 1564 1174 νοῦν
1613 1123 1852 1192 μάλιστα

307 1204 531 1273 ἔχοντες,
563 1208 886 1274 πράττοντες
933 1208 1002 1260 τὰ
1046 1208 1259 1276 βελτίω.
1295 1205 1464 1276 Οὗτος
1493 1214 1603 1285 γὰρ
1631 1214 1851 1270 συνόδου

311 1297 400 1350 καὶ
423 1298 688 1362 πολιτείας
716 1300 931 1371 ἀπάτης
954 1304 1050 1356 καὶ
1073 1304 1334 1372 συλλόγου
1362 1307 1566 1371 παντὸς
1593 1311 1686 1362 καὶ
1715 1309 1853 1374 ὅλως

307 1387 600 1457 ἀνθρώπων
629 1391 835 1460 πέφυκε
861 1394 1045 1465 νόμος.

1951 658 2208 718 praeterea
2257 648 2599 716 existimans,
2654 649 2786 706 satis
2836 650 2967 705 mihi
3019 663 3142 706 esse
3180 648 3246 704 ad
3277 649 3527 719 quamvis

1953 738 2251 803 fortunam,
2299 737 2442 807 quod
2497 754 2620 808 quae
2655 739 2784 794 mihi
2825 740 3169 807 videbantur,
3205 755 3314 794 non
3355 741 3529 795 subti-

1953 829 2182 885 cuerim.
2210 828 2319 886 Vos
2343 839 2526 885 autem
2574 831 2755 900 eligite
2785 846 2906 902 qua
2939 831 2996 887 in
3028 848 3142 887 rem
3173 842 3320 893 sunt,
3345 830 3526 884 omni-

1957 921 2061 975 bus
2109 921 2323 991 quidem
2377 919 2486 975 Deo
2518 931 2569 976 ct
2608 923 2820 977 consilii
2866 933 2919 977 et
2954 923 3220 979 sermonis
3250 932 3304 977 et
3349 921 3530 992 operis

1959 1014 2096 1068 duce
2121 1013 2420 1081 proposito.
2460 1012 2515 1068 Si
2550 1014 2674 1084 quis
2698 1029 2826 1068 vero
2857 1024 2960 1079 est,
2989 1012 3083 1085 qui
3111 1013 3239 1069 velit
3259 1013 3528 1069 deteriora

1959 1105 2276 1174 praevalere,
2309 1105 2491 1174 plures
2522 1115 2575 1158 et
2608 1105 2881 1160 doctiores
2909 1114 2964 1162 et
2988 1106 3271 1176 prudentia
3299 1106 3533 1160 maxime

1961 1206 2281 1265 prastautes
2345 1206 2509 1267 agant
2548 1197 2816 1252 meliora:
2854 1198 2968 1252 iure
3015 1197 3163 1251 enim
3211 1207 3293 1251 est
3339 1195 3531 1267 synodi

1956 1291 2070 1356 les,
2131 1299 2185 1346 et
2239 1291 2480 1361 cujusvis
2537 1291 2866 1359 reipublicae,
2897 1299 2951 1346 et
2998 1298 3300 1344 conventus
3329 1289 3528 1356 omnis,

1961 1392 2123 1453 atque
2149 1392 2207 1437 ut
2249 1399 2358 1440 uno
2387 1385 2553 1440 verbo
2581 1385 2780 1444 dicam.
2811 1382 3118 1440 hominum.

316 1537 3470 1578 Μ

1081 1647 1309 1734 ΤΟΥ
1392 1646 1772 1739 ΑΥΤΟΥ
1857 1647 2223 1746 ΛΟΓΟΣ
2297 1656 2741 1745 ΠΡΩΤΟΣ

884 1798 1026 1868 Πρὸς
1065 1798 1163 1870 τήν
1215 1802 1272 1855 ὲν
1318 1801 1631 1874 Φλωρεντίᾳ
1700 1805 2089 1876 οἰκουμενικὴν
2163 1807 2383 1860 σύνοδον
2445 1806 2586 1876 ὑπὲρ
2643 1806 2893 1877 εἰρήνης.

485 1906 617 1963 ὀτι
649 1909 1018 1984 δογματικὴν
1048 1915 1273 1972 ἕνωσιν
1298 1916 1397 1974 δεῖ
1425 1920 1789 2048 «alsit-uetitas
1825 1923 2075 2047 εέρήνην
2101 1925 2544 2012 οἰκουμενικὴν,
2577 1921 2659 1992 ὡς
2697 1938 2859 1990 τινες
2914 1923 3248 1990 ,ϐούλονται
3277 1936 3295 1955 ³

1567 2009 1641 2048 κα
1703 2011 1735 2048 τ
1763 2013 1796 2048 e
1878 2009 2018 2048 στιν
2080 2011 2231 2048 αυτη

1567 2009 1664 2048 και
1703 2009 1796 2060 τις
1845 2009 2018 2049 εστιν
2080 2009 2231 2064 arm;

1279 2221 1813 2313 EJUSDEM
1897 2181 2354 2314 ORATIO
2436 2224 2464 2310 l

1001 2372 1091 2435 Ad
1145 2373 1458 2452 synodum
1525 2373 1981 2438 meumenicam
2036 2374 2460 2437 Florentinam
2518 2375 2596 2437 de
2643 2389 2819 2455 pace.

592 2493 744 2560 Quod
775 2496 1026 2566 facienda
1047 2499 1120 2556 sit
1142 2501 1268 2558 uitio
1289 2503 1614 2576 dogutatieo.
1649 2511 1697 2556 et
1735 2519 1840 2576 non
1863 2517 1994 2571 pax,
2022 2519 2138 2573 qua
2160 2506 2406 2573 presenti
2434 2520 2607 2559 rerum
2647 2505 2811 2560 statui
2842 2505 2911 2559 sit
2948 2508 3251 2576 profutura,

1370 2583 1424 2625 ut
1459 2573 1678 2644 quidam
1712 2573 1912 2637 volunt,
1946 2583 1995 2627 et
2025 2589 2268 2646 quamam
2290 2591 2350 2630 ea
2373 2576 2463 2630 sit.

366 2791 717 2860 Παρακαλεῐν
755 2795 850 2863 μὲν
881 2796 972 2849 ἐπὶ
1001 2797 1099 2866 τὴν
1129 2798 1355 2869 εἰρήνην
1386 2799 1552 2867 ὑμᾶς,
1577 2801 1679 2854 οὐκ
1702 2797 1802 2855 οἶδ’
1834 2801 1863 2855 ὅ

2039 2798 2156 2853 Non
2187 2798 2347 2853 video
2393 2813 2491 2853 cur
2517 2812 2658 2869 opus
2682 2799 2753 2854 sit
2783 2813 2880 2855 vos
2905 2799 3182 2854 adhortari
3232 2799 3298 2853 ad
3333 2815 3544 2868 pacem,

280 2900 338 2936 τι
373 2883 509 2952 χρὴ.
542 2884 754 2937 οἴκοθεν
801 2885 888 2940 ἐπ’
933 2886 1105 2957 αὐτὴν
1146 2894 1242 2941 καὶ
1297 2890 1403 2960 πρὸ
1442 2890 1639 2944 πολλοῦ
1696 2909 1875 2962 παρα-

280 2973 693 3041 κεκλημένους,
740 2977 834 3028 καὶ
873 2977 943 3030 δι’
981 2978 1114 3047 ὅσης
1161 2979 1327 3046 ἄγετε
1373 2981 1580 3050 ταύτην
1637 2983 1876 3051 σπουδῆς

283 3064 700 3132 ἐργοιςάύτοίς
729 3066 1153 3137 ἐπιδεδειχότας,
1183 3070 1361 3134 ἄλλως
1413 3087 1472 3124 τε
1519 3071 1616 3125 καὶ
1664 3072 1877 3126 πολλῶν

285 3156 439 3226 ὑπὲρ
494 3157 663 3228 αὐτῆς
719 3159 1024 3230 εἰρηκότων
1077 3163 1178 3215 ὅσα
1237 3163 1340 3232 μὶν
1377 3164 1515 3234 αὐτῇ
1569 3165 1876 3219 συνοίδασιν

283 3250 502 3318 ἀγαθὰ,
532 3254 734 3316 ὁπόσας
761 3253 819 3307 δὲ
843 3255 957 3319 τοῖς
989 3256 1342 3326 αἱρουμένοις
1373 3254 1484 3312 οἶδε
1531 3258 1739 3312 τίκτειν
1775 3258 1876 3322 τὰς

285 3343 606 3413 ὠφελείας·
635 3345 702 3398 ἂν
730 3347 786 3400 δὲ
825 3345 892 3402 δι’
923 3343 998 3401 ὧν
1039 3347 1107 3402 ἂν
1155 3350 1365 3416 γένοιτο
1419 3349 1624 3418 ταύτης
1669 3353 1872 3421 τυχεῖν,

289 3440 390 3491 καὶ
432 3440 688 3509 ποταπήν
722 3457 846 3494 τινα
889 3441 1121 3497 συνοίσει
1159 3443 1366 3515 ταύτην
1417 3445 1872 3510 κατασκευάζειν,

291 3534 390 3585 καὶ
423 3533 494 3584 τὰ
528 3533 757 3586 τοιαῦτα
781 3533 884 3604 ήδη
932 3535 1064 3606 λέγῃ
1089 3553 1173 3600 τις
1201 3536 1465 3603 ἀναστὰς,
1495 3536 1573 3607 τῷ
1603 3536 1782 3608 καιρῷ
1814 3553 1875 3590 τε

295 3623 694 3693 προσήκοντα,
763 3625 859 3678 καὶ
908 3625 1041 3692 ὑμῖν
1091 3626 1394 3696 ἀρέσκοντα
1459 3627 1658 3696 λέγειν,
1720 3627 1878 3687 οὗτος

291 3715 533 3778 εἰκότως
579 3716 768 3784 ἔμτιγε
802 3716 964 3783 δόξει.
995 3717 1167 3771 Τοῦτο
1189 3719 1388 3785 τοίνυν,
1420 3720 1486 3773 ἂν
1520 3720 1652 3790 ὑμῖν
1751 3720 1875 3790 βου·

292 3809 585 3877 λομένοις,
616 3809 726 3878 ἐγὼ
752 3811 990 3881 ποιήσω.
1024 3812 1142 3866 Οὐκ
1167 3813 1348 3880 ἀγνοῶ
1380 3813 1479 3896 μὲν
1521 3810 1636 3877 οὖν,
1667 3816 1750 3868 ὅτι
1782 3814 1876 3868 καὶ

291 3905 514 3972 ταύτης
548 3904 647 3973 τῆς
691 3903 1006 3964 ὑποθέσεως
1036 3905 1289 3974 ποικίλης
1321 3923 1378 3958 τε
1422 3905 1585 3977 οὔσης
1617 3907 1714 3960 καὶ
1743 3907 1878 3960 πολὺ

293 3997 358 4049 τὸ
392 3997 702 4066 πρόσαντες
730 3997 1096 4067 κεκτημένης,
1121 3997 1336 4068 ἀνάγκη
1370 3999 1463 4052 καὶ
1512 4000 1702 4066 λόγους
1741 4001 1879 4070 ὑπιρ

292 4087 478 4157 αὐτῆς
513 4085 921 4156 καταϐληθῆναι
961 4087 1227 4152 πολλούς·
1267 4089 1359 4143 καί
1413 4106 1563 4152 τινας
1617 4090 1883 4145 ἀναστάν-

1975 2907 2098 2948 cum
2140 2905 2234 2962 per
2265 2906 2362 2945 vos
2399 2891 2548 2960 lpsos
2603 2891 2931 2960 jampridem
2978 2891 3098 2945 sitis
3140 2890 3208 2944 ad
3256 2906 3375 2946 eam
3423 2907 3545 2960 pro-

1977 2984 2155 3055 pensi,
2190 2992 2245 3038 et
2286 2983 2471 3053 .reipsa
2527 2984 2882 3039 ostenderitis
2934 2994 3142 3052 quanto
3197 2983 3317 3053 ejus
3365 2983 3546 3039 studio

1979 3075 2273 3131 teneamini
2303 3094 2314 3132 :
2340 3074 2483 3144 quod
2515 3076 2822 3146 prtrsertim
2861 3075 3012 3130 multi
3045 3075 3110 3131 de
3141 3091 3201 3131 ea
3234 3091 3542 3130 sermonem

1978 3169 2297 3234 habuerint,
2327 3168 2667 3224 dcclarantes
2700 3167 2896 3240 quibus
2925 3183 3041 3223 eam
3074 3167 3231 3224 bonis
3260 3167 3436 3222 sciant
3469 3166 3549 3220 af-

1975 3262 2166 3328 ﬂuere,
2210 3271 2262 3317 et
2304 3278 2362 3318 se
2398 3263 2858 3332 amplectentibus
2897 3269 3132 3331 quantas
3167 3258 3359 3315 all'erat
3390 3258 3538 3313 utili-

1978 3365 2138 3411 tates.
2190 3355 2346 3421 Quod
2395 3354 2441 3409 si
2492 3367 2796 3423 exsurgens
2840 3352 3116 3423 quispiam
3171 3366 3232 3406 ea
3283 3359 3551 3421 proponat

1977 3466 2074 3520 per
2102 3466 2223 3522 quae
2248 3449 2395 3504 illam
2429 3449 2705 3517 possimus
2727 3448 2970 3513 asseaui,
3003 3453 3056 3502 et
3083 3443 3389 3516 cujusmodi
3415 3458 3549 3512 ρεςε-

1977 3552 2084 3599 ειει
2117 3544 2285 3612 ipsam
2314 3541 2452 3606 ﬂeri,
2487 3551 2539 3596 et
2572 3541 2624 3596 id
2655 3555 2824 3611 genus
2856 3540 2987 3604 alia,
3021 3539 3067 3594 is
3099 3538 3230 3592 mihi
3258 3538 3382 3608 jure
3407 3534 3550 3589 vide.

1979 3631 2129 3687 bitur
2168 3641 2221 3686 et
2253 3632 2484 3702 tempori
2514 3631 2872 3701 congruentia
2909 3631 3113 3692 dicere,
3146 3639 3202 3682 et
3235 3627 3392 3683 vobis
3419 3642 3552 3681 sane

1980 3726 2272 3796 placitura.
2307 3722 2422 3780 lloc
2478 3725 2667 3793 igitur,
2723 3724 2769 3779 si
2822 3722 2981 3778 vobis
3037 3721 3247 3778 libitum
3293 3719 3420 3781 erit,
3452 3732 3552 3788 ego

1981 3817 2273 3888 prmstabo.
2324 3815 2441 3870 Non
2488 3817 2681 3885 ignoro
2730 3823 2934 3878 autem,
2978 3829 3104 3868 cum
3143 3811 3399 3866 materies
3448 3809 3552 3863 ista

1981 3911 2054 3965 sit
2099 3909 2410 3977 multiplex,
2457 3918 2509 3961 et
2557 3906 2915 3974 quamplures
2951 3903 3149 3958 habeat
3187 3901 3552 3966 dillicultatcs,

1982 4015 2211 4056 necesse
2249 4014 2368 4053 esse
2416 3999 2483 4051 de.
2528 4009 2592 4048 ea
2639 4005 2694 4049 et
2745 3995 2951 4049 multos
2997 4007 3279 4047 sermones
3316 3992 3552 4056 institui,

1981 4101 2036 4146 et
2066 4091 2295 4158 proferri
2329 4088 2630 4144 sententias
2663 4085 2732 4140 ab
2761 4087 2885 4141 aliis
2921 4086 2976 4140 in
3005 4085 3243 4139 medium
3278 4083 3554 4154 prodcuuo

292 4196 399 4242 τας
433 4178 665 4248 γνώμας
693 4179 759 4232 ἂν
796 4179 1214 4248 εἰσενέγκασθαι
1244 4182 1339 4235 καὶ
1367 4181 1496 4245 ἴσως
1521 4182 1750 4250 ταυτησὶ
1779 4181 1873 4249 τῆς

1986 4184 2134 4240 tibus
2168 4193 2352 4238 nostra
2403 4183 2502 4236 hac
2549 4181 2786 4236 fortasse
2822 4178 3105 4234 meliores.
3151 4175 3260 4231 Sed
3293 4177 3553 4247 quoniam

294 4273 589 4343 ἡμετέρας
646 4271 927 4341 ἀμείνους.
973 4273 1114 4326 Ἀλλ’
1156 4275 1282 4328 ἐπεὶ
1333 4274 1462 4344 περί
1515 4275 1615 4344 μὲν
1660 4275 1884 4346 εἰρήνης

295 4364 572 4418 ἁπάντων
609 4363 794 4416 ἀκούω
838 4363 1127 4430 λεγόντων,
1180 4366 1272 4417 καὶ
1319 4363 1444 4428 τοὺς
1479 4365 1885 4434 πεπεισμένους

297 4456 551 4521 πείθειν,
607 4457 683 4520 ὡς
727 4457 894 4523 ἔοικε,
941 4457 1338 4526 πειρωμένωνο
1393 4457 1594 4520 πάντες
1649 4457 1758 4528 γὰρ
1809 4457 1884 4521 ὡς

297 4551 450 4623 ὑπὲρ
481 4551 689 4617 ἀγαθοῦ
729 4552 825 4620 τῆς
855 4552 1085 4622 εἰρήνης
1117 4551 1290 4621 δήπου
1331 4551 1618 4622 συνῆλθον,
1663 4554 1756 4606 καὶ
1795 4554 1888 4606 ού-

297 4644 417 4706 an;
457 4638 594 4712 ἦλθε
625 4642 1103 4712 διδαχθησόμενος,
1135 4645 1183 4696 εἰ
1208 4643 1317 4695 τῶν
1345 4642 1530 4698 καλῶν
1560 4646 1708 4698 ἐστιν
1747 4643 1886 4715 αὕτη

302 4735 403 4787 καὶ
465 4732 702 4802 τιμίων·
761 4733 951 4788 οὐδένα
1005 4733 1062 4787 δὲ
1121 4736 1434 4806 περαιτέρω
1504 4753 1606 4789 που
1670 4752 1885 4806 προχω⁹

305 4828 518 4894 ροῦντα
544 4825 656 4889 ὁρῶ
679 4842 694 4856 ο
731 4825 867 4880 ἀλλά
910 4825 1020 4880 τῶν
1074 4827 1284 4896 καιρῶν
1323 4827 1682 4899 τριϐομένων,
1712 4829 1770 4882 ἰν
1807 4822 1888 4890 οἷς

303 4924 464 4984 εἰκός
498 4937 554 4971 τι
585 4921 676 4972 καὶ
703 4918 813 4970 τῶν
859 4919 1157 4988 ἀξιολόγων
1187 4921 1412 4987 ἀνύσαι,
1443 4924 1654 4984 πάντας
1702 4925 1890 4995 ἀνεχοο

308 5015 544 5082 μένους,
574 5013 886 5079 ἀπαγαγεῖν
941 5013 1062 5083 μὲν.
1095 5013 1322 5067 ἐκείνων
1380 5015 1473 5068 τὸν
1505 5014 1681 5082 λόγον,
1711 5017 1806 5070 ἰπὶ
1845 5016 1890 5070 δ’

304 5108 517 5176 ἑτέραν
559 5105 818 5158 ὑπόθεσιν
853 5105 1198 5175 μεταστῆσαι
1258 5103 1522 5175 βούλομαι
1546 5122 1561 5137 ⁶
1595 5108 1688 5158 καὶ
1721 5108 1894 5161 καθά·

1985 4289 2179 4330 omncs
2231 4273 2451 4343 quidem
2512 4273 2680 4328 audio
2733 4272 2800 4328 de
2839 4287 2977 4343 pace
3032 4271 3340 4342 loquentes,
3391 4278 3558 4338 utque

1985 4366 2170 4422 videre
2198 4374 2302 4432 est,
2342 4367 2394 4420 in
2423 4382 2490 4422 eo
2547 4376 2811 4437 ponentes
2843 4381 3060 4436 operam
3098 4373 3154 4420 ut
3191 4365 3557 4434 persuadeant

1987 4459 2264 4530 persuasis
2305 4475 2324 4514 :
2372 4473 2565 4513 omnes
2610 4461 2756 4514 enim
2790 4474 2975 4528 pacem
3015 4458 3215 4512 bonum
3263 4455 3394 4525 quid
3436 4469 3558 4508 esse.

1988 4553 2230 4610 scientes
2262 4561 2658 4616 convenerunt,
2688 4561 2744 4607 et
2771 4567 2930 4607 nemo
2962 4561 3021 4606 ut
3073 4551 3335 4606 doceatur
3361 4564 3425 4601 an
3455 4563 3560 4616 pax

1989 4649 2128 4702 betta
2176 4647 2248 4702 sit
2287 4662 2376 4703 res
2409 4656 2462 4700 et
2503 4645 2842 4700 honorabilis
2881 4662 2896 4700 :
2932 4643 3204 4697 nemiuem
3246 4655 3376 4694 vero
3405 4639 3561 4692 video

1989 4739 2219 4794 ulterius
2266 4739 2561 4810 progredi;
2611 4747 2668 4794 et
2711 4752 2906 4792 omnes
2959 4744 3265 4804 opportuna
3318 4742 3560 4797 tempora

1989 4829 2098 4885 labi
2147 4831 2423 4900 patimini,
2467 4829 2670 4899 quibus
2722 4811 2818 4897 par
2869 4834 2954 4880 est
2995 4821 3352 4878 nemorabile
3405 4819 3566 4889 quid-

1992 4922 2136 4992 piam
2189 4922 2396 4991 perlici,
2451 4920 2575 4973 volo
2633 4918 2933 4972 abductum
2987 4915 3113 4971 inde
3155 4927 3463 4970 sermonem
3506 4911 3563 4966 in

1992 5015 2140 5070 aliud
2172 5023 2557 5084 argumentum
2608 5020 2927 5066 convertere
2973 5028 2987 5065 :
3023 5019 3078 5064 et
3125 5023 3314 5079 pacem
3353 5016 3564 5063 tentare

1992 5108 2323 5170 volentibus,
2355 5107 2517 5161 veluti
2547 5105 2819 5175 quoddam
2857 5103 3182 5174 principium
3217 5112 3272 5157 et
3301 5102 3562 5156 adhorta-

306 5217 420 5269 περ
459 5199 637 5269 ἀρχήν
688 5214 810 5251 τινα
863 5197 956 5251 καὶ
990 5197 1344 5269 παράκλησιν
1396 5199 1736 5267 εἰσενεγκεῖν
1777 5202 1873 5252 coit

1997 5198 2198 5253 tionem
2230 5186 2422 5252 ordiri.
2476 5195 2646 5250 Porro
2689 5205 2872 5252 autem
2908 5210 3101 5265 rogare
3137 5210 3253 5260 vos,
3301 5190 3565 5261 quemad-

307 5289 668 5358 βουλομένοις
723 5286 996 5340 ἅπτεσθαι
1031 5287 1253 5358 ταύτης.
1301 5288 1513 5354 ’Δξιοῦν
1555 5289 1600 5341 δ’
1642 5289 1786 5357 ὑμᾶς
1819 5289 1873 5341 ὡ.

1997 5290 2219 5343 nio-lum
2277 5288 2449 5343 moris
2499 5297 2605 5352 est,
2655 5297 2714 5343 ut
2756 5287 3060 5343 orationem
3112 5296 3166 5341 et
3219 5283 3476 5340 audiatis.
3515 5288 3568 5332 vl

307 5379 438 5442 ἔθος
475 5377 616 5444 ὑπὶρ
674 5377 783 5430 τῶν
831 5377 1005 5445 λόγων
1059 5379 1155 5432 καὶ
1203 5377 1436 5433 ἀκοῦσαι
1472 5381 1566 5433 καὶ
1597 5381 1694 5433 σὺν
1726 5381 1873 5448 εὐμει

1998 5381 2258 5436 benevole
2289 5381 2598 5451 excipiatis,
2636 5381 2680 5435 si
2714 5381 2934 5450 quando
2966 5380 3104 5433 alias
3133 5385 3188 5430 et
3227 5387 3377 5429 nunc
3423 5370 3570 5424 arbi-

308 5474 434 5543 νείᾳ
493 5469 720 5532 τούτους
781 5471 1201 5540 προσδέξασθαι,
1234 5470 1391 5540 εἴπερ
1449 5471 1579 5523 ποτὲ
1635 5473 1727 5524 καὶ
1774 5469 1871 5524 νῦν

2001 5485 2118 5528 tror
2167 5489 2566 5544 supervacuum
2614 5489 2771 5530 :non
2822 5473 2966 5528 enim
3021 5485 3118 5541 pro
3167 5470 3312 5522 bono
3345 5464 3569 5536 proprio

310 5563 602 5636 παρίλκον
652 5559 804 5633 οἶμαι
857 5563 1165 5635 τυγχάνειν.
1200 5564 1274 5616 Ού
1325 5565 1432 5633 γὰρ
1483 5563 1625 5634 ὑπὲρ
1685 5563 1873 5632 ἀγαθοῐ

2007 5567 2298 5637 quisquam
2339 5579 2586 5622 nostrum
2619 5567 2897 5629 convenit,
2933 5570 2990 5618 ut
3019 5561 3246 5617 consilia
3277 5567 3329 5615 et
3353 5571 3565 5614 sermo-

309 5675 468 5720 τινος
508 5657 639 5710 ἰδίου
676 5657 1014 5727 συνήλθομεν
1059 5658 1315 5723 ἕκαστος,
1350 5657 1682 5727 σκεψόμενοί
1718 5675 1775 5710 τε
1805 5675 1873 5711 κα

2009 5673 2106 5712 nes
2138 5657 2510 5723 conferamus,
2562 5671 2809 5728 opusque
2858 5657 2929 5712 sit
2989 5665 3200 5708 mentes
3252 5651 3567 5706 auditorum

311 5750 484 5819 λόγον
526 5751 806 5822 ἐροῦντες,
846 5749 989 5803 ὥστε
1029 5751 1122 5805 καὶ
1151 5751 1262 5803 δεῖν
1302 5750 1400 5814 τὰς
1444 5749 1556 5804 τῶν
1592 5751 1873 5804 ἀκουόντω·

2009 5766 2341 5821 praeparare,
2377 5751 2730 5819 sermonique
2761 5757 2820 5803 ut
2852 5757 3056 5803 attente
3086 5743 3342 5799 audiatur
3364 5751 3417 5797 et
3451 5756 3571 5796 crc-

316 5842 556 5914 γνώμας
609 5844 1187 5918 προκαταστήσασθαι,
1223 5842 1317 5898 καί
1349 5843 1458 5908 τοῖς
1505 5841 1681 5914 λόγοις
1715 5843 1868 5897 αὑτοῖ

2011 5845 2191 5912 datur,
2218 5845 2504 5902 consulere
2535 5858 2547 5896 :
2579 5841 2672 5899 scd
2703 5841 2916 5913 linguas
2947 5840 3184 5896 omnium
3213 5845 3392 5893 movet
3420 5851 3570 5891 cutu-
