3976 6452
425 363 533 436 (07

1518 382 1908 447 GENNADII
1949 384 2062 446 ΟΡ.
2113 382 2344 443 PATRI
2365 382 2632 444 \RCHE

3572 372 3681 438 408

434 483 683 537 muniam
715 481 984 540 bonorum
1020 484 1376 568 desiderium,
1411 493 1558 561 quod
1589 504 1747 552 antea
1779 497 1998 554 illorum

2120 494 2202 567 ιὴν
2245 494 2552 565 ἀσφάλειαν
2583 491 2720 565 όμοῦ
2790 490 2886 546 καλ⁸
2949 489 3048 562 τὴν
3105 488 3279 544 πειθὼ
3333 487 3675 560 προνοῆσαιο

434 575 651 632 animos
683 575 888 646 pariter
903 578 1164 637 excitavit
1192 599 1206 638 :
1234 598 1413 653 neque
1437 585 1565 641 hinc
1591 597 1792 654 praeter
1813 605 2003 660 pacem

430 675 675 734 optatam
701 669 988 738 omnibus,
1017 673 1236 730 lucrum
1273 677 1420 734 aliud
1445 680 1740 751 quisquam
1765 682 1870 740 sibi
1901 684 2004 740 do-

425 767 577 808 mum
620 760 938 827 reportabit.
973 760 1174 820 Dicant
1201 765 1365 837 igitur
1407 783 1599 828 omnes
1629 787 1858 831 necesse
1893 785 2003 840 est,

442 855 498 901 et
531 861 626 901 vos
662 857 871 907 attente
905 854 1166 923 audiatis,
1213 865 1269 912 et
1306 861 1709 931 amplectamiui
1751 880 1872 936 qua
1911 882 2006 938 ap-

425 939 602 1006 posite
630 939 913 1010 dicuntur,
953 947 1316 1007 ut'divinitus
1344 953 1616 1010 venientia
1655 973 1669 1011 :
1702 971 2004 1028 eorumque

425 1029 681 1086 donatori
719 1047 819 1103 pro
861 1034 971 1092 illis
1009 1038 1172 1094 etiam
1203 1043 1411 1112 gratias
1461 1047 1658 1116 agatis.
1702 1047 1822 1114 Qua
1853 1049 2000 1106 enim

431 1123 614 1190 potius
651 1127 756 1184 alia
805 1128 860 1184 in
901 1146 960 1186 re
993 1147 1093 1201 par
1127 1143 1460 1194 est'mentes
1510 1141 1792 1198 hominum
1824 1159 1854 1199 a
1889 1145 2000 1202 Deo

429 1209 626 1278 amari,
668 1230 832 1281 quam
868 1218 963 1274 ubi
1007 1220 1077 1276 de
1107 1238 1172 1278 eo
1199 1227 1484 1295 quaeritur,
1521 1219 1871 1303 studiumque
1905 1249 2005 1289 na-

427 1303 643 1357 vatur‘.’
681 1303 814 1371 Quae
847 1323 978 1364 vero
1011 1323 1173 1369 secus
1214 1331 1272 1369 sc
1311 1316 1622 1387 habuerint,
1654 1337 1755 1377 nec
1798 1322 2006 1380 fuerint

425 1411 598 1466 pravo
631 1400 870 1469 quodam
906 1404 1092 1461 animo
1146 1410 1394 1480 prolata,
1443 1427 1569 1469 cum
1616 1416 1839 1485 mentis,
1889 1431 1999 1474 non

425 1490 730 1547 voluntatis
761 1501 987 1564 peccata
1035 1498 1166 1567 sint,
1203 1516 1312 1557 non
1343 1514 1506 1560 erunt
1550 1522 1576 1558 a
1613 1509 1766 1564 vobis
1815 1525 2004 1582 repre-

428 1582 742 1642 hendenda.
801 1585 912 1646 Nec
965 1601 1228 1661 praeterea
1279 1595 1348 1664 si,
1401 1598 1494 1668 qui
1541 1603 2002 1673 sermocinamur,

427 1689 650 1743 pravam
700 1679 844 1748 apud
877 1695 974 1738 vos
1005 1683 1325 1754 opinionem
1362 1689 1624 1758 habeant,
1665 1693 1876 1752 debetis
1907 1711 2004 1753 eo-

2103 585 2244 640 ἀλλά
2289 587 2390 650 τάς
2432 585 2697 640 ἁπάντων
2731 581 2986 652 γλώττας
3024 581 3059 651 ἡ
3114 580 3223 635 τῶν
3263 579 3464 634 κοινῶν
3497 579 3680 634 καλῶν

2105 675 2368 746 ἐπιθυμία
2416 677 2578 742 κινεῖ,
2609 674 2644 745 ἡ
2699 671 2796 728 καὶ
2841 673 3116 744 πρότερον
3165 669 3320 726 οὐδὲν
3367 665 3535 744 ἦττον
3581 669 3681 734 τὰς

2101 767 2284 838 ψυχὰς
2332 767 2515 830 αὐτοῖς
2549 766 2872 836 διεγείρασα
2896 780 2912 797 θ
2965 763 3063 820 καὶ
3111 763 3308 834 κέρδος
3354 761 3511 818 οὐδὲν
3549 761 3682 817 ῖδιον

2101 860 2286 915 οίκαδε
2318 857 2461 929 πλὴν
2504 859 2604 927 τῆς
2639 857 2989 929 ποθουμένης
3029 857 3200 912 πᾶσιν
3244 856 3473 928 εἰρήνης
3508 854 3685 918 οὐδεὶς

2102 951 2352 1007 ἐντεῦθεν
2385 950 2566 1022 φέρων
2597 949 2874 1020 ἀφίξεται.
2917 950 3160 1021 Ἀνάγκη
3208 949 3396 1002 τοίνυν
3427 945 3682 1008 ἅπαντας

2099 1045 2284 1114 λέγειν
2308 1059 2324 1076 ⁸
2362 1045 2458 1098 καὶ
2515 1046 2634 1107 τοῖς
2666 1043 2767 1114 μὲν
2811 1043 3034 1112 εὐφυῶς
3076 1041 3398 1113 λεγομένοις
3434 1041 3512 1106 ὡς
3545 1039 3686 1095 ἀνω-

2101 1138 2192 1192 θεν
2240 1138 2436 1210 ἥκουσι
2487 1136 2780 1208 προσέχειν
2819 1136 2915 1190 τδν
2984 1135 3116 1190 νοῦν
3173 1136 3342 1206 ὑμᾶς,
3375 1134 3476 1189 καλ⁸
3506 1133 3684 1189 ταῦτα

2103 1229 2402 1302 αἱρεῖσθαι,
2426 1229 2522 1283 καὶ
2555 1228 2632 1300 τῷ
2665 1228 2926 1284 δεδωκότι
2973 1230 3070 1284 καὶ
3102 1227 3244 1299 ὑπὲρ
3283 1225 3493 1282 τούτων
3522 1225 3685 1297 χάριν
3735 1236 3740 1243 ·

2101 1323 2413 1392 ὁμολογεῖν.
2437 1321 2552 1376 Ποῦ
2587 1321 2698 1392 γάρ
2739 1319 2930 1374 ἄλλοθι
2961 1321 3056 1375 τὸν
3092 1319 3230 1375 Θεδν
3264 1317 3524 1391 μᾶλλονη
3555 1318 3687 1388 περὶ

2103 1418 2272 1472 αὐτοῦ
2301 1418 2398 1490 τῆς
2422 1414 2671 1486 σκέψεως
2699 1413 2865 1487 οὔσης
2894 1413 2990 1468 καὶ
3018 1413 3122 1482 τῆς
3145 1411 3407 1482 σπουδῆς,
3441 1411 3544 1476 τὰς
3573 1411 3686 1467 τῶν

2103 1510 2408 1582 ἀνθρώπων
2441 1510 2587 1574 εἰκός
2622 1510 2776 1564 ἔστιν
2801 1509 3034 1578 ἐμπνεῖν
3063 1505 3344 1570 διανοίας;
3375 1503 3500 1559 Τῶν
3537 1505 3584 1559 δ’
3609 1503 3688 1568 ὥς

2104 1604 2310 1674 ιτέρως
2341 1603 2598 1674 ἰχόντων,
2632 1600 2726 1656 καὶ
2758 1601 2820 1655 οὗ
2844 1599 2988 1671 μετά
3011 1599 3259 1671 πονηρᾶς
3278 1615 3427 1662 τινος
3457 1597 3688 1666 γνώμης

2103 1693 2538 1764 προτιθεμένων,
2567 1689 2642 1756 ὡς
2672 1691 2952 1760 γνώσεως,
2976 1690 3040 1745 οὐ
3085 1689 3468 1762 προαιρέσεως
3515 1688 3687 1742 όντων

430 1782 553 1861 rum
584 1768 751 1838 dicta,
779 1761 998 1830 si'iorte
1021 1775 1132 1834 sint
1159 1779 1405 1851 meliora,
1435 1795 1790 1848 contemnere
1814 1803 1831 1856 ;
1853 1788 2000 1861 quod

2120 1761 2530 1856 ιλαττωμάτων,
2573 1783 2765 1854 μηδενὶ
2795 1781 2896 1854 τὴν
2932 1781 3142 1854 μέμψιν
3166 1761 3419 1850 έπάγειν.
3459 1781 3603 1850 Πρὸς
3632 1775 3691 1833 δὶ

429 1858 486 1913 in
518 1858 777 1919 humanis
806 1879 1024 1938 quoque
1071 1870 1312 1941 negotiis
1345 1875 1651 1932 cavendum
1679 1887 1760 1934 est
1804 1858 1885 1936 iis
1906 1882 2000 1954 qui

429 1954 576 2020 quod
631 1956 761 2012 utile
823 1961 1334 2035 est,undecunque
1384 1979 1654 2025 venantur
1696 1986 1712 2026 :
1759 1973 2004 2043 quando-

429 2045 648 2114 quidem
700 2049 924 2109 bumilis
958 2051 1196 2112 fortuna!
1233 2057 1550 2118 hominibus
1601 2063 1774 2121 multo
1829 2069 2006 2138 magis

430 2142 688 2197 convenit
718 2143 772 2199 in
811 2160 872 2202 re
915 2150 1200 2218 proposita
1236 2151 1464 2224 gloriam
1499 2172 1721 2228 sperare
1754 2173 1819 2215 ex
1861 2162 2018 2218 bono-

434 2233 702 2302 consllio;
756 2253 882 2293 nam
928 2239 1115 2296 abhis
1166 2245 1338 2300 etiam
1386 2247 1686 2316 aliquando
1730 2251 2004 2324 proﬁcisci

431 2337 609 2419 potest
644 2329 865 2400 aliquod
912 2331 1136 2419 virtutis
1191 2352 1352 2414 opus,
1401 2339 1474 2400 ita
1525 2342 1618 2398 Dei
1666 2344 2005 2414 providentia

435 2417 786 2489 disponente,
817 2440 884 2481 ne
913 2417 1038 2496 quis
1076 2429 1258 2485 minus
1289 2431 1632 2489 considerate
1658 2435 1866 2492 tribuat
1901 2437 2010 2492 hu-

437 2527 616 2568 manae
640 2515 746 2570 arti
776 2524 828 2574 et
850 2519 1032 2588 sagaci
1060 2521 1312 2586 censilio,
1339 2522 1562 2580 maximi
1592 2536 1645 2580 et
1675 2535 1801 2596 post
1835 2527 2011 2584 homi-A

440 2623 572 2662 num
600 2610 922 2665 memoriam
949 2618 1190 2668 omnium
1219 2615 1523 2673 didicillimi
1554 2620 1755 2690 negotii
1779 2620 2010 2678 exitum.

438 2695 736 2766 Propterta
779 2701 947 2772 igitur
988 2714 1042 2761 et
1093 2707 1241 2762 illam
1291 2710 1556 2767 orationis
1601 2723 1808 2782 partem
1840 2714 2008 2771 decli-

435 2790 584 2854 navi,
617 2802 670 2846 ct
702 2808 793 2849 vos
829 2803 1034 2854 attente
1068 2800 1260 2856 audire
1290 2801 1413 2857 volo
1439 2817 1560 2873 quae
1578 2804 1692 2876 jam
1721 2807 2005 2865 dicentur.

2108 1877 2342 1943 τούτοις,
2379 1875 2506 1949 μηδ’
2541 1876 2594 1931 εί
2620 1893 2704 1939 τις
2731 1877 2867 1948 ημῖν
2906 1874 3086 1945 φαὺλη
3113 1874 3246 1946 περὶ
3279 1873 3390 1930 τῶν
3418 1873 3692 1942 λεγόντων

2111 1971 2290 2026 ἔνεστι
2331 1971 2482 2036 δόξα,
2521 1970 2617 2024 καὶ
2644 1969 2756 2025 τῶν
2806 1968 3004 2038 λόγων,
3035 1967 3104 2022 ἂν
3141 1966 3404 2036 ἀμείνους
3449 1963 3693 2037 τῦχωσιν

2110 2066 2286 2129 ὄντες,
2322 2063 2734 2135 καταφρονεῐνο
2785 2061 2815 2116 ὃ
2865 2058 2993 2132 μηδ’
3039 2061 3096 2113 ὲν
3142 2061 3264 2123 ταῖς
3315 2057 3695 2130 ἀνθρωπικαῖς

2112 2155 2522 2228 πραγματείαις
2550 2153 2775 2222 εὔλογόν
2815 2154 2932 2207 ἐστι
2962 2151 3197 2222 πάσχειν
3223 2150 3354 2215 τοὺς
3387 2148 3451 2204 τὸ
3481 2148 3696 2219 συμφέ-

2115 2269 2209 2326 ρον
2256 2249 2318 2316 ἒξ
2368 2250 2604 2314 ἅπαντος
2652 2246 3028 2318 θηρωμένους.
3097 2243 3248 2299 Ἐπεὶ
3293 2242 3425 2315 περί
3468 2259 3537 2312 γε
3579 2241 3692 2296 τῶν

2108 2342 2492 2417 προκειμένων
2580 2342 2697 2406 τοῖς
2751 2338 2960 2416 ἀδόξοις
3015 2338 3111 2392 καὶ
3167 2337 3447 2400 ταπεινοῖς
3510 2333 3692 2406 πολλῷ

2114 2437 2317 2512 μᾶλλον
2369 2435 2634 2508 ἁρμόττει
2679 2433 2778 2506 τὴν
2838 2429 3066 2487 ἀπὸτοῦ
3126 2427 3482 2501 κατορθῶσαι
3535 2427 3699 2493 δόξαν

2113 2527 2390 2596 ἐλπίζειν·
2419 2527 2519 2582 καὶ
2553 2527 2706 2598 παρά
2736 2524 2946 2580 τοῦτων
2977 2525 3086 2596 γάρ
3137 2524 3344 2593 γένοιτ’
3383 2522 3450 2578 ἀν
3480 2520 3536 2574 τί
3566 2535 3700 2575 ποτε

2117 2622 2408 2677 σπουδαῖον
2433 2638 2449 2654 ο
2483 2620 2628 2675 οὕτω
2676 2621 2777 2690 τῆς
2826 2618 3090 2688 προνοίας
3141 2617 3565 2687 οἰκοωμοὺσης,
3623 2612 3702 2683 μὴ

2113 2713 2208 2768 καὶ
2244 2711 2384 2785 λάθῃ
2426 2729 2508 2774 τις
2553 2713 2621 2782 τῇ
2660 2711 2772 2766 τῶν
2817 2707 3126 2781 ἀνθρώπων
3155 2708 3429 2778 δεινότητι
3470 2705 3564 2761 καὶ
3594 2720 3702 2776 μη·-

2113 2808 2255 2879 χανῇ
2301 2805 2401 2876 τὴν
2448 2803 2545 2859 τοῦ
2579 2803 2844 2874 μεγίστου
2891 2819 2952 2856 τε
2987 2802 3085 2856 καὶ
3124 2799 3560 2870 δυσχερεστάτου
3589 2797 3702 2850 τῶν

433 2880 501 2934 lx
533 2881 629 2935 τοῦ
671 2886 872 2949 παντίς
906 2889 1102 2953 αίῷνος
1153 2893 1575 2966 ἐγχειρημάτων
1623 2897 1854 2954 ἔκϐασιν
1883 2901 2231 2972 ἐπιγράφων.
2279 2898 2380 2951 Διά
2421 2897 2592 2950 ταῦτα
2642 2895 2822 2950 τοίνυν
2888 2893 3068 2948 έκεῖνό
3110 2909 3171 2948 τε
3239 2891 3333 2946 τοῦ
3406 2891 3565 2960 λόγου
3639 2889 3705 2944 τὸ

439 2979 608 3047 μέρος
643 2978 927 3052 ἐξέφυγον,
959 2987 1053 3038 καὶ
1092 2993 1384 3061 προσέχειν
1411 2991 1563 3062 ’ὑμᾶς
1592 2993 1860 3066 βούλομαι
1898 2997 2011 3062 τοῖς
2051 2995 2368 3065 λεγομένοις
2398 2993 2646 3048 ἐντεῦθεν
2677 2993 2800 3065 ἤδη·

510 3069 664 3137 Quod
699 3074 864 3144 igitur
899 3091 1114 3135 sacram
1150 3083 1290 3140 hanc
1331 3086 1602 3156 synodum
1654 3103 1719 3144 ex
1754 3089 2014 3145 universo

2189 3085 2266 3141 Τδ
2298 3087 2399 3157 μὲν
2420 3085 2486 3158 δὴ
2509 3086 2608 3156 τὴν
2657 3085 2811 3154 ίεράν
2843 3082 3056 3152 ταύτην
3095 3081 3314 3135 σύνοδον
3359 3079 3419 3148 ἐξ
3475 3079 3702 3148 ἀπάσης

442 3159 558 3218 fere
592 3175 864 3222 terrarum
913 3170 1046 3228 orbe
1079 3176 1456 3246 congregavit,
1487 3179 1870 3250 persuasitque
1900 3195 2018 3236 om.-

441 3259 606 3314 nibus
655 3270 716 3314 ut
769 3261 1028 3322 alacriter
1079 3266 1189 3326 huc
1265 3273 1646 3338 convenirent.
1693 3275 2018 3345 postpositis

439 3351 565 3410 aliis
595 3353 854 3416 omnibus
885 3373 900 3423 ;
937 3356 1380 3418 Christianorum
1415 3365 1664 3422 omnium
1700 3367 2018 3436 concordia,

440 3454 496 3498 rt
529 3445 772 3511 roguitio
815 3457 898 3504 est
928 3451 1178 3509 veritatis
1211 3471 1223 3507 :
1258 3456 1459 3524 quibus
1502 3458 1636 3514 nihil
1672 3469 1852 3530 potest
1892 3475 2017 3516 esse

437 3537 742 3608 jucttndius
796 3540 1148 3607 hominibus,
1202 3547 1552 3616 quiuerunt
1604 3561 1660 3606 et
1707 3567 1914 3618 amare,
1965 3561 2021 3609 et

443 3646 778 3701 conruperc,
809 3644 858 3689 ct
895 3635 1216 3692 incumbere
1247 3637 1318 3694 ad
1351 3640 1603 3700 honesti.
1632 3641 1776 3696 Nam
1791 3653 1846 3698 et
1877 3644 2019 3699 veri-

441 3737 528 3791 tas
569 3726 659 3781 lux
696 3729 853 3797 plane
881 3740 965 3788 est
999 3740 1208 3792 natura:
1253 3731 1464 3792 ratione
1496 3735 1722 3797 utentis.
1765 3750 1872 3804 qua
1899 3737 2022 3791 sine

442 3833 672 3878 necesse
716 3832 796 3878 est
835 3839 896 3880 ea
951 3825 1224 3882 volutetur
1276 3827 1328 3881 iu
1381 3827 1656 3893 tenebris,
1706 3830 2022 3898 nullamque

444 3929 511 3967 ex
547 3913 815 3982 dignitate
849 3917 1108 3987 donoque
1139 3919 1242 3974 sibi
1281 3918 1484 3976 tradito
1515 3919 1782 3990 percipiat
1811 3923 2022 3977 utilita-

446 4018 554 4060 tem
581 4022 596 4072 ;
633 4023 908 4078 (piamque
933 4010 1154 4068 assidue
1187 4010 1276 4065 illa
1305 4012 1669 4080 prehendens,
1704 4013 1834 4068 dum
1870 4027 2024 4084 quae-

327 4117 338 4127 '
447 4100 524 4166 rit
561 4100 768 4170 ignota,
805 4111 856 4154 et
886 4103 1064 4172 scipsa
1098 4100 1156 4158 iit
1182 4101 1542 4173 splendidior,
1573 4113 1738 4174 atque
1762 4105 1830 4158 ad
1857 4104 2023 4158 Deum

447 4193 996 4259 primamveritatem
1017 4235 1031 4258 ,
1059 4204 1318 4264 quantum
1345 4195 1429 4252 fas
1460 4207 1566 4260 est,
1598 4198 1844 4267 proxime
1871 4213 2026 4252 acce-

445 4285 551 4340 dit.
588 4283 730 4346 l’ace
771 4296 955 4340 autem
1003 4288 1412 4356 concordiaque
1460 4288 1512 4345 in
1564 4290 1730 4345 rebus
1783 4289 2027 4346 honestis

449 4391 638 4434 rerum
687 4387 881 4432 natura
917 4375 1050 4432 nihil
1096 4378 1258 4430 habet
1286 4378 1502 4448 majus;
1539 4395 1660 4448 qua:
1691 4381 1867 4450 primo
1899 4382 2025 4451 qui-

447 4467 572 4518 deut
625 4469 677 4519 in
724 4469 904 4518 anima
952 4474 1005 4521 et
1045 4467 1400 4535 concentibus
1429 4468 1590 4538 ejus;
1633 4471 1804 4526 utitur
1842 4479 2024 4526 autem

447 4547 820 4614 extvriorihus
858 4559 1024 4620 veluti
1058 4560 1230 4628 signis
1254 4560 1602 4629 quibusdem,
1636 4577 1731 4632 per
1759 4579 1882 4633 quae
1910 4579 2030 4618 om-

447 4653 614 4716 nii-us
662 4656 718 4708 tit
767 4652 1073 4718 inaniiesta.
1109 4653 1172 4707 Et
1230 4654 1496 4709 credibile
1533 4656 1751 4724 quidem
1789 4665 2026 4712 estesse

445 4748 740 4813 qttusdattt,
775 4746 894 4816 qui,
945 4745 1067 4806 aliis
1115 4745 1264 4800 ducti
1293 4745 1740 4814 cositationibus,
1783 4757 1838 4802 et
1885 4747 2024 4801 bona

2121 3179 2308 3250 σχεδόν
2338 3179 2437 3250 τῆς
2461 3177 2791 3249 οἰκουμένης
2816 3173 3123 3246 πεποιηκὸς
3153 3175 3248 3226 καὶ
3298 3173 3498 3225 πεῖσαν
3527 3169 3706 3225 ᾶπαν-

2119 3292 2219 3340 τας
2258 3275 2396 3346 μετά
2429 3271 2738 3343 προθυμίας
2760 3267 2996 3324 ἐνταῦθα
3026 3267 3366 3338 συντρέχειν,
3395 3265 3506 3318 τῶν
3527 3263 3705 3316 ἄλλων

2119 3366 2379 3421 ἁπάντων
2411 3365 2615 3435 ἣκιστα
2667 3362 2829 3429 λόγον
2877 3359 3306 3430 πεποιημένους,
3334 3358 3368 3428 ὴ
3413 3355 3526 3408 τῶν
3565 3355 3706 3424 Χρι-

2125 3458 2361 3513 στιανῶν
2398 3458 2659 3512 ἀπάντων
2693 3455 2918 3530 ὁμόνοια
2951 3455 3048 3508 καὶ
3079 3453 3112 3523 ἡ
3149 3451 3251 3520 τῆς
3279 3447 3540 3520 ἀληθείας
3569 3444 3711 3515 γνῶ-

2123 3553 2208 3615 σίς
2250 3553 2418 3606 ἔστιν·
2449 3543 2526 3604 ὧν
2560 3548 2716 3602 οὐδὲν
2741 3548 2893 3618 ἣδιον
2947 3545 3166 3614 γένοιτο
3195 3545 3306 3606 τοῖς
3333 3541 3404 3593 τὰ
3443 3539 3585 3594 καλὰ
3610 3542 3710 3592 καὶ

2121 3644 2296 3714 φιλεῖν
2335 3644 2431 3698 καὶ⁵
2492 3640 2750 3711 εῦχεσθαι
2785 3639 2882 3694 καὶ
2918 3637 3242 3700 σπουδάζειν
3295 3632 3710 3701 ἐπισταμένοις.

2125 3736 2201 3788 Ἤ
2233 3752 2289 3788 τε
2314 3735 2426 3804 γάρ
2463 3733 2690 3803 ἀλήθεια
2716 3731 2831 3798 φῶς
2857 3731 3120 3799 ἀντικρυς
3150 3727 3256 3796 τῆς
3297 3723 3532 3793 λογικῆς
3569 3719 3712 3775 καθ-

2130 3824 2328 3894 έστηκε
2365 3821 2604 3892 φύσεως,
2641 3819 2704 3874 οὗ
2745 3821 2918 3890 χωρὶς
2945 3815 3164 3886 ἀνάγκη
3195 3815 3404 3884 ταύτην
3433 3814 3493 3866 έν
3529 3811 3714 3880 σκότῳ

2125 3912 2556 3984 κυλινδουμένην
2607 3913 2776 3984 μηδδν
2811 3909 3117 3965 ἀπόνασθαι
3171 3908 3274 3977 τῆς
3303 3903 3462 3971 ἀξίας
3492 3900 3714 3958 καὶτοῦ

2123 4008 2412 4078 δεδομένου
2467 4007 2608 4078 αὐτῇ
2673 4006 3054 4076 χαρίσματος·
3105 4001 3206 4055 καὶ
3255 3993 3325 4069 ἦς
3365 3995 3715 4067 δραττομένη

2131 4100 2372 4168 συνεχῶς
2405 4101 2463 4153 έν
2491 4101 2561 4170 τῇ
2605 4098 2736 4168 περὶ
2766 4095 2876 4150 τῶν
2907 4092 3300 4163 ἀγνοουμένων
3325 4090 3553 4161 ζητήσει
3585 4088 3718 4140 ἑαυ-

2129 4193 2230 4264 τῆς
2261 4210 2322 4245 τε
2357 4193 2576 4260 γίνεται
2606 4186 2986 4259 λαμπροτέρα,
3022 4185 3118 4238 καὶ
3168 4180 3304 4236 Θεοῦ
3353 4181 3456 4248 τῆς
3483 4179 3719 4247 πρώτης

2130 4285 2389 4356 ἀληθείας
2415 4284 2539 4337 ὅσον
2565 4282 2778 4349 lissi-tv
2803 4278 3116 4348 ἐγγυτάτω.
3144 4274 3384 4346 Εἰρήνης
3406 4271 3464 4328 δὲ
3486 4273 3584 4325 καὶ
3607 4270 3720 4339 τῆς

2133 4379 2188 4431 ὲν
2218 4377 2296 4446 τῷ
2319 4376 2471 4444 καλῷ
2507 4372 2832 4443 συμφωνίας
2891 4369 3004 4423 τῶν
3019 4369 3078 4423 εν
3111 4368 3189 4436 τῷ
3224 4367 3418 4436 κόσμῳ
3443 4364 3718 4436 πραγμὼ

2060 4437 2104 4492 D
2134 4487 2244 4523 των
2267 4437 2465 4538 ’μεῖζον
2515 4437 2690 4527 οὐδὲν,
2745 4462 3061 4534 ἀρχομένης
3095 4461 3197 4531 μὲν
3241 4458 3350 4513 ἀπὸ
3401 4457 3582 4528 ψυχῆς
3619 4458 3720 4510 καὶ

2135 4561 2248 4615 τῶν
2277 4558 2449 4627 αὐτῆς
2502 4555 2814 4626 νοημάτων,
2849 4553 3106 4621 καθάπερ
3141 4551 3200 4604 δέ
3235 4565 3348 4604 τισι
3393 4548 3722 4618 τεκμηρίοις

2131 4654 2244 4716 τοῖς
2273 4651 2376 4716 ἔξω
2401 4648 2716 4720 χρωμένηςν
2765 4646 2860 4700 καὶ
2897 4644 2984 4698 διὰ
3001 4643 3210 4696 τούτων
3269 4643 3405 4694 πᾶσι
3447 4655 3724 4708 φανερω-

2141 4746 2330 4816 μένης.
2364 4744 2524 4806 Εἰκὸς
2587 4741 2688 4812 μὲν
2715 4735 2811 4794 οῦν
2873 4739 2992 4792 ἐστι
3045 4736 3142 4789 καὶ
3193 4734 3288 4788 ὐπ’
3317 4733 3494 4788 ἄλλων
3543 4731 3722 4794 ἐνίους

450 4841 698 4904 ιιιυιιιίςιω
736 4839 1050 4909 corporalia
1083 4835 1267 4898 menfe
1305 4839 1610 4904 volventes,
1641 4853 1762 4908 quae
1795 4854 1921 4910 spes
1945 4851 2015 4896 est

2134 4838 2371 4907 ἄγεσθαι
2400 4835 2712 4905 λογισμῶν,
2739 4831 2840 4886 καὶ
2870 4828 3162 4900 σωματικά
3189 4844 3312 4882 τινα
3363 4822 3719 4895 φανταζομέο

454 4933 598 4994 fore,
652 4942 711 4984 ut
746 4942 1052 4990 nascantur
1100 4947 1163 4986 ex
1216 4931 1535 4994 concordia,
1587 4930 1878 4991 alacriores
1925 4928 2027 4984 visi

450 5025 561 5080 sint
599 5023 664 5076 ad
705 5039 940 5093 pru's'xtts
971 5024 1271 5094 negotium.
1303 5021 1432 5078 Mihi
1463 5036 1644 5080 autem
1670 5024 1714 5078 si
1743 5023 1832 5080 cui
1859 5021 2023 5078 etiam

455 5117 553 5172 alii
597 5117 815 5176 videtur
843 5119 1417 5186 quidem.multorum
1451 5133 1884 5189 inagnorttmque
1925 5118 2026 5172 bo-

455 5227 654 5264 norum
695 5226 916 5266 causam
957 5209 1073 5265 fore
1105 5211 1250 5264 illam
1283 5213 1632 5276 Christianis,
1665 5213 1708 5267 si
1741 5212 1809 5266 de
1846 5212 1915 5265 iis
1943 5227 2030 5265 re-

457 5303 562 5358 bus
598 5303 846 5359 eamdem
881 5301 1283 5370 at'nplcctautur
1307 5304 1657 5366 sententiam,
1688 5317 1826 5372 quas
1866 5312 2026 5355 antea

459 5400 516 5452 in
565 5395 1004 5448 controversiam
1048 5394 1321 5454 vocabant
1356 5413 1368 5446 :
1407 5408 1666 5448 czcterum
1701 5409 1889 5447 corum
1933 5395 2031 5448 do-

456 5487 661 5541 siuh-rio
695 5486 908 5540 nullum
956 5485 1255 5553 sapientem
1303 5485 1544 5538 arbitror
1577 5485 1780 5538 moveri
1813 5484 2031 5547 debere,

459 5595 560 5634 nec
594 5579 885 5632 statuenda
915 5592 1038 5633 esse
1077 5575 1239 5640 bona,
1273 5593 1394 5645 quin
1442 5578 1632 5634 ultimo
1682 5576 1801 5630 loco
1833 5589 2032 5628 nume-

459 5679 673 5733 rantur,
731 5678 784 5723 ct
840 5683 961 5736 quae
1008 5667 1265 5722 facillime
1302 5669 1426 5738 quis
1468 5678 1808 5729 contemnat,
1865 5666 2028 5719 tinem

461 5764 686 5818 maximi
737 5778 799 5817 ac
850 5761 1176 5820 ditinissimi
1223 5765 1403 5831 operis
1440 5779 1454 5817 :
1491 5761 1584 5817 sed
1631 5760 1748 5813 loco
1781 5759 2027 5814 omnium

467 5856 605 5922 uti:
652 5869 773 5919 esse
810 5855 1028 5932 quidem
1059 5856 1304 5920 veritatis
1335 5853 1732 5926 cognitionem,
1765 5868 1864 5932 pro
1899 5865 2034 5928 pace

2139 4947 2262 4993 νους
2291 4929 2454 4992 καλὰ,
2483 4928 2518 4983 ἃ.
2561 4929 2662 4996 τὴν
2693 4924 2950 4996 ὁμόνοιαν
3007 4919 3167 4984 ἐλπίς
3219 4921 3372 4972 ἐστιν
3399 4916 3716 4980 ἀποτέξειν,

2139 5022 2584 5093 προθυμοτέρους
2616 5022 2706 5073 ἐπὶ
2736 5018 2942 5088 ταύτην
2971 5009 3154 5084 ὧτρθαι
3179 5013 3279 5084 τὴν
3317 5011 3532 5084 χρείαν.
3574 5007 3720 5062 Ἀλλ’

2137 5116 2329 5185 ἔμοιγε
2371 5114 2431 5166 τὸ
2469 5113 2568 5182 μὲν
2612 5112 2738 5173 τοὺς
2801 5109 3166 5178 Χριστιανοὺς
3218 5107 3370 5176 κοινῇ
3412 5103 3719 5173 εἰληφέναι,

2142 5209 2272 5278 περὶ
2313 5202 2390 5261 ὧν
2437 5205 2820 5276 ἠμφισϐήτουν
2865 5202 3146 5272 πρότερον,
3199 5197 3444 5268 γνώμας,
3508 5192 3721 5248 πολλῶν

2143 5301 2368 5370 ἀγαθῶν
2399 5303 2494 5352 καὶ
2525 5298 2779 5368 μεγάλων
2814 5298 2990 5348 αἴτιον
3025 5295 3176 5363 σφὶσι
3209 5293 3521 5360 γενήσεται,
3558 5290 3719 5358 εἰπερ

2145 5395 2238 5446 καὶ
2267 5391 2412 5461 ἄλλῳ
2437 5408 2514 5459 τῳ
2539 5387 2648 5440 τῶν
2685 5387 2942 5442 ἀπάντων
2966 5383 3144 5436 δοκεῖ·
3165 5383 3271 5434 ὑπ’)
3309 5380 3366 5432 δὲ
3393 5379 3495 5447 τῆς
3513 5378 3718 5431 τούτων

2142 5484 2438 5552 ἐπιθυμίας
2489 5483 2678 5535 οὐδένα
2734 5480 2843 5533 τῶν
2901 5476 3335 5545 σπουδαιοτέρων
3391 5467 3549 5541 οἶμαι
3606 5469 3715 5522 δεῖν

2144 5575 2485 5646 κεκινῆσθαι,
2519 5573 2653 5643 μηδὲ
2679 5573 2881 5625 σκοπὸν
2926 5570 3020 5624 τοῦ
3056 5568 3320 5638 μεγίστου
3375 5565 3469 5618 καὶ
3499 5563 3713 5616 θειοτάο

2142 5687 2237 5723 του
2264 5669 2370 5720 τῶν
2406 5667 2586 5735 ἔργων
2613 5666 2679 5716 τὰ
2703 5663 3015 5732 φαυλότερα
3047 5660 3154 5713 τῶν
3197 5658 3420 5723 ἀγαθῶν
3466 5655 3712 5724 προτιθέ-

2139 5777 2252 5821 ναι,
2286 5757 2381 5810 καὶ
2410 5751 2486 5808 ὧν
2511 5757 2575 5808 ἄν
2606 5772 2688 5816 τις
2720 5755 2891 5823 ῥᾷστα
2922 5751 3388 5819 καταφρονήσειεν
3409 5762 3423 5778 ο
3456 5745 3594 5798 ἀλλά
3620 5744 3714 5810 τὴν

2143 5854 2242 5928 μὲν
2282 5851 2484 5922 γνῶσιν
2520 5851 2613 5926 τῆς
2648 5845 2904 5918 ἀληθείας
2935 5845 3057 5909 ἀντί
3088 5843 3304 5897 πάντων
3329 5841 3546 5912 ἀρκεῖν,
3571 5837 3708 5910 ὑπὲρ
