3976 6452
316 356 417 422 409
1499 363 1785 427 ORATIO
1817 363 1846 424 Ι

1984 380 1989 413 ν
2023 366 2406 433 SYNODUM.
3446 370 3556 434 ιιο

319 476 369 527 δὲ
400 473 503 543 τῆς
538 472 647 524 τῶν
682 470 821 525 ὅλων
852 473 1079 544 εἰρήνης
1106 475 1200 529 καὶ
1226 476 1300 530 τὰ
1325 476 1559 532 πλεῖστα
1577 479 1687 533 τῶν
1714 481 1884 549 ὕπαρ-

1991 488 2176 533 autem
2202 480 2487 536 communi
2516 481 2910 552 projiciendam
2939 495 3060 536 esse
3082 474 3397 535 facultatum
3429 493 3554 547 paro

316 566 513 635 χόντων
542 564 742 634 χρῆναι
770 564 1057 633 προέσθαι.
1095 568 1253 620 Δυοῖν
1307 570 1491 624 τοίνυν
1534 570 1763 636 τούτων,
1808 568 1885 628 ὦν

316 658 469 710 ἕνεκα
501 660 595 711 καὶ
629 657 757 719 τοὺς
784 658 1015 721 πολλοὺς
1064 660 1380 730 ὑπέστημεν
1407 665 1626 727 πόνους.
1656 665 1886 733 θάτερον

323 750 413 818 μὲν
442 748 879 821 κατωρθωκόσιν
912 751 1068 820 ἡμῖν,
1096 751 1195 823 τὴν
1227 753 1429 820 γνῶσιν
1456 755 1598 821 λέγω
1627 755 1725 826 τῆς
1749 758 1884 828 ἀλης

308 844 482 907 ¹θείας,
534 842 751 912 ἀνάγκη
811 843 963 896 πᾶσα
1020 844 1114 896 καὶ
1165 844 1226 896 τὸ
1260 844 1444 898 λοιπὸν
1474 847 1882 906 ἐπακολουθεῖν.

322 935 478 989 ούῖὲν
499 934 609 1006 γὰρ
650 935 827 1001 ἔσται,
863 935 965 1002 τῆς
994 936 1254 1008 ἀληθείας
1286 940 1417 1008 περὶ
1449 939 1557 993 τῶν
1602 942 1885 1013 ἀμφισϐη-

322 1027 593 1097 τουμένων
630 1028 1082 1098 ἐπιγνωσθείσης,
1115 1028 1143 1081 δ
1189 1031 1283 1083 καὶ
1332 1032 1495 1085 πάλιν
1526 1033 1657 1102 ἡμῖν
1708 1033 1883 1103 σχίσει

330 1120 423 1182 τὰς
454 1121 697 1188 γνώμας,
748 1120 844 1171 καὶ
878 1120 977 1188 τὴν
1028 1123 1357 1193 οἰκουμένην
1412 1126 1613 1193 ὁμοίως
1664 1125 1883 1180 ἃπασαν

334 1210 604 1263 διελεῖται.
631 1209 767 1263 Οῦτε
799 1211 908 1280 γὰρ
949 1212 1077 1283 περὶ
1135 1213 1239 1282 γῆς
1269 1214 1410 1284 ὅρων
1438 1217 1473 1288 ἢ
1503 1218 1801 1287 χρημάτων
1844 1217 1878 1287 ἢ

339 1303 508 1372 νήσων
543 1304 634 1356 καὶ
675 1304 876 1357 πόλεων
933 1305 1087 1370 δίκας
1123 1306 1452 1377 πράττοντες
1481 1309 1878 1380 καθεδούμεθα,

335 1392 440 1448 οίδ⁹
469 1394 670 1464 ἥκομεν
701 1394 905 1448 τούτων
936 1395 1102 1449 ἕνεκα
1134 1398 1232 1466 τὴν
1264 1399 1459 1470 ἀρχὴν,
1503 1398 1629 1455 οῦτε
1657 1401 1885 1455 δυνατόν

328 1486 437 1538 ἔστι
469 1484 820 1553 περὶτούτων
858 1486 1068 1551 πάντας
1121 1490 1293 1542 πᾶσιν
1355 1491 1748 1561 ἀμφισΰητεῖν.
1791 1493 1882 1548 Ei-

331 1577 682 1645 ρηνεύσαντες
711 1576 764 1628 δὲ
797 1576 930 1646 πρὸς
964 1576 1227 1648 ἀλλήλους
1251 1580 1380 1633 ἀνευ
1406 1580 1501 1634 τοῦ
1525 1582 1618 1634 καὶ
1652 1581 1779 1652 περὶ
1812 1580 1884 1635 τὰ

322 1667 559 1737 δόγματα
594 1670 910 1723 παντάπασι
933 1672 1269 1741 συμφωνεῖν,
1293 1667 1387 1725 καὶ
1409 1670 1508 1740 τὴν
1537 1672 1705 1744 αὐτὴν
1732 1672 1882 1742 παρά

323 1761 449 1810 πᾶσι
481 1761 757 1829 κρατῆσαι
783 1761 966 1828 δόξαν,
993 1764 1125 1833 περὶ
1162 1757 1240 1816 ὧν
1291 1768 1515 1817 σκοπεῖν
1566 1764 1878 1834 πρόκειται,

318 1848 451 1919 πρὸς
484 1847 564 1919 τῷ
605 1851 740 1923 μηδὲ
768 1852 868 1921 τὴν
895 1852 1125 1924 είρήνην
1149 1850 1229 1908 ἀν’
1251 1852 1551 1923 δυνηθῆναι
1585 1854 1756 1907 σῶσαι
1786 1852 1882 1922 μέ-

316 1959 405 2011 χρι
439 1942 665 2007 πολλοῦ,
705 1944 797 1998 ἐπὶ
836 1943 1035 2013 σαθροῦ
1067 1961 1210 2010 τινος
1258 1945 1614 2017 ἱδρυνθεῖσαν,
1649 1948 1746 2000 καὶ
1780 1947 1879 2014 τῆς

313 2031 572 2101 ἀληθείας
624 2033 753 2087 ἀλλο
791 2050 846 2089 τι
898 2033 1127 2104 δόξομεν
1178 2038 1473 2106 προτιμᾷν,
1516 2036 1551 2109 ﬂ
1587 2036 1724 2109 μόνη
1768 2037 1880 2091 τῶν

316 2123 529 2177 πολλῶν
579 2125 957 2195 ἀναλωμάτων
1024 2127 1120 2181 καὶ
1164 2128 1343 2182 πόνων
1400 2127 1553 2191 τέλος
1583 2128 1781 2196 γένοιτ’
1812 2128 1881 2184 ἂν

312 2214 462 2280 ἄξιον
482 2232 499 2248 ·
542 2217 638 2271 καὶ
660 2217 940 2288 πρόφασιν
965 2218 1064 2289 μὲν
1089 2218 1185 2273 τοῦ
1217 2219 1494 2275 συνελθεῖν
1519 2220 1756 2276 ἐνταῦθα
1778 2222 1881 2293 τὴν

308 2307 441 2374 περὶ
497 2309 608 2362 τῶν
664 2308 952 2379 δογμάτων
1004 2311 1235 2383 ἔρευναν
1288 2309 1451 2381 εἶναι,
1493 2313 1554 2367 τὸ
1602 2315 1649 2368 δ’
1678 2314 1881 2387 ἀληθὲς

305 2399 468 2469 ήκειν
521 2402 791 2467 ἑκάστους
841 2403 1059 2468 ἑαυτοῖς
1115 2405 1325 2475 ἀγαθόν
1372 2424 1427 2461 τι
1446 2406 1882 2479 περιποιησομέ-

314 2508 466 2558 νους,
501 2494 596 2548 καὶ
625 2494 721 2548 τὸν
757 2494 899 2550 κατὰ
930 2494 1103 2550 ταῦτα
1133 2495 1249 2567 βίον
1274 2497 1485 2568 ἀμείνω
1538 2499 1878 2555 κατασκευά-

306 2601 527 2648 σοντας.
561 2584 753 2641 Ταῦτα
792 2586 837 2641 δ’
889 2587 1035 2656 ὑμᾶς
1087 2589 1331 2659 ἠγοῦμαι
1387 2591 1605 2655 πάντως
1650 2592 1882 2661 φυλάξε-

305 2676 463 2738 σθαι,
508 2675 584 2740 ὡς
634 2678 767 2731 πᾶσι
816 2678 1072 2751 μᾶλλονή
1099 2680 1405 2750 ἀνθρώποις
1428 2682 1537 2735 ὑπὸ
1559 2683 1658 2736 τοῦ
1710 2681 1883 2738 [ivsti-

310 2785 488 2837 ματος
515 2770 808 2837 ἀγομένοις
840 2774 936 2826 καὶ
964 2774 1065 2841 τὴν
1094 2774 1358 2844 ἀλήθειαν
1392 2776 1707 2847 προτιμῶσι
1742 2776 1882 2831 πάν-

304 2878 422 2916 των
455 2863 525 2932 ἀρ
533 2864 823 2932 μόττοντα.

380 2954 597 3007 Οὐκοῦν
619 2956 831 3008 ἐκείνου
854 2954 949 3010 καὶ
994 2955 1212 3025 πρώτου
1273 2956 1369 3010 καὶ
1420 2957 1626 3026 μᾶλλον
1678 2957 1882 3030 πρέπει

305 3048 622 3116 φροντίσαι,
650 3042 712 3100 οῦ
732 3049 792 3099 τὸ
823 3048 1103 3117 προσῆκον
1152 3049 1325 3118 πέρας
1367 3049 1752 3119 ἀπειληφότος.
1785 3052 1882 3105 a6-

1988 578 2093 625 tem
2124 572 2206 626 vel
2243 572 2559 629 maximam.
2590 572 2727 627 Cum
2755 573 2919 643 igitur
2944 572 3139 626 horum
3164 569 3421 636 duorum,
3455 585 3554 638 pro

1984 660 2186 729 quibus
2237 673 2347 716 tam
2387 661 2603 717 multos-
2643 661 2857 718 labores
2909 661 3272 729 suscepimus,
3317 661 3550 713 alterum

1982 752 2199 821 egregie
2254 752 2697 821 praestiterimus,
2749 752 3009 807 nimirum
3051 752 3299 807 veritatis
3355 750 3547 819 cogni-

1983 843 2223 910 tionem;
2262 859 2484 900 necesse
2515 846 2739 900 omnino
2768 853 2853 900 est
2884 845 3115 899 alterum
3152 858 3368 911 quoque
3408 857 3544 897 cou-

1983 944 2272 1003 sequatur.
2309 937 2545 991 Veritate
2572 936 2716 991 enim
2758 936 2944 1006 agnita
2982 951 3163 991 rerum
3192 950 3312 1003 quae
3350 950 3540 987 versa-

1983 1027 2182 1081 bantur
2235 1028 2288 1082 in
2325 1028 2724 1092 controversia,
2773 1028 2911 1082 nihil
2967 1028 3073 1083 erit
3124 1027 3359 1095 amplius
3398 1025 3547 1094 quod

1984 1127 2201 1187 nostros
2238 1119 2451 1173 animos
2497 1118 2798 1190 disjungat,
2834 1127 3118 1187 totumque
3161 1128 3429 1171 terrarum
3458 1131 3550 1168 or-

1982 1212 2104 1267 bem
2166 1211 2422 1267 similiter
2473 1212 2746 1268 distrahat
2792 1226 3021 1280 :neque
3071 1211 3217 1265 enim
3270 1209 3339 1265 de
3389 1218 3549 1263 terra:

1982 1304 2258 1366 conﬁniis,
2287 1312 2381 1359 aut
2412 1306 2667 1375 pecunia,
2698 1312 2792 1359 aut
2824 1304 3020 1358 insulis
3043 1313 3096 1358 et
3125 1303 3359 1358 urbibus
3391 1294 3551 1357 recué

1983 1396 2238 1466 perandis
2261 1397 2419 1451 otiosi
2446 1396 2781 1463 litigabimus
2806 1413 2822 1461 ;
2856 1409 3030 1464 neque
3057 1396 3280 1463 prorsus
3308 1395 3446 1448 hanc
3474 1392 3546 1448 ob

1981 1503 2202 1544 causam
2235 1487 2462 1558 profecti
2492 1503 2703 1551 sumus,
2736 1502 2912 1556 neque
2934 1486 3056 1541 fieri
3092 1494 3267 1556 potest
3328 1494 3386 1539 ut
3417 1498 3546 1554 pro-

1981 1591 2101 1652 pter
2133 1581 2248 1635 [nec
2275 1582 2532 1636 omnibus
2559 1588 2749 1636 contra
2781 1594 2973 1635 omnes
3002 1579 3068 1633 lis
3103 1577 3335 1632 oriatur.
3365 1576 3471 1631 Sed
3499 1574 3547 1631 si

1981 1689 2173 1744 pacem
2228 1673 2585 1729 conficiamus
2638 1672 2776 1727 citra
2823 1671 3033 1726 firmam
3086 1671 3153 1726 de
3196 1667 3547 1737 dogmatibus

1982 1767 2427 1834 consensionem,
2458 1781 2733 1837 unamque
2775 1781 2805 1821 a
2844 1765 3061 1823 cunctis
3105 1770 3379 1833 receptam
3421 1774 3547 1816 sen-

1986 1861 2209 1916 tentiam
2243 1861 2311 1933 de
2354 1860 2423 1915 iis
2454 1875 2579 1930 quae
2612 1860 2772 1913 modo
2806 1865 3153 1922 tractantur;
3184 1844 3544 1926 praeterquam

1984 1952 2129 2025 quod
2171 1967 2357 2022 pacem
2398 1951 2491 2009 diu
2524 1965 2853 2008 conservare
2894 1965 3000 2005 nou
3036 1949 3359 2019 poterimus.
3384 1944 3549 2001 debili

1986 2043 2338 2101 fundamento
2369 2045 2642 2112 innixam,
2676 2044 2983 2099 videbimur
3002 2044 3165 2098 etiam
3199 2039 3409 2095 veritati
3443 2036 3549 2105 ipsi

1984 2138 2189 2208 aliquid
2245 2138 2390 2194 aliud
2449 2152 2803 2209 praponere,
2856 2151 2979 2205 qua:
3012 2150 3119 2190 una
3174 2134 3373 2202 dignus
3419 2130 3543 2186 linis

1983 2231 2259 2288 exstiterit
2302 2232 2599 2286 multorum
2657 2239 2970 2298 sumptuum
3031 2238 3193 2297 atque
3251 2225 3548 2280 laborum:

1984 2324 2258 2380 videbitur
2294 2337 2517 2393 quoque
2566 2320 2926 2392 profectionis
2960 2330 3160 2376 nostra:
3208 2333 3331 2372 vera
3382 2329 3549 2371 causa

1983 2434 2093 2476 non
2126 2418 2299 2475 fuisse
2330 2414 2612 2487 iuquisitlo
2642 2416 2983 2483 dogmatum,
3039 2412 3132 2467 sed
3166 2419 3226 2466 ut
3254 2408 3553 2478 unusquis-

1982 2526 2092 2582 que
2114 2509 2243 2566 boni
2273 2509 2479 2582 aliquid
2527 2510 2786 2573 lucretur,
2822 2516 2879 2563 et
2923 2507 3050 2560 vitae
3087 2504 3231 2575 quod
3280 2509 3555 2568 superest,

1985 2603 2236 2659 traducat
2278 2600 2601 2671 jucundius.
2634 2601 2757 2655 Hzec
2789 2609 2976 2654 autem
3020 2612 3116 2653 vos
3152 2597 3307 2666 plane
3345 2594 3553 2648 devita-

1985 2705 2135 2751 turos
2158 2694 2435 2759 existimo,
2467 2703 2528 2747 ut
2556 2692 2734 2747 cuivis
2757 2692 2937 2762 potius
2966 2674 3319 2759 congruentia
3386 2700 3549 2755 quam

1988 2786 2349 2849 hominibus,
2397 2784 2491 2855 qui
2541 2784 2748 2856 Spiritu
2799 2785 3102 2849 ducuntur,
3154 2781 3554 2847 veritatemque

1986 2880 2241 2938 omnibus
2271 2880 2591 2950 preferunt.

2060 2974 2135 3029 De
2158 2973 2250 3028 illo
2273 2973 2435 3043 igitur
2459 2981 2513 3027 et
2540 2971 2719 3041 primo
2738 2970 2862 3025 loco
2901 2978 2953 3024 et
2979 2967 3151 3038 magis
3181 2976 3263 3024 est
3294 2966 3511 3034 cogitrvn
3529 2992 3549 3006 -

1989 3064 2117 3119 dum
2146 3081 2160 3131 ;
2197 3064 2343 3135 quod
2380 3062 2426 3119 si
2460 3062 2529 3118 ad
2562 3062 2802 3118 debitum
2839 3061 3168 3131 perducatur
3202 3060 3388 3123 finem,
3423 3071 3552 3109 cott-

302 3141 437 3195 τίκα
474 3141 540 3194 τὰ
576 3140 812 3210 κρείττω
841 3141 939 3194 καὶ
992 3142 1119 3211 περὶ
1164 3144 1273 3195 τῶν
1342 3144 1651 3199 ὑπολοίπων
1704 3145 1878 3209 ἔξεστι

1989 3157 2142 3211 tinuo
2181 3155 2391 3224 reliqua
2422 3154 2884 3223 etiam‘prospera
2917 3160 3045 3207 sunt
3075 3148 3455 3219 exspectanda.
3489 3146 3546 3201 Si

303 3234 640 3305 προσδοκᾷν.
676 3235 776 3287 Ἀν
809 3235 919 3302 γὰρ
951 3234 1053 3304 τὴν
1103 3236 1365 3303 ἀλήθειαν
1403 3240 1541 3291 πᾶσι
1585 3240 1685 3307 μὲν
1714 3239 1885 3309 ζητῆ-

309 3346 404 3381 σαι
432 3328 660 3396 ,τρόποις
686 3327 1031 3393 θελήσωμεν,
1066 3331 1335 3398 φανεῖσαν
1368 3331 1424 3383 δὲ
1490 3322 1738 3401 ἀρπῶται
1787 3333 1884 3386 καὶ

308 3423 632 3490 κατασχεῖν,
689 3420 1000 3489 ἀναλάμψει
1039 3414 1138 3490 μὲν
1178 3421 1238 3474 τὺ
1277 3422 1376 3491 τῆς
1408 3424 1659 3492 ὁμονοίας
1696 3423 1881 3489 καλὸν,

307 3511 455 3565 τὸδὲ
485 3512 581 3564 τοῦ
647 3513 946 3580 σχίσματος
999 3513 1293 3584 λυθήσεται
1339 3515 1517 3583 νέφος·
1555 3515 1651 3568 καὶ
1696 3516 1882 3569 οὐκέτι

310 3598 705 3677 προσὲιθὲντες
728 3607 913 3667 κακῶς
942 3606 974 3676 ἦ
1030 3607 1461 3674 φιλονεικοῦντες
1489 3608 1721 3675 ἀλόγως,
1774 3611 1882 3664 τῶν

311 3698 566 3765 ἀδελφῶν
617 3698 1143 3768 ἀποῤῥαγησόμεθα.
1173 3696 1280 3752 Τοῦ
1312 3701 1366 3753 δὲ
1401 3701 1590 3770 μίσους
1638 3702 1733 3754 καὶ
1783 3704 1889 3770 τῆς

310 3792 508 3860 ἀηδίας
539 3789 683 3843 οὕτω
709 3790 1003 3855 λυθέντων,
1054 3791 1442 3862 μεταδώσομεν
1474 3794 1726 3863 ἀλλήλοις
1771 3796 1883 3848 τῶν

310 3883 446 3951 παρ’
477 3884 609 3952 ήμίν
649 3882 892 3950 ἀγαθῶν,
926 3884 1017 3935 καὶ
1045 3883 1298 3952 καθάπερ
1346 3884 1561 3948 οἰκείοις
1594 3887 1689 3939 καὶ
1744 3904 1880 3954 συγο

307 3978 506 4046 γενέσι
537 3973 876 4045 χρησόμεθα·
914 3976 1008 4027 καὶ
1036 3976 1171 4038 ὅλως
1200 3976 1298 4028 ούκ
1328 3976 1440 4029 ἐσθ’
1460 3978 1489 4030 ὅ
1522 3995 1573 4030 τι
1608 3978 1717 4031 τῶν
1748 3981 1885 4046 ἀγαο

306 4069 418 4123 θῶν
447 4070 548 4136 οὐχ
576 4066 769 4135 ἕψεται
799 4066 1165 4137 παραχρῆμα.
1217 4067 1360 4135 Ἐγὼ
1384 4068 1427 4119 δ’
1454 4069 1662 4137 εἴποιμ’
1689 4071 1776 4136 ἂν,
1808 4071 1883 4134 ὡς

306 4163 356 4215 εἰ
393 4162 491 4214 καὶ
523 4161 628 4211 τῶν
656 4159 1014 4228 ὑπαρχόντων
1044 4159 1345 4229 ἐμέλλομεν
1379 4161 1674 4214 ἐκπίπτειν
1705 4162 1883 4216 ἀπαν-

305 4271 441 4313 των.
473 4252 567 4304 καὶ
608 4251 843 4320 πένητες
871 4251 965 4303 καὶ
992 4250 1169 4315 ἄδοξοι
1216 4251 1317 4320 τὴν
1364 4252 1697 4322 οἰκουμένην
1729 4270 1885 4321 περι-

309 4343 523 4395 νοστεῖν
545 4342 608 4393 ὲκ
622 4338 718 4392 τοῦ
742 4339 1005 4408 πλείστην
1028 4340 1289 4408 φροντίδα
1305 4340 1493 4394 θέσθαι
1512 4342 1610 4412 τῆς
1626 4342 1884 4411 ἀληθείας

307 4432 403 4483 κα)⁵
436 4427 569 4498 περὶ
601 4426 807 4498 ταύτης
858 4427 1163 4497 σκέψασθαι
1227 4427 1528 4498 προῦργου,
1587 4430 1711 4501 μηδ’
1739 4430 1883 4485 οῦτω

1983 3247 2127 3301 enim
2165 3244 2341 3301 modis
2370 3244 2624 3300 omnibus
2654 3243 2937 3297 veritatem
2974 3255 3240 3310 quzerere,
3279 3247 3334 3291 et
3373 3236 3546 3290 visam

1982 3338 2223 3404 arripere
2250 3350 2315 3390 ac
2346 3335 2581 3389 retinere
2608 3324 2861 3396 velimus,
2888 3333 3157 3388 eluceseet
3177 3329 3393 3399 quidem
3419 3341 3551 3380 cou-

1982 3428 2183 3483 cordia:
2226 3426 2453 3488 bonum,
2489 3424 2817 3480 discutietur
2850 3434 3031 3477 autem
3082 3416 3402 3475 schismatis
3449 3430 3555 3467 uu-

1983 3520 2077 3574 bes
2113 3535 2130 3572 :
2173 3532 2349 3585 neque
2399 3516 2538 3570 ultra
2583 3525 2678 3570 aut
2713 3515 2911 3584 iniquis
2956 3510 3423 3583 aggressionibus,
3457 3514 3551 3561 aut

1981 3611 2137 3666 vanis
2171 3609 2673 3665 concertationibus
2701 3607 3056 3677 sejuugemur
3086 3617 3115 3657 a
3154 3601 3437 3657 fratribus.
3471 3597 3547 3653 Ita

1983 3719 2148 3774 porro
2197 3702 2410 3758 sublato
2466 3701 2616 3763 odio,
2681 3700 3017 3769 placatisque
3063 3697 3274 3751 aversis
3326 3691 3551 3753 animis,

1983 3796 2144 3873 alteri
2189 3810 2313 3850 eum
2362 3795 2547 3849 alteris
2595 3793 2733 3846 bona
2779 3801 2964 3847 nostra
2999 3787 3549 3849 communicabimus,

1984 3887 2342 3957 amniumque
2390 3894 2446 3940 et
2476 3892 2838 3953 cognatorum
2890 3884 3012 3937 loco
3056 3880 3417 3935 habebimus:
3450 3890 3552 3930 nec

1983 3983 2090 4035 erit
2117 3980 2283 4035 ullum
2318 3981 2542 4033 omnino
2570 3979 2797 4036 bonum.
2830 3974 2973 4045 quod
3017 3988 3123 4025 non
3165 3971 3291 4025 site
3320 3967 3559 4036 vestigio;

1983 4079 2326 4127 secuturum.
2371 4070 2482 4136 Ego
2511 4081 2641 4121 vero
2673 4067 2834 4120 etiam
2865 4062 3117 4130 dixerim,
3151 4059 3252 4113 etsi
3283 4059 3550 4110 bonorum

1982 4164 2231 4218 omnium
2264 4160 2534 4230 iacturam
2567 4172 2816 4212 essemus
2846 4154 3069 4218 facturi,
3096 4160 3151 4207 et
3185 4147 3429 4218 vagaturi
3456 4161 3553 4218 per

1983 4254 2166 4308 orbem
2198 4253 2386 4321 inopes
2415 4258 2469 4306 et
2510 4249 2723 4321 inglorii
2765 4256 2982 4319 propter
3029 4245 3323 4300 maximam
3353 4243 3420 4296 de
3462 4254 3555 4295 vc-

1984 4347 2144 4401 ritate
2191 4344 2635 4409 sollicitudinem,
2681 4349 2736 4397 et
2767 4340 2965 4397 seriam
3002 4340 3122 4408 ejus
3150 4337 3554 4397 tractationem,

1986 4439 2120 4494 nihil
2164 4447 2345 4493 tamen
2376 4437 2444 4492 de
2489 4434 2674 4491 studio
2717 4449 2827 4504 quo
2865 4433 3012 4487 illam
3050 4428 3400 4501 inquirimus,
3432 4440 3557 4481 esse

304 4526 417 4578 δεῖν
448 4525 550 4594 τῆς
598 4521 729 4591 περὶ
755 4521 959 4591 ταύτην
1004 4521 1240 4591 σπουδῆς
1283 4522 1463 4575 ὁτιοῦν
1516 4525 1882 4594 καθυφεῖναι·

1990 4533 2217 4590 omnino
2275 4528 2707 4595 remittendum;
2766 4542 2867 4581 nec
2921 4526 3066 4581 aliud
3125 4520 3553 4579 existimandum

311 4616 449 4686 μηδὲ
474 4602 723 4682 νομίζειν
755 4611 884 4665 ἀλλο
946 4629 998 4665 τι
1060 4612 1119 4665 τὸ
1170 4613 1438 4683 ἡμέτερον
1480 4616 1685 4684 ἀγαθὸν
1741 4616 1881 4687 πλὴν

306 4708 544 4777 ταύτης,
572 4709 666 4760 καὶ
707 4705 807 4775 τὴν
836 4703 1192 4775 ἀνθρωπίνην
1220 4705 1590 4775 εὐδαιμονίαν.
1630 4706 1807 4764 Ὅπου
1830 4708 1887 4763 δι

308 4803 405 4855 καὶ
430 4799 606 4854 τᾶλλα
640 4798 730 4852 διὰ
755 4796 965 4868 ταύτην
1000 4798 1131 4867 ἡμῖν
1161 4798 1468 4869 περιέσται,
1501 4800 1648 4855 οῦτω
1693 4819 1753 4854 τε
1782 4800 1883 4870 τῆς

308 4892 418 4946 τῶν
452 4891 803 4962 πραγμάτων
828 4889 1047 4959 φύσεως
1094 4891 1462 4962 ἀπαιτούσης,
1494 4892 1590 4946 καὶ
1619 4891 1712 4947 τοῦ
1747 4891 1884 4947 Θεοῦ

311 4986 643 5058 χάριν“ήμῖν
669 4985 768 5053 τῆς
801 4986 931 5054 περὶ
965 4984 1025 5037 τὸ
1064 4985 1354 5039 κάλλιστόν
1397 5003 1457 5039 τε
1488 4985 1584 5041 καὶ
1612 4986 1886 5041 θειότατον

312 5078 704 5150 πραγματείας
736 5078 973 5131 ἐκτίνειν
996 5077 1302 5143 ἐθέλοντος,
1337 5079 1455 5144 πῶς
1491 5079 1553 5133 ού
1590 5083 1685 5132 καὶ
1713 5079 1886 5152 ταύτῃ

312 5173 554 5242 μάλιστα
583 5170 674 5223 τοῦ
732 5171 1017 5240 χρήματος
1067 5173 1437 5236 φροντιστέον,
1499 5176 1594 5227 καὶ
1648 5173 1887 5226 σπουδασ
1932 5226 1935 5231 ,

312 5264 470 5316 στέον
497 5262 628 5315 αὐτὸ
684 5262 869 5313 λαὸεῖν
921 5262 1021 5332 ὅση
1076 5261 1304 5330 δύναμις
1340 5263 1507 5327 ;”Οτι
1544 5264 1601 5318 δὲ
1638 5265 1758 5318 οὐδὲ
1788 5266 1888 5333 τῆς

313 5358 543 5426 εἰρήνης
572 5354 729 5406 ἄλλον
768 5355 889 5405 τινὰ
927 5354 1137 5423 τρόπον
1174 5354 1598 5426 καθισταμένης,
1628 5358 1888 5424 ἀσφαλῶς

312 5447 445 5514 ἡμῖν
505 5443 798 5496 ἀπολαύειν
850 5441 1087 5508 ἐξέσται,
1136 5440 1253 5495 ἀλλ’
1317 5441 1434 5504 ἑνός
1494 5460 1638 5506 τινος
1691 5442 1887 5513 ἀηδοῦς

311 5534 679 5604 ὁποτέρωθεν,
727 5531 816 5586 οἷα
869 5531 1022 5602 φιλεῖ
1071 5530 1343 5600 γίνεσθαι,
1394 5533 1885 5600 συμπεπτωκότος,

318 5629 594 5699 πρόφασιν
638 5625 977 5695 ποιησόμεθα
1006 5626 1241 5695 πολέμου
1272 5625 1369 5678 καὶ
1426 5625 1609 5697 μάχης
1656 5627 1756 5696 τὴν
1791 5626 1890 5680 ἐπὶ

315 5721 426 5779 τῶν
465 5718 754 5787 δογμάτων
811 5718 1180 5785 ἀσυμϐασίαν,
1217 5718 1311 5771 καὶ
1361 5717 1524 5771 πάλιν
1580 5720 1756 5790 ὀνείδη
1795 5720 1887 5773 καὶ

316 5814 633 5889 συγγραφαὶ
664 5811 781 5873 κατ’
824 5811 1067 5883 ἀλλήλων
1101 5811 1282 5880 ἕξουσι
1314 5810 1520 5887 χώραν,
1577 5814 1669 5866 καὶ
1702 5812 1757 5865 τὺ
1785 5814 1887 5884 μᾲ-

1989 4626 2187 4682 bonum
2224 4633 2489 4684 nostrum,
2525 4619 2641 4676 sive
2672 4620 2987 4674 felicitatem
3017 4618 3335 4676 humanam,
3360 4620 3558 4680 praeter

1989 4721 2126 4773 hanc
2171 4718 2370 4787 ipsam.
2414 4714 2550 4769 Cum
2604 4714 2772 4783 igitur
2815 4719 2870 4764 et
2928 4710 3136 4775 reliqua
3186 4715 3405 4775 propter
3433 4716 3553 4758 eant

1988 4824 2275 4864 accessura
2305 4808 2436 4869 sint,
2465 4808 2537 4861 ita
2569 4819 2755 4861 rerum
2795 4811 2989 4857 natura
3028 4800 3295 4867 exigente,
3332 4796 3556 4864 Deoque

1990 4914 2089 4954 nos
2136 4909 2355 4969 propter
2402 4912 2540 4966 opus
2588 4894 3013 4965 pulcherrimum
3046 4905 3110 4945 ac
3152 4888 3552 4944 divinissimum

1990 5002 2347 5044 remunerare
2397 4987 2633 5050 volente,
2682 5000 2784 5039 cur
2828 4984 2971 5039 haue
3005 4984 3168 5037 etiam
3212 4982 3283 5037 ob
3333 4996 3554 5037 causam

1988 5095 2094 5134 nou
2142 5081 2212 5136 sit
2242 5079 2313 5134 de
2363 5082 2463 5133 hac
2505 5093 2564 5132 re
2607 5078 2847 5132 maxime
2891 5076 3266 5145 cogitandum.
3319 5076 3558 5143 totisque

1987 5174 2194 5228 viribus
2228 5171 2292 5226 ad
2348 5172 2742 5241 assequendam
2792 5186 2909 5224 eam
2960 5170 3364 5224 laborandum?
3399 5167 3554 5234 Quod

1989 5275 2118 5314 vero
2158 5260 2202 5314 si
2233 5276 2333 5329 pax
2364 5260 2469 5314 alia
2511 5262 2705 5331 quavis
2749 5262 2957 5315 ratione
3007 5262 3115 5325 liat,
3154 5262 3309 5314 nobis
3345 5275 3405 5313 ea
3439 5268 3558 5311 tuto

1988 5353 2090 5408 frui
2128 5368 2235 5406 non
2268 5353 2472 5419 licebit,
2506 5357 2600 5408 sed
2648 5369 2710 5408 ex
2742 5354 2948 5408 utravis
2981 5362 3157 5422 parte,
3206 5367 3264 5406 re
3298 5350 3553 5420 quapiam

1991 5445 2194 5499 minus
2217 5445 2455 5517 jucunda
2488 5447 2856 5517 contingente,
2891 5446 3016 5499 belli
3065 5460 3129 5499 ac
3162 5456 3352 5512 pugnat
3390 5457 3553 5496 ocra-

1990 5542 2073 5596 sio
2103 5542 2192 5595 fiet
2222 5541 2594 5608 discrepantia
2640 5544 2973 5609 dogmatum,
3008 5551 3061 5593 rt
3111 5552 3302 5591 rursus
3344 5535 3560 5605 probris

1990 5640 2044 5683 et
2097 5632 2486 5700 scriptionibus
2537 5631 2928 5686 conﬂictationi
2983 5640 3181 5684 mutuae
3232 5628 3385 5681 locus
3416 5629 3551 5692 erit,

1990 5732 2043 5777 ct
2072 5723 2248 5777 inanis
2282 5723 2552 5778 videbitur
2586 5733 2697 5777 tota
2732 5722 2844 5776 hate
2872 5737 3053 5775 rerum
3086 5722 3363 5773 iuuuvatio
3399 5738 3413 5775 :
3450 5734 3551 5784 ego

1990 5814 2208 5886 quidem
2249 5815 2555 5881 ostendere,
2596 5813 2847 5889 quamvis
2888 5813 3038 5869 nullo
3070 5811 3286 5884 negotio
3313 5812 3546 5883 possint,

3959 3070 3961 3199 φ
