3976 6452
326 360 431 424 425

1478 352 1764 410 ORATIO
1808 353 1829 410 Ι
1876 354 1974 410 AD
2019 354 2399 412 bYNODUM.

2304 228 2357 251 ’κ

3469 347 3577 414 ίῖθ

329 484 510 547 μένων
531 476 778 544 εἰρήνην,
810 472 887 540 τῷ
921 471 1057 538 μετὰ
1094 469 1227 522 Θεοῦ
1260 468 1511 536 γενέσθαι
1543 471 1610 538 τῇ
1639 468 1735 534 τῆς
1763 470 1895 534 ἀλη-

2023 470 2297 538 luiruntur
2329 482 2535 536 pacem,
2576 468 2618 522 si
2671 480 2734 523 ea
2791 452 2901 522 Deo
2929 467 3150 535 juvante
3182 468 3272 522 ﬁat
3307 483 3436 523 cum
3490 469 3575 522 in-

328 573 481 631 θείας
504 567 744 638 εὑρέσει,
772 567 868 617 καὶ
894 564 1029 634 πρὸς
1071 565 1277 615 ἐκεῖνον
1308 560 1544 630 ἡνῶσθαι
1570 560 1768 623 καλῶς,
1806 560 1899 611 καὶ

328 666 400 719 τὰ
421 663 587 714 λοιπὰ
619 659 713 714 δύο
750 658 1019 709 σύνεστιν.
1078 655 1287 706 Ἐκεῖνο
1322 652 1504 705 τοίνυν
1538 652 1901 705 σπουδαστέον

330 756 517 807 λαϐεῖν
547 753 672 811 τοὺς
693 749 793 818 τῆς
821 744 1058 816 ἀληθοῦς
1082 746 1303 815 εἰρήνης
1326 743 1747 812 ἐπιθυμοῦντας
1772 743 1904 797 τας)-

332 865 427 915 της
478 845 521 897 δ’
576 840 867 909 ἐπιθυμεῖν
915 838 1152 907 ἀνάγκη,
1208 838 1302 890 καὶ
1343 835 1521 888 πάντα
1554 835 1761 887 ἐλάττω
1808 835 1902 887 τοῦ

335 936 591 991 τοσούτου
616 933 863 1001 νομίζειν
894 930 1059 983 καλοῦ
1089 929 1217 991 τοὺς
1250 929 1419 998 ἀρετῇ
1448 927 1540 979 καὶ
1561 926 1719 993 λόγου
1747 926 1906 980 δυνά-ο

344 1049 431 1101 μει
463 1030 570 1082 τῶν
603 1023 924 1094 ἁπανταχοῦ
974 1024 1351 1093 διαφέροντας,
1397 1022 1492 1074 καὶ
1520 1014 1784 1072 κινδύνων
1812 1020 1907 1072 καὶ

347 1127 519 1179 πόνων
543 1120 977 1189 ἀνασχομένους,
1004 1112 1078 1171 ὧν
1100 1117 1163 1170 ἄν
1189 1134 1273 1179 τις
1289 1114 1526 1177 τοιοῦτος
1544 1114 1617 1167 ὢν
1635 1114 1773 1183 ὑπὲρ
1798 1114 1907 1167 τῶν

351 1216 614 1285 μεγίστων
644 1213 820 1280 μόνων
850 1210 1178 1277 ὑφίστασθαι
1215 1208 1523 1276 βουληθείη.
1579 1207 1686 1260 Καὶ
1734 1205 1909 1273 ζηλω-

350 1313 467 1362 τέον
500 1308 593 1375 μὲν
633 1305 760 1366 τοὺς
810 1302 901 1355 ἐπὶ
933 1302 1039 1353 τῶν
1077 1301 1359 1369 προτέρων
1402 1299 1608 1368 χρόνων
1660 1299 1907 1364 Πατέρας

351 1403 438 1452 καὶ
467 1396 834 1456 διδασκάλους,
869 1394 919 1445 οἳ
945 1391 1169 1443 πλεῖστα
1205 1392 1301 1458 μὲν
1330 1390 1469 1458 ὑπὲρ
1494 1389 1593 1458 τῆς
1626 1390 1733 1441 τῶν
1760 1387 1911 1439 ἀδελ-

352 1494 463 1563 φῶν
488 1488 822 1559 ἠγωνίσαντο
843 1484 1132 1555 σωτηρίας,
1155 1483 1215 1535 τὺ
1237 1482 1358 1535 καθ’
1389 1482 1550 1534 αὑτὸν
1573 1480 1761 1550 ζητεῖν
1780 1478 1910 1531 ἕκα-

347 1603 465 1648 στος
496 1584 591 1637 καὶ
620 1582 799 1635 πόνων
846 1575 1193 1646 ἀπηλλάχθαι
1248 1572 1537 1642 δυνάμενοι
1560 1612 1574 1635 ,
1610 1572 1677 1623 τά
1706 1571 1760 1623 δὲ
1789 1570 1909 1621 τότε

337 1678 433 1739 τὰς
458 1678 565 1728 τῶν
601 1672 905 1741 ἀνθρώπων
938 1668 1276 1739 θορυϐοῦντα
1297 1666 1476 1735 ψυχὰς
1510 1667 1574 1718 ὲκ
1615 1666 1778 1733 μέσου
1817 1672 1913 1714 πε-

340 1769 628 1839 ριελόντες,
666 1765 757 1816 καὶ
783 1766 848 1832 τῇ
887 1761 1132 1831 μαχαίρᾳ
1154 1760 1246 1813 τοῦ
1286 1758 1598 1827 [Ινεύματος
1627 1756 1687 1809 τὸ
1712 1754 1910 1825 ψεῦδος

2012 564 2265 617 ventione
2298 562 2560 622 veritatis,
2620 572 2673 615 et
2715 576 2810 629 per
2865 576 2982 613 eam
3032 561 3131 627 ipsi
3183 562 3288 615 Deo
3336 560 3577 630 perfecte

2009 655 2373 717 adlueremus,
2413 653 2618 721 reliqua
2682 655 2843 708 etiam
2905 654 3016 707 duo
3078 660 3395 722 sequentur.
3440 652 3577 707 Illud

2009 747 2170 815 igitur
2190 746 2347 800 avide
2371 745 2701 814 captandum
2768 754 2851 799 est
2890 746 2953 799 iis
2982 745 3075 815 qui
3114 760 3311 799 veram'
3354 746 3580 814 cupiunt

2010 854 2197 907 pacem
2230 854 2244 890 :
2272 839 2411 891 hanc
2442 852 2569 891 vero
2629 838 2853 906 cupiant
2894 851 3118 891 necesse
3161 847 3265 900 est,
3318 845 3582 905 tantoque

2010 929 2149 983 bono
2166 927 2343 981 omnia
2360 928 2562 981 ducant
2582 925 2858 987 inferiora,
2899 927 2992 995 qui
3029 928 3225 981 virtute
3251 929 3584 994 rationisque

2012 1020 2323 1089 praastautia
2356 1017 2610 1073 omnibus
2636 1019 2987 1080 antecellunt,
3045 1026 3098 1073 et
3132 1018 3371 1089 pericula
3429 1018 3583 1073 labo-

2012 1127 2208 1179 resque
2232 1118 2617 1180 susceperunt,
2654 1125 2775 1179 quze
2804 1110 2929 1180 quis
2959 1111 3098 1165 adeo
3127 1111 3442 1178 przecellens
3480 1125 3575 1179 pro

2013 1204 2182 1259 rebus
2212 1215 2421 1257 tantum
2461 1204 2715 1259 maximis
2747 1202 2941 1259 subire
2971 1203 3221 1259 voluerit.
3278 1205 3345 1259 Et
3385 1204 3583 1271 imitari

2013 1309 2146 1348 sane
2169 1303 2383 1363 oportet
2415 1295 2658 1363 priorum
2685 1305 2987 1364 temporum
3012 1295 3198 1350 Patres
3228 1310 3289 1350 ac
3309 1297 3581 1358 doctores,

2015 1387 2106 1451 qui
2142 1385 2436 1454 plurimum
2468 1400 2564 1454 pro
2600 1387 2776 1440 salute
2803 1385 3034 1439 fratrum
3059 1386 3417 1450 desudarunt,
3457 1401 3580 1440 cum

2013 1487 2239 1548 possent
2266 1478 2502 1547 quisque
2534 1493 2631 1533 sua
2662 1492 2921 1548 quaerere,
2955 1485 3009 1531 et
3047 1478 3262 1533 labores
3301 1479 3542 1533 devitarc
3572 1497 3586 1530 :

2014 1573 2109 1641 qui
2164 1571 2393 1628 sublatis
2448 1588 2476 1626 e
2512 1573 2688 1627 medio
2741 1571 2926 1635 rebus,
2985 1587 3105 1641 qua:
3149 1582 3281 1626 tunc
3322 1574 3586 1641 temporis

2017 1665 2231 1720 animos
2269 1666 2547 1718 hominum
2582 1665 2897 1726 turbabant,
2933 1681 3057 1718 cum
3106 1654 3291 1719 verum
3351 1680 3379 1717 a
3433 1679 3591 1718 men.

2018 1756 2175 1811 dacio
2216 1754 2453 1824 Spiritus
2491 1757 2670 1824 gladio
2716 1758 3075 1811 secreviSseut
3139 1770 3325 1823 pacem
3355 1756 3591 1825 posteris

335 1861 427 1913 τοῦ
469 1857 703 1929 ἀληθοῦς
748 1854 1153 1923 διακρίναντες,
1201 1852 1427 1922 εἰρήνην
1474 1850 1739 1918 εἰλικρινῆ
1797 1850 1908 1908 τοῖς

2023 1849 2219 1917 liquere
2240 1848 2725 1918 sinceram,quam
2761 1850 2915 1918 longa
2970 1865 3076 1901 non
3145 1847 3383 1903 turbavit
3435 1856 3587 1906 aetas,

342 1956 475 2019 μετὰ
504 1950 681 2002 ταῦτα
712 1948 1027 2000 κατέλιπονο
1055 1944 1121 2013 ἣν
1152 1945 1178 1995 ὁ
1210 1941 1416 2011 μακρὸς
1436 1941 1495 1993 οὑ
1526 1939 1744 2007 συνέχεε
1777 1938 1907 2006 χρό-

336 2064 447 2107 νος,
482 2044 593 2096 οὐδ’
644 2044 700 2096 αἱ
748 2041 857 2093 τῶν
893 2037 1147 2107 πονηρῶν
1202 2035 1507 2103 ἀνθρώπων
1557 2030 1906 2101 φιλονεικίαι.

339 2140 448 2191 Καὶ
482 2138 581 2205 τὴν
614 2135 840 2205 είρήνην
865 2132 1023 2186 ἄλλον
1051 2131 1254 2199 τρόπον
1296 2126 1604 2195 οἰκονομεῖν
1646 2121 1785 2190 ἐξὸν,
1813 2122 1912 2174 οὑκ

336 2229 650 2295 ὴνέσχοντω
682 2225 742 2276 οὑ
771 2224 878 2293 γὰρ
908 2221 1111 2291 ᾔδεσαν
1142 2218 1327 2281 αὐτοῖς
1373 2234 1433 2270 τε
1481 2216 1782 2285 προσῆκον,
1817 2212 1913 2265 καὶ

336 2320 430 2372 τοῦ
458 2317 741 2379 κινοῦντος
775 2316 867 2367 ἐπὶ
893 2313 1065 2368 ταῦτα
1096 2310 1413 2380 Πνεύματος
1444 2309 1613 2374 ἄξιον·
1650 2308 1744 2359 καὶ
1781 2308 1915 2375 μᾶ).-

337 2410 429 2461 λον
479 2408 647 2479 ᾤοντο
694 2407 844 2468 δίκας
895 2405 1118 2473 ὑφέξειν
1173 2397 1247 2457 ὧν
1280 2403 1567 2471 δυνάμενοι
1621 2400 1719 2454 σὺν
1764 2400 1913 2467 πόνῳ

341 2504 607 2570 πράττειν
642 2498 925 2567 ἠμέλησαν
958 2496 1045 2560 ἂν,
1080 2496 1114 2566 ἢ
1141 2495 1249 2550 τῶν
1273 2494 1487 2564 ἀφελῶς
1513 2492 1715 2548 οὑτωσὶ
1743 2509 1915 2563 πρατ-

340 2595 589 2661 τομένων
620 2594 780 2645 ἕνεκα
809 2591 1031 2661 μισθούς
1078 2607 1229 2652 τινας
1256 2587 1524 2657 λήψεσθαι
1551 2628 1563 2640 .
1605 2586 1764 2656 Ὑμῖν
1794 2586 1838 2637 δ’
1869 2585 1917 2636 εί

345 2688 439 2739 καὶ
475 2685 716 2754 μηδεμία
762 2682 985 2750 τοιαύτη
1007 2680 1221 2743 σύνοδος
1269 2676 1358 2749 ἦν,
1392 2678 1529 2745 πρὸς
1567 2679 1631 2747 ἣν
1662 2677 1768 2728 ἔδει
1801 2674 1918 2745 βλέ-

347 2791 550 2835 ποντας
581 2771 902 2841 κατορθοῦν,
959 2770 1168 2823 οἴκοθεν
1199 2771 1380 2839 εὑρεῖν
1408 2769 1469 2820 τὸ
1499 2771 1710 2835 πρέπον
1744 2767 1920 2836 ἣρμοο

349 2884 442 2917 σεν
474 2867 559 2928 ἂν,
591 2865 683 2918 καὶ
736 2864 1082 2932 παράδειγμα
1124 2863 1217 2914 καὶ
1264 2861 1434 2914 τύπον
1488 2861 1674 2921 ἄλλαις
1708 2858 1919 2912 ἱστάναι

344 2960 464 3018 ταῖς
494 2958 623 3017 ἴσως
658 2954 794 3024 μετὰ
821 2953 993 3005 ταῦτα
1022 2953 1451 3023 γενησομέναις,
1487 2952 1649 3021 σοφίᾳ
1689 2950 1789 3016 μὲν
1827 2950 1922 3001 ού-

341 3050 537 3114 ὀεμιας
563 3047 785 3098 ἐκείνων
814 3045 1033 3098 ἔλαττον
1064 3045 1303 3114 ἔχουσιν,
1335 3044 1502 3113 ἀρετῇ
1539 3042 1594 3095 δὲ
1634 3042 1792 3109 ὀλίγα
1816 3040 1926 3094 λει-

346 3142 606 3208 πομέκιοις
636 3139 896 3206 ἑκάστης,
938 3136 1014 3206 τῷ
1044 3137 1099 3188 δὲ
1148 3137 1343 3206 πλήθει
1374 3137 1465 3187 καὶ
1498 3137 1702 3204 σφόδρα
1734 3135 1923 3188 πασῶν

340 3233 479 3300 ὁμοῦ
509 3233 878 3301 διαφέρουσιν.
916 3230 1090 3282 ’Ὅπου
1122 3228 1176 3279 δὲ
1218 3228 1491 3289 τοσούτοις
1540 3227 1917 3297 παραδείγμα-

343 3345 429 3377 σιν
466 3327 659 3393 ἔχομεν
683 3322 916 3393 χρῆσθαι
945 3323 1039 3374 καὶ
1069 3321 1211 3373 οῦιω
1255 3320 1460 3385 καλοῖς,
1499 3321 1619 3373 οὐδὲ
1656 3320 1918 3388 βουλομέ-

340 3437 455 3479 νοις
478 3417 653 3481 ἔξεστι
697 3416 979 3483 ῥᾳθυμεῖν,
1017 3413 1121 3473 ’ἐως
1158 3411 1223 3465 ἂν
1260 3413 1391 3479 ἡμῖν
1446 3410 1740 3481 προσήκειν
1770 3413 1916 3482 ἡγώ-

345 3514 487 3580 μεθα
509 3508 605 3569 τὰς
636 3508 786 3576 παρὰ
812 3504 907 3557 τοῦ
932 3503 1067 3557 Θεοῦ
1094 3504 1187 3556 καὶ
1216 3504 1324 3554 τῶν
1345 3503 1645 3571 ἀνθρώπων
1678 3503 1917 3573 μέμψεις

341 3602 736 3673 φυλάττεσθαι.
769 3602 841 3653 Oi)
871 3600 980 3667 γὰρ
1008 3599 1179 3668 δήπου
1210 3598 1333 3659 τοὺς
1376 3597 1473 3666 μὲν
1504 3596 1695 3658 ἄλλους
1738 3595 1918 3648 ἃπαν-

338 3713 439 3758 τας
477 3698 531 3747 ἐν
561 3690 640 3755 οἷς
686 3694 1015 3762 πράττουσιν
1074 3689 1380 3758 ἀξιώσομεν
1414 3690 1539 3750 τοὺς
1581 3691 1639 3741 ἐν
1689 3691 1919 3749 ἐκείνοις

338 3787 722 3852 διενεγκόντας
769 3782 987 3850 ζηλοῦν,
1029 3781 1128 3834 κᾶν
1156 3780 1230 3842 ὠς
1264 3781 1473 3843 ἔξεστιν
1507 3779 1704 3847 ἄριστα
1760 3778 1919 3830 τοῦτο

345 3880 580 3932 ποιῶσιν
617 3875 1036 3944 ἐπαινεσόμεθα,
1068 3875 1225 3943 ἡμεῖς
1257 3873 1312 3924 δὲ
1340 3872 1669 3941 τηλικούτων
1720 3874 1921 3941 ἠμελη-

343 3977 507 4035 κὸτες
538 3970 900 4041 πραγμάτων,
933 3968 1037 4033 ἔξω
1066 3967 1249 4035 ψόγων
1282 3964 1519 4035 ἐσόμεθα
1543 3982 1555 3996 ·
1582 3967 1640 4017 τὸ
1676 3966 1780 4033 γάρ
1820 3966 1922 4031 τῆς

345 4069 637 4138 μιμήσεως
675 4066 730 4116 ἐν
783 4062 954 4116 ἆπασι
1001 4064 1112 4124 τοῖς
1163 4055 1344 4119 καλοῖς
1388 4059 1485 4128 τὴν
1543 4060 1663 4129 ἴσην
1688 4059 1921 4128 δύναμιν

344 4161 484 4228 ἔχει’
521 4158 614 4209 καὶ
638 4156 759 4216 τοὺς
783 4156 840 4205 ἐν
870 4157 983 4215 τοῖς
1011 4150 1285 4221 μεγίστοις
1314 4149 1518 4218 ταύτην
1551 4150 1923 4217 παραιτουμέ-

344 4269 497 4315 νους,
529 4252 584 4303 ἐν
638 4244 715 4310 οἷς
749 4245 841 4300 καὶ
896 4245 1094 4314 μείζων
1125 4245 1154 4295 ὁ
1187 4243 1287 4312 τῆς
1332 4244 1661 4313 διαμαρτίας
1723 4241 1923 4298 ὕπεστι

346 4344 615 4406 κίνδυνος,
672 4339 822 4393 οὐδὲν
856 4318 1205 4406 ἐξαιρεῖσθαιῖ
1244 4335 1341 4405 τῆς
1388 4332 1614 4400 εὐλόγου
1661 4331 1923 4401 μέμψεως

342 4435 590 4486 δύναται.
653 4430 815 4482 Ἀλλὰ
852 4430 958 4496 μὴν
1002 4426 1113 4478 οὐδ’
1142 4424 1293 4476 ἔστιν
1329 4425 1525 4488 εἰπεῖν,
1585 4421 1659 4482 ὡς
1688 4422 1817 4475 ἄλλο
1871 4439 1923 4474 τι

2013 1958 2110 1995 nec
2144 1956 2436 2011 pravorum
2485 1943 2769 1995 hominum
2829 1943 3238 2006 contentiones;
3304 1956 3411 1994 non
3462 1951 3591 1995 sunt

2013 2049 2143 2087 vero
2168 2036 2312 2102 passi
2349 2034 2451 2087 alia
2496 2035 2603 2090 via.
2636 2049 2759 2087 cum
2822 2041 3067 2102 possent»,
3101 2048 3283 2101 pacem
3313 2042 3588 2100 utcunque

2014 2126 2304 2195 componi;
2338 2126 2582 2181 sciebant
2612 2125 2827 2180 enimid
2860 2142 2960 2180 nec
2991 2126 3092 2181 sibi
3110 2127 3433 2191 convenire,
3482 2142 3582 2180 nec.

2017 2218 2264 2288 Spiritui,
2303 2233 2410 2289 quo
2436 2222 2500 2272 ad
2538 2219 2625 2272 illa
2659 2218 3038 2283 movebantur,
3096 2227 3149 2273 et
3178 2234 3336 2289 pinna
3383 2234 3441 2275 se
3486 2235 3588 2289 po-

2019 2313 2127 2367 tius
2174 2313 2488 2367 multandos
2547 2312 2886 2382 judicabant,
2935 2314 2978 2368 si
3026 2328 3149 2383 quae
3206 2323 3426 2383 possent
3462 2330 3584 2368 cum

2017 2404 2200 2458 labore
2237 2404 2530 2469 perlicere,
2582 2405 2969 2473 neglexissent,
3022 2420 3184 2474 quam
3251 2405 3434 2474 aliquo
3480 2404 3591 2459 alli-

2017 2499 2239 2552 ciendos
2263 2498 2507 2567 prmmio,
2537 2501 2580 2551 si
2616 2513 2703 2553 res
2752 2498 2940 2552 leviter
2966 2507 3017 2553 et
3051 2498 3422 2568 perfunctorie
3469 2515 3591 2569 ges-

2018 2592 2239 2646 sissent.
2267 2591 2535 2645 Caeterum
2570 2590 2747 2653 vobis,
2780 2591 2906 2645 licet
2966 2592 3111 2646 nulla
3161 2592 3289 2647 talis
3351 2606 3588 2661 prmccs-

2020 2683 2185 2736 sisset
2207 2682 2471 2751 synodus,
2513 2683 2582 2736 ad
2613 2682 2772 2752 cujus
2797 2684 3105 2754 exemplum
3152 2701 3242 2741 res
3301 2693 3426 2754 apte
3478 2684 3592 2738 ﬁeri

2021 2776 2305 2838 deberent,
2373 2790 2437 2829 ex
2508 2775 2659 2830 vobis
2699 2776 2831 2845 ipsis
2906 2788 3233 2847 congrueret
3278 2778 3595 2833 adinvenire

2024 2866 2168 2936 quod
2195 2866 2433 2931 deceret,
2471 2874 2527 2919 ut
2555 2867 2834 2935 exemplar
2880 2877 2936 2921 et
2986 2882 3177 2921 norma
3211 2869 3408 2923 essetis
3452 2869 3593 2930 aliis,

2024 2973 2143 3028 quae
2179 2968 2363 3027 postea
2393 2958 2622 3013 fortasse
2657 2959 2807 3024 fient,
2838 2975 2959 3013 cum
3004 2961 3057 3014 in
3092 2962 3243 3016 vobis
3294 2961 3438 3016 haud
3496 2964 3597 3015 mi»
3642 2976 3649 2981 ·

2024 3066 2127 3105 nor
2152 3051 2280 3105 insit
2308 3066 2470 3120 quam
2514 3051 2686 3105 cuivis
2715 3052 2926 3105 illarum
2958 3055 3181 3107 scicntia
3210 3072 3222 3121 ;
3256 3056 3453 3109 virtute
3501 3071 3598 3109 au-

2029 3151 2135 3197 tem
2166 3158 2274 3196 non
2306 3143 2475 3195 multo
2508 3143 2749 3197 minores
2792 3159 3119 3215 unaquaque
3170 3146 3311 3209 sitis.
3350 3147 3594 3200 multitu-

2028 3236 2153 3289 dine
2210 3250 2340 3289 vero
2398 3234 2557 3289 simul
2609 3247 2835 3289 cunctas
2884 3236 3042 3304 longe
3087 3238 3248 3292 etiam
3304 3241 3595 3309 superetis.

2029 3329 2182 3383 Nunc
2247 3340 2427 3383 autem
2464 3345 2585 3383 cum
2640 3338 2800 3384 tot‘ret
2848 3340 2955 3384 tam
3007 3332 3264 3400 prmclara
3311 3342 3602 3402 suppetant

2029 3421 2185 3474 nobis
2214 3420 2481 3488 exempla,
2521 3436 2618 3474 nec
2653 3421 2698 3475 si
2732 3420 2961 3475 velimus
3020 3422 3260 3491 quidem,
3308 3439 3600 3494 possumus

2028 3513 2326 3567 oscitanter
2356 3528 2536 3582 agere,
2565 3513 2693 3566 dum
2736 3515 3030 3568 convenire
3063 3516 3219 3571 nobis
3274 3532 3600 3573 censeamus

2030 3608 2160 3660 illud
2191 3621 2403 3673 cavere,
2429 3622 2495 3662 ne
2529 3608 2581 3661 in
2619 3608 2709 3661 Dei
2737 3618 2789 3662 et
2829 3609 3105 3662 hominum
3148 3612 3623 3679 reprehensiones

2034 3698 2407 3752 incurramus.
2436 3696 2617 3767 Neque
2644 3700 2787 3752 enim
2814 3700 2968 3767 plane
2990 3700 3208 3771 dignum
3236 3701 3601 3770 judicabimus

2030 3792 2165 3848 alios
2191 3794 2410 3861 quidem
2456 3808 2651 3846 omnes
2702 3792 2753 3845 in
2799 3791 3016 3862 iisquae
3062 3804 3252 3861 agunt,
3309 3796 3601 3849 imitandus

2030 3886 2134 3941 sibi
2166 3900 2261 3940 eos
2290 3900 2615 3954 proponere,
2638 3885 2730 3953 qui
2754 3884 2821 3939 ad
2862 3886 3070 3953 agenda
3107 3887 3195 3939 illa
3244 3887 3600 3954 praestiterint

2030 3975 2261 4038 caeteris,
2294 3983 2348 4028 et
2377 3974 2740 4038 laudabimus,
2761 3974 2805 4027 si
2832 3989 2991 4041 quam
3013 3975 3126 4027 fieri
3151 3975 3356 4043 optime
3381 3980 3595 4046 poterit,

2030 4084 2124 4122 eos
2184 4066 2532 4130 amuleutur,
2595 4082 2694 4120 nos
2737 4080 2866 4119 vero
2918 4068 3080 4122 tantis
3130 4068 3293 4123 rebus
3340 4069 3600 4139 neglectis

2032 4160 2189 4227 culpa
2220 4158 2557 4212 vacabimus.
2605 4156 2776 4235 liabet
2813 4158 2957 4211 enim
3010 4157 3242 4212 imitatio
3284 4159 3334 4214 in
3361 4163 3508 4216 omni
3544 4178 3601 4215 re

2032 4250 2260 4304 honesta
2312 4249 2531 4303 easdem
2597 4251 2761 4312 vires,
2808 4264 2903 4302 nec
2954 4253 3210 4320 estquod
3258 4266 3352 4307 eos
3396 4268 3425 4306 a
3454 4254 3599 4321 jttsta

2033 4338 2374 4395 incusatione
2397 4339 2572 4407 possit
2600 4338 2852 4403 liberare,
2883 4339 2974 4407 qui
3011 4356 3116 4395 non
3146 4340 3406 4397 adhibent
3456 4345 3599 4397 illam

2032 4433 2085 4487 in
2115 4432 2280 4487 rebus
2312 4432 2682 4501 gravissimis,
2734 4432 2786 4485 in
2829 4434 3029 4502 quibus
3076 4434 3240 4488 etiam
3288 4438 3467 4505 majus
3520 4450 3604 4491 Cri.

344 4528 460 4597 πρὸ
485 4526 583 4593 τῆς
630 4523 890 4592 ἀληθείας
936 4520 963 4571 ὁ
1012 4520 1120 4573 τῶν
1170 4517 1456 4588 μακαρίων
1508 4516 1668 4586 χορὸς
1716 4516 1917 4577 ἐκεῖνος

2034 4528 2333 4596 periculum
2368 4526 2650 4596 peccandi.
2680 4523 2792 4579 Nec
2845 4528 2950 4581 diri
3003 4536 3180 4596 petest
3227 4545 3257 4584 a
3320 4531 3476 4586 beato
3514 4532 3603 4585 illo

344 4618 640 4688 ἐσκέψατο,
678 4616 711 4687 ἢ
757 4613 887 4684 περὶ
917 4613 1024 4667 τῶν
1072 4611 1335 4664 ἑκάστοτε
1369 4607 1715 4681 ζητηθέντων
1776 4608 1925 4677 ἴχνος

344 4713 482 4782 γοῦν
508 4707 839 4780 ἀμφιϐολίας
856 4707 967 4769 τοῖς
1001 4706 1135 4774 μετὰ
1155 4701 1331 4756 ταῦτα
1360 4703 1676 4755 κατέλιπον·
1717 4700 1928 4769 φανερὰ

342 4809 457 4874 γὰρ
488 4808 551 4856 ὲκ
580 4803 687 4855 τῶν
720 4798 1131 4868 ὑπομνημάτων
1152 4798 1185 4865 ἡ
1227 4797 1355 4865 περὶ
1376 4795 1472 4865 τὴν
1496 4794 1757 4865 ἀλήθειαν
1790 4794 1931 4846 ὲκεί-

343 4916 457 4949 νων
485 4896 711 4964 σπουδὴο
743 4897 836 4944 καὶ
864 4892 962 4953 τὰς
990 4891 1109 4944 τότε
1144 4888 1457 4959 κινηθείσας
1488 4887 1728 4955 αἱρέσεις
1752 4886 1926 4949 οὑτως

344 4988 787 5058 απεστράφησαν
815 4986 1112 5054 ἄνθρωποι,
1154 4982 1286 5035 ὥσθ’
1319 4984 1370 5036 oi.
1422 4984 1519 5053 μὲν
1560 4982 1745 5036 πολλοὶ
1801 4981 1927 5052 μήτ’

344 5083 548 5145 εἰδότες
583 5080 709 5149 μήτ’
732 5079 946 5148 ἔχοντες
973 5075 1250 5144 ἐγκαλεῖν,
1284 5075 1357 5137 ὡς
1376 5077 1474 5144 τῆς
1505 5074 1762 5145 ἀληθείας
1794 5091 1925 5143 προ-

348 5180 556 5245 μάχους
590 5173 803 5236 ἀξιοῦσι
829 5172 996 5240 τιμᾷν
1030 5171 1155 5232 τοὺς
1199 5168 1319 5222 κατ’
1350 5169 1571 5221 ἐκείνων
1616 5168 1925 5238 ὴγωνισμέο

345 5284 490 5328 νουςυ
526 5268 572 5317 οἱ
597 5264 641 5316 δ’
673 5262 918 5334 ἀκριϐῶς
944 5262 1141 5324 ειδότες
1173 5262 1267 5314 καὶ
1294 5260 1401 5313 τῶν
1434 5260 1680 5314 ἀπίστων
1731 5259 1926 5329 incav-

342 5378 435 5410 ‘tlt
491 5360 704 5426 χείρους
749 5357 876 5418 τοὺς
932 5356 1156 5407 ἐκείνων
1216 5352 1721 5423 προστησαμένους.
1771 5351 1928 5404 Οῦτω

346 5453 502 5521 παρὰ
530 5452 691 5502 πᾶσιν
715 5447 1020 5519 ἀνθρώποις
1039 5449 1094 5501 ai
1116 5446 1223 5499 τῶν
1246 5444 1453 5516 ἀνδρῶν
1470 5445 1692 5497 ἐκείνων
1718 5444 1928 5513 κρίσεις

345 5545 686 5613 ἐκράτησαν.
728 5536 1004 5602 Ἐκείνους
1031 5541 1210 5592 τοίνυν
1256 5541 1392 5604 ὅπερ
1435 5532 1588 5590 εἷπον
1629 5537 1923 5607 ζηλωτέον·

348 5637 449 5690 καὶ
476 5637 549 5705 μὴ
579 5637 698 5697 ταῖς
737 5635 924 5696 ἄλλαις
972 5634 1131 5702 μόνον
1160 5634 1372 5701 τιμαῖς,
1421 5631 1555 5683 ἀλλὰ
1588 5631 1681 5682 καὶ
1715 5630 1790 5699 τῷ
1836 5648 1923 5699 μι-

352 5730 573 5801 μεῖσθαι
602 5729 831 5781 καθόσον
872 5728 1068 5795 ἔξεστι,
1123 5729 1214 5778 καὶ
1249 5724 1490 5795 νομίζειν
1554 5725 1810 5794 ἀρίστους
1846 5718 1926 5774 εί-

353 5841 446 5879 ναι
481 5823 816 5893 συμϐούλους
852 5824 907 5873 ἐν
944 5824 1055 5882 τοῖς
1092 5820 1355 5884 τοιούτοις
1398 5820 1490 5872 καὶ
1543 5818 1791 5888 ὁδηγοὺς,
1826 5818 1925 5888 την

608 5922 645 5979 i’
662 5935 877 5976 ιτιιυι..
918 5915 1033 5973 Gn.
1068 5910 1235 5971 CLX.

2032 4621 2253 4676 Patrum
2276 4630 2418 4677 ctetu
2452 4622 2618 4688 aliud,
2649 4636 2811 4691 quam
2844 4624 3144 4690 veritatem,
3171 4638 3292 4679 esse
3319 4626 3600 4693 agitatum,

2033 4724 2128 4770 aut
2158 4716 2224 4770 de
2252 4716 2417 4771 rebus
2447 4716 2760 4784 quibusque
2795 4715 2848 4768 in
2901 4716 3333 4770 controversiam
3393 4720 3602 4770 vocatis

2032 4808 2114 4861 vel
2174 4805 2532 4861 dubitationis
2593 4805 2883 4871 vestigium
2938 4806 3175 4874 posteris
3213 4807 3461 4861 relictum
3496 4825 3507 4859 :
3537 4824 3601 4861 ex

2035 4899 2383 4953 monimentis
2427 4898 2571 4952 enim
2619 4904 2672 4949 et
2726 4909 2906 4949 rerum
2963 4898 3378 4953 commentariis
3411 4899 3603 4968 liquet,

2032 5003 2294 5060 quantum
2326 4992 2402 5045 illi
2431 4991 2669 5044 studium
2699 4988 2753 5040 in
2790 4991 3069 5042 veritatem
3116 4989 3478 5047 contulerint.
3539 4992 3604 5045 Et

2033 5085 2248 5153 quidem
2291 5091 2508 5137 exortas
2532 5092 2645 5135 tum
2682 5081 2915 5137 bmreses
2951 5083 3024 5137 ita
3054 5084 3304 5140 homines
3364 5084 3600 5139 aversati

2034 5186 2181 5239 sunt,
2209 5176 2502 5245 utplurimi
2536 5174 2787 5243 quamvis
2815 5189 2913 5230 nec
2969 5175 3171 5242 sciant,
3218 5192 3315 5231 nec
3366 5175 3604 5229 habeant

2032 5271 2098 5325 de
2140 5284 2254 5337 quo
2308 5275 2740 5335 conquerantur,
2779 5266 2967 5322 Patres
3019 5277 3220 5335 tamen,
3274 5269 3366 5338 qui
3413 5276 3602 5321 centra

2034 5362 2157 5414 illos
2190 5360 2565 5424 decertarunt,
2600 5360 2807 5414 honore
2839 5359 3076 5414 alliciant
3102 5370 3159 5413 ut
3192 5359 3439 5414 veritatis
3472 5374 3602 5426 pru-

2032 5462 2364 5522 puguatores
2392 5468 2407 5517 ;
2434 5453 2526 5521 qui
2568 5468 2695 5506 vero
2730 5452 2866 5506 bene
2902 5460 3123 5517 norunt,
3185 5458 3244 5504 ut
3292 5449 3604 5503 inﬁdelibus

2031 5544 2193 5596 etiam
2228 5543 2449 5612 pejores
2475 5544 2711 5598 habeant
2747 5544 3124 5597 haereticorum
3198 5541 3413 5595 illorum
3454 5550 3606 5593 ante:

2032 5633 2312 5704 signanos.
2348 5634 2421 5687 Ita
2456 5636 2593 5703 apud
2637 5650 2826 5689 omnes
2850 5635 3103 5689 homines
3120 5634 3358 5689 virorum
3385 5632 3602 5689 illorum

2030 5728 2232 5797 judicia
2266 5739 2379 5783 rata
2413 5739 2562 5783 sunt.
2594 5729 2717 5783 illos
2741 5730 2925 5799 igitur,
2952 5728 3161 5792 utdixi,
3189 5728 3553 5791 :rmulandum
3587 5745 3602 5791 ;

2032 5833 2081 5875 et
2119 5836 2226 5876 non
2250 5823 2423 5877 solum
2454 5823 2575 5877 aliis
2626 5824 2948 5890 honoribus,
2985 5823 3076 5877 sed
3114 5822 3373 5875 imitando
3434 5821 3599 5875 etiam

3217 5913 3283 5972 Hi
