3976 6452
373 314 481 381 429

1551 314 1849 382 ORATIO
1886 319 1911 379 Ι
1940 318 2040 379 AD
2070 312 2458 380 SYNODUM.

3536 324 3644 389 430

370 432 547 503 πεζῆς
579 439 638 486 τε
675 430 771 486 καὶ
805 425 1067 502 ναυτικῆς
1107 433 1202 488 καὶ
1246 436 1572 506 στρατηγῶν
1600 438 1695 490 καὶ
1743 437 1932 509 καιρῶε

2058 432 2468 498 occasionibus,
2508 440 2561 487 et
2595 432 2856 504 tempere,
2895 436 3037 504 quod
3066 438 3137 493 sit
3170 435 3244 492 rei
3277 440 3643 511 magnitudini

368 527 462 580 καὶ
493 525 690 596 χρόνου
716 524 794 595 τῷ
824 526 1044 597 μεγέθει
1077 526 1174 581 τοῦ
1205 530 1537 598 πράγματος
1562 530 1948 602 ἰξαρκοῦντοςς

367 618 509 672 ὥστε
541 618 599 672 δὲ
634 619 758 688 περὶ
788 618 898 672 τῶν
924 620 1306 690 προκειμένων
1337 622 1549 693 τάληθῆ
1581 622 1950 694 διορίσασθαι,

367 714 462 766 καὶ
514 711 645 781 μίαν
683 711 814 783 περὶ
860 713 1069 767 τούτων
1118 715 1328 777 πάντας
1373 715 1603 785 γνώμην
1649 715 1857 779 λαϐεῖν,
1892 717 1953 769 τὸ

368 803 698 875 βουληθῆναι
744 805 905 873 μόνον
959 806 1202 877 ἀπόχρη,
1247 810 1338 861 καὶ
1387 808 1520 871 Θεὸς
1559 809 1769 863 ἀνωθεν
1815 812 1953 878 πρὸς

364 897 457 951 τὸν
489 897 697 951 σκοπὸν
730 896 926 952 ἰθύνων
957 900 1059 969 τὴν
1102 899 1378 971 βούλησιν,
1409 902 1504 955 καὶ
1544 902 1623 972 τῷ
1663 904 1808 956 τέλει
1850 902 1951 973 τὴν

365 988 656 1054 ἐπαινετὴν
692 990 989 1058 ἐπιθυμίαν
1034 993 1555 1063 προσάγωνςόστ⁹
1606 994 1653 1047 εἰ
1706 996 1800 1049 καὶ
1849 998 1952 1059 τὰς

369 1082 505 1135 κατά
521 1080 627 1133 τῶν
657 1081 902 1135 ἀπίστων
926 1083 1160 1152 μελέτας
1178 1086 1444 1157 δευτέρας
1470 1085 1759 1154 ἀξιοῦσθαι
1786 1105 1949 1159 φρον-

371 1176 532 1238 τίδος,
566 1176 662 1229 καὶ
696 1178 809 1240 τοίς
840 1180 969 1248 περὶ
1010 1180 1122 1233 τῶν
1152 1180 1444 1250 δογμάτων
1473 1182 1683 1250 ἀγῶσιν
1717 1183 1947 1238 ἔπεσθαι

376 1269 473 1333 δεῖ,
518 1268 618 1323 ποῦ
666 1273 832 1339 τιμὰς
887 1276 981 1328 καὶ
1019 1275 1300 1344 προσόδων
1330 1278 1589 1348 αὐξήσεις
1632 1279 1726 1332 κα)⁹
1759 1290 1950 1332 κοινω-

374 1361 489 1414 νίαν
531 1360 636 1414 τῶν
685 1362 1039 1435 ὑπαρχόντων
1086 1369 1184 1420 καὶ
1230 1368 1400 1422 τάλλα
1439 1369 1623 1423 πάντα
1658 1370 1879 1435 θετέονς
1914 1369 1951 1425 ἃ.

367 1454 464 1521 τῆς
516 1455 740 1527 εἰρήνης
794 1452 1219 1531 ἀποτελέσματα
1275 1462 1476 1535 μᾶλλον
1522 1465 1673 1535 ἤπερ
1723 1466 1950 1536 εἰρήνην

368 1546 568 1616 πρέπει
595 1546 780 1600 καλεῖν
803 1564 819 1582 ·
850 1550 946 1601 καὶ
994 1544 1071 1604 ὧν
1116 1548 1242 1604 οὔτε
1286 1552 1386 1622 τὴν
1419 1553 1529 1606 τῶν
1558 1553 1807 1623 ἀδελφῶν
1836 1570 1945 1605 σωο

362 1637 580 1707 τηρίαν,
610 1636 736 1692 οὔτε
771 1639 869 1712 την
898 1644 1000 1711 τῆς
1035 1643 1296 1714 ἀληθινῆς
1325 1646 1566 1709 πίστεως
1606 1645 1814 1716 ὖψωσιν
1852 1646 1947 1700 καὶ

359 1732 453 1785 τοῦ
482 1731 715 1800 ψεύδους
746 1734 1063 1806 ἀνατροπὴν
1100 1736 1250 1789 ἐστιν
1283 1738 1595 1791 αἰτιᾶσθαι·
1623 1741 1683 1793 ού
1716 1740 1825 1809 γὰρ
1853 1740 1948 1809 δή·

2066 526 2240 581 satis?
2262 524 2330 581 Ut
2350 530 2530 580 autem
2560 525 2628 582 de
2668 527 2833 582 rebus
2865 528 3162 599 propositis
3188 545 3376 588 verum
3408 533 3644 590 definia-

2065 626 2174 681 tur,
2210 628 2264 674 et
2300 633 2464 672 unam
2493 633 2685 676 omnes
2718 621 2785 676 de
2828 622 2938 677 illis
2973 624 3301 680 sententiam
3337 627 3636 697 amplecta-

2062 712 2215 775 mini,
2248 710 2383 765 satis
2425 726 2701 782 superque
2732 728 2854 770 esse
2890 715 3030 772 velle
3076 725 3310 784 tantum,
3357 717 3641 791 Deumque

2060 803 2337 875 desuper,
2388 804 2481 875 qui
2525 805 2857 863 voluntatem
2897 808 2964 863 ad
3016 823 3247 881 scepum
3299 812 3535 884 dirigat,
3586 825 3643 868 et

2062 896 2335 952 laudabile
2369 897 2703 954 desiderium
2736 900 2802 954 ad
2836 901 3000 956 finem
3036 903 3344 972 perducat?
3375 904 3565 976 Itaque
3590 908 3638 961 si

2058 1000 2106 1044 et
2154 989 2515 1061 cogitationes
2548 991 2817 1048 adversus
2842 992 3087 1051 inﬁdeles
3112 996 3354 1052 secundo
3386 998 3508 1054 loco
3541 1000 3637 1054 ha-

2057 1083 2248 1137 benda:
2299 1090 2465 1148 sunt,
2504 1093 2559 1139 et
2611 1084 2766 1156 sequi
2802 1084 2925 1141 illas
2973 1096 3189 1158 oportet
3240 1099 3366 1160 post
3420 1090 3641 1146 labores

2056 1175 2407 1246 dogmatibus
2445 1176 2642 1247 impert
2657 1182 2784 1245 itos,
2813 1194 2921 1249 quo
2945 1180 3061 1237 loco
3097 1182 3255 1238 nobis
3283 1191 3447 1239 erunt
3472 1185 3643 1240 bono-

2056 1283 2165 1334 res,
2193 1277 2670 1340 proventuumque
2708 1273 3179 1343 ampliﬁcationes,
3214 1285 3266 1332 et
3293 1291 3458 1347 opum
3488 1294 3644 1333 como

2056 1364 2264 1428 munio,
2294 1378 2358 1418 ae
2381 1371 2579 1419 ezrtera
2609 1373 2820 1431 cutura,
2857 1381 2979 1435 quae
3004 1369 3186 1438 potius
3212 1370 3438 1428 effectus
3464 1372 3639 1443 pacis,

2054 1469 2218 1522 quam
2263 1468 2364 1525 pax
2417 1456 2531 1525 ipsa
2562 1457 2792 1513 dicenda
2846 1470 2977 1515 sunt
3007 1478 3021 1514 :
3054 1472 3111 1516 et
3148 1476 3176 1515 a
3208 1465 3407 1531 quibus
3460 1480 3642 1537 neque

2056 1546 2286 1602 fratrum
2335 1549 2605 1617 salutem,
2658 1564 2840 1623 neque
2870 1566 3013 1610 vera‘.
3056 1555 3180 1610 fidei
3224 1556 3636 1619 exaltationem.

2053 1650 2151 1693 aut
2185 1643 2455 1698 mendacii
2485 1646 2827 1700 eversionem
2863 1647 2998 1702 oriri
3029 1648 3350 1704 discendum
3385 1650 3511 1706 est?
3541 1666 3640 1705 ne-

2053 1746 2162 1801 que
2206 1733 2350 1787 enim
2376 1748 2442 1789 ex
2473 1734 2544 1791 iis
2574 1745 2805 1806 possunt
2835 1738 2951 1793 hate
3010 1737 3225 1802 inferri.
3267 1755 3446 1811 neque
3480 1739 3637 1796 Cltri'

363 1836 469 1878 που
519 1826 658 1897 πρὸς
702 1824 882 1881 ταῦτα
935 1828 1189 1883 δύνανται
1223 1834 1435 1903 φέρειν,
1473 1832 1593 1886 οὐδὲ
1636 1832 1847 1896 πάντας
1878 1834 1932 1886 ὲκ

2050 1825 2250 1881 stianis
2296 1828 2557 1884 omnibus
2604 1844 2702 1899 per
2733 1844 2795 1886 ea
2841 1831 3112 1900 speranda
3151 1840 3241 1889 est
3275 1834 3505 1902 utilitas,
3542 1838 3636 1890 sed

359 1918 567 1972 τούτων
612 1919 760 1972 ἔστιν
802 1920 1132 1990 ὠφελεῖσθαι
1165 1925 1550 1995 Χριστιανοὺς,
1578 1924 1693 1978 ἀλλ’
1725 1924 1939 1993 ὀλίγους

356 2012 487 2076 τοὺς
532 2012 714 2067 αὑτῶν
757 2013 1069 2082 δεομένους,
1094 2015 1189 2069 καὶ
1218 2010 1299 2080 οἷς
1340 2017 1603 2087 ἁρμόττει
1632 2017 1804 2070 ταῦτα
1839 2017 1939 2086 ζη-

353 2106 491 2160 τεῖν.
533 2106 693 2160 Ἀλλά
735 2109 844 2177 μὴν
879 2106 963 2177 ἐφ’
1005 2107 1177 2163 ἅπασι
1210 2111 1322 2174 τοῖς
1365 2104 1684 2182 εἰρημένοις
1710 2112 1808 2176 τὴν
1839 2111 1940 2179 μὲν

358 2199 720 2271 παρασκευὴν
759 2201 943 2254 πᾶσαν
977 2202 1135 2271 ἡμῶν
1181 2202 1293 2273 δρῶ
1346 2203 1738 2274 οἰκουμενικῆς
1784 2202 1941 2269 ἀξίαν

358 2293 608 2359 συνόδου,
638 2293 735 2349 καὶ
762 2295 829 2365 τῇ
862 2294 991 2365 περὶ
1021 2294 1132 2350 τῶν
1164 2295 1452 2365 δογμάτων
1479 2297 1663 2369 κρίσει
1694 2299 1787 2351 καὶ
1814 2297 1939 2351 λίαν

354 2387 659 2457 ἀρκοῦσαν,
707 2388 926 2452 οὐδενὸς
978 2390 1109 2459 ἡμῖν
1163 2389 1271 2443 τῶν
1344 2392 1689 2463 ποιησόντων
1743 2391 1936 2466 ῥᾳδίαν

351 2480 560 2551 ταύτην
595 2480 970 2547 ἐλλείποντος·
1003 2484 1070 2554 ἢν
1104 2483 1163 2535 δέ
1199 2492 1347 2547 τινες
1380 2484 1714 2556 ἐπιθυμοῦσι
1760 2487 1935 2555 πράτ-

353 2590 472 2626 τειν
502 2574 750 2646 εἰρήνην,
774 2575 969 2630 πολλοῦ
1008 2576 1088 2631 δεῖ
1112 2576 1451 2649 τηλικαύτης
1473 2577 1639 2649 ἔργον
1662 2575 1801 2633 εἶναι
1834 2590 1936 2633 πα-

361 2665 666 2735 ρασκευῆςο
694 2666 821 2737 ἐξῆν
842 2667 957 2739 »γὰρ
987 2669 1080 2722 καὶ
1110 2669 1373 2738 πρέσϐεσι
1396 2670 1601 2741 ταύτην
1628 2672 1933 2740 περαίνειν,

359 2758 558 2822 αὐτοὺς
582 2761 927 2830 πραγμάτων
950 2761 1404 2830 ἀπηλλαγμένους
1425 2779 1439 2793 ·
1466 2766 1561 2818 καλ.
1586 2762 1700 2817 οὒτ’
1726 2765 1937 2818 ἁναλω·

360 2851 553 2921 μάτων
587 2853 692 2906 ἔδει
739 2853 1027 2920 τοσούτων,
1072 2856 1245 2907 ὁπόσα
1276 2859 1389 2919 τοῖς
1422 2857 1520 2924 μὲν
1551 2856 1784 2912 διδοῦσιν
1820 2855 1933 2928 εἶχε

351 2944 694 3015 δυσχέρειαν,
722 2948 833 3012 τοῖς
866 2947 911 3001 δ’
957 2948 1057 3001 οὐκ
1100 2948 1319 3021 ἔχουσιν
1365 2951 1581 3005 οἴκοθεν
1618 2953 1713 3007 καὶ
1742 2953 1935 3024 δεομέ-

352 3058 466 3104 νοις
505 3040 702 3106 ἀλλων,
736 3042 784 3095 εἰ
838 3042 920 3097 δεῖ
966 3042 1177 3112 τάληθῆ
1230 3042 1435 3110 λέγειν,
1488 3042 1757 3115 αἰσχύνην
1811 3046 1936 3117 μεθ’

351 3135 612 3203 ὑποψίας,
644 3133 769 3189 οὔτε
829 3134 1010 3189 πόνων
1064 3136 1163 3190 καὶ
1216 3134 1482 3191 κινδύνων
1512 3139 1788 3193 τοσούτων
1818 3143 1934 3205 τοῖς

349 3227 692 3298 πανταχόθεν
741 3230 1255 3300 συνηθροισμένοις·
1307 3231 1510 3300 μᾶλλον
1560 3232 1605 3285 δ’
1652 3228 1746 3289 οὖν
1784 3233 1935 3288 ἔστιν

347 3323 525 3373 εἰπεῖν
555 3321 654 3385 τὰς
709 3320 1055 3392 ἑκατέρωθεν
1087 3321 1433 3394 δυσχερείας,
1488 3324 1555 3388 ἀς
1584 3326 1617 3397 ή
1650 3327 1748 3398 τῆς
1781 3330 1932 3398 εἰρήο

350 3434 453 3483 νης
494 3413 763 3483 ἀπιθυμία
818 3417 1081 3485 συνεργὸν
1135 3417 1374 3487 εὑροῦσα
1422 3419 1482 3472 es
1531 3419 1697 3484 θεῖον,
1753 3422 1934 3487 πάσας

347 3507 574 3578 ἐνίκησε
600 3525 614 3539 ·
642 3509 739 3563 καὶ⁹
782 3501 856 3563 ὧν
908 3510 1165 3581 χαλεπῶς
1208 3512 1327 3582 μὲν,
1368 3512 1619 3584 ὑπερεῖδε
1669 3513 1714 3567 δ’
1760 3515 1929 3585 ὅμως.

347 3602 465 3655 Οὖκ
496 3599 613 3656 οἴδα
636 3601 816 3655 τοίνυν
846 3602 899 3653 τί
929 3602 1063 3671 πρὸς
1096 3605 1223 3668 τοὺς
1248 3605 1616 3671 ἐγκαλοῦντας
1653 3607 1931 3677 ἀπολογὴ-

345 3695 533 3758 σεσθε,
566 3696 798 3764 μάταιον
824 3694 1097 3760 δείξαντες
1121 3698 1219 3768 τὴν
1245 3698 1503 3770 τοιαύτην
1536 3701 1632 3753 καὶ
1656 3702 1932 3773 τοσαύτην

342 3788 727 3857 παρασκευὴν,
773 3788 869 3841 καὶ
918 3789 1015 3854 τὴν
1064 3791 1286 3859 εἰρήνην
1340 3792 1707 3860 πεποιηκότες
1756 3793 1928 3862 ὄνομα

346 3879 511 3947 μόνον
562 3880 655 3931 καὶ
712 3880 904 3950 φήμην
958 3880 1096 3943 ὅλως
1135 3882 1344 3951 κενήν·
1388 3882 1449 3935 τὸ
1479 3884 1589 3952 γὰρ
1638 3883 1929 3953 βούλεσθαι

341 3970 740 4023 καταλείπεται
775 3972 957 4041 μόνον,
987 3972 1097 4024 τῶν
1128 3972 1302 4026 ἄλλων
1348 3973 1609 4029 ἁπάντων
1638 3976 1863 4046 ἄμεινον
1892 3976 1925 4047 ἢ

339 4062 468 4117 κατ’
520 4064 712 4135 εὐχὴν,
773 4063 849 4128 ὡς
906 4064 1087 4129 ἔξεστι
1150 4065 1395 4135 βλέπειν,
1453 4070 1925 4139 εὑτρεπισμένων.

338 4157 623 4227 Θαυμάζω
671 4156 748 4224 δὲ,
777 4158 824 4212 εί
885 4157 1091 4228 μηδένα
1139 4148 1270 4228 ὑμῖν
1330 4160 1654 4229 ὲγκαλέσειν
1703 4161 1928 4230 ἡγεῖσθε

336 4249 587 4313 δικαίως,
620 4249 763 4303 οὕτω
792 4252 860 4305 τὰ
898 4250 1026 4321 τῇδε
1076 4250 1462 4321 διῳκημένοις,
1516 4252 1786 4322 Καθάπερ
1820 4255 1928 4324 γὰρ

335 4343 398 4394 τ’)
428 4343 540 4403 τοῖς
578 4342 855 4410 μεγίστοις
888 4341 1192 4412 ἐπιχειρεῖν
1236 4342 1367 4395 ἄνευ
1400 4342 1502 4413 τῆς
1538 4345 1927 4415 προσηκούσης

336 4432 700 4504 παρασκευῆς
746 4434 1007 4496 ἀπονοίας
1054 4434 1173 4488 ἐστὶ
1209 4438 1458 4505 σημεῖον,
1491 4436 1635 4490 οὕτω
1673 4438 1731 4490 τὸ
1790 4439 1926 4508 πρὸς

2050 1918 2244 1987 paucis
2274 1919 2371 1990 qui
2394 1919 2504 1976 illis
2534 1930 2715 1989 egent,
2749 1923 3066 1993 quibusque
3107 1928 3364 1996 congruit
3394 1942 3458 1984 ea
3483 1943 3637 1999 qua:-

2052 2026 2194 2068 rere.
2230 2012 2313 2065 Ad
2340 2014 2455 2069 bare
2478 2016 2661 2069 omnia
2694 2016 2826 2071 illud
2848 2017 3015 2073 addo.
3039 2017 3175 2073 Nam
3206 2028 3381 2075 totum
3416 2020 3636 2091 quidem
3676 2010 3685 2019 ’

2052 2115 2300 2160 nostrum
2357 2119 2684 2177 apparatum
2741 2110 3080 2167 ecumeniea
3133 2114 3341 2184 synodo
3406 2115 3634 2187 dignum

2049 2200 2357 2270 conspicio,
2382 2201 2861 2274 dijudicandisque
2889 2205 3238 2275 dogmatibus
3271 2208 3486 2264 abunde
3511 2207 3636 2264 suf-

2051 2292 2343 2360 ﬁt‘ientcm,
2382 2305 2435 2349 et
2468 2294 2604 2349 nihil
2643 2295 2800 2352 nobis
2826 2296 3041 2366 deesse,
3079 2314 3173 2369 per
3205 2300 3353 2370 quod
3387 2303 3637 2371 praestari

2047 2384 2207 2440 lncile
2258 2385 2308 2440 id
2342 2388 2552 2457 possit;
2590 2404 2779 2458 pacem
2811 2406 2958 2459 vero,
2992 2407 3156 2463 quam
3208 2393 3379 2464 aliqui
3409 2404 3630 2466 optant,

2048 2479 2221 2532 multo
2263 2479 2599 2548 inferiorem,
2635 2498 2800 2553 quam
2840 2494 2901 2539 ut
2929 2485 3002 2541 sit
3047 2488 3183 2542 tanti
3218 2502 3357 2557 Opus
3391 2503 3628 2558 appara-

2048 2580 2156 2638 tus;
2197 2582 2407 2643 poterat
2438 2576 2583 2631 enim
2608 2577 2722 2632 haec
2738 2586 2791 2633 et
2823 2593 2919 2649 per
2948 2578 3155 2650 legatos
3191 2581 3329 2648 fleri,
3362 2583 3509 2637 nulla
3538 2597 3637 2637 no-

2048 2664 2130 2718 bis
2164 2667 2509 2723 incommoda
2538 2671 2903 2727 sentientibus
2936 2691 2948 2727 :
2986 2688 3085 2729 nec
3116 2675 3283 2733 tantis
3328 2691 3467 2748 opus
3516 2690 3636 2734 erat

2048 2758 2347 2825 impensis,
2385 2777 2505 2830 qum
2539 2779 2733 2831 graves
2761 2766 2979 2834 quidem
3017 2778 3205 2823 essent
3235 2773 3634 2841 suppeditanti-

2048 2850 2183 2904 bus:
2213 2867 2319 2906 non
2356 2853 2689 2911 habentibus
2712 2870 2843 2910 vero
2870 2859 2996 2925 quid
3024 2858 3093 2913 de
3128 2876 3225 2915 suo
3271 2862 3632 2928 insumerent,

2047 2954 2100 2998 et
2122 2943 2302 2999 alieno
2330 2962 2436 3001 tere
2467 2948 2861 3015 indigentibus,
2897 2952 2943 3005 si
2968 2967 3155 3007 verum
3200 2954 3357 3011 fateri
3392 2967 3627 3027 oportet,

2048 3037 2403 3107 ignominiam
2434 3056 2559 3094 eum
2601 3042 2917 3111 suspicione
2959 3045 3266 3112 inurerent,
3325 3063 3426 3104 nec
3464 3051 3631 3106 tantis

2047 3130 2325 3187 laboribus
2371 3148 2433 3186 ac
2482 3134 2739 3201 periculis
2779 3151 2991 3201 eorum,
3034 3138 3127 3208 qui
3173 3141 3412 3211 umlique
3454 3153 3628 3216 coacti

2044 3232 2196 3289 sunt,
2257 3232 2315 3277 ut
2353 3239 2421 3278 nc
2470 3224 2648 3303 dicam
2674 3228 2863 3297 potius
2911 3230 3197 3301 utriusque
3230 3232 3379 3302 pacis
3410 3233 3625 3290 deside~

2042 3318 2182 3371 rium
2209 3356 2224 3382 ,
2264 3316 2432 3372 Deum
2464 3319 2771 3391 adjutorem
2807 3333 3052 3387 nactum,
3085 3326 3365 3393 superavit
3394 3341 3625 3389 omnes:

2042 3423 2288 3480 quasque
2346 3425 2489 3481 aegre
2532 3411 2776 3481 quidem,
2800 3414 3128 3484 contempsit
3151 3426 3356 3471 tamen.
3379 3416 3627 3488 Quapro-

2041 3508 2164 3567 pter
2197 3500 2385 3555 nescio
2413 3500 2543 3571 quid
2578 3505 2897 3572 responsuri
2927 3505 3047 3561 sitis
3079 3506 3144 3562 ad
3176 3521 3270 3563 eos
3296 3510 3389 3579 qui
3429 3510 3496 3565 de
3532 3527 3627 3565 vo—

2039 3591 2124 3646 bis
2163 3604 2614 3661 eonquerentnr,
2645 3596 2690 3651 si
2735 3597 2892 3652 talem
2934 3608 3259 3669 tantumque
3298 3615 3639 3673 apparatum.

2037 3682 2238 3740 frustra
2268 3687 2542 3743 exstitisse
2566 3691 2897 3755 ostendatis,
2917 3701 2972 3745 et
2999 3708 3184 3761 pacem
3213 3697 3436 3751 nomine
3461 3708 3619 3751 tenus

2038 3777 2290 3849 famaque
2310 3795 2537 3849 prorsus
2562 3781 2713 3837 inani
2740 3784 3076 3841 conﬂeiatis:
3106 3796 3276 3842 restat
3300 3789 3446 3843 enim
3479 3792 3616 3844 velle

2040 3880 2272 3938 tantum,
2297 3887 2445 3938 cum,
2477 3881 2535 3928 ut
2563 3874 2747 3929 videre
2776 3876 2929 3941 licet,
2960 3877 3175 3947 reliqua
3204 3880 3387 3935 omnia
3418 3892 3615 3949 pra‘stn

2038 3963 2148 4017 sint
2196 3978 2362 4034 supra
2396 3980 2558 4020 omne
2602 3974 2810 4020 votum.
2849 3967 3018 4022 Miror
3059 3978 3265 4033 autem,
3311 3971 3357 4027 si
3404 3973 3612 4026 nullum

2036 4071 2134 4111 vos
2170 4057 2365 4113 merito
2389 4058 2768 4114 incusaturum
2802 4060 3167 4127 arbitramini,
3196 4063 3356 4120 rebus
3387 4064 3441 4120 in
3478 4067 3617 4121 hunc

2040 4150 2263 4204 modum
2294 4150 2348 4204 in
2392 4149 2542 4205 Italia
2576 4151 2923 4222 compositis.
2957 4152 3110 4210 Sicut
3145 4155 3292 4211 enim
3332 4156 3617 4214 dementia!

2035 4242 2250 4311 signum
2280 4251 2384 4307 est,
2419 4257 2506 4298 res
2544 4243 2812 4302 maximas
2839 4247 3059 4317 aggredi
3093 4247 3213 4303 sine
3246 4253 3611 4307 conveniente

2036 4342 2335 4402 apparatu;
2362 4334 2435 4389 ita
2462 4336 2506 4390 si
2545 4351 2669 4391 cum
2701 4338 2774 4391 sit
2804 4339 2870 4393 ad
2906 4353 2995 4394 res
3019 4339 3284 4397 maximas
3314 4354 3607 4414 apparatus

2034 4423 2188 4490 satis,
2208 4438 2274 4479 eo
2310 4426 2433 4495 quis
2463 4436 2647 4482 utatur
2679 4428 2744 4483 ad
2778 4429 3003 4485 exiliora
3030 4445 3219 4501 opera,
3251 4434 3611 4506 studiumque

333 4526 403 4577 ti
443 4524 678 4593 μέγιστα
710 4524 809 4594 μὲν
842 4525 1158 4595 ἀρκούντως
1183 4514 1658 4595 παρεσκευάσθαι,
1682 4530 1923 4600 χρῆσθαι

2042 4516 2289 4573 extendat
2330 4533 2506 4589 usque
2538 4520 2603 4575 ad
2646 4520 2773 4587 illa;
2805 4537 2906 4593 ego
2933 4523 3154 4592 quidem
3187 4526 3357 4581 nolim
3405 4527 3611 4588 dicere.

331 4617 392 4670 es
444 4618 506 4687 τῇ
558 4620 887 4688 παρασκευῇ
922 4618 1058 4687 πρὸς
1108 4618 1173 4671 τὰ
1212 4618 1321 4671 τῶν
1370 4618 1549 4689 ἔργων
1582 4623 1916 4694 φαυλότερα,

334 4710 437 4761 καὶ
470 4709 570 4777 τὴν
603 4708 908 4778 προθυμίαν
939 4710 1069 4781 ἄχρι
1116 4711 1326 4764 τούτων
1371 4714 1656 4778 ἐκτείνειν,
1686 4715 1795 4784 ἐγὼ
1824 4716 1922 4785 μὲν

334 4802 396 4853 ού
434 4800 697 4871 βούλομαι
722 4803 922 4869 λέγειν,
949 4803 1162 4859 πολλῶν
1181 4805 1226 4859 δ’
1250 4805 1615 4876 ἐγκλημάτων
1635 4810 1748 4871 τοῖς
1774 4809 1919 4863 οὕτω

333 4894 725 4962 προελομένοις
779 4898 1055 4966 πρόφασιν
1108 4898 1242 4969 ἔχει.
1293 4900 1402 4953 Καὶ
1449 4899 1573 4952 οὔτε
1610 4901 1921 4971 στρατηγὸν

331 4982 462 5037 νοῦν
495 4985 640 5055 ἔχειν
672 4988 884 5056 ἡγεῖταί
916 5006 998 5052 τις
1026 4989 1152 5044 νοῦν
1182 4992 1347 5055 αὐτὸς
1382 4992 1543 5062 ἔχων,
1567 4991 1624 5055 ὃς
1656 4994 1753 5048 καὶ
1777 4993 1918 5064 πλήσ-

332 5076 420 5129 θει
471 5079 565 5131 καὶ
611 5079 789 5152 ἀρετῇ
838 5081 931 5135 καὶ
966 5083 1154 5146 ὅπλοις
1195 5085 1288 5137 καὶ
1335 5086 1448 5148 τοῖς
1498 5086 1677 5148 ἄλλοις
1709 5086 1918 5140 ἅπασιν

329 5166 650 5236 ἀρκούντως
697 5170 1066 5245 ἐξηρτυμένος
1114 5176 1252 5245 πρδς
1302 5174 1533 5245 ζήτησιν
1588 5176 1757 5241 ἔξεισι
1807 5175 1917 5229 τῶν

333 5260 572 5330 ἐχθρῶν,
601 5263 705 5316 καῖ’
725 5244 895 5317 πολὺν
952 5263 1054 5335 μὲν
1100 5244 1291 5339 χρόιον
1323 5244 1643 5331 ἀναλωκὼς,
1666 5268 1754 5322 διὰ
1784 5268 1915 5321 πολ-

331 5352 434 5420 λῆς
465 5354 517 5407 δὲ
551 5354 871 5426 δυσχερείας
898 5358 1117 5425 ἐλάσας,
1141 5355 1262 5413 εἶτα
1285 5360 1440 5431 μόλις
1461 5360 1701 5432 ἐντυχὼν
1729 5363 1915 5419 αὐτοῖς

328 5445 533 5511 ὀλίγοις
563 5464 622 5499 τε
654 5447 750 5501 καὶ
785 5450 1214 5521 πεφοϐημένοις,
1258 5454 1354 5506 καὶ
1386 5453 1484 5522 τὴν
1520 5454 1663 5507 κατά
1693 5453 1912 5524 πρόσω-

330 5554 434 5590 πον
465 5540 523 5591 ού
559 5541 786 5610 φέρουσι
824 5544 1027 5613 μάχην,
1059 5544 1119 5597 τὸ
1150 5545 1346 5616 τρέψαι
1374 5547 1598 5609 τούτους
1631 5546 1910 5617 ἀρκοῦσαν

327 5632 547 5702 ἡγεῖται
581 5634 761 5704 νίκην,
794 5637 1144 5692 παντάπασιν
1180 5638 1381 5701 αὐτοὺς
1429 5639 1768 5710 διαφθεῖραι.
1814 5639 1909 5691 καὶ

324 5723 453 5785 τοὺς
513 5725 612 5795 μὲν
667 5727 962 5798 συγκόψαι,
1007 5731 1135 5793 τοὺς
1183 5731 1237 5782 δὲ
1288 5731 1473 5784 λαϐεῖν
1529 5732 1907 5801 αἰχμαλώτους

326 5816 802 5887 δυἰἀμενοςοοῦθ’
854 5820 1010 5890 ὑμεῖς
1048 5822 1113 5874 τὰ
1164 5824 1312 5893 παρᾶ
1365 5824 1456 5877 τὸν
1504 5823 1626 5876 νοῦν
1675 5823 1908 5892 ἐχόντων

2031 4617 2181 4664 certe
2212 4617 2394 4666 tamen
2444 4610 2548 4667 bac
2579 4613 2861 4669 voluntate
2898 4622 3121 4670 utentes
3172 4616 3224 4670 id
3256 4615 3387 4671 facit
3422 4618 3613 4672 multis

2028 4700 2355 4760 criminibus
2385 4705 2677 4761 obnoxios.
2716 4706 2907 4775 Neque
2932 4710 3075 4761 enim
3111 4710 3303 4764 ducem
3336 4710 3609 4765 exercitus

2026 4811 2219 4867 sapere
2237 4798 2358 4868 quis
2380 4807 2552 4867 putat.
2569 4799 2698 4853 dum
2722 4800 2835 4868 ipse
2858 4800 3053 4869 sapiat,
3078 4799 3122 4853 si
3152 4802 3325 4869 copiis
3352 4816 3416 4856 ac
3446 4804 3610 4858 rubo-

2027 4906 2084 4945 re
2111 4898 2163 4945 et
2189 4892 2356 4947 armis
2388 4892 2714 4961 ueterisque
2741 4892 2998 4946 omnibus
3024 4894 3158 4948 satis
3191 4894 3490 4953 instructus
3513 4913 3611 4953 ex-

2025 4983 2357 5051 peditionem
2388 4985 2440 5037 in
2461 4983 2644 5039 hostes
2664 4985 2958 5053 suscipiat;
2988 4997 3150 5057 atque
3182 4988 3271 5043 ubi
3308 4998 3429 5059 post
3458 4996 3603 5045 mul-

2025 5086 2138 5130 tum
2176 5075 2437 5147 temporis
2459 5084 2513 5130 et
2543 5076 2859 5132 diuturnam
2887 5079 3223 5151 indaginem,
3254 5094 3377 5153 post
3404 5086 3604 5140 multat

2024 5170 2279 5224 itinerum
2304 5167 2647 5226 dillieultates
2678 5170 2897 5225 tandem
2923 5173 3222 5244 aliquando
3253 5173 3373 5231 illos
3405 5176 3606 5231 habue-

2025 5262 2093 5316 rit
2123 5261 2313 5317 obvius
2356 5271 2411 5317 et
2444 5277 2651 5333 paucos
2684 5272 2737 5318 et
2771 5273 2917 5318 metu
2950 5265 3267 5336 perterritos
3289 5305 3304 5330 ,
3335 5280 3600 5337 pugnam-

2020 5374 2127 5425 que
2168 5372 2458 5411 conserere
2510 5371 2618 5412 non
2672 5356 2934 5425 ferentes,
2994 5367 3125 5413 tunc
3172 5358 3310 5413 satis
3353 5374 3475 5415 esse
3534 5364 3603 5413 a.l

2020 5451 2308 5504 victoriam
2358 5450 2673 5517 existimet,
2723 5466 2819 5506 eos
2865 5452 2918 5505 in
2961 5450 3145 5521 fugam
3197 5461 3428 5513 vertere,
3470 5468 3591 5506 cum

2022 5545 2195 5614 possit
2225 5545 2454 5601 omnino
2494 5545 2677 5600 delt-re
2703 5585 2716 5607 ,
2756 5554 2807 5599 et
2838 5544 3032 5614 partim
3063 5542 3361 5609 trucidare,
3395 5547 3592 5613 partim
3670 5610 3674 5614 δ

2018 5638 2071 5692 in
2106 5638 2426 5693 servitutem
2466 5639 2711 5709 redigere
2743 5655 2759 5692 :
2790 5653 2887 5692 nee
2922 5652 3017 5691 vos
3063 5636 3368 5705 sapientum
3399 5640 3596 5708 probra

2015 5732 2222 5784 evitare
2261 5729 2529 5799 poteritis,
2565 5731 2605 5784 si
2640 5732 2704 5783 ad
2740 5729 3111 5784 Ecelesarium
3150 5731 3411 5785 unitatem
3448 5739 3600 5787 tanta

2016 5825 2415 5894 praeparatione
2450 5826 2712 5898 adhibita,
2760 5825 2848 5879 ubi
2877 5824 2990 5894 jam
3020 5824 3316 5896 collegistis
3360 5826 3445 5882 hic
3476 5841 3597 5882 om~
