3976 6452
335 427 443 496 435

1429 434 1810 498 G'ENNADII
1853 436 1968 497 CP.
2005 434 2524 495 PATRIARCH/E

3464 427 3568 498 436

333 544 666 617 erogationi‘s
697 547 960 620 pecuniae,
1025 549 1107 607 vel
1146 551 1214 608 ad
1246 553 1540 624 petendum
1591 563 1783 608 contra
1809 553 1912 606 ho-

2047 567 2179 606 ιενα.
2209 549 2426 605 Ἔτιιειτ⁹
2448 549 2497 601 εί
2529 546 2625 602 καὶ
2651 545 2907 611 καθάπαξ
2935 543 3195 599 ἀδύνατον
3235 537 3324 616 ἦν,
3356 544 3446 599 καὶ
3475 563 3571 616 μη-

331 647 448 698 stes
475 638 761 705 auxilium,
789 656 884 697 seu
918 642 989 698 ob
1018 644 1396 717 cujuscunque
1429 659 1569 712 rem,
1617 660 1740 716 qua:
1761 643 1913 715 prius

334 729 551 786 infirma
582 741 751 798 esset,
776 736 1292 807 constabiliendam,
1321 749 1417 796 aut
1443 740 1641 812 quovis
1677 739 1785 795 alio
1820 754 1915 794 no-

333 823 484 878 mine
533 825 679 894 cepit
733 841 834 882 nos
888 827 1032 883 illius
1077 831 1458 900 desiderium;
1514 839 1662 888 certe
1716 830 1915 886 rationi

272 983 286 1000 ‘
337 928 641 970 consonum
667 928 814 974 esset
841 921 1034 976 saltem
1067 921 1152 982 his
1209 923 1345 978 velle
1377 922 1510 990 frui,
1561 931 1853 996 postquam
1883 938 1915 978 a

338 1022 569 1063 summat
591 1023 774 1065 rerum
821 1013 1110 1084 adeptione
1171 1015 1693 1076 decidissemus:et
1732 1011 1918 1070 dolere

341 1096 584 1168 quidem,
616 1103 758 1172 quod
787 1103 854 1162 ad
880 1119 1068 1175 pacem
1099 1121 1208 1162 non
1226 1107 1686 1178 pervenissemus,
1741 1107 1921 1162 levare

343 1185 526 1246 tamen
559 1192 741 1264 aliqua
779 1196 993 1252 ratione
1021 1197 1267 1255 dolorem
1331 1200 1455 1255 inde
1488 1208 1774 1270 acceptum
1823 1214 1921 1270 per

341 1283 572 1340 aliarum
605 1301 788 1344 rerum
819 1289 1106 1356 utilitates,
1131 1307 1269 1362 quas
1289 1294 1344 1348 si.
1365 1292 1730 1348 Ecclesiarum
1762 1291 1923 1347 unio-

345 1391 470 1431 nem
502 1393 566 1434 ac
593 1393 785 1450 pacem
813 1371 1153 1452 appellemus
1207 1384 1432 1455 perinde
1462 1399 1528 1440 ac
1559 1385 1607 1440 si
1641 1383 1765 1455 quis
1791 1384 1921 1438 dum

343 1469 515 1540 frigus
538 1482 641 1540 est,
677 1473 800 1528 nive
830 1483 884 1530 et
906 1474 1175 1533 imbribus
1207 1477 1357 1548 peti,
1407 1478 1550 1549 quod
1598 1478 1701 1533 sibi
1727 1477 1796 1532 ab
1825 1478 1924 1532 ali-

344 1580 454 1634 quo
481 1567 712 1636 pecunia
740 1566 922 1633 detur,
947 1567 1056 1624 hoc
1087 1583 1210 1624 esse
1237 1568 1384 1625 dicat
1405 1567 1642 1624 caleﬁeri
1682 1585 1698 1624 :
1737 1567 1925 1624 nescio

2017 643 2108 697 δέν
2141 659 2195 695 τι
2225 640 2470 696 τοιοῦτον
2517 641 2868 712 πεπραχότες
2898 637 3036 700 ὅλως
3090 635 3384 708 ἐμέλλομεν
3428 639 3574 693 ἀπιέ-

2017 752 2128 798 ναι,
2151 735 2252 805 οὐχ
2285 733 2398 806 δρῶ
2428 733 2528 804 τὴν
2559 733 2625 787 ἐκ
2658 731 2767 785 τῶν
2795 730 2965 786 τᾶλλα
3013 732 3274 802 πράττειν
3298 731 3572 800 ὠφέλειαν,

2018 828 2125 892 ἕως
2151 825 2219 882 ἂν
2239 825 2380 880 αὐτὰ
2409 825 2486 896 μὴ
2517 824 2596 896 τῷ
2626 825 2724 896 τῆς
2747 823 2994 888 ἑνώσεως
3036 822 3288 893 τιμῶμεν
3342 822 3575 893 ὀνόματι.

2020 921 2088 974 Εἰ
2112 921 2223 992 γὰρ
2254 919 2344 974 διά
2383 918 2569 988 φιλίαν
2625 915 2812 980 ἁπλῶς
2845 917 2876 986 ἢ
2919 915 3208 971 κοινωνίαν
3241 916 3274 986 ἢ
3329 915 3578 986 χορηγίαν

2019 1013 2321 1086 Χρημάτων
2353 1012 2387 1080 ἦ
2449 1011 2591 1065 κατά
2644 1011 2755 1065 τῶν
2798 1011 3078 1081 πολεμίων
3134 1008 3390 1080 βοήθειαν
3435 1007 3466 1076 ἢ
3502 1008 3582 1076 βε-

2023 1107 2254 1161 ϐαίωσιν
2287 1104 2398 1158 τῶν
2437 1102 2776 1174 ὁτουδήτινος
2812 1102 3152 1172 πραγμάτων
3187 1104 3448 1171 πρότερον
3473 1099 3585 1152 κλο·

2023 1197 2389 1270 νουμένων,ἢ
2440 1197 2552 1252 τῶν
2582 1195 2846 1250 τοιούτων
2897 1195 3019 1249 τινὰ
3065 1192 3450 1266 προσηγοριῶν
3498 1193 3586 1244 αύ-

2021 1294 2121 1364 τῆς
2148 1290 2610 1363 ἐπεθυμήσαμεν,
2665 1287 2889 1357 εὔλογον
2945 1287 3012 1342 ἂν
3060 1287 3148 1357 εἴη
3211 1285 3416 1339 τούτων
3465 1285 3586 1353 γοῦν

2023 1385 2336 1442 ἀπολαῦσαι
2389 1383 2677 1455 βούλεσθαι
2717 1382 2845 1444 τοὺς
2876 1380 2984 1435 τῶν
3033 1381 3318 1450 μεγίστων
3367 1377 3586 1448 διαμαρ-

2025 1479 2239 1540 τόντας.
2270 1475 2491 1544 καὶτῆς
2525 1472 2625 1544 μὲν
2648 1473 2875 1542 εἰρήνης
2903 1472 2964 1523 ού
2992 1469 3365 1539 τετυχηκξτας
3396 1467 3585 1534 ἀλγλν.

2025 1570 2147 1632 ταῖς
2180 1567 2226 1620 δ’
2255 1567 2321 1620 ὲκ
2365 1565 2476 1619 τῶν
2532 1564 2710 1619 ἄλλων
2771 1563 3118 1634 πραγμάτων
3163 1561 3455 1629 ὼψελείαις
3502 1560 3592 1627 τὴν

315 1658 320 1664 ’
344 1655 467 1724 quis
493 1655 618 1720 erit,
650 1658 744 1727 qui
762 1672 860 1726 pro
883 1659 1198 1727 huiusmodi
1225 1672 1357 1730 pace
1382 1667 1627 1714 mactare
1648 1657 1922 1713 victimam

2047 1660 2241 1715 ,κεῖθεν
2265 1658 2445 1730 λύπην
2478 1658 2742 1730 ἀμηγέπη
2777 1654 3260 1728 παραμυθεῖσθαι.
3300 1652 3362 1707 Εἰ
3402 1653 3443 1705 δ’
3465 1653 3590 1705 '5'th-

345 1747 497 1816 velit,
541 1755 598 1804 et
646 1748 987 1804 exhilarandi
1043 1750 1215 1806 animi
1282 1750 1459 1821 gratia
1512 1750 1666 1823 pacis
1723 1765 1922 1806 nomen

2047 1771 2113 1808 ιιν
2155 1751 2496 1821 Ἐκκλησιῶν
2530 1752 2634 1805 καὶ
2671 1751 2902 1822 εἰρήνην
2924 1749 3100 1803 ταῦτα
3140 1747 3470 1816 καλέσομεν,
3493 1744 3592 1796 ὦσ-

348 1848 617 1907 assumat,
649 1855 714 1896 ac
743 1856 775 1897 e
800 1841 968 1898 rebus
990 1844 1224 1913 speratis
1261 1843 1464 1914 aliquid
1493 1852 1921 1900 consecuturum

2047 1864 2136 1916 τερ
2163 1846 2216 1900 εἴ
2245 1864 2330 1912 τις
2358 1847 2416 1898 έν
2445 1845 2607 1916 ψύχει
2636 1844 2698 1896 τὸ
2730 1845 2848 1906 ταῖς
2873 1843 3018 1913 χιόσι
3048 1841 3347 1912 βάλλεσθαι
3375 1839 3463 1892 καὶ
3496 1841 3596 1899 τοῖς

352 1949 414 1990 se
443 1942 618 2005 putet,
653 1949 762 1990 non
795 1935 987 1993 videns
1042 1936 1097 1992 in
1129 1936 1358 2008 pristina
1407 1951 1497 1993 res
1549 1937 1926 1992 contrmrersia

2047 1937 2286 2016 Βμϐροις,
2314 1937 2450 1992 διότι
2485 1953 2571 1998 τις
2604 1935 2754 2004 αύτῷ
2775 1935 3007 2004 παρέχει
3056 1935 3347 2003 χρήματα,
3378 1928 3596 1997 θερμαὶ-

355 2029 589 2090 versari,
617 2043 682 2084 ac
709 2044 1006 2086 maerorem
1043 2030 1290 2102 injicere.
1317 2032 1503 2098 Quare
1523 2032 1570 2087 si
1599 2032 1736 2087 nihil
1767 2033 1926 2104 plane

349 2120 497 2176 aliud
523 2120 626 2176 fuit
659 2120 1083 2188 consideratum,
1103 2122 1449 2193 conjunctam
1477 2123 1653 2179 solum
1687 2124 1740 2180 id
1767 2125 1928 2180 habet

350 2213 704 2282 ignominiam
733 2213 985 2270 desiderii
1011 2230 1191 2270 rerum
1221 2214 1368 2270 nulla
1401 2217 1613 2273 ratione
1645 2217 1929 2288 perlicien-

350 2313 589 2371 darum;
653 2315 710 2361 at
755 2306 801 2362 si
853 2309 1140 2364 redeamus
1198 2309 1455 2365 unionem
1504 2309 1826 2376 afferentes,
1875 2310 1929 2364 in

355 2412 464 2466 qua
493 2397 633 2453 nihil
665 2398 790 2468 plus
815 2399 965 2464 insit,
989 2416 1150 2470 quam
1170 2401 1337 2469 priori
1369 2402 1748 2457 continebatur
1776 2401 1936 2459 diﬂe-

353 2492 550 2558 rentia,
578 2501 632 2545 et
661 2491 970 2548 ohnudum
1007 2495 1128 2563 ejus
1155 2509 1352 2550 nomen
1377 2497 1770 2552 communibus
1799 2495 1932 2550 elle-

357 2598 543 2637 ramur
569 2583 800 2652 gaudiis,
827 2583 1090 2640 secunda:
1115 2599 1178 2639 ac
1210 2583 1416 2656 pejoris
1458 2585 1670 2641 fraudis
1697 2588 1802 2642 hoc
1830 2587 1938 2642 erit

355 2674 589 2740 crimen,
613 2676 758 2744 quod
789 2683 844 2731 et
871 2677 1029 2744 primi
1053 2693 1200 2734 nosa
1227 2678 1386 2734 nobis
1417 2679 1554 2750 ipsis
1575 2678 1935 2746 decipiamur,

355 2777 407 2821 et
435 2767 572 2824 alios
597 2768 826 2824 velimus
859 2768 1102 2825 eludere.
1157 2769 1354 2826 Verum
1406 2787 1526 2841 ego,
1581 2771 1730 2835 quod.
1766 2786 1935 2826 unum

357 2860 493 2914 satis
516 2859 634 2915 fore
667 2861 902 2916 arbitror
937 2861 1004 2915 ad
1040 2875 1137 2916 eos
1173 2860 1524 2925 refellendos,
1557 2863 1650 2932 qui
1701 2863 1790 2917 illa
1841 2863 1934 2931 qui

356 2953 641 3024 objiciunt,
702 2955 926 3011 omissis
993 2957 1251 3012 omnibus
1301 2958 1448 3024 aliis,
1508 2959 1671 3012 liuent
1720 2957 1937 3012 dicendi

359 3045 623 3115 facturus,
653 3049 756 3102 hoc
781 3050 902 3104 volo
927 3049 1127 3104 dicere.

2037 2029 2226 2082 νεσθαι
2251 2026 2425 2095 λέγοι,
2455 2027 2558 2080 οὐκ
2609 2019 2728 2079 οἶδα
2784 2025 2866 2088 τίς
2902 2024 3047 2092 ὑπὲρ
3094 2022 3357 2092 τοιαύτης
3392 2019 3598 2088 είρήνης

2039 2117 2188 2174 θύειν
2218 2117 2576 2190 βουλήσεται,
2609 2117 2706 2170 καὶ
2765 2115 2835 2169 τὰ
2871 2116 3168 2185 πράγματα
3211 2115 3308 2166 ἐπὶ
3340 2111 3433 2181 τῆς
3477 2127 3599 2180 προ-

2037 2213 2204 2285 τέρας
2235 2209 2574 2282 ἀμφιϐολίας
2605 2209 2877 2278 ἱστάμενα
2909 2208 3005 2261 καὶ
3050 2205 3314 2260 πείθοντα
3365 2203 3600 2270 σκυθρω-

2037 2307 2233 2371 πάζειν
2262 2303 2444 2375 ἀφεὶς,
2477 2301 2720 2373 τοῦνομα
2748 2302 2848 2373 τῆς
2884 2299 3112 2371 εἰρήνης
3149 2297 3426 2367 εὐθυμίας
3453 2293 3601 2364 λήψε-

2037 2416 2128 2454 ται
2165 2396 2467 2468 πρόφασιν,
2529 2395 2624 2449 καὶ
2671 2397 2850 2467 νομιεῖ
2903 2411 3050 2459 τινος
3108 2393 3216 2446 τῶν
3249 2390 3603 2446 ἐλπισθέντων

2037 2493 2247 2562 τυχεῖν.
2291 2490 2458 2544 Ὥστε
2487 2488 2566 2560 τῷ
2602 2489 2702 2560 μὶν
2746 2489 2880 2560 μηδὲ
2915 2489 3056 2559 πρὸς
3102 2487 3232 2550 ἄλλο
3257 2503 3317 2540 τι
3366 2483 3603 2548 καθάπαξ

2052 2582 2181 2634 ἰδεῖν
2213 2583 2248 2652 ἠ
2272 2581 2373 2650 τῆς
2397 2580 2506 2636 τῶν
2528 2581 2829 2652 ἀμηχάνων
2856 2579 3153 2650 ἐπιθυμίας
3178 2577 3412 2650 αἰσχύνη
3447 2577 3604 2644 atpos-

2053 2690 2171 2727 εστι
2211 2671 2374 2743 μόνον
2399 2673 2498 2726 ’τὸ
2549 2671 2595 2727 δ’
2646 2672 2845 2728 ἕνωσιν
2894 2671 3220 2734 ἐπανιόντας
3255 2670 3500 2740 κομίζειν
3527 2667 3605 2718 oi;-

2041 2764 2128 2818 δὲν
2160 2764 2396 2836 ἔχουσαν
2435 2763 2598 2819 πλέον
2627 2765 2730 2835 τῆς
2779 2764 3021 2836 πρόσθεν
3054 2764 3350 2834 διαφορᾶς,
3397 2761 3486 2815 καὶ
3539 2755 3607 2827 τῷ
3647 2745 3659 2761 ’

2041 2859 2252 2930 ταύτης
2285 2859 2770 2930 ἐμπανηγυρίζειν
2804 2859 3053 2930 ὀνόματι,
3090 2859 3353 2928 δευτέρας
3391 2854 3480 2908 καὶ
3503 2853 3604 2923 χεί-

2047 2971 2202 3026 ρονος
2235 2953 2454 3024 ἀπάτης
2503 2953 2618 3022 ἔχει
2677 2951 3039 3025 κατηγορίαν,
3086 2953 3185 3006 καὶ
3231 2951 3330 3004 τοῦ
3375 2948 3606 3020 πρώτους

2046 3049 2247 3114 αὐτοὺς
2279 3050 2370 3122 ὑφ’
2403 3049 2584 3104 αὐτῶν
2615 3049 3078 3120 ἐξαπατωμένους
3110 3048 3207 3102 καὶ
3261 3046 3390 3109 τοὺς
3433 3043 3608 3101 ἄλλους

360 3143 540 3197 θέλειν
578 3141 881 3214 ἐξαπατᾷν.
913 3144 989 3198 Ού
1027 3144 1134 3214 μὴν
1165 3141 1282 3198 ἀλλ’
1312 3144 1450 3215 ὅπερ
1497 3142 1744 3215 ἠγοῦμαι
1779 3144 1942 3214 μόνον
2019 3131 2278 3216 ἀρκέσειν
2355 3148 2497 3218 πρὸς
2559 3145 2686 3210 τοὺς
2744 3149 2931 3200 ἐκεῖνα
2997 3143 3395 3206 ἀντιτιθέντας,
3458 3139 3611 3193 τᾶἒλα

361 3241 542 3296 πάντα
564 3242 746 3308 ἀφεὶς,
777 3244 872 3296 καὶ
904 3243 1235 3313 βουλόμενος
1268 3242 1372 3313 ήδη
1407 3240 1602 3295 παύειν
1639 3241 1930 3311 τὸνλόγον,
1971 3244 2134 3298 τοῦτο
2171 3243 2435 3317 βούλομαι
2473 3247 2678 3314 λέγειν.

433 3335 800 3405 lmpossibtle,
849 3337 1188 3406 impossibile
1233 3346 1335 3403 est,
1377 3336 1670 3392 venerandi
1724 3337 1940 3402 Patres,
1971 3343 2015 3401 ο

363 3441 551 3497 pacem
581 3427 729 3482 illam
773 3441 896 3483 esse
928 3429 1349 3498 impossibilem,
1402 3430 1447 3485 si
1476 3429 1620 3500 quod
1669 3444 1812 3501 stupe.
1863 3429 1940 3482 fa-

365 3530 513 3575 ctum
547 3527 654 3583 est,
697 3534 860 3576 nemo
906 3520 1040 3576 dicit
1070 3522 1445 3590 impossibile:
1489 3523 1615 3578 talis
1639 3536 1768 3577 vero
1810 3524 1944 3579 unio

367 3615 571 3686 septies
598 3615 720 3686 jam,
740 3624 960 3685 peracta
996 3625 1101 3682 est,
1130 3628 1185 3671 et
1215 3617 1362 3672 nulla
1399 3633 1492 3673 vos
1523 3617 1739 3672 illarum
1781 3632 1946 3689 syno-

367 3705 586 3774 dorum,
635 3722 734 3778 per
766 3722 905 3779 quas
933 3723 996 3762 ea
1046 3708 1210 3764 toties
1254 3707 1502 3763 confecta
1528 3718 1631 3772 est,
1673 3709 1780 3764 ulla
1814 3708 1948 3764 estl's

370 3818 435 3860 ex
467 3812 624 3871 parte
650 3802 943 3859 inferiores
974 3820 989 3860 :
1016 3817 1138 3859 esse
1166 3817 1298 3858 vero
1332 3802 1480 3858 illam
1512 3817 1773 3874 perquam
1805 3803 1948 3858 ditii-

371 3897 531 3954 cilem
564 3911 676 3952 non
717 3897 1051 3966 negaverim,
1082 3911 1273 3953 verum
1301 3905 1360 3954 et
1397 3897 1687 3951 maximam
1711 3903 1768 3951 et
1797 3904 1950 3966 opta-

372 3988 664 4055 tissimam,
693 3995 750 4044 et
789 3989 1098 4043 vincentem
1139 3988 1326 4042 omnia
1359 4003 1480 4059 qua:
1527 3988 1652 4056 quis
1688 3987 1950 4058 deprece-

2132 3343 2419 3399 ’Δδύνατόν
2451 3345 2618 3406 ἐστιν,
2651 3343 2938 3406 ἀδύνατον,
2963 3333 3008 3394 ὧ
3041 3337 3290 3407 Πατέρες
3317 3333 3611 3402 σεϐάσμιοι,

2049 3439 2148 3509 τὴν
2176 3440 2406 3512 είρήνην
2439 3437 2658 3507 ἐκείνην
2691 3437 2955 3490 ἀδύνατον
3007 3427 3171 3498 εἶναι,
3205 3429 3370 3500 εἴπερ
3398 3429 3462 3483 τὸ,
3498 3424 3616 3478 πολ-

2046 3531 2204 3595 λάκις
2249 3529 2619 3602 γεγενημένον
2653 3529 2830 3593 οὐδεὶς
2878 3526 3144 3581 ἀδύνατον
3185 3523 3358 3593 λέγει.
3390 3516 3616 3584 Τοιαύτη

2045 3625 2092 3680 δ’
2121 3625 2314 3687 ἕνωσις
2363 3623 2596 3685 ἑπτάκις
2641 3622 2954 3692 πέπρακται
3003 3620 3144 3690 ῆδηο
3177 3618 3278 3671 καὶ
3331 3615 3487 3684 ὑμεῖς
3518 3610 3618 3664 τῶν

2048 3719 2264 3783 ὲκείνας
2288 3717 2745 3790 διαπραξαμένων
2776 3714 3013 3768 συνόδων
3042 3710 3306 3780 οὐδεμιᾶς
3331 3707 3451 3763 κατ’
3473 3703 3619 3758 οὐδὲν

2049 3814 2306 3877 ἐλάττους
2352 3812 2512 3866 ἐστέ·
2563 3811 2796 3880 δυσχερῆ
2843 3809 3028 3878 μέντοι
3079 3805 3174 3858 καὶ
3230 3803 3356 3856 λίαν
3429 3793 3620 3863 εἴποιμ’

2048 3907 2117 3962 ἂν
2148 3902 2288 3960 εἶναι
2308 3921 2324 3938 ο
2357 3904 2496 3959 ἀλλὰ
2533 3903 2801 3973 μεγίστην
2840 3917 2898 3954 τε
2945 3902 3038 3955 καὶ
3072 3896 3478 3963 ποθεινοτάτην,
3505 3889 3618 3951 καὶ,

2051 4000 2088 4055 ἃ
2125 4016 2211 4064 τις
2256 3998 2322 4054 ἂν
2381 3995 2684 4060 ἀπεύξαιτο
2728 3993 2906 4047 πάντα
2955 3990 3216 4057 νικῶσαν,
3274 3985 3371 4042 καὶ
3426 3983 3623 4038 πολλῶν

372 4093 482 4148 tur,
514 4081 812 4152 multisque
839 4081 1174 4138 voscoronis
1204 4080 1604 4142 redimituram.
1641 4089 1700 4136 et
1725 4095 1824 4150 pro
1844 4095 1943 4152 qua

2052 4093 2184 4164 ύμῖν
2235 4089 2516 4160 στεφάνων
2559 4086 2748 4141 αἰτίαν
2794 4082 3190 4153 γενησομένην,
3235 4081 3334 4134 καὶ
3382 4077 3520 4147 ὑπὲρ
3567 4066 3624 4145 ἦς

371 4175 549 4246 longa:
575 4175 1064 4246 peregrinationes,
1114 4184 1172 4233 et
1204 4174 1444 4241 labores,
1493 4184 1555 4230 et
1592 4174 1858 4244 pericula,
1899 4183 1943 4229 el

2053 4183 2360 4256 ἀποδημίαι
2397 4181 2607 4252 μακραὶ
2652 4178 2749 4232 καὶ
2785 4177 2941 4230 πόνοι
2983 4175 3079 4228 καὶ
3111 4173 3352 4226 κίνδυνοι
3379 4169 3472 4222 καὶ
3505 4165 3627 4236 χρή-

376 4270 644 4339 pecunia,
660 4279 714 4325 et
732 4269 1045 4340 hujusmodi
1066 4269 1248 4325 munia
1267 4283 1374 4341 pro.
1396 4269 1570 4324 nihilo
1595 4281 1724 4324 sunt
1745 4268 1952 4322 habita.

378 4361 512 4418 Nam
541 4371 599 4418 et
624 4362 747 4416 aliis
784 4362 1034 4418 conciliis
1060 4377 1124 4416 ea
1155 4361 1270 4418 visa
1293 4373 1377 4416 est
1419 4359 1622 4431 pariter
1642 4362 1830 4422 ardua.
1855 4375 1955 4416 nec

378 4464 558 4509 tamen
599 4462 884 4524 propterea
925 4455 1250 4509 destiterunt
1281 4454 1349 4508 ab
1391 4454 1840 4524 exoptandailla,
1901 4463 1956 4508 et

384 4561 483 4616 per
509 4545 615 4600 Dei,
633 4559 792 4616 opem
816 4545 1168 4615 perficienda.
1203 4546 1258 4603 Si
1287 4547 1412 4618 quis
1445 4562 1571 4601 vero
1595 4547 1953 4617 impossibilia

383 4650 560 4706 vocat,
597 4656 720 4710 qme
749 4655 999 4710 magnam
1038 4639 1243 4695 habent
1281 4638 1684 4704 dillicultatem,
1719 4639 1954 4696 audien-

2060 4295 2206 4350 ματα
2259 4275 2357 4329 καὶ
2409 4273 2588 4327 πάντα
2619 4270 2683 4338 δὴ
2734 4269 2802 4322 τὰ
2837 4268 3061 4323 τοιαῦτα
3108 4262 3626 4334 καταπεφρόνηταιο

2059 4372 2153 4428 καλ.
2198 4367 2438 4440 δυσχερῆ
2489 4366 2590 4436 μὲν
2622 4363 2822 4434 ὁμοίως
2858 4363 3124 4430 φανεῖσαν
3175 4359 3272 4412 καὶ
3303 4359 3425 4420 ταῖς
3455 4355 3629 4408 ἄλλαις

2062 4464 2322 4526 συνόδοις,
2357 4459 2471 4514 ἀλλ’
2502 4459 2651 4527 ὅμως
2677 4457 2776 4510 οὐκ
2823 4454 3130 4524 ἀπέσχοντο
3161 4451 3251 4506 διὰ
3285 4449 3443 4503 τοῦτο
3475 4443 3630 4509 ποθῇ·
3665 4455 3672 4460 ·

2067 4577 2157 4612 σσιι
2208 4556 2412 4624 ταύτην
2463 4554 2554 4608 καὶ
2593 4547 3050 4619 καταπράξασθαι
3105 4544 3240 4615 πρὸς
3283 4541 3444 4597 Θεοῦ.
3478 4539 3536 4591 Ei
3579 4534 3632 4587 δέ

2069 4668 2149 4713 τις
2196 4648 2434 4705 ἀδύνατα
2476 4644 2546 4698 τά
2577 4641 2780 4712 πολλὴν
2829 4637 3120 4702 δυσκολίαν
3152 4637 3350 4708 ἔχοντα
3377 4634 3543 4700 λέγοι,
3575 4626 3631 4680 ού

383 4736 488 4788 dus
519 4749 628 4788 non
660 4742 766 4788 est.
799 4732 953 4800 Quod
990 4747 1120 4787 uero
1148 4745 1311 4786 uuam
1348 4739 1556 4786 certam
1586 4738 1640 4785 et
1675 4745 1858 4785 veram
1890 4729 1943 4784 dt

2061 4708 2146 4797 διί
2193 4739 2368 4810 τούτῳ
2420 4708 2890 4809 προσέχεινίὌτι
2950 4731 3008 4785 δὲ
3067 4731 3129 4784 τὸ
3194 4729 3326 4800 μίαν
3374 4726 3493 4780 τινὰ
3543 4723 3634 4792 τὴν

385 4828 659 4896 proposita
724 4827 954 4880 materia
1006 4825 1234 4880 delinire
1289 4824 1640 4889 Sententiam,
1704 4833 1760 4877 ct
1810 4830 1959 4878 tanta

386 4922 744 4992 ambiguitate
807 4937 872 4976 ac
927 4921 1188 4976 intestino
1239 4918 1536 4977 schismate
1587 4919 1819 4972 liberare
1867 4917 1958 4972 Dei

385 5014 724 5078 l'lcclesiam,
783 5029 888 5069 nou
952 5013 1128 5068 modo.
1168 5030 1276 5068 nou
1337 5010 1695 5082 impossibile,
1758 4995 1850 5065 sed
1915 5007 1961 5091 si

385 5106 608 5176 quando
639 5107 797 5172 alias,
835 5107 1171 5162 nuncetiam
1215 5105 1372 5160 facile
1397 5105 1484 5165 sit.
1515 5120 1609 5174 per
1633 5119 1689 5156 se
1717 5112 1858 5169 patet
1897 5102 1967 5156 iis

385 5200 478 5270 qui
526 5199 674 5253 nullo
709 5197 902 5253 allecto
947 5197 1312 5270 praeoccupati
1348 5195 1667 5265 dijudieaut.
1711 5191 1766 5248 Si
1814 5193 1961 5246 enim

383 5312 452 5350 ex
503 5295 616 5350 illis
661 5309 780 5365 quae
820 5306 1035 5362 recepta
1071 5300 1222 5350 sunt,
1264 5303 1373 5342 non
1426 5301 1714 5358 possemus
1762 5285 1965 5341 afferre

389 5387 556 5441 multa
585 5386 651 5440 ad
687 5394 1008 5454 praesentem
1041 5381 1510 5453 diSquisitionem,
1557 5378 1650 5434 sed
1689 5386 1966 5447 oporteret

386 5497 565 5535 rerum
591 5481 768 5534 adlme
803 5481 1111 5552 ignotarum
1157 5491 1260 5530 nos
1287 5476 1400 5528 fieri
1437 5474 1774 5538 inventores,
1799 5470 1964 5526 veluti

388 5592 482 5642 ιιμι·
511 5575 859 5644 conjecturas
893 5574 1202 5637 veritatem,
1235 5586 1356 5640 quae
1389 5567 1532 5623 vires
1569 5580 1777 5622 natura:
1804 5581 1964 5637 supc-

388 5676 492 5729 rat,
527 5667 864 5735 iuqttin-utes
892 5682 907 5732 ;
945 5676 1038 5720 aut
1068 5663 1112 5718 si
1144 5663 1362 5718 nonnisi
1398 5671 1586 5718 nostro
1619 5660 1968 5715 incommodo

386 5761 570 5813 dirimi
621 5773 804 5829 posset
850 5760 965 5814 lucc
1017 5756 1411 5820 controversia,
1467 5771 1568 5810 nec
1621 5754 1691 5808 ita
1743 5753 1963 5825 quidem

387 5835 794 5905 essetomnin
841 5850 1072 5905 arduum
1116 5849 1339 5919 eligere,
1372 5848 1516 5918 quod
1567 5849 1803 5901 maxime
1840 5861 1963 5900 cum

393 5946 496 6006 lide
527 5948 802 6017 congruit,
853 5957 902 6002 et
941 5947 1088 6000 notia
1125 5945 1331 6000 ratione
1362 5958 1483 6000 cum
1518 5960 1579 6001 ea
1617 5953 1814 6016 pugnat
1851 5963 1861 6008 5
1907 5943 1964 5993 il-

2064 4835 2240 4908 ἀληθῆ
2273 4832 2404 4903 περὶ
2431 4831 2542 4884 τῶν
2573 4828 2951 4900 προκειμένων
2986 4821 3442 4896 συμπεράνσισθαι
3465 4819 3633 4883 δόξαν,

2069 4906 2165 4981 καί
2211 4924 2414 4979 παῦσαι
2449 4921 2548 4992 τὴν
2607 4917 2933 4986 Ἐκκλησίαν
2969 4915 3106 4968 Θεοῦ
3161 4911 3290 4982 περὶ
3342 4910 3452 4966 τῶν
3498 4906 3636 4975 τηλι-

2065 5021 2276 5072 κούτων
2323 5012 2757 5085 ἀμφιγνοοῦσαν,
2804 5012 2900 5063 καὶ
2944 5007 3080 5078 πρὸς
3130 5005 3332 5076 ἑαυτὴν
3386 4999 3632 5072 σχιζομέ-

2067 5130 2186 5183 νην,
2224 5111 2324 5181 οὐχ
2361 5109 2510 5171 ὅπως
2547 5105 2830 5171 ἀδύνατον,
2879 5101 2993 5155 ἀλλ’
3051 5098 3212 5170 εἴπερ
3271 5096 3464 5152 ἄλλοτέ
3513 5107 3631 5144 ποτε

2067 5181 2162 5258 καὶ
2184 5201 2278 5254 νῦν
2308 5198 2554 5269 εὐχερὲς,
2581 5196 2740 5264 δῆλον
2773 5194 2999 5246 αὐτόθεν
3039 5193 3154 5254 τοῖς
3184 5206 3247 5259 γε
3275 5189 3406 5243 ἄνευ
3441 5181 3632 5238 πάθους

2066 5289 2551 5366 λογιζομένοιςιΕἰ
2581 5289 2680 5361 μὲν
2706 5290 2833 5360 γὰρ.
2851 5287 2950 5340 οὐκ
2971 5281 3040 5358 ἦν
3066 5287 3197 5356 ἡμῖν
3228 5285 3292 5336 ὲκ
3318 5280 3427 5333 τῶν
3459 5274 3636 5346 ὁμολο-

2065 5384 2352 5454 γουμένων
2397 5380 2572 5434 πολλά
2633 5379 2770 5448 πρὸς
2815 5377 2916 5448 τὴν
2961 5377 3093 5446 περὶ
3139 5374 3246 5427 τῶν
3295 5367 3634 5440 ζητουμένων

2063 5478 2246 5532 ἕλκειν
2274 5474 2542 5540 ἐξέτασιν,
2577 5471 2692 5525 ἀλλ’
2749 5471 2856 5524 ἔδει
2884 5471 2990 5521 τῶν
3035 5467 3189 5521 οὔπω
3218 5463 3644 5534 φτνερωθέντων.

2065 5569 2292 5640 εὑρετὰς
2346 5567 2497 5637 ἡμᾶς
2548 5564 2834 5634 γίνεσθαι,
2891 5563 3146 5631 καθάπερ
3212 5553 3637 5627 στοχαζομένους

2074 5664 2172 5734 τῆς
2205 5658 2517 5732 ὑπερφυοῦς
2551 5657 2810 5728 ἀληθείας
2835 5673 2848 5686 ⁸
2887 5657 2978 5708 καὶ
3010 5658 3059 5708 εἰ
3103 5655 3297 5715 κακοῖς
3343 5668 3486 5705 τισιν
3512 5649 3636 5717 ἡμε-

2075 5759 2256 5828 τέροις
2305 5754 2406 5806 οὐκ
2440 5749 2508 5823 ἦν
2542 5752 2692 5804 λύειν
2723 5753 2822 5822 τὴν
2855 5748 3290 5820 ἀμφισϐήτησιν,
3332 5741 3443 5796 οὐδ’
3480 5739 3638 5796 οὕτως

2074 5849 2139 5904 ἂν
2189 5843 2256 5918 ἦν
2291 5844 2603 5898 παντάπαπι
2652 5843 2908 5914 δυσχερὲς
2945 5842 3004 5895 τὸ
3063 5841 3297 5911 μάλιττα
3353 5840 3418 5906 τῇ
3470 5833 3637 5885 πίστει
3698 5851 3708 5857 -

2079 5942 2380 6018 συμϐαῖνον,
2417 5939 2512 5996 καὶ
2565 5937 2815 6006 μηδαμοῦ
2871 5954 2943 6003 πρ
2982 5934 3302 5998 σιστὶμενῑην
3357 5920 3633 5992 Exit-5193'-
