3976 6452
422 423 529 488 43Ὶ

1614 396 1902 481 omne
1930 421 1963 501 I~
1994 421 2094 479 an
2138 418 2524 480 swonun.

3448 376 3670 470 διες

410 555 560 601 νους,
589 536 665 599 ὡς
717 534 1069 607 ἀληθεστέρῳ
1109 536 1285 609 τούτῳ
1316 537 1677 609 προσκεῖσθαι
1706 554 1719 568 ·
1753 537 1899 601 sino;
1942 538 1988 593 δ’

2118 538 2238 607 ique
2272 546 2330 592 ut
2364 535 2563 591 veriori
2623 533 2935 588 adhaerere.
2976 531 3173 584 Essent
3227 539 3356 579 vero
3406 522 3667 581 lorrassc.

410 625 477 699 ἧν
501 645 657 690 τινας
708 626 1004 693 ἐνδοιάζειν
1049 630 1144 683 καὶ
1188 631 1316 694 τοὺς
1369 631 1748 702 ἀνθρωπίνους
1798 631 1997 701 φυλάτ-

411 722 601 775 τεσθαι
632 720 931 788 λογισμοὺς
962 720 1036 784 ὡς
1072 712 1419 791 ἐπισφαλεῖς,
1450 724 1482 794 ἢ
1520 725 1651 794 μηδὲ
1683 726 1997 793 συμφωνεῖν

411 804 666 880 ἀλλήλοις
715 810 943 877 ἐθέλειν,
975 812 1072 875 τὰς
1120 812 1331 867 ἑαυτῶν
1371 813 1674 883 ὑπολήψεις
1732 813 1997 874 ἑκάστους

411 901 894 971 διαφυλάττοντας.
938 902 1091 954 Ἐπεὶ
1134 904 1189 957 δὲ
1228 904 1339 957 τῶν
1392 904 1474 969 είς
1505 905 1680 957 ταῦτα
1718 903 2000 973 φερόντων

414 994 632 1064 πλήρης
682 992 783 1063 μὲν
832 995 863 1062 ἠ
913 994 1034 1048 θεία
1070 995 1278 1067 Γραφὴ,
1316 995 1549 1065 γέμουσι
1596 996 1651 1049 δὶ
1684 996 1793 1048 τῶν
1831 995 2002 1059 ἀγίων

415 1087 462 1137 οἱ
483 1085 653 1153 λόγοι,
691 1085 784 1138 καὶ
812 1086 938 1149 τοὺς
966 1086 1255 1150 πλείστους
1298 1087 1598 1159 διαρρήδην
1632 1091 1761 1159 περὶ
1789 1089 1998 1143 τούτων

423 1177 684 1243 λέγοντας
730 1174 826 1229 ἴδοι
883 1194 967 1240 τις
1004 1177 1091 1244 ἂν,
1133 1178 1383 1250 καθάπερ
1434 1179 1686 1249 ἐπίτηδες
1739 1178 2005 1242 δικαστὰς

427 1268 549 1335 ήμῖν
581 1266 687 1320 τῶν
716 1267 1183 1339 ἀμφισόητήσεων
1218 1269 1590 1341 καθημένους,
1632 1273 1727 1325 καὶ
1753 1271 1995 1340 χαλεπόν

432 1359 574 1408 ἐστιν
600 1357 853 1426 ἀριθμεῖν
900 1360 1073 1413 ὁπόσα
1099 1360 1323 1432 Γραικοὶ
1373 1361 1467 1413 καὶ
1507 1361 1727 1413 Λατῖνοι
1759 1360 2004 1413 συνειλοο

425 1447 575 1516 χότες
615 1450 826 1503 ἐκεῖθεν
874 1450 1016 1522 ὑπὲρ
1049 1452 1148 1521 τῆς
1197 1453 1334 1512 ἰδίας
1366 1453 1620 1524 ἑκάτεροι
1661 1453 1825 1523 δόξης
1864 1469 2001 1522 πΡ⁰²

424 1537 664 1605 φέρουσι,
694 1540 780 1604 τίς
838 1540 1100 1611 χαλεπὸν,
1127 1542 1197 1596 τά
1248 1544 1348 1613 μὲν
1400 1544 1498 1615 τῆς
1534 1544 1757 1614 Γραφῆς
1808 1542 1885 1605 ὡς
1942 1541 2009 1596 ἂν

422 1630 504 1696 εἴη
529 1629 737 1683 δίκαιον
783 1634 881 1687 καὶ
924 1633 1202 1703 προσῆκον
1230 1634 1653 1705 ἐξηγουμένους,
1702 1635 1906 1705 μᾶλλον
1947 1634 2005 1690 δὲ

422 1721 535 1781 τοῖς
580 1720 1015 1792 ἐξηγησαμένοις
1073 1724 1271 1794 ἀριστα
1338 1725 1720 1793 πειθομένους,
1779 1725 1908 1788 τοὺς
1965 1726 2011 1780 δ·

423 1811 613 1880 ἁγίους
642 1811 897 1886 ἀλλήλοις
928 1816 1323 1881 συνάπτοντας,
1351 1817 1444 1871 καὶ
1465 1816 1591 1880 τοὺς
1626 1816 1726 1887 μὲν
1750 1817 2012 1881 ἐλάττους

424 1906 534 1967 τοῖς
566 1900 802 1971 πλείοσι,
833 1909 959 1973 τοὺς
990 1909 1050 1963 δὲ
1086 1900 1424 1981 σιγήσανταξ
1456 1910 1569 1973 τοῖς
1623 1909 1857 1973 εἰποῦσι.
1892 1912 2006 1970 τοῖς
2038 1898 2080 1953 Β

424 1997 467 2048 δ’
522 1998 844 2070 ἀρχαιότητι
897 2000 1216 2071 διαφέρουσι
1263 2003 1389 2065 τοὺς
1444 2000 1729 2070 ὗσντέρους,
1779 2002 1894 2064 τοῖς
1942 2001 1999 2054 δὲ

430 2088 614 2155 παφῶς
639 2090 938 2161 ὀμιλήσασι
960 2093 1086 2156 τοὺς
1113 2091 1488 2163 ἀσαφέστερον
1509 2089 1586 2160 τῷ
1615 2091 1758 2161 λόγῳ
1788 2106 2001 2162 χρησα-

432 2179 623 2247 μένους
655 2182 1014 2253 προσθέντας,
1041 2184 1179 2254 δπερ
1204 2184 1342 2238 κάπὶ
1369 2182 1479 2237 τῶν
1502 2180 1800 2236 πολιτικῶν
1830 2180 2002 2251 ζητη-

433 2274 619 2341 μάτων
665 2274 911 2341 ἀξιοῦσιν
959 2277 1008 2330 οῖ
1068 2277 1247 2346 νόμοι,
1284 2274 1381 2330 καὶ
1414 2275 1443 2330 δ
1478 2276 1582 2329 κᾶν
1628 2273 1826 2338 αὐτοὺς
1852 2272 2006 2343 οἶμαι

432 2366 654 2435 ποιῆσαι
684 2366 821 2438 πρὸς
864 2367 1114 2433 ἑαυτοὺς,
1142 2367 1305 2438 εἴπερ
1349 2361 1462 2421 οἶόν
1492 2367 1541 2419 τ’
1577 2362 1646 2436 ἦν
1696 2366 1777 2430 είς
1807 2366 2004 2418 ταυτὸν

433 2458 789 2522 συνελθόντας
844 2459 946 2522 τὰς
1001 2459 1246 2530 ἀλλήλων
1291 2458 1700 2528 ἐπισκέψασθαι
1757 2456 2005 2529 γνώμας,

431 2547 574 2602 οὔτω
600 2550 665 2620 δὴ
711 2552 807 2603 καὶ
835 2552 986 2620 ἡμᾶς
1036 2551 1295 2621 ἀλλήλοις
1326 2549 1622 2622 συμϐῆναι,
1655 2551 1752 2605 καὶ
1793 2550 2009 2612 παύσειν

438 2641 561 2694 σθαι
595 2641 686 2694 τὸν
736 2643 1005 2714 ἡμέτερον
1044 2644 1293 2714 πόλεμον
1337 2644 1430 2697 ἐπὶ
1480 2644 1606 2704 τοὺς
1649 2645 1750 2711 τῆς
1788 2642 2013 2713 εἰρήνης

438 2731 789 2795 διδασκάλους
818 2733 1263 2800 διαδιὸάζονταςς
1301 2735 1407 2797 ἕως
1451 2735 1561 2804 γάρ
1588 2732 1654 2789 ἀν
1694 2736 1857 2804 ἡμεῖς
1887 2751 2015 2786 σταα

443 2817 737 2885 σιάζωμεν,
770 2823 1096 2892 συμμάχους
1125 2823 1226 2885 τάς
1272 2824 1500 2877 ἐκείνων
1553 2824 1887 2891 ἐπαγόμενοι
1920 2825 2017 2896 ῥή-

443 2929 582 2976 σεις,
622 2912 1002 2986 ἀδύνατον-μὴ
1031 2916 1339 2987 κάκείνους
1372 2914 1435 2967 τὸ
1465 2914 1587 2967 καθ’
1617 2916 1769 2983 ήμὶς
1820 2932 2020 2968 κοινω-

442 3005 566 3067 νοὺς
624 3006 893 3060 ποιεῖσθαι
940 3006 1041 3074 τῆς
1092 3007 1355 3067 στάσεως.
1384 3006 1550 3059 Ταῦτ’
1596 3007 1854 3075 οὐδεμίαν
1907 3006 2021 3076 ἔχει

440 3094 782 3166 δυσχέρειαν,
819 3098 868 3149 εί
919 3097 993 3167 μὴ
1048 3100 1232 3165 μόνοις
1281 3101 1394 3159 τοῖς
1448 3099 1778 3167 φιλονεικεῖν
1841 3099 2025 3167 βουλο-

444 3189 644 3256 μένοις,
694 3190 789 3244 καὶ
831 3190 933 3253 τάς
985 3192 1123 3254 ιδίας
1170 3191 1271 3261 μὲν
1321 3191 1623 3262 προλήψεις
1666 3193 2020 3259 φυλάττουσι,

439 3280 507 3330 δι’
544 3271 619 3331 ὧν
665 3279 713 3331 δ’
758 3279 824 3333 ἂν
870 3281 1082 3347 γένοιτο
1128 3280 1229 3348 τῆς
1268 3280 1532 3351 ἀληθείας
1574 3283 1779 3350 τυχεῖν,
1813 3282 2021 3337 τούτων

438 3367 591 3421 οὐδὲν
621 3368 757 3430 ὅλως
800 3369 1181 3439 προσιεμένοις
1209 3386 1224 3403 ⁸
1259 3364 1335 3425 ὧν
1366 3374 1734 3441 καταφρονεῖν
1764 3371 1889 3434 τοὺς
1923 3372 2019 3441 τῆς

441 3455 696 3524 ἀληθείας
752 3456 1162 3527 ἐπιθυμοῦντας
1225 3460 1440 3530 πέφυκε
1490 3462 1723 3535 δίκαιον.
1780 3461 1921 3515 Ἀλλ’
1971 3463 2020 3514 εί

444 3551 536 3601 καὶ
580 3550 815 3621 δυσχερῆ
866 3552 1021 3606 ταῦτ’
1060 3547 1130 3624 ἦν
1173 3554 1451 3623 ἄντικρυς,
1484 3555 1575 3608 καὶ
1611 3555 1882 3625 μηδέποτε
1916 3556 2021 3625 πρὸ

444 3642 601 3710 ἡμῶν
632 3644 840 3712 ἑτέροις
894 3645 1034 3715 μήτε
1082 3645 1494 3700 σπουδασθέντα
1528 3647 1654 3719 μήτ’
1697 3648 2020 3710 ἀνυσθέντα,

446 3736 543 3805 τήν
570 3752 632 3803 γε
664 3736 815 3805 παρά
842 3737 935 3791 τοῦ
967 3737 1283 3807 Πνεύματος
1315 3741 1637 3809 συμμαχίαν
1668 3741 1768 3792 ούκ
1792 3738 2020 3807 εὔλογον

356 3835 365 3847 '
443 3828 787 3894 ἀπελπίζειν,
815 3822 860 3897 ᾧ
888 3830 984 3884 καὶ
1033 3831 1178 3885 κατὰ
1213 3831 1323 3885 τῶν
1376 3831 1451 3894 ὡς
1480 3832 1699 3900 ἀληθῶς
1733 3834 1868 3902 ἡμῖν
1901 3833 2027 3886 ἁδυ-

443 3921 621 3974 νάτων
669 3921 1085 3991 ὑπερϐάλλουσα
1132 3922 1392 3992 πρόσεστι
1437 3923 1709 3993 δύναμιςο
1742 3925 1879 3981 ἀλλὰ
1931 3943 2021 3977 πι-

448 4013 662 4067 στεύειν
702 4016 881 4069 ἔκεῖνο
915 4015 1025 4069 τῶν
1071 4019 1248 4069 πόνων
1290 4016 1434 4086 ὑμᾶς
1476 4017 1571 4071 καὶ
1614 4019 1723 4071 τῶν
1761 4018 2023 4072 κινδύνων

445 4100 523 4159 ὧν
556 4106 828 4178 ύπᾶστητε
860 4108 1233 4175 κατοικτίσαν,
1268 4112 1364 4164 καὶ
1410 4110 1502 4164 τδν
1550 4110 1781 4183 σφοδρὸν
1810 4113 1870 4164 ἐν
1898 4113 2029 4182 ὑμῖν

448 4199 547 4269 τῆς
580 4199 838 4272 ἀληθείας
879 4201 1047 4257 πόθον
1095 4202 1527 4274 ἀποδεξάμενον,
1561 4204 1843 4275 ἀρκοῦσαν
1891 4204 2024 4272 παρ’

446 4292 646 4347 ἑαυτοῦ
699 4294 1031 4366 προσθήσειν
1080 4295 1280 4365 ῥοπήν.
1314 4296 1377 4348 Et
1430 4296 1542 4364 γὰρ
1592 4294 1908 4349 τούναντίον
1952 4295 2030 4365 μὴ

450 4383 852 4454 προχειρότατα
919 4380 1022 4457 ἦν,
1063 4385 1295 4440 -ἐκείθεν
1347 4386 1449 4454 τὴν
1501 4385 1596 4439 τοῦ
1654 4386 2029 4457 κατορθώσειν

449 4472 685 4543 δύναμιν
714 4474 957 4541 ὶλπίζειν
1001 4477 1299 4547 προσῆκεν,
1331 4472 1394 4531 οὗ
1448 4479 1619 4549 χωρὶς
1652 4477 1805 4533 οὐδὲν
1842 4480 2029 4534 ἀνύειν

2099 630 2192 695 qui
2240 631 2576 690 dubitarent,
2626 635 2677 681 et
2711 626 3076 680 humanarum
3124 618 3510 690 cogitationum
3561 629 3669 669 non

2098 722 2232 776 satis
2267 729 2384 775 tuto
2415 720 2621 785 judicio
2659 716 2979 776 diuiderent.
3026 724 3119 767 aut
3170 711 3515 766 consentire
3544 722 3669 762 eum

2101 813 2291 868 alteris
2341 813 2571 872 nollent,
2627 810 2742 864 suis
2776 808 2977 877 quique
3013 802 3253 860 contenti
3301 800 3672 871 opinionibus.

2101 906 2169 957 At
2207 920 2331 958 cum
2363 902 2517 971 plena
2546 901 2621 956 sit
2653 913 2809 956 sacra
2836 899 3116 967 Scriptura
3155 894 3440 951 sententiis
3474 891 3537 944 ad
3574 892 3676 944 hoc

2104 986 2498 1065 spectantibus,
2540 1003 2592 1049 et
2641 1002 2949 1047 sanctorum
2998 989 3118 1044 libri
3171 986 3362 1041 iisdem
3407 991 3674 1046 scateant,

2105 1089 2484 1159 plurimosque
2513 1086 2579 1140 de
2623 1087 2723 1140 hac
2767 1082 2989 1137 materia
3028 1093 3134 1136 tam
3181 1088 3370 1148 aperte
3414 1078 3535 1145 quis
3562 1074 3678 1127 itis-

2106 1194 2286 1234 serere
2318 1180 2518 1243 videat,
2555 1192 2618 1233 ac
2657 1178 2700 1233 si
2745 1176 2866 1230 data
2904 1189 3069 1245 opera
3110 1172 3267 1227 nobis
3306 1169 3520 1240 iudices
3550 1181 3681 1220 con-

2109 1273 2495 1329 troversiarum
2532 1272 2824 1337 sederent;
2883 1285 2979 1325 nec
3025 1268 3183 1324 facile
3226 1268 3298 1322 sit
3338 1278 3679 1321 enumerare.

2108 1380 2271 1434 quam
2312 1363 2481 1418 multa
2516 1363 2685 1418 Graeci
2718 1377 2782 1415 ac
2819 1360 2996 1415 Latini
3039 1374 3138 1429 pro
3172 1372 3270 1413 sua
3301 1355 3519 1425 utrique
3556 1368 3684 1407 sen-

2110 1456 2283 1509 tentia
2348 1469 2412 1508 ex
2469 1453 2577 1509 illis
2625 1452 2852 1507 roliecta
2912 1449 3228 1520 proferant;
3284 1446 3412 1514 quis
3467 1442 3684 1497 ditlicile

2111 1546 2297 1610 dicat,
2354 1543 2648 1614 Scriptum
2698 1543 2914 1613 quidem
2970 1540 3116 1595 dicta
3183 1536 3559 1606 interpretari,
3628 1544 3686 1588 ut

2111 1651 2324 1707 aequum
2350 1643 2453 1701 est,
2488 1644 2654 1704 utque
2682 1634 2857 1695 decet,
2892 1633 3001 1687 imo
3031 1646 3162 1685 vero
3209 1627 3432 1699 optimis
3492 1641 3680 1681 eorum

2114 1727 2502 1797 interpretibus
2565 1728 2937 1793 acquiescere,
2978 1732 3203 1779 sanctos
3260 1735 3394 1776 vero
3442 1718 3583 1774 inter
3629 1733 3688 1771 se

2114 1823 2430 1887 conciliare,
2462 1830 2516 1876 et
2546 1822 2836 1892 pauciores
2868 1819 3087 1890 quidem
3137 1817 3201 1872 ad
3233 1817 3445 1887 plures,
3494 1823 3548 1869 et
3592 1828 3689 1866 eos

2111 1910 2202 1978 qui
2235 1910 2368 1965 nihil
2394 1909 2655 1965 dixerunt
2676 1910 2743 1964 ad
2775 1923 2870 1964 eos
2898 1908 2994 1979 qui
3029 1922 3142 1963 rem
3186 1912 3597 1975 expresserunt,
3633 1912 3688 1955 et

2110 2001 2442 2073 posteriores
2472 2004 2540 2056 ad
2576 2001 2938 2071 antiquiores,
2966 2010 3025 2055 et
3056 1998 3346 2054 obscurius
3368 2012 3483 2051 rem
3510 1994 3687 2049 invol-

2110 2103 2300 2151 ventes
2323 2093 2389 2148 ad
2427 2093 2570 2149 clare
2597 2094 2808 2149 locutos
2838 2093 3155 2163 adjuugere,
3178 2091 3320 2161 quod
3352 2090 3499 2160 leges
3525 2090 3686 2142 etiam

2112 2189 2163 2241 in
2194 2186 2450 2240 civilibus
2480 2185 2877 2255 quarstionihus
2908 2183 3023 2239 fieri
3067 2184 3278 2253 iubent,
3328 2180 3581 2249 quodque
3608 2179 3691 2231 vel

2114 2276 2239 2347 ipsi,
2264 2276 2521 2339 arbitror,
2550 2276 2727 2330 sancti
2760 2276 2900 2328 inter
2918 2289 2979 2329 se
3003 2273 3264 2337 facerent,
3292 2270 3339 2326 si
3360 2270 3478 2324 ﬁeri
3512 2275 3694 2339 ρος-ιιι

2115 2362 2435 2423 utunumin
2463 2366 2642 2421 locum
2668 2365 3053 2421 convenientes
3068 2363 3297 2418 alterius
3319 2360 3707 2417 examinarenr

2114 2457 2468 2525 sententiam,
2499 2468 2661 2527 atque
2693 2457 2763 2511 ita
2809 2472 2907 2511 nos
2939 2470 3158 2525 quoque
3193 2455 3248 2509 in
3293 2467 3456 2507 unam
3493 2465 3693 2507 conve-

2115 2549 2236 2606 nire
2266 2549 2615 2616 sententiam,
2641 2565 2703 2603 ac
2725 2549 2973 2604 desinere
3003 2548 3198 2603 bellum
3230 2557 3475 2602 nostrum
3508 2554 3694 2599 trans-

2119 2643 2260 2697 terre
2306 2642 2362 2696 in
2397 2643 2551 2711 pacis
2601 2641 2894 2695 doctores?
2925 2639 3178 2706 Quandiu
3213 2642 3359 2694 enim
3412 2639 3508 2708 ipsi
3564 2653 3697 2693 con-

2121 2735 2317 2790 trarias
2355 2734 2676 2789 habebimus
2710 2734 3032 2796 sententias,
3062 2734 3209 2787 dicta
3260 2733 3472 2787 illorum
3510 2745 3608 2801 pro
3639 2746 3698 2786 se

2124 2828 2359 2897 quisque
2386 2826 2701 2890 aﬂ‘ercntes,
2734 2827 2851 2881 ﬁeri
2882 2842 2987 2880 non
3016 2828 3215 2896 potest,
3263 2825 3397 2896 quin
3433 2806 3699 2878 facia'mus

2123 2928 2179 2975 et
2220 2919 2363 2980 illos.
2394 2927 2660 2988 quantum
2696 2919 2749 2971 in
2789 2919 2943 2972 nobis
2982 2926 3080 2980 est,
3120 2931 3313 2986 pugnae
3340 2913 3502 2984 hujus
3529 2914 3698 2983 parti~

2126 3010 2293 3079 cipes.
2325 3008 2449 3064 Haec
2473 3009 2675 3063 nullam
2703 3010 2905 3063 habent
2926 3006 3318 3070 difﬁcultatem,
3351 3005 3453 3059 nisi
3486 3012 3697 3057 tantum

2128 3116 2293 3173 penes
2331 3102 2470 3163 illos,
2501 3102 2594 3171 qui
2626 3092 2987 3155 contendendi
3021 3100 3353 3153 voluntatem
3388 3084 3615 3159 habent,
3648 3108 3702 3151 ct

2132 3206 2259 3247 suas
2303 3191 2519 3260 quidem
2564 3192 2795 3246 retinent
2832 3191 3157 3260 anticipatas
3196 3189 3506 3259 opiniones,
3566 3187 3703 3242 nihil

2132 3297 2258 3335 vero
2291 3282 2507 3351 penitus
2539 3283 2831 3338 admittunt
2856 3299 2922 3337 ex
2957 3283 3043 3346 iis,
3082 3298 3175 3354 per
3199 3298 3317 3351 qua:
3345 3282 3473 3336 licet
3502 3282 3705 3335 verita-

2126 3384 2232 3428 tem
2265 3374 2510 3443 asseqni,
2562 3391 2700 3443 quos
2744 3391 2960 3444 aequum
2991 3385 3072 3429 est
3133 3374 3337 3444 despici
3384 3390 3414 3428 a
3457 3373 3701 3428 veritatis

2124 3467 2411 3525 Studiosis.
2445 3468 2582 3521 Nam
2623 3469 2748 3523 licet
2788 3470 2903 3523 haec
2945 3476 3129 3524 essent
3177 3482 3405 3536 prorsus
3444 3467 3700 3529 dillicilia,

2124 3564 2177 3610 et
2213 3572 2491 3626 nunquam
2544 3565 2668 3612 ante
2706 3574 2806 3613 nos
2834 3560 2900 3613 ab
2935 3558 3055 3613 aliis
3086 3558 3245 3613 enixe
3278 3558 3504 3628 quaesita
3544 3567 3597 3612 ct
3637 3558 3705 3610 ad

2125 3647 2328 3700 exitum
2350 3648 2611 3716 perducta
2640 3668 2653 3703 :
2683 3659 2830 3703 certe
2855 3658 3036 3702 tamen
3064 3648 3300 3702 alienum
3325 3657 3405 3703 est
3436 3664 3464 3701 a
3500 3647 3708 3702 ratione

2126 3739 2417 3810 desperare
2449 3742 2711 3796 auxilium
2764 3742 3023 3809 Spiritus,
3070 3758 3097 3795 τι
3137 3743 3297 3813 cuius
3336 3742 3575 3812 potentia
3625 3742 3709 3793 vel

2127 3847 2213 3894 ea,
2269 3848 2388 3902 quae
2448 3848 2505 3888 re
2560 3848 2684 3885 vera
2740 3834 2898 3888 nobis
2946 3833 3309 3901 impossibilia
3347 3841 3501 3895 sunt,
3552 3832 3709 3901 longe

2128 3932 2454 3992 superantur
2481 3942 2496 3980 :
2526 3923 2618 3978 sed
2662 3926 2885 3976 credere
2929 3933 3144 3992 oportet
3183 3923 3333 3976 illum
3367 3922 3611 3976 laborum
3646 3938 3710 3976 ac

2130 4013 2522 4082 periculorum,
2553 4028 2676 4082 quae
2707 4010 2858 4082 passi
2882 4014 3037 4076 estis,
3073 4011 3556 4065 commiseratione
3588 4026 3711 4081 per-

2133 4113 2456 4165 motum..et
2483 4105 2780 4159 vehemens
2819 4103 2872 4157 in
2901 4103 3054 4158 vobis
3084 4102 3424 4158 desiderium
3466 4105 3711 4158 veritatis

2133 4195 2552 4266 approbantem,
2601 4197 2685 4252 sui
2736 4211 2955 4265 quoque
2986 4195 3214 4262 favoris,
3245 4211 3366 4266 quae
3413 4196 3525 4252 sint
3552 4196 3710 4259 satis,

2136 4296 2411 4343 momenta
2443 4290 2722 4344 daturum.
2757 4287 3083 4359 Quanquam
3127 4305 3159 4344 c
3210 4287 3511 4353 contrario,
3559 4288 3604 4342 si
3644 4288 3715 4343 ad

2138 4395 2356 4435 manum
2389 4390 2445 4436 et
2475 4380 2733 4436 facillima
2769 4398 2876 4436 non
2905 4391 3113 4449 essent,
3142 4381 3211 4436 ah
3240 4396 3305 4437 eo
3341 4380 3607 4451 speranda
3631 4386 3715 4435 est

2139 4472 2371 4528 facultas
2393 4489 2505 4528 rem
2538 4474 2799 4544 prmclare
2833 4476 3049 4545 agendi,
3098 4475 3220 4531 sine
3258 4489 3371 4544 quo
3410 4471 3549 4528 ellici
3582 4473 3716 4526 nihil

452 4562 620 4618 ἐστιν.
649 4564 827 4619 Αύτοῦ
856 4566 1037 4620 τοίνυν
1070 4567 1269 4635 γένοιτ’
1305 4566 1371 4622 ἂν
1396 4566 1562 4638 ἔργον
1591 4568 1653 4624 τό
1684 4585 1747 4621 τε
1782 4568 2012 4639 μάλιστα

2141 4573 2339 4634 potest.
2386 4565 2535 4621 Illius
2583 4580 2715 4637 ergo
2748 4567 2823 4621 sit
2849 4582 3008 4638 opus,
3046 4578 3103 4623 ut
3136 4567 3303 4623 simul
3331 4574 3387 4621 et
3422 4565 3565 4635 quod
3600 4580 3718 4617 ma-

454 4657 697 4710 συνοῖσον
728 4657 872 4727 ὑμᾶς
901 4657 1138 4723 ἑλέσθαι,
1175 4659 1271 4714 καὶ
1317 4660 1391 4726 ὡς
1420 4660 1680 4732 ἐλάχιστα
1718 4663 2025 4733 πεπονηκό-

454 4763 553 4810 τας
587 4744 720 4801 αύτὺ
746 4746 1220 4820 καταπράξασθαι.

2141 4659 2285 4711 xime
2312 4658 2591 4728 conducit,
2623 4658 2859 4730 eligatis,
2880 4671 3042 4729 atque
3070 4660 3211 4717 idem
3239 4656 3465 4713 minimo
3501 4658 3718 4729 negotio

2136 4749 2428 4820 peragatis.
2492 4786 2501 4793 ι
