3976 6452
311 359 413 424 441

1476 369 1758 431 ORATIO
1805 371 1866 434 Π
1899 373 1996 433 AD
2033 373 2420 438 SYNODUM.

3475 380 3582 446 “2

306 486 418 544 τοῖ;
457 481 856 550 χαλεπωτάτοις
891 484 1211 555 ἐπιχειριῖν,
1235 486 1331 549 τάς
1367 488 1625 558 δευτέρας
1659 489 1879 560 ὑποσχέ-

1991 508 2267 564 quamque
2295 495 2429 549 mibi
2453 503 2687 550 tuentem
2718 497 3029 554 dimeillima
3053 498 3308 554 convenit
3337 504 3574 573 aggredi,

310 593 428 638 σεις
457 571 714 630 ἀποτῖσαι
755 579 1112 647 πειράσομαι,
1144 575 1217 633 ὦν
1245 579 1374 633 ἄνευ
1401 581 1552 634 οὐδὲν
1597 583 1664 637 ἂν
1691 585 1755 636 ὲκ
1781 584 1890 637 τῶν

311 670 597 741 προτέρων
653 671 796 742 μήτε
855 673 1107 740 λέγοντος
1164 673 1340 728 ταῦτα
1402 675 1544 745 μήτε
1605 677 1888 741 πείθοντος

304 760 499 831 ξψξλος
539 763 647 832 εἴη.
676 763 855 825 Πολλὰ
901 765 1000 833 μὲν
1025 763 1120 818 οὗν
1149 765 1218 818 τὰ
1250 765 1352 837 τὴν
1399 768 1718 841 θαυμαστὴν
1756 771 1887 824 ταύ-

304 873 407 922 την
451 855 680 925 εἰρήνην
731 856 931 925 εὐχερῆ
985 855 1081 908 καὶ
1133 858 1324 928 ῥᾳδίαν
1373 859 1528 929 ἡμῖν,
1562 860 1631 914 ἄν
1685 861 1885 932 βουλη-

307 946 492 1015 θῶμεν
551 947 731 1015 μόνον,
764 947 1011 1015 δείξοντα
1074 949 1358 1015 πέφυκεν·
1413 952 1513 1006 οὐκ
1571 953 1770 1022 ὀλίγων
1828 955 1884 1008 δὲ

307 1038 586 1107 γέμουσαν
634 1039 1056 1109 ἐναντιωμάτων
1104 1036 1259 1104 αὖθις
1291 1043 1438 1097 ἐστιν
1490 1045 1618 1099 ίδείν
1664 1050 1778 1112 τοῖς
1808 1049 1884 1120 μὴ

309 1131 562 1200 καθαρῶς
613 1131 1098 1204 ἐπισκεπτομένοις
1125 1151 1142 1168 ·
1186 1135 1222 1189 ἃ
1253 1133 1408 1205 οἶμαι
1444 1139 1574 1209 περὶ
1615 1141 1724 1198 τῶν
1771 1161 1883 1198 κω-

309 1223 542 1294 λυόντων
574 1225 792 1294 πρῶτον
825 1226 1018 1304 εἰπὼν,
1051 1231 1146 1280 καὶ
1171 1229 1320 1283 ταῦτ’
1352 1231 1598 1301 ἐξορίσαι
1629 1234 1709 1298 ὡς
1743 1238 1881 1306 πορι

314 1317 534 1386 ρωτάτω
592 1319 702 1371 τῶν
747 1319 1036 1392 ,ὑμετέρων
1089 1322 1298 1392 ψυχῶν.
1336 1324 1592 1379 ’Ἢδοισθε
1649 1328 1759 1395 γὰρ
1815 1329 1881 1381 ἂν

308 1412 398 1462 καὶ
427 1411 584 1464 αὐτοὶ
612 1411 720 1464 τῶν
750 1415 860 1476 τοῖς
887 1414 1074 1477 καλοῖς
1104 1417 1568 1472 ὲπιΰουλευόντων
1598 1418 1881 1490 λογισμῶν

303 1503 566 1570 γενναίως
589 1505 996 1576 ἐλαυνομένων,
1018 1509 1109 1562 καὶ
1134 1509 1272 1579 πρὸς
1295 1513 1362 1564 τά
1387 1511 1644 1565 ποιοῦντα
1675 1513 1880 1583 ταύτην

301 1595 672 1668 εὐκολώτερον
705 1599 1000 1668 βαδιεῖσθε,
1043 1603 1296 1672 καθάπερ
1327 1605 1384 1656 ὲν
1409 1603 1510 1672 ὁδῷ
1542 1621 1647 1658 τινι
1683 1607 1791 1658 τῶν
1823 1609 1881 1660 ἐν

301 1690 438 1756 αὐτῇ
463 1691 737 1746 δυσκόλων
773 1695 1197 1766 ἀφαιρεθέντων.
1225 1699 1548 1771 Ἀνάσχεσθε
1585 1701 1644 1754 δὲ
1679 1699 1879 1770 μικρὸν

299 1779 362 1832 λα
372 1780 669 1851 μόἀνοντος
685 1841 690 1846 ,
707 1785 934 1843 ἄνωθεν.

371 1966 444 2018 Τὸ
478 1968 578 2035 μὲν
620 1971 975 2046 οίκονομικὴν
1004 1993 1126 2029 τινα
1172 1978 1271 2033 καὶ
1306 1981 1644 2051 φαινομένην
1683 1981 1878 2035 ἕνωσιν

297 2063 799 2133 καταπράξασθαι,
851 2070 959 2123 τῶν
1030 2071 1565 2145 ἀμφισϐητουμένων
1631 2076 1704 2138 ὡς
1767 2075 1879 2145 ἔχει

297 2154 436 2218 τέως
496 2157 805 2225 μενόντων,
862 2159 989 2218 οὔτε
1052 2164 1364 2234 συμεξέρον,
1429 2164 1541 2218 οὔτ’
1604 2167 1878 2237 εὐπρεπὲς

299 2244 585 2316 ἐδείξαμεν
616 2248 697 2314 ὃν,
728 2251 842 2304 ἀλλ’
900 2253 1124 2320 ἀνάξιον
1167 2256 1269 2324 μὲν
1315 2246 1414 2326 τῆς
1440 2257 1600 2328 ἡμῶν
1653 2258 1874 2326 ἀρετῆς.

301 2338 498 2408 πόῥρω
553 2341 608 2396 δὲ
659 2345 760 2414 τῆς
826 2345 1104 2417 ἡμετέρας
1177 2349 1587 2419 προσηγορίαςο
1631 2352 1744 2412 ,καὶ
1799 2351 1876 2421 τῷ

302 2430 584 2501 Πνεύματι
615 2435 713 2504 μὲν
751 2437 931 2508 ἥκιστ’
957 2439 1208 2510 ἀρέσκον,
1247 2441 1340 2512 ὑφ’
1387 2436 1448 2496 οὗ
1481 2443 1574 2496 καὶ
1612 2445 1876 2515 συνῆχθαί

303 2541 506 2594 φαμεν,
559 2527 659 2581 οὐκ
718 2531 902 2598 ὀλίγας
966 2532 1024 2585 δὲ
1077 2533 1172 2596 τὰς
1230 2534 1379 2603 παρά
1430 2535 1540 2587 τῶν
1567 2536 1874 2606 ἀνθρώπων

303 2616 544 2686 μέμψεις
603 2619 800 2684 ἐπάξω
852 2624 1024 2692 ἡμῖν’
1078 2625 1211 2693 πρδς
1254 2625 1311 2678 δὲ
1355 2626 1568 2702 τούτοις,
1597 2626 1721 2680 οὔτε
1752 2631 1873 2690 ταῖς

301 2708 538 2774 ἀγαθαῖς
587 2711 766 2767 ἐλπίσι
816 2717 1116 2785 συμϐαῖνον
1163 2718 1253 2786 ὑφ’
1287 2713 1362 2772 ὧν
1392 2720 1736 2790 κεκινήμεθα
1775 2720 1874 2791 τὴν

301 2800 503 2870 ἀρχὴν,
535 2801 658 2855 οὔτε
705 2807 771 2874 τῇ
807 2807 894 2860 διὰ
949 2809 1166 2863 πάντων
1203 2814 1531 2882 παρασκευῇ
1574 2813 1873 2882 προσῆκον,

299 2891 337 2961 ἢ
375 2893 470 2945 καὶ
505 2894 642 2962 πρὸς
669 2897 795 2950 ἄλλο
825 2916 876 2951 τι
931 2901 1136 2968 μεῖζον,
1169 2904 1326 2970 εἴπερ
1360 2899 1450 2975 ἦν,
1482 2905 1576 2958 τοῦ
1611 2906 1876 2975 παρόντος

297 2982 539 3052 ἤρκεσεν
571 2985 635 3040 ἄν
655 3001 670 3016 ο
699 2989 792 3040 καὶ
820 2989 1066 3060 χείρονος
1097 2991 1341 3062 πολέμου
1375 2994 1470 3047 καὶ
1499 2993 1681 3065 μάχης
1709 2993 1874 3064 ἄρξον

301 3076 442 3144 μετὰ
498 3077 671 3132 ταῦτα
730 3081 1124 3150 Χριστιανοῖςδ
1190 3086 1290 3155 τὴν
1340 3087 1397 3140 δὲ
1459 3089 1558 3159 τῆς
1618 3088 1875 3160 ἀληθείας

1995 588 2233 642 secunda
2269 589 2540 657 promissa
2571 593 2813 647 conabor
2847 594 3182 660 persolvere,
3220 595 3340 648 sine
3372 595 3574 664 quibus

1994 676 2138 730 nulla
2174 679 2280 732 erit
2329 693 2394 733 ex
2453 679 2726 747 prioribus
2776 676 3002 746 d’tilitas,
3059 682 3104 736 si
3157 682 3272 739 haec
3323 698 3424 754 ego
3465 701 3574 740 non

1992 769 2193 833 dicam,
2231 779 2326 840 aut
2361 770 2643 827 suadeam.
2693 771 2859 827 Multa
2892 781 3022 828 sunt
3061 773 3244 842 igitur,
3277 789 3397 844 quas
3431 791 3572 844 prae-

1991 862 2198 918 claram
2229 862 2370 919 hanc
2400 877 2587 933 pacem
2635 865 2847 919 facilem
2887 865 3042 920 nobis
3072 879 3137 919 ac
3173 865 3377 921 nullius
3408 882 3570 936 nego-

1995 955 2078 1023 tii,
2107 957 2406 1012 dummodo
2429 957 2679 1019 velimus.
2713 957 3000 1014 ostendent
3037 977 3051 1014 :
3087 974 3276 1016 rursus
3308 974 3414 1013 non
3439 975 3575 1029 pau-

1988 1048 2066 1103 cis
2113 1062 2235 1103 eam
2287 1056 2499 1104 scatere
2543 1049 2984 1119 oppositiouibus
3013 1051 3274 1118 viderint,
3306 1053 3399 1122 qui
3453 1066 3569 1105 rem

1989 1157 2094 1197 non
2127 1143 2341 1200 sincere
2375 1145 2748 1200 considerant.
2786 1143 3030 1199 Primum
3061 1160 3190 1216 ergo
3232 1145 3296 1199 de
3343 1145 3573 1214 impedi-

1987 1237 2186 1291 mentis
2233 1237 2501 1308 agendum
2553 1251 2768 1296 censeo.
2824 1245 2882 1291 ut
2928 1253 2955 1291 a
3008 1237 3206 1292 vestris
3259 1237 3460 1291 animis
3505 1250 3567 1289 ea

1985 1341 2148 1395 quam
2177 1327 2490 1397 longissime
2539 1338 2965 1392 removeantur;
3002 1336 3212 1397 gratum
3261 1327 3408 1380 enim
3467 1328 3570 1380 hoc

1983 1417 2138 1473 vobis
2187 1419 2347 1474 etiam
2399 1419 2524 1484 erit,
2573 1418 2617 1474 si
2670 1418 3028 1489 cogitationes
3066 1419 3190 1483 illre,
3227 1433 3348 1488 qure
3402 1419 3568 1473 rebus

1985 1510 2230 1568 honestis
2288 1511 2585 1565 moliuntur
2637 1511 2888 1572 insidias.
2954 1521 3177 1566 strenue
3230 1510 3566 1581 abigantur;

1984 1601 2314 1672 faciliusque
2345 1601 2410 1656 ad
2443 1616 2505 1656 ea
2557 1601 2884 1670 transibitis,
2918 1617 3017 1672 per
3057 1615 3178 1672 qua!
3221 1599 3312 1655 flet
3357 1616 3483 1670 pax,
3521 1602 3568 1656 si

1982 1709 2104 1764 qua:
2133 1695 2279 1750 illam
2312 1695 2639 1763 asperiorem
2674 1695 2901 1760 faciunt,
2935 1695 3088 1765 quasi
3136 1693 3476 1749 offendicula
3505 1693 3569 1748 de

1981 1787 2068 1840 via
2101 1786 2551 1841 submovcantur.
2588 1785 2844 1840 Patimini
2877 1801 3024 1848 vero,
3056 1798 3264 1855 qumso,
3294 1799 3381 1838 me
3405 1783 3568 1854 paulo

1982 1878 2154 1933 altius
2194 1895 2310 1933 rem
2343 1878 2536 1934 ordiri.

2056 1969 2320 2026 Unioncm
2359 1972 2540 2042 itaque
2564 1970 2832 2026 coniicere
2881 1978 3257 2042 apparentem,
3308 1979 3359 2024 ct
3389 1967 3566 2024 solum

1983 2064 2231 2134 prmscnti
2267 2078 2447 2117 rerum
2482 2064 2645 2118 statui
2679 2063 3048 2134 profuturam,
3084 2063 3250 2117 rebus
3298 2078 3417 2131 qua!
3445 2076 3564 2116 vcr-

1981 2164 2174 2207 santur
2207 2155 2258 2206 in
2289 2155 2688 2221 centroversia,
2733 2155 2801 2209 ita
2847 2165 2898 2208 ut
2943 2170 3088 2208 nunc
3124 2170 3181 2210 se
3216 2152 3420 2207 habent
3450 2165 3567 2205 ma-

1981 2245 2252 2309 nentibus,
2290 2260 2392 2299 nec
2423 2245 2552 2299 utile
2595 2260 2693 2299 nec
2721 2245 2978 2300 decorum
3019 2260 3138 2300 esse
3169 2243 3510 2299 ostendimus
3543 2259 3558 2306 ;
3647 2315 3649 2320 Ι

1977 2337 2072 2391 sed
2103 2352 2214 2390 rem
2253 2347 2435 2392 nostra
2465 2336 2684 2406 quidem
2733 2337 2936 2392 virtute
2987 2335 3286 2406 indignam,
3337 2333 3404 2388 ab
3445 2333 3564 2402 ejus

1978 2445 2106 2484 vero
2139 2430 2399 2493 nominis.
2434 2445 2545 2501 quo
2598 2447 3002 2498 nuncupamur,
3048 2429 3354 2499 signiﬁcatu
3403 2426 3562 2494 longe

1977 2526 2294 2589 distantem,
2351 2531 2406 2579 et
2448 2524 2676 2595 Spiritui
2728 2524 2972 2595 quidem,
3009 2522 3039 2576 a
3068 2537 3177 2593 quo
3206 2537 3304 2576 nos
3341 2534 3566 2590 congre-

1977 2629 2132 2687 gatos
2181 2619 2494 2679 asserimus.
2524 2617 2748 2671 minime
2799 2607 3102 2685 placentem
3133 2653 3148 2677 ,
3193 2610 3382 2666 multis
3431 2624 3561 2665 vero

1977 2725 2078 2764 nos
2121 2709 2398 2763 hominum
2454 2708 2972 2778 reprehensionibus
3028 2706 3447 2777 subjicieutem;
3507 2709 3562 2756 et

1979 2811 2237 2872 prreterea
2297 2802 2453 2854 bona:
2505 2802 2643 2870 spei,
2691 2814 2796 2869 qua
2854 2813 3046 2853 sumus
3080 2799 3147 2852 ab
3183 2798 3340 2852 initio
3385 2795 3557 2856 ducti,

1979 2895 2121 2950 haud
2153 2894 2599 2964 respondentem,
2658 2907 2760 2946 nec
2796 2892 3054 2946 universo
3109 2888 3395 2960 apparatui
3425 2895 3559 2941 con-'-

1980 2995 2284 3057 gruentcm,
2304 2985 2395 3055 qui
2413 2985 2545 3040 satis
2569 2993 2711 3039 esset
2733 2984 2797 3038 ad
2825 2983 3107 3053 quodlibet
3128 2981 3297 3046 aliud,
3321 2981 3366 3036 si
3389 2979 3557 3032 ullum

1980 3091 2147 3147 esset,
2201 3079 2452 3149 praesenti
2495 3077 2708 3150 negotio
2746 3077 2920 3144 majus
2958 3093 2974 3146 ;
3006 3085 3060 3132 et
3105 3085 3382 3146 postremo
3421 3088 3558 3138 rem,

297 3167 523 3239 εὕρεσιν
571 3188 628 3224 τε
683 3173 780 3226 καὶ
831 3172 1059 3244 ζήτησιν
1109 3178 1204 3230 καὶ
1261 3179 1364 3247 τὴν
1414 3179 1511 3231 ἀπ’
1561 3182 1731 3246 αὐτῆς
1779 3181 1875 3236 τοῦ

1984 3186 2102 3242 quae
2133 3171 2271 3226 foret
2304 3169 2634 3226 Christianis
2665 3169 2821 3238 origo
2850 3168 3022 3239 praelii
3070 3183 3134 3223 ac
3177 3181 3371 3239 pugna:
3417 3165 3564 3218 dete-

294 3262 530 3330 ψεύδους
583 3265 757 3336 τομὴν
827 3266 994 3336 μόνην
1043 3269 1220 3340 ἀληθῆ
1276 3272 1371 3324 καὶ
1426 3273 1878 3328 τελείαν-ἕνωσιν

294 3350 463 3417 εἶναι,
491 3355 585 3409 καὶ
610 3358 829 3412 πάντιιιν
863 3358 964 3428 μὲν
990 3360 1386 3433 ἐλαττωμάτων
1418 3367 1874 3438 ἀπηλλαγμένην,

295 3449 468 3503 καλοῦ
515 3450 571 3504 δὲ
621 3452 821 3516 παντὸς
863 3453 1162 3524 γέμουσαν,
1197 3457 1293 3510 καὶ
1345 3459 1454 3528 πρὸ
1501 3461 1722 3514 πάντων
1759 3462 1878 3514 θεο-

295 3541 456 3612 φιλῆ,
488 3536 550 3598 οὗ
607 3544 822 3622 μάλιστ’
853 3547 912 3598 ἑν
959 3548 1091 3599 πᾶσι
1137 3552 1250 3612 τοῖς
1301 3550 1391 3618 ὑφ’
1421 3553 1582 3622 ἡμῶν
1631 3570 1876 3622 πραττο-

298 3633 487 3703 μένοις
521 3635 721 3704 πρέπει
779 3635 1161 3706 στοχάζεσθαι.
1188 3637 1334 3708 Αὐτὴ
1382 3639 1432 3692 δ’
1479 3640 1547 3694 ἂν
1575 3641 1806 3710 γένοιτο,
1841 3641 1873 3712 ἢ

295 3725 548 3779 Λατίνων
577 3727 677 3796 τὴν
711 3727 1029 3798 προσθήκην
1061 3729 1463 3799 ἀτιμαζὸντων,
1500 3735 1594 3786 καὶ
1637 3735 1878 3804 παυομέ-

295 3837 406 3872 νων
437 3821 575 3887 μετά
623 3821 831 3892 ταύτης
880 3823 981 3892 τὴν
1025 3824 1211 3877 πίστιν
1241 3825 1610 3898 ὀμολογεῖν,ἣ
1647 3830 1740 3882 κοιλ⁵
1766 3831 1876 3883 τῶν

293 3911 552 3981 Γραικῶν
581 3912 752 3984 αὐτὴν
779 3914 1181 3984 προστιθέντων
1209 3915 1284 3980 ὠς
1311 3917 1640 3986 ἀναγκαίαν.
1657 3920 1876 3972 Μᾶλλον

291 4005 343 4056 δ’
371 4005 569 4066 είπεῖν,
605 4004 673 4056 τὰ
721 4006 821 4075 μὲν
873 4007 969 4070 τῆς
1019 4009 1313 4078 ὁμολογίας
1363 4009 1592 4064 ἔπεσθαι
1639 4011 1740 4076 δεῖ,
1777 4012 1877 4080 τὴν

293 4095 352 4148 δὲ
410 4097 509 4164 τῆς
565 4097 797 4167 καρδίας
855 4099 1038 4154 πίστιν
1087 4101 1361 4170 ἡγεῖσθαι,
1399 4105 1492 4157 καὶ
1537 4104 1674 4174 πρὸς
1737 4105 1874 4173 αὐτῇ

297 4186 546 4255 παγῆναι
577 4187 768 4260 πρώτῃ
815 4191 914 4258 τὴν
963 4190 1165 4256 γνῶσιν
1201 4195 1299 4260 τῆς
1345 4193 1606 4262 ἀληθείας
1654 4194 1749 4247 καὶ
1777 4194 1877 4264 τὴν

293 4278 355 4328 ὲν
389 4275 524 4345 αὐτῇ
561 4278 777 4330 πάντων
810 4277 1026 4332 ἕνωσιν.
1058 4279 1268 4332 Οὐκοῦν
1300 4282 1332 4351 ἢ
1371 4281 1640 4343 Λατίνους
1674 4282 1876 4352 ἀγνοῆ-

295 4388 389 4423 σαι
446 4370 725 4434 παντελῶς
778 4372 845 4441 ἣν
899 4373 1160 4440 ἐφρόνουν
1217 4373 1546 4442 κατάφασιν,
1597 4375 1692 4427 καὶ
1726 4375 1878 4445 παρὰ

298 4461 472 4529 μόνου
517 4460 612 4513 τοῦ
665 4461 878 4530 Πατρὸς
925 4461 1205 4515 πιστεύειν
1251 4461 1393 4517 εἶναι
1443 4465 1502 4517 τὺ
1561 4463 1872 4535 Πνεῦμα,ἢ

1983 3265 2165 3319 rioris.
2205 3262 2576 3318 lnvemioncm
2633 3271 2810 3316 autem
2852 3269 2906 3316 et
2954 3259 3366 3330 inquisitionem
3417 3256 3562 3309 veri-

1979 3353 2128 3417 tatis,
2161 3354 2386 3425 ejusque
2422 3370 2448 3407 a
2479 3354 2763 3409 mendacio
2809 3353 3191 3417 secretionem,
3237 3364 3357 3405 esse
3387 3349 3557 3405 solam

1980 3463 2162 3501 veram
2219 3457 2273 3502 et
2337 3446 2637 3518 perfectam
2703 3447 2989 3509 unitatem,
3042 3444 3190 3500 omni
3251 3457 3383 3498 sane
3431 3441 3563 3494 vitio

1979 3538 2230 3603 liberam,
2289 3548 2343 3594 et
2394 3539 2553 3594 bonis
2613 3539 2870 3594 omnibus
2928 3537 3262 3600 aﬂluentem,
3307 3535 3562 3605 quodque

1979 3642 2142 3702 caput
2205 3641 2310 3695 est,
2361 3632 2472 3688 Deo
2525 3643 2760 3703 gratam,
2812 3632 2958 3701 quod
3029 3631 3081 3683 in
3145 3627 3402 3682 omnibus
3439 3640 3562 3694 quae

1981 3725 2118 3780 fiunt
2161 3740 2190 3780 a
2242 3725 2420 3790 nobis,
2471 3725 2632 3780 debet
2678 3739 2799 3780 esse
2848 3723 2900 3778 in
2951 3722 3142 3792 primis
3200 3719 3558 3790 propositum.

1979 3819 2097 3873 Erit
2142 3833 2304 3888 porro
2335 3819 2448 3872 haec
2484 3827 2575 3872 aut
2597 3816 2806 3871 Latinis
2843 3815 3269 3870 additamentum
3291 3809 3562 3879 abjicietH

1979 3911 2144 3975 tibus,
2202 3921 2250 3965 et
2306 3925 2430 3965 cum
2481 3909 2577 3963 illo
2646 3907 2768 3961 lidei
2859 3905 3253 3976 professionem
3311 3902 3560 3955 emittere

1979 4000 2372 4065 desinentibus,
2408 4009 2502 4053 aut
2544 3999 2747 4054 Grazcis
2782 3997 2946 4050 etiam
3005 3995 3135 4050 illud
3199 4002 3258 4046 ιιι
3304 4003 3560 4044 necessa-

1980 4092 2117 4144 rium
2167 4091 2574 4160 adjicientibus.
2633 4089 2746 4143 lmo
2791 4103 2944 4149 vero,
2997 4095 3050 4140 ut
3111 4084 3302 4138 melius
3355 4081 3557 4138 dicam,

1980 4183 2252 4237 confessio
2289 4181 2508 4251 quidem
2563 4179 2716 4250 sequi
2751 4179 2930 4242 debet,
2970 4178 3104 4232 fides
3144 4184 3324 4230 autem
3379 4172 3563 4226 cordis

1979 4274 2313 4346 prmcedere,
2350 4275 2402 4326 in
2440 4288 2548 4342 quo
2581 4274 2812 4344 primum
2853 4271 3176 4329 stabilienda
3203 4277 3286 4322 est
3315 4264 3561 4320 veritatis

1981 4368 2207 4438 agnitio,
2247 4368 2606 4435 omniumque
2633 4381 2728 4436 per
2752 4367 2899 4420 illam
2929 4363 3268 4435 conjunctio.
3296 4358 3404 4414 Aut
3433 4372 3562 4425 ergo

1983 4463 2205 4518 Latinos
2245 4462 2516 4532 oportebit
2561 4464 2784 4514 omnino
2832 4451 3240 4514 allirmationcm
3292 4459 3559 4528 ignorare.

295 4553 335 4604 Γ
342 4553 571 4621 ρτικοὺς
617 4552 711 4605 καὶ
759 4554 825 4609 ἐκ
861 4552 953 4606 τοῦ
991 4554 1122 4607 Υἱοῦ
1176 4559 1393 4625 φρονεῖν
1437 4559 1616 4610 ἐκεῖνο
1655 4557 1875 4628 δεήσει·

1984 4571 2146 4626 quam
2183 4557 2495 4618 tuebantur,
2531 4564 2585 4608 et
2637 4553 2858 4607 credere
2890 4551 3150 4622 Spiritum
3185 4566 3306 4606 esse
3335 4567 3362 4605 a
3405 4554 3562 4606 Patre

295 4647 460 4706 ἄλλος
503 4647 613 4716 γὰρ
659 4646 759 4716 οὐχ
800 4647 1154 4700 ὑπολείπεται
1211 4649 1415 4717 τρόπος
1473 4651 1586 4712 τοῖς
1636 4665 1699 4716 γε
1756 4647 1880 4702 κατ’

294 4737 562 4806 ἀλήθειαν
605 4739 856 4809 ἀλλήλοις
901 4739 1223 4793 σπένδεσθαι
1273 4740 1545 4794 θέλουσιν.
1595 4743 1748 4793 Ἐπεὶ
1785 4741 1879 4795 νῦν

295 4838 354 4886 ὲν
387 4833 673 4902 ἀντιφάσει
701 4833 907 4886 τούτων
934 4835 966 4902 ἡ
1002 4834 1203 4898 πίστις,
1232 4827 1300 4907 ἧς
1331 4835 1482 4887 οὐδὲν
1517 4835 1666 4886 ἔστιν
1699 4835 1880 4904 εὑρεῖν

297 4925 545 4996 μεταξὺ,
598 4924 714 4978 ἀλλ’
761 4925 974 4994 ἀνάγκη
1035 4925 1260 4995 θάτερον
1309 4926 1480 4995 αὐτῆς
1538 4927 1880 4995 ἀμφοτέρους

295 5020 466 5087 μέρος
531 5017 952 5086 ἀπωσαμένους,
983 5017 1079 5069 τοῦ
1136 5018 1327 5070 λοιποῦ
1379 5019 1473 5071 καὶ
1536 5019 1882 5086 ἀμφοτέρους

293 5111 519 5181 ἔχεσθαι
553 5109 736 5180 μόνου.
774 5108 900 5161 Εἶτα
933 5109 1031 5178 τὴν
1064 5111 1246 5162 πίστιν
1273 5110 1382 5162 ἀπὸ
1421 5109 1651 5178 καρδίας
1686 5110 1781 5160 ἐπὶ
1813 5107 1880 5159 τὰ

294 5201 453 5271 χείλη
492 5203 851 5271 προάγοντας,
874 5201 961 5252 διὰ
993 5199 1198 5254 τούτων
1247 5203 1338 5254 ἐπὶ
1395 5201 1640 5271 σωτηρίᾳ
1674 5200 1881 5269 ταύτην

292 5293 607 5360 ὁμολογεῖν,
639 5295 731 5346 καὶ
781 5293 956 5356 οὓτως
1002 5295 1107 5347 ὑπὸ
1140 5295 1270 5364 μίαν
1312 5292 1610 5362 καθολικὴν
1653 5292 1884 5360 Ἐκκλη-

296 5389 427 5436 σίαν
474 5384 681 5446 πάντας
713 5385 971 5454 τελεῖν,ἡ
1026 5385 1125 5454 τὴν
1159 5385 1256 5453 τῆς
1303 5382 1538 5452 ἀληθοῦς
1587 5381 1884 5450 ὁμολογίας

297 5476 400 5529 καὶ
444 5475 604 5546 δόξης
647 5477 842 5546 δηλοῦν
893 5479 1124 5546 ἑνότητα
1177 5477 1450 5546 βούλεται.
1503 5476 1720 5542 Ταύτην
1771 5473 1882 5542 ἐγὼ

296 5573 404 5637 τὴν
448 5569 713 5640 ἀληθινὴν
745 5570 939 5624 ἕνωσιν
975 5572 1244 5642 ὑπάρχειν
1283 5570 1628 5640 ὁρίζομαιῆν
1657 5569 1882 5636 εἰσηγηο

303 5660 490 5728 σάμην
538 5660 636 5729 μὲν
682 5661 870 5731 πρώην
916 5661 1099 5728 αὐτὸς,
1145 5662 1338 5715 ἔπεισα
1385 5660 1428 5711 δ’
1473 5661 1618 5728 ὑμᾶς
1667 5660 1768 5711 οὐκ
1817 5659 1884 5711 ἂν

302 5751 542 5820 εἴποιμι,
578 5755 674 5806 καὶ
705 5755 871 5807 πάλαι
908 5755 1307 5823 πεπεισμένους
1349 5752 1441 5820 ὑφ’
1478 5752 1710 5814 ἑαυτῶν,
1745 5751 1882 5820 μᾶλ-

304 5842 404 5900 λον
438 5843 480 5896 δ’
511 5845 617 5899 ὑπὸ
662 5845 756 5899 τοῦ
799 5846 1112 5917 Πνεύματος
1146 5845 1293 5902 τοῦτ’
1339 5840 1480 5898 εἶναι
1522 5843 1581 5896 τὸ
1627 5844 1792 5897 καλόν
1824 5860 1880 5906 τε

1983 4647 2124 4709 solo,
2155 4655 2250 4700 aut
2272 4646 2492 4702 Graecos
2525 4645 2728 4700 sentire
2759 4645 2913 4698 illum
2942 4658 3062 4698 esse
3094 4643 3258 4708 etiam
3283 4657 3348 4696 ex
3385 4641 3559 4696 Filio:

1980 4738 2179 4792 ctenim
2227 4738 2368 4792 alius
2431 4753 2536 4790 non
2594 4745 2760 4791 restat
2807 4735 3024 4790 'modus
3089 4735 3178 4796 iis,
3247 4732 3340 4802 qui
3381 4748 3560 4788 verant

1982 4831 2172 4884 volunt
2217 4829 2414 4897 pacisci
2469 4844 2675 4899 pacem.
2723 4825 2878 4880 Nunc
2901 4828 3044 4880 enim
3091 4826 3225 4881 lides
3279 4825 3472 4879 borum
3509 4827 3563 4880 iu

1982 4922 2412 4977 contradictione
2453 4932 2535 4974 est
2567 4922 2761 4990 posita.
2793 4935 2913 4990 qme
2939 4920 3146 4973 nullum
3199 4910 3436 4974 admittit
3458 4935 3567 4974 me-

1984 5016 2161 5077 dium,
2197 5015 2290 5070 sed
2320 5029 2539 5068 necesse
2590 5011 2930 5080 cst'alteram
2961 5011 3077 5081 eius
3112 5022 3316 5082 partem
3350 5012 3566 5080 utrique

1983 5106 2261 5173 abjiciant,
2304 5115 2357 5158 et
2392 5105 2561 5158 solam
2613 5105 2835 5167 alteram
2871 5105 3088 5174 utrique
3117 5104 3422 5170 retineant;
3467 5103 3565 5157 dc-

1985 5197 2110 5252 inde
2151 5197 2306 5251 [idem
2340 5212 2370 5250 e
2402 5198 2566 5252 corde
2618 5197 2681 5250 ad
2721 5213 2782 5252 os
2827 5196 3136 5262 ell'ercntes,
3167 5212 3259 5266 per
3299 5195 3564 5248 bocillam

1989 5291 2260 5344 fateantur
2314 5291 2379 5345 ad
2428 5290 2697 5355 salutem;
2755 5301 2918 5360 atque
2953 5291 3025 5344 ita
3064 5290 3115 5342 in
3160 5303 3321 5342 unam
3375 5301 3566 5340 ontnes

1987 5383 2312 5436 catholicam
2374 5383 2701 5436 conveniant
2741 5381 3062 5442 Ecclesiam,
3099 5395 3221 5449 qure
3257 5375 3566 5446 significare

1985 5475 2099 5528 vult
2139 5488 2278 5527 vera:
2313 5474 2678 5528 confessionis
2713 5482 2768 5527 et
2791 5472 3072 5527 sententia:
3103 5473 3385 5523 unitatem.
3411 5466 3568 5522 Hanc

1985 5582 2084 5638 ego
2108 5583 2290 5622 veram
2323 5583 2442 5622 esse
2479 5568 2734 5622 unionem
2773 5575 2972 5626 statuo,
3009 5577 3168 5632 quam
3208 5561 3413 5632 pridem
3447 5560 3568 5629 ipse

1989 5659 2207 5728 quidem
2261 5659 2538 5728 proposui,
2590 5660 2682 5713 sed
2729 5674 2848 5714 cam
2881 5655 3032 5709 vobis
3064 5656 3305 5709 suasisse
3339 5669 3444 5706 non
3480 5655 3563 5706 di-

1987 5750 2180 5814 xerim,
2213 5766 2386 5804 ruma
2411 5751 2562 5804 vobis
2603 5751 2736 5819 ipsis
2766 5751 2877 5816 jam
2913 5749 3041 5801 olim
3074 5747 3316 5816 persuasi
3347 5746 3564 5809 essetis,

1990 5840 2099 5896 imo
2132 5859 2254 5896 \cro
2301 5858 2327 5894 a
2363 5841 2565 5911 Spiritu
2603 5842 2949 5907 didicissetis,
2991 5843 3088 5895 hoc
3123 5854 3240 5896 esse
3275 5837 3564 5911 pulchrum
