3976 6452
415 328 524 392 M3

1448 322 1823 385 GENNADU
1870 318 1981 383 ΟΡ.
2034 319 2541 382 ΡΑΤΒΙΛΒΕΗᾹΞ

3558 314 3656 378 Mi

412 447 467 490 ct
491 436 722 508 justum.
756 431 957 489 Verum
994 432 1135 488 hanc
1174 431 1331 487 multi
1380 446 1523 503 aegre
1571 432 1821 496 audiunt,
1851 431 1996 503 quod

2121 432 2196 486 ιαὶ
2226 431 2432 485 δίκαιον
2463 427 2834 500 διδαχθέντας.
2875 425 3034 478 Ἀλλά
3067 425 3266 495 ταύτην
3296 423 3425 486 τοὺς
3452 425 3666 488 πολλοὺς

411 545 479 581 rx
515 526 800 582 sententia:
850 525 1157 581 mutatione
1211 525 1445 580 dedecus
1501 524 1868 594 imprimatur.
1930 523 1997 579 Et

417 620 640 674 Latinos
675 616 897 689 quidem
933 616 1116 672 dicere
1147 616 1332 685 audio,
1364 633 1479 673 rem
1509 632 1632 673 esse
1659 624 1905 689 gravem,
1949 616 1997 671 si

412 720 705 780 postquam
736 725 835 780 per
892 716 971 764 tot
1022 723 1195 765 annos
1248 709 1569 765 sententiam
1619 709 1759 763 lianc
1793 706 2002 763 tenuis-

413 811 560 865 sent,
597 811 651 856 et
691 800 1053 858 credidissem
1114 800 1237 870 ipsi,
1268 809 1432 869 atque
1480 800 1534 855 in
1584 798 1708 854 fidet
1740 797 2003 870 Symbolo

416 893 833 963 expressissent,
864 906 1077 947 necnon
1133 891 1274 946 alios
1306 892 1553 948 studiosa
1580 891 1922 953 docuissent,
1948 896 2003 945 et

422 987 645 1057 scriptis
678 1001 799 1041 eam
831 986 999 1041 veluti
1049 999 1114 1040 es
1166 986 1406 1041 maxime
1458 984 1784 1041 necessariis
1834 996 2001 1037 unum

421 1080 766 1146 probassent,
825 1093 889 1133 ac
936 1075 1242 1132 rationibus
1292 1078 1808 1133 demonstrassent:
1862 1089 2006 1128 nunc

417 1183 714 1234 puerorum
748 1182 899 1227 more
928 1167 1211 1223 veritatem
1248 1166 1429 1222 edocti
1477 1167 1547 1222 ab
1597 1165 1721 1221 aliis
1755 1177 1855 1221 sua
1903 1164 2003 1233 ipsi

420 1262 770 1325 damnarent,
819 1269 875 1316 et
902 1260 1008 1315 sibi
1058 1260 1280 1330 quidem
1344 1260 1537 1330 primis
1609 1259 1749 1314 hanc
1820 1266 2004 1312 notam

424 1352 726 1417 inurerent,
762 1359 1013 1417 posteros
1044 1364 1176 1405 vero
1203 1350 1369 1406 etiam
1417 1348 1662 1420 ejusdem
1715 1348 2008 1417 participes

426 1442 668 1496 facerent
705 1458 721 1497 :
755 1442 1081 1511 ignorantiae
1110 1455 1331 1512 quoque
1381 1450 1437 1496 ct
1487 1440 1750 1496 caecitatis
1799 1440 2008 1494 crimen

426 1546 535 1584 non
571 1531 626 1584 in
663 1544 722 1586 se
751 1531 938 1595 modo,
986 1532 1081 1585 sed
1124 1530 1176 1585 in
1207 1536 1437 1586 cunctos
1471 1529 1639 1586 etiam
1678 1540 1810 1583 suos
1839 1526 2011 1595 majo-

428 1636 517 1676 res
547 1621 904 1691 conjieerent,
939 1622 1082 1678 inter
1126 1637 1267 1693 quos
1321 1620 1476 1676 multi
1518 1620 1757 1675 habuere
1810 1618 2013 1674 sancti-

426 1713 555 1768 tatis
597 1713 910 1784 opinionem
968 1722 1224 1784 tantaque
1263 1712 1522 1768 Ecclesiae
1564 1711 1825 1766 Romana:
1890 1710 2013 1764 inn-

2102 524 2136 592 η
2163 525 2262 593 τῆς
2294 521 2603 590 μεταϐολῆς
2648 518 2879 588 αἰσχύνη
2926 516 3306 586 δυσχεραίνειν
3355 516 3520 570 ποιεῖ.
3563 516 3664 569 Καὶ

2100 615 2209 668 τῶν
2247 614 2346 685 μὲν
2371 615 2618 669 Λατίνων
2645 614 2829 667 ἀκούω
2860 613 3154 681 λεγόντων,
3185 611 3259 672 ὡς
3286 611 3461 664 δεινὸν
3490 612 3556 664 ἂν
3584 613 3661 680 εἴη

2101 707 2201 777 τῆς
2231 707 2390 777 δόξης
2436 707 2638 777 ταύτης
2665 706 2940 767 τοσούτοις
2998 705 3177 758 ἐτεσιν
3230 704 3550 773 ἐχομένους,
3580 705 3666 757 καὶ

2104 796 2460 859 πιστεύοντας
2495 796 2596 863 μὲν
2634 797 2849 859 αὐτοὺς,
2895 796 3000 848 κάν
3030 796 3109 865 τῷ
3149 794 3249 862 τῆς
3281 795 3519 856 πίστεως
3546 798 3663 861 ὁμο-

2104 888 2395 957 λογοῦντας
2454 888 2739 958 Συμσόλῳ,
2791 887 3143 946 διδάσκοντας
3186 886 3242 939 δὲ
3302 885 3430 947 τοὺς
3485 884 3664 947 ἄλλους

2106 982 2247 1051 μετά
2286 978 2545 1049 σπουδῆς,
2578 981 2680 1033 κάν
2713 980 2826 1042 τοῖς
2879 978 3314 1048 συγγράμμασιν
3346 976 3424 1040 ὥς
3472 995 3523 1031 τι
3564 978 3663 1031 τῶν

2107 1073 2244 1144 πρὸς
2269 1072 2372 1142 τὴν
2401 1073 2675 1143 σωτηρίαν
2714 1072 3166 1141 ἀναγκαιοτάτων
3195 1069 3406 1139 ταύτην
3443 1069 3663 1139 κυροῦν,

2106 1182 2209 1230 τας
2259 1167 2355 1222 καὶ
2406 1166 2586 1235 λόγοις
2631 1164 3117 1228 ἀποδεικνύοντας,
3151 1163 3248 1217 νῦν
3284 1161 3476 1230 ὥσπερ
3523 1163 3662 1225 τινὰς

2108 1260 2307 1323 παῖδας
2328 1258 2434 1329 τὴν
2482 1259 2742 1329 ἀλήθειαν
2781 1255 2876 1311 ὑπ’
2911 1256 3086 1311 ἄλλων
3130 1254 3548 1325 δεδιδαγμένους
3575 1255 3663 1305 a6-

2107 1352 2219 1406 τῶν
2263 1351 2615 1421 καταγνῶναι
2639 1366 2655 1382 ·
2693 1350 2790 1405 καὶ
2821 1350 3019 1405 παθεῖν
3052 1349 3150 1413 μὲν
3199 1348 3457 1420 πρώτους
3481 1348 3661 1410 αὐτοὺς

2109 1446 2171 1499 τὺ
2194 1445 2387 1513 δεινὸν,
2424 1443 2755 1515 μεταδοῦναι
2788 1442 2844 1498 δὲ
2899 1444 2999 1513 τῆς
3048 1440 3321 1514 αίσχύνης
3382 1445 3494 1504 τοῖς
3543 1442 3663 1510 μετά

2110 1536 2306 1601 ταῦτα,
2341 1537 2450 1591 τῶν
2478 1535 2536 1590 δὲ
2584 1536 2684 1605 τῆς
2726 1535 2949 1603 ἀγνοίας
2998 1536 3093 1590 καὶ
3123 1533 3455 1604 τυφλώσεως
3487 1532 3663 1601 ἐγκλη-

2113 1631 2302 1700 μάτων
2332 1631 2427 1684 καὶ¹
2456 1633 2581 1694 τοὺς
2608 1629 2715 1699 πρὸ
2757 1629 2917 1699 ἡμῶν
2944 1628 3154 1691 πάντας
3186 1626 3519 1696 ποιήσασθαι
3560 1643 3661 1678 κοι-

2114 1725 2337 1788 νωνοὺς,
2375 1724 2433 1776 ἐν
2461 1716 2544 1786 οἷς
2591 1721 2776 1775 πολλοὶ
2822 1721 2917 1774 τοῦ
2950 1722 3047 1791 τῆς
3079 1720 3399 1789 ἁγιωσύνης
3427 1718 3662 1787 ὁνὸματος

427 1813 511 1858 sta
542 1804 754 1860 macula
787 1813 1041 1875 putarent
1072 1820 1132 1861 se
1165 1805 1495 1876 praeclarum
1525 1803 1738 1859 facinus
1765 1801 1961 1859 fecisse
1991 1817 2006 1856 :

2121 1814 2338 1885 ἔτυχονο
2373 1813 2469 1867 καὶ
2520 1814 2790 1883 τοσαύτην
2822 1810 3042 1875 ἀδοξίαν
3089 1810 3189 1879 τῆς
3224 1807 3538 1878 Ῥωμαῖκῆς
3579 1826 3662 1859 κα-

427 1897 811 1963 gravissimum
852 1913 981 1954 vero
1034 1897 1164 1952 illud
1215 1911 1357 1962 esse,
1392 1895 1537 1967 quod
1591 1897 1664 1951 ita
1715 1894 2010 1957 nescirent,

432 2006 499 2041 :tn
533 1997 716 2043 essent
744 1988 1036 2044 fundendae
1083 2003 1275 2059 preces
1322 2003 1420 2059 pro
1449 1988 1567 2044 suis
1600 1986 1924 2058 majoribus,
1955 1994 2014 2041 ut

431 2088 578 2135 recte
608 2083 671 2136 de
708 2082 810 2137 fide
831 2081 1216 2146 sentientibus,
1244 2090 1296 2136 et
1317 2080 1465 2149 justa
1488 2080 1595 2136 illis
1619 2079 2010 2150 persolvenda:

432 2187 501 2225 an
537 2186 666 2228 vero
699 2172 960 2229 deberent
990 2175 1110 2230 illos
1132 2184 1192 2230 ut
1221 2172 1528 2239 haereticos,
1559 2172 2016 2241 mendaciumque

433 2279 532 2332 per
579 2273 747 2320 totam
781 2266 948 2322 vitam
980 2267 1260 2336 amplexos
1298 2267 1585 2337 desperata
1617 2281 1805 2322 eorum
1837 2265 2015 2323 salute

436 2366 804 2423 contemnere,
829 2367 884 2414 et
905 2359 1380 2429 cognationisjura
1402 2358 1511 2415 illis
1537 2373 1751 2428 negare.
1770 2357 1827 2414 Si
1845 2359 2014 2423 enim,

428 2449 709 2517 inquiunt,
738 2449 1085 2505 crederemus
1114 2449 1313 2517 solum,
1344 2464 1412 2505 ex
1454 2448 1593 2504 Filio
1621 2451 1782 2506 etiam
1826 2462 2016 2519 proce-

426 2540 567 2595 dere
613 2539 877 2612 Spiritum
919 2552 1195 2606 sanctum,
1237 2557 1345 2597 non
1390 2543 1714 2598 accessisset
1745 2549 1926 2596 autem
1962 2548 2017 2595 et

428 2631 584 2687 vocis
626 2632 927 2699 confessio,
981 2634 1265 2689 tolerabile
1315 2644 1461 2692 esset
1500 2634 1687 2689 relicta
1736 2648 1840 2688 una
1891 2646 2016 2686 sen-

426 2723 612 2778 tentia
644 2726 798 2793 sequi
830 2727 1013 2781 aliam.
1055 2725 1240 2781 Potest
1256 2725 1401 2781 enim
1442 2736 1672 2796 utraque
1703 2739 1829 2794 pars
1855 2724 2014 2778 aliam

437 2832 654 2887 unoque
686 2833 793 2872 non
843 2828 1049 2874 rectam
1103 2830 1227 2890 post
1271 2818 1511 2875 schisma
1566 2828 1750 2873 secuta
1800 2825 2019 2872 senten-
2066 2842 2069 2845 -

428 2911 590 2972 .tiam,
633 2926 778 2966 nunc
804 2914 872 2967 ab
898 2927 960 2968 ea
992 2911 1291 2977 discedere,
1326 2912 1454 2966 dum
1493 2920 1709 2966 mutuas
1743 2909 1846 2964 sibi
1874 2924 2018 2977 ope-

430 3017 532 3056 ras
590 3004 833 3068 tradunt,
884 3005 1034 3059 nulla
1085 3004 1439 3059 mutationem
1483 3002 1777 3073 ignominia
1820 3016 2019 3057 conse-

432 3105 664 3163 quente,
717 3098 862 3168 quod
924 3107 1118 3152 neutra
1189 3112 1317 3168 pars
1373 3097 1627 3152 statuerit
1678 3095 1827 3150 illam
1879 3094 2015 3149 tueri

446 3188 605 3241 veluti
659 3189 788 3258 quid
832 3190 999 3242 fixum
1059 3197 1113 3243 et
1174 3188 1543 3242 necessarium
1612 3186 1677 3240 ad
1721 3185 1953 3241 salutem
1997 3202 2013 3239 :

434 3280 600 3349 .cujus
647 3282 902 3335 indicium
958 3291 1040 3337 est
1070 3271 1214 3350 quod
1248 3281 1391 3334 inter
1422 3279 1528 3333 alia
1582 3294 1703 3348 qua:
1749 3278 2018 3348 ejusmodi

445 3380 591 3432 stunt.
624 3386 728 3425 non
765 3371 926 3426 fuerit
952 3373 1194 3441 positum
1226 3372 1281 3426 in
1336 3370 1456 3425 fidei
1483 3368 1853 3425 confessione.
1883 3368 2018 3423 Cum

449 3473 631 3515 autem
680 3464 907 3517 relatum
949 3478 979 3517 a
1013 3464 1171 3519 nobis
1217 3464 1288 3518 sit
1343 3463 1396 3516 in
1446 3477 1733 3516 numerum
1775 3460 2023 3516 immobi-

446 3555 581 3606 lium
631 3554 750 3609 tidei
783 3555 1118 3625 dogmatum,
1152 3564 1207 3610 et
1241 3554 1361 3609 sine
1397 3553 1503 3607 ulla
1559 3551 1899 3606 haesitatione
1928 3567 2025 3621 per

451 3656 558 3698 tam
607 3645 765 3716 longa
802 3657 1045 3718 tempora
1071 3647 1415 3717 praedicetur,
1472 3656 1530 3700 ut
1562 3660 1627 3699 ne
1654 3644 1782 3699 illud
1805 3645 2022 3714 quidem

447 3748 599 3793 certo
629 3741 768 3794 scire
797 3740 1185 3810 propemodum
1226 3740 1527 3807 valeamus,
1556 3738 1779 3808 quinam
1805 3737 2027 3793 addide-

444 3831 580 3897 rint,
614 3840 707 3885 aut
759 3847 866 3903 qua
919 3832 1148 3901 permoti
1197 3846 1363 3887 causa
1398 3831 1449 3886 id
1495 3829 1751 3895 fecerint,
1800 3833 1896 3884 sed
1929 3829 2025 3885 alii

440 3924 555 3982 alia
601 3934 858 3991 narrent;
908 3926 1032 3995 quis
1064 3925 1164 3979 hoc
1193 3922 1461 3980 dimoveri
1494 3923 1757 3993 patiatur,
1798 3921 1850 3975 ni
1877 3921 2029 3991 prius

444 4017 578 4071 ⁸ιουιίι
604 4026 902 4073 extremam
946 4017 1090 4073 ferre
1117 4018 1491 4087 ignominiam,
1529 4026 1581 4071 et
1608 4018 1741 4070 risui
1773 4015 2029 4071 omnibus

444 4109 619 4162 esse?
650 4107 802 4164 Nulla
832 4111 978 4163 enim
1032 4109 1199 4180 fuerit
1229 4109 1530 4178 ignominia
1560 4108 1756 4177 major,
1790 4123 1953 4177 quam
1980 4106 2028 4162 si

446 4198 613 4252 nobis
669 4198 771 4268 ipsi
817 4199 988 4254 simus
1018 4209 1183 4254 testes
1228 4199 1458 4263 erroris,
1489 4207 1544 4252 et
1582 4197 1853 4252 diuturnae
1904 4211 2029 4267 pro-

450 4290 709 4345 .‘cssionis
756 4291 1058 4358 mendacii;
1105 4292 1268 4361 idque
1298 4305 1420 4346 cum
1473 4290 1719 4345 doctrina
1745 4299 1800 4344 et
1839 4298 2029 4345 exacta

446 4382 761 4438 .uissercndi
824 4382 1078 4437 facultate
1147 4383 1272 4438 aliis
1324 4381 1567 4451 magistri
1618 4381 1859 4435 veritatis
1910 4394 2030 4435 esse

2113 1908 2415 1977 ταχέαντας
2472 1904 2799 1977 Ἐκκλησίας
2851 1902 3062 1957 οἴεσθαί
3108 1919 3161 1954 τι
3217 1899 3658 1971 κατωρθωκέναι’

2115 1999 2209 2052 καὶ
2237 1997 2298 2050 τὸ
2322 1997 2385 2067 δὴ
2409 1996 2683 2067 χείριστον
2711 1997 2988 2056 ἀπάντων,
3026 1994 3222 2060 ἄδηλον
3263 1989 3425 2057 εἶναι,
3457 1993 3659 2061 πότερον

2114 2092 2190 2155 ὼς
2241 2090 2382 2162 ὑπὲρ
2430 2090 2734 2160 ὁρθοδόξων
2781 2088 3042 2159 εὔχεσθαι
3096 2089 3177 2141 δεῖ
3230 2087 3349 2141 τῶν
3405 2084 3662 2157 ἡμετέρων

2116 2183 2418 2254 προγόνων,
2452 2183 2544 2235 καὶ
2574 2183 2674 2244 τὰς
2697 2181 3055 2250 ὀφειλομένας
3084 2178 3277 2243 αὐτοῖς
3328 2177 3660 2248 ἀφοσιοῦσθαι

2115 2274 2305 2345 τιμάς,
2338 2274 2372 2346 ἢ
2409 2272 2487 2336 ὡς
2520 2272 2819 2342 -αίρστικῶν
2846 2272 2943 2326 καὶ
2974 2271 3052 2342 τῷ
3077 2270 3273 2341 ψεύδει
3303 2266 3658 2339 συμϐεϐιωκό-

2114 2383 2223 2422 των
2266 2367 2657 2435 καταφρονεῖν,
2711 2364 2812 2435 τὴν
2859 2362 3044 2419 αὐτῶν
3095 2361 3376 2431 σωτηρίαν
3421 2354 3662 2425 ἀπογινώ-
3737 2432 3743 2439 θ

2118 2475 2369 2525 σκοντας,
2400 2459 2496 2512 καὶ
2523 2456 2624 2528 τὴν
2661 2456 2842 2510 αὐτῶν
2875 2455 3121 2519 ἐκείνους
3156 2453 3350 2523 σχέσιν
3388 2448 3659 2522 ἀρνεῖσθαι.

2116 2552 2183 2608 Ei
2222 2551 2321 2621 μὲν
2378 2551 2486 2621 γὰρ
2530 2549 2894 2619 ἐπιστεύομεν
2955 2548 3115 2619 μόνον
3179 2546 3281 2599 καὶ
3325 2547 3389 2599 ὲκ
3435 2542 3520 2596 τοῦ
3552 2540 3660 2593 Tini

2118 2644 2368 2716 προϊέναι
2421 2642 2483 2698 τὸ
2546 2641 2794 2713 Πνεῦμα,
2837 2640 2911 2711 μὴ
2979 2640 3187 2712 προσῆν
3246 2637 3306 2691 δὲ
3364 2637 3454 2689 καὶ
3504 2636 3534 2703 ἠ
3581 2632 3662 2698 τῆς

2118 2736 2368 2807 γλώττης
2421 2734 2719 2806 ὁμολογία,
2773 2733 3001 2791 ἀνεκτὸν
3054 2731 3123 2784 ἀν
3178 2725 3253 2801 ἦν
3316 2728 3470 2795 δόξαν
3528 2725 3660 2793 δόξης

2118 2829 2427 2886 ἀντιλαϐεῖν
2447 2844 2463 2861 ο
2501 2829 2774 2899 ἐνδέχεται
2803 2827 2913 2897 γάρ
2944 2828 3040 2880 καὶ
3074 2825 3202 2880 ἀλλο
3238 2841 3296 2878 τι
3348 2823 3457 2877 τῶν
3494 2820 3548 2872 οὐ
3576 2835 3660 2870 κιο

2119 2922 2243 2975 λῶνο
2273 2919 2414 2991 μετά
2460 2920 2520 2974 τὸ
2576 2920 2782 2991 σχίσμα
2828 2919 3159 2985 δοξάσαντας
3210 2914 3523 2983 ἑκατέρους,
3578 2909 3658 2963 νῦν

2119 3014 2418 3068 ἀποθέσθαι
2468 3011 2629 3067 τοῦτο
2677 3012 2809 3083 παρ’
2854 3011 3103 3082 ἀλλήλων
3144 3008 3542 3079 ὠφεληθέντας.
3584 3001 3660 3055 καὶ

2119 3105 2220 3175 τὴν
2248 3105 2510 3175 αἰσχύνην
2552 3105 2626 3176 μὴ
2672 3106 2957 3176 προσεῖναι
2998 3105 3066 3173 τῇ
3122 3100 3433 3171 μεταθέσει,
3459 3098 3547 3152 ἅτε
3576 3113 3661 3165 μη⁹

2119 3197 2351 3267 δίτέρων
2401 3196 2476 3260 ὡς
2523 3196 2780 3266 ἀκίνητόν
2827 3212 2880 3250 τι
2932 3196 3029 3250 καὶ
3081 3194 3219 3265 πρὸς
3276 3193 3374 3262 τὴν
3419 3190 3658 3257 σωτηρίαν

2120 3289 2420 3355 ἀναγκαῖον
2468 3286 2788 3355 ἐγνωκότων
2814 3285 3203 3355 διαφυλάττειν
3233 3300 3249 3316 '
3276 3283 3340 3339 οὗ
3376 3284 3587 3354 σημεῖον
3609 3278 3660 3331 τὸ

2123 3379 2246 3450 μηδ’
2276 3382 2333 3433 ὲν
2359 3382 2426 3451 τῇ
2453 3380 2553 3449 τῆς
2582 3379 2815 3442 πίστεως
2843 3377 3105 3451 ὁμολογίᾳ
3135 3380 3250 3442 τοῖς
3276 3377 3444 3440 οὕτως
3472 3375 3659 3444 ἔχουσιν

2120 3472 2250 3524 αὐτὸ
2316 3471 2718 3541 συνομολογιίν.
2792 3470 2946 3524 Ἐπεὶ
2998 3470 3056 3525 δὲ
3106 3470 3205 3541 τὴν
3258 3471 3366 3543 τῶν
3416 3467 3659 3534 ἀκινήτων

2121 3562 2408 3632 δογμάτων
2444 3563 2545 3632 τῆς
2574 3564 2815 3625 πίστεως
2849 3561 2981 3634 παρ’
3023 3561 3183 3632 ἡμῶν
3212 3560 3481 3629 ἀπείληφε
3510 3556 3659 3619 τάξιν,

2123 3655 2215 3709 καὶ
2254 3656 2433 3725 πάσης
2480 3654 2609 3710 ἀνευ
2652 3654 2983 3724 ἀμφιϐολίας
3014 3654 3296 3718 τοσούτοις
3341 3652 3436 3725 ἤδη
3479 3650 3661 3721 χρόνοις

2108 3746 2478 3822 κηρύττεται,
2507 3748 2584 3813 ὡς
2620 3747 2745 3818 μηδ’
2773 3748 2973 3802 ειδέναι
3016 3746 3288 3802 δύνασθαι
3323 3744 3502 3816 σχεδὸν
3528 3744 3660 3809 ἀκρι·

2124 3841 2235 3906 σῶς
2284 3840 2423 3912 μήτε
2486 3838 2616 3903 τοὺς
2681 3836 3046 3909 προσθέντας,
3082 3834 3215 3906 μήθ’
3274 3834 3364 3904 ὑφ’
3418 3824 3488 3887 ὧν
3541 3828 3659 3898 πρὸς

2125 3930 2300 3989 ταῦτα
2325 3929 2680 4000 ἐκινήθησαν,
2714 3928 2833 3984 ἀλλ’
2872 3928 3067 3993 ἄλλους
3100 3928 3230 3982 ἄλλο
3281 3944 3333 3980 τι
3362 3919 3657 3995 διηγεῖσθαι,

2125 4023 2210 4088 τίς
2247 4023 2314 4078 ἂν
2350 4022 2638 4092 ἀνάσχοιτο
2666 4019 2825 4074 τοῦτο
2851 4022 3044 4086 κινεῖν,
3068 4019 3145 4090 μὴ
3181 4018 3446 4088 πρότερον
3476 4009 3659 4077 ἀδοξίαν

2127 4118 2361 4185 ἐσχάτην
2397 4115 2490 4167 καὶ
2514 4114 2575 4165 τὸ
2611 4112 2785 4181 γέλως
2816 4111 3020 4166 ἅπασιν
3047 4108 3191 4166 εἶναι
3222 4106 3626 4175 καταδεξάμενος
3644 4117 3657 4165 ἶ

2127 4207 2354 4277 οὐδεμία
2388 4209 2498 4275 γὰρ
2522 4204 2595 4259 ἂν
2640 4203 2871 4274 αίσχὺνη
2908 4203 3122 4272 γένοιτο
3156 4202 3365 4273 μείζων
3412 4197 3497 4251 τοῦ
3540 4209 3661 4265 μαρο

2127 4302 2311 4370 τυρεῑν
2365 4301 2500 4368 ἡμῖν
2558 4298 2743 4359 αὐτοῖς
2793 4296 2894 4367 τὴν
2948 4297 3187 4367 ἀπάτην,
3221 4296 3317 4350 καὶ
3358 4291 3451 4363 τὴν
3477 4286 3662 4360 μακρὰν

2130 4392 2223 4445 τοῦ
2251 4390 2482 4462 ψεύδους
2509 4388 2800 4460 ὁμολογίαν
2824 4404 2839 4422 ο
2881 4390 2979 4442 καὶ
3008 4387 3186 4442 ταῦτα
3220 4385 3381 4455 σοφίᾳ
3401 4382 3492 4437 καὶ
3515 4380 3659 4443 λόγων

454 4475 756 4543 possimus.
791 4475 856 4529 Et
894 4476 1012 4530 bare
1052 4473 1274 4545 quidem
1333 4474 1500 4529 audio
1558 4487 1590 4527 a
1634 4472 1845 4531 Latinis
1896 4473 2020 4526 dici.

2132 4484 2398 4553 δεινύτητι
2452 4480 2807 4543 διδασκάλους
2863 4478 3045 4543 ἄλλοις
3105 4478 3207 4547 τῆς
3234 4474 3497 4564 ,ἀληθείας
3535 4470 3660 4537 γίνε-

458 4568 678 4621 tjraecos
710 4580 839 4621 vero
880 4566 1123 4621 arbitror
1175 4574 1230 4621 et
1284 4565 1437 4636 ipsos
1487 4565 1765 4635 sapientiae
1815 4565 2027 4619 laudem

458 4658 562 4713 sibi
625 4659 949 4723 tribuentes,
994 4657 1150 4716 valde
1200 4657 1331 4713 illud
1381 4671 1576 4711 cavere
1634 4671 1705 4711 ne
1750 4654 2032 4709 videantur

458 4754 865 4808 altercationem
909 4752 1218 4818 aﬂectasse,
1252 4760 1306 4805 et
1337 4750 1658 4807 existimare
1688 4757 1843 4816 turpe
1890 4762 2032 4815 esse,

454 4847 625 4909 videri
653 4860 710 4902 se
735 4855 882 4900 tanto
908 4856 1148 4915 tempore
1181 4854 1430 4914 nugatos,
1464 4852 1518 4897 et
1546 4842 1885 4897 verissimam
1913 4840 2034 4910 opi-

455 4942 679 4997 nionem
705 4941 1020 5002 insectatos,
1047 4939 1386 5006 fratrumque
1410 4935 1848 4989 communionem
1882 4946 2036 4985 aver-

451 5044 608 5095 satos
643 5048 659 5086 :
697 5047 763 5087 ex
793 5048 903 5103 quo
934 5032 1106 5089 multa
1151 5032 1270 5087 illos
1312 5031 1450 5087 mala
1486 5029 1691 5099 perpeti
1720 5025 2031 5095 contigerit,

452 5128 722 5186 .nimirum
782 5135 841 5181 ut
891 5125 992 5182 soli
1039 5134 1224 5179 contra
1281 5125 1631 5191 ingruentem
1692 5117 2032 5173 infidelitatis

451 5221 770 5277 rluvioitetn
808 5220 1021 5288 absque
1055 5217 1215 5273 sociis
1277 5218 1409 5270 bella
1450 5227 1636 5284 gerere
1692 5219 2035 5278 cogerentur.

458 5312 739 5382 Utrosque
787 5321 968 5365 autem
1006 5311 1205 5380 pariter
1242 5309 1495 5363 existimo
1548 5304 1821 5359 declinare
1882 5302 2037 5371 igno-

458 5404 713 5469 miniam,
767 5403 816 5459 si
880 5402 1236 5458 devincantur
1278 5415 1293 5452 :
1328 5412 1490 5467 quam
1559 5401 1749 5463 putant
1796 5407 1920 5447 cum
1974 5404 2040 5446 eo

455 5497 839 5567 coniunctam,
872 5496 1016 5566 quod
1050 5502 1134 5551 est
1193 5493 1472 5547 veritatem
1508 5490 1807 5549 addiscere,
1852 5494 1907 5540 et
1951 5489 2041 5544 de-

2136 4574 2259 4628 σθαι
2314 4573 2670 4645 δυναμένους.
2705 4573 2968 4635 Λατίνους
3025 4571 3125 4640 μὲν
3173 4570 3334 4626 ταυτὶ
3364 4560 3660 4628 πυνθάνομαι

2134 4666 2316 4733 λέγειν
2342 4680 2356 4695 ο
2392 4664 2520 4727 τοὺς
2557 4663 2616 4719 ὁὶ
2642 4663 2913 4734 Γραικοὺς
2970 4658 3131 4733 οἶμαι
3193 4660 3395 4729 σφόδρα
3441 4655 3530 4722 τὴν
3577 4649 3659 4715 τῆς

2136 4756 2468 4826 φιλονεικίας
2491 4755 2649 4820 δόξαν
2673 4752 3171 4822 φυλάττεσθαι,καὶ
3197 4751 3388 4811 αὐτοὺς
3414 4745 3498 4801 ἐπὶ
3526 4736 3660 4805 σοφίᾳ

2137 4848 2467 4920 φρονοῦντας
2493 4887 2509 4913 ,
2545 4847 2641 4901 καὶ
2691 4844 2941 4914 νομίζειν
2968 4844 3219 4913 αἰσχρὸν,
3257 4842 3321 4896 ἂν
3372 4836 3562 4908 φανῶσι
3587 4845 3659 4920 το·

2140 4918 2330 4993 σοῦιον
2364 4942 2555 5010 χρόνον
2582 4936 2901 5007 ληροῦντες,
2935 4936 3033 4988 καὶ
3078 4935 3181 5003 τὴν
3230 4927 3574 5003 ἀληθεστάτην
3595 4918 3661 4972 δό-

2140 5030 2237 5097 ξαν
2264 5030 2709 5094 ὲλαύνοντες,καὶ
2735 5028 2835 5098 τὴν
2864 5028 2972 5081 τῶν
2993 5024 3240 5095 ἀδελφῶν
3270 5016 3658 5092 παραιτούμενοι

2139 5127 2426 5183 κοινωνίαν
2448 5141 2464 5157 ’
2505 5126 2566 5190 ἐξ
2590 5124 2650 5178 οὖ
2683 5123 2749 5193 δὴ
2782 5123 2879 5177 καὶ
2906 5121 3119 5177 πολλῶν
3148 5121 3335 5173 δεινῶν
3369 5108 3656 5185 πειραθῆναι

2143 5221 2295 5289 σφίσι
2328 5219 2553 5287 συνέὃη,
2583 5218 2719 5287 πρὸς
2751 5217 2845 5269 τὸν
2870 5215 2970 5283 τῆς
3019 5214 3282 5274 ἀπιστίας
3320 5195 3655 5265 κατακλυσμὸν

2142 5313 2269 5367 ἀνευ
2322 5311 2633 5381 συμμάχων
2686 5308 2945 5377 πολεμεῖν
3002 5304 3474 5375 ἀναγκαζομένοις.
3519 5289 3655 5354 Κοινῇ

2143 5404 2187 5458 δ’
2219 5405 2558 5475 ἀμφοτέρους
2580 5402 2822 5473 ἠγοῦμαι
2860 5401 2958 5471 τὴν
2992 5400 3099 5452 ἀπὸ
3131 5399 3230 5464 τῆς
3255 5397 3414 5465 ἥττης
3436 5384 3655 5475 αἰσχύνην

2146 5472 2535 5569 ἐκτρέπεσθαι,
2577 5496 2645 5566 ἢν
2673 5494 2749 5564 τῷ
2780 5512 2839 5547 τε
2872 5493 3064 5565 μαθεῖν
3099 5492 3199 5562 τὴν
3228 5488 3467 5557 ἀλήθειαν
3491 5477 3568 5532 καὶ
3592 5472 3653 5569 sit

466 5590 677 5644 discere
722 5590 1082 5644 mendacium.
1121 5586 1505 5642 Convenerunt
1542 5585 1688 5640 enim
1720 5586 1954 5654 utrique.
1985 5599 2018 5637 u

2146 5591 2208 5647 τὸ
2240 5563 2433 5660 (ψεῦδος
2479 5563 2785 5658 ἀπομαθεῖν
2818 5563 3102 5657 νομίζουσι
3156 5575 3524 5646 συνεζεῦχθαι·
3552 5563 3653 5660 ἐξά-

472 5683 653 5737 viderc
682 5685 830 5748 licet,
862 5698 924 5737 ca
956 5697 1068 5751 spe,
1100 5693 1159 5736 ut
1202 5682 1336 5735 alios
1364 5680 1589 5733 doceant
1640 5679 1841 5748 potius,
1887 5687 2020 5746 atqw

2150 5656 2297 5753 τεροι
2350 5682 2483 5752 γάρ,
2537 5656 2612 5743 ὡς
2662 5682 2807 5732 ἔστιν
2855 5656 3010 5748 ὁρᾷν,
3057 5678 3149 5730 ἐπὶ
3198 5677 3310 5735 ταῖς
3359 5668 3443 5723 τοῦ
3490 5656 3653 5720 διδάξαι

473 5772 542 5829 ad
577 5789 732 5831 suam
786 5776 1072 5833 traducunt
1127 5775 1474 5832 sententiam.
1510 5773 1620 5843 Ego
1654 5787 1780 5829 vero
1817 5767 2043 5828 dixerim

2158 5777 2355 5846 μᾶλλον
2418 5775 2544 5837 τοὺς
2592 5771 2782 5834 ἀλλους
2824 5771 2918 5825 καὶ
2966 5770 3116 5840 σφίσι
3171 5768 3331 5831 δεῖξαι
3382 5753 3651 5826 συμφώνονὶ
