3976 6452
282 366 393 431 445

1462 369 1750 434 ORATIO
1780 369 1841 431 II
1878 370 1981 430 AD
2015 365 2395 429 SYNODUM.

3452 357 3558 423 446

269 481 440 557 ἦλθον
475 480 712 537 ἐλπίσιν.
754 480 897 551 Ἐγὼ
938 480 998 536 δὲ
1026 482 1123 555 τὴν
1162 483 1261 555 μὲν
1318 486 1651 557 φαινομένην
1682 485 1863 556 αἰσχύ·

1974 482 2195 539 Grtecos
2226 495 2336 535 non
2379 476 2576 533 debere
2623 489 2745 533 esse
2789 475 3056 532 sollicitos
3111 474 3178 531 de
3236 475 3339 531 hac
3399 490 3564 544 appa-

270 596 371 648 νην
411 577 613 653 ἣκιστα
637 574 703 629 ἂν
734 574 902 646 φαίην
965 574 1237 646 Γραικοὺς
1283 578 1706 647 ὑπολογίζεσθαι
1747 579 1860 633 δεῖν

273 673 367 726 ἐπὶ
407 670 471 724 τὸ
497 670 576 741 μὴ
606 669 1014 742 παραδέχεσθαι
1044 668 1206 736 δόξαν
1254 671 1355 744 ήδη
1388 673 1607 742 πρῶτον
1644 674 1862 742 εἰσαγο-

276 765 469 835 μένην,
504 762 608 820 κᾶν
644 762 854 836 ἀληθὴς
882 764 1091 836 ’ἔτυχεν
1126 760 1282 832 οῦσα,
1332 766 1427 820 καὶ
1466 766 1602 837 πρὸς
1655 765 1863 835 ταύτην

274 857 639 927 φιλονεικεῖνο
705 855 766 910 τὸ
820 855 932 927 γάρ
986 856 1269 912 πιστεύειν
1325 859 1387 911 τὸ
1457 858 1653 928 ψεῦδός
1710 858 1861 911 ἐστιν

274 952 668 1022 αἰσχρότερον,
726 951 822 1005 καὶ
886 950 1190 1022 φιλονεικία
1265 949 1499 1022 ψευδοῦς
1570 950 1861 1021 ὁμολογίας

274 1047 492 1098 ἔλαττον
523 1043 604 1108 είς
642 1044 1044 1116 ἁμαρτήματος
1084 1044 1264 1114 λόγον.
1306 1045 1415 1099 Καὶ
1471 1045 1729 1116 Γραικοῖς
1760 1043 1860 1115 μὲν

275 1141 422 1195 ἐστιν
447 1139 528 1202 είς
562 1138 661 1210 τὴν
712 1138 1016 1208 ἀσφάλειαν
1043 1138 1137 1193 τοῦ
1170 1137 1451 1211 Συμϐόλου
1482 1140 1857 1208 καταφυγεῖν,

283 1236 371 1287 καὶ
406 1232 506 1305 τὴν
560 1235 750 1303 κοινὴν
800 1233 1092 1305 ὁμολογίαν
1139 1233 1352 1289 ἑαυτῶν
1406 1232 1811 1305 προϐάλλεσθαι
1839 1242 1867 1265 ’λ

284 1329 368 1396 ἢν,
397 1327 446 1380 εί
476 1326 648 1399 μηδὲν
677 1327 828 1394 ἄλλο,
862 1328 1226 1400 βουλομένους
1274 1331 1415 1398 σφᾶς
1461 1329 1732 1384 αἰδεῖσθαι
1764 1329 1861 1384 καὶ

281 1419 475 1484 σώζειν
527 1421 690 1490 φαῖεν
734 1421 806 1475 ἂν
856 1422 1021 1493 μέχρι
1068 1424 1162 1477 τοῦ
1221 1425 1583 1492 φιλονεικεῖν
1635 1428 1749 1489 τοῖς
1803 1424 1860 1478 δὲ

274 1510 525 1574 Λατίνοις
554 1512 613 1564 τὸ
638 1511 740 1581 τῆς
771 1513 1125 1583 καινοτομίας
1157 1512 1391 1569 ὕπεστιν
1431 1513 1688 1585 ἔγκλημα
1708 1530 1723 1547 ·
1764 1514 1860 1569 καὶ

270 1606 335 1659 τὸ
364 1607 561 1678 μόνους
613 1606 861 1677 ἅψασθαι
905 1609 1016 1663 τῶν
1060 1607 1259 1664 κοινῶν
1285 1608 1377 1680 ἐφ’
1407 1610 1623 1673 ἑαυτοῖς
1651 1610 1861 1681 θαρῤή-

272 1714 479 1763 σαντας
506 1697 607 1770 τὴν
630 1698 846 1770 πλάνην
878 1699 1033 1768 σφίσι
1074 1701 1247 1773 χείρω
1280 1704 1452 1757 ποιεῖ.
1489 1701 1603 1756 Καὶ
1637 1701 1871 1765 πολλοῖς.

268 1791 456 1856 ἄλλοις
485 1793 706 1864 τρόποις
734 1792 962 1848 ἔλαττον
986 1793 1048 1848 τὸ
1076 1796 1173 1867 τῆς
1201 1795 1467 1867 αἰσχύνης
1505 1796 1625 1862 δέος
1655 1799 1719 1867 τῇ
1750 1796 1859 1853 τῶν

266 1884 527 1953 Γραικῶν
572 1885 846 1958 ὑπάρχειν
896 1888 1137 1960 ἠγοῦμαι
1187 1890 1484 1961 μεταϐολῇ,
1508 1891 1587 1955 ὡς
1621 1890 1748 1961 μηδ’
1775 1890 1861 1943 αί-

266 1978 479 2050 σχύνην
518 1977 657 2043 ὅλως
691 1979 894 2046 ἐξεῖναι
947 1981 1155 2053 ταύτην
1210 1982 1419 2038 καλεῖν.
1449 1981 1560 2036 Ποῦ
1594 1983 1704 2053 γάρ
1735 1983 1862 2036 αῖσ-

264 2072 402 2143 χρὸν
469 2070 533 2127 τὸ
582 2071 682 2143 τῆς
725 2072 987 2145 ἀληθείας
1037 2073 1288 2145 ἀκριϐῶς
1334 2072 1719 2145 περιέχεσθαι,
1764 2073 1861 2128 καὶ

267 2169 385 2230 τοῖς
416 2168 570 2238 κοινῇ
628 2166 973 2238 δεδογμένοις
1024 2167 1366 2238 ἐμμένοντας
1417 2168 1521 2239 τὴν
1573 2166 1704 2238 περὶ
1749 2168 1861 2223 τῶν

271 2260 383 2332 ίὸίᾳ
426 2262 572 2317 τισὶν
615 2259 935 2331 ἀρεσάντων
962 2260 1146 2332 ψῆφον
1188 2260 1394 2333 συνόδῳ
1445 2266 1599 2333 κοινῇ
1644 2261 1862 2317 πάντων

267 2354 613 2421 ἀνατιθέναις
649 2354 747 2410 καὶ
798 2354 930 2426 μήθ’
974 2356 1189 2421 ἑαυτοῖς
1236 2354 1424 2425 μόνοις
1494 2353 1624 2423 μήτ’
1675 2353 1861 2417 ἄλλοις

267 2446 401 2501 ἄνευ
429 2446 609 2502 αὐτῶν
637 2447 708 2501 τά
740 2447 968 2502 τοιαῦτα
1005 2447 1186 2501 θέλειν
1221 2447 1538 2512 πιστεύειν;

344 2539 411 2594 Τί
448 2539 507 2594 δὲ
548 2541 643 2594 καὶ
667 2539 867 2607 δεινὸν,
912 2543 1031 2612 ἐρεῖ
1056 2559 1163 2607 τις,
1194 2544 1255 2595 τὸ
1280 2541 1349 2595 τὰ
1386 2541 1507 2605 δέος
1537 2541 1735 2610 ἔχοντα
1766 2541 1854 2594 δε-

268 2633 484 2698 διέναις
514 2632 791 2687 ἐδεδίεσαν
839 2633 947 2703 γάρ
972 2634 1066 2687 καὶ
1096 2633 1255 2689 αὐτοὶ
1277 2635 1465 2704 φωνὴν
1485 2633 1642 2688 οὔπω
1692 2636 1862 2689 πᾶσιν

273 2724 633 2793 ἀρέσκουσαν
656 2724 926 2788 ἐπαινεῖν,
975 2731 1072 2779 καὶ
1109 2726 1218 2795 πρὸ
1274 2725 1371 2779 τοῦ
1400 2727 1703 2796 δοκιμάσαι
1731 2725 1864 2779 ταύ-

272 2828 380 2881 την
414 2811 736 2883 κηρύττειν
786 2813 950 2867 τοῦτο
973 2814 1030 2867 δὲ
1068 2815 1130 2868 τὸ
1154 2814 1274 2879 δέος
1304 2816 1466 2884 λόγον
1509 2818 1634 2887 ἔχον
1669 2815 1816 2871 ἐστίν
1844 2830 1858 2845 '

273 2903 406 2957 ἐπεὶ
447 2904 569 2974 μετ’
601 2905 908 2974 ἀσφαλείας
942 2906 1035 2960 ἐπὶ
1063 2906 1164 2971 τάς
1192 2908 1323 2979 περὶ
1362 2907 1499 2961 Θεοῦ
1530 2907 1692 2973 δόξας
1730 2908 1862 2977 πρέ-

272 3012 369 3047 πει
400 2998 627 3064 χωρεῖν,
658 2995 759 3050 ἇτε
792 2997 1002 3052 πολλῶν
1036 2998 1321 3067 κινδύνων,
1350 3001 1445 3055 καὶ
1471 3003 1738 3072 μεγίστου
1762 3002 1858 3056 τοῦ

268 3088 373 3162 τὴν
395 3088 674 3159 σωτηρίαν
696 3088 954 3156 καθάπαξ
977 3092 1298 3157 ἀποϐαλεῖν,
1325 3095 1618 3162 ἑπομένων
1645 3100 1708 3168 τῇ
1730 3110 1864 3167 προ·

1964 582 2115 630 rente
2159 570 2483 643 ignominia,
2546 566 2694 639 quod
2764 582 2872 622 non
2927 566 2999 622 sit
3057 566 3125 621 ab
3184 564 3295 621 illis
3346 573 3564 637 recepta

1964 664 2178 735 opinio,
2210 663 2342 717 dum
2384 660 2625 731 primum
2660 659 3039 724 induceretur,
3072 658 3198 715 licet
3234 672 3361 714 vera
3391 670 3563 725 esset,

1962 754 2057 811 sed
2090 738 2432 823 Oppugnata;
2469 749 2688 821 turpius
2740 750 2889 804 enim
2940 757 3020 804 est
3067 749 3294 805 credere
3340 748 3562 815 falsum,

1963 857 2017 902 et
2048 845 2233 901 minus
2271 852 2490 900 erratur
2535 838 2944 907 contendendo,
2982 858 3145 913 quam
3177 836 3372 898 falsam
3432 859 3566 898 con-

1969 938 2266 995 fessionem
2299 935 2652 1007 prol‘erendo.
2686 932 2755 990 Et
2785 935 2956 991 Graeci
2988 936 3208 1007 quidem
3239 947 3467 1006 possunt
3495 937 3566 992 ad

1963 1030 2278 1103 Symbolum
2335 1037 2455 1084 tuto
2504 1027 2820 1101 confugere,
2855 1043 3317 1100 communemque
3369 1045 3466 1100 pro
3504 1045 3570 1084 se

1963 1124 2208 1194 objicere
2242 1118 2694 1178 conl‘essionem':
2730 1136 2898 1192 quam
2952 1124 2997 1175 si
3055 1123 3189 1176 nihil
3240 1122 3390 1177 aliud
3433 1137 3570 1190 snp-

1960 1224 2191 1286 peteret,
2227 1213 2367 1269 velle
2416 1229 2475 1268 se
2515 1213 2756 1268 dixerint
2811 1214 3109 1268 observare
3142 1223 3196 1267 et
3237 1200 3417 1269 celere
3476 1211 3564 1266 vel

1962 1307 2359 1363 concertando.
2421 1303 2601 1361 Latini
2633 1320 2765 1361 vero
2814 1315 2944 1359 sunt
2993 1306 3046 1360 in
3107 1306 3339 1360 crimine
3399 1305 3563 1359 inno-

1962 1400 2219 1464 vationis,
2263 1409 2314 1454 et
2354 1399 2499 1471 quod
2535 1398 2635 1455 soli
2688 1398 3047 1452 tractaverint
3089 1397 3560 1452 communia‘sibi

1961 1492 2313 1555 conﬁdentes,
2347 1492 2562 1561 gravior
2610 1486 2719 1546 illis
2768 1505 2926 1544 error
2982 1487 3236 1552 edicitur,
3294 1498 3346 1543 et
3378 1489 3563 1543 multis

1959 1586 2085 1643 aliis
2119 1584 2296 1643 modis
2326 1594 2461 1657 puto
2494 1585 2679 1641 minus
2710 1599 2833 1640 esse
2866 1584 3161 1639 timendam
3199 1581 3403 1639 Graecis
3434 1597 3561 1634 mu-

1961 1679 2190 1737 talionis
2260 1679 2643 1753 ignominiam,
2699 1688 2758 1733 ut
2824 1694 2891 1734 ne
2934 1678 3292 1748 ignominiam
3339 1676 3561 1746 quidem

1963 1776 2107 1830 hanc
2155 1788 2351 1830 vocare
2392 1774 2610 1845 penitus
2651 1774 2829 1828 liceat.
2903 1772 3036 1839 Quae
3068 1780 3152 1827 est
3208 1769 3354 1825 enim
3406 1768 3564 1849 igno-

1966 1866 2155 1935 minia,
2211 1867 2428 1922 veritati
2484 1866 2721 1938 perfecte
2775 1866 3095 1931 adluerere;
3130 1875 3183 1920 et
3220 1862 3565 1935 persiStendo

1963 1960 2017 2015 in
2051 1959 2119 2015 iis
2150 1975 2269 2031 quae.
2303 1961 2582 2015 communi
2613 1959 2862 2014 omnium
2892 1959 3113 2015 decreto
3155 1957 3381 2013 deﬁnita
3413 1964 3562 2021 sunt,

1968 2053 2211 2124 generali
2245 2053 2484 2108 concilio
2516 2054 2841 2124 permittere
2875 2053 2941 2107 de
2994 2052 3060 2109 iis
3095 2050 3389 2122 judicium,
3440 2063 3567 2118 quae

1962 2146 2217 2223 privatim
2244 2147 2532 2218 aliquibus
2559 2147 2854 2210 placuere?
2879 2162 2981 2203 nec
3022 2146 3126 2203 sibi
3161 2144 3297 2215 ipsis
3329 2152 3563 2206 tantum,

1963 2254 2065 2296 nec
2096 2239 2220 2296 aliis
2250 2240 2387 2297 velle
2418 2240 2578 2296 fidem
2611 2240 2815 2295 habere
2844 2239 2898 2294 in
2962 2238 3128 2295 rebus
3174 2230 3558 2307 hujuscemodi

1964 2349 2067 2391 suo
2096 2348 2212 2391 non
2261 2335 2557 2392 accedente
2591 2332 2918 2391 consensu?

2034 2538 2174 2608 Quid
2200 2554 2329 2596 vero
2361 2538 2486 2595 mali
2516 2546 2621 2606 est,
2650 2538 2864 2615 ‘dixerit
2889 2536 3187 2609 quispiam,
3244 2535 3442 2591 timere
3493 2532 3564 2588 ti-

1963 2635 2167 2688 menda
2191 2631 2213 2685 ’ἒ
2236 2630 2525 2686 Timebant
2560 2629 2703 2684 enim
2729 2634 2782 2683 et
2806 2627 2906 2698 ipsi
2935 2640 3122 2682 vocem
3152 2626 3398 2680 nondum
3447 2637 3567 2678 om-

1965 2728 2127 2785 nibus
2158 2724 2437 2795 probatam
2469 2722 2724 2793 proliare,
2778 2730 2834 2776 et
2859 2728 3152 2789 antequam
3221 2726 3367 2773 esset
3417 2732 3571 2771 rece-

1965 2831 2083 2891 pta,
2109 2819 2407 2886 praedicare
2438 2835 2453 2883 ;
2487 2816 2652 2873 timor
2679 2823 2859 2869 autem
2889 2814 2992 2870 iste
3019 2827 3125 2867 non
3158 2820 3242 2869 est
3296 2826 3325 2866 a
3358 2811 3576 2866 ratione-

1966 2911 2200 2967 alienus.
2224 2906 2451 2977 Oportet
2485 2907 2632 2962 enim
2663 2905 2732 2960 ad
2761 2919 2827 2958 ea
2853 2918 2977 2974 qua:
3004 2904 3071 2958 de
3106 2901 3216 2957 Deo
3265 2901 3569 2965 sentimus,

1966 3000 2231 3058 accedere
2286 3009 2404 3054 tuta
2450 3013 2574 3054 cum
2630 2997 2913 3062 cautione,
2996 3006 3123 3050 cum
3198 2992 3570 3049 temeritate-1

1967 3093 2141 3149 multa
2168 3100 2475 3162 sequantur
2511 3089 2778 3159 pericula,
2849 3086 3155 3142 maximum
3223 3097 3357 3139 vero
3411 3083 3565 3145 illud,

272 3180 488 3254 πετείᾳ.
520 3183 583 3236 Εί
612 3182 722 3253 γάρ
757 3183 836 3253 μὴ
864 3184 1012 3237 τοῦτ’
1036 3180 1125 3255 ἦν,
1159 3186 1296 3239 ἀλλὰ
1332 3188 1433 3257 τῆς
1466 3188 1625 3257 δόξης
1652 3192 1861 3245 παντά-

1971 3189 2166 3245 salutis
2182 3188 2412 3243 omnino
2429 3186 2763 3242 amittendae.
2789 3182 2847 3239 Si
2877 3182 3023 3237 enim
3058 3180 3112 3235 id
3147 3179 3220 3235 ita
3252 3194 3362 3234 non
3396 3187 3565 3237 esset.

273 3293 419 3330 πασι
474 3277 902 3345 κατεγίνωσκον,
959 3278 1180 3343 οὐδενὸς
1232 3281 1298 3333 ἂν
1333 3281 1516 3345 αὐτοῖς
1544 3283 1681 3349 πρὸς
1716 3283 1863 3353 ὑμᾶς

272 3368 468 3437 ἐδέησε
496 3367 656 3438 λόγου
690 3382 704 3400 ⁶
737 3369 928 3442 ὥσπερ
952 3370 1073 3424 οὐδὲ
1118 3374 1233 3434 τοῖς
1264 3371 1395 3425 ἄλλο
1425 3388 1479 3426 τι
1515 3373 1625 3427 τῶν
1664 3375 1864 3445 ἀνηκέ-

275 3474 425 3515 στων
458 3460 757 3532 φρονοῦσιν
780 3462 1097 3533 ἀνάσχοιντ’
1124 3462 1193 3518 ἃν
1217 3465 1359 3536 ὑπὲρ
1390 3466 1558 3519 αὑτοῦ
1582 3466 1858 3536 συζητεῖν.

284 3551 453 3607 Ἀλλά
485 3552 590 3624 μὴν
614 3552 725 3608 οὐδ’
750 3553 982 3624 αἰσχρόν
1010 3554 1164 3608 ἐστιν
1194 3554 1505 3624 οὐδετέροις
1532 3555 1866 3625 ἀγνοοῦντας

277 3644 502 3715 μαθεῖν,
539 3644 590 3698 εί
635 3642 839 3716 μὴ’καὶ
876 3648 1057 3701 πᾶσαν
1105 3647 1398 3717 ἀτιμάζειν
1446 3648 1716 3719 μέλλομεν
1745 3651 1866 3704 ἑπι-

271 3736 498 3808 στήμην
531 3736 601 3808 ἢν
635 3736 734 3791 οὐκ
769 3737 882 3791 ἐστι
919 3738 1107 3793 λαϐεῖν
1152 3739 1229 3810 μὴ
1273 3740 1544 3812 πρότερον
1574 3740 1676 3813 τὴν
1718 3743 1868 3796 ἀντι·

270 3830 540 3900 κειμένην
588 3829 1004 3894 ἀποϐάλλοντας
1038 3832 1263 3899 ἄγνοιαν
1301 3870 1317 3896 ,
1383 3833 1481 3886 καὶ
1526 3832 1639 3888 τῶν
1683 3835 1865 3889 ὁτιοῦν

269 3922 666 3993 ιπισταμένων
721 3926 1076 3994 κατηγορεῖν,
1118 3924 1204 3977 ὁτι
1240 3924 1319 3996 μὴ
1350 3926 1448 3994 τῆς
1479 3925 1705 3995 ἀγνοίας
1743 3926 1867 3997 ἐχε-

172 4006 189 4021 “
270 4013 405 4068 σθαι
450 4013 615 4085 μέχρι
651 4014 855 4078 παντὸς
887 4015 1304 4087 ἠϐουλήθησαν,
1336 4017 1437 4087 τὴν
1487 4019 1548 4071 ὲκ
1576 4018 1674 4073 τοῦ
1708 4018 1863 4084 δόξαι

273 4107 578 4178 μανθάνειν
611 4108 847 4173 δεδιότες
879 4109 1169 4182 αἰσχύνην.
1198 4110 1529 4165 Τοὺναντίον
1566 4112 1676 4183 γὰρ
1726 4111 1866 4182 μᾶλ-

270 4202 370 4256 λον
405 4201 656 4274 αἰσχρὸν,
689 4203 887 4257 ἅπαντ’
931 4202 1137 4256 εἰδέναι
1178 4203 1527 4271 νομίζοντας.
1568 4202 1703 4273 μηδὲ
1742 4202 1867 4273 βου-

271 4295 543 4367 λομένους
574 4296 737 4366 χάριν
772 4295 881 4349 τινὶ
919 4297 1020 4365 τῆς
1056 4295 1329 4365 ὠφελείας
1380 4297 1689 4365 ὁμολογεῖν,
1745 4295 1864 4365 μετ’

271 4388 507 4456 ἀγνοίας
562 4388 938 4442 ἀπαλλάττειν
992 4388 1089 4441 τοῦ
1151 4387 1294 4458 βίου.
1354 4386 1497 4458 Πρὸς
1551 4386 1611 4441 δι
1650 4387 1865 4452 τούτοις

271 4479 418 4549 ὑπὲρ
452 4477 713 4548 ἀληθείας
744 4478 917 4532 ὄντων
959 4478 1096 4549 ἡμῖν
1139 4478 1251 4533 τῶν
1313 4478 1568 4546 ἀγώνων,
1621 4479 1723 4550 ἡδὺ
1762 4479 1862 4550 μὲν

270 4572 454 4643 δήπου
482 4573 619 4642 μετά
648 4571 854 4643 ταύτης
877 4574 1035 4643 νικᾷν
1060 4589 1075 4604 ο
1107 4575 1167 4626 τὸ
1194 4573 1249 4627 δὲ
1274 4571 1481 4644 ταύτην
1504 4572 1861 4644 εὑρίσκοντας

273 4666 543 4735 ἡττᾶσθαι
568 4666 748 4719 δοκεῖν
788 4666 971 4737 πάσης
1004 4666 1271 4737 αἰσχύνης
1304 4666 1684 4737 ἀπήλλακται.
1723 4667 1864 4731 Τοὺς

271 4761 386 4831 γάρ
431 4762 546 4824 τοῖς
578 4760 678 4829 τῆς
721 4761 984 4830 ἀληθείας
1023 4760 1211 4824 ὅπλοις
1246 4760 1555 4823 ἐνδιδόντας
1602 4760 1863 4831 ἑτοίμως,

271 4852 371 4905 καὶ
414 4853 644 4923 φανείσῃ
676 4852 834 4923 μόνον
865 4854 1195 4918 ὑπείκοντας
1221 4854 1397 4917 οὐδεὶς
1428 4852 1497 4907 ἂν
1530 4854 1675 4907 εῖποι
1712 4856 1868 4910 νικᾶ-

273 4942 404 4997 σθαι
440 4944 571 5016 παρ’
608 4944 824 5009 οὐδενὸς
868 4946 975 4999 τῶν
1020 4945 1352 5015 ἀιθρώπωη
1377 4939 1455 5020 ὧν
1482 4946 1709 5017 αἰσχρόν
1744 4949 1867 5001 ἐστι

273 5034 376 5087 καὶ
399 5034 618 5106 χείρους
648 5036 910 5107 ὀφθῆναι,
952 5036 1085 5113 ἀλλ”¹
1108 5038 1213 5092 ὑπὸ
1247 5039 1348 5110 τῆς
1378 5040 1642 5110 ἀληθείας
1669 5042 1862 5111 αὐτῆς,

274 5130 370 5197 ὑφ’
403 5124 471 5201 ἧς
510 5130 646 5202 εὐχὴ
706 5133 873 5185 πᾶσιν
919 5129 1232 5203 ἀνθρώποις
1296 5133 1416 5187 ἐστὶ
1465 5135 1525 5187 τὸ
1581 5135 1865 5190 νικᾶσθαι.

273 5222 456 5292 Ν.κῷ
483 5223 538 5276 δὲ
572 5223 766 5293 ψεῦδος
799 5225 1004 5289 adt-ob;
1038 5228 1132 5279 καὶ
1176 5226 1322 5296 μάλα
1352 5227 1576 5293 δικαίως
1608 5230 1754 5282 εἴποι
1783 5246 1867 5293 τις

275 5316 369 5378 ἂν,
402 5314 499 5368 ἆτε
530 5317 669 5385 μετὰ
699 5318 799 5386 τῆς
849 5317 1112 5389 ἀληθείας
1166 5319 1423 5383 ἐπιόντας
1456 5318 1534 5391 τῷ
1584 5320 1794 5389 ψεύδει,
1822 5313 1868 5388 ᾧ

274 5407 372 5461 τὸν
413 5408 653 5475 πρόσθεν
684 5409 876 5481 χρόνον
931 5410 1277 5467 ὲδούλευσαν.
1312 5414 1419 5466 Καὶ
1456 5413 1569 5484 μὴν
1613 5414 1732 5468 οὐδὲ
1789 5413 1868 5484 τῷ

274 5498 439 5564 δόξαν
465 5501 628 5571 δόξης
655 5504 1022 5573 νουνεχὸντως
1046 5503 1406 5572 ἀλλάξασθαι,
1443 5506 1538 5559 καὶ
1564 5505 1701 5569 ὅλως
1730 5506 1869 5577 πρὶς

277 5594 521 5661 τάγαθὸν
557 5596 623 5650 ἐκ
669 5595 765 5650 τοῦ
823 5598 1068 5668 χείρονος
1108 5598 1460 5669 μεταϐαλεῖν,
1499 5598 1733 5672 αἰσχύνη
1784 5616 1871 5663 τις

278 5685 582 5754 πρόσεστιν
610 5703 623 5716 ⁸
658 5687 717 5740 ού
773 5690 881 5760 γὰρ
913 5692 944 5760 ή
1003 5691 1095 5744 τοῦ
1137 5689 1307 5745 κακοῦ
1344 5692 1655 5761 μετάθεσις,
1687 5690 1803 5745 ἀλλ’
1835 5693 1867 5763 η

278 5777 377 5833 τοῦ
409 5779 582 5834 κακοῦ
611 5783 850 5851 τήρησις
893 5785 952 5836 τί»
988 5785 1240 5853 αἰαχρδν,
1293 5785 1367 5848 ὡς
1401 5779 1524 5838 εἶπὲ
1565 5803 1671 5848 τις,
1730 5785 1867 5856 ἔχει.

284 5871 429 5936 Τοὺς
464 5872 565 5944 μὲν
597 5873 690 5931 οῦν
727 5874 992 5947 Γραικοὺς
1025 5878 1109 5932 διὰ
1148 5878 1318 5935 ταῦτά
1362 5897 1503 5951 φημι
1539 5880 1648 5934 δεῖν
1683 5881 1745 5934 ἐκ
1777 5879 1865 5933 τοῦ

1967 3283 2061 3341 sed
2096 3282 2260 3352 plane
2294 3280 2624 3336 sententiam
2656 3277 3067 3348 reprobaSsent,
3102 3288 3209 3328 non
3240 3286 3382 3342 opus
3402 3280 3563 3328 esset

1967 3382 2028 3430 ut
2052 3370 2335 3427 vobiscum
2362 3378 2590 3441 agerent
2627 3387 2639 3423 :
2670 3367 3133 3436 quemadmodum
3164 3379 3288 3420 cum
3321 3362 3560 3419 homini-

1967 3466 2068 3522 bus
2101 3463 2208 3520 alia
2236 3463 2472 3535 quadam
2495 3460 2781 3518 incurabili
2801 3458 3079 3529 opinionis
3103 3458 3370 3528 pravitate
3402 3454 3554 3510 labo-

1966 3558 2217 3614 rautibus
2238 3571 2308 3612 ne
2336 3556 2765 3627 disputationem
2799 3552 3019 3623 quidem
3079 3551 3279 3605 habere
3308 3555 3565 3620 pateren-

1968 3660 2060 3707 tur
2096 3651 2163 3706 de
2193 3648 2281 3706 ea.
2316 3645 2428 3704 Nec
2452 3662 2583 3705 vero
2614 3655 2774 3716 turpe.
2805 3654 2889 3700 est
2916 3643 3187 3713 utrisque,
3206 3643 3252 3698 si
3284 3642 3567 3712 ignorant,

1967 3742 2256 3800 addiscere
2285 3758 2301 3809 ;
2334 3742 2441 3797 nisi
2461 3741 2704 3795 'velimus
2734 3738 3029 3794 scientiam
3063 3749 3292 3806 prorsus
3314 3732 3566 3804 rejicere,

1970 3851 2095 3906 qua:
2129 3833 2353 3891 nonnisi
2385 3833 2598 3903 abiecta
2629 3831 2882 3901 opposita
2913 3828 3226 3900 ignorantia
3252 3834 3437 3897 potest
3470 3827 3570 3879 Ita-

1968 3927 2111 3993 beri,
2139 3936 2191 3984 et
2215 3925 2465 3996 cujusvis
2501 3924 2750 3980 scientiae
2792 3921 3000 3993 peritos
3059 3919 3350 3986 damnare,
3394 3918 3561 3989 quod

1975 4017 2347 4089 ignorantiam
2385 4022 2651 4085 perpetuo
2686 4026 2795 4067 non
2822 4011 3096 4067 coluerint
3127 4019 3277 4065 metu
3328 4009 3566 4065 dedeco-

1973 4112 2052 4166 ris
2084 4108 2232 4179 quod
2272 4107 2547 4176 sequitur,
2571 4104 2700 4159 dum
2737 4102 3023 4158 addiscere
3046 4099 3324 4157 videntur.
3360 4098 3403 4153 E
3426 4112 3568 4153 cona

1968 4201 2143 4256 trario
2174 4210 2417 4269 namQue
2435 4205 2593 4267 turpe
2622 4195 2802 4266 potius
2832 4202 2938 4259 est,
2978 4194 3110 4248 dum
3156 4206 3259 4248 nos
3291 4191 3433 4248 scire
3451 4206 3575 4246 oms
3660 4192 3665 4195 ‘

1967 4294 2061 4349 nia
2088 4301 2372 4365 putamus,
2403 4275 2652 4361 nullique
2681 4289 2753 4344 ob
2784 4292 3098 4360 perceptam
3133 4286 3431 4343 utilitatem
3474 4286 3571 4339 ba.-

1968 4386 2096 4441 bere
2127 4386 2358 4455 gratiam
2406 4384 2684 4448 volumus,
2715 4395 2778 4436 ex
2814 4381 2916 4436 liae
2948 4382 3060 4434 vita
3097 4394 3223 4434 cum
3261 4378 3585 4448 ignorantia

1970 4479 2258 4537 decedere.
2292 4478 2563 4535 Praeterea
2595 4492 2720 4532 cum
2760 4491 2865 4547 pro
2899 4475 3128 4530 veritate
3156 4474 3266 4528 sint
3319 4490 3346 4527 a
3404 4472 3587 4529 nobis.

1971 4584 2224 4644 suscepta
2251 4571 2578 4633 certamina,
2604 4568 2906 4639 jucundum
2932 4584 3067 4622 sane
3090 4575 3173 4622 est
3194 4581 3322 4621 cum
3346 4580 3410 4617 ea
3456 4564 3583 4617 vic-t

1970 4669 2167 4724 loriam
2182 4667 2478 4736 consequi;
2506 4664 2600 4719 sed
2634 4662 2784 4719 nullo
2815 4661 2979 4716 modo
3004 4669 3162 4729 turpe
3182 4666 3267 4713 est
3289 4657 3484 4722 videri,
3502 4672 3581 4714 ea

1970 4768 2249 4832 comperta
2278 4773 2338 4814 se
2398 4756 2618 4812 dedere.
2648 4755 2751 4822 Qui
2775 4755 2921 4809 enim
2949 4762 3200 4823 prompto
3242 4750 3425 4805 animo
3477 4764 3583 4803 ceq.

1926 4840 1931 4843 ⁷
1969 4857 2106 4912 dunt
2127 4852 2296 4909 armis
2318 4849 2588 4915 veritatis,
2605 4848 2766 4915 eique
2787 4846 2869 4901 vel
2890 4842 3174 4915 apparenti
3198 4849 3410 4898 tantum
3429 4841 3583 4899 colla.

1970 4949 2322 5010 submittunt,
2370 4958 2479 4997 non
2507 4941 2723 4996 dicendi
2753 4949 2885 4994 sunt
2914 4955 2944 4993 a
2974 4951 3247 5007 quoquam
3274 4935 3579 4991 hominum:

1962 5030 2140 5106 'vinei,
2171 5038 2374 5110 quibus
2400 5036 2567 5091 etiam
2589 5043 2747 5103 turpe
2781 5040 2867 5088 est
2889 5032 3056 5086 videri
3082 5028 3392 5095 inferiores,
3418 5030 3511 5083 sed
3538 5044 3569 5084 a

1968 5131 2331 5200 veritateipsa
2361 5143 2427 5196 ;a
2449 5143 2555 5197 qua
2577 5141 2639 5182 se
2667 5124 2812 5180 vinei
2830 5132 3020 5195 optant
3042 5138 3236 5179 omnes
3268 5122 3523 5179 homines
3550 5136 3579 5189 ι

1975 5225 2322 5282 vinciautem
2355 5222 2423 5277 ab
2454 5221 2562 5277 illis
2607 5218 2952 5274 mendacium
2979 5218 3106 5288 jure
3160 5222 3373 5287 optimo
3424 5216 3572 5269 dicat

1971 5319 2270 5391 quispiam,
2300 5318 2346 5373 si
2371 5314 2615 5371 veritatis
2638 5328 2739 5385 ope
2764 5313 2894 5368 illud
2927 5313 3208 5382 impetant,
3240 5310 3326 5364 tui
3353 5306 3589 5365 fuerant;

1972 5426 2132 5471 antea
2170 5412 2438 5468 t‘amulati.
2463 5408 2573 5465 Nec
2606 5409 2774 5465 etiam
2815 5408 2945 5462 illud
2983 5418 3137 5476 turpe.
3192 5415 3297 5471 est,
3352 5413 3583 5459 sentem.

1973 5508 2105 5563 tiam
2136 5506 2432 5578 prudenter
2459 5514 2693 5569 mutare,
2725 5510 2780 5558 et
2803 5497 3030 5555 omnino
3055 5500 3122 5553 de
3159 5498 3302 5552 malo
3355 5494 3409 5551 in
3470 5497 3570 5550 bo-

1974 5614 2104 5654 num
2134 5598 2408 5654 transire:
2455 5595 2738 5667 turpitudo
2762 5593 2910 5667 enim
2948 5593 3003 5646 in
3043 5606 3111 5647 eo
3137 5591 3243 5645 sita
3278 5598 3385 5655 est,
3426 5588 3583 5647 dixit

1974 5692 2220 5763 quidam,
2248 5707 2357 5747 non
2388 5690 2492 5746 sia
2531 5689 2673 5744 tnalo
2703 5686 3013 5750 recedatur,
3054 5687 3148 5741 sed
3208 5683 3254 5740 si
3303 5684 3357 5739 iu
3419 5684 3573 5740 malo

1978 5793 2377 5855 perseveretur.
2407 5782 2626 5837 Graecos
2666 5779 2831 5851 igitur
2872 5785 3093 5848 propter
3131 5780 3246 5835 haec
3285 5777 3412 5834 dico
3467 5780 3564 5836 de—

1980 5881 2104 5935 bere
2133 5877 2368 5949 epiuari,
2404 5875 2604 5931 nullam
2652 5876 2703 5931 in
2729 5888 2846 5930 sese
2876 5871 3227 5944 ignominiam
3257 5875 3475 5944 cadere,
3513 5875 3571 5933 si
