3976 6452
65 4407 74 4514 Ι

66 4515 74 4676 ἐ

469 409 584 476 H7
639 471 644 474 .
1523 409 1564 466 G
1579 405 1898 468 ENNADII
1935 403 2042 464 CP.
2071 401 2586 466 PATRIARCHJE
3095 425 3100 432 ·
3579 401 3692 466 “8

467 531 690 587 credant
713 531 940 602 Latinis,
975 533 1104 588 dum
1131 547 1258 588 vera
1285 529 1358 588 illi
1387 527 1592 592 dicant,
1647 525 1808 592 idque
1863 521 2035 574 modis

2145 519 2436 588 πεισθῆναι
2489 521 2760 584 Λατίνοις,
2807 521 2874 574 ἂν
2921 519 3098 592 ἀληθῆ
3129 519 3353 586 λέγωσι,
3385 515 3482 568 καὶ
3545 517 3686 572 τοῦτο

467 621 722 678 omnibus
769 623 948 694 palam
1001 623 1208 700 faciant
1241 639 1256 688 ;
1289 636 1388 678 nec
1435 621 1574 676 velle
1621 625 1846 690 propter
1915 629 2034 668 eam

463 727 724 780 respuere
755 728 938 768 veram
973 713 1324 778 sententiam,
1359 727 1522 780 quam
1555 709 1790 764 fatentes
1811 715 1866 762 et
1915 721 2036 762 cre-

463 801 678 872 dentes,
709 805 868 876 eique
900 821 958 862 se
987 821 1083 872 per
1135 805 1298 860 ambo
1345 805 1462 858 hate
1507 801 1897 874 coniungentes
1947 815 2038 854 ηο-

464 875 620 946 eesse
646 901 732 948 est
761 875 1068 949 concordiae
1103 893 1458 962 veritatisque
1489 891 1798 948 mercedem
1845 907 1876 946 a
1929 891 2038 944 Deo

465 981 840 1040 indubitanter
871 993 1207 1056 exSpectent.
1235 983 1460 1040 Latinos
1519 997 1646 1038 vero
1705 983 2036 1054 (quanquam

463 1075 624 1130 video
655 1077 896 1133 rationes
923 1093 1113 1132 eorum
1155 1087 1442 1134 enervatas
1471 1091 1566 1148 per
1597 1077 1856 1132 nonnulla
1891 1091 1918 1130 a
1951 1091 2038 1130 tne

459 1167 570 1234 jam
599 1167 740 1223 dicta
759 1169 856 1240 (l),
879 1185 978 1226 nec
1005 1169 1277 1226 immerito
1312 1171 1472 1240 plane
1503 1169 1850 1240 ignominiam
1874 1169 1942 1224 ab
1961 1167 2040 1226 eis

465 1257 668 1322 timeri,
707 1271 830 1312 cum
855 1269 1076 1328 propter
1121 1259 1234 1316 Iure
1281 1259 1382 1326 ipsi
1439 1261 1726 1332 plusquam
1783 1261 1872 1314 al'i
1915 1261 2040 1330 jure

465 1347 772 1418 turbentur)
815 1339 957 1406 illud
1019 1351 1183 1406 etiam
1237 1367 1454 1422 aaquum
1499 1363 1584 1408 est
1633 1353 2034 1410 considerare:

465 1439 668 1496 nullam
706 1457 766 1498 se
799 1443 1109 1508 majoribus
1133 1445 1248 1500 suis
1277 1445 1532 1516 injuriam
1563 1445 1832 1512 illaturos,
1871 1449 1914 1504 si
1947 1465 2040 1504 ve-

464 1533 680 1586 ritatem
707 1533 808 1602 ipsi
863 1535 1310 1604 amplectantur;
1345 1537 1456 1592 imo
1510 1539 1694 1608 potius
1747 1539 2036 1595 utilitatem

461 1625 746 1690 allaturos,
775 1625 902 1680 dum
937 1625 1165 1684 fortasse
1189 1643 1380 1698 puram
1401 1641 1456 1686 et
1505 1629 1770 1686 illibatam
1824 1635 2038 1702 opinio-

463 1731 586 1770 nem
615 1727 858 1774 tenentes
886 1719 992 1789 ipsi
1025 1721 1262 1778 orabunt
1295 1737 1394 1792 pro
1425 1724 1740 1782 hominibus
1793 1725 2032 1782 falsitate

463 1809 724 1878 deceptis,
759 1823 812 1866 et
843 1811 1068 1868 humani
1109 1815 1314 1886 aliquid
1353 1817 1526 1886 passis
1557 1837 1572 1874 :
1601 1819 1868 1874 mercedis
1917 1819 2034 1874 loco

461 1913 488 1950 a
535 1897 640 1954 Deo
669 1909 912 1970 petentes
947 1905 1016 1958 ob
1040 1881 1474 1977 certamina-pro
1503 1909 1732 1964 veritate
1757 1921 2030 1980 suscepta,
2069 1881 2111 1938 Β

463 1985 894 2044 misericordiam
912 1991 994 2048 eis
1017 1993 1240 2062 tribuit;
1265 1995 1394 2066 quin
1421 1999 1584 2052 etiam
1601 2001 1798 2070 probra
1821 2001 2036 2054 illorum

463 2077 722 2140 paulatim
761 2081 1014 2152 obtegere
1037 2095 1292 2156 poterunt
1321 2107 1338 2144 :
1378 2105 1498 2160 quae
1527 2103 1790 2162 augerent
1833 2095 2034 2164 potius,

459 2167 504 2222 si
531 2179 810 2240 acceptum
847 2173 916 2228 ab
951 2175 1058 2231 illis
1089 2191 1454 2248 sequerentur
1485 2197 1750 2252 errorem,
1809 2197 1864 2240 et
1919 2203 2038 2242 ma-

463 2261 570 2314 lum
605 2261 706 2317 sibi
769 2263 910 2334 ipsis
959 2265 1232 2326 foverent.
1297 2271 1456 2338 Quod
1513 2277 1558 2332 si
1624 2293 1732 2332 non
1781 2279 2040 2335 aviditate

459 2351 668 2420 gloriae,
701 2357 1088 2428 voluntateque
1113 2363 1320 2428 primas
1355 2367 1576 2421 tenendi
1621 2369 1766 2424 inter
1819 2371 2038 2438 fratres,

467 2445 918 2520 praefiniendique
949 2454 1202 2510 omnibus
1225 2471 1348 2526 qure
1375 2473 1500 2512 vera
1519 2469 1568 2514 et
1593 2459 1732 2530 jnsta
1765 2473 1912 2528 sunt,
1945 2463 2038 2518 sed

459 2536 784 2594 necessitate
801 2539 1035 2610 quadam
1059 2559 1180 2614 quae
1203 2561 1230 2600 a
1259 2547 1466 2604 ratione
1485 2565 1592 2604 non
1621 2553 1964 2616 abhorreret,
1987 2565 2040 2610 et

455 2627 878 2698 cogitationibus
897 2633 1044 2702 victi,
1069 2651 1210 2706 quas
1227 2639 1506 2711 despicere
1531 2659 1638 2698 non
1659 2653 1926 2714 poterant,
1955 2647 2044 2700 in-

457 2723 662 2776 ﬂuxere
679 2721 820 2780 hanc.
840 2725 1175 2798 opinionem,
1213 2747 1312 2800 par
1343 2743 1426 2788 est
1446 2735 1602 2790 nobis
1617 2741 1780 2794 etiam
1801 2743 2036 2796 tarenti-

459 2815 470 2862 l
497 2829 560 2868 us
589 2811 712 2870 illos
731 2829 852 2874 esse
877 2817 1300 2876 misericordiam
1319 2835 1662 2896 consecutus,
1679 2841 2042 2902 expertosque

457 2903 624 2960 Deum
653 2909 950 2978 propitium
979 2925 996 2964 :
1029 2915 1122 2981 qui
1151 2929 1210 2970 se
1245 2915 1326 2970 vel
1347 2919 1688 2988 gravissimis
1717 2921 2042 2980 criminibus

451 2995 694 3060 jndiccm
723 2999 924 3068 praebet
939 3001 1264 3072 humanum,
1295 3009 1340 3062 si
1373 3023 1482 3064 non
1517 3029 1546 3066 e
1579 3013 1742 3068 simili
1765 3015 2042 3074 voluntate

457 3085 892 3158 proficiscantur,
933 3093 986 3148 id
1011 3097 1158 3164 quod
1195 3099 1377 3166 potius
1409 3101 1543 3156 vit-is
1573 3103 1684 3160 iltis
1737 3107 2039 3178 contigisse

455 3180 588 3234 mihi
617 3181 732 3250 ipse
765 3187 1096 3256 persuadeo.
1127 3189 1312 3262 Neque
1337 3195 1480 3250 enim
1545 3199 1690 3254 viros
1737 3203 2038 3258 sanctimo-

457 3271 542 3324 nia
575 3273 700 3330 vita:
723 3287 1066 3346 praestantes,
1093 3283 1298 3354 quique
1331 3285 1500 3342 Deum
1529 3287 1848 3346 dilexerunt
1871 3309 2038 3364 super

457 3367 666 3432 omnia,
699 3371 852 3428 visus
885 3373 1000 3442 ipse
1025 3389 1168 3432 esset
1211 3380 1460 3438 atl‘ecisse
1519 3387 1782 3456 praemiis,
1837 3391 2038 3461 quibus

457 3457 560 3512 sibi
593 3459 790 3516 charos
817 3463 1010 3532 donat,
1049 3477 1216 3538 atque
1247 3471 1302 3526 in
1325 3481 1532 3528 emtum
1573 3457 1866 3534 beatorum-
1897 3483 2040 3538 asci-

465 3549 636 3616 tisse,
661 3553 716 3608 ni
745 3555 900 3624 prius
935 3557 1046 3614 illis
1075 3561 1448 3620 condonasset
1473 3583 1664 3634 pennas
1699 3573 1768 3626 ob
1793 3587 2036 3630 errorem

457 3639 704 3710 luendas,
731 3661 852 3716 qua:
879 3649 1116 3707 falsitate
1137 3665 1326 3724 captos
1349 3657 1402 3710 in
1437 3669 1760 3730 perpetuum
1791 3679 1822 3719 a
1851 3667 2038 3724 beato-

457 3753 580 3790 rum
601 3747 750 3794 sorte
773 3755 1090 3804 secernunt.
1137 3745 1292 3814 Quod
1343 3765 1472 3806 vero
1521 3753 1666 3810 Deus
1717 3757 2034 3827 multorum,

455 3837 512 3882 et
543 3829 668 3886 dum
697 3832 966 3902 viverent,
995 3845 1050 3893 et
1081 3839 1170 3896 ubi
1203 3841 1310 3898 vita
1343 3841 1512 3900 functi
1537 3859 1744 3914 essent,
1783 3859 2034 3910 testatam

459 3923 688 3980 voluerit
719 3928 1092 3998 sanctitatem,
1119 3935 1358 3992 ostendit
1395 3947 1450 3992 et
1479 3937 1802 3998 Latinorum
1851 3945 2040 4002 Eccle-

455 4016 556 4082 sia,
581 4019 788 4074 cnltnm
817 4021 924 4078 illis
951 4031 1006 4080 et
1059 4025 1324 4084 honorem
1383 4033 1715 4102 adhibendo,
1765 4047 1820 4092 et
1863 4037 2034 4094 Graeci

455 4109 556 4174 ipsi
587 4127 692 4168 non
719 4115 1174 4185 eontradixerinl,
1205 4137 1306 4178 nec
1321 4137 1510 4182 errore
1535 4127 1586 4182 id
1605 4127 1720 4184 ﬂeri
1745 4131 2034 4200 quisquam

455 4199 672 4268 dixerit,
697 4207 854 4274 quasi
879 4223 976 4266 vos
1005 4211 1216 4266 frustra
1273 4213 1384 4270 illis
1437 4199 1769 4274 sanctitatis
1801 4199 2032 4292 gloriam

455 4293 726 4361 tribuatis,
755 4297 894 4352 nihil
937 4299 990 4354 in
1025 4303 1158 4370 ipsis
1181 4307 1534 4374 agnoscendo
1559 4325 1624 4364 ex
1653 4309 1722 4366 iis
1770 4327 1892 4378 quin
1947 4327 2038 4366 re-

453 4387 750 4455 quiruntur
787 4391 852 4446 ad
887 4393 1258 4450 sanctitatem.
1285 4397 1464 4464 Quare
1491 4415 1618 4470 spes
1667 4411 1752 4458 est
1805 4405 2034 4460 omnino

453 4487 624 4544 c-t-rta,
653 4481 790 4536 nihil
817 4483 924 4540 illis
957 4487 1268 4542 nociturum
1303 4491 1368 4544 ad
1417 4493 1652 4548 salutem
1713 4495 1916 4550 factum
1981 4498 2032 4550 in

455 4571 714 4642 Symbolo
805 4575 1230 4636 additamentum

455 4673 564 4718 tum
607 4665 808 4722 fuerint
873 4673 1200 4728 necessitate
1255 4675 1490 4746 quadam
1547 4677 2034 4750 etrationibuspe-

453 4757 624 4812 iiculo
647 4759 780 4815 illud
813 4777 1004 4818 vacare
1033 4767 1393 4835 probantibus
1425 4787 1440 4823 :
1467 4785 1564 4826 nec
1594 4773 1788 4826 vestris
1823 4775 2024 4829 oratio-

453 4853 616 4908 nibus
642 4853 760 4908 fore
781 4855 888 4914 illis
912 4872 1072 4927 opus,
1095 4875 1160 4914 ac
1195 4862 1374 4917 multo
1399 4863 1570 4932 magis
1599 4863 1642 4919 si
1685 4865 1750 4926 ad
1813 4865 2028 4920 illorum

451 4960 692 5000 t-rrorem
733 4959 912 5004 vester
943 4965 1050 5006 non
1085 4953 1327 5016 accedat,
1361 4963 1416 5010 et
1451 4955 1682 5010 veritate
1709 4957 1894 5025 agnita
1947 4957 2028 5012 fa-

451 5035 634 5096 ciatis,
663 5045 724 5088 ut
759 5035 840 5090 illi
871 5039 1050 5094 solum
1107 5057 1174 5096 ex
1245 5045 1532 5100 mendacio
1579 5045 1838 5100 damnum
1897 5061 2031 5102 con-

451 5127 1060 5200 traserint:eritenim
1089 5133 1158 5186 ab
1215 5134 1320 5190 illis
1371 5151 1470 5206 pro
1519 5153 1578 5194 se
1631 5147 1862 5208 tantum,
1921 5153 2032 5194 non

449 5235 548 5290 pro
569 5221 768 5277 vestris
793 5223 956 5278 etiam
991 5225 1276 5284 animabus
1307 5231 1576 5286 reddenda
1649 5233 1812 5298 ratio,
1865 5247 2030 5302 quam

449 5325 548 5380 par
581 5319 666 5366 est
693 5311 894 5370 abillis
943 5331 1054 5370 non
1115 5318 1281 5388 exigi,
1333 5319 1452 5372 siin
1517 5321 1804 5388 pauciores
1853 5337 2032 5391 prava:

449 5403 722 5468 opinionis
749 5403 922 5461 labem
945 5406 1286 5464 diﬂ'uderint.
1319 5409 1474 5476 Quod
1505 5411 1552 5466 si
1591 5425 1696 5466 non
1733 5413 2026 5482 perfectam

451 5509 624 5562 ptena:
655 5495 1056 5568 liberationem,
1077 5513 1132 5556 at
1151 5511 1300 5558 certe
1319 5504 1532 5573 refrigei
1549 5503 1660 5558 ium
1685 5505 1954 5574 quoddam
1975 5515 2030 5560 et

451 5587 882 5650 consolationem
917 5597 1228 5652 emendatio
1255 5607 1596 5668 posterorum
1631 5597 1738 5650 illis
1757 5597 2026 5664 attulerit,

2147 611 2282 662 πᾶσι
2317 610 2548 680 τρόποις
2585 611 2922 682 ἐργάζεσθαι
2957 613 3214 684 φανερὸν,
3257 611 3527 682 μηδεμίαν
3567 609 3688 664 ὐπο-

2139 699 2270 768 ψίαν
2297 701 2440 770 ἔχειν
2469 701 2732 770 αἰσχύνης
2755 717 2772 735 ’
2813 703 2940 772 μηδ’
2965 703 3150 757 εἵνεκα
3177 702 3368 756 τούτου
3399 702 3498 772 τὴν
3527 701 3688 770 ἀληθῆ

2141 791 2428 860 προΐεσθαι
2457 790 2638 856 δόξαν,
2695 793 2762 862 ἦν
2785 793 3188 862 ὁμολογοῦντάς
3217 811 3278 846 τε
3307 793 3402 846 καὶ
3427 791 3690 846 πιστεύον-

2139 901 2258 950 τας,
2282 885 2574 957 καὶταύτῃ
2611 885 2682 938 δι’
2721 887 3046 960 ἀμφοτέρων
3119 887 3328 944 τούτων
3369 889 3688 958 συναπτομέ-

2141 999 2286 1045 νους.
2319 983 2532 1054 ἀνάγκη
2557 983 2686 1046 τούς
2713 999 2772 1036 τε
2799 983 2898 1052 τῆς
2925 981 3180 1051 ὁμονοίας
3209 981 3304 1032 καὶ
3335 981 3436 1050 τῆς
3453 980 3688 1048 ἀληθείας

2145 1074 2378 1142 μισθοὺς
2433 1075 2666 1148 βεϐαίως
2711 1077 2921 1132 ἄνωθεν
2947 1075 3293 1164 προσδοκᾷν,
3324 1075 3589 1164 Λατίνοις
3616 1075 3686 1140 δὲ,
3757 1153 3766 1164 ⁸

2141 1167 2188 1218 εἰ
2221 1167 2314 1218 καί
2359 1185 2481 1220 τινα
2533 1167 2640 1220 τῶν
2675 1166 2982 1236 είρημένων
3039 1163 3150 1236 ὁρῶ
3199 1163 3442 1234 σαθροὺς
3487 1163 3689 1216 ἐκείνων

2139 1259 2308 1324 δεῖξαι
2343 1261 2468 1316 τοὺς
2497 1257 2817 1326 λογισμοὺς,
2849 1257 2946 1310 καὶ
2979 1255 3040 1310 τὺ
3071 1259 3172 1326 τῆς
3201 1255 3468 1324 αἰσχύνης
3497 1255 3606 1318 δέος
3633 1257 3688 1310 ού

2141 1353 2496 1406 παντάπασιν
2523 1353 2742 1420 ἄλογον,
2769 1351 2864 1404 καί
2889 1367 2942 1404 τι
2975 1349 3140 1402 πλέον
3173 1349 3286 1400 τῶν
3321 1347 3496 1402 ἀλλων
3523 1347 3688 1409 αὐτοῖς

2139 1449 2366 1510 εἰκότως
2423 1447 2528 1500 ὑπὸ
2553 1447 2760 1500 τούτων
2791 1445 3242 1516 ταραττομένοις,
3279 1443 3506 1496 κάκεῖνα
3537 1459 3686 1512 προσ-

2139 1539 2494 1608 ενουμεῐσοαι
2529 1539 2760 1602 δίκαιον,
2789 1539 2874 1591 ὃτι
2929 1539 3056 1600 τοὺς
3089 1537 3192 1608 μὲν
3223 1535 3522 1606 προγόνους
3551 1533 3684 1586 οὐδὲν

2139 1631 2204 1684 ὲκ
2245 1631 2344 1684 τοῦ
2382 1631 2482 1700 τὴν
2507 1629 2772 1700 ἀλήθειαν
2813 1631 3030 1700 φρονεῖν
3055 1629 3210 1684 αὐτοὶ¹
3237 1627 3682 1698 παραϐλάψουσιν,

2139 1723 2186 1776 εί
2223 1723 2296 1792 μὴ
2329 1725 2424 1776 καὶ
2461 1723 2662 1792 μᾶλλον
2713 1723 3112 1792 ὠφελήσουσιν,
3141 1723 3274 1782 ἴσως
3309 1719 3450 1788 ὑπὲρ
3495 1719 3686 1786 ἀνθρὼ-

2143 1833 2260 1870 πων
2295 1817 2616 1870 ἑαλωκὸτων
2647 1817 2724 1888 τῷ
2753 1815 2964 1886 ψεύδει,
2995 1815 3090 1868 καί
3113 1833 3164 1868 τι
3193 1813 3479 1898 παθόντων
3501 1811 3686 1880 ἀνθρὼ-

2139 1927 2314 1976 πινον,
2369 1909 2524 1962 αὐτοὶ
2579 1911 2720 1980 μετά
2767 1909 3016 1978 καθαρᾶς
3059 1909 3154 1962 καὶ
3199 1905 3502 1974 άκιϐδήλου
3549 1905 3685 1972 δόξης

2137 1999 2448 2070 εὐχόμενοι,
2481 1997 2578 2052 καὶ
2629 1999 2740 2052 τῶν
2787 1999 2928 2068 ὑπὲρ
3003 1997 3102 2066 τῆς
3159 1997 3428 2068 ἀληθείας
3481 1997 3684 2064 ἀγώνων

2143 2093 2342 2160 μισθὸν
2379 2093 2658 2156 αἰτοῦντες
2679 2093 2830 2162 παρὰ
2869 2091 3004 2146 Θεοῦ
3031 2093 3132 2162 τὴν
3157 2093 3238 2154 εἰς
3263 2091 3506 2152 ἐκείνους
3523 2089 3687 2158 φιλαν-

2139 2182 2410 2254 θρωπίαν.
2469 2183 2574 2236 Καὶ
2631 2183 2702 2236 τὰ
2763 2181 2990 2234 ἐκείνων
3047 2177 3106 2232 δὲ
3163 2175 3514 2246 συγκαλύψαι
3563 2175 3682 2228 κατά

2141 2275 2342 2346 μικρὸν
2373 2275 2552 2346 ὀνείδη
2583 2275 2930 2346 δυνήσονται,
2967 2273 3112 2344 ἅπερ
3143 2263 3376 2342 ἔμελλον
3409 2269 3600 2334 αὔξειν,
3627 2261 3684 2338 ἦς

2139 2369 2590 2440 ὲκληρονόμησαν
2631 2369 2882 2440 ἐχόμενοι
2935 2367 3170 2436 πλάνης,
3207 2369 3308 2422 καὶ
3335 2365 3396 2420 τδ
3425 2365 3586 2418 δεινον
3631 2365 3680 2416 ἐν

2141 2465 2292 2530 σφίσι
2320 2463 2794 2530 διαφυλάττοντες.
2824 2463 2882 2532 Et
2905 2461 2962 2516 δὲ
2997 2461 3072 2534 μὴ
3105 2461 3266 2530 δόξης
3315 2459 3570 2528 ἐπιθυμίᾳ
3607 2457 3688 2510 καὶ

2139 2555 2216 2623 τῷ
2257 2553 2552 2626 βούλεσθαι
2587 2555 2900 2628 πρωτεύειν
2927 2555 3036 2610 τῶν
3065 2551 3342 2622 ἀδελφῶν,
3377 2553 3470 2606 καὶ
3501 2547 3684 2616 τάληθῆ

2139 2649 2234 2702 καὶ
2263 2649 2448 2704 δίκαια
2481 2653 2648 2704 πᾶσιν
2677 2649 2900 2720 ὁρίζειν,
2927 2649 3040 2702 ἀλλ’
3079 2649 3140 2702 ἔκ
3169 2665 3318 2712 τινος
3351 2645 3569 2716 ἐχούσης
3599 2643 3674 2694 λι-

2139 2759 2236 2810 γον
2269 2743 2512 2812 ἀνάγκης
2541 2745 2638 2796 καὶ
2655 2741 2937 2812 λογισμῶν
2963 2741 3318 2812 ἡττηθέντες,
3341 2735 3416 2794 ὧν
3433 2739 3526 2791 οὐκ
3555 2731 3682 2804 εἶχον

2143 2837 2442 2908 ὑπερορᾷν,
2467 2837 2566 2908 τὴν
2599 2837 2759 2902 δόξαν
2787 2835 2992 2906 ταύτην
3027 2835 3378 2906 εἰσήνεγκαν,
3421 2831 3556 2894 εἰκός
3583 2831 3682 2882 ἔστι

2141 2933 2236 2986 καὶ⁸
2269 2929 2548 2998 σιγώντων
2575 2927 2730 3000 ήμῶν
2785 2927 2984 2986 αὖτοὺς
3007 2927 3426 2998 φιλανθρωπίαν
3453 2923 3680 2994 εὑρέσθαι

2143 3019 2240 3072 καὶ
2269 3019 2406 3072 Θεοῦ
2445 3023 2630 3090 τυχεῖν
2657 3019 2808 3086 ἵλεω,
2845 3019 2902 3080 ὃς
2955 3021 3052 3072 καὶ
3079 3019 3188 3072 τῶν
3213 3017 3500 3088 χειρίστων
3525 3015 3682 3082 ἀμαρ-

2143 3113 2428 3182 τημάτων,
2483 3115 2548 3168 ἂν
2577 3113 2676 3168 οὐκ
2713 3115 2772 3180 ἐξ
2801 3113 2994 3182 ὁμοίας
3045 3111 3430 3184 ἀμαρτάνηται
3463 3109 3682 3177 γνώμης.

2063 3229 2108 3293 c
2147 3203 2526 3274 φιλάνθρωπος
2569 3203 2781 3272 γίνεται
2823 3203 3116 3274 δικαστής’
3145 3201 3174 3256 ὃ
3211 3201 3312 3256 καὶ
3345 3201 3540 3293 μᾶλλον
3565 3197 3682 3293 ὕπερ

2141 3295 2248 3348 τῶν
2277 3295 2488 3364 ἀνδρῶν
2543 3297 2768 3350 ἐκείνων
2819 3295 3004 3362 ἔγωγε
3059 3293 3348 3362 πείθομαι.
3385 3295 3458 3348 Οὐ
3487 3291 3586 3360 γάρ
3629 3289 3683 3342 ἂν

2139 3391 2266 3454 τοὺς
2297 3389 2552 3460 ὀρῖὁτητι
2587 3389 2702 3460 βίου
2735 3391 2844 3442 τῶν
2875 3389 3054 3444 ἄλλων
3087 3389 3466 3456 διενεγκόντας
3487 3385 3574 3440 καὶ
3596 3385 3684 3453 πρὸ

2137 3485 2358 3538 πάντων
2393 3483 2556 3536 αὐτὸν
2579 3485 2978 3554 ἀγαπήσαντας
3009 3481 3156 3549 ἔδοξε
3185 3483 3306 3546 ταῖς
3333 3481 3442 3535 τῶν
3471 3477 3680 3550 γνησίων

2139 3577 2518 3647 ἀμειψάμενος
2548 3577 2780 3648 δωρεαῖς
2831 3577 2927 3628 καλ⁸
2967 3573 3044 3644 τῷ
3075 3575 3184 3626 τῶν
3221 3571 3508 3644 μακαρίων
3533 3585 3682 3624 κατα-

2141 3665 2304 3732 λέξας
2331 3667 2502 3738 χορῷ,
2539 3667 2612 3740 μή
2659 3667 2878 3738 πρῶτον
2911 3665 3096 3728 αὐτοῖς
3127 3663 3228 3727 τὰς
3279 3665 3345 3718 ἐκ
3373 3663 3470 3734 τῆς
3503 3659 3682 3726 πλάνης

2137 3759 2496 3828 ὀφειλομένας
2525 3761 2680 3822 δίκας
2725 3762 2904 3828 ἀφεὶς,
2961 3759 3018 3814 αἳ
3065 3757 3328 3828 διηνεκῶς
3361 3757 3482 3818 τοὺς
3529 3751 3678 3806 ἑαλω-

2137 3851 2300 3914 κότας
2335 3851 2436 3920 τῆς
2466 3853 2576 3904 τῶν
2613 3851 2901 3924 μακαρίων
2931 3853 3180 3924 εἴργουσι
3229 3849 3460 3922 λήξεως.
3495 3845 3608 3898 Ὀτι
3631 3839 3680 3894 δὲ

2137 3945 2352 4008 πολλοῖς
2381 3945 2482 4016 τὴν
2511 3945 2826 4016 ἁγιωσύνην
2885 3945 2978 3998 καὶ
3031 3945 3166 4008 ζῶσι
3219 3943 3316 3998 καὶ
3355 3937 3680 4008 τελευτήσασι

2141 4035 2570 4108 μεμαρτύρηκεν
2601 4037 2628 4090 ὁ
2675 4037 2808 4100 Θεὸς
2833 4037 2902 4091 δι’
2931 4029 3007 4090 ὧν
3051 4035 3248 4088 εἴωθεν
3301 4031 3470 4102 αὐτὴν
3505 4041 3684 4098 μαρτν-

2139 4131 2276 4200 ρεῖν,
2303 4129 2338 4200 ἦ
2367 4145 2424 4181 τε
2455 4129 2564 4182 τῶν
2591 4129 2834 4183 Λατίνων
2879 4127 3182 4196 Ἐκκλησία
3215 4127 3434 4197 τιμῶσα
3487 4119 3684 4176 τούτους

2137 4223 2233 4276 καὶ
2267 4221 2500 4276 σέϐουσα
2525 4221 2788 4284 δείκνυσι,
2829 4223 2926 4274 καὶ
2975 4219 3202 4288 Γραικοὶ
3239 4219 3452 4276 πάντως
3483 4213 3544 4266 ἂν
3573 4221 3682 4272 συγ-

2137 4311 2464 4384 χωρήσαιεν,
2527 4315 2646 4366 οὐδὲ
2681 4313 2892 4382 πλάνην
2943 4315 3100 4382 φαῖεν
3165 4303 3310 4364 εἶναι
3343 4309 3404 4360 τὸ
3451 4303 3680 4376 πρᾶγμαν

2137 4409 2234 4463 καὶ
2269 4409 2446 4476 μάτην
2499 4407 2646 4474 ὑμᾶς
2679 4405 2908 4466 ἐκείνοις
2937 4403 3035 4474 τὴν
3061 4403 3162 4470 τῆς
3195 4399 3519 4492 ἁγιωσύνης
3545 4393 3682 4492 δόξαν

2139 4499 2498 4566 προσάπτειν,
2523 4497 2632 4550 τῶν
2667 4498 2746 4560 εἰς
2779 4495 2982 4562 ταύτην
3037 4493 3392 4562 ζητουμένων
3437 4487 3682 4542 οὗδοτιουν

1311 4599 1326 4636 :
1393 4599 1516 4640 cum
1597 4589 1830 4656 permoti
1919 4599 2035 4644 tan-

2143 4595 2328 4656 αὐτοῖς
2357 4591 2690 4652 συνειδότας.
2719 4591 2870 4642 Ὤστ’
2897 4587 3052 4652 ἐλπίς
3085 4589 3204 4640 ἐστι
3227 4587 3322 4640 καὶ
3347 4583 3482 4636 πάνυ
3515 4573 3680 4648 βεϐαία

2139 4681 2304 4752 μηδὲν
2327 4681 2514 4744 αὐτοῖς
2535 4681 2672 4750 πρὸς
2697 4679 2800 4750 τὴν
2833 4677 3110 4748 σωτηρίαν
3131 4677 3230 4746 τὴν
3255 4677 3312 4728 ὲν
3339 4673 3414 4744 τῷ
3445 4665 3681 4738 Συμόὁλῳ

2133 4775 2457 4846 προσθήκην
2487 4771 2874 4844 λυμανεῖσθαι,
2923 4770 3018 4822 ὑπ’
3049 4769 3300 4860 ἀνάγκης
3355 4767 3514 4836 μόνον
3541 4755 3680 4860 Δ’τινὸς

2135 4865 2228 4918 καὶ
2249 4863 2428 4932 λόγων
2455 4863 2800 4916 δεικνύντων
2825 4859 3032 4926 ταύτην
3055 4857 3340 4910 ἀκίνδυνον
3369 4847 3678 4944 προαχθείξὶ.

2135 4955 2272 5026 μηδὲ
2293 4953 2400 5006 τῶν
2427 4953 2711 5024 ὑμετέρων
2733 4951 2906 5022 εὐχῶν
2925 4951 3140 5020 δεήσειν
3168 4947 3351 5008 αὐτοῖς
3373 4961 3388 4976 ·
3415 4945 3502 4996 καὶ
3523 4935 3680 5040 mal?

2135 5045 2338 5116 μᾶλλον
2377 5045 2442 5100 ἂν
2495 5045 2570 5114 μὴ
2627 5043 2722 5098 καὶ
2778 5043 2840 5096 τὺ
2877 5043 3146 5112 ὑμέτερον
3177 5041 3360 5100 αὐτοῖς
3405 5027 3676 5136 προστεθῇῗ

2133 5137 2272 5192 ἀλλὰ
2303 5135 2406 5206 τὴν
2431 5135 2692 5202 ἀλήθειαν
2717 5135 2746 5187 ὑ
2757 5135 2872 5204 μῶν
2895 5133 3256 5202 ὲπιγνὸντων,
3293 5131 3482 5200 μέχρις
3515 5131 3673 5174 αὑτων

2135 5229 2295 5300 μόνον
2333 5229 2394 5282 τὺ
2425 5228 2580 5298 παρὰ
2599 5227 2695 5280 τοῦ
2725 5227 2958 5294 ψεύδους
3007 5225 3204 5295 βλάϐος
3231 5221 3532 5282 ἐκτείνηται
3554 5229 3566 5244 ⁸
3593 5207 3672 5326 ξὺν

2133 5321 2274 5390 ὑπὲρ
2317 5319 2470 5386 σφῶν
2505 5317 2708 5382 αὐτῶν,
2739 5317 2860 5386 οὐχὶ
2891 5315 2948 5369 δὲ
2981 5317 3078 5368 καὶ
3107 5315 3215 5368 τῶν
3268 5309 3542 5380 ὑμετέρων
3589 5309 3676 5366 Ψυ·

2137 5413 2250 5482 χῶν
2299 5409 2600 5478 ὀφλήσουσι
2627 5407 2786 5476 λόγον
2815 5423 2828 5436 ·
2861 5407 2920 5459 ὃν
2973 5406 3120 5468 εἰκός
3167 5405 3314 5456 ἐστιν
3359 5397 3535 5498 αὐτοῖς

2137 5503 2326 5571 θῆναι,
2377 5503 2456 5565 εἰς
2511 5501 2772 5563 ἐλάττους
2827 5499 2928 5570 τὴν
2987 5499 3088 5568 τῆς
3151 5491 3466 5592 κακοδοξίας

2140 5594 2392 5664 ἒκχὲασιν
2419 5609 2434 5624 ·
2469 5593 2585 5646 ἀλλ’
2617 5593 2666 5646 εί
2697 5591 2794 5646 καὶ
2837 5591 2910 5662 μὴ
2941 5589 3186 5658 παντελῆ
3213 5589 3310 5657 τῆς
3341 5583 3490 5652 δίκης
3525 5583 3674 5630 dm”

533 5859 610 5930 (1)
637 5859 760 5918 Haec
783 5875 831 5920 et
865 5863 1062 5920 similia
1099 5867 1232 5922 dixit
1265 5875 1598 5922 ailt'im'ttlllc
1625 5867 1818 5920 factam
1855 5867 2130 5920 unionem.
2167 5893 2228 5902 ω
2263 5861 2374 5916 lmo
2407 5871 2526 5938 post
2553 5859 2772 5915 factum.
2861 5911 2864 5916 ,
