3976 6452
297 255 400 320 li‘)

1448 253 1729 319 0R.\Tl0
1762 260 1814 318 ll
1861 261 1959 320 AD
1994 263 2378 324 SYNUDUM.

3439 259 3546 336 450
3585 268 3588 271 ’

296 374 468 442 λαγὴν
503 371 780 442 ἀναψυχὴν
807 371 936 438 γοῦν
972 389 1091 424 τινα
1143 374 1236 426 καὶ
1273 375 1630 444 παραμυθίαν
1667 376 1850 439 αὐτοῖς

1966 380 2212 434 sollicitis
2250 379 2406 450 plane
2447 379 2514 432 de
2547 379 2722 442 vobis,
2765 389 2817 434 et
2853 380 3157 448 orantibus,
3236 391 3292 437 ιιι
3345 384 3536 440 saltem

291 471 323 538 ἡ
356 471 466 520 τῶν
509 469 746 534 ἐκγόνων
775 469 908 520 οῖσει
956 466 1262 536 διόρθωσις,
1300 467 1645 534 φροντίζουσι
1687 467 1856 537 δήπου

289 563 419 630 περὶ
452 559 627 630 ὑμῶν,
659 561 750 611 καί⁵
807 559 948 626 ὑμᾶς
981 556 1112 626 γοῦν
1136 557 1456 627 εὐχομένοις
1487 557 1592 622 ἔξω
1626 556 1736 609 τῶν
1762 557 1852 608 αύ-

285 655 398 712 τοῖς
446 651 846 720 ἐπενεχθέντων
896 649 1139 703 ἑστάναι.

360 746 496 800 Ούτε
541 747 721 799 τοίνυν
781 744 1030 807 ἐκείνοις,
1084 745 1222 816 ὅπερ
1256 741 1433 809 εἷπον,
1495 745 1616 798 οὕτε
1677 747 1858 817 πολλῷ

291 837 493 906 μᾶλλον
532 838 644 897 τοῖς
677 835 816 906 μετά
867 835 1044 891 ταῦτα
1102 838 1203 907 τὴν
1236 838 1512 907 ὑμετέραν
1567 839 1855 907 διόρθωσιν

289 929 552 1000 αἰσχύνης
593 927 852 981 ὑπόθεσιν
907 927 1270 1004 ποιησόμεθα.
1320 930 1444 991 Πῶς
1486 929 1595 999 γάρ
1635 934 1858 1000 αἰσχυν-

287 1023 549 1091 θήσονται
583 1020 650 1073 δι’
682 1020 852 1090 ἡμᾶς,
877 1019 926 1072 οἳ
973 1019 1092 1087 μεθ’
1126 1020 1281 1089 ὑμῶν
1311 1021 1601 1080 κάκείνους
1635 1024 1732 1090 τῆς
1794 1026 1856 1075 ὲκ

286 1113 380 1168 τοῦ
402 1113 633 1182 ψεύδους
663 1112 1022 1182 αίσχρότητος
1050 1112 1459 1182 ἀπαλλάξομεν,
1511 1115 1602 1166 καὶ
1641 1110 1722 1176 οἷς
1773 1116 1856 1167 εὑ-

288 1207 566 1274 γνώμονες
585 1206 732 1270 δντες
763 1205 1030 1258 ἀθάνατον
1059 1206 1156 1275 τῆς
1171 1205 1438 1274 ὠφελείας
1467 1208 1664 1260 είδέναι
1697 1209 1858 1278 χάριν

296 1298 685 1370 βουλήσονται;
741 1298 862 1350 οὐδὲ
919 1299 1029 1365 γὰρ
1083 1298 1236 1350 αὐτοὶ
1273 1297 1373 1366 μὲν
1407 1301 1729 1370 χαιρήσουσί
1765 1300 1857 1352 τοῦ

290 1389 516 1457 ψεύδους
539 1387 1115 1458 ἀπηλλαγμένοι,⁴τοί)ς
1139 1388 1192 1440 δὲ
1212 1389 1371 1441 τοῦτο
1390 1390 1859 1460 διαπραξαμένους

291 1481 443 1549 σφίσι
477 1480 791 1549 μισήσουσι,
821 1479 916 1532 καὶ
946 1479 1044 1542 τὰς
1089 1480 1200 1532 τῶν
1232 1480 1432 1532 ἀδίκων
1464 1482 1557 1534 καὶ
1607 1481 1861 1550 πονηρῶν

287 1571 676 1642 εἰσπράξονται
700 1572 877 1634 δίκας.
913 1572 1016 1623 Καὶ
1054 1571 1160 1640 μὴν
1189 1571 1298 1624 ούδ⁸
1326 1571 1543 1624 ὀνειδιεῖ
1570 1589 1652 1634 τις
1676 1572 1860 1634 αὐτοῖς

287 1665 389 1730 τὴν
435 1661 711 1731 ὑμετέραν
745 1663 836 1714 ἐπὶ
881 1662 949 1714 τὰ
988 1662 1224 1731 κρείττω
1257 1663 1560 1735 μεταϐολὴν
1613 1665 1708 1718 καὶ
1756 1666 1856 1732 τὴν

1972 484 2066 522 vos
2095 484 2280 538 poenas
2311 468 2414 524 sibi
2459 469 2724 540 irrogatas
2763 470 3054 541 ell‘ugialis.

2039 737 2224 810 Neque
2243 739 2550 809 igiturillis.
2576 751 2634 795 ut
2679 741 2812 809 dixi,
2837 757 2938 796 nec
2972 744 3144 798 multo
3169 744 3339 814 magis
3359 754 3540 814 postr-

1967 833 2044 886 ris
2066 841 2299 888 vestram
2328 833 2758 887 emendationem
2803 835 3064 888 ducemus
3087 835 3395 904 ignom’nia:
3427 852 3539 888 ma-

1967 923 2182 979 teriam.
2227 925 2398 992 Quam
2430 926 2574 980 enim
2619 926 2888 992 accipiant
2919 937 3138 997 propter
3177 943 3279 980 nos
3305 929 3537 998 ignomi-

1968 1017 2136 1082 niam,
2163 1019 2255 1086 qui
2277 1033 2378 1070 una
2411 1018 2689 1072 vobiscum
2723 1019 2842 1073 illos
2861 1035 2888 1072 a
2911 1019 3172 1074 mendacii
3204 1021 3539 1088 turpitudine

1969 1106 2586 1176 liberabirnns?quibus,
2608 1110 2651 1161 si
2685 1110 2820 1178 grati
2850 1123 2972 1163 esse
2997 1110 3184 1172 velint,
3203 1109 3538 1162 immortales

1967 1197 2196 1253 libenter
2224 1198 2497 1252 habebunt
2524 1199 2724 1268 gratias
2755 1200 2826 1252 ob
2856 1212 3141 1268 acceptum
3178 1198 3539 1254 beneﬁcium?

1969 1307 2142 1360 neque
2168 1275 2311 1344 enim
2341 1307 2399 1344 se
2429 1291 2642 1359 quidem
2669 1290 2922 1345 liberatos
2957 1306 2987 1345 a
3030 1291 3310 1346 mendacio
3333 1290 3535 1362 gaude-

1968 1383 2125 1446 bunt,
2157 1392 2406 1436 auctores
2457 1398 2586 1437 vero
2640 1382 2886 1437 beneficii
2947 1383 3074 1437 odio
3133 1383 3427 1449 habebunt,
3482 1393 3537 1436 et

1969 1476 2283 1544 iniquorum
2306 1490 2422 1542 pra\
2438 1489 2705 1544 orumque
2723 1476 3003 1529 hominum
3026 1491 3238 1544 pmnam
3255 1477 3537 1530 subibunt.

1967 1567 2076 1621 Nec
2109 1568 2210 1621 erit
2238 1570 2328 1635 qui
2365 1567 2468 1621 illis
2492 1569 2780 1636 exprobret
2813 1578 3046 1624 vestram
3081 1569 3132 1623 in
3162 1569 3385 1624 meliora
3420 1585 3540 1622 mu-

1971 1661 2248 1721 tationem,
2284 1659 2635 1728 veritatisque
2681 1661 3045 1729 agnitionem,
3077 1661 3176 1715 nisi
3209 1662 3300 1731 qui
3330 1673 3382 1716 et
3416 1663 3540 1716 illos

285 1757 387 1823 τῆς
417 1755 678 1824 ἀληθείας
735 1755 1056 1823 ἐπίγνωσιν,
1104 1754 1209 1817 ἓως
1249 1754 1315 1810 ἂν
1373 1755 1496 1823 μηδ’
1547 1756 1744 1818 αὐτοὺς
1782 1755 1857 1818 ὡς

1966 1752 2263 1805 insectetur
2313 1753 2470 1820 quasi
2512 1754 2682 1806 errori
2733 1753 3002 1818 addictos,
3051 1754 3334 1822 improbus
3381 1757 3536 1824 quis-

290 1846 682 1914 πλανωμένους
723 1845 922 1918 ἐλαύνῃ
953 1846 986 1915 ἢ
1040 1847 1276 1915 πονηρός
1303 1863 1382 1908 τις
1411 1847 1443 1915 ἦ
1480 1847 1573 1918 x1}.
1608 1847 1858 1916 ἀνόητος,

287 1939 356 1991 τὰ
393 1941 672 2006 στεφάνων
703 1939 828 2003 ἀξια
854 1937 1059 2008 ψέγων,
1094 1941 1188 1990 καὶ
1220 1938 1345 1992 νοῦν
1383 1938 1529 2010 ἔχειν
1560 1942 1689 2002 τοὺς
1721 1941 1860 2010 μετά

288 2030 389 2098 τῆς
422 2030 682 2099 ἀληθείας
734 2032 828 2084 καὶ
865 2031 966 2098 τὴν
1008 2029 1159 2098 σφῶν
1193 2030 1470 2100 σωτηρίαν
1502 2031 1863 2101 προϊεμένους

289 2123 616 2185 ἀλαζονείας
660 2123 821 2192 χάριν
853 2123 1100 2191 οἰόμενος
1123 2140 1136 2152 ο
1175 2121 1310 2175 πολὺ
1344 2121 1401 2174 δὲ
1431 2123 1629 2191 μᾶλλον
1665 2123 1861 2188 αὐτοὺς

288 2213 400 2263 τῶν
443 2212 726 2282 ὑμετέρων
775 2213 1207 2284 κληρονομήσειν
1267 2210 1561 2281 ἐγκωμίων
1594 2212 1860 2290 ἡγοῦμαι⁹

291 2306 385 2356 καὶ
413 2307 526 2368 τοῖς
554 2305 838 2374 ὑμετέροις
873 2305 1314 2374 ἐγκαυχήσεσθαι
1343 2305 1547 2368 πόνοις,
1591 2305 1686 2366 οὓς
1719 2304 1859 2375 ὑπὲρ

290 2404 389 2470 τῆς
411 2400 666 2470 ἀληθείας
687 2402 1009 2470 ὑφίστασθε.
1034 2401 1210 2464 Ὅλως
1238 2401 1296 2454 δὲ
1326 2401 1385 2453 τὸ
1419 2400 1518 2472 μὲν
1540 2401 1640 2471 τὴν
1669 2401 1862 2471 αίσχύο

288 2509 390 2562 νην
415 2495 525 2554 τοῖς
586 2493 882 2561 μετέπειτα
917 2492 1316 2563 παραπέμψειν
1356 2493 1502 2562 ὑμᾶς
1551 2494 1670 2562 οὐδὲ
1702 2493 1862 2560 λόγον

217 2619 232 2632 ι
290 2586 440 2654 ἔχειν
479 2582 740 2654 ἡγοῦμαι,
799 2583 926 2648 τούς
959 2601 1025 2652 γε
1059 2587 1133 2655 μὴ
1185 2585 1401 2654 πρῶτον
1445 2580 1644 2648 αὐτοὺς
1681 2583 1860 2650 ἀξίους

291 2677 454 2739 διτας
486 2675 840 2745 αἰσχύνεσθαι
866 2693 880 2706 ·
917 2675 1042 2729 οὒτε
1084 2677 1140 2728 δὲ
1169 2677 1231 2729 τὸ
1273 2678 1566 2748 μανθάνειν
1609 2678 1861 2746 αἰσχρὸν,

295 2769 393 2822 καὶ
419 2767 520 2838 τῆς
546 2768 802 2838 ἀληθείας
835 2771 869 2839 ἡ
919 2771 1111 2839 κτῆσις
1147 2769 1627 2838 εὐπρεπεστέρους
1663 2763 1865 2836 μᾶλλον

290 2859 585 2913 ἀποτελεῖν
636 2861 732 2913 καί⁹
783 2859 1351 2929 λάμπονταςέῖωθεν.
1407 2861 1483 2912 Οὑ
1519 2859 1624 2929 μὴν
1658 2859 1771 2911 ἀλλ’
1816 2863 1865 2912 εί

290 2951 389 3005 καὶ
419 2953 532 3014 τοῖς
561 2951 645 3021 ἐφ’
681 2951 975 3020 ἑκατέρους
1017 2951 1126 3004 τῶν
1171 2955 1379 3022 χρόνων
1413 2951 1714 3021 ἐμέλλομεν
1746 2953 1865 3005 ἁδο-

292 3045 414 3108 ξίαν
441 3048 560 3098 τινά
594 3047 688 3098 καὶ
717 3047 917 3115 ὀνείδη,
944 3045 1009 3098 ἐκ
1035 3063 1100 3114 γε
1128 3045 1224 3099 τοῦ
1247 3045 1450 3112 γνῶναι
1480 3046 1580 3115 τὴν
1606 3045 1864 3116 ἀλήθειαν

289 3137 448 3189 αὐτοὶ
469 3137 776 3208 προξενεῖν,
809 3137 936 3210 μήτ’
964 3138 1194 3200 ἐκείνοις
1229 3136 1395 3190 αἴτιοι
1448 3139 1741 3206 γεγονότες
1767 3139 1863 3191 τοῦ

285 3228 547 3298 ψεύδους,
604 3230 698 3282 καὶ
753 3227 964 3292 τούτοις
1011 3209 1301 3297 δυνάμενοι
1359 3229 1459 3298 τῆς
1508 3227 1865 3298 ὑγιαινούσης

287 3321 452 3390 δόξης
483 3317 625 3373 εἷναι
684 3321 1016 3391 καθηγηταί,
1069 3321 1169 3373 ούκ
1219 3321 1388 3390 ἐχρῆν
1419 3320 1570 3391 ἡμᾶς
1619 3319 1720 3387 τῆς
1753 3320 1863 3373 τῶν

288 3416 469 3470 ἄλλων
494 3415 857 3485 προνοοῦντας
884 3413 1072 3485 τιμῆς,
1105 3413 1204 3482 τῆς
1225 3414 1434 3474 οἰκείας
1465 3413 1745 3484 ὑπερορᾷν
1768 3412 1865 3465 καὶ

286 3511 392 3577 τὴν
425 3511 488 3562 ἐκ
518 3510 619 3580 τῆς
667 3508 927 3580 ἀληθείας
969 3508 1126 3572 δόξαν
1184 3506 1490 3578 προΐεσθαι.
1540 3505 1604 3561 Ei
1635 3506 1693 3560 δὲ
1741 3504 1863 3560 καθ’

289 3602 454 3674 ἡμῶν
477 3603 654 3655 αὐτῶν
681 3602 904 3673 ᾔδειμεν
952 3601 1099 3656 ᾶπαν
1136 3599 1400 3672 μέμψεως
1457 3599 1860 3671 ὲφεθησόμενον

289 3693 467 3756 βέλος,
499 3695 666 3762 ὁμόσε
697 3694 862 3747 πᾶσιν
896 3691 1002 3746 ἔδει
1024 3695 1246 3763 χωρεῖν,
1275 3692 1428 3745 οὐδὲν
1460 3691 1555 3744 τοῦ
1586 3691 1728 3760 μετὰ
1761 3692 1861 3760 τῆς

285 3784 551 3856 ἀληθείας
584 3783 944 3854 ἀτιμάζεσθαι
966 3799 1022 3836 τε
1050 3787 1146 3839 καὶ
1172 3784 1454 3854 θνήσκειν,
1482 3783 1528 3835 εί
1555 3782 1682 3846 δέοι,
1705 3783 1862 3852 νομί-

285 3879 487 3942 ζοντας
535 3877 898 3947 αἱρετώτερον
931 3893 944 3908 ·
981 3877 1073 3929 καὶ
1105 3875 1496 3946 λογιζομένους
1528 3878 1626 3942 μὲν
1665 3875 1764 3944 τὴν
1801 3876 1859 3927 ἐν

284 3973 542 4040 οὐρανοῖς
573 3969 889 4043 παρρησίαν
917 3970 1008 4024 καὶ
1051 3969 1229 4035 δόξαν,
1282 3969 1348 4040 ἢν
1376 3968 1537 4020 ἕνεκα
1562 3968 1669 4020 τῶν
1722 3967 1862 4038 ὑπὲρ

286 4071 391 4134 τῆς
433 4065 689 4134 ἀληθείας
733 4063 994 4133 καμάτων
1047 4063 1407 4132 ὀφειλομένην
1457 4063 1588 4130 ἡμῖν
1644 4062 1698 4114 αί
1751 4060 1862 4112 τῶν

285 4158 596 4229 ἀνθρώπων
622 4156 858 4226 μέμψεις
887 4156 1115 4226 ἔμελλον
1159 4154 1341 4219 αὔξειν
1365 4169 1379 4184 ⁸
1424 4153 1860 4221 ἐνθυμουμένους

285 4252 346 4305 δὲ
381 4251 463 4314 τὸ,
487 4251 632 4312 ὃπως
666 4251 825 4320 ἡμεῖς
857 4249 956 4320 βίῳ
981 4250 1076 4302 καὶ
1110 4248 1288 4300 πίστει
1321 4245 1707 4315 διορθωθέντες
1757 4261 1863 4295 σω-

285 4343 519 4414 ζώμεθά
547 4360 606 4395 τε
633 4344 726 4396 καὶ
766 4339 1141 4410 δοξαζώμεθα,
1178 4340 1286 4392 πᾶν
1340 4336 1556 4401 ἀδοξίας
1593 4332 1729 4397 εῖδος
1775 4334 1859 4401 ἐφ’

1963 1843 2106 1912 piam
2137 1851 2230 1897 aut
2256 1857 2436 1897 mente
2471 1853 2686 1913 Captus,
2715 1844 2844 1898 dum
2872 1860 2994 1915 quae
3039 1857 3166 1901 sunt
3191 1847 3408 1900 coronis
3451 1848 3539 1900 di-

1962 1952 2066 2007 gna
2096 1937 2462 2005 reprehendit,
2498 1947 2552 1991 et
2593 1939 2788 1993 mentis
2821 1953 2943 1993 esse
2969 1947 3249 2008 compotes
3284 1950 3409 2008 puta
3444 1955 3538 1993 eos

1965 2031 2056 2098 qui
2097 2029 2351 2098 superbia
2382 2029 2507 2084 elati
2538 2031 2808 2098 propriam
2863 2030 3092 2085 salutem
3143 2045 3264 2084 cum
3308 2030 3536 2084 veritate

1966 2121 2262 2192 projiciunt
2292 2141 2305 2176 :
2341 2122 2510 2176 multo
2562 2137 2690 2175 vero
2738 2124 2910 2192 magis
2959 2122 3200 2176 arbitror
3253 2122 3378 2178 illos
3425 2121 3542 2176 fore

1966 2223 2266 2268 vestrorum
2303 2214 2542 2268 llmrcdes
2571 2215 2971 2280 encomiorum,
3006 2224 3061 2270 et
3089 2215 3394 2285 jactaturos
3423 2231 3543 2270 sese

1965 2304 2033 2360 de
2055 2306 2248 2360 vestris
2279 2307 2580 2369 laboribus,
2628 2321 2765 2376 quos
2807 2306 3086 2376 suscipitis
3143 2305 3539 2376 pro'veritate.

1965 2398 2201 2454 Omnino
2256 2410 2436 2470 autem
2481 2400 2549 2454 de
2599 2398 2898 2470 ignominia
2959 2399 3010 2453 in
3042 2409 3287 2469 posteros
3321 2415 3349 2455 a
3385 2401 3542 2453 vobis

1967 2469 2398 2550 translunderida
2444 2510 2545 2548 nec
2578 2495 2876 2548 curandum
2909 2494 3165 2559 arbitror,
3205 2493 3334 2548 dum
3379 2496 3495 2562 prin
3526 2495 3538 2546 i

1968 2601 2066 2641 vos
2110 2586 2208 2654 ipsi
2237 2585 2384 2657 digni
2438 2603 2551 2640 non
2591 2587 2732 2652 sitis,
2790 2587 2878 2656 qui
2918 2586 3112 2641 merito
3159 2587 3536 2650 erubescatis;

1969 2695 2091 2732 nam
2121 2689 2171 2731 et
2201 2679 2381 2732 dicere
2421 2686 2576 2746 turpe
2617 2695 2721 2731 non
2756 2687 2856 2741 est,
2889 2687 2943 2732 et
2985 2679 3188 2732 veritas
3231 2679 3540 2733 ornatiort-s

1969 2771 2147 2836 potius
2170 2770 2392 2822 reddere
2413 2771 2550 2823 solet
2571 2779 2732 2837 atque
2755 2769 2991 2824 illustres
3008 2785 3122 2830 eos.
3151 2786 3180 2824 a
3208 2771 3404 2838 quibus
3429 2771 3540 2840 ipsa

1968 2864 2298 2933 possidetur.
2330 2863 2481 2927 Quod
2513 2861 2557 2915 si
2585 2863 2746 2916 etiam
2782 2861 3024 2915 futurum
3050 2871 3214 2926 esset,
3247 2875 3304 2916 ut
3341 2865 3538 2930 probra

1967 2966 2020 3010 ct
2053 2955 2290 3010 dedecus
2319 2957 2602 3033 utriusque
2627 2957 2887 3019 temporis
2917 2955 3230 3010 hominibus
3261 2956 3537 3024 imprime-

1969 3063 2172 3110 remus,
2235 3061 2300 3102 eo
2357 3046 2502 3117 quod
2563 3046 2666 3115 ipsi
2720 3044 3000 3100 veritatem
3067 3061 3532 3114 agnosceremus;

1891 3111 1934 3170 ο
1969 3155 2092 3194 cum
2115 3153 2213 3194 nec
2239 3137 2345 3193 illis
2377 3138 2636 3192 credendi
2673 3138 2940 3192 mendacii
2965 3147 3217 3192 auctores
3247 3136 3539 3198 luerimus.

1965 3241 2020 3285 et
2045 3232 2129 3285 his
2155 3231 2431 3300 possimus
2458 3247 2602 3285 sana:
2654 3233 2932 3302 opinionis
2959 3246 3078 3287 esse
3110 3232 3354 3302 magistri
3385 3249 3398 3296 ;
3423 3247 3532 3285 non

1965 3332 2241 3392 oporteret
2270 3338 2368 3378 nos
2391 3323 2619 3378 aliorum
2648 3324 2843 3380 honori
2873 3323 3224 3379 consulentes
3283 3334 3535 3378 nostrum

1965 3422 2330 3479 contemnere,
2352 3425 2406 3470 et
2434 3415 2715 3484 aspernari
2744 3417 2968 3486 gloriam
3005 3432 3067 3471 ex
3095 3418 3324 3472 veritate
3347 3431 3538 3484 prove—

1966 3508 2224 3579 niantem.
2253 3508 2317 3561 Et
2341 3507 2386 3562 si
2404 3518 2597 3562 contra
2623 3522 2722 3562 nos
2747 3509 2895 3578 ipsos
2915 3525 3075 3564 omne
3094 3510 3540 3580 reprehensionis

1967 3604 2130 3657 telum
2177 3601 2442 3657 sciremus
2495 3600 2896 3673 conjiciendum
2931 3641 2945 3664 .
2995 3603 3234 3657 eundum
3287 3605 3535 3658 coruinus

1963 3704 2108 3748 esset
2142 3693 2209 3747 ad
2239 3693 2560 3763 excipienda
2591 3695 2799 3758 omnia,
2846 3694 2980 3748 nihil
3019 3695 3311 3764 optabilius
3353 3695 3536 3750 existi-

1966 3786 2259 3851 mantibus,
2299 3801 2459 3855 quam
2504 3785 2614 3854 pati
2641 3785 3008 3840 contumelias
3040 3800 3163 3838 cum
3201 3787 3449 3849 veritate,
3483 3799 3538 3838 et

1966 3880 2010 3936 si
2039 3894 2177 3950 opus
2213 3879 2302 3946 sit,
2337 3877 2508 3933 emori
2541 3896 2556 3943 ;
2596 3893 2660 3930 ac
2690 3894 2798 3946 pra:
2831 3878 3005 3931 oculis
3036 3878 3252 3945 quidem
3288 3879 3537 3933 babenti.

1967 3973 2064 4026 bus
2100 3970 2512 4040 amplitudinem
2558 3979 2610 4023 et
2641 3970 2864 4040 gloriam
2901 3970 3199 4032 ctelestem,
3230 3986 3391 4038 quam
3439 3989 3538 4024 no-

1966 4063 2048 4117 bis
2072 4063 2139 4117 ob
2170 4062 2384 4116 labores
2436 4075 2534 4129 pro
2569 4062 2798 4115 veritate
2855 4063 3092 4116 debitam
3158 4063 3536 4118 oblocutiorn-s

1967 4159 2246 4210 hominum
2308 4155 2687 4218 cumularent;
2743 4153 2886 4206 illam
2919 4163 3096 4206 autem
3150 4152 3534 4223 cogitationem

1966 4249 2322 4312 volventibus,
2343 4263 2451 4317 quo
2486 4257 2642 4318 pacto
2679 4263 2782 4318 per
2808 4251 2927 4303 vita:
2953 4263 3014 4302 ac
3047 4249 3168 4304 fidei
3199 4250 3539 4304 emendatio-

1969 4358 2087 4398 nem
2117 4357 2517 4410 consequamur
2546 4341 2774 4396 salutem
2827 4352 2878 4395 et
2905 4341 3158 4413 gloriam,
3210 4343 3452 4397 admisso
3481 4343 3534 4396 in

287 4436 522 4498 ἑαυτοὺς
547 4435 986 4504 προσηκάμενοι.
1023 4433 1203 4494 Ὀλως
1234 4430 1291 4482 δὲ
1315 4431 1411 4499 οὐχ
1445 4429 1554 4497 ὁρῶ
1579 4429 1704 4485 τοὺς
1733 4427 1860 4496 ὑμῖν

1972 4452 2069 4492 nos
2104 4437 2249 4504 ipsos
2272 4433 2418 4486 omni
2448 4433 2791 4488 contumeliae
2823 4447 3036 4504 genere.
3068 4431 3302 4488 Omnino
3353 4444 3532 4488 autem

286 4528 651 4589 ὁνειδιούντας
673 4527 870 4589 οἵτινες
895 4524 1126 4590 ἔσονται,
1156 4525 1249 4575 καὶ
1278 4517 1354 4576 ὧν
1383 4520 1618 4573 αἰδεῖσθε
1654 4521 1859 4590 σφόδρα

288 4625 389 4685 τὰς
426 4621 683 4692 μέμψεις.
715 4621 852 4682 Τοὺς
887 4619 987 4689 μὲν
1023 4620 1130 4688 γὰρ
1166 4615 1286 4687 μεθ’
1326 4617 1469 4683 ὑμᾶς
1498 4616 1592 4666 καὶ
1617 4617 1862 4683 φρίττειν

285 4715 390 4776 τὰς
428 4713 699 4783 ὑμετέρας
731 4709 946 4780 ψήφους
982 4709 1218 4778 ἀνάγκη,
1253 4709 1351 4778 τὴν
1408 4707 1566 4770 ἀξίαν
1597 4705 1861 4758 εὐλαϐου-

294 4810 523 4879 μένους,
551 4808 618 4878 ἢν
648 4809 760 4867 τοῖς
791 4821 850 4856 τε
883 4804 1062 4866 ἄλλοις
1118 4804 1208 4856 καὶ
1251 4801 1328 4871 τῷ
1359 4803 1454 4871 τῆς
1489 4799 1751 4870 ἀληθείας
1787 4799 1862 4861 ὼς

288 4902 398 4954 ἔδει
432 4898 854 4970 πεφροντικέναι
885 4896 1256 4965 περικείμενοι
1285 4894 1508 4960 δείξετε,
1567 4893 1660 4944 καὶ
1712 4891 1864 4960 τηλι-

288 4996 471 5066 καύτῃ
523 4991 728 5059 συνόδῳ
777 4991 1050 5060 προπετὲς
1085 4988 1422 5058 ἡγουμένους
1459 4987 1554 5038 καὶ
1612 4984 1860 5037 κινδύνου

287 5089 464 5158 γέμον
493 5085 934 5156 διακυρίττεσθαι
961 5101 973 5112 υ
1010 5083 1347 5152 ἐμμένοντας
1372 5080 1428 5133 δὲ
1453 5082 1563 5140 τοῖς
1595 5078 1685 5145 ὑφ’
1709 5079 1861 5148 ὑμῶν

291 5179 680 5248 ἐγνωσμένοις,
712 5173 807 5228 καὶ
843 5174 1008 5244 τιμᾷν
1032 5171 1178 5231 εἰκὸς
1211 5168 1386 5222 ταῦτα
1413 5169 1508 5220 καὶ
1529 5167 1623 5219 τοῦ
1653 5167 1862 5230 παντὸς

289 5271 420 5336 ἄξια
454 5269 680 5340 κρίνειν,
716 5268 810 5320 καὶ⁵
854 5268 1014 5338 χάριν
1048 5265 1180 5331 ὑμῖν
1211 5261 1352 5331 ὑπὲρ
1410 5259 1619 5312 τούτων
1667 5260 1861 5329 ὁμο).οο

289 5369 431 5434 γεῖν,
466 5366 561 5416 καὶ
585 5367 703 5426 ταῖς
734 5363 841 5414 τῶν
872 5358 1160 5430 μακαρίων
1187 5357 1332 5426 ὑμᾶς
1365 5353 1624 5420 ἀγάλλειν
1651 5356 1858 5424 τιμαῖς,

291 5455 368 5510 ὧν
406 5458 617 5521 ἀξιοῦσι
653 5455 780 5518 τοὺς
811 5455 921 5516 τοῖς
953 5453 1160 5524 ὁμοίοις
1201 5453 1412 5518 ἀγῶσιν
1464 5447 1860 5518 ἐνδιαπρέψαν-

291 5566 412 5610 τας.
451 5549 513 5602 Et
540 5548 596 5600 δέ
627 5563 774 5609 τινες
805 5544 1089 5618 παρρησίᾳ
1115 5543 1288 5596 ταῦτα
1313 5541 1599 5612 τιμῶντες,
1628 5541 1756 5609 ὑμῖν
1785 5537 1860 5599 ὡς

291 5644 388 5711 τῆς
430 5643 488 5692 ἐκ
526 5639 620 5692 τοῦ
659 5638 912 5690 νικᾶσθαι
949 5638 1429 5705 καταφρονήσασιν
1456 5633 1678 5700 ἀτιμίας
1716 5631 1856 5700 μέμυ

303 5735 496 5804 ςεσθαι
542 5734 835 5804 βούλοιντο,
870 5731 981 5781 ἀλλ’
1028 5732 1152 5798 ὑμῖν
1252 5730 1394 5796 παρὰ
1569 5726 1742 5792 ἔργων
1776 5725 1856 5776 ες-

1969 4547 2074 4585 non
2120 4529 2271 4584 video
2304 4528 2522 4596 quinam
2549 4535 2706 4580 erunt
2741 4542 2771 4580 a
2805 4527 3001 4596 quibus
3030 4526 3226 4596 probra
3258 4525 3408 4579 vobis
3437 4527 3536 4578 ob-

1960 4624 2244 4694 jiciantur,
2281 4628 2334 4673 et
2361 4635 2594 4689 quorum
2631 4620 3004 4688 querimonias
3028 4618 3182 4672 valde
3214 4618 3536 4670 revereami-

1968 4717 2044 4768 ni.
2079 4713 2212 4766 Nam
2254 4713 2459 4780 posteri
2508 4709 2930 4781 perhorrescant
2985 4707 3148 4762 etiam
3198 4720 3420 4760 necesse
3455 4715 3540 4758 est

1967 4821 2176 4864 vestras
2191 4807 2504 4866 sententias.
2521 4802 2666 4858 ducti
2685 4809 2872 4855 vestrae
2886 4798 3160 4870 dignitatis
3175 4797 3535 4859 observantia,

1969 4916 2130 4970 quam
2155 4914 2263 4967 pne
2295 4895 2445 4949 vobis
2472 4893 2679 4954 feretis,
2706 4900 2818 4945 tum
2841 4904 2934 4958 per
2967 4883 3093 4954 alia,
3119 4894 3233 4939 tum
3262 4886 3306 4940 si
3335 4887 3530 4938 sex-iam

1967 5009 2154 5046 curam
2179 4989 2241 5042 ad
2265 4989 2545 5042 veritatem
2573 4983 2917 5056 contuleritis
2939 5001 2951 5035 :
2976 4978 3296 5034 temeritatis
3315 4977 3455 5032 enim
3480 4994 3537 5030 se

1968 5085 2236 5154 putabunt
2273 5089 2479 5134 tantum
2503 5077 2771 5148 synodum
2815 5091 2982 5130 cornu
3011 5085 3216 5146 petere,
3266 5071 3376 5126 imo
3408 5087 3537 5123 vero

1967 5177 2357 5245 amplectentur
2384 5180 2557 5226 vestra
2595 5169 2834 5232 decreta,
2875 5169 3201 5223 honorantes
3229 5181 3311 5232 ea,
3343 5173 3393 5216 et
3416 5163 3536 5229 plu-

1967 5265 2086 5320 rimi
2119 5265 2374 5320 iacientes
2397 5305 2411 5327 ,
2435 5261 2690 5331 vobisque
2723 5269 3004 5331 propterea
3041 5259 3244 5329 gratias
3283 5261 3461 5322 agt-nt.
3484 5263 3538 5304 et

1969 5355 2268 5410 honoribus
2297 5368 2432 5421 quos
2465 5350 2702 5406 tribuere
2723 5351 2897 5404 solent
2933 5349 3127 5409 beatis,
3160 5345 3254 5416 qui
3287 5343 3537 5412 Splendo-

1967 5465 2025 5502 re
2068 5445 2437 5501 consimilium
2488 5445 2843 5499 certaminum
2893 5443 3189 5500 emicuere,
3243 5435 3537 5490 ornabunt.

1966 5540 2118 5606 Quod
2147 5539 2189 5592 si
2220 5537 2309 5606 qui
2339 5536 2560 5595 fuerint.
2592 5537 2684 5605 qui
2724 5551 2783 5590 ea
2803 5532 3022 5603 quidem
3059 5539 3245 5600 aperte
3285 5525 3531 5594 probent,

1968 5647 2062 5686 vos
2097 5641 2276 5684 autem
2308 5629 2704 5698 reprehendere
2751 5627 2944 5689 velint,
2975 5623 3118 5694 quod
3159 5622 3283 5676 victi
3321 5621 3388 5674 ab
3415 5619 3537 5672 aliis

1967 5727 2198 5780 dedecus
2219 5726 2316 5778 boc
2337 5723 2682 5792 susceperitis
2719 5740 2730 5776 :
2760 5730 2812 5775 at
2834 5720 2988 5776 vobis
3012 5729 3157 5774 certe
3188 5715 3320 5772 satis
3344 5715 3448 5769 erit
3470 5727 3537 5766 ex
