  <div class='ocr_page' id='page_1' title='image "/cluster/home/n/w/nwhite01/storage/ocr_20150623/160/hvd.32044036446961/259.png"; bbox 0 0 3976 6452; ppageno 0'>
   <div class='ocr_carea' id='block_1_1' title="bbox 455 335 605 397">
    <p class='ocr_par' dir='ltr' id='par_1_1' title="bbox 455 335 605 397">
     <span class='ocr_line' id='line_1_1' title="bbox 455 335 605 397; baseline 0.007 -1"><span class='ocrx_word' id='word_1_1' title='bbox 455 335 561 397; x_wconf 63' lang='lat'><strong>451</strong></span> <span class='ocrx_word' id='word_1_2' title='bbox 602 356 605 359; x_wconf 67' lang='lat'><strong><em>‘</em></strong></span> 
     </span>
    </p>
   </div>
   <div class='ocr_carea' id='block_1_2' title="bbox 1508 336 2593 399">
    <p class='ocr_par' dir='ltr' id='par_1_2' title="bbox 1508 336 2593 399">
     <span class='ocr_line' id='line_1_2' title="bbox 1508 336 2593 399; baseline 0.001 -3"><span class='ocrx_word' id='word_1_3' title='bbox 1508 336 1888 397; x_wconf 76' lang='lat' dir='ltr'><strong>GENNADH</strong></span> <span class='ocrx_word' id='word_1_4' title='bbox 1930 336 2043 396; x_wconf 72' lang='grc' dir='ltr'><strong>(ΞΡ.</strong></span> <span class='ocrx_word' id='word_1_5' title='bbox 2079 337 2593 399; x_wconf 64' lang='grc' dir='ltr'><strong>ΡΑΤίζΙΑΙῖίῖΙΗΞ</strong></span> 
     </span>
    </p>
   </div>
   <div class='ocr_carea' id='block_1_3' title="bbox 3585 327 3679 391">
    <p class='ocr_par' dir='ltr' id='par_1_3' title="bbox 3585 327 3679 391">
     <span class='ocr_line' id='line_1_3' title="bbox 3585 327 3679 391; baseline 0 -1"><span class='ocrx_word' id='word_1_6' title='bbox 3585 327 3679 391; x_wconf 70' lang='grc'>452</span> 
     </span>
    </p>
   </div>
   <div class='ocr_carea' id='block_1_4' title="bbox 459 435 2049 518">
    <p class='ocr_par' dir='ltr' id='par_1_4' title="bbox 459 444 2040 518">
     <span class='ocr_line' id='line_1_4' title="bbox 459 444 2040 518; baseline -0.001 -15"><span class='ocrx_word' id='word_1_7' title='bbox 459 450 624 503; x_wconf 69' lang='lat' dir='ltr'><strong>rebus</strong></span> <span class='ocrx_word' id='word_1_8' title='bbox 646 446 810 515; x_wconf 76' lang='lat' dir='ltr'><strong>gestis</strong></span> <span class='ocrx_word' id='word_1_9' title='bbox 844 444 1085 502; x_wconf 81' lang='lat' dir='ltr'><strong>nancisci</strong></span> <span class='ocrx_word' id='word_1_10' title='bbox 1116 444 1377 518; x_wconf 79' lang='lat' dir='ltr'><strong>gloriam:</strong></span> <span class='ocrx_word' id='word_1_11' title='bbox 1407 448 1662 518; x_wconf 80' lang='lat' dir='ltr'><strong>quodque</strong></span> <span class='ocrx_word' id='word_1_12' title='bbox 1687 458 1799 503; x_wconf 91' lang='lat' dir='ltr'><strong>tum</strong></span> <span class='ocrx_word' id='word_1_13' title='bbox 1828 457 2040 515; x_wconf 68' lang='lat' dir='ltr'><strong>vestrm,</strong></span> 
     </span>
    </p>
   </div>
   <div class='ocr_carea' id='block_1_5' title="bbox 2153 435 3693 518">
    <p class='ocr_par' dir='ltr' id='par_1_5' title="bbox 2153 435 3693 516">
     <span class='ocr_line' id='line_1_5' title="bbox 2153 435 3693 516; baseline -0.006 -12"><span class='ocrx_word' id='word_1_14' title='bbox 2153 451 2234 515; x_wconf 77' lang='grc' dir='ltr'>Εα,</span> <span class='ocrx_word' id='word_1_15' title='bbox 2271 451 2367 503; x_wconf 65' lang='grc' dir='ltr'><strong>κα)⁵</strong></span> <span class='ocrx_word' id='word_1_16' title='bbox 2418 453 2477 501; x_wconf 75' lang='grc' dir='ltr'>τὸ</span> <span class='ocrx_word' id='word_1_17' title='bbox 2512 447 2778 512; x_wconf 73' lang='grc' dir='ltr'>σώζεσθαι</span> <span class='ocrx_word' id='word_1_18' title='bbox 2813 445 2912 516; x_wconf 82' lang='grc' dir='ltr'>μὲν</span> <span class='ocrx_word' id='word_1_19' title='bbox 2946 442 3123 507; x_wconf 66' lang='grc' dir='ltr'>αὐτοὶ,</span> <span class='ocrx_word' id='word_1_20' title='bbox 3162 435 3353 505; x_wconf 74' lang='grc' dir='ltr'>σώζειν</span> <span class='ocrx_word' id='word_1_21' title='bbox 3384 438 3554 493; x_wconf 77' lang='grc' dir='ltr'>δὲκαὶ</span> <span class='ocrx_word' id='word_1_22' title='bbox 3580 441 3693 505; x_wconf 76' lang='grc' dir='ltr'>τοὺς</span> 
     </span>
    </p>
   </div>
   <div class='ocr_carea' id='block_1_6' title="bbox 457 538 2045 609">
    <p class='ocr_par' dir='ltr' id='par_1_6' title="bbox 457 538 2045 609">
     <span class='ocr_line' id='line_1_6' title="bbox 457 538 2045 609; baseline -0.003 -12"><span class='ocrx_word' id='word_1_23' title='bbox 457 550 576 598; x_wconf 78' lang='lat' dir='ltr'><strong>tum</strong></span> <span class='ocrx_word' id='word_1_24' title='bbox 623 541 849 592; x_wconf 87' lang='lat' dir='ltr'><strong>aliorum</strong></span> <span class='ocrx_word' id='word_1_25' title='bbox 906 551 1100 607; x_wconf 88' lang='lat' dir='ltr'><strong>sponte</strong></span> <span class='ocrx_word' id='word_1_26' title='bbox 1153 553 1252 592; x_wconf 91' lang='lat' dir='ltr'><strong>vos</strong></span> <span class='ocrx_word' id='word_1_27' title='bbox 1310 539 1657 607; x_wconf 78' lang='lat' dir='ltr'><strong>sequentium</strong></span> <span class='ocrx_word' id='word_1_28' title='bbox 1722 538 1884 593; x_wconf 89' lang='lat' dir='ltr'><strong>saluti</strong></span> <span class='ocrx_word' id='word_1_29' title='bbox 1945 554 2045 609; x_wconf 88' lang='lat' dir='ltr'><strong>per</strong></span> 
     </span>
    </p>
   </div>
   <div class='ocr_carea' id='block_1_7' title="bbox 460 630 2039 699">
    <p class='ocr_par' dir='ltr' id='par_1_7' title="bbox 460 630 2039 699">
     <span class='ocr_line' id='line_1_7' title="bbox 460 630 2039 699; baseline -0.001 -13"><span class='ocrx_word' id='word_1_30' title='bbox 460 634 705 689; x_wconf 73' lang='lat' dir='ltr'><strong>veritatis</strong></span> <span class='ocrx_word' id='word_1_31' title='bbox 737 632 1069 699; x_wconf 75' lang='lat' dir='ltr'><strong>agnitionem</strong></span> <span class='ocrx_word' id='word_1_32' title='bbox 1103 631 1513 685; x_wconf 89' lang='lat' dir='ltr'><strong>cousulueritis.</strong></span> <span class='ocrx_word' id='word_1_33' title='bbox 1575 630 1679 687; x_wconf 85' lang='lat' dir='ltr'><strong>Sed</strong></span> <span class='ocrx_word' id='word_1_34' title='bbox 1718 647 1817 687; x_wconf 89' lang='lat' dir='ltr'><strong>nec</strong></span> <span class='ocrx_word' id='word_1_35' title='bbox 1848 647 2039 688; x_wconf 87' lang='lat' dir='ltr'><strong>eorum</strong></span> 
     </span>
    </p>
   </div>
   <div class='ocr_carea' id='block_1_8' title="bbox 454 722 2041 803">
    <p class='ocr_par' dir='ltr' id='par_1_8' title="bbox 454 722 2041 803">
     <span class='ocr_line' id='line_1_8' title="bbox 454 722 2041 803; baseline 0 -24"><span class='ocrx_word' id='word_1_36' title='bbox 454 727 554 803; x_wconf 79' lang='lat' dir='ltr'><strong>qui</strong></span> <span class='ocrx_word' id='word_1_37' title='bbox 585 738 730 779; x_wconf 91' lang='lat' dir='ltr'><strong>nunc</strong></span> <span class='ocrx_word' id='word_1_38' title='bbox 769 725 936 779; x_wconf 86' lang='lat' dir='ltr'><strong>vitam</strong></span> <span class='ocrx_word' id='word_1_39' title='bbox 970 724 1191 795; x_wconf 82' lang='lat' dir='ltr'><strong>degunt,</strong></span> <span class='ocrx_word' id='word_1_40' title='bbox 1233 737 1327 776; x_wconf 82' lang='lat' dir='ltr'><strong>vos</strong></span> <span class='ocrx_word' id='word_1_41' title='bbox 1356 722 1647 793; x_wconf 83' lang='lat' dir='ltr'><strong>quisquam</strong></span> <span class='ocrx_word' id='word_1_42' title='bbox 1694 725 2041 792; x_wconf 69' lang='lat' dir='ltr'><strong>culpaverit:</strong></span> 
     </span>
    </p>
   </div>
   <div class='ocr_carea' id='block_1_9' title="bbox 422 816 2045 887">
    <p class='ocr_par' dir='ltr' id='par_1_9' title="bbox 422 816 2045 887">
     <span class='ocr_line' id='line_1_9' title="bbox 422 816 2045 887; baseline -0.001 -13"><span class='ocrx_word' id='word_1_43' title='bbox 422 834 569 874; x_wconf 68' lang='lat' dir='ltr'><strong>&quot;non</strong></span> <span class='ocrx_word' id='word_1_44' title='bbox 616 817 815 884; x_wconf 84' lang='lat' dir='ltr'><strong>Graeci,</strong></span> <span class='ocrx_word' id='word_1_45' title='bbox 855 818 1056 887; x_wconf 79' lang='lat' dir='ltr'><strong>quibus</strong></span> <span class='ocrx_word' id='word_1_46' title='bbox 1112 816 1424 871; x_wconf 82' lang='lat' dir='ltr'><strong>videbimini</strong></span> <span class='ocrx_word' id='word_1_47' title='bbox 1481 818 1773 873; x_wconf 79' lang='lat' dir='ltr'><strong>maximam</strong></span> <span class='ocrx_word' id='word_1_48' title='bbox 1828 818 2045 879; x_wconf 89' lang='lat' dir='ltr'><strong>laudem</strong></span> 
     </span>
    </p>
   </div>
   <div class='ocr_carea' id='block_1_10' title="bbox 460 908 2045 980">
    <p class='ocr_par' dir='ltr' id='par_1_10' title="bbox 460 908 2045 980">
     <span class='ocr_line' id='line_1_10' title="bbox 460 908 2045 980; baseline -0.003 -14"><span class='ocrx_word' id='word_1_49' title='bbox 460 910 679 977; x_wconf 82' lang='lat' dir='ltr'><strong>mereri,</strong></span> <span class='ocrx_word' id='word_1_50' title='bbox 704 922 758 964; x_wconf 90' lang='lat' dir='ltr'><strong>et</strong></span> <span class='ocrx_word' id='word_1_51' title='bbox 786 925 952 980; x_wconf 84' lang='lat' dir='ltr'><strong>penes</strong></span> <span class='ocrx_word' id='word_1_52' title='bbox 989 925 1127 979; x_wconf 90' lang='lat' dir='ltr'><strong>quos</strong></span> <span class='ocrx_word' id='word_1_53' title='bbox 1191 908 1487 963; x_wconf 86' lang='lat' dir='ltr'><strong>immortali</strong></span> <span class='ocrx_word' id='word_1_54' title='bbox 1528 909 1722 965; x_wconf 88' lang='lat' dir='ltr'><strong>vivetis</strong></span> <span class='ocrx_word' id='word_1_55' title='bbox 1750 908 2045 972; x_wconf 88' lang='lat' dir='ltr'><strong>memoria,</strong></span> 
     </span>
    </p>
   </div>
   <div class='ocr_carea' id='block_1_11' title="bbox 460 999 2046 1074">
    <p class='ocr_par' dir='ltr' id='par_1_11' title="bbox 460 999 2046 1074">
     <span class='ocr_line' id='line_1_11' title="bbox 460 999 2046 1074; baseline -0.004 -14"><span class='ocrx_word' id='word_1_56' title='bbox 460 1006 603 1074; x_wconf 85' lang='lat' dir='ltr'><strong>quod</strong></span> <span class='ocrx_word' id='word_1_57' title='bbox 645 1014 697 1059; x_wconf 91' lang='lat' dir='ltr'><strong>et</strong></span> <span class='ocrx_word' id='word_1_58' title='bbox 722 1004 1048 1074; x_wconf 87' lang='lat' dir='ltr'><strong>sumptibus,</strong></span> <span class='ocrx_word' id='word_1_59' title='bbox 1090 1011 1143 1056; x_wconf 89' lang='lat' dir='ltr'><strong>et</strong></span> <span class='ocrx_word' id='word_1_60' title='bbox 1168 1002 1514 1071; x_wconf 84' lang='lat' dir='ltr'><strong>corporibus,</strong></span> <span class='ocrx_word' id='word_1_61' title='bbox 1551 1011 1604 1058; x_wconf 91' lang='lat' dir='ltr'><strong>et</strong></span> <span class='ocrx_word' id='word_1_62' title='bbox 1639 1002 1904 1068; x_wconf 86' lang='lat' dir='ltr'><strong>scientia,</strong></span> <span class='ocrx_word' id='word_1_63' title='bbox 1928 999 2046 1057; x_wconf 88' lang='lat' dir='ltr'><strong>ani-</strong></span> 
     </span>
    </p>
   </div>
   <div class='ocr_carea' id='block_1_12' title="bbox 462 1092 2047 1168">
    <p class='ocr_par' dir='ltr' id='par_1_12' title="bbox 462 1092 2047 1168">
     <span class='ocr_line' id='line_1_12' title="bbox 462 1092 2047 1168; baseline -0.003 -17"><span class='ocrx_word' id='word_1_64' title='bbox 462 1101 533 1153; x_wconf 90' lang='lat' dir='ltr'><strong>mi</strong></span> <span class='ocrx_word' id='word_1_65' title='bbox 558 1098 790 1168; x_wconf 80' lang='lat' dir='ltr'><strong>denique</strong></span> <span class='ocrx_word' id='word_1_66' title='bbox 826 1096 1197 1151; x_wconf 81' lang='lat' dir='ltr'><strong>moderatione</strong></span> <span class='ocrx_word' id='word_1_67' title='bbox 1220 1110 1286 1151; x_wconf 85' lang='lat' dir='ltr'><strong>ac</strong></span> <span class='ocrx_word' id='word_1_68' title='bbox 1312 1092 1508 1149; x_wconf 80' lang='lat' dir='ltr'><strong>divinis</strong></span> <span class='ocrx_word' id='word_1_69' title='bbox 1538 1094 1861 1164; x_wconf 90' lang='lat' dir='ltr'><strong>quibusdam</strong></span> <span class='ocrx_word' id='word_1_70' title='bbox 1899 1092 2047 1163; x_wconf 73' lang='lat' dir='ltr'><strong>cogi-</strong></span> 
     </span>
    </p>
   </div>
   <div class='ocr_carea' id='block_1_13' title="bbox 463 1184 2036 1260">
    <p class='ocr_par' dir='ltr' id='par_1_13' title="bbox 463 1184 2036 1260">
     <span class='ocr_line' id='line_1_13' title="bbox 463 1184 2036 1260; baseline -0.004 -17"><span class='ocrx_word' id='word_1_71' title='bbox 463 1191 760 1245; x_wconf 78' lang='lat' dir='ltr'><strong>tationibus</strong></span> <span class='ocrx_word' id='word_1_72' title='bbox 789 1204 976 1260; x_wconf 84' lang='lat' dir='ltr'><strong>pacem</strong></span> <span class='ocrx_word' id='word_1_73' title='bbox 995 1188 1096 1243; x_wconf 81' lang='lat' dir='ltr'><strong>soli</strong></span> <span class='ocrx_word' id='word_1_74' title='bbox 1144 1186 1256 1243; x_wconf 77' lang='lat' dir='ltr'><strong>fere</strong></span> <span class='ocrx_word' id='word_1_75' title='bbox 1278 1202 1343 1240; x_wconf 80' lang='lat' dir='ltr'><strong>ex</strong></span> <span class='ocrx_word' id='word_1_76' title='bbox 1361 1186 1616 1241; x_wconf 89' lang='lat' dir='ltr'><strong>omnibus</strong></span> <span class='ocrx_word' id='word_1_77' title='bbox 1638 1184 1985 1240; x_wconf 83' lang='lat' dir='ltr'><strong>conleceritis</strong></span> <span class='ocrx_word' id='word_1_78' title='bbox 2022 1200 2036 1236; x_wconf 92' lang='lat'><strong>:</strong></span> 
     </span>
    </p>
   </div>
   <div class='ocr_carea' id='block_1_14' title="bbox 462 1277 2047 1351">
    <p class='ocr_par' dir='ltr' id='par_1_14' title="bbox 462 1277 2047 1351">
     <span class='ocr_line' id='line_1_14' title="bbox 462 1277 2047 1351; baseline -0.003 -14"><span class='ocrx_word' id='word_1_79' title='bbox 462 1298 637 1351; x_wconf 86' lang='lat' dir='ltr'><strong>neque</strong></span> <span class='ocrx_word' id='word_1_80' title='bbox 664 1281 1026 1350; x_wconf 82' lang='lat' dir='ltr'><strong>vosmetipsos</strong></span> <span class='ocrx_word' id='word_1_81' title='bbox 1060 1279 1189 1349; x_wconf 84' lang='lat' dir='ltr'><strong>ipsi,</strong></span> <span class='ocrx_word' id='word_1_82' title='bbox 1220 1293 1317 1333; x_wconf 84' lang='lat' dir='ltr'><strong>nec</strong></span> <span class='ocrx_word' id='word_1_83' title='bbox 1346 1278 1487 1333; x_wconf 85' lang='lat' dir='ltr'><strong>alius</strong></span> <span class='ocrx_word' id='word_1_84' title='bbox 1517 1293 1581 1332; x_wconf 73' lang='lat' dir='ltr'><strong>ex</strong></span> <span class='ocrx_word' id='word_1_85' title='bbox 1618 1277 1686 1332; x_wconf 90' lang='lat' dir='ltr'><strong>iis</strong></span> <span class='ocrx_word' id='word_1_86' title='bbox 1715 1278 1808 1346; x_wconf 91' lang='lat' dir='ltr'><strong>qui</strong></span> <span class='ocrx_word' id='word_1_87' title='bbox 1831 1284 2047 1333; x_wconf 84' lang='lat' dir='ltr'><strong>vestras</strong></span> 
     </span>
    </p>
   </div>
   <div class='ocr_carea' id='block_1_15' title="bbox 463 1369 2045 1446">
    <p class='ocr_par' dir='ltr' id='par_1_15' title="bbox 463 1369 2045 1446">
     <span class='ocr_line' id='line_1_15' title="bbox 463 1369 2045 1446; baseline -0.006 -18"><span class='ocrx_word' id='word_1_88' title='bbox 463 1386 643 1446; x_wconf 83' lang='lat' dir='ltr'><strong>partes</strong></span> <span class='ocrx_word' id='word_1_89' title='bbox 674 1382 995 1444; x_wconf 79' lang='lat' dir='ltr'><strong>sequuntur.</strong></span> <span class='ocrx_word' id='word_1_90' title='bbox 1023 1371 1225 1427; x_wconf 83' lang='lat' dir='ltr'><strong>Omnes</strong></span> <span class='ocrx_word' id='word_1_91' title='bbox 1258 1370 1403 1424; x_wconf 90' lang='lat' dir='ltr'><strong>enim</strong></span> <span class='ocrx_word' id='word_1_92' title='bbox 1445 1369 1771 1424; x_wconf 86' lang='lat' dir='ltr'><strong>sententiam</strong></span> <span class='ocrx_word' id='word_1_93' title='bbox 1804 1377 2045 1423; x_wconf 80' lang='lat' dir='ltr'><strong>vestram</strong></span> 
     </span>
    </p>
   </div>
   <div class='ocr_carea' id='block_1_16' title="bbox 465 1459 2047 1536">
    <p class='ocr_par' dir='ltr' id='par_1_16' title="bbox 465 1459 2047 1536">
     <span class='ocr_line' id='line_1_16' title="bbox 465 1459 2047 1536; baseline -0.004 -17"><span class='ocrx_word' id='word_1_94' title='bbox 465 1480 721 1536; x_wconf 75' lang='lat' dir='ltr'><strong>tanquam</strong></span> <span class='ocrx_word' id='word_1_95' title='bbox 751 1466 1011 1525; x_wconf 86' lang='lat' dir='ltr'><strong>divinitus</strong></span> <span class='ocrx_word' id='word_1_96' title='bbox 1038 1464 1203 1521; x_wconf 86' lang='lat' dir='ltr'><strong>latam</strong></span> <span class='ocrx_word' id='word_1_97' title='bbox 1258 1463 1521 1531; x_wconf 88' lang='lat' dir='ltr'><strong>arripient</strong></span> <span class='ocrx_word' id='word_1_98' title='bbox 1569 1478 1583 1516; x_wconf 91' lang='lat'><strong>:</strong></span> <span class='ocrx_word' id='word_1_99' title='bbox 1615 1470 1724 1514; x_wconf 90' lang='lat' dir='ltr'><strong>tum</strong></span> <span class='ocrx_word' id='word_1_100' title='bbox 1757 1459 1886 1531; x_wconf 85' lang='lat' dir='ltr'><strong>quia</strong></span> <span class='ocrx_word' id='word_1_101' title='bbox 1913 1473 2047 1513; x_wconf 89' lang='lat' dir='ltr'><strong>con-</strong></span> 
     </span>
    </p>
   </div>
   <div class='ocr_carea' id='block_1_17' title="bbox 465 1551 2048 1632">
    <p class='ocr_par' dir='ltr' id='par_1_17' title="bbox 465 1551 2048 1632">
     <span class='ocr_line' id='line_1_17' title="bbox 465 1551 2048 1632; baseline -0.006 -18"><span class='ocrx_word' id='word_1_102' title='bbox 465 1562 705 1632; x_wconf 60' lang='lat' dir='ltr'><strong>gregatio</strong></span> <span class='ocrx_word' id='word_1_103' title='bbox 734 1569 818 1619; x_wconf 87' lang='lat' dir='ltr'><strong>est</strong></span> <span class='ocrx_word' id='word_1_104' title='bbox 849 1557 1172 1613; x_wconf 88' lang='lat' dir='ltr'><strong>universalis</strong></span> <span class='ocrx_word' id='word_1_105' title='bbox 1207 1554 1493 1624; x_wconf 69' lang='lat' dir='ltr'><strong>Ecclesiae,</strong></span> <span class='ocrx_word' id='word_1_106' title='bbox 1527 1569 1691 1624; x_wconf 87' lang='lat' dir='ltr'><strong>quam</strong></span> <span class='ocrx_word' id='word_1_107' title='bbox 1722 1567 1909 1609; x_wconf 88' lang='lat' dir='ltr'><strong>errare</strong></span> <span class='ocrx_word' id='word_1_108' title='bbox 1943 1551 2048 1607; x_wconf 84' lang='lat' dir='ltr'><strong>im-</strong></span> 
     </span>
    </p>
   </div>
   <div class='ocr_carea' id='block_1_18' title="bbox 465 1648 2036 1726">
    <p class='ocr_par' dir='ltr' id='par_1_18' title="bbox 465 1648 2036 1726">
     <span class='ocr_line' id='line_1_18' title="bbox 465 1648 2036 1726; baseline -0.005 -21"><span class='ocrx_word' id='word_1_109' title='bbox 465 1655 723 1726; x_wconf 75' lang='lat' dir='ltr'><strong>possibile</strong></span> <span class='ocrx_word' id='word_1_110' title='bbox 756 1662 858 1720; x_wconf 88' lang='lat' dir='ltr'><strong>est,</strong></span> <span class='ocrx_word' id='word_1_111' title='bbox 884 1661 997 1708; x_wconf 90' lang='lat' dir='ltr'><strong>tum</strong></span> <span class='ocrx_word' id='word_1_112' title='bbox 1033 1651 1160 1722; x_wconf 90' lang='lat' dir='ltr'><strong>quia</strong></span> <span class='ocrx_word' id='word_1_113' title='bbox 1191 1650 1281 1705; x_wconf 87' lang='lat' dir='ltr'><strong>illa</strong></span> <span class='ocrx_word' id='word_1_114' title='bbox 1305 1648 1455 1720; x_wconf 86' lang='lat' dir='ltr'><strong>pacis</strong></span> <span class='ocrx_word' id='word_1_115' title='bbox 1507 1648 1613 1703; x_wconf 90' lang='lat' dir='ltr'><strong>erit</strong></span> <span class='ocrx_word' id='word_1_116' title='bbox 1634 1662 1822 1711; x_wconf 88' lang='lat' dir='ltr'><strong>causa,</strong></span> <span class='ocrx_word' id='word_1_117' title='bbox 1873 1660 2036 1716; x_wconf 89' lang='lat' dir='ltr'><strong>quam</strong></span> 
     </span>
    </p>
   </div>
   <div class='ocr_carea' id='block_1_19' title="bbox 467 1738 2041 1815">
    <p class='ocr_par' dir='ltr' id='par_1_19' title="bbox 467 1738 2041 1815">
     <span class='ocr_line' id='line_1_19' title="bbox 467 1738 2041 1815; baseline -0.008 -15"><span class='ocrx_word' id='word_1_118' title='bbox 467 1761 659 1801; x_wconf 88' lang='lat' dir='ltr'><strong>omnes</strong></span> <span class='ocrx_word' id='word_1_119' title='bbox 694 1744 1065 1815; x_wconf 89' lang='lat' dir='ltr'><strong>optaut.quod</strong></span> <span class='ocrx_word' id='word_1_120' title='bbox 1118 1756 1214 1811; x_wconf 86' lang='lat' dir='ltr'><strong>per</strong></span> <span class='ocrx_word' id='word_1_121' title='bbox 1251 1756 1372 1797; x_wconf 89' lang='lat' dir='ltr'><strong>eam</strong></span> <span class='ocrx_word' id='word_1_122' title='bbox 1405 1748 1727 1809; x_wconf 77' lang='lat' dir='ltr'><strong>exspectent</strong></span> <span class='ocrx_word' id='word_1_123' title='bbox 1754 1738 2041 1815; x_wconf 78' lang='lat' dir='ltr'><strong>liberatum</strong></span> 
     </span>
    </p>
   </div>
   <div class='ocr_carea' id='block_1_20' title="bbox 469 1810 2046 1900">
    <p class='ocr_par' dir='ltr' id='par_1_20' title="bbox 469 1810 2046 1900">
     <span class='ocr_line' id='line_1_20' title="bbox 469 1810 2046 1900; baseline -0.009 -6"><span class='ocrx_word' id='word_1_124' title='bbox 469 1840 615 1894; x_wconf 81' lang='lat' dir='ltr'><strong>seiri</strong></span> <span class='ocrx_word' id='word_1_125' title='bbox 652 1838 722 1893; x_wconf 91' lang='lat' dir='ltr'><strong>ab</strong></span> <span class='ocrx_word' id='word_1_126' title='bbox 769 1834 1020 1892; x_wconf 80' lang='lat' dir='ltr'><strong>erunibus</strong></span> <span class='ocrx_word' id='word_1_127' title='bbox 1048 1831 1341 1889; x_wconf 80' lang='lat' dir='ltr'><strong>teterrimis</strong></span> <span class='ocrx_word' id='word_1_128' title='bbox 1365 1830 1546 1897; x_wconf 82' lang='lat' dir='ltr'><strong>malis,</strong></span> <span class='ocrx_word' id='word_1_129' title='bbox 1596 1844 1829 1900; x_wconf 88' lang='lat' dir='ltr'><strong>quorum</strong></span> <span class='ocrx_word' id='word_1_130' title='bbox 1891 1810 2046 1898; x_wconf 76' lang='lat' dir='ltr'><strong>origo</strong></span> 
     </span>
    </p>
   </div>
   <div class='ocr_carea' id='block_1_21' title="bbox 467 1921 2047 1997">
    <p class='ocr_par' dir='ltr' id='par_1_21' title="bbox 467 1921 2047 1997">
     <span class='ocr_line' id='line_1_21' title="bbox 467 1921 2047 1997; baseline -0.006 -11"><span class='ocrx_word' id='word_1_131' title='bbox 467 1929 673 1987; x_wconf 75' lang='lat' dir='ltr'><strong>exstitit</strong></span> <span class='ocrx_word' id='word_1_132' title='bbox 706 1928 948 1997; x_wconf 87' lang='lat' dir='ltr'><strong>utrisque</strong></span> <span class='ocrx_word' id='word_1_133' title='bbox 975 1926 1237 1981; x_wconf 87' lang='lat' dir='ltr'><strong>sebisma.</strong></span> <span class='ocrx_word' id='word_1_134' title='bbox 1260 1923 1532 1978; x_wconf 70' lang='lat' dir='ltr'><strong>Caeterum</strong></span> <span class='ocrx_word' id='word_1_135' title='bbox 1569 1922 1613 1977; x_wconf 89' lang='lat' dir='ltr'><strong>si</strong></span> <span class='ocrx_word' id='word_1_136' title='bbox 1644 1923 1739 1977; x_wconf 89' lang='lat' dir='ltr'><strong>liat</strong></span> <span class='ocrx_word' id='word_1_137' title='bbox 1768 1932 1827 1978; x_wconf 90' lang='lat' dir='ltr'><strong>ut</strong></span> <span class='ocrx_word' id='word_1_138' title='bbox 1848 1937 1954 1979; x_wconf 87' lang='lat' dir='ltr'><strong>non</strong></span> <span class='ocrx_word' id='word_1_139' title='bbox 1979 1921 2047 1976; x_wconf 89' lang='lat' dir='ltr'><strong>ab</strong></span> 
     </span>
    </p>
   </div>
   <div class='ocr_carea' id='block_1_22' title="bbox 468 2014 2046 2081">
    <p class='ocr_par' dir='ltr' id='par_1_22' title="bbox 468 2014 2046 2081">
     <span class='ocr_line' id='line_1_22' title="bbox 468 2014 2046 2081; baseline -0.002 -9"><span class='ocrx_word' id='word_1_140' title='bbox 468 2021 722 2077; x_wconf 82' lang='lat' dir='ltr'><strong>omnibus</strong></span> <span class='ocrx_word' id='word_1_141' title='bbox 768 2016 1086 2081; x_wconf 84' lang='lat' dir='ltr'><strong>laudemini,</strong></span> <span class='ocrx_word' id='word_1_142' title='bbox 1137 2031 1239 2071; x_wconf 89' lang='lat' dir='ltr'><strong>nec</strong></span> <span class='ocrx_word' id='word_1_143' title='bbox 1290 2014 1549 2071; x_wconf 81' lang='lat' dir='ltr'><strong>omnibus</strong></span> <span class='ocrx_word' id='word_1_144' title='bbox 1580 2014 1825 2070; x_wconf 81' lang='lat' dir='ltr'><strong>arrideat</strong></span> <span class='ocrx_word' id='word_1_145' title='bbox 1867 2022 2046 2069; x_wconf 87' lang='lat' dir='ltr'><strong>vestra</strong></span> 
     </span>
    </p>
   </div>
   <div class='ocr_carea' id='block_1_23' title="bbox 471 2106 2045 2178">
    <p class='ocr_par' dir='ltr' id='par_1_23' title="bbox 471 2106 2045 2178">
     <span class='ocr_line' id='line_1_23' title="bbox 471 2106 2045 2178; baseline -0.003 -10"><span class='ocrx_word' id='word_1_146' title='bbox 471 2110 737 2169; x_wconf 81' lang='lat' dir='ltr'><strong>sententia</strong></span> <span class='ocrx_word' id='word_1_147' title='bbox 766 2128 779 2164; x_wconf 91' lang='lat'><strong>:</strong></span> <span class='ocrx_word' id='word_1_148' title='bbox 811 2108 905 2169; x_wconf 81' lang='lat' dir='ltr'><strong>sed</strong></span> <span class='ocrx_word' id='word_1_149' title='bbox 936 2109 1006 2163; x_wconf 88' lang='lat' dir='ltr'><strong>sit</strong></span> <span class='ocrx_word' id='word_1_150' title='bbox 1058 2108 1280 2178; x_wconf 85' lang='lat' dir='ltr'><strong>aliquis,</strong></span> <span class='ocrx_word' id='word_1_151' title='bbox 1316 2106 1399 2160; x_wconf 89' lang='lat' dir='ltr'><strong>cui</strong></span> <span class='ocrx_word' id='word_1_152' title='bbox 1431 2106 1614 2177; x_wconf 84' lang='lat' dir='ltr'><strong>potius</strong></span> <span class='ocrx_word' id='word_1_153' title='bbox 1669 2108 2045 2163; x_wconf 87' lang='lat' dir='ltr'><strong>concertando</strong></span> 
     </span>
    </p>
   </div>
   <div class='ocr_carea' id='block_1_24' title="bbox 470 2200 2048 2276">
    <p class='ocr_par' dir='ltr' id='par_1_24' title="bbox 470 2200 2048 2276">
     <span class='ocr_line' id='line_1_24' title="bbox 470 2200 2048 2276; baseline 0 -20"><span class='ocrx_word' id='word_1_154' title='bbox 470 2205 780 2276; x_wconf 84' lang='lat' dir='ltr'><strong>placeretis.</strong></span> <span class='ocrx_word' id='word_1_155' title='bbox 806 2211 862 2259; x_wconf 89' lang='lat' dir='ltr'><strong>et</strong></span> <span class='ocrx_word' id='word_1_156' title='bbox 890 2201 1184 2276; x_wconf 58' lang='lat' dir='ltr'><strong>evertenda</strong></span> <span class='ocrx_word' id='word_1_157' title='bbox 1201 2200 1409 2265; x_wconf 87' lang='lat' dir='ltr'><strong>omnia,</strong></span> <span class='ocrx_word' id='word_1_158' title='bbox 1434 2215 1503 2255; x_wconf 88' lang='lat' dir='ltr'><strong>ne</strong></span> <span class='ocrx_word' id='word_1_159' title='bbox 1525 2200 1808 2272; x_wconf 73' lang='lat' dir='ltr'><strong>ignorasse</strong></span> <span class='ocrx_word' id='word_1_160' title='bbox 1826 2213 2048 2270; x_wconf 71' lang='lat' dir='ltr'><strong>praeter-</strong></span> 
     </span>
    </p>
   </div>
   <div class='ocr_carea' id='block_1_25' title="bbox 470 2291 2044 2365">
    <p class='ocr_par' dir='ltr' id='par_1_25' title="bbox 470 2291 2044 2365">
     <span class='ocr_line' id='line_1_25' title="bbox 470 2291 2044 2365; baseline -0.003 -13"><span class='ocrx_word' id='word_1_161' title='bbox 470 2298 548 2352; x_wconf 89' lang='lat' dir='ltr'><strong>ito</strong></span> <span class='ocrx_word' id='word_1_162' title='bbox 581 2304 823 2365; x_wconf 90' lang='lat' dir='ltr'><strong>tempore</strong></span> <span class='ocrx_word' id='word_1_163' title='bbox 870 2292 1015 2363; x_wconf 87' lang='lat' dir='ltr'><strong>quod</strong></span> <span class='ocrx_word' id='word_1_164' title='bbox 1046 2292 1189 2348; x_wconf 90' lang='lat' dir='ltr'><strong>credi</strong></span> <span class='ocrx_word' id='word_1_165' title='bbox 1221 2292 1507 2363; x_wconf 87' lang='lat' dir='ltr'><strong>oportebat</strong></span> <span class='ocrx_word' id='word_1_166' title='bbox 1555 2308 1568 2346; x_wconf 90' lang='lat'><strong>:</strong></span> <span class='ocrx_word' id='word_1_167' title='bbox 1610 2291 1907 2348; x_wconf 83' lang='lat' dir='ltr'><strong>videamini</strong></span> <span class='ocrx_word' id='word_1_168' title='bbox 1936 2308 2044 2347; x_wconf 91' lang='lat' dir='ltr'><strong>non</strong></span> 
     </span>
    </p>
   </div>
   <div class='ocr_carea' id='block_1_26' title="bbox 470 2383 2048 2457">
    <p class='ocr_par' dir='ltr' id='par_1_26' title="bbox 470 2383 2048 2457">
     <span class='ocr_line' id='line_1_26' title="bbox 470 2383 2048 2457; baseline -0.002 -16"><span class='ocrx_word' id='word_1_169' title='bbox 470 2388 679 2442; x_wconf 77' lang='lat' dir='ltr'><strong>debetis</strong></span> <span class='ocrx_word' id='word_1_170' title='bbox 714 2393 1000 2457; x_wconf 82' lang='lat' dir='ltr'><strong>propterea</strong></span> <span class='ocrx_word' id='word_1_171' title='bbox 1029 2397 1325 2454; x_wconf 89' lang='lat' dir='ltr'><strong>paucorum</strong></span> <span class='ocrx_word' id='word_1_172' title='bbox 1358 2383 1568 2450; x_wconf 90' lang='lat' dir='ltr'><strong>laudes,</strong></span> <span class='ocrx_word' id='word_1_173' title='bbox 1592 2397 1795 2453; x_wconf 87' lang='lat' dir='ltr'><strong>easque</strong></span> <span class='ocrx_word' id='word_1_174' title='bbox 1823 2384 2048 2438; x_wconf 87' lang='lat' dir='ltr'><strong>vitiosas</strong></span> 
     </span>
    </p>
   </div>
   <div class='ocr_carea' id='block_1_27' title="bbox 470 2472 2042 2542">
    <p class='ocr_par' dir='ltr' id='par_1_27' title="bbox 470 2472 2042 2542">
     <span class='ocr_line' id='line_1_27' title="bbox 470 2472 2042 2542; baseline -0.004 -11"><span class='ocrx_word' id='word_1_175' title='bbox 470 2485 810 2531; x_wconf 83' lang='lat' dir='ltr'><strong>commutare</strong></span> <span class='ocrx_word' id='word_1_176' title='bbox 854 2487 978 2528; x_wconf 90' lang='lat' dir='ltr'><strong>cum</strong></span> <span class='ocrx_word' id='word_1_177' title='bbox 1001 2472 1221 2528; x_wconf 82' lang='lat' dir='ltr'><strong>fastidio</strong></span> <span class='ocrx_word' id='word_1_178' title='bbox 1237 2472 1597 2542; x_wconf 88' lang='lat' dir='ltr'><strong>plurimorum</strong></span> <span class='ocrx_word' id='word_1_179' title='bbox 1615 2480 1669 2527; x_wconf 92' lang='lat' dir='ltr'><strong>et</strong></span> <span class='ocrx_word' id='word_1_180' title='bbox 1691 2472 2042 2542; x_wconf 81' lang='lat' dir='ltr'><strong>optimorum,</strong></span> 
     </span>
    </p>
   </div>
   <div class='ocr_carea' id='block_1_28' title="bbox 470 2565 2044 2638">
    <p class='ocr_par' dir='ltr' id='par_1_28' title="bbox 470 2565 2044 2638">
     <span class='ocr_line' id='line_1_28' title="bbox 470 2565 2044 2638; baseline -0.002 -15"><span class='ocrx_word' id='word_1_181' title='bbox 470 2578 525 2623; x_wconf 83' lang='lat' dir='ltr'><strong>et</strong></span> <span class='ocrx_word' id='word_1_182' title='bbox 543 2568 757 2638; x_wconf 76' lang='lat' dir='ltr'><strong>optima:</strong></span> <span class='ocrx_word' id='word_1_183' title='bbox 778 2568 852 2624; x_wconf 90' lang='lat' dir='ltr'><strong>rei</strong></span> <span class='ocrx_word' id='word_1_184' title='bbox 877 2582 1039 2623; x_wconf 88' lang='lat' dir='ltr'><strong>causa</strong></span> <span class='ocrx_word' id='word_1_185' title='bbox 1060 2575 1321 2636; x_wconf 83' lang='lat' dir='ltr'><strong>concepto</strong></span> <span class='ocrx_word' id='word_1_186' title='bbox 1345 2582 1359 2618; x_wconf 87' lang='lat'><strong>:</strong></span> <span class='ocrx_word' id='word_1_187' title='bbox 1392 2581 1514 2621; x_wconf 92' lang='lat' dir='ltr'><strong>cum</strong></span> <span class='ocrx_word' id='word_1_188' title='bbox 1535 2565 1659 2621; x_wconf 89' lang='lat' dir='ltr'><strong>licet</strong></span> <span class='ocrx_word' id='word_1_189' title='bbox 1678 2566 1858 2620; x_wconf 88' lang='lat' dir='ltr'><strong>cuncti</strong></span> <span class='ocrx_word' id='word_1_190' title='bbox 1881 2565 2044 2620; x_wconf 89' lang='lat' dir='ltr'><strong>simul</strong></span> 
     </span>
    </p>
   </div>
   <div class='ocr_carea' id='block_1_29' title="bbox 471 2656 2049 2730">
    <p class='ocr_par' dir='ltr' id='par_1_29' title="bbox 471 2656 2049 2730">
     <span class='ocr_line' id='line_1_29' title="bbox 471 2656 2049 2730; baseline -0.001 -17"><span class='ocrx_word' id='word_1_191' title='bbox 471 2675 636 2730; x_wconf 84' lang='lat' dir='ltr'><strong>prave</strong></span> <span class='ocrx_word' id='word_1_192' title='bbox 659 2660 919 2725; x_wconf 86' lang='lat' dir='ltr'><strong>sentiant,</strong></span> <span class='ocrx_word' id='word_1_193' title='bbox 952 2668 1007 2714; x_wconf 89' lang='lat' dir='ltr'><strong>et</strong></span> <span class='ocrx_word' id='word_1_194' title='bbox 1029 2658 1259 2719; x_wconf 82' lang='lat' dir='ltr'><strong>moleste</strong></span> <span class='ocrx_word' id='word_1_195' title='bbox 1289 2657 1392 2714; x_wconf 86' lang='lat' dir='ltr'><strong>hoc</strong></span> <span class='ocrx_word' id='word_1_196' title='bbox 1414 2656 1613 2723; x_wconf 83' lang='lat' dir='ltr'><strong>lerant,</strong></span> <span class='ocrx_word' id='word_1_197' title='bbox 1636 2672 1735 2713; x_wconf 87' lang='lat' dir='ltr'><strong>vos</strong></span> <span class='ocrx_word' id='word_1_198' title='bbox 1751 2665 1933 2713; x_wconf 85' lang='lat' dir='ltr'><strong>tamen</strong></span> <span class='ocrx_word' id='word_1_199' title='bbox 1964 2656 2049 2712; x_wconf 90' lang='lat' dir='ltr'><strong>ni-</strong></span> 
     </span>
    </p>
   </div>
   <div class='ocr_carea' id='block_1_30' title="bbox 473 2751 2047 2819">
    <p class='ocr_par' dir='ltr' id='par_1_30' title="bbox 473 2751 2047 2819">
     <span class='ocr_line' id='line_1_30' title="bbox 473 2751 2047 2819; baseline 0 -12"><span class='ocrx_word' id='word_1_200' title='bbox 473 2755 547 2809; x_wconf 79' lang='lat' dir='ltr'><strong>hil</strong></span> <span class='ocrx_word' id='word_1_201' title='bbox 570 2768 782 2819; x_wconf 85' lang='lat' dir='ltr'><strong>curare,</strong></span> <span class='ocrx_word' id='word_1_202' title='bbox 814 2752 907 2808; x_wconf 89' lang='lat' dir='ltr'><strong>sed</strong></span> <span class='ocrx_word' id='word_1_203' title='bbox 946 2762 1155 2807; x_wconf 88' lang='lat' dir='ltr'><strong>tantum</strong></span> <span class='ocrx_word' id='word_1_204' title='bbox 1186 2751 1252 2806; x_wconf 92' lang='lat' dir='ltr'><strong>de</strong></span> <span class='ocrx_word' id='word_1_205' title='bbox 1287 2751 1521 2807; x_wconf 87' lang='lat' dir='ltr'><strong>honesto</strong></span> <span class='ocrx_word' id='word_1_206' title='bbox 1546 2760 1601 2807; x_wconf 91' lang='lat' dir='ltr'><strong>et</strong></span> <span class='ocrx_word' id='word_1_207' title='bbox 1634 2765 1763 2807; x_wconf 87' lang='lat' dir='ltr'><strong>vero</strong></span> <span class='ocrx_word' id='word_1_208' title='bbox 1785 2751 2047 2807; x_wconf 83' lang='lat' dir='ltr'><strong>sollicitos</strong></span> 
     </span>
    </p>
   </div>
   <div class='ocr_carea' id='block_1_31' title="bbox 471 2844 2047 2916">
    <p class='ocr_par' dir='ltr' id='par_1_31' title="bbox 471 2844 2047 2916">
     <span class='ocr_line' id='line_1_31' title="bbox 471 2844 2047 2916; baseline -0.001 -17"><span class='ocrx_word' id='word_1_209' title='bbox 471 2862 593 2902; x_wconf 86' lang='lat' dir='ltr'><strong>esse</strong></span> <span class='ocrx_word' id='word_1_210' title='bbox 637 2853 917 2916; x_wconf 86' lang='lat' dir='ltr'><strong>oporteat:</strong></span> <span class='ocrx_word' id='word_1_211' title='bbox 961 2844 1094 2901; x_wconf 92' lang='lat' dir='ltr'><strong>illud</strong></span> <span class='ocrx_word' id='word_1_212' title='bbox 1143 2846 1378 2900; x_wconf 88' lang='lat' dir='ltr'><strong>scientes</strong></span> <span class='ocrx_word' id='word_1_213' title='bbox 1428 2859 1648 2900; x_wconf 90' lang='lat' dir='ltr'><strong>omnem</strong></span> <span class='ocrx_word' id='word_1_214' title='bbox 1685 2844 1965 2916; x_wconf 90' lang='lat' dir='ltr'><strong>querelam</strong></span> <span class='ocrx_word' id='word_1_215' title='bbox 1992 2852 2047 2900; x_wconf 88' lang='lat' dir='ltr'><strong>et</strong></span> 
     </span>
    </p>
   </div>
   <div class='ocr_carea' id='block_1_32' title="bbox 472 2936 2046 3010">
    <p class='ocr_par' dir='ltr' id='par_1_32' title="bbox 472 2936 2046 3010">
     <span class='ocr_line' id='line_1_32' title="bbox 472 2936 2046 3010; baseline -0.001 -19"><span class='ocrx_word' id='word_1_216' title='bbox 472 2938 865 3010; x_wconf 83' lang='lat' dir='ltr'><strong>oppositionem</strong></span> <span class='ocrx_word' id='word_1_217' title='bbox 900 2938 1147 2994; x_wconf 77' lang='lat' dir='ltr'><strong>frivolam</strong></span> <span class='ocrx_word' id='word_1_218' title='bbox 1176 2936 1312 3004; x_wconf 90' lang='lat' dir='ltr'><strong>lore,</strong></span> <span class='ocrx_word' id='word_1_219' title='bbox 1339 2936 1383 2991; x_wconf 90' lang='lat' dir='ltr'><strong>si</strong></span> <span class='ocrx_word' id='word_1_220' title='bbox 1416 2937 1578 2992; x_wconf 91' lang='lat' dir='ltr'><strong>modo</strong></span> <span class='ocrx_word' id='word_1_221' title='bbox 1605 2945 1724 2993; x_wconf 86' lang='lat' dir='ltr'><strong>rata</strong></span> <span class='ocrx_word' id='word_1_222' title='bbox 1759 2937 1891 3002; x_wconf 89' lang='lat' dir='ltr'><strong>sint,</strong></span> <span class='ocrx_word' id='word_1_223' title='bbox 1924 2951 2046 3008; x_wconf 71' lang='lat' dir='ltr'><strong>qua:</strong></span> 
     </span>
    </p>
   </div>
   <div class='ocr_carea' id='block_1_33' title="bbox 474 3027 2046 3093">
    <p class='ocr_par' dir='ltr' id='par_1_33' title="bbox 474 3027 2046 3093">
     <span class='ocr_line' id='line_1_33' title="bbox 474 3027 2046 3093; baseline 0 -10"><span class='ocrx_word' id='word_1_224' title='bbox 474 3031 603 3085; x_wconf 90' lang='lat' dir='ltr'><strong>lient</strong></span> <span class='ocrx_word' id='word_1_225' title='bbox 623 3046 652 3086; x_wconf 92' lang='lat' dir='ltr'><strong>a</strong></span> <span class='ocrx_word' id='word_1_226' title='bbox 669 3030 838 3086; x_wconf 83' lang='lat' dir='ltr'><strong>vobis.</strong></span> <span class='ocrx_word' id='word_1_227' title='bbox 857 3028 989 3084; x_wconf 86' lang='lat' dir='ltr'><strong>Nam</strong></span> <span class='ocrx_word' id='word_1_228' title='bbox 1012 3029 1056 3085; x_wconf 90' lang='lat' dir='ltr'><strong>si</strong></span> <span class='ocrx_word' id='word_1_229' title='bbox 1080 3044 1268 3089; x_wconf 86' lang='lat' dir='ltr'><strong>verum</strong></span> <span class='ocrx_word' id='word_1_230' title='bbox 1294 3038 1377 3085; x_wconf 89' lang='lat' dir='ltr'><strong>est</strong></span> <span class='ocrx_word' id='word_1_231' title='bbox 1396 3043 1428 3084; x_wconf 86' lang='lat' dir='ltr'><strong>a</strong></span> <span class='ocrx_word' id='word_1_232' title='bbox 1450 3044 1534 3083; x_wconf 91' lang='lat' dir='ltr'><strong>me</strong></span> <span class='ocrx_word' id='word_1_233' title='bbox 1558 3028 1871 3093; x_wconf 90' lang='lat' dir='ltr'><strong>dicendum,</strong></span> <span class='ocrx_word' id='word_1_234' title='bbox 1895 3027 2046 3083; x_wconf 93' lang='lat' dir='ltr'><strong>omni</strong></span> 
     </span>
    </p>
   </div>
   <div class='ocr_carea' id='block_1_34' title="bbox 2152 532 3691 609">
    <p class='ocr_par' dir='ltr' id='par_1_34' title="bbox 2152 532 3691 609">
     <span class='ocr_line' id='line_1_34' title="bbox 2152 532 3691 609; baseline -0.004 -15"><span class='ocrx_word' id='word_1_235' title='bbox 2152 541 2348 604; x_wconf 79' lang='grc' dir='ltr'>ἄλλους</span> <span class='ocrx_word' id='word_1_236' title='bbox 2390 542 2614 603; x_wconf 73' lang='grc' dir='ltr'>ἑκόντας</span> <span class='ocrx_word' id='word_1_237' title='bbox 2645 542 2712 609; x_wconf 79' lang='grc' dir='ltr'>τῇ</span> <span class='ocrx_word' id='word_1_238' title='bbox 2768 537 2969 607; x_wconf 84' lang='grc' dir='ltr'><strong>γνώσει</strong></span> <span class='ocrx_word' id='word_1_239' title='bbox 3016 536 3117 604; x_wconf 80' lang='grc' dir='ltr'><strong>τῆς</strong></span> <span class='ocrx_word' id='word_1_240' title='bbox 3173 533 3431 604; x_wconf 72' lang='grc' dir='ltr'><strong>ἀληθείας</strong></span> <span class='ocrx_word' id='word_1_241' title='bbox 3462 532 3691 603; x_wconf 81' lang='grc' dir='ltr'>ἀρκέσει.</span> 
     </span>
    </p>
   </div>
   <div class='ocr_carea' id='block_1_35' title="bbox 2147 624 3691 702">
    <p class='ocr_par' dir='ltr' id='par_1_35' title="bbox 2147 624 3691 702">
     <span class='ocr_line' id='line_1_35' title="bbox 2147 624 3691 702; baseline -0.005 -16"><span class='ocrx_word' id='word_1_242' title='bbox 2147 632 2311 686; x_wconf 80' lang='grc' dir='ltr'><strong>Ἀλλά</strong></span> <span class='ocrx_word' id='word_1_243' title='bbox 2332 632 2438 702; x_wconf 81' lang='grc' dir='ltr'>μὴν</span> <span class='ocrx_word' id='word_1_244' title='bbox 2459 631 2678 686; x_wconf 75' lang='grc' dir='ltr'>καὶτῶν</span> <span class='ocrx_word' id='word_1_245' title='bbox 2707 630 2803 684; x_wconf 74' lang='grc' dir='ltr'>νῦν</span> <span class='ocrx_word' id='word_1_246' title='bbox 2825 629 2995 683; x_wconf 73' lang='grc' dir='ltr'>ὅντων</span> <span class='ocrx_word' id='word_1_247' title='bbox 3012 627 3187 693; x_wconf 72' lang='grc' dir='ltr'>οὐδεὶς</span> <span class='ocrx_word' id='word_1_248' title='bbox 3210 626 3352 697; x_wconf 79' lang='grc' dir='ltr'>ὑμᾶς</span> <span class='ocrx_word' id='word_1_249' title='bbox 3374 624 3658 679; x_wconf 81' lang='grc' dir='ltr'>αἰτιάσεται</span> <span class='ocrx_word' id='word_1_250' title='bbox 3679 642 3691 658; x_wconf 88' lang='grc'><strong>·</strong></span> 
     </span>
    </p>
   </div>
   <div class='ocr_carea' id='block_1_36' title="bbox 2148 716 3693 797">
    <p class='ocr_par' dir='ltr' id='par_1_36' title="bbox 2148 716 3693 797">
     <span class='ocr_line' id='line_1_36' title="bbox 2148 716 3693 797; baseline -0.007 -16"><span class='ocrx_word' id='word_1_251' title='bbox 2148 726 2271 781; x_wconf 76' lang='grc' dir='ltr'>οὔτε</span> <span class='ocrx_word' id='word_1_252' title='bbox 2294 727 2403 797; x_wconf 77' lang='grc' dir='ltr'><strong>γὰρ</strong></span> <span class='ocrx_word' id='word_1_253' title='bbox 2427 729 2475 779; x_wconf 83' lang='lat' dir='ltr'><strong>oi</strong></span> <span class='ocrx_word' id='word_1_254' title='bbox 2501 725 2757 796; x_wconf 76' lang='grc' dir='ltr'><strong>Γραικοὶ,</strong></span> <span class='ocrx_word' id='word_1_255' title='bbox 2781 719 2865 783; x_wconf 77' lang='grc' dir='ltr'>οἷς</span> <span class='ocrx_word' id='word_1_256' title='bbox 2889 721 2986 776; x_wconf 72' lang='grc' dir='ltr'><strong>καὶ</strong></span> <span class='ocrx_word' id='word_1_257' title='bbox 3018 719 3231 773; x_wconf 84' lang='grc' dir='ltr'>πολλῶν</span> <span class='ocrx_word' id='word_1_258' title='bbox 3251 717 3541 787; x_wconf 74' lang='grc' dir='ltr'>ἐγκωμίων</span> <span class='ocrx_word' id='word_1_259' title='bbox 3572 716 3693 793; x_wconf 61' lang='lat' dir='ltr'><strong>seu»</strong></span> 
     </span>
    </p>
   </div>
   <div class='ocr_carea' id='block_1_37' title="bbox 2147 810 3694 887">
    <p class='ocr_par' dir='ltr' id='par_1_37' title="bbox 2147 810 3694 887">
     <span class='ocr_line' id='line_1_37' title="bbox 2147 810 3694 887; baseline -0.007 -15"><span class='ocrx_word' id='word_1_260' title='bbox 2147 818 2349 886; x_wconf 81' lang='grc' dir='ltr'>δόξετε,</span> <span class='ocrx_word' id='word_1_261' title='bbox 2378 820 2472 873; x_wconf 69' lang='grc' dir='ltr'>καὶ</span> <span class='ocrx_word' id='word_1_262' title='bbox 2499 817 2633 887; x_wconf 86' lang='grc' dir='ltr'>παρ’</span> <span class='ocrx_word' id='word_1_263' title='bbox 2659 812 2742 880; x_wconf 74' lang='grc' dir='ltr'>οἷς</span> <span class='ocrx_word' id='word_1_264' title='bbox 2764 814 3037 870; x_wconf 73' lang='grc' dir='ltr'><strong>ἀθανάτου</strong></span> <span class='ocrx_word' id='word_1_265' title='bbox 3062 810 3323 877; x_wconf 78' lang='grc' dir='ltr'><strong>τεύξεσθε</strong></span> <span class='ocrx_word' id='word_1_266' title='bbox 3351 811 3584 880; x_wconf 82' lang='grc' dir='ltr'><strong>μνήμης,</strong></span> <span class='ocrx_word' id='word_1_267' title='bbox 3612 810 3694 862; x_wconf 81' lang='grc' dir='ltr'><strong>ἀτε</strong></span> 
     </span>
    </p>
   </div>
   <div class='ocr_carea' id='block_1_38' title="bbox 2147 903 3695 982">
    <p class='ocr_par' dir='ltr' id='par_1_38' title="bbox 2147 903 3695 982">
     <span class='ocr_line' id='line_1_38' title="bbox 2147 903 3695 982; baseline -0.007 -15"><span class='ocrx_word' id='word_1_268' title='bbox 2147 913 2242 967; x_wconf 72' lang='grc' dir='ltr'><strong>καὶ</strong></span> <span class='ocrx_word' id='word_1_269' title='bbox 2299 913 2546 982; x_wconf 82' lang='grc' dir='ltr'>χρήμασι</span> <span class='ocrx_word' id='word_1_270' title='bbox 2579 910 2675 963; x_wconf 72' lang='grc' dir='ltr'>καὶ</span> <span class='ocrx_word' id='word_1_271' title='bbox 2711 908 2928 978; x_wconf 89' lang='grc' dir='ltr'>σώμασι</span> <span class='ocrx_word' id='word_1_272' title='bbox 2964 905 3058 960; x_wconf 71' lang='grc' dir='ltr'>καὶ</span> <span class='ocrx_word' id='word_1_273' title='bbox 3095 906 3259 975; x_wconf 74' lang='grc' dir='ltr'>σοφίᾳ</span> <span class='ocrx_word' id='word_1_274' title='bbox 3292 907 3386 957; x_wconf 70' lang='grc' dir='ltr'><strong>καὶ</strong></span> <span class='ocrx_word' id='word_1_275' title='bbox 3424 903 3481 957; x_wconf 68' lang='grc' dir='ltr'>τὸ</span> <span class='ocrx_word' id='word_1_276' title='bbox 3532 904 3695 957; x_wconf 85' lang='grc' dir='ltr'>τελευ-</span> 
     </span>
    </p>
   </div>
   <div class='ocr_carea' id='block_1_39' title="bbox 2148 996 3693 1073">
    <p class='ocr_par' dir='ltr' id='par_1_39' title="bbox 2148 996 3693 1073">
     <span class='ocr_line' id='line_1_39' title="bbox 2148 996 3693 1073; baseline -0.008 -15"><span class='ocrx_word' id='word_1_277' title='bbox 2148 1006 2302 1059; x_wconf 86' lang='grc' dir='ltr'>ταῖον</span> <span class='ocrx_word' id='word_1_278' title='bbox 2334 1000 2835 1073; x_wconf 74' lang='grc' dir='ltr'>ταπεινοφροσύνῃ,</span> <span class='ocrx_word' id='word_1_279' title='bbox 2868 1001 2962 1057; x_wconf 73' lang='grc' dir='ltr'>καὶ</span> <span class='ocrx_word' id='word_1_280' title='bbox 2984 999 3266 1068; x_wconf 79' lang='grc' dir='ltr'><strong>λογισμοῖς</strong></span> <span class='ocrx_word' id='word_1_281' title='bbox 3288 1013 3402 1050; x_wconf 84' lang='grc' dir='ltr'>τισι</span> <span class='ocrx_word' id='word_1_282' title='bbox 3426 996 3693 1065; x_wconf 74' lang='grc' dir='ltr'>Θειοτέροις</span> 
     </span>
    </p>
   </div>
   <div class='ocr_carea' id='block_1_40' title="bbox 2147 1093 3692 1170">
    <p class='ocr_par' dir='ltr' id='par_1_40' title="bbox 2147 1093 3692 1170">
     <span class='ocr_line' id='line_1_40' title="bbox 2147 1093 3692 1170; baseline -0.006 -16"><span class='ocrx_word' id='word_1_283' title='bbox 2147 1102 2208 1154; x_wconf 79' lang='grc' dir='ltr'><strong>τὸ</strong></span> <span class='ocrx_word' id='word_1_284' title='bbox 2240 1099 2339 1168; x_wconf 85' lang='grc' dir='ltr'>τῆς</span> <span class='ocrx_word' id='word_1_285' title='bbox 2365 1098 2591 1170; x_wconf 78' lang='grc' dir='ltr'><strong>εἰρήνης</strong></span> <span class='ocrx_word' id='word_1_286' title='bbox 2623 1098 2815 1167; x_wconf 82' lang='grc' dir='ltr'>χρῆμα</span> <span class='ocrx_word' id='word_1_287' title='bbox 2847 1097 3001 1167; x_wconf 91' lang='grc' dir='ltr'>μόνοι</span> <span class='ocrx_word' id='word_1_288' title='bbox 3038 1093 3226 1167; x_wconf 65' lang='grc' dir='ltr'>σχεδὸν</span> <span class='ocrx_word' id='word_1_289' title='bbox 3261 1093 3512 1147; x_wconf 80' lang='grc' dir='ltr'>ἁπάντων</span> <span class='ocrx_word' id='word_1_290' title='bbox 3542 1109 3692 1144; x_wconf 76' lang='grc' dir='ltr'>κατα-</span> 
     </span>
    </p>
   </div>
   <div class='ocr_carea' id='block_1_41' title="bbox 2149 1184 3693 1261">
    <p class='ocr_par' dir='ltr' id='par_1_41' title="bbox 2149 1184 3693 1261">
     <span class='ocr_line' id='line_1_41' title="bbox 2149 1184 3693 1261; baseline -0.006 -17"><span class='ocrx_word' id='word_1_291' title='bbox 2149 1188 2492 1261; x_wconf 79' lang='grc' dir='ltr'>πραξάμενοι</span> <span class='ocrx_word' id='word_1_292' title='bbox 2514 1207 2529 1222; x_wconf 82' lang='grc'><em>’</em></span> <span class='ocrx_word' id='word_1_293' title='bbox 2562 1188 2676 1243; x_wconf 73' lang='grc' dir='ltr'>οὗθ’</span> <span class='ocrx_word' id='word_1_294' title='bbox 2711 1190 2870 1256; x_wconf 84' lang='grc' dir='ltr'>ὑμεῖς</span> <span class='ocrx_word' id='word_1_295' title='bbox 2899 1188 3151 1252; x_wconf 75' lang='grc' dir='ltr'>ἑαυτοὺς,</span> <span class='ocrx_word' id='word_1_296' title='bbox 3183 1185 3309 1240; x_wconf 69' lang='grc' dir='ltr'>οὔτε</span> <span class='ocrx_word' id='word_1_297' title='bbox 3349 1203 3430 1248; x_wconf 86' lang='grc' dir='ltr'><strong>τις</strong></span> <span class='ocrx_word' id='word_1_298' title='bbox 3453 1184 3553 1236; x_wconf 83' lang='grc' dir='ltr'><strong>τῶν</strong></span> <span class='ocrx_word' id='word_1_299' title='bbox 3582 1185 3693 1250; x_wconf 82' lang='grc' dir='ltr'>ὑμῖν</span> 
     </span>
    </p>
   </div>
   <div class='ocr_carea' id='block_1_42' title="bbox 2149 1273 3691 1351">
    <p class='ocr_par' dir='ltr' id='par_1_42' title="bbox 2149 1273 3691 1351">
     <span class='ocr_line' id='line_1_42' title="bbox 2149 1273 3691 1351; baseline -0.006 -16"><span class='ocrx_word' id='word_1_300' title='bbox 2149 1280 2587 1351; x_wconf 80' lang='grc' dir='ltr'><strong>προσκειμένων.</strong></span> <span class='ocrx_word' id='word_1_301' title='bbox 2625 1280 2831 1343; x_wconf 79' lang='grc' dir='ltr'><strong>Πάντες</strong></span> <span class='ocrx_word' id='word_1_302' title='bbox 2878 1279 2984 1348; x_wconf 83' lang='grc' dir='ltr'><strong>γὰρ</strong></span> <span class='ocrx_word' id='word_1_303' title='bbox 3015 1278 3091 1342; x_wconf 88' lang='grc' dir='ltr'><strong>ώς</strong></span> <span class='ocrx_word' id='word_1_304' title='bbox 3128 1275 3373 1347; x_wconf 83' lang='grc' dir='ltr'>ἡκούσας</span> <span class='ocrx_word' id='word_1_305' title='bbox 3426 1274 3529 1328; x_wconf 77' lang='grc' dir='ltr'><strong>ἀπὸ</strong></span> <span class='ocrx_word' id='word_1_306' title='bbox 3576 1273 3691 1326; x_wconf 79' lang='grc' dir='ltr'>Θεοῦ</span> 
     </span>
    </p>
   </div>
   <div class='ocr_carea' id='block_1_43' title="bbox 2146 1364 3692 1442">
    <p class='ocr_par' dir='ltr' id='par_1_43' title="bbox 2146 1364 3692 1442">
     <span class='ocr_line' id='line_1_43' title="bbox 2146 1364 3692 1442; baseline -0.004 -18"><span class='ocrx_word' id='word_1_307' title='bbox 2146 1372 2244 1435; x_wconf 71' lang='grc' dir='ltr'>τὰς</span> <span class='ocrx_word' id='word_1_308' title='bbox 2280 1372 2556 1442; x_wconf 81' lang='grc' dir='ltr'><strong>ὑμετέρας</strong></span> <span class='ocrx_word' id='word_1_309' title='bbox 2611 1372 2829 1442; x_wconf 68' lang='grc' dir='ltr'>ψήφους</span> <span class='ocrx_word' id='word_1_310' title='bbox 2879 1371 3214 1442; x_wconf 79' lang='grc' dir='ltr'>ἀρπάσουσι,</span> <span class='ocrx_word' id='word_1_311' title='bbox 3274 1364 3434 1421; x_wconf 79' lang='grc' dir='ltr'>τοῦτο</span> <span class='ocrx_word' id='word_1_312' title='bbox 3473 1366 3566 1436; x_wconf 81' lang='grc' dir='ltr'>μὲν</span> <span class='ocrx_word' id='word_1_313' title='bbox 3612 1368 3692 1419; x_wconf 64' lang='lat' dir='ltr'><strong>an</strong></span> 
     </span>
    </p>
   </div>
   <div class='ocr_carea' id='block_1_44' title="bbox 2146 1458 3691 1535">
    <p class='ocr_par' dir='ltr' id='par_1_44' title="bbox 2146 1458 3691 1535">
     <span class='ocr_line' id='line_1_44' title="bbox 2146 1458 3691 1535; baseline -0.014 -6"><span class='ocrx_word' id='word_1_314' title='bbox 2146 1464 2249 1534; x_wconf 82' lang='grc' dir='ltr'><strong>τῆς</strong></span> <span class='ocrx_word' id='word_1_315' title='bbox 2289 1465 2617 1533; x_wconf 79' lang='grc' dir='ltr'>Ἐκκλησίας</span> <span class='ocrx_word' id='word_1_316' title='bbox 2649 1466 2870 1535; x_wconf 86' lang='grc' dir='ltr'>ἀπάσης</span> <span class='ocrx_word' id='word_1_317' title='bbox 2901 1462 3071 1535; x_wconf 73' lang='grc' dir='ltr'>οὔσης</span> <span class='ocrx_word' id='word_1_318' title='bbox 3106 1460 3265 1534; x_wconf 78' lang='grc' dir='ltr'>ὁμοῦ,</span> <span class='ocrx_word' id='word_1_319' title='bbox 3322 1461 3389 1531; x_wconf 70' lang='grc' dir='ltr'><strong>ἢν</strong></span> <span class='ocrx_word' id='word_1_320' title='bbox 3417 1459 3513 1513; x_wconf 80' lang='grc' dir='ltr'><strong>οὐκ</strong></span> <span class='ocrx_word' id='word_1_321' title='bbox 3540 1458 3691 1509; x_wconf 73' lang='grc' dir='ltr'>ἔνεστι</span> 
     </span>
    </p>
   </div>
   <div class='ocr_carea' id='block_1_45' title="bbox 2149 1552 3692 1624">
    <p class='ocr_par' dir='ltr' id='par_1_45' title="bbox 2149 1552 3692 1624">
     <span class='ocr_line' id='line_1_45' title="bbox 2149 1552 3692 1624; baseline -0.005 -15"><span class='ocrx_word' id='word_1_322' title='bbox 2149 1555 2516 1624; x_wconf 75' lang='grc' dir='ltr'><strong>πλανηθῆναι,</strong></span> <span class='ocrx_word' id='word_1_323' title='bbox 2563 1555 2723 1611; x_wconf 83' lang='grc' dir='ltr'>τοῦτο</span> <span class='ocrx_word' id='word_1_324' title='bbox 2779 1555 2959 1610; x_wconf 76' lang='grc' dir='ltr'>δὲκαὶ</span> <span class='ocrx_word' id='word_1_325' title='bbox 3006 1556 3083 1617; x_wconf 89' lang='grc' dir='ltr'><strong>ώς</strong></span> <span class='ocrx_word' id='word_1_326' title='bbox 3144 1553 3368 1624; x_wconf 76' lang='grc' dir='ltr'><strong>εἰρήνης</strong></span> <span class='ocrx_word' id='word_1_327' title='bbox 3403 1552 3607 1614; x_wconf 75' lang='grc' dir='ltr'>αἰτίαςο</span> <span class='ocrx_word' id='word_1_328' title='bbox 3638 1552 3692 1621; x_wconf 75' lang='grc' dir='ltr'>ἦν</span> 
     </span>
    </p>
   </div>
   <div class='ocr_carea' id='block_1_46' title="bbox 2149 1638 3692 1722">
    <p class='ocr_par' dir='ltr' id='par_1_46' title="bbox 2149 1638 3692 1722">
     <span class='ocr_line' id='line_1_46' title="bbox 2149 1638 3692 1722; baseline -0.005 -18"><span class='ocrx_word' id='word_1_329' title='bbox 2149 1650 2480 1719; x_wconf 72' lang='grc' dir='ltr'>ἐπιθυμοῦσι</span> <span class='ocrx_word' id='word_1_330' title='bbox 2506 1652 2710 1712; x_wconf 86' lang='grc' dir='ltr'>πάντες</span> <span class='ocrx_word' id='word_1_331' title='bbox 2752 1648 2878 1703; x_wconf 74' lang='grc' dir='ltr'>ἰδεῖν</span> <span class='ocrx_word' id='word_1_332' title='bbox 2898 1663 2915 1681; x_wconf 76' lang='grc'><strong><em>⁸</em></strong></span> <span class='ocrx_word' id='word_1_333' title='bbox 2938 1646 3116 1722; x_wconf 73' lang='grc' dir='ltr'>ταύτῃ</span> <span class='ocrx_word' id='word_1_334' title='bbox 3140 1646 3255 1700; x_wconf 92' lang='grc' dir='ltr'><strong>τῶν</strong></span> <span class='ocrx_word' id='word_1_335' title='bbox 3284 1644 3611 1717; x_wconf 77' lang='grc' dir='ltr'><strong>ἀνηκέστων,</strong></span> <span class='ocrx_word' id='word_1_336' title='bbox 3632 1638 3692 1697; x_wconf 79' lang='grc' dir='ltr'>ὧν</span> 
     </span>
    </p>
   </div>
   <div class='ocr_carea' id='block_1_47' title="bbox 2150 1736 3691 1815">
    <p class='ocr_par' dir='ltr' id='par_1_47' title="bbox 2150 1736 3691 1815">
     <span class='ocr_line' id='line_1_47' title="bbox 2150 1736 3691 1815; baseline -0.005 -18"><span class='ocrx_word' id='word_1_337' title='bbox 2150 1743 2279 1815; x_wconf 85' lang='grc' dir='ltr'>παρ’</span> <span class='ocrx_word' id='word_1_338' title='bbox 2315 1741 2602 1813; x_wconf 75' lang='grc' dir='ltr'>ἑκατέροις</span> <span class='ocrx_word' id='word_1_339' title='bbox 2627 1736 2762 1812; x_wconf 81' lang='grc' dir='ltr'>ἦρξε</span> <span class='ocrx_word' id='word_1_340' title='bbox 2787 1740 2849 1793; x_wconf 78' lang='grc' dir='ltr'><strong>τὸ</strong></span> <span class='ocrx_word' id='word_1_341' title='bbox 2878 1741 3108 1811; x_wconf 78' lang='grc' dir='ltr'>σχίσμα,</span> <span class='ocrx_word' id='word_1_342' title='bbox 3141 1737 3549 1810; x_wconf 77' lang='grc' dir='ltr'>προσδοκῶντες</span> <span class='ocrx_word' id='word_1_343' title='bbox 3576 1739 3691 1791; x_wconf 78' lang='grc' dir='ltr'>πάν-</span> 
     </span>
    </p>
   </div>
   <div class='ocr_carea' id='block_1_48' title="bbox 2148 1818 3693 1904">
    <p class='ocr_par' dir='ltr' id='par_1_48' title="bbox 2148 1818 3693 1904">
     <span class='ocr_line' id='line_1_48' title="bbox 2148 1818 3693 1904; baseline -0.005 -15"><span class='ocrx_word' id='word_1_344' title='bbox 2148 1854 2259 1889; x_wconf 87' lang='grc' dir='ltr'><strong>των</strong></span> <span class='ocrx_word' id='word_1_345' title='bbox 2302 1832 2819 1904; x_wconf 79' lang='grc' dir='ltr'>ἀπαλλαγήσεσθαι.</span> <span class='ocrx_word' id='word_1_346' title='bbox 2847 1833 2911 1888; x_wconf 85' lang='lat' dir='ltr'><strong>Ei</strong></span> <span class='ocrx_word' id='word_1_347' title='bbox 2941 1832 2997 1886; x_wconf 62' lang='grc' dir='ltr'>δὲ</span> <span class='ocrx_word' id='word_1_348' title='bbox 3052 1832 3256 1904; x_wconf 78' lang='grc' dir='ltr'>καὶμὴ</span> <span class='ocrx_word' id='word_1_349' title='bbox 3305 1818 3511 1894; x_wconf 82' lang='grc' dir='ltr'>πάντας</span> <span class='ocrx_word' id='word_1_350' title='bbox 3556 1833 3693 1884; x_wconf 68' lang='grc' dir='ltr'>ἔπαιε</span> 
     </span>
    </p>
   </div>
   <div class='ocr_carea' id='block_1_49' title="bbox 2149 1921 3690 1995">
    <p class='ocr_par' dir='ltr' id='par_1_49' title="bbox 2149 1921 3690 1995">
     <span class='ocr_line' id='line_1_49' title="bbox 2149 1921 3690 1995; baseline -0.005 -15"><span class='ocrx_word' id='word_1_351' title='bbox 2149 1925 2382 1989; x_wconf 87' lang='grc' dir='ltr'>νοῦντας</span> <span class='ocrx_word' id='word_1_352' title='bbox 2406 1923 2559 1991; x_wconf 66' lang='grc' dir='ltr'>ἕξετε</span> <span class='ocrx_word' id='word_1_353' title='bbox 2587 1924 2684 1979; x_wconf 78' lang='grc' dir='ltr'>καὶ</span> <span class='ocrx_word' id='word_1_354' title='bbox 2707 1926 2827 1986; x_wconf 86' lang='grc' dir='ltr'>ταῖς</span> <span class='ocrx_word' id='word_1_355' title='bbox 2854 1923 3153 1995; x_wconf 74' lang='grc' dir='ltr'>ὑμετέραις</span> <span class='ocrx_word' id='word_1_356' title='bbox 3173 1922 3467 1993; x_wconf 82' lang='grc' dir='ltr'>χαίροντας</span> <span class='ocrx_word' id='word_1_357' title='bbox 3492 1921 3690 1992; x_wconf 73' lang='grc' dir='ltr'>ψήφοις,</span> 
     </span>
    </p>
   </div>
   <div class='ocr_carea' id='block_1_50' title="bbox 2148 2009 3693 2087">
    <p class='ocr_par' dir='ltr' id='par_1_50' title="bbox 2148 2009 3693 2087">
     <span class='ocr_line' id='line_1_50' title="bbox 2148 2009 3693 2087; baseline -0.006 -14"><span class='ocrx_word' id='word_1_358' title='bbox 2148 2017 2265 2074; x_wconf 82' lang='grc' dir='ltr'>ἀλλ’</span> <span class='ocrx_word' id='word_1_359' title='bbox 2286 2019 2564 2085; x_wconf 77' lang='grc' dir='ltr'>ἐσταιτις,</span> <span class='ocrx_word' id='word_1_360' title='bbox 2591 2009 2636 2086; x_wconf 83' lang='grc' dir='ltr'><strong>ᾧ</strong></span> <span class='ocrx_word' id='word_1_361' title='bbox 2669 2015 3103 2087; x_wconf 76' lang='grc' dir='ltr'>φιλονεικοῦντες</span> <span class='ocrx_word' id='word_1_362' title='bbox 3136 2012 3347 2086; x_wconf 80' lang='grc' dir='ltr'>μᾶλλον</span> <span class='ocrx_word' id='word_1_363' title='bbox 3391 2013 3613 2085; x_wconf 76' lang='grc' dir='ltr'>ἡρέσατε</span> <span class='ocrx_word' id='word_1_364' title='bbox 3639 2012 3693 2065; x_wconf 81' lang='grc' dir='ltr'>ἂν</span> 
     </span>
    </p>
   </div>
   <div class='ocr_carea' id='block_1_51' title="bbox 2149 2107 3694 2183">
    <p class='ocr_par' dir='ltr' id='par_1_51' title="bbox 2149 2107 3694 2183">
     <span class='ocr_line' id='line_1_51' title="bbox 2149 2107 3694 2183; baseline -0.006 -15"><span class='ocrx_word' id='word_1_365' title='bbox 2149 2115 2243 2170; x_wconf 73' lang='grc' dir='ltr'>καὶ</span> <span class='ocrx_word' id='word_1_366' title='bbox 2266 2110 2422 2168; x_wconf 80' lang='grc' dir='ltr'>πάντ’</span> <span class='ocrx_word' id='word_1_367' title='bbox 2450 2111 2891 2183; x_wconf 78' lang='grc' dir='ltr'>ἀνατρέποντες,</span> <span class='ocrx_word' id='word_1_368' title='bbox 2911 2110 3054 2165; x_wconf 87' lang='grc' dir='ltr'>ὥστε</span> <span class='ocrx_word' id='word_1_369' title='bbox 3084 2110 3161 2183; x_wconf 75' lang='grc' dir='ltr'><strong>μή</strong></span> <span class='ocrx_word' id='word_1_370' title='bbox 3207 2109 3366 2178; x_wconf 78' lang='grc' dir='ltr'>δόξαι</span> <span class='ocrx_word' id='word_1_371' title='bbox 3396 2108 3486 2161; x_wconf 78' lang='grc' dir='ltr'><strong>τὸν</strong></span> <span class='ocrx_word' id='word_1_372' title='bbox 3515 2107 3694 2176; x_wconf 62' lang='grc' dir='ltr'>ιμκροο</span> 
     </span>
    </p>
   </div>
   <div class='ocr_carea' id='block_1_52' title="bbox 2150 2199 3690 2278">
    <p class='ocr_par' dir='ltr' id='par_1_52' title="bbox 2150 2199 3690 2278">
     <span class='ocr_line' id='line_1_52' title="bbox 2150 2199 3690 2278; baseline -0.007 -17"><span class='ocrx_word' id='word_1_373' title='bbox 2150 2207 2277 2262; x_wconf 88' lang='grc' dir='ltr'>σθεν</span> <span class='ocrx_word' id='word_1_374' title='bbox 2308 2204 2503 2278; x_wconf 85' lang='grc' dir='ltr'>χρόνον</span> <span class='ocrx_word' id='word_1_375' title='bbox 2537 2204 2868 2274; x_wconf 72' lang='grc' dir='ltr'>ἠγνοηκέναι</span> <span class='ocrx_word' id='word_1_376' title='bbox 2921 2203 2982 2257; x_wconf 83' lang='grc' dir='ltr'><strong>τὸ</strong></span> <span class='ocrx_word' id='word_1_377' title='bbox 3019 2202 3163 2257; x_wconf 80' lang='grc' dir='ltr'>δέον.</span> <span class='ocrx_word' id='word_1_378' title='bbox 3202 2201 3327 2256; x_wconf 80' lang='grc' dir='ltr'>ἀλλ’</span> <span class='ocrx_word' id='word_1_379' title='bbox 3374 2199 3435 2255; x_wconf 74' lang='grc' dir='ltr'>οὗ</span> <span class='ocrx_word' id='word_1_380' title='bbox 3482 2200 3559 2252; x_wconf 83' lang='grc' dir='ltr'><strong>δεῖ</strong></span> <span class='ocrx_word' id='word_1_381' title='bbox 3584 2199 3690 2260; x_wconf 69' lang='grc' dir='ltr'>τοὺς</span> 
     </span>
    </p>
   </div>
   <div class='ocr_carea' id='block_1_53' title="bbox 2151 2292 3690 2369">
    <p class='ocr_par' dir='ltr' id='par_1_53' title="bbox 2151 2292 3690 2369">
     <span class='ocr_line' id='line_1_53' title="bbox 2151 2292 3690 2369; baseline -0.006 -16"><span class='ocrx_word' id='word_1_382' title='bbox 2151 2299 2303 2369; x_wconf 79' lang='grc' dir='ltr'><strong>παρά</strong></span> <span class='ocrx_word' id='word_1_383' title='bbox 2334 2298 2445 2352; x_wconf 85' lang='grc' dir='ltr'><strong>τῶν</strong></span> <span class='ocrx_word' id='word_1_384' title='bbox 2479 2296 2681 2367; x_wconf 78' lang='grc' dir='ltr'>ὀλίγων</span> <span class='ocrx_word' id='word_1_385' title='bbox 2735 2298 2825 2352; x_wconf 84' lang='grc' dir='ltr'>καὶ</span> <span class='ocrx_word' id='word_1_386' title='bbox 2857 2296 3012 2351; x_wconf 77' lang='grc' dir='ltr'>ταῦτ’</span> <span class='ocrx_word' id='word_1_387' title='bbox 3066 2297 3157 2351; x_wconf 67' lang='grc' dir='ltr'>επὶ</span> <span class='ocrx_word' id='word_1_388' title='bbox 3191 2294 3353 2365; x_wconf 86' lang='grc' dir='ltr'>κακῷ</span> <span class='ocrx_word' id='word_1_389' title='bbox 3405 2292 3690 2364; x_wconf 75' lang='grc' dir='ltr'>γινομένους</span> 
     </span>
    </p>
   </div>
   <div class='ocr_carea' id='block_1_54' title="bbox 2150 2386 3691 2461">
    <p class='ocr_par' dir='ltr' id='par_1_54' title="bbox 2150 2386 3691 2461">
     <span class='ocr_line' id='line_1_54' title="bbox 2150 2386 3691 2461; baseline -0.006 -16"><span class='ocrx_word' id='word_1_390' title='bbox 2150 2392 2408 2457; x_wconf 64' lang='grc' dir='ltr'>ἐπαίνους</span> <span class='ocrx_word' id='word_1_391' title='bbox 2446 2390 2547 2459; x_wconf 79' lang='grc' dir='ltr'>τῆς</span> <span class='ocrx_word' id='word_1_392' title='bbox 2579 2391 2731 2461; x_wconf 83' lang='grc' dir='ltr'>παρὰ</span> <span class='ocrx_word' id='word_1_393' title='bbox 2777 2389 2887 2445; x_wconf 86' lang='grc' dir='ltr'><strong>τῶν</strong></span> <span class='ocrx_word' id='word_1_394' title='bbox 2914 2388 3186 2444; x_wconf 86' lang='grc' dir='ltr'>πλείστων</span> <span class='ocrx_word' id='word_1_395' title='bbox 3208 2404 3270 2442; x_wconf 79' lang='grc' dir='ltr'><strong>τε</strong></span> <span class='ocrx_word' id='word_1_396' title='bbox 3308 2387 3400 2442; x_wconf 77' lang='grc' dir='ltr'><strong>καὶ</strong></span> <span class='ocrx_word' id='word_1_397' title='bbox 3429 2386 3691 2459; x_wconf 83' lang='grc' dir='ltr'>βελτίστων</span> 
     </span>
    </p>
   </div>
   <div class='ocr_carea' id='block_1_55' title="bbox 2149 2480 3689 2555">
    <p class='ocr_par' dir='ltr' id='par_1_55' title="bbox 2149 2480 3689 2555">
     <span class='ocr_line' id='line_1_55' title="bbox 2149 2480 3689 2555; baseline -0.008 -12"><span class='ocrx_word' id='word_1_398' title='bbox 2149 2486 2245 2543; x_wconf 72' lang='grc' dir='ltr'><strong>καὶ</strong></span> <span class='ocrx_word' id='word_1_399' title='bbox 2274 2484 2366 2539; x_wconf 81' lang='grc' dir='ltr'>τοῦ</span> <span class='ocrx_word' id='word_1_400' title='bbox 2420 2484 2702 2555; x_wconf 76' lang='grc' dir='ltr'>βελτίστου</span> <span class='ocrx_word' id='word_1_401' title='bbox 2732 2484 2892 2555; x_wconf 85' lang='grc' dir='ltr'>χάριν</span> <span class='ocrx_word' id='word_1_402' title='bbox 2927 2482 3122 2553; x_wconf 81' lang='grc' dir='ltr'>ἀηδίας</span> <span class='ocrx_word' id='word_1_403' title='bbox 3159 2481 3536 2546; x_wconf 69' lang='grc' dir='ltr'>ἀλλάξασθαι·</span> <span class='ocrx_word' id='word_1_404' title='bbox 3574 2480 3689 2532; x_wconf 84' lang='grc' dir='ltr'>ὅπου</span> 
     </span>
    </p>
   </div>
   <div class='ocr_carea' id='block_1_56' title="bbox 2084 2570 3747 2647">
    <p class='ocr_par' dir='ltr' id='par_1_56' title="bbox 2084 2570 3747 2647">
     <span class='ocr_line' id='line_1_56' title="bbox 2084 2570 3747 2647; baseline -0.018 0"><span class='ocrx_word' id='word_1_405' title='bbox 2084 2620 2087 2625; x_wconf 61' lang='grc' dir='ltr'><strong>λ</strong></span> <span class='ocrx_word' id='word_1_406' title='bbox 2149 2592 2212 2646; x_wconf 83' lang='grc' dir='ltr'><strong>τε</strong></span> <span class='ocrx_word' id='word_1_407' title='bbox 2242 2576 2338 2630; x_wconf 74' lang='grc' dir='ltr'><strong>καὶ</strong></span> <span class='ocrx_word' id='word_1_408' title='bbox 2382 2574 2601 2629; x_wconf 75' lang='grc' dir='ltr'>πάντων</span> <span class='ocrx_word' id='word_1_409' title='bbox 2647 2574 2765 2644; x_wconf 71' lang='grc' dir='ltr'>ἅμα</span> <span class='ocrx_word' id='word_1_410' title='bbox 2798 2571 3163 2644; x_wconf 70' lang='grc' dir='ltr'>διεφθορότων</span> <span class='ocrx_word' id='word_1_411' title='bbox 3204 2572 3306 2625; x_wconf 73' lang='grc' dir='ltr'>καὶ</span> <span class='ocrx_word' id='word_1_412' title='bbox 3335 2570 3502 2625; x_wconf 77' lang='grc' dir='ltr'>δεινὸν</span> <span class='ocrx_word' id='word_1_413' title='bbox 3529 2585 3685 2623; x_wconf 77' lang='grc' dir='ltr'>ποιον-</span> <span class='ocrx_word' id='word_1_414' title='bbox 3732 2630 3747 2647; x_wconf 47' lang='grc' dir='ltr'><em>Ι</em></span> 
     </span>
    </p>
   </div>
   <div class='ocr_carea' id='block_1_57' title="bbox 2152 2659 3692 2738">
    <p class='ocr_par' dir='ltr' id='par_1_57' title="bbox 2152 2659 3692 2738">
     <span class='ocr_line' id='line_1_57' title="bbox 2152 2659 3692 2738; baseline -0.006 -16"><span class='ocrx_word' id='word_1_415' title='bbox 2152 2669 2331 2738; x_wconf 74' lang='grc' dir='ltr'>μένων</span> <span class='ocrx_word' id='word_1_416' title='bbox 2351 2667 2411 2721; x_wconf 85' lang='grc' dir='ltr'><strong>τδ</strong></span> <span class='ocrx_word' id='word_1_417' title='bbox 2434 2667 2693 2738; x_wconf 78' lang='grc' dir='ltr'>πρᾶγμα,</span> <span class='ocrx_word' id='word_1_418' title='bbox 2723 2666 2914 2720; x_wconf 78' lang='grc' dir='ltr'>οὐδένα</span> <span class='ocrx_word' id='word_1_419' title='bbox 2944 2666 3104 2736; x_wconf 83' lang='grc' dir='ltr'>λόγον</span> <span class='ocrx_word' id='word_1_420' title='bbox 3136 2665 3313 2737; x_wconf 74' lang='grc' dir='ltr'>ἔχειν,</span> <span class='ocrx_word' id='word_1_421' title='bbox 3346 2666 3437 2719; x_wconf 74' lang='grc' dir='ltr'><strong>τοῦ</strong></span> <span class='ocrx_word' id='word_1_422' title='bbox 3465 2664 3521 2717; x_wconf 78' lang='grc' dir='ltr'>δὲ</span> <span class='ocrx_word' id='word_1_423' title='bbox 3550 2659 3692 2716; x_wconf 60' lang='lat' dir='ltr'><strong>animi</strong></span> 
     </span>
    </p>
   </div>
   <div class='ocr_carea' id='block_1_58' title="bbox 2150 2755 3692 2834">
    <p class='ocr_par' dir='ltr' id='par_1_58' title="bbox 2150 2755 3692 2834">
     <span class='ocr_line' id='line_1_58' title="bbox 2150 2755 3692 2834; baseline -0.006 -14"><span class='ocrx_word' id='word_1_424' title='bbox 2150 2766 2242 2820; x_wconf 72' lang='grc' dir='ltr'><strong>καὶ</strong></span> <span class='ocrx_word' id='word_1_425' title='bbox 2280 2765 2381 2834; x_wconf 81' lang='grc' dir='ltr'>τῆς</span> <span class='ocrx_word' id='word_1_426' title='bbox 2428 2762 2683 2832; x_wconf 84' lang='grc' dir='ltr'>ἀληθείας</span> <span class='ocrx_word' id='word_1_427' title='bbox 2714 2761 3026 2832; x_wconf 78' lang='grc' dir='ltr'>φροντίζειν</span> <span class='ocrx_word' id='word_1_428' title='bbox 3066 2760 3228 2831; x_wconf 83' lang='grc' dir='ltr'>μόνον</span> <span class='ocrx_word' id='word_1_429' title='bbox 3261 2757 3436 2831; x_wconf 81' lang='grc' dir='ltr'>ὲχρῆν</span> <span class='ocrx_word' id='word_1_430' title='bbox 3465 2772 3480 2788; x_wconf 73' lang='grc' dir='ltr'><strong><em>ο</em></strong></span> <span class='ocrx_word' id='word_1_431' title='bbox 3511 2755 3692 2818; x_wconf 78' lang='grc' dir='ltr'>εἰδότας</span> 
     </span>
    </p>
   </div>
   <div class='ocr_carea' id='block_1_59' title="bbox 2146 2851 3689 2927">
    <p class='ocr_par' dir='ltr' id='par_1_59' title="bbox 2146 2851 3689 2927">
     <span class='ocr_line' id='line_1_59' title="bbox 2146 2851 3689 2927; baseline -0.01 -13"><span class='ocrx_word' id='word_1_432' title='bbox 2146 2859 2223 2922; x_wconf 84' lang='grc' dir='ltr'>ὡς</span> <span class='ocrx_word' id='word_1_433' title='bbox 2254 2859 2443 2913; x_wconf 80' lang='grc' dir='ltr'>ἀπασα</span> <span class='ocrx_word' id='word_1_434' title='bbox 2483 2854 2690 2927; x_wconf 81' lang='grc' dir='ltr'>μέμψις</span> <span class='ocrx_word' id='word_1_435' title='bbox 2723 2857 2819 2910; x_wconf 74' lang='grc' dir='ltr'>καὶ</span> <span class='ocrx_word' id='word_1_436' title='bbox 2844 2855 2952 2913; x_wconf 83' lang='grc' dir='ltr'>πᾶν</span> <span class='ocrx_word' id='word_1_437' title='bbox 2973 2854 3293 2922; x_wconf 72' lang='grc' dir='ltr'>ιναντίωμα</span> <span class='ocrx_word' id='word_1_438' title='bbox 3323 2851 3515 2921; x_wconf 83' lang='grc' dir='ltr'>σαθρόν</span> <span class='ocrx_word' id='word_1_439' title='bbox 3543 2851 3689 2908; x_wconf 68' lang='grc' dir='ltr'>ἐστιν,</span> 
     </span>
    </p>
   </div>
   <div class='ocr_carea' id='block_1_60' title="bbox 2150 2938 3689 3021">
    <p class='ocr_par' dir='ltr' id='par_1_60' title="bbox 2150 2938 3689 3021">
     <span class='ocr_line' id='line_1_60' title="bbox 2150 2938 3689 3021; baseline -0.01 -14"><span class='ocrx_word' id='word_1_440' title='bbox 2150 2952 2218 3009; x_wconf 79' lang='grc' dir='ltr'><strong>ἂν</strong></span> <span class='ocrx_word' id='word_1_441' title='bbox 2243 2949 2312 3006; x_wconf 82' lang='grc' dir='ltr'>τὰ</span> <span class='ocrx_word' id='word_1_442' title='bbox 2338 2949 2581 3021; x_wconf 76' lang='grc' dir='ltr'>ὑμέτερα</span> <span class='ocrx_word' id='word_1_443' title='bbox 2636 2947 2798 3018; x_wconf 86' lang='grc' dir='ltr'>μόνον</span> <span class='ocrx_word' id='word_1_444' title='bbox 2835 2947 3037 3017; x_wconf 75' lang='grc' dir='ltr'>κρατῇ.</span> <span class='ocrx_word' id='word_1_445' title='bbox 3074 2946 3135 2997; x_wconf 83' lang='lat' dir='ltr'><strong>Ei</strong></span> <span class='ocrx_word' id='word_1_446' title='bbox 3159 2946 3271 3015; x_wconf 89' lang='grc' dir='ltr'>γάρ</span> <span class='ocrx_word' id='word_1_447' title='bbox 3302 2945 3382 2997; x_wconf 86' lang='grc' dir='ltr'><strong>δεῖ</strong></span> <span class='ocrx_word' id='word_1_448' title='bbox 3410 2959 3474 3017; x_wconf 90' lang='grc' dir='ltr'><strong>με</strong></span> <span class='ocrx_word' id='word_1_449' title='bbox 3506 2938 3689 3013; x_wconf 81' lang='grc' dir='ltr'>τάληθῆ</span> 
     </span>
    </p>
   </div>
   <div class='ocr_carea' id='block_1_61' title="bbox 2149 3031 3689 3113">
    <p class='ocr_par' dir='ltr' id='par_1_61' title="bbox 2149 3031 3689 3113">
     <span class='ocr_line' id='line_1_61' title="bbox 2149 3031 3689 3113; baseline -0.006 -16"><span class='ocrx_word' id='word_1_450' title='bbox 2149 3045 2330 3113; x_wconf 77' lang='grc' dir='ltr'>λέγειν</span> <span class='ocrx_word' id='word_1_451' title='bbox 2366 3042 2534 3113; x_wconf 71' lang='grc' dir='ltr'>μηδὲν</span> <span class='ocrx_word' id='word_1_452' title='bbox 2574 3039 3054 3111; x_wconf 81' lang='grc' dir='ltr'>ὑπολογιζόμενον,</span> <span class='ocrx_word' id='word_1_453' title='bbox 3091 3037 3236 3107; x_wconf 74' lang='grc' dir='ltr'>ὑμᾶς</span> <span class='ocrx_word' id='word_1_454' title='bbox 3257 3037 3343 3091; x_wconf 90' lang='grc' dir='ltr'><strong>δεῖ</strong></span> <span class='ocrx_word' id='word_1_455' title='bbox 3366 3038 3521 3107; x_wconf 78' lang='grc' dir='ltr'>μόνον</span> <span class='ocrx_word' id='word_1_456' title='bbox 3550 3031 3689 3101; x_wconf 78' lang='grc' dir='ltr'>κενῆς</span> 
     </span>
    </p>
   </div>
   <div class='ocr_carea' id='block_1_62' title="bbox 473 3121 2049 3205">
    <p class='ocr_par' dir='ltr' id='par_1_62' title="bbox 473 3121 2043 3193">
     <span class='ocr_line' id='line_1_62' title="bbox 473 3121 2043 3193; baseline -0.001 -18"><span class='ocrx_word' id='word_1_457' title='bbox 473 3139 543 3177; x_wconf 73' lang='grc' dir='ltr'><strong>ιε</strong></span> <span class='ocrx_word' id='word_1_458' title='bbox 570 3139 729 3193; x_wconf 71' lang='lat' dir='ltr'><strong>quem</strong></span> <span class='ocrx_word' id='word_1_459' title='bbox 760 3121 1029 3177; x_wconf 73' lang='lat' dir='ltr'><strong>oll‘eudam</strong></span> <span class='ocrx_word' id='word_1_460' title='bbox 1068 3122 1381 3186; x_wconf 84' lang='lat' dir='ltr'><strong>suspicione</strong></span> <span class='ocrx_word' id='word_1_461' title='bbox 1421 3131 1650 3185; x_wconf 81' lang='lat' dir='ltr'><strong>remota,</strong></span> <span class='ocrx_word' id='word_1_462' title='bbox 1705 3134 1801 3176; x_wconf 89' lang='lat' dir='ltr'><strong>vos</strong></span> <span class='ocrx_word' id='word_1_463' title='bbox 1835 3126 2043 3173; x_wconf 92' lang='lat' dir='ltr'><strong>tantum</strong></span> 
     </span>
    </p>
   </div>
   <div class='ocr_carea' id='block_1_63' title="bbox 2153 3121 3691 3205">
    <p class='ocr_par' dir='ltr' id='par_1_63' title="bbox 2153 3122 3691 3205">
     <span class='ocr_line' id='line_1_63' title="bbox 2153 3122 3691 3205; baseline -0.009 -15"><span class='ocrx_word' id='word_1_464' title='bbox 2153 3136 2308 3204; x_wconf 76' lang='grc' dir='ltr'>δόξης</span> <span class='ocrx_word' id='word_1_465' title='bbox 2345 3135 2783 3205; x_wconf 71' lang='grc' dir='ltr'>καταφρονῆσαι,</span> <span class='ocrx_word' id='word_1_466' title='bbox 2834 3131 2930 3186; x_wconf 78' lang='grc' dir='ltr'>καὶ</span> <span class='ocrx_word' id='word_1_467' title='bbox 2986 3129 3146 3184; x_wconf 81' lang='grc' dir='ltr'>πάνθ’</span> <span class='ocrx_word' id='word_1_468' title='bbox 3188 3128 3304 3197; x_wconf 75' lang='grc' dir='ltr'>ἕξει</span> <span class='ocrx_word' id='word_1_469' title='bbox 3366 3128 3575 3191; x_wconf 67' lang='grc' dir='ltr'><strong>καλῶς⁹</strong></span> <span class='ocrx_word' id='word_1_470' title='bbox 3607 3122 3691 3179; x_wconf 63' lang='grc' dir='ltr'>κᾶν</span> 
     </span>
    </p>
   </div>
   <div class='ocr_carea' id='block_1_64' title="bbox 472 3214 2049 3299">
    <p class='ocr_par' dir='ltr' id='par_1_64' title="bbox 472 3214 2042 3287">
     <span class='ocr_line' id='line_1_64' title="bbox 472 3214 2042 3287; baseline 0 -16"><span class='ocrx_word' id='word_1_471' title='bbox 472 3232 613 3287; x_wconf 83' lang='lat' dir='ltr'><strong>Opus</strong></span> <span class='ocrx_word' id='word_1_472' title='bbox 645 3226 729 3271; x_wconf 89' lang='lat' dir='ltr'><strong>est</strong></span> <span class='ocrx_word' id='word_1_473' title='bbox 758 3225 814 3269; x_wconf 89' lang='lat' dir='ltr'><strong>ut</strong></span> <span class='ocrx_word' id='word_1_474' title='bbox 866 3215 1083 3271; x_wconf 91' lang='lat' dir='ltr'><strong>inanem</strong></span> <span class='ocrx_word' id='word_1_475' title='bbox 1117 3216 1345 3286; x_wconf 79' lang='lat' dir='ltr'><strong>gloriam</strong></span> <span class='ocrx_word' id='word_1_476' title='bbox 1399 3214 1743 3285; x_wconf 87' lang='lat' dir='ltr'><strong>despiciatis,</strong></span> <span class='ocrx_word' id='word_1_477' title='bbox 1774 3223 1830 3269; x_wconf 89' lang='lat' dir='ltr'><strong>et</strong></span> <span class='ocrx_word' id='word_1_478' title='bbox 1861 3214 2042 3271; x_wconf 87' lang='lat' dir='ltr'><strong>omnia</strong></span> 
     </span>
    </p>
   </div>
   <div class='ocr_carea' id='block_1_65' title="bbox 2153 3214 3767 3299">
    <p class='ocr_par' dir='ltr' id='par_1_65' title="bbox 2153 3220 3767 3299">
     <span class='ocr_line' id='line_1_65' title="bbox 2153 3220 3767 3299; baseline -0.007 -16"><span class='ocrx_word' id='word_1_479' title='bbox 2153 3229 2312 3299; x_wconf 80' lang='grc' dir='ltr'>ὑμεῖς</span> <span class='ocrx_word' id='word_1_480' title='bbox 2368 3227 2601 3298; x_wconf 78' lang='grc' dir='ltr'>βεῦαίως</span> <span class='ocrx_word' id='word_1_481' title='bbox 2646 3225 3021 3296; x_wconf 80' lang='grc' dir='ltr'>ὑποθήσησθε,</span> <span class='ocrx_word' id='word_1_482' title='bbox 3067 3220 3331 3297; x_wconf 82' lang='grc' dir='ltr'>μηδέποτ’</span> <span class='ocrx_word' id='word_1_483' title='bbox 3371 3223 3436 3279; x_wconf 83' lang='grc' dir='ltr'><strong>ἀν</strong></span> <span class='ocrx_word' id='word_1_484' title='bbox 3494 3220 3692 3282; x_wconf 76' lang='grc' dir='ltr'>ἑαυτοὺς</span> <span class='ocrx_word' id='word_1_485' title='bbox 3764 3240 3767 3245; x_wconf 60' lang='grc' dir='ltr'><strong>λ</strong></span> 
     </span>
    </p>
   </div>
   <div class='ocr_carea' id='block_1_66' title="bbox 474 3303 2049 3379">
    <p class='ocr_par' dir='ltr' id='par_1_66' title="bbox 474 3303 2049 3379">
     <span class='ocr_line' id='line_1_66' title="bbox 474 3303 2049 3379; baseline -0.003 -17"><span class='ocrx_word' id='word_1_486' title='bbox 474 3309 610 3362; x_wconf 88' lang='lat' dir='ltr'><strong>bene</strong></span> <span class='ocrx_word' id='word_1_487' title='bbox 639 3323 698 3363; x_wconf 91' lang='lat' dir='ltr'><strong>se</strong></span> <span class='ocrx_word' id='word_1_488' title='bbox 749 3307 1022 3362; x_wconf 89' lang='lat' dir='ltr'><strong>habebunt</strong></span> <span class='ocrx_word' id='word_1_489' title='bbox 1049 3322 1065 3372; x_wconf 87' lang='lat'><strong>;</strong></span> <span class='ocrx_word' id='word_1_490' title='bbox 1113 3314 1166 3361; x_wconf 83' lang='lat' dir='ltr'><strong>et</strong></span> <span class='ocrx_word' id='word_1_491' title='bbox 1193 3307 1236 3360; x_wconf 86' lang='lat' dir='ltr'><strong>si</strong></span> <span class='ocrx_word' id='word_1_492' title='bbox 1259 3305 1388 3359; x_wconf 90' lang='lat' dir='ltr'><strong>illud</strong></span> <span class='ocrx_word' id='word_1_493' title='bbox 1425 3318 1524 3379; x_wconf 90' lang='lat' dir='ltr'><strong>pro</strong></span> <span class='ocrx_word' id='word_1_494' title='bbox 1550 3315 1699 3377; x_wconf 79' lang='lat' dir='ltr'><strong>certo</strong></span> <span class='ocrx_word' id='word_1_495' title='bbox 1725 3303 1927 3359; x_wconf 85' lang='lat' dir='ltr'><strong>animis</strong></span> <span class='ocrx_word' id='word_1_496' title='bbox 1958 3318 2049 3358; x_wconf 87' lang='lat' dir='ltr'><strong>ve-</strong></span> 
     </span>
    </p>
   </div>
   <div class='ocr_carea' id='block_1_67' title="bbox 474 3397 2053 3475">
    <p class='ocr_par' dir='ltr' id='par_1_67' title="bbox 474 3397 2053 3475">
     <span class='ocr_line' id='line_1_67' title="bbox 474 3397 2053 3475; baseline -0.003 -19"><span class='ocrx_word' id='word_1_497' title='bbox 474 3402 602 3457; x_wconf 83' lang='lat' dir='ltr'><strong>stris</strong></span> <span class='ocrx_word' id='word_1_498' title='bbox 627 3401 1039 3475; x_wconf 88' lang='lat' dir='ltr'><strong>proposueritis,</strong></span> <span class='ocrx_word' id='word_1_499' title='bbox 1070 3398 1183 3454; x_wconf 81' lang='lat' dir='ltr'><strong>fore</strong></span> <span class='ocrx_word' id='word_1_500' title='bbox 1209 3408 1266 3453; x_wconf 93' lang='lat' dir='ltr'><strong>ut</strong></span> <span class='ocrx_word' id='word_1_501' title='bbox 1291 3413 1570 3469; x_wconf 87' lang='lat' dir='ltr'><strong>nunquam</strong></span> <span class='ocrx_word' id='word_1_502' title='bbox 1611 3413 1708 3455; x_wconf 89' lang='lat' dir='ltr'><strong>vos</strong></span> <span class='ocrx_word' id='word_1_503' title='bbox 1750 3397 1919 3455; x_wconf 80' lang='lat' dir='ltr'><strong>vestri</strong></span> <span class='ocrx_word' id='word_1_504' title='bbox 1950 3412 2053 3466; x_wconf 87' lang='lat' dir='ltr'><strong>pu-</strong></span> 
     </span>
    </p>
   </div>
   <div class='ocr_carea' id='block_1_68' title="bbox 475 3488 2051 3555">
    <p class='ocr_par' dir='ltr' id='par_1_68' title="bbox 475 3488 2051 3555">
     <span class='ocr_line' id='line_1_68' title="bbox 475 3488 2051 3555; baseline -0.004 -7"><span class='ocrx_word' id='word_1_505' title='bbox 475 3494 619 3553; x_wconf 83' lang='lat' dir='ltr'><strong>deat.</strong></span> <span class='ocrx_word' id='word_1_506' title='bbox 654 3501 745 3546; x_wconf 89' lang='lat' dir='ltr'><strong>aut</strong></span> <span class='ocrx_word' id='word_1_507' title='bbox 770 3492 838 3547; x_wconf 87' lang='lat' dir='ltr'><strong>ob</strong></span> <span class='ocrx_word' id='word_1_508' title='bbox 868 3491 1151 3547; x_wconf 66' lang='lat' dir='ltr'><strong>sententiae</strong></span> <span class='ocrx_word' id='word_1_509' title='bbox 1181 3490 1538 3549; x_wconf 89' lang='lat' dir='ltr'><strong>mutationem</strong></span> <span class='ocrx_word' id='word_1_510' title='bbox 1571 3488 1893 3555; x_wconf 88' lang='lat' dir='ltr'><strong>turbemini,</strong></span> <span class='ocrx_word' id='word_1_511' title='bbox 1916 3489 2051 3545; x_wconf 89' lang='lat' dir='ltr'><strong>nihil</strong></span> 
     </span>
    </p>
   </div>
   <div class='ocr_carea' id='block_1_69' title="bbox 474 3580 2053 3656">
    <p class='ocr_par' dir='ltr' id='par_1_69' title="bbox 474 3580 2053 3656">
     <span class='ocr_line' id='line_1_69' title="bbox 474 3580 2053 3656; baseline -0.006 -13"><span class='ocrx_word' id='word_1_512' title='bbox 474 3594 559 3643; x_wconf 87' lang='lat' dir='ltr'><strong>est</strong></span> <span class='ocrx_word' id='word_1_513' title='bbox 587 3584 730 3656; x_wconf 88' lang='lat' dir='ltr'><strong>quod</strong></span> <span class='ocrx_word' id='word_1_514' title='bbox 755 3583 822 3639; x_wconf 89' lang='lat' dir='ltr'><strong>de</strong></span> <span class='ocrx_word' id='word_1_515' title='bbox 854 3583 975 3638; x_wconf 86' lang='lat' dir='ltr'><strong>aliis</strong></span> <span class='ocrx_word' id='word_1_516' title='bbox 1002 3583 1258 3638; x_wconf 88' lang='lat' dir='ltr'><strong>timcalis.</strong></span> <span class='ocrx_word' id='word_1_517' title='bbox 1308 3580 1378 3634; x_wconf 78' lang='lat' dir='ltr'><strong>At</strong></span> <span class='ocrx_word' id='word_1_518' title='bbox 1409 3596 1506 3637; x_wconf 88' lang='lat' dir='ltr'><strong>vos</strong></span> <span class='ocrx_word' id='word_1_519' title='bbox 1540 3597 1639 3637; x_wconf 86' lang='lat' dir='ltr'><strong>nec</strong></span> <span class='ocrx_word' id='word_1_520' title='bbox 1688 3581 1923 3651; x_wconf 84' lang='lat' dir='ltr'><strong>justum,</strong></span> <span class='ocrx_word' id='word_1_521' title='bbox 1951 3595 2053 3634; x_wconf 90' lang='lat' dir='ltr'><strong>nec</strong></span> 
     </span>
    </p>
   </div>
   <div class='ocr_carea' id='block_1_70' title="bbox 476 3671 2055 3746">
    <p class='ocr_par' dir='ltr' id='par_1_70' title="bbox 476 3671 2055 3746">
     <span class='ocr_line' id='line_1_70' title="bbox 476 3671 2055 3746; baseline -0.006 -12"><span class='ocrx_word' id='word_1_522' title='bbox 476 3687 902 3734; x_wconf 74' lang='lat' dir='ltr'><strong>consentaneum</strong></span> <span class='ocrx_word' id='word_1_523' title='bbox 932 3685 1012 3731; x_wconf 82' lang='lat' dir='ltr'><strong>est</strong></span> <span class='ocrx_word' id='word_1_524' title='bbox 1035 3674 1236 3746; x_wconf 87' lang='lat' dir='ltr'><strong>aliquid</strong></span> <span class='ocrx_word' id='word_1_525' title='bbox 1266 3672 1412 3728; x_wconf 84' lang='lat' dir='ltr'><strong>aliud</strong></span> <span class='ocrx_word' id='word_1_526' title='bbox 1450 3674 1661 3728; x_wconf 84' lang='lat' dir='ltr'><strong>veritati</strong></span> <span class='ocrx_word' id='word_1_527' title='bbox 1686 3671 1966 3743; x_wconf 75' lang='lat' dir='ltr'><strong>praeferre,</strong></span> <span class='ocrx_word' id='word_1_528' title='bbox 2002 3681 2055 3725; x_wconf 80' lang='lat' dir='ltr'><strong>et</strong></span> 
     </span>
    </p>
   </div>
   <div class='ocr_carea' id='block_1_71' title="bbox 477 3764 2051 3840">
    <p class='ocr_par' dir='ltr' id='par_1_71' title="bbox 477 3764 2051 3840">
     <span class='ocr_line' id='line_1_71' title="bbox 477 3764 2051 3840; baseline -0.005 -17"><span class='ocrx_word' id='word_1_529' title='bbox 477 3778 697 3840; x_wconf 82' lang='lat' dir='ltr'><strong>propter</strong></span> <span class='ocrx_word' id='word_1_530' title='bbox 745 3777 901 3837; x_wconf 88' lang='lat' dir='ltr'><strong>turpe</strong></span> <span class='ocrx_word' id='word_1_531' title='bbox 952 3764 1291 3838; x_wconf 75' lang='lat' dir='ltr'><strong>repugnandi</strong></span> <span class='ocrx_word' id='word_1_532' title='bbox 1333 3764 1573 3821; x_wconf 90' lang='lat' dir='ltr'><strong>studium</strong></span> <span class='ocrx_word' id='word_1_533' title='bbox 1637 3774 1692 3820; x_wconf 90' lang='lat' dir='ltr'><strong>et</strong></span> <span class='ocrx_word' id='word_1_534' title='bbox 1753 3764 2051 3818; x_wconf 88' lang='lat' dir='ltr'><strong>humanum</strong></span> 
     </span>
    </p>
   </div>
   <div class='ocr_carea' id='block_1_72' title="bbox 472 3855 2053 3927">
    <p class='ocr_par' dir='ltr' id='par_1_72' title="bbox 472 3855 2053 3927">
     <span class='ocr_line' id='line_1_72' title="bbox 472 3855 2053 3927; baseline -0.004 -12"><span class='ocrx_word' id='word_1_535' title='bbox 472 3863 752 3926; x_wconf 64' lang='lat' dir='ltr'><strong>allectum,</strong></span> <span class='ocrx_word' id='word_1_536' title='bbox 816 3858 959 3914; x_wconf 92' lang='lat' dir='ltr'><strong>nolle</strong></span> <span class='ocrx_word' id='word_1_537' title='bbox 1013 3856 1264 3927; x_wconf 88' lang='lat' dir='ltr'><strong>amplecti</strong></span> <span class='ocrx_word' id='word_1_538' title='bbox 1332 3855 1709 3921; x_wconf 88' lang='lat' dir='ltr'><strong>concordiam,</strong></span> <span class='ocrx_word' id='word_1_539' title='bbox 1777 3868 1899 3925; x_wconf 69' lang='lat' dir='ltr'><strong>quae</strong></span> <span class='ocrx_word' id='word_1_540' title='bbox 1936 3855 2053 3909; x_wconf 83' lang='lat' dir='ltr'><strong>sola</strong></span> 
     </span>
    </p>
   </div>
   <div class='ocr_carea' id='block_1_73' title="bbox 475 3947 2051 4026">
    <p class='ocr_par' dir='ltr' id='par_1_73' title="bbox 475 3947 2051 4026">
     <span class='ocr_line' id='line_1_73' title="bbox 475 3947 2051 4026; baseline -0.006 -17"><span class='ocrx_word' id='word_1_541' title='bbox 475 3952 798 4026; x_wconf 72' lang='lat' dir='ltr'><strong>corporibus</strong></span> <span class='ocrx_word' id='word_1_542' title='bbox 832 3960 883 4007; x_wconf 89' lang='lat' dir='ltr'><strong>et</strong></span> <span class='ocrx_word' id='word_1_543' title='bbox 916 3951 1116 4010; x_wconf 81' lang='lat' dir='ltr'><strong>animis</strong></span> <span class='ocrx_word' id='word_1_544' title='bbox 1170 3956 1352 4021; x_wconf 85' lang='lat' dir='ltr'><strong>potest</strong></span> <span class='ocrx_word' id='word_1_545' title='bbox 1395 3947 1593 4004; x_wconf 79' lang='lat' dir='ltr'><strong>aﬂerre</strong></span> <span class='ocrx_word' id='word_1_546' title='bbox 1634 3947 1888 4011; x_wconf 87' lang='lat' dir='ltr'><strong>salutem,</strong></span> <span class='ocrx_word' id='word_1_547' title='bbox 1929 3962 2051 4001; x_wconf 89' lang='lat' dir='ltr'><strong>cum</strong></span> 
     </span>
    </p>
   </div>
   <div class='ocr_carea' id='block_1_74' title="bbox 477 4039 2057 4111">
    <p class='ocr_par' dir='ltr' id='par_1_74' title="bbox 477 4039 2057 4111">
     <span class='ocr_line' id='line_1_74' title="bbox 477 4039 2057 4111; baseline -0.002 -13"><span class='ocrx_word' id='word_1_548' title='bbox 477 4057 683 4100; x_wconf 75' lang='lat' dir='ltr'><strong>tantum</strong></span> <span class='ocrx_word' id='word_1_549' title='bbox 715 4061 820 4099; x_wconf 89' lang='lat' dir='ltr'><strong>non</strong></span> <span class='ocrx_word' id='word_1_550' title='bbox 852 4044 1002 4099; x_wconf 89' lang='lat' dir='ltr'><strong>illam</strong></span> <span class='ocrx_word' id='word_1_551' title='bbox 1060 4060 1224 4098; x_wconf 88' lang='lat' dir='ltr'><strong>manu</strong></span> <span class='ocrx_word' id='word_1_552' title='bbox 1280 4044 1531 4105; x_wconf 78' lang='lat' dir='ltr'><strong>teneatis.</strong></span> <span class='ocrx_word' id='word_1_553' title='bbox 1569 4051 1624 4096; x_wconf 92' lang='lat' dir='ltr'><strong>ct</strong></span> <span class='ocrx_word' id='word_1_554' title='bbox 1676 4041 1942 4111; x_wconf 86' lang='lat' dir='ltr'><strong>reliquum</strong></span> <span class='ocrx_word' id='word_1_555' title='bbox 1985 4039 2057 4095; x_wconf 86' lang='lat' dir='ltr'><strong>sit</strong></span> 
     </span>
    </p>
   </div>
   <div class='ocr_carea' id='block_1_75' title="bbox 478 4134 2055 4209">
    <p class='ocr_par' dir='ltr' id='par_1_75' title="bbox 478 4134 2055 4209">
     <span class='ocr_line' id='line_1_75' title="bbox 478 4134 2055 4209; baseline -0.004 -14"><span class='ocrx_word' id='word_1_556' title='bbox 478 4141 655 4195; x_wconf 83' lang='lat' dir='ltr'><strong>solum</strong></span> <span class='ocrx_word' id='word_1_557' title='bbox 689 4139 832 4192; x_wconf 87' lang='lat' dir='ltr'><strong>illam</strong></span> <span class='ocrx_word' id='word_1_558' title='bbox 863 4136 1226 4209; x_wconf 88' lang='lat' dir='ltr'><strong>prehendere.</strong></span> <span class='ocrx_word' id='word_1_559' title='bbox 1272 4136 1388 4193; x_wconf 81' lang='lat' dir='ltr'><strong>Non</strong></span> <span class='ocrx_word' id='word_1_560' title='bbox 1416 4146 1500 4192; x_wconf 90' lang='lat' dir='ltr'><strong>est</strong></span> <span class='ocrx_word' id='word_1_561' title='bbox 1536 4139 1679 4190; x_wconf 89' lang='lat' dir='ltr'><strong>enim</strong></span> <span class='ocrx_word' id='word_1_562' title='bbox 1747 4137 1850 4189; x_wconf 90' lang='lat' dir='ltr'><strong>hoc</strong></span> <span class='ocrx_word' id='word_1_563' title='bbox 1884 4134 2055 4188; x_wconf 83' lang='lat' dir='ltr'><strong>Patri-</strong></span> 
     </span>
    </p>
   </div>
   <div class='ocr_carea' id='block_1_76' title="bbox 478 4225 2050 4300">
    <p class='ocr_par' dir='ltr' id='par_1_76' title="bbox 478 4225 2050 4300">
     <span class='ocr_line' id='line_1_76' title="bbox 478 4225 2050 4300; baseline -0.005 -14"><span class='ocrx_word' id='word_1_564' title='bbox 478 4233 603 4297; x_wconf 89' lang='lat' dir='ltr'><strong>bus,</strong></span> <span class='ocrx_word' id='word_1_565' title='bbox 631 4228 1216 4296; x_wconf 88' lang='lat' dir='ltr'><strong>doctoribus,scientia</strong></span> <span class='ocrx_word' id='word_1_566' title='bbox 1274 4227 1534 4300; x_wconf 62' lang='lat' dir='ltr'><strong>praditis,</strong></span> <span class='ocrx_word' id='word_1_567' title='bbox 1599 4225 1751 4282; x_wconf 89' lang='lat' dir='ltr'><strong>onmi</strong></span> <span class='ocrx_word' id='word_1_568' title='bbox 1790 4225 2050 4281; x_wconf 85' lang='lat' dir='ltr'><strong>virtutum</strong></span> 
     </span>
    </p>
   </div>
   <div class='ocr_carea' id='block_1_77' title="bbox 480 4318 2052 4392">
    <p class='ocr_par' dir='ltr' id='par_1_77' title="bbox 480 4318 2052 4392">
     <span class='ocr_line' id='line_1_77' title="bbox 480 4318 2052 4392; baseline -0.003 -14"><span class='ocrx_word' id='word_1_569' title='bbox 480 4339 673 4392; x_wconf 78' lang='lat' dir='ltr'><strong>genere</strong></span> <span class='ocrx_word' id='word_1_570' title='bbox 694 4322 945 4386; x_wconf 78' lang='lat' dir='ltr'><strong>excultis,</strong></span> <span class='ocrx_word' id='word_1_571' title='bbox 972 4337 1077 4376; x_wconf 91' lang='lat' dir='ltr'><strong>non</strong></span> <span class='ocrx_word' id='word_1_572' title='bbox 1110 4321 1203 4376; x_wconf 91' lang='lat' dir='ltr'><strong>Dei</strong></span> <span class='ocrx_word' id='word_1_573' title='bbox 1250 4318 1732 4391; x_wconf 80' lang='lat' dir='ltr'><strong>procuratoribus,</strong></span> <span class='ocrx_word' id='word_1_574' title='bbox 1777 4318 2052 4389; x_wconf 87' lang='lat' dir='ltr'><strong>apostolo-</strong></span> 
     </span>
    </p>
   </div>
   <div class='ocr_carea' id='block_1_78' title="bbox 481 4411 2053 4481">
    <p class='ocr_par' dir='ltr' id='par_1_78' title="bbox 481 4411 2053 4481">
     <span class='ocr_line' id='line_1_78' title="bbox 481 4411 2053 4481; baseline -0.003 -12"><span class='ocrx_word' id='word_1_575' title='bbox 481 4431 599 4470; x_wconf 89' lang='lat' dir='ltr'><strong>rum</strong></span> <span class='ocrx_word' id='word_1_576' title='bbox 658 4413 1091 4478; x_wconf 86' lang='lat' dir='ltr'><strong>successoribus,</strong></span> <span class='ocrx_word' id='word_1_577' title='bbox 1132 4428 1241 4467; x_wconf 87' lang='lat' dir='ltr'><strong>nou</strong></span> <span class='ocrx_word' id='word_1_578' title='bbox 1302 4413 1523 4468; x_wconf 85' lang='lat' dir='ltr'><strong>dernum</strong></span> <span class='ocrx_word' id='word_1_579' title='bbox 1575 4411 1892 4465; x_wconf 88' lang='lat' dir='ltr'><strong>hominibus</strong></span> <span class='ocrx_word' id='word_1_580' title='bbox 1954 4425 2053 4481; x_wconf 89' lang='lat' dir='ltr'><strong>pro</strong></span> 
     </span>
    </p>
   </div>
   <div class='ocr_carea' id='block_1_79' title="bbox 2154 3314 3695 3390">
    <p class='ocr_par' dir='ltr' id='par_1_79' title="bbox 2154 3314 3695 3390">
     <span class='ocr_line' id='line_1_79' title="bbox 2154 3314 3695 3390; baseline -0.007 -16"><span class='ocrx_word' id='word_1_581' title='bbox 2154 3321 2533 3390; x_wconf 74' lang='grc' dir='ltr'>αἰσχυνθῆναι,</span> <span class='ocrx_word' id='word_1_582' title='bbox 2570 3318 2705 3389; x_wconf 75' lang='grc' dir='ltr'>μηδὶ</span> <span class='ocrx_word' id='word_1_583' title='bbox 2732 3316 2965 3388; x_wconf 79' lang='grc' dir='ltr'>θόρυόόν</span> <span class='ocrx_word' id='word_1_584' title='bbox 2994 3334 3120 3371; x_wconf 90' lang='grc' dir='ltr'>τινα</span> <span class='ocrx_word' id='word_1_585' title='bbox 3152 3316 3353 3371; x_wconf 88' lang='grc' dir='ltr'>παθεῖν</span> <span class='ocrx_word' id='word_1_586' title='bbox 3392 3314 3482 3369; x_wconf 70' lang='grc' dir='ltr'><strong>ἐπὶ</strong></span> <span class='ocrx_word' id='word_1_587' title='bbox 3512 3316 3572 3383; x_wconf 85' lang='grc' dir='ltr'>τῇ</span> <span class='ocrx_word' id='word_1_588' title='bbox 3617 3327 3695 3380; x_wconf 85' lang='grc' dir='ltr'>με·</span> 
     </span>
    </p>
   </div>
   <div class='ocr_carea' id='block_1_80' title="bbox 2152 3403 3696 3482">
    <p class='ocr_par' dir='ltr' id='par_1_80' title="bbox 2152 3403 3696 3482">
     <span class='ocr_line' id='line_1_80' title="bbox 2152 3403 3696 3482; baseline -0.009 -14"><span class='ocrx_word' id='word_1_589' title='bbox 2152 3414 2373 3469; x_wconf 86' lang='grc' dir='ltr'>ταθέσει</span> <span class='ocrx_word' id='word_1_590' title='bbox 2413 3412 2512 3482; x_wconf 82' lang='grc' dir='ltr'>τῆς</span> <span class='ocrx_word' id='word_1_591' title='bbox 2541 3412 2723 3482; x_wconf 78' lang='grc' dir='ltr'>δόξης,</span> <span class='ocrx_word' id='word_1_592' title='bbox 2770 3410 2833 3466; x_wconf 76' lang='grc' dir='ltr'>τὸ</span> <span class='ocrx_word' id='word_1_593' title='bbox 2882 3409 3151 3481; x_wconf 76' lang='grc' dir='ltr'>περὶτῶν</span> <span class='ocrx_word' id='word_1_594' title='bbox 3196 3408 3376 3462; x_wconf 80' lang='grc' dir='ltr'>ἄλλων</span> <span class='ocrx_word' id='word_1_595' title='bbox 3406 3408 3518 3469; x_wconf 82' lang='grc' dir='ltr'>δέος</span> <span class='ocrx_word' id='word_1_596' title='bbox 3570 3403 3696 3458; x_wconf 64' lang='grc' dir='ltr'>οὐδὲν</span> 
     </span>
    </p>
   </div>
   <div class='ocr_carea' id='block_1_81' title="bbox 2157 3498 3695 3576">
    <p class='ocr_par' dir='ltr' id='par_1_81' title="bbox 2157 3498 3695 3576">
     <span class='ocr_line' id='line_1_81' title="bbox 2157 3498 3695 3576; baseline -0.007 -18"><span class='ocrx_word' id='word_1_597' title='bbox 2157 3505 2323 3560; x_wconf 68' lang='grc' dir='ltr'>ἐστίν.</span> <span class='ocrx_word' id='word_1_598' title='bbox 2352 3505 2531 3576; x_wconf 80' lang='grc' dir='ltr'><strong>’Υμᾶς</strong></span> <span class='ocrx_word' id='word_1_599' title='bbox 2556 3505 2736 3559; x_wconf 85' lang='grc' dir='ltr'>τοίνυν</span> <span class='ocrx_word' id='word_1_600' title='bbox 2759 3503 2883 3557; x_wconf 76' lang='grc' dir='ltr'>οὔτε</span> <span class='ocrx_word' id='word_1_601' title='bbox 2915 3503 3125 3556; x_wconf 89' lang='grc' dir='ltr'>δίκαιον</span> <span class='ocrx_word' id='word_1_602' title='bbox 3153 3501 3282 3557; x_wconf 72' lang='grc' dir='ltr'>οὔτε</span> <span class='ocrx_word' id='word_1_603' title='bbox 3315 3500 3581 3574; x_wconf 78' lang='grc' dir='ltr'>προσῆκόν</span> <span class='ocrx_word' id='word_1_604' title='bbox 3600 3498 3695 3549; x_wconf 77' lang='grc' dir='ltr'>ἐστι</span> 
     </span>
    </p>
   </div>
   <div class='ocr_carea' id='block_1_82' title="bbox 2154 3590 3693 3667">
    <p class='ocr_par' dir='ltr' id='par_1_82' title="bbox 2154 3590 3693 3667">
     <span class='ocr_line' id='line_1_82' title="bbox 2154 3590 3693 3667; baseline -0.012 -6"><span class='ocrx_word' id='word_1_605' title='bbox 2154 3597 2251 3665; x_wconf 78' lang='grc' dir='ltr'><strong>τῆς</strong></span> <span class='ocrx_word' id='word_1_606' title='bbox 2281 3596 2541 3667; x_wconf 78' lang='grc' dir='ltr'>ἀληθείας</span> <span class='ocrx_word' id='word_1_607' title='bbox 2579 3596 2710 3651; x_wconf 80' lang='grc' dir='ltr'>ἄλλο</span> <span class='ocrx_word' id='word_1_608' title='bbox 2741 3612 2793 3650; x_wconf 86' lang='grc' dir='ltr'><strong>τι</strong></span> <span class='ocrx_word' id='word_1_609' title='bbox 2853 3596 3222 3667; x_wconf 83' lang='grc' dir='ltr'>προτιμῆσαι,</span> <span class='ocrx_word' id='word_1_610' title='bbox 3279 3597 3376 3653; x_wconf 80' lang='grc' dir='ltr'><strong>καὶ</strong></span> <span class='ocrx_word' id='word_1_611' title='bbox 3422 3593 3516 3663; x_wconf 82' lang='grc' dir='ltr'><strong>τὴν</strong></span> <span class='ocrx_word' id='word_1_612' title='bbox 3549 3590 3693 3661; x_wconf 81' lang='grc' dir='ltr'>μόνην</span> 
     </span>
    </p>
   </div>
   <div class='ocr_carea' id='block_1_83' title="bbox 2155 3670 3692 3760">
    <p class='ocr_par' dir='ltr' id='par_1_83' title="bbox 2155 3670 3692 3760">
     <span class='ocr_line' id='line_1_83' title="bbox 2155 3670 3692 3760; baseline -0.002 -19"><span class='ocrx_word' id='word_1_613' title='bbox 2155 3670 2385 3759; x_wconf 74' lang='grc' dir='ltr'>σώματα</span> <span class='ocrx_word' id='word_1_614' title='bbox 2433 3689 2529 3742; x_wconf 69' lang='grc' dir='ltr'><strong>καὶ</strong></span> <span class='ocrx_word' id='word_1_615' title='bbox 2583 3686 2763 3759; x_wconf 79' lang='grc' dir='ltr'>ψυχάς</span> <span class='ocrx_word' id='word_1_616' title='bbox 2823 3686 3133 3759; x_wconf 74' lang='grc' dir='ltr'>δυναμένην</span> <span class='ocrx_word' id='word_1_617' title='bbox 3187 3686 3387 3754; x_wconf 78' lang='grc' dir='ltr'>σώζειν</span> <span class='ocrx_word' id='word_1_618' title='bbox 3444 3687 3692 3760; x_wconf 78' lang='grc' dir='ltr'>ὁμόνοιαν.</span> 
     </span>
    </p>
   </div>
   <div class='ocr_carea' id='block_1_84' title="bbox 2153 3778 3695 3858">
    <p class='ocr_par' dir='ltr' id='par_1_84' title="bbox 2153 3778 3695 3858">
     <span class='ocr_line' id='line_1_84' title="bbox 2153 3778 3695 3858; baseline -0.005 -23"><span class='ocrx_word' id='word_1_619' title='bbox 2153 3780 2373 3835; x_wconf 64' lang='grc' dir='ltr'>ἐπειδὰν</span> <span class='ocrx_word' id='word_1_620' title='bbox 2407 3779 2571 3850; x_wconf 85' lang='grc' dir='ltr'>μόνον</span> <span class='ocrx_word' id='word_1_621' title='bbox 2618 3780 2722 3834; x_wconf 82' lang='grc' dir='ltr'><strong>οὐκ</strong></span> <span class='ocrx_word' id='word_1_622' title='bbox 2770 3780 2827 3834; x_wconf 72' lang='grc' dir='ltr'>ιν</span> <span class='ocrx_word' id='word_1_623' title='bbox 2866 3780 3053 3850; x_wconf 71' lang='grc' dir='ltr'>χερσὶν</span> <span class='ocrx_word' id='word_1_624' title='bbox 3091 3780 3222 3853; x_wconf 76' lang='grc' dir='ltr'>ὑμῖν</span> <span class='ocrx_word' id='word_1_625' title='bbox 3250 3778 3313 3858; x_wconf 83' lang='grc' dir='ltr'>ᾗ,</span> <span class='ocrx_word' id='word_1_626' title='bbox 3345 3781 3439 3836; x_wconf 79' lang='grc' dir='ltr'>καὶ</span> <span class='ocrx_word' id='word_1_627' title='bbox 3476 3781 3530 3835; x_wconf 78' lang='grc' dir='ltr'><strong>τὸ</strong></span> <span class='ocrx_word' id='word_1_628' title='bbox 3557 3778 3695 3831; x_wconf 80' lang='grc' dir='ltr'>λαϐέ-</span> 
     </span>
    </p>
   </div>
   <div class='ocr_carea' id='block_1_85' title="bbox 2156 3870 3697 3945">
    <p class='ocr_par' dir='ltr' id='par_1_85' title="bbox 2156 3870 3697 3945">
     <span class='ocr_line' id='line_1_85' title="bbox 2156 3870 3697 3945; baseline -0.004 -20"><span class='ocrx_word' id='word_1_629' title='bbox 2156 3872 2282 3931; x_wconf 87' lang='grc' dir='ltr'>σθαι</span> <span class='ocrx_word' id='word_1_630' title='bbox 2321 3872 2578 3943; x_wconf 79' lang='grc' dir='ltr'>λείπηται</span> <span class='ocrx_word' id='word_1_631' title='bbox 2632 3871 2817 3943; x_wconf 78' lang='grc' dir='ltr'>μόνον,</span> <span class='ocrx_word' id='word_1_632' title='bbox 2862 3870 3195 3945; x_wconf 72' lang='grc' dir='ltr'>φιλονεικίας</span> <span class='ocrx_word' id='word_1_633' title='bbox 3261 3873 3491 3944; x_wconf 72' lang='grc' dir='ltr'>αἰσχρᾶς</span> <span class='ocrx_word' id='word_1_634' title='bbox 3540 3871 3697 3924; x_wconf 77' lang='grc' dir='ltr'>εἵνεκα</span> 
     </span>
    </p>
   </div>
   <div class='ocr_carea' id='block_1_86' title="bbox 2156 3964 3697 4039">
    <p class='ocr_par' dir='ltr' id='par_1_86' title="bbox 2156 3964 3697 4039">
     <span class='ocr_line' id='line_1_86' title="bbox 2156 3964 3697 4039; baseline -0.001 -23"><span class='ocrx_word' id='word_1_635' title='bbox 2156 3966 2250 4017; x_wconf 81' lang='grc' dir='ltr'>καὶ</span> <span class='ocrx_word' id='word_1_636' title='bbox 2281 3964 2487 4026; x_wconf 82' lang='grc' dir='ltr'>πάθους</span> <span class='ocrx_word' id='word_1_637' title='bbox 2517 3964 2864 4036; x_wconf 79' lang='grc' dir='ltr'>ἀνθρωπίνου</span> <span class='ocrx_word' id='word_1_638' title='bbox 2891 3965 3179 4037; x_wconf 80' lang='grc' dir='ltr'>προέσθαι·</span> <span class='ocrx_word' id='word_1_639' title='bbox 3208 3966 3271 4021; x_wconf 82' lang='grc' dir='ltr'>οὗ</span> <span class='ocrx_word' id='word_1_640' title='bbox 3297 3968 3403 4039; x_wconf 81' lang='grc' dir='ltr'>γὰρ</span> <span class='ocrx_word' id='word_1_641' title='bbox 3444 3966 3697 4035; x_wconf 84' lang='grc' dir='ltr'>Πατέρων,</span> 
     </span>
    </p>
   </div>
   <div class='ocr_carea' id='block_1_87' title="bbox 2155 4055 3719 4132">
    <p class='ocr_par' dir='ltr' id='par_1_87' title="bbox 2155 4055 3719 4132">
     <span class='ocr_line' id='line_1_87' title="bbox 2155 4055 3719 4132; baseline -0.001 -22"><span class='ocrx_word' id='word_1_642' title='bbox 2155 4057 2215 4111; x_wconf 85' lang='grc' dir='ltr'><strong>οὐ</strong></span> <span class='ocrx_word' id='word_1_643' title='bbox 2259 4057 2621 4119; x_wconf 87' lang='grc' dir='ltr'>διδασκάλων,</span> <span class='ocrx_word' id='word_1_644' title='bbox 2672 4056 2736 4110; x_wconf 85' lang='grc' dir='ltr'><strong>οὐ</strong></span> <span class='ocrx_word' id='word_1_645' title='bbox 2772 4055 2934 4129; x_wconf 68' lang='grc' dir='ltr'>σοφίᾳ</span> <span class='ocrx_word' id='word_1_646' title='bbox 2960 4061 3415 4132; x_wconf 78' lang='grc' dir='ltr'>κεκοσμημένων,</span> <span class='ocrx_word' id='word_1_647' title='bbox 3445 4060 3503 4113; x_wconf 73' lang='grc' dir='ltr'><strong>οὐ</strong></span> <span class='ocrx_word' id='word_1_648' title='bbox 3540 4059 3719 4112; x_wconf 82' lang='grc' dir='ltr'>πᾶσαν.</span> 
     </span>
    </p>
   </div>
   <div class='ocr_carea' id='block_1_88' title="bbox 2154 4149 3697 4222">
    <p class='ocr_par' dir='ltr' id='par_1_88' title="bbox 2154 4149 3697 4222">
     <span class='ocr_line' id='line_1_88' title="bbox 2154 4149 3697 4222; baseline 0.001 -20"><span class='ocrx_word' id='word_1_649' title='bbox 2154 4149 2355 4221; x_wconf 76' lang='grc' dir='ltr'>ἀρετήν</span> <span class='ocrx_word' id='word_1_650' title='bbox 2391 4150 2714 4220; x_wconf 86' lang='grc' dir='ltr'>μετιόντων,</span> <span class='ocrx_word' id='word_1_651' title='bbox 2749 4150 2851 4205; x_wconf 85' lang='grc' dir='ltr'>οὐκ</span> <span class='ocrx_word' id='word_1_652' title='bbox 2900 4152 3214 4222; x_wconf 72' lang='grc' dir='ltr'>ἐπιτρόπων</span> <span class='ocrx_word' id='word_1_653' title='bbox 3250 4154 3411 4216; x_wconf 82' lang='grc' dir='ltr'>Θεοῦ,</span> <span class='ocrx_word' id='word_1_654' title='bbox 3456 4153 3514 4208; x_wconf 82' lang='grc' dir='ltr'>οὗ</span> <span class='ocrx_word' id='word_1_655' title='bbox 3544 4149 3697 4206; x_wconf 82' lang='grc' dir='ltr'>διαδό·</span> 
     </span>
    </p>
   </div>
   <div class='ocr_carea' id='block_1_89' title="bbox 2154 4241 3698 4319">
    <p class='ocr_par' dir='ltr' id='par_1_89' title="bbox 2154 4241 3698 4319">
     <span class='ocr_line' id='line_1_89' title="bbox 2154 4241 3698 4319; baseline 0.008 -25"><span class='ocrx_word' id='word_1_656' title='bbox 2154 4259 2267 4313; x_wconf 87' lang='grc' dir='ltr'><strong>χων</strong></span> <span class='ocrx_word' id='word_1_657' title='bbox 2316 4241 2423 4297; x_wconf 87' lang='grc' dir='ltr'><strong>τῶν</strong></span> <span class='ocrx_word' id='word_1_658' title='bbox 2461 4243 2804 4308; x_wconf 82' lang='grc' dir='ltr'>ἀποστόλων,</span> <span class='ocrx_word' id='word_1_659' title='bbox 2845 4244 2907 4297; x_wconf 71' lang='grc' dir='ltr'><strong>οὐ</strong></span> <span class='ocrx_word' id='word_1_660' title='bbox 2955 4245 3017 4299; x_wconf 78' lang='grc' dir='ltr'>τὸ</span> <span class='ocrx_word' id='word_1_661' title='bbox 3069 4245 3385 4302; x_wconf 86' lang='grc' dir='ltr'>τελευταῖον</span> <span class='ocrx_word' id='word_1_662' title='bbox 3444 4248 3577 4319; x_wconf 75' lang='grc' dir='ltr'><strong>ὑπὲρ</strong></span> <span class='ocrx_word' id='word_1_663' title='bbox 3611 4245 3698 4312; x_wconf 78' lang='grc' dir='ltr'><strong>τῆς</strong></span> 
     </span>
    </p>
   </div>
   <div class='ocr_carea' id='block_1_90' title="bbox 2157 4330 3696 4410">
    <p class='ocr_par' dir='ltr' id='par_1_90' title="bbox 2157 4330 3696 4410">
     <span class='ocr_line' id='line_1_90' title="bbox 2157 4330 3696 4410; baseline 0.001 -23"><span class='ocrx_word' id='word_1_664' title='bbox 2157 4333 2427 4405; x_wconf 82' lang='grc' dir='ltr'>ἀληθείας</span> <span class='ocrx_word' id='word_1_665' title='bbox 2475 4335 2977 4408; x_wconf 77' lang='grc' dir='ltr'>συνηθροισμένων,</span> <span class='ocrx_word' id='word_1_666' title='bbox 3006 4330 3100 4393; x_wconf 77' lang='grc' dir='ltr'>καὶ</span> <span class='ocrx_word' id='word_1_667' title='bbox 3126 4340 3266 4410; x_wconf 79' lang='grc' dir='ltr'>πρὸς</span> <span class='ocrx_word' id='word_1_668' title='bbox 3295 4340 3503 4403; x_wconf 86' lang='grc' dir='ltr'>τούτοις</span> <span class='ocrx_word' id='word_1_669' title='bbox 3530 4336 3696 4392; x_wconf 77' lang='grc' dir='ltr'>τοσού-</span> 
     </span>
    </p>
   </div>
   <div class='ocr_carea' id='block_1_91' title="bbox 2153 4424 3696 4500">
    <p class='ocr_par' dir='ltr' id='par_1_91' title="bbox 2153 4424 3696 4500">
     <span class='ocr_line' id='line_1_91' title="bbox 2153 4424 3696 4500; baseline 0.002 -21"><span class='ocrx_word' id='word_1_670' title='bbox 2153 4441 2282 4489; x_wconf 86' lang='grc' dir='ltr'>των,</span> <span class='ocrx_word' id='word_1_671' title='bbox 2318 4425 2444 4490; x_wconf 79' lang='grc' dir='ltr'>ἀξια</span> <span class='ocrx_word' id='word_1_672' title='bbox 2472 4424 2664 4481; x_wconf 82' lang='grc' dir='ltr'>ταῦτα.</span> <span class='ocrx_word' id='word_1_673' title='bbox 2714 4427 2876 4482; x_wconf 84' lang='grc' dir='ltr'>Ἀλλά</span> <span class='ocrx_word' id='word_1_674' title='bbox 2933 4427 3040 4500; x_wconf 78' lang='grc' dir='ltr'><strong>μὴν</strong></span> <span class='ocrx_word' id='word_1_675' title='bbox 3078 4429 3188 4484; x_wconf 82' lang='grc' dir='ltr'>οὐδ’</span> <span class='ocrx_word' id='word_1_676' title='bbox 3216 4431 3368 4485; x_wconf 76' lang='grc' dir='ltr'>εἴποι</span> <span class='ocrx_word' id='word_1_677' title='bbox 3423 4448 3506 4495; x_wconf 85' lang='grc' dir='ltr'><strong>τις</strong></span> <span class='ocrx_word' id='word_1_678' title='bbox 3534 4430 3596 4486; x_wconf 82' lang='grc' dir='ltr'><strong>ἀν</strong></span> <span class='ocrx_word' id='word_1_679' title='bbox 3620 4430 3696 4482; x_wconf 80' lang='grc' dir='ltr'><strong>οὐ·</strong></span> 
     </span>
    </p>
   </div>
   <div class='ocr_carea' id='block_1_92' title="bbox 480 4507 2049 4593">
    <p class='ocr_par' dir='ltr' id='par_1_92' title="bbox 480 4507 2049 4577">
     <span class='ocr_line' id='line_1_92' title="bbox 480 4507 2049 4577; baseline -0.004 -15"><span class='ocrx_word' id='word_1_680' title='bbox 480 4508 707 4562; x_wconf 85' lang='lat' dir='ltr'><strong>vcritate</strong></span> <span class='ocrx_word' id='word_1_681' title='bbox 746 4507 1113 4577; x_wconf 78' lang='lat' dir='ltr'><strong>congregatis,</strong></span> <span class='ocrx_word' id='word_1_682' title='bbox 1168 4514 1225 4558; x_wconf 90' lang='lat' dir='ltr'><strong>et</strong></span> <span class='ocrx_word' id='word_1_683' title='bbox 1269 4513 1531 4576; x_wconf 70' lang='lat' dir='ltr'><strong>przcterea</strong></span> <span class='ocrx_word' id='word_1_684' title='bbox 1578 4513 1686 4558; x_wconf 87' lang='lat' dir='ltr'><strong>tam</strong></span> <span class='ocrx_word' id='word_1_685' title='bbox 1756 4517 2049 4557; x_wconf 88' lang='lat' dir='ltr'><strong>numeroso</strong></span> 
     </span>
    </p>
   </div>
   <div class='ocr_carea' id='block_1_93' title="bbox 2153 4507 3695 4593">
    <p class='ocr_par' dir='ltr' id='par_1_93' title="bbox 2156 4516 3695 4593">
     <span class='ocr_line' id='line_1_93' title="bbox 2156 4516 3695 4593; baseline 0.003 -23"><span class='ocrx_word' id='word_1_686' title='bbox 2156 4517 2406 4587; x_wconf 77' lang='grc' dir='ltr'>δετέρους</span> <span class='ocrx_word' id='word_1_687' title='bbox 2434 4516 2590 4587; x_wconf 78' lang='grc' dir='ltr'>ὑμῶν</span> <span class='ocrx_word' id='word_1_688' title='bbox 2614 4517 2713 4581; x_wconf 85' lang='grc' dir='ltr'><strong>τάς</strong></span> <span class='ocrx_word' id='word_1_689' title='bbox 2770 4519 2985 4589; x_wconf 76' lang='grc' dir='ltr'>ἀγαθὰς</span> <span class='ocrx_word' id='word_1_690' title='bbox 3021 4522 3248 4587; x_wconf 70' lang='grc' dir='ltr'>ἐλπίδας</span> <span class='ocrx_word' id='word_1_691' title='bbox 3286 4523 3595 4593; x_wconf 81' lang='grc' dir='ltr'>προδοῦναι.</span> <span class='ocrx_word' id='word_1_692' title='bbox 3639 4522 3695 4582; x_wconf 76' lang='grc' dir='ltr'>ἃς</span> 
     </span>
    </p>
   </div>
   <div class='ocr_carea' id='block_1_94' title="bbox 479 4592 2052 4667">
    <p class='ocr_par' dir='ltr' id='par_1_94' title="bbox 479 4592 2052 4667">
     <span class='ocr_line' id='line_1_94' title="bbox 479 4592 2052 4667; baseline -0.002 -16"><span class='ocrx_word' id='word_1_693' title='bbox 479 4608 623 4653; x_wconf 76' lang='grc' dir='ltr'>οωιυ</span> <span class='ocrx_word' id='word_1_694' title='bbox 665 4596 912 4667; x_wconf 77' lang='lat' dir='ltr'><strong>dignum.</strong></span> <span class='ocrx_word' id='word_1_695' title='bbox 946 4594 1133 4663; x_wconf 71' lang='lat' dir='ltr'><strong>Neque</strong></span> <span class='ocrx_word' id='word_1_696' title='bbox 1164 4593 1270 4648; x_wconf 90' lang='lat' dir='ltr'><strong>dici</strong></span> <span class='ocrx_word' id='word_1_697' title='bbox 1313 4593 1530 4663; x_wconf 89' lang='lat' dir='ltr'><strong>poterit,</strong></span> <span class='ocrx_word' id='word_1_698' title='bbox 1562 4592 1715 4664; x_wconf 88' lang='lat' dir='ltr'><strong>prodi</strong></span> <span class='ocrx_word' id='word_1_699' title='bbox 1749 4592 1818 4646; x_wconf 90' lang='lat' dir='ltr'><strong>ab</strong></span> <span class='ocrx_word' id='word_1_700' title='bbox 1845 4593 2052 4648; x_wconf 86' lang='lat' dir='ltr'><strong>utravis</strong></span> 
     </span>
    </p>
   </div>
   <div class='ocr_carea' id='block_1_95' title="bbox 478 4684 2053 4762">
    <p class='ocr_par' dir='ltr' id='par_1_95' title="bbox 478 4684 2053 4762">
     <span class='ocr_line' id='line_1_95' title="bbox 478 4684 2053 4762; baseline -0.003 -17"><span class='ocrx_word' id='word_1_701' title='bbox 478 4700 632 4762; x_wconf 87' lang='lat' dir='ltr'><strong>parte</strong></span> <span class='ocrx_word' id='word_1_702' title='bbox 654 4705 777 4760; x_wconf 85' lang='lat' dir='ltr'><strong>spes</strong></span> <span class='ocrx_word' id='word_1_703' title='bbox 814 4688 936 4743; x_wconf 89' lang='lat' dir='ltr'><strong>illas</strong></span> <span class='ocrx_word' id='word_1_704' title='bbox 959 4687 1149 4752; x_wconf 89' lang='lat' dir='ltr'><strong>bonas,</strong></span> <span class='ocrx_word' id='word_1_705' title='bbox 1180 4700 1317 4760; x_wconf 85' lang='lat' dir='ltr'><strong>quas</strong></span> <span class='ocrx_word' id='word_1_706' title='bbox 1341 4686 1511 4742; x_wconf 88' lang='lat' dir='ltr'><strong>secuti</strong></span> <span class='ocrx_word' id='word_1_707' title='bbox 1540 4685 1901 4741; x_wconf 85' lang='lat' dir='ltr'><strong>convenistis.</strong></span> <span class='ocrx_word' id='word_1_708' title='bbox 1953 4684 2053 4741; x_wconf 87' lang='lat' dir='ltr'><strong>Ubi</strong></span> 
     </span>
    </p>
   </div>
   <div class='ocr_carea' id='block_1_96' title="bbox 478 4779 2059 4852">
    <p class='ocr_par' dir='ltr' id='par_1_96' title="bbox 478 4779 2059 4852">
     <span class='ocr_line' id='line_1_96' title="bbox 478 4779 2059 4852; baseline -0.004 -13"><span class='ocrx_word' id='word_1_709' title='bbox 478 4784 623 4839; x_wconf 88' lang='lat' dir='ltr'><strong>enim</strong></span> <span class='ocrx_word' id='word_1_710' title='bbox 668 4797 765 4852; x_wconf 89' lang='lat' dir='ltr'><strong>pro</strong></span> <span class='ocrx_word' id='word_1_711' title='bbox 809 4791 986 4837; x_wconf 79' lang='lat' dir='ltr'><strong>vestra</strong></span> <span class='ocrx_word' id='word_1_712' title='bbox 1032 4779 1253 4850; x_wconf 84' lang='lat' dir='ltr'><strong>utrique</strong></span> <span class='ocrx_word' id='word_1_713' title='bbox 1285 4779 1556 4834; x_wconf 89' lang='lat' dir='ltr'><strong>sententia</strong></span> <span class='ocrx_word' id='word_1_714' title='bbox 1589 4779 1981 4851; x_wconf 78' lang='lat' dir='ltr'><strong>pugnaveritis,</strong></span> <span class='ocrx_word' id='word_1_715' title='bbox 2005 4789 2059 4833; x_wconf 92' lang='lat' dir='ltr'><strong>et</strong></span> 
     </span>
    </p>
   </div>
   <div class='ocr_carea' id='block_1_97' title="bbox 480 4861 2059 4945">
    <p class='ocr_par' dir='ltr' id='par_1_97' title="bbox 480 4861 2059 4945">
     <span class='ocr_line' id='line_1_97' title="bbox 480 4861 2059 4945; baseline -0.003 -14"><span class='ocrx_word' id='word_1_716' title='bbox 480 4876 592 4945; x_wconf 86' lang='lat' dir='ltr'><strong>spei</strong></span> <span class='ocrx_word' id='word_1_717' title='bbox 630 4874 933 4944; x_wconf 88' lang='lat' dir='ltr'><strong>periculum</strong></span> <span class='ocrx_word' id='word_1_718' title='bbox 967 4861 1228 4937; x_wconf 76' lang='lat' dir='ltr'><strong>feceritis,</strong></span> <span class='ocrx_word' id='word_1_719' title='bbox 1262 4880 1315 4928; x_wconf 86' lang='lat' dir='ltr'><strong>et</strong></span> <span class='ocrx_word' id='word_1_720' title='bbox 1343 4886 1535 4943; x_wconf 69' lang='lat' dir='ltr'><strong>pugna:</strong></span> <span class='ocrx_word' id='word_1_721' title='bbox 1563 4872 1739 4927; x_wconf 77' lang='lat' dir='ltr'><strong>exitus</strong></span> <span class='ocrx_word' id='word_1_722' title='bbox 1760 4872 1864 4925; x_wconf 89' lang='lat' dir='ltr'><strong>erit</strong></span> <span class='ocrx_word' id='word_1_723' title='bbox 1888 4872 2059 4927; x_wconf 82' lang='lat' dir='ltr'><strong>mani-</strong></span> 
     </span>
    </p>
   </div>
   <div class='ocr_carea' id='block_1_98' title="bbox 482 4960 2054 5032">
    <p class='ocr_par' dir='ltr' id='par_1_98' title="bbox 482 4960 2054 5032">
     <span class='ocr_line' id='line_1_98' title="bbox 482 4960 2054 5032; baseline -0.001 -15"><span class='ocrx_word' id='word_1_724' title='bbox 482 4964 651 5019; x_wconf 82' lang='lat' dir='ltr'><strong>festus</strong></span> <span class='ocrx_word' id='word_1_725' title='bbox 679 4980 693 5028; x_wconf 88' lang='lat'><strong>;</strong></span> <span class='ocrx_word' id='word_1_726' title='bbox 724 4971 850 5016; x_wconf 89' lang='lat' dir='ltr'><strong>tunc</strong></span> <span class='ocrx_word' id='word_1_727' title='bbox 874 4962 939 5016; x_wconf 82' lang='lat' dir='ltr'><strong>ad</strong></span> <span class='ocrx_word' id='word_1_728' title='bbox 974 4960 1127 5027; x_wconf 89' lang='lat' dir='ltr'><strong>illud,</strong></span> <span class='ocrx_word' id='word_1_729' title='bbox 1159 4960 1302 5031; x_wconf 91' lang='lat' dir='ltr'><strong>quod</strong></span> <span class='ocrx_word' id='word_1_730' title='bbox 1322 4972 1501 5015; x_wconf 80' lang='lat' dir='ltr'><strong>vestro</strong></span> <span class='ocrx_word' id='word_1_731' title='bbox 1528 4960 1759 5015; x_wconf 87' lang='lat' dir='ltr'><strong>concilio</strong></span> <span class='ocrx_word' id='word_1_732' title='bbox 1785 4961 2054 5032; x_wconf 88' lang='lat' dir='ltr'><strong>reliquum</strong></span> 
     </span>
    </p>
   </div>
   <div class='ocr_carea' id='block_1_99' title="bbox 479 5054 2053 5129">
    <p class='ocr_par' dir='ltr' id='par_1_99' title="bbox 479 5054 2053 5129">
     <span class='ocr_line' id='line_1_99' title="bbox 479 5054 2053 5129; baseline -0.001 -17"><span class='ocrx_word' id='word_1_733' title='bbox 479 5057 883 5119; x_wconf 72' lang='lat' dir='ltr'><strong>cst,aceedetis</strong></span> <span class='ocrx_word' id='word_1_734' title='bbox 930 5069 995 5109; x_wconf 89' lang='lat' dir='ltr'><strong>ac</strong></span> <span class='ocrx_word' id='word_1_735' title='bbox 1025 5054 1092 5109; x_wconf 89' lang='lat' dir='ltr'><strong>de</strong></span> <span class='ocrx_word' id='word_1_736' title='bbox 1147 5070 1301 5129; x_wconf 87' lang='lat' dir='ltr'><strong>pace,</strong></span> <span class='ocrx_word' id='word_1_737' title='bbox 1333 5056 1608 5125; x_wconf 88' lang='lat' dir='ltr'><strong>quomodo</strong></span> <span class='ocrx_word' id='word_1_738' title='bbox 1670 5055 1919 5111; x_wconf 82' lang='lat' dir='ltr'><strong>facienda</strong></span> <span class='ocrx_word' id='word_1_739' title='bbox 1964 5059 2053 5123; x_wconf 87' lang='lat' dir='ltr'><strong>sit,</strong></span> 
     </span>
    </p>
   </div>
   <div class='ocr_carea' id='block_1_100' title="bbox 478 5147 2057 5217">
    <p class='ocr_par' dir='ltr' id='par_1_100' title="bbox 478 5147 2057 5217">
     <span class='ocr_line' id='line_1_100' title="bbox 478 5147 2057 5217; baseline 0.002 -16"><span class='ocrx_word' id='word_1_740' title='bbox 478 5147 851 5201; x_wconf 74' lang='lat' dir='ltr'><strong>deliberabitis</strong></span> <span class='ocrx_word' id='word_1_741' title='bbox 891 5154 1059 5215; x_wconf 87' lang='lat' dir='ltr'><strong>utque</strong></span> <span class='ocrx_word' id='word_1_742' title='bbox 1103 5147 1443 5201; x_wconf 80' lang='lat' dir='ltr'><strong>mendacium</strong></span> <span class='ocrx_word' id='word_1_743' title='bbox 1486 5162 1714 5217; x_wconf 88' lang='lat' dir='ltr'><strong>prorsus</strong></span> <span class='ocrx_word' id='word_1_744' title='bbox 1749 5163 1780 5202; x_wconf 89' lang='lat' dir='ltr'><strong>a</strong></span> <span class='ocrx_word' id='word_1_745' title='bbox 1830 5150 2057 5205; x_wconf 84' lang='lat' dir='ltr'><strong>veritate</strong></span> 
     </span>
    </p>
   </div>
   <div class='ocr_carea' id='block_1_101' title="bbox 477 5237 2053 5304">
    <p class='ocr_par' dir='ltr' id='par_1_101' title="bbox 477 5237 2053 5304">
     <span class='ocr_line' id='line_1_101' title="bbox 477 5237 2053 5304; baseline 0.003 -11"><span class='ocrx_word' id='word_1_746' title='bbox 477 5240 818 5304; x_wconf 83' lang='lat' dir='ltr'><strong>devincatur,</strong></span> <span class='ocrx_word' id='word_1_747' title='bbox 844 5238 1128 5293; x_wconf 88' lang='lat' dir='ltr'><strong>curabitis.</strong></span> <span class='ocrx_word' id='word_1_748' title='bbox 1163 5237 1314 5293; x_wconf 75' lang='lat' dir='ltr'><strong>[laud</strong></span> <span class='ocrx_word' id='word_1_749' title='bbox 1342 5239 1489 5295; x_wconf 86' lang='lat' dir='ltr'><strong>enim</strong></span> <span class='ocrx_word' id='word_1_750' title='bbox 1520 5242 1621 5297; x_wconf 90' lang='lat' dir='ltr'><strong>hac</strong></span> <span class='ocrx_word' id='word_1_751' title='bbox 1649 5252 1827 5298; x_wconf 91' lang='lat' dir='ltr'><strong>mente</strong></span> <span class='ocrx_word' id='word_1_752' title='bbox 1873 5244 2053 5298; x_wconf 88' lang='lat' dir='ltr'><strong>omni-</strong></span> 
     </span>
    </p>
   </div>
   <div class='ocr_carea' id='block_1_102' title="bbox 478 5323 2053 5402">
    <p class='ocr_par' dir='ltr' id='par_1_102' title="bbox 478 5323 2053 5402">
     <span class='ocr_line' id='line_1_102' title="bbox 478 5323 2053 5402; baseline 0.004 -17"><span class='ocrx_word' id='word_1_753' title='bbox 478 5347 549 5385; x_wconf 91' lang='lat' dir='ltr'><strong>no</strong></span> <span class='ocrx_word' id='word_1_754' title='bbox 583 5331 798 5399; x_wconf 85' lang='lat' dir='ltr'><strong>utrique</strong></span> <span class='ocrx_word' id='word_1_755' title='bbox 825 5323 1156 5393; x_wconf 67' lang='lat' dir='ltr'><strong>venistis,&#39;ut</strong></span> <span class='ocrx_word' id='word_1_756' title='bbox 1212 5330 1441 5386; x_wconf 82' lang='lat' dir='ltr'><strong>vincatis</strong></span> <span class='ocrx_word' id='word_1_757' title='bbox 1481 5331 1683 5387; x_wconf 88' lang='lat' dir='ltr'><strong>alteros</strong></span> <span class='ocrx_word' id='word_1_758' title='bbox 1714 5349 1731 5402; x_wconf 82' lang='lat'><strong>;</strong></span> <span class='ocrx_word' id='word_1_759' title='bbox 1763 5335 1864 5390; x_wconf 91' lang='lat' dir='ltr'><strong>hoc</strong></span> <span class='ocrx_word' id='word_1_760' title='bbox 1911 5337 2053 5391; x_wconf 89' lang='lat' dir='ltr'><strong>enim</strong></span> 
     </span>
    </p>
   </div>
   <div class='ocr_carea' id='block_1_103' title="bbox 475 5420 2056 5493">
    <p class='ocr_par' dir='ltr' id='par_1_103' title="bbox 475 5420 2056 5493">
     <span class='ocr_line' id='line_1_103' title="bbox 475 5420 2056 5493; baseline 0.003 -14"><span class='ocrx_word' id='word_1_761' title='bbox 475 5433 559 5479; x_wconf 87' lang='lat' dir='ltr'><strong>cst</strong></span> <span class='ocrx_word' id='word_1_762' title='bbox 589 5422 725 5476; x_wconf 84' lang='lat' dir='ltr'><strong>velle</strong></span> <span class='ocrx_word' id='word_1_763' title='bbox 755 5420 1035 5475; x_wconf 86' lang='lat' dir='ltr'><strong>mendacio</strong></span> <span class='ocrx_word' id='word_1_764' title='bbox 1072 5436 1291 5493; x_wconf 88' lang='lat' dir='ltr'><strong>quoque</strong></span> <span class='ocrx_word' id='word_1_765' title='bbox 1319 5423 1451 5478; x_wconf 84' lang='lat' dir='ltr'><strong>dare</strong></span> <span class='ocrx_word' id='word_1_766' title='bbox 1498 5426 1805 5491; x_wconf 89' lang='lat' dir='ltr'><strong>victoriam,</strong></span> <span class='ocrx_word' id='word_1_767' title='bbox 1837 5442 1962 5482; x_wconf 89' lang='lat' dir='ltr'><strong>cum</strong></span> <span class='ocrx_word' id='word_1_768' title='bbox 1988 5429 2056 5484; x_wconf 85' lang='lat' dir='ltr'><strong>de</strong></span> 
     </span>
    </p>
   </div>
   <div class='ocr_carea' id='block_1_104' title="bbox 477 5516 2055 5576">
    <p class='ocr_par' dir='ltr' id='par_1_104' title="bbox 477 5516 2055 5576">
     <span class='ocr_line' id='line_1_104' title="bbox 477 5516 2055 5576; baseline 0.006 -9"><span class='ocrx_word' id='word_1_769' title='bbox 477 5517 640 5568; x_wconf 89' lang='lat' dir='ltr'><strong>rebus</strong></span> <span class='ocrx_word' id='word_1_770' title='bbox 678 5516 1050 5568; x_wconf 85' lang='lat' dir='ltr'><strong>controversis</strong></span> <span class='ocrx_word' id='word_1_771' title='bbox 1085 5528 1191 5568; x_wconf 91' lang='lat' dir='ltr'><strong>non</strong></span> <span class='ocrx_word' id='word_1_772' title='bbox 1236 5516 1498 5569; x_wconf 90' lang='lat' dir='ltr'><strong>habeatur</strong></span> <span class='ocrx_word' id='word_1_773' title='bbox 1524 5516 1884 5574; x_wconf 76' lang='lat' dir='ltr'><strong>deterruiuara</strong></span> <span class='ocrx_word' id='word_1_774' title='bbox 1913 5522 2055 5576; x_wconf 80' lang='lat' dir='ltr'><strong>teri-</strong></span> 
     </span>
    </p>
   </div>
   <div class='ocr_carea' id='block_1_105' title="bbox 478 5607 2054 5679">
    <p class='ocr_par' dir='ltr' id='par_1_105' title="bbox 478 5607 2054 5679">
     <span class='ocr_line' id='line_1_105' title="bbox 478 5607 2054 5679; baseline 0.006 -20"><span class='ocrx_word' id='word_1_775' title='bbox 478 5607 739 5660; x_wconf 85' lang='lat' dir='ltr'><strong>tas:dum</strong></span> <span class='ocrx_word' id='word_1_776' title='bbox 768 5616 946 5660; x_wconf 87' lang='lat' dir='ltr'><strong>autem</strong></span> <span class='ocrx_word' id='word_1_777' title='bbox 1003 5607 1204 5662; x_wconf 85' lang='lat' dir='ltr'><strong>veritas</strong></span> <span class='ocrx_word' id='word_1_778' title='bbox 1234 5609 1410 5661; x_wconf 83' lang='lat' dir='ltr'><strong>adhuc</strong></span> <span class='ocrx_word' id='word_1_779' title='bbox 1479 5609 1661 5679; x_wconf 76' lang='lat' dir='ltr'><strong>ignota</strong></span> <span class='ocrx_word' id='word_1_780' title='bbox 1687 5622 1787 5675; x_wconf 88' lang='lat' dir='ltr'><strong>est,</strong></span> <span class='ocrx_word' id='word_1_781' title='bbox 1828 5627 2054 5670; x_wconf 86' lang='lat' dir='ltr'><strong>necesse</strong></span> 
     </span>
    </p>
   </div>
   <div class='ocr_carea' id='block_1_106' title="bbox 475 5699 2054 5776">
    <p class='ocr_par' dir='ltr' id='par_1_106' title="bbox 475 5699 2054 5776">
     <span class='ocr_line' id='line_1_106' title="bbox 475 5699 2054 5776; baseline 0.008 -25"><span class='ocrx_word' id='word_1_782' title='bbox 475 5707 558 5752; x_wconf 88' lang='lat' dir='ltr'><strong>est</strong></span> <span class='ocrx_word' id='word_1_783' title='bbox 586 5699 886 5767; x_wconf 90' lang='lat' dir='ltr'><strong>suspicioni</strong></span> <span class='ocrx_word' id='word_1_784' title='bbox 912 5714 1130 5769; x_wconf 81' lang='lat' dir='ltr'><strong>quoque</strong></span> <span class='ocrx_word' id='word_1_785' title='bbox 1167 5701 1433 5756; x_wconf 88' lang='lat' dir='ltr'><strong>mendacii</strong></span> <span class='ocrx_word' id='word_1_786' title='bbox 1480 5703 1623 5771; x_wconf 88' lang='lat' dir='ltr'><strong>apud</strong></span> <span class='ocrx_word' id='word_1_787' title='bbox 1672 5715 1935 5776; x_wconf 87' lang='lat' dir='ltr'><strong>utrosque</strong></span> <span class='ocrx_word' id='word_1_788' title='bbox 1973 5708 2054 5763; x_wconf 87' lang='lat' dir='ltr'><strong>lo-</strong></span> 
     </span>
    </p>
   </div>
   <div class='ocr_carea' id='block_1_107' title="bbox 475 5789 2050 5866">
    <p class='ocr_par' dir='ltr' id='par_1_107' title="bbox 475 5789 2050 5866">
     <span class='ocr_line' id='line_1_107' title="bbox 475 5789 2050 5866; baseline 0.008 -26"><span class='ocrx_word' id='word_1_789' title='bbox 475 5802 601 5861; x_wconf 66' lang='lat' dir='ltr'><strong>cum</strong></span> <span class='ocrx_word' id='word_1_790' title='bbox 631 5803 771 5845; x_wconf 77' lang='lat' dir='ltr'><strong>esse.</strong></span> <span class='ocrx_word' id='word_1_791' title='bbox 813 5789 918 5847; x_wconf 82' lang='lat' dir='ltr'><strong>Sed</strong></span> <span class='ocrx_word' id='word_1_792' title='bbox 958 5792 1182 5846; x_wconf 81' lang='lat' dir='ltr'><strong>venistis</strong></span> <span class='ocrx_word' id='word_1_793' title='bbox 1219 5794 1451 5861; x_wconf 87' lang='lat' dir='ltr'><strong>primum</strong></span> <span class='ocrx_word' id='word_1_794' title='bbox 1485 5795 1704 5863; x_wconf 85' lang='lat' dir='ltr'><strong>quidem</strong></span> <span class='ocrx_word' id='word_1_795' title='bbox 1738 5814 1769 5866; x_wconf 86' lang='lat' dir='ltr'><strong>p</strong></span> <span class='ocrx_word' id='word_1_796' title='bbox 1802 5814 1835 5853; x_wconf 90' lang='grc' dir='ltr'><strong>ο</strong></span> <span class='ocrx_word' id='word_1_797' title='bbox 1872 5810 2050 5854; x_wconf 80' lang='lat' dir='ltr'><strong>vestra</strong></span> 
     </span>
    </p>
   </div>
   <div class='ocr_carea' id='block_1_108' title="bbox 2160 4610 3696 4687">
    <p class='ocr_par' dir='ltr' id='par_1_108' title="bbox 2160 4610 3696 4687">
     <span class='ocr_line' id='line_1_108' title="bbox 2160 4610 3696 4687; baseline 0.003 -26"><span class='ocrx_word' id='word_1_798' title='bbox 2160 4610 2375 4679; x_wconf 76' lang='grc' dir='ltr'>ἔχοντες</span> <span class='ocrx_word' id='word_1_799' title='bbox 2432 4610 2619 4682; x_wconf 77' lang='grc' dir='ltr'>ἥκετε.</span> <span class='ocrx_word' id='word_1_800' title='bbox 2678 4611 2792 4682; x_wconf 80' lang='grc' dir='ltr'>Τῆς</span> <span class='ocrx_word' id='word_1_801' title='bbox 2846 4614 2956 4685; x_wconf 83' lang='grc' dir='ltr'>γὰρ</span> <span class='ocrx_word' id='word_1_802' title='bbox 2997 4614 3157 4687; x_wconf 79' lang='grc' dir='ltr'>δόξης</span> <span class='ocrx_word' id='word_1_803' title='bbox 3208 4618 3696 4687; x_wconf 83' lang='grc' dir='ltr'>προπολεμήσαντες</span> 
     </span>
    </p>
   </div>
   <div class='ocr_carea' id='block_1_109' title="bbox 2158 4701 3699 4779">
    <p class='ocr_par' dir='ltr' id='par_1_109' title="bbox 2158 4701 3699 4779">
     <span class='ocr_line' id='line_1_109' title="bbox 2158 4701 3699 4779; baseline 0.002 -26"><span class='ocrx_word' id='word_1_804' title='bbox 2158 4701 2412 4771; x_wconf 65' lang='grc' dir='ltr'>ἑκάτεροι</span> <span class='ocrx_word' id='word_1_805' title='bbox 2461 4702 2563 4773; x_wconf 86' lang='grc' dir='ltr'><strong>τῆς</strong></span> <span class='ocrx_word' id='word_1_806' title='bbox 2595 4704 2831 4772; x_wconf 73' lang='grc' dir='ltr'>ἑαυτῶν,</span> <span class='ocrx_word' id='word_1_807' title='bbox 2865 4707 2961 4760; x_wconf 65' lang='grc' dir='ltr'><strong>καὶ⁵</strong></span> <span class='ocrx_word' id='word_1_808' title='bbox 2990 4708 3099 4760; x_wconf 88' lang='grc' dir='ltr'><strong>τῶν</strong></span> <span class='ocrx_word' id='word_1_809' title='bbox 3141 4707 3371 4763; x_wconf 70' lang='grc' dir='ltr'>ἐλπίδων</span> <span class='ocrx_word' id='word_1_810' title='bbox 3411 4710 3595 4779; x_wconf 85' lang='grc' dir='ltr'>πεῖραν</span> <span class='ocrx_word' id='word_1_811' title='bbox 3620 4707 3699 4758; x_wconf 82' lang='grc' dir='ltr'>λα·</span> 
     </span>
    </p>
   </div>
   <div class='ocr_carea' id='block_1_110' title="bbox 2158 4792 3698 4871">
    <p class='ocr_par' dir='ltr' id='par_1_110' title="bbox 2158 4792 3698 4871">
     <span class='ocr_line' id='line_1_110' title="bbox 2158 4792 3698 4871; baseline 0.001 -26"><span class='ocrx_word' id='word_1_812' title='bbox 2158 4792 2375 4860; x_wconf 77' lang='grc' dir='ltr'>δόντες,</span> <span class='ocrx_word' id='word_1_813' title='bbox 2422 4794 2641 4850; x_wconf 74' lang='grc' dir='ltr'>ἐπειδὰν</span> <span class='ocrx_word' id='word_1_814' title='bbox 2695 4797 2931 4869; x_wconf 82' lang='grc' dir='ltr'>φανερὸν</span> <span class='ocrx_word' id='word_1_815' title='bbox 2963 4800 3025 4852; x_wconf 87' lang='grc' dir='ltr'><strong>τδ</strong></span> <span class='ocrx_word' id='word_1_816' title='bbox 3075 4799 3171 4852; x_wconf 80' lang='grc' dir='ltr'>τοῦ</span> <span class='ocrx_word' id='word_1_817' title='bbox 3229 4801 3465 4871; x_wconf 84' lang='grc' dir='ltr'>πολέμου</span> <span class='ocrx_word' id='word_1_818' title='bbox 3502 4799 3698 4868; x_wconf 82' lang='grc' dir='ltr'>γένηται</span> 
     </span>
    </p>
   </div>
   <div class='ocr_carea' id='block_1_111' title="bbox 2164 4886 3698 4965">
    <p class='ocr_par' dir='ltr' id='par_1_111' title="bbox 2164 4886 3698 4965">
     <span class='ocr_line' id='line_1_111' title="bbox 2164 4886 3698 4965; baseline -0.007 -15"><span class='ocrx_word' id='word_1_819' title='bbox 2164 4886 2354 4956; x_wconf 81' lang='grc' dir='ltr'>πέρας.</span> <span class='ocrx_word' id='word_1_820' title='bbox 2391 4888 2484 4941; x_wconf 67' lang='grc' dir='ltr'>ἐπὶ</span> <span class='ocrx_word' id='word_1_821' title='bbox 2500 4889 2560 4942; x_wconf 79' lang='grc' dir='ltr'><strong>τὸ</strong></span> <span class='ocrx_word' id='word_1_822' title='bbox 2583 4889 2769 4943; x_wconf 83' lang='grc' dir='ltr'>λεῖπον</span> <span class='ocrx_word' id='word_1_823' title='bbox 2800 4891 2903 4961; x_wconf 84' lang='grc' dir='ltr'>τῆς</span> <span class='ocrx_word' id='word_1_824' title='bbox 2941 4892 3253 4962; x_wconf 81' lang='grc' dir='ltr'>προθέσεως</span> <span class='ocrx_word' id='word_1_825' title='bbox 3303 4892 3590 4965; x_wconf 82' lang='grc' dir='ltr'>βαδιεῖσθε,</span> <span class='ocrx_word' id='word_1_826' title='bbox 3619 4890 3698 4942; x_wconf 74' lang='grc' dir='ltr'>καὶ</span> 
     </span>
    </p>
   </div>
   <div class='ocr_carea' id='block_1_112' title="bbox 2159 4978 3697 5055">
    <p class='ocr_par' dir='ltr' id='par_1_112' title="bbox 2159 4978 3697 5055">
     <span class='ocr_line' id='line_1_112' title="bbox 2159 4978 3697 5055; baseline 0.001 -24"><span class='ocrx_word' id='word_1_827' title='bbox 2159 4980 2259 5046; x_wconf 86' lang='grc' dir='ltr'>τὴν</span> <span class='ocrx_word' id='word_1_828' title='bbox 2284 4979 2512 5050; x_wconf 83' lang='grc' dir='ltr'>εἰρήνην</span> <span class='ocrx_word' id='word_1_829' title='bbox 2543 4982 2693 5046; x_wconf 85' lang='grc' dir='ltr'>ὅπως</span> <span class='ocrx_word' id='word_1_830' title='bbox 2723 4983 2878 5036; x_wconf 76' lang='grc' dir='ltr'>ισται</span> <span class='ocrx_word' id='word_1_831' title='bbox 2908 4984 3308 5055; x_wconf 79' lang='grc' dir='ltr'>προσλέψεσθε,</span> <span class='ocrx_word' id='word_1_832' title='bbox 3348 4985 3443 5039; x_wconf 85' lang='grc' dir='ltr'>καὶ</span> <span class='ocrx_word' id='word_1_833' title='bbox 3467 4982 3559 5052; x_wconf 81' lang='grc' dir='ltr'>τὴν</span> <span class='ocrx_word' id='word_1_834' title='bbox 3586 4978 3697 5047; x_wconf 80' lang='grc' dir='ltr'>ἀλή-</span> 
     </span>
    </p>
   </div>
   <div class='ocr_carea' id='block_1_113' title="bbox 2161 5070 3698 5155">
    <p class='ocr_par' dir='ltr' id='par_1_113' title="bbox 2161 5070 3698 5155">
     <span class='ocr_line' id='line_1_113' title="bbox 2161 5070 3698 5155; baseline 0.005 -33"><span class='ocrx_word' id='word_1_835' title='bbox 2161 5070 2312 5123; x_wconf 85' lang='grc' dir='ltr'>θειαν</span> <span class='ocrx_word' id='word_1_836' title='bbox 2333 5070 2501 5155; x_wconf 77' lang='grc' dir='ltr'>-ὅπως</span> <span class='ocrx_word' id='word_1_837' title='bbox 2532 5074 2708 5145; x_wconf 88' lang='grc' dir='ltr'>πάντη</span> <span class='ocrx_word' id='word_1_838' title='bbox 2740 5075 2802 5128; x_wconf 85' lang='grc' dir='ltr'><strong>τὸ</strong></span> <span class='ocrx_word' id='word_1_839' title='bbox 2837 5075 3033 5146; x_wconf 80' lang='grc' dir='ltr'>ψεῦδος</span> <span class='ocrx_word' id='word_1_840' title='bbox 3074 5079 3517 5149; x_wconf 87' lang='grc' dir='ltr'>καταγωνίσηται</span> <span class='ocrx_word' id='word_1_841' title='bbox 3557 5089 3698 5145; x_wconf 79' lang='grc' dir='ltr'>φρον-</span> 
     </span>
    </p>
   </div>
   <div class='ocr_carea' id='block_1_114' title="bbox 2157 5162 3696 5243">
    <p class='ocr_par' dir='ltr' id='par_1_114' title="bbox 2157 5162 3696 5243">
     <span class='ocr_line' id='line_1_114' title="bbox 2157 5162 3696 5243; baseline 0.006 -28"><span class='ocrx_word' id='word_1_842' title='bbox 2157 5162 2344 5217; x_wconf 85' lang='grc' dir='ltr'>τιεῖτε.</span> <span class='ocrx_word' id='word_1_843' title='bbox 2372 5163 2508 5217; x_wconf 65' lang='grc' dir='ltr'>Οὐδὲ</span> <span class='ocrx_word' id='word_1_844' title='bbox 2542 5165 2653 5237; x_wconf 81' lang='grc' dir='ltr'><strong>γὰρ</strong></span> <span class='ocrx_word' id='word_1_845' title='bbox 2679 5167 2741 5232; x_wconf 67' lang='grc' dir='ltr'><strong>ἐξ</strong></span> <span class='ocrx_word' id='word_1_846' title='bbox 2778 5168 3017 5232; x_wconf 78' lang='grc' dir='ltr'>ἅπαντος</span> <span class='ocrx_word' id='word_1_847' title='bbox 3057 5170 3312 5243; x_wconf 76' lang='grc' dir='ltr'>ἑκάτεροι</span> <span class='ocrx_word' id='word_1_848' title='bbox 3346 5171 3469 5234; x_wconf 79' lang='grc' dir='ltr'>τοὺς</span> <span class='ocrx_word' id='word_1_849' title='bbox 3500 5167 3696 5237; x_wconf 71' lang='grc' dir='ltr'>ἑτέρους</span> 
     </span>
    </p>
   </div>
   <div class='ocr_carea' id='block_1_115' title="bbox 2160 5255 3697 5335">
    <p class='ocr_par' dir='ltr' id='par_1_115' title="bbox 2160 5255 3697 5335">
     <span class='ocr_line' id='line_1_115' title="bbox 2160 5255 3697 5335; baseline 0.008 -29"><span class='ocrx_word' id='word_1_850' title='bbox 2160 5255 2477 5325; x_wconf 84' lang='grc' dir='ltr'>νικήσοντες</span> <span class='ocrx_word' id='word_1_851' title='bbox 2516 5257 2719 5329; x_wconf 72' lang='grc' dir='ltr'>ἥκετεο</span> <span class='ocrx_word' id='word_1_852' title='bbox 2774 5262 2933 5317; x_wconf 78' lang='grc' dir='ltr'>τοῦτο</span> <span class='ocrx_word' id='word_1_853' title='bbox 2988 5266 3098 5335; x_wconf 88' lang='grc' dir='ltr'><strong>γάρ</strong></span> <span class='ocrx_word' id='word_1_854' title='bbox 3136 5266 3253 5321; x_wconf 72' lang='grc' dir='ltr'>ἐστι</span> <span class='ocrx_word' id='word_1_855' title='bbox 3292 5268 3389 5322; x_wconf 74' lang='grc' dir='ltr'>καὶ</span> <span class='ocrx_word' id='word_1_856' title='bbox 3426 5265 3484 5320; x_wconf 84' lang='grc' dir='ltr'>τὸ</span> <span class='ocrx_word' id='word_1_857' title='bbox 3529 5260 3697 5332; x_wconf 76' lang='grc' dir='ltr'>ψεῦδος</span> 
     </span>
    </p>
   </div>
   <div class='ocr_carea' id='block_1_116' title="bbox 2162 5346 3692 5429">
    <p class='ocr_par' dir='ltr' id='par_1_116' title="bbox 2162 5346 3692 5429">
     <span class='ocr_line' id='line_1_116' title="bbox 2162 5346 3692 5429; baseline 0.005 -31"><span class='ocrx_word' id='word_1_858' title='bbox 2162 5346 2336 5399; x_wconf 84' lang='grc' dir='ltr'>θέλειν</span> <span class='ocrx_word' id='word_1_859' title='bbox 2375 5350 2553 5421; x_wconf 79' lang='grc' dir='ltr'>νικᾷν,</span> <span class='ocrx_word' id='word_1_860' title='bbox 2596 5352 2721 5405; x_wconf 77' lang='grc' dir='ltr'>ἐπεὶ</span> <span class='ocrx_word' id='word_1_861' title='bbox 2753 5356 3024 5426; x_wconf 74' lang='grc' dir='ltr'>περὶτῶν</span> <span class='ocrx_word' id='word_1_862' title='bbox 3075 5357 3599 5429; x_wconf 76' lang='grc' dir='ltr'>ἀμφισϐητουμένων</span> <span class='ocrx_word' id='word_1_863' title='bbox 3643 5350 3692 5402; x_wconf 70' lang='grc' dir='ltr'>οὗ</span> 
     </span>
    </p>
   </div>
   <div class='ocr_carea' id='block_1_117' title="bbox 2158 5436 3694 5522">
    <p class='ocr_par' dir='ltr' id='par_1_117' title="bbox 2158 5436 3694 5522">
     <span class='ocr_line' id='line_1_117' title="bbox 2158 5436 3694 5522; baseline 0.014 -31"><span class='ocrx_word' id='word_1_864' title='bbox 2158 5436 2447 5508; x_wconf 76' lang='grc' dir='ltr'>διώρισται</span> <span class='ocrx_word' id='word_1_865' title='bbox 2478 5442 2730 5513; x_wconf 71' lang='grc' dir='ltr'>τάληθὲς,</span> <span class='ocrx_word' id='word_1_866' title='bbox 2761 5448 2856 5499; x_wconf 80' lang='grc' dir='ltr'>καὶ</span> <span class='ocrx_word' id='word_1_867' title='bbox 2902 5448 3001 5517; x_wconf 80' lang='grc' dir='ltr'>τῆς</span> <span class='ocrx_word' id='word_1_868' title='bbox 3026 5448 3287 5522; x_wconf 86' lang='grc' dir='ltr'>ἀληθείας</span> <span class='ocrx_word' id='word_1_869' title='bbox 3340 5453 3400 5505; x_wconf 79' lang='grc' dir='ltr'>ὲν</span> <span class='ocrx_word' id='word_1_870' title='bbox 3427 5447 3595 5518; x_wconf 79' lang='grc' dir='ltr'>ἀδήλῳ</span> <span class='ocrx_word' id='word_1_871' title='bbox 3616 5443 3694 5511; x_wconf 59' lang='grc' dir='ltr'><strong>δ’δ’</strong></span> 
     </span>
    </p>
   </div>
   <div class='ocr_carea' id='block_1_118' title="bbox 2161 5532 3696 5609">
    <p class='ocr_par' dir='ltr' id='par_1_118' title="bbox 2161 5532 3696 5609">
     <span class='ocr_line' id='line_1_118' title="bbox 2161 5532 3696 5609; baseline 0.012 -28"><span class='ocrx_word' id='word_1_872' title='bbox 2161 5545 2262 5581; x_wconf 84' lang='grc' dir='ltr'><strong>που</strong></span> <span class='ocrx_word' id='word_1_873' title='bbox 2304 5532 2587 5601; x_wconf 82' lang='grc' dir='ltr'>κειμένης,</span> <span class='ocrx_word' id='word_1_874' title='bbox 2618 5534 2833 5608; x_wconf 86' lang='grc' dir='ltr'>ἀνάγκη</span> <span class='ocrx_word' id='word_1_875' title='bbox 2868 5540 2965 5590; x_wconf 79' lang='grc' dir='ltr'>καὶ</span> <span class='ocrx_word' id='word_1_876' title='bbox 2992 5541 3056 5608; x_wconf 78' lang='grc' dir='ltr'>τῇ</span> <span class='ocrx_word' id='word_1_877' title='bbox 3113 5538 3207 5593; x_wconf 79' lang='grc' dir='ltr'>τοῦ</span> <span class='ocrx_word' id='word_1_878' title='bbox 3241 5538 3471 5609; x_wconf 78' lang='grc' dir='ltr'>ψεύδους</span> <span class='ocrx_word' id='word_1_879' title='bbox 3516 5533 3696 5601; x_wconf 57' lang='grc' dir='ltr'>ὑποψίᾳ</span> 
     </span>
    </p>
   </div>
   <div class='ocr_carea' id='block_1_119' title="bbox 2160 5619 3697 5703">
    <p class='ocr_par' dir='ltr' id='par_1_119' title="bbox 2160 5619 3697 5703">
     <span class='ocr_line' id='line_1_119' title="bbox 2160 5619 3697 5703; baseline 0.008 -32"><span class='ocrx_word' id='word_1_880' title='bbox 2160 5619 2290 5687; x_wconf 81' lang='grc' dir='ltr'>παρ’</span> <span class='ocrx_word' id='word_1_881' title='bbox 2325 5621 2609 5693; x_wconf 79' lang='grc' dir='ltr'>ἑκατέροις</span> <span class='ocrx_word' id='word_1_882' title='bbox 2633 5620 2771 5680; x_wconf 75' lang='grc' dir='ltr'>εἶναι</span> <span class='ocrx_word' id='word_1_883' title='bbox 2795 5628 2979 5700; x_wconf 87' lang='grc' dir='ltr'>χώραν</span> <span class='ocrx_word' id='word_1_884' title='bbox 3004 5632 3145 5684; x_wconf 83' lang='grc' dir='ltr'>τινά.</span> <span class='ocrx_word' id='word_1_885' title='bbox 3186 5633 3326 5684; x_wconf 82' lang='grc' dir='ltr'>Ἀλλ’</span> <span class='ocrx_word' id='word_1_886' title='bbox 3348 5632 3507 5703; x_wconf 64' lang='grc' dir='ltr'>ἣκετε</span> <span class='ocrx_word' id='word_1_887' title='bbox 3530 5626 3697 5698; x_wconf 78' lang='grc' dir='ltr'>πρῶτα</span> 
     </span>
    </p>
   </div>
   <div class='ocr_carea' id='block_1_120' title="bbox 2163 5709 3694 5795">
    <p class='ocr_par' dir='ltr' id='par_1_120' title="bbox 2163 5709 3694 5795">
     <span class='ocr_line' id='line_1_120' title="bbox 2163 5709 3694 5795; baseline 0.009 -33"><span class='ocrx_word' id='word_1_888' title='bbox 2163 5710 2263 5781; x_wconf 78' lang='grc' dir='ltr'>μὲν</span> <span class='ocrx_word' id='word_1_889' title='bbox 2299 5712 2443 5783; x_wconf 71' lang='grc' dir='ltr'>ὑπὲρ</span> <span class='ocrx_word' id='word_1_890' title='bbox 2481 5709 2559 5768; x_wconf 82' lang='grc' dir='ltr'>ὧν</span> <span class='ocrx_word' id='word_1_891' title='bbox 2587 5724 2975 5789; x_wconf 79' lang='grc' dir='ltr'>πεφρονήκατε</span> <span class='ocrx_word' id='word_1_892' title='bbox 3006 5724 3146 5794; x_wconf 74' lang='grc' dir='ltr'>πρὸς</span> <span class='ocrx_word' id='word_1_893' title='bbox 3176 5724 3437 5795; x_wconf 84' lang='grc' dir='ltr'>ἀλλήλους</span> <span class='ocrx_word' id='word_1_894' title='bbox 3461 5715 3694 5791; x_wconf 72' lang='grc' dir='ltr'>ἀγωνιούο</span> 
     </span>
    </p>
   </div>
   <div class='ocr_carea' id='block_1_121' title="bbox 2162 5804 3694 5884">
    <p class='ocr_par' dir='ltr' id='par_1_121' title="bbox 2162 5804 3694 5884">
     <span class='ocr_line' id='line_1_121' title="bbox 2162 5804 3694 5884; baseline -0.004 -9"><span class='ocrx_word' id='word_1_895' title='bbox 2162 5820 2339 5873; x_wconf 70' lang='grc' dir='ltr'>μενοιν</span> <span class='ocrx_word' id='word_1_896' title='bbox 2372 5807 2468 5860; x_wconf 62' lang='grc' dir='ltr'>καὶ</span> <span class='ocrx_word' id='word_1_897' title='bbox 2498 5809 2938 5884; x_wconf 75' lang='grc' dir='ltr'>τοῧτον.πρῶτον</span> <span class='ocrx_word' id='word_1_898' title='bbox 2973 5817 3343 5881; x_wconf 84' lang='grc' dir='ltr'>ὲκτελέσοντες</span> <span class='ocrx_word' id='word_1_899' title='bbox 3376 5815 3530 5871; x_wconf 80' lang='grc' dir='ltr'>ἆθλον</span> <span class='ocrx_word' id='word_1_900' title='bbox 3552 5829 3563 5843; x_wconf 91' lang='lat'><strong>&#39;</strong></span> <span class='ocrx_word' id='word_1_901' title='bbox 3594 5804 3694 5863; x_wconf 76' lang='grc' dir='ltr'><strong>εἶτα</strong></span> 
     </span>
    </p>
   </div>
  </div>
