3976 6452
279 337 386 402 453
1442 329 1726 393 ORATIO
1770 330 1828 389 ll
1871 329 1970 388 AD
2012 325 2406 388 SYNODUM.

276 451 464 523 ψεύδει
518 448 610 501 καὶ
639 447 869 520 ἀληθείᾳ
891 448 1228 514 δικάσοντες,
1271 447 1363 500 καὶ
1411 447 1623 517 ταύτην
1657 462 1851 514 στεφα·

1963 442 2181 512 utrique
2220 441 2491 500 sententia
2528 439 2951 512 propugnatnrl,
2994 449 3047 497 et
3077 438 3132 496 in
3171 440 3274 495 hoc
3311 439 3545 511 primum

286 544 557 605 νώσοντες
586 542 681 595 καὶ
704 540 1160 612 περιπλεξάμενοι
1188 542 1390 603 πάντες
1415 557 1429 571 θ
1468 541 1529 605 ἐξ
1564 535 1633 612 ἦς
1669 542 1766 595 καὶ
1800 543 1856 595 αἱ

275 634 565 700 διαλλαγαὶ
595 635 689 685 καὶ
724 634 791 686 τά
831 632 944 687 τῶν
978 633 1211 687 ἐλπίδων
1236 632 1513 701 κεφάλαια
1538 632 1657 702 μεθ’
1684 633 1857 701 ὑπερ-

220 706 221 709 Ὶ
275 725 442 795 ϐολῆς
468 725 596 794 ὑμῖν
617 724 1063 795 ἀναλάμψουσιν.
1094 726 1283 787 Οὐδεὶς
1314 724 1494 781 τοίνυν
1525 725 1657 796 ὑμῖν
1691 728 1856 793 ἐγκα-

274 817 424 870 λέσει
471 816 721 884 δικαίως,
777 811 855 871 ὦν
910 816 1069 888 χάριν
1109 817 1399 888 ουνήλθετε
1447 816 1853 888 καταπράξασι,

276 908 368 958 γαὶ
398 906 602 978 ταύτην
642 908 919 975 ἀρκοῦσαν
946 910 1104 980 νίκην
1126 910 1512 982 ἀνῃρημένοις.
1554 910 1684 965 Ἐπὶ
1721 911 1854 965 πᾶσι

277 998 333 1051 δὲ
373 1000 583 1063 τούτοις
617 1001 729 1055 οὐδ’
761 1001 910 1066 είκός
945 1002 1062 1055 ἔστι
1086 1004 1213 1064 τοὺς
1250 1003 1660 1071 μεταϐαλόντας
1685 1005 1857 1059 πλείω

274 1092 438 1162 χάριν
469 1091 705 1160 ὀφείλειν
739 1096 851 1158 τοῖς
895 1096 1220 1149 πεπεικόσιν
1249 1094 1283 1167 ἢ
1308 1095 1434 1158 τοὺς
1472 1096 1565 1148 ἐπὶ
1590 1097 1689 1165 τῆς
1723 1114 1858 1167 προ-

274 1186 441 1254 τέρας
489 1187 783 1254 μείναντας
813 1187 974 1257 δόξης
1012 1191 1127 1254 τοῖς
1162 1189 1585 1259 πεπεισμένοις
1646 1193 1733 1245 ῖνα
1768 1210 1854 1256 τις

283 1276 374 1327 καὶ
414 1275 515 1346 τὴν
547 1276 654 1329 ἀπὸ
692 1276 789 1330 τοῦ
821 1279 999 1334 δοκεῖν
1051 1278 1374 1349 ὠφελῆσθαι
1404 1298 1463 1335 τε
1504 1281 1603 1336 καὶ
1661 1282 1855 1351 μαθεῖν

281 1367 453 1421 ὁτιοῦν
483 1368 750 1438 αἰσχύνην
784 1370 1128 1438 φυλάττοιτο.
1164 1371 1457 1443 ’ἑκάτεροι
1487 1372 1595 1444 γὰρ
1654 1374 1857 1445 ἐπίσης

276 1459 368 1511 ὑπ’
390 1462 635 1531 ἀλλήλων
654 1462 1077 1534 ὠφεληθήσεσθε
1103 1482 1160 1518 τε
1184 1468 1277 1520 καὶ
1301 1466 1640 1538 τιμηθήσεθε
1663 1484 1677 1501 ·
1703 1468 1857 1538 πρῶο

270 1571 364 1607 τον
405 1554 502 1624 μὲν
533 1553 630 1624 τῆς
669 1557 733 1607 ὲκ
767 1554 862 1609 τοῦ
895 1558 1054 1627 νικᾷν
1103 1557 1303 1628 ἡδονῆς
1334 1560 1616 1627 γενόμενοι
1659 1578 1856 1615 κοινω-

270 1650 354 1701 νοί
380 1666 394 1679 ·
436 1649 563 1701 ἐπεὶ
599 1648 699 1718 τῆς
754 1650 910 1720 παρά
950 1652 1172 1705 πάντων
1204 1653 1442 1724 σπουδῆς
1468 1656 1565 1709 καὶ
1594 1656 1705 1709 τῶν
1739 1674 1858 1710 κοι-

271 1740 379 1792 νῶν
407 1738 634 1807 ἀγώνων
664 1740 761 1794 καὶ
786 1740 1079 1806 διαλέξεων
1111 1740 1270 1795 ἔσται
1326 1744 1483 1806 τέλος
1516 1745 1549 1811 ή
1585 1745 1685 1810 τῆς
1719 1746 1855 1815 ἀληο

271 1832 427 1894 θείας
458 1832 734 1897 ὀνάδειξίς
780 1850 837 1885 τε
868 1834 964 1887 καὶ
989 1835 1114 1905 νίκη
1134 1851 1148 1866 ⁸
1182 1833 1395 1903 καὶτῆς
1415 1835 1610 1906 ἑτέρας
1635 1836 1850 1907 μοίρας,

268 1924 541 1994 ὁποτέραν
581 1925 647 1977 ἂν
678 1926 824 1977 εἴποι
878 1943 985 1989 τις,
1030 1926 1107 1997 μὴ
1147 1930 1286 1998 πρὸς
1323 1928 1422 1997 τὴν
1454 1930 1555 1998 τῆς
1588 1929 1853 1998 ἀληθείας

272 2016 510 2086 ζήτησιν
548 2018 1037 2088 συμπραττούσης,
1064 2020 1160 2073 καὶ
1206 2018 1486 2090 δειχθῆναι
1520 2022 1725 2091 ταύτην
1760 2022 1857 2076 καὶ

270 2110 372 2163 τοῦ
400 2109 633 2181 ψεύδους
664 2111 1056 2183 περιγενέσθαι
1096 2112 1205 2166 τῶν
1272 2115 1577 2186 ἀμηχάνων
1611 2119 1855 2187 πέφυκεν

269 2204 336 2256 δν
364 2220 379 2235 ο
409 2204 602 2259 ἔπειτα
630 2206 723 2259 καὶ
760 2206 820 2259 τὸ
857 2206 957 2276 τῆς
1004 2207 1166 2280 δόξης
1207 2207 1450 2279 βεϐαίως
1484 2210 1699 2290 ἔχεσθαι
1753 2216 1853 2284 τῆς

269 2297 482 2361 αὐτῶν,
536 2300 687 2369 παρά
742 2298 850 2353 τῶν
901 2301 1292 2370 πεπεισμένων
1350 2304 1465 2366 τοῖς
1528 2305 1852 2359 πεπεικόσιν

269 2390 413 2454 ὅλως
458 2392 724 2461 ὑπάρξει·
760 2387 836 2446 ὧν
867 2392 1286 2461 ἀντιλεγόντων,
1338 2397 1587 2450 κακεῖνοι
1632 2398 1851 2461 πάντως

270 2484 503 2551 ἔμελλον
531 2484 840 2554 ἁμφιόάλλε
853 2505 921 2550 ιν,
958 2486 985 2537 ὃ
1016 2486 1108 2539 καὶ
1134 2487 1403 2557 πρότερον
1433 2488 1690 2560 ἔπασχον.
1724 2491 1850 2543 ’Ὁτι

276 2577 382 2645 μιν
406 2573 496 2630 οὖν
528 2578 832 2648 οὐδετέροις
862 2578 1079 2649 ύμῶνή
1116 2582 1328 2651 φανερά
1360 2582 1455 2650 τῆς
1495 2582 1655 2652 δόξης
1684 2586 1851 2653 μετά-

273 2668 427 2729 θεσις
459 2667 722 2737 αἰσχύνην
745 2671 858 2739 ἔχει
890 2671 1032 2735 τινὰ,
1065 2669 1248 2724 οὔτἐῐ
1276 2673 1357 2736 τίς
1382 2674 1551 2739 ἐστιν,
1585 2676 1849 2745 ἁρμόττει

274 2754 485 2824 ταύτης
524 2756 848 2824 φροντίσαι·
888 2758 1027 2812 ἀλλὰ
1073 2761 1155 2816 δεῖ
1202 2763 1301 2830 τὴν
1336 2767 1671 2833 φαινομένην
1717 2766 1850 2836 an)-

274 2852 437 2905 θειαν
475 2854 532 2905 ὲν
567 2852 643 2923 τῷ
676 2854 942 2924 Συμϐόλῳ
973 2857 1071 2921 τῆς
1123 2857 1357 2920 πίστεως
1406 2859 1598 2927 ἐπίσης
1643 2859 1852 2920 πάντας

270 2943 584 3013 ὁμολογεῖν,
668 2944 793 2999 οὔτε
846 2946 1196 3017 προστιθέναι
1250 2950 1314 3004 τὸ
1380 2950 1551 3003 πᾶσιν
1615 2953 1851 3020 ἀρέσκον

200 3032 211 3039 ’
274 3037 601 3101 ὀκνοῦντας,
652 3036 778 3090 οὔτε
809 3037 869 3093 τὸ
902 3040 1339 3109 προσιστάμενον
1382 3058 1485 3094 που
1532 3041 1852 3112 διαγράφειν

268 3130 722 3199 αἰσχυνομένους,
779 3130 873 3182 καὶ
907 3129 1052 3183 οὕτω
1091 3131 1191 3202 τήν
1251 3132 1431 3201 ἀληθῆ
1474 3134 1567 3186 καὶ
1623 3132 1848 3203 βεϐαίαν

267 3222 497 3292 εἰρήνην
537 3222 673 3274 πᾶσι
729 3219 1071 3291 κηρύξοντας
1129 3222 1250 3292 μεθ’
1290 3223 1486 3294 ἡδονῆς
1528 3227 1849 3296 ἐπανήκειν,

271 3312 476 3375 ίκανῶς
507 3311 617 3366 τῶν
656 3313 963 3384 εἰρημένων
1030 3314 1270 3391 ήγοῦμαι
1322 3316 1481 3387 δῆλον
1526 3317 1798 3388 ὑπάρχειν
1833 3336 1886 3352 ἐ

271 3405 374 3458 καὶ
405 3405 488 3459 ὅτι
551 3407 662 3467 τοῖς
718 3405 847 3460 ἄλλο
899 3423 954 3458 τι
1014 3405 1339 3477 θορυϐοὗσιν
1392 3410 1514 3464 οὐδὲ
1561 3413 1851 3481 προσέχειν

271 3496 454 3563 ἄξιον,
498 3496 614 3551 οὗθ’
665 3498 811 3567 ὑμᾶς
884 3499 1084 3565 αὐτοὺς
1122 3500 1213 3553 ὑπ’
1243 3501 1470 3557 ἐκείνων
1515 3504 1850 3574 ἐνοχλεῖσθαι

266 3589 382 3642 τῶν
412 3588 689 3658 λογισμῶν
721 3604 735 3618 ·
766 3588 870 3659 ἤδη
908 3588 963 3643 δὲ
995 3590 1092 3646 καὶ
1126 3591 1265 3664 πρὸς
1309 3592 1379 3647 τὰ
1410 3593 1575 3648 λοιπά
1604 3596 1714 3649 τῶν
1741 3610 1849 3647 κω-

266 3682 335 3734 λυ
344 3682 532 3751 μάτων
562 3681 723 3736 ἰτέον.

346 3778 586 3847 Φήσουσι
610 3777 789 3830 τοίνυν
819 3777 1163 3849 ἑκατέρωθεν
1184 3774 1281 3834 οἷδ’
1309 3780 1391 3835 ὅτι
1424 3782 1519 3835 καὶ
1550 3782 1697 3849 μάλα
1719 3785 1850 3838 πολ-

268 3870 379 3933 λοὶ,
424 3870 500 3934 ὡς
530 3871 590 3923 ού
616 3870 780 3939 μόνον
819 3872 954 3941 ήμῖν
986 3874 1101 3935 τοῖς
1130 3870 1368 3925 ἐνταῦθα
1411 3874 1852 3943 συνειλεγμένοις

268 3965 356 4018 δεῖ
387 3962 482 4017 τὸν
513 3962 614 4032 τῆς
644 3962 875 4033 εἰρήνης
906 3962 1109 4031 τρόπον
1138 3962 1420 4033 ἀρέσκειν,
1450 3964 1589 4019 ἀλλά
1623 3967 1717 4019 καὶ
1746 3969 1853 4021 πᾶ-

273 4073 387 4119 σιν,
418 4055 594 4108 ὁπόσα
618 4056 732 4118 τοῖς
763 4054 873 4109 τῶν
926 4052 1272 4125 Ἐκκλησιῶν
1295 4056 1626 4127 ἀμφοτέρων
1665 4058 1852 4128 νόμοις

271 4147 597 4202 ὑπείκουσιν
628 4147 759 4217 ἔθνη
779 4161 795 4175 ·
833 4146 929 4201 καὶ
955 4146 1031 4217 μὴ
1071 4148 1233 4217 μόνον
1256 4149 1407 4214 ὅπως
1446 4151 1611 4219 ἡμεῖς
1647 4150 1854 4204 συνθώ-

269 4238 414 4309 μεθα
450 4237 583 4307 πρὸς
626 4236 915 4308 ἀλλήλους,
956 4239 1202 4303 σκοπεῖν,
1243 4238 1383 4293 ἀλλά
1415 4240 1510 4291 καὶ
1565 4241 1715 4305 ὅπως
1757 4241 1853 4294 κά-

263 4330 442 4382 κεῖνοι
468 4330 586 4391 ταῖς
617 4327 919 4397 ἡμετέραις
976 4328 1183 4400 ψήφοις
1214 4329 1608 4397 πεισθήσονται
1636 4344 1650 4360 ο
1692 4332 1741 4385 εί
1795 4333 1851 4386 δὲ

263 4422 372 4492 μὴ,
394 4421 636 4491 λήσομεν
664 4420 787 4481 ἀντὶ
816 4421 1042 4497 εἰρήνης
1074 4422 1257 4492 μάχην
1298 4421 1633 4493 ἐγείραντες,
1664 4412 1851 4497 καὶτῷ

264 4514 645 4569 συνάπτεσθαι
696 4515 810 4577 τοῖς
872 4514 1067 4585 πόρρω
1116 4515 1305 4577 κακῶς
1340 4514 1449 4568 τῶν
1496 4516 1850 4572 οἰκειοτάτων

260 4604 755 4676 ἁπορῤηγνύμενοι
776 4621 790 4635 ·
834 4601 865 4655 ὃ
896 4603 1067 4657 πλείω
1098 4602 1192 4658 τοῦ
1224 4605 1492 4678 προτέρου
1533 4606 1707 4660 δεινοῦ
1747 4607 1845 4680 τὴν

260 4700 424 4755 ἀνίαν
451 4716 510 4753 τε
546 4699 641 4752 καὶ
668 4698 758 4749 τὸν
788 4696 1022 4765 θόρυϐον
1063 4697 1362 4771 ἐμποιήσει
1407 4702 1520 4762 τοῖς
1582 4702 1847 4757 πεπονθό-

264 4806 373 4844 σιν.
412 4790 598 4861 Ἰσμεν
635 4787 682 4842 δ’
712 4788 892 4845 αὐτῶν
920 4787 1057 4859 πλὴν
1095 4788 1293 4858 ὀλίγων
1324 4790 1450 4854 τοὺς
1476 4793 1683 4855 πάντας
1718 4794 1845 4848 δυσ-

261 4879 447 4952 χερῶς
518 4880 649 4951 πεῴ⁵
681 4881 781 4950 τὴν
831 4879 1129 4950 μετάθεσιν
1166 4879 1427 4950 ἔχοντας,
1458 4883 1552 4936 καὶ
1594 4884 1655 4935 τὺ
1697 4885 1845 4952 δόξαι

260 4991 316 5025 τι
374 4972 725 5040 καινοτομεῖν
800 4969 1063 5035 ἀσεϐείας
1116 4970 1424 5041 ύπερὸολὴν
1476 4974 1843 5044 ἡγουμένους.

262 5064 438 5118 Ἔνιοι
462 5063 506 5117 δ’
538 5063 719 5118 αὐτῶν
745 5064 841 5117 καὶ
876 5064 1041 5134 μέχρι
1087 5063 1255 5134 μόνου
1287 5063 1383 5117 τοῦ
1416 5065 1729 5122 διδάσκαλοι
1757 5086 1846 5138 γε-

262 5156 455 5212 νέσθαι
484 5158 599 5219 τοῖς
626 5154 807 5219 ἄλλοις
837 5155 937 5225 τῆς
977 5155 1268 5227 ἀληθείας,
1306 5158 1526 5212 συνόδου
1573 5176 1634 5213 τε
1670 5160 1849 5216 οἰκου-

266 5249 500 5319 μενικῆς
534 5251 626 5303 καὶ
686 5247 796 5302 τῶν
831 5249 1042 5314 ταύτης
1073 5250 1256 5319 ἔργων
1306 5251 1552 5319 ἐφίενται
1574 5271 1588 5284 ·
1619 5255 1729 5307 οὐδ’
1760 5257 1846 5325 ὲγ-

261 5343 467 5413 χωρεῖν
494 5358 661 5412 φασιν
689 5334 765 5395 ὧν
795 5342 951 5399 αὐτοὶ
983 5343 1360 5408 πιστεύουσιν,
1392 5344 1525 5399 ἄλλο
1551 5365 1603 5400 τι
1635 5347 1844 5416 βέλτιον

266 5432 378 5491 οὐδ’
400 5432 550 5503 αύτῴ
574 5432 749 5485 δοκεῖν
780 5433 857 5503 τῷ
891 5432 1033 5502 Θεῷ.
1098 5432 1224 5496 Πῶς
1270 5429 1372 5488 οὖν
1426 5434 1599 5501 οὕτως
1633 5439 1847 5508 ἔχοντες

268 5526 523 5596 γνώμης,
559 5526 940 5596 ἀφαιρούντων
965 5524 1124 5595 ήμῶν
1164 5525 1197 5594 ἧ
1253 5529 1654 5596 προστιθέντων
1708 5532 1847 5595 ὅλως

267 5619 585 5685 ἀνέξονταις
623 5618 691 5671 Ἦ
739 5618 843 5672 ποῦ
881 5619 1085 5672 δίκαιον
1131 5618 1258 5682 τοὺς
1287 5621 1591 5691 ήμετέρους
1622 5625 1849 5693 συμμά-

268 5729 397 5782 χους
425 5711 770 5776 καταλιπεῖν,
834 5708 918 5777 οἷς
968 5713 1068 5783 τὴν
1124 5713 1265 5784 πρὸς
1324 5712 1586 5781 ἀλλήλους
1644 5718 1847 5789 ἔχθραν

272 5802 718 5875 συνδωφὲρομεν,
748 5803 843 5859 καὶ
870 5806 1001 5870 τοὺς
1023 5805 1133 5861 τῶν
1154 5806 1433 5878 δυσχερῶν
1477 5809 1610 5880 ἡμῖν
1646 5813 1842 5884 πρότε-

1962 542 2240 590 certamen
2279 534 2595 591 descensuri
2620 550 2636 588 :
2661 533 2857 589 deinde
2888 533 3027 589 inter
3047 547 3232 589 verum
3262 541 3317 603 et
3351 533 3545 588 falsum

1960 624 2151 680 arbitri
2181 626 2372 688 futuri,
2405 633 2460 681 et
2499 625 2714 680 veritati
2752 616 3007 696 palmam
3070 624 3274 691 daturi,
3311 634 3365 681 et
3395 625 3542 679 illam

1959 733 2151 776 omnes
2181 719 2514 791 amplexuri,
2539 733 2606 774 ex
2650 734 2758 788 qua
2823 727 2877 777 et
2919 716 3232 774 conciliatio
3272 728 3326 773 et
3361 734 3541 773 rerum

1944 822 2301 882 speratarum
2330 813 2509 882 capita
2551 812 2687 867 satis
2715 825 2989 881 superque
3021 811 3177 868 vobis
3206 812 3540 869 emicabunt.

1958 903 2127 959 Nemo
2152 905 2315 977 igitur
2339 919 2437 961 vos
2463 906 2517 961 in
2548 905 2758 961 crimen
2799 904 3098 971 vocaverit,
3133 905 3276 976 quod
3307 919 3369 958 ca
3406 918 3541 973 quo-

1957 1013 2078 1054 rum
2135 997 2309 1067 gratia
2366 998 2722 1063 convenistis,
2763 996 3075 1063 ell‘eceritis,
3120 1006 3172 1053 et
3203 996 3347 1051 lianc
3396 1006 3541 1049 certe

1959 1091 2271 1157 victoriam,
2324 1107 2449 1163 quas
2472 1092 2606 1148 satis
2664 1092 2789 1158 erit,
2838 1090 3017 1163 adepti
3055 1090 3289 1146 fueritis.
3338 1089 3540 1144 Practer

1957 1183 2074 1237 lucc
2132 1183 2315 1238 omnia
2362 1199 2469 1239 non
2509 1195 2594 1242 est
2647 1186 2812 1249 ratio,
2871 1185 2995 1254 plus
3025 1182 3220 1238 debere
3248 1196 3539 1252 persuasus

1956 1276 2415 1344 persuadentibus
2451 1292 2612 1349 quam
2677 1278 3067 1348 persuadentes
3101 1276 3417 1347 persuasis;
3483 1281 3540 1329 ut

1957 1369 2088 1424 illud
2117 1370 2242 1440 quis
2272 1380 2520 1429 vereatur
2551 1370 2816 1436 dedecus,
2851 1371 2905 1426 in
2928 1370 3074 1439 quod
3133 1370 3448 1435 incurritur,
3490 1370 3535 1424 si

1955 1462 2087 1531 quid
2113 1462 2361 1517 videatur
2413 1448 2692 1534 accepisSe
2718 1463 3067 1530 beneﬁcium,
3097 1470 3191 1517 aut
3222 1462 3441 1531 quidvis
3460 1463 3538 1516 di-

1954 1554 2174 1609 dicisse.
2201 1552 2338 1610 Nam
2381 1564 2612 1627 utraque
2647 1570 2771 1627 pars
2809 1555 2863 1610 in
2895 1556 3123 1611 alteram
3154 1570 3309 1625 aeque
3332 1554 3540 1609 ilellCll°

1956 1646 2101 1702 cium
2150 1647 2401 1703 conferet
2436 1658 2491 1703 et
2536 1648 2823 1714 honorem,
2852 1657 2967 1703 tum
3009 1646 3138 1718 quia
3176 1648 3428 1717 voluptas
3470 1647 3540 1701 ob

1955 1738 2239 1794 victoriam
2291 1748 2499 1808 partam
2527 1740 2631 1795 erit
2692 1739 3005 1796 commmis
3040 1754 3054 1792 :
3090 1737 3533 1809 quandoquidem

1889 1812 1929 1871 θ
1961 1833 2106 1898 linis,
2139 1832 2206 1887 ad
2241 1847 2402 1901 quem
2424 1833 2656 1891 tendunt
2683 1834 2927 1888 onmium
2953 1833 3157 1900 studia,
3189 1844 3539 1887 communes-

1960 1941 2065 1995 que
2134 1926 2348 1981 labores
2404 1941 2469 1982 ac
2524 1927 2946 1996 disputationes,
2977 1927 3084 1982 erit
3129 1925 3433 1981 declaratio
3476 1939 3539 1978 ar.

1958 2018 2181 2072 victoria
2220 2018 2471 2085 veritatis
2505 2036 2520 2075 :
2558 2019 2676 2075 ﬁeri
2709 2033 2839 2074 vero
2894 2020 3043 2074 nullo
3101 2019 3262 2074 modo
3314 2017 3537 2088 poterit.

1959 2118 2019 2164 ut
2047 2125 2107 2164 ea
2142 2111 2475 2178 declaretur,
2507 2120 2560 2167 et
2595 2112 2880 2168 victoriam
2907 2126 2937 2166 a
2961 2111 3242 2167 mendacio
3274 2119 3537 2180 reportet,

1956 2201 2002 2255 si
2033 2215 2160 2270 pars
2184 2202 2381 2268 altera,
2418 2218 2809 2277 quamcunque
2854 2204 3083 2268 dixeris,
3120 2218 3277 2258 suam
3309 2216 3417 2258 non
3447 2203 3538 2257 det

1955 2309 2173 2364 operam
2219 2296 2285 2351 ad
2329 2296 2713 2367 inquirendam
2747 2297 3033 2373 veritatem
3060 2315 3078 2366 ;
3111 2307 3224 2352 tum
3254 2297 3379 2368 quia
3407 2312 3534 2369 per-

1954 2388 2311 2445 suadenlibus
2369 2390 2500 2445 illud
2530 2392 2863 2462 praestabunt
2917 2394 3189 2462 persuasi,
3236 2401 3295 2446 ut
3333 2405 3433 2449 sua
3481 2391 3536 2444 in

1953 2482 2225 2537 sententia
2242 2481 2448 2552 absque
2471 2483 2807 2540 haesitatione
2837 2494 3187 2555 perseverent
3216 2500 3231 2551 ;
3265 2499 3390 2539 nam
3418 2482 3537 2539 istis

1953 2574 2459 2631 contradicentibus
2520 2576 2597 2631 illi
2641 2590 2863 2647 quoque
2920 2576 3254 2642 dubitarent,
3315 2577 3456 2632 sicut
3485 2586 3535 2629 ct

1954 2675 2130 2719 antea.
2163 2666 2317 2732 Quod
2354 2667 2521 2737 igitur
2556 2682 2619 2722 ex
2669 2678 2856 2737 aperta
2903 2669 3213 2725 mutatione
3248 2672 3537 2725 sentcntiae

1953 2754 2133 2807 neutri
2170 2756 2404 2824 partium
2432 2756 2539 2810 ulla
2579 2756 2833 2811 inuratur
2889 2758 3207 2828 ignominia,
3237 2775 3336 2814 nec
3356 2760 3403 2816 si
3429 2777 3536 2831 qua

1954 2844 2230 2911 inuratur,
2249 2846 2552 2900 curandum
2576 2846 2643 2901 de
2667 2847 2755 2902 illa
2786 2848 2857 2902 sit
2890 2864 2902 2902 :
2927 2850 3018 2902 sed
3048 2859 3292 2919 Oportcnt
3324 2853 3535 2922 perspi-

1953 2949 2110 2990 Cnam
2146 2937 2428 2992 veritatem
2476 2953 2669 2994 omnes
2693 2939 2898 3009 pariter
2946 2940 3102 2996 fateri
3164 2942 3218 2995 in
3276 2943 3536 3014 Symbolo

1955 3028 2208 3097 ﬁdei,nec
2236 3041 2493 3102 paventes
2517 3032 2720 3089 addere
2750 3034 2896 3106 quod
2930 3034 3105 3106 placet
3131 3035 3409 3098 omnibus.
3435 3051 3535 3092 nec

1956 3133 2274 3178 recusantes
2298 3123 2367 3179 ob
2396 3124 2781 3181 verecundiam
2822 3140 3131 3197 expungere
3160 3126 3303 3198 quod
3335 3129 3533 3184 alicubi

1957 3213 2206 3281 oll‘endit,
2230 3224 2396 3289 atque
2421 3216 2494 3274 ita
2531 3220 2820 3288 praedicata
2850 3221 3109 3276 omnibus
3144 3237 3269 3277 vera
3292 3232 3346 3278 et
3384 3238 3534 3277 certa

1954 3320 2090 3376 pace
2128 3323 2250 3363 cum
2306 3308 2491 3365 laetitia
2548 3313 2771 3378 reverti,
2808 3312 2944 3367 satis
2978 3329 3096 3384 per
3124 3328 3188 3368 ea
3234 3327 3358 3383 qua:
3388 3314 3533 3370 dicta

1955 3410 2101 3466 sunt,
2123 3410 2254 3479 puto
2283 3417 2405 3459 esse
2437 3411 2781 3475 perspectum
2814 3422 2828 3459 :
2862 3406 3121 3479 quodque
3155 3406 3438 3478 indignum
3467 3409 3535 3465 sit

1952 3509 2047 3550 eos
2083 3496 2296 3561 audire,
2343 3498 2436 3567 qui
2477 3498 2787 3552 contrarios
2843 3509 3109 3570 spargunt
3157 3515 3429 3565 rumores,
3482 3512 3535 3557 ct

1952 3601 2052 3641 vos
2085 3587 2397 3659 huiusmodi
2459 3590 2890 3663 cogitationibus
2955 3592 3188 3648 turbari.
3220 3593 3535 3650 Transeun-

1952 3678 2083 3733 dum
2111 3680 2222 3748 jam
2270 3694 2355 3737 est
2389 3682 2454 3737 ad
2490 3693 2684 3739 caetera
2714 3699 2934 3755 quoque
2974 3685 3387 3757 impedimenta.

2025 3770 2219 3829 Dicent
2250 3775 2432 3845 itaque
2452 3777 2808 3847 quamplures
2840 3777 2999 3846 plane
3023 3794 3091 3834 cx
3120 3788 3352 3849 utraque
3378 3788 3532 3849 parte

1953 3866 2155 3921 debere
2199 3883 2309 3922 non
2342 3868 2503 3923 modo
2539 3869 2701 3925 nobis
2739 3870 2827 3924 hic
2857 3873 3203 3942 congregatis
3237 3872 3386 3940 pacis
3413 3887 3534 3926 mo-

1952 3959 2081 4013 dum
2113 3958 2345 4031 placere,
2378 3961 2472 4015 sed
2507 3962 2734 4032 reliquis
2756 3962 2917 4017 etiam
2948 3964 3220 4032 gentibus,
3265 3978 3533 4033 quascun-

1953 4065 2060 4118 que
2094 4052 2381 4119 utriusque
2412 4052 2669 4107 Ecclesiae
2698 4053 2897 4109 ritibus
2927 4055 3213 4127 subjaeeut
3241 4074 3258 4114 ι
3287 4072 3389 4112 nec
3411 4066 3534 4112 tan-

1955 4151 2068 4196 tum
2108 4157 2234 4197 esse
2270 4143 2755 4212 considerandum,
2804 4146 3080 4214 quomodo
3110 4163 3211 4204 nos
3245 4149 3535 4206 convenia-

1954 4250 2096 4299 mus,
2146 4234 2243 4290 sed
2288 4235 2455 4291 etiam
2507 4251 2615 4306 qua
2665 4237 2879 4294 ratione
2932 4238 3010 4296 illi
3074 4241 3293 4300 decreta
3343 4253 3534 4300 nostra

1953 4328 2262 4399 suscipiant
2307 4345 2325 4384 :
2374 4330 2614 4400 alioquin
2653 4331 2775 4389 loco
2815 4334 2970 4405 pacis
3001 4350 3239 4406 pugnam
3290 4337 3535 4396 inconsi-

1952 4418 2144 4475 derate
2191 4420 2482 4489 oicbimus,
2526 4423 2770 4495 dumque
2808 4440 2933 4482 cum
2985 4429 3105 4501 loge
3136 4429 3351 4489 dissitis
3394 4432 3540 4489 male

1880 4514 1926 4571 ι)
1954 4512 2359 4584 conjungimur,
2384 4530 2414 4570 a
2436 4514 2913 4585 coniunctissimis
2934 4520 3316 4595 disjnngetnur
3348 4542 3363 4579 :
3389 4530 3537 4597 quod

1957 4607 2201 4676 passuris
2233 4607 2496 4667 maiorem
2533 4609 2725 4667 all‘eret
2772 4627 3066 4670 mou-orem
3095 4618 3374 4689 animique
3404 4634 3533 4689 per-

1956 4700 2326 4757 turbationem
2382 4717 2545 4771 quam
2597 4705 2749 4774 prius
2803 4709 3031 4764 malum.
3082 4706 3299 4765 Scimus
3348 4723 3531 4768 autem

1953 4806 2147 4846 omnes
2170 4801 2363 4863 praeter
2389 4809 2593 4863 paucos
2630 4797 2986 4853 mutationem
3013 4815 3153 4870 a-gre
3182 4801 3345 4868 ferre,
3380 4820 3524 4873 sum_

1956 4902 2211 4955 mamque
2252 4887 2592 4956 impietatem
2630 4888 2912 4953 arbitrari.
2960 4894 3006 4948 si
3038 4908 3203 4964 quam
3241 4898 3535 4956 vidcantur

1956 4977 2361 5034 ἰιιιιογςιιίοιιειιι
2400 4978 2708 5035 admittere.
2748 4980 2980 5048 Quidam
3015 5002 3142 5042 vero
3189 5006 3254 5045 ex
3305 4992 3438 5063 ipsis
3466 4996 3537 5051 ad

1956 5067 2059 5122 hoc
2087 5079 2296 5121 tantum
2329 5062 2523 5138 optant
2561 5072 2832 5141 synodum
2864 5079 3285 5145 wcnmenicam,
3320 5062 3376 5140 et
3410 5102 3535 5156 quae

1955 5174 2049 5228 per
2082 5158 2230 5214 illam
2265 5160 2421 5227 ﬁunt,
2456 5171 2514 5217 ut
2544 5163 2782 5223 evadant
2807 5166 2929 5223 aliis
2963 5171 3211 5242 magistri
3239 5178 3486 5232 veritatis
3515 5198 3529 5234 :

1956 5267 2060 5308 nec
2097 5253 2212 5309 ﬁeri
2248 5269 2409 5325 posse
2441 5257 2617 5321 aiunt,
2657 5258 2763 5313 lide
2794 5276 2893 5316 sua
2933 5265 3232 5343 quidquam
3263 5284 3530 5340 prastat:-

1957 5348 2066 5400 tins
2098 5362 2164 5402 ne
2194 5347 2295 5416 ipsi
2330 5348 2549 5421 quidem
2583 5349 2692 5407 Deo
2722 5354 2919 5413 videri.
2949 5356 3088 5413 Cum
3124 5346 3292 5431 igitur
3321 5362 3399 5417 illi
3430 5364 3530 5419 hoc

1955 5447 2139 5497 animo
2169 5444 2304 5509 sint,
2347 5446 2626 5516 quomodo
2656 5451 2934 5517 patientur
2970 5467 2999 5505 a
3034 5454 3194 5509 nobis
3229 5456 3529 5525 quidquam

1955 5536 2182 5590 omnino
2233 5537 2361 5593 addi
2416 5539 2499 5594 vel
2552 5540 2922 5596 detraliiiAn
2971 5559 3098 5597 vero
3131 5560 3346 5616 aequum
3400 5550 3527 5614 erit,

1957 5639 2174 5683 nostros
2226 5631 2279 5683 in
2335 5632 2588 5701 gerendis
2636 5632 2942 5690 inimicitiis
2999 5637 3181 5693 socios
3236 5656 3531 5713 rerumque

1958 5722 2258 5777 arilnarum
2308 5740 2371 5780 ac
2423 5724 2727 5782 dillicilium
2770 5729 3063 5800 participes
3108 5732 3380 5801 deserere,
3430 5752 3532 5794 nec

1958 5815 2096 5872 velle
2142 5816 2265 5874 illos
2309 5817 2363 5871 in
2406 5817 2633 5876 meliore
2683 5819 2904 5877 fortuna
2950 5832 3235 5885 consortes
3282 5827 3530 5887 traheret

3446 288 3647 391 454'

3950 5944 3961 6167 ἓ
