3976 6452
421 289 527 352 455

1497 287 1875 350 GENNADII
1917 288 2024 348 CP.
2065 283 2572 349 PATRIARCHE

2305 151 2433 171 ..ο-ενι

3541 283 3635 350 ιὸϐ

423 417 521 456 nec
544 403 616 455 ita
644 416 829 472 pacem
851 416 1199 472 componere,
1222 403 1682 472 quemadmodum
1707 403 1808 472 ipsi
1835 405 2006 458 liben-

2114 421 2209 472 ρον
2240 419 2303 455 συ
2315 402 2692 471 μμετέχοντας
2724 400 2799 470 μὴ
2822 399 2913 450 καὶ
2944 399 3049 449 τῶν
3077 399 3375 467 ἀμεινόνων
3405 403 3650 456 ποιεῖσθαι

422 503 505 548 ter
536 495 832 549 annuerint
855 500 878 548 ?
900 496 979 549 Ad
1005 495 1119 572 haec
1145 511 1276 566 ergo
1300 496 1430 564 quid
1461 496 1580 566 ipse
1611 497 1998 566 respondeam,

420 589 620 656 quidve
649 589 830 657 potius
851 589 1064 643 consilii
1093 591 1248 642 vobis
1280 593 1396 650 dem
1428 597 1652 657 propter
1681 589 1999 658 hujusmodi

421 681 684 748 rationes,
708 681 980 736 volentem
1015 683 1197 736 dicere
1234 689 1442 735 attente
1474 681 1737 736 audietis.
1761 681 1864 746 Qui
1890 680 2002 734 sint

422 772 580 841 longe
615 771 819 834 dissiti,
862 772 1056 840 quisve
1095 787 1284 836 secus,
1315 771 1506 825 Patres
1539 771 1859 839 :equissimi,
1894 785 2000 823 non

421 875 583 918 terra:
629 865 823 934 spatiis
846 865 1207 935 judicandum
1241 875 1348 931 est,
1382 865 1478 920 sed
1513 881 1724 918 morum
1774 864 2000 919 institu-

420 973 710 1022 torumque
760 959 1146 1023 similitudine,
1179 970 1274 1012 attt
1319 969 1510 1012 contra
1544 977 1558 1015 :
1596 973 1694 1012 nec
1733 975 1840 1012 non
1899 959 2002 1012 lin-

418 1066 556 1116 guae,
589 1050 633 1103 si
659 1049 772 1103 ﬁeri
800 1051 993 1120 possit,
1027 1060 1079 1103 et
1108 1051 1252 1117 quod
1285 1051 1530 1104 omnium
1556 1061 1641 1105 est
1672 1025 1996 1107 ma‘ximunt.

420 1143 797 1198 benevolentia
849 1151 904 1196 et
949 1143 1233 1205 Societate,
1299 1151 1601 1212 mutuaque
1649 1158 1810 1212 opera
1865 1158 2002 1210 pra:-

421 1234 618 1294 benda,
653 1248 774 1286 cum
821 1247 958 1301 opus
1009 1242 1112 1286 est.
1151 1231 1298 1286 lianc
1348 1234 1513 1302 igitur
1539 1250 1638 1288 vos
1689 1233 2002 1288 adhibendo

421 1328 684 1396 rrgulam,
713 1330 1050 1381 contrarium
1081 1329 1305 1381 omnino
1329 1348 1392 1385 ac
1423 1328 1499 1382 illi
1533 1328 1720 1380 volunt
1744 1328 1809 1381 de
1836 1329 2001 1383 rebus

421 1421 714 1490 propositis
749 1423 980 1491 capietis
1028 1424 1343 1478 consilium.
1382 1423 1516 1490 Quis
1566 1426 1714 1478 enim
1761 1425 1998 1491 ignorat,

419 1515 724 1570 notissimis
760 1514 1081 1570 Latinorum
1136 1518 1458 1572 nationibus
1502 1533 1628 1571 cum
1664 1517 1892 1580 Grmcis,
1943 1527 2002 1569 ut

420 1609 657 1674 primum
691 1611 758 1663 de
812 1609 894 1662 itis
946 1624 1128 1664 sermo
1178 1611 1290 1675 liat,
1324 1625 1516 1663 eorum
1548 1610 1704 1678 plane
1749 1610 1998 1662 omnium

419 1715 540 1764 qua:
585 1700 718 1754 dixi.
761 1699 1216 1769 perfectissimam
1261 1703 1601 1756 intercedere
1634 1701 2002 1756 allinitateut?

2108 495 2397 564 βούλεσῡαι
2439 492 2772 557 κοινωνούς;
2832 492 2956 561 μηδ’
2989 490 3062 554 ὡς
3105 490 3172 543 ἂν
3223 490 3373 544 αὐτοὶ
3408 493 3654 548 συνθοῖντο

2107 589 2198 640 καὶ
2232 583 2650 650 κατανεύσειαν,
2687 583 2831 636 οὕτω
2858 583 2957 652 τὴν
3000 583 3226 652 εἰρήνην
3260 581 3510 652 πράττειν
3550 587 3654 637 ἑπι-

2106 682 2350 750 χειρεῖνς
2396 678 2492 742 Τίς
2529 673 2623 732 οὖν
2655 677 2808 730 ἔσται
2858 680 2952 730 καὶ
2983 677 3118 745 προς
3147 675 3365 736 τούτους
3389 677 3650 744 ἀπολογία,

2108 773 2311 842 μᾶλλον
2331 773 2386 825 δὲ
2418 773 2471 826 τί
2507 789 2639 826 ποτε
2668 772 2762 824 καὶ
2788 773 2919 837 περὶ
2954 772 3187 822 τουτωνὶ
3217 769 3324 822 τῶν
3351 769 3518 837 λόγων
3557 772 3653 840 ἔχω

2107 865 2506 934 συμόουλεύειν
2542 866 2676 932 ὑμῖν
2711 862 3025 933 προσέχοιτ⁹
3056 862 3123 915 ἂν
3165 862 3268 932 ήδη
3334 862 3513 930 λέγειν,
3551 863 3652 916 ibi-

2105 960 2269 1014 λοντι.
2324 961 2476 1024 Τοὺς¹
2510 959 2704 1029 πόρῤω
2762 960 2856 1011 καὶ
2902 957 3027 1019 τοὺς
3089 959 3278 1024 ἐγγὺς,
3340 950 3384 1009 ὦ
3441 957 3649 1027 Πατέρες

2103 1053 2527 1117 ἐπιεικέστατοι,
2595 1053 2654 1104 οὐ
2716 1052 2818 1120 γῆς
2881 1050 3218 1122 διαστήμασι
3289 1049 3490 1102 δίκαιόν
3553 1053 3651 1104 ἐστι

2105 1149 2331 1218 κρίνειν,
2350 1147 2487 1200 ἀλλὰ
2507 1147 2724 1215 τρόπων
2755 1149 2846 1200 καὶ
2869 1143 3019 1213 ἠθῶν
3069 1144 3366 1213 ὁμοιότητι,
3385 1144 3489 1196 καὶ
3517 1145 3652 1196 τοῦν-

2112 1240 2322 1303 αντίον,
2363 1238 2456 1291 καὶ
2491 1237 2742 1305 γλώττης
2792 1235 2876 1301 ἐφ’
2923 1227 2998 1287 ὧν
3027 1234 3144 1285 ἐστι
3199 1233 3421 1286 δυνατόν
3449 1249 3462 1263 ·
3517 1233 3653 1287 καὶὸ

2109 1332 2371 1398 μέγιστον
2440 1330 2704 1384 ἁπάντων
2758 1327 2966 1398 εὐνοίᾳ,
3012 1327 3107 1379 καί
3167 1327 3420 1396 κοινωνίᾳ
3465 1329 3546 1379 καὶ
3587 1330 3652 1397 τῷ

2108 1424 2486 1493 συμπράττειν
2515 1422 2768 1494 ἀλλήλοις
2795 1425 2853 1475 ἐν
2874 1417 2957 1485 οἷς
3003 1423 3068 1476 ἂν
3097 1423 3206 1477 δέοι
3241 1426 3332 1476 καὶ
3378 1427 3648 1493 συνεργεῖν.

2104 1520 2296 1588 Τούτῳ
2318 1519 2500 1571 τοίνυν
2523 1517 2602 1587 τῷ
2641 1517 2828 1569 κανόνι
2879 1517 3201 1586 χρωμένους
3255 1517 3418 1584 ὑμᾶς,
3471 1518 3649 1570 παντά-

2107 1629 2272 1664 πασιν
2316 1610 2577 1673 ἐναντίως
2607 1606 2689 1672 οἷς
2724 1608 2966 1674 ἀξιοῦσιν
3001 1611 3223 1670 ἐκεῖνοι,
3261 1610 3506 1678 περὶτῶν
3541 1627 3650 1678 προ-

2106 1706 2378 1772 κειμένων
2429 1705 2547 1756 ἔστι
2583 1703 2998 1772 βουλεύσασθαι.
3042 1703 3136 1764 Τίς
3167 1704 3279 1773 γὰρ
3331 1703 3427 1756 οὐκ
3474 1699 3568 1755 οἰδε
3597 1705 3650 1754 τὰ
3705 1715 3711 1720 ‘

419 1807 472 1848 et
495 1804 673 1847 tamen
697 1809 884 1848 eorum
905 1793 1098 1861 aliqua:
1120 1794 1368 1862 plurimis
1389 1806 1545 1849 terra:
1567 1796 1764 1863 spatiis
1787 1810 1815 1848 a
1838 1793 1998 1847 nobis

2113 1800 2216 1850 τῶν
2247 1798 2499 1852 Λατίνων
2539 1797 2940 1868 γνωριμώτατα
2969 1796 3125 1865 γένη,
3158 1796 3230 1858 ὠς
3261 1796 3328 1849 ἂν
3359 1796 3486 1866 πρὸς
3511 1797 3651 1865 Γραιο

420 1887 662 1940 distant?
701 1886 833 1952 Quis
870 1885 1043 1940 nescit
1075 1887 1263 1947 etiam,
1316 1889 1521 1943 multos
1561 1903 1625 1941 ex
1666 1888 1733 1941 iis
1785 1889 1878 1957 qui
1927 1890 2008 1940 in-

422 1981 579 2034 terim
610 1980 894 2035 nobiscum
927 1981 980 2035 in
1009 1980 1112 2034 lide
1141 1981 1406 2044 sentiunt,
1435 1991 1560 2036 esse
1588 1983 1806 2050 quidem
1845 1982 2002 2036 nobis

422 2073 659 2136 vicinos,
701 2073 953 2126 moribus
985 2082 1162 2125 autem
1198 2080 1251 2124 et
1278 2073 1546 2127 institutis
1579 2073 1799 2127 dill'erre
1835 2089 2008 2142 quan-

421 2176 534 2219 tttnt
569 2165 656 2218 vix
703 2163 808 2218 dici
838 2164 1049 2233 queat?
1081 2171 1134 2218 et
1167 2164 1533 2230 calamitates,
1581 2166 1782 2233 quibus
1813 2165 2006 2234 allligi-

424 2274 546 2310 mur
579 2257 846 2328 quotidie,
885 2273 994 2311 non
1027 2258 1270 2312 curare?
1306 2257 1526 2313 Scimus
1559 2261 1725 2312 etiam
1766 2259 2006 2313 nonnul-

425 2349 510 2404 los
545 2365 608 2404 ex
666 2350 735 2403 iis
793 2349 1042 2404 insidiati
1081 2351 1260 2415 nobis,
1311 2367 1374 2406 ac
1407 2352 1649 2406 invidere
1688 2370 1701 2408 :
1739 2353 1830 2421 qui
1878 2367 2007 2406 vero

427 2456 489 2498 se
533 2442 696 2498 nobis
740 2443 946 2497 amicos
999 2444 1242 2512 praebere
1287 2444 1497 2509 volunt,
1551 2443 1780 2512 perinde
1826 2445 2007 2500 valent

423 2543 588 2603 atque
621 2533 659 2587 ii
708 2533 798 2602 qui
846 2532 1066 2598 nolunt,
1093 2535 1369 2590 similibus
1402 2545 1458 2590 et
1498 2535 1600 2606 ipsi
1634 2546 1796 2606 atque
1839 2537 2005 2592 etiam

426 2626 772 2697 gravioribus
819 2625 1070 2695 oppressi
1126 2627 1387 2693 miseriis,
1439 2637 1498 2682 ut
1547 2643 1614 2682 ne
1651 2630 1754 2684 sibi
1789 2630 2007 2700 quidem

429 2720 564 2788 ipsis
592 2734 748 2786 opem
789 2718 930 2773 ferre
973 2729 1198 2789 queant.
1251 2721 1523 2778 Praetereo
1560 2725 1734 2794 quod,
1770 2726 2007 2796 exceptis

434 2811 605 2866 Gallis
655 2822 706 2866 et
746 2810 1030 2881 Hispanis,
1093 2813 1318 2883 reliquae
1378 2813 1696 2871 Latinorum
1755 2820 2007 2874 nationes

427 2905 610 2959 minus
631 2904 837 2959 distant
866 2903 988 2959 loco
1019 2920 1047 2957 a
1080 2905 1259 2971 nobis,
1282 2923 1442 2975 quant
1472 2908 1640 2978 aliqui
1671 2926 1860 2965 eorum
1887 2913 2006 2981 (no-

426 2999 572 3052 utine
600 2998 747 3052 enim
780 3014 877 3054 eos
913 2999 1190 3068 appellare
1221 3002 1370 3071 nolo)
1405 3002 1606 3069 quibus
1641 3005 2004 3059 vehementer

426 3105 616 3148 sumus
649 3093 875 3147 addicti.
912 3091 1054 3158 Quin
1098 3094 1263 3148 etiam
1293 3104 1350 3147 ιιι
1403 3095 1616 3151 vicinos
1647 3096 1870 3152 easdem
1912 3100 2003 3152 ha-

429 3187 645 3247 bemus,
679 3185 910 3240 coloniis
943 3186 1275 3256 quibusdam
1320 3187 1627 3258 insulisque
1664 3189 1773 3244 illis
1813 3191 1998 3244 subdi-

429 3278 499 3332 tis
529 3277 760 3332 maxime
789 3278 1070 3347 conjuncti
1104 3297 1117 3343 ;
1156 3287 1211 3332 et
1242 3294 1365 3333 eum
1395 3280 1678 3336 nonnullis
1711 3281 1783 3336 ita
1817 3293 2008 3336 nostra

428 3369 610 3423 omnia
647 3369 1210 3433 communicavimus,
1259 3381 1316 3425 ιιι
1359 3371 1521 3426 veluti
1574 3374 2010 3442 consanguineos

427 3463 688 3527 civesque
719 3461 1102 3518 adhibeamus.
1131 3464 1210 3517 Ad
1236 3463 1350 3518 haec
1383 3464 1491 3518 lata
1520 3465 1676 3519 nobis
1702 3478 2009 3536 opportune

432 3551 661 3617 auxilia,
711 3556 1000 3622 vicemque
1036 3569 1065 3607 a
1117 3557 1276 3610 nobis
1311 3556 1600 3620 redditam,
1656 3574 1755 3613 nec
1811 3569 2010 3614 nonut

438 3645 685 3699 moribus
725 3646 942 3715 utrique
977 3647 1285 3702 alterorum
1324 3650 1504 3717 potius
1555 3666 1718 3720 quam
1773 3653 2012 3721 propriis

429 3738 785 3805 oblectamur,
835 3750 889 3794 et
928 3743 1243 3796 communia
1292 3742 1405 3797 sint
1441 3744 1602 3798 nobis
1636 3745 1896 3809 eruditio,
1933 3745 2012 3799 di-

433 3833 700 3901 sciplime,
749 3842 804 3888 et
836 3843 1026 3888 exacta
1077 3833 1394 3904 dogmatqu
1432 3835 1665 3890 scientia
1695 3845 2006 3916 cmteqaque

433 3926 648 3980 vincula
672 3925 872 3995 quibus
899 3927 1244 3995 Copulamur,
1274 3942 1601 3997 percensere
1633 3928 1849 3996 singula
1876 3927 2011 3981 ditii-

431 4023 695 4080 cillimum
733 4023 994 4081 arbitror.
1045 4023 1238 4094 Itaque
1274 4026 1322 4080 si
1358 4034 1410 4080 et
1450 4035 1695 4080 nostram
1745 4039 1869 4080 cum
1906 4023 2012 4078 La-

435 4118 563 4173 tinis
599 4133 784 4187 pacem
823 4119 978 4190 sequi
1017 4135 1209 4174 omnes
1262 4119 1560 4186 voluetinl,
1601 4118 1876 4174 felicitatis
1925 4117 2012 4173 hic

433 4209 538 4264 erit
565 4211 841 4274 cumulus,
871 4221 923 4263 et
957 4211 1204 4266 veritatis
1235 4223 1426 4265 contra
1468 4210 1818 4265 mendacium
1884 4210 2010 4264 illu-

437 4299 566 4355 stris
590 4300 839 4366 victoria,
859 4308 911 4353 et
940 4301 1048 4354 late
1073 4301 1268 4355 dill'usa
1297 4318 1422 4371 pax,
1457 4312 1622 4370 atque
1649 4300 1834 4356 omnia
1866 4316 2014 4356 com-

436 4394 698 4464 plectens.
730 4392 839 4447 Sed
867 4394 910 4448 si
939 4393 1254 4463 periculum
1295 4403 1400 4456 est,
1433 4409 1500 4447 ne
1531 4393 1688 4448 alteri
1720 4393 2012 4448 adhaeren-

2111 1893 2241 1954 κοὺς
2283 1891 2309 1942 ὁ
2337 1891 2494 1956 λόγος
2529 1890 2776 1958 γίγνοιτο
2799 1891 3040 1961 πρῶτον,
3098 1889 3155 1941 ἰν
3190 1890 3361 1942 πᾶσιν
3407 1889 3531 1956 ὁμοῦ
3561 1892 3652 1950 τοῖς
3736 1936 3749 1951 ι

2112 1986 2540 2054 προειρημένοις
2567 1984 2975 2053 ἀκριϐεστάτην
3011 1984 3108 2049 τὴν
3149 1977 3291 2051 πρὸς
3329 1985 3470 2051 ήμᾶς
3517 1985 3655 2050 ἐγγύο

2111 2096 2250 2147 τητα
2284 2078 2568 2142 σώζοντα;
2603 2078 2784 2131 καίτοι
2837 2077 3044 2130 τούτων
3080 2078 3194 2130 ἔνια
3227 2078 3472 2129 πλεῖστον
3518 2078 3652 2145 ήμῶν

2110 2172 2308 2239 ἀπέχει
2333 2173 2400 2240 τῇ
2438 2173 2531 2240 γῇ.
2562 2171 2659 2232 Τίς
2684 2169 2730 2221 δ’
2766 2171 2955 2238 ἀγνοεί
2989 2169 3218 2233 πολλοὺς
3250 2171 3354 2222 τῶν
3388 2172 3511 2239 ἡμῖν
3537 2170 3652 2231 τίει-ς

2110 2265 2518 2332 ὁμοδοξούντων
2555 2304 2570 2326 ,
2627 2264 2794 2331 ἐγγὺς
2862 2263 2962 2333 μὲν
3018 2264 3458 2334 συνῳκισμένους
3501 2264 3650 2332 ήμῶν,

2110 2358 2272 2427 ἤθεσι
2305 2357 2403 2410 καὶ
2435 2359 2662 2426 τρόποις
2694 2357 2812 2409 οὐδ’
2843 2358 2966 2410 ὅσον
3011 2357 3186 2409 εἰπεῖν
3235 2358 3354 2409 ἐστι
3405 2356 3653 2424 διαφέρον-

2111 2469 2230 2512 τας.
2285 2452 2379 2504 καὶ
2428 2450 2536 2504 τῶν
2586 2451 2716 2521 ἡμῖν
2774 2451 3031 2504 ἑκάστοτε
3081 2449 3496 2516 συμπιπτόντων
3559 2445 3650 2499 οὐδ’

2112 2545 2656 2613 ὲπιστρεφομένουςς
2718 2541 2932 2603 Ἐνίους
2961 2541 3006 2593 δ’
3037 2540 3220 2593 αὐτῶν
3271 2543 3425 2611 ῐσμεν
3466 2539 3652 2593 ἐπιδου-

2110 2636 2369 2698 λεύοντας
2391 2636 2488 2689 καὶ
2514 2635 2864 2702 φθονοῦντας.
2903 2634 2966 2686 Oi
3030 2632 3088 2687 δὲ
3132 2634 3229 2686 καὶ
3267 2633 3335 2686 τὰ
3362 2633 3464 2686 τῶν
3511 2629 3652 2683 εὔνων

2113 2730 2377 2800 πράττειν
2444 2729 2722 2792 ἐθέλοντες
2767 2731 2822 2782 ὲν
2858 2729 2956 2798 ἴσῳ
2980 2729 3091 2789 τοίς
3123 2729 3197 2798 μὴ
3229 2728 3556 2798 βουλομένοις
3591 2727 3654 2778 εξ-

2114 2825 2218 2887 σίν,
2251 2823 2413 2892 ὃμοια
2436 2820 2884 2892 δυσπραγοῦντες
2909 2823 3040 2889 ἡμῖν
3074 2821 3165 2874 καὶ
3194 2822 3385 2891 χείρω,
3434 2821 3519 2872 καὶ
3541 2819 3651 2888 μηδὲ

2114 2916 2297 2983 σφίσιν
2331 2914 2515 2976 αὐτοῖς
2547 2912 2779 2982 ἀμύνειν
2811 2913 3126 2980 δυνάμενοι.
3169 2912 3278 2966 Ἐὦ
3303 2913 3408 2981 γὰρ
3441 2914 3514 2965 ὅτι
3537 2910 3652 2977 πλὴν

2111 3005 2334 3058 Γάλλων
2364 3022 2420 3057 τε
2453 3003 2549 3056 καὶ
2587 3003 2880 3069 Ὶσπανῶν,
2919 3006 3016 3056 καὶ
3054 3004 3122 3055 τὰ
3155 3002 3322 3056 λοιπὰ
3377 3003 3478 3056 τῶν
3520 3000 3652 3054 Λατί-

2113 3115 2220 3150 νων
2246 3097 2374 3164 ἔθνη
2420 3099 2513 3151 καὶ
2537 3097 2689 3166 τόπῳ
2717 3096 3009 3165 διέστηκεν
3062 3097 3222 3166 ήμῶν
3258 3094 3518 3164 ἔλαττονῆ
3549 3091 3653 3144 τοῦ-

2113 3209 2218 3244 των
2266 3191 2412 3253 τινὲς
2464 3189 2548 3260 (οὐ
2589 3192 2696 3260 γὰρ
2752 3189 3017 3260 βούλομαι
3073 3187 3320 3260 τοῦνομα
3365 3188 3553 3255 λέγειν)
3594 3179 3654 3240 ὧν

2114 3284 2320 3353 σφόδρα
2357 3283 2757 3352 περιεχόμεθα.
2789 3283 2914 3343 Τοῖς
2943 3281 3000 3334 δὲ
3051 3282 3244 3345 αὐτοῖς
3292 3283 3384 3335 καὶ
3434 3280 3653 3346 καθάπερ

2112 3377 2320 3443 γείτοσι
2378 3375 2662 3444 χρώμεθα,
2726 3375 3006 3438 ἀποικίαις
3062 3376 3176 3429 τισὶ
3221 3379 3316 3430 καὶ
3362 3377 3534 3444 νήσοις
3580 3369 3652 3423 ὑπ’

2115 3467 2291 3519 αὐτῶν
2346 3466 2686 3536 ἀρχομέναις
2752 3467 2992 3534 μάλιστα
3054 3463 3476 3538 συναπτόμενοιί
3515 3466 3653 3524 ἐνίοις

2111 3556 2294 3611 δὲκαὶ
2361 3557 2469 3609 τῶν
2537 3559 2668 3626 παρ’
2725 3558 2857 3626 ἡμῖν
2910 3557 3354 3627 μεταδεδωκότες
3413 3557 3654 3616 ἁπάντων,

2113 3652 2288 3705 ὁπόσα
2335 3650 2581 3721 γνησίοις
2630 3654 2725 3705 καὶ
2762 3651 3014 3714 πολίταις
3075 3653 3340 3722 ἄντικρυς
3386 3649 3658 3722 προσφερό-

2116 3745 2277 3814 μεθα.
2308 3745 2416 3806 Τὰς
2453 3743 2498 3796 δ’
2529 3743 2620 3795 ἐπὶ
2656 3743 2852 3814 καιροῦ
2903 3743 3160 3814 βοηθείας
3217 3746 3398 3800 αὐτῶν
3447 3747 3533 3798 καὶ
3578 3744 3658 3804 τὰς

2117 3837 2250 3907 παρ’
2284 3836 2440 3907 ήμῶν
2465 3837 2727 3906 ἀμοιϐὰς,
2762 3837 2897 3906 πρὸς
2931 3837 2988 3890 δὲ
3025 3838 3122 3891 καὶ
3174 3838 3236 3891 τὸ
3283 3841 3392 3900 τοῖς
3442 3837 3658 3907 ἀλλήλων

2114 3930 2271 4000 ηοεσι
2302 3930 2512 4000 χαίρειν
2547 3929 2655 3998 πρὸ
2687 3928 2799 3982 τῶν
2850 3929 3086 3994 οἰκείων,
3136 3933 3437 4001 μαθήματά
3475 3947 3530 3983 τε
3583 3928 3660 3980 καί

2116 4021 2311 4089 λόγους
2335 4021 2431 4073 καὶ
2462 4019 2748 4088 δογμάτων
2798 4020 3114 4089 ἐπιστήμην
3148 4019 3248 4071 σὺν
3282 4017 3548 4088 ἀκρισεία,
3582 4015 3660 4066 καί

2115 4114 2287 4169 τᾶλλα
2318 4113 2399 4166 δι’
2432 4105 2505 4166 ὧν
2535 4112 2922 4183 συναπτόμεθα
2957 4113 3288 4181 καταλέγειν
3331 4113 3548 4176 ἕκαστα,
3569 4110 3661 4160 τῶν

2116 4206 2568 4280 δυσχερεστάτων
2600 4201 2746 4260 εἰναι
2782 4206 3012 4275 νομίζω.
3044 4206 3106 4258 Εἰ
3133 4207 3236 4275 μὲν
3291 4202 3387 4259 οὖν
3418 4205 3510 4274 τῆς
3545 4201 3661 4272 πρὸς

2117 4302 2387 4364 Λατίνους
2416 4301 2643 4371 εἰρήνης
2688 4299 2780 4353 καὶ
2808 4299 3012 4363 πάντες
3033 4301 3166 4370 ἡμῖν
3198 4300 3542 4370 βουλήσονται
3565 4312 3662 4347 κοι-

2119 4391 2627 4463 νωνεῖν,ἐῦδαιμον
2661 4392 2728 4446 ἂν
2754 4391 2840 4462 εἴη
2871 4391 3032 4444 τοῦτό
3057 4409 3141 4460 γε,
3173 4393 3272 4446 καὶ
3333 4389 3552 4460 λαμπρὰ
3581 4385 3662 4452 τῆς

436 4497 520 4542 tes
539 4485 678 4556 parti
697 4487 1014 4541 amittamus
1034 4486 1281 4546 alteram,
1302 4486 1581 4540 hominum
1596 4487 1697 4541 erit
1716 4488 2006 4556 prudenter

2122 4486 2383 4556 ἀληθείας
2410 4486 2538 4553 νίκη
2568 4484 2711 4538 κατὰ
2748 4485 2842 4537 τοῦ
2892 4484 3146 4553 ψεύδους,
3185 4485 3283 4538 καὶ
3329 4484 3516 4553 εἰρήνη
3550 4478 3662 4529 πλι-

437 4579 756 4650 agentium,
814 4579 1052 4632 maxime
1107 4579 1320 4634 vit-inus
1377 4563 1632 4647 prazlerre
1688 4580 1811 4634 aliis
1863 4594 2012 4635 :eos

437 4673 712 4737 videlicet,
743 4672 942 4742 quibus
970 4673 1282 4743 przrpositis
1305 4681 1358 4726 et
1383 4672 1664 4726 veritatem
1691 4671 2008 4736 fatebimur,

394 4755 405 4772 ’
436 4773 492 4819 et
521 4780 710 4836 pacem
742 4766 994 4820 stabilem
1031 4765 1409 4820 conﬁciemus.
1446 4764 1612 4820 Scitis
1646 4766 1789 4820 enim
1826 4765 2010 4836 plures

436 4876 627 4915 eorum
671 4860 773 4914 hoc
809 4859 973 4914 etiam
1010 4867 1257 4929 tempore
1290 4858 1496 4911 nullius
1530 4871 1725 4927 parere
1752 4857 2006 4929 imperio,

437 4961 491 5004 et
529 4951 730 5003 nullam
764 4951 966 5005 habere
997 4951 1286 5004 nobiscum
1333 4950 1802 5015 communionem,
1837 4965 2014 5019 neque

443 5045 743 5100 Ecclesiam
781 5053 1025 5098 nostram
1070 5044 1284 5106 audire,
1319 5046 1413 5099 sed
1446 5045 1654 5098 nullum
1690 5046 1815 5100 hinc
1855 5047 2013 5101 nobis

438 5137 782 5204 dispendium
817 5135 992 5190 oritur
1026 5155 1039 5190 :
1076 5149 1250 5206 neque
1301 5135 1471 5204 igitur
1505 5137 1729 5192 omnino
1771 5152 1800 5192 a
1853 5138 2015 5192 nobis

435 5233 632 5291 divitlsi
661 5238 915 5302 poterunt
941 5229 1199 5285 invehere
1229 5229 1399 5284 ullum
1434 5229 1867 5285 incommodum.
1903 5229 2009 5284 Sed

438 5329 483 5382 si
522 5334 746 5396 possent
777 5324 945 5379 etiam
994 5323 1125 5377 dare
1176 5321 1397 5392 aliquod
1443 5323 1730 5386 damnum,
1774 5322 2010 5390 perlecta

439 5432 585 5475 certe
615 5435 740 5474 cum
784 5416 992 5472 Latinis
1021 5415 1340 5485 conjunctio
1368 5415 1504 5468 adeo
1536 5414 1848 5469 numerosis
1877 5414 2013 5468 satis

437 5529 708 5583 superque
735 5511 936 5582 poterit
965 5511 1268 5564 molestiam
1291 5508 1512 5562 demere
1542 5505 1668 5559 inde
1690 5506 2015 5574 provenian-

438 5615 544 5659 tem
581 5622 593 5658 :
625 5604 811 5674 utjam
848 5619 913 5658 ne
943 5601 1116 5672 ipsam
1147 5600 1372 5671 quidem
1406 5596 1559 5667 prius
1592 5599 2012 5666 conjunctmum

438 5695 794 5748 amissionem
826 5693 1152 5747 sentiamus.
1197 5689 1309 5745 Nec
1347 5702 1478 5744 vero
1511 5687 1692 5756 aliqua
1729 5688 1889 5742 nobis
1925 5691 2013 5741 liet

442 5788 552 5844 illis
583 5786 803 5858 injuria,
834 5786 941 5844 Deo
966 5787 1147 5856 iudice
1175 5784 1601 5855 hominibusque
1629 5783 1720 5852 qui
1751 5785 2011 5854 sapiunt;

2117 4580 2237 4632 τεϊα
2268 4581 2360 4630 καὶ
2395 4571 2572 4631 πάντα
2596 4575 3065 4646 διαλαμϐάνουσαο
3101 4578 3151 4629 εἰ
3177 4576 3234 4630 δὲ
3259 4575 3353 4630 καὶ
3384 4569 3661 4627 κινδυνεύο-

2120 4688 2220 4741 μεν
2249 4670 2458 4740 ἑτέρων
2484 4673 2866 4741 περιεχόμενοι
2922 4671 3051 4734 τοὺς
3095 4671 3323 4742 ἑτέρους
3368 4667 3660 4728 ἀποϐαλεῖν,

2123 4765 2423 4834 σωφρόνων
2456 4762 2523 4816 ἂν
2559 4763 2647 4833 εἴη
2678 4765 2808 4828 τοὺς
2858 4762 3095 4833 μάλιστα
3152 4763 3544 4834 πλησιάζοντας
3569 4758 3661 4810 τῶν

2120 4859 2297 4913 ἄλλων
2327 4858 2676 4928 προελέσθαι⁹
2721 4857 2815 4910 καὶ
2847 4856 2942 4921 οὓς
2972 4859 3376 4928 προτιμήσασι,
3406 4857 3464 4910 τό
3491 4871 3543 4907 τε
3578 4851 3662 4917 τὴν

2121 4952 2378 5022 ἀλήθειαν
2441 4951 2758 5020 ὁμολογεῖν,
2812 4951 2907 5003 καὶ
2963 4949 3025 5003 τὸ
3092 4951 3194 5021 τὴν
3233 4950 3458 5019 εἰρήνην
3498 4946 3566 5005 ὡς
3607 4942 3662 4994 ἂν

2124 5045 2360 5114 μάλιστα
2390 5045 2676 5115 διαρκοίη,
2717 5045 2983 5115 πράττειν
3025 5045 3352 5115 προσέσται.
3391 5043 3527 5093 Ἱστε
3571 5034 3662 5102 γάρ

2119 5138 2200 5190 ὃτι
2234 5138 2329 5190 καὶ
2359 5135 2454 5189 νῦν
2480 5138 2775 5207 αὐτόνομοι
2828 5137 3035 5190 τούτων
3063 5137 3112 5189 οἰ
3150 5136 3390 5199 πλείους,
3423 5131 3512 5186 καὶ
3555 5125 3660 5180 οὔτε

2121 5230 2230 5282 τῶν
2261 5227 2439 5308 ἄλλων
2499 5229 2632 5298 ήμῖν
2669 5229 2729 5281 ὲν
2777 5227 2959 5308 οὐδενὶ
3011 5227 3382 5292 κοινωνοῦσιν,
3415 5223 3531 5278 οὔτε
3578 5217 3660 5282 τῆς

2133 5321 2462 5388 Ἐκκλησίας
2518 5319 2676 5391 ἡμῶν
2729 5319 3132 5373 ὲπακοὺουσιν·
3191 5319 3309 5373 ἀλλ’
3355 5317 3502 5371 οὐδὲν
3549 5310 3659 5381 ἡμῖν

2121 5415 2371 5468 ἐντεῦθεν
2404 5415 2616 5483 γίνεται
2677 5412 2874 5484 βλάϐος
2905 5427 2916 5442 ³
2975 5416 3096 5469 οὐδὲ
3135 5415 3313 5468 τοίνυν
3347 5409 3658 5465 παντάπασιν

2120 5507 2514 5578 ἀπερῤωγότες
2551 5506 2728 5574 ἡμῶν,
2766 5506 2984 5572 ἕξουσιν
3022 5499 3081 5560 οὗ
3140 5509 3297 5579 χάριν
3331 5504 3657 5574 λυπήσουσιν.

2122 5601 2184 5653 Εἰ
2214 5600 2271 5652 δέ
2303 5617 2360 5651 τι
2389 5599 2481 5652 καὶ
2520 5597 2758 5669 ζημιοῦν
2791 5601 2939 5670 ἡμᾶς
2987 5600 3186 5672 ἔχοιεν,
3226 5599 3344 5654 ἀλλ’
3373 5600 3406 5668 ή
3437 5595 3536 5648 τῶν
3563 5591 3656 5644 A1-

2120 5692 2283 5743 τίνων
2311 5689 2550 5762 ἀκριϐὴς
2583 5691 2842 5754 κοινωνία
2868 5692 3140 5745 τοσούτων
3167 5677 3336 5743 ὄντων
3389 5683 3516 5756 μετὰ
3545 5676 3655 5730 πολ·

2121 5784 2219 5853 λῆς
2249 5783 2348 5852 τῆς
2384 5783 2701 5853 περιουσίας
2733 5786 2830 5855 τὴν
2878 5785 3088 5841 ἐκεῖθεν
3123 5784 3310 5854 ἀηδίαν
3350 5779 3490 5836 λύειν
3511 5767 3652 5845 ἀρκέ“
