3976 6452
315 360 424 426 457

1481 353 1767 416 ORATIO
1806 355 1866 416 ll
1910 356 2011 416 AD
2050 355 2443 418 SYNODUM.

3483 353 3590 418 tss
3680 448 3683 451 _

322 496 434 541 σει,
494 475 570 539 ὡς
622 473 747 546 μηδ’
798 469 1156 527 αἰσθάνεσθαι
1220 468 1432 536 λοιπὸν,
1494 469 1547 523 εί
1608 488 1751 535 τινος
1797 469 1906 524 τῶν

2029 482 2198 527 .ontra
2250 472 2395 527 enim
2432 469 2613 543 petius
2649 469 2717 525 ab
2762 465 2875 526 illis
2924 469 3182 527 Ecclesia:
3217 466 3333 531 Dei,
3374 465 3591 537 sibique

320 566 518 640 πρώην
543 564 920 637 ᾠκειωμένων
953 562 1303 633 κατέστημεν
1332 561 1554 634 ἔρημοι.
1590 561 1752 617 Ἀλλά
1799 562 1906 632 μὴν

319 661 433 716 οὐδ’
468 659 809 730 ἀδικήσομεν
842 656 985 719 ὅλως
1020 654 1221 717 αὐτοὺς
1245 653 1366 725 Θεῷ
1412 654 1644 724 δικαστῇ
1675 656 1907 716 καὶτοῖς

324 751 453 806 νοῦν
492 751 678 822 ἔχουσι
713 749 825 802 τῶν
856 747 1169 819 ἀνθρώπων
1194 764 1206 777 ·
1242 746 1560 801 τούναντίον
1611 746 1722 816 γὰρ
1774 746 1909 818 μᾶλ-

321 846 442 909 λον,
473 844 628 898 αὐτοὶ
670 843 765 898 καὶ
788 842 887 915 τὴν
933 840 1265 913 Ἐκκλησίαν
1305 838 1443 893 Θεοῦ
1480 839 1575 893 καὶ
1610 840 1753 907 σφᾶς
1808 838 1908 891 αὖ·

322 938 454 999 τοὺς
490 935 869 1003 ἀδικήσουσιν.
903 933 978 987 Ού
1003 932 1114 1006 γὰρ
1145 934 1277 1003 ἡμῖν
1312 932 1499 1002 μόνοις
1531 930 1723 984 λοιπὸν
1754 931 1911 983 ἅντε-

328 1026 543 1095 ροῦσιν,
574 1024 669 1090 οὓς
693 1025 1080 1096 καὶπρότερον
1113 1024 1201 1094 τῆς
1235 1023 1535 1092 καθολικῆς
1578 1022 1911 1091 Ἐκκλησίας

330 1122 529 1189 μοῖραν
555 1116 758 1189 ⁴ᾔδεσαν
804 1116 990 1181 ὄντας,
1046 1114 1183 1171 ἀλλά
1236 1115 1377 1187 πρὸς
1429 1115 1615 1169 πᾶσαν
1642 1113 1779 1185 ὁμοῦ
1814 1114 1912 1183 τὴν

342 1210 672 1282 Ἐκκλησίαν
723 1209 1190 1281 φιλονεικησουσι,
1228 1210 1326 1263 καὶ
1370 1206 1554 1281 πάσης
1584 1208 1911 1278 ἀπορραγῆ-

339 1322 543 1361 σονται.
582 1303 695 1374 Τῆς
728 1304 837 1376 γὰρ
860 1302 1003 1357 κατὰ
1062 1301 1646 1358 Κωνσταντινούπολιν
1688 1300 1915 1369 Ἐκκλη-

336 1397 457 1462 σίας
511 1395 652 1468 μετά
697 1396 807 1450 τῶν
847 1395 1025 1449 ἄλλων
1060 1395 1231 1465 τριῶν
1274 1396 1340 1465 τῇ
1408 1392 1599 1464 Ῥώμῃ
1645 1408 1914 1445 συνχπτο·

337 1490 527 1561 μένης,
558 1489 715 1543 οὐδὲν
744 1489 846 1558 τῆς
885 1487 1184 1559 καθολικῆς
1240 1485 1570 1556 Ἕκκλησίας
1613 1485 1719 1551 ἔξω
1747 1501 1919 1537 κατα-

332 1580 583 1635 λείπεται
617 1595 631 1609 ’
684 1573 752 1652 ἧς
777 1580 1173 1650 ἀποσχίςοντες
1199 1577 1452 1642 ἑαυτοὺς,
1488 1576 1583 1629 καὶ
1614 1576 1713 1638 τὰς
1746 1574 1920 1644 αὐτῆς

336 1673 761 1742 ἀπαναινόμενοι
787 1670 1027 1741 ψήφους,
1054 1669 1153 1724 ούκ
1188 1664 1290 1722 οἶδ’
1338 1668 1394 1721 εί
1424 1686 1570 1729 τινος
1626 1665 1719 1720 ὑπ’
1752 1666 1916 1721 ἄλλου

337 1766 530 1821 τούτου
585 1766 814 1837 πάσχειν
845 1764 1098 1818 δύναιντο
1153 1766 1352 1834 χεῖρον.
1391 1760 1514 1815 Οὐδ’
1568 1760 1713 1831 ἡμᾶς
1770 1759 1923 1829 ὀφεί-

2018 564 2155 635 ipsis
2188 563 2279 619 (iet
2313 562 2515 633 injuria
2559 582 2572 619 :
2613 563 2884 633 siquidem
2934 563 3192 634 deinceps
3226 578 3336 617 non
3374 569 3587 616 tantum

2014 658 2179 713 nobis
2212 657 2489 713 contraria
2542 658 2800 721 sentient,
2846 672 2987 727 quos
3021 665 3075 711 et
3122 665 3280 712 antea
3308 652 3593 710 catholicas

2012 751 2273 806 Eccl-asiae
2315 760 2525 822 partem
2560 750 2957 820 agnoscebant,
3008 750 3102 806 sed
3135 764 3313 820 pugna
3351 748 3455 801 illis
3486 747 3593 800 erit

2014 858 2139 896 cum
2180 850 2292 896 tota
2346 855 2575 912 prorsus
2622 838 2907 907 Ecclesia;
2928 848 3199 910 eruntque
3234 838 3302 893 ab
3336 840 3590 894 universa

2014 934 2274 1002 separati.
2307 933 2441 987 Nam
2469 933 2558 988 ubi
2582 932 3195 1005 Constantinopo‘itana
3219 932 3465 987 Ecclesia
3491 948 3595 985 una

2017 1040 2142 1079 cum
2174 1024 2349 1079 tribus
2366 1025 2488 1080 aliis
2515 1025 2810 1094 conjuncta
2838 1028 2941 1081 erit
2986 1042 3107 1083 cum
3143 1027 3409 1084 Romana.
3450 1024 3598 1078 nulla

2018 1117 2301 1174 catholicae
2328 1117 2585 1173 Ecclesia.-
2614 1134 2739 1189 pars
2780 1130 2937 1174 extra
2965 1130 3170 1185 manet,
3192 1133 3218 1171 a
3254 1133 3355 1187 qua
3387 1117 3600 1188 seipSos

2021 1207 2382 1278 sejungendo,
2430 1217 2483 1262 ct
2533 1209 2757 1263 decreta
2799 1208 2919 1278 ejus
2968 1223 3076 1263 non
3108 1208 3447 1279 recipiendo,
3489 1222 3599 1260 non

2019 1302 2179 1356 video
2207 1301 2337 1371 quid
2368 1317 2396 1355 a
2423 1318 2699 1374 quoquam
2732 1304 2840 1357 alio
2875 1304 3094 1372 possint
3134 1303 3236 1357 hoc
3275 1303 3420 1356 malo
3451 1302 3600 1354 dete-

2020 1395 2139 1450 rius
2169 1396 2299 1467 pati.
2352 1394 2541 1466 Neque
2586 1397 2788 1452 debere
2839 1412 2939 1451 nos
2977 1397 3178 1450 dixerit
3218 1396 3493 1465 quispiam
3527 1395 3601 1447 it:-

2021 1485 2133 1539 illis
2184 1488 2589 1556 obsecundare,
2629 1500 2685 1546 ut
2735 1500 2789 1545 et
2825 1490 3112 1545 veritatem
3161 1498 3602 1550 contemnamus,

2022 1589 2077 1632 et
2111 1580 2262 1649 pacis
2294 1581 2499 1636 bonum
2550 1598 2897 1653 respuamus,
2927 1583 3195 1654 nobisque
3236 1581 3367 1651 ipsis
3403 1580 3603 1635 damna

2025 1685 2278 1725 erecmus
2313 1657 2502 1742 :quod
2558 1673 2643 1728 vel
2688 1676 2928 1731 dominis
2964 1674 3270 1733 concedere
3319 1672 3475 1726 valde
3523 1681 3604 1727 est

2027 1762 2345 1818 absurdum.

336 1865 451 1918 λειν
517 1865 661 1919 εἴποι
720 1880 804 1928 τις
863 1862 930 1917 ἂν
998 1862 1127 1933 ἄχρι
1178 1860 1273 1913 καὶ
1348 1856 1443 1913 τοῦ
1499 1858 1599 1927 τῆς
1688 1857 1948 1928 ἀληθείας
2023 1864 2415 1933 καταφρονεῖν,
2465 1866 2560 1919 καὶ
2625 1865 2685 1920 τὸ
2742 1866 2841 1937 τῆς
2920 1867 3146 1939 εἰρήνης
3218 1866 3607 1938 πνραιτεῖσθαι

340 1962 531 2025 καλὸν,
583 1960 676 2017 καὶ
726 1962 875 2032 ἡμᾶς
919 1959 1116 2022 αὐτοὺς
1168 1954 1448 2027 ζημιοῦν,
1501 1955 1569 2008 τὰ
1634 1954 1785 2050 σφῶν
1844 1953 2210 2027 θεραπεύειν,
2265 1960 2294 2013 δ
2357 1962 2455 2015 καὶ
2502 1963 2795 2027 δεσπόταις
2849 1962 2969 2017 λίαν
3023 1964 3225 2017 ἄτοπόν
3286 1964 3404 2016 ἐστι
3474 1977 3607 2025 au“!-

342 2061 565 2133 χωρεῖν.

425 2152 569 2211 Ἀλλ’
599 2151 712 2207 οὐδ’
744 2150 913 2222 ἀηθές
949 2166 1003 2203 τι
1039 2147 1137 2203 καὶ
1167 2146 1263 2201 νῦν
1297 2145 1519 2218 πρῶτον
1568 2145 1867 2216 συμϐαῖνον
1898 2145 1925 2216 ἡ

2108 2149 2280 2206 Porro
2332 2161 2515 2206 autem
2556 2166 2759 2207 novum
2792 2167 2899 2206 non
2940 2162 3043 2215 est,
3077 2159 3172 2205 aut
3202 2165 3346 2204 nunc
3372 2150 3608 2217 primum

346 2248 483 2319 πρὸς
510 2245 611 2317 τὴν
633 2241 1027 2314 οίκουμενικὴν
1053 2239 1273 2295 σύνοδον
1317 2240 1414 2293 καὶ
1442 2238 1540 2303 τὰς
1572 2238 1789 2309 ψήφους
1835 2236 1932 2289 αύ-

342 2339 442 2409 τῆς
466 2337 627 2392 ὲνίων
657 2335 944 2400 ἀπείθεια,
981 2334 1071 2388 ῐνα
1097 2349 1179 2395 τις
1212 2333 1308 2386 καὶ
1357 2334 1458 2404 τῆς
1516 2331 1673 2402 ἡμῶν
1720 2331 1961 2420 οἰκονοοι

350 2431 479 2501 μίας
519 2427 620 2502 ἔχῃ
640 2427 1004 2497 κατηγορεῖν,
1037 2424 1100 2477 ού
1132 2422 1473 2494 δυνηθέντων
1535 2422 1746 2485 πάντας
1786 2419 1929 2490 ἔχειν

349 2521 705 2585 θπείκοντας.
738 2518 919 2573 Πολλὰ
942 2518 1051 2589 γὰρ
1087 2514 1219 2587 ἔθνη
1270 2516 1372 2569 καὶ
1398 2515 1588 2578 πόλεις
1647 2514 1770 2568 ὅλαι
1818 2511 1930 2566 τῶν

353 2614 643 2684 προτέρων
675 2611 911 2665 συνόδων
932 2608 1183 2680 γνώμαις
1224 2608 1536 2677 ἀντέλεγον,
1586 2604 1928 2678 ἀνθρώπινόν

346 2720 399 2755 τι
425 2701 620 2754 παθεῖν
660 2702 875 2764 ὲκείνας
928 2699 1251 2771 ἡγούμενοι,
1288 2699 1380 2751 καὶ
1434 2698 1493 2751 τὸ
1533 2698 1694 2765 δόξαν
1727 2697 1923 2758 uini;

345 2791 495 2846 τοῦτ’
531 2786 668 2845 εἶναι
694 2791 925 2860 τάληθὲς
951 2789 1382 2860 ἀποφηναμένας
1405 2804 1419 2821 ο
1454 2789 1560 2850 ἕως
1603 2789 1638 2859 ἡ
1666 2788 1766 2857 τῆς
1799 2786 1931 2855 ἀλη-

348 2880 499 2944 θείας
526 2880 685 2952 ἰσχὺς
741 2880 840 2944 τὰς
871 2880 1131 2934 ἁπάντων
1194 2877 1422 2933 εἰσδῦσα
1472 2878 1673 2961 ψυχὰς,
1716 2878 1930 2939 πάντας

344 2972 515 3039 εδειξε
544 2971 927 3041 πειθομένους,
958 2972 1056 3026 καὶ
1085 2970 1160 3035 ὡς
1206 2969 1344 3024 Θεοῦ
1407 2971 1613 3039 φωναῖς
1660 2971 1779 3032 ταῖς
1820 2967 1930 3021 τῶν

344 3065 558 3136 ἀνδρῶν
617 3064 848 3118 ἐκείνων
905 3064 1298 3135 προσέχοντας.
1363 3064 1474 3117 Καὶ
1516 3060 1662 3117 τοῦτ’
1731 3061 1928 3135 ᾔδεσαν

345 3157 597 3230 ἀκρισῶς
622 3158 674 3213 οἰ
702 3156 801 3229 τῆς
832 3156 1095 3228 ἀληθείας
1128 3155 1456 3223 ἐξετασταί·
1489 3153 1605 3208 ἀλλ’
1652 3153 1716 3208 οὐ
1748 3154 1927 3223 δήπου

346 3248 499 3308 τοῦτ’
531 3248 952 3320 εὐλαϐούμενοι,
993 3249 1086 3302 καὶ
1130 3248 1233 3317 τήν
1264 3263 1434 3301 τινων
1497 3244 1599 3299 εἴτ’
1652 3245 1928 3300 ἀναίδειαν

347 3342 447 3397 εἰτ’
471 3340 732 3395 ἀπιστίαν
772 3340 884 3394 δεῖν
931 3339 1230 3411 ἡγούμενοι
1265 3336 1621 3411 θεραπεύειν,
1674 3336 1774 3398 τὰς
1816 3337 1927 3390 τῶν

344 3433 709 3505 εὐγνωμόνων
763 3431 945 3504 ψυχάς
992 3432 1218 3502 ἀφῆκαν
1280 3428 1632 3494 σαλεύεσθαι,
1681 3429 1777 3484 καὶ
1826 3430 1926 3501 τὴν

343 3526 607 3597 ἀλήθειαν
628 3523 901 3596 περιεῖδον
931 3522 1034 3576 ὑπὸ
1073 3523 1168 3577 τοῦ
1200 3521 1438 3593 ψεύδους
1476 3520 1924 3591 πολεμουμένην,

344 3619 441 3672 καὶ
464 3617 562 3687 τὴν
592 3616 929 3687 Ἐκκλησίαν
976 3613 1114 3669 Θεοῦ
1151 3614 1220 3668 τι
1276 3613 1535 3685 χείριστα
1583 3613 1926 3683 πάσχουσαν,

347 3712 446 3764 καὶ
476 3711 616 3782 σφᾶς
652 3710 850 3774 αὐτοὺς
882 3708 1145 3763 ἁπάντων
1168 3705 1377 3761 τούτων
1412 3707 1619 3770 αἰτίους
1671 3702 1813 3760 εἰναι
1840 3707 1925 3759 δο-

343 3802 610 3864 κοῦνταςο
645 3801 783 3857 ἀλλά
806 3800 1015 3855 τούτων
1059 3799 1295 3870 μάλιστα
1332 3798 1428 3853 καὶ
1478 3796 1760 3870 προύργου
1816 3815 1915 3852 πε·

346 3894 729 3966 φροντικότες,
764 3893 965 3948 αὐτίκα
997 3892 1095 3962 μὲν
1128 3893 1232 3944 τῶν
1260 3890 1439 3944 ἄλλων
1484 3890 1748 3963 ἠμέλουν,
1806 3887 1928 3945 εἶτα

344 3988 637 4051 κάκείνους
674 3987 865 4057 εὐχαῖς
898 4002 957 4039 τε
993 3985 1088 4038 καὶ
1147 3966 1269 4046 ταῖς
1332 3982 1524 4047 ἄλλαις
1582 3984 1928 4056 ἐπιμελείαις

348 4079 527 4145 ἰῶντο,
558 4078 654 4132 καὶ
692 4077 830 4149 πρὸς
850 4076 952 4148 τὴν
982 4074 1084 4130 τοῦ
1114 4072 1285 4130 καλοῦ
1320 4072 1416 4128 καὶ
1446 4074 1663 4128 δικαίου
1722 4068 1929 4141 γνῶσιν

344 4173 716 4241 ἀπέστρεφον.
758 4169 831 4223 Οὐ
855 4170 1037 4222 τοίνυν
1072 4168 1181 4220 οὐδ’
1213 4166 1364 4238 ἡμᾶς
1386 4166 1483 4219 νῦν
1507 4165 1603 4219 τοῦ
1630 4167 1801 4229 δεῖνος
1834 4165 1931 4218 καὶ

341 4264 441 4321 τοῦ
471 4264 640 4328 δεῖνος
674 4263 878 4335 πρέπει
909 4260 1220 4333 φροντίσαι,
1255 4262 1403 4324 ὅπως
1433 4260 1511 4327 μὴ
1540 4258 1769 4329 γένηται
1826 4274 1929 4310 πο-

342 4358 516 4429 νηρδς
548 4354 792 4429 ἀμείνων
823 4350 962 4408 εἶναι
1023 4352 1354 4422 δυνάμενος,
1406 4349 1543 4404 ἀλλὰ
1575 4349 1638 4402 τὸ
1668 4350 1787 4402 δέον
1834 4349 1931 4402 αύ-

343 4450 474 4513 τοὺς
498 4447 1005 4518 διαπραξαμένους,
1036 4446 1150 4507 τοῖς
1173 4442 1298 4495 νοῦν
1344 4442 1533 4513 έχουσι
1573 4440 1931 4496 καταλείπειν

348 4541 634 4612 αίρεῖσθαι
658 4539 816 4593 τοῦτο
851 4539 950 4592 κτιιί⁸
971 4536 1226 4607 στέργειν
1247 4550 1263 4565 ⁶
1292 4532 1385 4599 οὒς
1446 4535 1595 4598 εἰκὸς
1626 4533 1768 4588 εἶναι
1802 4536 1929 4599 τοὺς

345 4633 576 4697 πιστούς
605 4649 666 4686 τε
694 4633 791 4686 καὶ
824 4628 1240 4700 δοκιμωτάτους
1276 4628 1387 4680 τῶν
1444 4628 1732 4698 ἡμετέρων
1758 4642 1771 4657 ·
1814 4630 1930 4692 τοῖς

342 4726 394 4782 δ’
419 4724 757 4780 ἀντιϐαίνειν
812 4724 941 4786 ἴσως
978 4719 1404 4793 βουλησομένοις
1439 4721 1528 4772 τὸν
1569 4718 1709 4787 μετὰ
1753 4718 1927 4775 ταῦτα

2036 2258 2138 2298 usu
2178 2243 2347 2308 venit,
2380 2259 2501 2299 esse
2530 2243 2622 2314 qui
2656 2243 2928 2315 synodum
2961 2243 3356 2298 aecumenicam
3381 2244 3610 2313 ejusque

2034 2335 2248 2391 decreta
2293 2350 2403 2401 non
2448 2333 2783 2399 admittant;
2829 2344 2888 2389 ut
2937 2335 2984 2391 si
3035 2350 3139 2388 non
3187 2335 3487 2405 poterimus
3540 2336 3609 2391 ad

2034 2436 2279 2480 nostram
2319 2441 2511 2480 omnes
2548 2425 2848 2494 perducere
2877 2427 3227 2489 sententiam,
3257 2428 3430 2496 possit
3456 2429 3611 2496 quis-

2032 2513 2176 2580 piam
2202 2514 2438 2568 concilia
2474 2524 2661 2569 nostra
2689 2514 2985 2570 damnare:
3021 2516 3201 2570 multa:
3220 2517 3366 2571 enim
3393 2527 3609 2589 gentes,

2031 2613 2083 2659 et
2117 2604 2365 2660 civitates
2414 2605 2640 2675 integrae
2686 2609 2928 2677 priorum
2981 2609 3340 2664 conciliorum
3392 2594 3608 2666 decreta

2032 2697 2446 2763 oppugnabant,
2497 2696 2724 2751 humani
2771 2699 2977 2767 aliquid
3011 2716 3172 2769 passa
3201 2702 3290 2755 illa
3323 2704 3563 2772 opinata:
3586 2747 3601 2765 ,

2033 2794 2086 2840 et
2118 2786 2261 2855 qttod
2298 2785 2403 2840 sibi
2438 2787 2612 2842 visum
2636 2798 2802 2852 esset,
2833 2789 2962 2842 illud
2989 2800 3243 2858 tanquam
3276 2808 3461 2847 verum
3488 2809 3613 2863 pro-

2034 2878 2359 2944 nuntiasse;
2388 2878 2563 2933 donec
2595 2879 2644 2931 vi
2673 2895 2770 2933 sua
2802 2880 3001 2935 veritas
3038 2882 3090 2935 in
3126 2883 3367 2937 omnium
3391 2886 3610 2940 animos

2033 2986 2153 3027 sese
2186 2969 2472 3026 insinuans
2509 2970 2714 3035 eil‘ecit,
2757 2982 2814 3028 ut
2845 2987 3038 3029 omnes
3078 2975 3516 3044 acquiescerent,
3558 2990 3613 3030 et

2034 3062 2314 3118 hominum
2342 3063 2558 3119 illorum
2590 3064 2820 3120 vocibus
2855 3074 3114 3136 tanquam
3158 3066 3362 3123 divinis
3395 3070 3613 3123 anscul-

2035 3166 2233 3212 tarent.
2264 3154 2331 3211 Et
2362 3168 2710 3227 perspectum
2759 3172 2892 3213 sane
2940 3160 3043 3212 hoc
3084 3157 3362 3214 habebant
3398 3161 3612 3232 indices

2033 3247 2108 3303 illi
2160 3247 2444 3314 veritatis;
2499 3263 2606 3302 non
2639 3256 2817 3302 tamen
2858 3257 2952 3303 aut
2979 3249 3139 3304 veriti
3192 3250 3292 3305 hoc
3316 3260 3466 3317 sunt,
3515 3262 3613 3308 aut

2030 3340 2245 3410 piorum
2266 3340 2482 3396 animos
2509 3339 2773 3396 ﬂuctuare
2799 3351 2926 3396 sunt
2958 3344 3125 3412 passi.
3155 3344 3300 3412 quod
3332 3355 3608 3415 putarent,

2031 3431 2383 3504 impudentiae
2425 3448 2519 3489 seu
2572 3433 2813 3503 perﬁdia:
2851 3438 3217 3503 quorumdam
3263 3451 3387 3492 esse
3442 3438 3612 3493 inser-

2029 3525 2322 3593 viendum;
2359 3534 2452 3580 aut
2503 3525 2863 3596 neglexerunt
2913 3542 2942 3579 a
2987 3529 3275 3583 mendacio
3322 3530 3607 3585 veritatem

2030 3630 2421 3691 oppugnatam,
2458 3620 2874 3689 Ecclesiamque
2921 3620 3014 3675 Dei
3047 3621 3394 3690 gravissimis
3451 3624 3608 3678 labo-

2030 3725 2241 3770 rantem
2291 3715 2493 3778 nzalis;
2545 3723 2642 3769 aut
2682 3714 3068 3769 sustinuerunt
3120 3730 3179 3767 se
3233 3717 3429 3771 horum
3481 3731 3599 3769 om-

2032 3808 2181 3862 nium
2203 3814 2459 3861 auctores
2491 3804 2704 3860 videri:
2744 3805 2843 3861 sed
2881 3819 3073 3861 omnes
3099 3820 3229 3860 suas
3266 3821 3427 3859 curas
3456 3807 3506 3859 in
3527 3808 3612 3860 bis

2030 3899 2328 3968 dellgentes
2361 3896 2831 3966 parvipendebant
2857 3895 3080 3965 quidem
3113 3896 3215 3949 alia
3242 3896 3362 3951 sine
3387 3906 3609 3961 cuncta-

2032 3988 2218 4054 tione;
2254 3986 2454 4042 deinde
2489 3985 2614 4039 illos
2646 3988 2833 4048 etiam,
2866 3998 3056 4053 preces
3103 3985 3170 4039 ad
3208 3983 3377 4038 Deum
3429 3985 3610 4039 clfuno

2033 4075 2239 4138 dendo,
2271 4073 2503 4142 aliisque
2534 4072 2762 4128 medelis
2783 4072 3075 4137 curabant,
3109 4079 3273 4141 atque
3302 4072 3369 4127 ad
3393 4073 3610 4130 honesti

2031 4178 2084 4225 et
2106 4168 2237 4239 justi
2264 4167 2599 4239 agnitionem
2618 4168 3033 4223 convertebant.
3066 4168 3175 4224 Nec
3199 4183 3296 4223 vos
3326 4169 3489 4239 igitur
3518 4188 3613 4229 cu-

2032 4277 2159 4317 rare
2192 4262 2371 4326 decet,
2408 4276 2474 4314 ne
2500 4260 2588 4314 hic
2626 4270 2722 4315 aut
2767 4260 2856 4315 ille
2889 4259 3066 4315 malus
3101 4263 3216 4329 tiat,
3252 4279 3379 4319 cum
3430 4267 3605 4334 possit

2032 4368 2154 4409 esse
2182 4352 2267 4407 vir
2313 4352 2526 4418 bonus;
2559 4351 2653 4407 sed
2689 4350 2779 4405 ubi
2822 4350 2968 4420 quod
2993 4350 3109 4407 ﬁeri
3138 4361 3352 4421 oportet
3384 4369 3611 4424 perege-

2033 4446 2179 4510 ritis,
2226 4444 2563 4516 sapientibus
2594 4442 2906 4514 eligendum
2960 4453 3015 4498 et
3063 4446 3509 4514 amplectendum
3545 4446 3610 4500 il-

2033 4538 2125 4591 lud
2169 4538 2530 4607 relinquetis;
2590 4554 2732 4609 quos
2769 4536 2887 4593 fore
2926 4552 3021 4595 eos
3054 4538 3147 4608 qui
3189 4538 3377 4593 ﬁdeles
3404 4549 3531 4593 sunt
3558 4549 3617 4590 rt

2033 4628 2176 4685 inter
2218 4639 2438 4686 nostros
2472 4631 2867 4701 probatissimi,
2896 4642 3339 4695 consentaneum
3375 4641 3499 4697 est;
3542 4633 3608 4683 iis

2032 4737 2160 4777 vero
2180 4723 2269 4793 qui
2299 4722 2440 4776 forte
2460 4722 2857 4776 contradicturi
2889 4732 3038 4783 sunt,
3066 4731 3281 4790 tempus
3312 4721 3612 4789 insequens

346 4819 540 4891 καιρὸν
574 4816 857 4887 ἀφορίζειν
889 4817 972 4879 εἰς
1006 4814 1274 4885 ἰατρείαν,
1311 4814 1404 4866 καὶ
1458 4811 1596 4883 μηδὲ
1624 4814 1724 4884 τὴν
1788 4813 1925 4865 ὲκεί-

2038 4812 2294 4867 tribuetis
2327 4812 2395 4865 ad
2430 4812 2796 4871 cmationem,
2834 4822 2937 4862 nec
2965 4823 3156 4861 corum
3190 4807 3610 4871 conversionem

347 4929 457 4964 νων
485 4908 837 4980 ιπιστροφὴν
870 4905 1150 4969 παντελῶς
1176 4906 1507 4958 ἀνέλπιστον
1553 4902 1781 4957 οἴεσθαι.
1814 4905 1936 4959 Εἰσὶ

347 5004 484 5074 γὰρ,
508 5004 614 5054 εἰσι
647 5000 832 5054 πολλοὶ
854 4997 987 5069 παρ’
1015 5000 1174 5070 ἡμῖν,
1195 4998 1244 5051 οἳ
1268 4996 1539 5052 παύσουσι
1559 4996 1935 5069 φιλονεικοῦν-

346 5112 449 5159 τας
482 5093 696 5166 τάληθῆ
726 5094 825 5148 καὶ
854 5092 1046 5146 δίκαια
1090 5091 1368 5158 λέγοντες.
1408 5091 1484 5142 Οὐ
1550 5090 1662 5157 γὰρ
1698 5093 1766 5162 an
1832 5090 1934 5161 τῆς

348 5185 989 5248 Κωνσταντινουπὸλεως
1040 5182 1344 5253 Ἐκκλησία
1371 5183 1533 5251 μόνον
1561 5183 1611 5233 οἵ.
1652 5181 1932 5252 ἅνθρωποι

348 5279 661 5349 πολεμῆσαι
721 5277 945 5341 τούτους
996 5276 1239 5347 ἐροῦσιν,
1292 5273 1430 5328 ἀλλὰ
1479 5276 1581 5343 τὴν
1636 5274 1932 5345 καθολικὴν

358 5369 695 5440 Ἐκκλησίαν
726 5366 1042 5439 ἀτιμάζειν,
1083 5367 1159 5429 ὡς
1205 5366 1375 5430 ἔοικε,
1408 5363 1697 5435 βούλεσθαι
1724 5381 1739 5397 ο
1770 5363 1799 5417 δ
1841 5366 1934 5418 καὶ

343 5464 448 5534 τῆς
474 5461 739 5535 ἀληθείας
775 5464 891 5515 ἐστί
922 5462 1314 5532 καταφρονεῖν,
1343 5458 1439 5512 καὶ
1466 5458 1568 5527 τὴν
1624 5459 1767 5529 πρὸς
1797 5457 1933 5511 Θεὸν

343 5556 483 5611 αἰδὼ
522 5555 934 5628 παραιτεῖσθαι,
969 5555 1055 5623 ἐφ’
1098 5550 1168 5626 ἧς
1219 5555 1354 5624 ἡμῖν
1384 5552 1442 5606 αἰ
1503 5551 1601 5622 τῆς
1659 5550 1934 5622 σωτηρίας

348 5649 593 5713 ἐλπίδες.
624 5649 782 5704 Πᾶσα
804 5647 914 5719 γὰρ
938 5645 1034 5701 νῦν
1062 5648 1097 5718 ή
1120 5645 1227 5699 τῶν
1247 5643 1595 5715 Χριστιανῶν
1627 5642 1931 5711 Ἐκκλησία

348 5744 452 5811 τὴν
477 5741 651 5814 αὐτὴν
675 5744 807 5812 περὶ
838 5740 949 5793 τῶν
977 5742 1170 5810 πρώην
1211 5737 1751 5807 ἀμφισῦητουμένων
1789 5734 1903 5803 γνώ

348 5850 468 5906 μην
498 5833 785 5900 προείλετο
810 5846 825 5862 ⁸
863 5832 961 5884 καὶ
995 5832 1153 5901 πλὴν
1184 5830 1342 5902 ὑμῶν
1399 5830 1641 5894 ἅπαντες
1687 5828 1784 5889 τὰς
1834 5827 1929 5891 τῆς

676 5928 949 5988 Pauor.
997 5925 1114 5985 Gn.
1162 5922 1347 5983 CLX.

2036 4899 2269 4954 omnino
2296 4898 2640 4967 desperatam
2671 4897 2977 4951 habebitis:
3004 4897 3293 4953 suntenim
3324 4896 3465 4968 apud
3492 4912 3613 4965 nos,

2035 4998 2165 5045 sunt
2239 4987 2425 5053 multi,
2485 4988 2577 5057 qui
2636 4988 3045 5056 persuadebunt
3082 4992 3467 5045 contentiones
3518 4991 3614 5044 de-

2033 5097 2262 5152 ponere,
2288 5096 2417 5135 vera
2470 5081 2578 5134 illis
2612 5090 2667 5135 et
2708 5080 2857 5147 justa
2889 5080 3138 5138 dicentes
3167 5100 3181 5136 :
3226 5084 3370 5151 quod
3401 5083 3615 5138 scilicet

2034 5172 2070 5224 ii
2109 5186 2216 5227 non
2254 5172 2416 5226 modo
2444 5185 2569 5225 cum
2605 5171 3216 5241 Cousmntinopolitana
3243 5182 3482 5244 pugnent
3514 5174 3610 5226 Ee-

2032 5263 2227 5327 clesia,
2258 5265 2356 5319 sed
2389 5264 2560 5318 velint
2590 5263 2782 5328 etiam,
2814 5273 2871 5319 ut
2923 5266 3111 5320 videre
3153 5275 3264 5329 est,
3303 5266 3614 5319 universam

2032 5356 2333 5411 Ecclesiam
2391 5356 2823 5427 parvipendere;
2875 5358 3021 5426 quod
3049 5368 3102 5410 et
3146 5359 3431 5410 veritatem
3464 5371 3617 5425 sper.

2032 5463 2163 5504 nere
2193 5458 2298 5515 est,
2347 5459 2401 5502 et
2457 5450 2819 5504 reverentiam
2867 5465 2987 5515 quze
3019 5448 3128 5502 Deo
3162 5448 3397 5501 debetur
3444 5450 3615 5516 proji-

2035 5559 2183 5608 cere,
2238 5558 2347 5612 qua
2410 5557 2535 5613 spes
2582 5553 2784 5598 nostra:
2822 5542 3017 5596 salutis
3070 5540 3352 5595 innititur.
3415 5537 3611 5594 Omnis

2038 5639 2183 5694 enim
2220 5652 2389 5699 nunc,
2417 5638 2627 5700 dicent,
2672 5635 3116 5692 Christianorum
3153 5633 3397 5687 Ecclesia
3426 5632 3492 5684 de
3527 5648 3616 5687 re~

2039 5729 2142 5785 bus
2193 5736 2351 5783 antea
2383 5726 2754 5782 controversis
2789 5724 3107 5793 consentit;
3172 5733 3225 5779 et
3276 5733 3471 5794 prceter
3517 5740 3617 5781 v23

2040 5822 2394 5881 mcumenicte
2418 5818 2587 5889 hujus
2617 5818 2809 5890 synodi
2844 5819 3062 5873 decreta
3095 5832 3287 5873 omnes
3321 5817 3614 5885 honorant,

3151 5912 3219 5974 l5
