3976 6452
272 454 383 523 tot
1309 482 1311 484 -
1449 449 1740 513 ORATIO
1771 447 1831 512 11
1866 450 1969 512 Αυ
2002 442 2382 513 SYNODUM.
3437 446 3551 515 me

272 567 783 648 χειραγωγούντων,
840 569 938 621 καὶ
966 564 1240 639 τοσαύτην
1290 553 1441 641 ὑπδᾷ
1481 571 1654 639 αὐτῆς
1685 586 1842 640 φρον·

1969 582 2056 624 vos
2109 567 2507 632 benevolentia,
2563 580 2694 638 pars
2738 568 2897 625 valde
2927 578 3125 639 magna
3181 566 3539 635 videbimini;

274 666 398 721 τίδα
421 661 850 735 πεποιημένωνς
877 660 952 714 Τὸ
978 663 1089 732 γὰρ
1108 660 1376 732 ὑμέτερον
1397 661 1644 715 λείπεται
1672 661 1844 731 μόνον⁴

1972 661 2063 716 sed
2087 661 2282 716 ordine
2330 674 2397 715 ac
2426 675 2660 716 numero
2688 659 2799 715 dici
2856 677 2966 717 non
3025 670 3231 732 potest,
3278 665 3542 734 quantula

236 778 242 782 τ
276 758 309 813 ὃ
338 757 479 827 πρὸς
508 755 607 827 μὲν
632 754 848 819 εὐνοίας
878 752 1040 823 λόγον
1069 754 1206 823 ἡμῖν
1235 751 1332 807 καὶ
1352 751 1499 807 πάνυ
1526 753 1671 823 μέγα
1685 752 1806 805 δοκε

1978 754 2093 811 sitis
2138 753 2384 811 universi
2422 767 2573 823 pars.
2609 754 2742 821 Quae
2785 768 2916 810 vero
2963 755 3018 810 in
3069 762 3353 825 posterum
3403 764 3548 811 esset

275 850 434 914 τάξει
472 847 531 901 δὲ
570 847 667 901 καὶ
694 848 957 917 ποσότητι
1014 844 1320 899 οὑδέίπεῖν
1371 844 1519 898 ἔστιν
1558 845 1762 898 ὁπόσον
1804 861 1845 897 τι

1974 861 2096 916 spes
2135 846 2498 931 agnoscenda!
2536 849 2805 913 veritatis,
2842 847 2889 902 si
2923 846 3147 903 relictus
3184 832 3333 903 esset
3364 863 3544 911 nemo,

278 942 374 995 τοῦ
410 941 621 1004 παντός
658 940 806 997 ἐστε.
847 940 946 1003 Τίς
982 938 1031 993 δ’
1084 939 1153 993 ἂν
1192 940 1279 1009 εῖη
1322 938 1514 992 λοιπὸν
1558 939 1718 1002 ἐλπὶς
1761 939 1848 1007 τῆς

1974 939 2062 1010 qui
2094 954 2154 995 se
2178 930 2374 995 ducem
2422 938 2547 994 aliis
2578 938 2646 993 ad
2685 930 2803 993 eam
2834 939 3136 1009 praeberet?
3188 954 3369 1009 neque
3397 941 3544 994 enim

280 1026 425 1096 πρὸς
447 1028 548 1098 τὴν
575 1027 844 1099 ἀληθειαν
861 1026 1160 1093 ἐπανόδου,
1195 1028 1421 1099 μηδενὸς
1443 1027 1539 1081 τοῦ
1568 1028 1706 1097 πρὸς
1727 1026 1850 1081 ταύ-

1971 1031 2063 1084 uni
2090 1044 2187 1084 vos
2213 1029 2319 1084 hoc
2345 1026 2557 1085 elﬁcere
2575 1027 2851 1099 poteritis,
2877 1042 2979 1084 nec
3007 1028 3134 1084 licet
3152 1028 3255 1098 ipsi
3290 1027 3534 1097 sapiatis.

278 1136 381 1189 την
409 1119 757 1190 ήγησομένου
782 1121 905 1183 τοῖς
939 1118 1125 1183 ἀλλοις
1170 1119 1594 1188 ὑπολειφθέντος
1622 1136 1636 1181 ;
1666 1120 1729 1172 οὑ
1750 1118 1848 1188 γὰρ

1970 1122 2091 1177 aliis
2129 1128 2190 1177 ut
2229 1121 2445 1191 sapiant
2482 1119 2916 1190 persuadebitls:
2963 1120 3191 1191 perinde
3229 1134 3293 1176 ac
3327 1121 3372 1175 si
3412 1120 3539 1191 quis

281 1214 440 1282 ὑμεῖς
470 1227 536 1279 γε
571 1210 736 1265 τοῦτο
764 1212 1068 1283 δυνήσεσθε
1125 1213 1298 1284 μόνοι,
1331 1212 1437 1266 κᾶν
1467 1211 1594 1268 νοῦν
1642 1212 1851 1283 ἔχοντες

1973 1228 2095 1271 cum
2122 1214 2326 1285 unguis
2349 1214 2441 1277 sit,
2469 1213 2632 1268 vellet
2663 1220 2837 1269 totum
2874 1227 3078 1283 corpus
3103 1226 3312 1283 regere,
3344 1220 3398 1267 et
3425 1227 3543 1268 mo-

286 1302 462 1369 αὑτοὶ,
489 1303 620 1368 τοὺς
657 1302 858 1368 ἄλλους
897 1303 1125 1375 πείσητε
1174 1305 1514 1375 σωφρονεῖν·
1565 1303 1755 1375 ὥσπερ
1815 1305 1856 1357 εί

1973 1321 2122 1373 vere,
2154 1316 2208 1364 et
2235 1305 2565 1362 medicinam
2603 1306 2678 1361 illi
2720 1304 3003 1370 adhibere,
3039 1314 3113 1361 et,
3142 1305 3387 1362 consiliis
3428 1305 3543 1359 suis

286 1412 367 1459 τις
400 1394 529 1464 ὄνυξ
557 1395 634 1449 ὢν
662 1394 759 1451 τοῦ
822 1395 1029 1461 παντὸς
1082 1396 1274 1468 ἄρχειν
1306 1395 1550 1467 βούλοιτο
1584 1395 1856 1466 σώματος,

1972 1398 2282 1462 ostendere,
2319 1411 2442 1465 quae
2478 1397 2680 1452 bonam
2720 1395 2954 1450 aﬂerant
2982 1394 3373 1449 valetudinem.
3406 1391 3542 1447 Illud

284 1488 381 1541 acui.
402 1490 580 1542 κινεῖν
616 1488 772 1555 αὐτὸ,
804 1490 901 1543 καὶ
935 1488 1236 1559 ἰατρεύειν,
1265 1493 1359 1543 καὶ
1387 1491 1455 1545 τὰ
1490 1490 1628 1557 πρὸς
1672 1489 1854 1558 ὑγείαι

1980 1502 2139 1559 porro
2187 1488 2371 1543 etiam
2407 1488 2758 1543 considerare
2822 1501 2921 1541 vos
2971 1492 3211 1556 oportet,
3246 1483 3550 1538 Ecelesiam-

281 1581 520 1654 φέροντα
555 1582 977 1653 συμϐουλεύειν.
1008 1583 1084 1636 Οὐ
1147 1584 1256 1655 μὴν
1301 1583 1419 1638 ἀλλ’
1452 1586 1632 1638 ἐκεῖνο
1662 1587 1851 1654 προσή·

1983 1581 2050 1635 ita
2080 1595 2204 1638 esse
2244 1596 2274 1635 a
2303 1577 2538 1635 Domino
2576 1581 2633 1635 in
2666 1589 2781 1635 Iulo
2806 1579 3149 1641 aediﬁcatam,
3181 1585 3244 1633 ut
3270 1584 3439 1648 portae
3469 1575 3553 1629 in-

284 1689 375 1726 κει
430 1676 657 1727 σκοπεῖν
688 1676 859 1745 ὑμᾶς,
895 1676 979 1730 ὅτι
1034 1676 1137 1744 τὴν
1185 1676 1516 1747 Ἐκκλησίαν
1568 1675 1746 1740 οὑτως
1778 1676 1854 1729 ὲπ

2039 1676 2077 1731 ri
2107 1690 2388 1746 nunquam
2426 1675 2539 1730 sint
2576 1673 2843 1729 adversus
2874 1687 2995 1729 eam
3020 1668 3553 1744 praevaliturze;ha2-
3604 1669 3609 1675 ’

280 1766 566 1836 ἀσφαλοῦς
597 1769 626 1821 ό
654 1769 932 1838 Δεσπότης
976 1767 1136 1840 ἡμῶν
1167 1768 1537 1840 ᾠκοδόμησεν,
1574 1767 1652 1833 ὡς
1705 1768 1850 1839 μηδὲ·

1986 1784 2149 1835 reses,
2203 1770 2451 1841 inquam,
2503 1775 2696 1823 contra
2756 1769 3041 1823 veritatem
3096 1765 3469 1835 insurgentes,
3500 1774 3556 1817 et

280 1874 418 1913 ποτε
444 1859 621 1922 πύλας
664 1858 792 1932 ᾅδου
821 1860 1174 1931 κατισχύσειν
1223 1862 1419 1932 αὐτῆς,
1450 1862 1547 1926 τὰς
1576 1863 1850 1915 έπανιστα·

1984 1873 2289 1920 sectatores
2330 1877 2460 1919 suos
2514 1862 2569 1917 in
2625 1862 2950 1917 barathrum
3004 1860 3307 1915 inferorum
3371 1857 3554 1913 detur-

289 1953 464 2023 μένας
513 1953 757 2024 δηλονότι
805 1956 870 2025 τῇ
929 1953 1165 2026 ἀληθείᾳ
1220 1954 1358 2026 πρὸς
1415 1955 1543 2027 ᾅδου
1592 1954 1859 2026 βάραθροι

1990 1958 2215 2013 bantes:
2266 1956 2372 2012 hoc
2418 1956 2563 2011 enim
2604 1955 2681 2009 illi
2714 1955 2860 2009 velut
2909 1954 3168 2009 eximium
3213 1954 3445 2024 largitus
3478 1960 3560 2006 est

281 2046 417 2110 τοὺς
452 2044 817 2115 πειθομένους
848 2045 1225 2109 κατασπῶσας
1260 2046 1540 2117 αἱρέσεις.
1585 2047 1696 2101 Καὶ
1737 2044 1851 2100 καθ-

1978 2054 2212 2116 donum,
2263 2051 2381 2105 sine
2422 2063 2531 2119 quo
2561 2063 2759 2119 magna
2792 2062 2881 2104 res
2929 2062 3036 2102 non
3073 2054 3220 2102 esset
3259 2046 3545 2115 dispensa-

285 2141 435 2211 άπερ
458 2156 508 2193 τι
533 2138 708 2211 δῶρον
760 2139 1043 2210 ἐξαίρετον
1082 2142 1220 2211 αὑτῇ
1267 2140 1427 2194 τοῦτο
1490 2140 1745 2205 δέδωκεν,
1807 2156 1855 2194 οι

1982 2144 2150 2199 tionis
2196 2142 2543 2214 mysterium,
2588 2142 2635 2196 si
2672 2139 2920 2195 futurum
2948 2146 3088 2202 erat,
3137 2145 3197 2191 ut
3252 2137 3345 2191 illo
3387 2136 3549 2190 etiam

282 2233 460 2305 χωρὶς
488 2231 602 2286 οόδ’
629 2233 698 2287 ἂν
728 2227 796 2304 ἦν
832 2233 977 2304 μέγα
1039 2232 1101 2284 τδ
1149 2234 1250 2301 τῆς
1307 2234 1650 2302 οἰκονομίας,
1709 2231 1852 2301 είπει

1989 2246 2227 2307 peracto,
2261 2234 2455 2290 morbo
2507 2234 2787 2289 laboraret
2840 2230 3160 2297 insanabili,
3198 2238 3252 2285 et
3297 2244 3559 2300 oppressa

283 2322 495 2395 ἤμελλε
538 2328 635 2379 καὶ
669 2326 791 2395 μετ’
823 2324 998 2395 αὐτὴν
1030 2324 1272 2384 ἀνιάτως
1308 2325 1589 2394 νοσήσασα
1644 2324 1738 2377 καὶ
1791 2322 1853 2392 τᾷ

1993 2325 2271 2381 mendacio
2309 2326 2392 2380 vel
2419 2326 2630 2397 jaceret
2671 2324 2890 2396 penitus
2943 2324 3207 2393 neglecta,
3269 2322 3353 2377 vel
3400 2320 3563 2392 phar—

282 2419 478 2490 ψεύδει
522 2418 992 2491 κατασχεθεῖσαῆ
1030 2419 1350 2487 περιῶφθαι
1394 2419 1778 2482 παντάπασιν,
1835 2418 1852 2469 i

1990 2420 2157 2476 macis
2190 2418 2462 2489 indigeret
2503 2418 2927 2489 potentioribus.
2982 2414 3049 2472 Et
3094 2432 3124 2471 a
3168 2415 3409 2471 falsitate
3440 2416 3560 2484 qui-

285 2510 609 2581 φαρμάκων
639 2509 851 2563 δεῖσθαι
904 2509 1392 2579 δραστικωτὲρων.
1443 2511 1557 2564 Καὶ
1604 2510 1710 2563 ὑπὸ
1774 2509 1855 2579 μὲι

1994 2512 2105 2567 lem
2144 2509 2341 2582 agitari
2372 2512 2519 2565 illam
2564 2511 2853 2581 permittit,
2883 2519 2942 2564 nt
2966 2524 3091 2565 vero
3124 2511 3440 2564 succumbat
3468 2507 3564 2561 fal-

286 2602 391 2656 τοῦ
413 2602 647 2671 ψεύδους
663 2602 876 2673 ταύτην
902 2601 1372 2673 ὲνοχληθήσεσθαι
1405 2603 1701 2673 συγχωρεῖ,
1724 2602 1856 2655 ὅπω;

1995 2605 2155 2672 iaciat,
2187 2619 2452 2676 errorque
2491 2603 2565 2657 illi
2602 2604 2936 2665 dominetur,
2979 2610 3138 2672 negat
3174 2617 3233 2673 se
3256 2588 3565 2671 permissu-

287 2697 356 2751 δὲ
379 2699 476 2750 καὶ
503 2697 761 2762 καθάπαξ
788 2698 925 2768 ἁλῷ,
946 2698 1038 2750 καὶ
1058 2697 1221 2767 δούλη
1253 2699 1480 2769 γένηται
1504 2697 1607 2767 τῆς
1632 2698 1851 2768 ἀπάτης

1996 2712 2135 2752 rum.
2194 2696 2326 2751 Esse
2395 2710 2524 2750 vero
2576 2695 2670 2750 llei
2733 2694 3034 2751 Ecclesiam
3104 2696 3346 2765 quinque
3410 2694 3566 2750 sedes

287 2787 361 2843 οὗ
392 2805 559 2858 φησιν
602 2789 944 2858 ἐπιτρέψειν.
987 2788 1320 2860 Ἐκκλησίαν
1371 2790 1429 2843 δέ
1485 2806 1549 2857 γε
1582 2789 1719 2843 Θεοῦ
1747 2788 1857 2842 τοὺς

1994 2791 2449 2859 patriarcharum,
2484 2796 2538 2842 et
2563 2803 2659 2844 eos
2704 2790 2796 2859 qui
2829 2789 2935 2844 illis
2969 2788 3274 2857 subiacent,
3324 2798 3440 2844 tum
3471 2805 3564 2860 sy-

291 2882 464 2937 ττέντε
496 2881 606 2934 τῶν
629 2880 990 2952 πατριαρχῶν
1022 2878 1162 2934 εἶναι
1210 2880 1440 2950 θρόνους
1470 2882 1565 2934 καὶ⁵
1619 2882 1747 2944 τοὺς
1781 2879 1861 2933 αὐτ

1998 2884 2261 2939 nodorum
2295 2885 2570 2950 matrones,
2607 2892 2721 2937 tum
2762 2883 2921 2952 longa
2970 2883 3091 2952 ejus
3114 2865 3481 2947 consuetudo,
3514 2894 3568 2938 et

288 2975 414 3036 τοῖς
448 2972 849 3036 ὑπακούοντας,
883 2973 944 3026 οῖ
959 2988 1019 3025 τε
1050 2972 1161 3026 τῶν
1197 2973 1443 3027 συνόδων
1490 2973 1736 3039 κανόνες,
1786 2991 1856 3026 κα

1996 2972 2108 3044 ipsa
2159 2986 2340 3028 rerum
2392 2982 2589 3027 natura
2640 2972 2901 3029 declarat.
2954 2973 3090 3029 Nam
3132 2976 3306 3031 sicubi
3345 2977 3566 3046 quidam

289 3065 358 3119 τὸ
396 3062 609 3136 μακρὸν
640 3063 813 3134 αὐτῆς
844 3063 991 3128 ἔθος,
1017 3065 1114 3119 καὶ
1144 3064 1257 3119 τῶν
1283 3066 1631 3133 πραγμάτων
1657 3065 1691 3136 ἡ
1718 3063 1859 3134 φύσει

1997 3066 2263 3135 principes
2296 3066 2451 3120 nulla
2484 3066 2697 3121 ratione
2731 3066 2906 3133 ducti,
2953 3068 3049 3122 sed
3082 3071 3370 3141 tyrannice
3434 3086 3567 3125 cun-

292 3158 764 3229 ὑπαγορεύουσιν.
797 3157 864 3213 El
895 3157 1007 3229 γάρ
1039 3174 1189 3221 τινες
1228 3156 1341 3211 τῶν
1383 3156 1725 3227 ὁπουδήποτε
1778 3157 1862 3226 ﬁt

2000 3166 2205 3215 clarum
2229 3159 2395 3215 simul
2435 3160 2631 3215 harum
2676 3161 2887 3216 sedium
2927 3163 3187 3233 pastorali
3216 3164 3410 3221 nolunt
3441 3166 3570 3220 sub-

292 3250 585 3322 ἀρχόντων
630 3250 829 3320 ἀλογίᾳ
874 3250 970 3305 καὶ
1019 3250 1300 3322 τυραννίδι
1346 3250 1448 3321 τὴν
1502 3248 1713 3304 τούτων
1743 3249 1862 3319 όμοί

2003 3265 2116 3310 esse
2164 3252 2445 3322 regimini,
2495 3252 2763 3323 iuvatque
2820 3253 2948 3310 illos
2996 3270 3026 3311 a
3058 3272 3116 3312 se.
3145 3257 3278 3326 ipsis
3311 3258 3484 3329 pasci,
3520 3269 3573 3314 et

298 3299 577 3322 τηρ-π-
633 3299 827 3320 ww”-
876 3299 967 3305 --ψ
1031 3299 1298 3322 πρυ---
1359 3299 1438 3321 ην

298 3348 524 3399 πάντων
555 3343 669 3398 τῶν
695 3344 906 3416 θρόνων
930 3344 1310 3415 ποιμαντικὴν
1369 3343 1747 3415 ἀπηνήναντο,
1784 3343 1868 3395 καί

2002 3299 2114 3310 η--
2165 3299 2445 3322 --,,.------.,
2495 3299 2763 3323 ,πη-ηπ-
2821 3299 2947 3310 ...η
2996 3299 3026 3311 ..
3058 3299 3116 3312 υ..
3145 3299 3278 3326 ..ιω
3311 3299 3484 3329 γυνη,
3520 3299 3572 3314 ι.

2002 3341 2093 3399 tibi
2126 3343 2250 3400 loco
2280 3343 2417 3415 legis
2448 3359 2573 3401 esse
2605 3363 2619 3400 :
2645 3355 2792 3402 certe
2818 3362 2925 3402 non
2958 3351 3296 3420 approbante
3339 3352 3443 3409 hoc
3474 3354 3572 3410 Er.-

299 3440 592 3510 χαίρουσιν
619 3435 710 3508 ὑφ’
729 3437 915 3491 αὐτῶν
942 3438 1383 3507 ποιμαινόμενοι,
1416 3439 1511 3491 καὶ
1534 3436 1699 3507 νόμος
1727 3435 1869 3498 ὄντες

1998 3438 2180 3504 clesia,
2232 3447 2329 3493 aut
2374 3438 2595 3495 volente
2633 3442 3003 3497 communiter
3066 3442 3116 3495 id
3177 3460 3297 3499 esse
3335 3444 3568 3507 licitum.

304 3500 491 3602 ξφίσιν
530 3500 740 3595 αὐτοῖς,
793 3530 897 3583 οὑκ
931 3500 1264 3600 ἔπαινούσης
1292 3500 1456 3583 τούτο
1496 3500 1611 3599 τῆς.
1645 3518 1874 3597 Ἐκκληὲ

2004 3532 2086 3591 sed
2134 3532 2487 3589 condonante
2520 3532 2653 3588 illud
2704 3534 2969 3602 audaciae,
3011 3554 3075 3592 ne
3110 3538 3241 3609 quid
3284 3540 3442 3611 pejus
3479 3543 3574 3594 ad-

303 3625 432 3686 σίας
482 3626 580 3679 καὶ
622 3621 958 3695 βουλομένης
1003 3623 1204 3689 ἐξεῖναι
1267 3624 1439 3678 πᾶσιν
1489 3623 1633 3678 οὕτω
1682 3624 1873 3686 ποιεῖν,

2003 3627 2263 3691 mittatur,
2313 3625 2586 3694 obtinuit;
2623 3641 2764 3696 quos
2792 3625 2956 3681 etiam
3002 3642 3148 3682 nunc
3197 3632 3573 3689 contradicere

299 3716 445 3771 ἀλλὰ
498 3714 1056 3785 συγκαταϐαινούσης
1094 3718 1164 3786 τῇ
1218 3713 1399 3786 τόλμῃ
1459 3713 1557 3769 καί
1605 3730 1659 3767 τι
1696 3715 1869 3784 μεῖζοι

2002 3719 2240 3774 volentes
2270 3719 2471 3773 dixerit
2499 3717 2799 3788 quispiam,
2836 3734 2943 3773 non
2992 3722 3205 3778 ratione
3238 3724 3423 3795 aliqua
3456 3728 3572 3781 sive

300 3811 737 3881 εὐλαϐουμένης,
788 3808 1139 3881 ἐκράτησενο
1204 3806 1298 3871 οὓς
1346 3806 1494 3862 εῐποι
1540 3825 1626 3872 τις
1679 3807 1749 3861 ἂν
1789 3807 1870 3861 καί

2003 3821 2300 3884 opportuno
2366 3812 2561 3867 timore
2611 3811 2764 3877 duci,
2815 3812 2910 3867 sed
2956 3814 3181 3883 antiqua
3229 3815 3573 3887 impudenter

298 3902 399 3958 νῦν
450 3903 756 3973 ἀντιλέγειν
817 3901 1125 3968 ἐθέλοντας,
1194 3900 1254 3955 ού
1319 3899 1567 3972 λογισμῷ
1617 3916 1728 3954 τινι
1786 3898 1868 3953 καἹ

2006 3906 2188 3975 agendi
2235 3903 2632 3961 consuetudine
2674 3919 2834 3958 suum
2885 3919 3107 3973 quoque
3145 3924 3290 3963 nunc
3345 3926 3452 3963 non
3483 3913 3576 3966 de-

300 3995 497 4067 καιρόν
546 3996 723 4066 ἔχοντι
775 3993 945 4065 φόϐῳ·
1004 3993 1321 4065 προῆχθαι,
1363 3991 1501 4046 ἀλλά
1559 3991 1730 4046 πάλαι
1789 4006 1870 4061 με-

942 4006 945 4009 ·
1004 3993 1321 4065 προῆχθαι,
1363 3991 1501 4046 ἀλλὰ
1559 3991 1730 4046 πάλαι
1789 4006 1884 4061 με-
1994 3995 2234 4051 seruisse
2268 4011 2497 4051 morem.

306 4091 624 4163 μαθηκότας
703 4089 1106 4160 ἀναισχυντεῖν,
1177 4085 1317 4159 μηδὲ
1377 4083 1473 4139 νῦν
1536 4085 1757 4155 ἀφιέναι
1824 4082 1885 4135 τδ

343 4185 458 4248 θος.

343 4185 458 4241 θοτ.

299 4180 337 4258 ἦ
377 4222 596 4331 Ἱῒούτων
636 4275 818 4330 τοίνυν
856 4273 1028 4336 οὕτως
1070 4269 1455 4342 ἀναμφιϐόλως
1503 4268 1761 4341 ἐχόντων,
1792 4268 1869 4321 κα⁴

2065 4269 2200 4326 Cum
2244 4267 2357 4323 hzcc
2388 4270 2458 4323 ita
2487 4267 2675 4338 procul
2705 4265 2873 4322 dubio
2913 4282 2970 4324 se
3009 4267 3264 4335 habeant,
3296 4285 3348 4326 et
3377 4272 3577 4331 Chris‘i

308 4369 411 4439 τῆς
446 4369 548 4439 μὲν
585 4366 915 4437 Ἐκκλησίας
962 4362 1200 4436 Χριστοῦ
1234 4360 1442 4431 ταύτην
1466 4400 1482 4426 ,
1511 4361 1580 4431 ἦν
1617 4375 1749 4413 ποτε
1792 4362 1878 4413 καῖ

2046 4364 2215 4419 uidem
2237 4361 2478 4421 Ecclesia
2516 4362 2837 4417 sententiam
2863 4363 3025 4431 hanc,
3057 4368 3372 4423 utramlibet
3401 4369 3576 4434 ξίὶι-λι,
3612 4366 3616 4370 ’

308 4463 506 4527 εἵλετο,
544 4458 701 4525 δόξαν
745 4456 1117 4529 στεργούσης,
1166 4456 1263 4509 καὶ
1311 4455 1472 4526 μέχρι
1504 4452 1708 4517 παντὸς
1753 4452 1878 4505 ἀπο-

2007 4463 2285 4526 sequatur,
2340 4460 2397 4508 et
2429 4463 2684 4508 secutura
2727 4468 2943 4520 semper
2992 4457 3096 4522 sit;
3150 4458 3241 4513 ille
3265 4475 3392 4516 vero
3450 4476 3577 4531 pro-

307 4554 624 4627 όεξομένης,
665 4553 876 4607 ἐκείνου
921 4550 978 4605 δὲ
1031 4549 1310 4623 μηδέποτε
1360 4549 1420 4601 τὸ
1469 4546 1668 4617 ψεῦδος
1720 4562 1877 4600 κατα-

2010 4546 2211 4601 miserit
2234 4545 2372 4610 fore,
2401 4556 2458 4600 ut
2513 4547 2627 4617 ipsa
2681 4560 2957 4617 nunquam
3014 4540 3364 4621 superetura
3427 4570 3580 4609 men-

306 4648 609 4718 κρατήσειν
661 4645 829 4715 αὑτῆς
882 4644 1359 4712 ἐπαγγειλαμένου
1384 4679 1401 4705 ,
1436 4642 1538 4694 οὑκ
1570 4639 1683 4693 ισθ⁹
1713 4640 1876 4702 ὅπως1

2008 4640 2177 4707 ilacio,
2213 4638 2325 4694 ﬁeri
2361 4656 2467 4695 non
2497 4649 2699 4709 potest,
2720 4641 2849 4712 quin
2878 4641 3058 4696 inania
3083 4643 3230 4714 loqui
3261 4644 3578 4713 videamini,

308 4745 358 4795 εί
388 4745 508 4805 ταῖς
548 4739 900 4809 ὑποσχέσεσι,
936 4735 1139 4809 μᾶλλον
1173 4734 1230 4788 δὲ
1273 4736 1394 4797 ταῖς
1421 4733 1766 4803 εὐεργεσίαις
1786 4731 1878 4799 τὴν

2086 4731 2158 4787 vel
2188 4733 2496 4803 promissis.
2541 4733 2651 4790 imo
2681 4751 2812 4789 vero
2844 4734 3060 4790 collatis
3104 4732 3384 4792 beneﬁciis
3427 4741 3570 4792 vcri-
3652 4734 3656 4739 ⁴

308 4835 412 4905 τῆς
442 4831 699 4903 ἀληθείας
740 4828 898 4894 δόξαν
934 4828 1011 4898 μὴ
1039 4824 1426 4894 διαφυλάξετε,
1459 4824 1758 4895 ἡγούμενοι
1785 4822 1878 4891 τῆς

2004 4824 2126 4878 latis
2148 4825 2255 4878 vim
2289 4824 2551 4895 opinione
2576 4835 2753 4879 vestra
2804 4825 3107 4893 denegetis,
3140 4837 3501 4896 expugnatam
3549 4850 3574 4879 τι

309 4927 570 4999 ἀληθείας
610 4923 939 4993 κατισχῦσαι
974 4922 1035 4975 τὸ
1080 4918 1300 4988 ψεῦδος,
1343 4918 1376 4987 ἢ
1412 4919 1693 4987 μενουσῶν
1742 4917 1879 4969 ὲκεί-

2008 4915 2285 4971 [ιιειιιιεείο
2332 4914 2629 4970 veritatem
2684 4915 3085 4980 existimantes,
3148 4926 3241 4971 aut
3281 4919 3415 4972 ratis
3472 4922 3578 4974 illis

310 5035 422 5072 νων
460 5015 689 5085 κυρίων,
737 5011 883 5066 τοῦτ’
906 5012 1061 5066 αὑτοὶ
1104 5008 1440 5078 νομίζοντες,
1472 5009 1533 5060 οὑ
1576 5005 1807 5077 μάταιόν
1837 5022 1880 5056 τι

2007 5006 2349 5061 manentibus
2372 5008 2475 5060 hoc
2500 5005 2614 5072 jam
2659 5006 2916 5061 evenisse
2945 5009 3172 5076 putetis,
3226 5009 3462 5066 Necesse
3494 5027 3577 5066 est

311 5111 495 5176 δόξετε
522 5110 725 5178 λέγειν.
770 5106 840 5159 Ἦ
874 5108 984 5177 γὰρ
1038 5105 1255 5172 ἀνάγκη
1318 5103 1408 5156 τὸν
1468 5102 1567 5171 τῆς
1632 5098 1881 5171 ἀληθείας

2002 5101 2144 5155 enim
2178 5108 2272 5154 aut
2294 5097 2466 5153 falsus
2491 5098 2762 5153 exstiterit
2791 5100 3041 5156 veritatis
3089 5118 3293 5169 sermo,
3333 5104 3572 5161 Ecclesia

310 5205 472 5271 λόγον
524 5202 846 5263 διαπεσεῖν,
883 5199 983 5269 τῆς
1027 5194 1360 5263 Ἐκκλησίας
1418 5193 1759 5263 ὑπαχθείσης
1810 5188 1880 5260 τῷ

2004 5210 2095 5264 per
2119 5193 2464 5248 mendacium
2497 5194 2744 5258 seducta,
2777 5201 2873 5247 aut
2896 5196 2941 5250 si
2980 5196 3093 5265 tieri
3127 5214 3236 5251 nou
3279 5208 3454 5267 potest
3518 5211 3574 5252 ut

308 5294 524 5371 ψεύδει,
564 5298 598 5370 ἦ
632 5294 924 5365 παρελθεῖν
953 5294 1156 5345 ἐκεῖνον
1186 5292 1245 5342 ού
1278 5289 1505 5343 δυνατὸν
1530 5286 1611 5350 ὃν,
1636 5288 1730 5338 καὶ
1764 5285 1878 5337 ταύ·

2006 5286 2046 5342 is
2079 5293 2390 5346 evanescat,
2424 5284 2511 5337 illa
2542 5300 2765 5354 quoque
2790 5286 2959 5339 libera
2982 5287 3207 5341 omnino
3235 5288 3306 5343 sit
3327 5290 3397 5342 ah
3428 5304 3576 5341 οιιιιιι

312 5410 418 5465 την
461 5392 563 5457 τῆς
598 5390 708 5442 τῶν
745 5386 1012 5459 χειρόνων
1045 5383 1284 5452 ὑποψίας
1331 5381 1613 5441 παντελῶ;
1647 5379 1882 5450 ἀπηλλὰ-

2005 5378 2267 5433 malorum
2328 5375 2666 5446 suspicione.
2726 5378 2782 5429 Si
2833 5392 2963 5446 ergo
3026 5379 3156 5433 illud
3213 5379 3575 5449 blaspheme,

311 5486 466 5560 χθαι.
512 5484 575 5538 Εἰ
607 5480 790 5535 τοίνυν
821 5481 998 5533 ἐκεῖνο
1040 5476 1385 5547 βλασφημία,
1436 5473 1637 5547 μᾶλλον
1686 5472 1741 5524 δὲ
1797 5490 1881 5542 μα-

2007 5486 2096 5525 seu
2135 5470 2315 5538 potius
2348 5479 2533 5538 aperta
2581 5478 2665 5525 est
2705 5471 2938 5533 insania,
3001 5482 3169 5527 restat
3202 5473 3327 5526 .hoe
3385 5488 3577 5542 appro-

312 5583 406 5635 νία
438 5582 639 5650 σαφὴς,
670 5574 814 5630 τοῦτ’
846 5574 912 5628 ἂν
937 5572 1151 5626 αίνετδν
1184 5570 1272 5639 εἵη
1305 5569 1402 5621 καὶ
1446 5570 1669 5628 πισταῖς
1704 5568 1882 5628 ἀκοαῖς

2006 5562 2263 5623 bandum,
2294 5562 2508 5633 piisque
2557 5562 2784 5616 auribus
2831 5575 2995 5631 atque
3033 5565 3233 5617 animis
3267 5565 3576 5632 suscipe:—

314 5676 413 5727 καὶ
441 5671 690 5742 γνώμαις
720 5666 1145 5738 εὑπρόσδεκτον.
1178 5663 1374 5717 Καίτοι
1422 5661 1533 5739 τῶν
1570 5660 1733 5738 θείων
1767 5660 1884 5712 ἄνει

2012 5655 2150 5708 dum.
2214 5655 2534 5724 Quanquam
2585 5656 2813 5709 omissis
2853 5658 3014 5708 etiam
3057 5656 3259 5711 divinis
3320 5656 3582 5723 oraeuls,

314 5762 585 5838 γρησμῶν
628 5762 723 5815 καὶ
750 5759 852 5830 τῆς
880 5758 941 5822 ἐξ
995 5755 1177 5810 αὐτῶν
1228 5752 1567 5821 ἀσφαλείας,
1623 5748 1731 5805 οὐδ’
1765 5750 1884 5812 ait»,

2018 5756 2055 5800 τι
2087 5748 2440 5816 preveniente
2500 5763 2567 5800 ex
2628 5748 2737 5800 illis
2774 5747 3130 5813 certituline,
3164 5748 3311 5801 nulla
3379 5751 3588 5803 ratione

317 5835 486 5927 εχρῆν
513 5851 879 5925 ἀμφιϐάλλειν
930 5848 1148 5918 ἀπλανῆ
1199 5850 1361 5917 μέχρι
1404 5844 1604 5905 παντὸς
1638 5843 1737 5911 τὴν
1782 5838 1887 5892 Ἐκ-

2018 5835 2365 5891 .iuhitanduu't
2390 5847 2558 5900 esset,
2585 5838 2719 5908 quin
2759 5836 2853 5891 Dei
2884 5835 3124 5893 Ecclesia
3183 5839 3254 5893 sit
3305 5839 3359 5894 in
3393 5854 3588 5910 perpe-

319 5948 556 6020 κλησίαν
594 5943 731 6001 Θεοῦ
787 5939 1221 6016 τηρηθησεσθαι,
1280 5940 1375 5993 καὶ
1429 5938 1487 5991 τὸ
1534 5936 1630 6005 τῆς
1684 5935 1889 6003 ἀπάτης

2020 5948 2161 5985 .uum
2234 5932 2353 5985 sine
2420 5932 2531 5985 ullo
2589 5943 2776 5984 errore
2833 5933 3123 5993 servanda,
3157 5944 3208 5985 et
3247 5932 3590 6001 deerptzonis
