3976 6452
342 240 451 304 465

1531 252 1812 312 ORATIO
1840 253 1894 313 Il
1938 255 2033 312 AD
2077 253 2453 315 SYNODUM.

3485 243 3591 310 466

342 359 438 408 καὶ
491 357 627 424 σφᾶς
661 357 916 427 ὠφελεῖν,
967 362 1252 425 κάκείνους
1309 365 1376 418 άν
1431 385 1483 419 τι
1519 369 1720 437 λέγωσι
1756 385 1916 437 μετα-

2024 367 2228 436 possint
2264 368 2330 421 de
2378 369 2648 422 sententia
2689 369 2984 421 dimovere.
3020 367 3084 418 At
3118 379 3242 418 vero
3271 363 3587 421 Latinorum

341 447 584 500 πείθεινο
618 452 685 519 τῇ
735 451 793 504 δὲ
856 454 1100 506 Λατίνων
1154 455 1456 530 Ἐκκλησία
1510 460 1607 522 τὰς
1654 459 1911 521 τοιαύτας

341 538 576 607 ὑποψίας
616 541 736 594 οὐδὲ
771 547 1186 612 προσποιεῖσθαι
1243 548 1374 615 γοῦν
1431 549 1628 616 ἔξεστι.
1688 551 1912 621 Πρῶτον

343 629 444 697 μὲν
479 632 589 701 γὰρ
621 633 772 686 οὐδέν
804 638 919 689 ἐστι
954 639 1112 705 γένος
1141 639 1406 706 Λατίνων,
1439 641 1465 695 ὃ
1497 641 1570 712 μὴ
1605 643 1716 706 τοῖς
1740 641 1912 706 αὐτῆς

341 722 545 794 ὑπείκῃ
597 725 1012 796 προστάγμασιο
1050 731 1249 800 μᾶλλον
1281 733 1327 786 δ’
1365 733 1518 786 οὐδέν
1547 735 1716 799 ἐστιν,
1745 736 1773 789 ὃ
1811 740 1914 804 τῆς

339 814 474 882 πρὸς
508 817 711 887 ταύτην
740 820 922 884 αἰδοῦς
961 827 1318 894 παραχωρεῖν
1362 827 1428 880 ἂν
1472 828 1759 898 ἀνάσχοιτο
1805 831 1912 884 τῶν

342 907 648 973 πρωτείων.
707 910 862 964 Οὕτω
920 914 1125 983 πολλῆς
1176 919 1329 985 παρὰ
1377 919 1594 985 πάντων
1651 921 1914 976 ἀπολαύει

338 996 528 1062 τιμῆς,
573 999 665 1051 καὶ
711 1001 979 1057 τοσούτων
1025 1006 1242 1078 ἀπέχει.
1275 1009 1404 1078 περὶ
1446 1004 1522 1064 ὧν
1554 1010 1621 1064 ἂν
1673 1011 1915 1082 βούλοιτο

337 1089 585 1152 τάττειν,
645 1094 893 1149 ἔνστασίν
955 1117 1078 1153 τινα
1140 1102 1233 1154 καὶ
1303 1104 1636 1171 φιλονεικίαν
1696 1105 1916 1160 ὁθενοῦν

341 1180 707 1237 ὑποπτεύεινο
762 1187 891 1240 ἄνευ
930 1189 1039 1257 γὰρ
1088 1189 1185 1259 τῆς
1225 1193 1351 1263 περὶ
1397 1196 1496 1263 τὴν
1539 1197 1915 1266 πνευματικὴν

343 1273 512 1343 ἀρχὴν
567 1277 891 1346 ἀκριϐείας,
939 1282 1006 1336 δι’
1069 1282 1136 1351 ἢν
1175 1284 1252 1354 τῷ
1296 1287 1442 1354 ἠπίῳ
1494 1289 1589 1341 καὶ
1642 1289 1913 1357 θεραπευο

340 1364 476 1434 τικῷ
525 1367 586 1419 τὸ
649 1368 848 1438 στυφὺν
901 1375 1213 1442 κεράσασα,
1249 1377 1437 1431 οὐδένα
1475 1380 1584 1432 τῶν
1637 1381 1729 1434 ὑπ’
1774 1383 1912 1452 αὑτῇ

339 1459 690 1526 τεταγμένων
736 1461 799 1531 ἰᾷ
841 1465 984 1517 κατὰ
1043 1466 1153 1519 τῶν
1204 1469 1341 1539 αὐτῇ
1397 1470 1699 1525 δοκούντων
1748 1490 1916 1542 στρα-

334 1547 625 1614 τεύεσοαι,
684 1553 775 1604 καὶ
837 1555 1110 1623 πρόπετές
1165 1576 1216 1611 τι
1275 1563 1413 1615 κατὰ
1468 1563 1570 1633 τῆς
1625 1566 1916 1636 δεσποίνης

339 1639 433 1690 καὶ
461 1641 666 1709 μητρὸς
721 1644 1094 1714 ἐνθυμεῖσθαιο
1144 1651 1238 1704 καὶ
1291 1655 1511 1708 Λατῖνοι
1570 1657 1767 1721 πάντες
1821 1660 1914 1712 καὶ

336 1729 554 1795 ἑκόντες
613 1710 866 1802 μηδενὸς-
917 1738 1322 1805 ἀναγκάζοντος
1378 1745 1516 1814 πρὸς
1576 1747 1679 1816 τὴν
1947 1710 1989 1769 Β

337 1822 629 1877 εὐλάϐειαν
677 1825 990 1896 ὧρμηνται,
1053 1832 1216 1903 σοφία
1271 1839 1366 1887 καὶ
1422 1839 1687 1908 φρονήσει
1749 1841 1915 1894 πλέον

335 1914 446 1965 τῶν
476 1915 653 1969 ἄλλων
689 1922 1120 1988 κεκοσμημένοι,
1182 1926 1284 1978 κάν
1323 1929 1447 1990 ταῖς
1505 1931 1756 2000 συνεχέσι
1797 1934 1909 1986 τῶν

305 2002 677 2058 διδασκάλων
730 2007 1100 2081 δημηγορίαις
1135 2013 1336 2067 ὁπόσον
1392 2033 1446 2069 τι
1518 2019 1692 2091 ταύτῃ
1755 2023 1915 2086 σέϐας

337 2093 616 2160 ὀφείλεται
649 2098 1046 2169 διδασκόμενοι.
1090 2103 1256 2158 ’Ὥστε
1288 2110 1352 2179 τῇ
1397 2109 1534 2178 πρὸς
1577 2112 1748 2180 αὐτὴν
1778 2115 1920 2167 αἰδοῖ

340 2185 437 2238 καὶ
463 2189 529 2256 τῇ
562 2188 744 2242 πίστει
771 2192 943 2246 πολλὰ
973 2195 1067 2247 καὶ
1094 2198 1206 2258 τοῖς
1231 2198 1401 2267 αὑτῆς
1424 2201 1759 2270 προστάταις
1791 2221 1919 2272 συγ-

345 2279 732 2349 κεχωρήκασιν
755 2297 772 2313 θ
801 2282 838 2338 ἃ
869 2284 969 2351 τῆς
997 2286 1108 2339 τῶν
1141 2288 1454 2344 δεδωκότων
1493 2293 1915 2364 εὐγνωμοσύνης

342 2367 616 2435 ἀπόδειξις
648 2371 798 2438 ὄντα,
841 2378 954 2440 τοῖς
991 2379 1089 2433 οὑκ
1121 2379 1284 2433 είδόσι
1314 2383 1547 2452 χρῆσθαι
1573 2385 1753 2450 καλῶς
1777 2387 1918 2441 όνει-

344 2457 451 2510 δῶν
482 2461 625 2532 ἀρχὴ
677 2465 770 2517 καὶ
806 2469 1122 2523 σκανδάλων
1168 2471 1327 2526 εῖωθε
1377 2473 1646 2542 γίνεσθαι.
1706 2478 1920 2533 Οὐκοῦν

346 2552 444 2643 καλ.
491 2553 756 2624 νεώτερόν
809 2577 861 2612 τι
912 2562 1290 2635 νομοθετούσῃ
1325 2566 1492 2635 μηδὲν
1523 2569 1921 2643 πολυπραγμο-

348 2641 566 2733 νούντες
601 2646 800 2709 πάντες
830 2651 1178 2718 προσέξουσιο
1209 2658 1304 2710 καὶ
1336 2657 1435 2711 νῦν
1462 2663 1560 2731 οὐχ
1594 2657 1760 2733 ἦττον
1795 2641 1918 2719 ἔπι-

353 2727 610 2793 δείξονται
635 2737 732 2804 τὴν
758 2736 911 2802 αίδὼ,
957 2740 1045 2792 ὅτε
1080 2742 1173 2794 καὶ
1222 2727 1567 2815 πειθομένοις
1594 2727 1753 2819 εῖπερ
1788 2755 1921 2808 ποτε

353 2819 730 2892 λυσιτελήσειν
778 2827 1062 2895 ἡγοῦνται,
1099 2834 1192 2886 καὶ
1244 2835 1625 2903 ἀντιλέγοντες
1670 2841 1924 2912 δριμυτέ-

357 2928 456 2980 ρας
511 2915 621 2967 τῶν
680 2920 928 2989 συνήθων
971 2922 1166 2978 δώσειν
1227 2926 1483 2992 εὐθύνας.
1545 2933 1776 2987 Ἔπειτα
1829 2938 1926 2990 καὶ

2017 459 2273 512 Ecclesiae
2307 460 2646 525 suspiciones
2711 459 2976 528 ejusmodi
3035 473 3101 512 ne
3159 456 3417 511 simulare
3471 458 3588 525 qui-

2014 549 2133 602 dem
2163 550 2306 603 licet.
2331 549 2512 604 Primo
2529 550 2671 603 enim
2708 551 2910 602 nullum
2943 556 3026 604 est
3057 548 3369 602 Latinorum
3389 561 3586 618 genus,

2014 643 2156 712 quod
2186 643 2452 698 mandatis
2479 643 2598 710 ejus
2625 660 2728 696 non
2753 653 2939 712 pareat
2966 660 2980 707 ;
3011 643 3141 712 quin
3176 641 3357 712 potius
3374 642 3584 696 nullum

2017 745 2118 796 est.
2153 735 2294 803 quod
2327 749 2386 788 se
2412 735 2465 787 in
2507 749 2568 787 ea
2598 735 2824 788 colenda
2857 743 2913 788 et
2957 733 3295 789 observanda
3357 733 3594 801 patiatur

2017 825 2156 880 vinci
2189 826 2256 878 ab
2281 825 2404 879 aliis
2437 843 2448 878 :
2487 825 2624 880 adeo
2664 826 2864 881 multus
2927 826 3119 897 honor‘
3153 823 3203 878 ei
3234 822 3470 878 defertur
3522 824 3591 876 ab

2019 918 2292 978 omnibtts,
2329 925 2645 985 tantumque
2675 916 2828 970 abest
2859 927 2913 971 ut
2959 915 3160 970 incidat
3217 915 3293 969 illi
3327 914 3588 983 suspicio,

2017 1024 2082 1062 ne
2115 1024 2219 1076 qua
2253 1008 2354 1063 sibi
2392 1009 2660 1063 adversus
2706 1024 2766 1062 ea
2823 1024 2943 1076 qua:
2975 1008 3269 1076 przecipere
3335 1005 3588 1068 voluerit,

2018 1103 2375 1169 repugnantia
2443 1117 2536 1155 seu
2598 1101 2875 1156 contentio
2931 1101 3184 1154 alicunde
3252 1097 3588 1154 suboriatur.

2018 1193 2149 1246 Nam
2185 1203 2378 1262 praeter
2429 1193 2733 1247 absolutam
2789 1191 3050 1260 spiritalis
3109 1192 3314 1246 domini
3359 1201 3592 1260 potesta-

2018 1296 2148 1348 tem,
2212 1300 2302 1352 per
2356 1300 2520 1353 quam
2567 1283 2795 1351 benigna
2846 1283 3265 1337 mansuetudine
3327 1292 3592 1352 temperat

2018 1377 2385 1440 severitatem,
2409 1391 2507 1432 nec
2541 1376 2673 1430 sinit
2704 1387 2891 1430 contra
2921 1390 3016 1429 sua
3048 1375 3195 1446 jussa
3246 1375 3588 1430 subditorum

2019 1469 2251 1538 aliquem
2275 1483 2394 1522 sese
2416 1466 2693 1528 extollere,
2725 1475 2817 1520 aut
2850 1467 3100 1535 petulans
3134 1465 3415 1534 quidpiam
3457 1480 3590 1518 con-

2021 1568 2100 1614 tra
2161 1558 2436 1612 dominam
2489 1568 2543 1611 et
2590 1568 2814 1611 matrem
2864 1557 3102 1627 cogitare
3143 1554 3368 1609 :Latini
3425 1556 3588 1610 etiam

2022 1669 2212 1706 omnes
2235 1661 2430 1719 sponte
2460 1667 2556 1707 sua
2585 1663 2813 1720 cogente
2843 1651 3080 1712 nemine,
3122 1663 3223 1704 suo
3247 1648 3313 1702 ad
3342 1663 3463 1702 eam
3491 1647 3588 1701 ob-

2020 1743 2345 1796 servandam
2406 1736 2542 1795 nutu
2597 1740 2866 1803 feruntur,
2914 1740 3160 1795 doctrina
3212 1748 3268 1793 et
3306 1738 3588 1807 prudentia

2022 1834 2308 1903 plusquam
2355 1835 2444 1888 alii
2489 1841 2828 1903 praestantes,
2885 1842 2938 1886 et
2991 1831 3225 1886 assiduis
3279 1843 3588 1898 praeconum

2018 1925 2375 1980 coucionibus
2407 1925 2611 1990 edocti,
2646 1935 2851 1994 quanta
2885 1923 2957 1978 illi
2995 1923 3256 1978 debeatur
3287 1919 3589 1975 veneratio.

2020 2013 2206 2084 Itaque
2233 2016 2616 2077 reverentiam,
2648 2030 2752 2083 qua
2785 2015 2932 2070 illam
2959 2021 3386 2082 prosequuntur.
3414 2020 3467 2065 et
3491 2008 3595 2063 lide

2019 2105 2166 2160 ducti
2209 2104 2392 2159 multis
2421 2119 2637 2175 quoque
2663 2103 2824 2160 bonis
2855 2106 3126 2158 donarunt
3155 2101 3276 2170 ejus
3305 2101 3592 2172 praesules,

2019 2211 2138 2266 qua:
2174 2211 2298 2251 cum
2353 2197 2497 2266 piam
2533 2210 2745 2255 eorum.
2799 2195 2892 2266 qui
2932 2195 3020 2249 illa
3073 2194 3289 2258 dedere.
3353 2203 3591 2248 mentem

2020 2290 2319 2355 declarent,
2351 2304 2495 2358 saepe
2544 2288 2863 2358 probrorum
2897 2297 2951 2342 et
3007 2285 3388 2342 scandalorum
3441 2285 3594 2354 origo

2021 2381 2087 2436 iis
2120 2383 2275 2444 liunt,
2309 2381 2401 2451 qui
2438 2380 2577 2435 datis
2607 2380 2751 2434 bene
2784 2381 2861 2432 uti
2903 2378 3172 2433 nesciunt.
3206 2374 3441 2429 Proinde
3498 2391 3593 2428 no-

2019 2488 2146 2527 vum
2187 2473 2349 2528 etiam
2391 2473 2608 2542 aliquod
2631 2472 2824 2528 edente
2871 2471 3177 2530 decretum,
3211 2483 3402 2522 omnes
3460 2467 3591 2520 illud

2023 2564 2143 2619 sine
2169 2565 2275 2619 ulla
2309 2564 2629 2620 curiositate
2690 2563 2994 2634 recipient:
3047 2571 3102 2616 et
3136 2577 3281 2616 nunc
3319 2561 3459 2615 haud
3495 2560 3596 2615 mi-

2025 2673 2211 2712 norem
2244 2657 2578 2726 pra’stabunt
2603 2657 2980 2723 reverentiam,
3007 2672 3130 2712 cum
3156 2655 3284 2720 sibi,
3305 2655 3349 2710 si
3374 2653 3593 2726 quando

2024 2747 2184 2809 alias,
2225 2747 2586 2802 obedientiam
2628 2750 2945 2802 existimant
3003 2746 3368 2815 profuturam,
3434 2754 3486 2800 et
3542 2745 3589 2798 si

2026 2847 2352 2907 repugnent.
2418 2840 2725 2908 asperiores
2796 2837 3071 2891 solito'se
3114 2852 3302 2906 paenas
3349 2837 3595 2890 daturos.

2028 2929 2182 2995 Quod
2213 2929 2257 2984 si
2295 2928 2492 2984 vellent
2517 2928 2676 2983 etiam
2703 2928 3051 2990 contendere,
3089 2929 3234 2982 nulla
3294 2935 3437 2983 esset
3491 2926 3599 2981 illis
3634 2934 3638 2937 '

353 3003 707 3107 βουληθέντες
740 3013 1068 3078 φιλονεικεῖν
1096 3017 1357 3086 οὐδεμίαν
1386 3019 1572 3086 ῑξουσι
1611 3025 1882 3093 πρόφασιν
1907 3043 1918 3059 ·

2032 3020 2250 3076 occasio
2279 3035 2293 3074 :
2328 3035 2433 3074 non
2469 3019 2614 3074 enim
2648 3034 2786 3074 nova
2806 3018 2984 3089 aliqua
3010 3018 3362 3073 induceretur
3388 3018 3596 3087 opinio,

349 3093 553 3185 οὑγὰρ
583 3095 650 3149 ἄν
677 3101 919 3170 νεωτέρα
955 3120 1042 3166 τις
1088 3106 1366 3176 είσάγοιτο
1412 3111 1538 3176 δόξα
1560 3153 1575 3176 ,
1611 3115 1728 3167 ἀλλ’
1759 3117 1923 3185 ἀφαι-

357 3184 498 3276 ροῖτο
550 3190 1004 3263 προστεθειμένη’
1037 3195 1066 3248 ὃ
1121 3201 1322 3252 ταυτόν
1371 3203 1489 3254 ἐστι
1525 3205 1616 3257 καὶ
1651 3184 1923 3276 πρὸςτὴν

351 3274 588 3346 ἀρχαίαν
619 3281 907 3336 ἐπανιέναι
936 3286 1032 3338 καὶ
1080 3287 1266 3360 πάσης
1296 3291 1527 3362 ὑποψίας
1564 3274 1924 3366 ἀπηλλαγμέ-

350 3385 450 3438 νην
494 3370 809 3440 ὁμολογίαν.
839 3376 1076 3433 ’Δτοπον
1125 3376 1222 3435 οὖν
1270 3382 1338 3436 ἂν
1385 3387 1471 3456 εἴη
1523 3389 1924 3462 καινοτομούσῃ

355 3464 453 3530 μὲν
483 3470 750 3537 πρότερον
782 3471 1062 3526 πείθεσθαι
1083 3487 1107 3538 ,³
1133 3476 1402 3548 ἐχομένης
1433 3478 1490 3533 δὲ
1518 3480 1630 3534 τῶν
1672 3482 1922 3552 ἀρχαίων

351 3555 450 3606 καὶ
493 3558 664 3612 ταῦτα
706 3560 1028 3633 βεϐαιούσης
1063 3566 1422 3634 άφίστασθαι’
1466 3572 1568 3624 καὶ
1606 3572 1778 3642 μόνης
1819 3575 1918 3642 μὲν

347 3648 420 3700 τὰ
448 3649 673 3703 τοιαῦτα
720 3655 1061 3726 πραττούσης
1101 3659 1268 3728 μηδὲν
1299 3661 1664 3729 ὑποπτεύειν,
1701 3667 1836 3733 μετὰ
1866 3665 1922 3718 δὲ

345 3737 459 3790 τῶν
509 3741 754 3808 ἀδελφῶν
787 3745 1223 3816 άνευρισκούσης
1276 3751 1338 3804 τὸ
1395 3753 1536 3818 δέον,
1573 3755 1918 3829 ἀμφιγνοεῖνο

347 3830 445 3880 καὶ
477 3835 640 3902 τιμᾷν
671 3835 773 3902 μὲν
806 3837 1006 3901 αὐτοὺς
1040 3841 1144 3893 ὑπὸ
1191 3842 1300 3894 τῶν
1347 3844 1526 3898 ἄλλων
1574 3846 1922 3917 πολεμουμέ-

347 3938 472 3989 νην,
497 3925 610 3986 τοῖς
671 3924 726 3976 δὲ
782 3926 1046 3997 πρότερον
1093 3931 1384 4000 δυσμενέσι
1449 3935 1543 3986 νῦν
1605 3938 1921 4007 συμμάχοις

345 4016 640 4082 χρωμένην
666 4055 680 4077 ,
715 4022 1097 4086 καταφρονεῖν.
1150 4022 1213 4074 El
1255 4024 1366 4093 γὰρ
1403 4023 1626 4093 ἔμελλόν
1656 4042 1788 4078 ποτε
1821 4029 1920 4098 τὴν

346 4103 639 4157 εὐλάϐειαν
681 4108 1089 4178 ἀπορρίψαντες
1116 4153 1130 4176 ,
1168 4111 1398 4174 αὔθαδες
1433 4133 1484 4167 τι
1516 4121 1612 4168 καὶ
1647 4118 1920 4185 προπετὲς

347 4196 642 4264 ἐγχειρεῖν,
695 4200 761 4267 τῇ
807 4199 994 4252 πίστει
1029 4205 1421 4272 προστιθείσης
1460 4207 1587 4260 ἄνευ
1619 4207 1728 4258 τῶν
1762 4208 1918 4260 ἀδελ-

348 4288 469 4354 φῶν
493 4290 585 4340 καὶ
604 4290 858 4344 τοσοῦτόν
887 4308 939 4343 τι
968 4293 1298 4364 θαρῤούσης,
1324 4296 1546 4364 εΰλογον
1677 4299 1836 4351 Ἐπεὶ
1857 4299 1915 4352 δὲ

2033 3112 2127 3167 sed
2151 3111 2330 3168 addita
2363 3111 2662 3175 tolleretur,
2705 3111 2849 3180 quod
2880 3111 3020 3165 idem
3044 3121 3186 3165 esset
3218 3121 3379 3179 atque
3407 3109 3474 3164 ad
3504 3125 3599 3162 an-

2029 3203 2236 3271 tiquam
2271 3210 2324 3258 et
2390 3202 2538 3258 omni
2601 3203 2909 3270 suspicione
2953 3202 3176 3256 liberam
3234 3201 3413 3255 redire
3467 3215 3599 3256 con-

2028 3293 2339 3348 fessionem.
2397 3293 2791 3350 lnconveuiens
2877 3309 3006 3364 ergo
3047 3302 3216 3357 esset,
3303 3294 3597 3347 novitatem

2028 3387 2546 3455 quidcminvehcnti
2587 3388 2828 3451 obedire,
2858 3387 2926 3440 ab
2953 3403 3015 3441 ea
3067 3401 3196 3440 vero
3250 3387 3405 3441 ﬁdem
3463 3388 3601 3441 anti-

2025 3490 2189 3545 quam
2221 3476 2486 3531 retinente
2507 3486 2559 3530 et
2584 3477 2987 3546 comprobante
3035 3475 3323 3531 recedere:
3376 3485 3427 3530 et
3487 3477 3598 3531 sola

2026 3566 2244 3635 quidem
2279 3581 2341 3620 ea
2367 3583 2451 3621 res
2484 3567 2792 3636 hujusmodi
2829 3574 3025 3636 agente
3076 3567 3211 3620 nihil
3269 3567 3469 3622 habere
3505 3583 3600 3621 su-

2026 3668 2292 3729 spectum,
2325 3673 2448 3713 cum
2503 3659 2763 3713 fratribus
2817 3670 2998 3714 autem
3034 3659 3406 3728 compcricntc
3457 3659 3600 3725 quod

2026 3751 2319 3804 tenendum
2348 3761 2453 3813 est,
2484 3752 2667 3804 animo
2695 3749 2975 3811 ﬂuctuare,
3009 3761 3061 3803 et
3083 3765 3203 3803 eam
3241 3748 3459 3818 quidem
3507 3763 3600 3816 op—

2025 3840 2420 3911 pugnatamab
2479 3839 2601 3892 aliis
2652 3839 2851 3901 colere,
2912 3851 3059 3892 nunc
3110 3852 3258 3901 vero,
3308 3837 3399 3906 qui
3452 3837 3601 3905 prius

2025 3930 2208 3984 hostes
2230 3938 2404 3992 erant,
2452 3931 2632 3984 socios
2671 3929 2956 3982 habentem
3017 3927 3321 3996 aspernari.
3373 3927 3504 3979 Nam
3550 3927 3597 3980 si

2023 4022 2239 4091 quando
2267 4020 2474 4086 abjecta
2519 4019 2817 4074 reverentia
2840 4019 3150 4073 audendum
3183 4019 3310 4084 quid
3335 4027 3454 4071 erat
3491 4018 3602 4070 illis

2026 4113 2387 4182 petulantius,
2426 4121 2853 4166 consentaneum
2881 4120 2997 4164 erat
3024 4109 3074 4162 id
3109 4110 3444 4177 contingere,
3475 4124 3598 4161 cum

2023 4205 2141 4257 sine
2181 4202 2440 4256 fratribus
2500 4201 2674 4270 posuit
2737 4200 3186 4265 additamentum,
3251 4209 3399 4253 tanta
3433 4199 3484 4252 in
3546 4215 3602 4250 ro

2028 4295 2133 4350 sibi
2159 4293 2485 4349 conlidens:
2522 4302 2577 4347 at
2603 4309 2725 4347 cum
2774 4307 2962 4346 omnes
3028 4304 3154 4347 tunc
3191 4292 3602 4360 obtemperave-

343 4381 468 4432 τότε
496 4381 694 4444 πάντες
727 4383 972 4447 ὑπεῖξαν,
1005 4387 1203 4450 παντὸς
1229 4388 1491 4458 λογισμοῦ
1525 4392 1622 4460 τὴν
1657 4394 1735 4452 είς
1761 4392 1918 4443 αὑτὸν

2031 4387 2140 4440 rint
2163 4386 2356 4454 quavis
2385 4385 2714 4453 cogitatione
2739 4384 3032 4454 postposita
3073 4383 3414 4448 reverentiae,
3437 4397 3600 4449 quam

343 4473 673 4538 προσθέντες
701 4475 1006 4540 εὐλάϐειαν,
1057 4477 1175 4530 οὐδὲ
1228 4479 1322 4532 νῦν
1353 4482 1498 4544 είκός
1545 4484 1690 4535 ἐστιν
1723 4485 1924 4546 αὐτοὺς

344 4566 667 4633 ἀντιλέγειν.
692 4568 752 4620 Εί
777 4569 834 4622 δὲ
865 4571 957 4622 καί
981 4587 1124 4633 τινες
1146 4573 1344 4635 παντὸς
1376 4574 1584 4628 δικαίου
1614 4578 1708 4628 καὶ
1739 4577 1921 4641 λόγου,

347 4657 483 4722 πρὸς
522 4657 698 4709 δὲκαὶ
745 4660 843 4728 τῆς
897 4660 1169 4730 ὑμετέρας
1203 4663 1548 4732 ὑπεριδόντες
1577 4667 1767 4734 ὀργῆς,
1810 4671 1922 4731 τοῖς

345 4745 442 4812 ὑφ’
461 4747 614 4816 ἡμῶν
635 4750 1076 4820 όρισθησομένοις
1105 4752 1179 4821 μὴ
1202 4755 1492 4824 προσέχειν
1508 4756 1598 4808 τὸν
1622 4756 1765 4818 νοῦν,
1789 4759 1924 4812 ἀλλὰ

346 4842 461 4902 τοῖς
500 4841 746 4911 ὲξάρχῆς
777 4844 1032 4912 ἐμμένειν
1062 4846 1434 4915 βουλήσονται,
1465 4845 1500 4900 ἃ
1524 4851 1633 4909 τοῖς
1666 4850 1922 4920 Γραικοῖς

351 4934 480 5002 περὶ
516 4935 622 4987 τῶν
650 4934 1016 5003 ἁντερούντων
1057 4939 1239 5000 αὐτοῖς
1289 4939 1460 5008 ἔφθην
1508 4940 1700 5003 εἰπὼν,
1749 4945 1920 4997 ταῦτα

349 5028 446 5079 καὶ
475 5026 602 5096 ὑμῖν
633 5027 768 5094 πρὸς
797 5029 917 5090 τοὺς
940 5029 1212 5091 τοιούτους
1233 5030 1488 5100 ἀρκέσειν
1523 5033 1780 5101 ἡγοῦμαι.
1815 5036 1924 5088 Καὶ

353 5116 603 5187 καθάπερ
628 5117 726 5188 τὴν
747 5118 853 5170 τῶν
880 5119 1128 5188 Γραικῶν
1170 5121 1518 5190 Ἐκκλησίαν,
1547 5123 1690 5176 οὕτω
1717 5125 1798 5177 δεῖ
1829 5127 1922 5178 καλ.

352 5207 454 5276 τὴν
485 5208 758 5277 ὑμετέραν
789 5209 866 5280 μὴ
896 5210 1212 5264 παύσασθαι
1247 5214 1360 5276 τοῖς
1389 5215 1730 5283 σωφρονοῦσι
1768 5233 1916 5268 κτωο

355 5297 522 5365 μένην
552 5297 787 5365 τάγαθὰ,
831 5298 979 5368 φόϐῳ
1035 5301 1132 5370 τῆς
1163 5301 1274 5354 τῶν
1309 5302 1553 5373 ἀνοήτων
1592 5304 1918 5368 ἐνστάσεωςο

355 5391 422 5461 ῆν
451 5391 604 5451 ἐλπὶς
643 5391 740 5459 μὲν
776 5390 947 5461 δήπου
989 5393 1081 5444 καὶ
1118 5394 1194 5463 μὴ
1228 5394 1610 5463 συμϐήσεσθαι
1641 5411 1654 5425 ·
1689 5397 1922 5464 γενομέ-

356 5499 455 5550 νην
497 5479 552 5535 δὲ
581 5522 596 5548 ,
635 5482 668 5552 ἢ
710 5483 935 5552 λυθῆναι
969 5485 1149 5548 καλῶς
1178 5525 1192 5550 ,
1234 5487 1267 5556 ἢ
1310 5487 1644 5558 κολασθῆναι
1698 5489 1922 5553 δικαίως

354 5572 586 5643 ἀνάγκη.
645 5574 895 5645 Ιιαρίημι
950 5576 996 5629 δ’
1044 5578 1125 5630 ὅτι
1176 5578 1270 5631 καὶ
1318 5579 1450 5649 ῥᾷον
1499 5580 1657 5648 ὑμεῖς
1707 5581 1834 5642 τοὺς
1863 5583 1921 5635 ὲν

357 5667 486 5736 ὑμῖν
524 5666 1006 5737 φιλονεικήσοντας
1068 5670 1303 5739 πείσετε,
1361 5671 1557 5740 σοφοὺς
1617 5671 1776 5735 ὄντας
1824 5677 1919 5728 καὶ

2033 4481 2298 4534 adversus
2325 4479 2468 4531 illam
2507 4478 2863 4542 adhibebant,
2901 4492 2998 4547 par
3027 4486 3109 4531 est
3145 4491 3238 4530 cos
3272 4489 3416 4529 nunc
3438 4474 3598 4528 etiam

2033 4572 2177 4624 nolle
2212 4570 2608 4624 contradicere.
2637 4568 2789 4635 Quod
2823 4571 2868 4621 si
2921 4569 3012 4636 qui
3050 4567 3196 4620 omni
3231 4567 3484 4634 :equitate
3549 4573 3603 4617 et

2031 4664 2260 4725 ratione,
2291 4676 2389 4715 nec
2423 4676 2528 4716 non
2596 4661 2878 4715 iracundia
2915 4671 3094 4713 vestra
3150 4667 3455 4724 contempta
3512 4670 3602 4708 ve-

2028 4758 2156 4810 stris
2179 4757 2465 4810 sententiis
2517 4757 2794 4810 nolueriut
2859 4752 3230 4821 acquiescere,
3284 4748 3378 4801 sed
3429 4747 3604 4815 persi-

2028 4857 2170 4901 stere
2199 4848 2253 4900 in
2290 4847 2566 4916 prioribus
2596 4844 2914 4905 maluerint,
2942 4858 3060 4910 qua:
3093 4841 3156 4893 de
3179 4839 3600 4892 contradicturis

2021 4939 2133 5008 jam
2169 4938 2280 4991 dixi
2308 4940 2372 4989 ad
2403 4938 2640 4996 Graecos,
2672 4933 2862 4987 eadem
2894 4942 2946 4986 et
2979 4930 3132 4984 vobis
3168 4929 3282 4983 fore
3309 4929 3442 4982 satis
3470 4938 3600 4996 puto

2027 5031 2091 5083 ad
2147 5029 2458 5100 huiusmodi
2498 5027 2780 5082 homines:
2846 5033 2900 5079 et
2955 5023 3411 5094 quemadmodum
3448 5020 3600 5076 Grae-

2025 5137 2212 5174 corum
2243 5119 2558 5182 Ecclesiam,
2589 5119 2659 5171 ita
2682 5118 2836 5171 decet
2859 5126 2914 5170 et
2939 5123 3176 5170 vestram
3209 5127 3314 5167 non
3339 5111 3603 5167 desistere

2027 5216 2164 5266 bona
2188 5227 2511 5279 comparare
2537 5211 2873 5278 sapientibus
2905 5219 3050 5262 mettt
3104 5204 3469 5260 contentionis
3512 5200 3599 5254 in-

2025 5305 2367 5375 sipicntium,
2390 5319 2554 5373 quam
2597 5312 2744 5358 certe
2772 5317 2895 5372 spes
2928 5309 3012 5356 est
3043 5315 3151 5354 non
3178 5292 3606 5363 luturam,quod

2025 5396 2070 5452 si
2095 5395 2279 5462 fuerit,
2307 5407 2400 5449 aut
2448 5398 2547 5451 rite
2580 5396 2818 5457 tollatur,
2862 5403 2956 5446 aut
3010 5392 3157 5458 juste
3194 5387 3450 5457 puniatur
3508 5397 3602 5436 ne-

2026 5504 2180 5544 cesse
2214 5487 2618 5544 est.Praetereo
2645 5487 2790 5556 quod
2833 5499 2928 5539 vos
2975 5481 3170 5536 vestris
3213 5478 3427 5533 l'acilius
3475 5490 3597 5542 prr—

2026 5581 2354 5640 suadebitis.
2401 5581 2447 5633 si
2479 5578 2880 5639 contradicant,
2935 5588 3058 5626 cum
3119 5580 3173 5625 et
3226 5583 3337 5624 non
3397 5564 3600 5619 indocti

2023 5672 2152 5737 sint,
2187 5680 2240 5727 ct
2271 5671 2461 5727 cadent
2495 5671 2674 5741 lingua
2713 5677 2954 5732 utantur,
2986 5673 3036 5719 ct
3070 5663 3280 5734 possint
3333 5656 3603 5714 ellicacis—
