3976 6452
258 392 352 459 481

1403 372 1682 439 ORATIO
1706 374 1800 437 IlI
1839 374 1937 437 AD
1976 374 2352 437 SYNODUM.

3404 362 3513 425 £82

262 512 389 581 περὶ
412 506 634 577 γὰρτάς
662 504 761 573 τῆς
786 503 1023 561 πίστεως
1048 497 1227 569 ἀρχὰς
1256 494 1404 585 είκδς
1430 493 1570 551 εῖναι
1607 495 1829 555 πλείους

1940 493 2324 549 [ίίίιῖευίιιιιθιη.
2383 492 2519 548 Nam
2566 497 2584 517 ⁸
2624 494 2774 550 circa
2815 493 3084 565 principia
3130 495 3250 550 ﬁdei
3293 493 3369 563 (ι)
3413 508 3511 561 par

260 599 545 671 διαφορὰς,
605 596 665 660 ἐξ
698 590 774 649 ὦν
835 592 945 646 τῶν
980 584 1466 659 συμπερασμάτων
1513 586 1829 654 ἐναντιότης

261 694 553 760 συνάγεται
573 703 589 719 ⁸
620 686 684 749 ἀς
713 684 826 739 αὕτ’
857 683 1106 752 ἀναιρεῖν
1128 678 1426 748 εὐπρεπὲς,
1458 676 1701 747 λήσομεν
1720 675 1831 744 γὰρ

261 779 847 842 πολλαπλασιάσαντες
873 775 934 828 τὸ
977 771 1153 828 δτινδν
1190 772 1288 826 καὶ
1318 768 1537 832 πολλοῖς
1577 782 1721 822 τισιν
1744 768 1833 821 al-

259 875 392 935 τίσις
420 868 829 942 ἀπορραγέντες
854 865 1126 935 ἀλλήλων,
1177 862 1237 915 έν
1284 854 1369 923 οἷς
1426 858 1578 919 έσται
1607 875 1691 920 τις
1737 858 1833 910 καὶ

259 962 614 1037 χαλεπωτέρι
646 959 744 1029 τῆς
768 955 1046 1026 παρούσης
1076 954 1367 1022 διαφορᾶς,
1402 948 1517 1003 οὔτ’
1542 949 1831 1011 είκόςιστι

262 1057 562 1126 συγχωρεῖν
613 1050 740 1105 οὔτε
799 1049 925 1110 τοὺς
972 1048 1193 1115 ἑτέρους
1241 1044 1353 1104 τοῖς
1406 1040 1609 1104 ἀλλοις,
1669 1038 1831 1093 τοῦτο

260 1152 363 1217 γὰρ
403 1145 600 1200 ταυτὸν
634 1144 790 1197 ἔσται
852 1142 946 1193 καὶ
1006 1138 1105 1206 τὴν
1160 1131 1335 1209 ἧτταν
1378 1131 1683 1202 ὁμολογεῖν,
1716 1127 1831 1183 οὔτ’

264 1239 511 1309 ἀλλήλοις
533 1251 546 1266 ο
583 1236 681 1290 καὶ
712 1232 887 1303 ταύτῃ
918 1230 1029 1299 γὰρ
1056 1227 1371 1298 ἀσύμόατοι
1430 1226 1592 1295 μέχρι
1629 1222 1830 1285 παντὸς

264 1330 515 1400 ἐσόμεθα,
551 1326 621 1380 τά
655 1324 997 1380 ἀντικεῖσθαι
1045 1319 1308 1375 δοκοῦντα
1362 1315 1832 1387 συμπεραίνοντες

264 1423 318 1487 ἑξ
348 1416 746 1487 ἀντικειμένων
782 1415 991 1485 ἀρχῶν,
1027 1414 1127 1471 καὶ
1154 1410 1292 1481 πρὸς
1325 1408 1554 1470 ἑαυτοὺς
1590 1408 1689 1477 τὴν
1719 1408 1831 1461 τῶν

263 1512 467 1582 ἑτέρων
515 1508 673 1574 δόξαν
708 1504 1194 1575 ἀντιμεθιστάντες
1234 1502 1510 1571 έκάτεροι.
1551 1500 1831 1570 Συμφέρει

260 1604 321 1673 δὴ
346 1602 452 1663 τὰς
477 1600 715 1670 μάλιστα
748 1596 1091 1667 ἀρεσκούσας
1135 1594 1390 1663 ἀλλήλοις
1428 1589 1832 1661 ἐκλεξαμένους

257 1696 453 1764 ἀρχὰς,
485 1694 549 1745 lx
576 1689 784 1744 τούτων
819 1688 1118 1757 ἐπιχειρεῖν
1138 1703 1152 1718 ο
1182 1687 1232 1739 εί
1265 1684 1312 1738 δ’
1338 1681 1451 1738 οἷόν
1482 1700 1543 1737 τε
1581 1684 1677 1736 καὶ
1699 1680 1845 1752 περὶ

256 1787 436 1847 πάσας
465 1785 564 1847 τὰς
597 1783 763 1845 ἄλλας
794 1779 1108 1835 δείκνυσθαι
1155 1777 1601 1848 συμφωνοῦντας,
1628 1775 1831 1844 σκέψα-

255 1974 373 2033 τοῖς
407 1968 538 2039 περὶ
574 1967 635 2020 τὸ
668 1964 1046 2035 συμπέρασμα
1072 1961 1388 2031 συμφωνεῖν
1423 1959 1703 2029 δυνηθεῖσι
1726 1961 1828 2021 τὰς

255 2059 433 2130 ἀρχὰς
460 2057 760 2122 ἐξετάζειν,
787 2056 844 2121 ἐξ
871 2048 944 2108 ὧν
969 2054 1003 2123 ἡ
1038 2054 1280 2122 προτέρα
1306 2050 1461 2123 μάχη
1494 2052 1630 2122 συνή
1644 2068 1827 2106 πτετο.

256 2152 399 2221 Περὶ
431 2150 489 2204 δὲ
541 2148 609 2203 τά
651 2147 816 2201 λοιπὰ
845 2146 939 2200 δύο
1001 2144 1283 2215 μηδεμίαν
1318 2142 1528 2210 εῖποιμ*
1578 2143 1644 2197 ἂν
1689 2137 1832 2196 εἶναι

254 2243 614 2313 δυσχέρειαν*
654 2243 754 2305 τάς
794 2255 854 2293 τε
884 2238 992 2310 γὰρ
1018 2237 1309 2308 ἐξηγήσεις
1352 2235 1461 2289 τῶν
1490 2235 1832 2290 διδασκάλων

258 2311 444 2407 ῥᾴδιον
494 2329 648 2402 οἶμαι
697 2334 893 2402 χρῆμα
928 2334 1039 2393 τοῖς
1069 2346 1134 2398 γε
1198 2329 1267 2382 τὰ
1313 2328 1543 2383 τοιαῦτα
1593 2327 1833 2398 μάλιστα,

257 2427 585 2498 δεινοτέροις
612 2424 862 2495 ἀκριϐῶς
899 2422 1161 2487 συνιδεῖν,
1193 2422 1400 2485 ὁπόσας
1427 2423 1541 2484 τοῖς
1571 2421 1671 2491 τῆς
1691 2421 1833 2491 Γρα-

260 2518 375 2589 φῆς
405 2521 627 2587 χωρίοις
649 2515 940 2571 ἀπέδωκαν
964 2531 980 2547 ο
1020 2516 1070 2568 εί
1103 2514 1160 2568 δέ
1191 2531 1336 2579 τινες
1369 2516 1429 2568 ὲν
1471 2515 1600 2585 ὑμῖν
1646 2514 1834 2584 διαφό‹

261 2628 376 2683 ρως
410 2612 505 2665 καὶ⁸
532 2610 737 2668 ταύτας
763 2613 959 2675 νοοῖεν,
991 2612 1105 2673 τοῖς
1144 2607 1473 2678 σοφωτέροις
1504 2610 1597 2661 καὶ
1625 2608 1833 2661 πλείοσι

258 2704 369 2769 την
408 2702 563 2771 νίκην
593 2701 951 2772 ἀφορίζεσθαι
980 2701 1101 2754 δεῖ·
1141 2699 1301 2756 τοῦτο
1333 2701 1443 2769 γὰρ
1482 2700 1580 2754 καὶ
1624 2700 1836 2754 δίκαιον
1866 2694 1871 2701 ’

258 2794 365 2848 καὶ
394 2792 678 2863 προσῆκον
710 2793 777 2846 ἂν
809 2792 931 2861 εἴη’
957 2791 1057 2855 τάς
1088 2808 1146 2845 τε
1191 2791 1301 2845 τῶν
1342 2792 1516 2865 ἀγίων
1569 2792 1700 2863 περὶ
1727 2793 1837 2848 τῶν

258 2886 649 2957 προκειμένων
681 2884 838 2951 δόξας
870 2884 1236 2953 ἐφαρμόττειν
1260 2883 1545 2955 ἀλλήλαις,
1582 2884 1676 2938 καὶ
1700 2883 1839 2955 πρὸς

262 2977 402 3049 μίαν
433 2976 659 3039 ἁπάσας
680 2976 909 3046 γνώμην
934 2975 1214 3043 συνάγειν,
1245 2976 1348 3032 κάν
1371 2977 1523 3029 ἐστιν
1548 2974 1608 3029 οὗ
1638 2974 1838 3031 δοκῶσι

256 3067 631 3139 διενηνέχθαι,
666 3069 766 3121 καὶ
790 3067 1069 3139 προσῆκον
1095 3064 1252 3138 οἶμαι
1280 3071 1377 3124 καὶ
1409 3070 1615 3142 ῥᾴδιον.
1638 3072 1713 3126 Οὐ
1730 3076 1837 3142 γάρ

1933 601 2056 641 esse
2101 588 2302 641 multas
2359 586 2781 653 discrepantias.
2843 602 2914 641 ex
2973 588 3176 658 quibus
3224 589 3514 642 contrariae

1933 678 2313 733 conclusiones
2361 677 2693 735 inferuntur.
2755 679 2828 734 Ea
2885 695 3049 750 porro
3092 696 3195 735 nec
3227 679 3512 735 destruere

1934 767 2114 834 der-et,
2142 770 2217 824 ita
2245 769 2390 824 enim
2423 769 2535 834 lict,
2561 780 2623 825 ut
2648 772 2797 826 aliud
2847 774 3056 841 agendo
3086 772 3513 841 multiplicemus

1936 860 2183 924 malum,
2248 861 2535 930 simusque
2616 862 2804 919 multis
2884 864 2951 918 de
2973 865 3156 919 causis
3209 863 3510 933 disjunrti,

1933 950 2001 1006 de
2038 951 2237 1020 quibus
2262 950 2443 1021 aliqua
2482 950 2591 1007 erit
2624 952 2843 1020 gravior
2877 970 3036 1024 quam
3080 968 3321 1024 praesens
3355 954 3515 1009 diﬂ‘e-

1937 1040 2132 1105 rentia,
2168 1055 2342 1110 neque
2394 1056 2493 1112 par
2537 1051 2623 1097 est
2673 1052 2768 1097 ant
2816 1042 3042 1096 alteram
3098 1054 3305 1113 partem
3355 1044 3513 1099 alteri

1935 1131 2257 1194 concedere,
2324 1132 2427 1186 hoc
2472 1133 2619 1187 enim
2663 1134 2803 1188 idem
2852 1143 2999 1187 esset
3047 1148 3209 1202 atque
3244 1150 3302 1189 se
3339 1136 3513 1190 vit-tos

1935 1221 2093 1277 fateri
2150 1233 2245 1279 aut
2296 1235 2587 1294 utramque
2644 1225 2802 1281 alteri
2858 1243 2874 1280 :
2931 1225 3037 1282 bac
3090 1228 3236 1281 enim
3298 1230 3510 1281 ratione
3578 1254 3581 1255 ν

1936 1326 2217 1379 nunquam
2258 1315 2665 1379 conveniemus,
2719 1314 3053 1370 deducentes
3106 1332 3227 1385 quae
3261 1318 3513 1371 videntur

1936 1405 2187 1474 opposita
2219 1420 2289 1459 ex
2317 1406 2588 1474 oppositis
2615 1407 2922 1478 principiis,
2978 1420 3033 1463 et
3066 1410 3290 1464 alterius
3341 1411 3511 1479 partis

1935 1496 2263 1551 sententiam
2287 1496 2503 1566 utrique
2525 1497 2577 1553 in
2611 1513 2711 1554 nos
2739 1499 2889 1568 ipsos
2912 1499 3512 1569 transferentesOperae

1933 1588 2164 1656 pretium
2182 1602 2314 1658 ergo
2334 1598 2416 1644 est
2436 1589 2663 1658 seligere
2686 1591 2947 1661 principia
2969 1593 3205 1647 maxime
3263 1595 3511 1663 utrisque

1933 1683 2182 1747 probata,
2236 1690 2290 1735 et
2321 1681 2446 1736 inde
2478 1694 2797 1751 argumenta
2828 1684 3029 1740 ducere
3061 1701 3075 1737 :
3110 1687 3251 1754 quod
3298 1689 3341 1743 si
3396 1689 3511 1742 tieri

1933 1774 2134 1841 poterit
2166 1778 2229 1828 de
2249 1775 2371 1830 aliis
2399 1775 2563 1829 etiam
2601 1777 2858 1831 omnibus
2884 1784 3219 1845 consentire,
3248 1781 3296 1835 id
3324 1792 3512 1850 postea

162 1860 169 1865 ’
256 1877 386 1931 σθαι
421 1875 560 1947 μετά
589 1874 797 1929 ταῦτα’
828 1874 877 1925 εί
912 1871 985 1942 μή
1013 1886 1101 1934 τις
1147 1869 1316 1923 οῖοιτο
1375 1865 1634 1937 περιττὸν
1684 1860 1827 1919 εῖναι

1940 1866 2393 1923 considerandum
2450 1868 2784 1937 relinquere,
2835 1871 2937 1926 nisi
3000 1876 3123 1941 quis
3174 1875 3510 1943 superﬂuum

1934 1966 2103 2025 putet,
2133 1959 2205 2012 ab
2228 1959 2333 2013 illis
2362 1960 2453 2028 qui
2487 1973 2711 2029 potuere
2743 1962 2795 2014 in
2832 1978 2995 2017 uuam
3048 1965 3115 2017 de
3155 1967 3513 2021 conclusoue

1932 2051 2225 2107 convenire
2284 2052 2655 2116 sententiam,
2716 2054 3020 2108 exaniiuari
3077 2056 3387 2123 principia,
3442 2072 3511 2111 ex

1932 2142 2132 2212 quibus
2161 2144 2312 2213 prior
2341 2159 2520 2215 pugna
2548 2145 2966 2200 conserebatur.
2995 2144 3219 2215 Reliqua
3249 2162 3377 2200 vero
3403 2148 3514 2199 duo

1933 2235 2136 2289 nullam
2195 2236 2318 2290 dico
2366 2237 2567 2290 habere
2614 2235 2986 2301 dﬂicultatent,
3055 2254 3180 2293 nam
3226 2226 3287 2294 et
3324 2240 3515 2295 doctu-

1937 2341 2057 2380 rum
2090 2326 2460 2397 expositiones
2488 2327 2645 2383 facile
2677 2344 2836 2399 posse
2891 2332 3122 2401 perspici
3148 2334 3342 2402 Opinor
3365 2349 3395 2387 a
3426 2350 3515 2387 ri-

1934 2434 2056 2473 rum
2131 2418 2445 2488 liujusmodi
2514 2421 2745 2489 peritis,
2817 2437 3162 2493 quacunque
3215 2424 3517 2494 Scriptura:

1936 2507 2070 2563 locis
2103 2509 2320 2565 tributae
2356 2509 2426 2565 ab
2466 2511 2574 2566 illis
2603 2522 2730 2567 sunt
2760 2529 2776 2566 :
2802 2514 2850 2568 si
2889 2515 2985 2584 qui
3034 2530 3163 2570 vero
3218 2528 3347 2570 sunt
3379 2518 3520 2572 inter

1934 2615 2052 2663 vos,
2091 2601 2184 2671 qui
2219 2612 2276 2657 et
2327 2603 2429 2658 bos
2491 2605 2648 2661 aliter
2696 2607 3025 2677 intelligant,
3082 2610 3516 2680 sapientioribus

1935 2704 1987 2748 et
2014 2694 2263 2763 pluribus
2298 2696 2522 2751 victoria
2551 2698 2731 2752 danda
2766 2708 2869 2765 est,
2912 2700 3015 2756 hoc
3044 2705 3191 2756 enim
3222 2718 3439 2773 aequum
3464 2710 3519 2757 ιιι

1939 2796 2365 2842 consentaneum
2422 2797 2507 2843 est
2535 2806 2550 2843 :
2580 2800 2635 2844 ct
2686 2801 2998 2845 sanctorum
3050 2794 3118 2847 de
3148 2807 3207 2847 re
3241 2798 3516 2863 proposita

1938 2878 2240 2933 sententias
2273 2878 2574 2935 conciliare
2612 2891 2666 2936 et
2694 2883 2759 2937 ad
2803 2899 2965 2937 unam
3013 2898 3202 2939 omnes
3251 2889 3516 2957 redigere,

1940 2968 2071 3024 licet
2128 2971 2183 3025 in
2243 2971 2428 3042 aliquo
2466 2972 2760 3030 dissentire
2820 2976 3128 3042 videantur,
3186 2982 3519 3034 conveniens

1943 3060 2187 3115 arbitror
2214 3070 2268 3116 et
2302 3060 2461 3117 facile
2488 3079 2631 3121 esse.
2689 3064 2875 3134 Neque
2908 3066 3051 3120 enim
3082 3068 3386 3124 audiendus
3415 3069 3520 3124 erit

259 3160 347 3215 δεῖ
383 3176 449 3228 γε
478 3158 794 3229 προσέχειν,
828 3158 883 3212 εί
905 3176 990 3222 τις
1022 3160 1507 3231 καταψηφίζεσθαί
1536 3179 1684 3227 τινος
1709 3162 1836 3232 βού-

1944 3154 1990 3208 si
2032 3153 2156 3224 quis
2183 3154 2314 3209 velit
2352 3155 2646 3226 reprobare
2677 3157 2984 3227 quempiam
3008 3174 3074 3215 ex
3110 3159 3199 3226 iis,
3233 3176 3369 3229 quos
3399 3161 3519 3215 uui-

259 3253 411 3307 λοιτο
435 3252 541 3307 τῶν
566 3252 672 3307 ὑπὸ
713 3249 808 3305 τοῦ
860 3250 1044 3306 κοινοῦ
1085 3252 1187 3322 τῆς
1237 3252 1564 3324 Ἑκκλησίας
1611 3271 1837 3326 τετιμη-

264 3346 472 3415 μένων.
494 3342 529 3414 ἢ
578 3342 901 3414 διεφθάρθαι
921 3345 1021 3414 τὴν
1045 3345 1257 3399 ἐκείνου
1288 3344 1569 3415 θεολογίαν
1592 3346 1700 3400 ὑπὸ
1726 3349 1837 3402 τῶν

262 3436 486 3490 οίκείων
515 3434 710 3497 τιθεὶς,
747 3436 847 3499 τὰς
873 3434 1004 3505 παρ’
1029 3436 1194 3489 αὐτοῦ
1246 3435 1324 3507 μὴ
1379 3436 1659 3505 προσίοιτο
1694 3454 1838 3509 μαρ·

212 3557 217 3562 -
263 3524 461 3595 τυρίας
482 3539 497 3554 ·
529 3523 675 3590 πλὴν
701 3524 769 3578 ἂν
804 3524 881 3595 μή
924 3525 979 3577 τί
1012 3541 1115 3578 που
1172 3525 1424 3596 φανερῶς
1448 3524 1730 3598 διεφθορὸς
1775 3523 1832 3602 ᾖ,

264 3616 363 3669 καὶ
393 3618 715 3686 συγχωρῆτε
745 3615 846 3685 μὲν
868 3614 1143 3685 ἑκάτεροι.
1203 3619 1458 3687 μαρτυρῇ
1509 3617 1567 3672 δὲ
1621 3619 1719 3675 καὶ
1769 3622 1838 3674 τά

263 3707 401 3777 παρ’
435 3707 721 3778 ἑκατέροις
752 3706 934 3774 sima
964 3707 1066 3777 τῆς
1117 3706 1295 3777 λύμης
1323 3707 1525 3779 ταύτης
1554 3708 1839 3778 ἀπηλλαγσ-

266 3802 434 3871 μένα,
456 3799 640 3853 καὶτὸ
667 3800 897 3872 γνήσιον
942 3800 1158 3862 ἑαυτοῖς
1207 3800 1608 3871 περισώζοντα.
1655 3801 1836 3856 Καθόο

263 3892 360 3945 λου
398 3892 497 3961 μὲν
523 3887 617 3946 οὖν
678 3892 772 3945 ἀπὶ
826 3892 924 3961 τὴν
981 3890 1181 3959 γνῶσιν
1228 3891 1328 3960 τῆς
1378 3891 1837 3963 ἀληθείαςτρισὶ

261 3987 477 4049 τούτοις
506 3985 909 4057 όδηγηθήσεσθε
934 4000 952 4017 ο
979 3985 1094 4047 τοῖς
1140 3983 1242 4055 τῆς
1274 3984 1501 4056 Γραφῆς
1533 3984 1836 4055 ἀξιώμασι,
1870 4026 1877 4031 .

260 4081 516 4154 δηλονότι
537 4083 659 4143 ταῖς
681 4077 863 4132 αὐτῶν
888 4076 1246 4142 ἀναπτύξεσι.
1287 4079 1381 4131 καὶ
1398 4082 1517 4142 ταῖς
1553 4078 1710 4138 ἰδίαις
1727 4076 1838 4131 τῶν

258 4171 602 4227 δδασκάλων
654 4167 901 4239 γνώμαις
948 4167 1018 4230 ἃς
1088 4167 1428 4237 ὁπουδήποτε
1464 4166 1574 4221 τῶν
1618 4167 1837 4245 οἰκείων

259 4265 445 4333 λόγων
482 4265 595 4326 τοῖς
642 4262 823 4324 ἄλλοις
870 4260 1197 4331 κατέμιξαν,
1258 4258 1567 4329 μνησθῆναι
1609 4257 1710 4329 τῆς
1743 4257 1836 4311 τοῦ

261 4353 587 4425 Πνεύματος
624 4353 857 4423 προόδου
908 4350 1135 4420 δεῆσαν.
1191 4351 1278 4415 Ὠς
1315 4350 1373 4403 δὲ
1433 4351 1606 4405 ταῦτα
1657 4351 1839 4406 πάντα

260 4445 532 4519 διάθησθε
563 4446 835 4500 κάλλιστά
889 4461 951 4498 τε
1006 4444 1102 4498 καὶ
1150 4443 1576 4514 προχειρότατα,
1626 4443 1724 4505 τάς
1779 4459 1839 4496 τε

1945 3262 2100 3302 versa
2134 3246 2369 3301 honorat
2414 3247 2697 3314 Ecclesia;
2749 3258 2842 3304 aut
2866 3250 2985 3320 ejus
3036 3252 3351 3307 testimonia
3407 3269 3517 3308 non

1941 3336 2214 3401 admittat,
2258 3338 2400 3407 quod
2431 3348 2585 3409 putet
2631 3340 2748 3409 ejus
2805 3340 3127 3412 theologiam
3174 3361 3203 3398 ιι
3254 3342 3368 3400 suis
3398 3359 3518 3399 cor-

1946 3437 2196 3498 ruptam;
2250 3428 2356 3483 nisi
2434 3430 2564 3499 qnid
2631 3434 2707 3486 sit
2772 3432 3060 3501 perspicue
3141 3434 3515 3506 depravatum,

1942 3518 2107 3589 idque
2138 3519 2350 3588 utrique
2404 3520 2706 3585 allirtnetis,
2742 3529 2797 3576 et
2822 3521 3051 3591 probent
3081 3524 3368 3595 utriusque
3391 3541 3516 3596 par-

1944 3616 2013 3665 tis
2065 3611 2188 3666 libri
2231 3613 2323 3667 tali
2371 3613 2681 3682 corruptela
2714 3613 2894 3681 liberi,
2929 3630 3355 3689 germanamque
3410 3618 3517 3675 lec-

1943 3705 2144 3758 tionem
2175 3703 2231 3758 in
2260 3719 2322 3761 se
2371 3716 2782 3762 conservantes.
2827 3705 3065 3763 Omnino
3116 3709 3284 3777 igitur
3340 3708 3518 3765 tribus

1945 3795 2093 3850 hisce
2126 3795 2402 3851 ducemini
2437 3798 2505 3851 ad
2542 3801 2976 3867 cognoscendam
3021 3806 3338 3867 veritatem;
3372 3803 3519 3857 vide-

1944 3888 2075 3943 licet
2110 3888 2404 3959 Scripturte
2432 3891 2873 3955 auctoritatibus,
2897 3908 3087 3946 earum
3114 3893 3519 3963 explanationi-

1944 3980 2069 4048 lms,
2095 3972 2424 4052 et‘propriis
2470 3984 2759 4037 doctorum
2792 3984 3097 4049 sententiis,
3125 4001 3263 4055 quas
3294 3985 3368 4039 illi
3401 3987 3519 4042 suis

1944 4073 2000 4127 in
2039 4075 2386 4129 mutantibus
2412 4075 2643 4143 sparsim
2676 4077 2975 4145 protulere,
3017 4091 3143 4130 cum
3189 4092 3328 4147 opus
3373 4089 3519 4135 esset

1945 4167 2276 4221 mentionem
2303 4167 2481 4221 facere
2510 4166 2584 4223 de
2609 4168 2848 4238 Spiritus
2880 4173 3250 4238 proccssione.
3274 4173 3348 4229 Ut
3382 4190 3513 4229 vero

1947 4258 2061 4312 haec
2091 4258 2294 4327 optime
2343 4258 2714 4332 facillimeque
2744 4264 3033 4331 praestratis,
3094 4266 3342 4324 tollendae
3389 4278 3519 4324 sunt

1946 4349 2259 4420 anticipata:
2289 4352 2473 4409 animo
2523 4354 2833 4425 opiniones,
2864 4369 2918 4413 et
2972 4360 3327 4416 contentiosa
3377 4364 3519 4417 relu-

1945 4444 2235 4511 ctationes,
2262 4454 2426 4516 atque
2465 4432 2679 4504 inﬁrma
2710 4449 2929 4522 effugia,
2977 4470 3097 4524 qua:
3140 4453 3299 4511 facile
3339 4458 3518 4511 ret'ar-

261 4538 569 4611 προλήψεις
592 4539 690 4593 καὶ
715 4537 1058 4606 φιλονείκους
1087 4536 1369 4598 ἐνστάσεις
1387 4536 1721 4605 ἐξαιρετέον,
1742 4536 1839 4613 καὶ

1944 4534 2034 4606 gul
2068 4544 2335 4605 possunt;
2369 4548 2424 4594 et
2448 4539 2651 4610 ubique
2676 4541 2834 4613 plana
2855 4544 3188 4613 ingenuitate
3214 4552 3471 4604 utendum
3500 4568 3514 4606 :

259 4633 363 4697 τὰς
418 4630 625 4702 σαθρᾶς
676 4630 771 4684 καὶ
831 4630 1037 4701 ῥαδίως
1089 4627 1473 4697 ἐξελέγχεσθαι
1533 4628 1845 4697 δυναμένας

260 4720 584 4790 ἀποφυγὰς,
622 4720 719 4774 καὶ
748 4719 1029 4789 πανταχοῦ
1058 4719 1201 4788 μετά
1250 4718 1346 4788 τῆς
1383 4718 1629 4787 Eudemo;
1659 4733 1845 4788 χωρη-

259 4814 387 4866 τέον
412 4829 428 4844 ·
457 4812 519 4865 ού
544 4812 653 4880 γὰρ
701 4810 906 4880 μᾶλλον
937 4808 1031 4861 νῦν
1060 4808 1327 4879 ἀλλήλους
1353 4808 1642 4877 καθήμεθα
1692 4809 1847 4861 δικα-

263 4905 395 4959 σταὶ
423 4905 555 4973 περὶ
582 4904 690 4957 τῶν
716 4900 1257 4971 ἀμφισϐητουμένων
1285 4902 1318 4972 ἢ
1347 4900 1415 4973 τῇ
1439 4916 1498 4954 τε
1542 4900 1666 4971 θείᾳ
1703 4902 1846 4971 Γρα.

265 5001 342 5068 φῇ
375 4996 474 5050 καὶ
499 4998 609 5060 τοῖς
637 4996 844 5067 ταύτης
885 4996 1181 5065 ἐξηγηταῖς
1239 5012 1300 5047 τε
1358 4997 1454 5051 καὶ
1497 4994 1846 5059 διδασκάλοις

262 5089 367 5159 τῆς
399 5088 714 5157 ἀναγκαίας
732 5088 1058 5157 συμφωνίας
1085 5087 1379 5157 ἐφευρεταὶ
1401 5090 1497 5141 καὶ
1528 5089 1844 5160 συνήγοροι.

267 5184 442 5239 Ὅθεν
489 5186 591 5239 οὐκ
647 5184 827 5256 ὀρθῶς
876 5184 1216 5254 κεχρημένοι
1276 5187 1391 5248 τοῖς
1438 5188 1845 5256 προκειμένοις,

265 5277 489 5340 πολλοῖς
514 5277 613 5331 καὶ
671 5277 944 5337 ποικίλοις
994 5277 1329 5347 ἀδικήμασιν
1375 5277 1696 5348 ὲνεξόμεθαι
1734 5283 1842 5331 Oti-

267 5368 401 5422 κοῦν
427 5368 503 5431 ῶς
522 5367 622 5438 τῆς
667 5368 1001 5437 φιλονεικίας
1034 5368 1128 5421 ἐπὶ
1153 5370 1341 5422 πλεῖον
1370 5369 1480 5423 τῶν
1516 5371 1841 5439 ἀνηκέστων

264 5462 418 5530 ἡμᾶς
452 5460 764 5529 δυναμένης
789 5461 1067 5531 ἐκφέρειν,
1103 5461 1330 5530 ἀπέχειν
1363 5461 1464 5531 μὲν
1503 5463 1674 5532 αὐτῆς
1708 5480 1844 5514 παν-

263 5550 463 5616 τελῶς,
497 5551 821 5622 συμμάχους
855 5550 914 5603 δὲ
940 5552 1033 5605 ἐπὶ
1064 5552 1223 5603 τοῦτο
1261 5555 1359 5619 τήν
1388 5569 1447 5605 τε
1504 5554 1639 5624 πρὸς
1672 5553 1840 5620 ἀλλή-

265 5641 397 5705 λους
426 5640 667 5710 εὔνοιαν,
696 5643 792 5697 καὶ
815 5645 883 5711 τὸ¹
913 5644 1050 5715 μετά
1082 5644 1180 5712 τῆς
1212 5643 1471 5715 ἀληθείας
1510 5647 1729 5701 ἅπαντα
1754 5647 1839 5703 λέ-

1947 4645 2122 4698 neqne
2146 4632 2291 4686 enim
2321 4647 2463 4688 nunc
2506 4635 2680 4704 magis
2738 4636 2895 4692 alteri
2942 4639 3128 4694 alteris
3152 4640 3363 4709 judires
3386 4657 3518 4695 cou-

1946 4724 2226 4777 trovcrsia:
2260 4724 2541 4791 sedemus,
2565 4741 2726 4796 quam
2752 4728 2950 4783 divina:
2974 4729 3271 4798 Scriptura:
3293 4732 3519 4803 ejusque

1947 4816 2301 4885 interpretum
2350 4833 2413 4872 ac
2456 4818 2770 4883 doctorum,
2821 4836 3055 4888 quorum
3088 4831 3170 4876 est
3206 4828 3520 4880 necessario

1945 4909 2342 4964 adtnvenieni'a
2392 4911 2703 4973 consensio,
2760 4912 3139 4967 conciliatores
3178 4923 3232 4969 et
3283 4918 3519 4986 patroni.

1947 4997 2130 5062 Quare
2160 4998 2205 5052 si
2237 5001 2579 5068 propositum
2612 5002 2887 5069 negotium
2921 5016 3032 5055 non
3070 5015 3217 5059 recte
3251 5014 3522 5063 tractave-

1949 5089 2142 5151 rimus,
2204 5090 2498 5145 multorum
2559 5109 2624 5147 ac
2683 5095 3027 5152 diversorum
3089 5098 3165 5153 rei
3226 5101 3519 5157 criminum

1949 5184 2179 5238 euiolus.
2210 5184 2345 5238 Cum
2380 5186 2545 5254 igitur
2567 5194 2846 5244 contentio
2872 5208 2969 5246 nos
3005 5194 3174 5260 possit
3206 5194 3431 5248 ulterius
3468 5198 3519 5247 in

1950 5277 2089 5330 mala
2118 5277 2438 5347 gravissima
2481 5281 2769 5345 devehere,
2818 5283 3119 5354 abjicirnda
3164 5287 3386 5339 omnino
3432 5286 3519 5339 illa

1946 5378 2050 5433 est,
2075 5381 2129 5424 et
2177 5372 2499 5426 assumenda
2533 5385 2661 5427 sunt
2698 5376 2854 5431 nobis
2891 5376 3134 5431 subsidio
3165 5388 3275 5428 tum
3333 5388 3521 5432 mutua

1947 5463 2089 5518 inter
2125 5478 2224 5520 nos
2256 5468 2650 5533 benevolentia,
2683 5479 2795 5522 tum
2861 5468 3115 5522 voluntas
3169 5467 3408 5521 cuiteudi
3467 5478 3525 5524 ut

1948 5554 2127 5605 nuntia
2161 5569 2284 5607 cum
2317 5555 2543 5610 veritate
2581 5556 2948 5622 proferantur.
2991 5554 3057 5609 Et
3094 5555 3270 5624 primo
3300 5558 3521 5627 quidem

1950 5658 2054 5697 nan
2084 5645 2167 5700 de.
2187 5655 2240 5701 et
2274 5646 2409 5703 velle
2463 5647 2647 5721 omnia
2699 5648 2918 5703 disertis
2972 5646 3153 5703 verbis
3182 5662 3213 5702 e
3241 5645 3525 5720 Scriptum

337 5823 417 5899 (Ι)
491 5822 548 5880 ιιι
604 5832 709 5893 est,
761 5824 907 5878 circa
967 5824 1235 5895 pt'iucip‘a
1273 5825 1395 5882 lidei
1432 5824 1583 5879 varie
1650 5824 1943 5881 inlrllcctn.
