3976 6452
241 380 349 443 489

1393 366 1680 431 ORATIO
1707 367 1796 429 1Ιί
1835 368 1934 428 AD
1966 366 2345 427 SYNODUM.
2410 378 2417 384 '

3408 364 3513 424 4‘.f‘

247 496 506 564 σπουδῆς.
544 493 649 549 Τὸν
676 494 785 563 γάρ
810 493 972 550 αὐτὸν
1024 492 1161 563 ὑπὲρ
1216 508 1272 545 τε
1327 491 1516 546 τούτου
1582 507 1677 545 και
1726 491 1825 558 τῆς

1960 503 2048 540 um
2084 487 2358 555 privatim,
2384 488 2577 557 quovis
2613 489 2752 554 loco,
2780 499 2832 545 et
2863 489 3086 560 quando
3133 504 3219 544 res
3248 488 3320 542 ita
3366 486 3508 542 fere-

206 658 209 661 }
246 587 509 658 ἀληθείας
534 585 627 641 καὶ
658 586 757 655 τῆς
778 586 962 640 αὐτῶν
993 584 1269 655 σωτηρίας
1304 583 1501 655 ᾔδεσαν
1524 582 1656 637 δντα
1702 582 1822 649 σφί-

249 701 335 736 σιν
361 684 549 750 ἀγῶνα
580 700 594 713 ·
618 684 715 738 καὶ
747 684 869 754 μετ’
902 682 1076 737 αὐτοῦ
1112 681 1211 752 μὲν
1234 681 1304 735 τὰ
1323 679 1487 735 λοιπὰ
1539 676 1823 749 κατορθῶ-

248 792 383 841 σειν,
412 774 472 828 ἓν
504 774 562 827 δι
592 773 797 828 τούτων
833 773 1193 844 περιιδόντες,
1225 773 1320 826 καὶ
1349 770 1459 826 τῶν
1486 768 1693 825 λοιπῶν
1737 768 1828 821 ἐκ·

248 866 538 923 πεσεῖσθαι
573 866 794 931 πάντως
831 864 1107 937 ἐνόμιζον.

314 1131 538 1186 Τούτων
559 1129 739 1185 τοίνυν
766 1130 910 1185 οὕτω
945 1132 1238 1201 κειμένοιν,
1265 1132 1361 1187 καὶ
1403 1132 1633 1203 μηδενὸς
1652 1133 1831 1197 ἄλλως

248 1222 401 1275 ταῦτ’
438 1222 583 1289 ἔχειν
617 1221 865 1284 εἰπόντος
900 1222 987 1282 ἂν.
1029 1220 1132 1276 κᾶν
1180 1222 1391 1293 σφόδρα
1438 1222 1742 1301 φιλόνεικος
1770 1218 1831 1296 ᾖ,

252 1314 345 1368 καὶ
380 1312 526 1382 ὑμᾶς
554 1314 654 1385 τὴν
685 1312 861 1385 αὐτὴν
894 1312 1114 1367 ἑλέσθαι
1150 1316 1289 1385 πρὸς
1317 1315 1385 1369 τά
1417 1314 1665 1385 παρόντα
1690 1313 1832 1382 γνὼ-

255 1417 364 1470 μην
418 1401 751 1470 ἐπάναγκες,
800 1402 893 1454 καὶ
944 1401 1041 1455 τοῦ
1088 1405 1210 1465 ταῖς
1254 1404 1502 1474 Γραφαῖς
1546 1405 1833 1474 γινόμενον

248 1491 627 1550 διασώσασθαι
678 1494 857 1548 πάντα
890 1494 1046 1562 ἄγειν
1096 1495 1326 1549 ἐλάττω.
1382 1496 1509 1548 Είτε
1556 1496 1666 1565 γάρ
1697 1496 1834 1563 πρὸς

249 1582 485 1637 ἕκαστον
527 1584 636 1637 τῶν
680 1586 969 1657 μακαρίων
999 1583 1230 1641 ἐκείνων
1274 1587 1380 1658 χρὴ
1410 1588 1645 1653 ἀπιδεῖν,
1676 1588 1835 1657 ὑμεῖς

247 1675 403 1741 δντες
431 1676 675 1731 τοσοῦτοι
697 1680 1033 1750 δικαιότερον
1059 1680 1124 1732 ἂν
1143 1680 1239 1733 καὶ
1260 1679 1615 1751 βουληθείητε
1635 1683 1831 1744 ταῦτα,

249 1769 348 1823 καὶ
377 1771 827 1841 καταπράξαισθε
850 1787 865 1803 ⁶
886 1772 993 1827 εἴτε
1016 1771 1225 1835 πάντας
1256 1769 1393 1843 ὁμοῦ
1438 1771 1700 1839 λογιεῖταί
1728 1789 1835 1834 τις,

1930 581 2042 646 hat,
2074 579 2178 634 hoc
2204 588 2331 633 ante
2360 580 2542 635 omnia
2574 592 2862 640 curarunt.
2896 591 2955 636 ut
2985 583 3068 637 sui
3118 582 3288 637 studii
3321 589 3505 650 caput.

1930 673 2077 728 Idem
2105 673 2306 741 quippe
2338 682 2613 729 certamen
2658 689 2752 743 pro
2785 676 2887 729 hoc
2918 675 3060 745 ipso,
3111 690 3210 744 pro
3256 675 3509 744 veritate,

1900 780 2138 834 proque
2161 780 2258 819 sua
2307 765 2553 834 ipsorum
2583 767 2759 822 salute
2812 769 3151 837 propositum
3203 768 3308 824 sibi
3361 768 3508 824 scie—

1930 859 2065 914 bant
2098 875 2111 910 :
2147 868 2200 912 et
2234 873 2358 913 cum
2398 857 2518 928 ipso
2542 859 2787 930 quidem,
2825 870 2975 916 recte
3006 876 3067 916 se
3109 860 3216 916 alia
3257 867 3511 930 peractu-

1934 966 2046 1013 ros,
2086 952 2189 1006 hoc
2218 959 2400 1005 autem
2431 965 2540 1005 uno
2588 951 2921 1019 posthabito,
2962 952 3172 1022 reliqua
3217 952 3386 1009 etiam
3447 966 3509 1008 se

1934 1042 2243 1098 amissuros
2276 1042 2434 1112 plane
2466 1043 2787 1098 censebant.

2005 1132 2102 1189 llis
2133 1134 2297 1202 igitur
2325 1134 2397 1189 ita
2429 1150 2489 1189 se
2514 1134 2862 1200 habentibus,
2886 1151 3008 1207 qum
3037 1136 3194 1191 aliter
3225 1151 3284 1191 se
3311 1134 3516 1191 habere

1935 1239 2092 1279 nemo
2133 1239 2369 1293 unquam
2419 1224 2636 1287 dixerit,
2690 1225 2777 1279 vel
2827 1226 3059 1279 nimium
3109 1224 3516 1287 contentiosus,

1932 1331 2161 1372 necesse
2209 1325 2293 1371 est
2341 1331 2437 1370 vos
2474 1316 2640 1370 etiam
2678 1314 2870 1371 eodem
2906 1330 3036 1386 erga
3076 1316 3360 1370 materiam
3394 1327 3522 1383 pro-

1937 1407 2168 1477 positam
2202 1407 2385 1463 animo
2415 1408 2558 1469 sitis.
2587 1416 2643 1461 et
2680 1406 3029 1477 postponatis
3071 1406 3257 1460 omnia
3288 1419 3523 1461 concor.

1934 1484 2038 1557 dia:
2063 1499 2491 1569 Scriptor-arum.
2522 1498 2650 1554 Sive
2668 1499 2812 1554 enim
2835 1507 3049 1569 oportet
3071 1494 3542 1567 inspieere,'quid.

1934 1603 2159 1648 sanctus
2210 1595 2443 1662 quisque
2499 1592 2713 1662 egerit:
2746 1606 2863 1653 vos,
2912 1591 3003 1660 qui
3056 1598 3208 1643 tanto
3245 1589 3379 1642 estis
3421 1602 3525 1643 nu-

1937 1699 2113 1747 mero,
2134 1684 2336 1750 iustius
2358 1684 2464 1739 hoc
2487 1683 2628 1739 idem
2662 1692 2719 1738 et
2741 1684 2877 1738 velle
2911 1680 3121 1737 debetis
3150 1692 3204 1735 ot
3229 1681 3521 1749 perﬁcere;

1939 1779 2054 1837 sive
2096 1777 2220 1848 quis
2272 1778 2436 1831 etiam
2470 1792 2565 1832 eos
2615 1776 2929 1831 consideret
2969 1776 3257 1830 universos
3285 1815 3300 1839 ,
3345 1787 3527 1844 operte

247 1861 309 1916 τὸ
351 1861 472 1932 μετ’
502 1862 743 1926 ἐκείνους
777 1864 860 1927 είς
918 1864 1019 1934 τὴν
1070 1862 1241 1935 αὐτὴν
1289 1861 1481 1934 χρείαν
1539 1863 1704 1932 ὑμᾶς,
1750 1862 1841 1915 καὶ

1957 1870 2180 1939 pretium
2206 1876 2292 1924 est
2319 1882 2417 1922 vos
2435 1868 2623 1924 eadem
2649 1877 2769 1937 post
2792 1868 2913 1923 illos
2936 1867 3261 1922 necessitate
3280 1852 3527 1930 adactos,

249 1954 473 2026 ζηλοῦν,
511 1954 797 2027 βούλεσθαι
826 1956 1103 2020 λυσιτελές
1123 1972 1137 1988 ο
1163 1955 1257 2013 καὶ
1272 1955 1368 2026 τὴν
1401 1954 1651 2011 ἐναντίαν
1676 1956 1835 2018 ίοῦσι,

249 2046 438 2118 ψόγων
462 2047 639 2101 αῖτιον
671 2047 849 2102 ἔσται.
886 2048 1082 2101 Καίτοι
1110 2049 1224 2111 τοῖς
1257 2048 1382 2117 μὲν,
1417 2049 1466 2102 εί
1498 2049 1591 2102 καὶ
1626 2049 1701 2120 μὴ
1733 2050 1838 2102 πᾶ-

254 2155 363 2204 σιν,
390 2138 527 2193 ἀλλὰ
560 2141 670 2203 τοῖς
706 2157 770 2210 γε
806 2140 1098 2212 προτέροις
1138 2142 1193 2196 ai
1229 2140 1446 2212 Γραφαὶ
1480 2140 1643 2211 μόνον
1675 2139 1842 2211 προῦ-

249 2231 542 2296 κειντο,άς
574 2232 835 2302 δυσχερὲς
889 2233 987 2303 μὲν
1039 2227 1129 2304 ἦν,
1178 2233 1330 2301 ὅμως
1355 2232 1400 2286 δ’
1436 2234 1668 2302 ίσχνυσαν
1705 2249 1841 2301 συμ-

251 2325 483 2381 6ι6άσαι
502 2342 517 2357 ·
542 2326 672 2395 ὑμῖν
701 2326 748 2380 δ’
777 2326 838 2381 οὐ
863 2328 1043 2398 μικρὰ
1076 2326 1331 2397 βοηθείας
1362 2327 1675 2397 προσθήκη,
1703 2326 1839 2379 ἀλλὰ

254 2417 447 2489 σχεδὸν
475 2418 616 2487 αὐτὴ
639 2419 700 2473 τὸ
728 2422 836 2474 πᾶν
859 2418 1013 2487 οὖσα,
1049 2419 1112 2474 αἶ
1135 2437 1194 2475 τε
1225 2421 1335 2474 τῶν
1381 2419 1719 2477 διδασκάλων
1748 2419 1841 2472 ἐπὶ

251 2513 377 2575 ταῖς
410 2511 658 2583 Ι“ραφαῖς
687 2512 1002 2583 ἐξηγήσεις,
1031 2513 1123 2564 καὶ
1158 2511 1309 2569 ἄλλοι
1356 2511 1562 2568 τούτων
1604 2512 1837 2578 ἀγῶνες,

252 2603 353 2666 οὓς
383 2605 476 2655 ἐπὶ
506 2604 711 2677 ἐλέγχῳ
741 2607 840 2673 μὲν
884 2603 995 2657 τῶν
1039 2602 1454 2673 ἀνθισταμένων
1487 2606 1554 2673 τῇ
1585 2603 1840 2674 ἀληθεία,

254 2693 558 2765 βεϐαιώσει
595 2694 653 2746 δὶ
700 2696 812 2748 τῶν
863 2695 1081 2767 οἰκείων
1135 2696 1232 2749 καὶ
1284 2695 1625 2767 πειθομένων
1659 2697 1844 2759 αὐτοῖς

259 2786 626 2857 ἐνεστήσαντο
643 2804 656 2816 °
689 2783 762 2841 ὦν
788 2788 1057 2843 τοσούτων
1081 2788 1255 2842 ὄντων
1282 2789 1379 2842 καὶ
1410 2789 1843 2860 μαρτυρούντων

258 2876 519 2946 ἀλλήλοις
550 2877 653 2948 τὴν
678 2878 1022 2948 συμφωνίαν,
1044 2878 1233 2947 ὥσπερ
1263 2878 1459 2949 δδηγόν
1481 2895 1602 2931 τινα
1627 2878 1846 2947 ἁπλανῆ

255 2967 366 3036 τῆς
399 2968 741 3040 ζητουμένης
796 2968 1058 3039 ἀληθείας
1114 2969 1304 3024 λαϐεῖν
1354 2969 1647 3042 πρόχειρόν
1698 2970 1848 3023 ἐστιν

256 3060 420 3118 οὐδὲν
448 3054 613 3135 ἦττον
644 3060 677 3131 ἢ
710 3060 937 3115 δίκαιον.
988 3061 1147 3117 Ἀλλὰ
1177 3061 1247 3116 τὰ
1277 3062 1377 3131 μὲν
1402 3062 1531 3132 περὶ
1563 3061 1672 3116 τῶν
1704 3061 1851 3116 διδα-

263 3152 489 3207 σκάῖων
523 3153 756 3220 αὐτίκα,
795 3152 865 3205 τὰ
894 3153 952 3207 δὲ
999 3153 1107 3207 τῶν
1158 3153 1394 3225 Γραφῶν
1441 3154 1731 3224 ἀξιώματα
1763 3155 1847 3208 δεῖ

1943 1964 2160 2019 illorum
2204 1962 2341 2018 velle
2390 1961 2545 2031 sequi
2592 1960 2854 2030 vestigia;
2905 1960 3153 2029 opposita
3198 1974 3327 2014 vero
3380 1958 3530 2012 ince-

1941 2058 2133 2113 dentes
2184 2056 2275 2111 via
2309 2054 2792 2125 reprehensionem
2847 2069 2952 2108 non
3002 2052 3296 2124 eﬂ‘ugietis.
3345 2050 3532 2118 Quan-

1942 2164 2103 2218 quam
2136 2148 2247 2203 illis
2277 2147 2519 2217 quidem,
2552 2146 2655 2201 etsi
2697 2162 2803 2201 non
2838 2145 3116 2209 omnibus,
3156 2154 3212 2198 at
3246 2153 3394 2199 certe
3417 2144 3530 2213 pri-

1943 2242 2048 2295 mis
2071 2281 2085 2301 .
2120 2240 2250 2296 sola:
2284 2238 2585 2308 Scripturm
2615 2247 2771 2292 erant
2803 2238 2872 2291 oh
2897 2238 3110 2301 oculos,
3144 2251 3280 2306 quas
3312 2235 3530 2299 difficile

1942 2333 2183 2403 quidem,
2220 2340 2445 2401 potuere
2493 2339 2673 2386 tamen
2725 2331 2778 2384 in
2827 2345 2991 2384 unam
3037 2343 3301 2388 revocare
3333 2342 3532 2382 conve-

1943 2426 2202 2481 nientiam
2237 2442 2251 2481 :
2302 2432 2358 2478 at
2391 2424 2547 2479 vobis
2586 2438 2695 2478 non
2738 2439 2901 2491 parva
2952 2420 3252 2489 adiumenti
3286 2419 3534 2476 accessio

1943 2525 2050 2583 est,
2088 2519 2198 2572 imo
2220 2532 2350 2573 vero
2389 2517 2507 2586 ipsa
2550 2524 2722 2571 totum
2773 2514 2885 2569 fere
2930 2515 3111 2577 valet,
3142 2514 3287 2581 quod
3345 2514 3536 2567 docto-

1944 2625 2064 2666 rum
2114 2610 2487 2681 expositiones
2532 2608 2587 2663 in
2625 2607 2963 2677 Scriptores.
3000 2616 3055 2661 et
3083 2605 3389 2661 certamina
3436 2618 3529 2659 co-

1947 2715 2067 2754 rum
2107 2700 2319 2759 habetis
2367 2699 2680 2771 proposita,
2715 2714 2838 2768 quae
2883 2699 2963 2761 illi
3014 2707 3128 2753 tum
3172 2696 3239 2751 ad
3286 2694 3536 2754 veritatis

1950 2789 2136 2844 hostes
2177 2789 2607 2859 redarguendos,
2643 2796 2759 2841 tum
2811 2787 2878 2841 ad
2926 2801 3058 2842 suos
3106 2783 3535 2847 confirmandos,

1950 2879 2113 2934 dictis
2138 2880 2347 2935 scilicet
2364 2894 2553 2934 eorum
2588 2879 2899 2943 audientes,
2922 2892 3235 2946 suscepere.
3263 2875 3536 2942 Quorum.

1950 2985 2074 3023 cum
2105 2968 2242 3024 adeo
2276 2969 2440 3033 multi
2487 2968 2705 3037 sibique
2739 2967 2974 3021 invicem
3022 2977 3186 3022 teStes
3219 2966 3331 3021 sint
3356 3007 3371 3030 ,
3406 2979 3539 3019 con.

1938 3061 2266 3119 isensionem
2303 3061 2461 3117 facile
2493 3060 2698 3130 pariter
2725 3074 2791 3113 ac
2831 3058 3039 3128 justum
3073 3066 3157 3113 est
3201 3071 3418 3113 sumere
3446 3070 3542 3109 ve.

1958 3154 2056 3209 ltiti
2092 3154 2284 3208 ducem
2314 3152 2680 3207 certissimum
2716 3151 2782 3206 ad
2816 3151 3102 3205 veritatem
3153 3145 3541 3217 indagandum.

263 3244 639 3301 συνάπτεσθαι
686 3245 925 3317 πρῶτον.
978 3246 1135 3317 Ἔχει
1186 3247 1295 3315 γάρ
1326 3247 1469 3301 οὕτω
1493 3265 1509 3280 ⁵
1539 3247 1613 3304 Τὸ
1648 3249 1748 3318 μὲν
1786 3251 1849 3303 ἐκ

1957 3251 2031 3302 Ac
2062 3248 2127 3302 de
2144 3247 2432 3301 doctorum
2466 3246 2685 3316 quidem
2707 3258 2974 3301 consensu
3000 3253 3187 3312 postea
3216 3257 3230 3295 :
3268 3240 3420 3310 prius
3450 3253 3549 3293 ao.-

261 3339 362 3393 τοῦ
415 3340 629 3410 "arpi;
678 3339 1079 3410 ἐκπορεύεσθαι
1107 3340 1168 3393 τὸ
1196 3329 1423 3411 Πνεῦμα
1463 3340 1524 3394 τὸ
1550 3342 1710 3410 ἅγιον
1737 3343 1851 3396 κεί-

263 3449 359 3484 ται
384 3431 482 3501 μὲν
511 3430 811 3503 διαρρήδην
831 3433 887 3486 ὲν
908 3435 973 3503 τῇ
1008 3432 1225 3503 Γραφῇ,
1245 3433 1587 3503 ὁμολογεῖται
1615 3434 1670 3488 δὲ
1700 3437 1852 3505 παρὰ

268 3524 494 3578 πάντων
524 3524 702 3594 ἡμῶν,
736 3526 831 3578 καὶ
875 3525 936 3579 οὐ
972 3506 1351 3596 μᾶλλον’πρὸς
1395 3527 1648 3598 Γραικῶν
1679 3528 1711 3599 ἧ
1745 3530 1852 3581 Λα-

266 3615 439 3668 τίνων
460 3615 667 3684 ἒστηκε
705 3616 881 3680 τοῦτο,
913 3616 1020 3669 οόδ’
1060 3615 1207 3670 ἔστιν
1240 3618 1304 3669 ἐκ
1334 3616 1525 3672 τούτου
1572 3616 1723 3675 λύειν
1754 3618 1855 3686 τὴν

267 3707 728 3779 ἀμφισϐήτησινο
760 3706 884 3761 οὔτε
941 3708 1050 3777 γάρ
1103 3710 1319 3779 ἀνάγκη
1364 3711 1459 3763 καὶ
1501 3710 1565 3765 ὲικ
1596 3708 1690 3767 τοῦ
1726 3709 1855 3762 Υἱοῦ

271 3800 530 3867 προϊέναι
564 3800 625 3853 τδ
662 3800 886 3869 Πνεῦμα
916 3799 1105 3853 τούτου
1135 3803 1416 3872 κειμένου,
1449 3800 1561 3854 οῠτ’
1588 3802 1854 3856 ἀδύνατον

272 3894 372 3946 καὶ
422 3892 485 3945 ὲκ
534 3891 625 3946 τοῦ
659 3892 790 3949 Υἱοῦ
839 3894 1258 3964 ὲκπορεύεσοαι.
1300 3896 1365 3948 Ἥ
1404 3896 1512 3966 γὰρ
1547 3898 1857 3965 κατάφασις

270 3984 425 4055 αὕτη
458 3984 557 4056 τὴν
588 3985 778 4056 ἑτέραν
804 3985 1113 4055 κατάφασιν
1141 3984 1262 4043 οὔτε
1292 3986 1529 4058 τίθησιν,
1554 3985 1667 4042 οὔτ’
1708 3988 1860 4041 ἀναι-

274 4082 401 4151 ρεῖ,
430 4077 547 4131 ἀλλ’
570 4077 842 4149 ἐνδέχεται
873 4079 973 4149 μὲν
998 4081 1069 4135 ἐκ
1108 4079 1205 4134 τοῦ
1242 4079 1372 4134 Υίοῦ
1404 4080 1677 4151 προϊέναι,
1711 4081 1861 4135 ἑνδέ-

272 4188 439 4244 χεται
466 4171 523 4224 δὲ
549 4171 642 4225 καὶ
675 4171 749 4241 μὴ
783 4172 1032 4242 προϊέναι
1062 4172 1184 4225 ὅσον
1213 4171 1277 4226 ἐκ
1304 4189 1369 4240 γε
1408 4173 1502 4231 τοῦ
1534 4175 1691 4241 λόγου
1713 4191 1727 4206 ⁸
1755 4173 1865 4227 ὦσι

274 4281 390 4339 περ
442 4265 495 4318 ετ
535 4280 619 4328 τις
659 4263 809 4337 λέγοι
853 4265 946 4320 τὸν
990 4263 1275 4335 ἄνθρωπον
1322 4258 1462 4321 εἶναι
1514 4266 1690 4329 ζῶον,
1739 4265 1864 4319 οὒτε

276 4357 527 4428 λογικὸν,
553 4352 693 4410 εῖναι
721 4357 938 4424 τίθησιν
969 4356 1030 4422 ἐξ
1059 4356 1327 4426 ἀνάγκης,
1364 4354 1487 4415 οῦτε
1536 4356 1683 4415 τοῦτ’
1716 4360 1869 4421 ἀνακ-

284 4451 413 4521 ρεϊ·
447 4447 623 4506 καίτοι
660 4448 796 4521 πρὸς
828 4446 920 4500 τὸν
967 4447 1067 4515 τῆς
1102 4448 1331 4517 προόδου
1364 4447 1471 4501 τῶν
1504 4447 1665 4505 θείων
1697 4466 1869 4520 προσ-

277 4543 453 4597 ώπων
482 4542 687 4615 τρόπον
713 4541 997 4611 ἀφορῶσιν
1028 4543 1161 4612 ἡμῖν
1192 4542 1287 4594 καὶ
1326 4542 1393 4612 ἢν
1428 4542 1476 4595 oi
1510 4542 1645 4598 θεῖοι
1690 4543 1867 4597 Πατέ-

282 4651 380 4706 ρες
407 4633 617 4697 τούτοις
645 4634 937 4687 ἀπέδωκαν
962 4633 1139 4699 τάξιν,
1168 4633 1350 4702 τίθησι
1379 4635 1473 4688 καὶ
1504 4634 1638 4688 πολὺ
1665 4634 1868 4707 μᾶλλον

279 4727 315 4797 ή
370 4727 680 4795 κατάφασις
729 4726 827 4797 τὴν
864 4726 1203 4794 κατάφασιν.
1251 4726 1372 4779 Τῶν
1420 4726 1531 4798 γὰρ
1579 4726 1656 4797 τῷ
1692 4728 1870 4798 Πατρὶ

280 4819 602 4889 προσόντων
643 4820 734 4871 καὶ
763 4818 853 4875 τὸν
877 4819 1003 4871 Υίῖιν
1028 4818 1107 4870 δεῖ
1132 4821 1434 4884 κοινωνεῖν,
1464 4820 1533 4873 ἂν
1568 4822 1640 4891 μή
1676 4838 1727 4873 τι
1760 4839 1867 4876 κω-

279 4912 393 4984 λύῃ
420 4928 433 4942 ⁸
468 4912 562 4964 καὶ
602 4913 660 4964 τὸ
689 4911 776 4967 διά
805 4929 951 4975 τινος
991 4913 1053 4965 ἐκ
1080 4928 1223 4975 τινος
1259 4913 1537 4977 οὐσιωδῶς
1572 4916 1764 4984 προϊὸν
1790 4916 1869 4967 ati-

279 5006 413 5058 τίαν
441 5004 555 5075 ἔχει
590 5006 683 5059 καὶ
711 5006 771 5058 τὸ
816 5005 885 5058 δι’
911 5005 970 5057 οὗ
1010 5006 1224 5078 πρόεισι
1245 5024 1259 5039 '
1294 5008 1547 5078 καθάπερ
1580 5008 1741 5071 εῖτις
1770 5007 1869 5080 τὴν

284 5100 505 5169 θέρμην
539 5100 601 5152 ἐκ
632 5098 727 5151 τοῦ
774 5097 926 5171 ἡλίου
970 5100 1339 5169 προέρχεσθαι
1391 5100 1562 5169 λέγοι,
1592 5103 1653 5153 τὸ
1681 5100 1775 5154 καὶ
1808 5102 1871 5154 ἐκ

285 5197 389 5265 τῆς
432 5193 649 5254 ἀκτῖνος
680 5191 930 5261 προϊέναι
990 5191 1160 5264 αὐτὴν
1195 5190 1318 5244 οὔτε
1359 5192 1574 5263 τίθησιν
1600 5191 1711 5246 οὔτ’
1740 5194 1874 5249 άνα-

286 5286 489 5357 τρέπει
510 5300 524 5315 ο
548 5278 743 5336 οὔκουν
773 5283 835 5335 ἔκ
865 5299 926 5356 γε
957 5282 1053 5335 τοῦ
1081 5283 1243 5351 λόγου
1272 5300 1285 5313 ·
1320 5287 1497 5340 καίτοι
1520 5287 1703 5358 τίθησι
1737 5288 1876 5357 μᾶλ-

290 5379 413 5443 λον,
444 5376 510 5431 ἄν
547 5393 630 5437 τις
660 5374 750 5431 τὸν
781 5374 880 5446 τῆς
923 5374 1151 5446 προόδου
1194 5376 1396 5446 τρόπον
1445 5378 1736 5447 λογίζοιτο,
1783 5379 1879 5433 καὶ

291 5471 358 5523 τὸ
396 5467 680 5539 μεσιτεῦον
708 5467 777 5539 ἦν
806 5484 928 5521 τινα
954 5468 1107 5533 τάξιν
1132 5468 1269 5539 πρὸς
1297 5470 1558 5541 ἑκάτερον
1582 5471 1695 5541 ἔχει
1716 5488 1731 5503 ο
1756 5472 1880 5524 τότε

293 5567 414 5635 γὰρ
444 5562 505 5621 τὸ
533 5561 622 5621 διὰ
654 5561 751 5633 τῆς
783 5563 1000 5628 ἀκτῖνος
1048 5563 1295 5631 φυσικῶς
1343 5565 1531 5635 προϊὸν
1575 5566 1671 5621 καὶ
1700 5564 1761 5631 ἐξ
1791 5566 1888 5619 αὐ·-

298 5660 406 5728 τῆς
453 5658 527 5721 ὡς
577 5657 643 5710 ὲκ
693 5656 998 5728 προσεχοῦς
1054 5659 1234 5722 αἰτίας
1268 5658 1636 5729 προέρχεσθαι
1667 5660 1886 5724 πάντως

299 5752 423 5822 ἒρεϊ
446 5767 459 5781 ο
488 5750 622 5813 τέως
656 5748 713 5801 δὲ
748 5748 840 5802 τδν
877 5748 1034 5818 λόγον
1085 5750 1248 5820 μόνον
1281 5752 1634 5816 σκοποῦντες,
1667 5751 1883 5805 οὐδέτε-

302 5862 406 5923 ρον
443 5843 501 5910 ἔξ
533 5842 779 5915 ἀνάγκης
813 5843 1252 5913 ἀποφαινόμεθα.
1290 5841 1417 5919 'Ap'
1448 5844 1541 5902 οὖν
1571 5844 1715 5902 οὕτω
1746 5845 1887 5903 κάπὶ

632 5938 902 6003 Pauor“
943 5937 1061 5999 Gn.
1088 5936 1246 6010 CLX

1954 3350 2062 3396 tem
2088 3341 2355 3410 agendum
2372 3338 2538 3394 estde
2564 3335 2948 3392 convenientia
2976 3332 3375 3389 sententiarum
3395 3330 3541 3389 Scri-

1954 3438 2151 3500 pturae,
2188 3430 2386 3484 etenim
2434 3444 2523 3483 res
2554 3429 2626 3482 ita
2654 3444 2712 3484 se
2741 3427 2903 3482 habet
2933 3444 2945 3479 :
2981 3424 3245 3496 Spiritum
3290 3429 3540 3477 sanctum

1956 3537 2024 3577 ex
2050 3520 2211 3576 Patre
2237 3521 2556 3591 procedere,
2576 3528 2811 3576 testatur
2839 3516 3128 3573 manifeste
3151 3513 3461 3581 Scriptura,
3493 3520 3547 3563 rt

1955 3616 2323 3671 communiter
2371 3629 2564 3669 omnes
2617 3613 2854 3667 fatemur
2886 3651 2901 3677 ,
2955 3624 3060 3665 nec
3114 3606 3291 3678 magis
3336 3604 3545 3660 Graecis

1961 3723 2123 3777 quam
2156 3708 2364 3763 Latinis
2403 3707 2455 3760 id
2492 3707 2656 3767 favet,
2693 3720 2792 3759 nec
2821 3703 3058 3759 solvitur
3112 3715 3216 3769 per
3259 3700 3362 3753 hoc
3391 3696 3551 3750 dubi.

1963 3802 2116 3856 talio.
2150 3800 2261 3856 lloc
2290 3800 2436 3855 enim
2472 3798 2671 3868 posito,
2720 3810 2897 3865 neque
2929 3792 3303 3848 necessarium
3369 3801 3550 3856 neque

1964 3890 2306 3961 impossibile
2335 3898 2442 3955 est,
2465 3889 2537 3943 eti
2559 3904 2631 3941 tm
2664 3902 2729 3941 ex
2764 3887 2901 3940 Filio
2930 3883 3226 3955 procedere
3255 3880 3545 3949 Spiritum,

1966 3996 2090 4036 cum
2126 3971 2253 4036 haec
2290 3980 2586 4035 affirmatio
2621 3993 2723 4032 nec
2768 3986 2935 4045 ponat
2991 3989 3091 4029 nec
3127 3973 3283 4029 tollat
3321 3971 3547 4029 alteram

1967 4073 2414 4135 affirtnationent,
2448 4070 2544 4125 sed
2576 4067 2838 4138 possibile
2868 4066 2939 4120 sit
2966 4080 3031 4120 ex
3068 4064 3114 4116 vi
3151 4063 3315 4132 hujus
3356 4073 3556 4128 propo-

1970 4167 2188 4223 sitionis
2247 4163 2543 4234 procedere
2578 4170 2672 4216 aut
2706 4176 2812 4214 non
2856 4158 3147 4228 procedere
3172 4170 3239 4216 ex
3277 4151 3454 4220 Filio;
3486 4160 3555 4211 ut

1971 4258 2063 4327 qui
2103 4256 2238 4312 dicit
2278 4254 2555 4310 hominem
2585 4267 2705 4307 esse
2736 4249 2960 4314 animal,
2998 4263 3096 4303 nec
3127 4245 3353 4306 rationis
3386 4244 3560 4314 parti-

1975 4353 2152 4421 cipem
2200 4349 2351 4404 illum
2405 4344 2716 4401 necessario
2762 4341 2981 4402 asserit.
3033 4353 3211 4408 neque
3266 4338 3318 4394 id
3371 4346 3555 4406 negat.

1974 4444 2299 4526 Quanquam
2332 4442 2378 4496 si
2411 4440 2631 4494 modum
2678 4433 3050 4505 processiouis
3085 4430 3394 4489 divinarum
3431 4444 3558 4499 pcr-

1976 4552 2238 4593 sonarum
2268 4543 2600 4604 spectemus,
2631 4531 2993 4597 ordinemque
3029 4526 3136 4583 illis
3161 4526 3501 4595 assignatum
3532 4540 3559 4575 a

1977 4629 2185 4686 sanctis
2223 4627 2498 4689 Patr-ibus,
2535 4624 2708 4680 multo
2746 4620 2917 4689 magis
2944 4617 3239 4673 affirmatio
3279 4615 3432 4685 ponit
3474 4613 3562 4668 af-

1978 4722 2342 4777 firntationetn
2397 4736 2409 4771 :
2453 4734 2578 4772 nam
2612 4731 2675 4770 ea
2704 4729 2824 4783 qua:
2855 4709 3012 4763 Pater
3043 4708 3225 4769 habet,
3265 4707 3375 4758 sint
3401 4706 3561 4758 etiam

1975 4816 2115 4870 Filio
2150 4811 2463 4869 communia
2503 4823 2731 4864 necesse
2764 4813 2878 4870 est,
2932 4800 3034 4853 nisi
3086 4796 3290 4865 aliquid
3330 4795 3512 4850 obstet
3546 4812 3559 4850 :

1976 4918 2027 4963 et
2073 4907 2218 4976 quod
2260 4922 2322 4961 ex
2383 4904 2567 4972 aliquo
2617 4915 2713 4969 per
2760 4894 2963 4965 aliquid
3015 4892 3383 4949 essentialiter
3441 4903 3566 4956 pro—

1977 5004 2093 5064 dit,
2150 5013 2369 5054 causatu
2415 4997 2576 5048 habet
2617 4990 2749 5045 illttd
2810 4988 2972 5043 etiam
3025 5000 3123 5054 per
3172 4983 3314 5053 quod
3366 4980 3563 5048 prodit,

1974 5107 2037 5152 ut
2070 5094 2114 5149 si
2152 5092 2276 5161 quis
2327 5089 2560 5145 calorem
2610 5098 2641 5138 e
2693 5081 2808 5135 sole
2864 5079 3008 5132 dicat
3045 5076 3198 5140 oriri,
3235 5074 3384 5129 illum
3418 5088 3447 5128 e
3482 5088 3568 5126 ra—

1983 5190 2072 5243 dio
2117 5196 2335 5255 quoque
2388 5180 2518 5233 oriri
2576 5190 2752 5245 neque
2809 5171 2887 5227 ait
2946 5185 3122 5238 neque
3182 5176 3362 5237 negat,
3416 5164 3563 5234 quod

1984 5277 2264 5337 attinetad
2299 5276 2473 5344 ipsam
2500 5269 2955 5341 propositionem,
2990 5276 3303 5335 quanquam
3339 5257 3568 5312 :diirmat

1989 5372 2190 5444 magis,
2222 5370 2269 5425 si
2307 5368 2433 5439 quis
2486 5365 2708 5421 modum
2747 5358 3127 5432 productionis
3162 5351 3494 5414 consideret,
3519 5357 3573 5402 et

1990 5440 2241 5523 ordinem
2269 5476 2429 5533 quem
2464 5458 2626 5513 habet
2654 5455 2719 5509 ad
2758 5464 3051 5520 utrumque
3081 5462 3169 5502 res
3209 5440 3527 5499 intermedia
3554 5453 3572 5506 ;

1988 5573 2121 5617 tunc
2155 5559 2300 5615 enim
2330 5556 2487 5625 plane
2516 5570 2621 5609 non
2654 5550 2873 5619 negabit
2902 5562 2964 5600 ex
2994 5547 3114 5613 ipso
3144 5542 3302 5594 etiam
3333 5536 3482 5589 radio
3515 5545 3576 5590 ut

1989 5654 2238 5726 proxima
2270 5665 2435 5707 causa
2472 5648 2629 5709 oriri,
2665 5642 2808 5712 quod
2850 5654 2945 5709 per
2978 5636 3127 5690 illum
3164 5636 3383 5693 emanat
3418 5636 3575 5681 natus

1992 5723 2179 5805 raliter
2214 5760 2230 5800 :
2261 5745 2478 5801 interim
2519 5742 2572 5797 id
2599 5739 2774 5796 solum
2808 5731 3240 5790 considerantes,
3276 5723 3421 5795 quod
3454 5737 3579 5792 pro,

1994 5842 2307 5904 nuntiatum
2362 5847 2471 5906 est,
2521 5843 2778 5893 neutrum
2832 5824 3190 5900 exprimimus
3238 5818 3573 5877 necessario.

3142 5913 3210 5977 16
