3932 6458
215 377 321 441 489

1366 363 1653 428 ORATIO
1679 364 1768 426 ili
1808 364 1908 426 AD
1939 363 2318 424 SYNODUM.
2383 375 2390 381 ’

3381 360 3435 421 ιε
3456 360 3485 415 (υ

222 492 478 560 σπουδῆς.
517 490 621 546 Τὸν
649 491 758 561 γὰρ
782 490 945 546 αὐτὸν
996 488 1133 559 ὺπέρ
1188 505 1245 541 τε
1300 488 1489 542 τούτου
1555 504 1649 541 και
1700 488 1798 555 τῆς

1932 500 2020 538 nm
2057 484 2331 552 privatim,
2357 485 2550 553 quovis
2586 486 2724 550 loco,
2752 496 2804 541 et
2836 486 3059 557 quando
3107 500 3192 540 res
3220 484 3293 539 ita
3339 483 3480 538 fere-

182 656 183 659 η
220 584 482 655 ἀληθείας
506 582 599 638 καὶ
630 582 730 653 τῆς
751 583 935 637 αὐτῶν
965 581 1242 651 σωτηρίας
1276 580 1474 652 ᾔδεσαν
1497 578 1628 633 ὅντα
1675 580 1795 646 σφέ-

223 698 307 733 σιν
334 681 521 747 ἀγῶνα
552 697 567 709 ·
590 681 687 734 καὶ
719 680 842 751 μετ’
875 678 1048 734 αὐτοῦ
1084 678 1184 749 μὲν
1207 678 1277 731 τὰ
1296 676 1460 731 λοιπὰ
1512 673 1796 745 κατορθώ-

222 789 355 839 σειν,
385 772 444 825 ἓν
477 771 534 824 δὲ
564 770 770 825 τούτων
805 770 1166 841 περιιδόντες,
1198 770 1293 823 καὶ
1322 767 1432 823 τῶν
1459 764 1666 822 λοιπῶν
1710 765 1801 818 ὲκ-

223 863 511 920 πεσεῖσθαι
546 863 766 928 πάντως
803 861 1079 934 ἐνόμιζον.

286 1128 511 1183 Τούτων
532 1126 711 1183 τοίνυν
738 1127 883 1182 οὕτω
917 1129 1210 1198 κειμένοιν,
1238 1128 1333 1183 καὶ
1376 1128 1605 1200 μηδενὸς
1625 1130 1803 1194 ἄλλως

223 1219 375 1272 ταῦτ’
410 1218 555 1286 ἔχειν
589 1218 838 1282 εἰπόντος
872 1219 960 1279 ἂν.
1002 1216 1104 1273 κᾶν
1153 1218 1364 1289 σφόδρα
1411 1220 1715 1297 φιλόνεικος
1743 1215 1803 1293 ᾖ,

226 1311 318 1365 καὶ
353 1308 499 1379 ὑμᾶς
527 1311 626 1381 τὴν
658 1309 833 1381 αὐτὴν
866 1309 1087 1364 ἑλέσθαι
1123 1313 1261 1382 πρὸς
1289 1311 1357 1366 τὰ
1390 1311 1637 1382 παρόντα
1663 1309 1805 1379 γνώ-

229 1414 337 1466 μην
390 1397 724 1467 ἐπάναγκες,
773 1399 866 1451 καὶ⁸
917 1398 1014 1452 τοῦ
1061 1402 1183 1462 ταῖς
1227 1401 1475 1471 Γραφαῖς
1519 1402 1806 1471 γινόμενον

222 1488 600 1546 διασώσασθαι
650 1490 830 1544 πάντα
863 1491 1019 1559 ἄγειν
1068 1491 1298 1546 ἐλάττω.
1354 1493 1482 1545 Είτε
1529 1492 1638 1562 γὰρ
1670 1492 1807 1561 πρὸς

223 1580 458 1633 ἕκαστον
499 1581 609 1634 τῶν
653 1582 943 1653 μακαρίων
972 1580 1203 1638 ἐκείνων
1247 1584 1353 1655 χρὴ
1383 1584 1617 1650 ἀπιδεῖν,
1649 1585 1807 1653 ὑμεῖς

221 1672 376 1738 ὄντες
405 1673 648 1728 τοσοῦτοι
670 1676 1007 1746 δικαιότερον
1032 1676 1097 1729 ἂν
1116 1677 1211 1729 καὶ
1233 1676 1588 1748 βουληθείητε
1608 1680 1804 1742 ταῦτα,

223 1766 321 1820 καὶ
350 1767 800 1839 καταπραξαισθε
823 1784 837 1800 ·
859 1770 966 1823 είτε
990 1767 1198 1832 πάντας
1229 1766 1366 1840 ὁμοῦ
1410 1768 1673 1836 λογιεῖταί
1701 1786 1808 1831 τις,

1903 578 2015 643 bat,
2047 576 2151 631 hoc
2177 585 2303 630 ante
2332 577 2515 632 omnia
2547 588 2835 638 curarunt.
2869 587 2928 633 ut
2957 580 3041 634 sui
3092 578 3261 634 studii
3294 586 3478 646 caput.

1902 670 2049 725 ldem
2078 669 2278 738 quippe
2310 680 2587 726 certamen
2630 686 2725 741 pro
2758 673 2860 726 hoc
2890 672 3033 741 ipso,
3084 687 3183 740 pro
3229 671 3481 741 veritate,

1872 777 2111 831 .proque
2134 777 2231 816 sua
2280 762 2525 831 ipsorum
2555 764 2732 819 salute
2784 766 3124 833 propositum
3176 764 3281 821 sibi
3334 765 3481 820 scie-

1902 856 2038 910 bant
2071 872 2084 907 :
2120 864 2173 909 et
2207 870 2331 910 cum
2370 854 2491 925 ipso
2515 856 2759 927 quidem,
2798 867 2948 912 recte
2979 873 3039 913 se
3081 856 3189 913 alia
3230 864 3484 926 peractu-

1907 962 2018 1010 ros,
2058 948 2161 1002 hoc
2190 956 2373 1002 autem
2404 962 2513 1002 uno
2561 948 2894 1017 posthabito,
2935 949 3145 1019 reliqua
3190 948 3359 1005 etiam
3420 963 3482 1005 se

1907 1038 2216 1094 amissuros
2249 1038 2407 1109 plane
2438 1040 2759 1095 censebant.

1978 1128 2075 1186 llis
2106 1130 2271 1198 igitur
2297 1131 2370 1186 ita
2402 1147 2461 1186 se
2487 1132 2834 1197 habentibus,
2859 1148 2980 1204 quae
3010 1133 3167 1188 aliter
3197 1147 3257 1188 se
3284 1131 3489 1187 habere

1908 1236 2065 1276 nemo
2106 1236 2342 1290 unquam
2393 1221 2609 1283 dixerit,
2663 1221 2749 1276 vel
2800 1222 3033 1276 nimium
3082 1221 3488 1283 eontentiosus,

1906 1328 2134 1369 necesse
2182 1321 2266 1368 est
2315 1328 2410 1367 vos
2447 1312 2613 1367 etiam
2651 1311 2842 1368 eodem
2879 1327 3009 1382 erga
3048 1312 3334 1367 materiam
3368 1324 3495 1380 pro-

1909 1404 2141 1474 positam
2175 1404 2358 1460 animo
2388 1404 2531 1465 sitis.
2559 1413 2616 1458 et
2656 1403 3001 1473 postpouatis
3044 1403 3230 1456 omnia
3261 1416 3496 1457 concor-

1907 1480 2010 1554 dite
2036 1496 2464 1567 Scripturarnm.
2494 1495 2622 1550 Sive
2641 1496 2784 1551 enim
2808 1503 3023 1565 oportet
3044 1491 3515 1563 iuSpieere,'quid,

1907 1600 2131 1646 sanctus
2182 1592 2416 1660 quisque
2471 1589 2686 1659 egerit:
2719 1603 2836 1650 vos,
2884 1587 2976 1657 qni
3029 1595 3181 1639 tanto
3218 1585 3352 1639 estis
3395 1598 3498 1638 nu-

1909 1695 2085 1744 mero,
2107 1681 2309 1747 justius
2331 1681 2436 1735 hoc
2460 1680 2600 1735 idem
2635 1689 2692 1735 et
2714 1681 2851 1735 velle
2884 1677 3094 1734 debetis
3123 1689 3176 1732 et
3202 1678 3494 1745 perficere;

1912 1776 2027 1833 sive
2068 1774 2193 1844 quis
2246 1774 2409 1828 etiam
2442 1789 2538 1828 eos
2587 1773 2902 1828 consideret
2942 1772 3229 1826 universos
3257 1812 3273 1835 ,
3319 1784 3500 1840 opera:

220 1857 280 1913 τὸ
325 1858 445 1929 μετ’
475 1859 716 1923 ἐκείνους
750 1861 833 1924 είς
892 1861 992 1930 τὴν
1043 1859 1214 1932 αὐτὴν
1262 1858 1454 1931 χρείαν
1512 1860 1677 1928 ὑμᾶς,
1722 1859 1814 1912 καὶ

1931 1867 2152 1935 pretium
2179 1873 2265 1921 est
2292 1879 2390 1918 vos
2408 1865 2595 1921 eadem
2622 1873 2742 1934 post
2764 1864 2886 1919 illus
2909 1863 3234 1918 necessitate
3253 1848 3500 1927 adactos,

223 1951 447 2023 ζηλοῦν,
484 1951 771 2023 βούλεσθαι
799 1952 1076 2017 λυσιτελές
1096 1969 1110 1985 ο
1136 1952 1229 2009 καὶ
1244 1952 1341 2022 τὴν
1374 1951 1624 2008 ἐναντίαν
1649 1953 1809 2015 ίοῦσι,

200 2043 411 2115 ’ψόγων
436 2044 612 2097 αίτιον
645 2044 823 2099 ἔσται.
859 2045 1055 2098 Καίτοι
1083 2046 1196 2108 τοῖς
1231 2045 1356 2113 μὲν,
1390 2046 1439 2098 εί
1471 2046 1564 2099 καὶ
1599 2045 1674 2116 μὴ
1706 2047 1810 2098 πᾶ-

228 2152 335 2201 σιν,
362 2134 500 2190 ἀλλὰ
533 2137 644 2200 τοῖς
679 2154 744 2207 γε
780 2137 1071 2209 προτέροις
1111 2138 1167 2193 αἱ
1202 2136 1419 2209 Γραφαὶ
1453 2136 1615 2208 μόνον
1648 2136 1815 2207 προῦ-

224 2246 427 2293 κειντο,
449 2228 515 2292 ἃς
547 2229 809 2299 δυσχερὲς
862 2230 960 2299 μὲν
1013 2224 1102 2301 ἦν,
1151 2229 1303 2297 ὅμως
1328 2229 1373 2282 δ’
1409 2231 1640 2298 ἴσχυσαν
1678 2246 1814 2298 συμ-

226 2322 490 2377 6ι6ἀσαιο
515 2322 645 2392 ὑμῖν
674 2323 721 2376 δ’
751 2323 811 2377 οὐ
835 2324 1017 2395 μικρὰ
1049 2322 1303 2394 βοηθείας
1335 2324 1648 2394 προσθήκη,
1676 2323 1812 2376 ἀλλὰ

228 2414 420 2485 σχεδὸν
448 2415 588 2484 αὐτὴ
612 2416 673 2470 τὸ
702 2419 809 2470 πᾶν
832 2415 986 2484 οὖσα,
1022 2416 1086 2470 αῖ
1109 2434 1167 2471 τε
1198 2418 1308 2470 τῶν
1354 2416 1693 2473 διδασκάλων
1721 2416 1814 2469 ἐπὶ

225 2510 351 2572 ταῖς
383 2508 630 2579 Γραφαῖς
660 2508 975 2579 ἐξηγήσεις,
1005 2509 1096 2561 καὶ
1131 2507 1282 2566 ἄλλοι
1328 2508 1535 2565 τούτων
1577 2509 1810 2575 ἀγῶνες,

226 2600 327 2663 οὓς
356 2601 449 2652 ἐπὶ
479 2600 685 2673 ἐλέγχῳ
714 2604 813 2669 μὲν
857 2600 968 2654 τῶν
1012 2599 1427 2669 ἀνθισταμένων
1460 2602 1527 2670 τῇ
1558 2600 1814 2671 ἀληθείᾳ,

228 2689 530 2761 βεϐαιώσει
569 2691 626 2743 δὲ
674 2693 785 2745 τῶν
836 2692 1054 2764 οἰκείων
1107 2692 1205 2746 καὶ
1257 2691 1598 2764 πειθομένων
1632 2694 1817 2756 αὐτοῖς

232 2783 599 2854 ἔνεστήσαντο
616 2800 629 2813 ·
662 2780 735 2837 ὧν
761 2785 1030 2840 τοσούτων
1054 2786 1228 2839 ὄντων
1254 2786 1353 2839 καὶ
1383 2786 1816 2857 μαρτυρούντων

231 2872 493 2943 ἀλλήλοις
523 2874 625 2945 τὴν
652 2875 995 2945 συμφωνίαν,
1017 2875 1206 2945 ὥσπερ
1236 2875 1433 2946 δδηγόν
1454 2892 1575 2927 τινα
1600 2874 1819 2943 ἀπλανῆ

228 2964 340 3033 τῆς
372 2964 715 3037 ζητουμένης
770 2965 1031 3036 ἀληθείας
1087 2966 1277 3021 λαϐεῖν
1328 2966 1620 3039 πρόχειρόν
1671 2967 1821 3019 ἐστιν

229 3056 394 3114 οὐδὲν
422 3051 586 3131 ἧττον
618 3057 650 3128 ἢ
684 3057 910 3112 δίκαιον.
961 3058 1120 3114 ’Δλλὰ
1150 3058 1220 3113 τὰ
1250 3059 1350 3128 μὲν
1376 3059 1504 3129 περὶ
1537 3058 1645 3113 τῶν
1677 3058 1825 3112 διδσ.⁴

236 3149 462 3205 exetin
496 3149 729 3216 αὐτίκα,
769 3148 839 3202 τὰ
868 3149 926 3203 δὲ
972 3150 1081 3203 τῶν
1132 3150 1367 3221 Γραφῶν
1414 3150 1704 3221 ἀξιώματα
1736 3152 1820 3204 δεῖ

1916 1961 2133 2016 illorum
2176 1958 2314 2015 velle
2363 1958 2518 2027 sequi
2564 1956 2828 2027 vestigia;
2878 1956 3126 2026 opposita
3171 1971 3300 2011 vero
3354 1955 3503 2009 ince-

1913 2054 2106 2109 dentes
2157 2053 2248 2107 via
2283 2051 2765 2121 reprehensionem
2820 2066 2925 2105 non
2975 2049 3269 2120 eﬂ'ugictis.
3318 2047 3505 2115 Quan-

1915 2161 2076 2215 quam
2108 2145 2220 2200 illis
2250 2144 2492 2213 quidem,
2525 2143 2628 2198 etsi
2669 2158 2777 2198 non
2811 2141 3089 2205 omnibus,
3129 2151 3185 2195 at
3219 2150 3367 2196 certe
3390 2140 3503 2209 pri-

1915 2222 2021 2293 mis
2044 2278 2058 2298 .
2093 2237 2223 2293 sola:
2256 2234 2558 2305 Sctipturrn
2587 2244 2744 2289 erant
2776 2234 2846 2288 ob
2870 2235 3083 2298 oculos,
3118 2248 3253 2303 quas
3284 2232 3503 2296 difficile

1914 2330 2155 2400 quidem,
2193 2337 2417 2398 potuere
2466 2336 2647 2382 tamen
2698 2327 2752 2381 in
2800 2342 2964 2381 unam
3010 2340 3273 2384 revocare
3306 2339 3505 2379 conve-

1916 2424 2175 2478 nientiam
2209 2438 2224 2477 :
2275 2430 2331 2475 at
2364 2421 2521 2476 vobis
2558 2435 2668 2474 non
2711 2435 2874 2488 parva
2925 2417 3225 2486 adjutnonti
3259 2416 3506 2473 accessio

1916 2522 2023 2579 est,
2061 2516 2171 2569 imo
2192 2529 2322 2569 vero
2362 2514 2479 2583 ipsa
2524 2521 2695 2568 totum
2746 2511 2859 2565 fere
2902 2511 3083 2574 valet,
3115 2511 3260 2579 quod
3318 2510 3509 2564 docto-

1916 2622 2037 2662 rum
2086 2607 2459 2677 cxpositiones
2505 2605 2559 2660 in
2598 2604 2937 2673 Scripturas,
2973 2612 3028 2658 et
3056 2602 3362 2658 certamina
3409 2615 3502 2655 eo-

1921 2712 2040 2751 rum
2080 2697 2291 2755 habetis
2340 2696 2653 2767 proposita,
2688 2711 2811 2765 qua:
2856 2696 2936 2757 illi
2987 2703 3101 2750 tum
3145 2693 3212 2748 ad
3259 2690 3509 2749 veritatis

1923 2786 2109 2841 hostes
2150 2786 2580 2856 redarguentlos,
2616 2792 2732 2838 tum
2784 2784 2851 2837 ad
2899 2797 3031 2838 suos
3078 2779 3508 2843 confirmandos.

1923 2876 2086 2931 dictis
2111 2877 2320 2931 scilicet
2337 2891 2526 2931 eorum
2560 2876 2872 2939 audientes,
2895 2888 3208 2943 suscepere.
3236 2871 3509 2938 Quorum,

1924 2982 2048 3020 cum
2078 2965 2215 3021 adeo
2248 2966 2413 3020 multi
2459 2965 2679 3034 sibique
2712 2963 2948 3018 invicem
2995 2974 3159 3018 testes
3193 2963 3304 3018 sint
3329 3003 3344 3026 ,
3379 2975 3513 3016 con.

1923 3058 2239 3114 sensionem
2276 3057 2434 3114 facile
2466 3056 2671 3127 pariter
2698 3071 2763 3110 ac
2805 3056 3012 3125 justum
3046 3062 3130 3109 est
3174 3067 3392 3109 sumere
3419 3066 3515 3106 ve.

1932 3151 2029 3205 luti
2065 3150 2257 3205 ducem
2287 3149 2653 3204 certissimum
2689 3148 2755 3203 ad
2790 3148 3074 3201 veritatem
3126 3142 3514 3213 indagandum.

235 3241 613 3298 συνάπτεσθαι
660 3242 898 3314 πρῶτον.
952 3242 1108 3313 Ἔχει
1159 3244 1268 3312 γὰρ
1299 3244 1442 3298 οὕτω
1466 3262 1481 3277 ’
1513 3244 1587 3301 Τὸ
1621 3245 1721 3314 μὲν
1759 3248 1822 3300 ἐκ

1931 3248 2004 3299 Ac
2035 3245 2101 3299 de
2120 3244 2405 3299 doctorum
2440 3243 2658 3313 quidem
2680 3254 2947 3297 consensu
2973 3250 3160 3309 postea
3189 3253 3204 3293 :
3241 3237 3394 3306 prius
3423 3250 3522 3290 an.

234 3336 335 3390 τοῦ
389 3336 602 3407 Πατρὶς
651 3336 1052 3407 ἐκπορεύεσθαι
1080 3337 1141 3391 τὸ
1170 3325 1397 3407 Πνεῦμα
1436 3337 1497 3391 τὸ
1523 3339 1683 3407 ἅγιον
1710 3340 1824 3392 κεί-

236 3446 332 3481 ται
358 3428 456 3497 μὲν
484 3426 784 3500 διαρρήδην
797 3429 860 3483 .ὲν
881 3432 946 3500 τῇ
982 3429 1198 3500 Γραφῇ,
1218 3430 1561 3499 ὁμολογεῖται
1588 3431 1643 3485 δὲ
1673 3433 1825 3502 παρὰ

241 3522 467 3574 πάντων
498 3521 675 3591 ἡμῶν,
709 3523 805 3575 καὶ
848 3522 909 3576 ού
945 3502 1324 3593 μᾶλλον’πρδς
1368 3524 1621 3596 Γραικῶν
1652 3525 1684 3596 ἢ
1718 3526 1825 3578 Λα-

239 3612 412 3665 τίνων
433 3612 640 3681 ῐστηκε
678 3613 854 3677 τοῦτο,
887 3613 994 3665 οἶδ’
1033 3612 1181 3666 ἔστιν
1214 3614 1277 3666 ἐκ
1307 3613 1499 3669 τούτου
1546 3614 1696 3672 λύειν
1727 3614 1828 3683 τὴν

240 3703 701 3776 ἀμφισϐήτησινο
734 3703 857 3757 οὔτε
914 3705 1024 3774 γὰρ
1076 3707 1293 3776 ἀνάγκη
1338 3708 1433 3760 καὶ
1475 3707 1538 3763 ἐκ
1569 3705 1663 3763 τοῦ
1699 3706 1828 3759 Υίοῦ

243 3797 503 3864 προϊέναι
538 3797 599 3849 τὸ
636 3797 860 3866 Πνεῦμα
889 3796 1078 3849 τούτου
1109 3800 1389 3869 κειμένου,
1422 3796 1534 3852 οὔτ’
1561 3798 1828 3853 ἀδύνατον

246 3892 344 3943 καὶ
395 3890 458 3942 ὲκ
507 3889 599 3943 τοῦ
632 3889 763 3946 Υἱοῦ
812 3891 1231 3961 ἐκπορεύεσθαι.
1274 3893 1337 3945 Ἦ
1377 3894 1486 3963 γὰρ
1520 3895 1830 3962 κατάφασις

243 3981 398 4052 αὕτη
432 3980 531 4053 τὴν
560 3982 751 4053 ἑτέραν
777 3982 1087 4051 κατάφασιν
1114 3981 1236 4039 οὔτε
1265 3983 1503 4055 τίθησιν,
1527 3982 1640 4039 οὔτ’
1682 3985 1833 4038 ἀναι-

246 4079 373 4148 ρεῖ,
403 4074 520 4129 ἀλλ’
543 4074 816 4145 ἐνδέχεται
847 4076 946 4146 μὲν
971 4078 1043 4131 ἐκ
1082 4076 1179 4131 τοῦ
1215 4076 1346 4132 Υίοῦ
1377 4078 1650 4148 προϊέναι,
1684 4078 1833 4132 ἐνδέ-

245 4186 412 4241 χεται
440 4167 496 4221 δὲ
522 4168 615 4222 καὶ
649 4167 723 4238 μὴ
752 4168 1005 4239 προϊέναι
1035 4170 1157 4222 ὅσον
1186 4168 1251 4224 ἐκ
1278 4186 1342 4238 γε
1381 4170 1475 4227 τοῦ
1507 4172 1664 4237 λόγου
1686 4188 1699 4203 ⁸
1729 4170 1839 4224 ῶσ-

246 4278 360 4335 περ
415 4262 469 4315 εί
508 4277 593 4325 τις
632 4260 782 4333 λέγοι
827 4262 919 4316 τὸν
964 4260 1248 4331 ἄνθρωπον
1295 4255 1435 4319 εἶναι
1487 4262 1663 4326 ζῶον,
1712 4261 1838 4316 οὕτε

248 4354 501 4425 λογικὸν,
526 4349 667 4407 εἶναι
695 4353 912 4421 τίθησιν
943 4353 1003 4419 ἐξ
1033 4353 1301 4423 ἀνάγκης,
1338 4351 1461 4413 οὗτε
1509 4352 1656 4411 τοῦτ’
1689 4357 1843 4417 dum.»

256 4448 384 4518 ρεϊο
420 4444 596 4502 καίτοι
633 4444 769 4518 πρὸς
802 4443 893 4497 τὸν
940 4443 1041 4511 τῆς
1075 4445 1304 4514 προόδου
1337 4444 1445 4498 τῶν
1477 4444 1638 4502 θείων
1670 4463 1843 4516 προσ-

249 4539 426 4594 ὡπων
456 4539 660 4611 τρόπον
686 4538 971 4608 ἀφορῶσιν
1002 4540 1135 4608 ἡμῖν
1166 4539 1260 4591 καὶ
1299 4538 1367 4608 ἣν
1401 4539 1450 4592 οἱ
1483 4539 1618 4596 θεῖοι
1664 4540 1841 4594 Πατέ-

254 4648 350 4703 ρες
376 4630 591 4694 τούτοις
619 4630 911 4684 ἀπέδωκαν
936 4630 1112 4697 τάξιν,
1142 4630 1323 4699 τίθησι
1353 4632 1447 4685 καὶ
1478 4631 1611 4685 πολὺ
1638 4631 1842 4703 μᾶλλον

253 4724 288 4794 ἡ
342 4724 653 4793 κατάφασις
703 4722 801 4793 τὴν
838 4723 1177 4791 κατάφασιν.
1224 4723 1345 4776 Τῶν
1394 4723 1504 4795 γὰρ
1552 4723 1629 4795 τῷ
1666 4725 1843 4794 Πατρὶ

254 4816 575 4886 προσόντων
616 4816 708 4867 καὶ
737 4814 827 4869 τὸν
852 4815 977 4867 Υίῖιν
1002 4815 1080 4867 δεῖ
1106 4818 1408 4881 κοινωνεῖν,
1437 4817 1507 4871 ἂν
1541 4820 1614 4887 μή
1649 4834 1701 4870 τι
1732 4836 1840 4873 κω-

254 4909 365 4981 λύῃ
391 4926 405 4940 ⁶
440 4909 535 4961 καὶ
574 4909 634 4960 τὸ
663 4907 749 4964 διά
778 4926 925 4971 τινος
964 4909 1027 4962 ἐκ
1053 4925 1197 4972 τινος
1232 4910 1510 4974 ούσιωδῶς
1546 4913 1737 4981 προϊὸν
1763 4913 1842 4964 αί-

254 5004 383 5055 τίαν
412 5002 529 5072 ἔχει
564 5003 657 5056 καὶ
684 5003 744 5055 τὸ
790 5002 859 5055 δι’
885 5002 944 5054 οὗ
983 5003 1233 5074 πρόεισι·
1268 5004 1521 5075 καθάπερ
1553 5005 1714 5067 εἴτις
1743 5003 1842 5076 τὴν

258 5097 479 5166 θέρμην
512 5097 576 5149 ὲκ
606 5095 701 5147 τοῦ
747 5093 899 5167 ἡλίου
943 5097 1312 5166 προέρχεσθαι
1365 5096 1536 5166 λέγοι,
1565 5099 1627 5150 τὸ
1654 5098 1749 5151 καὶ
1781 5099 1845 5150 ὲκ

259 5194 361 5262 τῆς
404 5191 622 5250 ἀκτῖνος
653 5187 903 5257 προϊέναι
963 5187 1133 5259 αὐτὴν
1168 5187 1291 5240 οὔτε
1333 5188 1547 5259 τίθησιν
1574 5188 1685 5243 οὔτ’
1713 5191 1847 5245 ἀνα-

260 5283 462 5354 τρέπει
483 5297 497 5311 ο
522 5274 716 5333 οὔκουν
746 5279 808 5331 ἐκ
838 5295 900 5352 γε
930 5278 1026 5332 τοῦ
1054 5280 1216 5348 λόγου
1246 5297 1259 5310 ·
1294 5283 1471 5336 καίτοι
1494 5283 1676 5355 τίθησι
1710 5285 1850 5353 μᾶ).-

264 5375 384 5440 λον,
417 5373 483 5428 ἄν
520 5390 603 5434 τις
633 5370 723 5427 τὸν
754 5371 854 5442 τῆς
896 5371 1124 5443 προόδου
1167 5373 1370 5443 τρόπον
1418 5374 1709 5444 λογίζοιτο,
1757 5376 1853 5430 καὶ

264 5468 329 5520 τὸ
366 5463 653 5536 μεσιτεῦον
682 5463 750 5537 ῆν
780 5480 902 5517 τινα
927 5464 1080 5529 τάξιν
1108 5465 1242 5536 πρὸς
1270 5466 1531 5537 ἑκάτερον
1555 5467 1669 5538 ἔχει
1690 5484 1705 5499 ο
1730 5469 1854 5521 τότε

266 5564 384 5631 γὰρ
417 5558 479 5617 τὸ
506 5558 595 5617 διὰ
626 5558 725 5631 τῆς
757 5559 974 5625 ἀκτῖνος
1021 5544 1283 5627 φυσικῶς
1316 5562 1505 5632 προϊὸν
1549 5563 1645 5617 καὶ
1674 5561 1735 5627 ὲξ
1765 5561 1862 5615 αῦ-

270 5658 376 5725 τῆς
427 5654 500 5717 ὡς
550 5653 616 5707 ὲκ
666 5652 972 5727 προσεχοῦς
1028 5655 1208 5718 αἰτίας
1242 5654 1610 5726 προέρχεσθαι
1641 5657 1860 5719 πάντως

271 5748 395 5819 ἐρεῖ
419 5763 432 5777 ·
460 5747 596 5809 τέως
629 5745 686 5797 δὲ
722 5745 814 5798 τὸν
851 5744 1009 5815 λόγον
1058 5746 1222 5816 μόνον
1255 5748 1608 5813 σκοποῦντες,
1641 5747 1857 5802 οὐδέτε-

275 5859 375 5920 ρον
416 5840 475 5907 ἐξ
507 5839 752 5911 ἀνάγκης
787 5839 1226 5909 ἀποφαινόμεθα.
1264 5838 1391 5916 Ἆρ’
1422 5841 1515 5899 οῦν
1545 5841 1688 5898 οὕτω
1720 5841 1861 5899 κάπὶ

606 5935 876 5999 Panos.
917 5933 1034 5996 Gn.
1062 5932 1220 5995 CLX

1877 4584 1921 4639 ι)

1928 3347 2035 3393 tem
2062 3337 2328 3407 agendum
2345 3335 2511 3391 estde
2537 3332 2921 3389 convenientia
2950 3329 3348 3386 sententiarum
3369 3326 3515 3384 Scri-

1928 3435 2125 3497 ptnrae,
2161 3427 2359 3481 etenim
2407 3441 2496 3480 res
2526 3426 2598 3479 ita
2627 3440 2685 3481 se
2714 3424 2876 3478 habet
2906 3440 2919 3475 :
2955 3420 3219 3493 Spiritum
3263 3424 3514 3474 sanctum

1930 3534 1997 3574 ex
2023 3517 2184 3573 Patre
2209 3518 2528 3588 procedere,
2548 3524 2783 3572 testatur
2812 3513 3101 3569 manifeste
3124 3510 3434 3578 Scriptura,
3466 3516 3520 3560 rt

1929 3613 2297 3668 communiter
2344 3626 2536 3666 omnes
2590 3610 2827 3663 fatemur
2859 3648 2874 3673 ,
2928 3621 3033 3662 nec
3088 3602 3264 3674 magis
3309 3599 3519 3656 Grecis

1934 3720 2096 3773 quam
2129 3705 2337 3760 Latinis
2376 3704 2428 3757 id
2465 3704 2628 3763 favet,
2666 3717 2765 3756 nec
2794 3699 3031 3755 sulvitur
3085 3711 3190 3766 per
3232 3696 3335 3749 hoc
3364 3692 3524 3746 dubiq

1934 3798 2089 3853 tatio.
2123 3797 2234 3853 llee
2263 3797 2409 3852 enim
2445 3795 2644 3865 posito,
2693 3806 2870 3861 neque
2903 3788 3276 3845 necessarium
3343 3797 3523 3852 neque

1938 3886 2279 3957 impossibile
2308 3895 2415 3952 est,
2438 3886 2510 3939 eti
2532 3901 2603 3938 un
2636 3899 2702 3937 ex
2737 3883 2874 3937 Filio
2903 3879 3199 3951 procedere
3228 3876 3518 3945 Spiritum,

1939 3993 2063 4033 cum
2100 3968 2225 4032 hate
2263 3978 2559 4032 affirmatio
2595 3990 2695 4029 nec
2741 3982 2908 4041 ponat
2964 3986 3064 4025 nec
3100 3969 3256 4025 tollat
3294 3967 3521 4025 alteram

1940 4070 2386 4132 affirtnationcnt,
2421 4067 2517 4121 sed
2549 4063 2811 4135 possibile
2841 4063 2911 4116 sit
2939 4077 3004 4116 ex
3040 4060 3087 4112 vi
3124 4059 3289 4128 hujus
3329 4069 3529 4125 propo-

1943 4164 2161 4219 sitionis
2221 4160 2516 4231 procedere
2550 4166 2645 4212 aut
2680 4172 2785 4211 non
2828 4154 3120 4225 procedere
3146 4166 3212 4213 ex
3251 4147 3427 4217 Filio;
3460 4156 3528 4207 tut

1945 4254 2037 4324 qni
2077 4253 2212 4309 dicit
2251 4250 2528 4307 hominem
2558 4263 2679 4304 esse
2708 4246 2933 4310 animal,
2970 4259 3069 4300 nec
3100 4241 3326 4303 rationis
3358 4240 3533 4311 parti-

1949 4350 2126 4418 cipem
2173 4346 2324 4400 illum
2378 4340 2689 4398 necessario
2735 4337 2954 4399 asserit,
3006 4350 3184 4405 neque
3240 4334 3291 4390 id
3345 4342 3529 4403 negat.

1947 4441 2272 4523 Quanquam
2305 4438 2350 4492 si
2384 4437 2604 4490 modum
2651 4429 3023 4501 processionis
3058 4426 3368 4485 divinarum
3405 4441 3532 4495 pcr-

1949 4522 2211 4590 sonarum
2241 4540 2573 4601 spectemus,
2604 4527 2966 4594 ordinemque
3002 4522 3109 4577 illis
3135 4522 3474 4591 assignatum
3506 4536 3532 4571 a

1950 4626 2158 4683 sanctis
2197 4623 2472 4685 Patribus,
2508 4620 2681 4676 multo
2718 4617 2890 4686 magis
2918 4613 3212 4669 affirmatio
3252 4611 3406 4680 ponit
3447 4609 3535 4665 af-

1952 4718 2315 4774 firmationem
2370 4733 2382 4768 :
2427 4730 2551 4768 nam
2585 4728 2647 4767 ea
2676 4725 2797 4779 qum
2828 4705 2985 4760 Pater
3016 4704 3198 4765 habet,
3238 4703 3348 4754 sint
3374 4702 3534 4754 etiam

1949 4812 2089 4867 Filio
2123 4807 2437 4865 communia
2476 4819 2703 4860 necesse
2738 4809 2851 4866 est,
2905 4796 3008 4850 nisi
3059 4792 3263 4862 aliquid
3303 4792 3485 4846 obstet
3519 4809 3533 4846 :

1949 4915 2001 4960 et
2047 4904 2192 4973 quod
2233 4919 2296 4958 ex
2357 4900 2540 4968 aliquo
2590 4912 2686 4966 per
2733 4890 2936 4961 aliquid
2988 4887 3356 4945 essentialiter
3414 4899 3539 4952 pre-

1951 5000 2066 5060 dit,
2123 5010 2342 5050 causam
2388 4993 2550 5045 habet
2590 4986 2721 5041 illud
2783 4984 2945 5039 etiam
2999 4996 3096 5051 per
3145 4979 3287 5049 quod
3339 4976 3537 5044 prodit,

1948 5103 2010 5150 ut
2043 5090 2087 5146 si
2126 5088 2250 5157 quis
2300 5085 2534 5141 calorem
2584 5094 2614 5134 e
2667 5077 2781 5131 sole
2837 5076 2981 5128 dicat
3017 5072 3171 5136 oriri,
3208 5070 3357 5125 illum
3391 5085 3420 5124 e
3455 5084 3541 5123 rae

1956 5186 2045 5240 die
2090 5192 2309 5252 quoque
2361 5176 2491 5230 oriri
2550 5186 2725 5241 neque
2783 5167 2860 5223 ait
2919 5181 3095 5234 neque
3154 5172 3335 5232 negat,
3390 5159 3537 5230 quod

1958 5273 2238 5333 attinetad
2273 5272 2446 5340 ipsam
2475 5265 2928 5338 propositionem,
2963 5272 3276 5330 quanquam
3312 5253 3542 5307 ntiirmat

1964 5369 2164 5440 magis,
2196 5366 2243 5421 si
2281 5364 2407 5435 quis
2460 5361 2682 5417 modum
2720 5354 3100 5428 productionis
3135 5347 3467 5410 consideret,
3492 5353 3547 5399 et

1964 5436 2215 5519 ordinem
2243 5471 2403 5529 quem
2437 5455 2599 5509 habet
2626 5452 2693 5506 ad
2731 5460 3024 5516 utrumque
3054 5458 3142 5498 res
3182 5436 3545 5502 intertncdia;

1962 5569 2095 5613 tunc
2129 5556 2274 5611 enim
2304 5552 2461 5621 plane
2490 5566 2595 5605 non
2627 5546 2846 5616 negabit
2876 5558 2937 5596 ex
2967 5543 3087 5609 ipso
3116 5538 3276 5590 etiam
3307 5532 3455 5585 radio
3488 5541 3549 5586 ut

1962 5650 2211 5722 proxima
2244 5661 2408 5703 causa
2446 5644 2602 5705 oriri,
2638 5638 2781 5709 quod
2824 5650 2918 5704 per
2951 5632 3100 5686 illum
3138 5632 3357 5681 emanat
3391 5633 3550 5677 natu,

1966 5719 2153 5802 raliter
2189 5756 2204 5796 :
2235 5741 2451 5797 interim
2492 5739 2545 5793 id
2572 5735 2747 5792 solum
2782 5727 3213 5787 considerantes,
3249 5719 3395 5792 quod
3427 5734 3553 5789 pro.

1968 5839 2281 5900 nuntiatum
2337 5843 2446 5902 est,
2495 5838 2752 5889 neutrum
2805 5820 3163 5895 exprimimus
3211 5814 3546 5876 necessarie.

3115 5909 3184 5973 16
