3932 6458
443 386 553 452 495
636 450 641 455 ,

1544 384 1949 451 αιιΕΝΝΑοη
1989 383 2098 449 cr.
2138 383 2661 451 memnonis
3581 397 3673 467 ωδ

441 504 637 561 merito
662 501 735 577 de
761 499 930 586 pobis
960 498 1409 573 ’conquerentur‘,
1452 509 1581 557 'tum
1630 501 1759 573 quia
1797 500 2041 558 'l‘ratrum

2146 500 2406 558 τάναντία
2461 503 2576 568 τοῖς
2627 501 2851 575 ἀληθέσι
2902 501 3163 575 φρονοῦσι
3219 519 3279 559 τε
3326 505 3415 562 καὶ
3455 514 3673 586 σύγγρά-

442 596 640 670 injuria
675 578 987 664 communis
1013 595 1197 651 'etiam
1255 604 1338 651 est
1385 594 1519 665 ipsis
1552 603 1648 661 ;et
1691 594 2038 651 inhonoratis

441 690 550 747 illis
574 690 878 746 censebunt
908 688 1119 744 nullum
1146 687 1250 743 sibi
1299 701 1519 759 quoque
1578 684 1695 741 fieri
1745 685 2036 753 honorem,

443 784 568 840 licet
598 784 831 839 multum
860 782 1123 839 honorari
1171 781 1458 837 videantur
1490 798 1506 837 :
1537 792 1652 837 tum
1720 779 1769 837 si
1833 781 2038 836 versati

442 892 564 935 esse
582 855 644 933 .iti
676 892 863 934 errore
893 876 996 948 ipsi
1020 875 1370 939 videbuntur,
1399 874 1545 945 quod
1571 873 1733 946 quasi
1778 872 2039 930 doctores

443 970 841 1040 celebraverint
884 969 1156 1036 homines,
1216 970 1309 1040 qui
1367 967 1542 1024 errori
1598 965 2038 1023 subservierunt.

445 1064 660 1135 ignorat
692 1063 835 1118 enim
867 1078 1050 1128 nemo,
1083 1077 1249 1134 quant
1274 1060 1432 1118 miris
1463 1060 1720 1117 laudibus
1737 1061 1881 1115 alter
1902 1059 2041 1116 alte-

445 1156 562 1211 rius
591 1157 920 1211 mentionem
950 1154 1229 1221 faciendo,
1263 1169 1388 1211 sese
1420 1154 1655 1211 invicem
1718 1155 2042 1211 ornaverint

446 1258 560 1303 tun-
590 1244 828 1319 publice,
855 1258 969 1302 tum
999 1246 1277 1317 privatim.
1311 1247 1424 1302 Has
1451 1244 1618 1317 igitur
1636 1245 1708 1300 ob
1731 1258 1955 1308 causas,
1982 1252 2039 1299 et

447 1342 627 1414 plures
657 1342 792 1396 alias
824 1340 1165 1407 consimiles,
1216 1342 1417 1411 (neque
1469 1341 1616 1396 enim
1664 1339 2041 1410 percensendo

447 1434 660 1503 singula
718 1432 1144 1503 obstrepentium
1204 1433 1442 1488 arbitror
1500 1430 1699 1488 vestris
1785 1431 2039 1505 auribus)

445 1535 699 1595 oportere
732 1523 821 1579 aio
855 1539 1048 1580 omnes
1073 1524 1327 1580 Ecclesiae
1385 1523 1640 1581 doctores
1688 1523 1951 1580 honorari
2010 1539 2040 1579 a

447 1619 626 1684 vobis,
652 1617 944 1673 etnullum
982 1617 1378 1673 eorumliabcri
1403 1628 1664 1686 tanquam
1702 1617 1755 1672 in
1795 1632 2042 1673 errorem

446 1711 683 1780 lapsum,
712 1724 813 1766 nec
840 1710 1008 1766 ullum
1038 1711 1184 1766 inter
1231 1711 1354 1766 illos
1382 1726 1577 1782 pugna:
1608 1709 1891 1782 vestigium
1941 1725 2041 1766 suo

451 1802 701 1874 spicione
726 1803 953 1875 attingi;
987 1802 1229 1874 sedjure
1251 1804 1380 1859 illud
1414 1802 1789 1875 opinantibus,
1820 1812 2041 1874 exopta-

2144 611 2331 665 φουσι·
2369 596 2508 668 πρὸς
2536 596 2595 650 δὲ
2624 595 2844 661 τούτοις
2871 598 2967 650 καὶ
2996 596 3198 660 πολλὰς
3236 598 3373 671 ὑπὲρ
3408 601 3511 657 τῶν
3543 606 3669 675 hau.

2110 683 2398 756 ιτημένων
2423 684 2583 751 δίκας
2623 685 2885 757 ὀφείλειν.
2929 687 3095 742 Ἀνευ
3146 687 3203 741 δὲ
3255 686 3451 745 τούτων
3498 694 3595 748 οὐδ’
3629 698 3673 751 oi

2141 777 2276 849 παρ’
2305 778 2468 850 ἡμῶν
2489 779 2660 850 τιμῆς
2683 779 2999 850 ἀξιούμενοι
3048 779 3211 852 χάριν
3257 781 3478 838 είσονται
3502 785 3673 856 μᾶλλον

2139 871 2277 943 ἡμῖν
2303 871 2383 941 ,ἢ
2424 871 2653 937 δικαίως
2698 870 2989 926 ὀνειδιοῦσι
3039 871 3135 926 καὶ
3198 872 3510 945 μέμψονται,
3541 878 3675 934 τοῦτο

2145 962 2247 1035 μὲν
2293 965 2390 1018 καὶ
2427 963 2587 1019 αὐτοὶ
2618 964 3008 1030 κοινωνοῦντες
3037 964 3141 1033 τῆς
3176 965 3285 1020 τῶν
3330 968 3555 1039 ἀδελφῶν
3578 970 3676 1025 ἀτι-

2145 1057 2313 1130 μίας,
2357 1059 2451 1112 καὶ
2485 1057 2798 1129 νομίζοντες
2843 1058 3070 1114 ἐκείνων
3121 1059 3531 1131 ἀμελουμένων,
3568 1060 3672 1135 μηδ’

2144 1149 2301 1204 αὐτοὶ
2346 1149 2459 1205 τῶν
2489 1151 2717 1206 είκότων
2754 1151 3047 1223 τυγχάνειν
3099 1151 3203 1227 κάν
3252 1154 3447 1226 σφόδρα
3476 1153 3677 1225 δοκῶσι,

2143 1239 2302 1296 τοῦτο
2324 1241 2381 1296 δὲ
2415 1242 2464 1295 εί
2500 1242 2751 1310 δόξουσιν
2781 1244 3124 1316 ἡπατῆσθαι,
3152 1247 3251 1300 καὶ
3278 1248 3392 1310 ταῖς
3429 1246 3527 1300 τῶν
3558 1247 3679 1302 διδα-

2145 1332 2362 1389 σκάλων
2417 1338 2608 1407 τιμαῖς
2649 1335 2776 1401 τοὺς
2809 1338 2877 1408 τῇ
2905 1336 3087 1411 πλάνῃ
3113 1339 3536 1410 κατασχεθέντας
3568 1340 3677 1395 ἀπο-

2145 1422 2433 1494 σεμνῦναι’
2455 1425 2645 1494 ἀγνοεῖ
2670 1426 2779 1495 γὰρ
2806 1426 2994 1493 οὐδεὶς
3025 1428 3199 1482 ὁπόσα
3241 1430 3561 1500 μεμνημένοι
3585 1429 3682 1499 μετ’

2145 1515 2426 1586 εὐφημίας
2453 1516 2727 1588 ἀλλήλους
2782 1517 2891 1591 ἰδίᾳ
2926 1536 2987 1574 τε
3043 1520 3140 1575 καὶ
3179 1523 3336 1592 κοινῇ
3370 1522 3679 1593 τετιμήκασι.

2147 1607 2371 1664 τούτων
2398 1627 2458 1665 τε
2496 1610 2676 1665 τοίνυν
2710 1611 2900 1666 εἶνεκα
2934 1612 3029 1667 καὶ
3058 1612 3275 1667 πολλῶν
3303 1614 3472 1669 ἀλλων
3492 1614 3680 1684 ὁμοίων,

2145 1702 2208 1755 ού
2260 1703 2371 1774 γὰρ
2428 1696 2586 1774 οἶμαι
2640 1703 2762 1759 δεῖν
2815 1705 3144 1762 ἀποκναίειν
3189 1706 3293 1771 τάς
3338 1706 3484 1775 ὑμῶν
3540 1706 3680 1769 ἀκοάς

2140 1794 2360 1850 ἕκαστα
2412 1796 2735 1867 καταλέγων
2766 1840 2781 1866 ,
2833 1799 2950 1854 δετν
3002 1817 3149 1871 φημι
3191 1800 3400 1864 πάντας
3452 1801 3564 1864 τοὺς
3600 1800 3682 1868 τῆς

449 1903 559 1951 tam
588 1898 739 1968 vobis
770 1897 1121 1953 concordiam
1155 1896 1329 1953 luisse
1362 1897 1470 1953 illis
1517 1898 1673 1953 cordi
1733 1897 1931 1970 magis,
1983 1912 2041 1954 re

2159 1885 2496 1959 Ἐκκλησίας
2546 1891 2910 1957 διδασκάλους
2958 1893 3130 1965 τιμᾷν
3179 1893 3471 1963 ὑμᾶς,καὶ
3506 1892 3679 1963 μηδένα

449 1990 646 2047 melius
679 1990 1050 2058 considerata,
1084 1991 1263 2061 primo
1293 1991 1515 2061 quidem
1547 1989 1680 2045 illud
1737 2006 1836 2061 pro
1890 1999 2044 2047 certo

448 2096 569 2140 esse
597 2083 934 2155 ponendum,
971 2083 1165 2138 eadem
1226 2083 1352 2139 illos
1414 2081 1633 2154 sibique
1681 2084 2044 2154 congruentia

449 2176 689 2234 sensisse
720 2194 736 2241 ;
769 2178 967 2233 deinde
989 2177 1136 2249 quod
1169 2178 1344 2249 placet
1373 2177 1484 2233 illis
1515 2176 1799 2240 omnibus,
1824 2185 1883 2231 ut
1947 2190 2044 2233 ve—

447 2283 621 2331 stram
647 2272 835 2329 itidem
861 2275 1191 2331 sentcntiam
1217 2276 1556 2331 confidenter
1582 2274 2039 2347 amplectendum.

449 2364 606 2434 Quod
641 2363 895 2436 quamvis
926 2364 1161 2419 arduum
1196 2365 1415 2434 penitus
1445 2372 1611 2430 esset,
1666 2363 1914 2434 ipsorum
1949 2377 2042 2416 ar-

450 2455 623 2512 bitror
646 2456 933 2510 doctorum
958 2455 1143 2510 studio
1181 2461 1243 2508 et
1262 2468 1427 2525 opera
1457 2454 1634 2521 iteret,
1668 2464 1726 2509 ut
1776 2453 1931 2510 vobis
1991 2455 2043 2510 id

451 2546 616 2602 facile
649 2544 894 2601 futurum
923 2554 1086 2603 esset.
1122 2544 1327 2602 Verum
1378 2556 1433 2603 et
1492 2547 1820 2604 facillimum
1877 2558 1960 2604 est
1990 2558 2044 2604 ct

454 2638 606 2695 nullo
635 2638 841 2707 labore,
876 2635 970 2695 sed
1000 2640 1168 2696 alacri
1207 2646 1419 2695 tantum
1476 2640 1757 2697 voluntate
1814 2641 2042 2713 indiget.

418 2725 591 2786 ’Nam
629 2732 676 2788 si
713 2732 1031 2789 viderentur
1063 2734 1235 2789 sancti
1292 2733 1578 2805 digladiari
1634 2733 1773 2789 inter
1820 2747 1902 2801 se,
1950 2745 2046 2791 aut

457 2836 604 2879 certe
630 2824 979 2879 sermonibus
1008 2824 1275 2895 oppositis
1303 2825 1370 2881 de
1399 2826 1566 2882 rebus
1606 2826 1903 2897 propositis
1925 2834 2045 2882 ute-

450 2924 669 2985 rentur,
698 2930 765 2973 ne
793 2915 872 2972 sic
891 2915 1110 2988 quidem
1135 2928 1283 2974 esset
1315 2916 1534 2974 diﬂlcile
1567 2933 1663 2975 eos
1685 2918 2047 2976 intersecan-

455 3008 665 3077 ci'liare,
686 3008 1090 3082 verborumque
1146 3023 1385 3082 pugnam
1439 3009 1630 3066 tollere
1685 3024 1783 3081 per
1844 3023 2045 3067 conve-

453 3102 721 3159 nientiam
752 3119 986 3161 sensus:
1008 3118 1120 3159 non
1151 3103 1298 3160 enim
1316 3103 1570 3161 deessent
1603 3104 1761 3160 nobis
1803 3104 1871 3159 ait
1941 3106 2047 3162 hoc

452 3198 556 3255 via
586 3197 834 3269 quaedam
866 3206 922 3253 et
950 3196 1209 3267 praeclara
1237 3196 1479 3263 inventa,
1510 3211 1632 3266 quae
1662 3185 2044 3253 subministrat
2071 3224 2118 3283 ο

454 3292 679 3348 ubertas
709 3290 1108 3362 philosophica,
1144 3290 1191 3346 si
1219 3290 1484 3346 vellemus
1512 3299 1838 3362 apparentes
1876 3304 2043 3361 oppo-

454 3386 688 3441 sitiones
716 3384 927 3440 diluere
956 3397 1084 3439 cum
1113 3382 1454 3439 adminiculo
1502 3383 1749 3440 veritatis
1775 3399 1789 3438 :
1822 3383 1919 3439 sed
1962 3393 2043 3439 ta-

459 3492 582 3534 men
610 3477 1027 3547 refugeret-huc
1061 3474 1358 3548 quispiam,
1388 3476 1571 3534 sciens
1606 3476 1760 3532 multi
1792 3477 1896 3532 hoc
1923 3490 2046 3533 esse

446 3570 818 3643 opusnegotii
852 3569 1161 3626 aciaboris.
1187 3567 1353 3625 Nunc
1381 3578 1566 3625 autem
1592 3584 1700 3626 non
1736 3569 1813 3625 ita
1835 3583 1896 3624 se
1945 3568 2044 3624 ha-

430 3664 582 3719 bere
602 3670 926 3719 sanctorum
958 3664 1162 3734 scripta
1190 3676 1386 3719 omnes
1415 3661 1663 3719 videmus
1690 3681 1705 3729 ;
1737 3662 1833 3719 sed
1873 3662 2045 3717 multa
2076 3708 2079 3709 ν

432 3756 510 3810 in
538 3754 648 3812 illis
673 3753 1045 3827 tranquillitas
1073 3763 1179 3819 est,
1216 3763 1270 3809 et
1304 3756 1561 3810 emittunt
1615 3754 1774 3811 nobis
1827 3755 2045 3811 eminus

452 3845 761 3903 concordiae
788 3845 992 3901 radios.
1023 3844 1178 3913 Quod
1202 3846 1247 3901 si
1273 3845 1406 3916 quid
1437 3844 1602 3901 etiam
1630 3845 1683 3899 in
1702 3845 1809 3901 illis
1840 3844 2045 3902 discre-

430 3940 655 4010 panti-.2
685 3939 909 3995 mistum
945 3949 1048 4005 est,
1094 3937 1386 4008 superﬁcie
1432 3946 1591 3995 tenus
1631 3937 1767 3994 illud
1822 3947 1907 3994 est
1963 3947 2045 3994 at-

430 4048 563 4103 -que
601 4033 658 4087 in
684 4031 943 4103 speciem.
966 4032 1070 4086 Aut
1106 4030 1249 4086 enim
1283 4031 1501 4086 diversa
1533 4031 1601 4086 de
1630 4029 1826 4087 iisdem
1857 4034 2044 4101 plures

449 4124 771 4193 loquuntur,
797 4122 942 4195 quod
967 4121 1213 4179 eruditos
1247 4123 1497 4180 homines
1543 4124 1769 4179 turbare
1819 4123 2045 4180 minime

447 4226 647 4286 potest,
665 4218 968 4272 turbaverit
985 4226 1165 4273 autem
1192 4216 1369 4288 primo
1395 4227 1616 4289 aspectu
1637 4216 2037 4288 simpliciores:

455 4318 551 4365 aut
574 4309 805 4363 dicendo
835 4319 891 4364 et
927 4310 1164 4366 tacend'o
1198 4311 1341 4366 inter
1369 4326 1428 4366 se
1451 4310 1728 4377 diiletunt,
1761 4310 2045 4383 quodjllis

449 4401 770 4470 contingere
802 4408 885 4456 est
914 4410 1373 4456 consentaneum.
1400 4401 1539 4457 Nam
1576 4412 1629 4457 et
1661 4418 1761 4459 nos
1793 4403 1899 4475 ipsi
1949 4417 2047 4471 per

451 4493 569 4547 dies
593 4492 834 4562 singulos
864 4493 1083 4549 diversa
1117 4493 1184 4548 dc
1214 4492 1409 4549 iisdem
1442 4494 1741 4551 sentientes
1772 4510 1837 4552 ac
1868 4511 2043 4551 enun-

2144 1984 2356 2036 τούτων
2396 1983 2785 2054 πεπλανῆσθαι
2814 1985 3082 2055 νομίζειν.
3118 1987 3246 2057 μηδ’
3277 1986 3418 2059 ἴχνος
3458 2005 3508 2040 τι
3539 1986 3685 2057 μάχης

2148 2076 2205 2129 ὲν
2237 2074 2457 2140 τούτοις
2509 2076 2764 2132 ὑπονοεῖν
2795 2094 2812 2112 ⁸
2867 2080 3005 2136 ἀλλά
3063 2081 3164 2152 τὴν
3220 2082 3349 2150 ύμῖν
3386 2079 3686 2149 ποθουμένην

2143 2174 2406 2242 ὁμόνοιαν
2460 2173 2642 2246 πο).λῷ
2689 2176 2891 2246 μᾶλλον
2924 2175 3155 2241 ἐκείνοις
3193 2180 3287 2232 καὶ
3334 2175 3687 2243 σπουδασθῆναι

2147 2268 2245 2319 καὶ
2294 2265 2704 2338 κατωρθῶσθαι
2766 2268 2998 2333 δικαίως
3055 2269 3465 2341 ὑπειληφότας,
3524 2269 3687 2340 πρῶτα

2148 2359 2250 2426 μὲν
2281 2358 2531 2425 ἐκείνους
2574 2359 2781 2430 ἀδελφὰ
2814 2361 3149 2431 φρονοῦντας
3180 2364 3278 2417 καὶ
3308 2361 3544 2433 ἀλλήλοις
3574 2378 3687 2431 συμ-

2147 2452 2437 2518 ϐαίνοντας
2493 2453 2835 2519 ὑποθέσθαι,
2893 2454 3088 2510 ἔπειτα
3139 2456 3207 2509 τὸ
3278 2458 3440 2511 πᾶσιν
3490 2456 3685 2520 ἐκείνοις

2147 2545 2385 2618 ἀρέσκον
2430 2546 2531 2601 καὶ
2572 2547 2850 2621 ὑμετέραν
2888 2547 3119 2620 γνώμην
3174 2549 3516 2623 θαρρούντως
3560 2550 3687 2620 ποιη-

2149 2642 2369 2697 σασθαι.
2402 2641 2581 2696 Τοῦτο
2625 2642 2683 2696 δὲ
2711 2642 2761 2696 εί
2796 2643 2893 2697 καὶ
2933 2643 3256 2699 παντάπασι
3284 2644 3533 2717 δυσχερὲς
3556 2644 3685 2714 hix-

2147 2750 2308 2804 χανεν
2360 2731 2443 2798 δν,
2485 2734 2685 2799 αὐτοὺς
2723 2734 2881 2806 οἶμαι
2914 2736 3039 2800 τοὺς
3086 2736 3445 2803 διδασκάλους
3490 2754 3690 2808 συνεφει·

2147 2825 2426 2895 φαμένους
2484 2825 2617 2889 ὑμῖν
2665 2826 2849 2898 ῥᾴδιον
2900 2826 3237 2893 ἀποδείξειν.
3280 2829 3437 2885 Ἀλλὰ
3488 2830 3584 2900 μὴν
3618 2829 3691 2883 καί

2146 2918 2258 2972 τῶν
2318 2918 2712 2985 εύιιολωτάτων
2750 2921 2887 2985 ἐστὶ,
2930 2922 3027 2975 καὶ
3083 2922 3255 2978 πόνου
3314 2922 3414 2994 μὲν
3468 2923 3688 2989 ούδενδς,

2148 3008 2463 3081 προθυμίας
2514 3010 2573 3064 δὲ
2630 3011 2803 3083 μόνης
2848 3013 3137 3085 δεόμενον.
3193 3016 3258 3072 Εί
3295 3016 3395 3086 μὲν
3442 3015 3543 3087 γάρ
3573 3017 3694 3070 ἀντι-

2150 3100 2388 3171 φάσκειν
2425 3091 2932 3173 ἀλλήλοιςέδόκουν
2960 3104 3014 3158 oi
3053 3105 3233 3175 ἀγιοι,
3266 3108 3364 3162 καὶ
3395 3106 3561 3177 λόγοις
3586 3105 3692 3175 γοῦν

2148 3194 2550 3265 ἀντικειμένοις
2602 3198 2733 3268 περὶ
2764 3196 2874 3251 τῶν
2902 3199 3293 3270 προκειμένων
3343 3201 3581 3272 ἐχρῶντο,
3607 3197 3693 3252 ὧδ’

2150 3286 2294 3341 οὕτω
2331 3288 2430 3359 μὶν
2454 3288 2691 3360 χαλεπὸν
2736 3290 2804 3344 ἂν
2830 3282 2902 3362 ἦν
2933 3292 3236 3349 συνάπτειν
3266 3294 3482 3360 αὐτοὺς,
3509 3294 3593 3347 καὶ
3616 3290 3694 3361 τὴν

2150 3382 2285 3453 περὶ
2337 3383 2465 3449 τοὺς
2522 3380 2719 3452 λόγους
2775 3383 3054 3439 ἀντίθεσιν
3102 3387 3172 3458 τῇ
3219 3387 3331 3442 τῶν
3372 3386 3695 3459 φρονημάτων

2148 3477 2398 3548 ἀναιρεῖν
2452 3478 2770 3551 συμφωνία.
2846 3479 2931 3533 Ob
2986 3479 3100 3552 γὰρ
3164 3480 3234 3535 ἂν
3314 3482 3552 3536 ἐνέλιπον
3591 3478 3699 3550 ἡμῖν

2148 3567 2261 3624 ὁδοί
2288 3568 2581 3633 τινεςέπὶ
2629 3568 2792 3624 τοῦτο
2825 3572 2921 3625 καὶ
2953 3576 3221 3644 μηχαναὶ,
3272 3574 3343 3640 ἀς
3396 3573 3577 3646 ἠμῐνή
3623 3571 3700 3640 τῆς

2150 3658 2474 3730 φιλοσοφίας
2526 3658 2760 3730 εὐπορία
2806 3660 3061 3732 παρέχει,
3090 3662 3193 3729 τάς
3227 3663 3550 3736 φαινομένας
3576 3663 3700 3715 ίναν-

2147 3751 2403 3824 τιότητας
2436 3751 2589 3807 λύειν
2627 3753 2768 3824 μετά
2796 3752 2898 3824 τῆς
2932 3754 3197 3829 ἀληθείας
3232 3756 3507 3812 ἐθέλουσιν
3527 3771 3543 3789 ’
3575 3752 3702 3811 ἀπώ-

2149 3862 2317 3918 κνησε
2357 3845 2405 3900 δ’
2437 3846 2504 3901 άν
2532 3862 2616 3910 τις
2640 3846 2791 3917 ὅμως
2838 3850 2979 3918 πρὸς
3023 3848 3206 3918 τοῦτο,
3242 3849 3446 3920 πολλῆς
3473 3862 3700 3920 πραγμα-

2148 3937 2300 4002 τείας
2339 3936 2504 4009 ἔργον
2560 3938 2654 3991 καὶ
2686 3937 2867 3993 πόνων
2902 3939 3081 4005 εἰδώς.
3115 3942 3235 3997 Νῦν
3284 3942 3331 3997 δ’
3364 3940 3460 4011 οὐχ
3500 3938 3627 3994 οὕτω
3649 3937 3702 3989 τά

2149 4031 2261 4084 τῶν
2318 4029 2491 4100 ἁγίων
2537 4029 2756 4102 δρῶμεν
2810 4030 3056 4097 ἅπαντες
3104 4033 3341 4105 ἔχοντα,
3371 4033 3503 4088 ἀλλά
3535 4028 3703 4097 πολλῆς

2149 4124 2316 4196 γέμει
2343 4123 2610 4196 γαλήνης,
2644 4124 2736 4178 καὶ
2779 4125 3069 4198 πόρρωθεν
3115 4130 3257 4199 ἡμῖν
3287 4130 3475 4200 ἐφιᾶσι
3515 4126 3604 4188 τὰς
3627 4124 3706 4191 τῆς

2150 4216 2402 4288 ὁμονοίας
2428 4216 2679 4280 ἀκτῖνας.
2711 4218 2773 4271 Ei
2808 4217 2869 4271 δέ
2902 4234 2955 4272 τι
2985 4218 3084 4274 καὶ
3125 4219 3513 4292 παραλλάττον
3550 4214 3705 4275 αὐτοῖς

2146 4310 2553 4382 ἀναμέμικται,
2583 4310 2908 4367 ἐπιπόλαιόν
2940 4313 3058 4367 ἐστι
3093 4314 3191 4369 καὶ
3229 4315 3393 4385 μέχρι
3422 4312 3513 4367 τοῦ
3544 4324 3702 4380 φαινο-

2151 4404 2343 4475 μένου’
2382 4403 2563 4478 ἦ“γάρ
2608 4405 2847 4479 διάφορα
2896 4409 3028 4478 περὶ
3056 4408 3167 4461 τῶν
3211 4408 3396 4463 αὐτῶν
3422 4404 3645 4474 ἀξιοῦσιν
3665 4398 3704 4452 cl

2149 4497 2395 4563 πλείους,
2431 4498 2459 4552 ὂ
2517 4499 2633 4563 τοῖς
2690 4500 2789 4570 μὲν
2848 4498 3181 4572 σοφωτέροις
3234 4501 3427 4555 οὐδένα
3479 4496 3707 4569 παρέχειν

452 4587 670 4649 tiantes,
719 4583 1073 4641 nihilominus
1119 4586 1400 4655 conjuncti
1436 4601 1647 4650 smnus.
1677 4602 1777 4645 nec
1827 4600 2041 4660 propte-

2150 4589 2380 4643 δύναται
2414 4587 2664 4660 θόρυϐον,
2699 4589 2959 4662 ταράξειε
2988 4590 3032 4644 δ’
3064 4593 3132 4645 ἂν
3165 4594 3298 4655 τοὺς
3338 4588 3705 4657 ἁπλουστέρους

452 4690 541 4732 rea
568 4678 707 4731 inter
738 4690 837 4732 nos
866 4664 1238 4744 decertantes,
1261 4686 1317 4733 et
1344 4677 1468 4747 jure
1496 4678 1715 4750 quidem
1779 4683 1987 4751 optimo
2024 4700 2038 4738 :

452 4785 577 4824 cum
611 4770 756 4825 enim
790 4769 845 4824 in
899 4783 1226 4840 unaquaque
1256 4786 1316 4827 re
1366 4772 1533 4826 multa
1593 4773 2038 4840 considereniur,

450 4874 504 4919 et
538 4863 674 4918 alius
701 4863 857 4918 aliter
881 4862 1027 4917 illam
1058 4862 1332 4933 concipiat
1370 4865 1572 4932 animo,
1600 4865 1767 4921 variis
1821 4881 2041 4937 quoque

452 4956 802 5011 sermonibus
830 4957 1208 5026 exprimantur
1231 4973 1292 5013 ea
1334 4973 1557 5014 necesse
1589 4968 1692 5025 est,
1722 4967 1815 5014 aut
1837 4959 2033 5018 iisdem

428 5060 613 5114 'sane,
642 5048 914 5103 sedrvarie
944 5051 1202 5119 acceptis,
1226 5051 1356 5104 dum
1414 5066 1595 5106 rerum
1644 5059 1853 5107 natura:
1907 5067 2035 5108 con-

452 5155 646 5214 gruero
670 5140 906 5196 velimus
936 5143 1084 5211 ipsos
1113 5157 1421 5207 sermones,
1460 5143 1559 5197 huc
1588 5150 1674 5197 est
1693 5158 1996 5199 essereros
2023 5161 2039 5212 ;

450 5232 894 5304 quandoquidem
931 5233 1105 5303 ipsum
1130 5248 1255 5290 esse
1282 5235 1356 5289 rei
1378 5236 1625 5305 sequitur
1648 5235 1917 5291 orationis
1944 5250 2038 5288 ve-

450 5328 605 5392 ritas,
634 5335 693 5381 ut
723 5337 925 5381 norunt
952 5341 1165 5381 omnes.
1206 5327 1359 5393 Quod
1393 5328 1438 5383 si
1466 5328 1698 5383 dicendo
1722 5328 1790 5385 de
1839 5328 2031 5385 iisdem

449 5421 683 5488 diversa,
716 5434 1108 5491 pugnaremus,
1142 5420 1413 5475 contraria
1469 5434 1687 5490 quoque
1739 5420 1839 5489 ipsi
1898 5421 2040 5477 veri-

451 5512 550 5567 tati
586 5526 982 5578 asscrercmus,
1013 5527 1134 5581 qua:
1163 5526 1343 5566 rerum
1374 5521 1597 5567 naturas
1631 5526 1693 5567 ex
1734 5513 1922 5568 multis
1958 5512 2040 5567 di-

446 5618 716 5673 versoque
738 5603 901 5659 modo
926 5603 1377 5659 inexsistentibus
1409 5614 1659 5660 constare
1680 5606 1816 5660 ruit.
1850 5606 2037 5677 Neque

444 5698 612 5770 igitur
636 5699 690 5753 in
725 5699 811 5755 his
836 5698 1219 5764 dissentimus,
1248 5714 1423 5769 neque
1452 5714 1563 5754 rem
1588 5699 1915 5768 exprimere,
1942 5708 2040 5756 aut

447 5790 669 5844 silentio
702 5790 1001 5859 praeterire,
1042 5791 1166 5845 talia
1207 5800 1358 5858 sunt,
1388 5802 1449 5847 ut
1502 5806 1700 5848 manus
1744 5802 2033 5863 propterea

445 5897 805 5939 contemnamus
832 5900 849 5952 ;
882 5882 991 5939 imo
1012 5899 1137 5942 vero
1167 5895 1376 5953 contra,
1402 5885 1935 5960 pacemﬂconciliare
1958 5886 2040 5942 ri-

2151 4680 2338 4747 εύθὺς,
2395 4681 2429 4753 ἦ
2478 4680 2623 4752 λόγῳ
2677 4682 3004 4756 καὶζσωπῇ
3062 4685 3132 4737 τά
3183 4684 3401 4738 τούτων
3448 4680 3704 4753 διῄρηται,

2158 4772 2303 4828 οὕτω
2333 4771 2391 4827 δὲ
2424 4774 2747 4845 συμῦαίνειν
2766 4760 3019 4846 ἀλλήλοις
3038 4777 3191 4831 οὐδέν
3219 4778 3337 4830 ἐστι
3372 4767 3706 4846 χαλεπόνοκαὶ

2150 4867 2313 4938 ἡμεῖς
2361 4866 2469 4937 γάρ
2513 4867 2639 4922 καθ’
2684 4869 2924 4939 ἑκάστην
2971 4869 3209 4941 διιὶφοριι
3244 4869 3514 4937 περὶτῶν
3549 4864 3701 4918 αἰτῶν

2153 4955 2480 5027 φρονοῦντες
2533 4959 2630 5011 καὶ
2684 4956 2983 5026 λέγοντες,
3040 4959 3195 5012 οὶδὲν
3275 4955 3439 5031 ἧττον
3503 4955 3706 5024 μένομεν

2153 5050 2448 5120 ήνωμένοι·
2482 5050 2577 5105 καὶ
2601 5050 2730 5122 περὶ
2758 5050 2965 5105 τούτων
2992 5051 3165 5114 οὐδεὶς
3193 5052 3330 5122 ἡμῖν
3362 5050 3703 5123 συρρήγνυται

2152 5143 2412 5213 πόλεμος,
2468 5144 2565 5198 καὶ
2628 5145 2897 5208 είκότωςο
2942 5145 3152 5200 πολλῶν
3210 5148 3326 5216 γὰρ
3381 5145 3466 5215 ἐφ’
3499 5145 3700 5197 ἑκάστου

2150 5237 2572 5307 θεωρουμένων,
2626 5239 2721 5291 καὶ
2780 5238 3135 5311 ἁ)λοτρόπως
3202 5240 3373 5294 ἄλλου
3426 5236 3707 5309 προσιόντος

2148 5328 2298 5399 αὐτῷ
2321 5370 2336 5396 ,
2368 5330 2463 5382 mi.
2518 5329 2800 5402 διαφόροις
2833 5331 3051 5401 ἀνάγκη
3102 5329 3278 5385 ταῦτα
3309 5332 3488 5401 λόγοις
3524 5323 3702 5397 σημαέ-

2147 5423 2356 5477 νεσθαιο
2386 5423 2420 5493 ἢ
2455 5425 2568 5486 τοῖς
2603 5424 2789 5488 αὺτοῖς
2822 5424 2941 5495 μὲν,
2975 5425 3251 5497 διαφόρως
3301 5426 3357 5478 δὲ
3392 5426 3556 5495 δήπου
3587 5421 3707 5487 λαμ-

2148 5514 2492 5587 ϐανομένοις,
2544 5516 2650 5580 ἓως
2709 5519 2777 5572 ἂν
2824 5519 2890 5589 τῇ
2943 5518 3053 5573 τῶν
3112 5521 3466 5589 πραγμάτων
3502 5509 3705 5578 ὑπάρξει

2147 5606 2275 5671 τοὺς
2328 5609 2459 5679 περὶ
2520 5608 2730 5663 τούτων
2786 5609 2982 5678 λόγους
3031 5611 3285 5683 συνᾴδειν
3320 5608 3640 5684 βουλώμεθα·
3684 5600 3707 5653 ὅ

2147 5701 2343 5753 σεαυτόν
2377 5703 2496 5754 ἐστι
2540 5703 2635 5755 καὶ
2683 5703 2905 5775 ἀληθεῖς
2941 5699 3083 5759 εἶναι
3137 5704 3321 5758 θέλειν
3351 5702 3563 5767 αὐτοὺς,
3604 5696 3708 5766 ἐφό-

2152 5807 2249 5844 σον
2281 5791 2381 5863 τὴν
2427 5794 2539 5848 τῶν
2592 5795 2769 5865 λόγων
2819 5796 3086 5866 ἀλήθειαν
3118 5797 3198 5869 τῷ
3246 5795 3525 5852 εἶναιτῶν
3555 5805 3707 5862 1:911-

2153 5891 2344 5981 Pm’y
2395 5892 2555 5966 ἴσμεν
2590 5892 2929 5952 ἀκολουθεῖν.
2966 5895 3028 5949 Ei
3062 5895 3107 5949 δ’
3139 5895 3206 5949 ὲκ
3251 5894 3348 5950 τοῦ
3393 5883 3705 5956 simam:-
