3932 6458
251 271 353 345 497

1424 284 1712 348 ORATIO
1740 284 1835 347 III
1872 286 1989 347 Αυν
2008 286 2388 351 SYNODUM.

3418 299 3526 363 498

253 410 373 461 γειν
409 396 541 463 περὶ
590 395 700 448 τῶν
737 394 943 462 αὐτῶν,
976 397 1300 469 ἐμαχόμεθα
1326 441 1341 466 ,
1397 401 1491 453 καὶ
1544 402 1683 472 πρὸς
1730 402 1830 473 τὴν
1863 452 1865 462 λ

1969 414 2161 471 tentur,
2196 408 2414 477 quando
2445 406 2724 464 silentium
2749 410 2938 466 civiles
2969 425 3191 483 quoque
3237 412 3382 485 leges
3435 432 3528 471 su-

252 485 516 555 ἀλήθειαν
546 487 720 559 αὐτὴν
749 489 1152 560 ὴναντιούμεθα
1190 494 1255 546 ἄν
1281 510 1294 524 ο
1329 492 1363 563 ἢ
1391 493 1486 558 τὰς
1518 492 1630 548 τῶν
1655 494 1833 549 ὄντων

1969 505 2100 550 nunt
2130 512 2226 566 pro
2256 511 2484 552 assensu
2522 514 2536 563 ;
2572 513 2694 553 cum
2723 500 3058 557 assentiente
3105 516 3236 558 vero
3284 502 3529 574 conﬂigit

259 580 522 650 ὑπάρξεις
560 581 631 636 ἐκ
679 581 892 636 πολλῶν
935 599 1101 638 τινων
1149 585 1247 638 καὶ
1278 584 1550 658 διαφόρως
1594 588 1835 657 ἐνυπαρ·

1939 603 2126 654 nemo,
2161 588 2208 643 si
2262 590 2458 658 sapiat.

254 674 457 744 χόντων
512 674 699 739 αὐτοῖς
763 676 1115 732 συνίστασθαι
1169 678 1440 747 βούλεται.
1516 679 1656 736 Οὔτε
1705 681 1887 736 τοίνυν
1937 682 2031 736 ἐπὶ
2085 681 2295 744 τούτοις
2349 683 2754 754 διαφερόμεθα,
2804 684 2929 740 οὔτε
2983 685 3140 755 λόγος
3188 688 3285 742 καὶ
3342 687 3524 758 σιωπή

253 769 566 840 πεφύκασιν
600 772 749 842 ημᾶς
780 770 1520 843 συρῤηγνύναι⁶’τούναντίον
1547 775 1656 847 γὰρ
1710 778 1914 848 μᾶλλον
1941 778 2039 833 καὶ
2065 778 2409 833 διαλλάττειν
2442 779 2715 843 δοκοῦσιν,
2783 782 2942 855 εἴπερ
2979 784 3035 837 ἐν
3083 782 3185 854 ίσῳ
3259 787 3328 857 τῇ
3393 800 3523 853 συγ-

254 866 547 922 καταθέσει
606 870 669 922 se
716 870 816 939 τῆς
855 869 1016 940 σιγῆς
1065 872 1162 925 καὶ
1210 871 1317 927 ὑπὸ
1364 873 1479 929 τῶν
1526 873 1826 929 πολιτικῶν
1865 874 2212 945 λαμϐάνεται
2291 876 2477 949 νόμων
2512 893 2525 909 ο
2565 878 2703 949 πρὸς
2750 877 2809 933 δὲ
2851 877 2944 933 τὸν
2979 880 3340 934 συναινοῦντα
3369 880 3531 936 πόλε-

258 978 355 1032 μος
385 960 562 1024 οὐδεὶς
586 961 710 1016 οὐδὲ
745 961 897 1034 μάχη
925 962 1007 1035 τῷ
1032 980 1097 1032 γε
1130 965 1259 1020 νοῦν
1301 967 1505 1037 ἔχοντι.

325 1056 388 1109 Εί
421 1054 520 1124 μὲν
538 1051 635 1109 οὖν
664 1056 824 1110 ἄλλον
845 1059 971 1112 τινὰ
995 1058 1200 1130 τρόπον
1224 1060 1290 1113 ἐκ
1327 1060 1440 1114 τῶν
1467 1062 1572 1131 τῆς
1609 1062 1841 1133 Ἐκκλη-

260 1148 376 1213 σίας
403 1146 746 1201 διδασκάλων
785 1149 1008 1220 εἴχομεν
1043 1151 1355 1222 εἰληφότες,
1384 1148 1430 1223 ᾧ
1458 1155 1560 1220 τὰς
1603 1156 1667 1221 ἐξ
1694 1157 1842 1210 ἐκεί-

260 1260 363 1296 νων
424 1244 560 1313 ἡμῖν
629 1245 1074 1316 ἀποτικτομένας
1120 1249 1570 1321 ἀμφισϐητήσεις
1615 1252 1840 1306 λύεσθαι

259 1334 359 1396 δεῖ,
388 1339 482 1389 καὶ
512 1328 556 1403 ᾧ
589 1336 937 1407 δυνησόμεθα
971 1344 1274 1396 συνάπτειν
1298 1343 1547 1408 ἐκείνους
1571 1346 1629 1399 ἐν
1661 1341 1746 1408 οἷς
1774 1345 1841 1399 ἂν

258 1427 650 1498 διαφερόμενοι
713 1431 1039 1501 φαίνοιντο,
1111 1435 1225 1489 τῶν
1285 1437 1420 1507 ἡμῖν
1479 1437 1844 1507 ἐγνωσμένων

255 1520 470 1573 τούτων
504 1522 895 1594 ἠμελημένων,
953 1526 1047 1579 καὶ
1082 1520 1168 1590 οἷς
1210 1527 1453 1598 χρῆσθαι
1505 1528 1643 1599 πρὸς
1679 1529 1845 1600 ἀλλή-

259 1612 389 1675 λους
421 1612 717 1683 εἰώθαμεν,
741 1616 939 1687 ἐκείνῳ
964 1617 1031 1687 δὴ
1060 1618 1156 1671 καλ⁵
1180 1620 1476 1689 χρηστέον.
1513 1621 1576 1675 Ei
1601 1620 1659 1674 δὲ
1685 1621 1845 1675 τοῦτο

262 1702 368 1773 μὲν
398 1703 498 1758 οὐκ
546 1704 697 1760 ἔστιν
745 1709 951 1778 εὑρεῖν,
987 1710 1049 1763 οὐ
1074 1709 1182 1782 γὰρ
1213 1710 1481 1780 ἠδύναντο
1532 1712 1848 1783 ἀνθρώποις

2022 1056 2081 1112 Si
2102 1056 2226 1125 quis
2254 1055 2420 1127 igitur
2442 1062 2529 1111 est
2555 1054 2698 1111 alius
2724 1054 2919 1111 modus
2935 1068 2967 1111 a
2995 1054 3315 1113 doctoribus
3341 1052 3530 1111 Eccle-

1950 1149 2047 1208 siae
2082 1148 2239 1205 nobis
2295 1147 2552 1212 traditus,
2609 1163 2722 1219 quo
2772 1147 3096 1205 dirimenda:
3143 1149 3256 1204 sint
3300 1154 3527 1205 contro-

1949 1240 2163 1304 νοιείαι,
2191 1256 2309 1311 quae
2333 1255 2429 1310 per
2484 1239 2609 1294 illos
2671 1237 2947 1302 oriuntur,
2996 1247 3052 1293 et
3102 1252 3213 1309 quo
3252 1236 3530 1308 possimus

1949 1333 2250 1389 conciliare
2290 1332 2411 1387 illos
2443 1331 2586 1387 inter
2618 1346 2699 1396 se,
2734 1330 2827 1386 ubi
2881 1329 3179 1386 dissentire
3231 1329 3530 1395 videntur;

1951 1425 2285 1497 posthabitis
2316 1425 2467 1480 hisce
2496 1439 2637 1494 quos
2662 1423 2936 1489 novimus,
2964 1430 3020 1477 et
3043 1421 3246 1492 quibus
3281 1423 3360 1477 uti
3391 1421 3533 1477 inter

1955 1531 2056 1572 nos
2084 1519 2350 1578 solemus,
2380 1530 2478 1585 age
2504 1513 2655 1568 illum
2682 1513 3059 1570 adhibeamus.
3104 1511 3213 1567 Sed
3270 1512 3316 1567 si
3370 1511 3530 1573 talem

1955 1610 2197 1682 reperire
2226 1610 2445 1663 modum
2479 1624 2588 1662 non
2614 1607 2784 1673 licet;
2819 1622 2995 1677 neque
3053 1606 3200 1662 enim
3255 1612 3529 1676 poterant,

1957 1715 2083 1755 cum
2115 1712 2298 1755 sermo
2326 1697 2437 1752 illis
2464 1705 2608 1753 esset
2633 1696 2699 1753 ad
2730 1697 2978 1752 homines
3009 1705 3252 1752 nostram
3282 1705 3337 1751 et
3399 1693 3535 1764 ipsis

255 1812 315 1849 τε
352 1796 731 1867 διαλεγόμενοι
784 1775 882 1854 καὶ
940 1775 1102 1855 αύτοῖ
1150 1775 1250 1873 τὴν
1300 1802 1582 1873 ἡμετέραν
1624 1775 1845 1874 έχοντες

1969 1801 2209 1846 laturam
2249 1790 2578 1845 habentibus
2612 1800 2708 1855 ;et
2735 1806 2829 1861 per
2845 1775 3137 1847 consuetos
3166 1791 3332 1845 hosce
3348 1787 3537 1842 conci-

260 1886 454 1955 φύσιν,
485 1883 570 1953 οἷς
602 1890 651 1943 δ’
692 1892 786 1945 ἐπὶ
813 1892 927 1945 τῶν
965 1894 1205 1966 Γραφῶν
1254 1895 1410 1950 αὐτοὶ
1459 1899 1574 1960 τοῖς
1631 1896 1850 1950 εἰωθόσι

258 1979 480 2043 τούτοις
537 1982 649 2036 τῶν
699 1982 1011 2053 διαλλαγῶν
1058 1988 1376 2058 ἐχρήσαντο
1431 1990 1699 2060 τρόποις,
1757 1992 1853 2045 καὶ

262 2073 401 2141 ἡμῖν
431 2072 645 2127 ἐοίκασι
674 2077 1077 2145 συμϐουλεύειν
1111 2080 1234 2151 μηδ’
1267 2079 1360 2135 ἐπ’
1393 2081 1578 2137 αὐτῶν
1607 2083 1854 2155 βελτίους

257 2164 461 2228 ἄλλους
492 2165 719 2235 ζητεῖν,
751 2168 918 2239 ἡνίκα
954 2170 1022 2224 ἂν
1072 2171 1168 2243 δέῃ
1216 2174 1653 2244 συμφωνοῦντας
1688 2174 1856 2247 ἀλλή-

264 2257 380 2322 λοις
407 2258 750 2327 δείκνυσθαι,
792 2260 919 2315 οὔτε
956 2264 1352 2335 παραιτεῖσθαι
1384 2266 1468 2321 δεῖ
1496 2267 1596 2339 τὴν
1626 2267 1856 2322 ἐκείνων

264 2350 531 2422 εἰρήνην,
571 2345 638 2424 ἧς
677 2352 917 2426 ἢρτηται
955 2355 1025 2409 τὰ
1059 2355 1160 2425 τῆς
1212 2358 1374 2428 ἡμῶν
1405 2360 1685 2429 ὁμονοίας,
1726 2359 1853 2415 οὔτε

261 2443 525 2513 δυσχερές
577 2446 727 2500 ἐστιν
784 2445 866 2512 οἷς
923 2450 1010 2519 ἐφ’
1052 2451 1212 2521 ἡμῶν
1264 2453 1608 2524 ἐχρησάμεθ’
1639 2455 1707 2510 ἂν
1758 2457 1885 2525 τῆςο

270 2537 527 2605 ὁμονοίας
557 2540 829 2609 σημείοις,
884 2542 977 2596 διὰ
1023 2545 1236 2598 τούτων
1270 2546 1370 2614 τὴν
1405 2547 1715 2618 σύμπνοιαν
1763 2550 1856 2603 καὶ

270 2632 335 2682 τὸ
365 2633 584 2697 φρονεῖν
615 2633 822 2709 ἀδελφὰ
849 2636 1132 2701 κάκείνοις
1166 2637 1528 2708 ψηφίζεσθαι.
1558 2641 1698 2697 Οὔτε
1734 2644 1857 2697 xiv-

269 2721 430 2774 δυνὸν
452 2739 576 2775 τινα
606 2727 887 2791 προσεῖναι
925 2726 1006 2797 τῷ
1052 2730 1341 2799 πράγματι
1406 2734 1693 2788 πιστεύειν
1720 2734 1859 2798 ὅλως

271 2815 449 2879 εἰκός.
479 2817 723 2885 Ἔμοιγε
748 2818 858 2889 γὰρ
886 2820 1199 2876 τούναντίον
1252 2826 1455 2894 μᾶλλον
1483 2826 1652 2890 δοκεῖ,
1694 2829 1865 2899 μηδὲν

271 2910 346 2965 ἂν
370 2910 791 2982 ἀσφαλέστερον
820 2913 1016 2968 τούτου
1043 2916 1305 2984 γενέσθαι
1335 2921 1451 2983 τοῖς
1481 2920 1715 2983 εὐθύνας
1745 2921 1860 2991 βίον

270 3019 336 3056 τε
388 3003 486 3057 καὶ
522 3003 683 3073 δόξης
717 3006 923 3071 ὁμοίως
977 3008 1174 3061 δώσειν
1208 3009 1593 3079 ὑπειληφόσιν.
1646 3014 1709 3066 Εἰ
1753 3015 1864 3086 γὰρ

1955 1883 2244 1939 liationum
2280 1881 2496 1945 modos,
2524 1881 2725 1951 quibus
2752 1881 2852 1949 ipsi
2880 1880 2964 1935 usi
2994 1890 3126 1935 sunt
3183 1880 3252 1933 ad
3309 1892 3535 1947 compa.

1956 1978 2137 2034 nenda
2170 1975 2471 2044 Scriptura!
2498 1974 2640 2039 loca,
2668 1974 2833 2030 nobis
2857 1973 2908 2029 id
2942 1964 3158 2030 concilii
3190 1973 3320 2027 dare
3349 1971 3538 2027 viden-

1958 2080 2070 2134 tttr,
2105 2077 2164 2124 ut
2194 2068 2374 2122 nullos
2398 2083 2710 2137 quiret-amns
2738 2066 3019 2133 meliores,
3049 2081 3143 2137 per
3180 2079 3326 2134 quos
3378 2079 3541 2134 opor-

1960 2172 2090 2229 teat,
2127 2180 2251 2219 eum
2279 2177 2417 2232 Opus
2450 2162 2631 2225 fuerit.
2668 2161 2899 2232 probare
2934 2160 3179 2231 ipsorum
3202 2173 3422 2230 quoque
3444 2158 3541 2212 do-

1956 2269 2169 2311 ctorum
2198 2253 2673 2320 convenientiam;
2702 2251 2948 2323 proiecto
2977 2265 3075 2306 nec
3105 2264 3294 2321 pacem
3321 2248 3534 2303 illorum

1957 2349 2219 2404 debemus
2261 2348 2482 2401 missam
2519 2345 2724 2411 facere,
2751 2361 2815 2399 ex
2850 2358 2957 2414 qua
2980 2343 3175 2414 pendet
3207 2351 3393 2397 nostra
3412 2356 3542 2396 con-

1957 2444 2139 2498 cordia
2171 2459 2189 2510 ;
2223 2457 2321 2496 nec
2345 2439 2564 2496 diiiicile
2592 2448 2696 2503 est,
2733 2455 2829 2510 per
2855 2454 2976 2509 qtne
3001 2451 3101 2492 nos
3120 2436 3272 2505 signa
3294 2443 3540 2490 nostram

1959 2537 2399 2608 signiticaremns
2432 2533 2802 2598 concordiam,
2839 2548 2933 2603 per
2958 2532 3074 2586 haec
3106 2531 3295 2586 eadem
3324 2529 3539 2585 illorum

1960 2630 2398 2685 convenientiam
2429 2638 2484 2684 et
2530 2629 2948 2684 consensionem
3006 2624 3306 2682 declarare.
3357 2622 3544 2692 Neque

1963 2723 2132 2776 ullum
2166 2721 2391 2774 omnino
2421 2721 2522 2774 hac
2547 2720 2600 2772 in
2628 2734 2686 2772 re
2705 2717 3009 2787 perieulum
3039 2719 3270 2771 subesse
3307 2731 3541 2771 censen-

1964 2815 2092 2869 dum
2117 2825 2203 2867 est
2232 2828 2251 2878 ;
2280 2810 2411 2864 mihi
2435 2811 2583 2866 enim
2614 2810 2827 2864 videtur
2863 2810 3044 2878 potius
3068 2806 3432 2870 contratium,
3459 2808 3541 2860 ni-

1967 2907 2039 2961 hil
2071 2921 2230 2978 posse
2260 2905 2433 2960 tutius
2460 2904 2776 2974 contingere
2817 2903 3154 2964 hominibus.
3190 2903 3286 2971 qui
3317 2916 3376 2956 se
3395 2902 3542 2957 exis-

1968 3002 2164 3055 tintant
2192 2998 2501 3053 reddituros
2535 2997 2799 3050 rationem
2836 2996 2957 3050 vitae
2990 2994 3192 3064 pariter
3221 3009 3287 3049 ac
3338 2994 3552 3064 opinio-

273 3096 501 3164 καὶτῆς
545 3096 805 3164 ἀληθείας
860 3098 1170 3169 ἐμέλλομεν
1225 3100 1399 3175 ταύτῃ
1449 3102 1860 3174 διαμαρτάνειν,

1969 3092 2077 3152 nis.
2108 3090 2373 3158 Quamvis
2404 3090 2547 3144 enim
2579 3091 2651 3144 ita
2684 3088 3127 3151 luturumesset,
3155 3095 3210 3141 ut
3238 3103 3270 3141 a
3322 3086 3553 3140 veritate

273 3190 442 3259 ἱκανὴ
473 3192 609 3261 πρὸς
635 3191 773 3245 Θεὸν
806 3193 942 3261 ἡμῖν
981 3194 1047 3248 ἂν
1073 3193 1167 3260 εἴη
1223 3196 1580 3268 παραίτησις,
1622 3199 1684 3251 τὸ
1732 3198 1859 3270 βου-

274 3281 514 3353 ληθῆναι
571 3285 671 3354 μὲν
724 3288 953 3355 εἰρήνην
1013 3286 1174 3356 ἄγειν
1247 3288 1393 3358 μετά
1450 3290 1723 3360 πολέμους
1757 3310 1861 3363 μα-

276 3376 472 3446 κροὺς,
503 3377 600 3432 καὶ
629 3379 731 3448 τὴν
768 3377 940 3449 αὐτὴν
986 3381 1118 3448 περὶ
1168 3380 1281 3434 τῶν
1313 3383 1443 3451 πρὶν
1474 3382 1858 3455 ἀμφισϐητου-

274 3470 469 3539 μένων
484 3471 713 3541 γνώμην
745 3470 952 3538 λαϐεῖν,
995 3472 1216 3535 ἑαυτοῖς
1245 3474 1301 3527 δὲ
1331 3475 1558 3547 θαρρεῖν
1583 3476 1685 3529 οὐκ
1710 3476 1863 3547 έχον-

276 3578 380 3623 τας
413 3562 505 3614 ἐπὶ
537 3561 639 3626 τὰς
674 3563 713 3615 Γ
720 3564 897 3632 ραφάς
935 3561 1153 3616 ἀπιδεῖν
1188 3565 1284 3619 καὶ
1311 3566 1440 3628 τοὺς
1482 3565 1859 3631 διδασκάλους·

276 3651 621 3720 φαινομένης
650 3652 708 3706 δέ
753 3669 902 3712 τινος
940 3653 1044 3706 κᾶν
1091 3653 1311 3717 τούτοις
1360 3655 1660 3728 διαφορᾶς,
1708 3657 1863 3712 ἐνθυ-

279 3745 563 3815 μηθέντας
601 3746 678 3810 ώς
730 3746 998 3800 ἀδύνατον
1056 3751 1170 3812 τοῖς
1233 3748 1339 3803 ύπδ
1389 3749 1483 3803 τοῦ
1549 3748 1867 3821 Πνεύματος

275 3838 673 3906 ἐνηχουμένοις
724 3837 1100 3909 ἐναντιότητός
1176 3856 1232 3893 τι
1292 3841 1391 3893 καὶ
1447 3840 1657 3913 πλάνης
1721 3843 1866 3914 ῐχνος

279 3930 595 3999 προσεῖναι,
630 3930 728 3984 καὶ
776 3929 1144 4001 βουληθέντας
1194 3933 1363 3986 πᾶσιν
1396 3932 1598 4003 ὁμοίως
1631 3936 1734 4005 τὴν
1769 3936 1869 4005 τῆς

276 4019 605 4091 ἁγιωσύνης
640 4019 801 4085 δόξαν
854 4022 1075 4091 τηρεῖν,
1104 4021 1436 4086 διαλλακτὰς
1475 4024 1679 4093 μᾶλλον
1728 4025 1762 4095 ἦ
1794 4025 1874 4079 δι-

281 4112 499 4175 καστὰς
548 4111 734 4168 αὐτῶν
764 4112 1055 4181 γεγονέναι
1083 4129 1098 4147 ο
1133 4114 1231 4167 καὶ⁵
1267 4114 1508 4185 συνάψαι
1550 4114 1651 4187 μὲν
1702 4114 1872 4186 ἀλλή-

279 4205 404 4268 λοις
438 4203 685 4268 ἐκείνους
746 4204 822 4269 ώς
872 4206 1159 4276 ἐνεχώρει,
1218 4207 1561 4276 ωναφθῆναι
1609 4205 1658 4260 δ’
1685 4208 1874 4261 ἔπειτα

281 4299 387 4352 καὶ
438 4297 617 4362 αὐτοὶ,
670 4297 767 4349 καὶ
820 4296 1029 4368 ταύτην
1076 4296 1152 4361 ὥς
1203 4298 1624 4371 ἀσφαλεστέραν
1658 4298 1875 4353 ἑλέσθαι

280 4390 393 4460 τῆς
441 4389 668 4461 εἰρήνης
700 4390 844 4457 δδδν,
875 4390 1002 4452 ταῖς
1045 4388 1237 4454 ἄλλαις
1271 4388 1486 4443 πολλῶν
1519 4407 1578 4442 τε
1610 4392 1707 4444 καὶ
1741 4407 1878 4462 προ-

1962 3185 2377 3249 abcrraremus,
2403 3183 2601 3239 idonea
2628 3190 2812 3236 tamen
2844 3180 3004 3235 nobis
3031 3190 3175 3236 esset
3203 3179 3349 3250 apud
3383 3178 3549 3233 Deum

1962 3278 2267 3342 excusatio,
2301 3264 2454 3348 quod
2514 3291 2702 3346 pacem
2767 3273 2969 3330 habere
3028 3274 3370 3330 voluerimus
3431 3282 3554 3343 post

1962 3370 2125 3441 longa
2157 3368 2409 3434 dissidia,
2431 3368 2802 3438 depositisque
2826 3365 3232 3421 controversiis
3271 3368 3325 3419 in
3387 3379 3551 3418 uuam

1962 3477 2157 3519 ontues
2189 3462 2269 3517 ire
2304 3463 2633 3517 sententiam
2672 3478 2687 3515 :
2718 3476 2843 3516 cum
2877 3475 3006 3514 vero
3074 3458 3233 3514 nobis
3294 3456 3397 3529 ipsi
3444 3472 3554 3511 non

1963 3554 2388 3620 conlideremus,
2412 3552 2482 3609 ad
2516 3552 2826 3623 Scripturas
2856 3553 3260 3607 accurrerimus
3289 3559 3344 3606 et
3363 3551 3554 3608 docto-

1965 3663 2055 3704 res
2087 3655 2428 3718 :apparente
2462 3661 2589 3701 vero
2610 3645 2679 3699 in
2722 3644 2790 3700 iis
2819 3645 2983 3699 etiam
3016 3643 3384 3714 discrepantia
3416 3657 3556 3711 qua-

1967 3739 2118 3801 dam.
2150 3737 2685 3795 consideraverintus
2714 3736 2925 3790 nullum
2945 3750 3065 3791 esse
3082 3749 3242 3805 posse
3268 3732 3555 3800 vestigium

1967 3849 2163 3905 pugnae
2191 3843 2245 3888 et
2276 3830 2485 3887 erroris
2524 3830 2580 3885 in
2614 3830 2728 3886 illis
2761 3831 2859 3900 qui
2902 3839 3031 3885 sunt
3080 3827 3321 3898 Spiritus
3372 3826 3555 3881 afﬂatu

1969 3926 2146 3982 edocti
2182 3938 2199 3979 :
2236 3926 2592 3994 volentesque
2660 3922 2943 3978 omuibus-
2988 3936 3143 3990 mque
3229 3934 3558 3974 conservare

1972 4017 2284 4087 Opinionem
2312 4012 2648 4079 sanctitatis,
2708 4010 3090 4067 coneiliatores
3141 4008 3323 4078 potius
3385 4022 3548 4077 quam

1968 4106 2187 4177 iudices
2213 4105 2457 4176 ipsorum
2488 4103 2794 4159 sederimus
2830 4109 2929 4157 :et
2959 4100 3033 4155 illi
3069 4099 3287 4169 quidem
3324 4114 3355 4154 a
3393 4099 3551 4154 nobis

1975 4195 2157 4269 quoad
2173 4196 2293 4266 ejus
2315 4195 2428 4250 fieri
2451 4194 2628 4266 potuit
2664 4194 2717 4248 in
2745 4210 2906 4248 unam
2940 4190 3148 4249 reducti
3181 4190 3553 4258 concordiam,

1976 4297 2167 4360 postea
2199 4303 2330 4344 vero
2355 4295 2408 4343 et
2438 4302 2536 4343 nos
2566 4286 2704 4341 uniti
2738 4286 3028 4352 fuerimus,
3061 4285 3378 4354 delectaque
3406 4299 3435 4338 a
3460 4299 3555 4336 no-

1979 4383 2067 4438 bis
2096 4382 2211 4438 haec
2239 4382 2391 4452 pacis
2422 4380 2508 4435 via
2537 4381 2614 4435 uti
2642 4379 2831 4447 tutior,
2882 4378 3006 4434 aliis
3050 4378 3218 4432 multa
3268 4383 3323 4431 ct
3384 4374 3560 4430 mani-

287 4482 484 4553 φανῶν
531 4481 800 4537 κινδύνων
856 4480 1314 4554 συνεζευγμένων
1364 4480 1579 4547 τούτοις
1618 4472 1865 4556 ’ἠγοῦμαι

1982 4477 2121 4531 festa
2158 4474 2488 4530 habentibus
2536 4473 2829 4544 conjuncta
2886 4470 3148 4543 pericula.
3214 4468 3340 4525 "ch
3402 4469 3561 4537 plane

284 4577 388 4633 καὶ
438 4576 580 4631 πάνυ
611 4577 705 4630 τὸν
738 4575 1131 4648 φιλάνθρωπον
1180 4576 1683 4648 δυσωπηθήσεσθαι
1722 4577 1878 4632 δικα-

287 4669 451 4740 στὴν,
483 4671 580 4724 καὶ
628 4670 970 4740 συγγνώμης
1025 4668 1290 4735 ἀξιώσειν
1342 4668 1551 4738 πολλῆς
1596 4671 1725 4734 τοὺς
1758 4672 1880 4724 ἐπι·-

287 4763 655 4834 θυμήσαντας
692 4763 792 4832 μὲν
834 4761 945 4816 τῶν
1000 4761 1324 4832 μεγίστων,
1368 4761 1663 4832 ἑλομένους
1713 4761 1770 4815 δέ
1823 4780 1879 4815 τι

290 4857 391 4911 καὶ
425 4855 920 4927 παρακινδυνεύειν
953 4855 1098 4925 ὑπὲρ
1132 4853 1340 4920 αὐτῶν,
1368 4853 1484 4909 τῶν
1517 4854 1574 4908 δέ
1608 4854 1880 4909 κινδύνοιν

291 4951 616 5015 συνιδόντας
643 4967 704 5004 τε
740 4951 836 5003 καὶ
866 4948 1198 5021 στέρξαντας
1245 4948 1339 5000 τὸν
1385 4949 1747 5018 κουφότερον.
1781 4941 1879 5010 Οἷς

291 5041 405 5114 γὲιρ
454 5042 675 5096 ἅπαντα
737 5038 992 5109 θεμένοις
1048 5038 1233 5101 καλῶς
1280 5038 1385 5091 οὐκ
1441 5038 1726 5107 ἐξεγένετο
1778 5039 1880 5106 τῆς

291 5134 649 5207 ποθουμένης
686 5132 949 5203 ἀληθείας
993 5133 1182 5200 τυχεῖν
1212 5173 1227 5196 ,
1261 5130 1472 5185 τούτων
1522 5130 1582 5183 ού
1641 5130 1881 5202 πονηρίᾳ

292 5224 547 5296 γνώμης,
577 5223 719 5278 ἀλλὰ
756 5226 822 5293 τῇ
853 5222 1148 5295 δυσχερείᾳ
1193 5223 1295 5293 τῆς
1341 5221 1609 5292 ἀληθείας
1649 5221 1883 5291 ἐπιγρά-

294 5316 502 5386 φεσοαι
530 5316 613 5369 δεῖ
638 5316 701 5370 τδ
731 5315 1014 5386 ἀτύχημα.
1053 5314 1177 5368 Ὅτι
1210 5314 1311 5385 μὲν
1339 5314 1522 5368 τοίνυν
1547 5314 1673 5377 τοὺς
1709 5314 1787 5384 μὴ
1815 5312 1886 5367 τὰ

295 5406 442 5462 αὐτὰ
484 5407 600 5469 τοῖς
656 5404 876 5460 πλείοσι
929 5405 1245 5475 φάσκοντας
1297 5404 1608 5473 θεολόγους,
1659 5406 1759 5475 οὐχ
1810 5406 1885 5467 ὡς

296 5498 537 5563 ἐκείνοις
587 5497 975 5566 ἀντιλέγοντας
1006 5538 1024 5565 ,
1062 5495 1179 5550 ἀλλ’
1210 5495 1286 5561 ώς
1347 5494 1477 5551 ἄλλο
1533 5513 1585 5549 τι
1627 5495 1888 5564 βουλομέ-

301 5605 431 5659 νους
460 5589 569 5647 τῶν
622 5589 941 5659 ἀναγκαίων
981 5588 1473 5661 ἐπισημαίνεσθαι,
1535 5587 1665 5658 περὶ
1717 5586 1763 5641 δ’
1812 5582 1889 5643 ὧν

302 5679 465 5736 εἷπον
517 5682 720 5736 ἐκεῖνοι
779 5683 882 5752 τὴν
941 5678 1071 5753 ’ίσην
1130 5681 1359 5752 ἔχοντας
1396 5678 1651 5750 γνώμην,
1689 5680 1889 5751 πρέπει

301 5776 473 5844 νοεῖν,
530 5776 592 5829 ἐκ
646 5774 859 5831 πολλῶν
911 5774 1089 5831 ἄλλων
1128 5774 1333 5844 ὁμοίων
1368 5772 1699 5843 συνάγεσθαι
1728 5772 1892 5827 δυνα-

1982 4571 2220 4627 arbitror
2275 4566 2770 4622 clementissimum
2823 4565 3063 4635 judicent
3125 4566 3267 4631 atqui
3323 4561 3565 4631 bonique

1982 4662 2282 4726 facturum,
2317 4660 2641 4730 ven’amque
2671 4658 2887 4712 abunde
2919 4657 3170 4712 daturam
3226 4653 3562 4715 hominibus,

1982 4753 2076 4824 qui
2113 4769 2296 4808 rerum
2332 4751 2557 4822 quidem
2587 4751 2950 4804 maximarum
2982 4746 3161 4801 allecti
3192 4744 3396 4800 iuerint
3419 4742 3565 4797 desi-

1982 4844 2155 4910 derio,
2184 4858 2393 4913 proque
2427 4841 2538 4897 illis
2565 4840 2785 4910 aliquod
2811 4838 2973 4893 etiam
3006 4837 3313 4908 periculum
3378 4834 3566 4889 subire

1983 4936 2396 4990 voluerint:ex
2452 4931 2709 5002 periculis
2768 4938 2949 4984 autem
3006 4927 3364 4995 cognoverint
3417 4924 3568 4980 adie-

1982 5030 2203 5099 rintque
2240 5025 2599 5082 levissimum.
2636 5023 2848 5090 Quibus
2877 5021 3045 5086 enim,
3090 5020 3180 5075 ubi
3208 5020 3391 5076 omnia
3426 5028 3569 5073 recte

1983 5132 2148 5192 atque
2184 5119 2376 5175 ordine
2398 5117 2814 5187 disposuissent,
2863 5131 2969 5169 non
3019 5114 3572 5189 suecessitlexoptata‘.

1987 5211 2233 5266 veritatis
2283 5207 2573 5275 assecutio,
2612 5207 2754 5263 haud
2791 5223 2972 5279 prava:
3018 5208 3238 5262 illorum
3296 5204 3567 5258 voluntati

1985 5302 2145 5357 debet
2172 5299 2369 5355 ascribi
2390 5300 2569 5355 exitus
2600 5297 2810 5359 infelix.
2835 5300 2927 5353 sed
2955 5299 3137 5352 ardua:
3197 5295 3439 5351 veritatis
3487 5294 3571 5348 in-

1989 5393 2288 5465 dagatioui.
2315 5393 2470 5460 Quod
2496 5393 2664 5464 igitur
2698 5392 3106 5459 intelligendum
3138 5390 3230 5455 sit,
3284 5388 3570 5459 theologos

1989 5487 2084 5556 qui
2116 5501 2221 5539 non
2255 5484 2587 5540 conveniunt
2612 5499 2737 5538 cum
2767 5481 3039 5552 pluribus,
3072 5492 3418 5547 nequaquam
3460 5479 3571 5534 illis

1992 5578 2296 5645 adversari,
2347 5577 2443 5632 sed
2503 5576 2640 5630 velle
2698 5573 2956 5643 quiddam
3028 5571 3173 5626 aliud
3201 5574 3569 5629 necessarium

1995 5675 2327 5745 signiﬁcare,
2354 5672 2538 5728 eadem
2569 5685 2698 5724 vero
2741 5666 2947 5721 sentire
2992 5680 3115 5735 qua:
3170 5664 3244 5719 illi
3287 5666 3355 5721 de
3409 5667 3572 5722 rebus

1998 5784 2093 5841 per
2115 5783 2208 5838 eos
2236 5764 2547 5836 explicaris,
2585 5759 2765 5832 colligi
2788 5766 2964 5830 potest
2988 5774 3055 5814 ex
3077 5758 3261 5816 multis
3279 5760 3397 5816 aliis
3421 5760 3575 5817 simi-
