3932 6458
203 331 317 396 επ

1335 339 1621 406 ORATIO
1661 345 1746 406 lll
1780 399 1782 403 ,

1886 356 1890 361 ’
1915 345 2298 414 SYNODUM.
3361 344 3477 416 50“}

198 450 280 503 νος
306 444 427 499 οὐδὲ
452 448 675 518 κρατεῖν
704 448 1034 524 βουλόμενος
1070 452 1270 524 ταῦτα,
1320 453 1443 512 οὐδὲ
1488 460 1621 531 περὶ
1649 477 1773 514 του-

1885 463 2007 519 latis
2048 464 2313 521 rationem
2347 464 2414 521 iis
2473 465 2565 536 qui
2612 464 2901 523 silentium
2945 462 3182 523 aﬂ'erunt
3215 467 3282 523 ad
3312 467 3471 522 αλιθυιδ

195 542 327 596 τωνὶ
360 541 470 594 τῶν
520 545 906 615 προκειμένων
943 546 1152 616 μᾶλλον
1188 550 1318 623 ὑμῖν
1355 551 1389 621 ἢ
1413 554 1544 623 περὶ
1573 554 1777 618 παντὸς

195 631 425 698 ἰκτίνοις
461 636 834 708 σεσιγημένου
874 640 981 712 τὴν
1011 641 1157 714 ἐμὴν
1189 644 1493 716 προτίθημι
1525 645 1774 718 γνώμην.

205 726 400 796 Ὁρᾶτε
430 729 542 801 γάρ
594 746 663 802 με
698 726 802 787 κάν
840 730 954 797 τοῖς
1005 727 1318 806 ἔμπροσθεν
1360 735 1678 810 εἰρημένοις
1717 739 1785 793 τδ

192 815 352 887 δόξαν
404 823 776 894 προσκρούειν
830 820 963 896 ὑμῖν
1005 824 1114 891 ἕως
1165 824 1298 899 ἐξῆν
1354 829 1773 902 φυλαξάμενον*

195 911 370 967 καίτοι
428 913 544 977 τοῖς
616 910 719 986 τῆς
789 916 1053 988 ἀληθείας
1115 917 1436 986 ὲξετσσταῖς
1500 918 1626 977 οὔτε
1682 923 1774 976 λέ·

194 1020 381 1071 γουσιν
433 999 550 1060 οὔτ’
616 1004 912 1065 ἀκούουσιν
976 1010 1242 1086 ἁρμόττει
1309 1014 1500 1068 τούτου
1552 1014 1774 1085 φροντί-

192 1095 328 1160 ζειν.

1880 553 2089 609 nandos
2126 569 2224 610 eos
2254 554 2350 625 qui
2392 570 2502 611 non
2544 564 2857 615 tacuerunt.
2890 558 2946 613 Si
2980 557 3269 630 quisL’vero
3298 558 3476 624 dicat,

1880 659 2057 715 neque
2118 646 2458 703 contrarium
2519 662 2643 705 esse
2700 651 3021 721 pugnaciter
3080 650 3473 711 inferendum,

1883 749 2078 807 nempe
2107 737 2177 793 ab
2220 737 2328 794 illis
2362 753 2457 809 per
2501 741 2782 797 silentium
2825 743 3142 812 opinionem
3191 741 3483 805 roborari,

1882 842 2058 899 eoque
2096 829 2298 885 indicio
2331 831 2655 900 signiﬁcari,
2710 842 2989 903 receptam
3044 833 3189 889 hanc
3235 846 3359 888 esse
3398 832 3481 884 alr

1884 916 1992 976 illis
2039 935 2053 974 ι
2106 921 2426 990 responderi
2481 922 2700 992 quidem
2779 923 2985 993 Optime
3061 931 3300 994 potest:
3349 922 3466 977 Etsi

1880 1016 2108 1067 tacendo
2138 1012 2467 1081 inuuebant,
2496 1028 2606 1070 non
2646 1015 2874 1070 omnino
2907 1015 3056 1071 illam
3088 1016 3198 1071 sibi
3226 1015 3467 1084 probari,

1881 1104 2063 1175 potius
2099 1113 2284 1160 tamen
2324 1105 2667 1177 signiﬁcasse
2710 1122 3024 1173 assensum,
3070 1122 3236 1177 quam
3279 1107 3466 1162 odium

189 1207 241 1255 ct
275 1208 674 1272 contemptum.
713 1196 829 1274 Ego
867 1216 997 1258 vero
1041 1201 1301 1266 arbitror,
1350 1200 1628 1260 silentium
1667 1198 1773 1257 hoc
1843 1198 2015 1257 fuisse
2087 1200 2369 1258 hominum
2420 1216 2522 1257 nec
2560 1203 2785 1259 omnino
2815 1204 3223 1274 reprobandum
3251 1205 3468 1274 opinio-

191 1295 337 1366 nent,
379 1313 478 1356 nec
515 1311 708 1355 rursus
740 1296 889 1353 velut
928 1298 1154 1354 omnino
1205 1306 1377 1354 tutam
1426 1298 1576 1353 illam
1625 1296 2041 1369 recipientium:
2071 1294 2277 1363 Quaeso
2302 1304 2484 1352 autem
2513 1311 2543 1351 a
2568 1295 2742 1361 vobis,
2782 1294 2980 1359 Graeci,
3047 1305 3108 1351 ut
3170 1313 3293 1368 qua:
3351 1300 3468 1357 dic-

131 1402 147 1467 ι
191 1399 349 1447 turus
396 1401 543 1453 sum,
596 1387 669 1443 ita
699 1403 730 1444 a
762 1404 850 1443 me
883 1383 989 1442 dici
1045 1387 1408 1450 existimetis.
1447 1402 1556 1442 non
1606 1388 1766 1457 quasi
1804 1387 1968 1442 velim
2016 1397 2224 1445 certam
2297 1387 2415 1459 ipse
2481 1388 2838 1460 pronuntiare
2864 1388 3218 1449 sententiam.
3256 1401 3311 1446 et
3342 1401 3467 1448 rata

189 1502 308 1544 esse
335 1500 459 1556 qua:
489 1482 709 1556 profero
742 1498 759 1537 :
800 1496 980 1553 neque
1013 1481 1160 1537 enim
1194 1495 1296 1553 ego
1329 1497 1477 1538 nunc
1505 1483 1679 1554 magis
1709 1485 1776 1538 de
1810 1482 2089 1553 proposita
2126 1483 2357 1539 materia
2397 1483 2532 1554 quid
2563 1483 2807 1540 sentiam
2873 1482 3115 1554 profero,
3160 1498 3327 1553 quam
3397 1488 3466 1546 de

188 1582 288 1639 alia
325 1581 521 1655 quavis
562 1595 623 1637 re
662 1593 825 1650 quam
857 1576 935 1634 illi
983 1579 1273 1635 tacuerint.
1303 1579 1367 1635 Et
1410 1578 1606 1636 videtis
1653 1580 1773 1651 ipsi»
1842 1586 2047 1651 quanta
2133 1594 2230 1650 per
2275 1587 2450 1635 totum
2487 1595 2795 1637 sermonem
2832 1580 3125 1651 diligentia
3148 1582 3278 1637 illud
3310 1597 3469 1638 cave-

187 1681 317 1746 rim,
341 1695 411 1736 ne
439 1677 615 1750 quoad
643 1674 766 1749 ejus
801 1674 918 1731 ileri
953 1684 1145 1746 posset
1187 1685 1399 1733 vestras
1429 1676 1772 1734 offenderem
1808 1691 1972 1731 aures
2021 1693 2037 1732 ι

2092 1691 2409 1748 quanquam
2498 1676 2567 1733 iis
2613 1678 2707 1748 qui
2762 1678 3047 1735 veritatem
3140 1677 3469 1750 inquirunt,

186 1790 384 1833 curare
423 1773 477 1830 id
525 1772 755 1829 minime
805 1774 1083 1835 convenit.
1110 1772 1227 1830 sive
1272 1772 1461 1830 dicant
1504 1773 1637 1844 ipsi,
1662 1772 1780 1829 sive
1818 1771 2067 1827 audiant.

266 1866 419 1936 Ἐγὼ
461 1862 668 1933 τοίνυν,
707 1863 847 1935 ὅπερ
892 1862 1068 1929 εἶπον,
1114 1866 1243 1930 τοὺς
1290 1866 1484 1937 ἁγίους
1528 1865 1775 1938 ἠγοῦμαι

1951 1862 2064 1934 Ego
2092 1863 2450 1937 igitur,‘quod
2477 1863 2611 1928 dixi,
2653 1873 2877 1921 sanctos
2908 1865 3146 1921 arbitror
3189 1861 3323 1921 nihil
3348 1880 3470 1922 esse

191 1959 364 2031 μηδὶν
394 1958 872 2030 ἀποφαινομένους
905 1960 1036 2028 περὶ
1086 1951 1161 2014 ὧν
1201 1959 1383 2032 ἕτεροι
1412 1962 1635 2030 λέγουσι
1666 1977 1774 2029 φα-

186 2052 386 2125 νερῶς,
415 2050 540 2105 οὔτε
591 2049 801 2120 σφόδρα
861 2050 1328 2123 συνηγοροῦντος,
1362 2054 1412 2107 ει
1466 2052 1548 2106 δεῖ
1595 2052 1777 2121 λέγειν

188 2140 385 2211 οὕτως,
424 2142 540 2198 οὔτ’
567 2143 1020 2214 ιναντιουμένους
1060 2144 1318 2212 καθάπαξ
1355 2145 1516 2201 τοῦτο
1561 2148 1774 2200 ποιεῖν’

187 2238 384 2309 τδίμὶν
417 2239 527 2310 γάρ
561 2238 753 2310 πόρρω
787 2238 888 2307 τῆς
925 2238 1153 2292 ἐκείνων
1198 2239 1407 2310 ἀρετῆς
1439 2241 1538 2296 καὶ
1583 2240 1779 2309 σοφίας

188 2327 333 2398 ἐστὶ,
363 2330 433 2385 τὸ
462 2324 516 2385 δτ
539 2324 687 2401 εῖχεν
733 2328 803 2383 ἂν
846 2328 1007 2398 λόγον
1033 2330 1229 2385 ούδὲνα
1272 2331 1485 2395 πάντας
1512 2331 1650 2402 ὁμοῦ
1679 2347 1780 2385 κα.

189 2422 381 2495 θάπερ
434 2420 804 2493 συνθεμένους
858 2419 1116 2484 ἑλέσθαι,
1172 2420 1270 2475 καὶ
1333 2421 1569 2492 δόγματι
1625 2422 1778 2493 παρὰ

187 2514 406 2571 πολλῶν
465 2512 890 2584 όμολογουμένῳ
952 2513 1296 2585 συνηγορίαν
1353 2512 1502 2568 οὕτω
1572 2515 1778 2583 νεκρὰν

185 2605 633 2672 εἰσενέγκασθαι.
692 2604 835 2659 Ἀλλ’
891 2600 1051 2675 οἶμαι
1079 2605 1309 2670 τούτους
1363 2606 1397 2677 ἢ
1458 2605 1562 2676 τὴν
1618 2608 1781 2675 δόξαν

186 2694 638 2766 ἀμφιγνοοῦντας
665 2695 741 2760 ὡς
785 2694 1058 2766 ἀκινδύνῳ
1106 2696 1422 2767 χρήσασθαι
1452 2700 1521 2770 τῇ
1553 2700 1704 2769 σιγῇ,
1742 2699 1776 2769 ἢ

187 2791 264 2860 τῇ
312 2787 414 2858 μὲν
454 2786 648 2859 γνώμῃ
695 2788 837 2857 μετά
865 2787 975 2842 τῶν
1005 2788 1271 2843 εἰπόντων
1312 2790 1559 2857 ἑστάναι,
1589 2792 1685 2845 τοῦ
1720 2790 1778 2845 δδ

183 2879 546 2948 δημοσιεύειν
581 2878 754 2949 αὐτὴν
786 2878 1152 2950 ἀποσχέσθαι,
1191 2880 1383 2951 ἕτερόν
1431 2898 1486 2935 τι
1516 2899 1807 2953 προνοουοι

191 2972 419 3041 μόνους.
473 2971 587 3024 Καὶ
637 2968 848 3025 τούτων
911 2969 1175 3043 ἑκάτερον
1232 2971 1520 3035 εὐλαϐείας
1571 2990 1629 3026 τε
1684 2974 1780 3028 καὶ

188 3061 453 3134 προνοίας
496 3061 889 3133 προσηκούσης
918 3063 1097 3133 ἁγίοις
1139 3063 1286 3118 ἐστὶν
1317 3065 1618 3131 ἀπόδειξις.
1650 3066 1779 3121 Είτε

187 3156 301 3224 γάρ
342 3156 370 3210 δ
404 3154 481 3226 μὴ
517 3155 873 3210 παντάπασιν
923 3156 1195 3228 ἐθάρρουν
1252 3159 1450 3224 εἰπεῖν,
1486 3158 1602 3212 ἀλλ’
1653 3159 1776 3213 οὐδὲ

1882 1950 2098 2009 locutos
2124 1953 2192 2009 de
2219 1968 2313 2021 eo,
2350 1954 2493 2025 quod
2546 1955 2636 2010 alii
2667 1956 2858 2011 dicunt
2904 1966 3110 2027 aperte,
3174 1966 3466 2028 propterea

1881 2045 2027 2117 quod
2060 2044 2133 2100 illi
2167 2060 2271 2103 nec
2305 2048 2534 2103 multum
2564 2047 2832 2115 faverent,
2874 2048 2921 2104 si
2946 2048 3022 2104 ita
3054 2048 3341 2105 dicendum
3359 2059 3467 2111 est.

1881 2153 1982 2196 nec
2010 2139 2143 2196 illud
2174 2141 2401 2197 omnino
2424 2143 2711 2214 rejicerent
2737 2159 2752 2198 :
2787 2142 2893 2197 hoc
2920 2142 3063 2198 enim
3094 2156 3123 2197 a
3149 2142 3350 2197 virtute
3375 2155 3476 2198 θ’οδΓ

1884 2248 2005 2289 rum
2035 2242 2092 2290 et
2112 2236 2340 2296 scientia
2375 2237 2561 2308 procul
2589 2236 2744 2293 abest
2770 2255 2784 2291 :
2830 2236 2961 2291 illud
2988 2220 3168 2291 autem
3198 2230 3355 2290 nulla
3372 2246 3465 2289 ra-

1882 2323 2027 2380 tione
2053 2325 2357 2382 niteretur:
2391 2327 2546 2399 quasi
2580 2342 2774 2384 omnes
2823 2326 3246 2384 communicatis
3272 2318 3463 2383 consi-

1894 2416 1986 2474 liis
2021 2418 2072 2473 id
2108 2417 2315 2482 lacere.
2360 2419 2635 2490 etdogma
2681 2419 3000 2477 confessum
3041 2434 3071 2474 a
3098 2419 3286 2475 multis
3331 2418 3469 2473 adeo

1880 2508 2075 2579 frigida
2104 2510 2319 2567 ratione
2347 2510 2539 2568 fulcire
2577 2511 2873 2568 voluerint.
2915 2512 3021 2567 Sed
3055 2521 3187 2582 puto
3216 2512 3339 2568 illos
3368 2521 3469 2567 aut

1877 2598 1948 2654 de
1976 2615 2033 2654 re
2054 2616 2177 2671 qua:
2195 2601 2299 2658 sibi
2323 2609 2443 2657 erat
2470 2603 2723 2673 ambigua
2757 2605 3015 2671 tacuisse,
3041 2606 3209 2660 tutius
3233 2604 3340 2659 hoc
3366 2602 3485 2659 du;

1878 2703 2064 2750 centes
2088 2711 2105 2750 :
2131 2705 2227 2751 aut
2259 2695 2401 2751 idem
2427 2697 2668 2754 sensisse
2697 2699 2913 2769 quidem
2943 2700 3086 2769 quod
3118 2699 3206 2754 alii
3238 2714 3330 2769 qm
3353 2713 3473 2753 renr

1878 2795 2064 2855 aperte
2092 2788 2349 2843 dixerunt
2368 2830 2385 2853 ,
2412 2788 2505 2844 sed
2522 2790 2855 2846 abstinuisse
2871 2806 2901 2845 a
2918 2791 3205 2846 sententia:
3221 2791 3469 2861 divulga-

1880 2880 2049 2946 tione,
2075 2880 2334 2950 quiddam
2362 2882 2508 2937 aliud
2533 2883 2926 2952 prospicientes
2953 2900 2969 2937 :
2998 2898 3232 2954 quorum
3256 2893 3470 2937 utrum-

1879 2987 1985 3042 que
1999 2973 2263 3029 cautelam
2278 2984 2331 3029 et
2353 2975 2742 3045 providentiam
2755 2991 2848 3031 eos
2866 2976 3202 3040 adhibuisse,
3218 2978 3475 3047 qure'saa-

1880 3074 2001 3120 ctos
2021 3063 2197 3132 decet,
2246 3074 2458 3123 certum
2491 3067 2750 3124 indicium
2798 3080 2901 3124 est.
2935 3068 2990 3124 Si
3020 3068 3165 3124 enim
3193 3070 3473 3142 prarterire

1895 3157 2116 3214 silentio
2145 3158 2197 3214 id
2222 3159 2536 3225 voluerunt,
2576 3161 2720 3232 quod
2757 3162 2983 3217 omnino
3016 3161 3202 3217 dicere
3229 3177 3336 3217 non
3371 3176 3469 3216 au-

187 3209 301 3303 τῶν
346 3209 668 3320 ἀνηκέστων
713 3248 914 3320 ᾔδεσαν
946 3209 1041 3315 δν,.
1067 3209 1232 3304 ἶτούτο

1890 3250 2110 3314 debent,
2130 3265 2231 3306 nec
2250 3259 2425 3306 tamen
2445 3266 2541 3322 pro
2553 3209 2888 3309 elsecrando
2910 3252 3183 3310 habebant
3198 3254 3472 3319 dogmate,

190 3341 286 3398 καὶ
343 3341 445 3407 τὰς
496 3340 562 3395 εκ
608 3357 670 3395 τε
716 3339 813 3395 τοῦ
878 3344 1182 3413 μαρτυρεῖν
1216 3342 1287 3397 ἐκ·
1323 3355 1384 3397 τε
1434 3342 1533 3398 τοῦ
1565 3344 1789 3399 διώκειν

191 3433 434 3504 ὑποψίας
464 3434 659 3503 φυγεῖν
692 3433 1104 3495 ἐϐουλεύσαντο.
1146 3434 1453 3506 θαυμαστοὶ
1498 3439 1593 3508 τῆς
1623 3437 1785 3491 εὐλαο

190 3527 347 3591 ϐείας
400 3525 533 3593 εἰσὶ,
565 3523 636 3579 δι’
687 3525 755 3596 ἣν
807 3525 1048 3589 καὶτοῖς
1088 3526 1180 3580 ὕπ’
1234 3528 1418 3585 αὐτῶν
1458 3530 1784 3600 εἰρημένοις

188 3615 703 3689 ἀναμφισϐητήτως
780 3616 1145 3687 προσκεῖδοαι
1210 3617 1419 3672 δίκαιον
1490 3620 1780 3686 ἅπαντας·

189 3711 303 3768 she
331 3714 401 3765 ta:
437 3709 534 3764 τοῦ
564 3706 808 3779 φανερὰν
850 3709 1128 3764 ποιεῖσθαι
1169 3709 1268 3779 τὴν
1293 3709 1477 3780 δόξαν,
1507 3728 1786 3784 συνεωρα-

190 3803 351 3867 κότες
399 3819 453 3856 τι
494 3801 609 3856 τῶν
642 3801 744 3856 οὐκ
794 3802 1101 3872 ἀμεινόνων
1156 3801 1448 3873 ἑψόμενον,
1481 3808 1785 3877 κατασχεῖν

189 3897 367 3971 αὐτὴν
398 3898 457 3951 ἐν
488 3896 679 3967 σφίσιν
728 3897 1016 3968 ἐνόμισαν,
1052 3899 1333 3954 ἐπαινετοὶ
1370 3901 1473 3972 τῆς
1502 3902 1784 3974 προνοίας.

192 3992 257 4045 Ei
320 3988 435 4060 γάρ
493 3990 604 4043 τῶν
665 3988 845 4058 λόγων
900 3989 1088 4054 αὐτοῖς
1146 3990 1243 4045 hs
1295 3992 1636 4048 διδασκάλων
1692 3996 1789 4050 καὶ

190 4084 462 4154 Πατὲρων
508 4080 696 4153 ἔχουσι
738 4081 918 4149 τάξιν,
959 4083 992 4153 ή
1036 4082 1147 4137 τῶν
1195 4084 1289 4138 ὑπ’
1316 4086 1517 4151 αὐτοὺς
1548 4087 1790 4156 ὠφέλεια

188 4176 344 4239 τιλος
388 4174 615 4247 ἔμελλεν
649 4171 813 4240 εἶναι,
841 4175 943 4230 οὐκ
990 4174 1096 4230 ἔδει
1145 4176 1217 4231 τὰ
1253 4176 1533 4248 βλάψοντα
1566 4192 1792 4249 προστι-

193 4269 346 4324 θέναι
375 4280 397 4300 '
428 4270 524 4322 καὶ
556 4268 659 4323 τὸν
685 4267 859 4340 ἀληθῆ
897 4270 993 4323 καὶ
1017 4269 1201 4323 κοινὸν
1227 4269 1506 4327 κάντεῦθα
1534 4270 1789 4326 διδάσκα-

188 4363 281 4418 λον
327 4363 771 4435 προεστήσαντο,
811 4360 870 4422 ὃς
931 4361 1104 4417 πολλά
1164 4361 1274 4416 τῶν
1322 4363 1624 4432 ἀξιολόγων
1676 4380 1783 4418 κα-

183 4438 359 4527 τεῖχε,
419 4454 599 4528 μήπω
665 4452 1003 4523 δυναμένους
1076 4453 1265 4508 ἐκεῖνα
1324 4454 1618 4525 βαστάζειν
1663 4456 1793 4521 τοὺς

1886 3341 2338 3413 suspicionesque
2369 3343 2649 3401 evitandas
2672 3352 2956 3416 putarunt,
2985 3362 3105 3417 qua:
3129 3346 3367 3403 suborta:
3384 3362 3474 3401 es-

1887 3435 2161 3498 sent,sive
2188 3434 2265 3490 illi
2283 3436 2478 3507 dogma
2506 3437 2855 3507 probassent,
2879 3438 2993 3495 sive
3023 3439 3429 3511 improbasscnt
3458 3460 3472 3496 :

1890 3526 2199 3583 admirabili
2232 3542 2370 3584 sane
2402 3528 2655 3584 cautione
2690 3538 2820 3585 sunt
2849 3530 2954 3597 usi,
2988 3530 3060 3587 ob
3081 3547 3246 3603 quam
3283 3548 3474 3590 omnes

1890 3617 2038 3675 dicta
2067 3633 2255 3675 eorum
2292 3620 2449 3691 sequi
2478 3620 2598 3677 sine
2626 3621 2734 3676 ulla
2764 3622 3102 3679 haesitatione
3128 3624 3381 3681 debeant.
3413 3624 3474 3681 Si

1888 3725 2018 3767 vero
2046 3709 2274 3768 infausti
2301 3711 2514 3783 aliquid
2568 3728 2897 3784 prospexere
2926 3725 3359 3772 consecuturum
3406 3733 3474 3771 ex
3525 3714 3529 3719 ’

1887 3802 2328 3874 promulgatione
2368 3803 2532 3874 hujus
2562 3807 2868 3874 sententias,
2898 3814 2954 3862 et
2984 3808 3209 3875 proinde
3236 3810 3479 3865 retineri-

1870 3894 2013 3967 dam
2042 3894 2119 3950 illi
2144 3897 2289 3967 apud
2313 3911 2376 3954 se
2407 3896 2764 3967 iudicarunt:
2798 3898 3077 3953 laudanda
3107 3897 3356 3968 profecto
3382 3909 3468 3956 est

1889 3985 2006 4043 hac
2026 3986 2391 4057 providentia.
2417 3987 2563 4045 Cum
2578 3988 2724 4044 enim
2753 3987 3103 4045 sermonibus
3124 4003 3319 4044 eorum
3349 3990 3478 4046 linis

1890 4087 2038 4135 esset
2061 4079 2404 4149 propositus,
2428 4079 2641 4136 utilitas
2667 4080 2950 4135 hominum
2977 4080 3080 4137 sibi
3107 4080 3473 4144 subditorum.

1892 4184 2090 4241 nempe
2110 4178 2171 4226 ut
2206 4169 2463 4226 Patribus
2510 4185 2576 4228 ac
2607 4171 2953 4238 doctoribus,
2987 4171 3321 4244 proferenda
3362 4190 3470 4230 nun

1892 4270 2058 4319 erant
2115 4263 2188 4318 ab
2220 4261 2350 4330 illis,
2384 4277 2506 4334 qua:
2554 4262 2751 4321 obesse
2795 4275 3082 4338 poterant:
3120 4265 3281 4338 idque
3311 4268 3478 4324 etiam

1892 4354 2145 4425 exemplo
2194 4354 2306 4410 veri
2336 4356 2759 4428 communisque
2784 4358 3033 4413 omnium
3090 4359 3361 4432 magistri,
3385 4361 3476 4431 qui

1896 4445 2065 4503 multa
2080 4446 2222 4503 scitu
2241 4447 2405 4518 digna
2427 4462 2536 4503 non
2562 4450 2778 4519 aperuit
2794 4447 2977 4507 sciens
2992 4464 3053 4505 ea
3081 4451 3325 4506 nondum
3349 4466 3480 4507 suos

191 4548 528 4612 ἀποστόλους
565 4546 726 4610 εξδὼς
750 4562 764 4579 θ
795 4545 852 4599 τί
897 4549 1008 4616 γὰρ
1039 4546 1234 4616 ὄφελος
1280 4547 1546 4618 ἀληθείας
1577 4548 1782 4620 ὑψηλο-

1891 4537 2035 4594 ferrc
2061 4553 2225 4609 posse
2263 4541 2565 4612 apostolos.
2596 4540 2740 4609 Quid
2770 4543 2915 4599 enim
2947 4542 3170 4615 prodest
3194 4542 3482 4599 sublimior

190 4640 359 4713 τέρας
384 4642 498 4704 τοῖς
528 4638 622 4692 ἐπὶ
664 4637 776 4692 τῶν
802 4637 1219 4709 ταπεινοτέρων
1247 4638 1534 4705 ἀϐεϐαίοις
1577 4641 1659 4695 ἐτι
1687 4645 1781 4697 καὶ

195 4733 616 4804 κλονουμένοιςς
653 4730 778 4784 Ὀτι
836 4728 881 4783 δ’
930 4729 1198 4801 ἑκάτερον
1251 4730 1462 4785 τούτων
1496 4733 1660 4787 -πολὺ
1717 4734 1780 4786 τὸ

193 4820 418 4893 εὔλογον
443 4822 581 4893 ἔχει,
611 4820 708 4873 καὶ
732 4819 869 4873 πολὺ
911 4819 1114 4890 μᾶλλον
1147 4819 1180 4891 ἢ
1228 4820 1291 4873 τὸ
1316 4822 1578 4875 τάναντία
1620 4822 1782 4890 δοξά-

196 4915 310 4982 ζειν
337 4915 466 4979 τοὺς
498 4911 1087 4977 διδασκάλους,ούκουν
1109 4911 1253 4966 ὥστε
1283 4916 1380 4968 καὶ
1409 4913 1785 4985 παραϐάλλειν

195 5008 420 5075 ἐξεῖναι,
469 5008 565 5061 καὶ
613 5006 699 5060 ὅτι
756 5008 1076 5070 συνάπτειν,
1133 5005 1211 5068 ὡς
1260 5004 1502 5078 εἴρηται,
1556 5007 1782 5069 τούτους

144 5126 147 5127 ν
194 5096 349 5151 οὐδέν
408 5097 527 5149 ἐστι
592 5093 851 5165 χαλεπὸν,
902 5096 1168 5160 ὁπότερον
1211 5094 1279 5149 ἃν
1333 5096 1541 5150 τούτων
1593 5097 1782 5168 μέλλοι

199 5190 449 5262 κρατεῖν,
482 5187 710 5242 αὐτόθεν
768 5183 925 5256 οῐμαι
979 5187 1141 5255 δῆλον
1193 5188 1368 5242 ἅπασι
1424 5190 1782 5246 καθεστάναι.

200 5281 260 5336 Ei
317 5281 422 5352 μὲν
472 5280 585 5350 γὰρ
636 5278 842 5346 ἀγαθόν
883 5294 935 5334 τι
990 5279 1183 5349 χρῆμα
1230 5281 1328 5334 καὶ
1386 5280 1589 5351 πολλῆς
1632 5280 1785 5348 ἀξιον

198 5373 478 5445 εὐφημίας
525 5373 560 5441 ἡ
598 5374 727 5442 περὶ
758 5370 915 5426 ταῦτ’
965 5371 1225 5424 εὐλάϐεια
1263 5373 1399 5426 πᾶσι
1454 5372 1626 5439 δοκεῖ,
1664 5375 1785 5440 πῶς

200 5467 260 5521 οὐ
307 5466 395 5519 δεῖ
458 5462 666 5533 ταύτην
714 5466 825 5528 τοῖς
885 5464 1135 5535 ἀρίστοις
1198 5464 1611 5535 προσάπτεσθαι
1679 5467 1786 5520 τῶν

203 5558 541 5629 ἀνθρώπων;
580 5559 628 5612 εί
673 5556 732 5611 δὲ
781 5556 876 5612 καὶ
925 5558 1024 5628 μὴ,
1062 5556 1155 5610 καὶ
1205 5558 1408 5619 πάντες
1438 5557 1658 5612 ἅπαντα
1701 5559 1787 5613 λέ-

180 5650 478 5719 εγουσινοῦ
520 5667 581 5720 γε
616 5651 754 5721 μετά
784 5651 883 5718 τῆς
914 5650 1037 5720 ἴσης
1069 5648 1263 5718 σοφίας
1301 5651 1397 5703 καὶ
1441 5651 1541 5720 τῆς
1576 5651 1789 5706 ἄνωθεν

206 5742 582 5815 χάριτος,ἁλλ’
620 5744 738 5797 ἔστι
767 5760 849 5805 τις
877 5743 936 5796 ἑν
970 5742 1156 5807 αὐτοῖς
1191 5743 1445 5813 καθάπερ
1476 5743 1789 5814 ἁγιωσύνης

207 5836 300 5892 καὶ
332 5834 444 5892 τῶν
476 5834 616 5909 ὑπὲρ
664 5834 944 5901 εὐσεϐείας
978 5836 1228 5906 ἀγώνων,
1257 5835 1402 5893 οὕτω
1440 5837 1536 5893 καὶ
1593 5837 1786 5909 σοφίας

1886 4632 2087 4687 veritas
2109 4630 2180 4688 iis
2196 4633 2292 4703 qui
2327 4633 2510 4688 adhuc
2541 4632 2597 4688 in
2641 4633 3029 4691 humilioribus
3072 4636 3302 4691 nutant?
3325 4634 3479 4713 Quod

1885 4732 2073 4782 autem
2090 4734 2384 4798 utrumque
2400 4726 2596 4783 horum
2618 4727 2790 4782 solida
2809 4728 3024 4785 ratione
3040 4728 3268 4795 nitatur,
3284 4729 3483 4783 multov

1883 4834 1994 4891 que
2012 4820 2186 4891 magis
2214 4819 2285 4877 sit
2317 4821 2515 4876 rationi
2542 4827 2999 4887 consentaneum,
3032 4835 3194 4891 quam
3235 4834 3482 4876 asserere

1884 4913 2141 4975 doctores
2171 4913 2315 4967 inter
2349 4927 2408 4968 se
2434 4927 2698 4981 pugnare,
2730 4921 2792 4968 ut
2821 4912 2968 4968 nulla
2996 4921 3161 4985 queat
3188 4912 3332 4969 inter
3367 4914 3482 4969 haec

1885 5017 2004 5059 esse
2019 5004 2377 5073 comparatio:
2397 5004 2672 5074 quodque,
2691 5005 3007 5060 utrumlibet
3034 5020 3219 5061 rerum
3243 5006 3478 5067 dicatur.

1888 5098 2037 5152 nullo
2076 5099 2296 5167 negotio
2323 5094 2538 5166 possint
2568 5097 2650 5153 illi
2678 5099 2818 5153 inter
2845 5112 2906 5155 se
2930 5098 3239 5166 conciliari,
3261 5112 3358 5171 per
3419 5115 3480 5155 se

1888 5189 2066 5257 ipsum
2105 5189 2342 5243 arbitror
2397 5202 2521 5246 esse
2549 5190 2805 5246 omnibus
2850 5192 3225 5250 manifestum.
3265 5192 3398 5247 Nam
3430 5193 3478 5247 si

1891 5280 2031 5335 bo’na
2068 5294 2158 5335 res
2182 5286 2236 5334 et
2261 5280 2447 5336 multis
2466 5281 2628 5353 digna
2654 5284 2949 5353 praeconiis
2985 5286 3196 5341 videtur
3221 5284 3477 5339 omnibus

1886 5373 2067 5429 cautio
2092 5373 2147 5428 in
2175 5364 2485 5444 huiusmodi
2522 5377 2773 5447 negotiis,
2801 5392 2900 5434 cur
2915 5378 3138 5450 optimis
3170 5378 3482 5433 hominibus

1890 5467 1980 5522 illa
2006 5480 2116 5522 non
2142 5466 2417 5524 tribuatur
2442 5466 2467 5521 ?
2496 5466 2593 5524 Sin
2619 5483 2749 5524 vero
2786 5471 2965 5534 aliter,
3002 5480 3053 5526 et
3078 5485 3269 5526 omnes
3288 5475 3473 5526 omnia

1890 5559 2082 5615 dicunt
2115 5573 2224 5614 non
2248 5560 2365 5630 pari
2390 5559 2639 5615 doctrina
2675 5561 2992 5631 cmlestique
3045 5563 3240 5632 gratia,
3262 5563 3355 5617 sed
3388 5570 3474 5617 est

1895 5653 2036 5707 inter
2074 5666 2170 5708 eos
2201 5655 2278 5707 uti
2352 5653 2659 5708 sanctitatis
2737 5653 3092 5725 laborumque
3139 5670 3241 5725 pro
3285 5656 3482 5727 pietate

1892 5753 2302 5814 susceptorum,
2351 5744 2425 5800 ita
2470 5760 2690 5816 quoque
2721 5745 2963 5799 scientia:
3004 5745 3471 5818 facundiaequcac

1894 5838 2093 5895 divina:
2117 5838 2325 5909 gratae,
2383 5854 2478 5908 per
2508 5854 2671 5910 quam
2698 5838 2812 5895 ιιωο
2840 5839 3019 5895 omnia
3045 5841 3243 5897 dantur
3269 5851 3321 5898 ct
3352 5858 3483 5898 eun-
