3932 6458
402 332 509 404 ιιι

1476 326 1857 392 GENNADII
1895 327 2005 390 (ΣΡ.
2034 321 2551 388 PATRIARCIH!

2206 189 2254 201 ...-

3582 325 3693 394 512

403 448 460 502 in
491 444 694 516 quibus
731 440 823 498 alii
865 442 987 499 aliis
1025 442 1394 499 confidentius
1436 442 1582 510 loqui
1615 443 1891 506 videntur,
1922 445 1983 494 ut

2102 439 2419 511 γράμματα,
2456 441 2516 494 ἑν
2563 434 2646 503 οἷς
2704 438 2856 494 ἄλλοι
2913 440 3115 510 μᾶλλον
3169 440 3349 496 ἄλλων
3407 440 3690 514 τιθαῤῥη-

404 542 642 613 quisque
669 540 905 596 scientia
952 547 1049 595 aut
1096 538 1298 595 collata
1329 539 1502 608 gratia
1535 538 1776 608 pollebat
1807 555 1823 593 :
1888 549 1989 591 nec

405 636 583 705 magis
613 632 792 688 Latini
823 648 854 688 a
879 632 1109 699 Grecis,
1160 647 1328 703 quam
1384 631 1561 687 Graeci
1617 632 1760 687 inter
1793 646 1853 687 se
1886 632 1998 685 bac.

411 726 624 781 ratione
650 724 931 780 differunt.
968 723 1074 780 Sed
1109 739 1287 795 neque
1309 722 1669 793 impossibile,
1693 731 1789 778 aut
1815 722 1989 778 statui

404 834 600 875 eorum
658 818 881 874 videtur
910 818 1093 875 minus
1125 832 1457 889 congruens,
1488 817 1533 873 si
1594 817 1721 890 quis
1753 824 1989 884 asserat,

407 910 532 967 illos
561 909 785 983 quidem
827 911 1042 983 absque
1076 910 1185 966 ulla
1229 910 1579 967 haesitatione
1611 909 1802 967 eadem
1862 923 1991 964 scn-

406 1004 547 1060 sisse
575 1015 697 1074 qum
731 1004 863 1059 alii:
900 1003 1103 1060 veritos
1148 1010 1331 1060 autem
1362 1018 1508 1066 esse.
1540 1018 1611 1059 ne
1664 1014 1852 1074 aperta
1912 1005 1991 1059 rei

406 1092 683 1153 confessio
756 1094 1065 1167 periculosa
1134 1094 1281 1152 foret
1356 1096 1815 1165 simplicioribus.
1886 1095 1991 1163 Qui

405 1187 578 1252 enim,
635 1202 705 1245 ne
734 1189 1025 1258 quisquam
1058 1203 1157 1260 per
1180 1202 1244 1243 ea
1287 1203 1412 1259 quae
1436 1188 1785 1256 dicebantur,
1822 1188 1991 1244 ullum

407 1279 764 1336 contraheret
790 1279 1077 1347 damnum,
1113 1282 1290 1349 palam
1325 1282 1771 1338 contradicentes
1816 1296 1878 1337 ea
1907 1282 1995 1336 di-

409 1373 667 1430 centibus
735 1373 991 1431 restitere
1021 1390 1036 1428 :
1071 1389 1285 1431 necnon
1343 1390 1403 1430 ea
1460 1374 1609 1431 credi
1649 1374 1995 1446 proferrique

412 1466 767 1535 prohibuere,
800 1482 923 1535 qua:
942 1465 1065 1523 aliis
1093 1474 1253 1523 erant
1278 1467 1363 1523 vel
1397 1467 1518 1538 ipso
1544 1468 1856 1539 respirandi
1893 1482 1993 1525 usu

411 1556 587 1626 magis
650 1555 979 1613 familiaria:
1030 1573 1156 1615 cum
1207 1568 1389 1615 tamen
1452 1559 1588 1631 ipsis
1649 1560 1994 1629 potissimum

411 1656 695 1705 constaret
733 1664 856 1705 vera
912 1649 1001 1707 illa
1049 1665 1202 1717 esse;
1234 1658 1367 1707 'cttr
1426 1652 1687 1708 censendi
1724 1668 1831 1706 non
1885 1651 1997 1707 sint

2095 530 2254 595 κότες
2294 531 2554 600 όρῶνται,
2590 533 2667 595 ὥς
2712 532 2944 596 ἕκαστος
2997 531 3314 604 ἐπιστήμης
3369 532 3402 603 ἢ
3456 535 3688 603 χάριτος

2094 621 2207 692 εἶχε
2235 639 2250 654 ο
2281 627 2379 681 καὶ
2429 624 2587 678 οὐδὲν
2637 625 2842 695 μᾶλλον
2881 625 3103 680 Λατῖνοι
3139 622 3419 698 Γραικῶν,
3450 626 3485 699 ἢ
3520 626 3688 697 Γραι-

2093 715 2181 769 κοὶ
2230 716 2371 787 πρὸς
2416 717 2647 783 ἑαυτοὺς
2693 719 2872 791 ταύτῃ
2933 719 3225 790 φαίνονται
3284 718 3688 790 διενηνοχότες.

2123 809 2270 864 Αλλὰ
2305 811 2415 882 μὴν
2466 811 2564 865 καὶ
2612 811 2674 866 τὸ
2717 814 2896 869 ταυτά
2936 815 3052 878 τοῖς
3109 813 3295 879 ἄλλοις
3340 810 3686 884 φρονοῦντας

2093 901 2506 971 ἀναμφιϐόλως,
2539 903 2641 976 τὴν
2671 903 2969 976 ὁμολογίαν
3020 903 3100 970 ῶς
3152 909 3254 961 οῦκ
3305 904 3527 977 ἀσφαλῆ
3570 909 3690 972 τοῖς

2096 994 2494 1064 ἁπλουστέροις
2537 996 2903 1065 φυλάξασθαι,
2935 997 3051 1053 οὔτ’
3102 999 3391 1066 ἀδύνατον,
3424 999 3552 1054 οὔτε
3586 1001 3688 1071 τῆς

2095 1087 2322 1143 ἐκείνων
2364 1089 2574 1155 τάξεως
2631 1091 2838 1167 ἀπᾷδον
2889 1086 3033 1148 εἶναι
3066 1096 3238 1150 δοκεῖ.
3275 1095 3340 1149 οι
3375 1094 3485 1165 γάρ
3518 1095 3688 1150 ἕνεκα

2093 1176 2191 1233 τοῦ
2261 1180 2470 1248 μηδένα
2516 1180 2595 1235 ἂν
2644 1182 2709 1236 ἐκ
2754 1182 2866 1237 τῶν
2924 1182 3100 1252 λόγων
3145 1184 3345 1254 βλάϐος
3388 1203 3441 1238 τι
3470 1186 3686 1249 παθεῖν,

2096 1271 2350 1342 φανερῶς
2400 1275 2515 1337 τοῖς
2577 1273 2831 1348 λέγουσιν
2880 1276 3261 1340 ἀντειπόντες.
3316 1277 3409 1331 καὶ
3464 1280 3687 1348 φρονεῖν

2097 1360 2195 1415 καὶ
2223 1360 2405 1431 λέγειν
2436 1365 2926 1436 ἀπαγορεύσαντες
2966 1367 3002 1423 ἀ
3047 1371 3163 1431 τοῖς
3211 1369 3395 1434 ἀλλοις
3431 1371 3527 1423 καὶ
3565 1372 3680 1433 τοῖς

2097 1456 2373 1529 ἀναπνοῆς
2404 1458 2579 1529 αὐτῆς
2611 1462 3006 1534 συνηθέστερα,
3033 1464 3216 1518 καίτοι
3250 1466 3450 1528 παντὸς
3479 1464 3686 1532 μᾶλλον

2097 1547 2257 1604 αὐτοὶ
2284 1549 2444 1606 ταῦτ’
2471 1550 2672 1624 ᾔδεσαν
2711 1554 2912 1625 ἀληθῆ,
2945 1556 3062 1620 πῶς
3096 1557 3197 1610 οὐκ
3243 1548 3409 1612 αύτοῦ
3451 1557 3516 1630 δὴ
3562 1559 3685 1613 τούς

2096 1661 2191 1697 του
2220 1642 2382 1714 χάριν
2413 1644 2832 1718 προθυμότερον
2856 1648 3123 1718 ἐσίγησαν
3153 1647 3250 1710 ἀντ
3290 1650 3350 1703 τὸ
3380 1651 3491 1722 γὰρ
3531 1650 3684 1721 σιγῆ-

415 1743 559 1798 hanc
583 1742 755 1812 ipsam
791 1744 863 1799 ob
893 1758 1118 1799 causam
1180 1745 1440 1801 libentius
1477 1746 1754 1802 tacuisse?
1811 1745 1995 1801 llitius

2102 1751 2195 1791 σαι
2228 1735 2325 1791 τοῦ
2357 1737 2538 1791 δοκεῖν
2582 1738 2896 1810 ἀντιλέγειν
2931 1740 3105 1807 δήπου
3160 1743 3490 1813 πραότερον.
3528 1743 3683 1804 Είκδς

409 1835 560 1890 enim
584 1835 742 1905 plane
760 1845 880 1892 erat
909 1836 1166 1904 tacuisse,
1186 1850 1349 1909 quam
1373 1838 1540 1893 videri
1573 1838 1991 1895 contradixisse.

410 1925 672 1985 Fortasse
702 1943 832 1984 vero
862 1927 930 1985 iis
960 1930 1053 2000 qui
1083 1927 1345 2000 Spiritum
1405 1946 1471 1987 ex
1526 1931 1666 1987 Filio
1700 1931 1998 2000 procedere

410 2018 727 2085 audiebant,
774 2034 875 2077 nec
926 2020 1133 2077 dictum
1204 2024 1361 2079 valde
1428 2022 1745 2094 capiebant,
1820 2023 1995 2079 multa

410 2112 576 2191 etiam
616 2111 722 2168 alia
754 2112 808 2169 in
852 2123 1089 2170 mentem
1120 2115 1357 2171 absurda
1398 2116 1715 2183 veniebant,
1770 2125 1827 2173 ct
1881 2118 1996 2174 lucc

414 2205 559 2277 ipsa,
594 2206 649 2263 in
681 2222 805 2279 qum
850 2205 1075 2265 Latinos
1130 2209 1433 2277 deducunt,
1481 2212 1573 2282 qui
1627 2221 1825 2269 contra
1874 2212 1997 2268 illos

410 2299 633 2355 edidere
663 2300 821 2373 longa
854 2300 1164 2366 volumina;
1193 2312 1250 2360 et
1280 2318 1403 2375 qua:
1438 2306 1752 2361 necessario
1806 2306 1999 2363 dicunt

413 2408 481 2448 ex
506 2392 762 2463 dogmate
793 2395 948 2465 sequi
991 2411 1006 2449 :
1039 2405 1099 2450 ut
1128 2407 1282 2466 puta,
1315 2397 1526 2466 opinari
1562 2398 1671 2453 duo
1699 2399 1996 2470 principia,

413 2494 471 2541 et
512 2484 832 2544 inferiorem
869 2502 992 2543 esse
1016 2488 1279 2559 Spiritum
1311 2488 1434 2544 aliis
1460 2488 1664 2546 divinis
1720 2490 1995 2560 personis,

414 2589 473 2635 et
511 2579 719 2652 reliqua
769 2580 1112 2651 huiusmodi.
1156 2580 1292 2637 Nam
1346 2581 1393 2638 si
1425 2580 1604 2638 Latini
1648 2582 1717 2636 ad
1750 2583 1867 2639 hac
1911 2598 1999 2639 re-

418 2672 778 2741 spondentes,
805 2681 860 2730 et
893 2688 1072 2746 neque
1102 2688 1163 2730 se
1192 2674 1262 2729 ita
1298 2674 1521 2741 sentire,
1557 2689 1736 2746 neque
1760 2674 1999 2731 absurda

416 2763 507 2820 illa
542 2765 853 2822 necessario
886 2767 1041 2837 sequi
1066 2766 1444 2834 ostendentes,
1481 2765 1720 2823 nondum
1747 2768 1850 2823 hoc
1878 2782 1998 2837 per-

417 2857 649 2915 suadere
682 2856 886 2916 Grtccis
927 2869 1202 2930 patuere;
1253 2860 1351 2917 sed
1407 2869 1598 2931 putant
1649 2860 1725 2915 illi
1779 2859 2002 2931 quidvis

398 2951 629 3027 potius,
658 2965 826 3022 quam
866 2949 1186 3007 Latinorum
1215 2951 1546 3008 sententiam
1579 2951 1666 3008 his
1697 2952 2001 3007 incommo-

412 3041 502 3097 dis
527 3057 741 3098 carerc.
786 3040 939 3097 Adeo
972 3041 1133 3113 longe
1162 3042 1323 3098 aliter
1353 3043 1421 3097 de
1451 3042 1827 3099 additamenta
1872 3058 1997 3099 sen-

2102 1827 2210 1900 γάρ
2251 1824 2322 1901 ἦν
2373 1830 2501 1893 τοὺς
2554 1829 2857 1894 ἀκούοντας
2885 1834 2949 1886 ἐκ
2975 1830 3070 1887 τοῦ
3126 1833 3260 1887 Υίοῦ
3321 1834 3576 1905 προϊέναι
3624 1837 3682 1889 τό

2100 1918 2347 1989 Πνεῦμα,
2384 1922 2479 1976 καὶ
2530 1922 2606 1992 μὴ
2644 1923 2959 1993 χωροῦντας
3016 1925 3164 1979 πάνυ
3203 1925 3295 1979 τὸν
3339 1927 3519 1995 λόγον,
3549 1927 3682 1983 ἀλλα

2099 2028 2165 2083 γε
2194 2012 2365 2067 πολλὰ
2396 2013 2507 2068 τῶν
2550 2015 2770 2070 ἀτόπων
2821 2017 3225 2088 ἐνθυμηθῆναι,
3274 2019 3371 2074 καὶ
3414 2021 3590 2074 ταῦτα
3619 2020 3681 2090 δὴ

2101 2106 2239 2174 πρὸς
2285 2105 2321 2159 a
2355 2106 2621 2171 Λατίνους
2650 2109 2963 2179 ἀπάγουσιν
2999 2111 3050 2163 οί
3085 2112 3156 2166 τά
3210 2112 3401 2184 μακρά
3443 2112 3568 2166 κατ’
3590 2115 3681 2168 αὑ-

2099 2197 2209 2253 τῶν
2240 2198 2600 2264 ἑκδιδωκότες
2652 2203 3097 2273 συγγράμματα,
3126 2205 3222 2259 καὶ
3272 2205 3307 2261 ἀ
3360 2224 3529 2275 φασιν
3558 2208 3682 2262 ἀκο-

2100 2291 2313 2347 λουθεῖν
2344 2294 2403 2361 ἐξ
2449 2293 2695 2366 ἀνάγκης
2724 2295 2803 2366 τῷ
2845 2298 3126 2367 δόγματι·
3168 2293 3283 2353 οἷόν
3330 2303 3447 2355 ἐστι
3499 2303 3594 2355 καὶ
3626 2302 3684 2355 τό

2099 2386 2284 2450 διττὰς
2336 2388 2582 2458 νομίζειν
2633 2390 2832 2462 ἀρχὰς,
2864 2392 2962 2446 καὶ
3009 2390 3072 2446 τδ
3122 2393 3232 2446 τῶν
3288 2393 3470 2448 ἀλλων
3526 2394 3683 2449 θείων

2103 2478 2416 2549 προσώπων
2462 2476 2607 2535 εἶναι
2676 2482 2738 2537 τὸ
2797 2482 3028 2555 Πνεῦμα
3081 2487 3544 2558 καταδεέστερον,
3593 2491 3683 2541 καὶ

2100 2571 2269 2626 τᾶλλα
2301 2572 2367 2644 δὴ
2415 2572 2485 2628 τά
2532 2572 2781 2633 τοιαῦτα.
2810 2575 2870 2630 Εί
2900 2576 3014 2646 γὰρ
3058 2577 3280 2633 Λατῖνοι
3312 2581 3441 2652 περὶ
3480 2581 3685 2637 τούτων

2101 2665 2555 2737 ἀπολογούμενοι,
2605 2670 2702 2723 καὶ
2751 2672 2892 2740 μήτε
2947 2675 3172 2741 φρονεῖν
3220 2674 3384 2740 αὐτὰ,
3440 2672 3577 2744 μήτ’
3626 2674 3686 2740 ἐξ

2102 2760 2350 2832 ἀνάγκης
2399 2761 2634 2817 ἔπεσθαι
2691 2766 2759 2834 τῇ
2815 2765 2942 2836 δόξῃ
3004 2766 3337 2833 δεικνύντες,
3384 2768 3540 2824 οῦπω
3590 2774 3684 2825 καὶ

2101 2855 2345 2927 τήμερον
2375 2857 2561 2909 πεῖσαι
2598 2855 2869 2927 Γραικοὺς
2900 2858 3274 2931 ἠδυνήθησαν,
3317 2860 3438 2915 ἀλλ’
3479 2863 3685 2917 οἴονται

2102 2948 2283 3004 πάντα
2336 2947 2537 3018 μᾶλλον
2584 2949 2617 3019 ἢ
2662 2948 2774 3003 τῶν
2826 2950 3050 3006 ἀτόπων
3094 2953 3445 3025 ἀπηλλάχθαι
3478 2958 3685 3012 τούτων

2102 3040 2205 3112 τὴν
2244 3040 2438 3106 δόξαν·
2471 3040 2649 3105 οὕτως
2679 3042 2945 3097 ἀκούουσι
2973 3044 3075 3116 τῆς
3106 3048 3453 3117 προσθήκης,
3484 3052 3585 3120 οὐχ
3611 3051 3687 3116 ὡς

417 3134 580 3199 tiunt,
604 3150 768 3205 quam
805 3134 971 3190 velint
1002 3135 1096 3206 qtti
1146 3135 1565 3192 illud‘asserunt
1595 3154 1608 3191 :
1641 3137 1772 3208 quid
1827 3136 1998 3193 factu-

2106 3135 2172 3189 ἀν
2203 3135 2253 3188 oi
2290 3134 2542 3204 λέγοντες
2580 3135 2895 3207 βούλοιντο,
2928 3136 2983 3191 τί
3029 3138 3228 3193 παθεῖν
3258 3140 3408 3204 είκὸς
3449 3137 3521 3210 ἦν
3558 3143 3688 3207 τοὺς

414 3241 510 3283 ros
538 3226 791 3283 homines
829 3227 1240 3292 existimamus,
1273 3230 1486 3284 sanctis
1510 3230 1771 3286 omnibus
1800 3245 1865 3286 es
1894 3229 2002 3285 Fi-

417 3321 490 3375 lio
508 3318 772 3389 Spiritum
796 3318 1211 3386 alllrmautibus,
1246 3327 1300 3374 et
1329 3320 1674 3390 simpliciter,
1730 3330 1793 3377 ut
1828 3323 1999 3379 moris

417 3422 504 3468 est
537 3413 666 3478 illis,
690 3410 887 3484 dogma
929 3411 1039 3468 ltoc
1068 3412 1493 3482 profcrentihus,
1527 3423 1584 3470 et
1612 3414 1749 3469 nihil
1787 3416 1996 3472 adden-

417 3506 565 3561 tibus
605 3519 671 3560 ex
710 3504 800 3568 iis.
831 3519 955 3575 quae
983 3520 1132 3560 nunc
1177 3521 1205 3559 a
1256 3503 1468 3561 Latinis
1524 3505 1816 3563 adinvcnts
1870 3516 2002 3564 sunt

421 3612 590 3652 causa
630 3595 956 3652 defendendi
1015 3597 1308 3668 dogmatis,
1341 3607 1395 3653 et
1427 3597 1693 3654 evadendi
1747 3600 1863 3653 inec
1918 3600 2001 3655 in-

418 3684 748 3742 commoda?
782 3684 894 3756 Ego
923 3684 1069 3741 enim
1123 3686 1367 3742 arbitror
1414 3685 1659 3744 futurum
1720 3691 1892 3746 fuisse
1942 3700 2003 3747 ut

419 3779 538 3835 inec
571 3778 788 3850 quidem
821 3778 901 3834 illi
931 3780 1089 3850 sequi
1141 3779 1381 3837 absurda
1412 3781 1810 3854 Opittarentur;
1859 3800 1992 3840 con-

419 3875 721 3932 tradicente
743 3888 874 3932 vero
906 3874 1149 3940 nemine,
1188 3889 1287 3931 nec
1326 3875 1566 3931 cavenda
1604 3876 1694 3931 illa
1724 3890 1848 3932 esse
1878 3877 1991 3931 ad-

420 3976 702 4033 monente,
759 3976 815 4024 et
842 3968 1171 4024 sententiam
1203 3968 1689 4038 amplecterentur,
1736 3976 1999 4039 tanquam

419 4060 569 4117 nulla
599 4061 684 4117 sui
717 4075 781 4118 ex
815 4069 971 4132 parte
1016 4060 1132 4133 ipsa
1169 4060 1519 4127 inferentem,
1547 4070 1603 4117 et
1635 4060 2002 4117 incommodis

420 4152 574 4209 hisce
594 4161 854 4223 tanquam
881 4153 1025 4209 veris
1060 4152 1217 4209 facile
1242 4154 1666 4209 assentirentur.
1696 4151 1831 4220 Qum
1865 4167 2001 4207 sane

417 4243 609 4300 omnia
649 4259 748 4314 par
781 4252 865 4299 est
904 4244 1161 4300 ductores
1189 4243 1533 4315 prmvidisse,
1566 4244 1800 4314 ideoque
1830 4243 2002 4300 absti-

422 4337 614 4391 nuisse
655 4351 687 4390 a
723 4333 1052 4407 proferenda
1113 4336 1411 4401 sententia,
1464 4336 1725 4408 quodque
1770 4337 2001 4393 multum

419 4430 617 4485 kedere
644 4437 880 4501 poterat,
905 4430 1150 4486 siluisse.
1181 4431 1318 4486 Cum
1353 4430 1501 4487 enim
1537 4429 1613 4487 illi
1648 4430 1717 4487 de
1738 4431 2004 4487 securita-

417 4535 474 4578 te
493 4521 891 4592 discipulorum
933 4521 1091 4577 valde
1121 4521 1341 4578 solliciti
1389 4536 1487 4579 eos
1542 4522 1749 4594 ubique
1796 4524 1998 4579 cohor-

415 4625 603 4671 tentur
636 4623 693 4669 ut
721 4615 838 4671 sola
885 4623 1190 4686 sequantur
1227 4614 1531 4687 Scriptum
1554 4615 1744 4681 verba,
1784 4625 1841 4672 et
1863 4616 1999 4671 nihil

413 4707 563 4764 aliud
600 4708 816 4765 curiose
872 4709 1178 4780 inquirant,
1234 4723 1401 4779 quam
1437 4709 1601 4765 etiam
1661 4708 1735 4765 ob
1771 4722 1997 4763 causam

414 4801 591 4857 multa
619 4801 917 4873 Scriptura:
938 4801 1057 4858 ioca
1083 4802 1360 4872 explicant
1388 4809 1580 4859 contra
1608 4816 1768 4872 quam
1783 4817 2001 4867 omnes,

414 4902 470 4948 ct
519 4894 737 4963 ipsimet
787 4894 949 4951 etiam
978 4896 1266 4962 sentirent,
1291 4909 1394 4951 nec
1436 4892 1609 4950 videri
1670 4894 2004 4951 erubescunt

419 4988 736 5059 hujustnodi
773 4990 1168 5045 sententiarum
1210 4988 1358 5062 plani
1390 4988 1736 5059 interpretes,
1764 4997 1819 5044 et
1869 5002 2002 5059 pro-

413 5079 583 5136 funda
618 5094 725 5135 non
780 5087 1149 5151 penetrantes,
1180 5095 1252 5138 eo
1309 5086 1524 5136 tantum
1585 5078 1841 5143 consilio,
1892 5093 2004 5151 quo

416 5172 632 5227 valeant
673 5174 1004 5244 persuadere
1058 5172 1204 5239 aliis,
1244 5180 1304 5229 ut
1363 5171 1682 5229 contineant
1734 5183 1796 5226 se
1859 5170 2004 5226 intra

411 5266 709 5333 terminos,
766 5273 823 5322 et
868 5265 1196 5322 temeritatis
1262 5266 1510 5337 pericula
1569 5266 1776 5323 evitent
1817 5281 1831 5320 :
1868 5265 2003 5336 quid

418 5359 639 5424 mirum,
672 5360 720 5415 si
752 5359 851 5415 Itas
879 5360 1237 5430 cOgitationes
1259 5359 1463 5426 secuti,
1487 5359 1602 5414 hac
1633 5358 1750 5430 ipsa
1781 5373 2004 5429 quoque

413 5459 733 5517 tacuerunt,
761 5459 820 5506 ut
848 5453 1016 5507 multa
1046 5452 1173 5514 alia.
1200 5464 1321 5523 qua!
1354 5451 1422 5505 ab
1453 5450 1561 5506 illis
1590 5459 1845 5521 poterant
1864 5450 2002 5505 citra

415 5545 717 5616 periculum
757 5544 1077 5600 enuntiari?
1107 5543 1410 5615 Oportebat
1452 5544 1599 5601 enim
1651 5560 1760 5599 non
1821 5545 2002 5601 solum

419 5639 604 5693 verbis
626 5653 979 5695 cemmoncre
996 5637 1124 5708 quid
1154 5637 1270 5693 fieri
1301 5637 1515 5702 deceat,
1540 5636 1638 5692 sed
1669 5636 1843 5707 reipsa
1868 5652 2008 5707 quo-

420 5743 534 5797 que
556 5730 731 5798 palam
757 5728 957 5795 facere,
980 5738 1032 5786 et
1065 5744 1125 5785 se
1156 5728 1305 5798 ipsos
1335 5727 1650 5799 exemplum
1681 5729 2005 5784 adhibenda:

421 5821 694 5879 cautionis
726 5821 991 5895 praebere.
1054 5822 1311 5881 Sciebant
1346 5821 1544 5896 quippe
1600 5822 1702 5880 hoc
1746 5837 2001 5880 verorum

2103 3223 2449 3296 ἀνθρώπους,
2477 3224 2586 3279 τῶν
2636 3225 2810 3294 ἀγίων
2859 3227 3119 3280 ἀπάντων
3167 3228 3234 3281 ἑκ
3285 3228 3384 3284 τοῦ
3437 3228 3571 3281 Υἱοῦ
3627 3229 3689 3282 τὸ

2105 3317 2329 3386 Πνεῦμα
2353 3316 2645 3385 λεγόντων,
2688 3319 2785 3372 καὶ
2819 3317 2982 3373 τοῦτο
3011 3320 3463 3389 δογματιζόντων
3499 3322 3687 3386 ἁπλῶς

2103 3409 2180 3473 ὡς
2219 3409 2344 3473 ἔθος
2395 3411 2601 3474 αὐτοῖς,
2642 3411 2811 3480 μηδὲν
2861 3410 2919 3464 δὲ
2977 3411 3390 3481 προστιθέντων
3438 3413 3550 3467 τῶν
3593 3414 3689 3467 νῦν

2103 3502 2355 3566 Λατίνοις
2382 3502 2463 3565 είς
2496 3502 2805 3571 ἀπολογίαν
2836 3502 3227 3575 ἐξευρημένων
3255 3504 3352 3558 τοῦ
3392 3505 3686 3575 δόγματος,

2104 3597 2199 3651 καὶ
2237 3594 2375 3665 πρὸς
2403 3594 2505 3659 τὰς
2529 3595 2641 3649 τῶν
2686 3596 2910 3651 ἀτόπων
2957 3596 3166 3652 τούτων
3215 3598 3537 3667 ἀποφυγὰςς
3576 3596 3689 3667 ἐγὼ

2103 3689 2213 3760 γάρ
2264 3683 2440 3759 οἶμαι,
2470 3689 2537 3759 τῇ
2591 3688 2694 3757 μιν
2755 3689 2887 3761 δόξῃ
2935 3689 3273 3761 νομίσαντας
3330 3690 3564 3745 ἔπεσθαι
3616 3691 3688 3745 τὲ

2102 3781 2351 3847 τοιαῦτα,
2399 3780 2776 3850 ἀντιλέγοντος
2826 3782 2885 3835 δὲ
2937 3782 3188 3853 μηδενὸς,
3254 3783 3435 3837 ταῦτα
3481 3781 3691 3851 φυλάτ-

2103 3869 2294 3926 τεσθαι
2342 3871 2765 3943 παραινοῦντος,
2791 3873 2886 3927 καὶ
2929 3874 3032 3945 τὴν
3061 3875 3222 3940 δόξαν
3267 3876 3345 3940 ῶς
3389 3876 3693 3946 οὐδαμόθεν

2103 3964 2310 4020 τούτων
2336 3965 2520 4020 αἰτίαν
2560 3966 2755 4037 τιμᾷν,
2794 3968 2890 4020 καὶ
2929 3967 3005 4032 ὡς
3049 3969 3282 4040 ἀληθέσι
3308 3973 3425 4035 τοῖς
3462 3970 3693 4039 ἀτόποις

2102 4053 2317 4117 τούτοις
2346 4056 2549 4129 ῥᾳδίως
2582 4056 2651 4111 ἂν
2697 4058 3063 4129 προσθέσθαι.
3103 4062 3171 4116 ’Δ
3198 4061 3265 4132 δὴ
3297 4062 3479 4117 πάντα
3507 4081 3695 4136 προει-

2102 4149 2363 4219 δομὲνους
2410 4148 2557 4213 είκός
2598 4148 2717 4203 ἐστι
2757 4148 3049 4220 φείσασθαι
3090 4150 3193 4222 τῆς
3253 4152 3416 4223 δόξης
3442 4156 3570 4219 τοὺς
3608 4156 3725 4209 διον

2105 4240 2432 4306 δασκάλους.
2464 4242 2563 4296 καὶ
2616 4244 2844 4313 σιγῆσαι
2874 4243 2938 4299 τὸ
2976 4244 3193 4315 μεγάλα
3222 4244 3491 4316 βλάπτειν
3527 4249 3699 4305 δυνά-

2109 4349 2292 4403 μενον.
2352 4332 2413 4386 El
2469 4332 2528 4387 δὲ
2585 4338 2680 4389 καὶ
2741 4334 2841 4406 τῆς
2899 4335 3010 4389 τῶν
3070 4336 3334 4408 μαθητῶν
3386 4339 3698 4408 ἀσφαλείας

2109 4424 2315 4497 σφόδρα
2344 4424 2751 4495 φροντίζοντες,
2782 4427 3061 4499 πανταχοῦ
3090 4429 3455 4501 παραινοῦσιν
3495 4433 3696 4501 αὑτοῖς

2106 4518 2216 4573 τῶν
2260 4519 2318 4573 ὲν
2373 4522 2440 4591 τῇ
2485 4520 2676 4591 Γραφῇ
2727 4521 3044 4593 λεγομένων
3090 4522 3319 4593 ἔχεσθαι
3372 4525 3560 4595 μόνον,
3593 4531 3700 4583 καὶ

2108 4609 2279 4681 μηδὲν
2308 4612 2778 4682 περιεργάζεσθαι
2814 4613 2981 4667 πλέον
3005 4629 3021 4645 ·
3058 4614 3201 4669 ὥστε
3249 4617 3349 4670 καὶ
3392 4618 3568 4672 πολλά
3593 4621 3703 4690 τῆς

2104 4703 2329 4777 ι’ραφῆς
2357 4704 2686 4778 ἐξηγοῦνται
2720 4710 2786 4779 τῇ
2818 4724 2879 4761 τε
2909 4708 3131 4764 ¹πάντων
3161 4709 3290 4783 δόξῃ
3313 4713 3411 4765 καὶ
3436 4715 3503 4783 τῇ
3536 4713 3697 4781 σφῶν

2103 4803 2287 4859 αὐτῶν
2333 4805 2635 4870 ἐναντίως’
2687 4790 3123 4860 οὐδ”αίδοῦνται
3183 4807 3247 4861 τὸ
3293 4800 3445 4876 δόξαι
3496 4814 3700 4878 σαφεῖς

2103 4912 2249 4959 τινες
2274 4896 2431 4961 ὅντες
2458 4898 2554 4951 καὶ
2583 4899 2901 4953 ἐπιπόλαιοι
2952 4898 3065 4953 τῶν
3098 4899 3362 4955 τοιούτων
3397 4901 3698 4974 ἐξηγηταὶ,

2107 4992 2268 5063 μόνον
2303 4992 2393 5046 ῐνα
2417 4992 2693 5062 δυνηθῶσι
2720 4995 2908 5048 πεῖσαι
2942 4995 3070 5059 τοὺς
3097 4994 3295 5060 ἀλλους
3334 4996 3470 5051 τίσω
3509 4997 3702 5068 μένειν

2104 5084 2214 5138 τῶν
2252 5086 2418 5157 ὅρων,
2451 5085 2548 5139 καὶ
2571 5087 2685 5140 τῶν
2728 5088 2794 5141 lx
2837 5088 2940 5159 τῆς
2969 5089 3307 5158 προπετείας
3339 5089 3700 5163 ἀπηλλάχθαι

2107 5174 2372 5231 κινδύνων
2399 5193 2415 5210 ο
2464 5175 2518 5230 τί
2551 5177 2891 5249 θαυμαστὸν,
2924 5179 2973 5233 εί
3007 5180 3222 5245 τούτοις
3273 5181 3535 5253 ἑπόμενοι
3580 5184 3701 5246 τοῖς

2107 5268 2391 5340 λογισμοῖς
2417 5273 2516 5326 καὶ
2538 5271 2713 5326 ταῦτα
2759 5272 3051 5345 ἐσίγησαν,
3080 5272 3273 5345 ῶσπερ
3316 5273 3471 5347 εῦροι
3506 5276 3591 5339 τις
3620 5275 3696 5329 ἂν

2109 5360 2311 5426 αὐτοὺς
2353 5365 2445 5417 καὶ
2490 5364 2667 5419 πολλά
2696 5363 2833 5420 ἄλλα
2866 5365 2978 5419 τῶν
3008 5366 3310 5431 ἀκινδύνως
3342 5367 3410 5421 ἂν
3457 5369 3695 5438 είρημέο
3778 5408 3781 5409 ν

2108 5471 2216 5508 νων
2245 5459 2639 5528 σεσιγηκόταςς
2681 5457 2791 5514 ἔδει
2841 5458 2948 5533 γὰρ
2986 5458 3061 5531 μὴ
3092 5458 3242 5530 λόγῳ
3275 5459 3440 5528 μόνον
3484 5460 3547 5514 τὸ
3570 5459 3698 5514 δέον

2110 5547 2498 5617 ὑπαγορεύειν,
2547 5549 2687 5604 ἀλλά
2735 5551 2830 5604 καὶ
2886 5552 3032 5624 ἔργῳ
3079 5552 3351 5623 φανεροῦν
3396 5553 3554 5618 αὐτὸ,
3596 5554 3697 5607 καὶ

2110 5641 2461 5712 παράδειγμα
2516 5645 2657 5713 σφᾶς
2709 5643 2910 5709 αὐτοὺς
2955 5644 3161 5699 διδόναι
3199 5645 3302 5713 τῆς
3354 5646 3646 5709 εῦλαὸείας
3676 5663 3693 5679 ·

2110 5730 2271 5785 τοῦτο
2320 5732 2430 5803 γὰρ
2478 5734 2753 5806 ἀληθινῶν
2803 5734 3144 5790 διδασκάλων
3180 5736 3379 5807 ᾔδεσαν
3410 5736 3493 5791 δν.
3538 5735 3695 5790 Ἐπει

2113 5823 2168 5879 δὲ
2219 5825 2309 5879 καὶ
2362 5825 2463 5900 την
2487 5825 2750 5898 ἀλήθειαν
2794 5825 2906 5883 ἀπό
2936 5842 2999 5897 γι
3054 5826 3163 5881 τῶν
3198 5829 3529 5898 σοφωτέρων
3558 5826 3694 5898 κρύ-
