3932 6458
228 377 333 445 513

1360 389 1649 454 ORATIO
1693 393 1787 454 III
1823 395 1924 457 AD
1964 394 2335 457 SYNODUM

3392 387 3502 453 514

226 510 379 550 πτειν
410 492 512 547 οὒκ
559 492 669 549 ἔδει
692 510 705 524 '
747 492 784 569 ἦ
817 496 926 569 γὰρ
974 496 1041 553 ἂν
1087 488 1312 569 ⁴ί,δί›ιουν
1343 504 1410 573 τῇ
1441 503 1551 560 τῶν
1580 504 1801 560 ἀσθενε-

1916 519 2021 561 esse
2039 505 2351 562 doctorum.
2397 505 2668 573 Quoniam
2709 522 2837 565 vero
2862 506 3231 579 sapientiores
3277 520 3498 579 quoque

227 587 431 656 στέρων
502 587 678 658 φειδοῖ
750 590 877 654 τοὺς
954 590 1182 662 ἄμεινον
1240 596 1806 667 παρεσκευασμένους

224 675 613 750 ἀτελεστέρους
641 679 862 747 ἐῶντες,
905 682 1045 753 μηδέ
1077 684 1174 737 καὶ
1202 683 1420 750 τούτοις
1453 688 1804 758 συμμετρεῖν

223 766 312 821 τὸν
354 768 457 838 τῆς
500 768 856 836 διδασκαλίας
906 771 1064 842 λόγον
1110 772 1435 839 ἐθέλοντεςο
1470 776 1635 831 ἄλλον
1684 778 1809 832 τινὰ

221 848 422 932 τρόπον
465 861 565 916 καὶ
608 862 821 928 τούτοις
864 865 968 937 τὴν
1015 865 1193 938 ἀληθῆ
1243 868 1615 940 προύτίθεσαν
1646 869 1808 936 δόξαν

221 953 496 1025 ἀρκοῦντα
552 957 742 1026 σοφοῖς
767 955 1081 1028 ’.καθάπερ
1133 958 1246 1013 οὐδ’
1291 958 1450 1016 αὐτοὶ
1499 962 1649 1033 παρά
1698 960 1810 1016 τῶν

222 1046 459 1119 Γραφῶν
505 1047 701 1112 αὑταῖς
749 1048 980 1121 ἐζήτουν
1007 1046 1192 1117 λέξεσι
1241 1051 1341 1124 τὴν
1369 1052 1660 1125 ἀλήθειαν,
1693 1055 1810 1109 ἀλλ’

220 1139 319 1195 ὅσα
366 1141 482 1204 τοῖς
527 1139 832 1213 διαρρήδην
878 1142 1200 1214 λεγομένοις
1250 1144 1349 1216 τήν
1403 1145 1528 1217 ῖσην
1573 1145 1806 1217 δύναμιν

220 1230 356 1302 ἔχει,
393 1231 487 1286 καὶ
527 1231 568 1286 ἀ
615 1234 737 1296 ταῖς
796 1233 1263 1305 ὁμολογουμέναις
1309 1238 1444 1308 περὶ
1495 1238 1608 1294 τῶν
1644 1239 1810 1294 θείων

221 1323 453 1389 ἐννοίαις
482 1329 796 1396 συνᾴδουσι,
838 1327 977 1398 προς
1012 1328 1112 1400 τὴν
1135 1327 1348 1401 ταύτης
1395 1329 1577 1402 θήραν
1618 1331 1809 1401 σφίσιν

219 1417 483 1489 ἐκόμισαν
512 1417 787 1491 ἐξαρκεῖν.
822 1420 1042 1492 Ταύτην
1073 1422 1169 1476 καὶ⁵
1208 1423 1258 1476 oi
1290 1422 1471 1478 λοιποὶ
1518 1424 1629 1479 τῶν
1659 1425 1811 1480 διδα-

220 1508 437 1563 σκάλων
478 1509 685 1565 εἵλοντο
728 1510 828 1582 τὴν
874 1512 997 1566 όδδν
1043 1514 1102 1566 ἐν
1150 1510 1241 1579 οἷς
1295 1513 1687 1585 ἐδογμάτισαν.
1715 1516 1811 1589 Μὴ

220 1599 330 1669 γὰρ
371 1600 454 1654 ὅτι
500 1599 702 1671 ταύτην
731 1601 948 1667 ἐξεῖπον
1007 1604 1108 1675 τὴν
1153 1604 1313 1672 δόξαν
1351 1605 1534 1671 ἄλλοις
1584 1624 1812 1678 σεσιγη-

222 1693 396 1763 μένην
427 1696 702 1747 σκοπείτω
727 1711 834 1759 τις,
856 1694 986 1754 ,ἀλλ’
1016 1696 1098 1750 δτι
1133 1697 1380 1752 κάκεῖνοι
1426 1698 1603 1753 πολλά
1640 1699 1813 1753 κατό-

220 1803 354 1856 σχον
382 1787 515 1857 παρ’
561 1787 779 1851 ἑαυτοῖς
813 1781 888 1842 ὧν
911 1788 1176 1860 ἠδύναντο
1222 1790 1405 1860 λέγειν
1433 1809 1445 1823 ·
1481 1792 1518 1847 ὃ.
1566 1792 1811 1865 τοσούτῳ

222 1879 401 1949 μείζω
446 1879 693 1934 κίνδυνον
742 1883 875 1944 ῐσως
918 1881 1153 1951 ήνεγκεν
1184 1882 1253 1938 ἂν
1284 1884 1381 1938 καὶ
1409 1883 1554 1938 οὕτω
1596 1884 1813 1939 πλείοσι

219 1974 331 2029 τῶν
360 1974 695 2045 ἀνθρώπων,
719 1976 839 2046 δσῳ
879 1978 975 2031 καὶ
992 1974 1315 2047 βαθυτέρας
1342 1980 1455 2042 τοῖς
1485 1976 1586 2033 ὑπ’
1626 1979 1813 2033 αὐτῶν

216 2067 540 2138 λεγομένοις
572 2066 655 2122 δεῖ
703 2068 968 2136 διανοίας,
1004 2071 1100 2123 καὶ
1145 2069 1328 2137 πολλῷ
1355 2069 1628 2140 βελτίονος
1660 2072 1814 2142 ἐδίη-

220 2178 318 2216 σεν
364 2161 431 2216 ἂν
468 2165 584 2226 τοῖς
625 2162 1034 2233 σιωπωμὲνοις.
1068 2162 1265 2235 Ἑτέρα
1308 2164 1376 2218 δέ
1429 2181 1538 2219 τινι
1590 2169 1809 2238 μηχανῇ

130 2238 131 2241 η
216 2255 469 2310 κάκεῖνοι
508 2255 632 2318 τοὺς
679 2255 1117 2326 παρακολουθεῖν
1156 2255 1494 2326 δυναμένους
1528 2250 1604 2313 ὧν
1648 2260 1815 2329 ἐφρό-

219 2363 351 2400 νουν
384 2350 710 2416 πεποίηνται
738 2348 1031 2413 κοινωνούς
1052 2362 1068 2378 ⁶
1100 2350 1193 2403 καὶ
1240 2349 1389 2403 τοῦτ’
1417 2350 1534 2405 ἐστι
1567 2353 1815 2407 συνιδεῖν

218 2441 276 2494 ει
294 2457 381 2504 τις
418 2439 601 2493 αὐτῶν
626 2442 742 2505 τοῖς
782 2441 965 2510 λόγοις
990 2432 1279 2516 προσέχοιζ
1322 2443 1389 2498 Ὃ
1418 2444 1475 2498 δὲ
1503 2445 1634 2503 τοὺς
1666 2447 1813 2500 διδα-

221 2536 461 2600 σκάλους
491 2535 754 2599 ἑκάστους
790 2537 985 2591 παθεῖν
1036 2537 1181 2600 είκός
1218 2539 1339 2593 ἐστι
1382 2538 1521 2608 πρὸς
1550 2539 1677 2603 τοὺς
1718 2537 1813 2593 ὑπ’

219 2627 414 2683 αὐτῶν
470 2628 845 2698 μυουμένους,
898 2628 1060 2683 τοῦτο
1114 2629 1294 2700 πολλῷ
1350 2630 1619 2702 πρότερον
1673 2632 1814 2702 πρὸς

220 2721 413 2775 πᾶσαν
482 2719 648 2775 αὐτοῦ
708 2718 808 2787 τὴν
868 2720 1204 2792 Ἐκκλησίαν
1268 2723 1692 2795 ᾡκονομηκίναι
1751 2728 1813 2778 το

221 2810 462 2880 Πνεῦμα
488 2812 589 2881 τῆς
617 2811 878 2881 ἀληθείας
908 2812 1064 2867 οὐδὲν
1112 2814 1339 2877 ἀπεικὸς
1372 2815 1664 2886 θαυμαστῇ
1704 2833 1813 2870 τινι

217 2902 320 2958 καὶ
338 2903 515 2958 πάντα
538 2903 694 2972 λόγον
713 2902 921 2977 νικώσῃ
946 2906 1197 2976 προνοίᾳ.
1217 2908 1526 2979 Προύνόησε
1548 2909 1655 2975 γὰρ
1678 2909 1810 2963 ἐκι-

214 2998 390 3068 τέρας
441 2996 552 3050 τῶν
584 2996 894 3067 ἀνθρώπων
943 2997 1043 3068 τῆς
1091 2997 1281 3065 ἕξεως,
1318 3001 1413 3054 καὶ
1446 3000 1813 3067 διδασκάλους

214 3088 439 3144 πλάσαν
486 3088 716 3150 ταύταις
753 3088 1181 3159 συμϐαίνοντας,
1214 3091 1329 3153 τοῖς
1379 3090 1479 3159 μὲν
1523 3091 1813 3146 ἀτελεστέ-

218 3198 343 3253 ροιε
381 3180 511 3244 τοὺς
546 3178 809 3251 εὐλαϐείᾳ
857 3183 1246 3252 χρησαμένους
1295 3182 1586 3253 ἐπέστησε,
1617 3186 1733 3249 τοῖς
1765 3184 1811 3238 δ’
1838 3217 1886 3279 c

221 3272 586 3344 ὑψηλοτέροις
617 3272 713 3326 τδν
761 3271 890 3327 νοῦν
917 3272 1048 3338 τοὺς
1099 3274 1337 3343 μάλιστα
1396 3274 1814 3348 τεθαρρηκότας

222 3366 404 3436 ἐφῆκε
430 3380 447 3395 ⁶
488 3363 589 3419 καὶ
616 3363 877 3419 διδάσκει
916 3363 1020 3436 μὲν
1068 3363 1168 3436 τὴν
1211 3367 1525 3434 ἀναγκαίαν
1552 3367 1813 3439 ἀλήθειαν

217 3459 315 3513 διὰ
357 3457 583 3513 πάντων
615 3457 841 3528 ὁμοίως,
868 3452 938 3529 ἧς
978 3457 1011 3528 ἠ
1041 3456 1230 3525 πίστις
1278 3461 1429 3514 ποιεῖ
1471 3460 1599 3525 τοὺς
1631 3461 1814 3532 σωθη-

216 3550 492 3623 σομινους
514 3567 529 3582 °
554 3551 625 3606 ἂν
656 3549 712 3606 δέ
751 3566 836 3613 τις
864 3549 1351 3622 θεωρητικώτερος
1391 3550 1467 3606 ὢν
1497 3553 1594 3607 καὶ
1627 3553 1815 3623 κρείτ-

211 3660 332 3698 των
383 3641 624 3713 ὑποψίας
679 3640 966 3710 κινδύνων,
1025 3641 1164 3714 πρὸς
1219 3645 1317 3708 τὰς
1372 3645 1483 3700 τῶν
1544 3645 1815 3715 μειζόνων

217 3737 352 3807 ἄγει
382 3736 641 3807 μυήσεις,
674 3734 771 3788 καὶ
798 3734 975 3805 τούτῳ
1013 3736 1105 3789 τον
1150 3736 1319 3791 πόθον
1375 3738 1811 3809 παραμυθεῖται,

216 3827 502 3892 διακόνοις
530 3826 624 3891 οὓς
660 3826 808 3891 ἰδίως
843 3826 982 3899 πρὸς
1012 3826 1189 3882 ταῦτα
1230 3831 1624 3899 παρεσκεύακε
1666 3831 1814 3904 χρώ-

221 3939 418 3993 μενον.
452 3918 604 3973 Ὢστ’
638 3920 686 3973 εί
714 3919 823 3973 τῶν
854 3919 1030 3988 ἁγίων
1056 3919 1185 3984 τοὺς
1227 3921 1328 3989 μὲν
1376 3922 1810 3994 ἐπαινεσόμεθα,

217 4017 339 4080 τοῖς
376 4014 425 4069 δ’
462 4014 867 4083 ἐπιτιμήσομεν
915 4012 1015 4083 τῆς
1072 4012 1236 4083 σιγῆς
1282 4013 1315 4084 ﬂ
1345 4014 1454 4068 τῶν
1489 4015 1685 4084 λόγων,
1719 4016 1815 4071 καὶ

213 4108 353 4173 τοὺς
390 4105 494 4178 μὶν
534 4103 925 4176 ἐγκρινοῦμεν,
950 4103 1079 4169 τοὺς
1116 4103 1162 4158 δ’
1190 4103 1267 4169 ὡς
1314 4107 1448 4178 ήμίν
1502 4108 1816 4180 ἀχρήστους

215 4195 675 4269 ἀποπεμψόμεθα
700 4211 716 4229 °
755 4195 964 4264 ἐξέστω
1006 4195 1105 4251 καὶ
1161 4195 1307 4250 κατὰ
1349 4197 1447 4252 τοῦ
1495 4198 1817 4271 Πνεύματος

214 4292 413 4346 ἐκεῖνα
454 4289 684 4361 τολμᾷν,
724 4290 785 4343 οὐ
836 4291 1003 4361 μόνον
1039 4283 1124 4354 οἷς
1169 4293 1272 4361 τῆς
1319 4294 1537 4363 σιωπῆς
1579 4292 1816 4347 καὶτῶν

212 4382 405 4453 λόγων
436 4381 655 4452 ἑκάστῳ
678 4378 904 4450 γέγονεν
934 4380 1134 4445 αἴτιον,
1155 4382 1251 4436 καὶ
1278 4385 1561 4436 κοινωνεῖν
1593 4382 1812 4456 ἀνάγκη

212 4476 309 4532 διὰ
341 4474 509 4529 τοῦτο
543 4474 652 4529 τῶν
677 4472 856 4544 τιμῶν
887 4472 982 4528 καὶ
1011 4474 1122 4528 τῶν
1161 4473 1398 4546 ὕϐρεων,
1431 4475 1569 4530 ἀλλά
1596 4477 1692 4532 καὶ
1732 4477 1815 4543 οἷς

1908 599 2090 653 celare
2138 601 2423 656 veritatem
2483 614 2593 655 non
2649 600 2974 657 debebam:
3030 601 3302 671 alioquin,
3359 600 3491 656 dum

1908 690 2219 747 consultum
2246 691 2500 745 volebant
2527 691 3004 765 imbecillioribus,
3023 691 3203 761 iniqui
3240 692 3293 746 in
3313 692 3494 761 mag's

1910 782 2135 839 idoneos
2181 783 2545 849 exstitissent,
2571 784 2919 855 imperfectos
2963 783 3347 856 relinquendo,
3389 795 3491 837 nec

1908 874 2143 931 volendo
2175 874 2286 931 illis
2318 876 2485 932 etiam
2518 876 2835 946 impendere
2855 876 3123 932 doctrinm
3152 888 3487 939 sermonem,

1909 967 2020 1023 alio
2050 968 2288 1035 quodam
2334 967 2499 1023 modo
2529 978 2584 1023 et
2612 966 2718 1022 illis
2740 982 2924 1022 veram
2955 966 3335 1038 proponebant
3370 982 3499 1023 scn-

1910 1057 2163 1122 tentiam,
2191 1057 2282 1125 qui
2308 1057 2650 1128 sapientibus
2688 1058 2840 1114 satis
2881 1067 3073 1114 esset:
3127 1057 3494 1127 quemadmo-

1909 1150 2038 1207 dum
2069 1159 2123 1207 et
2174 1150 2276 1220 ipsi
2308 1150 2595 1206 veritatem
2628 1166 2659 1207 e
2692 1151 2997 1223 Seriptunis
3026 1166 3138 1207 non
3175 1150 3342 1207 nudis
3363 1164 3494 1205 ver-

1910 1241 1996 1297 bis
2025 1242 2331 1313 expositam
2369 1243 2747 1313 requirebant,
2780 1243 2876 1299 sed
2926 1244 2997 1299 ad
3051 1241 3497 1312 comperiendaut

1910 1334 2058 1391 illam
2090 1334 2227 1391 satis
2254 1348 2377 1390 esse
2408 1334 2513 1390 sibi
2549 1343 2843 1405 putarunt,
2897 1349 3018 1405 quae
3054 1335 3281 1406 perinde
3317 1333 3499 1388 valent

1910 1432 2078 1495 atque
2110 1424 2227 1495 ipsa
2276 1434 2464 1494 aperte
2495 1425 2873 1496 pronuntiata,
2903 1440 3136 1496 quaeque
3187 1430 3500 1495 congruunt

1912 1535 2038 1577 cum
2072 1520 2242 1576 certis
2265 1527 2320 1575 et
2355 1519 2680 1575 indubitatis
2706 1519 2875 1575 animi
2915 1517 3271 1588 conceptibus
3307 1515 3375 1573 de
3406 1532 3500 1573 re-

1914 1610 2019 1668 bus
2040 1610 2264 1667 divinis.
2310 1608 2461 1667 llanc
2514 1618 2570 1666 et
2593 1610 2777 1666 caeteri
2823 1610 3080 1666 doctores
3127 1606 3301 1665 secuti
3370 1616 3500 1662 sunt

1912 1705 2083 1769 viam,
2122 1702 2253 1758 dum
2291 1712 2625 1773 exponerent
2648 1701 2925 1774 dogmata.
2957 1700 3068 1758 Nec
3102 1700 3233 1756 illttd
3267 1715 3499 1770 perpen-

1913 1795 2009 1851 dat
2055 1795 2353 1866 quispiam,
2386 1795 2535 1866 quod
2590 1794 2734 1851 hanc
2773 1795 3109 1850 sententiam
3144 1791 3497 1865 protulerint,

1916 1903 2084 1960 quam
2114 1887 2207 1944 alii
2236 1888 2531 1954 tacuerint,
2573 1888 2669 1944 sed
2709 1889 2854 1958 quod
2882 1896 2935 1943 et
2989 1886 3067 1941 illi
3107 1886 3279 1942 multa
3332 1900 3499 1955 penes

1917 1992 1978 2035 se
2007 1976 2359 2045 retintterint,
2404 1993 2528 2045 qua:
2576 1978 2855 2048 potuerint
2918 1975 3072 2032 θεαί-ἰ
3105 1994 3126 2033 ι
3176 1991 3303 2046 qua:
3341 1984 3501 2031 tanto

1919 2068 2097 2138 majus
2126 2066 2364 2123 fortasse
2394 2066 2697 2137 periculum
2735 2063 3077 2127 attulissent,
3125 2070 3182 2118 et
3218 2077 3284 2119 eo
3330 2062 3499 2132 pluri-

1918 2159 2022 2215 bus
2074 2158 2390 2215 hominibus
2450 2157 2845 2228 perniciosum,
2891 2164 3099 2225 quanto
3149 2151 3500 2225 profundiorl

1915 2267 2056 2321 opus
2085 2260 2169 2307 est
2203 2250 2560 2322 intelligentia
2627 2249 2697 2306 ad
2738 2249 3087 2319 percipienda
3126 2263 3250 2318 qua:
3277 2247 3357 2303 illi
3413 2247 3501 2301 di-

1915 2352 2077 2407 cunt,
2116 2352 2166 2398 et
2201 2341 2372 2397 multo
2397 2342 2561 2395 etiam
2593 2340 2829 2396 acutiori
2849 2354 2989 2410 opus
3018 2346 3164 2395 esset
3187 2338 3253 2393 ad
3283 2352 3349 2393 ea
3380 2352 3502 2408 qua:

1919 2444 2239 2493 tacuerunt.
2267 2433 2373 2489 Sed
2401 2443 2454 2489 ct
2481 2432 2557 2488 illi
2587 2432 2848 2503 praeclara
2886 2430 3121 2501 quadam
3147 2430 3254 2486 alia
3289 2431 3505 2484 ratione

1917 2544 2014 2586 eos
2046 2516 2129 2583 sui
2165 2542 2366 2584 sensus
2424 2525 2608 2581 fecere
2663 2523 2987 2596 participes,
3047 2522 3140 2591 qui
3181 2521 3501 2592 huiusmodi

1918 2637 2007 2677 res
2038 2619 2258 2689 assequi
2287 2625 2541 2690 possunt,
2568 2616 2619 2672 id
2676 2616 2823 2687 quod
2887 2615 3200 2686 perspicere
3244 2615 3394 2683 licet,
3453 2614 3501 2670 si

1917 2713 2043 2782 quis
2095 2726 2288 2767 eorum
2339 2710 2510 2765 libros
2549 2709 2695 2778 legat
2752 2708 3039 2763 attentius.
3101 2705 3261 2773 Quod
3315 2715 3498 2763 autem

1919 2818 2016 2873 par
2048 2814 2130 2857 est
2160 2801 2395 2873 singulis
2426 2799 2729 2871 contigisse
2772 2798 3098 2863 doctoribus
3151 2800 3207 2854 in
3252 2799 3318 2855 iis
3356 2814 3498 2869 quos

1917 2895 2300 2961 instituebant,
2331 2894 2436 2951 hoc
2469 2888 2643 2951 multo
2672 2903 2830 2949 antea
2856 2892 3028 2950 fuisse
3060 2908 3090 2947 a
3118 2893 3325 2970 Spiritu
3358 2893 3506 2949 veri-

1920 2987 2049 3044 tatis
2101 2987 2383 3057 provisum
2426 2986 2481 3041 in
2537 2986 2794 3043 universa
2825 3001 2926 3042 sua
2959 2986 3208 3043 Ecclesia
3259 3001 3369 3043 non
3419 2993 3506 3041 est

1917 3081 2382 3152 dissentaneurp,
2435 3079 2746 3136 admirabili
2805 3079 3041 3150 quadam
3104 3087 3161 3136 et
3211 3088 3508 3149 superante

1920 3188 2139 3229 omnem
2192 3172 2412 3229 dicendi
2445 3173 2752 3230 facultatem
2802 3171 3181 3229 Providentia.
3211 3172 3507 3230 Consuluit

1917 3264 2064 3318 enim
2092 3264 2315 3335 utrique
2340 3264 2629 3321 hominum
2653 3264 2855 3331 ordini,
2884 3274 3362 3337 eongruentesque
3388 3265 3500 3322 illis

1919 3356 2165 3412 formans
2196 3356 2482 3423 doctores,
2509 3358 3017 3429 imperfectioribus
3046 3357 3264 3429 quidem
3300 3357 3500 3429 prafe-

1916 3452 1992 3509 cit
2017 3452 2235 3509 cautela
2269 3468 2422 3519 usos,
2444 3452 2800 3510 eminentiori
2832 3464 3016 3510 autem
3045 3453 3325 3511 intellectu
3355 3470 3504 3526 prat—

1915 3544 2045 3601 ditis
2102 3544 2256 3605 dedit
2301 3546 2679 3604 conﬁdentius
2722 3547 2961 3604 locutos.
3013 3546 3081 3603 Et
3124 3550 3499 3606 necessariam

1916 3636 2138 3707 quidem
2168 3651 2265 3708 per
2288 3651 2484 3695 omnes
2506 3652 2663 3709 atque
2691 3639 2853 3695 docet
2887 3638 3193 3708 veritatem,
3227 3655 3333 3711 qua
3365 3640 3501 3697 fides

1917 3730 2119 3786 imbuit
2149 3730 2442 3803 salvandos
2471 3746 2485 3784 :
2518 3732 2565 3788 si
2598 3732 2730 3803 quis
2763 3746 2899 3789 vero
2936 3733 3131 3803 majori
3180 3733 3375 3804 polleat
3414 3732 3504 3789 in-

1917 3824 2061 3894 genii
2106 3824 2381 3891 acumine,
2428 3840 2529 3881 nec
2564 3825 2809 3896 pericula
2846 3824 3122 3894 formidet,
3158 3830 3307 3884 hunc
3337 3843 3369 3884 a
3410 3843 3507 3885 su-

1916 3914 2171 3977 blimiora
2190 3911 2542 3989 intelligenda
2567 3918 2772 3984 evehit,
2807 3926 2864 3975 et
2898 3918 3169 3975 satisfacit
3191 3918 3311 3989 eius
3351 3918 3507 3976 desi-

1917 4006 2070 4065 derio
2098 4021 2195 4078 per
2225 4020 2323 4065 eos
2346 4022 2489 4083 quos
2516 4008 2583 4064 ad
2615 4009 2730 4066 haec
2766 4011 3120 4080 peculiariter
3172 4015 3506 4083 praeparavit

1918 4097 2304 4156 administros.
2345 4099 2527 4167 Quare
2552 4099 2599 4156 si
2633 4111 2947 4158 sanctorum
2973 4103 3111 4159 alios
3137 4104 3356 4175 quidem
3385 4106 3509 4161 lau-
3602 4160 3607 4165 .

1917 4193 2195 4259 dabimus,
2230 4192 2372 4249 alios
2397 4202 2579 4249 autem
2615 4195 3103 4267 reprehendemus,
3131 4199 3278 4270 quod
3311 4207 3503 4256 tacue-

1919 4286 2031 4342 rint
2063 4284 2505 4355 expresserintve
2532 4285 2764 4357 aliquid,
2795 4297 2851 4343 et
2913 4287 3014 4345 hos
3048 4289 3268 4360 quidem
3307 4292 3507 4361 proba-

1917 4376 2122 4442 bimus,
2176 4376 2318 4433 alios
2347 4390 2500 4445 vero,
2531 4380 2675 4449 quod
2706 4394 2817 4435 non
2854 4378 2964 4436 sint
2993 4382 3155 4439 nobis
3185 4384 3328 4451 usui,
3373 4383 3505 4455 reji-

1918 4470 2129 4527 ciemus
2167 4486 2187 4524 ι
2236 4470 2399 4528 liceat
2434 4474 2547 4529 lucc
2577 4473 2769 4529 eadem
2803 4475 3005 4532 audere
3063 4488 3258 4533 contra
3321 4478 3501 4549 ipsum

213 4569 307 4639 ἐφ’
366 4568 605 4624 ἑκάστου
663 4568 1017 4640 χρησάμενον
1080 4559 1375 4635 φαίνεται,
1436 4569 1530 4624 καὶ
1595 4569 1666 4624 τὰ
1722 4569 1813 4643 μὲν

1929 4562 2223 4634 Spiritum,
2257 4579 2369 4621 non
2411 4565 2593 4621 solum
2621 4569 2749 4639 quia
2790 4569 2838 4625 is
2869 4569 3279 4643 fuerit.auctor,
3314 4586 3416 4626 cur
3450 4572 3506 4628 lti

214 4661 465 4734 σιγῆσαν
488 4661 556 4714 τά
594 4659 644 4714 δ’
673 4658 898 4730 είρηκδς
929 4658 1017 4713 διὰ
1057 4658 1170 4713 τῶν
1212 4658 1578 4728 διδασκάλων,
1610 4654 1694 4726 οἷς
1728 4663 1818 4717 τὸν

213 4751 319 4823 τῆς
357 4748 622 4820 ἀληθείας
650 4749 810 4819 λόγον
860 4749 1098 4803 ἐνέπνει.
1132 4749 1199 4804 El
1230 4748 1276 4803 δ’
1308 4750 1365 4804 ἐν
1404 4751 1559 4806 ἐστιν
1609 4753 1815 4821 ἐκεῖνο,

218 4844 321 4900 καὶ
352 4841 621 4914 ἀληθείας
652 4842 890 4913 Πνεῦμα
924 4842 1269 4911 πιστεύεται,
1295 4845 1389 4899 καὶ
1422 4847 1588 4899 πᾶσιν
1616 4847 1818 4914 ὁμοίως

215 4938 514 5010 εὐεργετεῖ
535 4935 660 5000 τοὺς
692 4935 1045 5008 ἀνθρώπους,
1082 4937 1206 4991 οὐδὲ
1234 4940 1300 4992 τὰ
1336 4937 1447 4993 τῶν
1477 4939 1817 4995 διδασκάλων

217 5029 409 5092 ἄλλως
441 5029 588 5099 ἔχειν
616 5027 823 5082 οἴεσθαι
852 5029 976 5099 χρή.
1017 5027 1155 5082 Ἀλλ’
1190 5028 1276 5082 ἵνα
1327 5028 1402 5100 μὴ
1437 5030 1609 5083 πολλὰ
1638 5031 1816 5099 λέγων

218 5122 363 5194 ὑμῖν
415 5120 639 5192 ἐνοχλῶ,
688 5120 813 5175 ὅθεν
879 5122 990 5174 τῶν
1037 5120 1214 5190 λόγων
1267 5122 1475 5175 τούτων
1532 5121 1816 5195 ἠρξάμην,

219 5216 413 5269 ἐκεῖσε
452 5213 617 5268 πάλιν
660 5214 943 5284 ἐπάνειμι.
976 5214 1039 5269 El
1072 5213 1174 5284 μὲν
1209 5214 1317 5285 γὰρ
1364 5216 1619 5287 φανερῶς
1666 5217 1819 5272 ἀντιο

217 5306 534 5377 φάσκοντες
581 5306 633 5360 ol
664 5310 764 5378 τῆς
803 5306 1131 5377 Ἐκκλησίας
1182 5307 1439 5375 ἑωρῶντο
1483 5306 1816 5376 διδάσκαλοι,

218 5388 322 5455 καὶ
374 5398 500 5470 δίχα
546 5399 914 5471 διαιρεθέντες
972 5401 1022 5453 ol
1082 5397 1185 5470 μὲν
1235 5398 1425 5469 ἔλεγον
1476 5400 1580 5455 οὐκ
1627 5402 1693 5456 ἐκ
1721 5402 1818 5458 τοῦ

218 5491 369 5550 Υὶοῦ
409 5492 661 5564 προϊέναι
703 5492 765 5546 τὸ
812 5491 1060 5562 Πνεῦμα,
1092 5492 1141 5546 οί
1171 5491 1228 5547 δὲ
1261 5490 1421 5546 τοῦτο
1470 5493 1818 5566 κατέφασκον

217 5580 269 5657 ᾧ
310 5583 416 5640 νῦν
445 5584 663 5654 λέγουσι
692 5583 903 5656 τρόπῳ,
938 5584 1047 5638 ἔδει
1075 5584 1174 5655 τήν
1207 5584 1304 5654 μὲν
1328 5584 1621 5656 ἀντίφασιν
1656 5590 1819 5661 μέχρι

217 5679 339 5737 τῶν
373 5678 548 5749 λόγων
576 5674 717 5733 εἶναι
763 5678 1086 5749 νομίζοντας
1114 5678 1209 5732 καὶ
1244 5678 1345 5750 τήν
1379 5678 1586 5750 μάχην,
1617 5680 1731 5746 τοῖς
1760 5680 1818 5735 δέ

217 5774 474 5844 νοήμασι
529 5772 623 5828 καὶ
676 5772 885 5844 σφόδρα
943 5770 1216 5843 συνῆφθαι
1280 5773 1506 5837 τούτους
1566 5774 1817 5845 ἀλλήλοις

219 5863 671 5937 ὑποτιθεμένοις,
720 5863 1017 5937 πειρᾶσθαι
1083 5864 1185 5934 τῆς
1260 5864 1320 5921 ἐν
1353 5865 1510 5941 ,τοῖς
1571 5866 1818 5938 ῥήμασιν

1925 4653 2218 4721 tacuerint,
2275 4654 2355 4711 illi
2399 4659 2795 4729 expresserim,
2840 4675 2951 4727 quo
2982 4659 3041 4714 fit
3077 4669 3137 4716 ut
3189 4664 3504 4717 necessario

1921 4755 1977 4803 et
2032 4747 2149 4818 ipse
2204 4748 2495 4820 participet
2544 4750 2783 4805 honores
2841 4757 2898 4806 et
2947 4754 3306 4808 contumelias
3344 4766 3360 4807 :
3393 4756 3505 4824 [sed

1920 4840 2084 4895 etiam
2135 4841 2280 4910 quod
2312 4855 2445 4897 usus
2492 4841 2835 4912 singulorum
2888 4858 3076 4915 opera,
3117 4843 3234 4898 haec
3278 4847 3499 4915 quidem

1923 4930 2040 5002 ipse
2088 4934 2344 4999 tacuerit,
2389 4932 2514 4987 illa'
2546 4948 2677 4988 vero
2716 4949 2812 5004 per
2850 4935 3105 4992 doctores
3146 4939 3502 5007 expresserit,

1922 5025 2125 5095 quibus
2154 5040 2466 5082 sermonem
2523 5026 2771 5082 veritatis
2804 5028 3145 5086 infundebat.
3175 5030 3243 5086 At
3285 5032 3330 5088 si
3361 5048 3505 5089 unus

1921 5117 2013 5174 ille
2038 5127 2143 5185 est,
2188 5127 2244 5173 et
2280 5118 2507 5189 spiritus
2537 5121 2781 5176 creditur
2820 5122 3088 5189 veritatis,
3117 5133 3171 5180 et
3221 5125 3503 5181 beneficiis

1921 5208 2087 5266 allicit
2117 5210 2372 5267 homines
2413 5212 2641 5283 adaeque
2674 5229 2770 5283 per
2800 5216 3005 5279 omnia,
3040 5233 3141 5272 nec
3184 5233 3274 5274 res
3319 5219 3506 5274 docto-

1923 5316 2045 5357 rum
2082 5303 2321 5365 aliterse
2343 5303 2545 5361 habere
2570 5308 2829 5377 putanda:
2860 5318 3008 5366 sunt.
3067 5310 3172 5366 Sed
3210 5326 3279 5366 ne
3332 5311 3506 5367 multa

1922 5396 2157 5453 dicendo
2183 5399 2288 5453 sim
2330 5398 2486 5455 vobis
2514 5401 2798 5467 molestus,
2828 5404 2895 5459 ad
2926 5418 2987 5459 ea
3015 5412 3261 5459 revertor
3285 5404 3352 5459 de
3378 5405 3507 5475 qui-

1921 5491 2026 5548 bus
2069 5507 2232 5563 agere
2280 5508 2579 5565 cmperam.
2639 5495 2698 5551 Si
2747 5502 2913 5554 enim.
2943 5498 3203 5555 Ecclesiae
3250 5499 3503 5556 doctores

1922 5589 2269 5660 apertissime
2292 5598 2604 5660 pugnarent
2645 5592 2786 5646 inter
2812 5607 2895 5658 se,
2925 5603 3091 5663 atque
3129 5592 3269 5649 duas
3300 5594 3353 5649 itt
3374 5609 3500 5665 par-

1922 5689 2005 5736 tes
2039 5681 2221 5747 divisi,
2268 5682 2322 5737 lti
2359 5684 2580 5752 quidem
2626 5694 2893 5753 negarent
2949 5686 3216 5756 Spiritum
3257 5702 3322 5741 ex
3362 5687 3503 5746 Filio

1920 5773 2239 5845 procedere,
2270 5774 2325 5829 bi
2364 5790 2497 5831 vero
2554 5776 2893 5833 afﬁrmarent
2923 5786 2981 5834 ut
3034 5795 3181 5836 nunc
3238 5779 3451 5839 faciunt
3483 5799 3503 5840 :

1920 5874 2217 5939 oporteret,
2272 5867 2675 5927 contrariorum
2731 5870 3093 5930 assertionem
3154 5881 3208 5931 et
3263 5889 3507 5950 pugnant
