3932 6458
259 358 360 421 ΞιΠ

1393 361 1682 422 ORATIO
1714 362 1809 421 ill
1854 362 1952 421 AD
1979 360 2374 423 SYNODUM.

3407 353 3507 417 sta

258 473 466 525 etlévat
498 471 647 527 δοκεῖ
674 474 736 544 τῇ
768 473 898 545 περὶ
929 472 1134 528 τούτων
1167 475 1371 545 σιωπῇ,
1403 478 1468 547 τῇ
1506 477 1691 547 Γραιφῇ
1735 476 1830 529 καὶ

1942 477 2185 531 docenda
2247 477 2323 529 rei
2372 476 2596 531 veritate
2650 476 3054 530 abstinuerunt.
3113 473 3266 540 Quod
3324 482 3506 529 autem

265 567 429 636 μοίρᾳ
477 564 583 617 τῶν
622 564 957 619 διδασκάλων
1005 568 1106 638 μιᾷ
1158 564 1241 629 οἷς
1295 556 1568 637 ὡμίλησε,
1633 568 1835 637 μᾶλλον

260 658 406 710 ἔοικε
464 658 859 730 μαρτυρεῖν,ἥ
908 659 1166 731 καθαρῶς
1220 660 1602 729 ἀποφάσκεινο
1659 660 1835 713 καίτοι

260 750 357 804 καὶ
394 751 641 822 φανερῶς
695 753 1015 824 ἠρνημένην
1066 752 1302 825 χαλεπὸν
1352 754 1507 808 οὐδὲν
1561 754 1678 807 ἔστι
1719 753 1834 816 τοῖς

257 842 507 912 εἰρηκόσι
543 845 937 909 συνάπτεσθαι.
1044 849 1137 899 καὶ
1177 846 1405 910 πολλοὺς
1450 830 1648 910 ἄλλους
1675 844 1835 916 ἐμέλ-

258 934 423 1003 λομεν
451 935 516 989 ἂν
547 937 838 990 συνάπτειν
873 942 1300 1007 συναραμένους.

1943 567 2220 621 silentium
2254 567 2459 623 indicio
2487 568 2555 621 sit
2586 584 2681 624 eos
2719 579 2907 625 contra
2969 569 3172 624 srntire
3222 569 3342 624 aliis
3394 584 3508 624 rem

1941 660 2395 728 exprimentibus.
2425 671 2477 715 et
2512 660 2702 715 haberi
2729 662 3056 716 sententiam
3087 661 3157 717 ab
3186 661 3253 715 iis
3288 676 3387 731 pro
3415 661 3489 717 [al

1938 765 2021 815 sa,
2054 750 2163 818 jam
2187 761 2471 808 ostensum
2501 762 2584 807 est
2618 754 2763 821 nulla
2810 755 3019 811 ratione
3048 754 3155 809 dici
3189 769 3349 824 posse
3378 772 3390 809 :
3453 762 3510 809 et

1939 843 1986 896 si
2016 842 2141 910 quis
2182 842 2297 896 haec
2342 846 2568 897 tacendo
2624 846 2959 914 negationem
3027 861 3225 915 ponere
3273 844 3507 909 videtur,

1940 935 2235 1007 Setipturte
2269 937 2471 1004 potius,
2496 947 2549 991 et
2575 938 2735 994 alteri
2757 938 3044 995 ducturum
3080 940 3245 1009 parti,
3270 953 3506 1010 quorum

256 1022 668 1082 lucubrationes
717 1029 882 1099 legit,
938 1030 1071 1085 dare
1128 1030 1345 1085 videtur
1390 1028 1814 1093 testimonium,
1855 1044 2017 1099 quam
2077 1030 2362 1100 perspicue
2425 1046 2673 1102 negare:
2726 1049 3033 1102 quanquam
3116 1042 3302 1103 aperte
3346 1018 3509 1087 etiam

257 1119 551 1187 negatione
590 1120 782 1189 posita,
810 1130 990 1192 potest
1040 1122 1437 1180 allirmantibns
1474 1123 1625 1179 nullo
1702 1121 1919 1191 negotio
1980 1123 2285 1188 conciliari,
2331 1132 2391 1178 ut
2443 1125 2595 1179 multi
2662 1140 2879 1196 quoque
2939 1126 3053 1200 alii,
3108 1127 3153 1182 si
3228 1125 3511 1197 negationi

255 1205 543 1264 lax‘isseul.

330 1304 549 1361 Τούτων
576 1302 668 1360 οὖν
692 1306 863 1372 οὕτως
894 1309 1147 1380 ἐχόντων,
1202 1310 1382 1381 μάτην
1417 1311 1714 1382 κοψόμεθα,
1753 1312 1842 1381 γτὰ

254 1400 727 1471 συγκεκλωσμένα
778 1401 1095 1466 διιστῶντές
1149 1421 1210 1456 τε
1281 1404 1381 1457 καὶ
1457 1405 1840 1478 συμφύροντες

256 1488 628 1559 τοὺναντίονῆ
658 1488 915 1558 λέγεται’
961 1491 1053 1545 καὶ
1086 1490 1363 1556 διαλύσεις
1410 1492 1551 1564 οὕτω
1612 1495 1834 1565 προχεί-

250 1600 383 1654 ρους
417 1581 817 1652 περιοψόμεθα,
872 1585 1063 1656 ὥσπερ
1127 1586 1204 1655 τῷ
1265 1585 1532 1656 πολεμεῖν
1579 1587 1833 1657 ἀλλήλοις

250 1672 555 1727 καὶταῦτα
592 1676 722 1748 περί
747 1675 1007 1749 τοιορτων
1045 1678 1497 1748 φιλοτιμούμενοι
1523 1695 1536 1709 ο
1573 1680 1669 1734 καὶ
1713 1679 1830 1734 δια-

253 1768 527 1837 στήσομεν
583 1768 835 1839 ἀλλήλων
909 1772 1038 1833 τοὺς
1103 1770 1497 1839 διδασκάλους,
1550 1771 1644 1835 οὒς
1691 1772 1831 1826 αὐτὰ

2014 1306 2151 1363 Cum
2184 1307 2346 1378 igitur
2380 1308 2494 1364 haec
2516 1309 2588 1363 ita
2617 1324 2677 1363 se
2705 1308 2960 1379 habeam,
2989 1309 3191 1365 frustra
3219 1308 3512 1379 querimo-

1945 1395 2065 1451 nias
2096 1396 2441 1462 iterabimus,
2474 1411 2595 1467 qua:
2626 1404 2854 1453 consula
2884 1406 3013 1451 sunt
3039 1398 3347 1454 dissueutes
3381 1412 3511 1454 con-

1940 1487 2364 1559 fundentcsquo,
2427 1500 2623 1545 contra
2689 1504 2852 1559 quam
2910 1489 3104 1560 adagio
3154 1490 3394 1553 dicitur;
3456 1498 3511 1546 et

1939 1580 2381 1634 conciliationem
2432 1580 2570 1636 adeo
2627 1579 2843 1636 facilem
2886 1583 3247 1652 negligemus,
3282 1583 3507 1653 perinde

1933 1683 1997 1722 ac
2026 1669 2067 1723 si
2104 1669 2306 1725 mutuis
2343 1669 2521 1733 bellis,
2554 1670 2713 1740 idque
2736 1670 2803 1725 de
2839 1671 3003 1727 rebus
3043 1671 3374 1742 huiusmodi,
3411 1674 3510 1728 ho~

1940 1759 2087 1815 noris
2134 1774 2299 1814 causa
2350 1759 2687 1815 oblectemur
2732 1778 2745 1816 :
2793 1772 2847 1816 et
2879 1763 3128 1818 doctores
3164 1779 3192 1816 a
3229 1764 3509 1819 communi

254 1834 523 1913 συνάγετει
562 1861 657 1914 καί
692 1834 799 1931 πρὸ
831 1862 940 1917 τῶν
974 1864 1193 1919 οἰκείων
1220 1863 1394 1933 λόγων
1440 1834 1520 1919 τά
1569 1865 1831 1936 πράγμα-

1940 1850 2232 1905 concordia
2267 1851 2664 1925 disjungemus,
2697 1870 2838 1923 quos
2869 1864 2998 1909 ante
3029 1871 3127 1911 sua
3163 1856 3327 1910 etiam
3364 1855 3513 1925 ipso-

252 1970 344 2009 τα.
391 1952 743 2025 Ἀλλ’ὥσπερ
774 1956 873 2010 οὐκ
900 1954 1016 2009 ἐστι
1055 1957 1313 2028 καθαρῶς
1344 1958 1490 2028 ἡμᾶς
1530 1959 1834 2030 εἰρηνεύειν

255 2046 336 2115 μὴ
396 2045 505 2100 τῶν
553 2045 1087 2118 ἀμφισϐητουμένων
1139 2048 1319 2117 κρίσει
1376 2051 1684 2116 λυθέντων,
1739 2052 1835 2105 καὶ

250 2139 614 2209 διορισθέντον
649 2141 766 2202 ἐνός
799 2157 946 2203 τινος
992 2141 1087 2195 τοῦ
1130 2142 1295 2195 πᾶσιν
1335 2142 1665 2210 ἀρέσκοντος
1697 2160 1710 2174 ·
1742 2143 1833 2199 οὔ-

254 2250 367 2296 τως
400 2233 522 2286 οὐδὲ
550 2232 650 2302 τῆς
704 2232 964 2303 ἀληθείας
1003 2234 1280 2304 ἐπιτυχεῖν
1300 2233 1414 2287 ἔστι
1451 2236 1526 2305 μὴ
1585 2237 1678 2304 τῆς
1727 2237 1835 2290 τῶν

248 2326 430 2391 ἁγίων
459 2324 761 2394 συμπνοίας
787 2325 874 2378 ἐπ’
905 2325 1073 2395 αὐτὴν
1107 2326 1255 2396 ἡμᾶς
1289 2326 1609 2397 ὁδηγούσης,
1655 2327 1833 2397 ’Υπὲρ

253 2414 466 2468 τούτων
499 2415 554 2467 δὲ
574 2408 902 2485 ἀμφοτέρων
931 2417 1065 2487 ἡμῖν
1108 2417 1257 2469 πᾶσα
1296 2417 1329 2485 ἡ
1364 2416 1590 2486 σπουδή.
1625 2414 1753 2470 Ἐπὶ
1781 2418 1833 2470 τί

251 2506 313 2558 δὲ
349 2505 486 2575 πρὸς
531 2504 667 2557 Θεοῦ
700 2505 792 2559 καὶ
819 2505 917 2576 τὴν
947 2505 1128 2558 αἰτίαν
1169 2506 1414 2559 ἁνοίσετε
1444 2505 1537 2557 τοῦ
1592 2506 1667 2576 μὴ
1701 2508 1833 2560 πάν-

252 2614 358 2661 τας
385 2596 510 2660 τοὺς
534 2597 888 2661 διδασκάλους
928 2596 1178 2666 στέργειν
1206 2598 1423 2669 ἐπίσης,
1452 2600 1655 2653 ὁπόταν
1679 2599 1833 2669 ὑμῶν

246 2686 357 2737 ἐπὶ
408 2686 499 2738 τοῦ
545 2685 721 2738 κοινοῦ
748 2687 1099 2756 δικαστηρίου
1160 2688 1588 2752 πυνθάνωνταις
1642 2690 1832 2762 οὐγὰρ

247 2773 415 2845 οἶμαι
468 2780 596 2849 σιγῇ
640 2778 878 2831 τοιοῦτον
932 2779 1175 2850 ἀδίκημα
1235 2782 1526 2853 παρελθεῖν
1585 2781 1652 2836 ἂν
1709 2785 1833 2851 τοὺς

254 2869 655 2940 ἡμελημένους
713 2884 727 2898 ·
776 2871 977 2940 μᾶλλον
1035 2872 1091 2925 δὲ
1172 2871 1324 2924 οὐδὲν
1395 2866 1555 2943 ἧττον
1611 2873 1835 2926 ἐκείνων

253 2962 408 3034 ὑπὲρ
440 2962 663 3016 ἐκείνων
692 2964 787 3015 καὶ
819 2964 869 3015 οἰ
900 2962 1161 3033 τιμᾶσθαι
1189 2963 1475 3027 δοκοῦντες
1519 2965 1835 3035 ἁγανακτήυ

254 3070 445 3108 σουσι.
484 3055 556 3107 Τὸ
597 3053 706 3108 τῶν
764 3057 1106 3124 σιγησάντων
1162 3053 1378 3125 ἀξίωμα
1433 3053 1831 3125 προὸαλεῖσθε;

1942 1959 2059 1998 runt
2085 1944 2229 1999 dicta
2252 1960 2339 2001 res
2366 1944 2493 2014 ipsa:
2521 1945 2861 2017 coxrjungunt
2889 1964 2901 2001 :
2931 1946 3022 2001 Sed
3050 1948 3506 2016 quemadmodum

1944 2036 2055 2090 ﬁeri
2114 2052 2224 2089 non
2274 2045 2450 2105 potest
2497 2048 2555 2091 ut
2589 2053 2709 2090 vera
2746 2054 2844 2106 pax
2882 2041 3207 2094 eonﬁciatur
3254 2041 3305 2093 ni
3355 2043 3511 2110 prius

1896 2152 1899 2159 -
1942 2144 2037 2198 per
2063 2128 2330 2196 judicium
2364 2128 2754 2182 controversia:
2780 2128 3061 2196 tollantur,
3097 2140 3149 2184 ct
3179 2147 3345 2185 unum
3377 2133 3511 2203 quid

1942 2224 2228 2277 definiatur
2264 2225 2411 2292 quod
2447 2223 2702 2279 omnibus
2744 2225 3004 2295 placeat:
3043 2228 3117 2279 ita
3155 2241 3252 2301 nec
3300 2231 3507 2282 verita-

1942 2325 2045 2371 tem
2076 2316 2294 2385 assequi
2325 2330 2640 2386 poswmus.
2680 2317 2731 2370 ni
2761 2326 3079 2371 sanctorum
3110 2333 3412 2374 consensus
3441 2319 3508 2387 ad

1938 2424 2057 2459 ram
2095 2423 2194 2461 nos
2228 2407 2391 2461 ducat
2429 2426 2441 2461 :
2477 2423 2638 2462 omne
2683 2423 2845 2477 porro
2880 2418 3126 2463 nostrum
3169 2410 3411 2467 studium
3450 2410 3506 2483 in

1940 2499 2026 2554 his
2061 2499 2271 2554 duobus
2306 2511 2572 2554 versatur.
2606 2499 2747 2566 Quid
2780 2516 2911 2554 vero
2956 2516 3052 2570 per
3099 2502 3288 2569 Deum,
3335 2504 3499 2563 obse-

1938 2607 2056 2655 cro,
2080 2608 2259 2646 causae
2288 2591 2546 2655 aﬂerrtis,
2582 2608 2681 2647 cur
2715 2610 2822 2649 non
2857 2611 3009 2664 teque
3040 2594 3292 2661 (lemures
3316 2612 3509 2653 omnes

1940 2684 2262 2749 admittatis,
2311 2700 2433 2739 cum
2484 2686 2536 2739 id
2574 2701 2602 2738 a
2648 2686 2801 2741 vobis
2844 2696 3087 2755 qumrcnt
3130 2688 3186 2742 in
3233 2691 3509 2747 communi

1936 2776 2148 2845 judicio
2172 2778 2194 2831 ?
2222 2776 2405 2847 Neque
2434 2780 2577 2833 enim
2608 2786 2736 2848 puto
2761 2790 3103 2849 contemptos
3128 2790 3330 2839 tantam
3363 2783 3510 2852 inju-

1944 2868 2079 2920 riam
2140 2868 2356 2923 silentio
2404 2871 2781 2938 prteterituros
2818 2888 2832 2926 ι
2870 2873 2979 2925 imo
3026 2886 3152 2927 vero
3190 2889 3296 2926 non
3332 2876 3511 2945 minus

1939 2976 2104 3031 quam
2144 2961 2245 3027 illi,
2279 2976 2377 3031 pro
2411 2963 2519 3017 illis
2554 2963 2794 3031 graviter
2827 2964 2930 3021 hoc
2967 2964 3143 3033 ipsum
3181 2965 3385 3025 laturos
3414 2981 3511 3023 eos

1940 3052 2128 3119 etiam,
2162 3053 2265 3122 qui
2295 3054 2543 3111 videntur
2575 3055 2854 3113 honorari.
2891 3055 3282 3112 Auctoritatem
3310 3059 3509 3123 obten-

252 3145 376 3199 Καὶ
402 3146 509 3217 μὴν
530 3145 711 3199 αὐτῶν
740 3147 990 3217 ἁγιότητι
1033 3147 1147 3216 μὲν.
1187 3146 1337 3199 οὐδὲν
1396 3146 1651 3211 ἐλάττους
1703 3148 1828 3209 εἰσί,

1940 3146 2083 3202 detis
2110 3160 2300 3201 eorum
2330 3147 2425 3215 qui
2464 3148 2793 3203 tacuerunt?
2820 3151 2885 3203 At
2909 3158 3060 3208 certe
3088 3150 3184 3209 alii
3222 3158 3511 3221 sanctitate

246 3238 423 3310 σοφίᾳ
443 3238 497 3295 δὲ
521 3237 615 3291 καὶ
643 3239 780 3292 πολὺ
828 3238 1154 3309 προέχουσιν
1194 3238 1326 3291 ἔνιοι
1378 3238 1488 3290 τῶν
1543 3237 1829 3293 εἰπόντων.

262 3330 439 3383 Ἀλλὰ
459 3330 518 3383 τὸ
556 3330 758 3400 πλῆθος
791 3331 965 3399 ἐρεῖτε
993 3345 1008 3395 ;
1048 3330 1156 3383 Καὶ
1199 3329 1307 3403 μὴν
1341 3332 1435 3383 καὶ
1460 3329 1634 3400 τούτῳ
1674 3328 1836 3381 νικῶ-

251 3442 368 3479 σιν.
402 3425 463 3479 Εἰ
492 3424 548 3477 δέ
586 3426 683 3487 τὰς
719 3423 874 3494 παρὰ
900 3423 1008 3476 τῶν
1035 3421 1272 3476 συνόδων
1302 3422 1489 3494 τιμάς,
1524 3421 1674 3491 παρὰ
1709 3420 1835 3490 σερί-

248 3536 305 3572 σι
331 3517 605 3585 δείξουσιν
636 3516 804 3572 οὖσαν
860 3519 958 3587 τὴν
986 3518 1287 3589 ὑπεροχήν.
1338 3517 1499 3571 Ἀλλά
1533 3516 1608 3588 τῷ
1658 3517 1834 3570 δεινὸν

233 3610 472 3664 οἴεσθαι
502 3611 659 3675 δόξαν
694 3611 769 3680 μὴ
805 3610 955 3680 παρᾶ
994 3611 1210 3665 πάντων
1247 3606 1384 3680 ὁμοῦ
1415 3609 1833 3681 κρατυνομένην

244 3701 677 3773 προσδέχεσθαι.
723 3700 867 3755 Ἀλλ’
895 3701 1014 3755 οὐδὲ
1032 3699 1178 3754 τοῦτ’
1205 3698 1426 3768 εὔλογον
1453 3713 1468 3728 ⁸
1525 3700 1834 3772 ἀντιλέγον-

240 3816 340 3862 τος
377 3798 491 3866 γὲρ
514 3796 728 3857 οὐδενὸς
754 3794 957 3851 οὑτωσὶ
994 3792 1265 3863 φανερῶς,
1325 3791 1509 3846 ἱκανόν
1558 3793 1707 3845 ἐστιν
1733 3791 1833 3847 αὗ-

242 3889 351 3961 τὴν
414 3886 525 3942 ἀπὸ
571 3888 717 3940 δυοῖν
763 3885 1205 3957 μαρτυρεῖσθαι⁸
1262 3882 1404 3955 αὕτη
1459 3883 1515 3939 δὲ
1563 3882 1832 3938 τοσούτων

242 3982 575 4052 συνηγόρων
606 3980 943 4050 ηὐπόρηκεν.
980 3979 1050 4030 Ἢ
1084 3977 1179 4030 καὶ
1202 3976 1260 4030 τδ
1292 3975 1421 4047 περὶ
1458 3976 1549 4029 τὸν
1581 3974 1832 4045 Λάζαρον

236 4074 471 4144 θαῦμα,
499 4075 593 4128 καὶ
618 4074 716 4144 τὴν
765 4073 865 4141 τῆς
890 4069 1282 4143 Σαμαρείτιδος
1316 4067 1605 4138 συντυχίαν
1653 4084 1836 4136 παρα-

238 4165 638 4242 δραμούμεθα.
671 4166 753 4218 ὅτι
786 4164 862 4235 μὴ
901 4162 1110 4226 πάντας
1157 4161 1284 4231 ἔσχε
1351 4156 1778 4228 συμφωνοῦντας
1804 4158 1833 4211 ὁ

237 4261 427 4315 ταῦτα
455 4258 629 4326 λέγων
674 4258 799 4318 τοὺς
845 4253 1256 4322 εὐαγγελιστάς.
1299 4245 1429 4305 Εἶτα
1464 4252 1557 4303 καὶ
1589 4251 1716 4312 τοὺς
1774 4250 1832 4302 ἐν

237 4354 359 4415 τοῖς
382 4347 757 4418 δικαστηρίοις
778 4345 991 4413 άγῶνας
1019 4343 1176 4397 ἄλλον
1203 4342 1325 4394 τινὰ
1350 4338 1649 4394 διετίθεσθε
1700 4338 1829 4411 τρό-

236 4460 376 4509 πον,
407 4442 459 4495 οἰ
499 4439 776 4511 ἄνθρωποι
806 4434 942 4506 πρδς
973 4436 1120 4506 ἡμᾶς
1159 4432 1367 4505 ἐροῦσι,
1410 4433 1503 4499 καί
1539 4431 1682 4487 πάνυ
1749 4433 1831 4485 διο

236 4534 429 4598 καίως
467 4550 479 4563 ·
515 4531 637 4585 οὔτε
671 4529 780 4602 γὰρ
807 4528 1019 4600 σιωπὴν
1044 4527 1457 4598 προύτιμήσατὲ
1508 4543 1636 4578 ποτε
1666 4526 1827 4594 λόγου

1936 4532 2052 4602 iure
2103 4531 2572 4603 quidem’optimo

1936 3237 2156 3308 quidem
2202 3251 2313 3292 non
2362 3248 2492 3293 sunt
2526 3236 2858 3309 inferiores;
2904 3242 3124 3310 quidam
3175 3258 3303 3301 vero
3346 3248 3510 3317 etiam

1934 3330 2241 3385 eruditione
2266 3340 2393 3387 sunt
2422 3330 2579 3402 longe
2603 3335 2939 3409 superiores.
2968 3335 3285 3397 Producetis
3316 3341 3505 3403 multi-

1938 3422 2203 3491 tudinem,
2238 3423 2432 3479 ait?at
2458 3425 2529 3478 illi
2566 3426 2666 3481 hac
2689 3428 2850 3481 etiam
2890 3428 2941 3481 in
2980 3437 3130 3497 parte
3166 3431 3412 3489 vincunt.
3448 3434 3506 3499 Si
3570 3496 3591 3519 .

1935 3514 2168 3571 honores
2209 3530 2239 3569 a
2283 3517 2530 3572 conciliis
2578 3517 2826 3583 delatos;
2883 3521 3173 3578 ostendent
3221 3523 3294 3597 illi
3348 3526 3508 3595 plano

1935 3604 2203 3673 maiorem
2218 3621 2317 3677 pro
2340 3623 2397 3662 se
2423 3609 2693 3663 honorum
2726 3612 3036 3668 cumulum.
3062 3614 3285 3681 Dioclis,
3307 3618 3505 3673 durum

1933 3695 2104 3752 videri
2140 3697 2296 3753 vobis
2324 3700 2654 3757 sententiam
2691 3703 2956 3772 recipere,
2996 3720 3116 3774 qua:
3150 3722 3256 3761 non
3289 3708 3360 3763 sit
3390 3724 3505 3763 om-

1935 3787 2098 3846 nibus
2146 3792 2394 3860 probata.
2456 3791 2656 3849 Verum
2704 3795 2758 3850 id
2805 3797 2971 3851 etiam
3019 3813 3129 3861 non
3184 3808 3267 3855 est
3310 3800 3507 3855 rationi

1933 3894 2356 3938 consentaneum
2413 3901 2428 3940 :
2476 3902 2600 3941 nam
2658 3892 3041 3957 cumrapertis
3096 3890 3275 3944 verbis
3344 3907 3506 3947 nemo

1934 3976 2290 4040 contradicat,
2324 3976 2459 4031 satis
2486 3987 2568 4032 est
2606 3978 2824 4033 duobus
2862 3980 3002 4035 illam
3042 3964 3275 4036 testibus
3298 3982 3503 4048 fulciri.

1935 4084 2058 4147 cum
2097 4078 2279 4124 tamen
2311 4070 2383 4123 illi
2418 4078 2565 4124 tanta
2594 4072 2734 4125 adsit
2757 4072 2914 4141 copia
2944 4085 3318 4141 patronorum.
3351 4078 3506 4131 Alio-

1934 4160 2065 4229 quin
2117 4169 2502 4229 praetereamus
2550 4162 2715 4223 etiam
2772 4163 3096 4219 miraculum
3148 4165 3215 4222 de
3266 4167 3498 4243 Lazaro,

1934 4254 2375 4323 colloquiumque
2447 4268 2571 4311 cum
2630 4253 2974 4312 Samaritana
3028 4258 3310 4328 habitum,
3360 4266 3505 4333 quod

1933 4346 2026 4418 qui
2057 4346 2170 4405 hazc
2203 4354 2513 4399 narratnon
2536 4360 2729 4402 omnes
2762 4347 2957 4405 habeat
2984 4360 3303 4409 attestantes
3337 4370 3501 4417 etans

1934 4437 2178 4513 gelistas.
2229 4437 2737 4508 Deindeobjicient
2778 4438 2934 4495 nobis
2982 4440 3073 4495 alii
3124 4441 3396 4509 homines,
3449 4459 3505 4502 et

2616 4550 2630 4587 :
2671 4549 2769 4589 cur
2810 4533 2996 4591 litibus
3036 4537 3179 4606 apud
3216 4539 3502 4594 tribunalia

1933 4627 2098 4679 alium
2154 4627 2443 4695 quemdam
2497 4627 2916 4697 prazscrlpsistis
2972 4630 3240 4683 modum?
3286 4630 3342 4684 in
3394 4633 3503 4686 illis

234 4629 389 4699 πρὸς
431 4625 739 4696 μαρτυρίαν
768 4636 782 4652 ⁶
821 4621 1022 4693 μᾶλλον
1071 4620 1127 4674 δὲ
1163 4619 1257 4673 καὶ¹
1290 4619 1462 4689 ταύτῃ
1518 4617 1663 4689 λόγῳ
1703 4636 1828 4671 συν-

234 4719 544 4792 απτομένῃ
575 4716 737 4785 λόγου
773 4714 965 4786 χρείαν
997 4714 1222 4783 ἐνέμετε
1251 4725 1266 4742 °
1313 4711 1409 4764 καὶ
1444 4712 1588 4782 τρεῖς
1615 4711 1829 4781 λαμϐά-

232 4829 439 4873 νοντες
469 4811 751 4881 μάρτυρας
780 4807 887 4861 τῶν
920 4804 1291 4876 ζητουμένων,
1319 4804 1502 4873 ἀξίους
1550 4802 1709 4867 ὄντας
1734 4822 1826 4858 πι-

239 4902 578 4970 στεύεσθαι,
617 4901 734 4955 οὔθ’
756 4900 967 4962 ἑαυτοῖς
989 4898 1173 4953 λοιπὸν
1198 4896 1321 4951 οὔτε
1344 4900 1454 4960 τοῖς
1487 4896 1829 4966 παράγουσιν

228 4996 570 5070 ἠνωχλεῖτο,
610 4993 816 5056 πάντας
846 4990 1165 5057 ἀνθρώπους
1200 4987 1487 5062 ζητοῦντες
1542 4987 1828 5058 μάρτυρας

228 5097 339 5168 ἧκε
350 5112 439 5147 ιν.·
454 5086 703 5160 Οἷμαιτὰ
724 5088 831 5141 τῶν
850 5086 1023 5141 ἄλλων
1037 5084 1371 5139 διδασκάλων
1392 5082 1674 5152 ἀξιώματα
1696 5098 1827 5152 προ-

228 5184 528 5249 σαλεῖσθε,
557 5181 614 5248 ἐξ
648 5172 722 5234 ὧν
745 5178 1064 5233 ὑπεναντίον
1091 5194 1142 5230 τι
1169 5178 1235 5246 τῇ
1260 5174 1365 5227 τῶν
1385 5174 1642 5226 εἰπόντων
1656 5189 1827 5226 κατα-

230 5278 418 5349 φάσει
459 5273 753 5342 συνάγεται
787 5287 801 5302 ·
830 5269 945 5324 ἀλλ’
1006 5266 1128 5321 οὐδὲ
1187 5266 1334 5320 τοῦτ’
1390 5264 1577 5335 ἐροῦσι
1618 5264 1826 5319 δίκαιον

224 5372 360 5426 οὐδέ
400 5369 639 5436 νόμιμον
669 5359 833 5429 εἶναι,
862 5362 929 5415 τὰ
955 5359 1251 5432 διαρρήδην
1285 5358 1550 5428 λεγόμενα
1578 5356 1828 5427 παριδόν-

224 5484 332 5530 τας
369 5462 493 5522 τοῖς
530 5459 854 5532 ἀμφιϐόλοις
881 5452 1270 5526 προστίθεσθαι
1307 5466 1322 5484 '
1356 5451 1672 5505 τούναντίον
1715 5451 1823 5522 γὰρ

226 5558 481 5629 μᾶλλον,
510 5555 573 5606 ἐκ
603 5549 711 5606 τῶν
750 5549 1151 5620 φανερωτάτων
1176 5544 1271 5599 καὶ
1319 5542 1492 5597 ταῦτα
1539 5542 1826 5611 κρίνεσθαι

219 5652 332 5704 δεῖ.
380 5647 461 5699 Ἀ
513 5645 619 5714 γάρ
650 5644 838 5711 λέγετε
890 5639 1031 5694 κατὰ
1083 5638 1193 5693 τῶν
1241 5637 1523 5709 ἡμετέρων
1578 5635 1826 5706 ἀδελφῶν

220 5739 563 5809 ἀξιώματα,
588 5736 649 5789 οὐ
682 5734 773 5787 τὸν
809 5733 922 5789 ῐσον
947 5733 1151 5805 τρόπον
1195 5730 1400 5793 πάντες
1423 5728 1607 5781 ἐνόουν
1640 5743 1657 5760 ο
1707 5728 1824 5783 ἀλλ’

223 5835 278 5888 οἰ
302 5830 420 5904 μὶν
455 5826 529 5893 ὡς
547 5828 644 5901 τὴν
673 5826 949 5898 ἀπόφασιν
980 5822 1447 5898 συμπεραίνοντα,
1501 5819 1551 5877 οἰ
1575 5819 1623 5874 δ’
1655 5819 1730 5887 ὡς
1754 5822 1819 5894 τῇ

1931 4714 2075 4769 enim
2107 4715 2385 4773 silentium
2417 4716 2483 4771 ad
2524 4716 2763 4772 dandum
2807 4718 3186 4774 testimonium
3220 4734 3500 4790 nunquam

1931 4807 2168 4863 sermoni
2200 4808 2555 4876 prtetulistis;
2588 4809 2718 4879 quin
2761 4810 2871 4862 imo
2907 4810 3148 4877 silentio,
3188 4812 3233 4866 si
3267 4815 3503 4885 conjun-

1930 4911 2077 4955 ctum
2113 4916 2237 4955 cum
2271 4916 2525 4955 sermone
2554 4902 2652 4965 sit,
2680 4914 2838 4955 usum
2876 4903 3149 4958 sermonis
3189 4904 3457 4963 tribuistis
3485 4924 3499 4971 ;

1931 4992 2216 5061 tribusque
2247 4992 2505 5048 adhibitis
2550 4992 2765 5048 idoneis
2810 4995 3045 5051 testibus
3074 4997 3141 5051 de
3190 4996 3354 5056 rebus
3383 4985 3523 5071 quas.

1930 5094 2059 5139 sunt
2088 5086 2139 5139 in
2174 5087 2578 5151 controversia,
2615 5103 2719 5144 nec
2747 5089 2903 5145 vobis
2936 5090 3073 5161 ipsis
3114 5094 3366 5164 amplius,
3402 5110 3503 5148 nec

1930 5177 2038 5231 illis
2068 5192 2099 5231 a
2134 5177 2338 5245 quibus
2369 5179 2627 5248 producti
2668 5190 2800 5236 sunt
2833 5185 3112 5253 negotium
3149 5185 3499 5250 exhibuistis,

1928 5277 2237 5337 quaarentes
2286 5269 2441 5325 vobis
2476 5286 2668 5329 omnes
2718 5274 2969 5332 homines
3026 5278 3256 5346 proferri
3306 5286 3497 5344 testes,

1930 5359 2190 5415 Fortasse
2237 5360 2471 5417 aliorum
2531 5363 2817 5421 doctorum
2873 5367 3144 5439 objicietis
3198 5369 3498 5435 axiomata,

1930 5467 1960 5507 ο
2012 5452 2213 5522 quibus
2266 5457 2608 5512 contrarium
2664 5460 2922 5528 quiddam
2976 5461 3254 5531 colligitur
3305 5476 3496 5517 eorum

1929 5542 2298 5610 allirmationi,
2338 5549 2431 5617 qui
2475 5550 2543 5607 de
2580 5552 2683 5607 hoc
2718 5552 2973 5623 dogmate
3006 5554 3176 5609 locuti
3209 5562 3358 5609 sunt.
3390 5555 3494 5610 Sed

1930 5642 2331 5711 respondebunt
2372 5644 2475 5699 hoc
2527 5645 2690 5700 etiam
2740 5662 2840 5701 nec
2890 5646 3099 5719 justum
3154 5662 3255 5701 nec
3288 5647 3501 5717 legibus

1929 5746 2049 5786 esse
2086 5744 2411 5799 consonum,
2446 5744 2504 5787 ut
2543 5733 2848 5789 manifestis
2876 5736 3204 5806 posthabitis
3236 5735 3495 5807 ambigua

1931 5823 2202 5894 sequenda
2251 5823 2410 5878 sint:
2457 5833 2647 5882 contra
2699 5828 2867 5895 enim,
2916 5845 2979 5885 ex
3032 5830 3503 5891 manifestissimis

2046 6018 2087 6041 Iro
