3932 6458
496 373 604 439 519

1590 371 1970 437 GENNADII
2145 370 2669 434 Immunem;

3632 376 3717 435 {20

500 496 616 551 haec
646 494 810 550 etiam
856 504 985 549 sunt
1016 491 1341 563 judicauda.
1383 492 1519 549 Nam
1560 510 1683 565 qua:
1712 494 1923 549 vocatis
1948 508 2075 549 con-

2186 492 2494 561 καταφάσει
2528 484 2939 558 συνηγοροῦντα
2971 464 3188 546 πάντως
3228 482 3462 556 ἐδέχοντο
3488 500 3502 516 ⁸
3542 487 3597 541 οὐ
3616 487 3717 544 τοῦ.

499 588 669 643 traria
695 595 1010 642 nostrorum
1038 586 1270 639 fratrum
1302 583 1603 650 axiomata,
1640 601 1748 641 non
1778 600 1893 641 uno
1916 586 2080 639 modo

497 679 566 731 ab
600 677 860 733 omnibus
890 675 1168 731 intellecta
1202 684 1352 738 sunt,
1387 691 1416 729 a
1449 674 1779 746 quibusdam
1821 677 1968 731 enim
2001 676 2082 732 sic

490 775 721 838 accepta
756 775 904 832 sunt,
933 765 1092 837 quasi
1122 766 1475 836 negationem
1504 766 1883 823 concludentia
1917 784 1931 823 :
1960 769 2081 838 qui-

497 862 623 914 dam
674 874 807 915 vero
860 859 989 926 illa,
1043 870 1103 914 ut
1170 857 1521 914 aﬂirmationi
1574 875 1799 931 prorsus
1845 859 2080 915 faventia

490 953 926 1020 intellexerunt;
963 968 1142 1024 neque
1174 954 1227 1008 id
1263 954 1467 1020 solum,
1499 953 1593 1009 sed
1639 954 1829 1009 multis
1858 969 2082 1025 quoque

504 1044 631 1098 aliis
658 1045 944 1098 doctorum
971 1043 1391 1099 auctoritatibus
1426 1044 1508 1099 usi
1536 1052 1665 1099 sunt
1691 1055 1885 1100 vestra:
1915 1059 2082 1113 nega-

493 1138 669 1192 tionis
703 1136 1048 1192 defensores.
1084 1137 1268 1203 Quare
1300 1135 1452 1208 quod
1483 1137 1549 1191 ad
1586 1138 1702 1191 hasc
1724 1138 2081 1208 pronuntiata

500 1230 718 1295 attinet,
762 1244 867 1284 non
913 1228 1089 1299 magis
1125 1228 1357 1283 aliorum
1403 1227 1624 1285 silentio
1673 1229 1929 1284 standum
1975 1239 2082 1296 est,

498 1337 665 1393 quam
722 1320 931 1376 nostris
976 1319 1155 1375 dictis.
1208 1319 1396 1390 Neque
1442 1332 1577 1377 vero
1626 1322 1956 1393 confugietis
2009 1322 2080 1376 ad

502 1413 893 1482 ignorantiam,
919 1412 1012 1481 qui
1041 1412 1157 1468 hac
1184 1414 1367 1468 omnia
1395 1415 1562 1485 probe
1593 1415 1769 1477 stilis.
1800 1424 1854 1469 et
1876 1415 2082 1471 multos

2181 601 2244 637 το
2281 583 2337 636 δὲ
2368 583 2555 653 μόνον,
2588 580 2725 635 ἀλλὰ
2751 579 2846 632 καὶ
2893 578 3113 640 πολλοῖς
3144 575 3325 639 ἄλλοις
3349 579 3411 630 ὲκ
3462 578 3562 630 τῶν
3599 580 3718 635 δεδι.

2184 676 2405 731 σκάλων
2427 677 2476 729 oi
2511 674 2610 745 τῆς
2663 672 2944 743 ὑμετέρας
2988 669 3379 741 προϊστάμενοι
3433 671 3716 741 ἀποφάσεως

2184 767 2437 841 ἐχρῶντο
2465 769 2650 838 ῥητοῖς
2684 781 2702 798 ⁸
2744 767 2868 819 ὅθεν
2897 764 2960 819 ἐκ
2991 781 3057 832 γε
3083 763 3192 816 τῶν
3231 763 3478 818 τοιούτων
3508 764 3564 819 ού
3607 768 3717 835 μᾶλ-
3762 832 3765 835 ἰ

2184 863 2276 915 λον
2308 864 2374 933 τῇ
2407 863 2591 931 σιωπῇ
2613 858 2728 912 τῶν
2751 858 2928 914 ἄλλων
2952 859 2988 927 ἢ
3020 860 3133 920 τοῖς
3169 856 3451 926 ἡμετέροις
3468 856 3629 925 λόγοις
3654 860 3716 911 τί·

2186 953 2379 1009 θεσθαι
2415 953 2547 1024 χρή.
2581 952 2691 1006 Καὶ
2716 950 2823 1022 μὴν
2849 949 2963 1003 οὔτ’
2994 950 3087 1002 επὶ
3108 950 3211 1018 τήν
3244 947 3461 1011 ἄγνοιαν
3482 950 3717 1018 καταφεύ-

2182 1044 2366 1110 ξεσθε,
2403 1044 2559 1099 αύτοί
2587 1061 2647 1098 τε
2680 1043 2854 1097 ταῦτα
2904 1042 3084 1096 πάντα
3125 1040 3346 1102 είδότες,
3402 1040 3493 1093 καὶ
3541 1041 3718 1095 πολλῶν

2185 1138 2363 1195 ἄλλων
2394 1138 2527 1207 ύμῖν
2551 1134 3101 1206 διαμαρτυρομένων,
3148 1132 3243 1185 καὶ
3287 1130 3378 1185 τοῦ
3445 1132 3516 1202 μὴ
3562 1131 3717 1201 βούλε-

2187 1230 2313 1283 σθαι
2347 1228 2509 1299 μόνον
2541 1226 2750 1297 εἵργειν
2775 1227 3017 1296 ἔχοντος.
3049 1225 3113 1277 Εί
3145 1222 3201 1276 δὲ
3238 1223 3333 1277 καὶ
3364 1223 3506 1291 παρὰ
3525 1224 3620 1276 τῶν
3642 1223 3717 1278 άλ-

2184 1321 2295 1375 λων
2324 1320 2500 1388 ἁγίων
2522 1317 2838 1390 προτεθεῖεν
2880 1316 3080 1386 ὀνείδη,
3136 1311 3223 1380 οἷς
3254 1317 3537 1387 προσέχειν
3587 1315 3718 1385 δῆθεν

2189 1414 2511 1486 βουλόμεθα,
2540 1412 2633 1467 καὶ
2658 1412 2844 1466 δίκαια
2879 1410 2981 1485 μὲν
3012 1409 3301 1463 αἰτιᾶσθαι
3330 1408 3449 1473 τοὺς
3474 1410 3713 1479 ἀδελφοὺς,

496 1508 641 1561 alios
674 1505 886 1558 habetis
938 1504 1055 1559 suis
1086 1504 1554 1561 obtestationibus
1587 1519 1650 1559 ea
1688 1506 1844 1562 vobis
1885 1520 2083 1577 propo-

2187 1506 2335 1575 ἡμᾶς
2366 1505 2423 1559 δὲ
2458 1503 2709 1575 φανερῶς
2732 1504 2963 1569 ἀδικεῖν,
2986 1503 3138 1555 αὐτοὶ
3165 1499 3213 1557 δ’
3243 1502 3300 1554 ἔν
3327 1500 3485 1571 τιμῆς
3518 1502 3716 1570 προσχήσ

504 1608 735 1664 ncntes;
778 1598 916 1653 nihil
953 1599 1100 1653 enim
1149 1606 1255 1663 est,
1319 1598 1468 1672 quod
1515 1598 1910 1668 impedimento
1959 1613 2083 1655 esse

2190 1615 2324 1669 ματι
2379 1596 2777 1671 συνηδικῆσθαι
2829 1596 2930 1651 καὶ
2993 1593 3455 1663 συνεκδεδλῆσοαι
3526 1597 3716 1664 φήσειεν

499 1692 697 1761 possit,
733 1691 838 1745 nisi
874 1707 980 1747 una
1014 1692 1287 1747 voluntas.
1321 1691 1477 1759 Quod
1511 1690 1558 1745 si
1595 1691 1828 1748 aliorum
1862 1708 2083 1765 quoque

2189 1692 2553 1763 παρελθόντες
2585 1706 2600 1721 ⁸
2633 1692 2696 1745 ού
2727 1691 2858 1760 γάρ,
2889 1686 3069 1760 οἶμαι,
3095 1688 3438 1744 στασιάσουσι
3482 1688 3602 1758 πρὸς
3646 1687 3719 1740 ἀ).

504 1796 823 1840 sanctorum
848 1783 1195 1855 proferantur
1221 1783 1484 1855 querelae,
1509 1785 1872 1863 quasinissas
1900 1785 2083 1841 facere

2187 1782 2405 1854 λήλους,
2440 1782 2531 1836 καὶ
2569 1782 2829 1836 τάναντία
2858 1782 2990 1853 περὶ
3037 1782 3196 1853 ἡμῶν
3254 1780 3565 1852 ψηφιοῦνται
3591 1797 3607 1814 ⁸
3652 1782 3717 1845 τίς

505 1874 732 1930 ιιιὶιιίιιιο
783 1875 1061 1940 volumus,
1102 1874 1246 1945 quod
1282 1874 1479 1929 fratres
1512 1860 1736 1945 quidem
1768 1874 1918 1950 juste
1947 1891 2083 1931 con-

2189 1878 2321 1949 ἡμῖν
2376 1876 2566 1930 λοιπὸν
2599 1875 2753 1931 ἔσται
2785 1876 3116 1948 κατιφυγῄς
3150 1873 3218 1928 τὸ
3263 1874 3319 1928 δὲ
3363 1876 3554 1944 μεῖζον,
3589 1874 3718 1927 άπαιο

504 1975 829 2038 querantur,
882 1981 982 2022 nos
1016 1982 1148 2021 vero
1196 1967 1480 2039 propalam
1527 1966 1671 2022 haud
1724 1983 1881 2040 aqua
1930 1968 2083 2026 lance

2187 1970 2372 2026 τοῦντι
2405 1969 2483 2043 τῷ
2506 1971 2741 2043 δεσπότῃ
2766 1971 2898 2043 ’παρ⁹
2927 1972 3088 2041 ἡμῶν
3116 1968 3220 2040 τὴν
3241 1971 3459 2042 εἰρήνην
3509 1970 3592 2026 καὶ
3641 1967 3715 2039 τὴν

506 2068 750 2126 utamur,
781 2075 951 2130 seque
980 2059 1169 2116 dicant
1203 2060 1432 2117 honoris
1460 2069 1724 2132 prartextu
1758 2062 1925 2119 simul
1957 2077 2082 2118 cum

2186 2061 2394 2133 γνῶσιν
2458 2062 2559 2134 τῆς
2604 2063 2891 2134 ἀληθείας,
2945 2059 3022 2119 ὧν
3065 2062 3162 2135 τὴν
3194 2064 3295 2133 μὲν
3340 2062 3575 2132 καθάπερ
3621 2061 3717 2114 τινὰ

507 2153 617 2207 illis
647 2152 876 2209 aﬂ'ectos
928 2166 1055 2207 esse
1110 2151 1335 2222 injuria,
1383 2152 1658 2223 simulque
1708 2153 1987 2224 explosos.
2037 2155 2083 2211 si

2187 2154 2395 2226 κλῆρον
2428 2133 2536 2209 ἔδει
2567 2133 2977 2226 διαφυλάττειν,
3019 2133 3129 2228 τὴν
3148 2157 3209 2211 δὲ
3244 2157 3429 2229 φέρειν
3453 2155 3603 2227 ἐχρῆν
3634 2154 3717 2207 ἀπὸ

502 2244 836 2313 prodeuntes
884 2244 940 2299 in
999 2244 1242 2298 medium
1285 2243 1400 2299 hac
1434 2244 1512 2299 illi
1553 2243 1817 2315 objiciant
1854 2262 1869 2300 :
1908 2260 2083 2315 neque

2187 2248 2286 2317 τῆς
2321 2247 2556 2303 ἐνταῦθα
2586 2248 2758 2319 ζωῆς,
2781 2248 2857 2313 ὡς
2885 2248 2955 2303 δι’
2989 2251 3210 2321 εκείνης
3242 2253 3408 2321 μόνης
3454 2247 3711 2317 σωθησομέ-

506 2336 652 2392 enim
676 2336 749 2390 ibi
776 2349 999 2406 quoque
1019 2337 1347 2398 contrarias,
1372 2335 1589 2405 opinor,
1626 2346 1928 2406 sequentur
1958 2351 2086 2406 par-

497 2438 609 2496 tes,
639 2438 694 2485 et
732 2429 1036 2484 sententias
1066 2427 1132 2484 de
1176 2428 1337 2484 nobis
1376 2429 1819 2499 pronuntiabunt
1862 2429 2083 2500 opposi-

498 2528 590 2577 tas
616 2538 630 2576 :
662 2521 789 2592 quid
814 2521 1006 2589 nobis,
1036 2534 1245 2589 quaeso,
1278 2519 1472 2590 refugii
1502 2520 1810 2592 supererit?
1843 2519 1910 2576 Et
1942 2520 2085 2591 quod

406 2638 415 2643 ε
505 2612 689 2683 majus
734 2619 842 2675 est,
886 2611 1194 2682 reposcenti
1232 2628 1261 2666 a
1316 2611 1480 2668 nobis
1514 2613 1740 2667 domino
1786 2625 2001 2683 pacem,
2034 2620 2089 2667 et

500 2702 754 2758 veritatis
807 2701 1223 2773 cognitionem;
1282 2717 1515 2773 quarum
1573 2703 1662 2758 illa
1715 2703 1937 2775 quidem
1970 2717 2088 2759 ser-

504 2795 683 2850 vanda
712 2800 833 2850 erat
861 2809 893 2849 a
926 2793 1088 2851 nobis
1116 2793 1290 2850 veluti
1323 2793 1619 2851 hereditas
1650 2795 1897 2866 quaedam
1929 2810 1944 2850 :
1972 2795 2088 2852 hac

504 2900 639 2942 vero
672 2901 738 2942 es
775 2885 880 2941 hac
912 2886 1021 2941 vita
1048 2886 1403 2958 asportanda,
1429 2885 1579 2958 quod
1613 2902 1709 2958 per
1733 2901 1897 2944 unam
1935 2887 2085 2944 illam

502 2978 579 3035 sit
621 2977 782 3035 nobis
822 2978 972 3035 salus
1009 2996 1026 3035 :
1062 2977 1193 3051 quid
1230 2978 1392 3050 plane
1425 2979 1826 3049 respondentes
1863 2992 1973 3034 non
2007 2979 2088 3034 vi-

504 3071 738 3128 deamur
775 3071 1004 3142 insuper
1053 3079 1109 3126 et
1156 3070 1469 3141 petulantes
1516 3085 1662 3135 esse,
1712 3084 1778 3125 ac
1822 3070 1974 3142 digni
2019 3070 2088 3126 de

496 3164 707 3236 quibus
771 3165 1058 3235 graviores
1116 3176 1292 3233 poena:
1338 3162 1673 3219 sumantur?
1724 3160 1862 3218 Nam
1911 3178 2089 3234 neque

498 3256 918 3327 Scripturarum
958 3254 1350 3312 obscuritatem
1403 3253 1719 3319 aﬂ‘eremus,
1753 3254 1913 3325 cujus
1950 3256 2089 3312 adeo

505 3348 710 3405 multos
742 3347 1028 3403 constituit
1062 3348 1223 3403 nobis
1270 3349 1603 3417 interpretes
1633 3364 1650 3403 ι
1688 3363 1864 3420 neque
1897 3348 2090 3404 docto-

397 3480 419 3505 .
506 3456 598 3497 res
626 3441 1019 3497 advocabimus
1046 3448 1332 3512 patronos,
1360 3440 1474 3513 jam
1501 3441 1631 3498 olim
1658 3451 1808 3499 certe
1841 3443 2088 3501 damnati

506 3533 577 3590 ab
607 3534 736 3590 illis.
764 3532 923 3601 Quod
948 3535 995 3589 si
1038 3534 1203 3589 etiam
1241 3532 1517 3599 aﬂuerint,
1551 3535 1606 3591 hi
1639 3534 1860 3604 quidem
1897 3552 2090 3594 rursus

504 3634 794 3693 tacentes,
828 3624 906 3681 illi
940 3641 1075 3683 vero
1108 3637 1299 3697 aperte
1331 3627 1606 3683 contraria
1639 3628 1956 3685 testimonio
1986 3645 2090 3686 suo

505 3717 772 3784 dicentes,
812 3733 919 3774 non
950 3719 1271 3789 permittent
1306 3719 1505 3789 judici,
1544 3731 1604 3776 ut
1644 3720 1735 3776 diu
1766 3721 1833 3778 de
1864 3721 2086 3777 ferenda

501 3810 778 3866 sententia
826 3811 1048 3881 cogitet.
1107 3809 1217 3867 Seu
1268 3827 1450 3881 neque
1496 3814 1824 3870 audebimus
1879 3814 2085 3881 dicere,

502 3903 704 3961 melius
758 3919 791 3961 a
848 3906 1010 3961 nobis
1045 3920 1211 3977 quam
1278 3910 1347 3960 ab
1400 3906 1507 3963 illis
1556 3907 1819 3963 omnibus
1855 3907 2084 3979 intelligi

501 3997 820 4071 Scripturas
847 4018 860 4056 :
889 4015 1066 4071 neque
1093 3999 1226 4055 illud
1258 3999 1418 4055 enixe
1447 3999 1866 4068 aﬂirmabimus,
1892 4018 2082 4073 pacem

498 4107 721 4168 aptasse
774 4094 1018 4167 quidem,
1065 4095 1164 4152 sed
1214 4093 1436 4164 assequi
1484 4110 1594 4151 non
1647 4096 1893 4167 potuisse
1927 4111 2082 4168 aqua

497 4190 650 4247 enim
685 4187 866 4244 fronte
896 4189 1004 4245 hoc
1030 4188 1303 4253 dicamus,
1335 4188 1429 4258 qui
1461 4188 1715 4244 doctores
1742 4189 1909 4244 etiam
1942 4189 2084 4246 inter

497 4297 558 4339 se
592 4283 942 4337 committere
977 4283 1337 4347 voluerimus,
1377 4278 1613 4354 quorum
1657 4283 1949 4339 concordia
1985 4285 2080 4340 de-

495 4374 659 4431 bebat
709 4389 741 4431 e
794 4375 975 4431 medio
1035 4375 1226 4431 tollere
1284 4384 1476 4430 nostra
1536 4376 1840 4432 scandala?
1893 4375 2081 4434 Satius

498 4467 664 4542 plane
692 4467 799 4524 erit
834 4474 1041 4533 tacere,
1068 4482 1194 4522 cum
1229 4468 1376 4523 nulla
1410 4468 1569 4524 nobis
1599 4467 1781 4524 futura
1812 4470 1883 4525 sit
1910 4485 2080 4527 excu-

2182 2360 2333 2411 νους,
2361 2343 2415 2397 τί
2436 2344 2546 2397 τῶν
2584 2344 2843 2399 ἁπάντων
2869 2346 3114 2409 είπόντες
3146 2345 3273 2417 οὐχὶ
3324 2346 3418 2400 καὶ
3471 2358 3715 2415 προσαναι-

2190 2438 2444 2508 σχυντεῖν
2467 2436 2728 2508 δόσαιμεν
2768 2435 2837 2492 ἂν
2882 2437 2979 2489 καὶ
3013 2437 3237 2508 χείρους
3290 2437 3442 2502 δίκας
3485 2435 3714 2505 όφείλεινς

2187 2530 2314 2584 esu
2366 2529 2477 2600 γὰρ
2522 2528 2622 2601 τὴν
2651 2530 2769 2595 τῶν.
2814 2529 3050 2603 Γραφῶν
3104 2530 3346 2603 ἐροῦμεν
3389 2531 3630 2600 ἀσάφειαν
3664 2523 3715 2600 ἧς

2186 2623 2487 2685 τοσούτους
2514 2622 2649 2693 ἡμῖν
2674 2619 2930 2678 ἐκάθισεν
2958 2624 3250 2695 ἑρμηνεῖς,
3272 2623 3395 2679 οὔτε
3443 2623 3558 2686 τοὺς
3600 2621 3713 2678 6:8:-

2191 2715 2437 2780 σκάλους
2470 2717 2805 2788 συνηγόρους
2855 2717 3192 2788 καλέσομεν,
3252 2715 3714 2790 προκατεγνωκότας

2191 2808 2413 2873 πάντως
2444 2808 2622 2881 ἡμῶν.
2656 2808 2719 2864 El
2746 2810 2803 2864 δὲ
2830 2810 2925 2866 καὶ
2954 2810 3211 2882 μέλλοιεν
3241 2812 3511 2884 παριέναι,
3551 2809 3594 2863 οί
3640 2808 3714 2880 μιν

2196 2900 2379 2955 αὐτῶν
2413 2904 2507 2957 καὶ
2539 2901 2706 2957 πάλιν
2743 2903 3032 2971 σιγῶντες,
3069 2905 3117 2958 oi
3148 2903 3209 2960 δδ
3254 2903 3510 2961 τάναντία
3551 2917 3714 2973 μαρτυ-

2185 2991 2412 3061 ροῦντες
2441 2991 2779 3063 περιφανῶς,
2807 2994 2930 3048 οὐδὲ
2950 2993 3252 3066 διατρίϐειν
3276 2997 3489 3051 ιάσουσι
3513 2994 3621 3066 περὶ
3637 2992 3712 3055 τὰς

2187 3084 2404 3155 ψήφους
2450 3082 2543 3138 τδν
2593 3084 2880 3156 δικαστήν.
2926 3084 3073 3140 Ἀλλ’
3116 3086 3230 3140 οὐδ’
3268 3087 3483 3159 ἄμεινον
3532 3083 3712 3138 ἐκείναιν

2189 3176 2450 3232 ἁπάντων
2472 3176 2542 3231 τά
2562 3177 2672 3231 τῶν
2699 3176 2935 3249 Γραφῶν
2963 3178 3118 3233 αὐτοὶ
3148 3182 3295 3233 νοεῖν
3319 3180 3633 3251 τολμήσομεν
3648 3177 3712 3229 λέ-

2195 3285 2312 3339 γειν
2342 3284 2357 3298 ⁸
2383 3267 2507 3323 οὔτε
2527 3270 2625 3340 τῆς
2648 3272 2875 3343 είρήνης
2904 3272 3247 3344 ἐπιθυμῆσαι
3308 3274 3427 3346 μὶν,
3464 3273 3520 3327 ού
3567 3270 3711 3342 τυχεῖν

2190 3361 2249 3416 δὲ
2277 3362 2731 3435 διισχυριούμεθα
2760 3381 2776 3398 ⁸
2813 3365 2930 3431 πῶς
2954 3368 3062 3441 γάρ
3094 3369 3141 3421 oi
3189 3370 3285 3421 καὶ
3334 3369 3455 3434 τοὺς
3504 3368 3709 3422 sema-

2189 3454 2316 3520 λους
2369 3456 2621 3528 ἀλλήλοις
2679 3457 3023 3530 ἐκπολεμοῦν
3089 3462 3480 3536 βουληθέντες,
3532 3455 3598 3518 ὧν
3636 3459 3711 3529 τὴν

2189 3547 2449 3618 ὁμόνοιαν
2475 3549 2586 3604 τῶν
2606 3552 2665 3606 ἐν
2694 3551 2830 3623 ἡμῖν
2857 3552 3178 3611 σκανδάλων
3213 3556 3323 3610 ἔδει
3380 3555 3605 3626 γίνεσθαι
3643 3552 3711 3605 λύ-

2191 3638 2527 3708 σινςἾιπου
2560 3645 2721 3717 σιγᾷν
2753 3644 2853 3716 μὶν
2909 3647 3139 3715 ἄμεινον
3190 3648 3345 3704 ἔσται
3403 3650 3557 3720 μηδὲν
3597 3648 3710 3718 Exau-

2189 3749 2276 3789 σιν
2307 3734 2387 3796 είς
2414 3735 2714 3805 ἀπολογίαν
2747 3737 3156 3809 προϐάλλεσθαι
3195 3758 3211 3775 ⁸
3261 3744 3381 3797 άντὶ
3412 3744 3465 3797 δὲ
3506 3742 3594 3812 τῆς
3628 3740 3708 3793 τῶν

2188 3824 2554 3899 ιγκλημάτων
2573 3828 2873 3899 ὁμολογίας
2906 3831 2978 3887 τά
3027 3831 3130 3904 τῆς
3182 3832 3421 3907 ’σιωπῆς
3458 3835 3708 3903 ἀποχρήσει

2187 3916 2265 3988 τῷ
2290 3916 2543 3990 δικαστῇ.
2576 3918 2766 3986 Οὕτως
2791 3924 2923 3993 ἡμῖν
2947 3923 3185 3998 διαιρεῖν
3228 3928 3358 3991 τοὺς
3409 3924 3709 3983 διδασκάλους

2186 4009 2286 4079 τῆς
2313 4010 2647 4083 Ἐκκλησίας
2674 4017 2796 4079 ταῖς
2827 4016 3104 4089 γνώμαις,
3132 4020 3167 4091 ἢ
3218 4021 3534 4093 μαχομένοις
3580 4015 3708 4082 ἀλλθ·

2186 4099 2320 4168 λοις.
2350 4102 2385 4175 ἢ
2425 4103 2611 4170 κακῶς
2632 4106 3011 4176 είρηνεύουσιν
3054 4113 3433 4185 ἀπαραίτητον
3480 4113 3581 4186 ἔχει
3608 4125 3711 4162 παν-

2184 4195 2415 4266 ταχόθεν
2449 4197 2550 4270 τὴν
2575 4200 2791 4271 μέμψιν
2824 4218 2839 4234 ⁸
2866 4202 2928 4256 τὸ
2958 4203 3014 4258 δὲ
3048 4208 3346 4260 συνάπτειν
3369 4207 3607 4268 ἐκείνους,
3652 4199 3707 4260 ὦς

2184 4288 2573 4362 καὶπρότερον
2608 4292 2848 4366 εἴρηται,
2879 4296 3019 4362 πρὸς
3061 4300 3246 4357 πᾶσαν
3274 4301 3441 4371 τύχην
3484 4299 3637 4367 ἀρκεῖ.
3664 4295 3706 4351 Εἰ

2184 4382 2296 4451 γὰρ
2330 4382 2408 4455 μὴ
2451 4385 2545 4438 καὶ
2574 4385 2642 4439 τὰ
2674 4387 2771 4457 τῆς
2797 4389 3058 4460 ἀληθείας
3089 4394 3260 4464 ημῖν;
3293 4392 3485 4446 οὖτωσὶ
3528 4384 3705 4459 περιγέ⁸

2183 4489 2351 4543 νοιτο,
2383 4475 2557 4531 πολλά
2586 4478 2655 4533 τά
2688 4478 2786 4551 τὴν
2825 4482 3157 4557 συγγνώμην
3212 4485 3481 4558 πράξοντα
3527 4482 3706 4538 δικαίως

495 4561 687 4615 satio:
729 4559 976 4629 satisque
1016 4560 1123 4618 erit
1164 4559 1337 4629 judici
1384 4558 1749 4615 confessionis
1797 4560 1920 4616 loco
1970 4576 2075 4616 no-

2186 4565 2483 4630 προσέσται
2517 4582 2531 4598 ⁸
2558 4571 2655 4622 καὶ
2681 4573 2746 4643 τῇ
2780 4573 2918 4643 πρὸς
2942 4577 3070 4639 τοὺς
3100 4579 3245 4631 αίδοῖ
3290 4578 3492 4633 πολλῶν
3531 4569 3704 4642 ἀγαθῶν

493 4661 671 4706 strum
711 4650 1016 4709 silentium.
1060 4650 1137 4707 ita
1184 4650 1367 4716 nobis.
1412 4652 1461 4708 si
1513 4651 1768 4708 doctores
1819 4651 2077 4709 Ecclesiae

490 4742 867 4798 distrahamus
926 4745 979 4798 in
1035 4744 1348 4801 contrarias
1392 4743 1717 4810 sententias,
1774 4752 1871 4800 aut
1914 4745 2078 4800 dissi-

490 4836 776 4903 dentibus,
805 4844 899 4890 aut
932 4850 1040 4892 non
1075 4838 1216 4893 bona
1245 4852 1378 4909 pace
1404 4837 1885 4904 convenientibus,
1919 4835 2074 4905 facit,

492 4938 555 4983 ut
592 4929 740 4983 nulla
774 4943 837 4987 ex
870 4940 1026 5001 parte
1059 4932 1333 5002 possimus
1372 4932 1779 4988 accusationem
1818 4930 2073 4998 evitare;

488 5023 534 5078 si
587 5037 717 5079 vero
770 5024 898 5078 illos
941 5022 995 5077 in
1052 5024 1408 5079 concordiam
1465 5023 1833 5088 reducamus,
1872 5032 1932 5077 ut
1960 5023 2075 5094 jam

2182 4657 2354 4726 ἑσμδν
2373 4664 2800 4738 συνεπαγομένῃ
2844 4668 2942 4730 τὰς
2981 4668 3194 4725 ἐκεῖθεν
3227 4670 3457 4734 εὐθύνας
3486 4660 3705 4733 ἐξωνησά·

2186 4747 2344 4819 μεθα.
2378 4749 2522 4804 Ἀλλ’
2546 4752 2646 4806 οὐκ
2672 4754 2788 4809 ἔστι
2812 4755 2922 4811 τῶν
2958 4760 3338 4830 ἐνδεχομένων
3360 4763 3456 4830 τῆς
3493 4756 3703 4826 ἀληθείις

2180 4835 2532 4910 διαμαρτεῖν,
2563 4844 2714 4914 ἡμᾶς
2749 4846 2852 4898 ὑπὸ
2883 4850 2948 4919 τῇ
3004 4849 3114 4903 τῶν
3160 4851 3492 4905 διδασκάλων
3534 4848 3700 4915 είρὴνῐιι

2181 4929 2243 4983 οὗ
2310 4933 2515 5001 μᾶλλον
2555 4936 2587 5006 ἢ
2637 4939 2924 5007 κάκείνους
2958 4941 3121 4996 τοῦτο
3162 4934 3354 5000 παθεῖν
3404 4925 3598 5009 ύπδτῇ
3632 4932 3701 4989 τοῦ

2185 5024 2511 5096 Πνεύματος
2556 5029 2771 5103 ὁδηγίᾳ.

487 5131 647 5177 antea
684 5121 886 5176 dictum
926 5131 1030 5187 est,
1064 5125 1132 5177 ad
1173 5137 1390 5177 omnem
1437 5122 1541 5177 hoc
1616 5122 1752 5178 satis
1817 5130 1900 5176 est
1940 5119 2246 5178 fortunam.
2328 5121 2465 5179 Nam
2546 5126 2674 5183 licet
2721 5130 2797 5185 ita
2839 5131 3002 5187 etiam
3079 5147 3185 5189 nou
3241 5135 3428 5190 liamus
3473 5132 3699 5199 compotes

486 5217 753 5286 veritatis,
789 5218 958 5273 multa
996 5228 1177 5273 tamen
1212 5228 1397 5285 erunt,
1425 5219 1497 5275 ob
1522 5234 1645 5291 qua:
1674 5218 1802 5290 jure
1837 5218 2055 5275 veniam
2099 5234 2409 5276 mereamur
2446 5241 2461 5281 :
2496 5233 2550 5278 et
2582 5229 2914 5292 reverentia,
2939 5244 3106 5298 quam
3162 5231 3424 5286 adversus
3489 5226 3697 5280 domum

485 5313 889 5378 adhibebimus,
913 5330 1037 5370 cum
1063 5317 1360 5372 multorum
1393 5332 1579 5375 secum
1616 5319 1807 5372 afferat
1830 5332 2061 5373 examen
2104 5318 2400 5386 bonorum,
2436 5322 2568 5377 illud
2610 5324 2776 5379 etiam
2811 5328 3112 5395 praestabit,
3181 5337 3240 5383 ut
3286 5327 3479 5382 nullam
3552 5318 3696 5373 ίυιυΐο

482 5406 653 5482 judici
685 5410 985 5469 debeamus
1007 5412 1233 5469 reddere
1255 5415 1547 5470 rationem.
1578 5413 1778 5471 Verum
1813 5416 1933 5471 lieri
1997 5430 2107 5471 non
2179 5427 2379 5485 potest,
2438 5432 2499 5474 ut
2541 5437 2674 5491 pace
2729 5424 2871 5481 inter
2914 5426 3171 5481 doctores
3208 5425 3513 5480 conﬁrmata
3553 5430 3636 5472 nos
3674 5423 3695 5461 ³

484 5507 718 5559 veritate
762 5504 920 5560 aberr
951 5520 1112 5573 mus;
1144 5505 1290 5577 sicut
1333 5520 1489 5577 teque
1521 5505 1647 5564 illos
1692 5506 2061 5573 hallucinatos
2099 5523 2224 5565 esse
2301 5509 2646 5582 impossibile
2716 5526 2821 5584 est,
2892 5533 3016 5574 cum
3072 5520 3269 5574 ducem
3316 5514 3575 5574 habuerint
3609 5504 3699 5575 Spi‘

488 5591 684 5647 ritum.

561 5679 653 5734 Est
710 5680 875 5752 igitur
928 5682 1034 5738 hac
1071 5683 1157 5738 via
1207 5684 1498 5754 utendum,
1549 5702 1673 5758 qua:
1724 5703 1853 5744 vera
1907 5698 2073 5760 atque

2258 5691 2480 5764 Ἰῖαύτην
2499 5693 2681 5748 τοίνυν
2718 5695 2938 5752 ἑλέσθαι
2987 5698 3072 5752 δεῖ
3117 5696 3216 5769 τὴν
3246 5697 3416 5768 άληθῆ
3467 5712 3519 5748 τε
3569 5691 3699 5746 οὖεεν

488 5773 741 5842 expedita
775 5783 877 5841 est,
928 5789 1031 5831 nec
1083 5791 1191 5833 non
1228 5794 1622 5851 usquequaque
1656 5782 1954 5839 tutissima.
2013 5783 2071 5839 Si

2186 5786 2282 5840 καὶ
2306 5783 2747 5858 πρόχειρον“,καὶ
2802 5790 2939 5862 προς
2995 5790 3207 5856 τούτοις
3266 5792 3524 5860 γέμουσαν
3563 5790 3697 5846 asas-

484 5878 614 5922 vero
649 5867 720 5922 sit
751 5866 893 5927 alius
923 5869 1118 5930 modus
1147 5888 1234 5941 eo,
1286 5888 1446 5945 quem
1505 5874 1640 5943 dixi,
1700 5875 2070 5946 praestantior,

2186 5876 2356 5943 λείας.
2395 5880 2456 5935 Ei
2493 5882 2535 5938 δ’
2565 5880 2715 5937 ἐστιν
2748 5881 2907 5940 άλλον
2947 5884 3071 5940 τινὰ
3104 5884 3340 5953 συνάψαι
3372 5881 3555 5951 τρόπον
3602 5876 3693 5930 τοᾳί
