3932 6458
300 367 411 430 525
1731 360 2136 424 PItECATlO.
2254 350 2263 355 ’
3458 369 3561 433 525

3287 529 3560 541 ————

782 720 785 723 ’
936 702 1741 862 GEORGII
1885 700 2913 861 SCHOLARII

1741 966 2123 1029 PRECATIO
3604 964 3615 1029 ἶ

608 1120 758 1208 AD
823 1116 1405 1213 DOMINUM
1488 1118 2066 1212 NOSTRUM
2148 1120 2537 1212 JESUM
2615 1122 3237 1215 CHRISTUM

1298 1273 1638 1351 Matutine,
1666 1274 2048 1350 .Meridiana,
2083 1283 2143 1339 et
2180 1276 2580 1353 VeSpertine.

545 1422 764 1488 (Editors
801 1425 844 1474 et
886 1419 1141 1480 interprete
1183 1420 1310 1471 Atdo
1346 1420 1608 1485 .Hanutio,
1656 1423 1821 1474 Roma:
1866 1423 2006 1482 1501‘,
2065 1427 2098 1470 ιε

1770 1435 1821 1474 ta:
1866 1423 2006 1482 1501‘,
2065 1426 2264 1483 t",rum
2314 1423 2576 1477 Prudentii
2636 1431 2678 1476 et
2719 1423 2933 1477 aliorum
2987 1425 3323 1491 carminibus.)

367 1674 616 1729 Δέσποτα
640 1668 813 1739 Κύριε
847 1664 1023 1735 Ἰησοῦ
1046 1664 1274 1737 Χριστὲ,
1301 1663 1402 1717 Θεὲ
1430 1663 1674 1734 ἀληθινὲ,
1714 1664 1871 1734 βασι·
1908 1695 1920 1729 Α

2066 1668 2205 1727 Here
2234 1668 2461 1726 Domine
2482 1668 2610 1725 Iesu
2632 1667 2851 1723 Christe
2870 1708 2885 1736 ,
2913 1669 3058 1725 Deus
3088 1682 3234 1732 vere,
3270 1682 3362 1726 rex
3389 1673 3572 1726 excel-

293 1766 395 1820 λεῦ
456 1762 648 1833 ὕψιστα
674 1800 691 1827 ,
760 1757 1056 1827 ὕπεράγιε,
1108 1755 1451 1825 ὑπεράγαθε,
1510 1754 1846 1829 εὖσπλαγχνε

2019 1777 2068 1827 e,
2119 1762 2276 1817 valde
2321 1771 2529 1827 sancte,
2582 1760 2738 1816 valde
2768 1761 2932 1827 bone,
2959 1761 3294 1826 misericors,
3331 1761 3572 1817 Verbum

297 1860 444 1927 Αόγε
473 1855 614 1911 ἀΐδιε
637 1850 732 1906 τοῦ
759 1850 1000 1921 ἀνάρχου
1029 1846 1169 1900 Θεοῦ
1196 1848 1290 1901 καὶ
1314 1848 1550 1919 Πατρδς,
1579 1847 1850 1920 δημιουργ

2021 1862 2254 1909 ξιετιιυιῐι
2278 1852 2567 1924 inoriginis
2590 1851 2680 1907 Dei
2708 1860 2763 1909 et
2786 1850 2986 1917 Patris,
3004 1851 3198 1908 artifex
3224 1852 3403 1909 omnis
3426 1868 3574 1907 crea-

298 1950 486 2019 πάσης
513 1946 612 2018 τῆς
637 1944 895 2006 κτίσεως,
929 1941 1029 2010 τῆς
1059 1940 1114 1994 δὲ
1147 1938 1498 2011 ἀνθρωπίνης
1529 1940 1626 1994 καὶ
1654 1941 1851 1994 ἀνακαι

2019 1959 2145 2012 ures,
2230 1944 2484 2000 humana:
2550 1940 2713 1998 etiam
2796 1949 3086 1997 renovator
3149 1941 3220 1997 ob
3297 1955 3572 1995 summam

298 2041 460 2095 νιστά
480 2039 550 2093 δι’
578 2039 756 2107 ἄκραν
784 2031 1223 2105 φιλανθρωπίαν,
1256 2031 1401 2102 ὑπὲρ
1425 2026 1494 2103 ἦς
1525 2034 1658 2103 ἡμῖν
1680 2032 1851 2103 σαρκδ

2023 2034 2424 2101 υιηεῐιὶιεῑεω,
2459 2049 2554 2105 per
2586 2048 2751 2105 quam
2805 2033 3095 2089 nobiscum
3114 2033 3311 2089 carnis
3340 2042 3393 2088 et
3452 2048 3576 2088 san-

299 2136 399 2187 καὶ
428 2132 660 2201 αἵματος
694 2123 1090 2195 ἑκοινώνησας,
1138 2123 1236 2177 καὶ
1272 2122 1373 2193 τὴν
1401 2123 1714 2194 ἀπόρρητον
1744 2124 1852 2178 ὶκει

2020 2128 2173 2189 :uinis
2231 2126 2593 2198 participasti,
2643 2132 2698 2181 et
2752 2123 3090 2180 iudicihilem
3153 2123 3301 2179 illam
3361 2130 3414 2178 et
3476 2138 3573 2177 su-

308 2243 413 2296 νην
460 2223 556 2277 καὶ
610 2218 870 2290 ὑπερφυᾶ
911 2214 1177 2287 μετῆλθες
1224 2214 1537 2286 οἰκονομίαν
1578 2215 1861 2286 ἀχράντως

2021 2219 2400 2275 eruaturalem
2470 2216 2622 2273 inisti
2682 2217 3148 2285 dispensationem
3202 2215 3574 2270 immaculate.

304 2318 357 2372 ει
389 2316 490 2381 τὰς
522 2314 686 2384 ἁγίας
731 2311 829 2366 καὶ
858 2308 1292 2381 ύπερουρανίους
1322 2307 1581 2379 δυνάμεις
1630 2308 1857 2363 οὐδέποτ

2024 2311 2049 2366 ii
2088 2319 2307 2367 sanctas
2363 2318 2418 2366 et
2467 2309 2886 2380 supercoslestes
2938 2314 3239 2377 potestates
3300 2320 3577 2374 nunquam

302 2409 519 2474 ἐλαϐεν,
567 2405 691 2461 οὒτε
742 2403 973 2475 λήψεται
1009 2402 1195 2471 κόρος,
1253 2398 1391 2454 ἀλλά
1435 2400 1855 2455 ἀκαταπαύστοι

2083 2404 2134 2458 ιίι
2156 2418 2257 2461 nec
2283 2403 2460 2473 capiet
2485 2402 2730 2466 satietas,
2786 2400 2879 2456 sed
2909 2397 3324 2455 incessabilibus
3350 2397 3578 2452 vocibus
3632 2448 3636 2453 .

302 2503 516 2571 φωναῖς
573 2500 788 2569 νοεραῖς
849 2492 1149 2565 άνυμνοῦσι
1203 2493 1265 2547 τὸ
1320 2494 1629 2563 μεγαλεῖον,
1664 2495 1759 2548 καὶ
1789 2494 1855 2565 τὴ

2024 2495 2415 2565 ntelligihilibus
2440 2494 2665 2550 laudant
2685 2492 3143 2562 magniﬁcentiam
3160 2501 3215 2548 et
3233 2492 3577 2563 splendorem

302 2590 671 2662 λαμπρότητα
691 2590 790 2657 τῆς
813 2586 1078 2656 Θεότητός
1110 2599 1227 2652 σου,
1252 2585 1394 2639 διατί
1416 2588 1583 2656 ⁴ἡμεῖς
1613 2586 1663 2639 οἱ
1693 2603 1855 2640 ταπει

2028 2588 2292 2643 ivinitatis
2343 2595 2471 2653 tuae,
2508 2602 2606 2640 cur
2662 2601 2763 2641 nos
2796 2585 3032 2640 humiles
3062 2595 3125 2666 ,ει
3153 2592 3442 2657 terrestres
3464 2599 3577 2639 ser-

302 2687 395 2739 νοὶ
418 2684 514 2736 καὶ
542 2683 723 2751 γήϊνοι
750 2679 927 2733 δοῦλοί
958 2696 1077 2745 σου,
1110 2680 1160 2732 οί
1203 2678 1403 2747 ὠνητοὶ
1441 2677 1540 2731 τοῦ
1574 2678 1759 2748 τιμίου
1795 2695 1855 2732 σο

2029 2682 2043 2735 i
2079 2680 2180 2743 tui,
2202 2679 2331 2735 emti
2360 2678 2599 2748 pretioso
2625 2686 2719 2732 tuo
2745 2676 3032 2745 sanguine,
3060 2676 3435 2732 saturahimur
3465 2678 3582 2731 lau-

302 2774 589 2842 αῒματος,
635 2769 1091 2842 κορεσθησόμεθα
1144 2769 1239 2822 τοῦ
1293 2770 1485 2838 ὑμνεῖν
1540 2769 1750 2841 διανοίᾳ
1799 2788 1855 2823 κο

2025 2771 2177 2827 tando
2214 2781 2267 2827 te
2317 2780 2500 2825 mente
2528 2779 2584 2824 et
2618 2768 2758 2823 ore?
2786 2768 2852 2822 Et
2908 2768 2956 2824 si
3016 2768 3330 2824 humanitas
3371 2780 3462 2825 tua
3520 2778 3578 2823 et

300 2867 549 2934 στόματι
576 2880 590 2930 ;
616 2864 725 2916 Καὶ
753 2862 803 2915 εί
831 2863 865 2929 ἡ
897 2859 1278 2931 φιλανθρωπία
1306 2876 1400 2913 σου
1429 2860 1522 2914 καὶ⁵
1544 2863 1577 2931 ἡ
1611 2862 1770 2932 χάρις
1798 2878 1853 2915 σο

2025 2864 2165 2924 ;ratia
2220 2872 2313 2918 tua
2376 2861 2760 2917 insatiabiliter
2834 2862 2948 2929 agit
2998 2861 3055 2915 in
3106 2862 3267 2917 nobis
3321 2877 3352 2916 a
3419 2877 3578 2916 unane

297 2956 624 3026 ἀκορέστως
657 2956 876 3023 ἐνεργεῖ
906 2955 964 3006 ἐν
996 2954 1151 3023 ἡμῖν,
1185 2953 1295 3006 ἀπὸ
1339 2954 1556 3023 πρωῖας
1585 2954 1677 3006 ἐπὶ
1724 2954 1850 3007 ἑσπέ

2022 2957 2068 3011 ιιι
2096 2963 2537 3025 vesperam,eta
2589 2968 2817 3023 vespera
2845 2955 2909 3008 ad
2963 2952 3196 3008 alterum
3248 2969 3429 3017 mane,
3479 2971 3575 3009 cur

305 3066 446 3120 ραν,
504 3050 597 3102 καὶ
646 3048 752 3101 ἀπὸ
808 3046 1047 3118 ἑσπέρας
1098 3047 1181 3114 ἐφ’
1217 3046 1409 3116 ἑτέραν
1466 3048 1703 3117 πρωῖαν,
1754 3047 1858 3100 διαοι

2022 3062 2105 3104 tos
2134 3062 2240 3103 non
2270 3048 2322 3101 in
2344 3046 2537 3114 spatiis
2566 3045 2945 3101 determinatis
2974 3045 3179 3115 gratias
3214 3046 3433 3116 agimus
3477 3047 3575 3101 tibi

304 3142 470 3210 ἡμεῖς
502 3140 604 3193 οὐκ
638 3140 697 3191 ὲν
720 3138 1097 3209 διαστήμασιν
1130 3138 1461 3209 ὡρισμένοις
1497 3138 1857 3211 εὐχαριστήσι

2025 3141 2335 3198 »εηοῐιιοιοτί
2364 3140 2592 3196 nostro?
2620 3139 2732 3195 Sed
2758 3153 2919 3209 parce
2952 3139 3133 3206 nobis,
3158 3139 3398 3201 Christe.
3436 3142 3578 3195 bone

312 3234 415 3302 μέν
445 3250 530 3302 σοι
583 3232 662 3302 τῷ
691 3231 958 3302 εἰιεργὲτῃ
1005 3232 1203 3302 ﬁeri»);
1238 3230 1400 3284 Ἀλλὰ
1430 3231 1704 3301 σύγγνωθι
1735 3234 1865 3304 ἡμῖν

2024 3236 2185 3299 uidex,
2223 3234 2484 3303 quoniam
2518 3234 2741 3302 sequela
2768 3231 3089 3302 temporalis
3140 3229 3302 3300 hujus
3329 3232 3473 3298 vitae,
3520 3242 3574 3289 et

304 3325 515 3394 Χριστὲ
539 3324 879 3394 εύδιάκριτε,
909 3325 994 3378 ὅτι
1027 3325 1061 3394 ή
1098 3323 1395 3377 ἀκολουθῐα
1426 3325 1521 3390 τῆς
1554 3325 1857 3396 προσκαίρο

2113 3328 2358 3383 essitates
2392 3335 2621 3392 naturae,
2646 3336 2699 3382 et
2723 3330 2858 3382 ordo
2894 3325 3003 3393 hic,
3029 3325 3081 3380 in
3107 3341 3267 3397 quem
3299 3340 3398 3381 nos
3444 3341 3578 3383 con-
3662 3342 3666 3351 ‘

303 3419 514 3487 ταύτης
540 3416 687 3487 ζωῆς
717 3419 813 3473 καὶ
834 3418 889 3471 αί
914 3416 1153 3485 ἀνάγκαι
1175 3418 1278 3486 τῆς
1306 3417 1523 3485 φύσεως
1553 3418 1707 3490 atati]
1742 3418 1856 3485 τάξι

2022 3421 2224 3477 .titutos
2253 3434 2376 3475 esse
2412 3419 2654 3485 voluisti,
2694 3418 2966 3484 dividunt,
2994 3427 3046 3474 et
3078 3434 3182 3474 non
3223 3417 3411 3473 sinunt
3456 3418 3575 3473 ani-

304 3509 473 3577 αὑτὴ,
527 3510 604 3572 είς
641 3511 708 3577 ἣν
738 3510 886 3579 ἡμᾶς
933 3509 1202 3579 ταχθῆναι
1229 3509 1523 3578 ἠθέλησας,
1574 3510 1857 3581 μερίζουσι

2024 3515 2337 3570 nadvertere
2386 3522 2439 3568 te
2477 3511 2871 3579 indesinenter,
2908 3520 2960 3567 et
2990 3511 3172 3584 lingua
3205 3512 3428 3567 intacite
3463 3513 3577 3567 lau-

306 3604 405 3657 καὶ
440 3602 542 3655 οὐκ
593 3600 758 3655 ἐῶσιν
789 3602 1084 3656 ἀναπολεῖν
1122 3618 1181 3655 σε
1214 3601 1582 3666 ἀδιαλείπτως
1612 3603 1755 3656 κατά
1802 3603 1859 3655 τ’.

2020 3606 2151 3661 lare.
2187 3603 2251 3659 Et
2284 3612 2508 3674 propter
2542 3605 2647 3659 hoc
2675 3613 2940 3674 tanquam
2972 3603 3243 3671 primitias
3311 3608 3573 3672 quasdam

305 3695 457 3758 νοῦν,
489 3695 583 3750 καὶ
606 3695 695 3747 διὰ
722 3694 823 3763 τῆς
852 3693 1101 3765 γλώττης
1131 3695 1412 3765 ἀσιγήτως
1435 3696 1647 3763 ὑμνεῖν.
1674 3697 1783 3751 Καὶ
1806 3694 1854 3747 δι

2021 3699 2323 3753 liurnarum
2361 3698 2747 3767 cogitationum
2792 3705 2850 3752 et
2900 3696 3192 3752 verborum
3242 3707 3574 3757 nostrorum,

272 3784 470 3867 ἰτοῦτο
506 3786 582 3849 ὡς
612 3787 872 3856 ἀπαρχήν
921 3801 1045 3839 τινα
1088 3786 1200 3839 τῶν
1231 3786 1551 3857 ἡμερησίων
1602 3787 1825 3857 vomuit:

2026 3792 2330 3846 natutinum
2366 3799 2421 3845 et
2473 3790 2839 3846 meridianum
2877 3798 2931 3845 et
2982 3790 3352 3859 vespertinum
3409 3787 3579 3842 addu-

305 3881 405 3935 καὶ
441 3879 703 3950 ῥημάτων
730 3878 888 3948 ἡμῶν
933 3877 1034 3949 τὴν
1066 3879 1315 3950 πρωῖνὴν
1366 3883 1461 3934 καὶ
1507 3880 1858 3951 μεσημϐρινὴ

1020 3879 1315 3950 ιπρωῖνὴν
1366 3883 1461 3934 καὶ
1507 3880 1893 3951 μεσημϐρινὴν
1999 3886 2174 3940 cimus
2214 3883 2310 3939 tibi
2343 3882 2573 3938 cultum.

308 3970 407 4023 aut
439 3969 738 4041 ὲσπερινὴν
770 3968 1124 4040 προσάγομεν
1150 3986 1233 4023 σοι
1259 3970 1541 4041 λατρείαν.
2426 4016 2427 4019 η

382 4062 685 4133 Προσκυνῶ
715 4077 775 4115 σε
799 4061 1005 4127 τοίνυν,
1025 4061 1116 4116 τὸν
1138 4063 1275 4131 ἐμὸν
1301 4062 1637 4134 δημιουργὸν
1665 4064 1756 4116 καὶ
1783 4064 1896 4117 Πα-

2073 4063 2258 4118 Adoro
2307 4062 2477 4133 igitur
2508 4070 2581 4127 te,
2643 4076 2824 4117 meum
2872 4060 3212 4117 conditorem
3265 4068 3321 4114 et
3370 4068 3576 4129 patrem

305 4154 447 4222 τέρα
485 4154 584 4207 σὺν
624 4152 702 4223 τῷ
748 4152 971 4223 άνάρχῳ
1004 4168 1097 4206 σου
1150 4154 1347 4223 Πατρὶ,
1402 4154 1497 4208 καὶ
1530 4154 1608 4224 τῷ
1640 4152 1858 4218 ζωοποιι

2022 4170 2109 4210 tua
2160 4169 2283 4209 cum
2315 4152 2587 4223 innrigine
2618 4161 2713 4207 tuo
2743 4153 2906 4209 Patre
2945 4159 3001 4207 et
3035 4151 3263 4212 vitaetico
3316 4162 3371 4207 et
3411 4168 3575 4208 sanc-

304 4248 409 4300 καὶ
449 4245 704 4314 παναγίῳ
756 4261 850 4298 σου
906 4244 1212 4314 Πνεύματι.
1249 4244 1431 4299 Κλίνω
1477 4243 1609 4312 γόνυ
1665 4243 1857 4313 καρδία

2024 4248 2215 4307 issimo
2293 4260 2386 4302 tuo
2448 4243 2677 4316 Spiritu.
2747 4245 2956 4301 lnelino
3032 4259 3173 4315 genu
3248 4245 3430 4301 cordis
3519 4252 3574 4300 et

306 4339 407 4392 καὶ
443 4337 701 4407 σώματος
744 4336 885 4408 μετά
934 4337 1135 4407 φρίκης
1166 4338 1262 4390 καὶ
1298 4335 1506 4407 τρόμου
1550 4336 1633 4389 σο¹ι
1661 4335 1737 4403 τῷ
1764 4352 1859 4389 παι

2026 4340 2249 4411 :orporis
2288 4354 2418 4395 cum
2454 4340 2684 4394 horrore
2739 4348 2792 4395 et
2823 4349 3059 4395 tremore
3089 4339 3182 4393 tihi
3219 4334 3579 4409 omnipdtenti

305 4430 595 4499 τοδυνάμῳ
621 4432 715 4482 καὶ
749 4428 968 4499 φοϐερῷ
1003 4430 1097 4482 καὶ
1132 4429 1468 4499 ύπεραγάθῳ
1491 4428 1736 4500 Δεσπότῃ
1761 4446 1858 4498 μου

2025 4446 2059 4489 ιι
2100 4436 2380 4489 tremendo
2414 4443 2467 4490 et
2496 4433 2845 4490 sanctissimo
2895 4434 3129 4488 Domino
3164 4448 3321 4500 meo;
3376 4434 3578 4503 gratias

305 4520 622 4592 εὐχαριστὼ
656 4520 797 4590 ὑπὲρ
829 4520 1048 4574 πάντων
1070 4560 1085 4581 ,
1136 4512 1213 4574 ὧν
1262 4518 1529 4589 ἐποίησας
1584 4518 1677 4572 καὶ
1714 4520 1858 4571 ποιεῖ

2026 4544 2103 4598 ιεο
2162 4543 2258 4599 pro
2322 4528 2597 4594 omnibus,
2654 4545 2775 4600 quae
2850 4527 3024 4582 fecisti
3077 4537 3130 4581 et
3182 4526 3315 4581 facis
3371 4528 3422 4579 in
3472 4539 3579 4584 me.

304 4610 390 4678 είς
428 4616 550 4685 ἐμέ.
591 4615 672 4684 Τῇ
708 4614 852 4685 χειρί
879 4613 991 4667 -σού
1028 4630 1095 4684 με
1134 4612 1399 4680 ἔπλασας,
1428 4611 1505 4682 τῷ
1535 4611 1857 4683 ἐμφυσήμαι

2028 4621 2161 4676 lanu
2217 4632 2312 4676 tua
2374 4638 2462 4677 me
2496 4621 2769 4687 formasti,
2829 4632 2882 4677 et
2936 4621 3181 4675 anhelitu
3247 4632 3342 4673 tuo
3410 4621 3581 4673 vit-iti-

226 4710 229 4711 ⁷
306 4726 409 4763 σου
445 4707 725 4774 ὲζώωσας,
758 4709 825 4778 τῇ
854 4706 1084 4778 προνοίᾳ
1136 4723 1228 4759 σου
1280 4704 1600 4776 ἐξέθρεψας,
1652 4707 1718 4775 τῇ
1753 4723 1779 4775 χ

2024 4716 2185 4781 :asti,
2259 4714 2602 4783 providentia
2693 4725 2784 4769 tua
2860 4713 3151 4777 educasti,
3221 4725 3382 4765 manu
3487 4720 3577 4765 tua

308 4817 412 4856 σου
462 4802 564 4869 τὴν
591 4800 765 4871 ἀληθῆ
819 4799 1006 4854 πίστιν
1039 4798 1370 4869 ἔγνώρισας,
1403 4800 1519 4857 τοῖς
1572 4798 1861 4867 μυστηρίοι

2027 4823 2181 4862 'eram
2227 4808 2384 4861 fidem
2415 4816 2598 4861 notam
2659 4803 2872 4871 fecisti,
2932 4804 3205 4874 mysteriis
3252 4819 3423 4858 sacrae
3473 4813 3580 4859 tua:

312 4897 413 4966 τῆς
465 4894 618 4964 ἱερᾶς
668 4910 760 4947 σου
829 4890 1155 4962 Ἐκκλησίας
1215 4889 1694 4961 ὲπαιδαγὼγησας.
1745 4889 1865 4943 Ἐκό

2078 4898 2257 4952 οιθεὶω
2318 4894 2590 4961 erudiisti,
2667 4894 2874 4948 ornasti
2944 4908 3031 4948 me
3086 4905 3149 4947 et‘
3188 4895 3629 4983 temporalibus,1

310 4989 536 5059 σμησάς
571 5003 639 5056 με
673 4986 771 5039 καὶ
806 4986 920 5047 τοῖς
952 4984 1312 5053 προσκαίροις
1340 4983 1550 5042 τούτοις
1588 4982 1775 5044 καλοῖς
1798 4981 1863 5051 τῆ

2026 4991 2089 5045 iis
2128 4988 2285 5044 bonis
2309 4991 2561 5043 humana:
2614 4985 2915 5051 felicitatis,
2942 5002 2972 5042 a
2996 4987 3257 5057 periculis
3307 4989 3579 5056 liberasli,

309 5079 667 5151 ἀνθρωπίνης
693 5076 992 5148 εὐημερίας
1013 5090 1028 5106 ο
1056 5073 1319 5127 κινδύνων
1353 5074 1694 5145 ἀπήλλαξας,
1723 5074 1862 5125 νόσω

2021 5099 2031 5136 ι
2066 5081 2269 5136 morbis
2300 5079 2551 5144 elevasti,
2588 5079 2655 5134 ad
2702 5078 2836 5134 utile
2872 5079 3224 5135 invisibiliter
3250 5082 3520 5137 adduxisti
3561 5098 3574 5134 :

310 5173 607 5242 ἐξήγειρας
627 5187 642 5202 ·
700 5170 837 5240 πρὸς
862 5167 927 5221 τὸ
955 5165 1235 5237 συμφέρον
1269 5166 1517 5236 ἀοράτως
1564 5165 1856 5236 ὠδήγησας

2083 5175 2273 5229 beruas
2337 5182 2392 5227 et
2430 5171 2605 5238 foves,
2636 5180 2695 5227 ut
2718 5171 2928 5243 pullum
2972 5182 3147 5240 tuum,
3176 5184 3434 5246 tanquam
3468 5176 3579 5231 fac-
3624 5241 3636 5265 ‘

310 5265 588 5335 κυϐερνᾷς
650 5262 747 5318 καὶ
785 5259 1186 5331 περιθάλπεις,
1238 5257 1315 5322 ὡς
1374 5258 1590 5311 νοσσίον
1650 5274 1767 5321 σου,
1821 5258 1863 5309 ὼ

992 5259 1186 5323 λπεις,
1238 5257 1315 5322 ὡς
1374 5258 1590 5311 νοπσίον
1650 5274 1767 5321 σου.
1821 5258 1896 5321 ὡς
2001 5277 2179 5322 turam
2211 5267 2421 5322 amoris
2445 5266 2545 5322 tui.

312 5359 529 5428 ποίημα
560 5357 657 5426 τῆς
681 5355 905 5425 ἀγάπης
948 5368 1064 5406 σου.

398 5450 560 5503 Ἀλλά
609 5448 662 5500 τί
718 5448 811 5503 καὶ
842 5445 1028 5515 τολμῶ
1077 5442 1382 5512 διηγεῖσθαι
1428 5444 1526 5504 τὰς
1574 5441 1895 5511 εὐεργεσίας

2076 5445 2181 5501 Sed
2212 5446 2342 5514 quid
2374 5445 2534 5501 etiam
2562 5444 2743 5501 audeo
2772 5460 2998 5501 narrare
3026 5442 3287 5498 beneﬁcia
3323 5443 3454 5496 tua?
3487 5458 3579 5512 pe-

312 5558 455 5608 σου;
498 5539 734 5609 πέλαγός
796 5541 933 5591 εἰσιν
989 5535 1417 5605 ἁνεξάντλητον,
1481 5533 1640 5603 βυθὸς
1695 5532 1865 5585 ἀκειτά

2028 5554 2155 5608 agus
2182 5547 2313 5591 sunt
2342 5539 2753 5603 inexhaustum,
2784 5537 3124 5606 profunditas
3168 5536 3581 5605 indi-prehensi-

313 5648 545 5703 ληπτος.
580 5630 715 5700 ὕψος
743 5631 989 5701 ἀόρατον.
1025 5630 1100 5681 Ού
1144 5628 1333 5697 φθάνω
1373 5627 1775 5697 εὐχαριστῆσαι
1809 5626 1866 5678 δι.

2027 5630 2393 5696 »ἰΙίε,οΙιίιυάο
2425 5629 2738 5685 invisibilis.
2759 5628 2875 5683 Non
2904 5628 2983 5684 sic
3010 5628 3119 5682 cito
3146 5630 3348 5696 gratias
3380 5645 3481 5697 ago
3509 5632 3580 5683 oh

317 5730 381 5778 τὰ
430 5722 880 5795 προγεγενημένα
935 5722 1026 5775 καὶ
1079 5720 1489 5790 καταλαμϐάνει
1536 5736 1603 5788 με
1660 5719 1867 5789 ὁρμαθὺ

2025 5724 2296 5789 intefacta,
2324 5723 2453 5793 quin
2490 5719 2861 5791 depiehendat
2887 5735 2971 5775 me
2997 5720 3171 5775 series
3190 5722 3578 5777 beneﬁciorum

314 5816 651 5887 εὐεργεσιῶν
692 5814 1043 5885 καινοτέρων.
1096 5816 1205 5870 Καὶ
1242 5814 1376 5868 αὐτὸ
1425 5812 1483 5867 δὲ
1533 5812 1591 5864 τὸ
1642 5811 1867 5867 δύνασθε

2027 5830 2294 5886 novorum,
2327 5826 2381 5871 et
2413 5814 2514 5870 hoc
2544 5813 2743 5885 ipsum,
2780 5828 2938 5885 pOSSe
2960 5814 3165 5887 gratias
3191 5829 3373 5887 agere,
3404 5831 3580 5888 quan-
