3932 6458
401 386 500 446 5:17
1449 378 1828 440 GENNADII
1865 378 1954 438 (ΣΡ

2068 375 2538 436 ATRIARCH/E
3531 379 3621 442 528

403 505 517 548 tuin
545 496 744 548 donum
765 494 878 545 est!
909 488 952 544 Ο
975 503 1148 543 meam
1187 489 1551 544 humilitatem
1584 490 1597 542 !
1624 487 1669 544 0
1697 498 1843 542 tuam
1882 487 1956 541 bo

2085 504 2151 558 με
2182 488 2552 558 ευχαριστεῖν,
2589 486 2816 556 πηλίκον
2861 486 3033 556 δῶρόν
3071 489 3251 549 sam;
3292 491 3353 542 Ὠ
3389 490 3474 559 τῆς
3500 494 3619 560 ἐμῆς

399 585 662 639 nitatem!
699 584 953 652 quoniam
982 581 1129 650 quod
1159 583 1334 636 solum
1375 583 1545 634 habeo
1584 595 1682 650 pro
1717 581 1952 633 ouiniliu:

2083 579 2466 647 ταπεινότητος
2488 593 2502 608 °
2533 576 2579 630 ὣ
2606 578 2706 647 τῆς
2737 578 2837 646 σῆς
2869 577 3231 649 ἀγαθότητος,
3277 580 3359 633 ὅτι
3405 579 3433 634 ὃ
3475 585 3619 651 μόνον

400 679 594 733 ail'erre
649 676 744 730 tibi
787 675 1082 742 gratiarum
1121 675 1392 728 actionem
1419 683 1471 726 et
1503 673 1816 738 latidetn,et
1875 673 1953 726 Ιιυ‹

2095 669 2226 738 ἔχω,
2261 671 2382 723 ἀντὶ
2432 662 2654 724 πάντων
2695 669 3029 740 προσφέρειν
3063 687 3144 723 σοι
3175 671 3512 742 εὐχαριστίαν
3541 679 3626 730 καὶ

401 782 554 827 tuum
587 779 669 825 est
703 784 922 823 munus.
954 765 998 822 Ο
1029 768 1287 822 invictum
1345 779 1586 819 atumem
1618 775 1770 820 tuum
1795 806 1812 828 ,
1839 779 1954 834 quo

2084 761 2276 831 ὕμνον,
2323 761 2417 816 καὶ
2447 761 2606 816 τοῦτο
2637 764 2731 814 σόν
2773 761 2888 814 ἐστι
2918 759 3113 829 δῶρον.
3150 761 3215 814 Ὃ
3244 762 3343 830 τῆς
3375 764 3625 836 ὑπερσαλ-

399 867 545 918 niam
575 876 765 916 omnes
801 857 1181 913 miliietl'udisti
1199 857 1414 912 divitias
1433 857 1698 912 bonorum
1721 867 1934 912 tuorum

2082 852 2279 923 λούσης
2325 853 2546 922 ἀγάπης
2596 868 2713 916 σου,
2773 851 2857 905 ὅτι
2908 853 3084 904 πάντα
3142 870 3230 918 μοι
3291 855 3502 925 ἐξέχεας
3540 864 3621 914 τιν

321 935 336 990 ἶ
400 950 720 1008 solamnovi
743 949 1036 1019 legitimam
1061 949 1354 1017 gratiarum
1387 947 1674 1012 actionem,
1702 948 1874 1015 implel

2083 943 2319 999 πλοῦτον
2348 944 2460 997 τῶν
2495 944 2718 1010 ἀγαθῶν
2750 959 2868 1000 σου.
2904 943 3049 998 Μίαν
3078 941 3197 999 οῖδα
3225 948 3444 1017 γνησίαν
3472 952 3618 1020 saxa-

401 1060 522 1098 ncin
562 1042 898 1095 voluntatum
945 1040 1189 1092 tuarum.
1227 1039 1331 1092 Sed
1364 1039 1408 1092 si
1441 1040 1512 1092 sit
1542 1039 1768 1108 spiritus
1793 1055 1954 1108 proni

2083 1035 2298 1105 ριστίαν
2327 1037 2425 1104 τὴν
2469 1036 2822 1105 ὺιπλήρωσιν
2851 1036 2959 1088 τῶν
2987 1036 3311 1106 θελημάτων
3360 1056 3483 1093 σουο
3519 1044 3622 1096 ἀλλ’

400 1146 546 1205 plus,
573 1149 701 1188 caro
731 1132 946 1187 inﬁrma
985 1141 1085 1187 est.
1106 1131 1184 1184 Tu
1213 1133 1336 1193 hoc,
1363 1130 1609 1192 Domine,
1640 1131 1847 1195 dixi9ti,
1877 1147 1953 1185 set

2081 1127 2178 1180 ἰὰν
2219 1122 2473 1200 μὲνῇτδ
2525 1127 2740 1196 πνεῦμα
2788 1126 3091 1196 πρόθυμον,
3154 1129 3182 1198 ἡ
3233 1127 3368 1198 σὰρξ
3415 1132 3621 1200 ἀσθενής

399 1225 774 1294 prouiptitudo
805 1225 1038 1293 ‘spiritns
1081 1223 1545 1291 extemporalibus
1601 1225 1952 1293 exsnnguitui

2079 1219 2221 1274 ἐστι.
2254 1221 2328 1273 Σὺ
2356 1215 2536 1284 τοῦτο,
2567 1219 2762 1290 Κύριε,
2798 1216 2961 1284 εἴπας
2985 1239 2999 1252 ο
3046 1223 3079 1292 ἡ
3129 1221 3188 1276 δὲ
3231 1223 3500 1294 προθυμία
3537 1228 3619 1281 τοῦ

398 1321 841 1389 cogitationibus.
870 1318 974 1373 Sed
1003 1332 1081 1381 ιιι,
1119 1317 1370 1384 Domine,
1405 1327 1600 1387 potens
1627 1332 1686 1371 es
1722 1316 1893 1378 solus,
1920 1334 1948 1367 ι’

2081 1312 2393 1379 πνεύματος
2421 1313 2484 1365 ὲκ
2511 1311 2625 1365 τῶν
2645 1312 2998 1382 προσκαίρων
3031 1311 3315 1366 σϐέννυται
3346 1315 3619 1387 λογισμῶν.

397 1413 734 1466 voluntatem
772 1411 1070 1466 accendere
1121 1422 1175 1465 ct
1218 1425 1442 1464 carnem
1504 1407 1818 1462 fortiﬁcare.
1880 1405 1950 1458 Sit

2097 1403 2256 1457 Ἀλλὰ
2293 1404 2380 1470 σὺ,
2408 1403 2603 1473 Κύριε,
2622 1402 2842 1464 δυνατὸς
2872 1398 2922 1455 εἷ
2959 1402 3117 1471 μόνος
3141 1406 3234 1456 καὶ
3262 1404 3359 1475 τὴν
3391 1410 3625 1480 προαιρε.

398 1503 604 1570 gratias
626 1516 781 1570 agam
817 1501 1076 1569 legitime,
1137 1502 1180 1556 si
1245 1499 1408 1554 simul
1462 1498 1797 1568 adjungatur
1854 1511 1951 1548 me:

2083 1512 2168 1548 σιν
2197 1495 2444 1563 ἀνάψαι,
2507 1495 2602 1547 καὶ
2653 1495 2752 1565 τὴν
2804 1494 2982 1564 σάρκα
3033 1495 3426 1564 ἑνδυναμῶσαι.
3461 1498 3625 1564 Οὕτως

398 1595 652 1647 voluntas
675 1609 799 1648 cum
835 1594 1109 1648 voluntate
1145 1602 1258 1657 tua,
1288 1592 1408 1648 etsi
1443 1599 1618 1645 totum
1657 1605 1836 1645 meum
1878 1603 1951 1641 (‘01

2079 1586 2462 1657 εὐχαριστήσω
2486 1586 2744 1656 γνησίως,
2777 1587 2874 1639 ἐὰν
2911 1589 3159 1656 συναφθῇ
3196 1605 3300 1656 μου
3329 1590 3361 1660 ἡ
3390 1589 3622 1662 βούλησις

402 1683 867 1753 conglutinabitui
911 1683 1087 1738 amori
1125 1693 1239 1748 tuo,
1271 1690 1325 1736 et
1352 1682 1434 1737 sic
1465 1682 1692 1750 dignare
1718 1693 1804 1732 me
1848 1693 1955 1747 gra-

2078 1678 2158 1747 τῷ
2187 1677 2456 1747 θελήματι
2491 1695 2608 1740 σου,
2650 1678 2746 1730 καὶ
2771 1678 2868 1731 ἐὰν
2895 1680 2992 1749 ὅλη
3036 1695 3138 1747 μου
3183 1681 3219 1748 ἠ
3265 1680 3454 1749 καρδία
3480 1699 3627 1752 προσ-

402 1776 506 1830 tias
536 1789 700 1844 agere
727 1774 842 1837 tibi,
875 1771 1086 1828 Christe
1119 1787 1233 1836 rex,
1266 1771 1366 1826 Fili
1385 1770 1589 1826 amoris
1619 1770 1804 1832 Dei,et
1831 1766 1955 1822 Deut

2079 1769 2313 1840 κολληθῇ
2345 1771 2410 1840 τῇ
2446 1770 2635 1840 ἀγάπῃ
2676 1787 2795 1825 σου.
2835 1771 2941 1823 Καὶ
2975 1769 3150 1832 οὓτως
3179 1771 3412 1837 ἀξίωσόν
3457 1789 3520 1842 με
3549 1775 3625 1827 εὖ·

400 1869 554 1922 valde
583 1869 742 1922 boue.
767 1867 873 1922 Sed
899 1866 1028 1934 quid
1073 1866 1266 1934 loquar
1293 1864 1360 1918 ad
1418 1874 1471 1918 te
1523 1877 1622 1933 pro
1710 1860 1953 1916 liodierii:

2079 1862 2360 1932 χαριστεῖν
2394 1877 2500 1924 σοι,
2534 1862 2736 1930 Χριστὲ
2764 1860 3011 1932 βασιλεῦ,
3044 1862 3138 1914 Υἱὲ
3168 1862 3272 1931 τῆς
3313 1864 3522 1935 ἀγάπης
3543 1867 3623 1919 τοῦ

401 1960 528 2016 die?
563 1960 704 2028 Quid
739 1967 921 2014 autem
959 1973 1062 2027 pro
1087 1953 1526 2020 crastinaiouid
1563 1954 1765 2009 bonum
1796 1951 1954 2005 volaii

2079 1953 2240 2019 Θεοῦ,
2273 1953 2370 2007 καὶ
2400 1954 2502 2008 Θεὶ
2550 1953 2891 2025 ὑπεράγαθε.
2941 1955 3104 2010 Ἀλλὰ
3156 1956 3214 2009 τί
3263 1957 3476 2028 λαλήσω
3507 1962 3626 2030 πρ³ς

405 2056 535 2111 inibi
569 2052 714 2125 quod
747 2068 857 2106 non
877 2061 932 2104 tu
969 2051 1053 2104 vis
1087 2049 1168 2104 vel
1199 2058 1326 2102 ante
1366 2047 1489 2102 me?
1546 2045 1614 2102 Et
1665 2046 1790 2114 quis
1843 2045 1958 2098 vidi

2082 2048 2142 2101 σὲ
2178 2048 2318 2118 ὑπὲρ
2345 2051 2446 2117 τῆς
2482 2047 2759 2118 σήμερονς
2787 2048 2840 2101 τί
2881 2049 2938 2102 δὲ
2987 2049 3130 2118 ὑπὲρ
3161 2051 3264 2118 τῆς
3311 2051 3522 2123 αὕριον;
3568 2056 3624 2108 Τί

409 2165 590 2203 meum
626 2148 828 2201 bonum
860 2144 1035 2213 magis
1064 2157 1226 2212 quam
1263 2142 1356 2196 tu?
1385 2141 1464 2195 Tu
1509 2141 1660 2195 solus
1684 2140 1962 2209 cognoscit

2077 2138 2288 2206 ἀγαθὸν
2321 2137 2657 2208 βουλήσομαι
2709 2139 2931 2209 ἐμαυτῷ
2965 2140 3102 2212 ὅπερ
3134 2143 3197 2195 οὐ
3234 2143 3298 2196 σὺ
3335 2143 3503 2212 βούλει
3542 2147 3625 2199 καὶ

298 2242 304 2248 ’
393 2254 450 2296 ct
477 2243 561 2295 vis
592 2255 718 2294 vere
753 2252 934 2291 meum
967 2237 1196 2298 bonutn,
1230 2235 1374 2304 quod
1404 2235 1570 2289 etiam
1599 2234 1749 2288 solus
1793 2233 1847 2301 ip

2082 2230 2190 2298 πρὸ
2225 2229 2360 2299 ἐμοῦ
2386 2246 2400 2293 ;
2429 2230 2524 2283 καὶ
2547 2230 2630 2291 τίς
2657 2225 2765 2283 οἶδε
2795 2233 2855 2284 τὺ
2887 2234 3022 2300 ἐμὴν
3052 2234 3260 2302 ἀγαθὸν
3280 2234 3339 2298 ὃς
3369 2240 3455 2289 καὶ
3484 2239 3624 2305 μόνος

412 2334 594 2387 facere
627 2341 803 2400 petes.
867 2329 932 2382 Et
973 2337 1187 2382 tacente
1214 2327 1381 2395 igitur
1429 2341 1518 2381 me
1572 2326 1739 2380 iacies
1795 2339 1965 2379 meum

2084 2321 2218 2374 αὐτὸ
2248 2325 2426 2375 ποιεῖν
2470 2321 2736 2388 δύνασαι;
2781 2323 2888 2376 Καὶ
2925 2325 3243 2390 σιωπῶντος
3293 2327 3465 2382 τοίνυν
3505 2327 3626 2397 ἐμοῦ

327 2471 332 2476 .
401 2427 644 2479 bonum:
685 2422 732 2474 si
768 2435 898 2474 vero
926 2427 982 2472 et
1021 2432 1183 2487 prece
1214 2432 1355 2487 opus
1392 2427 1496 2485 est,
1530 2417 1598 2470 ad
1627 2428 1776 2472 tuam
1820 2417 1880 2471 ὺιι

2081 2416 2336 2485 ποιήσεις
2367 2415 2430 2468 τὸ
2478 2415 2609 2485 ἐμὸν
2649 2415 2878 2483 ἀγαθόν.
2913 2418 2972 2469 Εἰ
3001 2419 3060 2472 δὲ
3109 2420 3210 2472 καὶ
3256 2421 3629 2491 παρακλήσεως

399 2525 566 2568 tatem
598 2522 857 2582 precatur
891 2524 988 2577 pro
1023 2521 1111 2561 nie
1141 2505 1952 2577 mysteriumadministrationi:

2081 2509 2242 2579 χρεία
2293 2509 2431 2579 πρὸς
2481 2509 2580 2578 τὴν
2629 2509 2728 2577 σὴν
2760 2509 3116 2580 ἀγαοότητα,
3165 2513 3459 2582 πρεσσεύει
3505 2513 3625 2582 ὑπὲρ

399 2617 528 2670 tum,
555 2616 609 2661 et
642 2619 767 2674 qua:
796 2589 1043 2670 suscepit
1076 2609 1128 2654 te
1170 2599 1339 2654 clavis
1381 2600 1547 2654 Iixum
1583 2613 1744 2659 crux.
1775 2609 1829 2654 et
1855 2613 1952 2667 qua

2079 2599 2216 2670 ιμοῦ
2250 2599 2312 2652 τδ
2343 2600 2639 2669 μυστήριον
2671 2600 2768 2667 τῆς
2815 2601 3126 2668 οἰκονομίας
3170 2618 3290 2662 σου,
3335 2606 3426 2655 καὶ
3448 2605 3473 2655 6
3497 2604 3628 2669 διξά-

397 2693 889 2768 superuaturaliter
914 2692 1138 2749 servivit
1171 2693 1432 2762 mysterio
1478 2692 1818 2748 sanctissima
1857 2707 1950 2762 per

2085 2691 2246 2760 μενός
2276 2709 2336 2744 σε
2377 2691 2803 2760 προσηλωθὲντα
2854 2692 3108 2762 σταυρὸς,
3149 2696 3312 2766 καὶή
3356 2695 3626 2765 ὑπερφυῶς

398 2790 748 2844 immaculata
818 2785 973 2854 virgo
1011 2792 1066 2839 et
1127 2793 1304 2838 mater
1335 2793 1450 2849 tua,
1484 2794 1536 2839 et
1567 2785 1812 2839 cmlestis
1864 2785 1949 2839 dis

2081 2785 2480 2852 ὑπουργήσασα
2530 2783 2610 2853 τῷ
2663 2784 2950 2854 μυστηρίῳ
2979 2786 3232 2853 παναγία
3279 2788 3622 2857 ὑπεράμωμος

399 2883 620 2952 ciplinte
647 2891 705 2935 et
743 2880 866 2935 vita:
901 2888 1004 2934 tua:
1029 2877 1381 2933 aemulatores
1403 2876 1625 2947 legitimi
1645 2875 1770 2932 facti
1802 2893 1952 2946 usqut

2083 2877 2361 2946 Παρθίνος
2397 2875 2492 2928 καί
2528 2877 2710 2944 μήτηρ
2746 2892 2863 2939 σου,
2897 2878 2990 2930 καὶ
3021 2879 3068 2930 oi
3102 2879 3207 2947 τῆς
3235 2881 3480 2948 οὐρανίου
3505 2879 3629 2934 διδι·

395 2976 464 3033 ad
497 2981 754 3030 mortem.
2081 2972 2307 3035 σκαλίας
2341 2973 2436 3025 καὶ
2470 2971 2746 3035 πολιτείας
2776 2989 2869 3026 σου
2902 2973 3144 3043 ζηλωταὶ
3181 2977 3390 3048 γνήσιοι
3423 2993 3624 3049 γεγενηο

2081 3065 2233 3131 μένοι
2266 3065 2428 3134 μέχρι
2459 3063 2714 3122 θανάτου.

471 3154 577 3210 Tot
609 3152 772 3223 igitur
808 3148 1164 3218 precantibus
1193 3162 1291 3217 pro
1321 3160 1407 3202 me
1443 3146 1657 3216 aperies
1699 3155 1748 3199 et
1791 3146 1970 3208 hodie,
2012 3191 2024 3242 ⁴

2157 3155 2445 3208 Τοσούτων
2486 3155 2666 3208 τοίνυν
2695 3145 3108 3226 πρεσϐευόντων
3137 3159 3284 3228 ὑπὲρ
3317 3159 3468 3230 ἐμοῦ,
3503 3162 3627 3215 ἀνοί-

401 3257 460 3303 ut
494 3246 662 3308 soles,
687 3261 908 3297 manuni
941 3252 1115 3306 tuam,
1141 3252 1196 3295 et
1230 3238 1480 3310 iuiplcbis
1505 3254 1590 3294 me
1617 3238 1772 3293 bona:
1797 3236 1954 3291 Voluit

2091 3247 2202 3311 ξεις
2230 3247 2326 3298 καὶ
2361 3247 2601 3315 σήμερον
2641 3245 2888 3317 συνήθως
2933 3247 3033 3317 τὴν
3071 3250 3233 3317 χεῖρά
3264 3267 3378 3316 σου,
3423 3253 3508 3304 καὶ
3547 3253 3628 3322 ίμ-

398 3339 546 3405 tatis,
563 3351 619 3394 et
643 3346 886 3406 proteget
909 3350 994 3388 me
1015 3335 1199 3389 dextra
1228 3341 1336 3387 tua.
1365 3330 1420 3386 Si
1455 3343 1634 3388 autem
1683 3330 1951 3400 impediuii

2091 3338 2319 3406 πλήσιις
2373 3354 2440 3407 με
2485 3337 2753 3401 εὐδοκίας,
2789 3340 2883 3392 καὶ
2914 3327 3273 3410 ἀντιλήψεται
3303 3361 3404 3412 μου
3448 3343 3631 3413 ἡδεξιά

401 3430 606 3483 [autem
631 3425 989 3479 humanitatis
1021 3433 1126 3477 tua
1171 3430 1393 3491 peccata
1438 3436 1579 3484 mea,
1615 3428 1796 3474 tamen
1864 3419 1950 3471 del

2091 3445 2210 3484 σου.
2261 3429 2320 3481 Et
2366 3428 2423 3481 δὲ
2466 3427 2746 3496 ἐμποδίζει
2793 3430 2860 3498 τῇ
2909 3432 3058 3499 πηγῇ
3109 3430 3215 3500 τῆς
3247 3431 3631 3500 φιλανθρωπίας

399 3520 538 3583 haec,
572 3516 812 3584 despiie,
854 3528 1036 3583 parce,
1067 3513 1350 3567 mittantur
1375 3513 1426 3564 in
1451 3511 1742 3564 oblivionis
1762 3509 1952 3578 proi’un

2091 3537 2188 3576 σου
2237 3520 2305 3573 τὰ
2354 3520 2735 3590 ἁμαρτήματά
2789 3537 2915 3590 μου.
2972 3521 3106 3574 ἀλλὰ
3149 3524 3462 3593 “dicidici!
3493 3525 3631 3586 αὐτὰ,

399 3613 648 3666 ditatem.
690 3607 842 3676 Opus
871 3605 1157 3660 assiduum
1199 3605 1317 3666 tibi,
1345 3603 1570 3676 Christe
1620 3617 1741 3663 rex,
1786 3602 1952 3655 remis

2091 3611 2303 3681 πάριδε,
2339 3611 2645 3681 σύγγνωθι·
2677 3611 3086 3682 πεμφθήτωσαν
3134 3616 3218 3676 είς
3268 3614 3432 3686 λήθης
3473 3615 3627 3684 βυθόν.

398 3705 483 3759 sio
518 3711 891 3772 peccatorum,
918 3698 1176 3768 quoniam
1211 3697 1524 3751 intellectus
1557 3705 1742 3750 n0ster
1804 3694 1948 3747 liomi

2093 3704 2293 3774 Ἔργον
2323 3704 2666 3758 ἀδιάλειπτόν
2699 3721 2808 3767 σοι,
2841 3705 3045 3775 Χριστδ
3095 3706 3347 3776 βασιλεῦ,
3387 3710 3421 3778 η
3461 3708 3629 3777 ἄφεσις

403 3810 532 3848 num
571 3791 793 3846 acutius
843 3789 1051 3844 lumine
1113 3798 1196 3842 est
1242 3789 1580 3850 discurrens,
1637 3796 1693 3840 et
1756 3785 1956 3838 verbuii

2088 3796 2195 3848 τῶν
2223 3795 2734 3866 πλημμελημάτων,
2775 3798 2858 3850 ὅτι
2903 3799 2936 3868 ἡ
2981 3799 3192 3853 διάνιια
3242 3801 3397 3869 ὴμῶν
3422 3803 3523 3856 τῶν
3548 3801 3631 3854 ἀν·

403 3885 678 3941 ludicrum
715 3894 768 3960 et
799 3898 962 3950 opera
1003 3881 1209 3934 silvosa
1243 3890 1383 3933 etes
1421 3880 1654 3932 obscura
1703 3877 1804 3932 liae
1856 3877 1944 3948 piii

2088 3888 2323 3960 θρῶπων
2365 3889 2620 3959 ὀξύτερον
2673 3893 2850 3959 φωτός
2899 3893 3018 3945 ἐστι
3067 3892 3448 3965 διατρέχουσα,
3490 3893 3572 3949 καὶ
3607 3892 3632 3944 ὁ

401 3979 673 4049 guedine:
712 3985 766 4031 et
793 3984 1081 4045 propterea
1133 3988 1240 4026 non
1304 3970 1630 4039 gloriabitur
1696 3984 1880 4022 coram
1929 3976 1954 4021 tn

2087 3981 2242 4048 λόγος
2277 3980 2584 4050 ὀλισθηρὸς,
2626 3983 2721 4034 καὶ
2767 3984 2836 4034 τὰ
2867 3983 3005 4053 ἔργα
3038 3984 3240 4054 ὑλώδη,
3277 3988 3372 4039 καὶ
3401 3987 3494 4056 τῆς
3527 4001 3631 4038 ctu»

397 4072 584 4128 omnis
611 4085 764 4124 caro.
795 4068 874 4122 Tu
909 4077 1095 4122 autem
1134 4065 1305 4130 solus,
1328 4063 1575 4128 Domine,
1604 4078 1772 4132 purus
1797 4072 1849 4116 et
1883 4061 1950 4114 ini

2087 4073 2264 4142 τεινῆς
2299 4072 2505 4140 ταύτης
2545 4073 2876 4143 παχύτητος.
2921 4075 3026 4128 Καὶ
3049 4075 3139 4128 διὰ
3169 4077 3327 4130 τοῦτο
3352 4079 3414 4131 οὐ
3444 4076 3632 4146 καυχή-

406 4164 707 4236 peecabiiis
734 4164 1026 4224 cxsisteos,
1051 4170 1106 4214 et
1141 4159 1292 4214 solus
1313 4157 1586 4213 dimittere
1612 4164 1831 4227 peccata
1883 4169 1959 4207 nol

2089 4179 2238 4214 σεται
2267 4163 2492 4214 ἐνώπιον
2526 4179 2616 4213 σου
2666 4165 2810 4216 πᾶσα
2841 4163 2997 4234 σάρξ.
3035 4165 3105 4218 Σὺ
3137 4165 3194 4218 δὲ
3234 4167 3412 4236 μόνος,
3455 4168 3626 4232 Κόριε,

397 4268 514 4312 stra
547 4266 722 4325 potes.
754 4254 1005 4312 Custodi.
1038 4251 1268 4307 lesumi
1301 4250 1642 4316 dulcissime,
1667 4250 1830 4304 vitam
1856 4249 1946 4302 lori

2087 4253 2326 4324 καθαρὸς
2378 4253 2474 4307 καὶ
2527 4255 2908 4323 ἀναμάρτητος
2959 4254 3055 4320 ὢν,
3091 4257 3183 4310 καὶ
3238 4259 3392 4328 μόνος
3438 4249 3632 4324 ἀφιέναι

402 4365 524 4419 gani
551 4346 776 4401 feliciter
807 4357 859 4399 et
884 4343 1188 4398 iiidolcnter
1236 4341 1447 4410 piorum
1506 4339 1948 4395 Christianorum

2086 4347 2182 4408 τὰς
2220 4345 2496 4413 ἁμαρτίας
2551 4345 2708 4414 ἡμῶν
2759 4339 3295 4414 δύνασαι.Φύλαξον,
3346 4347 3516 4417 Ἰησοῦ
3547 4362 3633 4415 μου

403 4452 702 4496 servorum
743 4450 872 4490 vero
904 4444 1010 4488 tua:
1046 4435 1301 4487 bonitatis
1334 4434 1699 4502 legitimorum
1728 4455 1742 4488 :
1773 4447 1826 4489 et
1860 4451 1956 4504 pos

2086 4435 2420 4502 γλυκύτατε,
2445 4437 2544 4502 τὴν
2570 4436 2716 4505 ζωὴν
2735 4439 3096 4506 ὲπιμήκιστον
3121 4439 3364 4509 εὐτυχῶς
3390 4439 3478 4492 καὶ
3503 4437 3635 4490 ἅδεα·

401 4539 729 4601 prazsentcm
755 4528 920 4581 vitam
953 4541 1114 4596 quam
1141 4523 1594 4580 determinaveris
1627 4528 1896 4584 mensuris
1931 4547 1954 4584 ιι

2091 4527 2276 4590 λύπως
2308 4529 2416 4580 τῶν
2443 4528 2683 4580 εὐσεὸῶν
2715 4528 3078 4597 Χριστιανῶν,
3108 4531 3313 4584 δούλων
3352 4531 3406 4584 δὲ
3434 4529 3526 4598 τῆς
3553 4529 3636 4594 σῆς

405 4623 657 4678 terminis
687 4620 890 4692 quibus
923 4618 1121 4672 novisti
1155 4618 1292 4686 ipse,
1328 4617 1382 4672 iii
1406 4628 1667 4672 aeternam
1702 4620 1847 4674 illam
1883 4623 1958 4676 adt

2089 4619 2424 4688 ἁγαθότητος
2459 4620 2720 4688 γνησίων.
2751 4621 2859 4672 Καὶ
2891 4638 2958 4688 με
2972 4621 3032 4674 τὰ
3057 4622 3158 4692 τὴν
3211 4621 3483 4695 παροῦσαν
3511 4622 3636 4684 ξωιν

399 4715 509 4770 duc
544 4713 821 4784 vitamque
851 4720 905 4766 et
935 4725 1160 4778 regnum
1193 4710 1696 4782 emancipatosuon
1725 4728 1754 4766 a
1792 4723 1952 4768 nostr:

2087 4711 2155 4783 ἢν
2187 4712 2254 4768 ἂν
2281 4711 2492 4782 ὁρίσαις
2523 4712 2744 4783 μέτροις
2777 4715 2873 4766 καὶ
2901 4715 3048 4781 ὅροις
3074 4712 3158 4779 οἷς
3187 4713 3335 4781 οἶδας
3367 4715 3540 4778 αὐτὸς,
3567 4713 3635 4773 εἰς

402 4811 683 4879 dignitate,
717 4807 811 4860 sed
843 4821 874 4859 a
909 4815 1000 4858 tua
1059 4802 1320 4856 bonitate.
1373 4800 1514 4870 Fiat,
1580 4803 1814 4860 Domine
1879 4821 1955 4860 rei

2087 4801 2187 4870 τὴν
2218 4801 2390 4854 ἀΐδιον
2438 4803 2652 4871 ἐκείνην
2679 4805 2942 4873 εἰσάγαγε
2972 4806 3118 4877 ζωήν
3146 4825 3207 4860 τε
3239 4809 3332 4860 καὶ
3363 4805 3633 4877 βασιλείαν.

401 4902 664 4963 clemens,
688 4897 948 4968 qtiouiatn
993 4908 1045 4950 te
1080 4895 1239 4950 decet
1273 4894 1452 4949 omnis
1481 4895 1676 4965 gloria,
1723 4897 1900 4953 lioiior
1927 4913 1954 4952 e

2090 4897 2651 4964 χειραγωγουμένους
2684 4896 2784 4966 οὐχ
2826 4897 2928 4950 ὑπὸ
2976 4899 3077 4966 τῆς
3122 4900 3282 4969 ἡμῶν
3323 4901 3494 4963 ἀξίας,
3541 4891 3639 4947 ἁλι.⁸

404 4991 678 5052 adoratio,
711 5000 758 5044 et
789 4989 1172 5058 itioriginalein
1219 4999 1370 5042 tuuin
1422 4988 1637 5045 Patrem
1680 5005 1804 5045 eum
1866 5007 1957 5061 qut

2088 4986 2193 5039 ὑπὸ
2223 4985 2318 5056 τῆς
2355 4987 2451 5054 σῆς
2483 4987 2839 5058 ἅγαοότητος.
2877 4989 3007 5056 Ναὶ,
3039 4991 3211 5059 Κύριε
3245 4989 3461 5061 βασιλεῦ
3487 4983 3641 5048 auii-

405 5087 459 5139 iii
489 5085 695 5139 unitate
739 5085 912 5138 sancti
948 5082 1187 5150 Spiritus
1237 5081 1484 5152 vivisque
1545 5095 1595 5139 et
1658 5101 1852 5155 regnas
1883 5103 1958 5156 pet

2100 5093 2261 5142 κακε,
2289 5077 2372 5130 ὅτι
2405 5095 2488 5131 σοι
2517 5081 2720 5148 πρέπει
2753 5082 2902 5134 πᾶσα
2928 5081 3078 5149 δόξα,
3111 5084 3270 5152 τιμὴ,
3295 5083 3388 5135 καὶ
3427 5077 3638 5149 προσκύ-

403 5178 586 5232 omnia
617 5177 818 5232 saecula
845 5175 1195 5232 sit-culorum.
1233 5176 1432 5231 Amen.

2090 5186 2268 5237 νησις,
2316 5170 2408 5222 καὶ
2457 5169 2536 5239 τῷ
2576 5171 2798 5240 ἀνάρχῳ
2831 5188 2924 5224 σου
2972 5174 3183 5244 Πατρί·
3243 5173 3368 5242 μεθ’
3395 5166 3453 5226 οὗ
3494 5171 3547 5222 ἐν
3582 5166 3635 5233 τί]

2089 5261 2314 5331 ἑνότητι
2342 5261 2436 5316 τοῦ
2467 5262 2628 5331 ἁγίου
2663 5263 2978 5334 Πνεύματος
3012 5267 3110 5336 ζῇς
3140 5283 3200 5318 τε
3241 5265 3339 5320 tui
3367 5260 3641 5335 βασιλεύεις

2007 5377 2050 5395 ~~
2093 5355 2174 5417 εἰς
2203 5353 2329 5416 τοὺς
2361 5355 2564 5418 αἰῶνας
2596 5354 2704 5407 τῶν
2738 5357 2971 5412 αἰώνων.
3019 5357 3213 5430 Ἀμήν.
