3932 6458
351 396 453 455 529
870 414 873 421 ’
1098 428 1103 436 ·
1169 401 1265 461 ΕΤ
1307 402 1551 465 MARCI
1590 405 1904 471 EPHESII

2043 412 2436 473 EFTIMONIA
2470 416 2758 477 MUTUA.
3496 420 3596 481 E30

1260 721 1619 785 EUSEBII
1670 719 2201 788 RENAUDOTII
2246 724 2686 791 ‘MONITUM.

443 1046 725 1116 Superiori
758 1047 1131 1107 Dissertationi
1167 1050 1469 1118 fragmenta
1505 1047 1621 1103 haec
1671 1047 1926 1117 adjicere,
1966 1064 2083 1117 qua:
2120 1048 2277 1104 nobis
2300 1048 2467 1104 codex
2500 1048 2718 1133 Regius,
2751 1065 2807 1103 n.
2838 1047 3004 1115 2963,
3031 1046 3481 1107 subministravit,
3517 1044 3593 1095 vi-

341 1153 467 1193 snm
501 1149 577 1195 est
614 1156 793 1213 opera:
821 1143 1075 1213 pretium,
1104 1157 1228 1197 cum
1263 1138 1542 1196 historiam
1580 1138 1843 1194 Gcnnadii
1878 1155 2202 1208 magnopere
2234 1141 2526 1201 illustrent,
2556 1150 2609 1195 et
2633 1142 2984 1211 quaestionem
3013 1143 3078 1197 de
3109 1158 3215 1197 uno
3240 1140 3319 1194 vel
3346 1137 3590 1208 pIUI'ibIlS

343 1231 668 1300 Gennadiis,
698 1234 798 1288 nisi
836 1234 1182 1288 vehementer
1217 1231 1476 1293 failimur,
1517 1230 1824 1290 absolvant,
1855 1240 1969 1283 tum
2000 1231 2145 1298 quod
2181 1246 2242 1284 ea
2269 1230 2399 1283 alibi
2432 1239 2648 1286 exstare
2681 1247 2789 1286 non
2833 1233 3230 1287 existimemus.
3262 1228 3437 1283 Verba
3470 1230 3597 1280 sunt

343 1328 513 1383 Marci
551 1327 768 1396 Ephesii
801 1328 868 1384 de
891 1328 1197 1393 Schulario,
1232 1335 1285 1380 et
1317 1326 1381 1378 ad
1410 1340 1532 1380 eum
1561 1325 1923 1394 praesentibus
1954 1323 2158 1378 Grtecis
2186 1327 2369 1379 multis
2411 1326 2671 1394 dignitate
2695 1326 3029 1398 conspicuis,
3052 1336 3103 1380 et
3126 1341 3152 1379 a
3174 1323 3473 1378 Latinismo
3505 1336 3591 1374 re-

343 1422 668 1478 motissimis
695 1422 860 1484 dicta,
883 1421 1081 1487 quibus
1104 1419 1206 1489 ipsi
1241 1434 1431 1473 curam
1466 1417 1719 1473 Ecclesia:
1741 1417 2091 1474 defendendae
2119 1420 2433 1484 committit,
2458 1420 2602 1476 illius
2642 1420 2851 1476 scilicet
2880 1436 3021 1490 quae,
3043 1418 3256 1475 Unione
3286 1416 3595 1472 Florentina

343 1516 574 1582 insuper
608 1515 816 1579 habita,
851 1528 880 1566 a
916 1512 1234 1567 Latinorum
1263 1509 1651 1564 communione
1694 1517 1841 1563 esset
1871 1508 2233 1565 alienissima.
2263 1510 2373 1564 illis
2409 1510 2758 1581 subiungitur
2791 1509 3057 1565 Schularii
3090 1508 3431 1579 Responsio,
3474 1505 3598 1575 qui-

320 1608 450 1662 "bus
474 1606 762 1675 pollicetur
796 1619 855 1659 se
879 1602 1047 1657 Marci
1071 1600 1295 1671 Ephesii
1330 1600 1452 1654 loco
1489 1600 1554 1656 ad
1586 1601 1770 1654 ultima
1800 1615 1970 1669 usque
1995 1601 2188 1655 mortis
2219 1601 2460 1670 pericula
2494 1617 2593 1670 pro
2626 1602 2765 1657 avita
2797 1601 2900 1656 fide
2946 1611 3336 1670 pugnaturum.
3368 1599 3489 1652 lla‘c
3518 1598 3596 1651 al-

346 1698 453 1755 teri
478 1712 640 1765 quam
670 1695 955 1753 Gennadio
982 1693 1273 1750 convenire
1301 1708 1409 1750 non
1450 1703 1698 1763 possunt,
1734 1692 1779 1747 ci
1816 1694 2027 1747 scilicet
2067 1695 2158 1763 qui
2184 1703 2344 1761 capta
2375 1688 2850 1766 ConstantinOpoli
2900 1695 3209 1763 patriarcha
3255 1693 3597 1747 renuntiatus

339 1802 469 1858 est;
504 1808 682 1863 neque
715 1792 859 1847 enim
892 1791 1090 1846 cadere
1143 1789 1199 1843 in
1250 1789 1418 1843 alium
1446 1788 1694 1856 quemvis
1727 1793 1957 1857 possunt
1987 1786 2180 1841 laudes
2222 1786 2436 1841 eximia:
2466 1788 2729 1842 doctrinas
2754 1798 2808 1842 et
2839 1788 3182 1858 eloquentiae,
3218 1795 3330 1840 tum
3363 1785 3599 1855 dignitas

342 1888 631 1955 ἄρχοντος,
662 1899 853 1954 nempe
878 1884 978 1938 viri
1013 1882 1279 1953 primarii,
1314 1881 1493 1950 qualis
1518 1879 1840 1936 Scholarius
1874 1880 1995 1943 fuit,
2031 1879 2200 1950 judex
2232 1894 2425 1948 nempe
2451 1878 2503 1937 in
2548 1881 2669 1933 aula
2703 1880 2990 1949 imperiali.
3022 1879 3177 1946 Quod
3210 1877 3374 1932 etiam
3411 1876 3463 1928 in
3501 1889 3598 1928 ne-

264 1984 267 1985 ⁷
341 1975 492 2047 gotio
525 1975 650 2029 fidei
675 1974 899 2028 humani
936 1972 1142 2039 aliquid
1196 1987 1414 2039 passus,
1451 1988 1559 2026 non
1594 1970 1882 2025 manifeste
1911 1970 2225 2026 Graecorum
2263 1970 3023 2041 sententiaspropugnasset,
3067 1986 3190 2025 eum
3251 1968 3388 2023 satis
3444 1966 3592 2018 desi-

341 2074 532 2138 gnant,
568 2082 743 2138 eoque
767 2067 999 2137 pertinet
1030 2065 1256 2135 epiStola
1289 2081 1450 2136 quam
1490 2064 1773 2119 Emericus
1822 2064 2066 2133 Bigotius
2088 2063 2284 2118 Allatio
2304 2065 2749 2130 communicavit,
2777 2073 2830 2118 et
2854 2080 3014 2132 quam
3043 2063 3243 2133 Regius
3270 2063 3406 2117 alter
3428 2060 3598 2114 codex

342 2171 729 2229 repraesentat;
767 2159 820 2214 in
843 2175 947 2228 qua
975 2158 1188 2214 Marcus
1207 2157 1483 2229 Ephesius
1515 2155 1861 2212 Scholarium
1888 2156 2237 2211 vehementer
2273 2156 2549 2226 redarguit
2582 2156 2684 2225 (l),
2712 2155 2854 2222 quod
2885 2157 3062 2210 media
3095 2165 3147 2210 et
3172 2163 3599 2224 temperamenta
3646 2228 3653 2235 α

344 2253 546 2322 quibus
580 2256 709 2309 unio
738 2253 851 2308 fieri
876 2260 1082 2325 posset,
1139 2268 1247 2307 non
1302 2259 1711 2322 aspernaretur,
1768 2249 1859 2305 sed
1909 2265 1971 2305 ea
1999 2251 2275 2320 probaret.
2324 2249 2459 2303 Nam
2522 2249 2864 2304 Seholarium
2916 2248 3247 2302 Florentium
3286 2249 3499 2304 venisse
3533 2265 3600 2303 co

346 2343 554 2409 animo,
586 2359 696 2397 non
740 2344 859 2413 ejus
886 2344 1049 2399 modo
1082 2346 1146 2397 ad
1196 2343 1547 2399 Ambrosium
1579 2340 2055 2396 Camalduleusetn
2087 2341 2353 2412 Epistula,
2387 2350 2440 2397 et
2480 2341 2615 2396 Acta
2655 2337 2848 2395 Graeca
2870 2379 2885 2403 ,
2917 2340 3010 2396 sed
3045 2338 3347 2410 Syropulus
3380 2339 3597 2409 ipsete-

341 2446 543 2501 statur,
572 2452 697 2491 cum
735 2438 781 2493 is
808 2438 1097 2493 formulam
1135 2438 1337 2494 referat
1357 2438 1424 2492 ab
1449 2437 1543 2492 illo
1572 2435 1921 2501 delineatam,
1959 2438 2257 2491 secundum
2290 2452 2453 2506 quam
2483 2436 2859 2491 controversia
2885 2436 2953 2489 de
2987 2434 3341 2505 processione
3365 2434 3601 2503 Spiritus

342 2535 515 2588 sancti
551 2543 998 2602 componeretur.
1037 2535 1114 2589 Ex
1151 2534 1336 2588 verbis
1359 2532 1647 2597 Gennadii,
1684 2531 1885 2600 quibus
1918 2530 2099 2585 Marco
2129 2532 2463 2599 respondens
2505 2546 2727 2601 operam
2786 2545 3004 2586 omnetn
3034 2544 3189 2585 suam
3223 2529 3493 2600 pollicitus
3518 2539 3603 2584 cst

339 2627 409 2681 ad
442 2626 695 2682 Ecclesia:
724 2628 926 2682 Graecae
961 2627 1364 2689 defensionem.
1397 2626 1532 2680 satis
1582 2633 1824 2694 apparet,
1861 2625 2137 2677 neminem
2186 2622 2397 2679 Latinis
2444 2623 2626 2678 minus
2668 2625 2940 2679 addictum
2992 2626 3161 2680 fuisse
3211 2641 3276 2678 eo
3303 2623 3395 2693 qui
3435 2623 3596 2678 fidem

349 2717 527 2771 amico
562 2722 741 2771 datam
772 2718 1184 2772 accuratissime
1216 2719 1490 2787 praestitit.
1518 2717 1672 2770 Cum
1700 2724 1882 2769 autem
1907 2729 2071 2780 opera
2106 2714 2372 2769 Geuuadii
2408 2716 2524 2770 sive
2551 2714 2818 2770 Seholarii
2856 2718 3022 2770 multa
3066 2718 3121 2771 in
3168 2702 3359 2770 eodem
3406 2716 3600 2771 codice

346 2809 780 2891 descriptasint,
809 2824 935 2877 qua:
968 2808 1113 2864 illius
1150 2824 1271 2863 esse
1312 2808 1638 2863 certissimis
1663 2823 1724 2861 ex
1770 2807 1997 2861 historia
2037 2808 2366 2862 testimoniis
2396 2807 2829 2873 demonstratur,
2867 2821 3063 2879 etqua:
3100 2811 3292 2866 referri
3339 2826 3443 2864 non
3476 2824 3602 2876 pos-

344 2914 475 2959 sunt
502 2908 566 2959 ad
590 2905 756 2960 alium
788 2906 858 2959 ab
881 2918 946 2958 eo
968 2904 1061 2972 qui
1098 2919 1223 2957 cum
1250 2902 1460 2958 Joanne
1495 2903 1796 2970 Palteologo
1826 2903 1878 2956 in
1919 2901 2131 2956 Italiam
2166 2902 2503 2970 navigaverit
2538 2921 2551 2958 :
2585 2919 2650 2958 ex
2676 2903 2785 2959 illis
2813 2906 3074 2961 nonnulla
3103 2914 3318 2960 exstent
3349 2908 3402 2959 in
3434 2904 3600 2957 Brun-

342 2996 541 3050 dusino
570 3006 759 3050 nostro
798 2996 1010 3057 codice,
1032 2995 1123 3065 qui
1161 2995 1449 3048 llomiliam
1490 2995 1556 3049 de
1590 2993 1928 3048 Eueharistia
1980 3002 2350 3061 repraesentat,
2375 2993 2441 3046 de
2472 2992 2615 3049 illius
2654 2993 2911 3066 αὐθεντίᾳ
2944 2996 3010 3050 lis
3045 2995 3248 3049 moveri
3276 3034 3290 3057 ,
3335 2995 3439 3048 nisi
3504 3010 3602 3063 per

341 3099 613 3139 summam
644 3086 998 3148 calumniam,
1029 3086 1170 3139 nulla
1196 3094 1394 3155 potest.
1422 3084 1517 3140 llis
1539 3084 1886 3153 adiungimus
1907 3092 2151 3138 extrema
2181 3083 2346 3139 Marci
2378 3083 2607 3154 Ephesii
2638 3085 2828 3151 verba,
2858 3085 3016 3156 plena
3053 3085 3161 3141 odii
3202 3094 3257 3140 et
3282 3088 3474 3141 veneni
3508 3087 3603 3139 ad-

343 3194 535 3234 versus
564 3178 789 3234 Latinos
825 3189 877 3234 et
900 3178 1167 3235 Unionem
1195 3160 1512 3234 renovatam
1548 3193 1713 3247 opera
1752 3176 1941 3231 Isidori
1971 3176 2275 3233 cardinalis
2319 3178 2480 3249 legati
2514 3180 2821 3249 apostolici,
2854 3180 2943 3235 cui
2968 3179 3265 3251 Gregorius
3291 3178 3599 3251 patriarcha

342 3280 733 3337 consenserat,
761 3273 962 3343 cuique
998 3273 1313 3328 Gennadius
1340 3289 1449 3341 prae
1473 3272 1687 3326 caeteris
1709 3272 2020 3334 obstiterat,
2057 3282 2114 3324 ut
2143 3272 2320 3325 Ducas
2354 3284 2611 3329 accurate
2634 3274 2877 3344 scripsit.

417 3362 631 3433 Scripta
660 3376 784 3421 sunt
810 3378 992 3421 autem
1019 3368 1072 3421 in
1100 3384 1165 3423 eo
1185 3384 1345 3437 quem
1380 3367 1626 3421 diximus
1653 3366 1820 3437 Regio
1844 3366 2052 3434 codice,
2085 3382 2194 3421 non
2227 3367 2414 3422 eadem
2447 3385 2612 3425 manu
2642 3387 2747 3440 qua
2781 3373 2951 3427 codex
2986 3376 3124 3443 ipse,
3160 3372 3256 3427 sed
3288 3371 3416 3437 alia,
3445 3372 3599 3425 docta

286 3466 289 3467 '
340 3458 585 3525 quidem,
627 3474 812 3513 verum
848 3460 1167 3528 ineleganti,
1201 3460 1378 3529 qualis
1400 3474 1542 3527 sarpe
1569 3460 1810 3513 virorum
1846 3459 2129 3515 doctorum
2156 3476 2292 3516 esse
2327 3462 2483 3517 solet.

417 3549 676 3623 Sequitur
722 3551 1044 3621 Excerptum
1076 3569 1140 3607 ex
1182 3552 1424 3621 Epistola
1458 3552 1722 3607 Genuadii
1765 3553 1832 3607 ad
1868 3552 2159 3608 Maximum
2215 3553 2554 3623 Sophianum
2598 3565 2651 3610 ct
2700 3566 2916 3613 ascetas
2964 3559 3162 3613 montis
3198 3556 3351 3621 Sina,
3406 3557 3458 3610 in
3491 3571 3596 3624 qua

345 3646 558 3701 Latinis
590 3646 866 3716 religionis
893 3664 1059 3702 causa
1109 3648 1448 3703 venientibus
1483 3656 1629 3701 vetat
1683 3648 1799 3702 dari
1835 3648 2256 3716 Eucharistiam,
2289 3651 2381 3705 sed
2416 3636 2711 3721 dvridwpov
2752 3667 2844 3708 seu
2879 3669 3071 3721 panem
3098 3651 3438 3707 benedictum
3479 3651 3598 3705 dari

341 3740 656 3809 permittit:
696 3742 839 3797 unde
863 3751 1010 3812 patet
1044 3757 1203 3812 quam
1233 3757 1425 3811 parum
1474 3742 1576 3812 ipsi
1606 3758 1736 3798 cum.
1758 3742 2004 3799 Romana
2043 3742 2285 3800 Ecclesia
2321 3744 2656 3802 conveniret.

417 3920 494 3993 (l)
532 3922 663 3979 Vide
686 3921 823 3977 infra
858 3925 912 3977 in
943 3921 1122 3977 Marco
1158 3920 1416 3992 Ephesio.
1448 3918 1604 3975 Eutr.

360 4142 585 4154 ψ

986 4307 1455 4443 ΠΡΟΣ
1558 4308 1907 4440 ΤΟΝ
1984 4293 2847 4445 ΣΧΟΛΑΡΙΟ

1602 4562 1831 4649 ΤΟΥ
1869 4562 2336 4652 ΕΦΕΣΟΥ.

843 4912 1236 5008 VERBA
1339 4913 1703 5004 MARCI
1802 4916 2287 5008 EPHESII
2420 4920 3097 5016 MOlilENTlS

1392 5123 1493 5185 AD
1545 5123 1964 5188 GEORGIUM
2019 5129 2545 5190 SCHOLARIUM.

1524 5283 1621 5343 (Ea:
1656 5279 1775 5333 Cod.
1803 5282 1911 5333 us.
1939 5281 2066 5335 Bibl.
2093 5286 2207 5349 Reg.
2235 5285 2395 5348 2965.)

1921 5444 1991 5455 -ο

426 5552 586 5617 Λέγω
640 5551 732 5603 καὶ
785 5550 1153 5619 ἀποφαίνομαι
1211 5552 1338 5618 περὶ
1392 5550 1484 5603 τοῦ
1538 5550 1794 5621 ἄρχοντος
1830 5552 1924 5606 τοῦ

2110 5553 2182 5611 De
2209 5552 2449 5624 principe
2474 5552 2762 5609 Schulario
2796 5554 2912 5611 haec
2936 5572 3048 5611 mea
3091 5566 3173 5611 est
3195 5559 3483 5615 sententia.
3514 5559 3600 5629 lp-

354 5641 679 5710 Σχολαρίου,
710 5642 791 5693 ὅτι
820 5636 935 5694 οἶδα
971 5640 1131 5692 αὑτὸν
1163 5639 1222 5704 ἐξ
1256 5639 1335 5692 ἔτι
1375 5640 1509 5695 πάνυ
1542 5644 1665 5703 νέας
1693 5642 1793 5710 τῆς
1826 5643 1907 5694 αὐ-

2046 5664 2147 5701 ium
2190 5645 2482 5701 admodum
2522 5649 2775 5716 juvenem
2813 5648 2958 5713 novi,
3011 5649 3316 5721 aﬂ’cctuque
3366 5653 3514 5706 illum
3547 5663 3599 5708 et

348 5734 447 5785 τοῦ
510 5733 751 5804 ἡλικίας,
806 5735 900 5786 καὶ
953 5734 1198 5787 διάθεσιν
1253 5736 1347 5788 καὶ
1402 5734 1624 5804 ἀγάπην
1681 5736 1788 5805 ἔχω
1842 5736 1901 5788 εἰς

2043 5739 2297 5794 :haritate
2354 5755 2568 5794 summa
2636 5754 2958 5809 prosequor,
3014 5753 3067 5794 et
3118 5750 3374 5812 tanquam
3430 5745 3596 5800 tilium

353 5827 532 5893 eam,
565 5829 655 5881 καὶ
686 5827 760 5892 ὡς
810 5830 936 5897 ἐμὸν
979 5828 1089 5882 υἱὸν
1139 5829 1229 5882 καὶ
1265 5828 1415 5895 φίλων
1460 5829 1668 5900 στέργω
1706 5832 1864 5886 am.
1894 5848 1905 5862 '

2047 5848 2207 5889 neum
2265 5841 2316 5888 et
2352 5833 2587 5890 amicum
2638 5833 2846 5902 dilige,
2881 5834 3145 5892 cbaritatc
3176 5847 3377 5904 quanta
3426 5847 3600 5905 potest
