3932 6458
300 407 401 471 533

1103 409 1200 471 ET
1242 410 1482 469 MARCI
1535 409 1848 472 EPHESll
1891 412 2370 471 TESTlMONlA
2411 411 2704 474 MUTUAa

3441 405 3541 466 ωι

289 522 410 583 τοὺς
452 520 641 584 λόγους
693 538 794 590 μου
849 521 1067 584 τούτους
1109 522 1249 592 ὑπὲρ
1296 522 1362 576 τά
1411 522 1627 588 ἑκατὸν,
1670 522 1743 583 ὼς
1772 523 1855 585 είς

1969 528 2185 592 mendo,
2223 542 2450 596 sperans
2472 526 2887 579 sermonesillos
2929 538 3079 578 meos
3109 523 3225 592 plus
3246 538 3388 589 main
3414 539 3543 576 cen-

290 611 497 681 άγαοὴν
523 611 629 681 γῆν
671 613 1197 682 καταϐαλλομένους.
1246 613 1378 683 Περὶ
1406 607 1466 667 οὗ
1498 614 1590 665 καὶ
1629 613 1864 682 ἀποκρι-

290 702 437 771 Θήτω
471 721 583 774 μοι,
616 705 701 757 ἵνα
731 705 881 759 λάϐω
927 705 1139 759 τέλειαν
1191 706 1567 776 πληροφορίαν
1595 707 1695 775 τῆς
1727 723 1863 776 παρ-

288 793 451 862 ούσης
490 793 634 865 ζωῆς
661 797 1013 865 ἐξερχόμενος
1036 837 1053 863 ,
1098 797 1195 851 καὶ
1231 797 1306 867 μὴ
1335 797 1512 867 ἀηδῶς
1540 795 1858 865 ἀποδιώσω,

289 884 359 946 ὡς
407 887 745 956 ἀπεγνωκὼς
778 886 875 958 τὴν
906 889 1006 958 τῆς
1047 888 1371 959 Ἐκκλησίας
1404 888 1712 959 διόρθωσιν.

338 1195 1603 1209 η-ο-..ι--ι-*ι--φ--ψ-Δ--ο--δ-
1619 1197 1777 1209 om
1788 1202 1803 1207 ,Α
1813 1199 1873 1208 ..ι

338 1198 2022 1228 W

1978 616 2185 687 tuplum
2222 617 2460 672 fruetum
2501 618 2808 671 reddituros
2835 627 3091 684 tanquam
3126 616 3179 668 in
3213 616 3405 668 bonam
3435 624 3541 669 ter-

1970 724 2084 761 ram
2116 707 2411 777 coniectos.
2443 707 2515 762 De
2536 724 2644 777 quo
2671 709 2784 775 ipse
2813 708 2941 760 mihi
2991 706 3317 776 respondeat
3354 705 3535 765 velini,

1967 809 2026 853 ut
2043 814 2363 869 egressurus
2388 814 2452 852 ex
2480 798 2728 866 prtesenti
2755 797 2887 859 vita,
2910 796 3126 866 plenam
3156 793 3535 850 certitudinem

1964 888 2216 957 habe-iatn,
2246 903 2346 943 nec
2378 888 2667 957 iujucunde
2695 903 2759 941 ex
2805 886 2913 941 vita
2968 886 3155 940 abeam
3185 896 3437 956 tanquam
3473 884 3538 939 de

1970 979 2225 1035 Ecclesia:
2266 976 2657 1034 reformatione
2685 976 2841 1047 plane
2872 977 3186 1047 desperans.

1079 1386 1674 1477 ΑΠΟΚΡΙΣΙΣ
1762 1390 1994 1476 ΤΟΥ
2085 1382 2752 1475 ΣΧΟΛΑΡΙΟΥ.

1196 1730 1860 1855 aeseOusro
1942 1688 2634 1855 SC'HOLARII.

375 2104 536 2172 Ἐγὼ,
567 2105 803 2160 δέσποτά
832 2123 935 2174 μου
983 2105 1128 2173 ἆγιε,
1162 2108 1374 2178 πρῶτον
1415 2111 1512 2179 μὲν
1552 2110 1859 2182 εὐχαριστῶ

2041 2117 2170 2187 ligo,
2204 2117 2424 2173 domine
2459 2119 2529 2173 mi
2568 2124 2774 2186 sancte,
2809 2119 3043 2188 primunt
3067 2118 3284 2189 quidem
3334 2133 3542 2190 magna:

290 2198 357 2265 τῇ
414 2197 626 2267 μεγάλῃ
674 2197 951 2269 ἁγιωσύνῃ
1012 2215 1106 2250 σου
1166 2201 1260 2252 ἐπὶ
1316 2203 1428 2264 τοῖς
1480 2202 1723 2265 ἐπαίνοις
1779 2196 1860 2265 οἷς

290 2285 512 2354 ἐχρήσω
573 2289 652 2350 εἰς
688 2287 823 2357 ἐμὲ,
880 2289 963 2341 ὅτι
1013 2288 1294 2358 βουληθεὶς
1349 2292 1475 2361 ἐμοὶ
1529 2292 1860 2361 χαρίσασθαι

288 2378 824 2449 προσεμαρτύρησάς
868 2397 977 2448 μοι,
1004 2380 1102 2433 ὅσα
1128 2381 1227 2433 οὐκ
1260 2381 1371 2452 ἔχω
1417 2382 1526 2436 οὐδ’
1559 2384 1861 2455 ἐπίσταμαι

288 2471 571 2536 προσεῖναί
606 2488 718 2540 μοι.
765 2471 923 2525 ’Λλλά
951 2472 1112 2525 τοῦτό
1144 2477 1257 2527 ἐστι
1291 2476 1392 2545 τῆς
1423 2475 1600 2545 ἄκρας
1628 2477 1861 2531 καλοκα-

286 2560 485 2626 γαθίας
511 2565 602 2615 καὶ
633 2564 834 2631 ἀρετῆς
871 2565 964 2617 καὶ
987 2567 1179 2633 σοφίας
1209 2566 1307 2635 τῆς
1341 2567 1585 2634 μεγάλης
1625 2568 1861 2636 ἁγιωσύ-

283 2666 387 2718 νης
418 2667 532 2715 σου,
560 2652 627 2722 ἣν
653 2655 747 2706 καὶ
772 2654 932 2717 αὐτὸς
960 2656 1115 2718 εἰδὼς
1144 2657 1204 2721 ἐξ
1229 2657 1402 2726 ἀρχῆς
1423 2659 1517 2711 καὶ
1539 2658 1861 2728 θαυμάζων,

282 2740 345 2793 ού
382 2740 617 2795 διέλιπον
668 2745 723 2806 ἐς
760 2744 917 2814 δεῦρο
944 2746 1046 2798 ὅσα
1081 2750 1249 2817 πατρὶ
1292 2748 1385 2801 καὶ
1427 2748 1732 2816 διδασκάλῳ
1768 2752 1862 2804 καὶ

258 2822 627 2903 ’παιδαγωγῴ
689 2834 983 2904 ὀφείλεται,
1029 2837 1263 2891 ἐκτελῶν
1323 2839 1402 2899 είς
1464 2840 1561 2909 τὴν
1617 2841 1861 2909 μεγάλην

278 2922 600 2990 ἁγιωσύνην
663 2942 778 2990 σου,
832 2926 928 2979 καὶ
979 2928 1056 2990 ὡς
1114 2928 1297 2981 κανόνι
1344 2928 1624 2999 χρώμενος
1670 2933 1735 3001 τῇ
1794 2934 1858 3002 σῇ

277 3015 503 3087 γνώμῃ,
534 3020 631 3084 τῆς
659 3035 717 3069 τε
748 3021 807 3071 ἐν
850 3018 1117 3087 δόγμασιν
1146 3020 1455 3087 ἀκριὸείας,
1484 3023 1577 3075 καὶ
1613 3023 1712 3092 τῆς
1752 3024 1861 3076 τῶν

212 3128 225 3137 δ
278 3109 458 3175 λόγων
485 3110 799 3178 ὀρθότητος,
847 3106 930 3170 οἷς
979 3111 1047 3165 ἂν
1097 3114 1512 3183 ἐνασμενίσειας
1558 3116 1653 3168 καὶ
1699 3117 1861 3181 αὐτὸς

287 3202 692 3272 συντιθέμενος.
725 3202 831 3258 Καὶ
856 3204 955 3257 ὅσα
988 3203 1064 3273 μὴ
1093 3205 1236 3258 κατά
1262 3205 1498 3284 γνώμην
1543 3208 1598 3260 δέ
1627 3208 1727 3276 σὴν
1770 3210 1863 3263 ἀν-

282 3294 606 3356 ενδοιάστως
635 3296 840 3350 τούτων
863 3295 1284 3365 ἐκτρεπόμενος,
1310 3296 1411 3367 τὴν
1432 3298 1524 3350 τοῦ
1548 3300 1737 3363 παιδὸς
1767 3303 1861 3355 καὶ

288 3386 536 3454 μαθητοῦ
568 3386 720 3450 τάξιν
744 3390 932 3458 τηρεῖν
969 3389 1103 3458 πρὸς
1139 3390 1241 3460 τὴν
1273 3391 1518 3461 μεγάλην
1548 3393 1859 3462 ἁγιωσύνην

283 3494 379 3529 σου
412 3478 512 3530 οὐκ
547 3477 832 3547 ἀπηξίωσα
861 3480 1102 3544 πώποτε,
1134 3480 1371 3551 μάρτυρι
1412 3482 1691 3553 χρώμενος
1719 3485 1857 3557 πρὸς
1885 3466 1928 3525 c

280 3569 459 3623 ταῦτα
505 3572 570 3641 τῇ
612 3572 825 3642 μεγάλῃ
870 3574 1153 3647 ἁγιωσύνῃ
1184 3592 1303 3630 σου.
1340 3571 1502 3641 Οἶδας
1534 3576 1609 3639 ῶς
1641 3578 1729 3632 ἀεὶ
1769 3581 1860 3635 τὸν

247 3724 251 3729 η
279 3665 487 3735 τρόπον
526 3666 717 3718 τοῦτόν
756 3683 837 3718 σοι
879 3668 1297 3739 προσηρχόμην,
1331 3670 1424 3722 καὶ
1455 3669 1731 3741 βαθύτερα
1761 3672 1859 3741 τῆς

278 3756 427 3824 ἐμῆς
474 3756 715 3819 διανοίας
744 3756 1165 3824 ἀνακαλύπτων,
1213 3759 1469 3823 τοιαύτας
1521 3761 1727 3830 ἐγγύας
1778 3779 1860 3816 σοι

280 3845 662 3915 παρετιθέμην
686 3860 699 3875 °
734 3848 829 3900 καὶ
881 3848 974 3901 τοῦ
1027 3849 1110 3902 ὅτι
1167 3847 1224 3901 ἐν
1266 3867 1375 3903 τισι
1415 3850 1525 3904 τῶν
1552 3853 1760 3923 καιρῶν
1798 3854 1858 3906 ού

282 3936 541 4006 φανερῶς
569 3937 884 4007 άπεδυόμην
918 3937 1054 4005 πρὸς
1079 3938 1202 4001 τοὺς
1236 3936 1453 4005 ἀγῶνας
1478 3938 1571 4004 οὓς
1603 3942 1634 4010 ή
1662 3942 1728 4011 σὴ
1764 3959 1861 4011 με-

289 4030 446 4098 ,ἔστη
513 4028 795 4098 ἁγιωσύνη
845 4029 1159 4099 ἠγωνίζετο,
1222 4030 1357 4084 ἀλλά
1412 4036 1589 4102 σιωπῇ
1637 4034 1859 4099 τούτους

279 4122 642 4192 παρέρχομαι
682 4121 808 4184 τοὺς
841 4122 1056 4191 λόγους,
1088 4121 1245 4176 τοῦτο
1289 4123 1466 4187 οὐδεὶς
1497 4124 1708 4193 βέλτιον
1751 4122 1859 4180 οἶδε

280 4219 387 4283 τῆς
420 4218 663 4289 μεγάλης
691 4218 1002 4287 ἁγιωσύνης
1030 4235 1146 4283 σου,
1179 4219 1303 4271 ἐπεὶ
1329 4219 1425 4271 καὶ
1453 4218 1714 4283 πολλάκις
1736 4223 1862 4285 τοὺς

280 4310 583 4380 λογισμούς
619 4310 719 4378 μού
754 4329 835 4364 σοι
861 4311 1162 4381 θαῤῥήσας,
1199 4311 1292 4364 καὶ
1329 4301 1455 4373 τους
1505 4310 1637 4380 περὶ
1664 4312 1860 4365 τούτου

283 4421 370 4456 σοι
412 4388 732 4473 ἀνεκάλυψα
777 4401 1053 4469 καθαρῶς,
1095 4403 1189 4455 καὶ
1237 4403 1720 4472 παραιτησάμενος
1762 4405 1861 4472 τῆς

250 4540 253 4543 .
280 4496 628 4565 συγγνώμης
656 4498 756 4550 οὐκ
788 4495 1083 4565 ἀπέτυχον.
1122 4493 1283 4549 Ἀλλὰ
1314 4494 1411 4547 νῦν
1434 4493 1571 4547 Θεοῦ
1602 4496 1860 4567 συνάρσει

278 4592 493 4645 τούτων
530 4591 749 4644 πάντων
772 4589 1263 4659 καταπεφρόνηκα,
1302 4587 1399 4641 καὶ
1426 4588 1662 4659 ἐμαυτὸν
1690 4589 1861 4644 καθα-

282 4684 532 4754 ρώτατον
564 4685 655 4736 καὶ
689 4681 1077 4753 φανερώτατον
1119 4682 1216 4751 τῆς
1262 4680 1520 4751 ἀληθείας
1557 4672 1859 4751 συναγωνι-

1966 2210 2239 2264 sanctitati
2306 2221 2409 2267 tuae
2458 2212 2664 2282 gratias
2696 2228 2798 2282 ago
2829 2214 2892 2266 de
2928 2213 3178 2269 laudibus
3229 2214 3426 2283 quibus
3455 2229 3543 2269 me

1963 2302 2278 2365 cumulasti,
2305 2303 2577 2373 simulque
2608 2303 2741 2358 mihi
2769 2303 3074 2360 abblandiri
3124 2307 3334 2375 volens,
3368 2323 3431 2363 ea
3472 2307 3542 2362 de

1965 2408 2048 2445 me
2073 2402 2297 2447 testatus
2332 2410 2391 2449 es
2436 2409 2555 2464 qum
2605 2409 2715 2449 non
2778 2394 2971 2460 habeo,
3005 2410 3104 2451 nec
3171 2397 3345 2452 inesse
3404 2398 3535 2451 mihi

1963 2491 2111 2539 certo
2138 2485 2272 2539 scio.
2318 2484 2517 2540 Veruvu
2568 2486 2674 2540 hoc
2706 2502 2735 2540 a
2787 2502 3005 2542 summa
3072 2489 3377 2543 sanctitatis
3438 2498 3543 2544 tuae

1963 2577 2223 2641 bonitate,
2265 2578 2532 2648 sapientia
2586 2588 2639 2633 et
2672 2579 2874 2635 virtute
2902 2580 3203 2647 profectum
3231 2588 3338 2647 est,
3373 2591 3538 2651 quam

1962 2669 2090 2722 olim
2130 2670 2300 2738 probe
2331 2670 2605 2739 cOgnitam
2639 2672 2967 2735 admiratus,
3001 2672 3107 2725 huc
3168 2688 3341 2741 usque
3401 2690 3543 2728 nun-

1962 2774 2126 2828 quam
2162 2760 2392 2823 cessavi,
2427 2761 2707 2817 sanctitati
2742 2772 2847 2817 ture
2902 2762 3174 2827 deferens,
3206 2780 3543 2835 quaecunque

1964 2851 2125 2919 patri,
2164 2851 2424 2921 magistro
2455 2861 2507 2907 et
2532 2854 2851 2923 praeceptori
2885 2856 3050 2909 tribui
3077 2855 3297 2922 debent,
3321 2868 3546 2913 senten-

1967 2944 2037 2997 tia
2076 2952 2166 2998 tua
2204 2952 2464 3015 tanquam
2497 2945 2684 3013 regula
2721 2957 2898 3013 utens,
2930 2956 2983 3003 et
3023 2948 3167 3003 circa
3223 2950 3537 3017 dogmatum

1964 3046 2273 3092 accuratam
2338 3038 2759 3108 expositionem,
2796 3049 3106 3111 rectamque
3138 3043 3422 3112 theologia:
3455 3062 3541 3099 ra-

1964 3128 2187 3193 tionem,
2224 3129 2290 3183 iis
2315 3145 2435 3200 quae
2470 3130 2565 3185 tibi
2589 3132 2963 3201 probabantur
2991 3133 3146 3202 plane
3168 3139 3535 3195 consentiens.

1960 3216 2306 3289 Quaecunque
2329 3221 2492 3274 etiam
2515 3237 2622 3276 non
2652 3231 2898 3279 erantex
2931 3226 3095 3280 animi
3127 3229 3199 3282 tui
3237 3231 3536 3292 sententia,

1961 3308 2049 3362 illa
2086 3309 2290 3380 absque
2334 3311 2678 3369 dubitatione
2721 3328 3028 3380 aversatus,
3059 3333 3338 3388 nunquam
3384 3320 3543 3376 aliter

1960 3414 2123 3469 quam
2154 3408 2211 3454 ιιι
2241 3401 2382 3456 ﬁlius
2408 3402 2818 3473 discipulusque
2839 3419 2966 3473 erga
2997 3406 3342 3461 sanctitatem
3389 3416 3537 3462 tuam

1963 3504 2050 3543 me
2079 3490 2244 3559 gessi,
2279 3505 2400 3558 quae
2425 3493 2645 3559 quidem
2683 3503 2777 3547 tuo
2810 3492 2983 3562 ipsius
3039 3496 3353 3550 testimonio
3404 3498 3539 3551 satis

1962 3583 2108 3652 apud
2144 3592 2194 3638 te
2222 3593 2477 3639 constare
2509 3593 2660 3654 puto.
2694 3584 2847 3639 Nosti
2881 3584 3024 3639 enim
3058 3601 3142 3640 me
3178 3585 3249 3640 ita
3281 3586 3536 3640 allectum

1961 3677 2027 3731 ad
2061 3684 2112 3730 te
2144 3677 2462 3740 accessisse,
2495 3687 2550 3731 et
2580 3676 2768 3731 intima
2798 3677 2968 3731 animi
3007 3678 3110 3731 mei
3153 3689 3365 3733 secreta
3399 3694 3531 3745 ape-

1961 3767 2215 3832 rientem,
2268 3768 2428 3824 talem
2471 3768 2567 3824 tibi
2627 3770 2977 3838 sponsionem
3026 3769 3238 3825 fecisse.
3290 3768 3442 3834 Quod
3492 3770 3539 3823 si

1962 3859 2255 3928 aliquando
2285 3860 2350 3913 ad
2382 3875 2443 3914 ea
2478 3864 2804 3925 certamina,
2838 3877 2960 3930 quae
2990 3862 3253 3915 sanctitas
3302 3861 3539 3915 maxima

1963 3956 2057 4001 tua
2115 3946 2378 4015 suscepit,
2416 3947 2593 4014 palam
2658 3962 2767 4000 non
2840 3948 3069 4008 accessi,
3114 3949 3350 4002 rationes
3405 3964 3541 4014 quas

1962 4039 2181 4107 quidem
2231 4039 2448 4093 silentio
2508 4048 2791 4106 praetereo,
2824 4053 2984 4092 nemo
3018 4048 3068 4092 te
3129 4038 3323 4093 melius
3370 4039 3536 4103 nom,

1962 4128 2398 4200 quandoquidem
2431 4144 2551 4197 qum
2602 4139 2729 4183 tunc
2757 4130 2811 4184 in
2836 4129 3021 4183 animo
3061 4129 3339 4189 haberem.
3370 4133 3540 4186 conli-

1962 4222 2154 4276 denter
2203 4220 2546 4276 manifestavi
2609 4221 2810 4287 tibi,et
2861 4222 3210 4277 excusatione
3262 4223 3424 4283 facta,
3454 4240 3544 4279 ve-

1964 4312 2108 4367 niam
2143 4328 2173 4366 a
2206 4321 2256 4366 te
2284 4323 2608 4368 consecutus
2658 4328 2802 4370 sum.
2836 4314 3031 4368 Verum
3068 4314 3156 4369 Dei
3192 4316 3396 4369 auxilio
3429 4318 3542 4372 haec

1962 4405 2144 4461 omnia
2177 4406 2287 4473 jam
2320 4407 2643 4473 contempsi,
2673 4422 2865 4476 tneque
2900 4408 3245 4461 manifestum
3281 4409 3538 4478 et‘pnbli-

1963 4511 2085 4551 cum
2125 4497 2368 4552 veritatis
2412 4496 2753 4553 defensorem
2811 4499 3091 4562 constitui,
3122 4511 3339 4567 patrum
3394 4517 3541 4556 meo-

1964 4606 2082 4644 rum
2133 4591 2386 4659 dogmata
2444 4591 2872 4659 orthodoxeeqtte
2929 4591 3048 4646 lidei
3097 4593 3378 4645 veritatem
3411 4596 3538 4649 alus-

1963 4699 2070 4753 que
2124 4682 2231 4736 ulla
2261 4681 2697 4737 dissimulatione
2726 4684 3028 4738 secundum
3069 4686 3375 4739 sanctitatis
3434 4691 3541 4738 tu.e

282 4777 423 4848 στὴν
449 4768 633 4841 ἔταξα,
663 4775 807 4829 ῶττε
833 4774 901 4828 τὰ
935 4774 1044 4827 τῶν
1073 4773 1295 4843 πατρῶν
1328 4790 1430 4842 μου
1458 4773 1729 4845 δόγματα,
1764 4776 1859 4828 καὶ

1963 4775 2303 4846 propositum
2360 4777 2805 4830 auuuntiaturus.
2854 4776 3040 4844 Neque
3092 4777 3205 4829 tuaac
3245 4777 3366 4829 dico
3422 4784 3542 4831 tan-

278 4871 380 4939 τὴν
407 4868 508 4938 τῆς
535 4867 844 4936 όρθοδοξίας
873 4867 1161 4937 ἀκρίϐειαν
1188 4866 1565 4927 ἀνυποστόλως
1605 4866 1857 4933 διαγγέλ-

277 4961 398 5013 λειν
424 4960 563 5013 κατά
590 4960 683 5013 τὸν
715 4959 917 5013 σκοπὸν
945 4959 1045 5027 τῆς
1081 4958 1179 5026 σῆς
1217 4959 1477 5028 μεγίστης
1522 4958 1856 5030 ἁγιωσύνης.

280 5046 448 5121 Λέγω
473 5051 530 5105 δὲ
554 5050 726 5105 ταῦτα
744 5052 842 5120 οὐχ
873 5050 949 5111 ὡς
974 5052 1114 5120 ὁρῶν
1142 5050 1241 5120 τὴν
1271 5049 1516 5119 μεγάλην
1541 5051 1859 5120 ἁγιωσύνην

280 5161 382 5196 σου
445 5140 694 5196 ἐντεῦθεν
752 5139 1092 5196 ἀπελθόνταο
1131 5141 1233 5194 οὐκ
1277 5141 1360 5194 ἔτι
1395 5139 1502 5210 γὰρ
1532 5141 1630 5203 τὰς
1673 5142 1859 5195 τελευ-

276 5234 445 5295 ταίας
499 5232 731 5305 ἐλπίδας
779 5232 1163 5303 ἀπεϐάλομεν·
1213 5232 1525 5305 θαρροῦμεν
1567 5232 1624 5285 δὲ
1658 5233 1750 5286 ἐπὶ
1778 5233 1857 5303 τῷ

277 5327 408 5397 Θεῷ
458 5304 1023 5397 περιγενήίσεσθαίσε
1078 5328 1179 5395 τῆς
1210 5327 1391 5391 νόσου,
1429 5327 1521 5379 καὶ
1571 5328 1669 5381 σὺν
1724 5328 1856 5396 ἡμῖν

278 5418 526 5484 ἔσεσθαι,
564 5420 658 5472 καὶ
688 5418 805 5489 ἅμα
836 5420 901 5472 τά
936 5417 1162 5473 τοιαῦτα
1190 5418 1687 5488 ἐπεξεργάσασθαι.
1711 5419 1774 5471 Ei
1803 5417 1859 5469 δέ

277 5531 343 5580 γε
369 5505 635 5583 κρίμασιν
656 5507 736 5577 οἷς
759 5508 865 5566 οἵδε
882 5512 1015 5575 Θεὸς
1038 5511 1287 5566 ἐντεῦθεν
1302 5512 1699 5583 ἀποδημήσεις,
1725 5510 1861 5581 πρὸς

276 5605 338 5656 ὃν
367 5604 674 5674 ἡτοίμασας
705 5605 855 5673 αὐτῷ
881 5606 1043 5658 τόπον
1071 5608 1170 5675 τῆς
1204 5605 1562 5666 ἀναπαύσεως
1587 5604 1862 5674 πληροφος

279 5697 421 5765 ρῶν,
451 5697 599 5766 λέγω
623 5713 705 5751 σοι
737 5697 970 5752 ἐνώπιον
1000 5698 1094 5752 τοῦ
1118 5697 1256 5752 Θεοῦ
1286 5701 1380 5751 καὶ
1414 5698 1523 5751 τῶν
1552 5696 1722 5765 ἁγίων
1753 5697 1856 5764 ἀγο

279 5787 460 5853 γέλων
484 5790 591 5840 τῶν
608 5788 851 5857 ἀοράτως
890 5790 1315 5859 παρισταμένων
1340 5788 1432 5842 νῦν
1453 5789 1608 5857 ἡμῖν,
1633 5786 1855 5839 καὶτῶν

281 5880 728 5951 καθεηρεθέντων
774 5882 1008 5939 ἐνταῦθα
1038 5883 1243 5938 πολλῶν
1292 5882 1382 5937 καὶ
1434 5881 1727 5951 ἀξιολόγων
1759 5881 1854 5935 άν-

1711 6070 1743 6083 “

1960 4881 2125 4939 quam
2158 4875 2209 4919 te
2237 4882 2301 4920 ex
2344 4865 2446 4921 hoc
2479 4868 2682 4921 mundo
2704 4867 2993 4920 abeuntem
3024 4864 3235 4929 videns,
3268 4881 3367 4919 nec
3389 4867 3537 4919 enim

1961 4979 2111 5033 spem
2150 4965 2394 5018 ultimam
2449 4960 2747 5029 abiecimus
2778 4975 2799 5024 ,·
2826 4958 2934 5012 imo
2996 4957 3318 5013 confidimus
3370 4967 3424 5013 te
3472 4974 3539 5014 ex

1961 5055 2066 5111 hoc
2093 5057 2283 5109 morbo
2312 5051 2802 5112 convalescentem,
2838 5049 3079 5104 futurum
3126 5050 3305 5105 adhuc
3357 5051 3539 5107 nobis—

1959 5162 2106 5209 cum,
2140 5155 2194 5199 ct
2218 5145 2380 5200 simul
2412 5144 2528 5197 lucc
2549 5142 2728 5197 omnia
2750 5150 3154 5198 exsecuturum.
3184 5143 3338 5209 Quod
3370 5145 3425 5199 si
3447 5159 3540 5195 oc-

1963 5235 2126 5291 cultis
2156 5233 2376 5303 judiciis
2402 5247 2522 5302 quae
2550 5232 2691 5286 Deus
2718 5232 2888 5297 novit,
2921 5231 3048 5287 hinc
3089 5230 3154 5285 ad
3205 5230 3407 5300 quietis
3461 5230 3539 5282 lo-

1965 5340 2087 5380 eum
2122 5338 2283 5394 quem
2326 5323 2524 5393 parasti
2581 5322 2699 5389 tibi,
2731 5331 2783 5376 te
2809 5322 3042 5393 migrare
3103 5321 3405 5387 contingat,
3439 5320 3535 5373 tiI-i

1963 5416 2267 5473 certissime
2302 5415 2508 5468 allirmo
2539 5426 2725 5469 coram
2784 5415 2892 5467 Deo
2941 5423 2995 5466 et
3049 5410 3249 5465 sanctis
3309 5409 3536 5477 angelis,

1964 5510 2054 5580 qui
2086 5523 2229 5563 nunc
2261 5507 2418 5562 nobis
2443 5505 3094 5562 invisibiliterassistunt,
3126 5510 3183 5554 et
3205 5499 3391 5553 multis
3425 5499 3537 5551 cla—

1963 5600 2303 5670 rissimisque
2334 5600 2480 5665 viris,
2510 5598 2602 5668 qui
2644 5598 2729 5650 hic
2755 5602 2957 5657 astant,
2998 5608 3083 5645 me
3119 5603 3210 5644 tito
3235 5590 3357 5644 loco
3397 5589 3538 5644 futu-

1965 5710 2109 5755 rum,
2138 5703 2190 5748 et
2217 5703 2474 5761 tanquam
2521 5705 2613 5743 ore
2652 5698 2763 5752 tuo,
2800 5700 3138 5755 quaecunque
3173 5682 3539 5750 amplecteba-

1962 5786 2038 5840 ris
2068 5795 2119 5840 et
2141 5786 2393 5848 doet'bas,
2424 5782 2797 5850 amplexurum
2834 5788 2899 5832 et
2952 5776 3327 5840 defensurum,
3358 5775 3534 5828 omni—

1964 5883 2169 5953 busque
2234 5878 2678 5935 auuuntiaturum
2743 5893 2755 5930 :
2814 5872 2946 5929 nihil
3032 5872 3251 5926 omnino
3344 5883 3533 5924 eorum
