  <div class='ocr_page' id='page_1' title='image "/cluster/home/n/w/nwhite01/storage/ocr_20150623/160/hvd.32044036446961/310.png"; bbox 0 0 3932 6458; ppageno 0'>
   <div class='ocr_carea' id='block_1_1' title="bbox 44 2678 1727 2749">
    <p class='ocr_par' dir='ltr' id='par_1_1' title="bbox 44 2678 1727 2749">
     <span class='ocr_line' id='line_1_1' title="bbox 44 2678 1727 2749; baseline 0.001 -19"><span class='ocrx_word' id='word_1_1' title='bbox 44 2679 57 2693; x_wconf 79' lang='grc'><strong>⁸</strong></span> <span class='ocrx_word' id='word_1_2' title='bbox 148 2680 277 2740; x_wconf 69' lang='grc' dir='ltr'>τοὺς</span> <span class='ocrx_word' id='word_1_3' title='bbox 315 2678 546 2738; x_wconf 75' lang='grc' dir='ltr'>πολλοὺς</span> <span class='ocrx_word' id='word_1_4' title='bbox 592 2678 973 2748; x_wconf 75' lang='grc' dir='ltr'>διαπέφευγεν.</span> <span class='ocrx_word' id='word_1_5' title='bbox 1034 2678 1171 2732; x_wconf 89' lang='grc' dir='ltr'>υθεν</span> <span class='ocrx_word' id='word_1_6' title='bbox 1230 2680 1350 2731; x_wconf 77' lang='grc' dir='ltr'>οὐδὲ</span> <span class='ocrx_word' id='word_1_7' title='bbox 1405 2679 1512 2749; x_wconf 78' lang='grc' dir='ltr'>χρὴ</span> <span class='ocrx_word' id='word_1_8' title='bbox 1555 2682 1727 2731; x_wconf 79' lang='grc' dir='ltr'>ποιεῖ-</span> 
     </span>
    </p>
   </div>
   <div class='ocr_carea' id='block_1_2' title="bbox 156 332 3374 438">
    <p class='ocr_par' dir='ltr' id='par_1_2' title="bbox 156 332 3374 438">
     <span class='ocr_line' id='line_1_2' title="bbox 156 332 3374 438; baseline 0.002 -8"><span class='ocrx_word' id='word_1_9' title='bbox 156 372 238 431; x_wconf 62' lang='grc' dir='ltr'><strong>ιιι</strong></span> <span class='ocrx_word' id='word_1_10' title='bbox 1123 366 1487 428; x_wconf 71' lang='lat' dir='ltr'><strong>EPISTULA</strong></span> <span class='ocrx_word' id='word_1_11' title='bbox 1546 332 1653 429; x_wconf 61' lang='lat' dir='ltr'><strong>mi</strong></span> <span class='ocrx_word' id='word_1_12' title='bbox 1695 370 2426 433; x_wconf 63' lang='lat' dir='ltr'><strong>PBIEDESTINATIUNE</strong></span> <span class='ocrx_word' id='word_1_13' title='bbox 3273 374 3374 438; x_wconf 66' lang='grc' dir='ltr'>διε</span> 
     </span>
    </p>
   </div>
   <div class='ocr_carea' id='block_1_3' title="bbox 156 477 1718 565">
    <p class='ocr_par' dir='ltr' id='par_1_3' title="bbox 156 477 1709 557">
     <span class='ocr_line' id='line_1_3' title="bbox 156 477 1709 557; baseline 0.003 -23"><span class='ocrx_word' id='word_1_14' title='bbox 156 483 305 553; x_wconf 82' lang='grc' dir='ltr'>μηδὲν</span> <span class='ocrx_word' id='word_1_15' title='bbox 336 481 730 552; x_wconf 86' lang='grc' dir='ltr'>ἀποκρίνεσθαι</span> <span class='ocrx_word' id='word_1_16' title='bbox 768 485 896 555; x_wconf 75' lang='grc' dir='ltr'>περὶ</span> <span class='ocrx_word' id='word_1_17' title='bbox 926 477 1002 539; x_wconf 82' lang='grc' dir='ltr'>ὧν</span> <span class='ocrx_word' id='word_1_18' title='bbox 1036 485 1363 551; x_wconf 83' lang='grc' dir='ltr'>ὲπυνθάνου,</span> <span class='ocrx_word' id='word_1_19' title='bbox 1395 486 1620 557; x_wconf 82' lang='grc' dir='ltr'><strong>συνήθει</strong></span> <span class='ocrx_word' id='word_1_20' title='bbox 1652 485 1709 539; x_wconf 81' lang='grc' dir='ltr'>δὲ</span> 
     </span>
    </p>
   </div>
   <div class='ocr_carea' id='block_1_4' title="bbox 1829 477 3384 565">
    <p class='ocr_par' dir='ltr' id='par_1_4' title="bbox 1829 492 3384 565">
     <span class='ocr_line' id='line_1_4' title="bbox 1829 492 3384 565; baseline 0 -18"><span class='ocrx_word' id='word_1_21' title='bbox 1829 493 2040 561; x_wconf 74' lang='grc' dir='ltr'><strong>ιυίἀριη</strong></span> <span class='ocrx_word' id='word_1_22' title='bbox 2077 493 2207 547; x_wconf 81' lang='lat' dir='ltr'><strong>nihil</strong></span> <span class='ocrx_word' id='word_1_23' title='bbox 2239 492 2306 546; x_wconf 89' lang='lat' dir='ltr'><strong>ad</strong></span> <span class='ocrx_word' id='word_1_24' title='bbox 2338 508 2399 548; x_wconf 85' lang='lat' dir='ltr'><strong>ea</strong></span> <span class='ocrx_word' id='word_1_25' title='bbox 2431 493 2782 564; x_wconf 86' lang='lat' dir='ltr'><strong>respondere,</strong></span> <span class='ocrx_word' id='word_1_26' title='bbox 2810 494 2877 550; x_wconf 88' lang='lat' dir='ltr'><strong>de</strong></span> <span class='ocrx_word' id='word_1_27' title='bbox 2925 494 3123 565; x_wconf 83' lang='lat' dir='ltr'><strong>quibus</strong></span> <span class='ocrx_word' id='word_1_28' title='bbox 3154 510 3384 564; x_wconf 80' lang='lat' dir='ltr'><strong>percun-</strong></span> 
     </span>
    </p>
   </div>
   <div class='ocr_carea' id='block_1_5' title="bbox 160 573 1718 657">
    <p class='ocr_par' dir='ltr' id='par_1_5' title="bbox 160 573 1702 647">
     <span class='ocr_line' id='line_1_5' title="bbox 160 573 1702 647; baseline 0.005 -23"><span class='ocrx_word' id='word_1_29' title='bbox 160 576 320 643; x_wconf 73' lang='grc' dir='ltr'>τραφῇ</span> <span class='ocrx_word' id='word_1_30' title='bbox 350 573 409 625; x_wconf 83' lang='grc' dir='ltr'>τὸ</span> <span class='ocrx_word' id='word_1_31' title='bbox 435 574 532 643; x_wconf 84' lang='grc' dir='ltr'>τῆς</span> <span class='ocrx_word' id='word_1_32' title='bbox 555 576 770 639; x_wconf 76' lang='grc' dir='ltr'><strong>εὐνοίας</strong></span> <span class='ocrx_word' id='word_1_33' title='bbox 791 576 946 645; x_wconf 69' lang='grc' dir='ltr'><strong>χρέος⁸</strong></span> <span class='ocrx_word' id='word_1_34' title='bbox 976 576 1240 646; x_wconf 82' lang='grc' dir='ltr'>πληροῦν.</span> <span class='ocrx_word' id='word_1_35' title='bbox 1283 576 1341 629; x_wconf 84' lang='grc'><strong>’0</strong></span> <span class='ocrx_word' id='word_1_36' title='bbox 1369 575 1479 647; x_wconf 81' lang='grc' dir='ltr'><strong>γὰρ</strong></span> <span class='ocrx_word' id='word_1_37' title='bbox 1504 580 1536 647; x_wconf 93' lang='grc' dir='ltr'><strong>ή</strong></span> <span class='ocrx_word' id='word_1_38' title='bbox 1546 579 1702 647; x_wconf 84' lang='grc' dir='ltr'>μέτε-</span> 
     </span>
    </p>
   </div>
   <div class='ocr_carea' id='block_1_6' title="bbox 1829 573 3384 657">
    <p class='ocr_par' dir='ltr' id='par_1_6' title="bbox 1829 574 3384 657">
     <span class='ocr_line' id='line_1_6' title="bbox 1829 574 3384 657; baseline 0.002 -18"><span class='ocrx_word' id='word_1_39' title='bbox 1829 593 1989 641; x_wconf 82' lang='lat' dir='ltr'><strong>:tatus</strong></span> <span class='ocrx_word' id='word_1_40' title='bbox 2036 574 2240 650; x_wconf 79' lang='lat' dir='ltr'><strong>fueras,</strong></span> <span class='ocrx_word' id='word_1_41' title='bbox 2277 585 2372 640; x_wconf 92' lang='lat' dir='ltr'><strong>sed</strong></span> <span class='ocrx_word' id='word_1_42' title='bbox 2409 594 2668 642; x_wconf 88' lang='lat' dir='ltr'><strong>consueta</strong></span> <span class='ocrx_word' id='word_1_43' title='bbox 2702 586 3063 657; x_wconf 81' lang='lat' dir='ltr'><strong>familiarique</strong></span> <span class='ocrx_word' id='word_1_44' title='bbox 3087 588 3384 654; x_wconf 72' lang='lat' dir='ltr'><strong>scriptione</strong></span> 
     </span>
    </p>
   </div>
   <div class='ocr_carea' id='block_1_7' title="bbox 155 662 1718 749">
    <p class='ocr_par' dir='ltr' id='par_1_7' title="bbox 155 662 1705 737">
     <span class='ocr_line' id='line_1_7' title="bbox 155 662 1705 737; baseline 0.006 -25"><span class='ocrx_word' id='word_1_45' title='bbox 155 680 232 732; x_wconf 79' lang='grc' dir='ltr'><strong>ρος</strong></span> <span class='ocrx_word' id='word_1_46' title='bbox 266 662 453 732; x_wconf 84' lang='grc' dir='ltr'>καιρὸς</span> <span class='ocrx_word' id='word_1_47' title='bbox 483 663 575 716; x_wconf 76' lang='grc' dir='ltr'>καὶ</span> <span class='ocrx_word' id='word_1_48' title='bbox 613 665 723 717; x_wconf 87' lang='grc' dir='ltr'><strong>τῶν</strong></span> <span class='ocrx_word' id='word_1_49' title='bbox 751 666 1034 736; x_wconf 73' lang='grc' dir='ltr'><strong>ἡμετέρων</strong></span> <span class='ocrx_word' id='word_1_50' title='bbox 1076 663 1249 735; x_wconf 76' lang='grc' dir='ltr'>ᾤχετο</span> <span class='ocrx_word' id='word_1_51' title='bbox 1275 665 1472 734; x_wconf 85' lang='grc' dir='ltr'>λόγων,</span> <span class='ocrx_word' id='word_1_52' title='bbox 1504 667 1705 737; x_wconf 80' lang='grc' dir='ltr'>μᾶλλον</span> 
     </span>
    </p>
   </div>
   <div class='ocr_carea' id='block_1_8' title="bbox 1829 662 3385 749">
    <p class='ocr_par' dir='ltr' id='par_1_8' title="bbox 1829 678 3385 749">
     <span class='ocr_line' id='line_1_8' title="bbox 1829 678 3385 749; baseline -0.002 -14"><span class='ocrx_word' id='word_1_53' title='bbox 1829 680 2213 736; x_wconf 70' lang='lat' dir='ltr'><strong>ienevolentia:</strong></span> <span class='ocrx_word' id='word_1_54' title='bbox 2271 679 2512 735; x_wconf 89' lang='lat' dir='ltr'><strong>debitum</strong></span> <span class='ocrx_word' id='word_1_55' title='bbox 2572 678 2960 749; x_wconf 81' lang='lat' dir='ltr'><strong>persolvendo,</strong></span> <span class='ocrx_word' id='word_1_56' title='bbox 3016 679 3115 735; x_wconf 85' lang='lat' dir='ltr'><strong>tibi</strong></span> <span class='ocrx_word' id='word_1_57' title='bbox 3169 678 3385 734; x_wconf 83' lang='lat' dir='ltr'><strong>satisfa-</strong></span> 
     </span>
    </p>
   </div>
   <div class='ocr_carea' id='block_1_9' title="bbox 155 754 1718 844">
    <p class='ocr_par' dir='ltr' id='par_1_9' title="bbox 155 754 1707 829">
     <span class='ocr_line' id='line_1_9' title="bbox 155 754 1707 829; baseline 0.006 -24"><span class='ocrx_word' id='word_1_58' title='bbox 155 754 202 805; x_wconf 70' lang='grc' dir='ltr'>δὲ</span> <span class='ocrx_word' id='word_1_59' title='bbox 255 754 451 818; x_wconf 76' lang='grc' dir='ltr'>παντὸς</span> <span class='ocrx_word' id='word_1_60' title='bbox 483 754 711 823; x_wconf 81' lang='grc' dir='ltr'><strong>ἀγαθοῦ,</strong></span> <span class='ocrx_word' id='word_1_61' title='bbox 744 758 838 810; x_wconf 77' lang='grc' dir='ltr'><strong>καὶ</strong></span> <span class='ocrx_word' id='word_1_62' title='bbox 879 758 960 810; x_wconf 79' lang='grc' dir='ltr'>δεῖ</span> <span class='ocrx_word' id='word_1_63' title='bbox 987 757 1087 828; x_wconf 84' lang='grc' dir='ltr'><strong>τήν</strong></span> <span class='ocrx_word' id='word_1_64' title='bbox 1144 758 1386 828; x_wconf 75' lang='grc' dir='ltr'><strong>ἐσχάτην</strong></span> <span class='ocrx_word' id='word_1_65' title='bbox 1427 760 1707 829; x_wconf 83' lang='grc' dir='ltr'><strong>ἀμορφίαν</strong></span> 
     </span>
    </p>
   </div>
   <div class='ocr_carea' id='block_1_10' title="bbox 1829 754 3388 844">
    <p class='ocr_par' dir='ltr' id='par_1_10' title="bbox 1829 772 3388 844">
     <span class='ocr_line' id='line_1_10' title="bbox 1829 772 3388 844; baseline -0.004 -15"><span class='ocrx_word' id='word_1_66' title='bbox 1829 789 1953 829; x_wconf 68' lang='lat' dir='ltr'><strong>tere.</strong></span> <span class='ocrx_word' id='word_1_67' title='bbox 1990 772 2200 828; x_wconf 78' lang='lat' dir='ltr'><strong>Etenim</strong></span> <span class='ocrx_word' id='word_1_68' title='bbox 2230 781 2595 844; x_wconf 92' lang='lat' dir='ltr'><strong>opportunum</strong></span> <span class='ocrx_word' id='word_1_69' title='bbox 2646 780 2857 839; x_wconf 78' lang='lat' dir='ltr'><strong>tempus</strong></span> <span class='ocrx_word' id='word_1_70' title='bbox 2903 776 2960 825; x_wconf 91' lang='lat' dir='ltr'><strong>et</strong></span> <span class='ocrx_word' id='word_1_71' title='bbox 3004 772 3208 826; x_wconf 86' lang='lat' dir='ltr'><strong>nostris</strong></span> <span class='ocrx_word' id='word_1_72' title='bbox 3256 785 3388 824; x_wconf 84' lang='lat' dir='ltr'><strong>con-</strong></span> 
     </span>
    </p>
   </div>
   <div class='ocr_carea' id='block_1_11' title="bbox 155 845 1718 939">
    <p class='ocr_par' dir='ltr' id='par_1_11' title="bbox 155 845 1709 939">
     <span class='ocr_line' id='line_1_11' title="bbox 155 845 1709 939; baseline 0.006 -42"><span class='ocrx_word' id='word_1_73' title='bbox 155 845 234 898; x_wconf 82' lang='grc' dir='ltr'>τοῦ</span> <span class='ocrx_word' id='word_1_74' title='bbox 265 846 542 939; x_wconf 25' lang='grc' dir='ltr'>γένουςμὲν</span> <span class='ocrx_word' id='word_1_75' title='bbox 567 846 768 902; x_wconf 77' lang='grc' dir='ltr'>ἀπαντι</span> <span class='ocrx_word' id='word_1_76' title='bbox 796 851 1082 919; x_wconf 80' lang='grc' dir='ltr'><strong>πράγματι</strong></span> <span class='ocrx_word' id='word_1_77' title='bbox 1127 849 1474 920; x_wconf 78' lang='grc' dir='ltr'>καθημένους</span> <span class='ocrx_word' id='word_1_78' title='bbox 1506 852 1566 905; x_wconf 71' lang='grc' dir='ltr'>ὲν</span> <span class='ocrx_word' id='word_1_79' title='bbox 1599 869 1709 921; x_wconf 85' lang='grc' dir='ltr'>γω-</span> 
     </span>
    </p>
   </div>
   <div class='ocr_carea' id='block_1_12' title="bbox 1829 845 3388 939">
    <p class='ocr_par' dir='ltr' id='par_1_12' title="bbox 1829 865 3388 939">
     <span class='ocr_line' id='line_1_12' title="bbox 1829 865 3388 939; baseline -0.003 -14"><span class='ocrx_word' id='word_1_80' title='bbox 1829 884 2026 925; x_wconf 86' lang='lat' dir='ltr'><strong>:essum</strong></span> <span class='ocrx_word' id='word_1_81' title='bbox 2064 868 2407 925; x_wconf 72' lang='lat' dir='ltr'><strong>sermonibus</strong></span> <span class='ocrx_word' id='word_1_82' title='bbox 2448 867 2726 939; x_wconf 64' lang='lat' dir='ltr'><strong>praeteriit,</strong></span> <span class='ocrx_word' id='word_1_83' title='bbox 2779 868 2889 921; x_wconf 91' lang='lat' dir='ltr'><strong>imo</strong></span> <span class='ocrx_word' id='word_1_84' title='bbox 2934 865 3111 936; x_wconf 81' lang='lat' dir='ltr'><strong>potius</strong></span> <span class='ocrx_word' id='word_1_85' title='bbox 3146 865 3388 931; x_wconf 78' lang='lat' dir='ltr'><strong>cujusvis</strong></span> 
     </span>
    </p>
   </div>
   <div class='ocr_carea' id='block_1_13' title="bbox 155 933 1718 1031">
    <p class='ocr_par' dir='ltr' id='par_1_13' title="bbox 155 933 1709 1011">
     <span class='ocr_line' id='line_1_13' title="bbox 155 933 1709 1011; baseline 0.004 -24"><span class='ocrx_word' id='word_1_86' title='bbox 155 935 231 1004; x_wconf 72' lang='grc' dir='ltr'><strong>νίᾳ</strong></span> <span class='ocrx_word' id='word_1_87' title='bbox 283 951 384 987; x_wconf 93' lang='grc' dir='ltr'><strong>που</strong></span> <span class='ocrx_word' id='word_1_88' title='bbox 444 933 662 1007; x_wconf 77' lang='grc' dir='ltr'>θρηνεῖν</span> <span class='ocrx_word' id='word_1_89' title='bbox 712 940 912 1008; x_wconf 77' lang='grc' dir='ltr'>σιωπῇ,</span> <span class='ocrx_word' id='word_1_90' title='bbox 963 939 1060 992; x_wconf 77' lang='grc' dir='ltr'>καὶ</span> <span class='ocrx_word' id='word_1_91' title='bbox 1105 938 1205 1010; x_wconf 84' lang='grc' dir='ltr'><strong>τήν</strong></span> <span class='ocrx_word' id='word_1_92' title='bbox 1259 941 1564 1008; x_wconf 83' lang='grc' dir='ltr'>ἀπαγωγὴν</span> <span class='ocrx_word' id='word_1_93' title='bbox 1607 941 1709 1011; x_wconf 81' lang='grc' dir='ltr'>τῆς</span> 
     </span>
    </p>
   </div>
   <div class='ocr_carea' id='block_1_14' title="bbox 1829 933 3385 1031">
    <p class='ocr_par' dir='ltr' id='par_1_14' title="bbox 1829 956 3385 1031">
     <span class='ocr_line' id='line_1_14' title="bbox 1829 956 3385 1031; baseline -0.006 -13"><span class='ocrx_word' id='word_1_94' title='bbox 1829 963 1940 1018; x_wconf 81' lang='grc' dir='ltr'><strong>)οηί</strong></span> <span class='ocrx_word' id='word_1_95' title='bbox 1981 961 2199 1017; x_wconf 86' lang='lat' dir='ltr'><strong>occasio</strong></span> <span class='ocrx_word' id='word_1_96' title='bbox 2236 978 2251 1016; x_wconf 89' lang='lat'><strong>:</strong></span> <span class='ocrx_word' id='word_1_97' title='bbox 2283 960 2411 1030; x_wconf 86' lang='lat' dir='ltr'><strong>quin</strong></span> <span class='ocrx_word' id='word_1_98' title='bbox 2438 967 2744 1015; x_wconf 81' lang='lat' dir='ltr'><strong>extremam</strong></span> <span class='ocrx_word' id='word_1_99' title='bbox 2779 958 2955 1031; x_wconf 89' lang='lat' dir='ltr'><strong>gentis</strong></span> <span class='ocrx_word' id='word_1_100' title='bbox 2988 956 3385 1012; x_wconf 77' lang='lat' dir='ltr'><strong>deformitatem</strong></span> 
     </span>
    </p>
   </div>
   <div class='ocr_carea' id='block_1_15' title="bbox 154 1025 1718 1125">
    <p class='ocr_par' dir='ltr' id='par_1_15' title="bbox 154 1025 1705 1102">
     <span class='ocr_line' id='line_1_15' title="bbox 154 1025 1705 1102; baseline 0.006 -24"><span class='ocrx_word' id='word_1_101' title='bbox 154 1026 391 1095; x_wconf 73' lang='grc' dir='ltr'><strong>τοιαύτης</strong></span> <span class='ocrx_word' id='word_1_102' title='bbox 419 1025 749 1091; x_wconf 71' lang='grc' dir='ltr'><strong>ἐξαιτεῖσθαι</strong></span> <span class='ocrx_word' id='word_1_103' title='bbox 772 1029 938 1099; x_wconf 75' lang='grc' dir='ltr'>ζωῆς,</span> <span class='ocrx_word' id='word_1_104' title='bbox 962 1030 1163 1084; x_wconf 81' lang='grc' dir='ltr'>ὁπόταν</span> <span class='ocrx_word' id='word_1_105' title='bbox 1188 1029 1415 1102; x_wconf 80' lang='grc' dir='ltr'>ὲπινεύῃ</span> <span class='ocrx_word' id='word_1_106' title='bbox 1442 1031 1505 1083; x_wconf 82' lang='grc' dir='ltr'><strong>τὸ</strong></span> <span class='ocrx_word' id='word_1_107' title='bbox 1530 1031 1705 1089; x_wconf 85' lang='grc' dir='ltr'>Θείον.</span> 
     </span>
    </p>
   </div>
   <div class='ocr_carea' id='block_1_16' title="bbox 1829 1025 3392 1125">
    <p class='ocr_par' dir='ltr' id='par_1_16' title="bbox 1829 1047 3392 1125">
     <span class='ocr_line' id='line_1_16' title="bbox 1829 1047 3392 1125; baseline -0.003 -17"><span class='ocrx_word' id='word_1_108' title='bbox 1829 1057 1872 1110; x_wconf 75' lang='lat' dir='ltr'><strong>in</strong></span> <span class='ocrx_word' id='word_1_109' title='bbox 1915 1056 2062 1109; x_wconf 90' lang='lat' dir='ltr'><strong>omni</strong></span> <span class='ocrx_word' id='word_1_110' title='bbox 2095 1054 2312 1125; x_wconf 82' lang='lat' dir='ltr'><strong>negotio</strong></span> <span class='ocrx_word' id='word_1_111' title='bbox 2335 1051 2685 1107; x_wconf 90' lang='lat' dir='ltr'><strong>considentes</strong></span> <span class='ocrx_word' id='word_1_112' title='bbox 2714 1051 2768 1104; x_wconf 83' lang='lat' dir='ltr'><strong>in</strong></span> <span class='ocrx_word' id='word_1_113' title='bbox 2794 1050 2993 1120; x_wconf 80' lang='lat' dir='ltr'><strong>angulo</strong></span> <span class='ocrx_word' id='word_1_114' title='bbox 3016 1049 3200 1119; x_wconf 84' lang='lat' dir='ltr'><strong>lugere</strong></span> <span class='ocrx_word' id='word_1_115' title='bbox 3231 1047 3392 1103; x_wconf 86' lang='lat' dir='ltr'><strong>tacite</strong></span> 
     </span>
    </p>
   </div>
   <div class='ocr_carea' id='block_1_17' title="bbox 167 1117 1718 1215">
    <p class='ocr_par' dir='ltr' id='par_1_17' title="bbox 167 1117 1711 1194">
     <span class='ocr_line' id='line_1_17' title="bbox 167 1117 1711 1194; baseline 0.005 -24"><span class='ocrx_word' id='word_1_116' title='bbox 167 1117 293 1171; x_wconf 83' lang='grc' dir='ltr'>Ἀλλ’</span> <span class='ocrx_word' id='word_1_117' title='bbox 320 1121 353 1188; x_wconf 92' lang='grc' dir='ltr'><strong>ή</strong></span> <span class='ocrx_word' id='word_1_118' title='bbox 381 1120 516 1189; x_wconf 84' lang='grc' dir='ltr'>πρὸς</span> <span class='ocrx_word' id='word_1_119' title='bbox 544 1122 634 1175; x_wconf 82' lang='grc' dir='ltr'>τὸν</span> <span class='ocrx_word' id='word_1_120' title='bbox 663 1121 836 1189; x_wconf 84' lang='grc' dir='ltr'>μέγαν</span> <span class='ocrx_word' id='word_1_121' title='bbox 862 1120 1140 1175; x_wconf 80' lang='grc' dir='ltr'><strong>Βασίλειον</strong></span> <span class='ocrx_word' id='word_1_122' title='bbox 1160 1122 1324 1185; x_wconf 82' lang='grc' dir='ltr'>αἰδὼς</span> <span class='ocrx_word' id='word_1_123' title='bbox 1355 1123 1711 1194; x_wconf 79' lang='grc' dir='ltr'>κατηνάγκα-</span> 
     </span>
    </p>
   </div>
   <div class='ocr_carea' id='block_1_18' title="bbox 1829 1117 3390 1215">
    <p class='ocr_par' dir='ltr' id='par_1_18' title="bbox 1829 1117 3390 1215">
     <span class='ocr_line' id='line_1_18' title="bbox 1829 1117 3390 1215; baseline -0.006 -15"><span class='ocrx_word' id='word_1_124' title='bbox 1829 1146 2013 1202; x_wconf 69' lang='lat' dir='ltr'><strong>alicubi</strong></span> <span class='ocrx_word' id='word_1_125' title='bbox 2045 1117 2286 1215; x_wconf 66' lang='lat' dir='ltr'><strong>prrestat,</strong></span> <span class='ocrx_word' id='word_1_126' title='bbox 2331 1152 2387 1199; x_wconf 90' lang='lat' dir='ltr'><strong>et</strong></span> <span class='ocrx_word' id='word_1_127' title='bbox 2445 1142 2821 1197; x_wconf 91' lang='lat' dir='ltr'><strong>avocationem</strong></span> <span class='ocrx_word' id='word_1_128' title='bbox 2862 1117 2929 1195; x_wconf 75' lang='lat' dir='ltr'><strong>ab</strong></span> <span class='ocrx_word' id='word_1_129' title='bbox 2973 1117 3242 1209; x_wconf 78' lang='lat' dir='ltr'><strong>ejusmodi</strong></span> <span class='ocrx_word' id='word_1_130' title='bbox 3280 1139 3390 1193; x_wconf 90' lang='lat' dir='ltr'><strong>vita</strong></span> 
     </span>
    </p>
   </div>
   <div class='ocr_carea' id='block_1_19' title="bbox 155 1207 1718 1312">
    <p class='ocr_par' dir='ltr' id='par_1_19' title="bbox 155 1207 1711 1285">
     <span class='ocr_line' id='line_1_19' title="bbox 155 1207 1711 1285; baseline 0.006 -26"><span class='ocrx_word' id='word_1_131' title='bbox 155 1224 253 1261; x_wconf 78' lang='grc' dir='ltr'>σιν.</span> <span class='ocrx_word' id='word_1_132' title='bbox 301 1207 527 1279; x_wconf 83' lang='grc' dir='ltr'>Ἐκείνῳ</span> <span class='ocrx_word' id='word_1_133' title='bbox 576 1210 757 1263; x_wconf 79' lang='grc' dir='ltr'>τοίνυν</span> <span class='ocrx_word' id='word_1_134' title='bbox 788 1211 930 1281; x_wconf 78' lang='grc' dir='ltr'>ἔχοις</span> <span class='ocrx_word' id='word_1_135' title='bbox 966 1212 1033 1267; x_wconf 84' lang='grc' dir='ltr'>ἂν</span> <span class='ocrx_word' id='word_1_136' title='bbox 1076 1212 1175 1282; x_wconf 83' lang='grc' dir='ltr'>τὴν</span> <span class='ocrx_word' id='word_1_137' title='bbox 1208 1213 1385 1284; x_wconf 84' lang='grc' dir='ltr'>χάριν,</span> <span class='ocrx_word' id='word_1_138' title='bbox 1417 1217 1518 1285; x_wconf 87' lang='grc' dir='ltr'><strong>οὐχ</strong></span> <span class='ocrx_word' id='word_1_139' title='bbox 1560 1214 1711 1285; x_wconf 82' lang='grc' dir='ltr'>ὑμῖν,</span> 
     </span>
    </p>
   </div>
   <div class='ocr_carea' id='block_1_20' title="bbox 1829 1207 3393 1312">
    <p class='ocr_par' dir='ltr' id='par_1_20' title="bbox 1829 1232 3393 1307">
     <span class='ocr_line' id='line_1_20' title="bbox 1829 1232 3393 1307; baseline -0.004 -17"><span class='ocrx_word' id='word_1_140' title='bbox 1829 1251 2131 1307; x_wconf 68' lang='lat' dir='ltr'><strong>exposcere,</strong></span> <span class='ocrx_word' id='word_1_141' title='bbox 2174 1234 2397 1306; x_wconf 86' lang='lat' dir='ltr'><strong>quando</strong></span> <span class='ocrx_word' id='word_1_142' title='bbox 2422 1232 2633 1289; x_wconf 87' lang='lat' dir='ltr'><strong>Numen</strong></span> <span class='ocrx_word' id='word_1_143' title='bbox 2666 1232 2882 1288; x_wconf 85' lang='lat' dir='ltr'><strong>annuit.</strong></span> <span class='ocrx_word' id='word_1_144' title='bbox 2911 1233 3016 1289; x_wconf 88' lang='lat' dir='ltr'><strong>Sed</strong></span> <span class='ocrx_word' id='word_1_145' title='bbox 3049 1233 3349 1288; x_wconf 88' lang='lat' dir='ltr'><strong>reverentia</strong></span> <span class='ocrx_word' id='word_1_146' title='bbox 3378 1268 3393 1293; x_wconf 87' lang='lat'><strong>,</strong></span> 
     </span>
    </p>
   </div>
   <div class='ocr_carea' id='block_1_21' title="bbox 153 1302 1718 1397">
    <p class='ocr_par' dir='ltr' id='par_1_21' title="bbox 153 1302 848 1370">
     <span class='ocr_line' id='line_1_21' title="bbox 153 1302 848 1370; baseline 0.012 -19"><span class='ocrx_word' id='word_1_147' title='bbox 153 1302 366 1369; x_wconf 75' lang='grc' dir='ltr'>ταυτησὶ</span> <span class='ocrx_word' id='word_1_148' title='bbox 402 1302 500 1369; x_wconf 82' lang='grc' dir='ltr'>τῆς</span> <span class='ocrx_word' id='word_1_149' title='bbox 528 1302 848 1370; x_wconf 76' lang='grc' dir='ltr'>ἀπολογίας.</span> 
     </span>
    </p>
   </div>
   <div class='ocr_carea' id='block_1_22' title="bbox 1829 1302 3397 1397">
    <p class='ocr_par' dir='ltr' id='par_1_22' title="bbox 1829 1322 3397 1397">
     <span class='ocr_line' id='line_1_22' title="bbox 1829 1322 3397 1397; baseline -0.003 -18"><span class='ocrx_word' id='word_1_150' title='bbox 1829 1341 1919 1396; x_wconf 64' lang='grc' dir='ltr'><strong>μισ</strong></span> <span class='ocrx_word' id='word_1_151' title='bbox 1973 1326 2233 1382; x_wconf 84' lang='lat' dir='ltr'><strong>Basilium</strong></span> <span class='ocrx_word' id='word_1_152' title='bbox 2288 1327 2538 1397; x_wconf 86' lang='lat' dir='ltr'><strong>Magnum</strong></span> <span class='ocrx_word' id='word_1_153' title='bbox 2585 1339 2912 1395; x_wconf 90' lang='lat' dir='ltr'><strong>prosequor,</strong></span> <span class='ocrx_word' id='word_1_154' title='bbox 2948 1323 3015 1378; x_wconf 89' lang='lat' dir='ltr'><strong>ad</strong></span> <span class='ocrx_word' id='word_1_155' title='bbox 3054 1322 3397 1393; x_wconf 81' lang='lat' dir='ltr'><strong>responden-</strong></span> 
     </span>
    </p>
   </div>
   <div class='ocr_carea' id='block_1_23' title="bbox 1816 1413 3395 1489">
    <p class='ocr_par' dir='ltr' id='par_1_23' title="bbox 1816 1413 3395 1489">
     <span class='ocr_line' id='line_1_23' title="bbox 1816 1413 3395 1489; baseline -0.002 -16"><span class='ocrx_word' id='word_1_156' title='bbox 1816 1417 1946 1473; x_wconf 92' lang='lat' dir='ltr'><strong>dum</strong></span> <span class='ocrx_word' id='word_1_157' title='bbox 1982 1419 2182 1489; x_wconf 87' lang='lat' dir='ltr'><strong>coegit.</strong></span> <span class='ocrx_word' id='word_1_158' title='bbox 2212 1416 2480 1485; x_wconf 85' lang='lat' dir='ltr'><strong>Quocirca</strong></span> <span class='ocrx_word' id='word_1_159' title='bbox 2515 1416 2745 1489; x_wconf 90' lang='lat' dir='ltr'><strong>gratiam</strong></span> <span class='ocrx_word' id='word_1_160' title='bbox 2782 1416 2857 1471; x_wconf 90' lang='lat' dir='ltr'><strong>illi</strong></span> <span class='ocrx_word' id='word_1_161' title='bbox 2886 1415 3085 1471; x_wconf 90' lang='lat' dir='ltr'><strong>habere</strong></span> <span class='ocrx_word' id='word_1_162' title='bbox 3111 1424 3263 1486; x_wconf 88' lang='lat' dir='ltr'><strong>potes</strong></span> <span class='ocrx_word' id='word_1_163' title='bbox 3289 1413 3395 1470; x_wconf 90' lang='lat' dir='ltr'><strong>hu-</strong></span> 
     </span>
    </p>
   </div>
   <div class='ocr_carea' id='block_1_24' title="bbox 1813 1507 2797 1581">
    <p class='ocr_par' dir='ltr' id='par_1_24' title="bbox 1813 1507 2797 1581">
     <span class='ocr_line' id='line_1_24' title="bbox 1813 1507 2797 1581; baseline 0.001 -19"><span class='ocrx_word' id='word_1_164' title='bbox 1813 1508 1904 1581; x_wconf 84' lang='lat' dir='ltr'><strong>jus</strong></span> <span class='ocrx_word' id='word_1_165' title='bbox 1937 1510 2228 1580; x_wconf 62' lang='lat' dir='ltr'><strong>Apologia,</strong></span> <span class='ocrx_word' id='word_1_166' title='bbox 2263 1524 2369 1563; x_wconf 87' lang='lat' dir='ltr'><strong>non</strong></span> <span class='ocrx_word' id='word_1_167' title='bbox 2400 1519 2579 1564; x_wconf 90' lang='lat' dir='ltr'><strong>autem</strong></span> <span class='ocrx_word' id='word_1_168' title='bbox 2615 1507 2797 1563; x_wconf 89' lang='lat' dir='ltr'><strong>nobis.</strong></span> 
     </span>
    </p>
   </div>
   <div class='ocr_carea' id='block_1_25' title="bbox 1893 1598 3397 1671">
    <p class='ocr_par' dir='ltr' id='par_1_25' title="bbox 1893 1598 3397 1671">
     <span class='ocr_line' id='line_1_25' title="bbox 1893 1598 3397 1671; baseline -0.001 -18"><span class='ocrx_word' id='word_1_169' title='bbox 1893 1599 2186 1657; x_wconf 79' lang='lat' dir='ltr'><strong>Enimvero</strong></span> <span class='ocrx_word' id='word_1_170' title='bbox 2232 1616 2469 1671; x_wconf 81' lang='lat' dir='ltr'><strong>magnus</strong></span> <span class='ocrx_word' id='word_1_171' title='bbox 2520 1601 2775 1658; x_wconf 87' lang='lat' dir='ltr'><strong>Ecclesiae</strong></span> <span class='ocrx_word' id='word_1_172' title='bbox 2821 1600 3013 1656; x_wconf 91' lang='lat' dir='ltr'><strong>doctor</strong></span> <span class='ocrx_word' id='word_1_173' title='bbox 3046 1598 3122 1653; x_wconf 88' lang='lat' dir='ltr'><strong>ait</strong></span> <span class='ocrx_word' id='word_1_174' title='bbox 3150 1598 3397 1653; x_wconf 78' lang='lat' dir='ltr'><strong>alicubi:</strong></span> 
     </span>
    </p>
   </div>
   <div class='ocr_carea' id='block_1_26' title="bbox 1828 1690 3407 1760">
    <p class='ocr_par' dir='ltr' id='par_1_26' title="bbox 1828 1690 3407 1760">
     <span class='ocr_line' id='line_1_26' title="bbox 1828 1690 3407 1760; baseline -0.003 -13"><span class='ocrx_word' id='word_1_175' title='bbox 1828 1712 1848 1747; x_wconf 79' lang='grc' dir='ltr'><strong>ι</strong></span> <span class='ocrx_word' id='word_1_176' title='bbox 1888 1690 2088 1750; x_wconf 78' lang='lat' dir='ltr'><strong>Mortes</strong></span> <span class='ocrx_word' id='word_1_177' title='bbox 2138 1703 2320 1749; x_wconf 88' lang='lat' dir='ltr'><strong>autem</strong></span> <span class='ocrx_word' id='word_1_178' title='bbox 2369 1693 2743 1760; x_wconf 90' lang='lat' dir='ltr'><strong>inducuntur,</strong></span> <span class='ocrx_word' id='word_1_179' title='bbox 2798 1691 3051 1748; x_wconf 81' lang='lat' dir='ltr'><strong>terminis</strong></span> <span class='ocrx_word' id='word_1_180' title='bbox 3084 1690 3209 1745; x_wconf 82' lang='lat' dir='ltr'><strong>vitae</strong></span> <span class='ocrx_word' id='word_1_181' title='bbox 3242 1690 3407 1745; x_wconf 88' lang='lat' dir='ltr'><strong>abso-</strong></span> 
     </span>
    </p>
   </div>
   <div class='ocr_carea' id='block_1_27' title="bbox 1748 1780 3406 1877">
    <p class='ocr_par' dir='ltr' id='par_1_27' title="bbox 1748 1780 3406 1877">
     <span class='ocr_line' id='line_1_27' title="bbox 1748 1780 3406 1877; baseline -0.002 -41"><span class='ocrx_word' id='word_1_182' title='bbox 1748 1819 1789 1877; x_wconf 72' lang='grc' dir='ltr'><strong><em>Β</em></strong></span> <span class='ocrx_word' id='word_1_183' title='bbox 1820 1783 1970 1848; x_wconf 89' lang='lat' dir='ltr'><strong>lutis,</strong></span> <span class='ocrx_word' id='word_1_184' title='bbox 2001 1797 2138 1853; x_wconf 86' lang='lat' dir='ltr'><strong>quos</strong></span> <span class='ocrx_word' id='word_1_185' title='bbox 2168 1783 2312 1839; x_wconf 91' lang='lat' dir='ltr'><strong>circa</strong></span> <span class='ocrx_word' id='word_1_186' title='bbox 2337 1798 2785 1856; x_wconf 85' lang='lat' dir='ltr'><strong>unumquemque</strong></span> <span class='ocrx_word' id='word_1_187' title='bbox 2814 1784 2931 1838; x_wconf 80' lang='lat' dir='ltr'><strong>fixit</strong></span> <span class='ocrx_word' id='word_1_188' title='bbox 2958 1782 3161 1852; x_wconf 74' lang='lat' dir='ltr'><strong>justum</strong></span> <span class='ocrx_word' id='word_1_189' title='bbox 3199 1781 3289 1834; x_wconf 85' lang='lat' dir='ltr'><strong>Dei</strong></span> <span class='ocrx_word' id='word_1_190' title='bbox 3318 1780 3406 1849; x_wconf 85' lang='lat' dir='ltr'><strong>ju-</strong></span> 
     </span>
    </p>
   </div>
   <div class='ocr_carea' id='block_1_28' title="bbox 1818 1874 3402 1947">
    <p class='ocr_par' dir='ltr' id='par_1_28' title="bbox 1818 1874 3402 1947">
     <span class='ocr_line' id='line_1_28' title="bbox 1818 1874 3402 1947; baseline -0.004 -17"><span class='ocrx_word' id='word_1_191' title='bbox 1818 1875 2040 1943; x_wconf 89' lang='lat' dir='ltr'><strong>dicium,</strong></span> <span class='ocrx_word' id='word_1_192' title='bbox 2067 1876 2276 1932; x_wconf 88' lang='lat' dir='ltr'><strong>eminus</strong></span> <span class='ocrx_word' id='word_1_193' title='bbox 2302 1877 2448 1947; x_wconf 83' lang='lat' dir='ltr'><strong>quod</strong></span> <span class='ocrx_word' id='word_1_194' title='bbox 2500 1877 2657 1933; x_wconf 91' lang='lat' dir='ltr'><strong>nobis</strong></span> <span class='ocrx_word' id='word_1_195' title='bbox 2684 1876 2940 1931; x_wconf 88' lang='lat' dir='ltr'><strong>conducit</strong></span> <span class='ocrx_word' id='word_1_196' title='bbox 2966 1874 3402 1947; x_wconf 63' lang='lat' dir='ltr'><strong>prospicientis.»</strong></span> 
     </span>
    </p>
   </div>
   <div class='ocr_carea' id='block_1_29' title="bbox 1818 1962 3409 2033">
    <p class='ocr_par' dir='ltr' id='par_1_29' title="bbox 1818 1962 3409 2033">
     <span class='ocr_line' id='line_1_29' title="bbox 1818 1962 3409 2033; baseline 0.001 -16"><span class='ocrx_word' id='word_1_197' title='bbox 1818 1962 1899 2019; x_wconf 85' lang='lat' dir='ltr'><strong>&#39;l&#39;u</strong></span> <span class='ocrx_word' id='word_1_198' title='bbox 1929 1980 2081 2033; x_wconf 91' lang='lat' dir='ltr'><strong>vero,</strong></span> <span class='ocrx_word' id='word_1_199' title='bbox 2109 1966 2454 2022; x_wconf 83' lang='lat' dir='ltr'><strong>sanctissime</strong></span> <span class='ocrx_word' id='word_1_200' title='bbox 2486 1974 2542 2022; x_wconf 91' lang='lat' dir='ltr'><strong>et</strong></span> <span class='ocrx_word' id='word_1_201' title='bbox 2572 1966 2928 2031; x_wconf 86' lang='lat' dir='ltr'><strong>amicissime,</strong></span> <span class='ocrx_word' id='word_1_202' title='bbox 2970 1966 3163 2021; x_wconf 91' lang='lat' dir='ltr'><strong>audire</strong></span> <span class='ocrx_word' id='word_1_203' title='bbox 3206 1965 3409 2019; x_wconf 88' lang='lat' dir='ltr'><strong>multos</strong></span> 
     </span>
    </p>
   </div>
   <div class='ocr_carea' id='block_1_30' title="bbox 1821 2056 3404 2129">
    <p class='ocr_par' dir='ltr' id='par_1_30' title="bbox 1821 2056 3404 2129">
     <span class='ocr_line' id='line_1_30' title="bbox 1821 2056 3404 2129; baseline 0 -19"><span class='ocrx_word' id='word_1_204' title='bbox 1821 2056 1983 2125; x_wconf 87' lang='lat' dir='ltr'><strong>dicis,</strong></span> <span class='ocrx_word' id='word_1_205' title='bbox 2026 2058 2119 2127; x_wconf 91' lang='lat' dir='ltr'><strong>qui</strong></span> <span class='ocrx_word' id='word_1_206' title='bbox 2158 2058 2406 2129; x_wconf 88' lang='lat' dir='ltr'><strong>pluribus</strong></span> <span class='ocrx_word' id='word_1_207' title='bbox 2432 2059 2535 2114; x_wconf 92' lang='lat' dir='ltr'><strong>hoc</strong></span> <span class='ocrx_word' id='word_1_208' title='bbox 2574 2059 2914 2129; x_wconf 79' lang='lat' dir='ltr'><strong>argumentis</strong></span> <span class='ocrx_word' id='word_1_209' title='bbox 2946 2058 3280 2129; x_wconf 77' lang='lat' dir='ltr'><strong>improbant,</strong></span> <span class='ocrx_word' id='word_1_210' title='bbox 3318 2072 3404 2111; x_wconf 87' lang='lat' dir='ltr'><strong>re-</strong></span> 
     </span>
    </p>
   </div>
   <div class='ocr_carea' id='block_1_31' title="bbox 1823 2148 3410 2220">
    <p class='ocr_par' dir='ltr' id='par_1_31' title="bbox 1823 2148 3410 2220">
     <span class='ocr_line' id='line_1_31' title="bbox 1823 2148 3410 2220; baseline 0.001 -17"><span class='ocrx_word' id='word_1_211' title='bbox 1823 2148 2001 2203; x_wconf 85' lang='lat' dir='ltr'><strong>futant</strong></span> <span class='ocrx_word' id='word_1_212' title='bbox 2029 2164 2093 2204; x_wconf 89' lang='lat' dir='ltr'><strong>ac</strong></span> <span class='ocrx_word' id='word_1_213' title='bbox 2124 2150 2410 2220; x_wconf 82' lang='lat' dir='ltr'><strong>repudiant</strong></span> <span class='ocrx_word' id='word_1_214' title='bbox 2444 2166 2458 2204; x_wconf 89' lang='lat'><strong>:</strong></span> <span class='ocrx_word' id='word_1_215' title='bbox 2488 2149 2620 2219; x_wconf 93' lang='lat' dir='ltr'><strong>quin</strong></span> <span class='ocrx_word' id='word_1_216' title='bbox 2660 2150 2823 2205; x_wconf 89' lang='lat' dir='ltr'><strong>etiam</strong></span> <span class='ocrx_word' id='word_1_217' title='bbox 2854 2163 3044 2204; x_wconf 88' lang='lat' dir='ltr'><strong>eorum</strong></span> <span class='ocrx_word' id='word_1_218' title='bbox 3112 2148 3410 2204; x_wconf 84' lang='lat' dir='ltr'><strong>nonnullos</strong></span> 
     </span>
    </p>
   </div>
   <div class='ocr_carea' id='block_1_32' title="bbox 1824 2239 3412 2312">
    <p class='ocr_par' dir='ltr' id='par_1_32' title="bbox 1824 2239 3412 2312">
     <span class='ocr_line' id='line_1_32' title="bbox 1824 2239 3412 2312; baseline -0.002 -17"><span class='ocrx_word' id='word_1_219' title='bbox 1824 2240 1906 2297; x_wconf 89' lang='lat' dir='ltr'><strong>ais</strong></span> <span class='ocrx_word' id='word_1_220' title='bbox 1935 2240 2005 2297; x_wconf 88' lang='lat' dir='ltr'><strong>de</strong></span> <span class='ocrx_word' id='word_1_221' title='bbox 2048 2239 2251 2298; x_wconf 87' lang='lat' dir='ltr'><strong>Basilio</strong></span> <span class='ocrx_word' id='word_1_222' title='bbox 2276 2256 2477 2312; x_wconf 83' lang='lat' dir='ltr'><strong>magno</strong></span> <span class='ocrx_word' id='word_1_223' title='bbox 2505 2240 2574 2295; x_wconf 93' lang='lat' dir='ltr'><strong>ob</strong></span> <span class='ocrx_word' id='word_1_224' title='bbox 2606 2241 2659 2295; x_wconf 88' lang='lat' dir='ltr'><strong>id</strong></span> <span class='ocrx_word' id='word_1_225' title='bbox 2707 2241 3144 2310; x_wconf 83' lang='lat' dir='ltr'><strong>expostulantes,</strong></span> <span class='ocrx_word' id='word_1_226' title='bbox 3178 2255 3412 2309; x_wconf 71' lang='lat' dir='ltr'><strong>queren-</strong></span> 
     </span>
    </p>
   </div>
   <div class='ocr_carea' id='block_1_33' title="bbox 1827 2332 3413 2405">
    <p class='ocr_par' dir='ltr' id='par_1_33' title="bbox 1827 2332 3413 2405">
     <span class='ocr_line' id='line_1_33' title="bbox 1827 2332 3413 2405; baseline -0.002 -16"><span class='ocrx_word' id='word_1_227' title='bbox 1827 2343 2031 2404; x_wconf 65' lang='lat' dir='ltr'><strong>tesque“</strong></span> <span class='ocrx_word' id='word_1_228' title='bbox 2058 2334 2241 2390; x_wconf 88' lang='lat' dir='ltr'><strong>dicere</strong></span> <span class='ocrx_word' id='word_1_229' title='bbox 2268 2335 2447 2401; x_wconf 89' lang='lat' dir='ltr'><strong>illum,</strong></span> <span class='ocrx_word' id='word_1_230' title='bbox 2484 2332 2640 2405; x_wconf 85' lang='lat' dir='ltr'><strong>quasi</strong></span> <span class='ocrx_word' id='word_1_231' title='bbox 2670 2332 2815 2389; x_wconf 91' lang='lat' dir='ltr'><strong>aliud</strong></span> <span class='ocrx_word' id='word_1_232' title='bbox 2853 2334 3082 2405; x_wconf 83' lang='lat' dir='ltr'><strong>agendo,</strong></span> <span class='ocrx_word' id='word_1_233' title='bbox 3114 2342 3167 2389; x_wconf 90' lang='lat' dir='ltr'><strong>et</strong></span> <span class='ocrx_word' id='word_1_234' title='bbox 3194 2341 3413 2402; x_wconf 85' lang='lat' dir='ltr'><strong>propter</strong></span> 
     </span>
    </p>
   </div>
   <div class='ocr_carea' id='block_1_34' title="bbox 1824 2424 3414 2497">
    <p class='ocr_par' dir='ltr' id='par_1_34' title="bbox 1824 2424 3414 2497">
     <span class='ocr_line' id='line_1_34' title="bbox 1824 2424 3414 2497; baseline -0.001 -16"><span class='ocrx_word' id='word_1_235' title='bbox 1824 2428 2254 2482; x_wconf 79' lang='lat' dir='ltr'><strong>emolumentum</strong></span> <span class='ocrx_word' id='word_1_236' title='bbox 2282 2442 2470 2482; x_wconf 90' lang='lat' dir='ltr'><strong>eorum</strong></span> <span class='ocrx_word' id='word_1_237' title='bbox 2503 2428 2596 2497; x_wconf 89' lang='lat' dir='ltr'><strong>qui</strong></span> <span class='ocrx_word' id='word_1_238' title='bbox 2634 2437 2763 2481; x_wconf 90' lang='lat' dir='ltr'><strong>tunc</strong></span> <span class='ocrx_word' id='word_1_239' title='bbox 2789 2427 2965 2497; x_wconf 89' lang='lat' dir='ltr'><strong>ipsum</strong></span> <span class='ocrx_word' id='word_1_240' title='bbox 2990 2425 3304 2489; x_wconf 85' lang='lat' dir='ltr'><strong>audiebant,</strong></span> <span class='ocrx_word' id='word_1_241' title='bbox 3337 2424 3414 2479; x_wconf 73' lang='lat' dir='ltr'><strong>ila</strong></span> 
     </span>
    </p>
   </div>
   <div class='ocr_carea' id='block_1_35' title="bbox 1826 2517 3415 2589">
    <p class='ocr_par' dir='ltr' id='par_1_35' title="bbox 1826 2517 3415 2589">
     <span class='ocr_line' id='line_1_35' title="bbox 1826 2517 3415 2589; baseline -0.004 -15"><span class='ocrx_word' id='word_1_242' title='bbox 1826 2521 1928 2575; x_wconf 90' lang='lat' dir='ltr'><strong>hoc</strong></span> <span class='ocrx_word' id='word_1_243' title='bbox 1950 2519 2283 2575; x_wconf 89' lang='lat' dir='ltr'><strong>enuntiasse.</strong></span> <span class='ocrx_word' id='word_1_244' title='bbox 2315 2518 2470 2585; x_wconf 84' lang='lat' dir='ltr'><strong>Quod</strong></span> <span class='ocrx_word' id='word_1_245' title='bbox 2500 2519 2653 2572; x_wconf 90' lang='lat' dir='ltr'><strong>multi</strong></span> <span class='ocrx_word' id='word_1_246' title='bbox 2684 2519 2794 2574; x_wconf 87' lang='lat' dir='ltr'><strong>sint</strong></span> <span class='ocrx_word' id='word_1_247' title='bbox 2819 2518 2909 2589; x_wconf 91' lang='lat' dir='ltr'><strong>qui</strong></span> <span class='ocrx_word' id='word_1_248' title='bbox 2955 2517 3072 2573; x_wconf 67' lang='lat' dir='ltr'><strong>haec</strong></span> <span class='ocrx_word' id='word_1_249' title='bbox 3108 2517 3415 2589; x_wconf 63' lang='lat' dir='ltr'><strong>proferunt,</strong></span> 
     </span>
    </p>
   </div>
   <div class='ocr_carea' id='block_1_36' title="bbox 1827 2604 3420 2677">
    <p class='ocr_par' dir='ltr' id='par_1_36' title="bbox 1827 2604 3420 2677">
     <span class='ocr_line' id='line_1_36' title="bbox 1827 2604 3420 2677; baseline 0 -12"><span class='ocrx_word' id='word_1_250' title='bbox 1827 2610 1964 2665; x_wconf 86' lang='lat' dir='ltr'><strong>nihil</strong></span> <span class='ocrx_word' id='word_1_251' title='bbox 1990 2610 2187 2664; x_wconf 92' lang='lat' dir='ltr'><strong>mirum</strong></span> <span class='ocrx_word' id='word_1_252' title='bbox 2223 2616 2305 2664; x_wconf 91' lang='lat' dir='ltr'><strong>est</strong></span> <span class='ocrx_word' id='word_1_253' title='bbox 2336 2627 2352 2663; x_wconf 89' lang='lat'><strong>:</strong></span> <span class='ocrx_word' id='word_1_254' title='bbox 2385 2604 2512 2663; x_wconf 86' lang='lat' dir='ltr'><strong>nam</strong></span> <span class='ocrx_word' id='word_1_255' title='bbox 2552 2608 2734 2662; x_wconf 88' lang='lat' dir='ltr'><strong>divina</strong></span> <span class='ocrx_word' id='word_1_256' title='bbox 2762 2616 2816 2662; x_wconf 85' lang='lat' dir='ltr'><strong>et</strong></span> <span class='ocrx_word' id='word_1_257' title='bbox 2849 2609 3104 2663; x_wconf 89' lang='lat' dir='ltr'><strong>sublimia</strong></span> <span class='ocrx_word' id='word_1_258' title='bbox 3134 2618 3189 2663; x_wconf 89' lang='lat' dir='ltr'><strong>et</strong></span> <span class='ocrx_word' id='word_1_259' title='bbox 3239 2608 3420 2677; x_wconf 86' lang='lat' dir='ltr'><strong>philo-</strong></span> 
     </span>
    </p>
   </div>
   <div class='ocr_carea' id='block_1_37' title="bbox 224 1570 1714 1646">
    <p class='ocr_par' dir='ltr' id='par_1_37' title="bbox 224 1570 1714 1646">
     <span class='ocr_line' id='line_1_37' title="bbox 224 1570 1714 1646; baseline 0.005 -21"><span class='ocrx_word' id='word_1_260' title='bbox 224 1570 280 1625; x_wconf 92' lang='lat'><strong>&#39;0</strong></span> <span class='ocrx_word' id='word_1_261' title='bbox 332 1571 436 1642; x_wconf 83' lang='grc' dir='ltr'>μὲν</span> <span class='ocrx_word' id='word_1_262' title='bbox 486 1572 598 1643; x_wconf 74' lang='grc' dir='ltr'>γὰρ</span> <span class='ocrx_word' id='word_1_263' title='bbox 636 1576 810 1643; x_wconf 84' lang='grc' dir='ltr'>μέγας</span> <span class='ocrx_word' id='word_1_264' title='bbox 866 1576 966 1644; x_wconf 78' lang='grc' dir='ltr'>τῆς</span> <span class='ocrx_word' id='word_1_265' title='bbox 1006 1574 1337 1646; x_wconf 81' lang='grc' dir='ltr'>Ἐκκλησίας</span> <span class='ocrx_word' id='word_1_266' title='bbox 1394 1576 1714 1642; x_wconf 85' lang='grc' dir='ltr'>διδάσκαλος</span> 
     </span>
    </p>
   </div>
   <div class='ocr_carea' id='block_1_38' title="bbox 152 1663 1718 1740">
    <p class='ocr_par' dir='ltr' id='par_1_38' title="bbox 152 1663 1718 1740">
     <span class='ocr_line' id='line_1_38' title="bbox 152 1663 1718 1740; baseline 0.006 -24"><span class='ocrx_word' id='word_1_267' title='bbox 152 1663 276 1735; x_wconf 76' lang='grc' dir='ltr'>φησί</span> <span class='ocrx_word' id='word_1_268' title='bbox 308 1681 438 1732; x_wconf 88' lang='grc' dir='ltr'>που,</span> <span class='ocrx_word' id='word_1_269' title='bbox 490 1685 509 1718; x_wconf 81' lang='lat' dir='ltr'><strong>t</strong></span> <span class='ocrx_word' id='word_1_270' title='bbox 553 1665 781 1720; x_wconf 83' lang='grc' dir='ltr'>Θάνατοι</span> <span class='ocrx_word' id='word_1_271' title='bbox 813 1667 870 1720; x_wconf 77' lang='grc' dir='ltr'>δὲ</span> <span class='ocrx_word' id='word_1_272' title='bbox 905 1667 1231 1736; x_wconf 84' lang='grc' dir='ltr'>ἀπάγονται,</span> <span class='ocrx_word' id='word_1_273' title='bbox 1282 1668 1394 1723; x_wconf 88' lang='grc' dir='ltr'><strong>τῶν</strong></span> <span class='ocrx_word' id='word_1_274' title='bbox 1427 1670 1570 1739; x_wconf 78' lang='grc' dir='ltr'>ὅρων</span> <span class='ocrx_word' id='word_1_275' title='bbox 1616 1670 1718 1740; x_wconf 86' lang='grc' dir='ltr'>τῆς</span> 
     </span>
    </p>
   </div>
   <div class='ocr_carea' id='block_1_39' title="bbox 152 1755 1715 1831">
    <p class='ocr_par' dir='ltr' id='par_1_39' title="bbox 152 1755 1715 1831">
     <span class='ocr_line' id='line_1_39' title="bbox 152 1755 1715 1831; baseline 0.004 -23"><span class='ocrx_word' id='word_1_276' title='bbox 152 1755 287 1825; x_wconf 79' lang='grc' dir='ltr'>ζωῆς</span> <span class='ocrx_word' id='word_1_277' title='bbox 325 1756 751 1829; x_wconf 67' lang='grc' dir='ltr'><strong>πληρωθέντων,</strong></span> <span class='ocrx_word' id='word_1_278' title='bbox 780 1756 875 1822; x_wconf 79' lang='grc' dir='ltr'>οὓς</span> <span class='ocrx_word' id='word_1_279' title='bbox 903 1760 1035 1829; x_wconf 69' lang='grc' dir='ltr'>περὶ</span> <span class='ocrx_word' id='word_1_280' title='bbox 1064 1759 1298 1814; x_wconf 68' lang='grc' dir='ltr'>ἔκαστον</span> <span class='ocrx_word' id='word_1_281' title='bbox 1343 1760 1543 1829; x_wconf 74' lang='grc' dir='ltr'>ἔπηξεν</span> <span class='ocrx_word' id='word_1_282' title='bbox 1568 1762 1601 1831; x_wconf 90' lang='grc' dir='ltr'><strong>ή</strong></span> <span class='ocrx_word' id='word_1_283' title='bbox 1630 1760 1715 1815; x_wconf 86' lang='grc' dir='ltr'>δι-</span> 
     </span>
    </p>
   </div>
   <div class='ocr_carea' id='block_1_40' title="bbox 150 1848 1714 1922">
    <p class='ocr_par' dir='ltr' id='par_1_40' title="bbox 150 1848 1714 1922">
     <span class='ocr_line' id='line_1_40' title="bbox 150 1848 1714 1922; baseline 0.004 -22"><span class='ocrx_word' id='word_1_284' title='bbox 150 1848 275 1901; x_wconf 85' lang='grc' dir='ltr'>καία</span> <span class='ocrx_word' id='word_1_285' title='bbox 304 1849 401 1901; x_wconf 82' lang='grc' dir='ltr'>τοῦ</span> <span class='ocrx_word' id='word_1_286' title='bbox 427 1848 562 1902; x_wconf 71' lang='grc' dir='ltr'><strong>Θ-οὖ</strong></span> <span class='ocrx_word' id='word_1_287' title='bbox 600 1850 803 1920; x_wconf 83' lang='grc' dir='ltr'>κρίσις,</span> <span class='ocrx_word' id='word_1_288' title='bbox 836 1849 1120 1921; x_wconf 68' lang='grc' dir='ltr'>πόρρωθεν</span> <span class='ocrx_word' id='word_1_289' title='bbox 1148 1850 1208 1904; x_wconf 78' lang='grc' dir='ltr'><strong>τὸ</strong></span> <span class='ocrx_word' id='word_1_290' title='bbox 1237 1852 1364 1922; x_wconf 72' lang='grc' dir='ltr'>περὶ</span> <span class='ocrx_word' id='word_1_291' title='bbox 1393 1852 1541 1921; x_wconf 75' lang='grc' dir='ltr'>ἡμᾶς</span> <span class='ocrx_word' id='word_1_292' title='bbox 1577 1868 1714 1921; x_wconf 82' lang='grc' dir='ltr'>συμ-</span> 
     </span>
    </p>
   </div>
   <div class='ocr_carea' id='block_1_41' title="bbox 153 1940 1713 2011">
    <p class='ocr_par' dir='ltr' id='par_1_41' title="bbox 153 1940 1713 2011">
     <span class='ocr_line' id='line_1_41' title="bbox 153 1940 1713 2011; baseline 0.001 -18"><span class='ocrx_word' id='word_1_293' title='bbox 153 1941 309 2010; x_wconf 79' lang='grc' dir='ltr'>φέρον</span> <span class='ocrx_word' id='word_1_294' title='bbox 330 1940 830 2010; x_wconf 76' lang='grc' dir='ltr'>προϐλεπομένου.»</span> <span class='ocrx_word' id='word_1_295' title='bbox 871 1941 942 1994; x_wconf 80' lang='grc' dir='ltr'><strong>Σὺ</strong></span> <span class='ocrx_word' id='word_1_296' title='bbox 960 1941 1040 2005; x_wconf 84' lang='grc' dir='ltr'>δὲ,</span> <span class='ocrx_word' id='word_1_297' title='bbox 1062 1942 1324 1996; x_wconf 81' lang='grc' dir='ltr'>ὁσιώτατε</span> <span class='ocrx_word' id='word_1_298' title='bbox 1345 1943 1441 1997; x_wconf 76' lang='grc' dir='ltr'>καὶ</span> <span class='ocrx_word' id='word_1_299' title='bbox 1467 1942 1713 2011; x_wconf 78' lang='grc' dir='ltr'>φίλτατε,</span> 
     </span>
    </p>
   </div>
   <div class='ocr_carea' id='block_1_42' title="bbox 151 2029 1719 2104">
    <p class='ocr_par' dir='ltr' id='par_1_42' title="bbox 151 2029 1719 2104">
     <span class='ocr_line' id='line_1_42' title="bbox 151 2029 1719 2104; baseline 0.001 -20"><span class='ocrx_word' id='word_1_300' title='bbox 151 2029 365 2084; x_wconf 79' lang='grc' dir='ltr'>ἀκούειν</span> <span class='ocrx_word' id='word_1_301' title='bbox 415 2030 598 2099; x_wconf 89' lang='grc' dir='ltr'>λέγεις</span> <span class='ocrx_word' id='word_1_302' title='bbox 653 2030 886 2098; x_wconf 85' lang='grc' dir='ltr'>πολλῶν,</span> <span class='ocrx_word' id='word_1_303' title='bbox 930 2032 1147 2095; x_wconf 80' lang='grc' dir='ltr'>πολλοῐς</span> <span class='ocrx_word' id='word_1_304' title='bbox 1191 2032 1581 2103; x_wconf 71' lang='grc' dir='ltr'>ἐπιχειρήμασι</span> <span class='ocrx_word' id='word_1_305' title='bbox 1642 2032 1719 2104; x_wconf 77' lang='grc' dir='ltr'>μὴ</span> 
     </span>
    </p>
   </div>
   <div class='ocr_carea' id='block_1_43' title="bbox 153 2122 1719 2194">
    <p class='ocr_par' dir='ltr' id='par_1_43' title="bbox 153 2122 1719 2194">
     <span class='ocr_line' id='line_1_43' title="bbox 153 2122 1719 2194; baseline 0.002 -19"><span class='ocrx_word' id='word_1_306' title='bbox 153 2124 412 2177; x_wconf 81' lang='grc' dir='ltr'>θελόντων</span> <span class='ocrx_word' id='word_1_307' title='bbox 467 2122 649 2189; x_wconf 84' lang='grc' dir='ltr'>τοῦτο,</span> <span class='ocrx_word' id='word_1_308' title='bbox 678 2123 813 2194; x_wconf 68' lang='grc' dir='ltr'>μηδὲ</span> <span class='ocrx_word' id='word_1_309' title='bbox 858 2123 1188 2194; x_wconf 75' lang='grc' dir='ltr'>δεχομένων.</span> <span class='ocrx_word' id='word_1_310' title='bbox 1219 2125 1383 2179; x_wconf 83' lang='grc' dir='ltr'>Ὅθεν</span> <span class='ocrx_word' id='word_1_311' title='bbox 1430 2125 1523 2180; x_wconf 89' lang='grc' dir='ltr'><strong>καί</strong></span> <span class='ocrx_word' id='word_1_312' title='bbox 1567 2142 1719 2189; x_wconf 90' lang='grc' dir='ltr'>τινας</span> 
     </span>
    </p>
   </div>
   <div class='ocr_carea' id='block_1_44' title="bbox 152 2218 1720 2292">
    <p class='ocr_par' dir='ltr' id='par_1_44' title="bbox 152 2218 1720 2292">
     <span class='ocr_line' id='line_1_44' title="bbox 152 2218 1720 2292; baseline 0.001 -22"><span class='ocrx_word' id='word_1_313' title='bbox 152 2219 329 2273; x_wconf 84' lang='grc' dir='ltr'>αὐτῶν</span> <span class='ocrx_word' id='word_1_314' title='bbox 358 2220 452 2273; x_wconf 87' lang='grc' dir='ltr'>τὸν</span> <span class='ocrx_word' id='word_1_315' title='bbox 499 2221 673 2290; x_wconf 82' lang='grc' dir='ltr'>μέγαν</span> <span class='ocrx_word' id='word_1_316' title='bbox 718 2221 1144 2292; x_wconf 77' lang='grc' dir='ltr'>ὲξαιτιωμένους</span> <span class='ocrx_word' id='word_1_317' title='bbox 1195 2222 1289 2274; x_wconf 72' lang='grc' dir='ltr'><strong>ἐπὶ</strong></span> <span class='ocrx_word' id='word_1_318' title='bbox 1332 2220 1507 2290; x_wconf 81' lang='grc' dir='ltr'>τούτῳ</span> <span class='ocrx_word' id='word_1_319' title='bbox 1557 2218 1720 2273; x_wconf 83' lang='grc' dir='ltr'>Βασί-</span> 
     </span>
    </p>
   </div>
   <div class='ocr_carea' id='block_1_45' title="bbox 151 2311 1718 2385">
    <p class='ocr_par' dir='ltr' id='par_1_45' title="bbox 151 2311 1718 2385">
     <span class='ocr_line' id='line_1_45' title="bbox 151 2311 1718 2385; baseline 0.002 -22"><span class='ocrx_word' id='word_1_320' title='bbox 151 2312 311 2379; x_wconf 85' lang='grc' dir='ltr'>λειον,</span> <span class='ocrx_word' id='word_1_321' title='bbox 367 2314 570 2382; x_wconf 86' lang='grc' dir='ltr'>λέγειν,</span> <span class='ocrx_word' id='word_1_322' title='bbox 610 2313 687 2377; x_wconf 84' lang='grc' dir='ltr'><strong>ὡς</strong></span> <span class='ocrx_word' id='word_1_323' title='bbox 727 2317 791 2368; x_wconf 87' lang='grc' dir='ltr'>ὲκ</span> <span class='ocrx_word' id='word_1_324' title='bbox 837 2314 931 2367; x_wconf 83' lang='grc' dir='ltr'><strong>τοῦ</strong></span> <span class='ocrx_word' id='word_1_325' title='bbox 970 2315 1317 2385; x_wconf 79' lang='grc' dir='ltr'>παρήκοντος</span> <span class='ocrx_word' id='word_1_326' title='bbox 1368 2311 1521 2367; x_wconf 76' lang='grc' dir='ltr'>εἷπεν</span> <span class='ocrx_word' id='word_1_327' title='bbox 1550 2313 1718 2377; x_wconf 79' lang='grc' dir='ltr'>οὕτω,</span> 
     </span>
    </p>
   </div>
   <div class='ocr_carea' id='block_1_46' title="bbox 154 2399 1721 2472">
    <p class='ocr_par' dir='ltr' id='par_1_46' title="bbox 154 2399 1721 2472">
     <span class='ocr_line' id='line_1_46' title="bbox 154 2399 1721 2472; baseline 0.002 -18"><span class='ocrx_word' id='word_1_328' title='bbox 154 2404 242 2455; x_wconf 72' lang='grc' dir='ltr'><strong>καὶ</strong></span> <span class='ocrx_word' id='word_1_329' title='bbox 271 2404 341 2456; x_wconf 78' lang='grc' dir='ltr'><strong>δι’</strong></span> <span class='ocrx_word' id='word_1_330' title='bbox 371 2405 639 2472; x_wconf 75' lang='grc' dir='ltr'>ὠφέλειαν</span> <span class='ocrx_word' id='word_1_331' title='bbox 669 2405 777 2459; x_wconf 88' lang='grc' dir='ltr'><strong>τῶν</strong></span> <span class='ocrx_word' id='word_1_332' title='bbox 802 2406 922 2459; x_wconf 85' lang='grc' dir='ltr'>τότε</span> <span class='ocrx_word' id='word_1_333' title='bbox 957 2406 1166 2460; x_wconf 75' lang='grc' dir='ltr'>ἐκείνου</span> <span class='ocrx_word' id='word_1_334' title='bbox 1200 2404 1526 2460; x_wconf 80' lang='grc' dir='ltr'>ἀκουόντων.</span> <span class='ocrx_word' id='word_1_335' title='bbox 1564 2399 1721 2459; x_wconf 77' lang='grc' dir='ltr'>Εἶναι</span> 
     </span>
    </p>
   </div>
   <div class='ocr_carea' id='block_1_47' title="bbox 154 2495 1721 2567">
    <p class='ocr_par' dir='ltr' id='par_1_47' title="bbox 154 2495 1721 2567">
     <span class='ocr_line' id='line_1_47' title="bbox 154 2495 1721 2567; baseline 0.004 -22"><span class='ocrx_word' id='word_1_336' title='bbox 154 2495 251 2563; x_wconf 76' lang='grc' dir='ltr'>μὲν</span> <span class='ocrx_word' id='word_1_337' title='bbox 280 2495 509 2558; x_wconf 82' lang='grc' dir='ltr'>πολλοὺς</span> <span class='ocrx_word' id='word_1_338' title='bbox 542 2496 670 2560; x_wconf 78' lang='grc' dir='ltr'>τοὺς</span> <span class='ocrx_word' id='word_1_339' title='bbox 695 2495 866 2549; x_wconf 83' lang='grc' dir='ltr'>ταῦτα</span> <span class='ocrx_word' id='word_1_340' title='bbox 896 2495 1149 2564; x_wconf 84' lang='grc' dir='ltr'>λέγοντας</span> <span class='ocrx_word' id='word_1_341' title='bbox 1196 2498 1348 2550; x_wconf 80' lang='grc' dir='ltr'>οὐδὲν</span> <span class='ocrx_word' id='word_1_342' title='bbox 1385 2496 1721 2567; x_wconf 83' lang='grc' dir='ltr'>θαυμαστόν.</span> 
     </span>
    </p>
   </div>
   <div class='ocr_carea' id='block_1_48' title="bbox 151 2586 1726 2663">
    <p class='ocr_par' dir='ltr' id='par_1_48' title="bbox 151 2586 1726 2663">
     <span class='ocr_line' id='line_1_48' title="bbox 151 2586 1726 2663; baseline 0.002 -25"><span class='ocrx_word' id='word_1_343' title='bbox 151 2586 231 2638; x_wconf 89' lang='grc' dir='ltr'><strong>Τά</strong></span> <span class='ocrx_word' id='word_1_344' title='bbox 285 2587 395 2655; x_wconf 86' lang='grc' dir='ltr'>γὰρ</span> <span class='ocrx_word' id='word_1_345' title='bbox 429 2588 548 2640; x_wconf 81' lang='grc' dir='ltr'>θεῖα</span> <span class='ocrx_word' id='word_1_346' title='bbox 598 2588 694 2640; x_wconf 74' lang='grc' dir='ltr'>καὶ</span> <span class='ocrx_word' id='word_1_347' title='bbox 744 2587 924 2663; x_wconf 76' lang='grc' dir='ltr'>ὑψηλὰ</span> <span class='ocrx_word' id='word_1_348' title='bbox 962 2592 1058 2641; x_wconf 70' lang='grc' dir='ltr'>καὶ</span> <span class='ocrx_word' id='word_1_349' title='bbox 1114 2587 1432 2657; x_wconf 78' lang='grc' dir='ltr'>φιλοσοφίας</span> <span class='ocrx_word' id='word_1_350' title='bbox 1482 2588 1726 2659; x_wconf 79' lang='grc' dir='ltr'>γέμοντα</span> 
     </span>
    </p>
   </div>
   <div class='ocr_carea' id='block_1_49' title="bbox 1832 2699 3415 2769">
    <p class='ocr_par' dir='ltr' id='par_1_49' title="bbox 1832 2699 3415 2769">
     <span class='ocr_line' id='line_1_49' title="bbox 1832 2699 3415 2769; baseline -0.001 -13"><span class='ocrx_word' id='word_1_351' title='bbox 1832 2700 2075 2767; x_wconf 89' lang='lat' dir='ltr'><strong>sophicis</strong></span> <span class='ocrx_word' id='word_1_352' title='bbox 2148 2700 2455 2755; x_wconf 88' lang='lat' dir='ltr'><strong>rationibus</strong></span> <span class='ocrx_word' id='word_1_353' title='bbox 2524 2700 2795 2754; x_wconf 86' lang='lat' dir='ltr'><strong>cumulata</strong></span> <span class='ocrx_word' id='word_1_354' title='bbox 2864 2699 3105 2769; x_wconf 71' lang='lat' dir='ltr'><strong>plebeios</strong></span> <span class='ocrx_word' id='word_1_355' title='bbox 3174 2699 3415 2769; x_wconf 84' lang='lat' dir='ltr'><strong>fugiunt.</strong></span> 
     </span>
    </p>
   </div>
   <div class='ocr_carea' id='block_1_50' title="bbox 150 2771 1718 2858">
    <p class='ocr_par' dir='ltr' id='par_1_50' title="bbox 150 2771 1718 2840">
     <span class='ocr_line' id='line_1_50' title="bbox 150 2771 1718 2840; baseline 0.001 -17"><span class='ocrx_word' id='word_1_356' title='bbox 150 2771 279 2823; x_wconf 79' lang='grc' dir='ltr'>σθαι</span> <span class='ocrx_word' id='word_1_357' title='bbox 312 2772 447 2840; x_wconf 79' lang='grc' dir='ltr'>πρὸς</span> <span class='ocrx_word' id='word_1_358' title='bbox 476 2773 714 2835; x_wconf 75' lang='grc' dir='ltr'>ἐκείνους</span> <span class='ocrx_word' id='word_1_359' title='bbox 739 2774 897 2840; x_wconf 83' lang='grc' dir='ltr'>λόγον</span> <span class='ocrx_word' id='word_1_360' title='bbox 921 2773 1130 2827; x_wconf 81' lang='grc' dir='ltr'>οὐδένα.</span> <span class='ocrx_word' id='word_1_361' title='bbox 1158 2776 1224 2826; x_wconf 71' lang='grc' dir='ltr'><strong>Σὲ</strong></span> <span class='ocrx_word' id='word_1_362' title='bbox 1247 2774 1300 2826; x_wconf 77' lang='grc' dir='ltr'>δὲ</span> <span class='ocrx_word' id='word_1_363' title='bbox 1326 2773 1540 2836; x_wconf 81' lang='grc' dir='ltr'>εὐνοίας</span> <span class='ocrx_word' id='word_1_364' title='bbox 1563 2774 1718 2825; x_wconf 77' lang='grc' dir='ltr'>ἓνεκα</span> 
     </span>
    </p>
   </div>
   <div class='ocr_carea' id='block_1_51' title="bbox 1829 2771 3417 2858">
    <p class='ocr_par' dir='ltr' id='par_1_51' title="bbox 1839 2789 3417 2858">
     <span class='ocr_line' id='line_1_51' title="bbox 1839 2789 3417 2858; baseline -0.001 -16"><span class='ocrx_word' id='word_1_365' title='bbox 1839 2792 2022 2856; x_wconf 89' lang='lat' dir='ltr'><strong>Quare</strong></span> <span class='ocrx_word' id='word_1_366' title='bbox 2050 2802 2123 2844; x_wconf 80' lang='lat' dir='ltr'><strong>ne‘</strong></span> <span class='ocrx_word' id='word_1_367' title='bbox 2158 2790 2323 2844; x_wconf 89' lang='lat' dir='ltr'><strong>verba</strong></span> <span class='ocrx_word' id='word_1_368' title='bbox 2368 2789 2587 2858; x_wconf 86' lang='lat' dir='ltr'><strong>quidem</strong></span> <span class='ocrx_word' id='word_1_369' title='bbox 2622 2790 2732 2844; x_wconf 91' lang='lat' dir='ltr'><strong>ulla</strong></span> <span class='ocrx_word' id='word_1_370' title='bbox 2764 2805 2886 2843; x_wconf 88' lang='lat' dir='ltr'><strong>cum</strong></span> <span class='ocrx_word' id='word_1_371' title='bbox 2934 2791 3000 2844; x_wconf 89' lang='lat' dir='ltr'><strong>iis</strong></span> <span class='ocrx_word' id='word_1_372' title='bbox 3034 2791 3417 2845; x_wconf 87' lang='lat' dir='ltr'><strong>commutanda</strong></span> 
     </span>
    </p>
   </div>
   <div class='ocr_carea' id='block_1_52' title="bbox 148 2866 1718 2959">
    <p class='ocr_par' dir='ltr' id='par_1_52' title="bbox 148 2866 1718 2937">
     <span class='ocr_line' id='line_1_52' title="bbox 148 2866 1718 2937; baseline 0.001 -21"><span class='ocrx_word' id='word_1_373' title='bbox 148 2868 229 2934; x_wconf 80' lang='grc' dir='ltr'>τῷ</span> <span class='ocrx_word' id='word_1_374' title='bbox 271 2866 498 2935; x_wconf 81' lang='grc' dir='ltr'>μεγάλῳ</span> <span class='ocrx_word' id='word_1_375' title='bbox 550 2866 890 2937; x_wconf 89' lang='grc' dir='ltr'>συνιστῶμεν</span> <span class='ocrx_word' id='word_1_376' title='bbox 937 2867 1133 2933; x_wconf 75' lang='grc' dir='ltr'>Πατρὶ,</span> <span class='ocrx_word' id='word_1_377' title='bbox 1185 2868 1281 2919; x_wconf 73' lang='grc' dir='ltr'>καὶ</span> <span class='ocrx_word' id='word_1_378' title='bbox 1324 2866 1400 2935; x_wconf 85' lang='grc' dir='ltr'>τῷ</span> <span class='ocrx_word' id='word_1_379' title='bbox 1448 2866 1545 2934; x_wconf 85' lang='grc' dir='ltr'><strong>τὴν</strong></span> <span class='ocrx_word' id='word_1_380' title='bbox 1581 2866 1718 2935; x_wconf 67' lang='grc' dir='ltr'>ίεράι</span> 
     </span>
    </p>
   </div>
   <div class='ocr_carea' id='block_1_53' title="bbox 1829 2866 3423 2959">
    <p class='ocr_par' dir='ltr' id='par_1_53' title="bbox 1835 2880 3423 2959">
     <span class='ocr_line' id='line_1_53' title="bbox 1835 2880 3423 2959; baseline -0.003 -24"><span class='ocrx_word' id='word_1_381' title='bbox 1835 2890 1983 2935; x_wconf 90' lang='lat' dir='ltr'><strong>sunt.</strong></span> <span class='ocrx_word' id='word_1_382' title='bbox 2010 2880 2085 2935; x_wconf 85' lang='lat' dir='ltr'><strong>Te</strong></span> <span class='ocrx_word' id='word_1_383' title='bbox 2125 2895 2257 2935; x_wconf 90' lang='lat' dir='ltr'><strong>vero</strong></span> <span class='ocrx_word' id='word_1_384' title='bbox 2283 2880 2697 2959; x_wconf 34' lang='lat' dir='ltr'><strong>‘benevolentize</strong></span> <span class='ocrx_word' id='word_1_385' title='bbox 2731 2895 2895 2936; x_wconf 87' lang='lat' dir='ltr'><strong>causa</strong></span> <span class='ocrx_word' id='word_1_386' title='bbox 2932 2895 3131 2950; x_wconf 79' lang='lat' dir='ltr'><strong>magno</strong></span> <span class='ocrx_word' id='word_1_387' title='bbox 3163 2881 3423 2933; x_wconf 85' lang='lat' dir='ltr'><strong>concilia-</strong></span> 
     </span>
    </p>
   </div>
   <div class='ocr_carea' id='block_1_54' title="bbox 155 2956 1718 3040">
    <p class='ocr_par' dir='ltr' id='par_1_54' title="bbox 155 2956 1718 3028">
     <span class='ocr_line' id='line_1_54' title="bbox 155 2956 1718 3028; baseline -0.002 -18"><span class='ocrx_word' id='word_1_388' title='bbox 155 2958 374 3012; x_wconf 80' lang='grc' dir='ltr'>ἐκείνου</span> <span class='ocrx_word' id='word_1_389' title='bbox 420 2959 602 3028; x_wconf 77' lang='grc' dir='ltr'>ψυχὴν</span> <span class='ocrx_word' id='word_1_390' title='bbox 637 2959 937 3026; x_wconf 86' lang='grc' dir='ltr'>φωτίσαντι</span> <span class='ocrx_word' id='word_1_391' title='bbox 972 2958 1273 3028; x_wconf 83' lang='grc' dir='ltr'>Πνεύματι.</span> <span class='ocrx_word' id='word_1_392' title='bbox 1311 2959 1492 3011; x_wconf 84' lang='grc' dir='ltr'>Ἔστω</span> <span class='ocrx_word' id='word_1_393' title='bbox 1537 2956 1615 3022; x_wconf 82' lang='grc' dir='ltr'>δὲ,</span> <span class='ocrx_word' id='word_1_394' title='bbox 1658 2957 1718 3018; x_wconf 75' lang='grc' dir='ltr'>ὡς</span> 
     </span>
    </p>
   </div>
   <div class='ocr_carea' id='block_1_55' title="bbox 1829 2956 3417 3040">
    <p class='ocr_par' dir='ltr' id='par_1_55' title="bbox 1838 2956 3417 3040">
     <span class='ocr_line' id='line_1_55' title="bbox 1838 2956 3417 3040; baseline -0.001 -16"><span class='ocrx_word' id='word_1_395' title='bbox 1838 2986 1961 3025; x_wconf 90' lang='lat' dir='ltr'><strong>mus</strong></span> <span class='ocrx_word' id='word_1_396' title='bbox 1992 2970 2159 3037; x_wconf 88' lang='lat' dir='ltr'><strong>Patri,</strong></span> <span class='ocrx_word' id='word_1_397' title='bbox 2186 2979 2242 3026; x_wconf 91' lang='lat' dir='ltr'><strong>et</strong></span> <span class='ocrx_word' id='word_1_398' title='bbox 2274 2956 2369 3040; x_wconf 87' lang='lat' dir='ltr'><strong>qui</strong></span> <span class='ocrx_word' id='word_1_399' title='bbox 2399 2986 2613 3026; x_wconf 90' lang='lat' dir='ltr'><strong>sacram</strong></span> <span class='ocrx_word' id='word_1_400' title='bbox 2640 2971 2788 3026; x_wconf 87' lang='lat' dir='ltr'><strong>illius</strong></span> <span class='ocrx_word' id='word_1_401' title='bbox 2816 2972 3055 3024; x_wconf 89' lang='lat' dir='ltr'><strong>animam</strong></span> <span class='ocrx_word' id='word_1_402' title='bbox 3099 2970 3417 3035; x_wconf 85' lang='lat' dir='ltr'><strong>illustravit,</strong></span> 
     </span>
    </p>
   </div>
   <div class='ocr_carea' id='block_1_56' title="bbox 156 3047 1718 3133">
    <p class='ocr_par' dir='ltr' id='par_1_56' title="bbox 156 3047 1718 3120">
     <span class='ocr_line' id='line_1_56' title="bbox 156 3047 1718 3120; baseline -0.004 -14"><span class='ocrx_word' id='word_1_403' title='bbox 156 3052 308 3106; x_wconf 83' lang='grc' dir='ltr'>αὐτοί</span> <span class='ocrx_word' id='word_1_404' title='bbox 337 3067 522 3118; x_wconf 76' lang='grc' dir='ltr'>φασιν,</span> <span class='ocrx_word' id='word_1_405' title='bbox 562 3054 624 3105; x_wconf 79' lang='grc' dir='ltr'>ὲκ</span> <span class='ocrx_word' id='word_1_406' title='bbox 658 3050 753 3104; x_wconf 82' lang='grc' dir='ltr'><strong>τοῦ</strong></span> <span class='ocrx_word' id='word_1_407' title='bbox 790 3053 1132 3120; x_wconf 71' lang='grc' dir='ltr'>παρήκοντος</span> <span class='ocrx_word' id='word_1_408' title='bbox 1159 3049 1430 3116; x_wconf 83' lang='grc' dir='ltr'>θεολογεῖν</span> <span class='ocrx_word' id='word_1_409' title='bbox 1470 3066 1591 3101; x_wconf 89' lang='grc' dir='ltr'>τινα</span> <span class='ocrx_word' id='word_1_410' title='bbox 1623 3047 1718 3100; x_wconf 62' lang='grc' dir='ltr'><strong>τῶι</strong></span> 
     </span>
    </p>
   </div>
   <div class='ocr_carea' id='block_1_57' title="bbox 1829 3047 3424 3133">
    <p class='ocr_par' dir='ltr' id='par_1_57' title="bbox 1842 3063 3424 3133">
     <span class='ocr_line' id='line_1_57' title="bbox 1842 3063 3424 3133; baseline 0 -15"><span class='ocrx_word' id='word_1_411' title='bbox 1842 3063 2091 3133; x_wconf 89' lang='lat' dir='ltr'><strong>Spiritui.</strong></span> <span class='ocrx_word' id='word_1_412' title='bbox 2132 3063 2263 3119; x_wconf 90' lang='lat' dir='ltr'><strong>Esto</strong></span> <span class='ocrx_word' id='word_1_413' title='bbox 2295 3079 2445 3128; x_wconf 89' lang='lat' dir='ltr'><strong>sane,</strong></span> <span class='ocrx_word' id='word_1_414' title='bbox 2480 3075 2539 3119; x_wconf 93' lang='lat' dir='ltr'><strong>ut</strong></span> <span class='ocrx_word' id='word_1_415' title='bbox 2565 3063 2655 3120; x_wconf 90' lang='lat' dir='ltr'><strong>isti</strong></span> <span class='ocrx_word' id='word_1_416' title='bbox 2693 3065 2901 3129; x_wconf 91' lang='lat' dir='ltr'><strong>dicunt,</strong></span> <span class='ocrx_word' id='word_1_417' title='bbox 2937 3065 3175 3133; x_wconf 84' lang='lat' dir='ltr'><strong>aliquem</strong></span> <span class='ocrx_word' id='word_1_418' title='bbox 3212 3079 3242 3119; x_wconf 93' lang='lat' dir='ltr'><strong>e</strong></span> <span class='ocrx_word' id='word_1_419' title='bbox 3278 3063 3424 3118; x_wconf 90' lang='lat' dir='ltr'><strong>veris</strong></span> 
     </span>
    </p>
   </div>
   <div class='ocr_carea' id='block_1_58' title="bbox 158 3135 1718 3224">
    <p class='ocr_par' dir='ltr' id='par_1_58' title="bbox 158 3135 1712 3215">
     <span class='ocr_line' id='line_1_58' title="bbox 158 3135 1712 3215; baseline -0.006 -14"><span class='ocrx_word' id='word_1_420' title='bbox 158 3146 379 3215; x_wconf 77' lang='grc' dir='ltr'>ἀληθῶν</span> <span class='ocrx_word' id='word_1_421' title='bbox 415 3145 705 3213; x_wconf 84' lang='grc' dir='ltr'>θεολόγων,</span> <span class='ocrx_word' id='word_1_422' title='bbox 730 3143 867 3196; x_wconf 87' lang='grc' dir='ltr'><strong>ἀλλά</strong></span> <span class='ocrx_word' id='word_1_423' title='bbox 891 3142 1062 3211; x_wconf 81' lang='grc' dir='ltr'>ψευδῆ</span> <span class='ocrx_word' id='word_1_424' title='bbox 1095 3141 1363 3210; x_wconf 89' lang='grc' dir='ltr'>θεολογεῑν</span> <span class='ocrx_word' id='word_1_425' title='bbox 1391 3141 1490 3211; x_wconf 89' lang='grc' dir='ltr'><strong>οὐχ</strong></span> <span class='ocrx_word' id='word_1_426' title='bbox 1515 3135 1626 3192; x_wconf 80' lang='grc' dir='ltr'>οἷόν</span> <span class='ocrx_word' id='word_1_427' title='bbox 1654 3156 1712 3191; x_wconf 90' lang='grc' dir='ltr'><strong>τε</strong></span> 
     </span>
    </p>
   </div>
   <div class='ocr_carea' id='block_1_59' title="bbox 1829 3135 3425 3224">
    <p class='ocr_par' dir='ltr' id='par_1_59' title="bbox 1839 3154 3425 3224">
     <span class='ocr_line' id='line_1_59' title="bbox 1839 3154 3425 3224; baseline -0.003 -14"><span class='ocrx_word' id='word_1_428' title='bbox 1839 3165 1892 3210; x_wconf 91' lang='lat' dir='ltr'><strong>et</strong></span> <span class='ocrx_word' id='word_1_429' title='bbox 1924 3165 2073 3210; x_wconf 90' lang='lat' dir='ltr'><strong>tanto</strong></span> <span class='ocrx_word' id='word_1_430' title='bbox 2106 3155 2324 3210; x_wconf 89' lang='lat' dir='ltr'><strong>nomine</strong></span> <span class='ocrx_word' id='word_1_431' title='bbox 2354 3156 2535 3224; x_wconf 88' lang='lat' dir='ltr'><strong>dignis</strong></span> <span class='ocrx_word' id='word_1_432' title='bbox 2562 3156 2832 3224; x_wconf 86' lang='lat' dir='ltr'><strong>theologis</strong></span> <span class='ocrx_word' id='word_1_433' title='bbox 2874 3155 2941 3210; x_wconf 91' lang='lat' dir='ltr'><strong>de</strong></span> <span class='ocrx_word' id='word_1_434' title='bbox 3001 3156 3109 3210; x_wconf 90' lang='lat' dir='ltr'><strong>Deo</strong></span> <span class='ocrx_word' id='word_1_435' title='bbox 3159 3162 3212 3209; x_wconf 90' lang='lat' dir='ltr'><strong>et</strong></span> <span class='ocrx_word' id='word_1_436' title='bbox 3261 3154 3425 3209; x_wconf 87' lang='lat' dir='ltr'><strong>rebus</strong></span> 
     </span>
    </p>
   </div>
   <div class='ocr_carea' id='block_1_60' title="bbox 160 3231 1718 3313">
    <p class='ocr_par' dir='ltr' id='par_1_60' title="bbox 160 3231 1711 3308">
     <span class='ocr_line' id='line_1_60' title="bbox 160 3231 1711 3308; baseline -0.006 -16"><span class='ocrx_word' id='word_1_437' title='bbox 160 3238 282 3292; x_wconf 79' lang='grc' dir='ltr'>οὐτε</span> <span class='ocrx_word' id='word_1_438' title='bbox 317 3236 622 3308; x_wconf 74' lang='grc' dir='ltr'>προῦργου,</span> <span class='ocrx_word' id='word_1_439' title='bbox 642 3234 755 3289; x_wconf 82' lang='grc' dir='ltr'>οὐτ’</span> <span class='ocrx_word' id='word_1_440' title='bbox 779 3236 841 3287; x_wconf 75' lang='grc' dir='ltr'>ἐκ</span> <span class='ocrx_word' id='word_1_441' title='bbox 861 3233 957 3287; x_wconf 83' lang='grc' dir='ltr'>τοῦ</span> <span class='ocrx_word' id='word_1_442' title='bbox 990 3234 1333 3304; x_wconf 86' lang='grc' dir='ltr'>παρήκοντος</span> <span class='ocrx_word' id='word_1_443' title='bbox 1356 3231 1711 3299; x_wconf 84' lang='grc' dir='ltr'>θεολογοΰντα</span> 
     </span>
    </p>
   </div>
   <div class='ocr_carea' id='block_1_61' title="bbox 1829 3231 3426 3313">
    <p class='ocr_par' dir='ltr' id='par_1_61' title="bbox 1843 3246 3426 3313">
     <span class='ocr_line' id='line_1_61' title="bbox 1843 3246 3426 3313; baseline 0.001 -12"><span class='ocrx_word' id='word_1_444' title='bbox 1843 3246 2065 3313; x_wconf 85' lang='lat' dir='ltr'><strong>divinis,</strong></span> <span class='ocrx_word' id='word_1_445' title='bbox 2101 3262 2223 3301; x_wconf 89' lang='lat' dir='ltr'><strong>cum</strong></span> <span class='ocrx_word' id='word_1_446' title='bbox 2256 3248 2471 3302; x_wconf 86' lang='lat' dir='ltr'><strong>licentia</strong></span> <span class='ocrx_word' id='word_1_447' title='bbox 2496 3248 2690 3312; x_wconf 83' lang='lat' dir='ltr'><strong>supina</strong></span> <span class='ocrx_word' id='word_1_448' title='bbox 2721 3250 3010 3303; x_wconf 87' lang='lat' dir='ltr'><strong>disserere.</strong></span> <span class='ocrx_word' id='word_1_449' title='bbox 3036 3246 3235 3303; x_wconf 81' lang='lat' dir='ltr'><strong>Verum</strong></span> <span class='ocrx_word' id='word_1_450' title='bbox 3270 3247 3426 3302; x_wconf 90' lang='lat' dir='ltr'><strong>nefas</strong></span> 
     </span>
    </p>
   </div>
   <div class='ocr_carea' id='block_1_62' title="bbox 166 3322 1718 3409">
    <p class='ocr_par' dir='ltr' id='par_1_62' title="bbox 166 3325 1718 3402">
     <span class='ocr_line' id='line_1_62' title="bbox 166 3325 1718 3402; baseline -0.008 -17"><span class='ocrx_word' id='word_1_451' title='bbox 166 3333 402 3402; x_wconf 82' lang='grc' dir='ltr'>Ἔμελλε</span> <span class='ocrx_word' id='word_1_452' title='bbox 452 3330 509 3384; x_wconf 80' lang='grc' dir='ltr'>δὲ</span> <span class='ocrx_word' id='word_1_453' title='bbox 549 3332 612 3384; x_wconf 82' lang='grc' dir='ltr'>ὲκ</span> <span class='ocrx_word' id='word_1_454' title='bbox 660 3329 753 3383; x_wconf 80' lang='grc' dir='ltr'><strong>τοῦ</strong></span> <span class='ocrx_word' id='word_1_455' title='bbox 804 3327 1148 3397; x_wconf 82' lang='grc' dir='ltr'>παρήκοντος</span> <span class='ocrx_word' id='word_1_456' title='bbox 1198 3325 1469 3392; x_wconf 84' lang='grc' dir='ltr'>θεολογεῖν</span> <span class='ocrx_word' id='word_1_457' title='bbox 1516 3340 1648 3376; x_wconf 89' lang='grc' dir='ltr'>ποτε</span> <span class='ocrx_word' id='word_1_458' title='bbox 1710 3342 1718 3371; x_wconf 66' lang='grc' dir='ltr'><em>ς</em></span> 
     </span>
    </p>
   </div>
   <div class='ocr_carea' id='block_1_63' title="bbox 1829 3322 3426 3409">
    <p class='ocr_par' dir='ltr' id='par_1_63' title="bbox 1840 3338 3426 3409">
     <span class='ocr_line' id='line_1_63' title="bbox 1840 3338 3426 3409; baseline 0 -15"><span class='ocrx_word' id='word_1_459' title='bbox 1840 3348 1926 3394; x_wconf 88' lang='lat' dir='ltr'><strong>est</strong></span> <span class='ocrx_word' id='word_1_460' title='bbox 1965 3339 2032 3393; x_wconf 93' lang='lat' dir='ltr'><strong>de</strong></span> <span class='ocrx_word' id='word_1_461' title='bbox 2089 3338 2201 3394; x_wconf 89' lang='lat' dir='ltr'><strong>Deo</strong></span> <span class='ocrx_word' id='word_1_462' title='bbox 2242 3340 2404 3393; x_wconf 83' lang='lat' dir='ltr'><strong>verba</strong></span> <span class='ocrx_word' id='word_1_463' title='bbox 2454 3339 2786 3406; x_wconf 84' lang='lat' dir='ltr'><strong>facientem,</strong></span> <span class='ocrx_word' id='word_1_464' title='bbox 2840 3338 2975 3395; x_wconf 85' lang='lat' dir='ltr'><strong>falsa</strong></span> <span class='ocrx_word' id='word_1_465' title='bbox 3023 3340 3075 3394; x_wconf 91' lang='lat' dir='ltr'><strong>in</strong></span> <span class='ocrx_word' id='word_1_466' title='bbox 3122 3338 3426 3409; x_wconf 80' lang='lat' dir='ltr'><strong>theologica</strong></span> 
     </span>
    </p>
   </div>
   <div class='ocr_carea' id='block_1_64' title="bbox 165 3412 1718 3497">
    <p class='ocr_par' dir='ltr' id='par_1_64' title="bbox 165 3412 1718 3493">
     <span class='ocr_line' id='line_1_64' title="bbox 165 3412 1718 3493; baseline -0.006 -19"><span class='ocrx_word' id='word_1_467' title='bbox 165 3422 343 3491; x_wconf 79' lang='grc' dir='ltr'>πάσης</span> <span class='ocrx_word' id='word_1_468' title='bbox 385 3423 658 3493; x_wconf 82' lang='grc' dir='ltr'>προσοχῆς</span> <span class='ocrx_word' id='word_1_469' title='bbox 716 3421 811 3474; x_wconf 76' lang='grc' dir='ltr'><strong>καὶ</strong></span> <span class='ocrx_word' id='word_1_470' title='bbox 853 3418 1140 3489; x_wconf 76' lang='grc' dir='ltr'>ἀκριδείας</span> <span class='ocrx_word' id='word_1_471' title='bbox 1190 3414 1391 3477; x_wconf 77' lang='grc' dir='ltr'>κανὼν,</span> <span class='ocrx_word' id='word_1_472' title='bbox 1443 3414 1540 3467; x_wconf 60' lang='grc' dir='ltr'><strong>καλ⁵</strong></span> <span class='ocrx_word' id='word_1_473' title='bbox 1565 3412 1718 3467; x_wconf 79' lang='grc' dir='ltr'>ταῠτι</span> 
     </span>
    </p>
   </div>
   <div class='ocr_carea' id='block_1_65' title="bbox 1829 3412 3427 3497">
    <p class='ocr_par' dir='ltr' id='par_1_65' title="bbox 1842 3428 3427 3497">
     <span class='ocr_line' id='line_1_65' title="bbox 1842 3428 3427 3497; baseline 0.001 -16"><span class='ocrx_word' id='word_1_474' title='bbox 1842 3441 2096 3482; x_wconf 84' lang='lat' dir='ltr'><strong>sermone</strong></span> <span class='ocrx_word' id='word_1_475' title='bbox 2125 3428 2437 3492; x_wconf 79' lang='lat' dir='ltr'><strong>enuntiare,</strong></span> <span class='ocrx_word' id='word_1_476' title='bbox 2467 3428 2582 3483; x_wconf 84' lang='lat' dir='ltr'><strong>sive</strong></span> <span class='ocrx_word' id='word_1_477' title='bbox 2618 3428 2668 3482; x_wconf 88' lang='lat' dir='ltr'><strong>id</strong></span> <span class='ocrx_word' id='word_1_478' title='bbox 2702 3443 2731 3483; x_wconf 90' lang='lat' dir='ltr'><strong>e</strong></span> <span class='ocrx_word' id='word_1_479' title='bbox 2759 3444 2817 3483; x_wconf 91' lang='lat' dir='ltr'><strong>re</strong></span> <span class='ocrx_word' id='word_1_480' title='bbox 2841 3438 2894 3483; x_wconf 92' lang='lat' dir='ltr'><strong>et</strong></span> <span class='ocrx_word' id='word_1_481' title='bbox 2915 3444 2980 3483; x_wconf 77' lang='lat' dir='ltr'><strong>ex</strong></span> <span class='ocrx_word' id='word_1_482' title='bbox 3013 3428 3275 3497; x_wconf 87' lang='lat' dir='ltr'><strong>professo,</strong></span> <span class='ocrx_word' id='word_1_483' title='bbox 3311 3431 3427 3484; x_wconf 83' lang='lat' dir='ltr'><strong>sive</strong></span> 
     </span>
    </p>
   </div>
   <div class='ocr_carea' id='block_1_66' title="bbox 166 3504 1718 3591">
    <p class='ocr_par' dir='ltr' id='par_1_66' title="bbox 166 3504 1718 3584">
     <span class='ocr_line' id='line_1_66' title="bbox 166 3504 1718 3584; baseline -0.007 -17"><span class='ocrx_word' id='word_1_484' title='bbox 166 3517 295 3584; x_wconf 67' lang='grc' dir='ltr'><strong>περ)⁸</strong></span> <span class='ocrx_word' id='word_1_485' title='bbox 345 3515 608 3583; x_wconf 85' lang='grc' dir='ltr'>μεγίστου</span> <span class='ocrx_word' id='word_1_486' title='bbox 655 3513 945 3583; x_wconf 76' lang='grc' dir='ltr'>δόγματος,</span> <span class='ocrx_word' id='word_1_487' title='bbox 991 3511 1086 3563; x_wconf 72' lang='grc' dir='ltr'>καὶ</span> <span class='ocrx_word' id='word_1_488' title='bbox 1139 3510 1221 3571; x_wconf 90' lang='grc' dir='ltr'><strong>είς</strong></span> <span class='ocrx_word' id='word_1_489' title='bbox 1268 3507 1328 3559; x_wconf 84' lang='grc' dir='ltr'>τὸ</span> <span class='ocrx_word' id='word_1_490' title='bbox 1357 3506 1612 3576; x_wconf 82' lang='grc' dir='ltr'>δεύτερον</span> <span class='ocrx_word' id='word_1_491' title='bbox 1642 3504 1718 3573; x_wconf 83' lang='grc' dir='ltr'><strong>τῆ.</strong></span> 
     </span>
    </p>
   </div>
   <div class='ocr_carea' id='block_1_67' title="bbox 1829 3504 3427 3591">
    <p class='ocr_par' dir='ltr' id='par_1_67' title="bbox 1843 3518 3427 3591">
     <span class='ocr_line' id='line_1_67' title="bbox 1843 3518 3427 3591; baseline 0.001 -20"><span class='ocrx_word' id='word_1_492' title='bbox 1843 3518 2073 3575; x_wconf 87' lang='lat' dir='ltr'><strong>remisse</strong></span> <span class='ocrx_word' id='word_1_493' title='bbox 2110 3518 2325 3591; x_wconf 75' lang='lat' dir='ltr'><strong>sibique</strong></span> <span class='ocrx_word' id='word_1_494' title='bbox 2375 3520 2710 3590; x_wconf 78' lang='lat' dir='ltr'><strong>indulgendo</strong></span> <span class='ocrx_word' id='word_1_495' title='bbox 2739 3528 2883 3591; x_wconf 80' lang='lat' dir='ltr'><strong>agat.</strong></span> <span class='ocrx_word' id='word_1_496' title='bbox 2913 3519 2994 3574; x_wconf 86' lang='lat' dir='ltr'><strong>An</strong></span> <span class='ocrx_word' id='word_1_497' title='bbox 3028 3537 3159 3576; x_wconf 84' lang='lat' dir='ltr'><strong>vero</strong></span> <span class='ocrx_word' id='word_1_498' title='bbox 3184 3521 3427 3575; x_wconf 88' lang='lat' dir='ltr'><strong>futurmn</strong></span> 
     </span>
    </p>
   </div>
   <div class='ocr_carea' id='block_1_68' title="bbox 170 3598 1718 3683">
    <p class='ocr_par' dir='ltr' id='par_1_68' title="bbox 170 3598 1718 3675">
     <span class='ocr_line' id='line_1_68' title="bbox 170 3598 1718 3675; baseline -0.005 -17"><span class='ocrx_word' id='word_1_499' title='bbox 170 3608 407 3672; x_wconf 79' lang='grc' dir='ltr'>πίστεως</span> <span class='ocrx_word' id='word_1_500' title='bbox 466 3607 761 3675; x_wconf 79' lang='grc' dir='ltr'>ἀνήκοντος</span> <span class='ocrx_word' id='word_1_501' title='bbox 808 3604 1033 3673; x_wconf 76' lang='grc' dir='ltr'>ἄρθρον,</span> <span class='ocrx_word' id='word_1_502' title='bbox 1069 3603 1165 3656; x_wconf 74' lang='grc' dir='ltr'>καὶ</span> <span class='ocrx_word' id='word_1_503' title='bbox 1217 3601 1286 3653; x_wconf 90' lang='grc' dir='ltr'><strong>δι’</strong></span> <span class='ocrx_word' id='word_1_504' title='bbox 1319 3599 1587 3668; x_wconf 79' lang='grc' dir='ltr'>ὠφέλειαν</span> <span class='ocrx_word' id='word_1_505' title='bbox 1632 3598 1718 3651; x_wconf 64' lang='grc' dir='ltr'><strong>στῶ⁴</strong></span> 
     </span>
    </p>
   </div>
   <div class='ocr_carea' id='block_1_69' title="bbox 1829 3598 3431 3683">
    <p class='ocr_par' dir='ltr' id='par_1_69' title="bbox 1843 3612 3431 3683">
     <span class='ocr_line' id='line_1_69' title="bbox 1843 3612 3431 3683; baseline 0.001 -18"><span class='ocrx_word' id='word_1_506' title='bbox 1843 3623 1979 3676; x_wconf 87' lang='lat' dir='ltr'><strong>erat,</strong></span> <span class='ocrx_word' id='word_1_507' title='bbox 2015 3620 2072 3666; x_wconf 92' lang='lat' dir='ltr'><strong>ut</strong></span> <span class='ocrx_word' id='word_1_508' title='bbox 2098 3612 2189 3681; x_wconf 92' lang='lat' dir='ltr'><strong>qui</strong></span> <span class='ocrx_word' id='word_1_509' title='bbox 2233 3614 2415 3667; x_wconf 89' lang='lat' dir='ltr'><strong>omnis</strong></span> <span class='ocrx_word' id='word_1_510' title='bbox 2460 3613 2780 3668; x_wconf 88' lang='lat' dir='ltr'><strong>attentionis</strong></span> <span class='ocrx_word' id='word_1_511' title='bbox 2810 3620 2865 3667; x_wconf 92' lang='lat' dir='ltr'><strong>et</strong></span> <span class='ocrx_word' id='word_1_512' title='bbox 2899 3621 3102 3667; x_wconf 72' lang='lat' dir='ltr'><strong>exacta:</strong></span> <span class='ocrx_word' id='word_1_513' title='bbox 3135 3613 3431 3683; x_wconf 67' lang='lat' dir='ltr'><strong>diligentiae</strong></span> 
     </span>
    </p>
   </div>
   <div class='ocr_carea' id='block_1_70' title="bbox 168 3688 1718 3775">
    <p class='ocr_par' dir='ltr' id='par_1_70' title="bbox 168 3690 1717 3764">
     <span class='ocr_line' id='line_1_70' title="bbox 168 3690 1717 3764; baseline -0.006 -13"><span class='ocrx_word' id='word_1_514' title='bbox 168 3695 476 3752; x_wconf 75' lang='grc' dir='ltr'>ἀκουόντων</span> <span class='ocrx_word' id='word_1_515' title='bbox 511 3694 702 3764; x_wconf 77' lang='grc' dir='ltr'>ἔμελλε</span> <span class='ocrx_word' id='word_1_516' title='bbox 737 3693 909 3763; x_wconf 80' lang='grc' dir='ltr'>ψευδῆ</span> <span class='ocrx_word' id='word_1_517' title='bbox 962 3691 1278 3761; x_wconf 76' lang='grc' dir='ltr'>προτιθέναι</span> <span class='ocrx_word' id='word_1_518' title='bbox 1311 3690 1598 3759; x_wconf 85' lang='grc' dir='ltr'>δόγματα;</span> <span class='ocrx_word' id='word_1_519' title='bbox 1647 3706 1717 3742; x_wconf 90' lang='grc' dir='ltr'><strong>κα</strong></span> 
     </span>
    </p>
   </div>
   <div class='ocr_carea' id='block_1_71' title="bbox 1829 3688 3430 3775">
    <p class='ocr_par' dir='ltr' id='par_1_71' title="bbox 1844 3705 3430 3775">
     <span class='ocr_line' id='line_1_71' title="bbox 1844 3705 3430 3775; baseline 0.001 -17"><span class='ocrx_word' id='word_1_520' title='bbox 1844 3705 2031 3775; x_wconf 84' lang='lat' dir='ltr'><strong>regula</strong></span> <span class='ocrx_word' id='word_1_521' title='bbox 2067 3713 2185 3772; x_wconf 89' lang='lat' dir='ltr'><strong>est,</strong></span> <span class='ocrx_word' id='word_1_522' title='bbox 2220 3706 2286 3760; x_wconf 89' lang='lat' dir='ltr'><strong>de</strong></span> <span class='ocrx_word' id='word_1_523' title='bbox 2321 3705 2431 3760; x_wconf 89' lang='lat' dir='ltr'><strong>Deo</strong></span> <span class='ocrx_word' id='word_1_524' title='bbox 2464 3720 2704 3775; x_wconf 87' lang='lat' dir='ltr'><strong>unquam</strong></span> <span class='ocrx_word' id='word_1_525' title='bbox 2756 3705 3080 3761; x_wconf 84' lang='lat' dir='ltr'><strong>dissertaret</strong></span> <span class='ocrx_word' id='word_1_526' title='bbox 3129 3719 3325 3775; x_wconf 60' lang='lat' dir='ltr'><strong>praeter</strong></span> <span class='ocrx_word' id='word_1_527' title='bbox 3376 3706 3430 3759; x_wconf 89' lang='lat' dir='ltr'><strong>id</strong></span> 
     </span>
    </p>
   </div>
   <div class='ocr_carea' id='block_1_72' title="bbox 170 3779 1718 3869">
    <p class='ocr_par' dir='ltr' id='par_1_72' title="bbox 170 3779 1718 3857">
     <span class='ocr_line' id='line_1_72' title="bbox 170 3779 1718 3857; baseline -0.006 -14"><span class='ocrx_word' id='word_1_528' title='bbox 170 3790 406 3857; x_wconf 80' lang='grc' dir='ltr'>ὠφέλεια</span> <span class='ocrx_word' id='word_1_529' title='bbox 456 3789 566 3843; x_wconf 90' lang='grc' dir='ltr'><strong>τῶν</strong></span> <span class='ocrx_word' id='word_1_530' title='bbox 593 3784 898 3840; x_wconf 81' lang='grc' dir='ltr'>ἀκουόντων</span> <span class='ocrx_word' id='word_1_531' title='bbox 937 3784 1003 3838; x_wconf 77' lang='grc' dir='ltr'>ἂν</span> <span class='ocrx_word' id='word_1_532' title='bbox 1038 3779 1130 3853; x_wconf 84' lang='grc' dir='ltr'>ἦν,</span> <span class='ocrx_word' id='word_1_533' title='bbox 1161 3783 1249 3837; x_wconf 76' lang='grc' dir='ltr'><strong>ἵνα</strong></span> <span class='ocrx_word' id='word_1_534' title='bbox 1285 3784 1414 3853; x_wconf 78' lang='grc' dir='ltr'>περὶ</span> <span class='ocrx_word' id='word_1_535' title='bbox 1435 3782 1495 3834; x_wconf 73' lang='grc' dir='ltr'>τὸ</span> <span class='ocrx_word' id='word_1_536' title='bbox 1527 3780 1660 3851; x_wconf 80' lang='grc' dir='ltr'>ἦθός</span> <span class='ocrx_word' id='word_1_537' title='bbox 1689 3798 1718 3832; x_wconf 88' lang='grc' dir='ltr'><strong>τ</strong></span> 
     </span>
    </p>
   </div>
   <div class='ocr_carea' id='block_1_73' title="bbox 1829 3779 3429 3869">
    <p class='ocr_par' dir='ltr' id='par_1_73' title="bbox 1844 3799 3429 3869">
     <span class='ocr_line' id='line_1_73' title="bbox 1844 3799 3429 3869; baseline -0.003 -16"><span class='ocrx_word' id='word_1_538' title='bbox 1844 3799 1988 3869; x_wconf 91' lang='lat' dir='ltr'><strong>quod</strong></span> <span class='ocrx_word' id='word_1_539' title='bbox 2029 3815 2128 3869; x_wconf 91' lang='lat' dir='ltr'><strong>par</strong></span> <span class='ocrx_word' id='word_1_540' title='bbox 2156 3807 2237 3854; x_wconf 85' lang='lat' dir='ltr'><strong>est</strong></span> <span class='ocrx_word' id='word_1_541' title='bbox 2271 3817 2287 3857; x_wconf 87' lang='lat'><strong>:</strong></span> <span class='ocrx_word' id='word_1_542' title='bbox 2318 3799 2485 3869; x_wconf 87' lang='lat' dir='ltr'><strong>idque</strong></span> <span class='ocrx_word' id='word_1_543' title='bbox 2536 3799 2604 3853; x_wconf 92' lang='lat' dir='ltr'><strong>de</strong></span> <span class='ocrx_word' id='word_1_544' title='bbox 2641 3800 2820 3868; x_wconf 86' lang='lat' dir='ltr'><strong>magni</strong></span> <span class='ocrx_word' id='word_1_545' title='bbox 2859 3799 3119 3853; x_wconf 85' lang='lat' dir='ltr'><strong>momenti</strong></span> <span class='ocrx_word' id='word_1_546' title='bbox 3170 3801 3429 3862; x_wconf 86' lang='lat' dir='ltr'><strong>decreto,</strong></span> 
     </span>
    </p>
   </div>
   <div class='ocr_carea' id='block_1_74' title="bbox 174 3873 1718 3961">
    <p class='ocr_par' dir='ltr' id='par_1_74' title="bbox 174 3873 1718 3952">
     <span class='ocr_line' id='line_1_74' title="bbox 174 3873 1718 3952; baseline -0.005 -18"><span class='ocrx_word' id='word_1_547' title='bbox 174 3882 411 3952; x_wconf 80' lang='grc' dir='ltr'>βελτίους</span> <span class='ocrx_word' id='word_1_548' title='bbox 441 3881 734 3949; x_wconf 80' lang='grc' dir='ltr'>γινόμενοι,</span> <span class='ocrx_word' id='word_1_549' title='bbox 767 3876 1127 3946; x_wconf 74' lang='grc' dir='ltr'>ψευδοδοξῶσι</span> <span class='ocrx_word' id='word_1_550' title='bbox 1177 3876 1306 3946; x_wconf 77' lang='grc' dir='ltr'>περὶ</span> <span class='ocrx_word' id='word_1_551' title='bbox 1336 3873 1472 3928; x_wconf 80' lang='grc' dir='ltr'><strong>Θεοῦ</strong></span> <span class='ocrx_word' id='word_1_552' title='bbox 1503 3875 1601 3927; x_wconf 77' lang='grc' dir='ltr'>καὶ</span> <span class='ocrx_word' id='word_1_553' title='bbox 1634 3876 1718 3927; x_wconf 54' lang='grc' dir='ltr'>τῶε</span> 
     </span>
    </p>
   </div>
   <div class='ocr_carea' id='block_1_75' title="bbox 1829 3873 3434 3961">
    <p class='ocr_par' dir='ltr' id='par_1_75' title="bbox 1844 3887 3434 3961">
     <span class='ocr_line' id='line_1_75' title="bbox 1844 3887 3434 3961; baseline -0.003 -14"><span class='ocrx_word' id='word_1_554' title='bbox 1844 3900 1900 3947; x_wconf 85' lang='lat' dir='ltr'><strong>et</strong></span> <span class='ocrx_word' id='word_1_555' title='bbox 1933 3892 2079 3961; x_wconf 84' lang='lat' dir='ltr'><strong>quod</strong></span> <span class='ocrx_word' id='word_1_556' title='bbox 2111 3891 2177 3944; x_wconf 90' lang='lat' dir='ltr'><strong>ad</strong></span> <span class='ocrx_word' id='word_1_557' title='bbox 2206 3893 2505 3952; x_wconf 80' lang='lat' dir='ltr'><strong>secundum</strong></span> <span class='ocrx_word' id='word_1_558' title='bbox 2543 3890 2666 3944; x_wconf 84' lang='lat' dir='ltr'><strong>fidei</strong></span> <span class='ocrx_word' id='word_1_559' title='bbox 2704 3890 2995 3944; x_wconf 90' lang='lat' dir='ltr'><strong>articulum</strong></span> <span class='ocrx_word' id='word_1_560' title='bbox 3043 3887 3280 3942; x_wconf 87' lang='lat' dir='ltr'><strong>refertur</strong></span> <span class='ocrx_word' id='word_1_561' title='bbox 3322 3903 3336 3940; x_wconf 89' lang='lat'><strong>:</strong></span> <span class='ocrx_word' id='word_1_562' title='bbox 3371 3903 3434 3943; x_wconf 90' lang='lat' dir='ltr'><strong>ac</strong></span> 
     </span>
    </p>
   </div>
   <div class='ocr_carea' id='block_1_76' title="bbox 172 3966 1718 4054">
    <p class='ocr_par' dir='ltr' id='par_1_76' title="bbox 172 3966 1712 4040">
     <span class='ocr_line' id='line_1_76' title="bbox 172 3966 1712 4040; baseline -0.004 -14"><span class='ocrx_word' id='word_1_563' title='bbox 172 3974 369 4038; x_wconf 77' lang='grc' dir='ltr'>θείωνς</span> <span class='ocrx_word' id='word_1_564' title='bbox 420 3973 515 4026; x_wconf 77' lang='grc' dir='ltr'>καὶ</span> <span class='ocrx_word' id='word_1_565' title='bbox 567 3971 789 4040; x_wconf 72' lang='grc' dir='ltr'>ὠφελῶν</span> <span class='ocrx_word' id='word_1_566' title='bbox 838 3968 1031 4030; x_wconf 64' lang='grc' dir='ltr'>ἄλλους</span> <span class='ocrx_word' id='word_1_567' title='bbox 1074 3970 1131 4020; x_wconf 80' lang='grc' dir='ltr'>ὲν</span> <span class='ocrx_word' id='word_1_568' title='bbox 1183 3969 1424 4036; x_wconf 80' lang='grc' dir='ltr'>μικροῖς,</span> <span class='ocrx_word' id='word_1_569' title='bbox 1478 3966 1712 4020; x_wconf 73' lang='grc' dir='ltr'>ἔϐλαπτε</span> 
     </span>
    </p>
   </div>
   <div class='ocr_carea' id='block_1_77' title="bbox 1829 3966 3434 4054">
    <p class='ocr_par' dir='ltr' id='par_1_77' title="bbox 1848 3978 3434 4054">
     <span class='ocr_line' id='line_1_77' title="bbox 1848 3978 3434 4054; baseline -0.004 -16"><span class='ocrx_word' id='word_1_570' title='bbox 1848 3994 2069 4054; x_wconf 81' lang='lat' dir='ltr'><strong>propter</strong></span> <span class='ocrx_word' id='word_1_571' title='bbox 2120 3983 2463 4037; x_wconf 91' lang='lat' dir='ltr'><strong>audientium</strong></span> <span class='ocrx_word' id='word_1_572' title='bbox 2510 3980 2858 4035; x_wconf 83' lang='lat' dir='ltr'><strong>commodum</strong></span> <span class='ocrx_word' id='word_1_573' title='bbox 2902 3980 3039 4034; x_wconf 89' lang='lat' dir='ltr'><strong>scita</strong></span> <span class='ocrx_word' id='word_1_574' title='bbox 3074 3978 3206 4032; x_wconf 89' lang='lat' dir='ltr'><strong>falsa</strong></span> <span class='ocrx_word' id='word_1_575' title='bbox 3240 3992 3434 4047; x_wconf 89' lang='lat' dir='ltr'><strong>propo-</strong></span> 
     </span>
    </p>
   </div>
   <div class='ocr_carea' id='block_1_78' title="bbox 173 4059 1718 4134">
    <p class='ocr_par' dir='ltr' id='par_1_78' title="bbox 173 4059 1713 4133">
     <span class='ocr_line' id='line_1_78' title="bbox 173 4059 1713 4133; baseline -0.005 -14"><span class='ocrx_word' id='word_1_576' title='bbox 173 4069 360 4121; x_wconf 67' lang='grc' dir='ltr'>ἑαυτὸν</span> <span class='ocrx_word' id='word_1_577' title='bbox 390 4070 451 4120; x_wconf 78' lang='grc' dir='ltr'>ὲν</span> <span class='ocrx_word' id='word_1_578' title='bbox 474 4067 588 4127; x_wconf 86' lang='grc' dir='ltr'>τοῖς</span> <span class='ocrx_word' id='word_1_579' title='bbox 618 4062 895 4133; x_wconf 84' lang='grc' dir='ltr'>μεγίστοις</span> <span class='ocrx_word' id='word_1_580' title='bbox 923 4060 1065 4114; x_wconf 79' lang='grc' dir='ltr'>ἑκὼν</span> <span class='ocrx_word' id='word_1_581' title='bbox 1105 4060 1237 4130; x_wconf 81' lang='grc' dir='ltr'>περὶ</span> <span class='ocrx_word' id='word_1_582' title='bbox 1276 4059 1387 4113; x_wconf 90' lang='grc' dir='ltr'><strong>τῶν</strong></span> <span class='ocrx_word' id='word_1_583' title='bbox 1419 4060 1581 4113; x_wconf 84' lang='grc' dir='ltr'>θείων</span> <span class='ocrx_word' id='word_1_584' title='bbox 1610 4059 1713 4129; x_wconf 80' lang='grc' dir='ltr'><strong>ψευ</strong></span> 
     </span>
    </p>
   </div>
   <div class='ocr_carea' id='block_1_79' title="bbox 1829 4059 3432 4134">
    <p class='ocr_par' dir='ltr' id='par_1_79' title="bbox 1848 4068 3432 4134">
     <span class='ocr_line' id='line_1_79' title="bbox 1848 4068 3432 4134; baseline -0.008 -2"><span class='ocrx_word' id='word_1_585' title='bbox 1848 4075 2039 4132; x_wconf 89' lang='lat' dir='ltr'><strong>neret?</strong></span> <span class='ocrx_word' id='word_1_586' title='bbox 2064 4090 2129 4128; x_wconf 92' lang='lat' dir='ltr'><strong>an</strong></span> <span class='ocrx_word' id='word_1_587' title='bbox 2162 4074 2327 4128; x_wconf 88' lang='lat' dir='ltr'><strong>etiam</strong></span> <span class='ocrx_word' id='word_1_588' title='bbox 2355 4072 2787 4127; x_wconf 90' lang='lat' dir='ltr'><strong>emolumentum</strong></span> <span class='ocrx_word' id='word_1_589' title='bbox 2819 4069 2958 4124; x_wconf 77' lang='lat' dir='ltr'><strong>foret</strong></span> <span class='ocrx_word' id='word_1_590' title='bbox 2980 4068 3432 4134; x_wconf 89' lang='lat' dir='ltr'><strong>auscultantium,</strong></span> 
     </span>
    </p>
   </div>
   <div class='ocr_carea' id='block_1_80' title="bbox 86 4148 1718 4231">
    <p class='ocr_par' dir='ltr' id='par_1_80' title="bbox 86 4151 1718 4228">
     <span class='ocr_line' id='line_1_80' title="bbox 86 4151 1718 4228; baseline -0.004 -18"><span class='ocrx_word' id='word_1_591' title='bbox 86 4222 91 4227; x_wconf 90' lang='lat'><strong><em>_</em></strong></span> <span class='ocrx_word' id='word_1_592' title='bbox 173 4157 425 4228; x_wconf 80' lang='grc' dir='ltr'>δόμενος,</span> <span class='ocrx_word' id='word_1_593' title='bbox 457 4157 550 4211; x_wconf 72' lang='grc' dir='ltr'>καὶ</span> <span class='ocrx_word' id='word_1_594' title='bbox 580 4154 751 4209; x_wconf 81' lang='grc' dir='ltr'>ταῦτα</span> <span class='ocrx_word' id='word_1_595' title='bbox 782 4153 918 4223; x_wconf 82' lang='grc' dir='ltr'>μηδὲ</span> <span class='ocrx_word' id='word_1_596' title='bbox 950 4153 1087 4223; x_wconf 84' lang='grc' dir='ltr'>πρὸς</span> <span class='ocrx_word' id='word_1_597' title='bbox 1113 4151 1286 4223; x_wconf 81' lang='grc' dir='ltr'>δῆμον</span> <span class='ocrx_word' id='word_1_598' title='bbox 1318 4152 1411 4205; x_wconf 79' lang='grc' dir='ltr'>τὸν</span> <span class='ocrx_word' id='word_1_599' title='bbox 1445 4152 1601 4220; x_wconf 84' lang='grc' dir='ltr'>λόγον</span> <span class='ocrx_word' id='word_1_600' title='bbox 1628 4168 1718 4205; x_wconf 88' lang='grc' dir='ltr'><strong>ποι</strong></span> 
     </span>
    </p>
   </div>
   <div class='ocr_carea' id='block_1_81' title="bbox 1829 4148 3509 4231">
    <p class='ocr_par' dir='ltr' id='par_1_81' title="bbox 1849 4148 3509 4231">
     <span class='ocr_line' id='line_1_81' title="bbox 1849 4148 3509 4231; baseline -0.004 -10"><span class='ocrx_word' id='word_1_601' title='bbox 1849 4176 1907 4221; x_wconf 88' lang='grc' dir='ltr'><strong>ιιι</strong></span> <span class='ocrx_word' id='word_1_602' title='bbox 1948 4182 2073 4221; x_wconf 92' lang='lat' dir='ltr'><strong>cum</strong></span> <span class='ocrx_word' id='word_1_603' title='bbox 2093 4165 2303 4219; x_wconf 89' lang='lat' dir='ltr'><strong>ratione</strong></span> <span class='ocrx_word' id='word_1_604' title='bbox 2337 4176 2546 4218; x_wconf 91' lang='lat' dir='ltr'><strong>morum</strong></span> <span class='ocrx_word' id='word_1_605' title='bbox 2573 4162 2889 4231; x_wconf 85' lang='lat' dir='ltr'><strong>ingeniique</strong></span> <span class='ocrx_word' id='word_1_606' title='bbox 2922 4160 3175 4217; x_wconf 82' lang='lat' dir='ltr'><strong>meliores</strong></span> <span class='ocrx_word' id='word_1_607' title='bbox 3204 4162 3397 4215; x_wconf 84' lang='lat' dir='ltr'><strong>fierent</strong></span> <span class='ocrx_word' id='word_1_608' title='bbox 3419 4202 3434 4226; x_wconf 91' lang='lat'><strong>,</strong></span> <span class='ocrx_word' id='word_1_609' title='bbox 3506 4148 3509 4149; x_wconf 31' lang='grc'><strong><em>⁷</em></strong></span> 
     </span>
    </p>
   </div>
   <div class='ocr_carea' id='block_1_82' title="bbox 174 4246 1718 4325">
    <p class='ocr_par' dir='ltr' id='par_1_82' title="bbox 174 4246 1718 4320">
     <span class='ocr_line' id='line_1_82' title="bbox 174 4246 1718 4320; baseline -0.006 -14"><span class='ocrx_word' id='word_1_610' title='bbox 174 4253 429 4320; x_wconf 83' lang='grc' dir='ltr'>οὐμενος,</span> <span class='ocrx_word' id='word_1_611' title='bbox 462 4250 576 4304; x_wconf 83' lang='grc' dir='ltr'>ἀλλ’</span> <span class='ocrx_word' id='word_1_612' title='bbox 609 4250 714 4320; x_wconf 79' lang='grc' dir='ltr'>ίδίᾳ</span> <span class='ocrx_word' id='word_1_613' title='bbox 741 4248 856 4302; x_wconf 82' lang='grc' dir='ltr'>τισὶ</span> <span class='ocrx_word' id='word_1_614' title='bbox 888 4246 1342 4317; x_wconf 82' lang='grc' dir='ltr'>πεπαιδευμένοις</span> <span class='ocrx_word' id='word_1_615' title='bbox 1374 4262 1433 4297; x_wconf 85' lang='grc' dir='ltr'><strong>τε</strong></span> <span class='ocrx_word' id='word_1_616' title='bbox 1474 4246 1572 4297; x_wconf 78' lang='grc' dir='ltr'>καὶ</span> <span class='ocrx_word' id='word_1_617' title='bbox 1603 4260 1718 4315; x_wconf 88' lang='grc' dir='ltr'><strong>παρ</strong></span> 
     </span>
    </p>
   </div>
   <div class='ocr_carea' id='block_1_83' title="bbox 1829 4246 3437 4325">
    <p class='ocr_par' dir='ltr' id='par_1_83' title="bbox 1851 4252 3437 4325">
     <span class='ocr_line' id='line_1_83' title="bbox 1851 4252 3437 4325; baseline -0.004 -10"><span class='ocrx_word' id='word_1_618' title='bbox 1851 4259 1989 4315; x_wconf 88' lang='lat' dir='ltr'><strong>falsa</strong></span> <span class='ocrx_word' id='word_1_619' title='bbox 2019 4259 2087 4313; x_wconf 89' lang='lat' dir='ltr'><strong>de</strong></span> <span class='ocrx_word' id='word_1_620' title='bbox 2115 4258 2224 4312; x_wconf 89' lang='lat' dir='ltr'><strong>Deo</strong></span> <span class='ocrx_word' id='word_1_621' title='bbox 2264 4273 2329 4310; x_wconf 75' lang='lat' dir='ltr'><strong>ac.</strong></span> <span class='ocrx_word' id='word_1_622' title='bbox 2389 4255 2551 4310; x_wconf 87' lang='lat' dir='ltr'><strong>rebus</strong></span> <span class='ocrx_word' id='word_1_623' title='bbox 2591 4252 2792 4311; x_wconf 91' lang='lat' dir='ltr'><strong>divinis</strong></span> <span class='ocrx_word' id='word_1_624' title='bbox 2824 4255 3218 4325; x_wconf 82' lang='lat' dir='ltr'><strong>opinarentur?</strong></span> <span class='ocrx_word' id='word_1_625' title='bbox 3245 4264 3299 4309; x_wconf 89' lang='lat' dir='ltr'><strong>et</strong></span> <span class='ocrx_word' id='word_1_626' title='bbox 3337 4256 3437 4309; x_wconf 85' lang='grc' dir='ltr'><strong>(Ιο-</strong></span> 
     </span>
    </p>
   </div>
   <div class='ocr_carea' id='block_1_84' title="bbox 175 4335 1718 4418">
    <p class='ocr_par' dir='ltr' id='par_1_84' title="bbox 175 4335 1718 4411">
     <span class='ocr_line' id='line_1_84' title="bbox 175 4335 1718 4411; baseline -0.006 -13"><span class='ocrx_word' id='word_1_627' title='bbox 175 4345 494 4399; x_wconf 82' lang='grc' dir='ltr'>ακολουθεῖν</span> <span class='ocrx_word' id='word_1_628' title='bbox 527 4341 869 4411; x_wconf 77' lang='grc' dir='ltr'>δυναμένοις,</span> <span class='ocrx_word' id='word_1_629' title='bbox 902 4340 997 4393; x_wconf 73' lang='grc' dir='ltr'>καὶ</span> <span class='ocrx_word' id='word_1_630' title='bbox 1052 4338 1160 4409; x_wconf 79' lang='grc' dir='ltr'>μὴν</span> <span class='ocrx_word' id='word_1_631' title='bbox 1214 4338 1382 4391; x_wconf 78' lang='grc' dir='ltr'>παντὶ</span> <span class='ocrx_word' id='word_1_632' title='bbox 1429 4335 1718 4405; x_wconf 77' lang='grc' dir='ltr'>συλλογιξο</span> 
     </span>
    </p>
   </div>
   <div class='ocr_carea' id='block_1_85' title="bbox 1829 4335 3439 4418">
    <p class='ocr_par' dir='ltr' id='par_1_85' title="bbox 1850 4343 3439 4418">
     <span class='ocr_line' id='line_1_85' title="bbox 1850 4343 3439 4418; baseline -0.004 -13"><span class='ocrx_word' id='word_1_633' title='bbox 1850 4357 1997 4414; x_wconf 89' lang='lat' dir='ltr'><strong>ctor,</strong></span> <span class='ocrx_word' id='word_1_634' title='bbox 2033 4348 2168 4404; x_wconf 88' lang='lat' dir='ltr'><strong>alios</strong></span> <span class='ocrx_word' id='word_1_635' title='bbox 2195 4347 2249 4401; x_wconf 93' lang='lat' dir='ltr'><strong>in</strong></span> <span class='ocrx_word' id='word_1_636' title='bbox 2280 4344 2494 4418; x_wconf 78' lang='lat' dir='ltr'><strong>exiguis</strong></span> <span class='ocrx_word' id='word_1_637' title='bbox 2517 4343 2782 4413; x_wconf 74' lang='lat' dir='ltr'><strong>iuvando,</strong></span> <span class='ocrx_word' id='word_1_638' title='bbox 2820 4344 3064 4415; x_wconf 87' lang='lat' dir='ltr'><strong>seipsum</strong></span> <span class='ocrx_word' id='word_1_639' title='bbox 3096 4344 3155 4399; x_wconf 91' lang='lat' dir='ltr'><strong>in</strong></span> <span class='ocrx_word' id='word_1_640' title='bbox 3185 4346 3439 4401; x_wconf 82' lang='lat' dir='ltr'><strong>maximis</strong></span> 
     </span>
    </p>
   </div>
   <div class='ocr_carea' id='block_1_86' title="bbox 179 4427 1718 4508">
    <p class='ocr_par' dir='ltr' id='par_1_86' title="bbox 179 4427 1718 4508">
     <span class='ocr_line' id='line_1_86' title="bbox 179 4427 1718 4508; baseline -0.006 -18"><span class='ocrx_word' id='word_1_641' title='bbox 179 4439 342 4508; x_wconf 82' lang='grc' dir='ltr'>μένῳ,</span> <span class='ocrx_word' id='word_1_642' title='bbox 377 4437 432 4489; x_wconf 89' lang='grc' dir='ltr'><strong>εί</strong></span> <span class='ocrx_word' id='word_1_643' title='bbox 467 4436 561 4489; x_wconf 76' lang='grc' dir='ltr'>καὶ</span> <span class='ocrx_word' id='word_1_644' title='bbox 589 4435 792 4497; x_wconf 86' lang='grc' dir='ltr'>σκοπός</span> <span class='ocrx_word' id='word_1_645' title='bbox 823 4434 941 4487; x_wconf 77' lang='grc' dir='ltr'>ἐστι</span> <span class='ocrx_word' id='word_1_646' title='bbox 970 4431 1034 4485; x_wconf 79' lang='grc' dir='ltr'>τὸ</span> <span class='ocrx_word' id='word_1_647' title='bbox 1078 4430 1476 4501; x_wconf 84' lang='grc' dir='ltr'>συμπέρασμα,</span> <span class='ocrx_word' id='word_1_648' title='bbox 1504 4427 1622 4482; x_wconf 85' lang='grc' dir='ltr'>ἀλλ’</span> <span class='ocrx_word' id='word_1_649' title='bbox 1649 4428 1718 4481; x_wconf 45' lang='grc' dir='ltr'><strong>οὐκ</strong></span> 
     </span>
    </p>
   </div>
   <div class='ocr_carea' id='block_1_87' title="bbox 1829 4427 3440 4508">
    <p class='ocr_par' dir='ltr' id='par_1_87' title="bbox 1854 4434 3440 4505">
     <span class='ocr_line' id='line_1_87' title="bbox 1854 4434 3440 4505; baseline -0.004 -10"><span class='ocrx_word' id='word_1_650' title='bbox 1854 4441 2000 4495; x_wconf 90' lang='lat' dir='ltr'><strong>ultro</strong></span> <span class='ocrx_word' id='word_1_651' title='bbox 2034 4438 2275 4501; x_wconf 58' lang='lat' dir='ltr'><strong>lmderet,</strong></span> <span class='ocrx_word' id='word_1_652' title='bbox 2305 4436 2373 4492; x_wconf 91' lang='lat' dir='ltr'><strong>de</strong></span> <span class='ocrx_word' id='word_1_653' title='bbox 2398 4434 2605 4492; x_wconf 86' lang='lat' dir='ltr'><strong>divinis</strong></span> <span class='ocrx_word' id='word_1_654' title='bbox 2651 4435 3013 4491; x_wconf 81' lang='lat' dir='ltr'><strong>mentiendo?</strong></span> <span class='ocrx_word' id='word_1_655' title='bbox 3040 4449 3165 4491; x_wconf 90' lang='lat' dir='ltr'><strong>cum</strong></span> <span class='ocrx_word' id='word_1_656' title='bbox 3212 4449 3440 4505; x_wconf 62' lang='lat' dir='ltr'><strong>praeser-</strong></span> 
     </span>
    </p>
   </div>
   <div class='ocr_carea' id='block_1_88' title="bbox 176 4517 1718 4600">
    <p class='ocr_par' dir='ltr' id='par_1_88' title="bbox 176 4517 1718 4597">
     <span class='ocr_line' id='line_1_88' title="bbox 176 4517 1718 4597; baseline -0.006 -18"><span class='ocrx_word' id='word_1_657' title='bbox 176 4529 238 4581; x_wconf 73' lang='grc' dir='ltr'>ὲκ</span> <span class='ocrx_word' id='word_1_658' title='bbox 262 4527 359 4581; x_wconf 82' lang='grc' dir='ltr'><strong>τοῦ</strong></span> <span class='ocrx_word' id='word_1_659' title='bbox 388 4525 739 4597; x_wconf 87' lang='grc' dir='ltr'>παρήκοντος</span> <span class='ocrx_word' id='word_1_660' title='bbox 765 4524 822 4576; x_wconf 88' lang='grc' dir='ltr'><strong>αί</strong></span> <span class='ocrx_word' id='word_1_661' title='bbox 852 4522 1147 4592; x_wconf 79' lang='grc' dir='ltr'>προτάσεις</span> <span class='ocrx_word' id='word_1_662' title='bbox 1184 4517 1574 4588; x_wconf 78' lang='grc' dir='ltr'>λαμϐάνονται.</span> <span class='ocrx_word' id='word_1_663' title='bbox 1607 4518 1718 4588; x_wconf 82' lang='grc' dir='ltr'>Πρὸ</span> 
     </span>
    </p>
   </div>
   <div class='ocr_carea' id='block_1_89' title="bbox 1829 4517 3439 4600">
    <p class='ocr_par' dir='ltr' id='par_1_89' title="bbox 1857 4525 3439 4600">
     <span class='ocr_line' id='line_1_89' title="bbox 1857 4525 3439 4600; baseline -0.004 -14"><span class='ocrx_word' id='word_1_664' title='bbox 1857 4531 1956 4586; x_wconf 91' lang='lat' dir='ltr'><strong>tim</strong></span> <span class='ocrx_word' id='word_1_665' title='bbox 2008 4531 2075 4584; x_wconf 90' lang='lat' dir='ltr'><strong>ad</strong></span> <span class='ocrx_word' id='word_1_666' title='bbox 2130 4527 2391 4600; x_wconf 91' lang='lat' dir='ltr'><strong>populum</strong></span> <span class='ocrx_word' id='word_1_667' title='bbox 2420 4528 2589 4585; x_wconf 88' lang='lat' dir='ltr'><strong>verba</strong></span> <span class='ocrx_word' id='word_1_668' title='bbox 2648 4543 2759 4583; x_wconf 90' lang='lat' dir='ltr'><strong>non</strong></span> <span class='ocrx_word' id='word_1_669' title='bbox 2806 4526 3028 4591; x_wconf 90' lang='lat' dir='ltr'><strong>faceret,</strong></span> <span class='ocrx_word' id='word_1_670' title='bbox 3056 4526 3150 4581; x_wconf 86' lang='lat' dir='ltr'><strong>sed</strong></span> <span class='ocrx_word' id='word_1_671' title='bbox 3185 4525 3439 4596; x_wconf 90' lang='lat' dir='ltr'><strong>privatim</strong></span> 
     </span>
    </p>
   </div>
   <div class='ocr_carea' id='block_1_90' title="bbox 177 4607 1718 4692">
    <p class='ocr_par' dir='ltr' id='par_1_90' title="bbox 177 4607 1718 4686">
     <span class='ocr_line' id='line_1_90' title="bbox 177 4607 1718 4686; baseline -0.006 -14"><span class='ocrx_word' id='word_1_672' title='bbox 177 4618 230 4672; x_wconf 72' lang='grc' dir='ltr'>δὲ</span> <span class='ocrx_word' id='word_1_673' title='bbox 258 4619 349 4671; x_wconf 78' lang='grc' dir='ltr'><strong>τὸν</strong></span> <span class='ocrx_word' id='word_1_674' title='bbox 400 4619 585 4686; x_wconf 70' lang='grc' dir='ltr'>λόγον,</span> <span class='ocrx_word' id='word_1_675' title='bbox 629 4616 725 4669; x_wconf 66' lang='grc' dir='ltr'><strong>καὶ⁵</strong></span> <span class='ocrx_word' id='word_1_676' title='bbox 774 4616 875 4685; x_wconf 81' lang='grc' dir='ltr'>τὴν</span> <span class='ocrx_word' id='word_1_677' title='bbox 917 4613 1041 4666; x_wconf 86' lang='grc' dir='ltr'>κατ’</span> <span class='ocrx_word' id='word_1_678' title='bbox 1070 4610 1234 4664; x_wconf 85' lang='grc' dir='ltr'>αὐτὸν</span> <span class='ocrx_word' id='word_1_679' title='bbox 1280 4607 1538 4680; x_wconf 85' lang='grc' dir='ltr'>ἀλήθειαν</span> <span class='ocrx_word' id='word_1_680' title='bbox 1566 4608 1718 4663; x_wconf 87' lang='grc' dir='ltr'>ἀπλῶ</span> 
     </span>
    </p>
   </div>
   <div class='ocr_carea' id='block_1_91' title="bbox 1829 4607 3440 4692">
    <p class='ocr_par' dir='ltr' id='par_1_91' title="bbox 1857 4617 3440 4692">
     <span class='ocr_line' id='line_1_91' title="bbox 1857 4617 3440 4692; baseline -0.005 -14"><span class='ocrx_word' id='word_1_681' title='bbox 1857 4622 2000 4692; x_wconf 90' lang='lat' dir='ltr'><strong>apud</strong></span> <span class='ocrx_word' id='word_1_682' title='bbox 2021 4618 2267 4677; x_wconf 79' lang='lat' dir='ltr'><strong>eruditos</strong></span> <span class='ocrx_word' id='word_1_683' title='bbox 2286 4620 2570 4691; x_wconf 87' lang='lat' dir='ltr'><strong>quosdam,</strong></span> <span class='ocrx_word' id='word_1_684' title='bbox 2590 4628 2644 4676; x_wconf 91' lang='lat' dir='ltr'><strong>et</strong></span> <span class='ocrx_word' id='word_1_685' title='bbox 2663 4635 2756 4675; x_wconf 87' lang='lat' dir='ltr'><strong>eos</strong></span> <span class='ocrx_word' id='word_1_686' title='bbox 2778 4620 2871 4688; x_wconf 91' lang='lat' dir='ltr'><strong>qui</strong></span> <span class='ocrx_word' id='word_1_687' title='bbox 2894 4617 3151 4686; x_wconf 82' lang='lat' dir='ltr'><strong>subsequi</strong></span> <span class='ocrx_word' id='word_1_688' title='bbox 3182 4626 3440 4687; x_wconf 88' lang='lat' dir='ltr'><strong>possent:</strong></span> 
     </span>
    </p>
   </div>
   <div class='ocr_carea' id='block_1_92' title="bbox 177 4701 1718 4783">
    <p class='ocr_par' dir='ltr' id='par_1_92' title="bbox 177 4701 1715 4781">
     <span class='ocr_line' id='line_1_92' title="bbox 177 4701 1715 4781; baseline -0.006 -17"><span class='ocrx_word' id='word_1_689' title='bbox 177 4711 445 4781; x_wconf 85' lang='grc' dir='ltr'>δηλονότι,</span> <span class='ocrx_word' id='word_1_690' title='bbox 473 4709 636 4766; x_wconf 80' lang='grc' dir='ltr'>αὗται</span> <span class='ocrx_word' id='word_1_691' title='bbox 666 4709 763 4764; x_wconf 68' lang='grc' dir='ltr'>καὶ</span> <span class='ocrx_word' id='word_1_692' title='bbox 792 4707 994 4777; x_wconf 81' lang='grc' dir='ltr'>μᾶλλόν</span> <span class='ocrx_word' id='word_1_693' title='bbox 1019 4706 1128 4759; x_wconf 82' lang='grc' dir='ltr'>είσι</span> <span class='ocrx_word' id='word_1_694' title='bbox 1182 4702 1486 4774; x_wconf 80' lang='grc' dir='ltr'>προύργου,</span> <span class='ocrx_word' id='word_1_695' title='bbox 1517 4701 1593 4765; x_wconf 84' lang='grc' dir='ltr'>ὼς</span> <span class='ocrx_word' id='word_1_696' title='bbox 1622 4703 1715 4757; x_wconf 82' lang='grc' dir='ltr'><strong>ἀνε</strong></span> 
     </span>
    </p>
   </div>
   <div class='ocr_carea' id='block_1_93' title="bbox 1829 4701 3467 4783">
    <p class='ocr_par' dir='ltr' id='par_1_93' title="bbox 1857 4707 3467 4783">
     <span class='ocr_line' id='line_1_93' title="bbox 1857 4707 3467 4783; baseline -0.007 -13"><span class='ocrx_word' id='word_1_697' title='bbox 1857 4729 1921 4770; x_wconf 90' lang='lat' dir='ltr'><strong>ac</strong></span> <span class='ocrx_word' id='word_1_698' title='bbox 1954 4710 2203 4783; x_wconf 88' lang='lat' dir='ltr'><strong>profecto</strong></span> <span class='ocrx_word' id='word_1_699' title='bbox 2234 4713 2384 4767; x_wconf 89' lang='lat' dir='ltr'><strong>omni</strong></span> <span class='ocrx_word' id='word_1_700' title='bbox 2415 4720 2862 4783; x_wconf 88' lang='lat' dir='ltr'><strong>argumentorum</strong></span> <span class='ocrx_word' id='word_1_701' title='bbox 2900 4709 3205 4763; x_wconf 88' lang='lat' dir='ltr'><strong>rationibus</strong></span> <span class='ocrx_word' id='word_1_702' title='bbox 3234 4707 3467 4783; x_wconf 71' lang='lat' dir='ltr'><strong>utenti,~</strong></span> 
     </span>
    </p>
   </div>
   <div class='ocr_carea' id='block_1_94' title="bbox 180 4794 1718 4873">
    <p class='ocr_par' dir='ltr' id='par_1_94' title="bbox 180 4794 1718 4869">
     <span class='ocr_line' id='line_1_94' title="bbox 180 4794 1718 4869; baseline -0.007 -11"><span class='ocrx_word' id='word_1_703' title='bbox 180 4804 355 4858; x_wconf 87' lang='grc' dir='ltr'>αὐτῶν</span> <span class='ocrx_word' id='word_1_704' title='bbox 394 4803 659 4859; x_wconf 81' lang='grc' dir='ltr'>ἀδύνατον</span> <span class='ocrx_word' id='word_1_705' title='bbox 706 4798 1125 4869; x_wconf 86' lang='grc' dir='ltr'>συμπεραίνειν.</span> <span class='ocrx_word' id='word_1_706' title='bbox 1173 4795 1229 4850; x_wconf 90' lang='grc' dir='ltr'><strong>Ὀ</strong></span> <span class='ocrx_word' id='word_1_707' title='bbox 1264 4795 1321 4849; x_wconf 74' lang='grc' dir='ltr'>δὲ</span> <span class='ocrx_word' id='word_1_708' title='bbox 1364 4797 1461 4865; x_wconf 85' lang='grc' dir='ltr'><strong>τής</strong></span> <span class='ocrx_word' id='word_1_709' title='bbox 1499 4794 1718 4865; x_wconf 83' lang='grc' dir='ltr'>ἀληθεία</span> 
     </span>
    </p>
   </div>
   <div class='ocr_carea' id='block_1_95' title="bbox 1829 4794 3448 4873">
    <p class='ocr_par' dir='ltr' id='par_1_95' title="bbox 1860 4796 3448 4873">
     <span class='ocr_line' id='line_1_95' title="bbox 1860 4796 3448 4873; baseline -0.006 -14"><span class='ocrx_word' id='word_1_710' title='bbox 1860 4806 2113 4873; x_wconf 81' lang='lat' dir='ltr'><strong>quamvis</strong></span> <span class='ocrx_word' id='word_1_711' title='bbox 2146 4816 2346 4872; x_wconf 89' lang='lat' dir='ltr'><strong>scopus</strong></span> <span class='ocrx_word' id='word_1_712' title='bbox 2376 4802 2449 4856; x_wconf 89' lang='lat' dir='ltr'><strong>sit</strong></span> <span class='ocrx_word' id='word_1_713' title='bbox 2472 4800 2777 4865; x_wconf 89' lang='lat' dir='ltr'><strong>conclusio,</strong></span> <span class='ocrx_word' id='word_1_714' title='bbox 2809 4814 2920 4853; x_wconf 88' lang='lat' dir='ltr'><strong>non</strong></span> <span class='ocrx_word' id='word_1_715' title='bbox 2950 4797 3159 4852; x_wconf 91' lang='lat' dir='ltr'><strong>idcirco</strong></span> <span class='ocrx_word' id='word_1_716' title='bbox 3192 4796 3448 4867; x_wconf 87' lang='lat' dir='ltr'><strong>proposi-</strong></span> 
     </span>
    </p>
   </div>
   <div class='ocr_carea' id='block_1_96' title="bbox 181 4888 1718 4963">
    <p class='ocr_par' dir='ltr' id='par_1_96' title="bbox 181 4888 1718 4962">
     <span class='ocr_line' id='line_1_96' title="bbox 181 4888 1718 4962; baseline -0.008 -12"><span class='ocrx_word' id='word_1_717' title='bbox 181 4896 504 4959; x_wconf 70' lang='grc' dir='ltr'>διδάσκαλος</span> <span class='ocrx_word' id='word_1_718' title='bbox 527 4896 590 4947; x_wconf 80' lang='grc' dir='ltr'>ὲκ</span> <span class='ocrx_word' id='word_1_719' title='bbox 612 4892 709 4947; x_wconf 81' lang='grc' dir='ltr'><strong>τοῦ</strong></span> <span class='ocrx_word' id='word_1_720' title='bbox 736 4893 1080 4962; x_wconf 83' lang='grc' dir='ltr'>παρήκοντος</span> <span class='ocrx_word' id='word_1_721' title='bbox 1112 4890 1403 4957; x_wconf 81' lang='grc' dir='ltr'>ποιήσεται</span> <span class='ocrx_word' id='word_1_722' title='bbox 1433 4888 1528 4940; x_wconf 72' lang='grc' dir='ltr'>καὶ</span> <span class='ocrx_word' id='word_1_723' title='bbox 1552 4905 1625 4940; x_wconf 85' lang='grc' dir='ltr'><strong>πα</strong></span> <span class='ocrx_word' id='word_1_724' title='bbox 1636 4888 1718 4957; x_wconf 65' lang='grc' dir='ltr'><strong>ρέε</strong></span> 
     </span>
    </p>
   </div>
   <div class='ocr_carea' id='block_1_97' title="bbox 1829 4888 3450 4963">
    <p class='ocr_par' dir='ltr' id='par_1_97' title="bbox 1860 4888 3450 4963">
     <span class='ocr_line' id='line_1_97' title="bbox 1860 4888 3450 4963; baseline -0.003 -16"><span class='ocrx_word' id='word_1_725' title='bbox 1860 4895 2038 4950; x_wconf 88' lang='lat' dir='ltr'><strong>tiones</strong></span> <span class='ocrx_word' id='word_1_726' title='bbox 2076 4893 2454 4963; x_wconf 83' lang='lat' dir='ltr'><strong>perfunctorie</strong></span> <span class='ocrx_word' id='word_1_727' title='bbox 2483 4898 2540 4945; x_wconf 91' lang='lat' dir='ltr'><strong>et</strong></span> <span class='ocrx_word' id='word_1_728' title='bbox 2570 4889 2855 4960; x_wconf 87' lang='lat' dir='ltr'><strong>neglectim</strong></span> <span class='ocrx_word' id='word_1_729' title='bbox 2883 4896 3175 4944; x_wconf 86' lang='lat' dir='ltr'><strong>sumuntur</strong></span> <span class='ocrx_word' id='word_1_730' title='bbox 3209 4906 3224 4944; x_wconf 90' lang='lat'><strong>:</strong></span> <span class='ocrx_word' id='word_1_731' title='bbox 3261 4888 3354 4944; x_wconf 87' lang='lat' dir='ltr'><strong>sed</strong></span> <span class='ocrx_word' id='word_1_732' title='bbox 3381 4888 3450 4943; x_wconf 83' lang='lat' dir='ltr'><strong>ad</strong></span> 
     </span>
    </p>
   </div>
   <div class='ocr_carea' id='block_1_98' title="bbox 184 4978 1718 5059">
    <p class='ocr_par' dir='ltr' id='par_1_98' title="bbox 184 4978 1718 5059">
     <span class='ocr_line' id='line_1_98' title="bbox 184 4978 1718 5059; baseline -0.006 -18"><span class='ocrx_word' id='word_1_733' title='bbox 184 5004 291 5054; x_wconf 83' lang='grc' dir='ltr'><strong>γως</strong></span> <span class='ocrx_word' id='word_1_734' title='bbox 324 4989 430 5059; x_wconf 78' lang='grc' dir='ltr'>τὴν</span> <span class='ocrx_word' id='word_1_735' title='bbox 463 4988 528 5039; x_wconf 82' lang='grc' dir='ltr'>ὲκ</span> <span class='ocrx_word' id='word_1_736' title='bbox 553 4984 662 5038; x_wconf 87' lang='grc' dir='ltr'><strong>τῶν</strong></span> <span class='ocrx_word' id='word_1_737' title='bbox 702 4984 863 5036; x_wconf 88' lang='grc' dir='ltr'>θείων</span> <span class='ocrx_word' id='word_1_738' title='bbox 906 4981 1105 5049; x_wconf 90' lang='grc' dir='ltr'>λογίων</span> <span class='ocrx_word' id='word_1_739' title='bbox 1136 4978 1453 5043; x_wconf 77' lang='grc' dir='ltr'>ἀπόδειξιν;</span> <span class='ocrx_word' id='word_1_740' title='bbox 1501 4980 1548 5032; x_wconf 86' lang='grc' dir='ltr'><strong>εί</strong></span> <span class='ocrx_word' id='word_1_741' title='bbox 1575 4980 1632 5032; x_wconf 82' lang='grc' dir='ltr'>δὲ</span> <span class='ocrx_word' id='word_1_742' title='bbox 1665 4998 1718 5032; x_wconf 75' lang='grc' dir='ltr'><strong>κο</strong></span> 
     </span>
    </p>
   </div>
   <div class='ocr_carea' id='block_1_99' title="bbox 1829 4978 3452 5059">
    <p class='ocr_par' dir='ltr' id='par_1_99' title="bbox 1861 4978 3452 5052">
     <span class='ocr_line' id='line_1_99' title="bbox 1861 4978 3452 5052; baseline -0.004 -14"><span class='ocrx_word' id='word_1_743' title='bbox 1861 4986 2129 5040; x_wconf 89' lang='lat' dir='ltr'><strong>rationem</strong></span> <span class='ocrx_word' id='word_1_744' title='bbox 2185 4992 2241 5039; x_wconf 88' lang='lat' dir='ltr'><strong>et</strong></span> <span class='ocrx_word' id='word_1_745' title='bbox 2274 4984 2553 5036; x_wconf 88' lang='lat' dir='ltr'><strong>veritatem</strong></span> <span class='ocrx_word' id='word_1_746' title='bbox 2585 4995 2706 5051; x_wconf 73' lang='lat' dir='ltr'><strong>qua:</strong></span> <span class='ocrx_word' id='word_1_747' title='bbox 2750 4978 3050 5035; x_wconf 88' lang='lat' dir='ltr'><strong>secundum</strong></span> <span class='ocrx_word' id='word_1_748' title='bbox 3099 4980 3271 5049; x_wconf 85' lang='lat' dir='ltr'><strong>ipsam</strong></span> <span class='ocrx_word' id='word_1_749' title='bbox 3324 4987 3452 5052; x_wconf 65' lang='lat' dir='ltr'><strong>est;</strong></span> 
     </span>
    </p>
   </div>
   <div class='ocr_carea' id='block_1_100' title="bbox 187 5070 1718 5148">
    <p class='ocr_par' dir='ltr' id='par_1_100' title="bbox 187 5070 1718 5148">
     <span class='ocr_line' id='line_1_100' title="bbox 187 5070 1718 5148; baseline -0.006 -18"><span class='ocrx_word' id='word_1_750' title='bbox 187 5079 247 5131; x_wconf 81' lang='grc' dir='ltr'>ὲκ</span> <span class='ocrx_word' id='word_1_751' title='bbox 291 5080 369 5148; x_wconf 77' lang='grc' dir='ltr'>μὴ</span> <span class='ocrx_word' id='word_1_752' title='bbox 427 5076 665 5147; x_wconf 82' lang='grc' dir='ltr'>ἀληθῶν,</span> <span class='ocrx_word' id='word_1_753' title='bbox 720 5072 781 5127; x_wconf 86' lang='grc' dir='ltr'>τὸ</span> <span class='ocrx_word' id='word_1_754' title='bbox 824 5075 1008 5126; x_wconf 80' lang='grc' dir='ltr'>πεῖσαι</span> <span class='ocrx_word' id='word_1_755' title='bbox 1058 5073 1219 5140; x_wconf 70' lang='grc' dir='ltr'>μόνον</span> <span class='ocrx_word' id='word_1_756' title='bbox 1274 5072 1517 5133; x_wconf 86' lang='grc' dir='ltr'>σκοπῶν,</span> <span class='ocrx_word' id='word_1_757' title='bbox 1551 5070 1632 5122; x_wconf 82' lang='grc' dir='ltr'>ἔτι</span> <span class='ocrx_word' id='word_1_758' title='bbox 1660 5071 1718 5139; x_wconf 75' lang='grc' dir='ltr'><strong>τῆ</strong></span> 
     </span>
    </p>
   </div>
   <div class='ocr_carea' id='block_1_101' title="bbox 1829 5070 3453 5148">
    <p class='ocr_par' dir='ltr' id='par_1_101' title="bbox 1864 5071 3453 5144">
     <span class='ocr_line' id='line_1_101' title="bbox 1864 5071 3453 5144; baseline -0.006 -14"><span class='ocrx_word' id='word_1_759' title='bbox 1864 5076 2091 5131; x_wconf 89' lang='lat' dir='ltr'><strong>omnino</strong></span> <span class='ocrx_word' id='word_1_760' title='bbox 2119 5073 2462 5144; x_wconf 85' lang='lat' dir='ltr'><strong>sumptiones</strong></span> <span class='ocrx_word' id='word_1_761' title='bbox 2490 5073 2570 5127; x_wconf 83' lang='lat' dir='ltr'><strong>hac</strong></span> <span class='ocrx_word' id='word_1_762' title='bbox 2600 5071 2813 5127; x_wconf 88' lang='lat' dir='ltr'><strong>scilicet</strong></span> <span class='ocrx_word' id='word_1_763' title='bbox 2847 5071 3020 5142; x_wconf 85' lang='lat' dir='ltr'><strong>magis</strong></span> <span class='ocrx_word' id='word_1_764' title='bbox 3056 5086 3087 5126; x_wconf 89' lang='lat' dir='ltr'><strong>e</strong></span> <span class='ocrx_word' id='word_1_765' title='bbox 3127 5087 3184 5127; x_wconf 90' lang='lat' dir='ltr'><strong>re</strong></span> <span class='ocrx_word' id='word_1_766' title='bbox 3229 5081 3362 5127; x_wconf 91' lang='lat' dir='ltr'><strong>sunt</strong></span> <span class='ocrx_word' id='word_1_767' title='bbox 3397 5076 3453 5127; x_wconf 93' lang='lat' dir='ltr'><strong>et</strong></span> 
     </span>
    </p>
   </div>
   <div class='ocr_carea' id='block_1_102' title="bbox 188 5161 1718 5239">
    <p class='ocr_par' dir='ltr' id='par_1_102' title="bbox 188 5161 1718 5239">
     <span class='ocr_line' id='line_1_102' title="bbox 188 5161 1718 5239; baseline -0.007 -15"><span class='ocrx_word' id='word_1_768' title='bbox 188 5171 441 5239; x_wconf 68' lang='grc' dir='ltr'>ἀληθείας</span> <span class='ocrx_word' id='word_1_769' title='bbox 486 5168 641 5220; x_wconf 76' lang='grc' dir='ltr'>ἔσται</span> <span class='ocrx_word' id='word_1_770' title='bbox 692 5165 1031 5229; x_wconf 83' lang='grc' dir='ltr'>διδάσκαλος,</span> <span class='ocrx_word' id='word_1_771' title='bbox 1062 5163 1094 5233; x_wconf 85' lang='grc' dir='ltr'>ἢ</span> <span class='ocrx_word' id='word_1_772' title='bbox 1122 5164 1402 5231; x_wconf 71' lang='grc' dir='ltr'>σοφισταῖς</span> <span class='ocrx_word' id='word_1_773' title='bbox 1435 5161 1718 5231; x_wconf 77' lang='grc' dir='ltr'>ὲναρίθμιο</span> 
     </span>
    </p>
   </div>
   <div class='ocr_carea' id='block_1_103' title="bbox 1829 5161 3451 5239">
    <p class='ocr_par' dir='ltr' id='par_1_103' title="bbox 1865 5162 3451 5234">
     <span class='ocr_line' id='line_1_103' title="bbox 1865 5162 3451 5234; baseline -0.006 -14"><span class='ocrx_word' id='word_1_774' title='bbox 1865 5168 2181 5230; x_wconf 83' lang='lat' dir='ltr'><strong>conferunt,</strong></span> <span class='ocrx_word' id='word_1_775' title='bbox 2207 5164 2581 5234; x_wconf 85' lang='lat' dir='ltr'><strong>quando_sine</strong></span> <span class='ocrx_word' id='word_1_776' title='bbox 2605 5164 2734 5233; x_wconf 84' lang='lat' dir='ltr'><strong>ipsis</strong></span> <span class='ocrx_word' id='word_1_777' title='bbox 2765 5162 3102 5232; x_wconf 90' lang='lat' dir='ltr'><strong>impossibile</strong></span> <span class='ocrx_word' id='word_1_778' title='bbox 3122 5172 3206 5217; x_wconf 86' lang='lat' dir='ltr'><strong>est</strong></span> <span class='ocrx_word' id='word_1_779' title='bbox 3228 5162 3451 5218; x_wconf 88' lang='lat' dir='ltr'><strong>conclu-</strong></span> 
     </span>
    </p>
   </div>
   <div class='ocr_carea' id='block_1_104' title="bbox 191 5252 1718 5331">
    <p class='ocr_par' dir='ltr' id='par_1_104' title="bbox 191 5252 1718 5331">
     <span class='ocr_line' id='line_1_104' title="bbox 191 5252 1718 5331; baseline -0.006 -17"><span class='ocrx_word' id='word_1_780' title='bbox 191 5262 433 5331; x_wconf 77' lang='grc' dir='ltr'>μάλλον;</span> <span class='ocrx_word' id='word_1_781' title='bbox 477 5260 539 5313; x_wconf 82' lang='lat' dir='ltr'><strong>El</strong></span> <span class='ocrx_word' id='word_1_782' title='bbox 595 5259 773 5311; x_wconf 86' lang='grc' dir='ltr'>τοίνυν</span> <span class='ocrx_word' id='word_1_783' title='bbox 803 5258 868 5308; x_wconf 78' lang='grc' dir='ltr'>ὲκ</span> <span class='ocrx_word' id='word_1_784' title='bbox 921 5256 1015 5323; x_wconf 82' lang='grc' dir='ltr'>τῆς</span> <span class='ocrx_word' id='word_1_785' title='bbox 1050 5254 1303 5322; x_wconf 80' lang='grc' dir='ltr'>οὐρανίου</span> <span class='ocrx_word' id='word_1_786' title='bbox 1357 5252 1718 5322; x_wconf 74' lang='grc' dir='ltr'>προδιατάξειι</span> 
     </span>
    </p>
   </div>
   <div class='ocr_carea' id='block_1_105' title="bbox 1829 5252 3451 5331">
    <p class='ocr_par' dir='ltr' id='par_1_105' title="bbox 1866 5254 3451 5324">
     <span class='ocr_line' id='line_1_105' title="bbox 1866 5254 3451 5324; baseline -0.004 -14"><span class='ocrx_word' id='word_1_787' title='bbox 1866 5259 2017 5313; x_wconf 85' lang='lat' dir='ltr'><strong>dere.</strong></span> <span class='ocrx_word' id='word_1_788' title='bbox 2052 5258 2119 5310; x_wconf 84' lang='lat' dir='ltr'><strong>At</strong></span> <span class='ocrx_word' id='word_1_789' title='bbox 2150 5257 2394 5312; x_wconf 87' lang='lat' dir='ltr'><strong>veritatis</strong></span> <span class='ocrx_word' id='word_1_790' title='bbox 2424 5257 2653 5312; x_wconf 89' lang='lat' dir='ltr'><strong>antistes</strong></span> <span class='ocrx_word' id='word_1_791' title='bbox 2680 5254 2953 5311; x_wconf 88' lang='lat' dir='ltr'><strong>faceretne</strong></span> <span class='ocrx_word' id='word_1_792' title='bbox 2984 5255 3226 5324; x_wconf 83' lang='lat' dir='ltr'><strong>segniter</strong></span> <span class='ocrx_word' id='word_1_793' title='bbox 3255 5268 3318 5306; x_wconf 92' lang='lat' dir='ltr'><strong>ac</strong></span> <span class='ocrx_word' id='word_1_794' title='bbox 3358 5267 3451 5306; x_wconf 85' lang='lat' dir='ltr'><strong>su-</strong></span> 
     </span>
    </p>
   </div>
   <div class='ocr_carea' id='block_1_106' title="bbox 192 5342 1718 5422">
    <p class='ocr_par' dir='ltr' id='par_1_106' title="bbox 192 5343 1718 5422">
     <span class='ocr_line' id='line_1_106' title="bbox 192 5343 1718 5422; baseline -0.007 -18"><span class='ocrx_word' id='word_1_795' title='bbox 192 5352 317 5422; x_wconf 68' lang='grc' dir='ltr'>περὶ</span> <span class='ocrx_word' id='word_1_796' title='bbox 349 5353 450 5422; x_wconf 81' lang='grc' dir='ltr'>τῆς</span> <span class='ocrx_word' id='word_1_797' title='bbox 501 5349 845 5417; x_wconf 78' lang='grc' dir='ltr'>ἀνθρωπίνης</span> <span class='ocrx_word' id='word_1_798' title='bbox 876 5345 1017 5415; x_wconf 76' lang='grc' dir='ltr'>ζωῆς</span> <span class='ocrx_word' id='word_1_799' title='bbox 1066 5361 1125 5396; x_wconf 90' lang='grc' dir='ltr'><strong>τε</strong></span> <span class='ocrx_word' id='word_1_800' title='bbox 1159 5346 1252 5396; x_wconf 82' lang='grc' dir='ltr'>καὶ</span> <span class='ocrx_word' id='word_1_801' title='bbox 1301 5343 1576 5411; x_wconf 77' lang='grc' dir='ltr'>τελευτῆς,</span> <span class='ocrx_word' id='word_1_802' title='bbox 1611 5360 1718 5394; x_wconf 79' lang='grc' dir='ltr'><strong>κατ</strong></span> 
     </span>
    </p>
   </div>
   <div class='ocr_carea' id='block_1_107' title="bbox 1829 5342 3451 5422">
    <p class='ocr_par' dir='ltr' id='par_1_107' title="bbox 1867 5347 3451 5420">
     <span class='ocr_line' id='line_1_107' title="bbox 1867 5347 3451 5420; baseline -0.008 -15"><span class='ocrx_word' id='word_1_803' title='bbox 1867 5365 2206 5420; x_wconf 83' lang='lat' dir='ltr'><strong>pervacanee</strong></span> <span class='ocrx_word' id='word_1_804' title='bbox 2229 5364 2260 5404; x_wconf 88' lang='lat' dir='ltr'><strong>e</strong></span> <span class='ocrx_word' id='word_1_805' title='bbox 2284 5349 2487 5404; x_wconf 87' lang='lat' dir='ltr'><strong>divinis</strong></span> <span class='ocrx_word' id='word_1_806' title='bbox 2511 5349 2749 5404; x_wconf 88' lang='lat' dir='ltr'><strong>oraculis</strong></span> <span class='ocrx_word' id='word_1_807' title='bbox 2774 5347 3078 5402; x_wconf 88' lang='lat' dir='ltr'><strong>institutam</strong></span> <span class='ocrx_word' id='word_1_808' title='bbox 3113 5347 3451 5399; x_wconf 85' lang='lat' dir='ltr'><strong>demonstra-</strong></span> 
     </span>
    </p>
   </div>
   <div class='ocr_carea' id='block_1_108' title="bbox 195 5434 1718 5514">
    <p class='ocr_par' dir='ltr' id='par_1_108' title="bbox 195 5437 1711 5514">
     <span class='ocr_line' id='line_1_108' title="bbox 195 5437 1711 5514; baseline -0.004 -19"><span class='ocrx_word' id='word_1_809' title='bbox 195 5461 246 5495; x_wconf 88' lang='grc' dir='ltr'><strong>τε</strong></span> <span class='ocrx_word' id='word_1_810' title='bbox 283 5447 478 5514; x_wconf 65' lang='grc' dir='ltr'>χρὸνον</span> <span class='ocrx_word' id='word_1_811' title='bbox 510 5446 603 5497; x_wconf 78' lang='grc' dir='ltr'>καὶ</span> <span class='ocrx_word' id='word_1_812' title='bbox 645 5442 845 5512; x_wconf 84' lang='grc' dir='ltr'>τρόπον</span> <span class='ocrx_word' id='word_1_813' title='bbox 884 5441 911 5491; x_wconf 89' lang='grc' dir='ltr'>ὁ</span> <span class='ocrx_word' id='word_1_814' title='bbox 945 5440 1119 5508; x_wconf 79' lang='grc' dir='ltr'>μέγας</span> <span class='ocrx_word' id='word_1_815' title='bbox 1166 5438 1326 5507; x_wconf 74' lang='grc' dir='ltr'>ἤθελε</span> <span class='ocrx_word' id='word_1_816' title='bbox 1374 5437 1606 5502; x_wconf 79' lang='grc' dir='ltr'>πείθειν,</span> <span class='ocrx_word' id='word_1_817' title='bbox 1647 5456 1711 5506; x_wconf 86' lang='grc' dir='ltr'><strong>με</strong></span> 
     </span>
    </p>
   </div>
   <div class='ocr_carea' id='block_1_109' title="bbox 1829 5434 3445 5514">
    <p class='ocr_par' dir='ltr' id='par_1_109' title="bbox 1872 5434 3445 5512">
     <span class='ocr_line' id='line_1_109' title="bbox 1872 5434 3445 5512; baseline -0.007 -15"><span class='ocrx_word' id='word_1_818' title='bbox 1872 5443 2113 5497; x_wconf 84' lang='lat' dir='ltr'><strong>tionem?</strong></span> <span class='ocrx_word' id='word_1_819' title='bbox 2149 5442 2295 5512; x_wconf 89' lang='lat' dir='ltr'><strong>quod</strong></span> <span class='ocrx_word' id='word_1_820' title='bbox 2356 5442 2403 5496; x_wconf 89' lang='lat' dir='ltr'><strong>si</strong></span> <span class='ocrx_word' id='word_1_821' title='bbox 2456 5442 2621 5495; x_wconf 88' lang='lat' dir='ltr'><strong>etiam</strong></span> <span class='ocrx_word' id='word_1_822' title='bbox 2675 5456 2737 5494; x_wconf 79' lang='lat' dir='ltr'><strong>ex</strong></span> <span class='ocrx_word' id='word_1_823' title='bbox 2791 5454 2897 5493; x_wconf 87' lang='lat' dir='ltr'><strong>non</strong></span> <span class='ocrx_word' id='word_1_824' title='bbox 2950 5439 3117 5500; x_wconf 75' lang='lat' dir='ltr'><strong>veris,</strong></span> <span class='ocrx_word' id='word_1_825' title='bbox 3172 5437 3222 5490; x_wconf 90' lang='lat' dir='ltr'><strong>id</strong></span> <span class='ocrx_word' id='word_1_826' title='bbox 3272 5434 3445 5488; x_wconf 85' lang='lat' dir='ltr'><strong>solum</strong></span> 
     </span>
    </p>
   </div>
   <div class='ocr_carea' id='block_1_110' title="bbox 197 5527 1718 5607">
    <p class='ocr_par' dir='ltr' id='par_1_110' title="bbox 197 5531 1718 5607">
     <span class='ocr_line' id='line_1_110' title="bbox 197 5531 1718 5607; baseline -0.006 -18"><span class='ocrx_word' id='word_1_827' title='bbox 197 5539 470 5607; x_wconf 78' lang='grc' dir='ltr'>ὑπομονῆς</span> <span class='ocrx_word' id='word_1_828' title='bbox 505 5536 830 5606; x_wconf 78' lang='grc' dir='ltr'>εὐχαρίστου</span> <span class='ocrx_word' id='word_1_829' title='bbox 875 5538 1062 5602; x_wconf 73' lang='grc' dir='ltr'>φέρειν</span> <span class='ocrx_word' id='word_1_830' title='bbox 1098 5532 1196 5602; x_wconf 83' lang='grc' dir='ltr'>τὴν</span> <span class='ocrx_word' id='word_1_831' title='bbox 1237 5531 1515 5599; x_wconf 78' lang='grc' dir='ltr'>τελευτήν,</span> <span class='ocrx_word' id='word_1_832' title='bbox 1565 5531 1718 5599; x_wconf 70' lang='grc' dir='ltr'>μᾶλλ(</span> 
     </span>
    </p>
   </div>
   <div class='ocr_carea' id='block_1_111' title="bbox 1829 5527 3452 5607">
    <p class='ocr_par' dir='ltr' id='par_1_111' title="bbox 1875 5527 3452 5605">
     <span class='ocr_line' id='line_1_111' title="bbox 1875 5527 3452 5605; baseline -0.01 -14"><span class='ocrx_word' id='word_1_833' title='bbox 1875 5553 1991 5605; x_wconf 58' lang='lat' dir='ltr'><strong>spes</strong></span> <span class='ocrx_word' id='word_1_834' title='bbox 2011 5547 2153 5599; x_wconf 83' lang='lat' dir='ltr'><strong>tatis,</strong></span> <span class='ocrx_word' id='word_1_835' title='bbox 2183 5543 2239 5588; x_wconf 92' lang='lat' dir='ltr'><strong>ut</strong></span> <span class='ocrx_word' id='word_1_836' title='bbox 2268 5536 2616 5605; x_wconf 69' lang='lat' dir='ltr'><strong>persuadeat,</strong></span> <span class='ocrx_word' id='word_1_837' title='bbox 2650 5534 2853 5586; x_wconf 83' lang='lat' dir='ltr'><strong>siccine</strong></span> <span class='ocrx_word' id='word_1_838' title='bbox 2881 5531 3058 5583; x_wconf 83' lang='lat' dir='ltr'><strong>adhuc</strong></span> <span class='ocrx_word' id='word_1_839' title='bbox 3087 5529 3333 5582; x_wconf 79' lang='lat' dir='ltr'><strong>veritatis</strong></span> <span class='ocrx_word' id='word_1_840' title='bbox 3357 5527 3452 5578; x_wconf 67' lang='lat' dir='ltr'><strong>ilu-</strong></span> 
     </span>
    </p>
   </div>
   <div class='ocr_carea' id='block_1_112' title="bbox 198 5619 1718 5698">
    <p class='ocr_par' dir='ltr' id='par_1_112' title="bbox 198 5626 1700 5697">
     <span class='ocr_line' id='line_1_112' title="bbox 198 5626 1700 5697; baseline -0.003 -16"><span class='ocrx_word' id='word_1_841' title='bbox 198 5631 245 5681; x_wconf 67' lang='grc' dir='ltr'>δὲ</span> <span class='ocrx_word' id='word_1_842' title='bbox 294 5631 649 5697; x_wconf 71' lang='grc' dir='ltr'>ἀναγκάζ;ιν,</span> <span class='ocrx_word' id='word_1_843' title='bbox 692 5629 765 5689; x_wconf 71' lang='grc' dir='ltr'>ὡς</span> <span class='ocrx_word' id='word_1_844' title='bbox 816 5627 989 5687; x_wconf 67' lang='grc' dir='ltr'>ἄλλως</span> <span class='ocrx_word' id='word_1_845' title='bbox 1038 5628 1329 5695; x_wconf 77' lang='grc' dir='ltr'>μέλλοντας</span> <span class='ocrx_word' id='word_1_846' title='bbox 1384 5626 1700 5688; x_wconf 78' lang='grc' dir='ltr'>ἀσεϐήσειν,</span> 
     </span>
    </p>
   </div>
   <div class='ocr_carea' id='block_1_113' title="bbox 1829 5619 3457 5698">
    <p class='ocr_par' dir='ltr' id='par_1_113' title="bbox 1872 5619 3457 5698">
     <span class='ocr_line' id='line_1_113' title="bbox 1872 5619 3457 5698; baseline -0.006 -16"><span class='ocrx_word' id='word_1_847' title='bbox 1872 5637 1991 5682; x_wconf 84' lang='lat' dir='ltr'><strong>ctor</strong></span> <span class='ocrx_word' id='word_1_848' title='bbox 2010 5627 2135 5693; x_wconf 84' lang='lat' dir='ltr'><strong>erit,</strong></span> <span class='ocrx_word' id='word_1_849' title='bbox 2167 5644 2232 5682; x_wconf 89' lang='lat' dir='ltr'><strong>an</strong></span> <span class='ocrx_word' id='word_1_850' title='bbox 2269 5629 2447 5698; x_wconf 84' lang='lat' dir='ltr'><strong>potius</strong></span> <span class='ocrx_word' id='word_1_851' title='bbox 2483 5630 2534 5682; x_wconf 87' lang='lat' dir='ltr'><strong>itt</strong></span> <span class='ocrx_word' id='word_1_852' title='bbox 2557 5626 2923 5695; x_wconf 87' lang='lat' dir='ltr'><strong>sophistarum</strong></span> <span class='ocrx_word' id='word_1_853' title='bbox 2949 5623 3129 5676; x_wconf 88' lang='lat' dir='ltr'><strong>album</strong></span> <span class='ocrx_word' id='word_1_854' title='bbox 3160 5619 3457 5675; x_wconf 80' lang='lat' dir='ltr'><strong>referetur?</strong></span> 
     </span>
    </p>
   </div>
   <div class='ocr_carea' id='block_1_114' title="bbox 200 5711 1718 5790">
    <p class='ocr_par' dir='ltr' id='par_1_114' title="bbox 200 5717 1718 5790">
     <span class='ocr_line' id='line_1_114' title="bbox 200 5717 1718 5790; baseline -0.003 -17"><span class='ocrx_word' id='word_1_855' title='bbox 200 5728 281 5775; x_wconf 70' lang='grc' dir='ltr'>τῖιν</span> <span class='ocrx_word' id='word_1_856' title='bbox 315 5724 459 5774; x_wconf 80' lang='grc' dir='ltr'>θεῖον</span> <span class='ocrx_word' id='word_1_857' title='bbox 486 5720 816 5790; x_wconf 72' lang='grc' dir='ltr'>ἀγνοοῦντας</span> <span class='ocrx_word' id='word_1_858' title='bbox 864 5719 1223 5789; x_wconf 77' lang='grc' dir='ltr'>προορισμὸν,</span> <span class='ocrx_word' id='word_1_859' title='bbox 1255 5719 1288 5787; x_wconf 84' lang='grc' dir='ltr'>ἢ</span> <span class='ocrx_word' id='word_1_860' title='bbox 1327 5717 1532 5778; x_wconf 82' lang='grc' dir='ltr'>εἰδότας</span> <span class='ocrx_word' id='word_1_861' title='bbox 1571 5719 1665 5771; x_wconf 70' lang='grc' dir='ltr'>καὶ</span> <span class='ocrx_word' id='word_1_862' title='bbox 1705 5736 1718 5769; x_wconf 78' lang='grc' dir='ltr'>ε</span> 
     </span>
    </p>
   </div>
   <div class='ocr_carea' id='block_1_115' title="bbox 1829 5711 3451 5790">
    <p class='ocr_par' dir='ltr' id='par_1_115' title="bbox 1875 5711 3451 5787">
     <span class='ocr_line' id='line_1_115' title="bbox 1875 5711 3451 5787; baseline -0.006 -13"><span class='ocrx_word' id='word_1_863' title='bbox 1875 5720 2143 5785; x_wconf 86' lang='lat' dir='ltr'><strong>Quocirca</strong></span> <span class='ocrx_word' id='word_1_864' title='bbox 2170 5720 2216 5775; x_wconf 89' lang='lat' dir='ltr'><strong>si</strong></span> <span class='ocrx_word' id='word_1_865' title='bbox 2239 5735 2268 5773; x_wconf 89' lang='lat' dir='ltr'><strong>a</strong></span> <span class='ocrx_word' id='word_1_866' title='bbox 2303 5721 2515 5775; x_wconf 57' lang='grc' dir='ltr'>ωειςειί</span> <span class='ocrx_word' id='word_1_867' title='bbox 2543 5715 3046 5787; x_wconf 65' lang='grc' dir='ltr'>ργαξοοιιειιιιιιιυιιο</span> <span class='ocrx_word' id='word_1_868' title='bbox 3071 5711 3138 5766; x_wconf 85' lang='lat' dir='ltr'><strong>de</strong></span> <span class='ocrx_word' id='word_1_869' title='bbox 3170 5711 3451 5766; x_wconf 82' lang='lat' dir='ltr'><strong>hominum</strong></span> 
     </span>
    </p>
   </div>
   <div class='ocr_carea' id='block_1_116' title="bbox 202 5808 1718 5887">
    <p class='ocr_par' dir='ltr' id='par_1_116' title="bbox 202 5812 1714 5881">
     <span class='ocr_line' id='line_1_116' title="bbox 202 5812 1714 5881; baseline -0.002 -14"><span class='ocrx_word' id='word_1_870' title='bbox 202 5817 581 5879; x_wconf 56' lang='grc' dir='ltr'>ψροντίζυντας</span> <span class='ocrx_word' id='word_1_871' title='bbox 616 5815 677 5867; x_wconf 79' lang='grc' dir='ltr'>ὲκ</span> <span class='ocrx_word' id='word_1_872' title='bbox 735 5812 1029 5881; x_wconf 75' lang='grc' dir='ltr'>φιλοζωΐας</span> <span class='ocrx_word' id='word_1_873' title='bbox 1082 5812 1286 5865; x_wconf 68' lang='grc' dir='ltr'>ἑαυτῶν</span> <span class='ocrx_word' id='word_1_874' title='bbox 1322 5827 1378 5863; x_wconf 86' lang='grc' dir='ltr'><strong>τε</strong></span> <span class='ocrx_word' id='word_1_875' title='bbox 1416 5812 1509 5865; x_wconf 69' lang='grc' dir='ltr'>καὶ</span> <span class='ocrx_word' id='word_1_876' title='bbox 1550 5814 1655 5865; x_wconf 69' lang='grc' dir='ltr'><strong>τῶν</strong></span> <span class='ocrx_word' id='word_1_877' title='bbox 1686 5830 1714 5864; x_wconf 94' lang='grc' dir='ltr'><strong>ο</strong></span> 
     </span>
    </p>
   </div>
   <div class='ocr_carea' id='block_1_117' title="bbox 1829 5808 3444 5887">
    <p class='ocr_par' dir='ltr' id='par_1_117' title="bbox 1880 5808 3444 5887">
     <span class='ocr_line' id='line_1_117' title="bbox 1880 5808 3444 5887; baseline -0.002 -20"><span class='ocrx_word' id='word_1_878' title='bbox 1880 5814 1986 5870; x_wconf 79' lang='lat' dir='ltr'><strong>vita</strong></span> <span class='ocrx_word' id='word_1_879' title='bbox 2010 5813 2269 5887; x_wconf 85' lang='lat' dir='ltr'><strong>ctobitu,</strong></span> <span class='ocrx_word' id='word_1_880' title='bbox 2304 5813 2459 5880; x_wconf 77' lang='lat' dir='ltr'><strong>juxta</strong></span> <span class='ocrx_word' id='word_1_881' title='bbox 2482 5819 2695 5878; x_wconf 78' lang='lat' dir='ltr'><strong>tempus</strong></span> <span class='ocrx_word' id='word_1_882' title='bbox 2725 5816 2776 5866; x_wconf 86' lang='lat' dir='ltr'><strong>ct</strong></span> <span class='ocrx_word' id='word_1_883' title='bbox 2808 5808 3055 5875; x_wconf 80' lang='lat' dir='ltr'><strong>modum,</strong></span> <span class='ocrx_word' id='word_1_884' title='bbox 3090 5821 3323 5877; x_wconf 78' lang='lat' dir='ltr'><strong>magnus</strong></span> <span class='ocrx_word' id='word_1_885' title='bbox 3362 5809 3444 5864; x_wconf 81' lang='lat' dir='ltr'><strong>vir</strong></span> 
     </span>
    </p>
   </div>
  </div>
