3932 6458
560 378 670 445 513
1607 373 1993 438 GENNADII
2036 373 2141 437 ΟΡ.

2247 370 2572 434 ΑΤΒΙΑΠΟ
2582 369 2701 432 11.8
3683 372 3762 436 bii

565 489 800 548 suadere
836 487 1031 557 voluit,
1068 503 1194 546 cum
1225 487 1486 561 patientia
1529 501 1798 560 gratoque
1841 489 2028 544 animo
2069 487 2141 544 [e-

2251 482 2418 538 κείων
2458 481 2688 550 ἀλόγουο
2737 478 2839 535 οὐκ
2890 473 2960 550 ἦν
3007 477 3158 546 αύτῷ
3204 479 3430 550 μάλιστα
3477 482 3763 553 προύργουὸ

563 585 792 639 rendam
830 597 952 639 esse
995 590 1249 647 mortem,
1293 583 1405 639 into
1429 582 1594 642 etiam
1628 597 1824 653 cogere
1859 595 2141 654 aggressus

2251 573 2510 644 περὶτῆς
2564 573 2715 636 θείας
2769 571 3173 642 πρώιατάξεως
3217 571 3492 641 λόγος,τῷ
3539 577 3661 642 μετὰ
3685 577 3760 646 τῆς

565 683 652 728 cst
690 689 785 728 eos
821 674 919 743 qui
961 673 1119 729 aliter
1151 674 1317 744 impie
1347 674 1523 729 acturi
1555 682 1759 738 essent,
1792 686 1886 729 aut
1911 673 2041 744 quia
2065 672 2150 728 di-

564 762 748 818 vinam
778 763 1090 836 ignorarent
1113 764 1654 834 praedestinationem
1693 779 1706 815 :
1751 763 1835 818 vel
1866 778 1990 818 cum
2026 776 2144 816 eam

565 865 992 926 cognoscerent,
1020 857 1142 926 ejus
1173 866 1354 914 tamen
1387 871 1576 913 curam
1607 856 1874 912 haberent
1909 853 2144 920 nullam,

568 960 681 1017 pra
723 945 1019 1002 temeraria
1068 946 1152 1003 sui
1200 962 1541 1017 suorumque
1595 946 1720 1001 vita:
1777 943 2073 1015 cupiditate
2129 962 2144 998 :

568 1051 751 1092 nonne
787 1052 968 1094 sermo
1004 1038 1073 1094 de
1128 1037 1312 1092 divina
1363 1037 1818 1111 pra-ordinatione
1861 1045 2148 1105 susceptus

568 1127 805 1184 maxime
851 1127 1220 1184 conducibilis
1258 1127 1358 1196 ipsi
1409 1136 1527 1183 erat
1553 1165 1568 1190 ,
1610 1127 1704 1197 qui
1739 1141 1864 1182 cum
1917 1125 2148 1181 veritate

566 1218 798 1274 suadere
826 1218 1082 1276 volebat?
1108 1235 1177 1273 an
1217 1234 1325 1274 non
1357 1219 1521 1274 etiam
1555 1219 1917 1282 discentibus,
1941 1218 1986 1271 si
2023 1216 2145 1286 qui-

565 1308 692 1366 dem
719 1310 1099 1382 obtemperare
1132 1312 1480 1377 statuissent,
1521 1311 1870 1366 utilissimum
1912 1310 2172 1386 luisset,‘

566 1414 688 1456 cum
714 1401 784 1456 ob
819 1401 872 1456 id
909 1401 1146 1456 maxime
1169 1403 1631 1469 persuaderentur
1649 1402 1671 1456 ἱ)
1690 1399 1959 1467 Quocirca
1989 1398 2146 1470 plane

568 1492 810 1564 ineptum
848 1503 932 1549 est
976 1495 1051 1549 ita
1087 1499 1435 1567 expostulare
1468 1495 1537 1550 de
1582 1511 1647 1550 eo
1681 1493 1771 1563 qui
1807 1491 1956 1548 omni
1987 1493 2144 1560 cu!pa

566 1594 746 1639 vacat.
779 1583 978 1642 Verum
1012 1587 1334 1656 prudentius
1379 1595 1864 1658 conquererentur,
1909 1581 1955 1639 si
2000 1581 2145 1652 dice-

567 1689 690 1734 rent
733 1694 748 1734 ;
784 1677 901 1736 Non
929 1686 990 1734 ut
1023 1679 1238 1746 doctus,
1271 1680 1488 1750 sapiens
1527 1694 1590 1734 ac
1643 1678 1884 1743 divinus,
1938 1675 2033 1730 sed
2086 1682 2144 1730 ut

569 1767 732 1824 homo
761 1753 866 1825 liae
902 1770 954 1824 iu
983 1782 1139 1840 parte
1167 1771 1434 1826 duntaxat
1473 1769 1765 1840 ignoravit,
1815 1781 1916 1823 nec
1967 1765 2143 1838 potuit

2249 669 2513 736 ἀληθείας
2542 668 2754 720 πείθειν
2779 665 3039 731 ἐθέλοντι,
3071 667 3105 736 ἢ
3155 666 3275 734 οὐχὶ
3301 668 3395 720 καὶ
3421 670 3528 731 τοῖς
3558 669 3759 724 διδασκοο

2254 763 2434 834 μένοις
2469 763 2627 830 εῐπερ
2681 759 2979 830 ἠβούλοντο
3009 757 3314 823 πείθεσθαι,
3357 760 3760 829 προὺργιαίτατον

2247 855 2316 909 ἂν
2346 849 2437 923 ἦν,
2461 853 2536 916 ὡς
2561 852 2650 905 διὰ
2674 851 2834 905 τοῦτο
2859 850 3096 920 μάλιστα
3122 848 3482 919 πειθομένοις,
3499 848 3625 904 ὥστε
3651 856 3758 905 πάνυ

2247 946 2467 1016 χυδαῖον
2511 944 2688 1006 οὕτως
2733 940 3079 1008 ἐξαιτιᾶσθαι
3112 941 3206 993 τὸν
3252 939 3507 1006 καθάπαξ
3545 943 3758 999 ἀναίτιον.

2261 1037 2423 1092 Ἀλλά
2472 1034 2888 1106 φρονιμώτερον
2917 1033 2983 1087 ἀν
3015 1032 3310 1106 ἐξῃτιῶντο
3354 1032 3608 1101 λέγοντες,
3637 1035 3698 1096 ὼς
3725 1040 3760 1089 εἰ

2249 1130 2412 1198 σοφὸς
2447 1125 2515 1200 ἦν
2548 1129 2642 1180 καὶ
2672 1125 2835 1190 θεῖος,
2871 1124 2986 1178 ἀλλ’
3018 1124 3096 1186 ὡς
3139 1123 3424 1192 ἄνθρωπος
3453 1125 3691 1194 ἠγνόησεν
3717 1129 3760 1180 ἐν

2246 1223 2424 1293 τούτῳ
2452 1223 2527 1292 τῷ
2564 1223 2741 1292 μέρει,
2776 1221 2869 1274 καὶ
2903 1217 3004 1272 ούκ
3035 1217 3276 1289 ἠδυνήθη
3319 1217 3492 1279 καλῶς
3529 1218 3616 1286 τῆς
3659 1219 3760 1288 ἁληο

2248 1317 2373 1378 θοῦς
2406 1317 2501 1369 καὶ
2553 1315 2731 1382 σοφῆς
2761 1311 3051 1376 ἐφικέσθαι
3081 1311 3306 1381 γνώμης
3355 1310 3448 1363 καὶ
3473 1309 3758 1380 διακρίσεως.

2258 1408 2398 1462 Ἀλλ’
2418 1408 2536 1460 οὐδὲ
2563 1405 2722 1458 τοῦτο
2753 1404 2912 1472 λόγον
2944 1403 3065 1473 ἐχον
3087 1403 3258 1456 ἐστίν.
3297 1401 3357 1454 'll
3368 1403 3481 1472 μείς
3506 1403 3603 1470 γὰρ
3625 1404 3758 1456 καίτοι

2245 1500 2336 1555 τὸν
2391 1499 2568 1568 μέγαν
2624 1497 2827 1558 εἰδότες
2859 1497 2920 1550 ού
2972 1494 3136 1566 σοφίᾳ.
3191 1493 3356 1562 μόνον
3401 1493 3757 1564 παρεληλακότα

2247 1593 2476 1657 πάντας,
2510 1590 2648 1644 ἀλλά
2702 1589 2798 1643 καὶ
2832 1591 2943 1652 τοῖς
2974 1592 3037 1642 ἐκ
3079 1588 3215 1641 Θεοῦ
3249 1589 3545 1656 φωτισμοῖς
3582 1587 3758 1657 διαπρέ-

2243 1684 2440 1754 ψαντα,
2479 1683 2629 1752 ὅμως
2659 1682 2759 1735 οὐκ
2795 1681 2946 1751 αὺτῷ
2987 1680 3252 1749 τιθέμεθα
3298 1680 3494 1749 μᾶλλον
3523 1681 3552 1750 ἢ
3583 1679 3758 1733 Ἀθανα-

2247 1775 2371 1844 σίῳ,
2430 1775 2524 1828 καὶ
2574 1773 2612 1827 Γ
2619 1775 2860 1844 ρηγορίῳ
2892 1773 2970 1844 τῷ
3017 1772 3292 1843 Θεολόγῳ,
3324 1772 3420 1826 καὶ
3467 1771 3538 1840 τῷ
3590 1771 3756 1839 Num;

566 1860 792 1927 pulchre
830 1875 1016 1918 veram
1047 1863 1374 1932 doetamque
1404 1862 1732 1918 sententiam
1761 1857 2138 1918 discernendi-

2247 1833 2416 1935 αὐτῷ,
2447 1867 2543 1920 καὶ
2585 1833 2964 1934 Αὐγουσέίνῳ,
3000 1859 3081 1928 οἷς
3112 1833 3287 1916 πᾶσιν
3327 1865 3355 1916 δ
3387 1833 3552 1933 μέγας
3577 1833 3758 1917 ἐνταῦθα

568 1969 675 2023 que
706 1953 816 2010 vim
868 1952 1121 2026 adipisci.
1151 1955 1320 2024 Atqui
1373 1970 1440 2010 ne
1489 1953 1632 2010 istud
1677 1952 1895 2023 quidem
1931 1947 2138 2006 .rationi

562 2057 993 2101 consentaneum
1025 2057 1130 2103 est.
1166 2046 1377 2103 Etenim
1410 2049 1626 2104 tametsi
1652 2047 1990 2116 exploratum
2021 2058 2140 2113 per-

561 2147 918 2209 spectumque
952 2138 1252 2196 habeamus
1297 2155 1553 2210 maguum
1597 2139 1858 2194 Basiliutn
1895 2155 2002 2194 non
2039 2138 2140 2192 do-

559 2228 739 2285 ctrina
791 2239 1003 2286 tantum
1053 2232 1176 2287 aliis
1229 2232 1528 2288 anteivisse
1574 2232 1862 2297 omnibus,
1937 2247 2129 2287 verum

559 2321 727 2377 etiam
777 2320 1276 2380 illuminationibus
1332 2338 1362 2379 a
1418 2324 1529 2378 Deo
1587 2324 1823 2394 acceptis
1869 2324 2136 2394 insignem

565 2411 886 2470 exstitisse:
945 2428 1054 2468 non
1097 2414 1219 2482 plus
1253 2424 1431 2469 tamen
1487 2415 1567 2470 illi
1611 2416 1922 2474 tribuimus.
1974 2430 2135 2483 quam

559 2503 882 2572 Athanasio,
923 2503 1184 2573 Gregorio
1228 2505 1533 2575 Tlteologo.
1576 2515 1629 2561 et
1679 2505 1929 2574 Nysseno
1975 2517 2140 2575 atque

559 2595 888 2666 Augustino,
925 2596 1126 2666 quibus
1155 2597 1413 2652 omnibus
1452 2612 1684 2666 magnus
1728 2597 1815 2652 ltic
1859 2598 2097 2650 concimt
2121 2637 2136 2660 ,

559 2696 615 2742 et
646 2685 703 2742 hi
738 2702 930 2742 omnes
957 2687 1031 2742 illi
1061 2689 1429 2743 consentiunt.
1465 2687 1568 2754 Qttl
1597 2695 1776 2741 autem
1815 2687 1931 2741 tieri
1965 2693 2143 2756 potest

561 2787 624 2834 ut
651 2778 791 2833 tanti
821 2779 1077 2834 doctores
1130 2779 1184 2833 in
1231 2778 1334 2834 hac
1381 2777 1686 2833 assertione
1735 2777 1898 2832 simul
1951 2792 2138 2832 errore

559 2867 779 2924 abducti
814 2866 1060 2924 fuerint?
1094 2868 1247 2933 Quod
1296 2876 1477 2922 autem
1520 2867 1708 2922 multis
1757 2867 1810 2920 in
1860 2865 1994 2920 locis
2025 2865 2140 2920 hate

559 2956 748 3013 eadem
774 2966 1002 3024 asserat,
1028 2967 1229 3012 etcum
1260 2974 1392 3014 cura
1417 2967 1469 3013 et
1493 2956 1920 3027 exaggeratione
1949 2955 2139 3019 multa,
2187 2982 2194 2987 ο

558 3061 622 3108 ut
653 3050 699 3106 si
732 3051 831 3108 hac
858 3051 924 3106 de
956 3067 1016 3106 re
1040 3052 1338 3108 orationem
1376 3052 1443 3106 ad
1479 3053 1768 3106 utilitatem
1803 3050 2135 3119 susciperet,

559 3159 626 3200 ac
659 3144 899 3200 lulurutn
938 3155 1087 3200 esset
1116 3154 1174 3198 ut
1202 3159 1297 3198 eos
1323 3144 1571 3200 veritatis
1597 3144 1864 3198 sententia
1901 3141 2142 3212 iuraret.

2250 1962 2470 2032 συνᾴδει
2500 1959 2803 2022 Βασίλειος,
2830 1960 2925 2012 καὶ
2957 1952 3102 2012 οὗτοι
3138 1959 3344 2018 πάντες
3365 1955 3526 2026 αὐτῷ.
3557 1956 3651 2009 Καὶ
3676 1955 3759 2017 πῶς

2247 2049 2360 2107 οἷόν
2409 2070 2466 2106 τε
2518 2052 2874 2120 τηλικούτους
2909 2050 3267 2111 διδασκάλους
3312 2048 3449 2118 ὁμοῦ
3478 2049 3596 2119 περὶ
3642 2049 3760 2100 τοῦτο

2247 2142 2590 2211 πλανηθῆναι
2613 2141 2673 2193 τὸ
2697 2140 2866 2210 μέρος
2889 2158 2904 2206 ;
2929 2142 3010 2193 ὅτι
3032 2140 3086 2193 δὲ
3109 2139 3382 2209 πολλαχοῦ
3406 2139 3473 2191 τά
3489 2138 3615 2191 αύτά
3633 2137 3759 2190 ταῦτά

2249 2249 2407 2301 φησι,
2430 2233 2528 2285 καὶ
2560 2231 2697 2299 μετὰ
2721 2230 2922 2299 πολλῆς
2944 2232 3042 2300 τῆς
3070 2229 3488 2300 ἐπεξεργασίας,
3516 2230 3582 2291 ὡς
3607 2227 3760 2298 προῦρ-

2248 2340 2347 2391 γου
2375 2326 2466 2376 τ’,ν
2495 2324 2627 2392 περὶ
2658 2323 2865 2375 τούτων
2894 2321 3050 2388 λόγον
3088 2321 3436 2390 ποιούμενος,
3469 2323 3554 2374 καὶ
3580 2320 3760 2388 ὠφελεῖν

2252 2414 2461 2482 μέλλων
2492 2416 2558 2482 τῇ
2596 2413 2722 2482 δόξῃ
2768 2411 2868 2480 τῆς
2915 2412 3176 2481 ἀληθείας
3205 2414 3338 2476 τοὺς
3391 2411 3760 2480 παρακολουθεῖν

2246 2508 2582 2576 δυναμένους
2609 2524 2622 2538 ·
2650 2508 2813 2562 ἄκουε
2838 2507 2892 2558 τί
2922 2523 3088 2576 φησιν
3111 2506 3373 2576 ἀλλαχοῦ,
3409 2508 3496 2560 καὶ
3516 2504 3760 2563 σπουδάσας

2248 2601 2527 2669 εὑρήσεις,
2560 2598 2634 2669 μὴ
2676 2599 2985 2667 αὐτόματόν
3022 2615 3140 2665 τινα
3175 2598 3343 2669 είπῃς
3393 2596 3656 2666 συντυχίαν
3681 2595 3760 2646 τῶν

2252 2691 2550 2760 γινομένων
2596 2690 2930 2759 ἀνθρώποις,
2974 2691 3053 2754 ὡς
3107 2693 3338 2761 μηδενὸς
3381 2691 3656 2761 προστάτου
3695 2686 3760 2737 τὸν
3797 2673 3802 2680 ’

2247 2783 2453 2851 κόσμον
2483 2779 2922 2849 οἱκονομοῦντος,
2962 2781 3176 2850 πονηρά
3220 2782 3466 2850 δόγματα
3499 2778 3757 2845 ὑποτιθέμε-

2251 2891 2340 2937 νος
2376 2875 2610 2942 σεαυτῷ,
2653 2873 2788 2943 μηδέ
2817 2873 3054 2944 ἐκπέσῃς
3085 2874 3191 2926 τῶν
3216 2875 3364 2943 ὅρων
3392 2874 3486 2942 τῆς
3515 2870 3756 2929 εύσεθείας.

2256 2985 2276 3020 ε
2302 2968 2360 3021 '0
2390 2969 2497 3036 γὰρ
2534 2968 2745 3029 πλάσας
2774 2968 2921 3037 ἡμᾶς
2955 2971 3049 3020 καὶ
3067 2966 3332 3036 ψυχώσας
3354 2966 3503 3031 Θεδς,
3531 2965 3647 3020 ίδίαν
3669 2963 3761 3016 ἐδω-

2252 3075 2348 3112 κεν
2373 3060 2580 3127 ἑκάστῃ
2613 3056 2759 3126 ψυχῇ
2789 3057 2886 3126 τὴν
2917 3056 3011 3110 τοῦ
3048 3057 3163 3126 βίου
3193 3057 3492 3129 διαγωγὴν,
3521 3057 3602 3110 καὶ
3627 3055 3760 3111 ἄλλοις

2247 3147 2438 3208 ἄλλους
2470 3147 2630 3216 ὅρους
2688 3145 2858 3216 ἔπηξε
2898 3147 2995 3217 τῆς
3037 3147 3246 3212 ἐξὸδου.
3300 3146 3403 3200 Τὸν
3435 3148 3532 3215 μὲν
3576 3146 3666 3213 γὰρ
3699 3141 3760 3194 ἐπὶ
3853 3149 3856 3156 ’

560 3232 656 3303 qui
702 3234 958 3306 subsequi
1001 3250 1066 3290 ac
1116 3237 1396 3306 percipere
1429 3244 1651 3304 possent
1694 3252 1708 3288 :
1748 3235 1970 3289 attende
2015 3235 2141 3305 quid

2250 3239 2436 3292 πλεῖον
2469 3241 2784 3310 περιμεῖναι
2820 3242 2887 3310 τῇ
2927 3239 3202 3311 παρουσίᾳ
3251 3239 3355 3309 τῆς
3394 3238 3585 3308 σαρκὸς
3612 3235 3758 3307 ᾠκονό-

562 3325 672 3381 alio
695 3324 814 3382 loco
836 3326 1017 3393 dicat;
1061 3335 1117 3382 et
1160 3330 1262 3382 Itac
1309 3328 1556 3383 studiosa
1587 3327 1878 3382 sedulitate
1913 3341 2140 3396 compe-

562 3417 694 3483 ries,
727 3418 1146 3488 haudquaquam
1171 3417 1450 3474 fortuitum
1480 3422 1769 3488 quemdam
1808 3434 2142 3475 concursum

563 3525 754 3566 eorum
800 3526 921 3581 qua:
971 3511 1286 3566 hominibus
1336 3511 1471 3567 ﬁunt
1521 3513 1919 3567 enuntiandum
1962 3526 2132 3566 esse:

568 3615 826 3672 tanquam
881 3604 928 3658 si
977 3605 1160 3659 nullus
1205 3605 1517 3660 moderator
1579 3614 1634 3660 et
1688 3621 1943 3675 princeps
1990 3605 2136 3658 hunc

566 3694 832 3750 mundum
858 3705 1088 3766 regeret,
1109 3711 1304 3764 pravas
1338 3695 1434 3750 tibi
1463 3696 1751 3766 opiniones
1778 3696 2143 3766 suggerendo;

566 3787 827 3842 duntaxat
851 3801 880 3841 a
908 3786 1171 3841 limitibus
1202 3785 1417 3856 pietatis
1451 3787 1702 3842 excidere
1731 3802 1981 3843 caveas.t
2007 3786 2142 3842 Nam

565 3877 658 3949 qui
699 3893 798 3934 nos
833 3878 992 3946 ﬁnxit,
1015 3888 1066 3933 et
1098 3878 1364 3933 animavit
1396 3877 1559 3944 Deus,
1597 3880 1881 3951 proprium
1916 3895 2142 3938 conces-

564 3977 636 4031 sit
665 3974 864 4050 cuique
889 3973 1084 4030 animte
1107 3974 1368 4046 degenda:
1401 3975 1528 4031 vitae
1552 3985 1778 4039 statum,
1804 3986 1970 4046 atque
2008 3975 2144 4032 alios

564 4068 689 4123 aliis
721 4067 922 4124 limites
958 4068 1136 4124 exitus
1171 4069 1308 4123 ﬁxit.
1349 4068 1562 4124 Etenim
1593 4069 1737 4125 hunc
1771 4069 1989 4138 quidem
2027 4069 2144 4138 plu-

564 4175 651 4218 res
689 4159 743 4215 in
778 4162 921 4218 mole
952 4162 1198 4231 corporis
1233 4172 1288 4218 et
1310 4163 1430 4220 luce
1467 4178 1646 4218 moras
1681 4162 1859 4218 facere
1889 4160 2143 4218 Numinis

562 4254 898 4323 dispensatio
935 4257 1128 4310 statuit
1165 4271 1182 4310 :
1212 4255 1364 4310 illum
1410 4270 1540 4309 vero
1563 4255 1730 4310 citius
1757 4254 1990 4310 vinculis
2020 4269 2144 4309 cor-

570 4345 752 4414 poreis
804 4345 940 4402 solvi
969 4345 1274 4411 constituit,
1312 4345 1468 4414 juxta
1503 4346 1888 4401 inenarrabilis
1928 4328 2142 4416 sapien-

561 4439 652 4495 tite
676 4453 742 4494 ac
777 4437 1001 4509 iustitiae
1031 4454 1144 4494 suae
1179 4439 1436 4496 rationes.
1474 4439 1940 4506 Quemadmodum
1972 4439 2139 4502 exjiis

2254 3347 2430 3401 μησε·
2467 3332 2560 3384 τὸν
2587 3331 2644 3384 δὲ
2695 3331 2892 3384 θᾶττον
2945 3331 3288 3401 ἀπολυθῆναι
3336 3331 3444 3385 τῶν
3484 3330 3671 3400 δεσμῶν
3693 3324 3759 3379 τοῦ

2251 3423 2504 3494 σώματος
2531 3425 2836 3492 διετάξατο,
2883 3427 3022 3480 κατά
3051 3427 3178 3490 τοὺς
3207 3428 3312 3498 τῆς
3351 3427 3583 3500 ἀρρήτου
3619 3423 3760 3491 σοφίας

2250 3516 2446 3568 ἐαυτοῦ
2477 3517 2572 3569 καὶ
2601 3516 2950 3587 δικαιοσύνης
2993 3519 3207 3587 λόγους.
3250 3519 3462 3590 Ὠσπερ
3503 3515 3586 3573 οὖν
3611 3516 3653 3571 oi
3679 3515 3760 3574 ταῖς

2249 3610 2496 3678 εἱρκταῖς
2523 3609 2915 3678 ἐμπίπτοντες,
2951 3611 3004 3663 οἱ
3038 3611 3136 3679 μιν
3163 3613 3260 3665 ἐπὶ
3289 3613 3506 3666 πλείονα
3537 3608 3758 3682 χρόνοντῇ

2248 3700 2495 3752 κακώσει
2543 3699 2653 3750 τῶν
2699 3698 3091 3770 δεσμωτηρίων
3139 3701 3610 3763 ἐναποκλείονται,
3649 3697 3687 3749 oi
3722 3693 3759 3746 δὲ

2245 3791 2552 3860 ταχυτέραν
2598 3790 2919 3860 εὑρίσκουσι
2951 3791 3052 3862 τὴν
3082 3795 3181 3862 τῆς
3221 3792 3590 3854 κακοπαθείας
3630 3789 3759 3842 dmi-

2245 3883 2420 3951 λαγήν
2445 3900 2459 3913 ·
2497 3881 2638 3935 οὕτω
2664 3884 2756 3935 καὶ
2789 3883 2846 3935 αἱ
2895 3884 3087 3954 ψυχαῖ,
3123 3886 3180 3938 αι
3217 3886 3319 3955 μὲν
3351 3888 3442 3938 ἐπὶ
3483 3885 3606 3938 πολὺ
3634 3895 3759 3952 προσ-

2247 3977 2572 4044 κατέχονται
2611 3977 2676 4046 τῇ
2711 3975 2824 4046 ζωῇ
2853 3976 3050 4049 ταύτῃ,
3081 3978 3137 4030 αξ
3175 3977 3234 4030 δὲ
3279 3979 3367 4032 ἐπ’
3410 3978 3632 4038 ἔλαττον,
3659 3971 3759 4025 atati

2243 4067 2344 4137 τὴν
2387 4066 2548 4130 ἀξίαν
2577 4067 2672 4136 τῆς
2721 4067 3012 4137 ἀναλογίας
3064 4070 3324 4134 ἑκάστου,
3377 4071 3549 4140 σοφῶς
3578 4068 3658 4121 καὶ
3694 4064 3760 4134 βα·

2244 4160 2402 4224 θέως,
2434 4158 2509 4222 ὡς
2537 4159 2639 4212 οὐκ
2689 4158 2757 4212 ἀν
2792 4159 3039 4227 ἐφίκοιτο
3073 4161 3198 4225 νοῦς
3239 4160 3559 4233 ἀνθρώπων,
3588 4159 3645 4213 τὰ
3669 4155 3760 4225 περὶ

2243 4251 2476 4304 ἕκαστον
2512 4252 2674 4321 ἡμῶν
2715 4251 2811 4306 τοῦ
2848 4255 3136 4318 κτίσαντος
3187 4254 3640 4324 προδλεπομένου.
3680 4249 3760 4302 Οὐκ

2240 4343 2460 4406 ἀκούεις
2494 4343 2740 4412 λέγοντος
2772 4345 2863 4398 τοῦ
2887 4345 3052 4398 Δτὸίδ
3071 4363 3083 4377 ·
3121 4365 3141 4399 ε
3179 4347 3446 4416 Ἐξάγαγε
3474 4349 3534 4399 ἐκ
3565 4339 3760 4414 φυλακῆς

2240 4438 2340 4507 τὴν
2370 4437 2554 4508 ψυχήν
2589 4454 2692 4506 μου
2727 4455 2740 4503 ;
2779 4455 2799 4490 ε
2827 4439 2930 4492 οὐκ
2979 4439 3221 4510 ἤκουσας
3249 4443 3380 4512 περὶ
3412 4439 3501 4494 τοῦ
3531 4437 3682 4504 ἁγίου,
3704 4434 3760 4485 ὅτι

559 4532 652 4602 qui
686 4533 738 4586 in
764 4546 1036 4588 carcerem
1075 4532 1390 4599 truduntur,
1417 4532 1509 4588 alii
1535 4533 1884 4589 diulurniore
1920 4544 2131 4603 tempo-

2247 4530 2480 4603 ὶπελύθη
2509 4529 2676 4584 αὑτοῦ
2713 4532 2746 4600 ἡ
2779 4531 2965 4602 ψυχῆς
3002 4533 3053 4585 τί
3077 4533 3135 4586 δε
3185 4533 3431 4604 Συμεὼν.
3463 4535 3551 4588 ὅτε
3576 4535 3760 4596 svum!-

559 4629 637 4682 ris
661 4627 842 4696 spatio
864 4625 1126 4683 custodia:
1150 4639 1436 4680 carcerum
1461 4625 1708 4680 molestia
1733 4637 2019 4692 vexantur,
2047 4626 2138 4681 alii

558 4715 952 4786 promptiorem
985 4716 1272 4770 inveniunt
1298 4729 1558 4772 aerumnae
1598 4714 1976 4772 liberationem
2017 4735 2028 4771 :
2061 4715 2142 4772 sic

555 4811 718 4864 etiam
757 4825 824 4864 ex
854 4807 1145 4864 animabus
1173 4808 1294 4864 alia:
1337 4807 1531 4878 perdiu
1586 4812 1711 4863 vita:
1759 4808 1925 4879 hujus
1973 4823 2138 4863 usura

559 4902 804 4956 {ruentes
837 4899 1166 4967 detinentur,
1195 4901 1315 4956 alite
1359 4902 1595 4957 breviori
1643 4902 1908 4972 temporis
1968 4902 2141 4957 inter-

557 4997 724 5060 vallo,
758 5011 858 5065 pro
888 4995 1067 5050 meriti
1121 4995 1392 5066 cujusque
1426 4995 1638 5051 ratione
1668 5004 1724 5049 et
1764 4994 2138 5065 proportione,

555 5100 684 5140 cum
725 5096 832 5140 tam
879 5085 986 5140 alte
1031 5097 1086 5140 et
1126 5087 1399 5156 sapienter
1430 5087 1592 5156 (adeo
1628 5097 1686 5142 ut
1715 5101 1871 5142 mens
1901 5087 2139 5140 humana

563 5194 628 5233 eo
657 5179 942 5250 pervenire
974 5181 1232 5250 nequeat)
1258 5181 1351 5250 qui
1381 5182 1586 5246 creavit
1622 5197 1723 5237 nos
1759 5181 2052 5252 prospiciat
2076 5196 2138 5236 ea

557 5288 683 5341 quae
711 5271 778 5327 ad
813 5271 1059 5342 singulos
1087 5273 1346 5328 mortales
1377 5257 1673 5343 pertinent.
1697 5271 1814 5330 Non
1849 5274 2006 5330 audis
2037 5274 2142 5327 Da-

559 5365 738 5421 videm
770 5360 1074 5430 canentem,
1103 5363 1284 5420 «Educ
1303 5365 1371 5420 de
1393 5380 1612 5420 carcere
1635 5365 1872 5420 animam
1901 5364 2134 5421 meam?»

560 5456 679 5512 Non
721 5457 1063 5521 attscultasti,
1113 5457 1182 5512 de
1214 5465 1404 5512 sancto
1437 5456 1669 5522 dictum,
1709 5457 1940 5513 solutam
1974 5455 2141 5512 fuisse

561 5551 732 5619 ipsius
762 5551 1039 5605 animam?
1067 5549 1208 5616 Quid
1242 5565 1372 5605 vero
1397 5549 1654 5619 Symeou,
1687 5550 1909 5619 quando
1935 5550 2142 5618 ample-

564 5653 722 5698 xatus
741 5653 826 5698 est
857 5644 1140 5699 Dominum
1168 5640 1439 5697 nostrum?
1455 5642 1670 5710 qualem
1701 5641 1884 5696 emisit
1917 5641 2142 5697 vocent?

559 5749 742 5789 nonne
769 5736 930 5800 hanc,
959 5756 977 5788 ι
995 5736 1145 5790 Nunc
1162 5734 1391 5790 dimittis
1413 5749 1630 5789 servum
1655 5743 1832 5799 tuum,
1857 5732 2135 5788 Domine?»

563 5821 699 5882 Nam
732 5828 799 5888 ad
836 5829 996 5886 vitatu
1031 5845 1150 5902 qua:
1201 5829 1254 5886 in
1300 5827 1516 5898 superis
1551 5826 1688 5884 locis
1729 5827 1986 5898 agitanda
2018 5835 2096 5884 est
2121 5866 2136 5896 ,

2241 4625 2427 4678 λίσατο
2456 4624 2550 4677 τὸν
2575 4624 2780 4695 Κύριον
2808 4625 2989 4696 ἡμῶν,
3023 4625 3184 4679 ποίαν
3214 4629 3401 4696 φωνὴν
3425 4626 3621 4697 ἀφῆκεν
3641 4638 3654 4688 ;
3675 4618 3761 4686 οὺχ,

2240 4717 2322 4771 ὅτι
2352 4735 2370 4768 ι
2398 4716 2512 4770 Νῦν
2537 4715 2792 4780 ἀπολύεις
2815 4718 2906 4770 τὸν
2927 4716 3117 4771 δοῦλόν
3139 4733 3254 4784 σου,
3272 4720 3515 4773 Δέσποτα
3535 4734 3548 4782 ;
3573 4713 3666 4782 »τῷ
3684 4710 3760 4777 γὰρ

2240 4811 2584 4881 ἐπειγομένῳ
2611 4811 2745 4879 πρὸς
2770 4811 2870 4880 τὴν
2890 4809 3006 4864 ἇνω
3023 4809 3308 4879 διαγωγὴν
3333 4808 3598 4881 βαρυτέρα
3621 4803 3759 4865 πάσης

2241 4900 2537 4962 κολάσεως.
2569 4902 2666 4952 καὶ
2697 4899 3082 4968 δεσμωτηρίου
3114 4899 3404 4970 παντὸς,’ὴ
3434 4899 3562 4969 μετά
3584 4894 3663 4948 τοῦ
3687 4888 3754 4942 σὼ

2244 4994 2412 5064 ματός
2442 4994 2556 5046 ἐστι
2578 4992 2852 5061 διατριϐή.
2880 5010 2899 5043 ν
2927 4990 3114 5045 Ταῦτα
3141 4994 3241 5059 μέν
3262 4993 3322 5045 ἐν
3348 4992 3428 5043 ἑνὶ
3458 4991 3588 5058 λόγῳ
3613 4981 3756 5053 φησίν.

2253 5086 2352 5139 Ἐκ
2397 5084 2491 5137 τοῦ
2537 5086 2882 5153 παρήκοντος
2927 5083 3020 5137 οῦν
3047 5082 3366 5153 δογματίζει
3406 5084 3504 5153 τὴν
3538 5073 3758 5146 πατρικὴν

2239 5169 2378 5247 ὁμου
2406 5177 2501 5231 καὶ
2527 5175 2858 5246 δεσποτικὴν
2889 5177 3018 5248 περὶ
3051 5175 3153 5246 τῆς
3182 5175 3527 5246 ἀνθρωπίνης
3549 5169 3670 5236 ζωῆς
3688 5161 3758 5213 καὶ

2244 5273 2634 5341 μεταστάσεως
2671 5269 2935 5340 πρόνοιαν
2960 5285 2974 5300 ·
3012 5271 3106 5323 καὶ
3144 5269 3280 5331 ὅλως
3311 5269 3404 5322 τὸν
3434 5267 3566 5319 θεῖον
3605 5266 3653 5313 ἐν
3674 5256 3756 5316 τοῖς

2240 5361 2554 5430 ἀνθρώποις
2590 5359 2923 5430 προορισμδν
2955 5361 3050 5412 καὶ
3086 5359 3448 5427 ὑποδείγμασι
3480 5354 3564 5409 καὶ
3593 5362 3753 5420 γραφι-

2242 5457 2367 5518 καῖς
2417 5451 2728 5517 ἀποδείξεσι
2780 5451 2920 5523 μετά
2973 5451 3173 5520 πολλῆς
3219 5451 3481 5504 δεικνύων
3529 5439 3753 5501 σπονδῆςὶ

2244 5549 2437 5603 Καίτοι
2467 5564 2556 5616 γε,
2579 5549 2627 5600 εί
2652 5549 2787 5617 πρὸς
2835 5545 3221 5614 ἀντιλέγοντας
3248 5545 3484 5597 ἐποιεῖτο
3509 5539 3590 5592 τὸν
3612 5533 3753 5599 λόγον,

2243 5636 2383 5702 εἶδες
2419 5638 2485 5691 ἂν
2519 5639 2702 5690 πᾶσαν
2731 5635 2829 5706 τὴν
2852 5634 3002 5704 ίεράν
3023 5635 3249 5707 Γραφὴν
3271 5635 3433 5688 αὐτὸν
3460 5629 3750 5698 ἐπιφέρϋνταο

2254 5731 2417 5786 Ἀλλὰ
2466 5733 2559 5783 καὶ
2596 5727 2874 5797 πανταχοῦ
2919 5727 3030 5781 τῶν
3076 5727 3242 5781 αὐτοῦ
3291 5727 3482 5792 λόγων,
3519 5717 3751 5788 προδιατεο

2243 5825 2513 5896 τλγμένον
2547 5824 2602 5875 ἐν
2626 5822 2877 5884 ἑκάστοις
2906 5819 3004 5889 τῆς
3028 5819 3170 5890 ζωῆς
3196 5821 3253 5875 τὸ
3279 5817 3426 5882 τέλος
3460 5812 3624 5869 καλεῖ·
3657 5804 3748 5858 κείν’
