3932 6458
147 376 237 442 545
1108 364 1475 428 EPISTOLA
1517 362 1615 427 DE

1783 362 2359 429 ᾸΞΒΕΞΊἾΝΛΤΙΟΝ
2366 368 2431 428 Ε.
3281 377 3386 443 546

140 489 307 547 τεῦθεν
335 487 497 543 ἄνισα
537 487 632 542 καὶ
663 488 898 558 ἀνόμοια
934 484 1185 554 γίνεσθαι
1235 484 1350 548 τοῖς
1380 483 1670 555 ἀνθρώπου

1796 488 2133 559 properanti,
2176 488 2392 557 gravior
2437 497 2519 543 est
2571 489 2719 544 omni
2763 487 3033 559 supplicio
3094 497 3149 545 et
3190 498 3387 561 quovis

139 585 219 641 τοῦ
251 582 365 654 βίου
399 581 469 634 τὰ
513 581 751 652 πέρατα,
784 580 925 634 κατά
952 579 1052 642 τὰς
1080 577 1211 649 περὶ
1242 576 1478 631 ἕκαστον
1507 576 1695 645 διαφό-

140 693 248 747 ρους
279 675 370 729 καὶ
418 677 550 745 ἡμῖν
592 672 950 743 ἀνεννοήτους
998 670 1091 725 τοῦ
1140 669 1288 724 θείου
1340 669 1690 741 οἰκονομίας,

137 771 276 825 ἄνισα
304 767 402 839 μὲν
422 766 565 821 κατὰ
590 766 682 821 τὸν
713 765 906 837 χρόνον
924 763 1195 836 δηλονότι,
1222 764 1455 834 ἀνόμοια
1475 762 1534 815 δὲ
1555 761 1697 816 κατὰ

136 868 214 920 τὸν
238 863 459 934 τρόπον.
493 852 666 915 Δῦται
688 859 885 936 λέξεις,
901 858 1138 913 ἐκείνου.

1801 594 2022 635 carcere
2058 580 2419 635 commoratio
2450 582 2504 634 in
2559 595 2811 651 corpore.
2844 600 2863 633 υ
2897 582 3021 637 llaec
3048 593 3200 639 certe
3230 600 3389 639 enar-

1801 683 1882 726 rat
1923 676 1978 725 in
2010 671 2246 740 quodam
2275 682 2531 725 tractatu.
2570 675 2650 727 An
2697 675 2795 727 ahs
2827 691 2885 728 re
2916 675 3082 744 igitur
3113 677 3388 747 negligen-

1806 773 1998 834 terque
2024 762 2188 819 docet
2247 764 2647 833 providentiam
2686 776 2963 834 paternam
3005 767 3165 821 simul
3195 783 3259 823 ac
3288 770 3388 823 do-

1806 854 2086 915 minicam,
2112 853 2181 909 de
2226 854 2337 908 vita
2370 854 2610 909 humana
2641 865 2696 909 et
2723 856 3117 929 demigratione
3146 860 3214 913 ab
3247 860 3341 914 illa
3368 902 3384 927 ,

134 974 239 1014 cum
266 955 488 1011 omnino
516 953 759 1008 divinam
795 952 848 1006 in
894 950 1209 1007 hominibus
1270 948 1809 1021 praedestinationcm
1869 953 1986 1002 tum
2039 946 2328 1018 exemplis,
2373 956 2487 1002 tum
2547 947 2887 1016 eloquiorum
2948 965 3230 1008 sacrorum
3284 968 3386 1008 au'

133 1051 361 1107 ctoritate
416 1062 611 1118 magna
655 1047 936 1117 diligentia
987 1045 1281 1114 studioque
1324 1043 1687 1115 comprobet?
1733 1042 1881 1108 Quin
1914 1042 2082 1097 etiam
2114 1042 2159 1097 si
2183 1043 2250 1096 ad
2281 1036 2642 1115 repugnantes
2672 1060 2738 1100 ac
2800 1045 3157 1107 refractorios
3216 1052 3382 1107 verba

134 1147 332 1207 iaceret,
371 1141 590 1197 videres
631 1142 812 1212 ipsum
872 1151 1040 1197 totam
1092 1141 1433 1212 Scripturam
1479 1154 1692 1194 sacram
1719 1138 2013 1195 adducere.
2038 1137 2159 1193 Jam
2218 1153 2346 1195 vero
2406 1139 2609 1209 ubique
2637 1143 2963 1211 scriptorum
2994 1161 3219 1202 suorum
3250 1165 3385 1216 pra:-

129 1241 355 1295 stitutum
391 1236 446 1291 in
476 1235 707 1307 singulis
742 1236 865 1290 vita:
894 1236 1104 1291 exitum
1134 1234 1789 1307 appellat;proindeque-
1840 1232 2145 1303 intequales
2194 1248 2257 1288 ac
2334 1233 2630 1291 dissimiles
2691 1239 2987 1295 usuvcnire
3066 1242 3384 1299 hominibus

128 1328 481 1391 vitalimitcs.
514 1328 813 1383 secundum
846 1329 1158 1385 diﬁcrentes
1207 1344 1309 1385 nec
1342 1331 1444 1385 sub
1490 1325 1908 1397 intelligentiam
1982 1341 2232 1380 nostram
2280 1328 2540 1383 cadentes
2589 1328 2755 1384 divini
2805 1331 3049 1387 numinis
3102 1334 3386 1403 dispensa-

131 1426 313 1483 tioncs,
351 1420 650 1489 inaequales
706 1419 949 1490 quidem,
988 1424 1200 1477 ratione
1246 1423 1509 1477 nimirum
1565 1417 1852 1487 temporis,
1906 1415 2205 1475 dissimiles
2269 1427 2454 1474 autem
2518 1419 2701 1475 modo.
2764 1423 2942 1491 Atque
3001 1425 3114 1481 haec
3177 1424 3385 1495 ipsissi-

128 1530 198 1570 ma
227 1513 467 1568 auctoris
498 1514 641 1569 dicta
679 1529 949 1583 scnsaqne
975 1525 1126 1570 sunt.

181 1606 297 1657 Ὅτι
329 1606 433 1674 μὲν
462 1602 554 1659 οὖν
579 1606 677 1659 οὐκ
701 1607 763 1660 ἐκ
787 1607 879 1660 τοῦ
903 1609 1249 1677 παρήκοντος
1275 1608 1464 1679 ἔλεγεν
1493 1608 1681 1661 ἐκεῖνα

120 1699 177 1751 τὰ
209 1696 420 1766 πρῶτα,
469 1696 604 1750 ἀλλὰ
639 1696 938 1767 προῦργου,
976 1703 1067 1753 καὶ
1117 1701 1194 1763 ὡς
1236 1701 1380 1755 οὕτω
1437 1702 1675 1771 φρονῶν,

1862 1599 1989 1654 Hmc
2025 1570 2290 1654 duntaxat
2330 1599 2424 1655 tibi
2460 1598 2753 1665 suﬂiciant,
2780 1600 2989 1670 quibus,
3014 1600 3222 1672 liquido
3254 1617 3385 1657 con-

1788 1703 1894 1749 stat
1930 1692 2189 1746 Basilium
2225 1691 2480 1760 superius
2516 1692 2645 1747 illud
2675 1693 3011 1763 propositum
3044 1709 3154 1748 non
3191 1696 3289 1749 abs
3316 1710 3381 1769 re

120 1790 342 1857 ἀρκείτω
378 1805 464 1841 σοι
496 1789 693 1844 ταῦτα.
738 1789 897 1842 Ἀλλά
948 1792 1053 1861 μὴν
1083 1794 1176 1843 καὶ
1224 1793 1391 1857 ἀξίως
1416 1794 1516 1861 τῆς
1548 1810 1670 1845 παν-

1793 1784 2029 1839 animive
2061 1791 2268 1838 tantum
2296 1796 2482 1847 causa,
2514 1784 2608 1838 sed
2639 1783 2895 1839 consulto
2934 1793 2988 1837 et
3019 1799 3082 1839 ex
3117 1800 3217 1839 usu
3253 1798 3379 1852 pro-

119 1881 253 1942 τοίας
287 1880 482 1948 σοφίας
509 1880 677 1934 αὐτοῦ
714 1880 806 1933 καὶ
846 1882 1227 1951 μεγαλονοίας,
1262 1885 1476 1938 καὶτοῦ
1511 1884 1680 1952 φωτί-

119 1969 284 2032 ζοντος
314 1973 478 2024 αὐτὸν
514 1972 851 2042 Ιινεῦματος,
880 1974 1055 2039 οὕτως
1091 1976 1309 2046 ἐφρόνει
1357 1992 1416 2029 τε
1448 1977 1541 2029 καὶ
1568 1975 1680 2028 ἐδί-

116 2062 299 2117 δασκεν
336 2066 364 2117 ὁ
396 2064 575 2128 ἔνθεος
600 2066 700 2136 τῆς
740 2068 1068 2137 οἰκουμένης
1107 2070 1356 2139 φωστήρ.
1386 2068 1542 2140 ’ῌδει
1580 2068 1680 2137 μὲν

116 2156 209 2225 γὰρ
247 2157 305 2211 ἐν
338 2161 451 2221 τοῖς
482 2159 846 2227 ἀνθρωπίνοις
881 2161 1170 2231 πράγμασι
1206 2164 1298 2214 τὸν
1338 2160 1479 2215 θεῖον
1543 2174 1723 2215 παν-λ

116 2247 278 2315 σόφως
308 2250 399 2302 καὶ
430 2250 799 2319 πανταγάοως
851 2252 1178 2323 ἐνεργοῦντα
1215 2252 1583 2322 προορισμὸν,
1615 2253 1677 2312 ὃς

111 2340 246 2393 ἐστιν
275 2344 307 2411 ἠ
348 2343 517 2406 ἀΐδιος
558 2345 614 2396 ἐν
644 2343 720 2411 τῷ
751 2344 869 2413 Θεῷ
894 2344 1047 2411 τάξις
1079 2347 1177 2415 τῆς
1228 2346 1322 2398 ἐπὶ
1364 2343 1463 2415 τὴν
1500 2362 1678 2414 μακα-

110 2432 223 2499 ρίαν
254 2434 402 2505 ζωὴν
428 2436 653 2504 ὁδηγίας
683 2435 777 2489 τοῦ
818 2436 1133 2506 ἀνθρώπου,
1171 2439 1349 2490 καίτοι
1380 2436 1676 2506 γινομένης

104 2522 155 2572 ὲν
203 2525 403 2594 χρόνῳ,
436 2515 698 2579 τοῦ”Θεοῦ
733 2515 1046 2596 πέμποντος
1089 2528 1252 2581 αὑτὸν
1289 2529 1379 2581 ἐπὶ
1425 2528 1517 2581 τὸν
1551 2529 1675 2596 ὅρον

101 2614 324 2677 ἐκεῖνον,
366 2618 437 2679 ὡς
469 2617 563 2669 τοῦ
610 2618 827 2682 τοξότου
860 2619 922 2671 τὸ
974 2620 1125 2689 βέλος
1158 2619 1294 2688 πρὸς
1322 2620 1417 2672 τὸν
1449 2620 1674 2685 σκοπὸν,

96 2711 185 2759 xal.
239 2709 576 2775 πέμποντος,
625 2709 700 2769 ὠς
750 2711 961 2764 οἴκοθεν
998 2712 1157 2780 μόνον
1211 2711 1599 2773 ἀδυνατοῦντα,
1628 2714 1675 2765 ει

96 2802 185 2853 καὶ
224 2800 366 2868 πρὸς
397 2803 552 2854 τοῦτο
580 2803 890 2872 γεγένηται.
939 2805 1045 2857 Καὶ
1076 2804 1163 2857 διὰ
1194 2803 1355 2857 τοῦτο
1382 2806 1481 2867 τὰς
1512 2804 1675 2855 ἀσθεο

99 2892 238 2951 νεία;
278 2894 379 2945 καὶ
418 2894 515 2956 τὰς
560 2893 827 2963 ἐλλείψεις
856 2899 977 2956 ταῖς
1008 2897 1135 2966 περὶ
1174 2897 1274 2966 τὴν
1317 2896 1465 2966 ζωὴν
1498 2897 1679 2948 ποικί-

98 2984 209 3045 λαις
239 2987 587 3054 οἰκονομίαις
637 2986 827 3052 αὑτοῦ,
878 2988 973 3041 καὶ
1003 2987 1104 3057 τὴν
1151 2986 1412 3058 τελευτὴν
1442 2988 1675 3054 ίωμένου

104 3076 188 3126 καὶ
217 3075 617 3145 θεραπεύοντος
647 3076 713 3128 δι’
747 3076 929 3140 ἐλέους
958 3077 1282 3149 ὑπερϐολήν.
1316 3098 1334 3129 ι
1377 3079 1453 3131 Οὐ
1482 3079 1590 3146 γὰρ
1617 3077 1677 3141 ἐξ

1799 1878 2017 1940 tulisse,
2047 1876 2307 1946 quodque
2337 1879 2407 1929 ita
2441 1877 2602 1944 plane
2637 1876 2886 1931 sentiret.
2936 1876 3202 1931 Praeterea
3249 1892 3380 1932 vero

1786 1986 1885 2039 pro
1917 1969 2181 2037 dignitate
2207 1969 2375 2023 etiam
2402 1968 2583 2024 omnis
2615 1969 2825 2039 generis
2854 1969 3136 2034 doctrinm,
3168 1985 3231 2023 ac
3260 1986 3375 2025 ma-

1791 2062 2093 2136 gnitudinis
2123 2063 2291 2117 animi
2329 2064 2539 2117 ratione
2569 2078 2674 2131 qua
2709 2064 2969 2132 praeditus
3012 2065 3112 2118 fuit
3148 2065 3231 2119 vir
3254 2076 3379 2119 tan-

1789 2164 1904 2216 tus,
1934 2163 1989 2208 et
2016 2168 2115 2223 pro
2151 2154 2430 2223 majestate
2460 2152 2699 2221 Spiritus
2728 2170 2837 2223 quo
2880 2154 3276 2222 illustrahatur,
3304 2157 3376 2211 ita

1794 2258 1847 2301 et
1876 2247 2049 2301 sensit
2083 2253 2136 2299 et
2162 2245 2368 2312 docuit,
2405 2245 2638 2301 Numine
2668 2248 2909 2301 amatum
2945 2248 3048 2302 hoc
3084 2251 3234 2303 orbis
3262 2255 3375 2305 ter-

1781 2322 1961 2392 rarum
1992 2339 2196 2392 lumen.
2240 2337 2531 2393 Enimvero
2577 2341 2627 2392 in
2663 2339 2917 2394 humanis
2945 2341 3107 2397 rebus
3132 2341 3374 2396 divinam

1783 2431 2318 2501 praedestinationem
2352 2432 2755 2500 sapientissime
2786 2432 3098 2503 optimeque
3139 2448 3375 2502 operan-

1790 2532 1896 2578 tem
1930 2537 2194 2590 noverat;
2246 2540 2368 2594 qua:
2395 2526 2765 2595 sempiternus
2793 2535 2877 2581 est
2908 2527 3043 2581 ordo
3079 2527 3131 2581 in
3168 2528 3274 2582 Deo
3307 2526 3373 2580 ad

1783 2618 2161 2672 deducendum
2214 2617 2491 2672 hominem
2528 2619 2592 2672 ad
2632 2620 2845 2673 beatam
2878 2620 3045 2675 vitam
3097 2640 3109 2674 :
3156 2621 3374 2675 tametsi

1780 2723 1840 2762 ca
1877 2708 2130 2762 deductio
2161 2708 2251 2763 fiat
2280 2708 2333 2762 in
2357 2718 2617 2777 tempore,
2658 2725 2782 2764 cum
2814 2709 2958 2766 Deus
3004 2712 3167 2766 mittit
3201 2711 3375 2765 homi-

1781 2814 1904 2852 nem
1935 2798 2002 2851 ad
2033 2813 2154 2852 eum
2191 2799 2438 2866 limitem,
2471 2810 2529 2853 ut
2576 2803 2891 2871 sagittarius
2941 2804 3102 2856 telum
3141 2804 3207 2857 ad
3261 2804 3373 2858 me-

1783 2902 1917 2945 tam.
1948 2888 2184 2959 Ideoque
2232 2891 2420 2956 mittit,
2474 2891 2617 2960 quod
2668 2892 2878 2947 viribus
2911 2902 3120 2947 tantum
3151 2896 3268 2951 suis
3303 2911 3374 2953 eo

1750 2981 2067 3051 'pervenire
2118 2991 2370 3049 nequeat,
2415 2981 2629 3037 etiamsi
2677 2983 2742 3036 ad
2791 2984 2844 3037 id
2895 2995 3055 3039 natus
3098 2987 3182 3040 sit,
3226 2985 3370 3041 [dem

1781 3074 2063 3146 propterea
2095 3073 2442 3129 inﬁrmitates
2471 3085 2524 3129 et
2547 3075 2794 3131 defectus
2816 3080 2984 3133 variis
3012 3081 3154 3134 circa
3198 3084 3365 3134 vitam

106 3166 273 3234 ἔργων
326 3167 693 3238 δικαιοσύνης,
731 3164 806 3223 ὧν
856 3172 1020 3241 ἡμεῖς
1066 3173 1427 3242 ἐποιήσαμεν,
1456 3174 1483 3225 ὁ
1534 3171 1670 3247 θεῖός

1784 3177 1836 3223 et
1885 3169 2093 3224 obitum
2148 3167 2643 3236 dispensationibus
2683 3179 2842 3226 sanat
2876 3182 2926 3225 et
2973 3181 3127 3227 curat
3158 3175 3370 3230 miseri-

109 3272 262 3325 φησιν
284 3257 629 3324 ’Δπὸστολος,
656 3259 788 3311 ἀλλὰ
814 3263 954 3315 κατὰ
981 3261 1074 3313 τὸν
1104 3260 1267 3315 αὑτοῦ
1296 3260 1445 3313 ἔλεον
1468 3262 1670 3314 ἔσωσεν

108 3350 263 3417 ἡμᾶς.
301 3368 320 3400 ι
360 3350 589 3403 Ἔκτοτε
626 3351 720 3403 καὶ
751 3348 867 3414 νῦν,
899 3352 990 3405 καὶ
1017 3352 1123 3415 ἕως
1164 3351 1231 3405 ἂν
1260 3354 1293 3422 ἡ
1324 3353 1433 3405 τῶν
1459 3352 1670 3424 ἀνθρώ-

109 3459 214 3495 πων
237 3443 449 3510 γένεσις
473 3439 532 3515 ᾖ,
556 3444 627 3505 ὡς
658 3443 806 3508 ἅπαξ
831 3445 997 3516 οἴκτῳ
1028 3446 1174 3515 μόνῳ
1205 3444 1410 3514 οίκείῳ,
1440 3443 1537 3513 τὴν
1570 3444 1671 3514 τῆς

106 3531 239 3600 ζωῆς
272 3531 392 3585 ὁδὸν
422 3533 640 3597 ἀνοίξας
671 3535 828 3603 ἡμῖν.
872 3534 930 3588 ’0
963 3536 1070 3603 γὰρ
1116 3535 1334 3589 πάντων
1366 3535 1475 3588 τῶν
1508 3552 1670 3604 ποιη-

107 3624 277 3687 μάτιον
319 3622 486 3678 αὐτοῦ
522 3624 919 3695 προνοούμενος
949 3626 1185 3692 εὐλόγως
1212 3627 1369 3692 Θεὸς,
1402 3626 1542 3679 κατὰ
1568 3627 1668 3695 τὴν

105 3716 337 3770 ἑκάστων
370 3717 530 3782 ἀξίαν
565 3718 658 3770 καὶ
688 3717 842 3782 τάξιν
869 3719 927 3770 ἐν
952 3717 1033 3787 τῷ
1070 3723 1233 3771 παντὶ
1267 3720 1571 3791 ίδιαιτάτην
1598 3723 1664 3790 τῇ

104 3804 283 3878 λογικῇ
312 3807 472 3878 φύσει
507 3807 867 3877 χαριζόμενος
893 3809 1171 3879 πρόνοιαν,
1197 3813 1307 3871 τοῖς
1335 3809 1551 3878 δώροις,
1586 3808 1666 3872 οἷς

103 3900 259 3972 αὐτὴν
283 3903 560 3971 ἐκόσμησε
590 3901 929 3971 πρέπουσαν,
969 3903 1062 3956 καὶ
1096 3902 1250 3966 τέλος
1287 3903 1422 3973 αὐτῇ
1455 3904 1549 3956 τοῦ
1578 3920 1669 3972 γε·

102 3995 299 4059 γονέναι
335 4001 431 4049 καὶ
463 3990 627 4057 εἶναι,
662 3992 762 4066 τὴν
804 3994 1083 4066 μακαρίαν
1113 3995 1282 4059 τάξας
1310 3995 1476 4063 ζωὴν,
1513 3997 1570 4048 ἐν
1598 3998 1662 4067 τῇ

102 4086 371 4157 εἰλικρινεῖ
399 4090 494 4141 καὶ
523 4088 714 4159 ἀμὲσῳ
742 4086 837 4141 τοῦ
885 4086 1023 4142 Θεοῦ
1056 4090 1151 4142 καὶ
1197 4090 1305 4142 τῶν
1337 4088 1497 4141 οείων
1524 4089 1667 4157 γνώ-

106 4194 179 4232 σει
202 4181 615 4250 συνισταμένην.
650 4198 668 4230 ι
702 4179 849 4250 Αὕτη
876 4180 984 4250 γάρ
1005 4182 1141 4245 ἐστι,
1168 4183 1353 4249 φησὶν,
1379 4181 1412 4250 ἡ
1449 4180 1667 4243 αἰώνιος

101 4270 222 4341 ζωὴ,
255 4272 340 4326 ἵνα
365 4273 681 4341 γινώσκωσι
709 4272 769 4323 σὲ
798 4272 885 4324 τὸν
913 4272 1072 4342 μόνον
1098 4273 1352 4343 ἀληθινὸν
1380 4272 1535 4339 Θεὸν,
1570 4273 1667 4325 καὶ

101 4361 152 4414 ὃν
180 4365 505 4427 ἀπέστειλας
545 4364 751 4434 Ἰησοῦν
787 4365 1041 4433 Χριστὸν,
1081 4382 1100 4416 ι
1128 4365 1397 4428 τουτέστι,
1447 4365 1516 4417 τὰ
1565 4368 1664 4435 τῆς

102 4451 367 4525 θεολογίας
410 4458 505 4511 καὶ
536 4456 850 4527 οἰκονομίας
879 4456 1189 4528 ἀπόρρητα,
1231 4456 1265 4511 ἃ.
1294 4457 1386 4510 νῦν
1415 4458 1473 4509 ἐν
1498 4458 1663 4510 ’ἐσόπ-

1783 3259 1985 3313 cordia:
2018 3273 2132 3312 sua:
2186 3258 2579 3317 immensitate.
2632 3277 2650 3311 ι
2687 3259 2804 3314 Non
2832 3262 2975 3315 enim
3012 3266 3367 3334 ex'operibus

1772 3353 2013 3422 justitize,
2035 3365 2154 3420 qua:
2176 3366 2277 3406 nos
2301 3351 2549 3419 fecimus,
2566 3352 2767 3423 (inquit
2789 3355 3004 3411 divinus
3028 3358 3367 3427 Apostolus),

1777 3442 2203 3498 sed-secundum
2243 3443 2676 3501 misericordiam
2724 3463 2877 3502 suam
2924 3451 3103 3505 salvos
3136 3467 3233 3507 nos
3284 3451 3365 3507 fe-

1775 3534 1870 3588 cit.
1911 3552 1930 3586 ι
1985 3534 2067 3588 Ab
2108 3535 2257 3589 omni
2291 3551 2427 3604 aevo,
2460 3539 2622 3591 etiam
2674 3555 2841 3605 nunc,
2896 3551 2949 3596 et
2988 3545 3225 3613 quandiu
3268 3545 3367 3600 ho-

1775 3624 1984 3678 minum
2013 3626 2289 3695 generatio
2312 3628 2625 3682 constiterit
2657 3644 2672 3682 :
2714 3641 2771 3684 ut
2813 3633 2905 3697 qui
2938 3634 3105 3686 scntel
3138 3637 3368 3688 commi-

1775 3717 2052 3772 seratione
2089 3718 2204 3771 sola
2232 3718 2564 3789 propriaque
2598 3723 2722 3775 vitm
2762 3721 2905 3775 viam
2936 3724 3096 3779 nobis
3128 3727 3363 3796 aperuit.

1771 3806 1985 3861 Etenim
2012 3807 2102 3876 qui
2125 3808 2382 3864 omnibus
2408 3810 2524 3865 suis
2551 3812 2810 3878 Operibus
2835 3814 3031 3868 rationi
3060 3830 3367 3883 congruen-

1772 3911 1855 3954 ter
1883 3901 2149 3970 providet,
2189 3915 2289 3970 pro
2315 3903 2655 3974 singulorum
2693 3904 2956 3974 dignitate
2980 3914 3033 3958 et
3057 3906 3272 3971 ordine,
3304 3906 3359 3962 in

1769 3993 1916 4047 omni
1960 3994 2146 4061 utique
2173 3995 2519 4062 ,peculiarem
2576 3996 2816 4049 maxime
2860 3996 3112 4050 rationali
3147 4006 3360 4051 naturae

1768 4084 2168 4154 providentiam
2204 4085 2483 4154 largiendo
2518 4084 2844 4140 muneribus
2880 4087 3083 4155 quibus
3111 4102 3231 4142 eam
3265 4087 3362 4143 de-

1770 4179 1986 4231 coravit
2016 4176 2309 4246 insignem,
2345 4176 2560 4247 ipsique
2610 4178 2913 4233 constituto
2961 4178 3063 4233 line
3097 4180 3362 4235 nascendi

1767 4276 1822 4323 et
1852 4268 2149 4323 exsistendi
2176 4269 2227 4322 in
2255 4268 2411 4322 beata
2439 4268 2569 4334 vita,
2598 4283 2717 4335 quae
2750 4271 3133 4339 sincera,pnra
3170 4271 3363 4326 imme-

1768 4359 2023 4427 diataque
2058 4358 2153 4413 Dei
2184 4366 2237 4413 et
2278 4373 2459 4413 rerum
2492 4359 2801 4414 divinarum
2840 4362 3151 4432 cognitione
3182 4362 3361 4418 consi-

1767 4449 1883 4503 stit.
1922 4468 1941 4503 ι
1985 4448 2111 4505 Haec
2138 4451 2283 4505 enim
2320 4461 2425 4516 est,
2489 4452 2689 4523 inquit,
2729 4462 2930 4509 aeterna
2977 4456 3124 4521 vita,
3174 4464 3232 4511 ut
3266 4471 3362 4512 co-

100 4561 202 4617 τρῳ
253 4554 349 4605 καὶ
407 4550 691 4618 αίνίγματι
736 4549 1025 4618 βλέπουσιν
1057 4552 1105 4602 oi
1145 4550 1523 4614 πιστεύοντες·
1569 4552 1665 4603 αὐο

1778 4552 2039 4611 gnoscant
2067 4552 2117 4597 te
2150 4545 2326 4599 solum
2376 4559 2565 4600 verum
2620 4546 2812 4613 Deum,
2855 4554 2908 4603 et
2949 4562 3111 4618 quem
3161 4547 3360 4604 misisti

98 4639 182 4702 τὸς
203 4642 335 4714 αὐτῇ
377 4643 469 4695 τὸν
502 4643 626 4711 ὅρον
661 4643 865 4695 ἐκεῖνον
896 4641 1102 4713 τίθησι,
1139 4644 1233 4695 καὶ
1266 4644 1325 4695 τὸ
1356 4643 1528 4710 τέλος,
1566 4645 1664 4698 καὶ

96 4729 179 4782 τὸν
218 4735 441 4800 σκοπὸν,
471 4735 684 4796 οὐδενὸς
714 4735 824 4787 τῶν
857 4735 1049 4802 ὄντων,
1082 4735 1201 4788 οὐδὲ
1250 4735 1471 4790 πάντων
1529 4736 1663 4806 ὁμοῦ

101 4823 246 4878 τοῦτό
272 4844 335 4895 γε
362 4828 700 4897 δυναμένων,
737 4827 898 4890 αὐτὸς
930 4832 1025 4880 καὶ
1058 4827 1197 4896 πρὸς
1223 4830 1432 4882 ἐκεῖνον
1464 4828 1661 4900 ὁρίζει.
1687 4862 1697 4871 -

99 4913 156 4966 Εί
180 4919 283 4989 γὰρ
321 4919 420 4973 καὶ
450 4920 572 4989 ὅρος
597 4920 767 4986 αὐτῆς
810 4920 981 4986 ἐστιν,
1023 4920 1168 4971 οὓτω
1200 4920 1277 4989 τῷ
1329 4920 1447 4988 Θεῷ
1478 4920 1660 4986 δόξαν,

101 5006 204 5064 ἀλλ’
252 5012 560 5081 ὑπερφυὴς,
594 5011 689 5063 καὶ
735 5011 910 5080 ὁρίζει
968 5012 1265 5079 συγκινῶν,
1301 5012 1395 5064 καὶ
1448 5012 1662 5063 οἴκοθεν

100 5104 433 5174 κινουμένην.
488 5103 601 5172 Τὴν
652 5104 761 5173 γὰρ
810 5106 1205 5173 προαιρετικὴν
1238 5105 1374 5175 αὐτῇ
1428 5103 1661 5173 δύναμιν

98 5191 337 5261 δέδωκεν,
370 5194 444 5257 ὡς
485 5194 746 5247 δύνασθαι
778 5194 868 5247 καὶ
913 5195 1122 5247 οἴκοθεν
1154 5194 1290 5263 πρὸς
1335 5196 1541 5247 ἐκεῖνον
1569 5212 1659 5248 κι-

100 5285 291 5339 νεῖσθαι
325 5286 462 5357 μετὰ
487 5287 583 5356 τῆς
608 5287 811 5339 ἄνωθεν
836 5286 1081 5356 ὁδηγίας,
1113 5286 1323 5355 ὁδηγῶν
1350 5286 1443 5339 ἐπὶ
1477 5286 1653 5352 τοῦτο,

103 5377 437 5437 συνεπωθιῖω,
469 5376 610 5428 λύων
641 5378 736 5438 τὰς
780 5377 1122 5446 δυσχερείας,
1155 5376 1435 5445 ἐπιφέρων
1466 5377 1651 5443 ἄλλας,

100 5460 194 5514 xiv
238 5464 335 5534 δέῃ
392 5464 530 5534 πρὸς
580 5465 905 5534 γυμνασίαν,
957 5466 1308 5535 παραχωρῶν
1343 5466 1657 5520 ὑπονοστεῖν

101 5548 184 5601 ἐπὶ
332 5554 685 5625 συμφέροντι,
742 5556 1183 5629 ὐποστρέφοντας
1238 5558 1400 5622 εὐθὺς
1452 5561 1655 5614 ἐπανά-

100 5656 222 5707 γων,
250 5648 599 5717 παρακαλῶν,
632 5647 829 5702 θλίϐων
859 5646 947 5715 αὖ,
973 5652 1175 5705 ὁπόταν
1209 5651 1484 5706 καὶτοῦτο
1518 5670 1655 5723 συμ-

102 5734 249 5805 φέρῃ,
276 5741 342 5790 τὶ
374 5741 474 5809 μὲν
514 5741 750 5809 ἀφανῶς,
777 5742 845 5793 τὰ
871 5742 925 5794 δὲ
954 5745 1046 5798 καὶ
1078 5744 1357 5815 προδήλως
1387 5748 1494 5810 τοῖς
1524 5748 1651 5816 περὶ

106 5822 257 5881 ταῦτα
312 5831 674 5902 προσέχουςισ
707 5834 797 5887 καὶ
842 5834 906 5888 τὰ
950 5835 1049 5903 μὲν
1087 5835 1305 5905 ἀμέσως
1339 5836 1403 5890 δι’
1453 5836 1647 5893 ἑαυτοῦ

1772 4632 1956 4689 Jesum
1982 4635 2315 4692 Christum.)
2357 4637 2482 4693 Hac
2506 4649 2634 4694 sunt
2670 4640 2954 4710 theologia:
2988 4652 3039 4695 et
3067 4641 3359 4711 dispensa-

1773 4728 1939 4783 tionis
1981 4743 2352 4799 arcaua,qu:e
2387 4747 2529 4787 nunc
2581 4734 2632 4786 in
2688 4734 2911 4802 speculo
2968 4744 3021 4787 et
3072 4737 3360 4804 aeriigmate

1770 4820 2054 4875 credentes
2088 4824 2303 4890 vident;
2354 4824 2461 4890 ille,
2517 4825 2760 4893 inquam,
2797 4827 2919 4894 ipse
2973 4827 3116 4879 hunc
3164 4828 3360 4882 statuit

1776 4914 2071 4967 terminum
2107 4924 2160 4969 et
2215 4915 2377 4969 ﬁnem
2416 4925 2469 4969 et
2519 4930 2769 4984 scopum,
2806 4931 2929 4970 cum
2987 4918 3119 4971 nihil
3167 4935 3358 4975 eorum

1771 5019 1895 5073 quae
1929 5012 2075 5071 sunt,
2107 5020 2209 5060 nec
2241 5008 2425 5060 omnia
2463 5006 2627 5061 simul
2672 5008 2775 5063 hoc
2821 5019 3081 5077 praestare
3112 5024 3358 5084 queant;

1731 5123 1737 5128 -
1768 5098 1887 5167 ipse
1913 5098 2077 5152 etiam
2112 5099 2178 5151 ad
2210 5097 2361 5151 illum
2400 5097 2639 5153 difﬂuit:
2664 5114 2787 5154 nam
2811 5105 3061 5170 quamvis
3089 5107 3359 5165 terminus

1766 5189 1886 5259 ejus
1912 5189 2002 5252 sit,
2034 5190 2255 5259 quando
2287 5189 2364 5243 ita
2402 5189 2512 5245 Deo
2540 5190 2721 5245 visum
2774 5202 2880 5257 est,
2936 5195 3239 5254 immensus
3277 5210 3359 5253 ta-

1767 5296 1890 5336 men
1921 5294 2400 5351 exsuperansque,
2455 5293 2509 5338 et
2557 5284 2907 5351 determinat,
2963 5292 3360 5345 commovendo

1764 5373 1929 5428 etiam
1977 5372 2046 5427 ab
2075 5372 2292 5437 origine
2336 5386 2667 5432 commotam
2705 5379 2839 5434 :sed
2874 5381 3039 5435 etiam
3072 5381 3357 5437 electivam

1762 5466 1866 5536 ipsi
1894 5465 2192 5536 potentiam
2223 5470 2522 5535 concessit,
2559 5480 2619 5524 ut
2657 5472 2830 5540 possit
2858 5480 3112 5541 tanquam
3137 5488 3168 5528 e
3195 5471 3360 5530 domo

1762 5557 1830 5610 ad
1869 5555 2023 5610 illum
2061 5555 2192 5611 cieri
2231 5571 2354 5612 cum
2390 5559 2816 5614 manuductione
2843 5560 2914 5615 ab
2945 5561 3256 5628 alto,‘viam
3291 5565 3357 5620 ad

1764 5651 1867 5705 hoc
1918 5650 2211 5717 muniens,
2261 5653 2639 5722 compellens,
2702 5653 3050 5709 dlilicultates
3103 5657 3357 5726 solvens,

1762 5740 2004 5810 aliasque
2028 5741 2330 5810 inducens;
2374 5744 2537 5798 etiam
2564 5745 2610 5798 si
2640 5758 2780 5810 opus
2810 5743 2903 5808 sit,
2930 5745 2996 5800 ad
3028 5749 3356 5805 exercitium

1761 5834 2070 5894 decedendo
2106 5838 2327 5906 revcrti,
2366 5836 2723 5894 emolumenti
2748 5840 2960 5908 gratia;
3002 5840 3356 5907 divertcnzes,

3880 5672 3887 5787 γ

3866 5954 3885 6227 ἐ
