3932 6458
166 384 267 443 549
1113 369 1474 430 EPISTULA
1515 368 1612 429 DE
1666 368 2411 433 Pli/EDESTINATIUNE.
3300 369 3407 432 550

160 506 308 549 omne
355 501 527 543 aevum
578 482 968 556 reprobandns,
1019 498 1345 553 omnemque
1390 496 1515 552 erga
1564 480 1712 550 ipsos
1767 480 1859 535 Dei
1889 480 2068 539 Patris
2092 491 2145 536 et
2185 482 2493 541 Servaloris
2555 485 2947 555 providentiam
3008 486 3215 540 irritam
3273 484 3403 541 olfe-

162 597 334 643 cturus
361 600 423 638 ac
458 584 700 639 studium
744 583 811 637 ad
860 583 1019 637 linem
1053 580 1478 650 assequendutn.
1515 577 1713 633 Verum
1774 577 1889 634 haec
1935 579 2195 647 peculiari
2274 595 2583 651 magnoque
2630 582 2873 653 indigent
2934 589 3171 635 tractatu
3208 597 3219 631 :
3261 595 3406 634 nunc
3454 576 3457 577 ⁷

164 682 221 735 ad
254 678 584 749 propositum
627 676 993 731 accedendum
1033 684 1136 731 cst.
1169 674 1381 729 Etenim
1414 688 1521 726 non
1553 672 1619 728 de
1643 672 1823 727 divina
1854 674 2332 743 praedestinatione
2359 675 2788 744 disputationem
2822 675 3132 742 instituere,
3158 675 3251 731 St‘d
3275 676 3409 746 quid

165 785 404 837 magnum
445 768 627 821 lumen
664 765 905 820 incitarit
935 763 1223 818 ostendere
1262 763 1536 819 volumus.

186 928 191 931 Ι
236 860 356 912 Ἐπὶ
386 857 597 919 τούτοις
624 856 726 925 ήδη
757 852 960 919 καλῶς,
987 853 1298 907 σκοπείσθω
1333 853 1442 923 γὰρ
1488 854 1605 923 ἅμα
1628 849 1724 905 καὶ

1894 848 2011 906 Jam
2052 866 2216 922 super
2246 852 2331 908 his
2384 852 2609 920 pulchre
2649 868 2709 909 se
2752 868 2836 909 res
2869 853 3049 908 habet.
3085 850 3258 906 Simul
3309 851 3411 905 uti-

164 951 480 1013 τούναντίον,
515 949 595 1010 εἰς
639 946 812 1016 μείζω
850 948 947 1013 τῆς
998 945 1254 1015 ἀληθείας
1295 944 1611 1014 βεϐαίωσιν,
1650 942 1728 1005 ὼς

164 1046 263 1114 ἄρα
290 1042 391 1108 τῆς
436 1040 783 1111 ἀνθρωπίνης
812 1039 954 1107 ζωῆς
992 1054 1053 1089 τε
1082 1038 1179 1089 καὶ
1221 1036 1501 1107 τελευτῆς,
1534 1052 1727 1105 προαι-

168 1138 302 1208 ρέσει
327 1151 390 1187 τε
426 1133 607 1186 αὐτῶν
631 1130 727 1185 καὶ
759 1130 920 1201 φύσει
951 1130 1047 1184 καὶ
1075 1130 1216 1201 τύχῃ
1240 1128 1726 1198 καταλειπομένων

164 1226 222 1279 ἂν
253 1223 525 1289 καθάπαξ,
571 1222 604 1293 ἢ
644 1223 736 1274 tul
770 1222 911 1293 μόνῃ
963 1224 1029 1291 τῇ
1066 1224 1222 1292 κοινῇ
1273 1222 1368 1276 καὶ
1401 1220 1728 1292 προσκαίρῳ

167 1317 378 1387 περὶτὰ
408 1315 589 1381 ζῶντα
624 1315 804 1369 πάντα
845 1317 1095 1387 προνοίᾳ,
1129 1314 1410 1386 οἰχήσεται
1442 1314 1542 1384 μὲν
1569 1314 1603 1383 ἡ
1634 1311 1731 1366 τοῦ

164 1410 266 1469 τοῖς
298 1406 610 1476 ἀνθρώποις
641 1406 897 1476 κειμένου
923 1407 1108 1468 τέλους
1137 1405 1431 1472 ὲπίτευξις.
1458 1400 1532 1458 Ob
1561 1404 1731 1458 καθά-

166 1501 266 1564 παξ
293 1500 446 1562 ὄντος
480 1500 816 1571 ὑπερφυοῦς,
856 1500 1030 1563 οὐδεὶς
1058 1498 1204 1569 αὖτῷ
1240 1498 1611 1568 προσαχθῆναι
1641 1496 1743 1575 δύη

166 1610 336 1658 ναται,
365 1593 445 1662 μὴ
469 1592 563 1645 τοῦ
589 1590 817 1661 θεμένου
846 1608 905 1645 τε
932 1593 1028 1644 καὶ
1056 1592 1337 1657 ὁρίσαντος
1360 1590 1538 1658 τούτῳ
1565 1605 1735 1659 προσ,

166 1686 403 1752 ἁγοντος,
444 1684 525 1756 τῷ
567 1684 714 1738 λύειν
740 1684 839 1747 τὰς
884 1684 1084 1748 πολλὰς
1116 1684 1351 1737 ἐνταῦθα.
1386 1683 1729 1753 δυσχερείας,

168 1778 256 1831 ttal
284 1775 576 1837 τοσαύταις
606 1777 723 1838 ταῖς
756 1775 1075 1846 εἰρημέναις
1109 1774 1371 1843 μεθόδοις.
1414 1775 1524 1827 Καὶ
1552 1774 1732 1842 μάτην

170 1870 261 1938 μὲν
290 1869 552 1935 Μωῦσῆς,
591 1871 685 1922 καὶ
711 1871 738 1922 6
776 1867 843 1922 δι’
873 1865 1039 1920 αὐτοῦ
1090 1866 1498 1935 παιδαγωγικὸς
1543 1866 1729 1935 νόμος,

169 1958 295 2028 πρὸς
332 1957 504 2025 μείζω
531 1956 865 2027 τεταγμένος
902 1956 1062 2027 νόμον
1097 1958 1191 2011 καὶ
1222 1955 1553 2026 τελεώτερον
1578 1972 1592 1985 ·
1633 1954 1733 2023 μά-

167 2065 261 2118 την
316 2049 373 2103 δὲ
402 2050 553 2102 πᾶσα
585 2049 618 2119 ἡ
652 2049 780 2119 περὶ
831 2047 929 2116 τῆς
962 2048 1072 2100 τῶν
1117 2046 1424 2116 ἀνθρώπων
1455 2048 1732 2115 σωτηρίας

169 2140 391 2212 σπουδὴ,
428 2140 728 2210 συλλήὸδην
776 2141 972 2198 εἰπεῖν.
1004 2141 1080 2195 Οὐ
1124 2139 1233 2212 γὰρ
1262 2140 1345 2193 δεῖ
1382 2140 1504 2194 καθ’
1528 2140 1734 2194 ἕκαστα

169 2233 364 2303 λέγειν.
411 2236 469 2289 Ὀ
513 2235 570 2288 δὲ
599 2235 741 2299 θεῖος
793 2235 1129 2306 προορισμὸς
1174 2236 1275 2288 οὐκ
1322 2234 1476 2288 ἔσται
1522 2234 1731 2297 λοιπὸν,

167 2324 237 2388 ὡς
266 2326 390 2378 οὔτε
424 2326 605 2399 αὐτοῖς
637 2326 1004 2396 προσάγοντος
1036 2325 1177 2377 κατὰ
1220 2323 1411 2394 καιρὸν
1439 2322 1637 2385 αὐτοὺς
1661 2321 1736 2391 τῷ

167 2416 276 2487 ὅρῳ
308 2416 400 2469 καὶ
430 2416 506 2488 τῷ
541 2416 726 2487 σκοπῷ
755 2433 767 2445 ·
798 2416 913 2470 οὔθ’
943 2415 1122 2483 ἐαυτῷ
1151 2415 1455 2485 πόρρωθεν,
1488 2414 1581 2467 καὶ
1607 2414 1736 2482 πρὶν

166 2507 645 2574 γενέσθαι,αὐτοὺς
690 2509 1151 2580 προσαγηοχότος.
1197 2508 1259 2559 Ἠ
1294 2506 1350 2559 δὲ
1371 2505 1492 2559 θεία
1537 2522 1732 2558 συναν-

164 2598 513 2668 αιρεθήσεται
590 2599 818 2669 πρόνοια
891 2598 950 2651 οὑ
1006 2596 1114 2650 τῶν
1165 2596 1523 2666 ἀνθρωπίνων
1577 2595 1738 2664 μόνον

164 2687 532 2756 πραγμάτων,
562 2688 696 2740 ἀλλὰ
726 2690 819 2741 καὶ
851 2687 1069 2742 πάντων
1094 2687 1299 2755 σχεδόν.
1333 2686 1445 2754 Τὴν
1475 2685 1585 2753 γὰρ
1614 2700 1739 2737 ποι-

168 2774 482 2845 κιλωτάτην
511 2778 606 2830 καὶ
634 2777 954 2844 σοφωτάτην
984 2776 1093 2828 τῶν
1142 2774 1497 2845 ἀνθρωπίνων
1531 2774 1739 2845 διοίκη-

164 2886 253 2922 σιν
281 2868 436 2931 τέλος
459 2870 491 2938 η
516 2869 760 2939 ἡμετέρα
788 2868 969 2929 πίστις
1013 2870 1106 2921 καὶ
1133 2869 1342 2939 καρπὸν
1375 2869 1612 2921 ποιεῖται
1640 2867 1739 2937 τῆς

167 2958 549 3028 ἁπλουστέρας
576 2956 673 3011 τοῦ
707 2959 905 3023 παντὸς
928 2959 1271 3029 διοικήσεως.
1313 2958 1467 3011 Ἐπεὶ
1495 2960 1591 3012 καὶ
1614 2957 1744 3010 ὑπο-

168 3049 457 3121 τεταχέναι
491 3052 520 3102 6
560 3050 692 3112 θεὸς
742 3051 961 3119 λέγεται
1005 3050 1083 3119 τῷ
1123 3047 1399 3121 ἀνθρώπῳ
1432 3049 1611 3103 πάντα
1639 3050 1743 3103 ὑπὸ

171 3144 297 3206 τοὺς
339 3141 504 3204 πόδας
536 3140 721 3210 αὐτοῦ,
774 3142 850 3205 ὡς
878 3142 969 3195 ἐπὶ
1016 3143 1126 3205 τοῖς
1179 3141 1361 3212 ἔργοις
1396 3141 1504 3196 τῶν
1542 3142 1742 3213 χειρῶν

174 3234 333 3287 αὐτοῦ
356 3234 710 3299 καταστάντι,
739 3236 826 3288 καὶ
857 3233 1029 3305 βραχύ
1059 3252 1110 3287 τι
1131 3234 1264 3305 παρ’
1288 3235 1552 3303 ἀγγέλους
1582 3235 1743 3305 ἠλατ-

173 3326 426 3395 τωμένῳ.
457 3326 551 3377 Διὸ
578 3326 672 3379 καὶ
696 3324 795 3395 τῆς
826 3325 935 3377 τῶν
968 3325 1271 3397 ἀνθρώπων
1304 3326 1572 3395 γενέσεως
1602 3342 1747 3379 παυ-

181 3418 434 3488 σαμένης,
468 3419 560 3471 καὶ
586 3419 619 3488 ἡ
646 3417 754 3471 τῶν
798 3419 1066 3486 οὐρανίων
1131 3419 1605 3472 συναναπαύσεται
1657 3419 1744 3472 κί-

1828 956 1933 1013 que
1982 952 2265 1011 spectetur
2291 931 2454 997 etiam
2487 944 2853 1009 contrarium,
2896 952 2955 998 ttt
3000 943 3207 998 veritas
3238 944 3409 1013 magis

1829 1034 2136 1090 stabiliatur
2175 1053 2189 1089 :
2226 1044 2482 1104 tanquam
2518 1035 2562 1089 si
2600 1036 2836 1090 humana
2871 1039 2977 1090 vita
3011 1047 3174 1105 atque
3223 1037 3408 1090 obitus

1828 1125 2061 1181 consilio
2090 1134 2144 1181 et
2180 1137 2389 1180 natura:
2416 1134 2473 1180 et
2506 1125 2739 1179 fortuna:
2770 1126 2938 1181 semel
2964 1126 3411 1195 derelinqueret»-

1831 1227 1937 1286 tur,
1976 1217 2057 1272 vel
2117 1218 2219 1273 soli
2268 1218 2543 1272 communi
2587 1225 2642 1271 et
2688 1225 3008 1286 opportunae
3055 1217 3413 1287 providentiae

1829 1324 1953 1379 qum
1986 1309 2243 1363 omnibus
2276 1307 2586 1362 viventibus
2638 1307 2913 1371 consulit;
2951 1308 3024 1361 ita
3064 1315 3411 1363 evanesceret

1830 1401 2090 1471 propositi
2143 1400 2266 1456 finis
2316 1399 2628 1455 hominibus
2655 1399 2947 1454 assecutio.
2976 1398 3077 1464 Qui
3110 1414 3232 1453 cum
3264 1413 3416 1468 pror-

1832 1507 1928 1548 sus
1951 1500 2203 1547 naturatn
2232 1500 2474 1559 superet,
2491 1489 2674 1544 nullus
2696 1489 2762 1543 ad
2788 1488 2965 1557 ipsum
2991 1498 3169 1555 potest
3195 1487 3413 1553 adduci,

1832 1585 1940 1640 nisi
1982 1587 2030 1640 is
2056 1586 2148 1653 qui
2176 1583 2366 1638 statuit
2398 1592 2451 1637 et
2481 1581 2692 1648 deﬁnit,
2727 1584 2793 1635 ad
2833 1595 2957 1636 eum
2988 1582 3245 1644 adducat,
3278 1580 3418 1633 mul-

1835 1686 1917 1732 tas
1956 1677 2047 1732 hic
2077 1675 2338 1731 solvendo
2386 1674 2756 1739 difﬁcultates,
2787 1682 2842 1728 et
2890 1681 2971 1727 tot
3004 1683 3222 1740 tamque
3257 1671 3420 1725 variis

1834 1772 1937 1826 viis
1971 1781 2026 1825 et
2070 1770 2376 1825 rationibus
2404 1751 2527 1837 quae
2573 1768 2731 1822 dictae
2761 1774 2908 1827 sunt.
2942 1767 3010 1819 At
3055 1764 3255 1818 frustra
3287 1778 3421 1817 sane

1834 1863 2012 1918 Moses
2037 1871 2091 1917 et
2116 1878 2212 1931 per
2234 1877 2359 1917 eum
2412 1860 2630 1916 condita
2670 1860 2756 1914 lex
2807 1857 3129 1913 instituendi
3165 1857 3270 1911 vim
3326 1857 3420 1910 ha-

1834 1954 1996 2019 bens,
2022 1955 2136 2007 "ad
2175 1954 2482 2024 graviorem
2518 1961 2571 2005 et
2597 1950 2973 2019 perfectioretn
3011 1950 3181 2015 legent
3213 1946 3422 2003 consti-

1839 2054 1954 2100 tuta
1987 2062 2000 2098 :
2037 2046 2312 2101 incassum
2359 2046 2521 2098 ctiam
2571 2045 2753 2099 omnis
2792 2045 2857 2096 de
2912 2044 3087 2097 salute
3137 2042 3422 2096 hominum

1839 2153 1969 2195 cura
2001 2146 2053 2194 et
2086 2136 2416 2202 so‘licitudo,
2444 2146 2502 2191 ut
2532 2135 2692 2191 simul
2720 2135 2902 2189 omnia
2933 2134 3164 2189 dicenda
3188 2133 3425 2201 comple-

1840 2244 1956 2286 ctar
1991 2251 2003 2286 :
2043 2230 2309 2285 nec’enim
2342 2229 2616 2299 sigillatitn
2651 2244 2879 2298 quaeque
2899 2227 3244 2281 enuntianda
3274 2235 3423 2281 sunt.

1839 2322 2040 2391 Utique
2078 2322 2278 2376 divinae
2319 2321 2786 2389 prtetlestinationi
2822 2320 2975 2374 locus
3009 2334 3118 2372 non
3146 2314 3428 2385 relinque-

1838 2429 1945 2483 tur,
1967 2432 2089 2471 cum
2120 2430 2218 2470 nec
2242 2416 2474 2470 exsistat
2507 2414 2599 2481 qui
2639 2414 2886 2467 homines
2913 2413 3198 2467 commode
3230 2428 3429 2482 oppor—

1837 2518 2073 2577 tuneque
2102 2507 2388 2561 admoveat
2415 2506 2652 2559 termino
2677 2512 2729 2558 et
2760 2514 2936 2568 metre,
2964 2520 3136 2574 neque
3172 2520 3300 2559 vero
3333 2505 3426 2572 qui

1840 2602 1946 2657 sibi
1998 2600 2213 2654 eminus
2248 2598 2567 2668 priusquam
2616 2597 2727 2651 nati
2763 2597 2871 2652 sint
2916 2598 3225 2651 adduxerit.
3263 2597 3432 2653 POrro

1841 2692 2023 2747 divina
2051 2690 2212 2744 simul
2243 2689 2463 2744 tolletur
2490 2689 2859 2759 providentia,
2904 2704 3011 2743 nou
3063 2690 3429 2743 humanarum

1843 2784 2005 2839 modo
2046 2798 2253 2846 rerum,
2283 2783 2375 2837 sed
2405 2791 2455 2835 et
2489 2782 2736 2857 omnium
2771 2783 3186 2850 propemodum.
3219 2784 3429 2838 Etenim

1843 2861 2272 2928 diversissimam
2304 2887 2367 2926 ac
2420 2872 2906 2941 prudentiSsitnam
2945 2872 3307 2927 humanarum
3348 2891 3432 2928 re-

1845 2979 1965 3019 rum
1993 2963 2545 3025 administrationem.
2595 2962 2727 3018 fides
2766 2972 2948 3018 nostra
2981 2966 3138 3017 finem
3175 2965 3433 3019 fructum-

1844 3073 1950 3129 que
1989 3056 2117 3111 facit
2165 3054 2517 3125 simplicioris
2567 3056 2947 3112 universorum
3001 3058 3438 3126 gubernationis.

1845 3149 2295 3220 Quandoquidem
2334 3148 2476 3203 Deus
2502 3148 2686 3203 omnia
2718 3150 2922 3205 homini
2952 3151 3264 3207 subdidisse
3303 3136 3436 3208 dici-

1848 3253 1955 3308 tur,
1982 3250 2037 3297 et
2063 3241 2220 3312 quasi
2251 3240 2483 3309 pedibus
2520 3242 2915 3308 substravisse,
2947 3252 3006 3297 ut
3033 3244 3079 3297 ei
3113 3244 3203 3313 qui
3243 3258 3440 3313 propo-

1847 3333 1988 3388 situs
2016 3342 2099 3388 est
2137 3333 2404 3404 operibus
2442 3348 2706 3387 manuum
2744 3349 2991 3397 suarum,
3024 3353 3042 3385 ‹
3073 3344 3125 3388 et
3159 3336 3440 3404 paululum

1847 3425 2009 3479 distat
2061 3424 2134 3478 ab
2178 3424 2406 3494 angelis,
2449 3443 2469 3476 ι
2506 3433 2558 3480 et
2613 3426 2887 3481 utentibus
2923 3426 3239 3482 coelestibus
3274 3442 3441 3497 prope

184 3525 353 3580 νησις,
403 3509 472 3562 τὰ
530 3509 649 3562 θεῖά
693 3525 826 3579 φασι
884 3509 1072 3577 Γόγια,
1103 3509 1177 3573 ὡς
1231 3511 1415 3582 ἐκείνῃ
1465 3510 1743 3582 προῦργου

1849 3528 2189 3587 exaequatum
2225 3516 2431 3571 Idcirco
2460 3532 2581 3572 cum
2615 3517 2856 3572 hominis
2888 3519 3175 3587 progenies
3205 3519 3439 3587 desinet,

182 3600 489 3670 τεταγμένη
543 3597 805 3653 δουλεύιν.
867 3600 1033 3654 Ἀλλὰ
1072 3602 1140 3654 τὰ
1195 3600 1296 3670 μὲν
1357 3602 1494 3658 ἄλλα
1541 3604 1739 3673 ἐῶμεν.

184 3695 311 3765 Περὶ
341 3696 397 3749 δὲ
426 3695 534 3749 τῶν
578 3694 881 3766 ἀνθρώπων
918 3697 999 3759 τίς
1047 3697 1200 3751 ἔσται
1229 3697 1418 3751 λοιπὸν
1447 3701 1493 3769 li)
1522 3698 1616 3753 τοῦ
1650 3698 1744 3752 οὐ·

182 3788 363 3857 ρανίου
400 3787 617 3856 Πατρὸς
650 3788 877 3857 πρόνοια
906 3806 923 3856 ;
952 3790 1000 3842 εί
1028 3789 1182 3854 τέλος
1210 3792 1310 3859 μὲν
1347 3790 1529 3845 αὐτῶν
1564 3792 1626 3844 τὸ
1654 3809 1747 3845 τυ-

179 3882 287 3950 χεῖν
312 3880 411 3950 τῆς
452 3881 727 3951 μακαρίας
758 3880 924 3951 ζωῆς,
950 3882 1069 3946 ὁδὸς
1100 3882 1156 3935 δὲ
1188 3884 1220 3953 ἡ
1251 3884 1485 3955 ἐνταῦθα
1512 3886 1647 3954 ζωὴ,
1678 3885 1750 3955 ἢν

178 3972 351 4037 καλῶς
396 3972 681 4035 ὁδεύοντες
730 3972 1079 4043 ἐφικνοῦνται
1112 3974 1207 4031 τοῦ
1251 3976 1462 4040 τέλους.
1508 3976 1646 4031 Οὔτε
1690 3977 1747 4031 δὲ

178 4065 349 4129 ισιλῶς
364 4065 603 4130 ὁδεύειν,
625 4064 747 4119 οὔτε
768 4066 862 4118 τοῦ
881 4066 1070 4131 τέλους
1083 4069 1371 4138 τυγχάνειν
1392 4068 1604 4139 ἔχουσιν
1620 4069 1750 4122 ἄνευ

176 4155 328 4212 Θεοῦ.
372 4156 438 4210 Ὀ
462 4156 519 4208 δὲ
539 4155 639 4226 τῆς
672 4156 981 4225 ὁδοιπορίας
1001 4156 1200 4223 αὐτῶν,
1233 4158 1502 4225 τουτέστι,
1535 4159 1636 4229 τῆς
1661 4160 1753 4212 ὲν-

179 4248 344 4304 ταῦθα
360 4248 510 4319 ζωῆς
525 4247 599 4318 μὴ
617 4248 913 4317 φροντίζει,
933 4249 1238 4319 ἀρχομένης
1253 4266 1312 4301 τε
1327 4252 1421 4302 καὶ
1436 4250 1754 4320 προϐαινού-

183 4356 277 4412 σης
300 4344 395 4398 καὶ⁵
434 4340 840 4410 τελειουμένης,
878 4342 1026 4405 ὅπως
1065 4341 1133 4396 ἂν
1177 4342 1246 4397 δι’
1275 4343 1450 4413 αὐτῆς
1483 4341 1754 4396 εὐοδοῖντο

184 4432 313 4504 πρὸς
336 4434 396 4487 τδ
413 4433 567 4497 τέλος
584 4431 765 4498 καλῶς
783 4433 1212 4511 ὑπερπηδῶντες
1232 4434 1413 4489 πᾶσαν
1432 4435 1757 4508 δυσχέρειαν

183 4525 240 4592 ἐξ
261 4527 508 4598 ἀπείρων
534 4525 880 4580 συναντῶσαν
904 4524 1013 4578 τῶν
1033 4525 1274 4596 τρόπων,
1306 4526 1442 4597 μηδὲ
1474 4530 1758 4599 πατρικῶς

184 4617 491 4688 οίκονομοίη
519 4618 587 4672 τὰ
630 4618 816 4685 τέκνα,
851 4617 964 4670 ἀλλ’
991 4618 1101 4689 ἐῴη
1149 4619 1310 4689 μόνον
1350 4619 1491 4673 αὐτὰ
1540 4620 1758 4690 φύσεώς

182 4721 239 4760 τι
269 4708 526 4779 ἀσθενείᾳ
572 4709 666 4761 καὶ
715 4707 1093 4778 προαιρέσεως
1139 4709 1400 4781 ἁστασίᾳ,
1453 4714 1550 4764 καὶ
1584 4711 1758 4783 τύχης

186 4800 371 4873 ἀλογίᾳ
414 4799 702 4871 φέρεσθαι,
733 4799 801 4853 δι’
836 4792 911 4854 ὧν
957 4800 1221 4854 ἀδύνατόν
1273 4804 1421 4855 ἐστιν
1450 4802 1545 4856 τοῦ
1585 4802 1757 4874 ὑπερ-

1850 3625 1959 3664 uua
2009 3610 2173 3664 etiam
2226 3610 2536 3665 caelestium
2588 3610 2803 3666 orbium
2856 3613 3022 3666 motio
3068 3613 3354 3680 consistet,
3386 3623 3443 3670 ut

1846 3702 2028 3757 divina
2056 3703 2212 3757 aiunt
2256 3705 2500 3769 oracula,
2556 3713 2817 3775 tanquam
2853 3704 2922 3759 ad
2973 3704 3121 3761 hunc
3170 3707 3328 3762 linem
3385 3716 3444 3763 ut

1848 3797 2048 3851 serviat
2100 3797 2176 3851 illi
2234 3800 2550 3854 constituta.
2597 3798 2809 3854 Verum
2836 3799 2950 3854 haec
3005 3808 3060 3853 et
3116 3801 3221 3854 alia
3275 3802 3444 3856 missa

1852 3887 2141 3944 faciamus.
2212 3888 2317 3953 Pro
2375 3889 2690 3945 hominibus
2761 3898 2944 3945 autem
3026 3906 3278 3961 quaenam
3339 3892 3446 3945 erit

1853 3979 2111 4048 delnceps
2153 3978 2331 4034 Patris
2390 3979 2610 4034 aetherei
2653 3964 3031 4049 providentia?
3076 3980 3343 4049 siquidem
3379 3980 3446 4033 ﬁ-

1858 4069 1946 4124 nis
1990 4070 2383 4138 praemiumque
2416 4072 2662 4140 ipsorum
2698 4080 2784 4126 est
2828 4070 2995 4124 vitam
3035 4071 3251 4126 beatam
3291 4087 3444 4129 asse-

1853 4162 1970 4234 qui.
2013 4161 2132 4218 Vita
2179 4177 2308 4217 vero
2358 4177 2481 4231 quae
2508 4162 2596 4217 hic
2625 4162 2865 4232 degitur,
2897 4163 2983 4217 via
3017 4148 3123 4226 est,
3155 4178 3319 4232 quam
3354 4167 3445 4235 qui

1856 4251 2085 4321 pulchre
2143 4242 2479 4315 conficiunt,
2533 4249 2599 4305 ad
2668 4260 2869 4305 metam
2939 4252 3282 4322 perveniunt.
3340 4254 3447 4311 Sed

1857 4358 2035 4414 neque
2066 4345 2160 4400 ulli
2210 4343 2435 4414 pulchre
2475 4346 2578 4399 iter
2627 4344 2757 4399 illud
2790 4344 3031 4412 ingredi,
3067 4361 3243 4417 neque.
3286 4349 3447 4405 tinem

1859 4437 2112 4494 obtinere
2148 4452 2389 4509 unquam
2435 4437 2642 4509 absque
2695 4436 2804 4494 Deo
2837 4447 3085 4509 possunt.
3131 4438 3230 4497 Hic
3261 4452 3447 4497 autem

1859 4531 1963 4587 viae
2033 4531 2104 4587 ab
2165 4530 2275 4587 illis
2336 4542 2567 4602 ereptae,
2626 4530 2973 4602 procedentis
3041 4542 3094 4589 et
3152 4536 3426 4605 perfectae,

1874 4625 1976 4677 hoc
2041 4630 2123 4677 est
2186 4624 2312 4678 vitae
2354 4638 2516 4694 qttam
2570 4624 2660 4680 hic
2714 4624 2959 4696 exigunt,
3019 4640 3203 4680 curant
3277 4630 3451 4682 ratiu-

1862 4729 2098 4785 nemque
2166 4714 2395 4771 haberet
2449 4715 2697 4783 nullam,
2730 4725 2811 4790 ‘ut
2870 4733 2965 4788 per
3008 4733 3128 4773 eam
3188 4733 3450 4789 prospere

1864 4808 2185 4863 accederent
2208 4808 2275 4862 ad
2304 4807 2556 4862 ultimum
2586 4809 2812 4870 bonum,
2838 4824 3054 4864 omnem
3076 4807 3449 4865 difﬁcultatem

188 4889 348 4954 φυοῦς
378 4889 592 4943 ἐκείνου
621 4888 805 4951 τέλους
826 4892 1032 4960 τυχεῖν,
1067 4890 1162 4941 καὶ
1182 4889 1436 4942 τοσοῦτον
1468 4892 1744 4959 προνοοίτι

1861 4916 1925 4955 ex
1953 4901 2253 4955 innumeris
2280 4900 2457 4955 modis
2488 4908 2865 4955 occurrentem
2899 4902 3056 4958 facile
3110 4903 3450 4976 pulchreque

189 4978 290 5032 τῶν
323 4982 555 5043 τέκνων,
605 4980 729 5033 ὅσον
761 4980 856 5034 καὶ
908 4981 1015 5033 τῶν
1061 4980 1222 5049 βοῶν,
1258 4982 1359 5035 οὐκ
1408 4980 1757 5036 είδικώτατόν

192 5090 305 5126 τινα
342 5074 567 5139 τρόπον.
615 5072 755 5124 Ἀλλ’
784 5074 813 5125 6
855 5071 1126 5142 μακάριος
1176 5072 1385 5138 Παῦλος
1425 5075 1483 5126 ὲν
1516 5076 1582 5144 τῇ
1620 5074 1758 5145 πρὸς

196 5168 506 5237 Κορινθίους
539 5168 599 5221 οὑ
636 5165 823 5236 μέλειν
853 5166 930 5235 τῷ
963 5165 1081 5235 Θεῷ
1110 5181 1242 5234 φησι
1288 5168 1415 5235 περὶ
1440 5169 1549 5221 τῶν
1581 5167 1717 5237 βοῶν
1743 5181 1755 5194 ·

191 5262 282 5330 οὐχ
331 5259 404 5323 ὡς
455 5259 580 5329 μηδ’
634 5258 770 5321 ὅλως
826 5258 989 5329 μέλον
1020 5257 1169 5327 αὐτῷ
1220 5257 1358 5327 βοῶν
1407 5275 1463 5311 τε
1515 5260 1610 5312 καὶ
1651 5259 1761 5313 τῶν

190 5354 408 5423 ὁμοίων,
458 5352 573 5407 ἁλλ’
604 5352 679 5413 ὡς
709 5351 810 5421 τῆς
855 5351 984 5421 περὶ
1025 5354 1234 5405 τούτων
1282 5354 1541 5423 προνοίας
1592 5355 1760 5423 μηδε-

198 5450 319 5517 μίαν
355 5448 538 5519 σχεδὸν
576 5448 713 5516 πρὸς
742 5447 841 5517 τὴν
870 5462 935 5498 πε
947 5444 1000 5515 pl
1026 5444 1134 5497 τῶν
1165 5443 1472 5512 ἀνθρώπων
1497 5445 1760 5514 πρόνοιαν

193 5540 413 5612 ἐχούσης
445 5539 768 5612 παράθεσιν.
810 5538 897 5601 Ὠς
928 5536 1134 5605 ταύτην
1171 5536 1333 5606 μόνον
1373 5536 1635 5591 δύνασθαι
1663 5537 1759 5591 καὶ

196 5635 387 5703 χρῆναι
412 5632 694 5689 καλεῖσθαι
726 5632 982 5703 πρόνοιαν
1011 5629 1227 5700 ἀληθῶς
1254 5632 1346 5684 καὶ
1373 5632 1632 5701 φροντίδα
1664 5629 1759 5683 τοῦ

195 5728 332 5781 θείου
381 5729 577 5792 παντὸς
617 5727 805 5780 ἕνεκεν
838 5726 1045 5779 δικαίου
1085 5726 1177 5777 καὶ
1225 5725 1406 5792 λόγου.
1450 5725 1670 5779 Τοίτων
1702 5726 1760 5777 δὲ

194 5821 621 5893 ἀναιρουμένων,
654 5820 727 5883 ὡς
779 5819 1013 5891 εἴρηται,
1051 5819 1170 5889 εἰκῆ
1208 5823 1305 5889 μὲν
1349 5817 1469 5873 ’1ὼό
1520 5819 1760 5873 ἐπαινεῖ-

1863 5000 2188 5061 superantes
2217 5007 2231 5045 :
2264 5006 2441 5060 neque
2472 4990 2670 5046 liberos
2704 4991 2901 5049 affectu
2936 5005 3163 5061 paterno
3198 4998 3451 5054 modera-

1868 5094 2038 5150 retur,
2073 5084 2169 5139 sed
2199 5097 2296 5162 eos
2324 5090 2532 5136 tantum
2564 5093 2619 5139 et
2647 5084 3004 5143 imbecillitati
3039 5100 3247 5145 naturae
3276 5100 3327 5146 et
3358 5108 3451 5148 vo-

1866 5174 2091 5231 luntatis
2120 5175 2497 5231 inconstantiae
2533 5186 2895 5246 permitteret,
2929 5196 2993 5235 ac
3020 5182 3253 5238 fortuna:
3279 5192 3452 5238 teme-

1868 5268 2012 5323 ritati
2056 5269 2139 5339 agi
2197 5267 2324 5330 ferri
2359 5269 2567 5326 sineret
2605 5288 2619 5325 :
2654 5273 2854 5342 quibus
2896 5283 3044 5329 certe
3076 5277 3253 5331 modis
3298 5275 3452 5330 nefas

1867 5372 1951 5418 est
1981 5363 2142 5417 tinem
2182 5360 2333 5416 illum
2364 5362 2456 5430 qui
2500 5374 2752 5419 naturam
2797 5365 3012 5421 excedit
3041 5368 3327 5437 consequi,
3360 5382 3451 5421 eo-

1868 5452 2100 5520 demque
2142 5461 2300 5520 pacto
2333 5453 2665 5522 prospiceret
2712 5454 2924 5520 liberis,
2960 5471 3071 5525 quo
3102 5455 3276 5510 bobus
3315 5472 3450 5511 con-

1868 5543 2015 5606 Sulit,
2055 5558 2161 5596 non
2185 5544 2445 5613 peculiari
2479 5549 2717 5602 maxime
2743 5549 2916 5602 cura?
2940 5546 3289 5603 Verutucuim
3321 5564 3450 5602 vero

1870 5635 2057 5689 beatus
2094 5635 2317 5701 Paulus,
2347 5640 2398 5692 in
2427 5636 2665 5709 Epistola
2696 5641 2760 5694 ad
2786 5640 3119 5708 Corinthios,
3142 5640 3253 5696 Deo
3284 5640 3452 5697 haud.

1872 5744 2147 5799 quaquam
2174 5746 2319 5785 curae
2346 5730 2513 5786 boves
2536 5746 2655 5787 esse
2680 5730 2943 5788 allirtnat:
2966 5749 3073 5788 non
3100 5732 3246 5802 quod
3287 5731 3451 5788 boum

1870 5837 1934 5880 ac
1966 5822 2225 5880 similium
2261 5838 2445 5881 curant
2473 5838 2699 5895 prorsus
2738 5823 3018 5897 abiecerit,
3052 5828 3143 5887 sed
3167 5825 3295 5900 quia
3326 5842 3450 5898 pro—
