3932 6458
481 299 582 368 551
1533 294 1916 358 GENNADII
1944 298 2057 359 ΟΡ.

2197 295 2609 361 TRIARCH/E
3622 297 3714 361 δῖε

480 411 742 480 videntia,
778 425 885 482 qua
919 408 1245 482 prospicitur
1293 409 1422 475 illis,
1449 409 1653 466 nullam
1686 411 1802 468 fere
1831 427 2050 484 compa—
2077 433 2091 473 Α

2197 417 2456 485 ιιλέγων,
2491 433 2509 466 «
2531 414 2594 468 '0
2620 415 2824 484 Κύριος
2843 412 3061 476 ἔδωκεν,
3089 413 3118 466 δ
3136 411 3342 482 Κύριος
3364 411 3624 482 ἀφείλετο,
3645 419 3710 483 ὥς

481 505 753 560 rationem
802 501 1002 555 habeat
1085 515 1210 554 cum
1267 491 1606 571 providentia
1655 517 1761 570 qua
1823 505 2062 558 consulit

2197 509 2243 580 ᾦ
2275 511 2357 562 Κυ
2369 508 2468 580 ρίῳ
2519 507 2719 574 ἔδοξεν,
2749 505 2891 560 οὕτω
2920 506 3015 559 καὶ
3062 505 3308 573 ἐγένετο·
3349 523 3367 556 ι
3395 506 3516 575 εἰκῆ
3558 509 3712 566 δὲκαὶ

483 592 799 649 hominibus
827 605 842 643 :
874 600 934 646 ut
967 590 1105 646 hanc
1140 600 1348 648 tantum
1381 590 1464 648 fas
1497 607 1560 646 ac
1593 607 1816 650 necesse
1838 594 1910 649 sit
1939 611 2063 651 vere

2197 601 2336 655 ιαδὶδ
2360 603 2502 655 πάνυ
2531 601 2761 670 τιμᾶται
2792 597 2920 652 καθ’
2946 597 3162 668 ἡμέραν
3193 599 3256 648 ὲν
3286 597 3615 666 ἐκκλησίαις,
3638 603 3711 656 διὰ

484 683 881 756 providentiam
916 689 972 738 ct
1004 697 1192 736 curam
1221 683 1457 752 divinam
1494 684 1706 754 optimo
1735 686 1858 753 jure
1883 684 2066 754 appel-

2197 691 2391 744 ιάντων
2413 687 2581 742 αὑτοῦ
2606 689 2712 741 τῶν
2732 687 2962 756 ψαλμῶν
2987 687 3170 758 σχεδὸν
3195 686 3292 738 τδν
3314 685 3456 740 θεῖον
3483 687 3575 740 ἀνυ
3584 691 3712 759 μνῶν

485 776 608 830 lari.
645 773 741 829 liis
769 782 950 828 autem
985 772 1233 837 sublatis,
1260 780 1320 826 ut
1346 772 1544 827 dictum
1591 783 1692 836 est,
1725 782 1930 828 temere
1963 773 2066 830 Job

2197 783 2259 834 Lai.
2313 783 2596 852 κηρύττων
2653 781 3012 850 προορισιδν,
3065 779 3168 834 οὐκ
3231 782 3322 848 ἐφ’
3377 781 3582 852 ἑκάστῳ
3631 787 3712 853 μό-

488 868 820 927 laudaretur,
843 865 970 920 dum
997 865 1094 928 ait,
1125 882 1146 917 «
1179 864 1440 919 Dominus
1465 864 1634 933 dedit,
1657 865 1919 922 Dominus
1945 867 2068 922 abs-

2197 889 2257 927 ον
2273 872 2544 945 ἀνθρώπῳ
2563 872 2765 940 λέγων’
2810 873 2967 934 «Τοῖς
2985 871 3237 940 ἀγγέλοις
3260 871 3428 952 αὑτοῦ
3452 873 3714 930 ἐντελεῖται

493 961 617 1016 tulit
657 977 672 1015 :
700 968 758 1014 ut
793 959 1022 1014 Domino
1053 960 1226 1013 visum
1257 965 1361 1021 est,
1396 958 1470 1014 ita
1497 959 1694 1015 factum
1727 970 1830 1018 est.
1874 979 1894 1014 ι
1925 960 2066 1016 Ετυο

2197 967 2299 1036 περὶ
2332 967 2425 1020 σοῦ
2466 984 2484 1019 ι
2521 967 2616 1019 καὶ
2649 967 2716 1019 τὰ
2747 964 2895 1034 ἑξῆς,
2931 964 3067 1019 ἀλλὰ
3093 963 3186 1017 καὶ
3217 962 3432 1018 ἔθνεσιν
3459 965 3610 1034 ὂλοις,
3637 975 3714 1024 καὶ

490 1066 603 1110 atra
647 1053 812 1108 etiam
862 1051 1030 1107 David
1085 1052 1341 1107 laudibus
1370 1052 1722 1108 exlolleretur
1745 1053 1986 1124 quotidie
2015 1055 2069 1108 in

2197 1057 2505 1120 ιυνοικίαις,
2543 1057 2642 1110 καὶ
2690 1056 2932 1120 πόλεσιν,
2982 1053 3181 1126 Ἦσαῖᾳ
3212 1055 3518 1126 συμφώνως
3547 1059 3630 1112 καὶ
3650 1061 3714 1129 τῷ

491 1145 757 1209 ecclesiis,
779 1145 872 1215 qui
901 1143 956 1199 in
989 1146 1244 1200 omnibus
1265 1147 1432 1200 ferme
1459 1145 1678 1214 psalmis
1703 1147 1818 1202 suis
1833 1146 2070 1201 divinam

2197 1147 2384 1217 Ἀμώς·
2403 1147 2479 1216 τῷ
2499 1147 2596 1216 μὲν
2612 1147 2846 1214 λέγοντι,
2860 1167 2877 1199 «
2897 1148 2960 1200 '0
2980 1148 3149 1200 ποιῶν
3165 1148 3418 1219 εἰρήνην,
3435 1150 3523 1202 καὶ
3543 1151 3715 1216 κτίζων

493 1239 733 1296 celebrat
781 1248 836 1298 ct
874 1237 1133 1307 praedicat
1201 1235 1751 1308 praedestinationem,
1781 1253 1904 1294 cum
1963 1255 2072 1296 non

2197 1239 2382 1292 ιακάοε
2417 1238 2494 1306 τῷ
2523 1239 2598 1303 δι,
2649 1239 2794 1291 «Οἰκ
2817 1239 2934 1291 ἔστι
2961 1238 3131 1291 κακία
3163 1240 3222 1290 ὲν
3252 1240 3423 1297 πόλει,
3451 1240 3516 1310 ἢν
3545 1241 3713 1311 Κύριος

497 1332 792 1402 unicuique
825 1340 1036 1387 tantum
1069 1331 1278 1386 homini
1307 1333 1460 1399 dicit,
1492 1351 1512 1384 «
1539 1331 1762 1400 Angelis
1784 1333 1899 1389 suis
1925 1347 2079 1387 man-

2197 1329 2274 1382 ιῦκ
2290 1331 2534 1401 ἐποίησε.
2551 1349 2572 1382 ι
2613 1331 2722 1384 Καὶ
2755 1329 2906 1392 αὖθις
2924 1329 3163 1400 αὐτῷτῷ
3189 1329 3412 1400 Ἡσαΐᾳ,
3447 1332 3638 1386 «Πάντα
3661 1337 3713 1388 τὰ

495 1425 644 1481 (lavit
675 1426 741 1479 de
771 1434 846 1490 te,
865 1442 886 1476 ι
921 1431 977 1479 et.
1003 1441 1124 1492 quae
1150 1423 1408 1494 deinceps
1434 1439 1448 1477 :
1486 1439 1672 1479 verum
1703 1424 1868 1480 etiam
1896 1424 2078 1479 natio-

2197 1421 2422 1492 ᾕμέτερα
2451 1422 2588 1491 ἔργα
2609 1422 2871 1492 εἰργάσω,
2899 1423 3092 1492 Κύριε,
3115 1423 3174 1476 ιν
3208 1423 3400 1492 ἡμῖν.)
3437 1423 3565 1493 Είκῆ
3595 1426 3643 1478 δὲ
3669 1427 3713 1480 αἰ

497 1518 662 1576 nibus
695 1517 820 1571 totis
849 1514 1181 1586 familiisqu'e
1227 1526 1281 1572 et
1335 1516 1585 1572 urbibus.
1615 1516 1749 1581 Quae
1780 1517 2080 1572 concinunt

2197 1513 2288 1567 τῶν
2317 1514 2626 1583 ἀγγελικῶν
2653 1513 2950 1586 ταγμάτων
2995 1515 3341 1578 επιστασίαι,
3373 1512 3444 1568 δι’
3475 1508 3546 1570 ὧν
3572 1517 3713 1572 ταῦτα

500 1608 655 1664 Isaia:
680 1617 735 1662 et
756 1608 922 1662 Amos
951 1585 1220 1664 vaticiniis
1251 1620 1266 1661 :
1303 1607 1359 1662 in
1385 1607 1585 1678 quibus
1613 1608 1703 1662 ille
1739 1607 1960 1676 quidem
1996 1607 2080 1662 di.

2197 1604 2644 1676 ἰπηρετουμινων
2669 1607 2790 1668 ταῖς
2823 1585 3002 1668 θείαις
3045 1604 3251 1674 ψήφοις
3274 1605 3516 1662 ἀνύεται.
3542 1609 3635 1661 Τοῦ
3669 1610 3714 1663 δὲ

500 1701 596 1768 cit,
621 1699 750 1766 tQui
778 1714 965 1768 pacem
987 1698 1183 1754 facitet
1205 1708 1354 1755 creat
1377 1700 1515 1754 mala
1537 1716 1552 1765 ;
1577 1717 1594 1751 ι
1629 1701 1717 1755 hic
1737 1715 1887 1767 vero,
1919 1717 1939 1752 «
1961 1698 2078 1754 Νοιι

2197 1697 2388 1766 Κυρίου
2435 1697 2597 1768 ἡμῶν
2634 1697 2812 1766 Ἰησοῦ
2837 1696 3106 1765 λέγοντος,
3137 1699 3221 1751 ὅτι
3254 1716 3274 1750 «
3296 1697 3450 1752 ’Δνευ
3481 1699 3568 1754 τοῦ
3595 1699 3712 1755 θείου

501 1800 584 1846 est
622 1791 824 1846 malum
855 1791 908 1846 in
939 1792 1368 1862 civitate,.quod
1407 1791 1551 1848 Deus
1584 1809 1690 1850 non
1727 1793 1970 1849 fecerit.»
2005 1794 2081 1848 Ac

2197 1787 2491 1862 ἰελήματος
2515 1787 2640 1840 οὐδὲ
2683 1785 2805 1868 θρὶξ
2839 1788 2903 1839 ὲκ
2927 1789 3023 1855 τῆς
3054 1787 3213 1856 ἡμῶν
3260 1787 3551 1842 ἀπόλλυται
3577 1805 3714 1858 asp:-

503 1899 695 1938 rursus
729 1884 872 1954 apud
928 1883 1124 1940 Isaiam
1162 1885 1443 1952 scribitur,
1477 1903 1497 1937 «
1530 1883 1722 1941 Omnia
1759 1901 1938 1956 opera
1979 1901 2082 1940 no-

503 1989 616 2044 stra
649 1983 907 2044 operatus
933 1990 1013 2040 es,
1047 1975 1291 2043 Domine,
1325 1976 1499 2031 nobis.
1541 1995 1560 2030 ι
1596 1977 1836 2033 lnaniter
1869 1991 2086 2048 quoque

503 2069 873 2138 angelicorum
924 2069 1178 2122 ordinum
1213 2070 1550 2137 praefectum
1593 2077 1814 2132 essent,
1848 2083 2081 2138 quorum

505 2161 804 2216 ministerio
855 2161 1058 2216 divinis
1104 2162 1219 2216 haec
1273 2160 1550 2231 sulfragiis
1613 2172 1965 2232 peraguntur.
2021 2162 2086 2216 Et

501 2247 630 2306 Jesu
667 2249 892 2306 Domino
917 2261 1109 2306 nostro
1139 2253 1394 2320 dicente,
1431 2271 1450 2304 «
1489 2253 1619 2310 Sine
1662 2253 1754 2308 Dei
1811 2255 2088 2310 voluntate

505 2356 572 2396 ne
601 2340 828 2411 capillus
856 2341 1076 2411 quidem
1123 2357 1154 2397 e
1187 2343 1362 2412 capite
1391 2353 1573 2398 vestro
1601 2346 1764 2412 perit,
1810 2364 1830 2398 ο
1885 2353 1939 2401 et
1970 2361 2089 2414 quae

504 2439 844 2496 sequuntur;
893 2444 955 2485 ac
1003 2431 1070 2484 dc
1112 2444 1171 2485 se
1223 2432 1342 2501 ipso
1387 2433 1580 2488 iterum
1633 2434 1904 2504 loquente,
1939 2457 1958 2489 «
2006 2438 2085 2492 Ita

505 2521 766 2590 scriptum
797 2531 919 2588 est,
947 2532 1000 2578 et
1026 2523 1104 2579 sic
1140 2524 1380 2592 oportuit
1408 2524 1682 2580 Christum
1727 2531 1833 2596 pati
1857 2568 1872 2593 ,
1913 2538 2014 2584 etc.
2064 2547 2082 2580 ι

504 2601 747 2681 Itemque
773 2615 895 2680 hoc,
927 2632 946 2668 t
984 2613 1089 2670 Sed
1114 2631 1218 2670 nou
1246 2625 1302 2670 ut
1331 2631 1431 2686 ego
1466 2617 1620 2680 volo;
1653 2633 1837 2672 verum
1876 2631 1931 2674 ut
1959 2631 2034 2675 tu.
2066 2640 2082 2671 ι

507 2707 573 2761 Et
606 2707 772 2772 istud,
795 2727 814 2760 «
847 2709 976 2764 Siue
1001 2725 1086 2764 me
1113 2723 1217 2764 non
1251 2710 1477 2780 potestis
1511 2709 1692 2767 facere
1714 2713 2029 2782 quidquam,
2065 2734 2082 2767 ι

505 2811 560 2856 et
589 2803 757 2856 multa
801 2801 1070 2870 ejusmodi
1109 2817 1227 2872 qua:
1268 2803 1506 2858 divinam
1558 2803 1774 2860 firmant
1813 2808 2089 2874 praedesti-

507 2891 780 2946 nationem
812 2892 878 2946 de
907 2893 1174 2962 cujusque
1204 2893 1308 2947 vita
1364 2903 1418 2949 et
1451 2909 1586 2948 nece
1610 2909 1625 2948 :
1649 2896 2086 2966 quandoquidem

507 2982 672 3035 etiam
710 2982 845 3054 ipse,
873 2991 932 3037 ut
955 2985 1024 3038 de
1062 2983 1303 3048 homine,
1339 2984 1409 3039 de
1437 3001 1498 3040 se
1528 2986 1641 3040 haec
1673 2986 2012 3054 disserebat,
2035 2999 2090 3044 ot

508 3073 665 3144 quasi
705 3074 1004 3130 secundum
1059 3075 1462 3132 humanitatem
1504 3089 1778 3148 pateretur
1815 3082 1928 3134 haec
1967 3097 2086 3134 om-

2186 1878 2340 1948 λῆς,»
2370 1878 2464 1933 καὶ¹
2487 1879 2558 1932 τὰ
2585 1878 2713 1949 ἑξῆς
2731 1894 2747 1909 ·
2777 1878 3015 1948 καὶπερὶ
3045 1877 3248 1932 ἑαυτοῦ
3281 1879 3523 1947 λέγοντος
3549 1877 3624 1947 αὖ,
3650 1884 3712 1936 ὅτι

2191 1987 2213 2026 ε
2239 1973 2394 2028 Οὕτω
2415 1973 2749 2042 γέγραπται,
2792 1973 2886 2026 καὶ
2919 1971 3090 2033 οὕτως
3122 1971 3232 2025 ἔδει
3258 1973 3450 2026 παθεῖν
3485 1975 3569 2026 τὸν
3607 1977 3714 2044 Χρι-

2190 2065 2335 2132 στὸν,
2353 2083 2372 2116 ι
2402 2065 2578 2119 καὶτὰ
2608 2063 2735 2135 ἑξῆς
2767 2080 2780 2096 ·
2814 2063 2908 2118 καὶ
2931 2063 3012 2126 τδ,
3036 2063 3214 2133 «Πλὴν
3241 2063 3339 2134 οὐχ
3365 2064 3439 2128 ὡς
3467 2063 3568 2134 ἐγὼ
3586 2065 3711 2130 Θέλω,

2193 2155 2311 2208 ἀλλ’
2334 2157 2410 2219 ὡς
2433 2155 2497 2208 σύ
2527 2171 2573 2208 ἰ
2601 2149 2696 2210 καὶ
2720 2156 2801 2221 τὸ,
2833 2156 3043 2225 «Χωρὶς
3075 2154 3214 2224 ἐμοῦ
3237 2155 3298 2206 οὐ
3332 2154 3548 2208 δύνασθε
3573 2160 3712 2210 ποιεῖν

2189 2249 2365 2312 οὐδὲν,
2398 2267 2416 2300 ι
2456 2247 2549 2301 καί⁵
2581 2246 2752 2300 πολλὰ
2783 2245 3031 2309 τοιαῦτα,
3077 2247 3168 2298 τὸν
3215 2245 3362 2299 θεῖον
3392 2245 3712 2316 ὲπικυροῦντα

2190 2339 2523 2412 προορισμδν
2534 2341 2665 2408 περ¹ἰ⁸
2680 2341 2778 2410 τῆς
2795 2339 3025 2392 ἑκαστον
3044 2336 3187 2407 ζωῆς
3207 2337 3301 2392 καὶ
3315 2336 3574 2406 τελευτῆς.
3591 2338 3712 2391 Ἐπεὶ

2191 2432 2284 2485 καὶ
2312 2432 2497 2494 αὖτ’δς,
2545 2431 2621 2494 ὡς
2660 2431 2790 2504 περὶ
2827 2429 3120 2499 ἀνθρώπου
3174 2429 3367 2483 ἑαυτοῦ
3398 2430 3547 2482 ταυτὶ
3573 2429 3711 2482 διελέ-

2191 2539 2341 2590 γετο,
2380 2525 2473 2576 καί
2505 2522 2580 2585 ὡς
2613 2523 2756 2574 κατὰ
2786 2523 2847 2574 τὸ
2883 2520 3225 2589 ἀνθρώπινον
3263 2522 3548 2591 πάσχοντος
3570 2519 3710 2572 ταῦτα

2191 2618 2368 2668 πάντα
2423 2615 2730 2676 σπουδαίως
2785 2613 2880 2666 καὶ
2928 2613 3252 2681 θεοπρεπῶς
3299 2613 3584 2685 ὡρισμένα,
3633 2609 3710 2662 ποῦ

2189 2707 2462 2774 τάξομενς
2505 2705 2640 2759 Ἀλλ’
2691 2705 2782 2757 ἐπὶ
2811 2706 2929 2767 τοὺς
2963 2703 3298 2764 ἀποστόλους
3343 2702 3626 2773 ὲρχὼμεθα.
3660 2699 3703 2752 ’0

2195 2800 2395 2868 Πέτρος
2423 2814 2484 2850 συ
2495 2797 2812 2866 μσουλεὺων
2837 2798 2970 2851 πᾶσι
2994 2800 3104 2860 τοῖς
3128 2797 3398 2864 ἀδελφοῖς,
3427 2797 3560 2856 ὅπως
3583 2811 3710 2846 σπου-

2191 2892 2392 2954 δάζωσι
2439 2891 2508 2943 δι’
2541 2891 2764 2963 ἀγαθῶν
2808 2889 2983 2961 ἔργων
3033 2890 3260 2959 βεϐαίαν
3306 2890 3402 2960 τὴν
3431 2889 3600 2956 κλῆσιν
3635 2885 3708 2938 καὶ

2192 2984 2424 3053 ἐκλογὴν
2456 2983 2747 3045 ποιεῖσθαι,
2793 2982 2860 3054 ἢν
2909 2981 3259 3053 ὲξελέγησαν·
3306 2981 3428 3050 περὶ
3465 2981 3517 3034 δὲ
3554 2974 3708 3032 ἑαυτοῦ

2191 3076 2365 3142 λέγων
2397 3075 2616 3135 εἰδέναι,
2647 3074 2720 3135 ὡς
2756 3074 2862 3144 ἄρα
2895 3075 3089 3143 ταχινή
3136 3076 3288 3128 ἐστιν
3318 3075 3348 3143 ἡ
3381 3072 3612 3132 ἀπόθεσις
3635 3067 3705 3121 τοῦ

509 3165 621 3230 nia,
657 3166 804 3220 serio
825 3176 875 3220 et
899 3176 1263 3236 congruenter
1294 3168 1404 3224 Deo
1439 3169 1682 3234 deﬁnita,
1736 3171 1958 3226 ubinam
1983 3183 2091 3228 sta-

2198 3163 2554 3233 σκηνώματος
2601 3163 2783 3227 αὑτοῦ,
2822 3164 2914 3216 καὶ
2947 3163 2976 3215 ὁ
3030 3163 3235 3232 Κύριος
3287 3163 3484 3235 Ἰησοῦς
3521 3159 3710 3231 Χριστὸς

514 3257 768 3316 luemus?
799 3257 902 3312 Sed
933 3259 999 3314 ad
1027 3260 1308 3328 apostolos
1364 3260 1715 3315 accedamus.
1755 3261 1946 3316 Petrus
1977 3278 2096 3318 om-

514 3353 672 3407 nibus
707 3349 966 3406 fratribus
1003 3351 1293 3407 consilium
1323 3353 1416 3408 dat
1465 3362 1524 3407 ut
1565 3353 1808 3423 impense
1841 3356 2096 3411 studeant

513 3456 804 3511 perapera
846 3443 983 3496 bona
1039 3442 1248 3498 ﬁrmam
1286 3445 1626 3502 vocationem
1673 3456 1728 3500 et
1773 3447 2093 3503 electionem

466 3556 468 3560 τ
516 3530 765 3596 reddere,
795 3546 901 3600 qua
929 3533 1085 3588 electi
1119 3532 1358 3589 fuerant.
1383 3533 1462 3591 De
1483 3549 1542 3591 se
1573 3551 1718 3605 vero,
1765 3539 1934 3594 «scire
1965 3539 2098 3596 dicit

517 3621 765 3690 proxime
841 3623 1046 3679 instare
1087 3623 1478 3693 depositioncm
1535 3627 1868 3684 tabernaculi
1918 3629 2023 3696 sui,
2071 3648 2091 3682 ι

515 3713 679 3784 idque
746 3714 1033 3771 Dominum
1111 3715 1296 3772 Iesum
1357 3718 1632 3774 Christum
1691 3720 1794 3775 sibi
1843 3721 2097 3777 declara-

438 3813 451 3826 ’
513 3807 690 3874 visse;
731 3806 932 3862 Paulus
963 3819 1140 3864 autem
1163 3823 1223 3864 se
1248 3809 1684 3878 praedestinatum
1712 3813 1998 3869 nominans
2027 3813 2095 3869 ad

516 3899 872 3969 Evangelium
916 3899 1032 3966 Dei,
1067 3901 1210 3971 quod
1239 3903 1626 3972 pra-nuntiavit
1668 3919 1765 3973 per
1802 3907 2094 3974 prophetas

517 3993 568 4045 in
607 3992 836 4062 eloquiis
879 3992 1072 4058 sacris,
1104 4002 1157 4048 et
1199 4009 1324 4065 qua:
1369 3993 1661 4066 deinceps;
1708 3996 1959 4066 idemque
2005 4013 2100 4066 per

511 4081 714 4138 Moscm
761 4083 1042 4140 stabiliens
1088 4085 1191 4140 hoc
1240 4084 1484 4154 profert:
1543 4103 1561 4138 «
1599 4085 1896 4142 Miscrebor
1930 4104 2092 4158 quem

514 4181 799 4240 uiiserenr,
819 4185 872 4229 et
898 4177 1377 4232 commiseratione
1422 4192 1724 4248 prosequar
1751 4194 1912 4249 quem
1939 4195 2097 4235 com-

513 4267 814 4332 misereor;
839 4284 858 4317 ι
891 4268 966 4322 ita
989 4268 1314 4335 perorando,
1339 4267 1540 4338 algitur
1572 4285 1682 4324 non
1719 4271 1965 4335 volentis,
1997 4286 2098 4326 nec

515 4363 806 4422 currentis,
835 4357 932 4412 sed
961 4358 1270 4413 miserantis
1295 4357 1387 4413 Dei
1410 4374 1462 4424 ς»
1502 4368 1576 4423 et,
1608 4378 1626 4411 «
1651 4359 1802 4426 Quos
1825 4363 2097 4431 prescirit

517 4457 572 4501 et
613 4446 1037 4516 prmdeslittavit,
1067 4449 1166 4504 hos
1197 4457 1250 4502 et
1272 4449 1534 4504 vocavit.»
1568 4449 1812 4521 Itemque
1836 4452 1956 4508 illos
1977 4455 2102 4524 qui-

515 4536 638 4592 dem
691 4554 710 4587 «
755 4552 882 4592 vasa
916 4539 1009 4592 ira:
1071 4545 1195 4607 apta
1253 4538 1308 4594 in
1371 4539 1646 4595 interitum
1685 4559 1704 4594 ι
1753 4541 1957 4606 dicens,
2000 4547 2098 4598 hos

514 4644 646 4682 vero
667 4648 686 4681 «
713 4643 841 4683 vasa
868 4627 1253 4684 misericordiae
1279 4638 1572 4700 praeparata
1595 4641 1649 4684 et
1675 4638 1864 4686 vocata
1889 4632 1954 4687 ad
1979 4634 2096 4703 glo-

522 4721 712 4774 riam.»
743 4721 822 4775 Ac
851 4735 1061 4787 rursus,
1095 4720 1295 4776 «Nemo
1321 4721 1544 4793 (inquit)
1575 4723 1680 4778 sibi
1720 4723 1822 4791 ipsi
1854 4723 2008 4788 vivit,
2044 4734 2098 4779 et

515 4825 674 4864 nemo
706 4809 806 4864 sibi
847 4812 1098 4866 moritur.
1146 4829 1166 4863 ι
1203 4808 1350 4865 Idem
1380 4825 1572 4866 rursus
1599 4811 1664 4867 ad
1697 4810 1960 4881 Ephesios
1993 4813 2092 4878 ait,

523 4918 542 4951 «
585 4901 752 4970 Elegit
784 4917 880 4957 nos
916 4903 970 4956 in
1017 4919 1076 4960 se
1116 4902 1304 4974 (Deus)
1342 4912 1468 4958 ante
1505 4905 1692 4958 tuundi
1737 4905 2094 4960 constitutio-

517 5007 660 5058 nem,
695 4993 785 5059 qui
812 4993 1334 5061 praedestinavitnos
1364 4996 1419 5051 in
1449 4996 1798 5066 adOptionem
1829 4997 2089 5062 ﬁliorum,

515 5095 622 5138 etc.
662 5103 680 5134 ι
710 5083 1023 5156 Eodemque
1045 5086 1208 5141 modo
1237 5087 1304 5144 de
1333 5089 1638 5159 reprobatis
1661 5089 1729 5143 ab
1753 5096 1953 5142 aeterna
1981 5088 2089 5141 vita

516 5178 649 5230 dicit
677 5178 728 5230 in
767 5193 828 5230 ea
869 5192 1031 5246 quam
1067 5179 1134 5232 ad
1166 5178 1446 5236 Romanos
1492 5179 1714 5249 scripsit
1749 5196 1766 5236 :
1804 5197 1823 5231 «
1863 5178 2018 5246 Quod
2046 5179 2092 5234 si

517 5270 658 5325 Deus
710 5270 899 5324 volens
960 5271 1248 5324 ostendere
1302 5267 1437 5324 iram
1477 5289 1496 5323 ι
1551 5271 1676 5339 (hoc
1726 5277 1830 5333 est,
1868 5268 2094 5338 iustitiae

517 5361 776 5414 muletam
833 5360 1098 5430 dicamve)
1139 5379 1156 5412 «
1192 5369 1247 5414 ct
1300 5372 1483 5414 uctam
1544 5359 1727 5414 facere
1790 5359 2090 5428 potentiam

514 5468 692 5516 suam,
718 5451 978 5506 sustinuit
1011 5470 1030 5503 ι
1072 5453 1196 5520 (hoc
1227 5460 1309 5506 cst
1347 5451 1749 5521 condemnavit)
1784 5469 1804 5503 «
1841 5452 1894 5506 in
1923 5452 2095 5506 multa

515 5544 766 5614 patientia
795 5560 920 5598 vasa
959 5544 1052 5599 ira:
1082 5553 1266 5614 aptata
1297 5544 1348 5596 in
1375 5543 1652 5597 interitum
1685 5562 1699 5595 :
1736 5553 1792 5596 ut
1831 5543 2092 5599 ostende-

516 5643 598 5687 ret
628 5634 842 5688 divitias
873 5633 1058 5704 gloria:
1102 5651 1210 5689 suae
1243 5634 1294 5686 in
1342 5648 1469 5687 vasa
1513 5632 1924 5700 misericordiae,
1958 5651 2085 5704 qua:

2199 3255 2344 3325 αὐτῷ
2386 3253 2542 3308 τοῦτο
2592 3255 2894 3324 ἐδήλωσενο
2955 3259 2982 3308 ὁ
3031 3256 3088 3309 δὲ
3134 3257 3343 3319 Παῦλος
3384 3251 3709 3324 ἀφωρισμένον

2197 3347 2391 3402 ἑαυτὸν
2432 3347 2632 3414 καλῶν,
2682 3349 2762 3411 εἰς
2793 3349 3109 3416 εὐαγγέλιον
3159 3348 3296 3403 Θεοῦ
3326 3348 3353 3401 δ
3403 3343 3711 3416 προεπηγγεί-

2198 3439 2326 3491 λατο
2362 3438 2450 3492 διὰ
2485 3440 2597 3492 τῶν
2645 3441 2938 3513 προφητῶν
2971 3443 3029 3495 ἐν
3064 3442 3312 3511 Γραφαῖς
3345 3440 3536 3509 ἁγίαις,
3564 3434 3710 3513 καὶτὰ

2199 3529 2347 3600 ὲξῆς’
2378 3531 2458 3584 ἔτι
2485 3533 2546 3584 τὸ
2573 3531 2662 3584 διὰ
2686 3532 2778 3584 τοῦ
2811 3512 3054 3597 Μωσέως
3082 3535 3334 3603 βεϐαιῶν,
3373 3554 3392 3585 ι
3432 3512 3641 3599 Ἐλεήσω
3668 3527 3710 3578 ὃν

2200 3627 2266 3680 διν
2294 3626 2448 3690 ἐλεῶ,
2482 3629 2576 3681 καὶ
2617 3629 2944 3696 οἰκτειρήσω
2972 3627 3030 3680 δν
3066 3629 3131 3683 ἂν
3165 3628 3469 3698 οἰκτείρωοι
3503 3627 3582 3679 καὶ
3607 3639 3710 3690 cun-

2203 3718 2505 3789 περαίνων,
2551 3719 2728 3786 «Ἄρα
2745 3717 2837 3771 οὖν
2867 3722 2925 3772 οὐ
2959 3720 3050 3771 τοῦ
3073 3719 3337 3783 θέλοντος,
3374 3719 3483 3772 οὐδὲ
3509 3716 3588 3769 ττιῦ
3613 3711 3710 3782 τρέ-

2197 3825 2402 3878 χοντος,
2428 3808 2562 3861 ἀλλὰ
2590 3810 2681 3862 τοῦ
2717 3808 3002 3872 ἐλεοῦντος
3033 3811 3166 3864 Θεοῦ
3189 3828 3240 3862 ⁸)
3281 3810 3372 3864 καὶ
3397 3808 3571 3860 πάλιν⁹
3605 3801 3710 3874 «0ὓῖ

2200 3902 2474 3970 προέγνω,
2503 3904 2598 3954 καὶ
2639 3903 2935 3972 προώρισε,
2970 3903 3194 3966 τούτους
3227 3905 3322 3958 καὶ
3348 3902 3557 3955 Exit/ess
3577 3913 3612 3949 't
3638 3894 3709 3946 καὶ

2201 3991 2376 4057 αὖθις,
2393 3994 2518 4054 τοὺς
2544 3993 2644 4061 μὲν
2662 4010 2682 4044 «
2712 3992 2878 4062 σκεύη
2904 3993 3074 4064 ὀργῆς
3100 3995 3494 4066 κατηρτισμένα
3511 3992 3578 4052 εἰς
3596 3984 3708 4040 ἀπώ·

2198 4081 2374 4146 λειαν,
2412 4099 2432 4134 ι
2468 4083 2642 4151 λέγων
2662 4125 2676 4150 ,
2704 4086 2829 4146 τοὺς
2859 4085 2914 4138 δὲ
2944 4103 2963 4136 «
3001 4086 3169 4154 σκεύη
3207 4086 3406 4146 ἐλέους,
3434 4091 3707 4150 προητοιμα⁶

2201 4174 2372 4241 σμινα
2402 4176 2496 4226 καὶ
2529 4174 2837 4242 κεκλημένα
2881 4177 2960 4238 είς
2993 4175 3183 4240 δόξανο
3220 4197 3239 4229 ι
3281 4177 3368 4228 καὶ
3387 4168 3526 4234 αὖθις
3552 4168 3702 4232 λέγων.

2210 4265 2425 4327 «Οὐδεὶς
2451 4266 2630 4336 ἑαυτῷ
2647 4268 2736 4336 ζῇ,
2758 4269 2853 4321 καὶ
2881 4268 3052 4328 οὐδεὶς
3076 4269 3251 4338 ἐαυτῷ
3270 4264 3465 4334 ἀποθνή
3481 4274 3618 4315 metu
3637 4255 3706 4306 καὶ

2199 4356 2338 4426 πρὸς
2353 4355 2634 4424 Ἐφεσίους
2657 4341 2815 4419 αὖθις
2832 4357 3028 4425 λέγων’
3050 4375 3070 4410 «
3083 4357 3393 4423 δεξελέξατο
3411 4353 3541 4424 ἡμᾶς
3551 4353 3597 4403 ὲν
3612 4347 3706 4398 tau-

2201 4447 2278 4518 τῷ
2307 4451 2336 4501 ὁ
2365 4449 2498 4512 Θεὸς
2527 4449 2630 4518 πρὸ
2676 4450 2980 4518 καταὼλῆς
3023 4451 3254 4520 κόσμου,
3286 4446 3552 4521 προορέτας
3593 4435 3704 4505 iii-‘5;

2204 4542 2284 4602 εἰς
2313 4540 2610 4605 υἱοθεσίαν,
2651 4559 2669 4591 ι
2695 4541 2788 4593 καὶ
2817 4541 2887 4594 τὰ
2931 4542 3057 4608 ἑξῆς
3083 4557 3097 4570 ·
3136 4541 3334 4611 ὁμοίως
3363 4540 3446 4591 καὶ
3491 4530 3599 4596 περὶ
3624 4523 3702 4611 τῷν

2205 4628 2794 4699 ἀποδεδοκιμασμένων
2824 4630 2932 4682 ἀπὸ
2957 4630 3060 4697 τῆς
3093 4610 3308 4682 αἰωνίου
3333 4623 3468 4692 ζωῆς
3493 4618 3636 4683 λέγων

2204 4721 2270 4790 τῇ
2301 4719 2434 4789 πρὸς
2468 4698 2822 4788 Ῥωμαίους·
2859 4719 2951 4772 «Ei
2977 4719 3033 4772 δι
3072 4719 3239 4772 θέλων
3260 4720 3288 4772 ὁ
3313 4715 3434 4773 θεδς
3459 4707 3603 4769 δεῖξαι
3627 4698 3702 4790 τὴν

2204 4788 2396 4882 ὀργὴν,
2425 4813 2673 4866 τουτέστι
2712 4812 2812 4882 τὴν
2847 4814 2944 4882 τῆς
2981 4813 3326 4882 δικαιοσύνης
3369 4805 3606 4861 ἀπότισιν,
3629 4788 3700 4842 καὶ

2204 4905 2480 4974 γνωρίσας
2529 4904 2626 4974 τὴν
2677 4903 2910 4972 δύναμιν
2959 4904 3147 4970 αὑτοῦ,
3190 4905 3454 4971 ὑπέμεινε,
3487 4885 3696 4984 courier-2,

2203 4995 2608 5064 συνεχώρησεν,
2637 4997 2696 5048 ἐν
2745 4996 2912 5066 πολλῇ
2968 4995 3334 5066 μακροθυμίᾳ,
3385 4980 3697 5075 σκεύη

2201 5086 2620 5156 κατηρτισμένα
2649 5089 2733 5150 εἰς
2772 5086 3070 5151 ἀπώλειαν,
3108 5087 3194 5140 ῖνα
3236 5085 3377 5153 δείξῃ
3409 5078 3490 5132 τὸν
3524 5069 3698 5122 πλοῦτον

2199 5180 2297 5248 τῆς
2328 5179 2490 5247 δόξης
2521 5179 2687 5232 αὐτοῦ
2719 5180 2812 5233 ἐπὶ
2848 5180 3020 5249 σκεύη
3051 5179 3254 5245 ἐλέους,
3285 5180 3318 5232 ἃ
3364 5161 3696 5249 προητοίμασεν

2202 5273 2280 5332 εἷς
2305 5271 2486 5336 δόξαν
2505 5289 2524 5322 ι
2557 5273 2650 5324 καὶ
2674 5270 2954 5340 πανταχοῦ
2980 5271 3086 5324 τῶν
3117 5273 3327 5324 οἰκείων
3353 5249 3605 5346 ὲπιστοῖᾧν
3628 5239 3694 5346 ξδν

2201 5363 2350 5416 θεῖον
2387 5361 2532 5415 οὕτω
2565 5367 2903 5432 προορισμδν
2939 5363 3198 5433 βεϐαιῶν,
3227 5363 3320 5430 τὴν
3348 5354 3464 5422 περὶ
3499 5342 3599 5396 τοῦ(

2201 5454 2456 5524 θρώπους
2494 5454 2700 5524 δηλαδὴ
2743 5456 2950 5526 είδικὴν
3005 5457 3281 5526 πρόνοιαν,
3317 5450 3402 5502 καὶ
3452 5441 3538 5493 ὅσα
3563 5432 3692 5528 ut???

2199 5547 2329 5615 περὶ
2371 5546 2480 5598 τῶν
2511 5546 2872 5616 ἀνθρωπίνων
2915 5548 3256 5617 πραγμάτων
3297 5524 3689 5616 συνέπεταιίείκη

2201 5634 2377 5688 ταῦτα
2417 5636 2587 5703 λέγει,
2619 5638 2817 5704 μᾶλλον
2847 5637 2902 5690 δὲ
2937 5637 3185 5704 λέγουσιν
3213 5653 3226 5701 ;
3262 5629 3410 5693 insin
3440 5633 3490 5685 γε
3515 5619 3652 5661 τουτο.

516 5729 833 5798 i'ta‘paravit
867 5729 919 5783 in
953 5729 1200 5800 gloriam.
1241 5750 1259 5784 ι
1333 5726 1394 5785 Ει
1426 5727 1624 5799 ubiQue
1684 5742 1911 5784 suarum
1968 5727 2362 5801 Epistolarum.
2422 5730 2658 5785 divinam
2705 5740 2774 5786 ita
2824 5733 3346 5802 prxdcstiuationcm
3403 5708 3683 5768 coalitum"

3551 5847 3878 6402 Δ
