3932 6458
219 342 313 414 553

1154 351 1524 415 EPISTOLA
1568 352 1666 412 DE
1711 349 2475 411 PRxEDESTINATlONE.

3337 344 3440 412 554

211 463 487 537 specialem
542 466 799 522 nimirum
838 467 981 525 circa
1032 460 1305 525 homines‘
1327 468 1744 539 providentiam.
1777 473 1832 521 et
1870 479 2210 535 quaecunque
2245 466 2370 521 huic
2411 467 2465 520 in
2499 465 2777 522 hominum
2818 466 3043 538 negotiis
3068 472 3436 522 consentanea

210 569 326 619 sunt
367 578 379 613 :
412 574 478 614 an
518 559 793 616 incassum
845 563 958 618 haec
994 562 1145 626 dicit,
1184 563 1268 617 vel
1304 563 1481 631 potius
1508 560 1736 616 dicunt?
1763 556 1904 613 absit
1934 558 2035 613 hoc
2070 559 2247 629 plane.

283 653 446 723 Ὁρᾷς
476 652 574 721 τῆς
605 653 854 718 ἐναντίας
878 655 1035 726 δόξης
1066 652 1318 721 τεθείσης
1348 653 1404 718 εξ
1440 653 1766 716 ὑποθέσεως,

1941 647 2135 716 Viden,
2179 658 2237 704 ut
2285 648 2541 719 opinione
2569 650 2842 705 contraria
2875 652 3171 707 constituta
3210 667 3274 707 ex
3311 665 3444 708 con-

207 744 299 799 ὂσα
327 744 436 795 τῶν
471 741 691 813 ἀληθῶν
719 745 1022 815 ἀναιρεῖται
1047 761 1062 811 ;
1096 743 1295 813 μᾶλλον
1314 742 1370 796 δὲ
1400 741 1553 797 οὐδὲν
1584 741 1768 811 σχεδῆν

208 835 569 891 ὑπολείπεται.
619 836 702 890 Τά
754 836 864 908 γὰρ
904 837 969 890 ἐκ
1019 836 1117 907 τῆς
1151 837 1302 908 ἱερᾶς
1347 834 1572 908 Γραφῆς
1620 849 1768 905 παρα

204 931 411 999 ηγμένα
462 928 559 984 νῦν
611 930 739 985 ἄλλο
808 933 907 1001 μὲν
968 931 1131 986 ἄλλου
1195 930 1497 1003 μυστηρίου
1563 927 1768 996 πλῆρες

203 1023 346 1077 ἔστί⁹
380 1022 559 1077 πάντα
583 1024 639 1076 δὲ
677 1025 816 1079 αὐτὰ
852 1024 948 1076 σὺν
978 1024 1227 1089 ἐκείνοις,
1262 1024 1393 1094 μιᾶς
1423 1025 1518 1093 τῆς
1546 1037 1767 1091 προκει-

204 1115 361 1185 μένης
394 1117 528 1186 ἡμῖν
554 1115 688 1189 ὕλης
716 1118 1022 1188 εὐρυτάτης
1064 1116 1249 1187 οὔσης,
1280 1116 1428 1171 ἔνδον
1460 1114 1627 1170 ἐστίν.
1655 1105 1767 1176 Ἦς

200 1207 563 1278 σαλευομένης
600 1207 687 1274 ἂν,
719 1208 873 1262 οὐδὲν
919 1208 1144 1262 ἐκείνων
1180 1208 1331 1279 μένει
1373 1206 1580 1262 λοιπόν.
1615 1206 1677 1258 Εἰ
1706 1203 1763 1258 δὲ

199 1300 397 1359 πάσαις
434 1300 701 1368 ἀνάγκαις
729 1302 755 1354 ό
786 1301 929 1364 θεῖος
970 1302 1167 1372 κρατεῖ
1208 1298 1563 1370 προορισμδς,
1599 1296 1765 1367 μέρος

195 1386 265 1440 ὢν
293 1382 393 1457 τῆς
426 1387 576 1451 θείας
623 1390 906 1459 Προνοίας,
930 1389 992 1442 τὸ
1040 1391 1295 1458 μέγιστον
1327 1387 1420 1442 καὶ
1457 1388 1632 1458 δόγμα
1662 1388 1763 1457 τῆς

195 1483 435 1544 πίστεως
474 1483 888 1553 ἀναντίρρητον,
915 1486 1007 1537 καὶ
1052 1482 1303 1553 καθάπερ
1337 1480 1634 1550 σύνδεσμος
1665 1480 1765 1550 τῆς

195 1574 432 1639 πίστεως
491 1575 641 1642 ὅλης.
697 1577 807 1629 Καὶ
850 1576 900 1627 oi
960 1576 1056 1645 μὲν
1111 1575 1220 1629 τῶν
1266 1574 1571 1645 ἀνθρώπων
1628 1571 1764 1642 πρὸς

190 1666 287 1737 τήν
310 1666 534 1719 αἰώνιόν
560 1667 668 1719 είσι
715 1665 1116 1737 προωρισμένοι
1146 1666 1312 1737 ζωήν,
1337 1661 1420 1728 οἷς
1440 1665 1534 1719 καλ⁸
1565 1664 1615 1718 οί
1652 1663 1767 1717 ελε-

191 1758 415 1823 ούμενοι
467 1759 1010 1831 συναριθμείσθωσαν
1057 1759 1193 1815 νῦν·
1250 1760 1299 1812 oi
1349 1759 1405 1813 δὲ
1454 1757 1550 1813 ἀπ’
1595 1757 1767 1827 αὐτῆς

191 1850 758 1922 ἀποδεδοκιμασμένοι
811 1851 1048 1921 εὐλόγως
1089 1850 1183 1905 καὶ
1213 1850 1282 1905 τὰ
1310 1851 1453 1904 κατὰ
1486 1850 1589 1919 τὴν
1620 1848 1767 1918 ζωὴν

1871 740 2105 806 ditione,
2134 752 2267 811 quot
2296 758 2421 797 vera
2451 743 2665 799 decreta
2694 745 2760 798 de
2795 744 2973 799 medio
3001 744 3280 801 tollantur?
3308 746 3440 815 quin

1869 831 1978 887 imo
2008 833 2157 888 nihil
2191 834 2583 903 propemodum
2635 835 2827 905 reliqui
2875 846 2978 892 est.
3018 836 3225 891 Etenim
3260 851 3325 891 ex
3356 837 3444 893 his

1868 932 1989 987 quae
2019 934 2081 974 ex
2116 934 2272 977 sacra
2325 922 2606 993 Scriptura
2642 924 2801 979 modo
2834 934 2964 981 sunt
2999 927 3256 992 abducta,
3292 927 3439 981 aliud

1866 1010 2086 1080 quidem
2118 1012 2225 1067 alio
2272 1016 2531 1086 mysterio
2563 1014 2779 1085 plenum
2826 1025 2928 1071 est.
2980 1016 3082 1072 Sed
3118 1020 3233 1073 llaec
3258 1021 3441 1075 omnia

1867 1116 1991 1158 cum
2027 1104 2135 1161 illis
2162 1105 2303 1161 intra
2330 1121 2493 1161 unam
2524 1122 2556 1162 e
2578 1109 2857 1180 proposita
2888 1110 3041 1164 nobis
3068 1113 3293 1165 materia
3322 1125 3445 1181 quae

1868 1193 2134 1251 latissime
2160 1207 2328 1266 patet,
2363 1200 2711 1255 continentur
2752 1215 2769 1255 :
2803 1216 2906 1271 qua
2950 1211 3193 1268 nutante,
3227 1204 3443 1258 illorum

1868 1286 2004 1341 nihil
2039 1288 2095 1342 in
2128 1300 2401 1358 posterum
2431 1302 2696 1348 remanet.
2724 1293 2878 1359 Quod
2908 1294 2952 1348 si
2983 1310 3137 1350 sacra
3170 1296 3447 1365 praedesti-

1868 1380 2016 1435 natio
2040 1381 2295 1436 omnibus
2316 1383 2592 1452 praepollet
2624 1385 3061 1451 necessitatibus,
3090 1402 3214 1443 cum
3248 1392 3445 1446 divitia:

1867 1468 2223 1527 Providentia:
2253 1488 2380 1542 pars
2403 1475 2474 1529 sit
2510 1477 2768 1543 maxima,
2799 1486 2853 1533 et
2878 1478 3000 1534 ﬁdei
3036 1481 3311 1536 decretum
3351 1485 3439 1539 cui

1867 1565 2148 1620 adversari
2176 1581 2281 1621 non
2308 1566 2458 1633 licet,
2486 1584 2551 1625 ac
2573 1570 2736 1626 veluti
2768 1571 2892 1628 fidei
2918 1574 3085 1629 totius
3108 1575 3441 1631 convinctio:

1865 1661 1920 1709 et
1954 1654 2201 1713 homines
2230 1659 2428 1728 partim
2462 1661 2529 1716 ad
2576 1671 2834 1718 aternam
2870 1666 3033 1718 vitam
3068 1675 3195 1719 sunt
3238 1666 3447 1735 praede-

1867 1745 2078 1811 stinati,
2127 1764 2361 1818 quorum
2408 1767 2634 1810 numero
2671 1757 2833 1809 etiam
2881 1770 3028 1811 nunc
3076 1757 3444 1826 ascribantur,

1867 1838 2066 1908 quibus
2101 1841 2473 1898 misericordia
2508 1846 2568 1899 lit
2620 1861 2635 1898 :
2666 1846 2864 1915 partim
2916 1847 2983 1902 ab
3024 1847 3140 1915 ipsa
3174 1850 3448 1916 reprobati

193 1944 426 1998 ἑκάστου
475 1943 574 1999 καὶ
622 1944 880 2014 τελευτήν
914 1946 980 2014 τῇ
1032 1942 1306 2008 ὲπιτεύξει
1354 1942 1451 1997 τοῦ
1492 1939 1764 2011 τέλους,ἦ

1870 1936 1999 1984 sunt
2039 1945 2054 1982 :
2083 1927 2205 1998 jure
2228 1933 2424 1987 merito
2444 1933 2609 1988 etiam
2644 1950 2765 2005 quae
2793 1937 2860 1991 ad
2890 1937 3055 1991 vitam
3100 1939 3363 2007 cujusque
3393 1948 3449 1992 et

191 2032 507 2097 ἀποτεύξει,
552 2033 770 2096 οίκείως
802 2032 1226 2087 συνδιατίθενται
1247 2049 1263 2065 ·
1302 2033 1378 2096 ὡς
1407 2032 1615 2085 ἐπίπαν
1648 2032 1768 2103 μὲν,

192 2127 415 2194 καὶτῆς
442 2127 671 2180 ἑκάστου
703 2125 970 2196 πονηρίας
1000 2126 1033 2195 ἢ
1078 2125 1306 2195 ἀρετῆς,
1353 2126 1447 2178 καὶ
1484 2123 1771 2187 εὐϐουλίας

188 2221 223 2291 ἢ
248 2218 528 2285 ἀδουλίας,
558 2221 625 2288 τῇ
658 2218 885 2292 τοιαύτῃ
917 2217 1286 2287 συνεργούσης
1310 2216 1505 2288 ἐφεξῆς
1530 2215 1771 2280 διατάξει

188 2313 284 2366 τοῦ
316 2313 492 2377 θείου,
516 2310 630 2364 ἔστι
671 2311 725 2365 δὲ
753 2312 841 2365 ὅτε
891 2310 984 2364 καὶ
1014 2311 1166 2379 παρὰ
1188 2309 1285 2381 τήν
1308 2309 1580 2380 ἑκατέρων
1607 2310 1664 2364 ὲν
1692 2308 1771 2380 τῷ

86 2399 113 2426 ⁸
188 2400 512 2470 παραυτίκα
544 2399 773 2471 μελέτην
804 2417 863 2454 τε
895 2399 989 2453 καὶ
1014 2399 1275 2470 σπουδὴν,
1308 2399 1368 2452 τὺ
1394 2400 1607 2470 πρέπον
1639 2402 1765 2463 ταῖς

184 2491 377 2545 αὐτῶν
410 2491 557 2558 ἕξεσι
591 2491 688 2545 καὶ
720 2489 919 2556 ἀξίαις,
950 2492 1043 2543 καὶ
1072 2489 1207 2554 ζῶσι
1232 2491 1324 2545 καὶ
1349 2491 1672 2546 τελευτῶσιν
1696 2494 1773 2546 oi-

181 2583 576 2653 κονομοῦντος,
612 2584 685 2646 ῶς
734 2583 804 2636 ἂν
856 2582 1128 2645 ποικίλαις
1175 2600 1235 2636 τε
1280 2584 1374 2638 καὶ
1407 2582 1771 2655 πολυτρόποις

183 2672 470 2739 μεθόδοις,
516 2673 609 2725 καὶ
641 2672 828 2735 ἄλλαις
884 2673 970 2726 ἔπ’
1017 2673 1194 2727 ἄλλων
1226 2673 1596 2744 κρινομέναις,
1629 2674 1772 2729 κατὰ

179 2767 288 2834 τὴν
320 2763 634 2835 εὐρυτάτην
658 2765 753 2817 καὶ
777 2765 1051 2835 πάνσοφον
1073 2766 1237 2818 αὐτοῦ
1260 2765 1548 2835 διοίκησιν,
1576 2768 1605 2818 ό
1630 2764 1773 2829 θεῖος

174 2856 323 2927 περὶ
375 2856 581 2920 αὐτοὺς
611 2856 944 2927 προορισμδς
986 2856 1284 2923 ἑξανύοιτο,
1324 2858 1357 2927 ή
1400 2855 1497 2910 τοῦ
1527 2858 1651 2926 ὅρου
1681 2857 1773 2927 δη-

178 2948 370 3001 λονότι
410 2950 511 3001 καὶ
551 2947 739 3011 τέλους
780 2946 1052 3012 ὲπίτευξις
1096 2947 1128 3017 ἢ
1177 2947 1485 3012 ἀπότευξις.
1520 2947 1773 3018 Εἰλήφθω

177 3040 298 3108 γὰρ
347 3034 453 3091 νῦν
482 3036 678 3100 κοινῶς
728 3037 1084 3107 προορισμός,
1113 3036 1188 3101 ὡς
1239 3037 1577 3108 προορισμοῦ
1620 3039 1774 3108 γένος

180 3131 281 3183 καὶ
313 3128 781 3199 ἀποδοκιμασίας.
807 3129 918 3199 Τῆς
946 3129 1005 3183 δὲ
1043 3128 1151 3184 τῶν
1175 3128 1480 3201 ἀνθρώπων
1510 3129 1677 3200 ζωῆς,
1703 3129 1773 3200 ἢν

180 3223 249 3276 ἂν
279 3221 507 3275 οἴκοθεν
540 3221 961 3293 προαιροίντο,ἢ
999 3220 1498 3291 συμπροσαγούσης
1526 3221 1604 3290 τῷ
1628 3220 1772 3273 τέλει

1796 1990 1845 2050 Β

1872 2020 2081 2075 obitum
2131 2032 2382 2091 spectant
2413 2063 2429 2088 ,
2504 2026 2629 2081 linis
2681 2029 3071 2084 consecutione
3107 2032 3191 2085 vel
3236 2031 3448 2098 repulsa

1878 2112 2224 2179 peculiariter
2249 2131 2357 2170 una
2381 2116 2750 2186 disponuntur
2787 2134 2803 2173 :
2835 2121 2993 2190 quasi
3021 2122 3247 2177 omnino
3282 2125 3444 2178 unius

1873 2204 2138 2276 cujusque
2168 2208 2526 2279 improbitate
2557 2220 2613 2266 ct
2640 2214 2861 2278 virtute,
2889 2222 2942 2268 et
2986 2215 3130 2270 bono
3168 2215 3252 2269 vel
3299 2217 3442 2271 malo

1871 2296 2099 2353 consilio
2132 2299 2260 2355 huic
2284 2301 2378 2355 Dei
2404 2303 2785 2360 constitutioni
2812 2306 3066 2377 deinceps
3095 2319 3445 2376 cooperante.

1871 2388 2150 2445 Interdum
2202 2393 2369 2447 etiam
2410 2394 2566 2464 juxta
2614 2404 2975 2467 utrorumque
3020 2414 3207 2453 curam
3246 2410 3300 2454 et
3332 2410 3449 2456 stu-

1872 2481 2047 2543 dium,
2082 2494 2302 2552 repente
2342 2484 2590 2555 vestigio,
2616 2489 2767 2556 quod
2797 2489 3040 2558 ipsorum
3084 2491 3357 2546 habitihus
3395 2504 3452 2549 et

1875 2571 2086 2627 meritis
2136 2574 2396 2628 decorum
2442 2584 2550 2640 est,
2582 2585 2638 2631 et
2671 2577 2982 2636 viventibus
3007 2588 3062 2636 et
3090 2584 3450 2640 morientibus

1871 2676 2075 2719 numen
2114 2666 2255 2735 regit
2288 2680 2351 2720 ac
2381 2668 2737 2724 moderatur:
2772 2673 2914 2727 sicut
2938 2674 3104 2731 variis
3131 2691 3196 2731 ac
3216 2678 3450 2734 diversis

1826 2741 1841 2753 ’
1874 2752 2166 2808 admodum
2194 2754 2373 2811 modis
2405 2763 2461 2811 et
2490 2758 2799 2815 rationibus
2825 2777 2947 2832 quae
2970 2764 3090 2819 alite
3123 2765 3179 2819 in
3209 2767 3329 2823 aliis
3354 2769 3446 2837 jn-

1875 2842 2149 2911 dicantur,
2191 2846 2489 2901 secundum
2543 2848 2865 2907 latissimam
2901 2862 2955 2907 et
2988 2856 3445 2925 sapientissimam

1874 2936 2047 3007 ipsius
2091 2937 2621 2997 administrationem
2644 2979 2660 3007 ,
2696 2941 2886 2999 divina
2914 2946 3060 3001 circa
3088 2962 3184 3004 eos
3239 2953 3448 3019 praede-

1875 3028 2096 3082 stinatio
2123 3029 2383 3099 perficere
2406 3038 2613 3100 posset.
2651 3032 2911 3089 nimirum
2935 3035 3122 3091 limitis
3142 3052 3205 3093 ac
3230 3043 3450 3099 termini

1876 3120 2190 3175 consecutio
2236 3120 2320 3174 vel
2356 3123 2592 3192 repulsa.
2621 3124 2881 3181 Sumatur
2904 3127 3051 3183 enim
3105 3145 3251 3186 nunc
3299 3147 3457 3189 cont-

1876 3209 2111 3265 muniter
2137 3210 2542 3280 praedestinatio
2561 3231 2578 3281 3
2594 3216 2744 3272 velut
2765 3232 2936 3286 genus
2960 3221 3453 3289 predeetinationis

187 3314 332 3381 μετὰ
366 3312 475 3382 τῆς
507 3310 715 3367 ἄνωθεν
764 3312 1106 3383 συνεργείας,
1138 3312 1171 3383 ἢ
1201 3311 1515 3383 ἀφιστὼσης
1552 3312 1643 3365 τοῦ
1682 3312 1769 3366 τέ-

1874 3306 1930 3355 et
1988 3302 2383 3370 reprobationis
2432 3321 2447 3357 :
2494 3307 2713 3375 quando
2760 3307 3041 3367 hominum
3097 3314 3229 3381 vita,
3287 3332 3451 3385 quam

182 3405 316 3468 λους
381 3405 527 3473 μετὰ
579 3406 679 3476 τῇς
730 3403 937 3458 ἐκεῖθεν
1003 3402 1442 3474 ὲγκαταλείψεως
1470 3420 1487 3435 ο
1536 3402 1769 3470 εὐλόγως

1876 3393 2019 3486 apud
2042 3407 2101 3448 se
2125 3394 2358 3466 quisque
2386 3396 2533 3453 domi
2565 3399 2789 3470 elegerit
2809 3440 2823 3464 ,
2843 3410 2949 3486 aut
2978 3402 3143 3459 simul
3181 3407 3249 3461 ad
3286 3407 3448 3465 linem

185 3497 286 3551 καὶ
314 3498 352 3566 ἡ
393 3494 690 3565 μετάθεσις
730 3494 831 3565 μιν
859 3494 967 3548 ἀπὸ
988 3496 1085 3566 τῆς
1119 3493 1378 3564 τοιαύτης
1411 3493 1580 3563 ζωῆς,
1608 3496 1678 3563 τῇ
1711 3510 1769 3548 τε

1878 3484 2097 3541 adducit
2128 3501 2251 3543 cum
2296 3489 2609 3560 adjumento
2644 3484 3046 3569 cooperationis
3075 3497 3147 3552 ab
3175 3499 3283 3555 alto
3309 3516 3324 3567 ;
3354 3511 3451 3557 aut

184 3589 331 3659 πρὸς
362 3589 431 3642 τὸ
458 3586 612 3649 τέλος
639 3586 766 3657 ὀδῷ,
793 3584 942 3641 τοῦτ’
983 3586 1099 3639 ἐστι
1130 3586 1197 3657 τῇ
1228 3584 1483 3657 παρούσῃ
1511 3585 1648 3656 ζωῇ,
1681 3584 1769 3641 καὶ

1878 3590 1909 3631 a
1939 3576 2045 3630 line
2076 3577 2296 3633 abducit
2327 3593 2451 3635 cum
2490 3580 2865 3648 derelictione,
2905 3601 3025 3656 qum
3069 3587 3307 3645 indidem
3347 3594 3447 3660 lit;
3557 3592 3562 3597 ’

183 3683 251 3752 τῇ
295 3679 427 3750 μετ’
469 3678 639 3749 αὐτὴν
671 3678 849 3751 οἰκείᾳ
893 3675 989 3731 τοῦ
1033 3676 1221 3740 τέλους
1257 3675 1528 3744 ὲπιτεύξει
1568 3678 1601 3746 ἢ
1639 3677 1769 3731 ἁπο-

1878 3680 2244 3727 consentanea
2274 3674 2436 3728 etiam
2463 3675 2761 3732 demutatio
2796 3679 2865 3735 ab
2890 3678 3155 3745 ejusmodi
3188 3684 3295 3738 vita
3322 3700 3455 3739 con-

181 3774 394 3839 τεύξει,
451 3770 779 3841 σύμμορφός
814 3772 929 3823 ἐστι
956 3768 1051 3823 καὶ
1077 3768 1397 3840 συνᾴδουσα,
1429 3768 1620 3839 ὥσπερ
1652 3768 1769 3837 μεθ-

1879 3775 2082 3830 grnens
2106 3762 2205 3817 via:
2230 3778 2348 3832 quae
2376 3764 2443 3820 ad
2476 3766 2637 3823 finem
2667 3768 2948 3837 perducit;
2975 3772 3076 3826 hoc
3096 3782 3183 3828 est
3202 3779 3456 3842 praesenti

181 3866 337 3937 όριον
364 3860 514 3919 οὖσα
541 3862 653 3916 τῶν
684 3860 839 3924 ζωῶν
880 3862 1229 3932 ἀμφοτέρων,
1256 3861 1353 3915 καὶ
1377 3860 1479 3931 τῆς
1503 3859 1645 3928 ὁδοῦ,
1681 3862 1769 3916 καὶ

1878 3853 2024 3919 vitae,
2056 3864 2111 3910 et
2139 3857 2399 3925 peculiari
2429 3866 2550 3927 post
2584 3874 2704 3915 eam
2749 3862 2874 3916 ﬁnis
2916 3864 3189 3933 adeptioni
3242 3874 3338 3922 aut
3370 3882 3455 3922 re-

182 3957 279 4012 τοῦ
310 3958 520 4021 τέλους
551 3955 738 4025 ὥσπερ
787 3954 1051 4023 συνάφεια
1074 3969 1090 3988 ο
1130 3954 1245 4009 ἐστι
1295 3954 1394 4025 μὲν
1426 3953 1518 4007 ὅτε
1552 3952 1645 4007 καὶ
1673 3969 1769 4023 φα⁴

1880 3945 2049 4016 pulsae
2080 3946 2378 4004 conformis
2405 3958 2487 4005 est
2520 3958 2682 4018 atque
2713 3966 3044 4021 consonans;
3073 3956 3298 4023 perinde
3321 3972 3387 4015 ac
3406 3959 3455 4015 si

180 4052 352 4121 νερᾶς
387 4048 569 4116 οὔσης
597 4048 733 4103 πᾶσι
763 4045 863 4117 τῆς
886 4046 1166 4116 τελευτῆς,
1195 4047 1343 4110 ὅπως
1371 4045 1486 4117 ἔχει
1517 4044 1653 4115 πρὸς
1679 4045 1769 4117 τὴν

1882 4040 1937 4094 in
1972 4042 2208 4097 confinio
2250 4057 2397 4099 esset
2444 4045 2733 4115 utriusque
2761 4049 2908 4111 vitae,
2958 4059 3012 4103 et
3049 4060 3309 4121 tanquam
3350 4058 3454 4112 vim

175 4144 347 4210 εὐθὺς
405 4139 805 4211 διαδεξομένην
844 4138 988 4211 ζωὴν
1034 4139 1250 4205 ἀθλίαν,
1298 4138 1332 4210 ἢ
1371 4138 1667 4209 μακαρίαν,
1704 4138 1769 4200 ὡς

1883 4142 2046 4202 atque
2074 4132 2198 4188 ﬁnis
2228 4134 2441 4204 copula.
2487 4135 2794 4205 Aliquando
2841 4140 2985 4194 enim
3033 4158 3155 4197 cum
3206 4144 3456 4202 interitus

179 4235 279 4287 ἐπὶ
307 4234 428 4288 τῶν
483 4229 831 4299 δικαιοσύνης
880 4228 1127 4298 haud}
1174 4229 1481 4294 εὐσεϐείας,
1517 4228 1769 4297 αίρουμὲ·

1883 4221 2143 4276 omnibus
2157 4222 2229 4277 sit
2249 4224 2599 4294 conspicuus,
2624 4234 2682 4280 ut
2709 4228 2868 4285 habet
2888 4246 2949 4286 se
2968 4231 3035 4287 ad
3062 4234 3227 4289 vitam
3257 4251 3459 4292 mrum-

181 4343 290 4381 νων
320 4327 598 4397 θνήσκειν
627 4319 927 4392 προδήλως,
954 4321 1053 4374 οὐκ
1078 4320 1205 4375 ἄνευ
1235 4319 1369 4373 Θεοῦ
1398 4319 1492 4373 καὶ
1517 4319 1616 4390 τῆς
1644 4320 1769 4373 ἄνω-

1882 4327 2071 4368 nosam
2120 4322 2215 4369 aut
2264 4316 2472 4371 beatam
2529 4333 2650 4387 quae
2707 4319 2890 4375 statim
2951 4332 3243 4395 exceptura
3298 4340 3383 4384 est
3435 4348 3450 4386 :

180 4418 275 4471 θεν
330 4413 661 4479 επιπνοίας,
692 4414 721 4466 ὃ
769 4413 1042 4483 προσήκει
1083 4414 1197 4475 τοῖς
1233 4411 1489 4481 μάρτυσι,
1520 4412 1616 4465 καὶ
1647 4412 1769 4465 πᾶσι

1883 4406 2338 4476 quemadmodum
2380 4409 2433 4464 in
2461 4409 2529 4465 iis
2562 4412 2654 4481 qui
2674 4412 2901 4482 justitiae
2931 4431 3101 4474 causa
3132 4429 3225 4475 aut
3244 4421 3457 4490 pietatis

177 4513 296 4572 τοῖς
333 4510 467 4582 μετ’
506 4509 713 4579 ἀρετῆς
760 4508 854 4560 καὶ
884 4505 953 4559 δι’
991 4503 1158 4574 αὐτὴν
1204 4502 1517 4567 τελευτῶσι,
1566 4502 1671 4559 κᾶν
1706 4504 1769 4575 μὲ

1883 4501 2059 4572 palam
2102 4502 2240 4557 mori
2271 4503 2509 4570 volnere,
2541 4520 2649 4560 non
2696 4506 2903 4577 absque
2951 4508 3082 4578 Deo,
3115 4522 3171 4568 et
3215 4513 3455 4584 inspira-

179 4602 450 4674 φανερῶς
491 4599 570 4671 τῷ
619 4599 905 4670 μαρτυρίῳ
953 4597 1364 4669 προσάγωνται,
1408 4595 1524 4651 ἀλλ’
1556 4597 1769 4652 ἐπιϐου-

1887 4593 2037 4649 tione
2064 4608 2184 4663 quaa
2226 4594 2511 4651 desursum
2553 4599 2735 4665 venit;
2767 4603 2913 4669 quod
2959 4604 3288 4672 martyribus
3318 4620 3454 4663 con-

178 4669 487 4765 λευόμενοι
521 4669 710 4764 βιαίως
750 4691 1054 4760 ἔξάγωνται
1083 4690 1182 4758 τῆς
1213 4688 1359 4760 ζωῆς
1386 4690 1482 4745 καὶ
1508 4706 1769 4761 συκοφαν-

1885 4687 2054 4753 venit.
2102 4694 2265 4755 atque
2313 4689 2572 4745 omnibus
2621 4691 2716 4759 qui
2758 4706 2881 4747 cum
2921 4669 3118 4749 virtute
3146 4704 3201 4751 et
3231 4708 3454 4767 pr0pter

178 4788 480 4856 τούμενοι,
533 4786 568 4857 ἢ
627 4785 719 4839 ἐπὶ
772 4783 881 4839 τῶν
935 4782 1215 4853 φυγόντων
1265 4784 1358 4837 τὸν
1408 4785 1634 4853 κόσμον,
1685 4786 1769 4838 καλ

1887 4778 2063 4848 ipsam
2108 4778 2448 4846 moriuntur;
2484 4781 2699 4835 tametsi
2732 4780 3016 4838 manifeste
3050 4785 3308 4854 martyrio
3342 4802 3453 4844 non

181 4877 422 4949 σταυρῷ
477 4875 799 4946 πρέπουσαν
847 4872 1129 4941 ζησάντων
1157 4870 1326 4943 ζωὴν,
1372 4872 1465 4927 καί
1494 4870 1686 4941 ὁμοίαν
1710 4873 1769 4942 τῇ

1884 4871 2314 4937 admoveantur;
2354 4869 2448 4927 sed
2482 4869 2699 4925 insidiis
2746 4881 2799 4927 et
2847 4873 3139 4931 calumniis
3190 4878 3456 4947 appetiti,

178 4965 298 5039 ζωῇ
356 4962 637 5031 τελευτὴν
687 4960 1102 5031 ἁπαράκλητον,
1154 4958 1311 5015 ἐνίων
1358 4958 1414 5013 δὲ
1446 4958 1540 5014 καί⁸
1593 4960 1769 5014 ἄδικον

1886 4962 1997 5017 vita
2032 4962 2333 5032 spolientur
2363 4978 2379 5016 :
2407 4972 2504 5017 aut
2549 4962 2620 5017 iis
2662 4961 2755 5032 qui
2805 4962 2990 5035 fugere
3016 4967 3327 5037 mundum,
3373 4972 3462 5028 vel

179 5059 616 5129 ὑφισταμένων,
655 5052 690 5125 ἢ
723 5053 1030 5107 τούναντίον
1059 5052 1152 5106 ἐπὶ
1189 5053 1299 5105 τῶν
1325 5051 1413 5105 ἐπ’
1445 5052 1653 5115 ἀδίκοις
1685 5052 1769 5106 καὶ

1886 5055 2037 5111 cruci
2066 5062 2453 5124 congruentem
2472 5051 2746 5124 agitarunt
2769 5057 2955 5124 vitam,
2983 5072 3046 5113 ac
3074 5059 3304 5117 similem
3338 5061 3461 5119 vitm

179 5152 461 5226 πονηροῖς
496 5148 836 5218 τολμήμασι,
873 5147 969 5200 καὶ
996 5148 1073 5222 τῇ
1092 5145 1189 5216 ὅλῃ
1229 5144 1575 5215 συμμόρφοις
1601 5144 1769 5199 αύτῶι

1887 5146 2094 5200 obitum
2127 5144 2523 5201 consolationis
2565 5154 2842 5215 expertem
2874 5165 2889 5203 :
2925 5164 3048 5204 cum
3081 5152 3327 5208 nonnulli
3359 5154 3463 5209 ini-

177 5247 299 5317 ζωῇ
330 5245 443 5314 τὴν
476 5242 796 5313 πρέπουσαν
820 5238 1197 5308 ὑφισταμένων
1223 5236 1410 5308 βιαίως
1440 5235 1639 5301 ἔξοδον.

1889 5251 2055 5308 quam
2085 5236 2207 5290 vita:
2235 5235 2493 5305 degendae
2522 5238 2819 5309 mortisque
2859 5242 3156 5299 subeunda
3193 5244 3461 5299 rationem

175 5342 467 5398 insistunt
512 5349 529 5388 :
562 5343 655 5388 aut
685 5340 894 5396 contra,
930 5330 999 5385 iis
1029 5328 1447 5385 convenientem
1473 5330 1567 5401 qui
1607 5329 1678 5387 ob
1705 5329 1908 5402 injusta
1940 5340 1995 5387 et
2041 5328 2311 5385 scelerata
2355 5327 2602 5387 facinora
2671 5333 2768 5390 toti
2840 5335 3085 5405 ipsorum
3139 5334 3274 5391 «itm
3323 5349 3460 5390 conv-

174 5449 483 5499 sentanea,
533 5438 927 5500 congruentem
984 5428 1260 5485 interitum
1317 5428 1580 5484 violenter
1613 5427 1920 5495 gsuﬂ‘erunt.

249 5536 333 5589 Οὐ
364 5532 549 5602 μόνον
576 5526 632 5582 δὲ
661 5528 727 5596 τῇ
758 5525 939 5595 κρίσει
969 5523 1076 5578 τῶν
1100 5521 1403 5592 ἀνθρώπων
1430 5523 1607 5593 σαφής
1634 5523 1769 5575 eam

1964 5519 2166 5577 Verum
2198 5538 2307 5579 non
2338 5522 2549 5590 judicio
2585 5531 2791 5580 tantum
2831 5522 3114 5579 hominum
3163 5519 3462 5578 dilucidum

176 5630 213 5699 ἡ
242 5624 501 5691 τοιαύτη
531 5619 754 5690 τελευτὴ
781 5617 884 5671 ποῦ
902 5617 1079 5686 φέρει,
1106 5615 1243 5670 ἀλλὰ
1269 5616 1382 5678 τοῖς
1414 5614 1554 5684 ὑπὲρ
1581 5614 1769 5686 ἀρετῆς

1891 5625 1992 5679 est,
2018 5630 2128 5685 quo
2155 5616 2343 5671 tendat
2375 5632 2523 5673 mors
2552 5616 2818 5687 ejusmodi
2864 5630 2879 5668 :
2922 5618 3016 5672 sed
3047 5627 3144 5685 pro
3173 5614 3371 5670 virtute
3407 5621 3463 5669 et

175 5739 241 5775 τε
277 5718 388 5773 κοιλ⁵
420 5711 721 5775 εὐσεδείας
764 5711 1021 5780 θνήσκειν
1053 5707 1510 5781 προαιρουμένοις
1558 5706 1769 5777 λαμπρὲ

1896 5707 2093 5777 pietate
2123 5709 2259 5762 mori
2297 5708 2666 5779 cupientibus,
2691 5710 2900 5764 clarum
2924 5718 2977 5764 et
2998 5708 3206 5763 varium
3238 5715 3464 5778 apparet

179 5813 284 5867 καὶ
319 5805 566 5875 ποικίλη
600 5806 634 5875 ή
674 5804 923 5873 οὐράνιος
968 5800 1318 5869 ἐπιφαίνεται
1367 5797 1666 5872 μαρτυρία,
1694 5815 1765 5857 κα

1895 5796 2114 5855 cmleste
2180 5797 2580 5870 testimonium,
2640 5810 2695 5859 et
2755 5799 3110 5857 familiarium
3155 5803 3345 5858 oeulos
3396 5812 3467 5860 ao

570 5902 840 5961 PMBDL.
887 5898 1000 5959 Gn.
1054 5896 1236 5958 CLX.
2986 5894 3064 5965 18
