3932 6458
164 352 258 419 557
1116 340 1488 403 EPZSTOLA
1534 339 1633 399 DE
1682 312 2459 405 PILEDESTINATIONE.
3312 338 3416 402 558

154 480 256 525 ται,
288 458 379 513 καὶ
426 455 794 529 προδηλοῦταί
828 473 891 523 γε
934 446 1149 517 πολλοῖς
1180 456 1379 520 αυτῶν,
1410 456 1505 509 καὶ
1549 454 1738 517 ἄλλοιςτ

1845 454 1928 523 qui
1975 454 2215 523 sibiipsis
2246 463 2459 510 tantum
2510 464 2563 510 et
2596 456 2709 512 Deo
2740 455 2953 524 vivunt,
2984 453 3263 512 nonnullis
3291 471 3425 526 pro-

156 555 274 623 περὶ
321 552 499 605 αὐτῶν
535 550 920 620 προδηλοῦται.
952 550 1064 604 Καὶ
1103 547 1245 602 οὕτω
1294 551 1371 618 τῷ
1410 549 1598 619 τρόπῳ
1624 546 1723 617 τῆς

156 644 398 713 τελευτῆς
432 646 458 695 ὁ
487 644 682 712 χρόνος
713 643 884 712 αὐτῆς
909 644 966 694 ἑν
997 642 1075 712 τῷ
1104 642 1371 710 πανσόιρῳ
1392 642 1519 709 περὶ
1544 640 1724 693 αὐτῶν

158 738 358 807 συνᾴδει
409 736 703 806 θελήματι,
767 738 843 799 ὡς
894 737 1066 790 ἐνίοτε
1110 736 1209 804 μὲν
1263 735 1358 787 καὶ
1408 736 1519 796 τοῖς
1548 732 1734 796 καλῶς

158 828 637 897 ἐπισκεπτομένοις
666 829 898 899 ὁρᾶσθαι
924 828 1208 890 δύνασθαι,
1244 828 1341 879 καὶ
1368 826 1569 897 μᾶλλον
1597 827 1735 878 ἁπο-

156 922 507 985 καλύπτοντος
561 921 656 973 τοῦ
689 921 844 986 Θεοῦ,
893 921 952 974 τὸ
983 922 1039 975 δὲ
1084 920 1332 973 πλεῖστον
1382 919 1459 990 τῷ
1489 916 1607 989 Θεῷ
1636 919 1738 988 μὲν

158 1015 434 1084 ἐγνῶσθαι,
470 1014 682 1077 πάντας
713 1014 769 1066 δὲ
808 1014 1091 1068 λανθάνειν
1122 1012 1465 1084 ἀνθρώπους.

1838 558 1955 618 pter
2002 548 2139 604 alias
2180 563 2377 604 causas
2423 550 2555 619 ipsis
2604 551 2767 606 utiles
2801 552 2911 606 vita
2966 550 3309 621 producitur,
3342 549 3426 604 vel

1838 642 2132 709 corripitur
2173 657 2186 693 :
2230 656 2293 697 ac
2323 643 2646 711 praesagitur
2687 660 2818 699 sane
2852 645 3122 714 plerisque
3151 644 3422 714 ipsorum,

1840 743 2005 803 atque
2030 735 2151 787 aliis
2177 734 2243 788 de
2278 735 2410 803 ipsis
2442 737 2914 807 praesigniﬁcalur.
2948 735 3135 806 Itaque
3167 736 3426 790 interitus

1842 827 2051 896 generi,
2085 836 2300 896 tempus
2336 828 2510 897 ipsius
2547 830 2600 882 in
2636 829 3041 898 sapicntissima
3086 829 3155 883 de
3190 837 3427 897 utroque

1846 921 2121 975 voluntate
2152 919 2393 975 concinit
2422 938 2437 987 ;
2471 920 2608 977 adeo
2643 931 2701 976 ut
2746 921 3042 990 aliquando
3084 922 3249 977 etiam
3305 920 3431 990 pul-

1844 1014 1975 1067 cbre
2028 1014 2465 1082 inSpectantlhus
2500 1014 2670 1070 videri
2701 1015 2892 1083 possit,
2920 1014 3015 1069 sed
3055 1016 3226 1068 multo
3255 1012 3430 1083 magis

156 1110 423 1165 revelame'
461 1108 572 1163 Deo
610 1128 622 1163 :
662 1120 723 1163 ut
770 1110 1064 1180 plurimum
1116 1118 1297 1162 autem
1356 1107 1465 1162 Deo
1513 1107 1736 1176 quidem
1789 1116 2082 1178 utrumque
2138 1122 2502 1180 perSpectum,
2570 1118 2690 1175 est,
2741 1124 2935 1167 omnes
2982 1124 3114 1165 vero
3170 1108 3424 1165 homines

153 1205 287 1259 latet.

220 1295 437 1350 Τούτων
474 1296 732 1350 ἁπάντων
760 1298 818 1349 αἱ
852 1297 996 1365 ἱεραὶ
1030 1296 1266 1366 ἱστορίαι
1311 1296 1537 1365 πλήρεις
1570 1296 1727 1351 εἰσίν.

155 1391 211 1443 Ai
261 1390 365 1443 τῶν
419 1389 677 1460 Πατέρων
720 1390 1019 1460 διακρίσεις
1066 1389 1173 1442 τῶν
1234 1388 1418 1458 ἱερῶν,
1453 1391 1512 1441 οὐ
1553 1389 1732 1458 μάτην

155 1484 663 1553 συγγεγραμμέναι,
705 1482 764 1535 ού
822 1484 1002 1551 μάτην
1049 1481 1584 1549 ἀναγινωσκόμεναι,
1616 1481 1732 1541 τοῖς

155 1579 279 1650 μετὰ
303 1579 400 1646 τῆς
425 1576 684 1644 ἀληθείας
709 1575 846 1645 ὁμοῦ
890 1576 983 1628 καὶ
1011 1576 1111 1644 τῆς
1144 1574 1354 1627 ἑαυτῶν
1379 1573 1727 1642 φροντίζουσι

157 1672 444 1739 σωτηρίας.
494 1668 637 1720 Ἀλλ’
681 1667 709 1721 ὃ
746 1667 934 1735 μεῖζόν
986 1668 1127 1730 ἑστι,
1171 1666 1374 1720 τούτων
1410 1666 1723 1737 ἁπάντωνή

160 1765 270 1817 θεῖα
296 1765 457 1832 γέμει
482 1763 695 1832 Γραφὴ,
728 1761 939 1826 λέξεσιν
959 1762 1172 1825 αὐταῖς,
1200 1758 1235 1813 ἃ
1258 1758 1355 1813 νῦν
1384 1774 1723 1828 γεγραπται,

1908 1292 2005 1348 llis
2038 1292 2296 1348 omnibus
2326 1292 2499 1362 plenae
2529 1300 2658 1346 sunt
2689 1292 2932 1346 historia;
2963 1307 3133 1346 sacra:
3158 1332 3174 1356 ,
3205 1301 3258 1346 et
3289 1308 3423 1348 san-

1835 1395 2047 1441 ctorum
2097 1384 2319 1439 Patrum
2367 1385 2790 1452 dijudicationcs
2833 1400 2939 1438 non
2986 1384 3184 1439 frustra
3234 1385 3429 1440 litteris

1835 1483 2185 1552 consignatae,
2241 1499 2339 1536 nec
2384 1484 2621 1536 inaniter
2672 1484 2862 1547 lect-ie,
2903 1482 2969 1536 iis
3023 1483 3244 1551 quidem
3281 1492 3430 1538 certe

1840 1576 2066 1644 quibus,
2101 1560 2227 1628 cum
2270 1575 2538 1638 veritatis,
2578 1585 2689 1628 tum
2726 1576 2920 1631 salutis
2967 1590 3080 1629 suae
3113 1591 3243 1630 cura
3287 1592 3428 1644 prae-

1840 1671 2002 1739 cipua
2030 1678 2133 1723 est.
2176 1668 2279 1723 Sed
2310 1668 2456 1737 quod
2490 1668 2665 1737 majus
2708 1678 2813 1734 est,
2841 1669 2926 1723 his
2955 1666 3212 1722 omnibus
3244 1668 3426 1721 divina

1839 1763 2055 1831 eloquia
2099 1762 2297 1818 referta
2339 1770 2488 1825 sunt,
2539 1779 2657 1831 qua:
2697 1762 2878 1817 verbis
2902 1762 3126 1816 disertis
3160 1776 3222 1816 ea
3253 1762 3428 1816 stabio

158 1856 463 1922 βεϐαιοῦσα,
513 1858 561 1908 εἰ
610 1856 703 1908 καὶ
740 1856 1037 1923 συντομίας
1070 1853 1232 1924 χάριν
1266 1854 1367 1916 τὰς
1398 1853 1483 1922 ἐφ’
1513 1852 1729 1920 ἑκάστῳ

1845 1857 2004 1919 liunt,
2042 1868 2162 1924 qua:
2202 1870 2347 1909 nunc
2386 1856 2587 1925 scripta
2641 1865 2771 1909 sunt
2816 1870 2831 1907 :
2879 1855 3099 1909 tametsi
3150 1856 3429 1910 brevitatis

155 1949 352 2003 τούτων
397 1950 456 2016 ἐξ
487 1949 657 2016 αὐτῆς
692 1949 1025 2018 παρὴκαμεν
1064 1938 1392 2018 μαρτυρίας.
1427 1946 1551 2001 Οὐδ’
1595 1945 1732 2016 αὑτὴ

156 2045 351 2107 πάντας
385 2044 591 2111 ἱστορεῖ
635 2042 761 2101 τοὺς
794 2040 1052 2110 τρόπους,
1106 2040 1391 2111 ἀμήχανον
1417 2039 1525 2108 γάρ
1550 2056 1565 2072 ⁶
1598 2039 1735 2093 ἀλλὰ

156 2134 365 2204 βραχεῖς
420 2152 571 2196 τινας
603 2132 850 2198 τούτους,
885 2135 959 2194 ὡς
1010 2132 1077 2186 ἂν
1136 2130 1196 2195 ἑξ
1241 2131 1423 2184 αὐτῶν
1482 2131 1577 2183 καὶ
1610 2133 1738 2201 περὶ⁹

151 2228 254 2278 τῶν
290 2226 696 2297 ἀγνοουμένων,
730 2225 805 2288 ὡς
858 2226 1260 2294 σιωπωμένων,
1295 2224 1520 2294 βεϐαίαν
1573 2227 1733 2293 ἡμεῖς

153 2321 249 2388 τὴν
279 2321 407 2389 περί
434 2320 531 2388 τῆς
569 2318 829 2389 Προνοίας
862 2318 1079 2386 ἔχωμεν
1110 2319 1315 2384 πίστιν,
1348 2320 1413 2388 ἣν
1443 2318 1504 2369 οὖ
1537 2335 1738 2385 γεννω-

154 2409 327 2476 μένων
364 2410 529 2478 μόνον
573 2411 731 2479 ἡμῶν
761 2414 857 2462 καὶ
886 2409 1129 2473 ζώντων,
1162 2408 1301 2462 ἀλλά
1347 2409 1438 2461 καὶ
1472 2409 1733 2475 μεθιστα-

155 2502 332 2569 μένων
372 2503 621 2555 ἑντεῦθεν
660 2505 918 2567 ποιεῖται,
967 2502 1042 2564 ὡς
1070 2503 1137 2573 τῇ
1178 2500 1298 2571 θείᾳ
1355 2502 1566 2570 πρέπον
1592 2501 1739 2552 ἐστὶν

153 2592 281 2663 ἀξία
329 2592 429 2645 καὶ
462 2593 759 2660 ἀγαθότητι
801 2593 897 2646 καὶ
950 2590 1135 2660 σοφίᾳ.
1190 2592 1410 2644 Μᾶλλον
1442 2590 1497 2644 δὲ
1544 2591 1740 2647 σεαυτόν

146 2686 267 2735 ἐστι
323 2683 385 2735 τὸ
441 2683 661 2744 ζώντων
710 2684 868 2752 ἡμῶν
913 2684 1186 2753 προνοεῖν,
1230 2682 1327 2734 καὶ
1375 2682 1433 2733 τὸ
1460 2681 1609 2744 τέλος
1642 2680 1742 2749 τῆς

147 2776 299 2843 ζωῆς
330 2760 521 2827 ὁποῖον
552 2775 704 2827 ἔσται
751 2776 847 2827 καὶ
894 2775 979 2828 ὅτε
1037 2774 1113 2843 μὴ
1148 2773 1404 2839 καθάπαξ
1445 2774 1741 2844 ὑπερορᾷν.

150 2870 217 2920 Ὃ
254 2868 354 2936 τῆς
408 2866 644 2920 ἐνταῦθα
684 2866 829 2934 ζωῆς
862 2866 1008 2935 ὄρος,
1037 2865 1135 2917 καλ⁸
1182 2862 1376 2933 πέρας,
1414 2865 1509 2917 καὶ
1562 2864 1745 2934 κρίσις

144 2961 263 3015 ἐστὶ
296 2960 391 3013 καὶ
429 2960 687 3029 σφραγὶς,
719 2959 813 3010 καὶ
853 2950 914 3010 οὗ
945 2954 1231 3027 προῦργου
1270 2957 1474 3018 πάντες
1510 2958 1559 3009 οἱ
1605 2955 1744 3019 ζῶν·

148 3072 235 3117 τες
298 3052 711 3123 φροντίζουσιν,
769 3050 826 3103 οἵ
870 3067 929 3100 τε
978 3049 1342 3117 ἀπευχόμενοι
1372 3047 1462 3099 τὸν
1516 3046 1747 3099 θάνατον

152 3145 381 3213 ἐγγύθεν
419 3145 597 3214 ἦκειν,
631 3141 768 3194 οἵτε
806 3140 1117 3208 εὐχόμενοι,
1158 3135 1432 3205 διαφόρως
1462 3136 1736 3203 ἑκάτεροι.

1838 1950 2011 2020 gratia
2047 1948 2358 2003 testimonia
2390 1964 2553 2014 super
2585 1962 2918 2017 unoquoque
2960 1949 3160 2002 horum
3200 1955 3423 2016 praeter-

1840 2034 2090 2098 misimus
2115 2060 2127 2095 :
2152 2059 2325 2112 neque
2358 2044 2474 2108 ipsa
2503 2042 2786 2112 Scriptura
2818 2057 3011 2098 omnes
3036 2048 3431 2096 commemorat

1840 2132 2032 2185 modos
2071 2132 2145 2201 (id
2200 2132 2345 2185 enim
2393 2148 2457 2184 ex
2493 2148 2556 2185 eo
2591 2147 2788 2202 genere
2826 2142 2911 2186 est
2964 2131 3109 2200 quod
3158 2131 3272 2184 ﬁeri
3321 2146 3429 2185 non

1840 2228 2063 2291 potest),
2097 2240 2282 2277 verum
2312 2239 2514 2292 paucos
2543 2232 2751 2278 tantum
2778 2222 3068 2292 quosdam,
3097 2230 3157 2277 ut
3181 2237 3247 2276 cx
3275 2222 3427 2290 ejus-

1842 2314 1985 2368 modi
2011 2315 2174 2369 etiam
2210 2316 2274 2368 de
2304 2316 2504 2382 ignotis
2534 2315 2698 2368 veluti
2729 2314 2946 2370 silentio
2978 2313 3296 2384 praeteritis,
3327 2326 3428 2367 nos

1841 2406 2054 2460 (inuam
2099 2409 2164 2460 de
2204 2406 2547 2461 Providentia
2579 2407 2737 2460 ﬁdem
2778 2406 3095 2468 habeamus.
3118 2421 3283 2477 quam
3316 2421 3428 2461 non

1843 2503 1998 2557 nobis
2031 2503 2207 2557 Solum
2239 2504 2331 2571 qui
2366 2504 2644 2557 nascimur
2671 2512 2726 2557 et
2757 2502 3011 2564 vivimus,
3038 2516 3227 2556 verum
3261 2500 3427 2556 etiam

1843 2596 1928 2650 his
1955 2597 2047 2665 qui
2085 2597 2358 2651 excedunt
2386 2597 2531 2663 hinc,
2561 2596 2802 2663 adh-ibet,
2844 2604 2901 2651 ut
2935 2595 3134 2650 divinae
3161 2594 3428 2650 decorum

1845 2698 1930 2742 est
1976 2689 2281 2757 dignationi
2329 2698 2382 2742 et
2423 2687 2651 2742 bonitati
2705 2702 2771 2743 ac
2806 2687 3088 2757 sapientia:
3118 2707 3132 2743 :
3164 2688 3274 2744 imo
3299 2702 3430 2743 vero

1851 2780 1995 2833 idem
2032 2791 2117 2834 est
2147 2778 2459 2834 viventibus
2491 2780 2649 2835 nobis
2680 2781 2989 2849 providere,
3024 2789 3078 2834 et
3108 2780 3234 2835 vita
3264 2782 3428 2835 tinem

1848 2871 2029 2941 qualis
2066 2871 2136 2924 sit
2166 2870 2387 2925 futurus
2430 2881 2486 2925 et
2524 2873 2744 2941 quando
2792 2883 3081 2939 venturus,
3120 2887 3227 2928 non
3259 2874 3430 2928 semel

1849 2965 2181 3033 prospicere.
2216 2965 2281 3038 ᾼι
2316 2965 2580 3020 terminus
2613 2966 2738 3019 vitm
2765 2980 2886 3035 qua:
2913 2966 3000 3019 hic
3037 2967 3218 3037 agitur
3247 2966 3430 3027 limes.

1846 3056 2133 3124 judicium,
2185 3057 2536 3126 sigillumqne
2588 3067 2673 3113 est
2708 3076 2721 3112 :
2754 3067 2808 3113 et
2858 3057 2911 3112 id
2960 3074 3142 3128 operae
3192 3061 3428 3129 pretium

1852 3149 2011 3217 cujus
2042 3163 2235 3204 omnes
2272 3150 2362 3219 qui
2394 3150 2586 3203 vivunt
2632 3165 2816 3204 curam
2851 3150 3050 3206 habent
3079 3170 3095 3207 :
3128 3162 3238 3207 tam
3269 3154 3304 3207 ii
3335 3156 3429 3224 qui

158 3239 313 3290 Ἐστι
330 3236 374 3288 δ’
403 3237 491 3287 ὅτε
522 3235 615 3287 καὶ
636 3235 747 3295 τοῖς
771 3232 952 3293 αὐτοῖς
972 3230 1231 3297 ἀγόμενοι
1256 3228 1557 3295 λογισμοῖς,
1585 3225 1738 3277 ἁκού-

1849 3240 2190 3294 detestantur
2213 3248 2440 3295 mortem
2472 3256 2635 3311 prope
2654 3241 3099 3312 accedet-mquam
3122 3244 3213 3314 qui
3236 3215 3430 3314 optant

161 3346 277 3382 ουσι
311 3328 423 3397 γὰρ
447 3328 523 3391 τὸ,
566 3326 655 3379 Ἐν
684 3320 724 3392 ᾧ
758 3323 814 3376 εὖ
828 3341 904 3395 ρω
936 3337 1016 3384 σε,
1049 3323 1165 3373 ἐκεῖ
1191 3320 1286 3373 καὶ
1308 3318 1478 3389 κρινῶ
1505 3334 1582 3370 σε.
1611 3318 1745 3370 Τίνα

157 3422 209 3477 δὲ
237 3425 397 3490 λόγον
451 3421 572 3490 ἔχον
635 3419 754 3471 ἑστλ.
801 3418 901 3486 τῆς
939 3416 1039 3485 μὲν
1087 3417 1195 3468 τῶν
1249 3412 1555 3483 ἀνθρώπων
1600 3410 1746 3483 ζωῆς

162 3516 299 3569 οὓτω
343 3515 629 3583 πατρικῶς
658 3514 748 3565 τὸν
774 3510 906 3564 Θεὸν
950 3509 1201 3579 προνοεῖν
1230 3545 1244 3570 ,
1277 3506 1374 3574 τῆς
1410 3504 1465 3556 δὲ
1489 3504 1744 3572 τελευτῆς

168 3610 343 3661 αὐτῶν
379 3607 586 3678 μηδένα
614 3604 886 3660 ποιεῖσθαι
915 3602 1115 3670 λόγονς
1165 3600 1198 3669 ἡ
1234 3600 1332 3669 μὲν
1364 3599 1472 3667 γάρ
1509 3596 1745 3650 ἐνταῦθα

165 3701 273 3773 ζωὴ
314 3702 595 3771 ὁδοιπορία
624 3699 707 3760 τίς
750 3700 862 3750 ἑστι
897 3696 1030 3767 πρὸς
1061 3696 1122 3747 τὸ
1151 3694 1516 3763 προκείμενον
1540 3690 1694 3752 τέλος
1726 3704 1739 3719 ·

162 3798 187 3849 ὁ
220 3796 274 3848 δὲ
305 3796 538 3856 θάνατος
588 3794 687 3863 τὴν
738 3789 972 3844 ἐνταῦθα
1024 3786 1189 3840 παύει
1236 3785 1402 3852 ζωήν.
1448 3784 1558 3836 Καὶ
1589 3785 1739 3843 πᾶσα

167 3889 261 3959 μὲν
291 3889 527 3941 ἑκάστου
561 3882 790 3952 σπουδὴ,
824 3883 977 3933 πᾶσα
1006 3880 1063 3932 δὲ
1102 3877 1284 3931 θεόθεν
1310 3875 1544 3946 χορηγία
1576 3891 1738 3926 συνα-

164 3981 494 4032 ποπαύεται.
517 3976 695 4030 Πολλὰ
716 3974 773 4027 δὲ
801 3973 870 4025 τά
902 3971 1161 4025 ποιοῦντα
1197 3970 1290 4023 τὶν
1321 3970 1572 4021 θάνατον’
1602 3966 1743 4019 ὥστε

165 4074 254 4125 καὶ
281 4073 348 4126 τὰ
382 4073 482 4141 τὴν
529 4071 674 4138 ζωὴν
704 4067 948 4120 παύοντα
994 4064 1219 4133 ταύτην,
1256 4061 1356 4129 τὴν
1406 4060 1573 4129 μόνην
1612 4058 1744 4127 ὓλην

166 4168 270 4217 τῶν
305 4165 434 4234 περὶ
465 4164 614 4232 ἡμᾶς
645 4158 909 4230 προνοιῶν
940 4155 1032 4209 τοῦ
1068 4153 1227 4215 Θεοῦ,
1273 4153 1342 4206 δι’
1370 4147 1445 4205 ὧν
1474 4152 1609 4221 πρὸς
1645 4151 1744 4202 αὐ·-

167 4258 252 4309 τὸν
283 4254 606 4327 ὁριζόμεθα.
659 4250 831 4311 am;
858 4250 967 4319 γάρ
990 4251 1109 4301 ἑστι
1155 4245 1215 4299 τὸ
1244 4246 1397 4307 τέλος
1443 4244 1622 4314 ἡμῶν,
1655 4243 1745 4321 οὐ,-

167 4348 302 4411 ὁ⁹είς
331 4349 463 4402 ἄλλο
496 4346 648 4408 τέλος
676 4344 821 4414 ἡμᾶς
854 4340 1027 4410 ὁρίζει
1058 4338 1188 4410 παρ’
1220 4339 1431 4393 ἑαυτόν.
1471 4335 1680 4389 Οὐκοῦν
1708 4334 1741 4404 ἠ

162 4440 393 4510 τοσαύτη
454 4438 584 4507 περὶ
634 4438 782 4506 ἡμᾶς
834 4434 929 4487 τοῦ
983 4431 1122 4484 Θεοῦ
1176 4430 1403 4501 πρόνοια
1462 4428 1743 4498 πάρεργον

1846 3333 2073 3402 propius
2107 3333 2341 3400 adesse;
2376 3333 2691 3390 differenter
2733 3338 2952 3406 utrique
2982 3353 2997 3390 :
3032 3352 3430 3409 nonnunquam

1847 3427 2010 3479 etiam
2045 3426 2236 3481 iisdem
2294 3426 2602 3482 rationibus
2649 3430 2856 3484 inducti
2887 3445 2902 3483 :
2936 3431 3251 3486 auscultant
3282 3435 3425 3488 enim

1849 3516 1951 3569 hoc
1986 3534 1998 3569 :
2035 3535 2054 3568 ι
2089 3516 2144 3570 ln
2176 3533 2285 3587 quo
2326 3528 2377 3573 te
2412 3528 2559 3574 Statu
2594 3519 2880 3586 invenero,
2930 3522 3094 3576 etiam
3137 3532 3189 3578 te
3212 3524 3426 3593 judica-

1846 3610 1938 3663 ho.
1974 3628 1991 3660 ι
2031 3609 2201 3675 Quam
2235 3617 2417 3666 autem
2455 3612 2681 3667 haberet
2714 3613 2979 3670 rationem
3000 3655 3017 3680 ,
3050 3618 3176 3671 vitae
3206 3618 3425 3687 quidem

1848 3699 2131 3755 hominum
2170 3701 2241 3755 ita
2275 3713 2501 3771 paterne
2548 3703 3002 3776 indulgenterque
3031 3706 3200 3761 Deum
3230 3723 3431 3763 consu-

1847 3790 1978 3853 lere.
2018 3802 2246 3847 mortem
2286 3810 2418 3850 vero
2450 3795 2695 3864 ipsorum
2727 3796 2873 3850 nulla
2922 3798 3270 3867 providentia
3303 3815 3429 3869 pro-

1847 3882 2038 3950 sequi?
2069 3880 2202 3936 Nam
2233 3901 2352 3952 quae
2380 3887 2467 3940 hic
2498 3888 2735 3955 agitatur
2768 3889 2896 3954 vita,
2922 3890 3007 3943 via
3032 3893 3279 3959 quaedam
3304 3908 3427 3960 pro-

1848 3988 2177 4042 gressusque
2201 3983 2287 4027 est
2338 3977 2404 4029 ad
2447 3974 2605 4030 tinent
2642 3978 3021 4045 propositum;
3054 3994 3201 4035 mors
3242 3990 3424 4036 autem

1849 4066 2012 4118 vitam
2045 4065 2185 4118 hanc
2214 4074 2369 4120 metu:
2396 4069 2648 4122 admovet
2680 4085 2694 4121 :
2723 4084 2787 4122 ac
2814 4084 2975 4124 omne
2999 4085 3132 4125 sane
3155 4072 3429 4142 cujusque

1845 4155 2089 4208 studium
2144 4157 2432 4224 omnisque
2479 4156 2694 4227 largitio
2746 4158 2844 4213 Dei
2888 4175 3114 4216 munere
3164 4178 3427 4219 concessa

1847 4261 1954 4300 una
1976 4256 2176 4301 cessat.
2202 4246 2370 4301 Multa
2404 4263 2570 4318 porro
2591 4258 2719 4305 sunt
2748 4265 2868 4321 quae
2895 4261 3126 4308 mortem
3154 4256 3421 4312 aﬂ‘erunt:
3466 4266 3467 4269 ‘

1846 4336 1921 4391 ita
1951 4347 2007 4391 nt
2036 4352 2156 4405 qua:
2190 4339 2352 4391 vitam
2388 4339 2530 4393 hanc
2575 4344 2910 4410 opprinmnt.
2939 4346 3055 4400 sola
3096 4348 3168 4404 sit
3197 4352 3425 4407 materia

1844 4430 2160 4500 multiplicis
2193 4429 2284 4485 Dei
2323 4431 2679 4501 providentiae
2713 4435 2860 4491 circa
2887 4453 3007 4500 nos.
3044 4455 3141 4511 per
3165 4458 3329 4512 quam
3358 4446 3427 4500 ad

163 4532 309 4587 ἔσται
345 4534 457 4587 τᾶιν
495 4528 754 4583 ποικίλων
780 4527 874 4581 καὶ
916 4524 1273 4591 πολυτρόπων
1304 4520 1492 4574 αἰτιῶν
1521 4520 1616 4575 τοῦ
1648 4520 1738 4572 0a.-

1847 4521 2021 4591 ipsum
2061 4523 2420 4576 destinantur.
2461 4523 2758 4581 Enimvero
2791 4528 2906 4598 ipse
2939 4529 3061 4585 linis
3096 4544 3281 4588 noster
3314 4547 3422 4601 est,

164 4626 343 4688 νάτου,
395 4625 496 4678 καὶ
540 4624 709 4692 τύχης
768 4619 863 4673 καὶ
918 4618 1252 4687 αὐτομάτου,
1288 4614 1383 4667 καὶ
1430 4612 1540 4666 τῶν
1600 4614 1740 4667 κατὰ

167 4717 512 4788 συμϐεϐηκὸς
566 4714 877 4781 λεγομένων
916 4711 1009 4762 καὶ
1066 4709 1283 4760 πάντων
1333 4706 1442 4759 τῶν
1490 4705 1741 4759 ὁπωσοῦν

163 4808 347 4873 όντων,
387 4807 533 4862 κατά
569 4805 824 4873 πρόνοιαν
856 4802 1046 4866 ὄντων,
1081 4800 1112 4870 ἦ
1148 4798 1369 4867 μᾶλλον,
1397 4800 1424 4851 ὁ
1467 4796 1544 4866 μὴ
1580 4812 1744 4865 προν-

164 4900 320 4964 τίςων
348 4900 514 4953 ὁπότε
559 4894 655 4949 καὶ
689 4896 836 4955 ὅπως
869 4893 897 4946 ό
928 4891 1156 4951 θάνατος
1194 4890 1294 4957 τὴν
1338 4886 1487 4956 ζωὴν
1518 4886 1740 4949 παύσει,

167 4994 257 5045 καὶ
285 4992 383 5061 τ’ὴν
414 4990 624 5059 ταύτης
656 4985 1040 5056 καρποφορίαν
1090 4982 1202 5043 τοῖς
1232 4979 1366 5044 ζῶσι
1413 4978 1740 5044 σπουδαίαις,

164 5085 268 5138 οὐδ’
296 5087 446 5149 ὅπως
496 5083 772 5153 ζήσονται,
808 5079 901 5129 καὶ
937 5076 988 5127 τί
1022 5073 1225 5137 ζῶντες
1275 5071 1554 5134 ἀνύσουσι,
1601 5072 1741 5123 πάνυ

166 5176 216 5228 τί
250 5177 512 5247 φροντιεῖ.
547 5175 609 5226 Εἰ
638 5171 694 5224 δὲ
725 5169 884 5222 τοῦτο
911 5164 1104 5235 ψεῦδός
1129 5180 1184 5216 τε
1212 5163 1308 5215 καὶ
1333 5163 1618 5228 ἀδύνατον,
1648 5163 1742 5215 καὶ

168 5266 232 5319 δι’
266 5268 432 5321 αὑτοῦ
466 5266 631 5337 μόνου
669 5259 1083 5315 κατευοδοῠνται
1119 5254 1256 5325 πρὸς
1299 5254 1359 5305 τὸ
1385 5254 1537 5316 τέλος
1568 5252 1745 5321 ὁριζό-

172 5376 342 5427 μενοι,
370 5360 569 5413 ὁπόσον
598 5355 664 5411 ἂν
693 5355 788 5408 καὶ
821 5349 1034 5405 οἴκοθεν
1076 5346 1379 5400 σπεύδωσιν
1407 5344 1461 5397 οἴ
1486 5362 1549 5413 γε
1579 5360 1745 5395 σπου-

169 5452 300 5505 δαῖοι
330 5467 343 5481 ⁸
378 5450 619 5519 εὐλόγως
680 5449 775 5502 καὶ
825 5446 904 5515 τῷ
940 5444 1038 5511 τῆς
1083 5440 1232 5509 ζωῆς
1287 5438 1470 5508 μέτρῳ
1516 5439 1652 5506 πρὸς
1682 5438 1744 5489 τὸ

172 5546 451 5613 συμφέρον
479 5543 743 5612 κέχρηται
773 5536 879 5591 τῶν
915 5532 1270 5605 ὁριζομένων,
1306 5532 1402 5584 καὶ
1433 5532 1623 5597 μετρεῖ
1643 5529 1743 5599 τὴν

171 5628 310 5702 ζωὴν
341 5635 370 5687 ὁ
406 5634 567 5701 μόνος
603 5633 823 5702 μετρεῖν
882 5630 1219 5698 δυνάμενοςς
1270 5627 1366 5680 καὶ
1394 5626 1461 5680 τά
1486 5624 1741 5678 ποιοῦντα

171 5726 265 5792 τὴν
308 5725 589 5794 τελευτὴν,
642 5722 806 5776 αὐτοῦ
860 5721 1194 5784 κελεύοντος,
1242 5720 1274 5789 ἢ
1331 5718 1740 5793 συγχωροῦντος

173 5819 258 5867 καὶ
290 5817 365 5889 μὴ
401 5818 720 5883 κωλύοντος,
749 5816 952 5885 ταύτην
992 5815 1255 5867 ποιοῦσιν.
1289 5832 1305 5864 ι
1341 5812 1605 5865 "Antam
1634 5812 1739 5883 γὰρ

1847 4626 2021 4680 neque
2057 4612 2121 4665 ad
2165 4613 2330 4666 alium
2368 4627 2470 4667 nos
2516 4615 2676 4669 linem
2711 4616 2978 4685 destinat,
3030 4631 3228 4689 praeter
3260 4638 3423 4691 quain

1846 4702 2105 4769 seipsum.
2150 4701 2405 4775 Nunquid
2442 4719 2573 4772 ergo
2603 4716 2755 4760 tanta
2790 4706 2881 4760 Dei
2916 4710 2968 4762 in
2998 4724 3100 4762 nos
3132 4714 3422 4779 providen»

1848 4796 1940 4858 tia,
1965 4796 2119 4865 quasi
2139 4796 2487 4850 corollarium
2507 4798 2614 4850 erit
2635 4799 2904 4853 variarum
2932 4801 3426 4876 multipliciumqne

1850 4886 2107 4942 interitus
2141 4903 2451 4951 causarum,
2486 4900 2537 4943 et
2570 4889 2803 4944 fortuna:
2831 4901 2884 4945 et
2932 4906 3095 4949 casus
3137 4905 3191 4950 et
3235 4912 3422 4953 eorum

1846 4993 1965 5049 qua:
1991 4994 2087 5049 per
2114 4980 2366 5034 accidens
2394 4980 2667 5046 dicuntur,
2695 4994 2748 5037 et
2772 4986 3016 5040 omnium
3047 5003 3169 5054 quae
3195 5006 3423 5061 quomo-

1844 5073 2130 5141 docnnque
2170 5072 2441 5127 exsistunt
2466 5072 2619 5142 juxta
2652 5073 3095 5134 Providentiam?
3127 5096 3194 5135 an
3239 5086 3422 5153 potius

1848 5162 2037 5234 (Dens)
2074 5177 2181 5216 non
2214 5172 2393 5228 curat,
2425 5166 2644 5232 quando
2691 5176 2745 5221 et
2792 5184 2897 5237 quo
2931 5178 3089 5239 pacto
3132 5189 3283 5229 more
3328 5191 3422 5230 ex-

1836 5255 2006 5334 pellet
2036 5256 2223 5321 vitam,
2257 5257 2486 5327 ejusque
2511 5255 2775 5327 fructum,
2803 5262 2870 5318 iis
2900 5264 2991 5334 qui
3027 5267 3253 5323 honeste
3273 5278 3325 5322 et
3351 5284 3421 5325 ex

1837 5330 2045 5401 'v‘ntute
2090 5348 2280 5403 vivunt
2326 5368 2340 5403 :
2382 5366 2482 5406 nec
2531 5355 2807 5421 quomodo
2844 5330 3057 5431 .qu'ique
3092 5361 3314 5423 vivent,
3364 5374 3420 5417 et

1844 5439 1974 5508 quid
2007 5440 2234 5495 vivendo
2259 5443 2563 5511 perlicicnt,
2584 5447 2809 5504 omnino
2834 5440 3107 5505 sollicnlus
3126 5451 3256 5505 erit?
3276 5457 3421 5522 quod

1844 5532 1889 5587 si
1924 5532 2024 5587 hoc
2054 5535 2399 5590 mendacium
2423 5547 2528 5600 est,
2553 5549 2606 5593 et
2638 5540 2752 5593 fieri
2782 5545 2969 5610 nequit
2993 5557 3007 5594 :
3032 5558 3094 5596 ac
3124 5558 3219 5611 per
3252 5545 3417 5601 Deum

1844 5631 2021 5681 solum
2055 5643 2313 5697 prospere
2342 5629 2622 5691 ducuntur
2672 5630 2737 5683 ad
2792 5631 2950 5686 linem
3006 5636 3094 5702 qui
3146 5620 3422 5703 praedesti-

1850 5731 2069 5782 rtanzur,
2126 5730 2611 5792 quantumcunque
2665 5738 2761 5776 sua
2814 5722 2996 5779 indole
3042 5725 3423 5796 imlnstriaque

1847 5812 2182 5881 l‘cstinarint,
2206 5813 2430 5871 virtutes
2463 5814 2651 5885 utique
2687 5825 2936 5873 amantes
2976 5836 2990 5873 :
3027 5819 3186 5874 etiam
3225 5821 3421 5880 rationi

3916 3644 3919 3661 ε

3912 3702 3919 3723 ηί

3914 3972 3919 3999 1

3916 4002 3919 4049 ί

3914 4054 3919 4127 l

3910 4140 3919 4179 4

3908 4222 3919 4287 ἓ

3908 4300 3919 4357 ἑ
