3932 6458
504 287 612 353 559

1531 281 1904 345 GENNADII
1937 283 2047 345 CP.

2178 282 2604 350 TRIARCHIE
3603 301 3686 366 5.50

502 410 884 472 congruenter,
933 399 1057 454 vitte
1091 397 1312 452 modulo
1344 395 1412 452 ad
1449 409 1641 452 eorum
1671 398 1764 466 qui
1795 396 2075 452 destinan-

2187 397 2253 452 ht
2279 396 2376 450 τοῦ
2427 395 2660 466 ἐσχάτου
2703 392 2865 466 μέχρι
2897 393 2994 449 καὶ
3040 393 3135 449 τοῦ
3178 395 3398 467 ἐσχάτου
3451 403 3692 482 avg,“

502 510 590 553 tur
620 495 1042 550 emolumentum
1075 491 1285 556 utitur;
1314 499 1370 545 et
1405 491 1570 545 vitam
1605 491 1845 544 metitur.
1873 487 1966 558 qui
1996 501 2087 544 so-

503 591 587 642 lus
616 586 789 640 metiri
832 594 1012 654 potest
1041 601 1056 638 :
1088 593 1142 638 et
1171 598 1295 653 qua:
1327 591 1555 637 mortem
1587 581 1808 651 pariunt
1852 579 1972 648 ipso
1995 577 2088 648 ju-

503 679 686 738 hcntn,
727 674 1191 738 autconcedente,
1227 673 1417 727 saltem
1455 686 1562 726 non
1594 681 1836 736 vetante,
1887 671 2084 726 interi-

500 779 610 820 tum
646 766 904 821 cilicium.
941 784 959 818 ι
997 764 1227 835 Attingit
1255 762 1398 818 enim
1429 778 1459 817 a
1489 762 1594 818 line
1625 777 1800 832 usque
1825 762 1891 816 ad
1923 761 2084 816 linem

500 861 714 914 fortiter
740 876 752 912 :
782 878 800 910 ι
831 866 888 912 ιιι
925 859 977 912 in
1007 855 1286 928 Sapientia
1323 855 1544 912 dicitur.
1583 873 1602 909 ι
1631 852 1696 910 Et
1729 853 1840 910 duo
1868 868 2086 923 passer-

433 990 437 996 -
502 955 608 1008 culi
637 968 758 1008 asse
791 967 959 1022 parvo
987 958 1277 1016 Vtcneunt;
1309 958 1476 1020 atque
1513 963 1656 1006 unus
1685 962 1749 1004 ex
1799 948 1933 1018 ipsis
1972 962 2086 1002 non

501 1047 656 1100 cadet
683 1045 738 1097 in
768 1055 910 1098 terra
937 1043 1142 1109 alisque
1165 1043 1324 1097 Patre
1348 1055 1503 1096 meo:
1533 1059 1553 1094 ι
1587 1041 1663 1110 (et
1685 1053 1804 1105 qua:
1827 1039 2083 1109 deinceps

465 1136 826 1208 -sequuntur)
853 1155 868 1191 :
899 1136 1158 1189 Dominus
1190 1135 1308 1203 ipse
1352 1143 1538 1189 noster
1570 1135 1671 1189 ait.
1712 1132 1868 1200 Quod
1900 1143 2080 1188 autem

500 1248 604 1284 non
630 1245 820 1284 omnes
850 1237 974 1281 sunt
1001 1227 1252 1293 studiosi,
1284 1242 1460 1294 neque
1499 1225 1568 1280 ad
1599 1235 1855 1281 mternam
1899 1226 2066 1279 vitam

500 1323 884 1392 pranlcstinati,
913 1323 1016 1376 hoc
1037 1320 1172 1374 nihil
1207 1318 1272 1374 ad
1300 1335 1436 1373 rem.
1461 1317 1669 1373 Etenim
1699 1316 1890 1372 sullicit
1915 1318 2078 1372 etiam

499 1432 622 1472 cum
664 1430 861 1482 magno
884 1415 1042 1470 Patre
1068 1412 1292 1477 Basilio,
1325 1412 1469 1482 quod
1503 1411 1901 1482 praedestinatis
1937 1407 2080 1464 alIixi

499 1519 626 1564 sunt
659 1507 752 1562 Dei
785 1521 1050 1562 concessu
1093 1505 1218 1561 vita:
1245 1505 1488 1568 limites;
1514 1513 1564 1558 et
1597 1502 1663 1560 ad
1688 1503 2078 1571 sempiternum

502 1604 702 1656 bonum
727 1600 861 1670 ipsis
893 1599 1264 1656 extenduntur
1292 1606 1385 1652 aut
1417 1595 1845 1658 contrahuntur,
1875 1596 2081 1666 pariter

500 1708 626 1748 cum
664 1693 848 1747 aureis
897 1701 1061 1760 atque
1101 1689 1375 1759 argenteis
1429 1702 1661 1758 qumque
1710 1687 1765 1740 in
1815 1685 2076 1740 honorem

2189 488 2342 552 Θεὸς,
2371 506 2390 540 ι
2415 489 2474 542 ἐν
2497 491 2562 558 τῇ
2586 487 2758 560 Σοφίᾳ
2776 488 2996 556 λέγεται
3021 503 3035 518 ο
3061 490 3156 544 καὶ
3185 507 3206 542 ε
3238 489 3336 546 Δύο
3363 499 3587 565 στρουθία
3611 507 3689 560 ἀσ-

2189 582 2380 664 σαρίου
2405 583 2688 648 πωλεῖται,
2714 583 2806 638 καὶ
2824 581 2881 636 ἓν
2900 581 2961 649 ἐξ
2991 582 3172 637 αὐτῶν
3195 584 3254 637 οὐ
3283 590 3506 644 πεσεῖται
3525 594 3592 657 είς
3614 599 3690 670 τὴν

2187 675 2290 744 γῆν
2315 673 2444 727 ἀνευ
2468 673 2562 728 τοῦ
2586 673 2796 744 Πατρός
2819 691 2940 743 μου,
2971 692 2990 726 ι
3018 675 3114 728 καὶ
3147 674 3216 729 τά
3243 674 3380 748 ἑξῆς,
3401 681 3544 747 αὐτὸς
3561 686 3586 738 ὸ
3605 688 3692 742 κά.

2189 783 2304 838 pws
2331 766 2489 836 ἡμῶν
2517 782 2674 836 φησι.
2711 765 2784 819 Τὸ
2816 766 2871 819 δέ
2909 766 2984 837 μὴ
3009 765 3218 830 πάντας
3248 763 3378 824 εῖναι
3404 775 3690 846 σπουδαίους,

2188 858 2324 927 μηδέ
2379 859 2516 928 πρὸς
2566 859 2668 930 τὴν
2706 859 3034 930 προαιὼνιον
3082 864 3509 933 προωρισμένους
3545 867 3688 940 ζωὴν,

2183 949 2336 1003 οὐδὲν
2371 950 2505 1020 πρὸς
2556 950 2648 1004 τὸν
2699 951 2877 1019 λόγον.
2921 950 3109 1021 Ἀρκεῖ
3153 953 3261 1022 γὰρ
3307 956 3396 1010 καὶ
3438 959 3554 1028 ἡμῖν
3583 962 3691 1031 μετά

2183 1041 2278 1098 τοῦ
2315 1043 2554 1112 μεγάλου
2588 1044 2798 1115 Πατρδς
2835 1044 3120 1121 Βασιλείου
3164 1045 3225 1099 τδ
3260 1047 3368 1111 τοῖς
3399 1056 3691 1123 προωρισμέ.

2183 1152 2293 1198 νοις
2321 1135 2628 1206 πεπηγέναι
2657 1135 2842 1190 θεόθεν
2871 1138 2938 1191 τά
2966 1137 3068 1206 τῆς
3099 1136 3244 1207 ζωῆς
3276 1139 3456 1209 μέτρα,
3481 1143 3562 1195 καὶ
3584 1144 3690 1210 πρὸς
3761 1171 3764 1174 ~

2181 1229 2242 1281 τὸ
2293 1228 2466 1282 ἀΐδιον
2502 1231 2780 1300 συμφέρον
2827 1231 3012 1293 αὐτοῖς
3061 1231 3408 1293 ἐκτείνεσθαι,
3445 1234 3472 1303 ἢ
3515 1238 3694 1290 συστέλ-

2181 1321 2372 1376 λεσθαι
2406 1324 2517 1386 τοῖς
2563 1326 2783 1392 χρυσοῖς
2818 1339 2877 1375 τε
2922 1322 3017 1377 καὶ¹
3056 1325 3314 1392 ἀργυροῖς
3356 1325 3442 1377 καὶ
3467 1328 3536 1388 είς
3561 1328 3690 1398 τιμὴν

2184 1413 2426 1479 σκεύεσι,
2465 1413 2608 1466 κατά
2640 1413 2730 1467 τὸν
2777 1414 3009 1480 Παῦλον,
3047 1414 3210 1486 οἷπερ
3257 1416 3588 1486 ἀναρίθμητοι
3617 1421 3691 1488 μέν

2181 1503 2311 1571 εισι,
2344 1505 2438 1558 καὶ
2469 1502 2664 1559 τούτου
2701 1503 2863 1575 χάρις
2893 1506 2926 1576 ἡ
2980 1507 3333 1574 γένισις,ἐίς
3363 1507 3690 1580 ἀναπλήρωσιν

2180 1595 2289 1648 τῶν
2325 1595 2603 1652 πεσόντων
2633 1596 2930 1668 οὐρανόθεν
2959 1598 3228 1668 ἀγγέλων.
3259 1598 3373 1669 Θεῷ
3396 1600 3448 1654 δέ
3476 1605 3692 1669 γινωσκόο

2185 1685 2340 1754 μενοι
2391 1687 2560 1758 μόνῳ,
2605 1688 2702 1742 καὶ
2755 1688 2846 1740 ὑπ’
2901 1690 3066 1743 αὐτοῦ
3115 1691 3467 1761 φανεροῦντσί
3503 1709 3623 1755 τινες
3646 1692 3691 1757 ἐξ

501 1792 630 1842 sunt
663 1785 834 1848 vasis,
865 1799 930 1838 ex
966 1781 1026 1836 B.
1055 1781 1256 1847 Paulo;
1297 1780 1389 1847 qui
1421 1779 1638 1846 quidem
1669 1787 1798 1834 sunt
1823 1781 2074 1834 innume-

2180 1773 2383 1839 αὐτῶν,
2409 1773 2501 1840 οὓς
2527 1778 2594 1831 ἂν
2621 1777 2893 1848 βούλοιντο
2924 1780 3293 1849 φανεροῦσθαι
3334 1781 3600 1844 κάνταῦθα,
3623 1785 3691 1838 καὶ

501 1879 550 1932 ri
580 1897 592 1932 :
625 1887 786 1948 atque
813 1883 1098 1945 eapropter
1126 1874 1408 1944 generatio
1435 1882 1520 1928 cst
1550 1872 1614 1926 ad
1639 1872 2074 1942 supplementum

499 1972 819 2040 angelorum
850 1969 943 2039 qui
987 1983 1017 2024 e
1037 1966 1193 2024 caelis
1221 1966 1564 2021 exciderunt.
1594 1962 1659 2018 Hi
1685 1980 1807 2018 cum
1841 1963 1950 2020 Deo
1974 1965 2076 2021 soli

499 2072 918 2134 cognoscantur,
965 2069 1019 2115 ct
1057 2059 1126 2114 ah
1165 2073 1230 2113 eo
1275 2056 1689 2112 manifestentur
1738 2056 1959 2126 quidam
2008 2071 2078 2114 ex

501 2157 657 2226 ipsis,
692 2169 832 2222 quos
865 2153 1028 2208 etiam
1065 2151 1152 2206 hic
1183 2147 1522 2205 manifestari
1558 2148 1808 2214 voluerit,
1839 2157 1894 2203 et
1935 2163 2078 2219 quos

502 2249 677 2302 latere
727 2244 877 2300 nefas
917 2251 1022 2298 est.
1071 2241 1294 2304 Deinde,
1341 2236 1800 2309 quemadmodum
1831 2238 2078 2308 providet

445 2327 452 2334 ’
498 2341 720 2412 quidem
747 2337 1000 2394 ocnnihus
1037 2336 1090 2390 in
1123 2335 1232 2390 vita
1260 2331 1596 2396 hominibus,
1628 2333 1720 2386 sed
1746 2331 2074 2397 din‘ercnter,

499 2444 556 2490 et
593 2445 689 2500 pro
717 2431 913 2486 merito
943 2443 1008 2484 ac
1037 2427 1301 2499 dignitate
1339 2425 1612 2495 cujusque
1653 2441 1666 2478 :
1709 2425 1787 2479 sic
1816 2424 1978 2478 etiam
2009 2424 2077 2480 de

498 2527 606 2582 line
653 2525 920 2592 ipsorum,
958 2535 1054 2590 par
1095 2527 1176 2572 est
1213 2517 1422 2572 varium
1474 2516 1674 2571 habere
1724 2516 1972 2571 ordinem
2024 2525 2078 2572 et

496 2627 805 2688 respecttun
837 2615 976 2685 apud
1001 2611 1243 2668 divinum
1265 2609 1557 2682 judicium.
1587 2607 1802 2662 Etenim
1824 2609 2077 2670 omnibus

495 2711 714 2782 quidem
751 2706 1063 2766 hominibus
1107 2703 1335 2774 praeﬁcit
1386 2702 1660 2772 angelum.
1697 2701 1800 2754 Sed
1843 2717 1950 2758 non
1983 2716 2078 2756 ea-

498 2801 622 2858 dem
665 2797 840 2869 angeli
864 2794 1230 2852 sollicitudine
1255 2793 1466 2864 potitur
1487 2791 1722 2846 intidelis
1751 2801 1916 2862 atque
1949 2790 2076 2846 (ide-

493 2893 567 2958 lis
603 2910 617 2948 :
649 2906 824 2961 neque
851 2889 1133 2968 improbus
1158 2887 1365 2957 pariter
1404 2900 1469 2941 ea
1501 2885 1702 2940 fruitur
1740 2899 1802 2940 ac
1848 2884 2073 2954 probus,

499 2984 717 3045 tametsi
743 2983 902 3042 ambo
935 2982 1047 3040 sint
1078 2980 1282 3038 lideles.
1323 2977 1511 3050 Itaque
1538 2979 1628 3036 hic
1659 2993 1879 3050 quoque
1909 2979 2075 3034 vitam

497 3088 745 3134 nostram
791 3075 1062 3139 omnium,
1106 3081 1162 3127 et
1207 3071 1413 3126 exitum
1449 3071 1734 3126 dellnitum
1776 3085 1919 3138 esse,
1955 3085 2075 3126 om-

499 3174 630 3226 nino
668 3181 956 3224 necessum
982 3173 1086 3220 est.
1119 3163 1288 3218 Porro
1315 3161 1576 3218 dilTerens
1603 3163 1752 3218 circa
1785 3163 1901 3218 haec
1927 3162 2077 3233 judi-

499 3267 648 3320 cium
677 3261 829 3330 juxta
860 3273 1050 3314 eorum
1099 3257 1193 3326 qui
1237 3256 1429 3311 vivunt
1471 3254 1810 3318 discrimina,
1841 3255 1948 3310 Deo
1975 3255 2075 3312 soli

501 3362 852 3426 perspectum
873 3358 975 3414 est,
1001 3364 1126 3403 cum
1154 3363 1326 3420 pauca
1357 3348 1512 3404 nobis
1538 3347 1646 3402 sint
1677 3348 1932 3413 revelata,
1961 3358 2074 3404 tum

499 3462 564 3502 es
593 3444 796 3500 divinis
831 3440 1053 3496 Litteris
1082 3449 1194 3494 tum
1220 3455 1284 3496 ex
1320 3439 1559 3495 historiis
1597 3441 1796 3507 sacris,
1833 3451 1890 3496 ut
1919 3450 2077 3496 antea

499 3529 805 3594 luculenter
829 3532 1182 3604 exposuimus
1215 3549 1229 3587 :
1273 3545 1450 3600 neque
1496 3546 1711 3602 acquum
1746 3542 1829 3587 est
1859 3548 1958 3587 nos
1983 3548 2077 3604 ag-

497 3631 650 3702 gredl
699 3643 760 3684 ea
813 3642 934 3697 qua:
984 3639 1160 3693 neque
1209 3624 1595 3694 comprehendi
1643 3633 1853 3697 queunt
1904 3639 2077 3696 neque

499 3721 636 3778 tradi
669 3736 690 3773 τ’
711 3730 768 3776 et
800 3719 868 3774 ab
903 3717 971 3773 iis
1000 3731 1122 3786 qua:
1166 3715 1540 3770 conceduntur
1585 3725 1640 3771 et
1687 3720 1887 3771 dantur
1920 3716 2077 3774 nobis

497 3803 571 3867 ad
597 3808 1060 3882 cognoscendum,
1085 3806 1401 3882 dissidendo
1433 3805 1752 3863 abscedere.
1797 3809 1863 3862 Et
1896 3816 2073 3863 tamen

496 3919 622 3960 cum
647 3901 1059 3972 reprobatorum
1090 3907 1144 3954 et
1173 3895 1610 3953 misericordiam
1635 3898 1955 3966 adeptorum
1991 3897 2074 3953 vi-

502 4007 612 4050 tam
649 3992 836 4066 divino
863 3990 1059 4061 subjici
1107 3989 1275 4062 iugo;
1323 3998 1436 4045 tum
1483 3989 1583 4060 ipsi
1617 3990 1918 4059 plareutem
1946 3993 2077 4046 edu-

497 4090 732 4144 ctiouem
763 4101 794 4141 e
829 4085 939 4140 vita
963 4123 978 4150 ,
1013 4084 1114 4142 hos
1144 4096 1359 4152 quoque
1389 4079 1662 4136 sustinere
1698 4081 1882 4134 divina
1913 4081 2074 4136 docet

499 4181 801 4249 Scriptura.
834 4176 1138 4234 Oetenduut
1167 4175 1329 4230 etiam
1357 4173 1606 4229 violentae
1631 4181 1832 4228 mortes
1859 4174 2073 4243 pupulis

476 4271 750 4336 inductae
800 4277 856 4321 et
904 4264 1268 4336 principibus,
1305 4263 1517 4318 ardenti
1561 4264 1676 4320 zelo
1719 4263 1942 4334 justitia:
1975 4279 2072 4318 an-

487 4364 750 4432 gelorum
797 4356 1332 4414 subministrantium
1377 4370 1441 4410 ac
1506 4355 1910 4426 prophetarum,
1961 4370 2071 4412 non

2178 1864 2272 1931 οὓς
2303 1866 2592 1922 λανθάνειν
2627 1869 2912 1924 ἀδύνατον.
2949 1871 3206 1938 Ἔπειτα,
3249 1872 3488 1944 καθάπερ
3517 1876 3691 1943 προνοεῖ

2180 1958 2282 2030 μὲν
2313 1959 2532 2016 πάντων
2565 1962 2621 2014 ἐν
2654 1964 2720 2032 τῇ
2755 1953 2866 2032 ζωῇ
2899 1963 3008 2016 τῶν
3043 1963 3365 2035 ἀνθρώπων,
3399 1965 3522 2018 ἀλλά
3548 1965 3692 2032 διαφί-

2181 2068 2288 2122 ρως
2317 2054 2412 2107 καὶ
2466 2054 2606 2109 κατά
2637 2054 2738 2126 τὴν
2787 2054 2943 2120 ἀξίαν
2996 2056 3246 2111 ἑκάστων
3267 2073 3280 2088 ⁸
3319 2056 3456 2111 οὕτω
3491 2058 3692 2125 καὶπερὶ

2177 2144 2272 2198 τοῦ
2304 2145 2489 2210 τέλους
2524 2145 2705 2200 αὐτῶν
2734 2148 2987 2218 ποικίλην
3013 2148 3160 2211 εἰκὸς
3181 2149 3324 2219 ἔχειν
3350 2149 3492 2220 παρὰ
3517 2151 3574 2218 τῇ
3597 2147 3688 2222 θείᾳ

2178 2237 2358 2306 κρίσει
2391 2238 2489 2308 τὴν
2525 2237 2676 2303 τάξιν
2708 2239 2801 2294 καὶ
2835 2238 2935 2312 τὴν
2975 2237 3302 2310 ἀπόϐλεψιν.
3342 2239 3444 2292 Καὶ
3469 2241 3584 2294 πᾶσι
3612 2239 3689 2310 μὲν

2176 2331 2284 2399 γάρ
2313 2330 2621 2400 ἀνθρώποις
2651 2332 2936 2400 ἐφίστησιν
2964 2332 3240 2402 ιάγγελον,
3275 2332 3386 2387 ἀλλ’
3426 2333 3482 2386 οῦ
3511 2333 3596 2401 τῆς
3620 2331 3692 2384 αὑ-

2177 2422 2276 2493 τῆς
2313 2423 2576 2478 ἀπολαύει
2614 2424 2709 2478 τοῦ
2744 2425 2974 2496 ἀγγέλου
3025 2426 3356 2496 κηδεμονίας
3393 2427 3419 2479 ό
3449 2426 3611 2486 πιστός
3634 2420 3691 2490 τῷ

2176 2514 2410 2586 ἀπίστῳ,
2454 2516 2565 2569 οὐδ’
2595 2516 2624 2570 ὁ
2663 2515 2862 2584 φαῦλος
2897 2517 2972 2588 τῷ
3005 2518 3221 2588 ἀγαθῷ,
3274 2518 3372 2572 κᾶν
3415 2508 3535 2572 ὦσιν
3563 2513 3693 2581 ἄμφω

2183 2608 2365 2661 πιστοί
2393 2624 2406 2638 ·
2437 2608 2581 2662 οὕτω
2612 2609 2891 2663 κάνταῦθα
2937 2609 3035 2684 τὴν
3068 2610 3169 2676 μὲν
3210 2611 3354 2682 ζωὴν
3383 2609 3527 2679 ἡμῶν
3561 2605 3696 2660 ἀπάνο

2179 2716 2286 2754 των
2317 2700 2414 2754 καὶ
2445 2701 2507 2753 τὸ
2531 2701 2684 2766 τέλος
2733 2701 2964 2771 ὡρίσθαι
3006 2704 3156 2755 πᾶσα
3205 2703 3416 2770 ἀνάγκη
3437 2713 3451 2728 ο
3481 2697 3584 2768 ηδέ
3609 2696 3693 2749 διεί-

2179 2809 2343 2862 φορος
2377 2794 2505 2864 περὶ
2532 2791 2704 2848 ταῦτα
2741 2794 2920 2865 κρίσις
2956 2793 3098 2848 κατᾶ
3132 2795 3234 2856 τὰς
3259 2793 3365 2847 τῶν
3395 2790 3588 2857 ζώντων
3611 2787 3696 2840 δια-

2180 2888 2350 2956 φορὰς
2375 2884 2452 2956 τῷ
2484 2884 2603 2956 Θεῷ
2655 2885 2926 2956 ἔγνωσται
2961 2886 3129 2958 μόνῳ,
3155 2888 3352 2955 ὀλίγων
3385 2885 3507 2953 ἡμῖν
3531 2881 3695 2935 ἀποκα-

2177 2977 2486 3046 λυφθέντων
2511 2977 2574 3032 ἐκ
2596 2996 2654 3032 τε
2681 2978 2787 3032 τῶν
2812 2977 2970 3032 θείων
3000 2977 3260 3048 ι¹ραφῶν,
3288 2978 3350 3032 ἐκ
3375 2993 3428 3029 τε
3451 2974 3548 3028 τῶν
3570 2973 3695 3040 ίερῖιν

2183 3071 2451 3141 ἱστοριῶν,
2482 3071 2558 3135 ὡς
2597 3071 2897 3141 φθάσαντες
2929 3071 3305 3142 διεξήλθομεν.
3330 3070 3433 3122 Καὶ
3454 3069 3508 3121 οῦ
3532 3066 3694 3119 δίκαιον

2180 3165 2350 3234 ἡμᾶς,
2378 3163 2466 3218 διά
2495 3163 2554 3216 τὸ
2586 3163 2662 3234 μὴ
2695 3163 2956 3218 δύνασθαι
3000 3167 3110 3226 τοῖς
3142 3164 3537 3234 ἀκαταλήπτοις
3557 3175 3606 3213 τε
3627 3157 3698 3208 aut

2183 3255 2258 3327 μὴ
2289 3255 2595 3325 δεδομένοις
2646 3256 2968 3326 ἐπιχειρεῖν,
3015 3256 3110 3310 καὶ
3155 3257 3267 3311 τῶν
3307 3250 3696 3325 ὁμολογουμένων

2179 3347 2608 3417 καὶδεδομένων
2661 3350 2796 3418 ἡμῖν
2827 3349 3023 3403 είδέναι
3061 3349 3475 3412 διαπιστοῦντας
3507 3345 3697 3414 ἀφίστα-

2179 3440 2322 3494 σθαι.
2358 3440 2553 3493 Καίτοι
2589 3440 2650 3494 τὸ
2682 3441 2897 3504 καὶτὰς
2945 3441 3055 3494 τῶν
3101 3431 3694 3510 ἀποδεδοκιμασμένωνῆ

2174 3529 2490 3601 ἡλεημένων
2519 3531 2666 3594 ζωὰς
2696 3531 2771 3600 τῷ
2804 3531 2934 3602 θείῳ
2964 3529 3290 3588 ὑποκεῖσθαι
3323 3529 3492 3600 ζυγῷ,
3520 3526 3600 3581 καιὶ
3621 3521 3694 3592 τὴν

2175 3622 2325 3693 αὐτῷ
2363 3623 2629 3677 δοκοῦσαν
2671 3623 2956 3696 ἐξαγωγὴν
2995 3627 3059 3678 ἐκ
3099 3627 3200 3680 τοῦ
3250 3625 3368 3695 βίου
3401 3623 3487 3676 καὶ
3516 3618 3696 3675 τούτους

2176 3713 2532 3783 ὑφίστασθαι,
2570 3717 2603 3786 ή
2659 3714 2780 3770 θεία
2830 3717 3072 3772 διδάσκει
3105 3717 3324 3788 Γραφή.
3373 3713 3478 3768 Kai
3521 3705 3698 3780 δηλοῦσι

2177 3808 2276 3879 μὲν
2311 3811 2360 3862 oi
2395 3809 2561 3880 βίαιοι
2607 3809 2828 3864 θάνατοι
2859 3810 3124 3881 πλήθεσιν
3175 3809 3498 3881 ἐπαχθέντες
3525 3801 3698 3867 καὶάρο

2175 3916 2354 3971 χουσι,
2402 3900 2551 3971 ζήλῳ
2600 3900 2948 3971 δικαιοσύνης
2973 3901 3246 3970 ιάγγέλων
3297 3893 3698 3970 ὑπηρετουμένων

2174 3993 2269 4046 καὶ
2299 3993 2615 4062 πρθφητῶν,
2647 3995 2745 4047 οὐκ
2767 3994 2894 4048 ἄνευ
2918 3993 3055 4048 Θεῦῦ
3075 4011 3092 4026 ⁶
3117 3993 3347 4066 δηλοῦσι
3371 3991 3425 4046 δὲ
3452 3990 3503 4044 αί
3526 3987 3600 4040 διὰ
3615 3981 3697 4036 τῶν

2176 4087 2474 4155 προφητῶν
2518 4087 2898 4158 ἀπειληθεῖσαι
2934 4088 3125 4142 πόλεσι
3170 4105 3234 4142 τε
3262 4087 3357 4140 καὶ
3396 4085 3583 4138 ἔθνεσιν
3607 4077 3698 4142 ἐξο-

2172 4178 2521 4248 λοθρεύσεις’
2563 4179 2658 4232 καὶ
2697 4179 2728 4249 ἢ
2768 4179 3028 4252 μετανοίᾳ
3071 4179 3498 4250 καταφυγόντων
3524 4172 3602 4225 ἐπὶ
3627 4167 3696 4221 τὸν

2173 4271 2308 4324 Θεὸν
2339 4273 2712 4341 πεπαυμέναι,
2747 4270 2780 4340 ἢ
2830 4271 3223 4342 ἀμετανοήτων
3265 4268 3552 4338 μεινάντων
3577 4257 3697 4329 γενό-

2175 4380 2336 4434 μεναι
2357 4378 2372 4393 ο
2407 4364 2464 4417 ai
2501 4362 2812 4433 προσθῆκαι
2854 4365 2950 4429 τῆς
2980 4361 3128 4432 ζωῆς
3159 4363 3327 4424 ἐνίοις
3355 4357 3695 4432 μετανοήσασιι

499 4459 619 4512 siue
657 4453 903 4509 numine.
935 4449 992 4506 id
1015 4462 1228 4520 quoque
1254 4447 1529 4504 declarant
1557 4447 1729 4502 ruinae
1755 4456 1809 4503 et
1832 4447 2069 4518 depopu-

2179 4457 2316 4527 μετά
2339 4455 2436 4527 τὴν
2461 4455 2560 4526 τῆς
2604 4454 2752 4526 ζωῆς
2784 4455 3174 4525 ἀπαγόρευσιν,
3223 4455 3289 4508 ἐκ
3329 4450 3459 4506 Θεοῦ
3489 4440 3698 4519 μηνυθεί-

498 4549 750 4611 lationes,
769 4557 908 4616 quas
937 4554 1089 4597 vates
1109 4539 1336 4596 urhihus
1354 4548 1406 4594 et
1424 4539 1676 4610 gentibus
1697 4540 2072 4595 comminatim

501 4645 736 4707 fuerant,
783 4637 1092 4706 eaedemque
1129 4633 1212 4688 vel
1259 4631 1577 4703 pmnitentia
1627 4647 1815 4687 eorum
1865 4631 1958 4701 qui
2007 4630 2073 4686 ad

501 4736 672 4790 Deum
706 4729 1088 4800 confugerant,
1113 4732 1440 4792 cessarunt;
1469 4724 1553 4780 vel
1578 4724 1648 4779 ob
1677 4723 2073 4794 impcenitentia

498 4826 798 4883 obduratos
833 4826 1231 4877 remanserunt.
1255 4815 1591 4873 Incrementa
1619 4817 1742 4870 vitae
1765 4816 2072 4886 inquibus-

502 4920 626 4974 dam
657 4918 752 4988 qui
791 4915 1165 4986 rcsipuerant,
1195 4919 1484 4978 postquam
1509 4908 1576 4963 de
1612 4911 1720 4964 vita
1748 4908 2071 4978 despondis-

503 5017 650 5071 sent,
682 5009 903 5064 interitu
935 5019 964 5060 α
993 5003 1104 5060 Deo
1143 5003 1420 5058 declarato
1449 5009 1503 5058 et
1531 5001 1702 5072 signis
1731 5001 2072 5071 ostentisque

502 5100 760 5156 erunibus
787 5097 1084 5167 conspicuo
1117 5093 1285 5150 facto.
1308 5094 1544 5148 Ananias
1577 5107 1705 5147 vero
1731 5101 1785 5147 et
1807 5092 2069 5164 Sapphira

496 5191 789 5248 exanimati
818 5199 964 5254 sunt,
1001 5203 1107 5243 non
1161 5186 1336 5253 Petri,
1378 5185 1470 5240 sed
1505 5183 1598 5241 Dei
1645 5184 1861 5251 Virtute,
1907 5199 2068 5254 quem

498 5287 812 5360 invocaret;
851 5295 917 5338 ac
960 5281 1126 5336 Petro
1168 5294 1276 5334 non
1311 5285 1575 5348 praesente
1619 5285 1672 5330 et
1721 5275 2067 5331 mendacium

497 5367 774 5446 urguente,
805 5372 1204 5442 exspirassent.
1230 5370 1308 5425 ita
1333 5370 1546 5424 volente
1572 5365 1702 5424 Deo.
1723 5368 1787 5423 Et
1813 5377 1944 5438 quot
1975 5371 2072 5424 ho-

497 5473 670 5526 mines
699 5470 890 5524 insane
922 5465 1012 5535 jus
1038 5463 1326 5528 violantes,
1353 5460 1617 5515 violenter
1655 5475 1688 5515 ο
1707 5460 1863 5528 ⁵νίνίει
1907 5475 2068 5516 exce-

495 5562 675 5618 dunt!
709 5563 836 5618 dum
867 5559 1012 5614 alius
1035 5557 1196 5610 aliam
1227 5553 1420 5609 suil'ert
1450 5553 1786 5621 violentiam,
1809 5567 1871 5606 ac
1900 5554 2068 5610 latent

499 5657 768 5722 homines,
801 5654 930 5708 dum
962 5649 1230 5706 violentia:
1259 5648 1510 5702 ell‘ectum
1561 5656 1832 5716 patentem
1885 5647 2066 5702 consi-

497 5743 686 5799 derant
723 5759 738 5796 :
765 5755 952 5798 verum
987 5738 1206 5796 cwleste
1227 5738 1291 5794 ad
1315 5737 1370 5792 id
1395 5745 1728 5819 incruentum
1759 5735 2063 5794 subducere

2178 4565 2276 4616 σης
2303 4549 2404 4617 τῆς
2429 4546 2713 4617 τελευτῆς,
2753 4548 2847 4602 καὶ
2883 4547 3134 4617 σημείοις
3164 4547 3302 4599 πᾶσι
3328 4541 3554 4613 φανερᾶς
3581 4546 3698 4617 γενος

2175 4616 2372 4708 μένηςξ
2416 4616 2665 4700 Ἀνανίας
2708 4636 2764 4690 δὲ
2793 4638 2888 4690 καὶ
2917 4616 3206 4706 Σάπφειρα
3244 4632 3618 4702 ἀποψύξαντεςι
3651 4616 3696 4671 οὗ

2174 4733 2242 4800 τῇ
2273 4730 2368 4784 τοῦ
2420 4730 2648 4802 Πέτρου,
2680 4730 2746 4800 τῇ
2779 4727 2835 4782 δὲ
2876 4727 2970 4783 τοῦ
3006 4727 3143 4782 Θεοῦ
3194 4726 3440 4794 δυνάμει,
3469 4723 3523 4774 ὃν
3560 4721 3584 4771 ὁ
3621 4712 3698 4802 Ili-

2173 4835 2301 4888 τρος
2331 4801 2673 4881 ἐπεκαλεῖτο,
2707 4816 2800 4871 καὶ
2830 4816 2926 4870 τοῦ
2951 4817 3183 4888 ,Πέτρου
3221 4814 3300 4887 μὴ
3329 4811 3602 4884 παρόντος,
3627 4801 3699 4854 καὶ

2174 4911 2233 4964 τὸ
2263 4910 2455 4980 ψεῦδος
2489 4909 2827 4982 ἐλέγχοντος,
2859 4909 3142 4976 ἀπέψυξαν
3191 4909 3260 4962 ἀν
3292 4923 3306 4939 ·
3329 4904 3468 4960 οὕτω
3489 4899 3572 4953 τοῦ
3593 4889 3699 4948 Θεοῦ

2173 5001 2523 5075 βουλομένου.
2562 5002 2673 5054 Καὶ
2719 5001 2878 5054 πόσοι
2924 5001 3035 5056 τῶν
3083 4998 3391 5070 ἀνθρώπων
3437 4991 3700 5062 ἀνηκέστως

2175 5092 2621 5162 παρανομοῦντες
2653 5090 2848 5160 βιαίως
2876 5091 3185 5160 ἐξάγονται,
3236 5089 3396 5151 ἄλλος
3423 5084 3574 5152 ἀλλην
3603 5079 3700 5142 ὕφι·

2177 5185 2438 5255 στάμινοι
2499 5183 2660 5254 βίαν,
2713 5184 2958 5246 καὶτοὺς
3011 5182 3343 5252 ἀνθρώπους
3399 5173 3697 5255 λανθάνουσι,

2175 5253 2586 5347 σκοπουμένους
2633 5277 2734 5346 μὲν
2764 5277 2823 5332 τὸ
2869 5278 2967 5347 τῆς
3014 5275 3136 5347 βίας
3167 5273 3512 5345 φαινόμενον,
3542 5261 3624 5331 τήν
3647 5253 3698 5308 δι’

2169 5369 2426 5440 οὐράνιον
2465 5368 2602 5440 πρὸς
2659 5369 2820 5424 τοῦτο
2869 5369 3043 5442 ῥοπὴν
3091 5367 3411 5438 λογίζεσθαι
3457 5355 3566 5432 μηδ’
3593 5353 3711 5442 ὄλωῖ

2171 5462 2593 5532 ἐφικνουμένους
2611 5478 2627 5530 ;
2649 5463 2714 5516 Δί
2735 5463 2791 5517 δὲ
2812 5463 3068 5534 πρόδηλοι
3087 5463 3199 5517 τῶν
3220 5461 3464 5516 θανάτων
3479 5453 3560 5508 καὶ
3579 5441 3698 5514 παρᾶ

2171 5554 2336 5624 φύσιν
2362 5554 2701 5624 ἀπαλλαγαὶ,
2748 5555 2847 5627 τῆς
2895 5558 2960 5610 ἐκ
3011 5555 3224 5626 νεκρῶν
3272 5547 3601 5606 ἀναστάσεως
3632 5535 3685 5588 οὗ

2169 5645 2258 5700 δέν
2299 5645 2679 5717 διαφέρουσαι,
2733 5648 3116 5720 παρείσθωσαν
3149 5648 3208 5700 ἐν
3253 5647 3426 5713 τνύτῳ
3457 5638 3528 5710 τῷ
3557 5631 3696 5704 μέρει.

2168 5737 2244 5802 ὡς
2270 5742 2333 5811 τῇ
2371 5739 2477 5793 τῶν
2506 5741 2943 5812 προωρισμένων
2987 5739 3139 5805 τάξει
3176 5737 3576 5811 συμϐαίνουσιι,
3603 5722 3696 5775 τότε
