3932 6458
102 412 107 417 ’
204 449 295 516 561
1154 444 1530 508 EPISTOLA
1580 446 1678 507 DE
1711 446 2487 512 PR/EDESTINATIONE.

204 564 297 635 μὲν
349 558 789 624 ἁπαλλάττοντος
833 561 928 615 105
973 560 1113 615 Θεοῦ
1148 563 1491 633 παραδόξως,
1542 562 1616 628 ὡς
1642 562 1782 618 οὕτω

1893 566 2218 636 neutiquam
2257 566 2655 636 aggrediuntur

202 654 477 724 συμφέρον
505 654 713 717 αὐτοῖς,
764 654 963 725 καὶτῷ
997 655 1165 710 αὑτοῦ
1221 658 1451 727 συνᾷδον
1486 657 1776 727 θελήματι,

200 747 377 802 ἄλλοτε
426 745 482 797 δὲ
540 746 635 799 καὶ
695 747 764 799 δι’
819 746 1111 817 ἀμφότερα
1161 749 1575 819 συγχωροῦντος
1624 752 1778 820 σφίσι

201 838 575 909 μεθίστασθαι.
629 839 661 909 ἧ
705 840 803 908 τῆς
846 840 1063 907 φύσεως
1117 840 1522 911 ὑπουργούσης,
1570 843 1602 914 ἦ
1656 844 1779 915 βίας

195 933 517 1001 τυραννικῆς
572 932 899 1002 ἐξαγούσης.
946 934 1129 988 ἰκανὰ
1177 936 1279 1006 μὲν
1324 936 1418 991 οὖν
1462 938 1559 991 καὶ
1602 937 1778 993 ταῦτα

195 1024 282 1077 τὸν
331 1024 605 1093 ἡμέτερον
656 1028 892 1096 ἐκφῆναι
948 1031 1155 1081 σκοπὸν
1213 1030 1309 1083 ἐπὶ
1367 1031 1628 1084 συστάσει
1677 1031 1778 1101 τῆς

196 1116 453 1182 ἀληθείας
491 1118 588 1186 οὐχ
623 1113 788 1189 ἦττον
819 1120 853 1191 ἢ
910 1120 1013 1191 τῆς
1038 1122 1133 1175 τοῦ
1165 1123 1492 1178 διδασκάλου
1525 1124 1774 1195 γνώμης.

198 1209 255 1263 Εἰ
292 1208 347 1261 δὲ
398 1211 456 1261 ὲν
491 1212 556 1279 τῇ
594 1210 764 1281 Σοφία
812 1212 1054 1281 λέγεται,
1093 1232 1111 1266 ι
1153 1215 1212 1268 '0
1240 1215 1374 1277 Θεὸς
1401 1216 1635 1271 θάνατον
1675 1216 1778 1271 οὐκ

195 1301 414 1370 ἐποίησε
439 1317 454 1333 ·
498 1320 518 1354 ι
544 1302 704 1356 τοῦτο
738 1305 878 1357 κατὰ
901 1306 998 1376 τὴν
1031 1307 1212 1360 αἰτίαν
1242 1306 1336 1361 τοῦ
1368 1309 1604 1364 θανάτου
1642 1309 1778 1362 νοεῖ-

195 1411 299 1447 ται.
326 1394 408 1445 Ού
436 1393 545 1462 γὰρ
582 1394 727 1448 θέλει
754 1395 845 1448 τὸν
875 1397 1105 1451 θάνατον
1135 1399 1245 1451 τῶν
1274 1399 1581 1469 ἀνθρώπων
1608 1418 1777 1471 προηο

194 1487 499 1555 γουμένως,
527 1486 651 1541 οὗτε
690 1491 855 1554 ποιεῖ,
904 1489 1096 1562 ὥσπερ
1136 1490 1261 1545 οὐδὲ
1304 1492 1402 1560 τὴν
1436 1492 1617 1545 αἰτίαν
1656 1492 1779 1545 τού-

192 1597 282 1632 του
306 1581 412 1648 τὴν
440 1580 720 1651 ἁμαρτίαν
747 1597 762 1612 ⁶
795 1582 934 1636 ἀλλὰ
965 1583 1065 1653 τὴν
1109 1584 1207 1653 τῆς
1242 1585 1590 1656 δικαιοσύνης
1624 1585 1778 1651 τάξιν

194 1674 282 1725 καὶ
318 1673 464 1727 πάνυ
502 1673 845 1743 βουλόμενος,
874 1670 941 1748 ἧς
981 1678 1097 1730 ἐστι
1145 1677 1205 1731 τὸ
1236 1680 1350 1742 τοῖς
1394 1680 1776 1750 ἁμαρτάνουσι

194 1764 346 1836 δίκην
382 1765 687 1834 ἐπάγεσθαι
735 1767 981 1840 ἑπομένῃ
1013 1768 1252 1838 θελήσει,
1287 1770 1436 1823 θέλει
1482 1772 1649 1826 αὑτὸν
1684 1773 1778 1826 καὶ

193 1860 371 1911 ποιεῖ·
409 1859 461 1912 εἰ
511 1859 606 1914 καὶ
658 1860 845 1923 ἐλέους
880 1861 1181 1933 ὑπερϐολῇ.
1230 1863 1323 1916 καὶ
1368 1863 1772 1938 φιλανθρωπίᾳ,

3358 449 3470 515 £62

2704 582 2735 620 ει
2767 568 2863 624 sed
2894 568 3199 623 menil'esta:
3228 583 3255 620 a
3296 575 3473 623 morte

1882 664 1935 711 et
1968 670 2091 723 qure
2128 666 2321 723 prazter
2368 665 2619 711 naturam
2668 667 2796 713 sunt
2844 657 3218 721 liberationes,
3261 658 3394 711 nihil
3439 674 3468 711 a

1880 747 2292 803 resurrectione
2343 746 2657 804 dim-rentes
2684 792 2699 815 ,
2756 750 3243 819 prater-mittantur
3282 749 3381 803 hac
3416 748 3468 805 in

1881 849 2059 908 parte,
2105 849 2300 911 utpote
2341 856 2465 910 qua:
2496 843 2677 897 ordini
2713 844 3224 912 praadestinatorum
3257 841 3473 898 contio-

1879 945 2010 1004 gant
2042 949 2057 988 :
2092 942 2221 988 tunc
2245 934 2466 1003 quidem
2503 936 2806 991 incredibili
2850 935 3011 990 modo
3047 936 3310 991 liberante
3339 934 3469 997 Deo.

1880 1023 2026 1095 quod
2059 1025 2138 1079 sic
2175 1025 2309 1092 ipsis
2334 1025 2629 1096 expediat,
2661 1033 2718 1080 et
2751 1041 2940 1081 eorum
2974 1027 3238 1081 voluntati
3288 1027 3472 1082 conci-

1880 1125 1974 1171 nat
2007 1132 2020 1169 :
2057 1116 2195 1173 alias
2228 1134 2355 1172 vero
2392 1119 2554 1173 etiam
2592 1127 2814 1188 propter
2850 1128 3143 1189 utrumque
3191 1118 3301 1173 Deo
3338 1134 3472 1173 eou-

1878 1210 2111 1267 cedente
2141 1211 2275 1281 ipsis
2304 1219 2361 1264 ut
2393 1210 2629 1281 migrent
2664 1225 2693 1264 e
2731 1210 2863 1275 vita,
2903 1219 2997 1265 aut
3039 1220 3229 1264 natura
3260 1210 3468 1265 submi-

1881 1303 2172 1365 nistrante,
2204 1313 2298 1358 aut
2331 1303 2376 1355 vi
2409 1303 2693 1374 tyrannica
2734 1305 3006 1373 exigente.
3053 1303 3329 1359 Sollicitant
3370 1305 3469 1373 itii.

1881 1405 1970 1452 tur
2022 1398 2135 1452 luce
2186 1396 2253 1451 ad
2303 1410 2529 1465 scopum
2589 1406 2837 1452 nostrum
2893 1397 3300 1462 elucidaudum,
3356 1414 3465 1452 non

1882 1491 2066 1545 minus
2129 1489 2195 1543 ad
2252 1489 2501 1551 veritatis
2568 1490 3121 1551 commendationem,
3182 1503 3345 1559 quam
3404 1492 3470 1545 ad

1881 1582 2134 1638 Doctoris
2161 1583 2485 1638 sententiam
2524 1581 2806 1637 tuendam.
2839 1581 2996 1647 Quod
3028 1583 3071 1636 si
3107 1581 3158 1635 in
3189 1582 3465 1651 Sapientia

1881 1676 2102 1738 dicitur,
2169 1695 2186 1726 ι
2224 1674 2363 1729 Deus
2427 1683 2658 1728 mortem
2718 1690 2824 1727 non
2877 1673 3042 1736 fecit,
3083 1692 3103 1724 ι
3158 1672 3263 1728 hoc
3319 1674 3470 1743 juxta

1880 1785 2105 1824 causam
2169 1768 2362 1823 mortis
2416 1766 2755 1835 intelligitur.
2807 1765 2938 1820 Nam
2974 1781 3081 1820 non
3128 1766 3244 1820 vult
3292 1766 3471 1819 homi-

1882 1874 2011 1914 num
2059 1869 2285 1913 mortem
2331 1858 2621 1929 praecipue,
2680 1873 2856 1927 neque
2913 1856 3081 1911 facit:
3112 1856 3258 1911 sicut
3291 1870 3468 1925 neque

196 1951 288 2004 καὶ
335 1952 526 2006 τοῦτον
574 1954 688 2016 τοῖς
720 1952 937 2017 τέκνοις
970 1955 1186 2025 μυρίοις
1230 1957 1452 2028 τρόποις
1500 1958 1777 2025 οἰκονομεῖ

1889 1967 2102 2008 causam
2141 1951 2337 2021 ipsius,
2380 1959 2659 2022 peccatum
2703 1969 2715 2003 :
2748 1951 2841 2005 sed
2886 1949 3028 2019 quod
3068 1950 3296 2021 iustitiae
3321 1949 3470 2003 ordi-

195 2044 329 2112 πρδς
363 2044 424 2098 τὸ
448 2044 682 2113 βέλτιον,
720 2046 815 2100 καὶ
860 2047 999 2118 πρὸς
1032 2049 1358 2117 εὐεργεσίαν
1401 2052 1468 2121 τῇ
1494 2054 1646 2121 κοινῇ
1680 2051 1774 2104 105

194 2137 383 2202 γένους
416 2137 602 2206 ποινῇ,
630 2137 766 2207 πρὸς
797 2137 889 2201 οὓς
921 2139 987 2193 ἃν
1010 2138 1278 2209 βούλοιτο,
1311 2142 1405 2195 καὶ
1430 2142 1638 2210 πρέπον
1665 2142 1771 2211 εἴη,

195 2228 479 2296 πατρικῶς
516 2230 849 2301 ἀποχρῆται.
888 2232 997 2285 Καὶ
1030 2233 1116 2286 διὰ
1163 2231 1321 2286 τοῦτο
1348 2234 1406 2287 ἐν
1437 2238 1502 2305 τῇ
1545 2242 1592 2288 α’
1622 2249 1636 2265 ⁸
1666 2236 1777 2288 τῶν

197 2319 488 2373 Βασιλειῶν
506 2320 724 2389 λέγεται
750 2338 764 2354 ο
791 2340 811 2375 ι
844 2321 1049 2395 Κύριος
1072 2323 1296 2379 θανατοῖ
1312 2326 1406 2379 καὶ
1429 2323 1690 2395 ζωογονεῖ
1710 2346 1724 2360 ·
1752 2345 1771 2379 ι

190 2414 287 2481 οὐχ
318 2415 394 2474 ὡς
446 2414 551 2484 ἰδία
597 2414 930 2483 πράττοντος
986 2417 1149 2487 μόνον
1198 2418 1482 2489 ἑκάτερον,
1520 2418 1547 2471 ὅ
1582 2424 1778 2472 ταυτόν

191 2504 309 2556 ὲσιι
338 2503 417 2573 τῷ
454 2506 702 2570 θέλοντος
744 2508 1008 2577 ἑκάτερον
1032 2508 1302 2576 γίνεσθαι,
1334 2509 1409 2573 ὡς
1436 2510 1603 2565 αὐτοῦ
1634 2512 1779 2581 ζωῆς

191 2597 285 2647 καὶ
322 2595 558 2650 θανάτου
592 2598 690 2667 τὴν
745 2599 996 2663 ἐξουσίαν
1040 2601 1282 2672 ἔχοντος,
1331 2601 1446 2656 ἀλλ’
1478 2602 1554 2667 ὡς
1590 2605 1684 2657 καὶ
1721 2606 1780 2656 ὲν

187 2688 268 2753 τῷ
322 2687 590 2743 θανατοῦν
644 2689 906 2755 πολλάκις
957 2692 1358 2761 ζωογονοῦντος
1406 2698 1504 2749 καὶ
1564 2699 1655 2750 τὸν
1686 2697 1780 2750 τοῦ

191 2778 433 2832 θανάτου
480 2781 673 2852 χρόνον
702 2783 799 2837 καὶ
835 2786 1038 2853 τρόπον
1086 2788 1223 2855 πρὸς
1250 2786 1313 2839 τὺ
1357 2789 1659 2858 συμφέρον,
1689 2789 1785 2842 καὶ

188 2870 293 2940 τὴν
333 2874 764 2943 προωρισμένην
796 2872 966 2942 ζωὴν,
1001 2874 1218 2939 πολλοῖς
1251 2877 1664 2947 οἰκονομοῦντος
1690 2880 1784 2931 καὶ

187 2963 506 3026 τάττοντος.
529 2963 636 3016 Καὶ
661 2959 817 3027 αὖθις
844 2966 892 3018 εἰ
916 2965 975 3018 ἐν
992 2963 1069 3034 τῷ
1108 2963 1511 3037 Ἐκκλησιαστῇ
1541 2966 1782 3034 λέγεται,

196 3078 215 3112 ι
255 3058 501 3126 Ἀφῆκεν
527 3054 711 3123 ὁΘεδς
743 3060 836 3114 τὸν
860 3059 1153 3132 ἄνθρωπον
1182 3062 1241 3116 ὲν
1258 3064 1324 3133 τῇ
1358 3061 1522 3133 βουλῇ
1542 3062 1640 3132 τῆς
1672 3080 1787 3132 χει-

197 3153 288 3221 ρξς
314 3150 501 3215 αὐτοῦ,
538 3169 557 3204 ι
586 3152 635 3204 εἰ
670 3152 763 3207 καὶ
794 3152 1033 3223 μάλιστα
1074 3153 1204 3226 περὶ
1250 3155 1358 3209 τῶν
1381 3155 1784 3227 ἀποδεδοκιμα-

196 3246 412 3311 σμένων
454 3244 614 3298 τοῦτο
651 3248 825 3300 νοοῖτο
852 3246 941 3311 ἂν,
972 3246 1106 3301 ἀλλὰ
1136 3248 1232 3303 καὶ
1266 3250 1432 3303 πᾶσιν
1463 3249 1652 3312 ἁπλῶς
1681 3250 1780 3320 τὴν

195 3340 292 3407 τῆς
322 3338 812 3408 αὐτεξουσιότητος
861 3339 1191 3411 ἐλευθερίαν·
1225 3348 1667 3414 προσμαρτυρεῖ.
1705 3344 1781 3396 Οὐ

196 3432 304 3499 γὰρ
355 3433 593 3495 ἄκοντας
648 3431 797 3486 ἕλκει
842 3433 981 3503 πρὸς
1036 3435 1317 3503 τάγαθόνο
1352 3429 1397 3504 ᾧ
1429 3434 1476 3489 δ’
1509 3435 1575 3490 ἂν
1630 3436 1789 3491 αὐτοὶ

199 3524 633 3593 προαιρούμενοι
662 3525 978 3596 πράττοιεν,
1013 3527 1254 3594 ἐπόπτης
1282 3526 1433 3580 ἐστὶν
1478 3527 1660 3591 αὐτὸς,
1691 3528 1788 3581 καὶ

196 3616 490 3686 διανομεὺς
543 3617 653 3670 τῶν
712 3617 1097 3689 ἁρμοττόντων
1156 3618 1398 3688 ἑκάστῳ,
1436 3621 1534 3675 καὶ
1566 3619 1655 3673 διὰ
1687 3619 1788 3691 τὴν

196 3707 657 3781 αὐτεξουσιότητα
676 3709 772 3781 τῆς
805 3710 953 3773 θείας
984 3712 1083 3764 οὐκ
1127 3712 1470 3780 ἑξαιροῦνται
1520 3706 1787 3784 Προνοίας

196 3800 308 3854 οὔτ’
346 3802 445 3854 ἐπὶ
474 3801 534 3855 τὸ
558 3804 765 3874 χεῖρον,
793 3802 907 3857 οὒτ’
931 3803 1024 3856 ἐπὶ
1052 3804 1110 3857 τὸ
1135 3803 1342 3874 βέλτιον
1365 3804 1575 3871 αὐτοῖς,
1600 3805 1790 3871 ἁπλῶς

194 3894 249 3948 δὲ
278 3895 494 3960 ἄγαθόν
525 3912 585 3950 τε
619 3896 714 3951 καὶ
746 3896 979 3953 δίκαιον.

1881 2064 2004 2103 nem
2038 2046 2263 2099 omnino
2301 2045 2429 2100 velit
2461 2063 2476 2100 :
2505 2042 2664 2113 cujus
2717 2058 2914 2097 munus
2948 2051 3064 2108 est,
3110 2042 3465 2111 peccantibus

1880 2157 2073 2213 ptenas
2102 2141 2363 2209 irrogare,
2382 2137 2738 2206 consequenti
2762 2136 3061 2197 voluntate.
3081 2135 3194 2188 vult
3223 2135 3395 2203 ipsam
3422 2143 3476 2187 et

1880 2234 2006 2288 facit
2030 2251 2044 2298 ;
2073 2232 2176 2287 etsi
2211 2228 2602 2284 misericordia:
2630 2242 2881 2285 excessu.
2901 2234 2956 2281 et
2986 2226 3318 2297 benignitate
3343 2242 3472 2291 erga

1881 2322 2323 2382 itetuines.eliam
2357 2317 2547 2374 liberis
2572 2317 2781 2372 obitum
2812 2318 3114 2372 innumeris
3143 2317 3315 2371 modis
3367 2316 3478 2371 dis-

1882 2426 2074 2487 pensat
2124 2414 2191 2470 ad
2221 2414 2414 2468 melius
2442 2420 2497 2487 et
2527 2411 2594 2465 ad
2624 2410 3359 2473 beneﬁcentiam,communi
3385 2425 3475 2478 ge-

1882 2511 2030 2564 neris
2075 2507 2378 2577 supplicio;
2426 2520 2552 2574 erga
2600 2519 2694 2559 eos
2724 2518 2866 2571 quos
2902 2502 3153 2565 voluerit,
3185 2510 3241 2555 et
3276 2504 3475 2555 decens

1885 2602 2069 2664 fuerit,
2107 2610 2336 2670 paterno
2369 2596 2564 2651 aﬂ'ectu
2607 2594 2966 2664 indulgendo.
3002 2593 3067 2649 Et
3100 2604 3382 2663 propterea
3420 2596 3472 2646 iu

1883 2697 2058 2766 primo
2091 2695 2295 2762 Regum
2324 2693 2545 2758 dicitur,
2589 2692 2886 2745 «Dominus
2925 2688 3216 2744 mortilicat
3244 2696 3299 2742 et
3330 2686 3472 2741 .vivi-

1886 2788 2030 2841 ﬁcat.
2062 2802 2081 2835 ι
2118 2784 2234 2838 Non
2272 2794 2528 2853 tanquam
2575 2782 2794 2850 proprie
2835 2795 3001 2850 agens
3058 2780 3236 2834 solum
3268 2779 3476 2832 alterno

1885 2884 2031 2930 trum
2061 2893 2074 2928 :
2099 2874 2246 2945 quod
2278 2873 2416 2929 idem
2440 2882 2523 2927 est
2553 2887 2616 2925 ac
2645 2871 2689 2925 si
2709 2871 2913 2926 diceret
2960 2872 3148 2926 volens
3175 2880 3469 2939 utrumque

1890 2970 2027 3033 fieri,
2080 2984 2146 3023 eo
2192 2966 2339 3037 quod
2373 2965 2487 3035 ipse
2518 2965 2645 3018 vitae
2689 2974 2745 3019 et
2792 2964 2985 3019 mortis
3026 2973 3346 3034 potestatem
3379 2962 3480 3017 ha-

1888 3065 2012 3117 beat
2051 3077 2066 3116 :
2105 3060 2203 3118 sed
2232 3060 2390 3130 quasi
2415 3059 2580 3114 etiam
2620 3060 2676 3114 in
2710 3059 3091 3114 mortilicando
3125 3073 3269 3128 saepe
3301 3057 3476 3115 virili.

1886 3163 1995 3219 cet,
2023 3169 2089 3209 ac
2120 3153 2316 3208 mortis
2348 3160 2566 3222 tempus
2599 3160 2654 3206 et
2702 3151 2924 3206 modum
2960 3151 3028 3219 ad
3057 3151 3108 3206 id
3143 3150 3287 3219 quod
3317 3164 3478 3220 expe-

1898 3249 1998 3311 dit,
2044 3255 2099 3303 et
2132 3247 2297 3300 vitam
2346 3243 2788 3315 prazdestinatam
2840 3244 3025 3298 multis
3076 3243 3389 3299 moderetur
3420 3251 3475 3297 et

1892 3340 2129 3395 ordinet.
2155 3340 2233 3394 Ae
2261 3353 2454 3395 rursus
2486 3338 2532 3394 si
2566 3339 2621 3391 in
2649 3336 2974 3393 Ecclesiaste
3007 3336 3230 3400 dicitur,
3272 3355 3289 3389 ι
3331 3336 3478 3391 lleli-

1862 3436 2014 3503 ‘quit
2066 3433 2209 3489 Deus
2283 3433 2563 3489 hominem
2616 3431 2669 3487 iit
2739 3446 2933 3487 manus
2990 3444 3104 3485 suae
3174 3430 3423 3485 consilio.
3457 3447 3474 3479 ι

1897 3528 2119 3583 Etiamsi
2147 3527 2215 3582 de
2248 3526 2559 3597 reprobatis
2591 3526 2936 3595 poti5simum
2965 3522 3067 3578 hoc
3098 3522 3325 3593 intelligi
3357 3538 3484 3593 pos-

1895 3622 1988 3685 sit,
2022 3619 2280 3675 erunibus
2328 3628 2509 3675 tamen
2558 3617 2807 3673 absolute
2857 3624 3146 3671 attestatur
3179 3615 3482 3669 libertatem

1898 3704 2112 3767 arbitrii
2151 3728 2165 3765 :
2200 3726 2306 3766 non
2357 3712 2504 3767 enim
2557 3710 2756 3765 invitos
2806 3710 2872 3764 ad
2922 3710 3125 3764 bonum
3170 3707 3358 3762 trahit.
3413 3708 3486 3760 At

1896 3819 2084 3860 eorum
2111 3818 2233 3873 quae
2278 3804 2521 3859 volentes
2578 3813 2792 3872 agerent
2819 3801 3081 3856 Dominus
3100 3811 3182 3855 est
3208 3800 3485 3866 ins;ector

1901 3906 1957 3951 et
1987 3896 2311 3952 distributor
2336 3910 2525 3950 eorum
2556 3910 2677 3963 quze
2704 3894 2975 3961 quadrant
3006 3892 3318 3961 unicuique.
3362 3891 3485 3945 Haec

197 4000 416 4059 propter
444 3991 675 4047 liberum
713 3992 1005 4048 arbitrium
1035 4006 1141 4049 non
1173 3991 1509 4051 eximuntur
1542 4009 1571 4049 a
1602 3992 1792 4049 divina
1838 3990 2212 4057 Providentia,
2245 4004 2425 4061 neque
2449 3991 2505 4045 in
2546 3989 2742 4044 melius
2783 4004 2959 4060 neque
3023 3988 3263 4057 inpejus
3327 3985 3481 4060 ipsis,

196 4086 287 4139 scd
330 4086 570 4142 omnino
599 4086 657 4141 in
690 4084 895 4140 bonum
924 4095 978 4142 et
999 4086 1232 4155 justum.

262 4182 499 4244 Τούτοις
531 4183 626 4235 καλ⁵
672 4183 785 4245 τοῖς
831 4181 1096 4246 τοιούτοις
1141 4181 1384 4252 δμμέγας
1428 4182 1569 4254 ἢχθη
1623 4180 1785 4236 Βασί-

1963 4173 2058 4231 His
2084 4188 2148 4233 ac
2177 4170 2375 4228 talibus
2398 4185 2627 4240 magnus
2650 4170 2875 4225 Basilius
2901 4170 3167 4227 adductus
3197 4179 3278 4226 est
3299 4178 3359 4224 ut
3395 4169 3486 4225 illa

197 4274 365 4338 λειος,
401 4276 593 4328 ὲκέἰνα
627 4274 757 4343 περὶ
785 4273 894 4327 τῶν
927 4273 1024 4345 τῆς
1058 4272 1204 4343 ζωῆς
1234 4274 1378 4344 ὅρων
1406 4274 1686 4327 διδάσκειν
1719 4273 1782 4327 τὰ

1890 4273 1959 4328 de
1999 4273 2122 4328 vitm
2151 4271 2353 4327 ﬁnibus
2382 4271 2606 4324 doceret
2638 4268 2801 4333 ﬁlios,
2834 4276 2996 4339 atque
3024 4282 3123 4323 eos
3149 4272 3213 4322 ad
3245 4266 3485 4322 divinant

199 4368 385 4430 τέκνα,
421 4368 625 4436 καὶτῷ
673 4368 804 4438 θείῳ
839 4368 1140 4437 προσάγειν
1173 4367 1373 4430 αὐτοὺς
1408 4367 1659 4420 ἐντεῦθεν
1698 4365 1782 4419 θε·

1892 4366 2227 4422 voluntatem
2263 4362 2391 4418 inde
2421 4362 2757 4426 adduceret;
2792 4361 3043 4417 consulto
3077 4360 3296 4430 quidem
3328 4361 3486 4417 thco-

200 4456 431 4527 λήματι,
482 4456 762 4528 προύργου
797 4457 899 4528 μὶν
943 4456 1236 4525 θεολογῶν,
1278 4457 1560 4526 ἑπομένως
1604 4457 1664 4510 δὲ
1695 4459 1782 4512 καί

1889 4461 2075 4533 legum
2106 4448 2272 4530 agens
2297 4458 2364 4512 de
2389 4455 2498 4512 Deo
2519 4456 2863 4518 disserendo,
2884 4463 3279 4523 consequenter
3301 4465 3482 4510 autem

199 4549 335 4617 πρὸς
369 4550 441 4604 τὰ
492 4548 598 4620 ἧθη
653 4548 972 4615 λυσιτελῶς,
1018 4547 1047 4600 ὃ
1082 4552 1192 4612 τοῖς
1242 4548 1584 4613 διδασκάλοις
1616 4551 1782 4604 πᾶσιν

1891 4555 2098 4609 utiliter
2130 4567 2416 4610 sermones
2456 4552 2522 4607 ad
2558 4568 2740 4607 mores
2769 4551 3090 4618 referendo;
3142 4552 3193 4605 in
3241 4567 3351 4620 quo
3384 4550 3484 4606 do-

201 4642 594 4695 ὲσπούδασται.
631 4642 741 4697 Καὶ
771 4642 821 4694 εἰ
853 4641 1169 4712 μηδαμόθεν
1200 4641 1424 4697 ἄλλοθεν
1456 4643 1525 4695 τᾶι
1564 4642 1782 4698 τοιαῦτα

1898 4656 2083 4703 ctores
2137 4662 2333 4703 omnes
2383 4648 2628 4701 studium
2690 4655 2853 4715 atque
2916 4661 3140 4716 operam
3191 4645 3479 4700 collocant.

201 4727 346 4803 εἶχεν
391 4734 615 4799 εἰδέναι,
657 4732 750 4787 τοῦ
792 4732 925 4802 γοῦν
958 4736 1243 4806 προφήτου
1277 4734 1443 4788 Δαδὶδ
1475 4735 1598 4789 καθ’
1650 4738 1790 4807 ἡμέ-

206 4842 305 4895 ραν
340 4827 514 4896 ήκουε
549 4825 821 4894 λέγοντος,
860 4826 955 4879 καὶ
984 4825 1084 4881 οὐκ
1135 4826 1201 4881 ἂν
1228 4821 1342 4896 εἷχε
1384 4827 1477 4881 τὸν
1506 4824 1599 4883 τοῦ
1640 4826 1787 4881 θείου

203 4919 436 4989 κάτοχον
471 4916 950 4989 παρακρούεσθαι.
986 4919 1192 4972 Ἤκουε
1218 4919 1274 4973 δὲ
1303 4918 1470 4974 αὑτοῦ
1504 4918 1785 4987 λέγοντος*

207 5028 224 5060 ι
264 5010 539 5079 Γνῶρισόν
587 5027 700 5079 μοι,
732 5008 927 5081 Κύριε,
955 5009 1074 5064 δδδν
1105 5010 1162 5063 ἐν
1271 5013 1647 5085 πορεύσομαν
1691 5013 1789 5067 καὶ

202 5102 470 5173 γνὼρισόν
505 5119 596 5173 μοι
617 5101 679 5157 τὸ
697 5103 762 5156 πέ
771 5117 869 5173 ρας
902 5119 1004 5173 μου
1026 5104 1119 5156 καὶ
1148 5102 1238 5156 τὸν
1259 5105 1494 5174 ἀριθμὸν
1514 5104 1624 5160 τῶν
1654 5107 1790 5175 ἡμε-

206 5196 314 5262 ρῶν
339 5214 445 5265 μου
467 5196 552 5260 τίς
573 5196 742 5250 ἐστιν.
774 5214 793 5248 ι
825 5195 1040 5250 Οὐκοῦν
1071 5196 1203 5267 παρ’
1228 5197 1429 5258 εἰδότος
1463 5197 1649 5268 ἐζήτει
1681 5217 1786 5269 μα-

204 5286 337 5353 θεῖν,
367 5288 446 5351 ὡς
477 5288 574 5341 καὶ
599 5287 912 5357 ὡρισμένον
945 5288 1171 5353 εἰδότος,
1200 5289 1294 5342 καὶ
1326 5289 1519 5359 μαθεῖν
1547 5290 1791 5360 ὡρισμέ-

207 5395 311 5433 νον.
343 5380 457 5433 Καὶ
492 5380 581 5433 ἵνα
615 5382 806 5451 μηδεὶς
835 5380 933 5453 ἔχῃ
966 5381 1167 5451 λέγειν,
1192 5380 1266 5445 ὡς
1298 5382 1416 5454 ᾔδει
1447 5382 1548 5451 μὲν
1582 5385 1609 5435 ὀ
1634 5382 1788 5449 Θεὸς,

206 5472 297 5523 καὶ
326 5472 419 5525 διὰ
446 5471 609 5526 τοῦτο
639 5473 1050 5531 ἀποκαλύπτειν
1084 5470 1261 5540 εἶπεν,
1309 5477 1470 5545 εῖπερ
1504 5476 1789 5545 ἠϐούλετο,

205 5562 302 5615 οὐκ
334 5557 453 5632 εἶχε
484 5562 540 5617 δὲ
566 5564 829 5634 πράττειν
860 5566 919 5618 ὲν
950 5567 1063 5627 τοῖς
1102 5564 1370 5629 τοιούτοις
1403 5569 1468 5637 τῇ
1504 5566 1664 5635 φύσει
1698 5568 1793 5621 καὶ

205 5655 314 5715 τοῖς
343 5654 528 5717 ἄλλοις
575 5656 767 5721 αἰτίοις
813 5657 962 5720 ὅπως
998 5658 1128 5712 ποτὲ
1154 5657 1309 5711 ταῦτ’
1338 5659 1663 5729 ἐπιτρέψας,
1696 5660 1791 5715 άλ-

207 5744 369 5815 λαχοῦ
399 5746 565 5801 πάλιν
583 5747 747 5816 φησίν
767 5762 779 5776 ·
802 5767 820 5799 ι
845 5749 1115 5818 Ἐξάγαγε
1135 5752 1198 5803 ὲκ
1218 5751 1468 5822 φυλακῆς
1490 5752 1591 5823 τὴν
1614 5752 1793 5824 ψυχήν

213 5854 335 5904 μου.
373 5857 393 5892 ι
422 5839 533 5893 Καὶ
556 5840 657 5894 οὐκ
678 5840 860 5913 ἐζήτει
893 5840 1073 5895 θανεῖν
1103 5842 1313 5911 ἁπλῶς,
1348 5845 1527 5898 εἴτουν
1549 5847 1794 5900 ἀπαλλα-

210 5931 394 6001 γῆναι,
446 5932 606 5990 τοῦτο
664 5934 772 6007 γὰρ
825 5936 920 5990 καὶ
969 5935 1047 6010 μὴ
1082 5936 1373 6009 ζητουντος
1416 5939 1609 6011 ἔμελλέ
1662 5958 1792 5996 ποτε

1894 4739 2048 4808 Quod
2070 4740 2114 4795 si
2140 4740 2559 4811 haudquaquam
2583 4739 2801 4793 aliunde
2826 4738 2948 4792 talia
2977 4747 3256 4807 perspecta
3282 4736 3481 4790 habere

1896 4842 2101 4904 posset,
2141 4834 2334 4888 saltem
2368 4831 2691 4901 prophetam
2721 4830 2979 4884 Davidem
3009 4829 3253 4898 quatidie
3279 4829 3483 4883 dicen-

1896 4934 2005 4982 tem
2051 4926 2397 4980 auscultabat
2451 4939 2465 4975 :
2525 4939 2626 4979 nec
2679 4923 2871 4992 utique
2922 4924 3190 5006 potuisset
3239 4921 3480 4978 alllatum

1894 5018 2122 5073 numine
2151 5018 2443 5087 rxplodere
2466 5033 2477 5070 :
2497 5016 2772 5081 audiebat,
2806 5016 3047 5085 inquam,
3067 5026 3244 5070 vatem
3274 5016 3480 5087 regium

1894 5110 2188 5172 dicentem,
2226 5129 2246 5161 ι
2286 5108 2476 5163 Notam
2514 5107 2597 5161 lae
2628 5108 2757 5161 irihi
2786 5107 2925 5163 viam
2952 5109 3007 5162 in
3030 5124 3134 5178 qua
3176 5109 3478 5173 ambulem,

1894 5212 1951 5258 et
1998 5202 2324 5257 notnmJac
2374 5201 2507 5255 tuihi
2565 5202 2763 5271 tinem;
2818 5210 2873 5257 et
2918 5218 3211 5259 numerum
3271 5204 3480 5256 dierum

1895 5310 2144 5349 meorqu
2188 5294 2313 5363 quis
2356 5303 2460 5349 est.
2514 5313 2532 5345 ι
2590 5294 2860 5361 Quocirca
2914 5298 2982 5349 ah
3029 5311 3095 5350 eo
3138 5296 3229 5364 qui
3271 5295 3483 5350 sciebat

1897 5387 2112 5443 discere
2141 5388 2440 5457 quierebat,
2464 5397 2523 5443 ut
2552 5388 2619 5444 ab
2648 5404 2714 5443 eo
2743 5388 2909 5445 etiam
2941 5390 3032 5458 qui
3056 5389 3480 5441 determinatunt

1897 5481 2090 5544 sciret,
2138 5489 2192 5536 et
2244 5481 2459 5537 discere
2512 5482 2708 5537 avehat
2759 5482 2904 5552 quod
2962 5481 3291 5535 destinatum
3339 5490 3478 5535 erat.

1899 5574 2076 5643 Atque
2131 5582 2189 5627 ut
2237 5588 2397 5629 nemo
2445 5575 2631 5629 dicere
2666 5583 2835 5645 queat
2873 5572 3019 5643 quod
3056 5571 3224 5625 sciret
3256 5570 3479 5639 quidem

1900 5666 2064 5730 Deus,
2098 5675 2153 5721 et
2190 5666 2391 5729 idcirco
2428 5667 2669 5721 revelare
2705 5673 2909 5735 posset,
2948 5664 2991 5719 si
3023 5661 3241 5731 quidem
3276 5660 3479 5714 vellet:

1900 5767 2272 5812 verumtamen
2311 5773 2420 5812 non
2470 5758 2694 5812 haberet
2741 5769 2901 5827 agere
2935 5755 2986 5809 in
3030 5753 3232 5807 talibus
3285 5762 3481 5806 natura

1900 5849 2131 5920 aliisque
2163 5851 2350 5907 causis
2384 5869 2396 5905 :
2426 5852 2700 5922 quomodo
2743 5850 2827 5906 his
2860 5847 3166 5919 permissis,
3196 5846 3322 5901 alibi
3363 5860 3482 5897 rur-

1900 5958 1997 6000 sus
2040 5942 2134 6010 ait,
2169 5962 2186 5996 ι
2228 5943 2380 6002 Educ
2414 5959 2446 6002 e
2494 5943 2745 6003 custodia
2775 5944 3015 6000 animam
3054 5956 3253 5999 meam.
3304 5957 3324 5991 ι
3380 5936 3480 5995 Ubi
