3932 6458
500 285 608 351 559
1527 281 1900 344 GENNADII
1932 283 2043 345 (ΣΡ.

2171 282 2600 350 memnonis
3605 301 3692 366 δικ,

498 407 881 470 congruenter,
929 398 1054 453 vitae
1087 395 1308 451 modulo
1341 394 1407 451 ad
1445 409 1638 452 eorum
1667 398 1760 465 qui
1791 396 2068 452 destinan-

2183 397 2248 452 ἑκ
2275 396 2372 452 τοῦ
2422 395 2656 467 ἐσχάτου
2697 393 2861 466 μέχρι
2893 394 2990 450 καὶ
3036 393 3130 450 τοῦ
3173 396 3396 467 ἐσχάτου
3450 404 3698 480 lappa,“

499 508 586 551 utr
615 492 1040 548 emolumentum
1071 490 1280 556 utitur;
1310 498 1366 544 et
1401 490 1566 544 vitam
1601 490 1840 546 metitur.
1868 487 1962 558 qui
1992 501 2082 544 so-

499 589 583 639 los
612 584 786 638 metiri
829 592 1008 652 potest
1037 599 1052 637 :
1085 592 1139 636 et
1168 597 1291 652 qua:
1323 590 1551 636 mortem
1583 581 1804 650 pariunt
1847 578 1968 648 ipso
1991 577 2082 647 ju-

499 677 682 737 bente,
723 673 1188 737 auteoncedente,
1223 671 1413 726 saltem
1449 685 1558 725 non
1590 681 1830 735 vetante,
1883 670 2080 726 interi-

496 777 606 819 tum
641 764 900 820 efﬁciunt.
937 783 955 816 ι
992 763 1223 834 Attingit
1251 761 1394 818 enim
1424 777 1455 816 ιι
1485 761 1590 816 fine
1621 777 1795 832 usque
1821 761 1886 816 ad
1917 761 2080 816 finem

496 858 710 913 fortiter
735 875 748 910 :
778 876 796 908 ι
826 865 884 910 ιιι
921 857 973 910 in
1003 854 1282 926 Sapientia
1318 853 1540 910 dicitur.
1579 872 1598 908 ι
1627 851 1691 908 Et
1725 853 1835 908 duo
1863 868 2081 922 passer~

427 987 432 994 -
497 953 603 1006 euli
631 967 754 1007 asse
787 965 955 1019 parvo
983 957 1273 1016 vxcneunt;
1305 956 1472 1018 atque
1509 961 1651 1005 unus
1681 961 1745 1004 ex
1793 947 1928 1017 ipsis
1967 962 2080 1002 non

497 1045 652 1098 cadet
679 1043 732 1095 in
764 1055 906 1098 terra
933 1041 1137 1107 absque
1161 1041 1319 1096 Patre
1344 1054 1498 1095 meo:
1529 1058 1548 1092 ι
1582 1041 1658 1108 (et
1679 1053 1799 1104 quae
1822 1039 2078 1109 deinceps

461 1135 822 1206 -sequnntur)
849 1153 862 1189 :
894 1135 1154 1188 Dominus
1186 1133 1304 1202 ipse
1348 1142 1533 1188 noster
1566 1134 1666 1188 ait.
1707 1131 1863 1200 Quod
1895 1143 2075 1187 autem

495 1245 600 1282 non
625 1243 816 1282 omnes
845 1236 970 1280 sunt
996 1226 1248 1292 studiosi,
1280 1241 1456 1294 neque
1495 1224 1564 1280 ad
1594 1235 1850 1280 aeternam
1894 1226 2062 1279 vitam

495 1321 879 1390 praidestinati,
908 1322 1012 1374 hoc
1033 1319 1167 1373 nihil
1202 1317 1268 1372 ad
1296 1333 1430 1372 rem.
1456 1316 1665 1372 Etenim
1694 1315 1884 1371 sufﬁcit
1911 1318 2073 1371 etiam

495 1430 617 1469 eum
659 1429 856 1480 magno
879 1413 1038 1468 Patre
1064 1411 1288 1475 Basilio,
1321 1411 1465 1480 quod
1499 1411 1896 1481 praedestinatis
1932 1407 2074 1464 αα]χί

494 1517 621 1562 sunt
655 1505 747 1560 Dei
781 1519 1046 1562 concessu
1088 1504 1214 1561 vita:
1241 1503 1484 1567 limites;
1509 1512 1560 1556 et
1593 1501 1658 1559 ad
1683 1502 2072 1570 sempiternum

497 1602 698 1654 booum
721 1599 856 1668 ipsis
889 1597 1259 1654 extenduntur
1287 1605 1380 1651 aut
1412 1594 1840 1658 contrahuntur,
1870 1595 2075 1665 pariter

495 1707 621 1746 cum
659 1692 844 1746 aureis
893 1699 1056 1758 atque
1096 1687 1370 1758 argenteis
1424 1701 1656 1757 qumque
1705 1686 1759 1740 in
1810 1685 2071 1740 honorem

2185 488 2336 552 Θεδς,
2367 507 2386 540 ι
2411 489 2469 542 ἐν
2493 492 2558 560 τῇ
2582 487 2754 560 Σοφίᾳ
2772 489 2992 557 λέγεται
3018 503 3032 519 °
3057 490 3152 545 καὶ
3181 508 3199 543 ι
3233 491 3333 546 Δύο
3361 500 3590 566 στρουθία
3614 508 3694 560 ac-

2185 582 2375 664 σαρίου
2400 583 2684 650 πωλεῖται,
2710 584 2802 638 καὶ
2820 582 2877 637 ἓν
2896 581 2958 649 ἐξ
2987 583 3167 638 αὐτῶν
3190 584 3250 638 οὗ
3279 591 3508 645 πεσεῖται
3527 595 3595 658 είς
3618 600 3696 672 τὴν

2182 674 2285 744 γῆν
2310 673 2439 727 ἄνευ
2463 673 2558 728 τοῦ
2582 675 2791 744 Πατρός
2815 691 2936 744 μου,
2967 693 2986 727 ι
3013 675 3110 728 καὶ
3142 675 3210 730 τὰ
3238 675 3378 748 ἑξῆς,
3401 681 3588 748 αὐτὺςό
3609 689 3698 743 κά.

2185 782 2298 838 ριος
2326 766 2484 836 ἡμῶν
2513 782 2670 837 φησι.
2705 766 2779 819 Τὸ
2811 765 2867 820 δὲ
2905 766 2980 838 μὴ
3006 766 3212 831 πάντας
3243 764 3377 825 εἶναι
3403 776 3695 848 σπουδαίως,

2184 859 2320 928 μηδὲ
2374 859 2512 929 πρὸς
2562 859 2664 930 τὴν
2702 860 3030 930 προαιώνιον
3078 865 3510 934 προωρισμένους
3547 868 3694 942 ζωὴν,

2179 949 2332 1004 οὐδὲν
2366 950 2501 1020 πρὸς
2551 951 2643 1004 τὸν
2694 951 2873 1019 λόγον.
2917 951 3105 1022 Ἀρκεῖ
3149 954 3258 1023 γὰρ
3304 956 3396 1012 καὶ
3438 959 3556 1030 ἡμῖν
3586 963 3696 1032 μετὰ

2177 1041 2273 1098 τοῦ
2309 1043 2548 1112 μεγάλου
2583 1044 2793 1115 Πατρδς
2830 1045 3116 1100 Βασιλείου
3159 1045 3220 1100 τὸ
3256 1049 3366 1112 τοῖς
3398 1057 3696 1125 προωριομέ.

2178 1153 2288 1198 νοις
2315 1136 2624 1206 πεπηγέναι
2652 1136 2838 1191 θεόθεν
2867 1138 2933 1192 τὰ
2961 1138 3064 1207 τῆς
3094 1137 3240 1208 ζωῆς
3273 1140 3456 1210 μέτρα,
3481 1144 3695 1212 καὶπρὸς

2177 1229 2238 1281 τὸ
2288 1228 2460 1282 ἀΐδιον
2497 1231 2776 1301 συμφέρον
2822 1232 3008 1294 αὐτοῖς
3057 1231 3407 1294 ἑκτείνεσθαι,
3444 1235 3473 1304 ἢ
3516 1239 3697 1291 συστέλ-

2175 1321 2366 1376 λεσθαι
2401 1323 2512 1386 τοῖς
2558 1326 2778 1392 χρυσοῖς
2813 1340 2872 1376 τε
2917 1323 3012 1378 καὶ
3051 1326 3312 1394 ἀργυροῖς
3354 1327 3442 1378 καὶ
3467 1329 3538 1390 εἰς
3562 1329 3694 1398 τιμὴν

2179 1413 2420 1480 σκεύεσι,
2460 1414 2603 1467 κατὰ
2635 1413 2726 1468 τὸν
2772 1415 3005 1481 Παῦλον,
3043 1415 3206 1486 οἵπερ
3253 1416 3590 1488 ἀναρίθμητοι
3618 1422 3694 1488 μὲν

2176 1503 2306 1572 είσι,
2339 1505 2433 1558 καὶ
2464 1503 2657 1559 τούτου
2697 1504 2858 1575 χάρις
2888 1507 2921 1576 ἡ
2975 1508 3330 1575 γένεσις,ἐίς
3361 1508 3692 1582 ἀναπλήρωσιν

2175 1595 2284 1648 τῶν
2320 1596 2598 1652 πεσόντων
2627 1596 2924 1668 οὐρανόθεν
2954 1598 3224 1668 ἀγγέλων.
3254 1599 3372 1670 Θεῷ
3393 1601 3448 1655 δὲ
3475 1606 3695 1670 γινωσκό-

2179 1684 2334 1754 μενοι
2386 1687 2554 1758 μόνῳ,
2600 1689 2698 1742 κα)⁵
2749 1688 2842 1741 ὑπ’
2896 1690 3061 1744 αὑτοῦ
3110 1692 3466 1761 φανεροῦντσί
3504 1710 3625 1756 τινες
3647 1693 3694 1758 ἐξ

497 1790 625 1840 sttnt
658 1783 828 1846 vasis,
860 1797 926 1836 ex
960 1780 1021 1834 Β.
1051 1779 1250 1845 Paulo;
1291 1779 1384 1846 qui
1416 1778 1634 1845 quidem
1665 1785 1793 1833 sunt
1817 1779 2068 1834 innume-

2174 1773 2377 1838 αὐτῶν,
2404 1773 2496 1840 οὓς
2523 1777 2588 1831 ἂν
2615 1777 2888 1848 βούλοιντο
2919 1781 3290 1850 φανεροῦσθαι
3331 1782 3602 1846 κάνταῦθα,
3625 1786 3694 1838 καὶ

496 1877 544 1930 ri
575 1895 587 1930 :
619 1885 781 1945 atque
809 1881 1093 1944 eapropter
1121 1872 1404 1942 generatio
1429 1880 1514 1928 est
1544 1871 1609 1926 ad
1633 1871 2069 1941 supplementum

494 1970 814 2037 angelorum
845 1967 938 2038 qui
981 1981 1012 2022 e
1032 1964 1187 2022 cmlis
1215 1964 1558 2020 exciderunt.
1589 1961 1654 2016 lli
1679 1978 1802 2016 cum
1835 1962 1945 2019 Deo
1968 1964 2070 2020 soli

494 2070 912 2131 cognoscuntur,
959 2068 1013 2113 et
1051 2057 1120 2113 ab
1159 2072 1224 2112 eo
1269 2055 1684 2110 manifestentur
1733 2055 1954 2124 quidam
2002 2071 2071 2112 ex

496 2155 651 2224 ipsis,
687 2167 827 2220 quos
860 2151 1022 2206 etiam
1059 2150 1146 2204 hic
1178 2146 1516 2204 manifestari
1553 2147 1802 2213 voluerit,
1833 2155 1888 2202 et
1930 2163 2072 2218 quos

497 2247 672 2300 latere
721 2242 872 2298 nefas
911 2249 1016 2296 est.
1065 2239 1288 2302 Deinde,
1335 2235 1795 2308 quemadmodum
1825 2237 2073 2307 providet

435 2325 448 2332 ”
492 2339 714 2410 quidem
741 2336 994 2392 omnibus
1031 2335 1084 2388 in
1117 2333 1226 2388 vita
1254 2329 1590 2394 hominibus,
1623 2332 1713 2386 sed
1740 2330 2068 2397 dill‘ercnter,

493 2442 551 2487 et
587 2444 683 2498 pro
712 2429 906 2484 merito
937 2441 1002 2482 ac
1030 2425 1294 2498 dignitate
1333 2424 1606 2494 cujusque
1647 2439 1660 2476 :
1703 2424 1781 2478 sic
1810 2424 1972 2477 etiam
2003 2423 2070 2480 de

492 2525 599 2581 line
649 2523 914 2590 ipsorum,
951 2533 1047 2589 par
1089 2525 1170 2571 est
1207 2516 1416 2570 varium
1468 2515 1667 2569 habere
1718 2515 1966 2570 ordinem
2018 2525 2072 2572 et

490 2625 798 2686 respectum
831 2613 970 2684 apud
995 2610 1236 2667 divinum
1258 2607 1551 2680 judicium.
1581 2607 1795 2662 Etenim
1817 2609 2070 2670 omnibus

488 2709 708 2780 quidem
745 2705 1056 2764 hominibus
1101 2701 1329 2772 praeficit
1380 2701 1653 2772 angelum.
1691 2700 1794 2754 Sed
1837 2716 1944 2756 non
1977 2716 2071 2756 ea-

491 2799 616 2856 dem
658 2795 834 2867 angeli
857 2793 1224 2850 sollicitudine
1249 2792 1460 2862 potitur
1481 2790 1716 2846 intidelis
1745 2801 1910 2862 atque
1943 2790 2070 2846 fide-

487 2892 560 2956 lis
597 2908 611 2946 :
643 2905 818 2959 neque
844 2887 1126 2967 improbus
1151 2886 1359 2956 pariter
1397 2899 1463 2940 ea
1494 2884 1696 2940 fruitur
1733 2898 1796 2939 ac
1841 2883 2066 2954 probus,

493 2982 710 3042 tametsi
737 2982 896 3040 ambo
929 2981 1040 3040 sint
1071 2979 1276 3036 ﬁdeles.
1316 2976 1504 3049 itaque
1531 2978 1622 3035 hic
1652 2993 1872 3049 quoque
1902 2979 2068 3033 vitam

491 3086 738 3132 nostram
785 3073 1056 3138 omnium,
1099 3080 1155 3126 et
1201 3071 1406 3126 exitum
1442 3069 1728 3125 deﬁnitum
1770 3085 1913 3138 esse,
1949 3086 2068 3125 om-

493 3172 624 3224 nino
662 3180 948 3222 necessum
976 3172 1078 3219 est.
1112 3161 1281 3217 Porro
1307 3161 1568 3218 diderens
1597 3163 1745 3219 circa
1778 3163 1894 3217 lnee
1919 3162 2070 3232 judi-

493 3264 642 3318 cium
670 3259 822 3328 juxta
853 3271 1043 3314 eorum
1091 3255 1185 3325 qui
1230 3255 1422 3310 vivunt
1465 3254 1802 3318 discrimina,
1834 3255 1942 3310 Deo
1968 3255 2068 3312 soli

493 3360 845 3424 perspectum
866 3357 968 3412 est,
995 3363 1119 3402 cum
1147 3361 1320 3418 pauca
1349 3347 1506 3402 nobis
1531 3347 1639 3402 sint
1670 3347 1926 3413 revelata,
1954 3358 2068 3404 tum

492 3461 557 3500 ex
586 3442 789 3499 divinis
826 3439 1046 3496 Litteris
1074 3448 1186 3493 tum
1213 3454 1278 3494 ex
1313 3438 1552 3494 historiis
1590 3441 1789 3507 sacris,
1826 3451 1882 3496 ut
1913 3449 2070 3496 antea

491 3527 798 3592 luculenter
822 3531 1174 3603 exposuimus
1207 3549 1221 3586 :
1265 3544 1442 3600 neque
1489 3546 1703 3601 aequum
1739 3541 1822 3587 est
1852 3548 1950 3587 nos
1976 3548 2070 3603 ag-

489 3630 642 3700 gredi
691 3641 753 3684 ea
806 3641 927 3696 quae
977 3638 1152 3692 neque
1201 3624 1588 3693 comprehendi
1636 3633 1845 3697 queunt
1897 3639 2070 3696 neque

491 3719 630 3777 tradi
662 3729 760 3774 :et
792 3718 861 3772 ab
895 3715 964 3771 iis
993 3730 1114 3785 qua:
1159 3714 1532 3770 conceduntur
1577 3724 1632 3770 et
1679 3719 1879 3771 dantur
1912 3716 2069 3772 nobis

490 3801 564 3866 ad
589 3807 1052 3880 cognoscendum,
1077 3805 1393 3882 dissidendo
1426 3805 1744 3862 abscedere.
1789 3808 1855 3862 Et
1888 3815 2065 3862 tamen

489 3918 614 3960 eum
641 3899 1052 3972 reprobatorum
1082 3907 1137 3952 et
1167 3895 1602 3952 misericordiam
1627 3897 1948 3966 adeptorum
1983 3896 2066 3952 vi-

495 4006 604 4048 tam
642 3991 829 4064 divino
855 3989 1051 4060 subjici
1100 3988 1266 4060 iugo;
1316 3997 1428 4044 tum
1475 3988 1575 4059 ipsi
1609 3989 1910 4058 plarentem
1939 3993 2070 4046 edu-

489 4089 726 4143 ctiouem
755 4099 786 4139 e
821 4084 931 4138 vita
955 4122 971 4149 ,
1005 4083 1107 4140 hos
1136 4095 1352 4152 quoque
1381 4079 1655 4135 sustinere
1690 4080 1873 4134 divina
1905 4080 2066 4136 docet

491 4180 794 4248 Scriptura.
826 4175 1130 4232 Ostendunt
1159 4173 1322 4229 etiam
1350 4172 1598 4228 violenta:
1623 4180 1824 4228 mortes
1851 4173 2066 4243 populis

498 4269 742 4324 inductae
793 4276 848 4320 et
896 4263 1260 4335 principibus.
1297 4263 1509 4318 ardenti
1553 4263 1670 4320 zelo
1711 4263 1934 4334 iustitia
1967 4279 2064 4318 an-

493 4363 742 4431 gelorum
789 4355 1324 4413 subministrantium
1369 4369 1433 4410 ac
1499 4354 1902 4424 prophetarum,
1954 4370 2062 4412 non

2173 1863 2266 1930 οὒς
2298 1866 2587 1922 λανθάνειν
2622 1869 2907 1925 ἀδύνατον.
2944 1872 3201 1939 Ἔπειτα,
3245 1873 3488 1944 καθάπερ
3517 1876 3693 1944 προνοεί

2175 1958 2276 2029 μὲν
2307 1959 2526 2015 πάντων
2559 1962 2616 2014 ὲν
2649 1965 2714 2033 τῇ
2749 1953 2861 2033 ζωῇ
2894 1964 3003 2017 τῶν
3038 1964 3363 2040 ἀνθρώπων,
3397 1966 3522 2019 ἀλλὰ
3549 1966 3694 2033 διαφί-

2176 2067 2282 2122 ρως
2311 2054 2406 2107 καὶ
2461 2054 2600 2109 κατὰ
2631 2054 2732 2126 τὴν
2781 2055 2938 2120 ἀξίαν
2991 2057 3276 2111 ἑκάστωνο
3316 2057 3454 2112 οὕτω
3490 2059 3694 2126 καὶπερὶ

2171 2143 2267 2198 τοῦ
2299 2145 2483 2210 τέλους
2519 2146 2700 2200 αὐτῶν
2729 2148 2982 2219 ποικίλην
3008 2148 3155 2212 είκὸς
3177 2150 3321 2220 ἔχειν
3347 2149 3492 2221 παρὰ
3517 2153 3574 2220 τῇ
3598 2149 3690 2222 θείᾳ

2172 2236 2352 2305 κρίσει
2386 2238 2484 2308 τὴν
2519 2237 2671 2303 τάξιν
2702 2239 2796 2292 καὶ
2830 2238 2930 2314 τὴν
2969 2239 3298 2311 ἀπόδλεψιν.
3340 2241 3443 2294 Καὶ
3468 2243 3585 2295 πᾶσι
3613 2240 3690 2310 μὲν

2171 2330 2278 2398 γὰρ
2307 2330 2615 2399 ἀνθρώποις
2645 2333 2931 2400 ἐφίστησιν
2959 2333 3235 2403 ιᾶγγελον,
3270 2333 3384 2388 ἀλλ’
3424 2333 3480 2387 οὗ
3511 2334 3597 2402 τῆς
3621 2332 3694 2384 αὖ·

2171 2422 2270 2492 τῆς
2307 2422 2570 2478 ἀπολαύει
2608 2423 2703 2478 τοῦ
2738 2425 2968 2496 ἀγγέλου
3020 2427 3352 2498 κηδεμονίας
3390 2428 3417 2480 ό
3447 2428 3612 2486 πιστὸς
3634 2421 3692 2491 τῷ

2171 2514 2404 2586 ἀπίστῳ,
2449 2516 2559 2570 οὐδ’
2589 2516 2618 2570 6
2658 2515 2856 2584 φαῦλος
2891 2518 2966 2588 τῷ
2999 2518 3216 2590 ἀγαθῷ,
3269 2519 3368 2572 κᾶν
3413 2509 3534 2572 ὦσιν
3563 2515 3695 2582 ἄμφω

2177 2607 2358 2660 πιστοί
2387 2624 2400 2638 ο
2431 2609 2575 2662 οὓτω
2605 2609 2885 2663 κάνταῦθα
2931 2610 3029 2683 τὴν
3061 2611 3163 2676 μὲν
3205 2611 3351 2682 ζωὴν
3380 2610 3526 2680 ἡμῶν
3560 2607 3696 2660 ἁπάν-

2173 2716 2279 2752 των
2310 2699 2407 2754 καὶ
2439 2701 2500 2753 τὸ
2525 2701 2678 2766 τέλος
2727 2702 2958 2772 ὡρίσθαι
3000 2705 3152 2756 πᾶσα
3199 2703 3413 2772 ἀνάγκη
3435 2715 3450 2729 ·
3480 2698 3584 2770 ἡδὲ
3609 2697 3694 2750 διά-

2173 2809 2337 2862 φορος
2370 2793 2498 2864 περὶ
2525 2791 2698 2847 ταῦτα
2734 2794 2914 2865 κρίσις
2951 2794 3092 2848 κατὰ
3127 2796 3228 2856 τὰς
3254 2794 3362 2848 τῶν
3391 2792 3588 2858 ζώντων
3611 2788 3697 2841 ﬁta-

2174 2887 2344 2956 φορὰς
2368 2885 2445 2956 τῷ
2477 2884 2596 2956 Θεῷ
2649 2885 2920 2956 ἔγνωσται
2955 2887 3124 2958 μόνῳ,
3149 2888 3349 2955 ὀλίγων
3382 2885 3506 2954 ἡμῖν
3529 2883 3695 2937 ἀποκα-

2170 2978 2479 3047 λυφθέντων
2505 2977 2567 3032 ἔκ
2590 2995 2648 3032 τε
2674 2978 2780 3032 τῶν
2805 2975 2964 3032 θείων
2995 2977 3256 3049 ι’ραφῶν,
3283 2979 3346 3032 ἐκ
3371 2994 3425 3030 τε
3449 2975 3547 3028 τῶν
3569 2974 3695 3042 ίερῖιν

2175 3072 2444 3141 ίστοριῶν,
2475 3071 2550 3135 ὡς
2590 3072 2890 3141 φθάσαντες
2922 3071 3300 3142 διεξήλθομεν.
3325 3071 3431 3123 Καὶ
3452 3070 3506 3123 οὐ
3530 3067 3695 3120 δίκαιον

2173 3165 2344 3234 ἡμᾶς,
2371 3163 2459 3218 διὰ
2488 3163 2548 3217 τὸ
2579 3164 2655 3235 μὴ
2687 3163 2950 3218 δύνασθαι
2994 3167 3103 3227 τοῖς
3136 3165 3535 3236 ἀκαταλήπτοις
3556 3177 3605 3214 τε
3627 3158 3698 3210 καὶ

2177 3255 2252 3327 μὴ
2283 3255 2588 3324 δεδομένοις
2639 3257 2960 3327 ἐπιχειρεῖν,
3007 3257 3103 3311 καὶ
3149 3257 3262 3312 τῶν
3303 3252 3698 3327 ὁμολογουμένων

2173 3347 2601 3417 καὶεδεδομένων
2653 3350 2789 3418 ἡμῖν
2819 3349 3016 3404 είδέναι
3055 3349 3473 3413 διαπιστοῦντας
3505 3346 3697 3415 ἀφίστα-

2171 3439 2314 3494 σθαι.
2351 3440 2546 3493 Καίτοι
2581 3440 2643 3494 τὸ
2675 3441 2890 3505 καὶτὰς
2939 3441 3048 3495 τῶν
3095 3433 3694 3511 ὰποδεδοκιρισμένωνῆ

2167 3529 2484 3601 ἠλεημένων
2513 3532 2658 3594 ζωὰς
2689 3532 2764 3601 τῷ
2797 3531 2926 3602 θείῳ
2956 3530 3285 3588 ὑποκεῖσθαι
3318 3531 3489 3601 ζυγῷ,
3518 3529 3598 3582 καὶ
3619 3523 3694 3594 τὴν

2168 3622 2318 3693 αὐτῷ
2356 3623 2622 3678 δοκοῦσαν
2663 3623 2949 3696 ἐξαγωγὴν
2989 3627 3052 3679 ἐκ
3092 3627 3193 3681 τοῦ
3244 3627 3363 3696 βίου
3397 3626 3484 3678 καὶ
3513 3621 3696 3678 τούτους

2169 3713 2524 3783 ὑφίστασθαι,
2563 3717 2596 3787 ἡ
2651 3715 2772 3770 θεία
2822 3717 3065 3772 διδάσκει
3098 3718 3320 3789 Γραφή.
3369 3715 3474 3770 Καὶ
3519 3707 3697 3781 δηλοῦσι

2169 3808 2269 3878 μὲν
2303 3810 2352 3861 oi
2387 3809 2553 3880 βίαιοι
2599 3809 2820 3864 θάνατοι
2851 3811 3118 3882 πλήθεσιν
3168 3810 3494 3882 ιπαχθέντες
3522 3803 3696 3870 καὶᾶρ-

2167 3915 2347 3970 Χουδιι
2395 3900 2543 3971 ζήλῳ
2593 3901 2941 3972 δικαιοσύνης
2966 3903 3240 3972 ιάγγέλων
3291 3895 3696 3972 ὑπηρετουμένων

2167 3993 2262 4046 καὶ
2292 3993 2608 4063 προφητῶν,
2640 3995 2738 4048 οὐκ
2759 3995 2886 4049 ἄνευ
2911 3994 3048 4050 Θεοῦ
3068 4012 3084 4027 ⁸
3111 3994 3341 4067 δηλοῦσι
3366 3993 3420 4048 δὲ
3447 3992 3499 4046 αί
3522 3989 3596 4042 διὰ
3613 3984 3695 4039 τῶν

2168 4087 2466 4155 προφητῶν
2510 4087 2891 4158 ἀπειληθεῖσαι
2927 4089 3117 4143 πόλεσι
3163 4105 3226 4143 τε
3255 4089 3351 4142 καὶ
3391 4087 3580 4140 ἔθνεσιν
3605 4080 3696 4145 £5,0-

2165 4178 2513 4247 ).oepaticst;°
2555 4180 2650 4232 καὶ
2689 4179 2720 4250 ἢ
2761 4180 3020 4253 μετανοίᾳ
3063 4181 3493 4251 καταφυγόντων
3520 4175 3600 4228 ἐπὶ
3624 4171 3694 4224 τὸν

2164 4271 2300 4324 Θεὸν
2331 4273 2703 4341 πεπαυμέναι,
2739 4271 2772 4341 ἡ
2821 4271 3215 4343 ἀμετανοήτων
3259 4271 3548 4340 μεινάντων
3573 4260 3695 4333 γενό-

2167 4380 2328 4434 μεναι
2349 4379 2364 4393 ο
2399 4364 2456 4417 αί
2494 4363 2804 4434 προσθῆκαι
2847 4367 2942 4430 τῆς
2973 4363 3120 4432 ζωῆς
3151 4365 3320 4426 ἐνίοις
3349 4359 3693 4434 μετανοήσασει

491 4457 612 4512 sine
649 4451 896 4508 numine.
928 4447 984 4503 ιιι
1007 4461 1220 4518 quoque
1246 4446 1521 4502 declarant
1550 4446 1721 4500 ruinae
1748 4455 1801 4502 et
1823 4447 2061 4516 depopu-

2171 4457 2308 4526 μετὰ
2331 4455 2428 4527 τὴν
2453 4455 2552 4526 τῆς
2595 4454 2744 4527 ζωῆς
2776 4456 3166 4526 ἀπαγόρευσιν,
3215 4457 3282 4510 ἐκ
3322 4453 3454 4509 Θεοῦ
3484 4444 3696 4522 μηνυθεί-

490 4547 742 4608 lationes,
762 4555 900 4614 quas
929 4551 1081 4594 vates
1101 4537 1327 4594 urbibus
1347 4546 1398 4591 et
1415 4538 1669 4608 gentibus
1689 4538 2064 4594 comminatim

492 4643 728 4704 fuerant,
775 4634 1084 4704 eaedemque
1121 4631 1204 4685 vel
1251 4629 1569 4700 poenitentia
1619 4645 1807 4685 eorum
1856 4630 1950 4700 qui
1998 4629 2065 4686 ad

493 4733 662 4788 Deum
698 4727 1080 4798 confugerant,
1105 4729 1432 4790 cessarunt;
1462 4722 1546 4777 vel
1570 4721 1640 4777 ob
1670 4723 2065 4792 impmnitentia

490 4823 790 4880 obduratos
825 4824 1223 4875 remanserunt.
1247 4813 1583 4872 Incrementa
1611 4816 1734 4870 vita:
1757 4815 2065 4886 inquibus-

493 4918 618 4972 dam
649 4915 744 4986 qui
783 4913 1157 4984 resipuerant,
1187 4917 1476 4977 postquam
1501 4907 1568 4962 de
1604 4909 1711 4964 vita
1739 4907 2062 4978 despondis-

495 5015 641 5069 sent,
673 5006 895 5062 interitu
927 5017 956 5058 a
985 5001 1096 5058 Deo
1135 5001 1410 5056 declarato
1441 5008 1494 5058 et
1523 5000 1694 5071 signis
1722 5001 2064 5071 ostentisque

493 5098 750 5154 omnibus
779 5095 1074 5164 conspicuo
1108 5091 1276 5148 facto.
1300 5093 1536 5148 Ananias
1569 5107 1696 5146 vero
1721 5101 1777 5146 et
1797 5091 2060 5162 Sapphira

487 5187 780 5246 exanimati
810 5197 956 5251 sunt,
993 5201 1098 5240 non
1151 5183 1327 5251 Petri,
1369 5184 1462 5239 sed
1496 5182 1590 5238 Dei
1636 5183 1852 5250 virtute,
1898 5199 2059 5254 quem

489 5285 804 5358 invocarat;
843 5293 908 5336 ac
951 5279 1117 5334 Petro
1159 5293 1267 5332 non
1302 5284 1566 5346 praesente
1609 5283 1663 5330 et
1712 5274 2058 5330 mendacium

488 5364 765 5443 urguente,
796 5370 1196 5440 suspirassent,
1221 5369 1298 5423 ita
1325 5368 1536 5423 volente
1563 5365 1693 5423 Deo.
1713 5367 1778 5422 Et
1803 5377 1934 5437 quot
1965 5369 2063 5423 ho-

488 5470 662 5524 mines
690 5467 881 5521 insane
913 5463 1004 5533 jus
1029 5461 1316 5526 violantes,
1344 5459 1608 5514 violenter
1646 5459 1854 5528 e,vivis
1898 5475 2059 5514 exce-

486 5560 666 5616 dunt?
700 5561 826 5616 dum
857 5557 1002 5612 alius
1025 5556 1186 5608 aliam
1217 5552 1411 5607 sull‘ert
1441 5552 1776 5620 violentiam,
1799 5566 1862 5606 ac
1891 5553 2059 5610 latent

489 5654 759 5719 homines,
792 5652 920 5706 dum
952 5646 1220 5704 violentiae
1249 5646 1500 5700 ell'ectum
1551 5655 1823 5715 patentem
1875 5647 2057 5701 consi-

487 5739 677 5796 derant
714 5754 941 5794 :verum
977 5735 1197 5794 cceleste
1218 5735 1282 5790 ad
1307 5735 1361 5790 id
1385 5743 1718 5817 momentum
1751 5734 2054 5792 subducere

2170 4565 2268 4616 σης
2295 4549 2396 4617 τῆς
2421 4547 2704 4617 τελεύτῆς.
2746 4548 2839 4602 καὶ
2875 4548 3128 4618 σημείοις
3156 4548 3295 4601 πᾶσι
3322 4544 3550 4615 φανερᾶς
3577 4550 3695 4605 γενο-

2167 4638 2363 4708 μένης.
2408 4637 2656 4700 Ἀνανίας
2700 4637 2756 4691 δὲ
2785 4639 2880 4691 καὶ
2908 4637 3199 4708 Σάπφειρα
3236 4634 3614 4705 ἀποψύξαντες.
3647 4619 3693 4674 οὗ

2165 4733 2234 4800 τῇ
2265 4730 2360 4783 τοῦ
2412 4730 2640 4802 Πέτρου,
2671 4731 2737 4800 τῇ
2770 4728 2827 4782 δὲ
2867 4728 2962 4784 τοῦ
2998 4728 3133 4784 Θεοῦ
3185 4727 3434 4797 δυνάμει,
3463 4725 3518 4778 ὃν
3555 4723 3579 4774 ό
3617 4716 3695 4770 Πέ-

2164 4835 2293 4888 τρος
2321 4817 2665 4882 ἐπεκαλεῖτο,
2699 4817 2792 4871 κτὶ
2821 4817 2918 4871 τοῦ
2943 4818 3174 4890 ,Πέτρου
3213 4816 3292 4890 μὴ
3322 4813 3597 4887 παρόντος,
3622 4804 3694 4858 καὶ

2166 4911 2224 4964 τδ
2254 4910 2446 4980 ψεῦδος
2480 4909 2818 4980 ἐλέγχοντος,
2850 4909 3132 4977 άπέψυξαν
3182 4911 3252 4964 ἄν
3285 4925 3298 4942 ·
3321 4907 3461 4962 οὕτω
3483 4903 3567 4957 τοῦ
3588 4893 3694 4952 Θεοῦ

2165 5001 2514 5074 βουλομένου.
2553 5002 2664 5054 Καὶ
2710 5001 2870 5055 πόσοι
2915 5002 3028 5056 τῶν
3074 5000 3384 5071 ἀνθρώπων
3430 4994 3695 5068 ἀνηκέστως

2165 5092 2613 5162 παρανομοῦντες
2644 5090 2840 5161 βιαίως
2867 5091 3176 5161 ἐξάγονται,
3227 5091 3389 5153 ἄλλος
3416 5087 3568 5155 ἄλλην
3597 5083 3696 5147 ὕφι⁶

2168 5185 2430 5254 στάμινοι
2490 5183 2651 5255 βίαν,
2703 5185 2950 5248 καὶτοὺς
3001 5183 3335 5253 ἀνθρώπους
3393 5177 3692 5233 λανθάνουσι.

2165 5276 2577 5346 σκοπουμένους
2625 5277 2724 5348 μὲν
2755 5277 2814 5332 τὸ
2860 5279 2959 5348 τῆς
3005 5275 3126 5348 βίας
3157 5273 3505 5346 φαινόμενον,
3535 5264 3618 5334 τήν
3640 5258 3691 5312 δι’

2159 5369 2417 5440 οὐράνιον
2456 5368 2593 5440 πρὸς
2649 5370 2811 5424 τοῦτο
2861 5370 3034 5442 ῥοπὴν
3082 5369 3402 5439 λογίζεσθαι
3448 5358 3560 5435 μηδ’
3585 5357 3705 5412 δλωῖ¹

2161 5462 2618 5532 ἐφικνουμένους;
2640 5463 2705 5516 Δί
2726 5463 2782 5518 δὲ
2803 5465 3059 5536 πρόδηλοι
3079 5463 3190 5518 τῶν
3211 5463 3455 5518 θανάτων
3471 5457 3552 5512 καὶ
3572 5445 3692 5518 πσρᾶ

2161 5554 2326 5624 φύσιν
2352 5554 2691 5624 άπαλλαγαὶ,
2738 5555 2838 5627 τῆς
2887 5559 2952 5611 ἐκ
3003 5557 3214 5627 νεκρῶν
3263 5551 3594 5610 ἀναστάσεως
3626 5539 3679 5593 οὗ

2160 5645 2248 5699 δὲν
2289 5646 2669 5717 διαφέρουσαι,
2723 5649 3108 5720 παρείσθωσαν
3140 5649 3199 5701 ὲν
3244 5649 3418 5716 τιύτῳ
3449 5641 3520 5714 τῷ
3549 5636 3689 5709 μέρει.

2158 5737 2234 5802 ὡς
2260 5742 2323 5811 τῇ
2360 5739 2467 5793 τῶν
2495 5742 2934 5813 προωρισμένων
2977 5741 3129 5807 τάξει
3165 5739 3568 5813 σνμδαίνουσιι,
3595 5726 3689 5780 τότε

3841 5811 3847 5908 l
