3932 6458
99 412 104 417 ’
202 450 292 517 561
1151 446 1527 509 EPISTOLA
1577 448 1675 509 DE
1709 447 2485 514 PRIEDESTINATIONE.

201 565 294 636 μὲν
345 560 786 625 ἁπαλλάττοντος
830 563 925 616 τοῦ
970 562 1109 617 Θεοῦ
1144 564 1489 635 παραδόξως,
1538 564 1613 630 ὡς
1640 564 1781 620 οὕτω

1890 567 2215 637 neutiquam
2254 568 2652 637 aggrediuntur

200 656 474 726 συμφέρον
502 655 711 719 αὐτοῖς,
761 655 855 709 καὶ⁹
881 656 960 726 τῷ
994 657 1162 712 αὐτοῦ
1218 659 1448 729 συνᾷδον
1483 658 1773 729 θελήματι,

197 748 373 804 ἄλλοτε
423 746 479 799 δὲ
537 748 632 801 καὶ
692 749 761 801 δι’
817 748 1107 819 ἀμφότερα
1157 750 1571 821 συγχωροῦντος
1622 754 1776 821 σφίσι

198 840 572 911 μεθίστασθαι,
626 841 658 910 ἦ
702 841 800 910 τῆς
843 841 1060 909 φύσεως
1114 842 1519 913 ύπουργούσης,
1567 844 1599 915 ἢ
1654 845 1776 916 βίας

192 935 514 1003 τυραννικῆς
569 934 897 1003 ἐξαγούσης.
943 936 1126 990 Ἱκανὰ
1174 937 1277 1008 μὲν
1320 937 1415 992 οὖν
1459 939 1556 992 καὶ
1599 938 1775 994 ταῦτα

193 1026 279 1079 τὸν
328 1026 602 1095 ἡμέτερον
654 1029 889 1097 ἐκφῆναι
945 1032 1152 1082 σκοπὸν
1210 1032 1307 1084 ἐπὶ
1364 1032 1625 1086 συστάσει
1674 1033 1775 1102 τῆς

193 1118 450 1184 ἀληθείας
488 1119 586 1187 οὐχ
620 1114 786 1191 ἦττον
907 1122 1010 1192 τῆς
1035 1124 1129 1176 τοῦ
1162 1124 1489 1179 διδασκάλου
1523 1126 1771 1196 γνώμης.

195 1211 255 1265 El
289 1210 344 1263 δὲ
395 1212 453 1263 ὲν
487 1214 554 1281 τῇ
591 1212 761 1283 Σοφίᾳ
810 1214 1052 1282 λέγεται,
1090 1234 1108 1268 ι
1151 1217 1209 1270 Ὀ
1238 1216 1371 1279 Θεὸς
1398 1218 1632 1272 θάνατον
1673 1218 1775 1273 οὐκ

192 1302 411 1372 ἐποίησε
436 1319 451 1335 ·
496 1322 515 1356 ο
540 1304 701 1357 τοῦτο
735 1306 875 1359 κατὰ
898 1308 996 1377 τὴν
1028 1309 1209 1362 αἰτῖαν
1238 1308 1333 1362 τοῦ
1366 1311 1602 1366 Θανάτου
1639 1311 1775 1364 νοεί-

192 1412 295 1449 ται.
323 1396 405 1447 Οὐ
433 1395 543 1464 γὰρ
579 1396 725 1449 θέλει
752 1397 843 1450 τὸν
872 1398 1103 1453 θάνατον
1132 1401 1242 1453 τῶν
1271 1400 1578 1471 ἀνθρώπων
1605 1419 1775 1473 προη-

191 1489 496 1557 γουμένως,
524 1488 648 1543 οὔτε
687 1493 852 1556 ποιεῖ,
901 1491 1093 1564 ὥσπερ
1134 1492 1258 1547 οὐδὲ
1301 1494 1400 1562 τὴν
1434 1493 1615 1547 αίτίαν
1653 1493 1777 1546 τού-

189 1598 279 1634 του
304 1583 409 1650 τὴν
437 1581 717 1652 ἁμαρτίαν
745 1598 759 1614 ⁸
793 1583 931 1637 ἀλλὰ
962 1585 1062 1655 τὴν
1107 1585 1205 1655 τῆς
1239 1586 1588 1657 δικαιοσύνης
1621 1586 1775 1652 τάξιν

192 1675 280 1727 καὶ
315 1675 461 1728 πάνυ
499 1674 843 1745 βουλόμενος,
871 1671 938 1749 ἧς
978 1680 1094 1731 ἐστι
1143 1679 1202 1732 τὸ
1233 1681 1347 1744 τοῖς
1391 1682 1774 1752 ἁμαρτάνουσι

191 1766 343 1837 δίκην
380 1767 685 1836 ἐπάγεσθαι
732 1769 979 1842 ἑπομένῃ
1010 1769 1249 1840 θελήσει,
1284 1772 1434 1825 θέλει
1480 1773 1646 1828 αὑτὸν
1681 1775 1775 1827 καὶ

190 1862 369 1913 ποιεῖ·
407 1861 458 1914 εί
508 1861 603 1916 καὶ
656 1862 842 1925 ἐλέους
878 1862 1178 1935 ὑπερϐολῇ.
1228 1864 1321 1918 καὶ
1364 1864 1770 1939 φιλανθρωπίᾳ,

3354 450 3468 519 ΣθΞ

2701 583 2733 622 εν
2764 569 2860 625 sed
2891 569 3196 624 manifestae
3225 584 3252 621 a
3292 577 3470 625 morte

1878 665 1933 712 et
1965 672 2088 723 qum
2124 667 2319 725 praeter
2366 667 2616 712 naturam
2665 668 2793 714 sunt
2841 658 3215 721 liberationes,
3258 659 3391 712 nihil
3437 675 3465 712 α

1877 748 2290 805 resurrectione
2340 747 2653 805 dim-rentes
2681 794 2696 815 ,
2753 751 3240 820 prietermittantur
3279 750 3379 804 hac
3413 750 3465 806 in

1878 849 2057 909 parte,
2101 850 2297 912 utpote
2338 858 2462 912 qua:
2493 844 2674 897 ordini
2710 845 3221 913 praedestinatorum
3254 843 3470 899 contiu-

1876 946 2007 1005 gant
2039 950 2054 989 :
2089 943 2218 990 tunc
2242 935 2463 1005 quidem
2501 937 2803 992 incredibili
2847 936 3008 991 modo
3044 937 3307 993 liberante
3336 935 3466 999 Deo,

1877 1024 2023 1095 quod
2056 1026 2135 1080 sic
2172 1026 2306 1093 ipsis
2331 1026 2625 1097 expediat,
2658 1034 2714 1082 et
2748 1042 2937 1082 eorum
2970 1028 3236 1082 voluntati
3284 1028 3469 1084 conci—

1877 1126 1972 1172 nat
2004 1134 2017 1170 :
2054 1118 2192 1174 alias
2225 1134 2353 1173 vero
2390 1120 2551 1174 etiam
2589 1128 2811 1189 propter
2847 1129 3141 1190 utrumque
3188 1119 3298 1175 Deo
3336 1135 3469 1174 con-

1876 1212 2109 1269 Cedeute
2138 1212 2273 1282 ipsis
2301 1220 2359 1265 ut
2391 1211 2627 1283 migrent
2661 1226 2690 1265 e
2729 1210 2860 1276 vita,
2900 1220 2995 1265 aut
3036 1222 3226 1265 natura
3258 1211 3465 1266 snhmio

1879 1304 2169 1366 nistrante,
2201 1313 2295 1359 attt
2328 1304 2374 1356 vi
2406 1304 2691 1375 tyrannica
2732 1306 3003 1374 exigente.
3050 1304 3327 1360 Sullieient
3368 1306 3466 1374 igi-

1879 1407 1967 1453 tttr
2019 1399 2132 1453 haec
2183 1397 2250 1452 ad
2300 1412 2527 1466 scopum
2586 1407 2834 1453 nostrum
2890 1398 3297 1463 elucidaudum,
3354 1415 3463 1453 non

1880 1492 2062 1547 minus
2126 1491 2193 1544 ad
2249 1490 2498 1551 veritatis
2566 1491 3119 1552 commendationem,
3180 1504 3343 1559 quam
3401 1493 3467 1546 ad

1879 1584 2131 1639 Doctoris
2158 1584 2482 1639 sententiam
2522 1582 2803 1638 tuendam.
2836 1582 2994 1649 Quod
3026 1584 3069 1637 si
3104 1582 3156 1636 iu
3187 1582 3463 1652 Sapientia

1878 1678 2099 1739 dicitur,
2166 1696 2184 1727 ι
2221 1675 2360 1730 Deus
2424 1684 2655 1729 mortem
2715 1692 2822 1728 non
2875 1674 3040 1737 fecit,
3081 1693 3100 1726 ι
3156 1673 3261 1729 hoc
3316 1676 3468 1744 juxta

1877 1786 2102 1826 causam
2166 1769 2359 1825 mortis
2414 1767 2753 1837 intelligitur.
2804 1766 2936 1821 Nam
2972 1782 3078 1821 non
3126 1766 3241 1821 vult
3290 1767 3469 1820 homi-

1880 1876 2008 1915 num
2056 1870 2283 1914 mortem
2328 1859 2619 1929 praecipue,
2676 1874 2854 1928 neque
2910 1857 3078 1912 facit:
3110 1857 3256 1912 sicut
3288 1871 3466 1926 neque

194 1953 286 2006 καὶ
332 1954 524 2007 τοῦτον
572 1955 685 2018 τοῖς
718 1954 935 2019 τέκνοις
968 1956 1183 2027 μυρίοις
1228 1958 1450 2029 τρόποις
1498 1959 1775 2027 οἰκονομεῖ

1887 1968 2099 2009 causam
2138 1952 2334 2022 ipsius,
2378 1960 2657 2023 peccatum
2700 1970 2713 2004 :
2746 1952 2838 2006 sed
2884 1950 3026 2020 quod
3066 1950 3293 2022 justitire
3319 1950 3467 2004 ordi-

193 2046 326 2114 πρδς
361 2046 421 2099 τὸ
445 2046 679 2115 βέλτιον,
717 2048 813 2102 καὶ
858 2049 997 2120 πρὸς
1029 2051 1355 2119 εὐεργεσίαν
1399 2054 1465 2122 τῇ
1491 2055 1644 2123 κοινῇ
1678 2052 1771 2106 τοῦ

192 2138 381 2204 γένους
414 2139 600 2208 ποινῇ,
628 2138 764 2209 πρὸς
795 2139 886 2203 οὒς
919 2141 984 2194 ἂν
1008 2140 1275 2211 βούλοιτο,
1309 2144 1402 2196 καὶ
1427 2144 1636 2212 πρέπον
1662 2144 1769 2213 εἴη,

192 2230 477 2298 πατρικῶς
514 2232 846 2303 ἀποχρῆται.
885 2234 994 2287 Καὶ
1028 2235 1113 2288 διὰ
1160 2233 1319 2288 τοῦτο
1345 2235 1403 2289 ἐν
1435 2239 1499 2307 τῇ
1543 2244 1589 2290 α’
1620 2251 1634 2267 ⁸
1664 2238 1774 2290 τῶν

194 2321 486 2375 Βασιλειῶν
504 2322 722 2391 λέγεται
748 2340 762 2356 ο
788 2342 808 2377 ι
842 2323 1046 2396 Κύριος
1070 2325 1293 2381 θανατοῖ
1310 2328 1403 2382 καὶ
1427 2325 1687 2397 ζωογονεῖ
1708 2348 1722 2361 ο
1750 2347 1769 2380 ι

188 2416 286 2483 οὐχ
315 2416 391 2476 ὡς
444 2415 549 2486 ἰδία
596 2417 928 2485 πράττοντος
984 2419 1146 2488 μόνον
1195 2420 1480 2491 ἑκάτερον,
1516 2420 1545 2473 ὃ
1580 2425 1775 2474 ταυτόν

189 2506 307 2558 ἐστι
336 2505 415 2575 τῷ
452 2508 700 2571 θέλοντος
742 2510 1006 2579 ἑκάτερον
1029 2510 1300 2578 γίνεσθαι,
1331 2511 1407 2576 ὡς
1433 2512 1600 2567 αὑτοῦ
1632 2514 1777 2583 ζωῆς

188 2599 283 2649 καὶ
320 2597 556 2652 θανάτου
590 2599 689 2669 τὴν
743 2600 994 2665 ἐξουσίαν
1039 2602 1279 2674 ἔχοντος,
1328 2603 1444 2658 ἀλλ’
1475 2604 1551 2668 ὡς
1587 2606 1682 2658 καὶ
1718 2608 1777 2659 ὲν

185 2690 266 2755 τῷ
320 2689 588 2745 θανατοῦν
642 2691 905 2757 πολλάκις
954 2694 1356 2763 ζωογονοῦντος
1404 2699 1501 2751 καὶ⁵
1561 2701 1652 2752 τὸν
1684 2699 1778 2752 τοῦ

188 2780 431 2833 θανάτου
478 2783 670 2854 χρόνον
701 2785 796 2838 καὶ
833 2788 1036 2855 τρόπον
1084 2790 1220 2857 πρὸς
1248 2788 1311 2841 τδ
1354 2791 1657 2860 συμφέρον,
1686 2791 1782 2844 καὶ

185 2872 290 2943 τὴν
330 2876 763 2944 προωρισμέντ,ν
794 2874 965 2943 ζωὴν,
999 2876 1216 2941 πολλοῖς
1249 2878 1662 2949 οίκονομοῦντος
1688 2882 1782 2933 καὶ

184 2965 504 3028 τάττοντος.
526 2965 635 3018 Καὶ
659 2961 815 3028 αὖθις
842 2967 890 3020 εί
914 2967 972 3020 ἐν
990 2965 1067 3036 τῷ
1106 2965 1509 3039 Ἐκκλησιαστῇ
1538 2967 1780 3036 λέγεται,

193 3080 212 3114 ι
252 3060 499 3128 ’Δφῆκεν
525 3054 709 3124 όΘεδς
741 3061 834 3115 τὸν
858 3061 1151 3134 ἄνθρωπον
1180 3063 1238 3118 ιν
1256 3065 1322 3135 τῇ
1356 3062 1520 3134 βουλῇ
1540 3064 1638 3134 τῆς
1670 3081 1785 3133 χει-

194 3155 285 3223 ρδς
312 3152 499 3217 αὑτοῦ,
535 3171 555 3206 ι
585 3154 633 3206 εί
668 3153 761 3209 καὶ
792 3154 1031 3224 μάλιστα
1072 3155 1202 3227 περὶ
1248 3157 1356 3210 τῶν
1378 3156 1781 3228 ἀποδεδοκιμα-

193 3248 410 3313 σμένων
452 3245 611 3300 τοῦτο
649 3249 822 3302 νοοίτο
850 3248 939 3313 ἂν,
970 3248 1104 3303 ἀλλὰ
1134 3249 1230 3304 καὶ
1264 3251 1430 3304 πᾶσιν
1461 3251 1649 3314 ἁπλῶς
1679 3251 1778 3321 τὴν

192 3343 289 3409 τῆς
320 3340 809 3409 αὑτεξουσιότητος
859 3341 1189 3413 ἐλευθερίαν·
1223 3349 1664 3415 προσμαρτυρεῖ.
1703 3345 1779 3397 Od

194 3434 301 3501 γὰρ
353 3435 591 3497 ἄκοντας
645 3433 795 3488 ἕλκει
840 3435 979 3504 πρὸς
1034 3436 1315 3504 τάγαθόν
1349 3430 1395 3505 ᾧ
1427 3435 1473 3490 δ’
1506 3437 1573 3492 ἂν
1628 3438 1787 3492 αὐτοὶ

196 3526 630 3595 προαιρούμενοι
660 3527 976 3597 πράττοιεν,
1011 3528 1252 3595 ἐπόπτης
1280 3528 1431 3582 ἐστὶν
1475 3528 1658 3593 αὐτὸς,
1689 3530 1786 3583 καὶ

193 3618 488 3688 διανομεὺς
541 3619 651 3672 τῶν
710 3619 1095 3691 ἁρμοττόντων
1153 3620 1396 3690 ἑκάστῳ,
1434 3623 1532 3677 καὶ
1564 3621 1653 3675 διὰ
1685 3621 1786 3693 τὴν

195 3709 655 3782 αύτεξουσιότητα
673 3711 770 3783 τῆς
803 3711 951 3775 θείας
981 3714 1081 3766 οὐκ
1125 3714 1468 3781 ἑξαιροῦνται
1518 3708 1785 3786 Προνοίας

194 3802 307 3856 οὔτ’
345 3804 443 3856 ἐπὶ
471 3803 532 3856 τὸ
556 3805 763 3876 χεῖρον,
791 3803 904 3859 οὔτ’
929 3804 1022 3859 ὲπὶ
1050 3806 1108 3858 τὸ
1132 3804 1340 3876 βέλτιον
1363 3806 1573 3873 αὐτοῖς,
1599 3807 1788 3872 ἁπλῶς

191 3896 248 3950 δὲ
276 3897 492 3963 άγαθόν
523 3914 583 3952 τε
617 3898 713 3953 καὶ
744 3898 977 3955 δίκαιον.

1879 2066 2002 2104 nem
2035 2048 2261 2101 omnino
2298 2047 2426 2101 velit
2459 2064 2472 2101 :
2502 2043 2661 2114 cujus
2714 2059 2911 2098 munus
2945 2052 3062 2108 est,
3107 2043 3462 2112 peccantibus

1878 2158 2071 2215 pennas
2100 2142 2360 2210 irrogare,
2380 2122 2735 2207 consequenti
2759 2138 3058 2198 voluntate.
3078 2136 3192 2189 vult
3220 2136 3392 2204 ipsam
3420 2144 3474 2189 et

1878 2235 2003 2289 facit
2028 2253 2042 2299 ;
2070 2233 2174 2288 etsi
2208 2229 2599 2286 misericordiae
2628 2244 2879 2287 excessu.
2899 2235 2953 2282 et
2984 2228 3316 2298 benignitate
3341 2243 3470 2293 erga

1878 2324 2320 2384 homines.etiam
2355 2319 2544 2375 liberis
2569 2318 2779 2374 obitum
2809 2320 3112 2373 innumeris
3140 2318 3313 2372 modis
3365 2317 3476 2372 dis-

1879 2428 2071 2489 pensat
2122 2416 2189 2471 ad
2219 2416 2412 2470 melius
2440 2421 2495 2489 et
2525 2412 2591 2466 ad
2622 2411 3357 2475 beneﬁcentiam,communi
3383 2426 3473 2480 ge-

1880 2513 2027 2566 neris
2073 2508 2375 2578 supplicio;
2423 2521 2550 2576 erga
2597 2520 2691 2560 eos
2722 2520 2864 2573 quos
2899 2503 3152 2567 voluerit,
3183 2511 3239 2556 et
3274 2506 3473 2555 decens

1882 2604 2067 2666 fuerit,
2104 2611 2334 2672 paterno
2366 2598 2561 2653 aﬂ'eetu
2604 2595 2963 2666 indulgendo.
3000 2594 3065 2650 Et
3098 2605 3380 2665 propterea
3418 2596 3470 2647 iu

1880 2699 2056 2767 primo
2089 2696 2292 2764 Regum
2322 2695 2543 2760 dicitur,
2587 2694 2883 2747 «Dominus
2923 2690 3214 2746 mortilieat
3241 2696 3297 2743 et
3328 2688 3469 2742 vivi-

1884 2789 2027 2843 licat.
2059 2804 2079 2837 ι
2115 2786 2232 2840 Non
2270 2796 2525 2855 tanquam
2573 2784 2791 2852 proprie
2833 2797 2999 2852 agens
3056 2781 3234 2836 solum
3266 2780 3474 2833 alteru-

1883 2886 2028 2932 trum
2058 2894 2072 2930 :
2096 2876 2244 2947 quod
2275 2875 2414 2930 idem
2438 2884 2521 2929 est
2550 2888 2613 2927 ac
2642 2873 2687 2927 si
2707 2873 2911 2927 diceret
2958 2874 3146 2927 volens
3172 2882 3467 2940 utrumque

1887 2972 2025 3035 ﬁeri,
2078 2985 2144 3024 eo
2190 2968 2337 3038 quod
2370 2967 2484 3036 ipse
2516 2967 2642 3020 vitae
2687 2975 2743 3021 et
2790 2965 2983 3020 mortis
3023 2974 3344 3035 potestatem
3376 2964 3477 3018 tta-

1886 3067 2010 3119 beat
2049 3078 2064 3118 :
2103 3061 2201 3119 sed
2230 3061 2388 3131 quasi
2412 3061 2577 3115 etiam
2618 3061 2673 3115 in
2709 3060 3088 3115 mortilicando
3123 3074 3267 3129 saepe
3298 3058 3473 3117 viviti-

1883 3165 1992 3220 cet,
2021 3170 2086 3211 ac
2118 3155 2313 3210 mortis
2346 3162 2564 3223 tempus
2597 3162 2652 3208 et
2699 3152 2921 3207 modum
2958 3152 3025 3221 ad
3055 3152 3106 3208 id
3140 3151 3285 3221 quod
3315 3165 3477 3222 expe-

1896 3250 1996 3313 dit,
2042 3257 2097 3304 et
2130 3248 2295 3302 vitam
2344 3245 2786 3316 prazdestinatam
2837 3245 3022 3300 multis
3074 3245 3386 3299 moderetur
3418 3252 3473 3299 et

1890 3342 2126 3397 ordinet.
2153 3342 2231 3396 Ac
2259 3355 2452 3396 rursus
2484 3340 2530 3396 si
2564 3340 2619 3393 in
2647 3338 2971 3394 Ecclesiaste
3005 3337 3228 3401 dicitur,
3269 3357 3287 3390 ι
3328 3337 3475 3393 lleli-

1860 3438 2012 3505 ‘quit
2064 3435 2207 3491 Deus
2281 3434 2561 3491 hominem
2614 3433 2667 3488 itt
2737 3448 2930 3488 manus
2987 3446 3102 3486 suae
3171 3432 3421 3487 consilio.
3455 3448 3472 3481 ι

1895 3529 2118 3584 Etiamsi
2145 3528 2212 3584 de
2246 3527 2557 3598 reprobatis
2589 3527 2934 3597 potiSsimum
2963 3524 3065 3580 hoc
3096 3523 3322 3594 intelligi
3354 3539 3481 3593 pos-

1893 3624 1987 3687 sit,
2020 3621 2278 3677 erunibus
2326 3629 2508 3676 tamen
2555 3618 2804 3674 absolute
2854 3626 3144 3672 attestatur
3176 3616 3479 3670 libertatem

1896 3706 2110 3769 arbitrii
2149 3730 2163 3767 :
2198 3728 2304 3767 non
2355 3713 2502 3769 enim
2555 3711 2753 3766 invitos
2804 3711 2870 3765 ad
2919 3711 3122 3765 bonum
3168 3709 3356 3764 trahit.
3410 3709 3483 3761 At

1894 3821 2082 3861 eorum
2109 3820 2231 3874 qua:
2275 3806 2520 3861 voletttes
2576 3814 2790 3874 agerent
2817 3802 3078 3857 Dominus
3098 3812 3179 3856 est
3206 3802 3483 3867 insicctor

1899 3908 1955 3953 et
1985 3898 2309 3954 distributor
2334 3912 2523 3952 eorum
2554 3911 2675 3965 qua:
2702 3895 2972 3963 quadraut
3003 3893 3316 3962 unicuique.
3359 3892 3483 3946 Haec

195 4002 414 4062 propter
442 3993 673 4049 liberum
711 3994 1003 4050 arbitrium
1033 4008 1139 4051 non
1171 3993 1507 4052 eximuntur
1540 4010 1569 4051 a
1601 3994 1790 4051 divina
1836 3992 2210 4059 Providentia,
2242 4006 2423 4063 neque
2447 3992 2503 4046 in
2544 3990 2740 4045 melius
2781 4005 2956 4061 neque
3020 3989 3261 4058 inapejus
3324 3987 3479 4061 ipsis,

197 4088 288 4141 sed
332 4088 568 4143 omnino
597 4088 655 4143 in
688 4086 893 4142 bonum
922 4098 976 4144 et
997 4088 1230 4157 justum.

265 4184 497 4246 Τούτοις
529 4186 624 4237 καὶ
670 4185 783 4247 τοῖς
829 4183 1094 4248 τοιούτοις
1140 4183 1382 4254 δμέγας
1426 4184 1567 4256 ἢχθη
1621 4182 1783 4237 Βασί-

198 4276 364 4340 λειος,
400 4277 591 4330 ἐκεῖνα
625 4276 755 4345 περὶ
784 4275 892 4329 τῶν
925 4275 1022 4347 τῆς
1056 4274 1202 4345 ζωῆς
1232 4276 1376 4345 ὅρων
1404 4276 1684 4329 διδάσκειν
1717 4274 1786 4328 τὸ.

197 4370 383 4432 τέκνα,
419 4370 623 4438 καὶτῷ
671 4369 803 4439 θείῳ
837 4370 1138 4439 προσάγειν
1171 4368 1372 4431 αὐτοὺς
1406 4368 1657 4422 ἐντεῦθεν
1696 4366 1788 4421 θε-

198 4458 429 4529 λήματι,
480 4458 760 4529 προῦργου
795 4458 896 4529 μὶν
942 4458 1234 4527 θεολογῶν,
1276 4459 1559 4528 ἑπομένως
1603 4458 1786 4513 δὲκαὶ

197 4551 333 4620 πρὸς
367 4552 439 4605 τὰ
490 4550 597 4621 ἢθη
651 4550 970 4617 λυσιτελῶς,
1016 4548 1045 4602 ὃ
1080 4553 1190 4614 τοῖς
1241 4550 1582 4614 διδασκάλοις
1615 4552 1784 4605 πᾶσιν

1962 4174 2056 4233 His
2082 4190 2147 4234 ac
2175 4172 2373 4229 talibus
2396 4186 2624 4241 magnus
2647 4171 2873 4226 Basilius
2899 4170 3165 4227 adductus
3195 4179 3276 4226 est
3296 4178 3357 4225 ut
3393 4170 3483 4226 illa

1889 4274 1957 4329 de
1997 4274 2120 4329 vita:
2148 4272 2351 4328 ﬁnibus
2380 4272 2604 4325 doceret
2636 4269 2799 4334 ﬁlios,
2832 4277 2994 4340 atque
3022 4283 3120 4323 eos
3146 4273 3211 4323 ad
3243 4267 3482 4323 divinam

1890 4367 2225 4423 voluntatem
2261 4364 2388 4419 inde
2419 4362 2755 4426 adduceret;
2789 4362 3041 4418 consulto
3075 4362 3294 4431 quidem
3326 4362 3484 4417 theo-

1888 4462 2073 4534 l0gum
2104 4450 2270 4531 agens
2295 4459 2363 4513 de
2387 4456 2496 4513 Deo
2517 4457 2861 4519 disserendo,
2882 4464 3277 4524 consequenter
3299 4465 3480 4510 autem

1890 4557 2095 4611 utiliter
2128 4568 2414 4611 sermones
2454 4553 2520 4608 ad
2556 4568 2738 4608 mores
2767 4551 3088 4619 referendo;
3139 4553 3191 4605 in
3239 4568 3349 4620 quo
3382 4551 3481 4607 do-

199 4644 592 4696 ὲσπούδασται.
629 4644 739 4698 Καὶ
769 4644 819 4696 εί
851 4642 1167 4714 μηδαμόθεν
1198 4643 1422 4699 ἄλλοθεν
1454 4644 1524 4697 ti
1563 4643 1781 4700 τοιαῦτα

1896 4657 2081 4704 ctores
2135 4662 2331 4705 omnes
2381 4649 2626 4702 Studium
2688 4656 2851 4716 atque
2913 4662 3138 4717 operam
3189 4646 3477 4700 collocant.

199 4729 344 4805 εἶχεν
389 4735 613 4801 εἰδέναι,
655 4734 748 4788 τοῦ
790 4734 923 4803 γοῦν
956 4738 1241 4807 προφήτου
1276 4735 1442 4790 Δαδὶδ
1473 4736 1596 4791 καθ’
1649 4739 1789 4807 ἡμέ-

203 4845 302 4896 ραν
338 4829 512 4898 ήκουε
546 4827 819 4895 λέγοντος,
858 4828 954 4881 καὶ
982 4827 1083 4883 οὐκ
1133 4827 1200 4883 ἂν
1227 4823 1341 4897 εἶχε
1382 4828 1476 4882 τὸν
1504 4825 1598 4884 τοῦ
1638 4827 1785 4882 θείου

201 4920 434 4991 κάτοχον
469 4918 948 4991 παρακρούεσθαι.
984 4921 1190 4974 Ἤκουε
1217 4920 1272 4974 δὲ
1302 4919 1469 4975 αὐτοῦ
1502 4920 1783 4988 λέγοντος’

205 5030 222 5062 ι
262 5011 538 5080 Γνὼρισόν
585 5028 699 5081 μοι,
730 5010 926 5082 Κύριε,
953 5011 1072 5065 όδδν
1103 5005 1224 5085 ἐνῇ
1269 5014 1645 5085 πορεύσομαιο
1690 5014 1788 5068 καὶ

200 5104 469 5175 γνὼρισόν
503 5120 594 5174 μοι
616 5102 677 5157 τὸ
694 5105 760 5157 πέ
769 5118 868 5174 ρας
900 5120 1002 5174 μου
1024 5106 1117 5157 καὶ
1147 5103 1237 5158 τὸν
1257 5106 1492 5175 ἀριθμὸν
1512 5105 1622 5161 τῶν
1652 5108 1788 5177 ἡμε-

204 5197 312 5264 ρῶν
337 5215 442 5267 μου
465 5197 550 5261 τίς
572 5198 741 5251 ἔστιν.
772 5215 792 5249 ι
824 5196 1039 5251 Οὐκοῦν
1069 5197 1201 5268 παρ’
1226 5198 1427 5258 εἰδότος
1461 5198 1647 5269 ἐζήτει
1679 5217 1784 5269 μα-

202 5288 335 5355 θεῖν,
365 5289 443 5353 ὠς
475 5289 572 5342 καὶ
597 5288 911 5358 ὡρισμένον
943 5290 1169 5355 είδότος,
1198 5290 1292 5343 καὶ
1324 5290 1517 5361 μαθεῖν
1545 5291 1790 5361 ὡρισμέ-

204 5396 309 5434 νον.
341 5381 455 5434 Καὶ
490 5381 579 5435 ἵνα
613 5382 805 5452 μηδεὶς
834 5381 932 5454 ἔχῃ
964 5381 1165 5452 λέγειν,
1190 5381 1265 5446 ὠς
1296 5383 1415 5455 ᾔδει
1446 5383 1546 5451 μὲν
1581 5386 1608 5437 ό
1633 5383 1787 5451 Θεὸς,

205 5474 295 5525 καὶ
324 5474 417 5526 διὰ
444 5472 607 5527 τοῦτο
638 5474 1049 5532 ἀποκαλύπτειν
1083 5472 1259 5541 εἶπεν,
1307 5478 1469 5546 εῐπερ
1503 5478 1788 5546 ὴόούλετο,

203 5564 300 5617 οὐκ
333 5559 451 5634 εἶχε
482 5563 538 5618 δὲ
564 5565 828 5635 πράττειν
859 5567 917 5619 ὲν
948 5568 1061 5629 τοῖς
1101 5565 1369 5639 τοιούτοις
1402 5570 1467 5638 τῇ
1502 5567 1662 5636 φύσει
1697 5568 1791 5623 καὶ¹

203 5657 312 5717 τοῖς
341 5655 526 5719 ἄλλοις
574 5656 766 5722 αἰτίοις
812 5658 961 5721 ὅπως
997 5658 1126 5713 ποτὲ
1153 5658 1308 5713 ταῦτ’
1336 5660 1662 5730 ἐπιτρέψας,
1695 5662 1790 5715 ἀλ-

205 5746 367 5817 λαχοῦ
397 5746 563 5802 πάλιν
581 5748 746 5817 φησίν
766 5763 779 5778 ⁸
800 5769 818 5801 ι
844 5750 1114 5819 Ἐξάγαγε
1133 5753 1196 5805 ἐκ
1216 5751 1467 5823 φυλακῆς
1489 5754 1590 5825 τὴν
1613 5754 1792 5826 ψυχήν

211 5856 333 5906 μου.
371 5858 391 5893 ι
420 5841 531 5895 Καὶ
554 5842 655 5895 οὒκ
677 5841 858 5914 ἐζήτει
892 5842 1071 5896 θανεῖν
1102 5844 1312 5912 ἁπλῶς,
1347 5846 1526 5900 εἴτουν
1548 5848 1793 5901 ἀπαλλα-

209 5933 392 6003 γῆναι,
445 5934 605 5991 τοῦτο
662 5936 771 6008 γὰρ
824 5937 918 5991 καὶ
968 5936 1045 6012 μὴ
1081 5938 1372 6010 ζητουντος
1415 5940 1608 6012 ἔμελλέ
1661 5960 1790 5997 ποτε

1892 4741 2045 4809 Quod
2068 4741 2112 4797 si
2138 4740 2557 4812 haudquaquam
2581 4740 2800 4794 aliunde
2824 4739 2946 4792 talia
2975 4748 3254 4808 perspecta
3280 4736 3479 4790 habere

1894 4842 2098 4905 posset,
2139 4835 2333 4889 saltem
2366 4832 2689 4903 prophetam
2720 4831 2976 4885 Davidem
3007 4830 3251 4898 quatitlie
3277 4830 3481 4884 dicen-

1895 4936 2003 4983 tem
2049 4927 2395 4981 auscultabat
2449 4940 2463 4976 :
2523 4940 2624 4979 nec
2677 4923 2869 4992 utique
2921 4924 3188 5007 patuisset
3237 4922 3478 4978 alllatum

1892 5020 2120 5075 numine
2150 5018 2442 5088 t-xplodere
2464 5034 2475 5070 :
2496 5016 2771 5082 audiebat,
2805 5017 3046 5086 inquam,
3066 5027 3241 5071 vatem
3272 5016 3478 5087 regium

1893 5111 2187 5173 dicentem,
2224 5130 2245 5162 ε
2284 5110 2475 5164 Notam
2511 5108 2594 5162 fac
2626 5108 2756 5162 n‘ihi
2785 5108 2923 5163 viam
2950 5110 3005 5163 in
3028 5125 3133 5179 qua
3175 5109 3477 5172 ambulem,

1892 5213 1949 5259 et
1996 5203 2323 5257 notum/lae
2372 5202 2505 5256 ntihi
2563 5202 2762 5271 linem;
2816 5210 2871 5257 et
2916 5219 3210 5259 numerum
3269 5204 3478 5257 dierum

1894 5311 2143 5350 meorum
2187 5295 2311 5364 quis
2355 5304 2457 5349 est.
2513 5313 2531 5346 ι
2588 5295 2858 5362 Quocirca
2912 5298 2980 5350 ab
3027 5311 3093 5351 eo
3136 5296 3227 5365 qui
3269 5295 3481 5350 scit-hat

1895 5388 2111 5444 discere
2140 5389 2438 5458 quaerebat,
2462 5397 2521 5443 ut
2550 5389 2618 5445 ab
2646 5405 2712 5444 eo
2741 5389 2907 5445 etiam
2939 5390 3030 5458 qui
3054 5389 3478 5443 determinatttm

1896 5482 2089 5545 sciret,
2136 5490 2190 5537 et
2243 5482 2457 5538 discere
2510 5482 2706 5538 avebat
2758 5483 2903 5553 quod
2961 5481 3289 5536 destinatum
3338 5490 3476 5535 erat.

1898 5575 2075 5644 Atque
2130 5583 2187 5627 ut
2236 5589 2395 5630 nemo
2443 5576 2629 5630 dicere
2664 5584 2833 5645 queat
2871 5573 3017 5645 quod
3054 5571 3222 5625 sciret
3255 5570 3478 5639 quidem

1900 5667 2063 5731 Deus,
2097 5676 2151 5721 et
2188 5667 2389 5729 idcirco
2426 5667 2667 5721 revelare
2704 5674 2908 5736 posset,
2947 5664 2990 5719 si
3022 5662 3240 5732 quidem
3275 5660 3478 5715 vellet:

1899 5768 2271 5813 verumtamen
2310 5774 2418 5812 non
2468 5759 2692 5812 haberet
2740 5770 2900 5827 agere
2934 5756 2985 5809 itt
3029 5753 3231 5808 talibus
3284 5762 3479 5806 natura

1898 5850 2130 5921 aliisque
2162 5852 2348 5907 causis
2383 5869 2395 5906 :
2424 5852 2698 5923 quomodo
2741 5851 2825 5907 his
2858 5848 3164 5921 permissis,
3194 5847 3321 5902 alibi
3362 5862 3480 5898 rur-

1899 5959 1996 6000 sus
2038 5943 2133 6011 ait,
2168 5962 2185 5997 ε
2227 5944 2378 6002 Educ
2412 5960 2444 6003 ο
2492 5944 2744 6003 custodia
2773 5945 3014 6001 auituam
3053 5957 3251 5999 meatu.
3303 5958 3323 5992 ι
3379 5936 3479 5995 Ubi
