3932 6458
500 284 608 350 559

1527 281 1900 344 ΟΕΝΝΑΒῙῘ
1933 282 2043 345 CP.
2079 281 2600 348 PATBIARCHB

3606 301 3692 365 5‘50

499 407 881 470 congruenter,
929 397 1054 452 vitae
1087 395 1309 451 modulo
1341 393 1408 450 ad
1445 409 1638 451 eorum
1668 397 1760 465 qui
1792 395 2068 451 destinan-

2183 397 2249 452 ἐκ
2275 395 2372 450 τοῦ
2423 395 2656 466 ἐσχάτου
2699 392 2862 466 μέχρι
2895 393 2990 450 καὶ
3036 393 3131 450 τοῦ
3173 396 3396 467 ἐσχάτου
3450 403 3699 480 lappa,“

498 507 586 550 tor
616 492 1039 547 emolumentum
1071 490 1282 555 utitur;
1310 497 1366 544 et
1401 489 1567 544 vitam
1601 489 1841 544 metitur.
1869 487 1962 557 qui
1992 501 2082 542 so-

499 588 584 639 lus
613 584 786 638 metiri
829 591 1010 652 potest
1038 599 1053 636 :
1085 591 1139 636 et
1169 596 1292 651 quae
1323 589 1550 636 mortem
1583 580 1805 650 pariunt
1849 578 1969 647 ipso
1992 577 2083 646 ju-

500 677 682 736 hcnte,
723 672 1188 736 autconcedente,
1223 671 1412 726 saltem
1450 685 1558 724 non
1590 680 1831 734 vetante,
1883 669 2080 725 interi--

497 776 607 818 tum
643 763 901 819 cilicium.
937 782 956 816 ι
993 762 1223 833 Attingit
1251 761 1394 816 enim
1425 777 1455 816 a
1485 761 1590 816 line
1621 776 1795 831 usque
1821 761 1887 815 ad
1917 760 2081 816 linem

495 858 710 912 fortiter
736 874 749 910 τ
778 876 802 908 ι.
827 864 884 910 ut
921 857 974 910 in
1003 854 1282 924 Sapientia
1319 853 1539 910 dicitur.
1579 871 1598 908 ι
1627 851 1691 908 Ει
1724 853 1835 908 duo
1863 867 2082 922 passer-

429 987 432 994 -
498 953 604 1006 culi
633 966 755 1007 asse
787 964 955 1019 parvo
983 957 1273 1014 vaeneunt;
1305 956 1472 1018 atque
1509 961 1651 1004 unus
1681 961 1745 1004 ex
1793 947 1929 1016 ipsis
1968 961 2082 1002 non

497 1044 652 1098 cadet
679 1042 732 1095 in
764 1053 906 1096 terra
929 1040 1138 1107 absque
1161 1040 1319 1096 Patre
1343 1053 1498 1094 meo:
1529 1057 1548 1092 ι
1582 1040 1659 1109 (ει
1679 1052 1800 1104 quae
1822 1039 2078 1108 deinceps

459 1185 472 1191 _
495 1134 822 1205 sequuntur)
849 1153 863 1189 :
894 1135 1154 1187 Dominus
1186 1133 1304 1202 ipse
1347 1142 1532 1188 noster
1565 1133 1666 1188 ait.
1707 1131 1863 1199 Quod
1895 1142 2075 1186 autem

495 1245 600 1282 non
625 1242 816 1282 omnes
845 1236 971 1280 sunt
996 1225 1248 1291 studiosi,
1280 1241 1455 1292 neque
1495 1224 1564 1279 ad
1593 1234 1850 1280 :eternam
1894 1225 2062 1278 vitam

495 1321 879 1389 prwdestinati,
908 1321 1010 1374 hoc
1033 1318 1167 1372 nihil
1202 1317 1267 1372 ad
1295 1333 1432 1372 rem.
1455 1316 1664 1372 Etenim
1694 1315 1884 1371 sufﬁcit
1911 1317 2074 1371 etiam

495 1430 617 1469 cum
659 1429 856 1480 magno
879 1413 1038 1468 Patre
1064 1410 1287 1475 Basilio,
1320 1411 1464 1480 quod
1499 1410 1896 1480 praedestinatis
1932 1406 2074 1463 alIixi

494 1517 621 1562 sunt
655 1505 747 1560 Dei
780 1519 1044 1560 concessu
1088 1503 1213 1560 vitae
1240 1503 1483 1566 limites;
1509 1511 1559 1556 et
1593 1501 1658 1558 ad
1683 1501 2074 1570 sempiternum

497 1601 697 1654 bonum
722 1598 856 1668 ipsis
889 1597 1259 1654 extenduntur
1286 1604 1380 1650 aut
1411 1594 1840 1657 contrahuntur,
1871 1595 2076 1665 pariter

494 1705 620 1746 cum
659 1691 842 1745 aureis
892 1699 1056 1758 atque
1096 1687 1370 1757 argenteis
1423 1701 1656 1756 qumque
1705 1685 1759 1740 in
1810 1685 2072 1740 honorem

2185 487 2337 552 Θεδς,
2366 506 2386 540 ι
2411 488 2470 541 ὲν
2493 491 2558 558 τῇ
2583 487 2754 560 Σοφίᾳ
2772 488 2992 556 λέγεται
3018 503 3032 519 ’
3057 490 3152 544 καὶ
3181 508 3200 542 ι
3233 490 3334 546 Δύο
3361 500 3591 566 στρουθία
3615 507 3695 560 ea-

2185 581 2376 663 σαρίου
2401 583 2684 648 πωλεῖται,
2710 584 2803 638 καὶ
2820 581 2878 636 ἓν
2897 580 2958 648 ἐξ
2987 582 3168 638 αὐτῶν
3190 584 3250 638 οὐ
3279 591 3509 645 πεσεῖται
3527 594 3596 658 εις
3618 599 3696 671 τὴν

2183 674 2286 744 γῆν
2311 673 2440 727 άνευ
2463 672 2558 728 τοῦ
2582 674 2791 744 Πατρός
2815 691 2937 742 μου,
2968 692 2987 726 ι
3014 675 3110 728 καὶ
3143 675 3210 730 τὰ
3238 675 3379 748 ἑξῆς,
3401 681 3546 748 αὐτὸς
3564 687 3589 740 ό
3609 688 3698 742 Κύ.

2185 781 2300 837 ριος
2327 766 2484 836 ἡμῶν
2512 781 2670 836 φησι.
2705 765 2780 819 Τὸ
2812 766 2867 818 δὲ
2905 766 2980 838 μὴ
3006 766 3213 830 πάντας
3244 763 3378 824 εἶναι
3403 775 3696 847 σπουδαίως,

2184 858 2320 927 μηδὲ
2375 859 2512 928 πρὸς
2562 859 2664 930 τὴν
2702 859 3030 930 προαιὼνιον
3078 865 3510 934 προωρισμένους
3547 868 3694 942 ζωὴν,

2179 949 2332 1003 οὐδὲν
2367 949 2501 1020 πρὸς
2552 950 2644 1004 τὸν
2694 950 2873 1033 λόγον.
2917 951 3105 1022 Ἀρκεῖ
3149 953 3258 1023 γάρ
3305 956 3396 1010 καὶ
3438 959 3557 1030 ἡμῖν
3587 963 3697 1032 μετά

2178 1041 2273 1098 τοῦ
2310 1043 2549 1111 μεγάλου
2583 1043 2793 1115 Πατρὸς
2831 1045 3116 1099 Βασιλείου
3160 1045 3220 1100 et
3256 1049 3367 1112 τοῖς
3398 1057 3696 1124 προωριομέ-

2178 1151 2288 1198 νοις
2315 1135 2624 1206 πεπηγέναι
2652 1135 2838 1191 θεόθεν
2867 1138 2933 1192 τὰ
2962 1138 3064 1207 τῆς
3094 1137 3240 1208 ζωῆς
3273 1140 3457 1210 μέτρα,
3481 1143 3565 1196 καὶ
3587 1144 3696 1212 πρὸς
3765 1171 3774 1178 ..

2177 1227 2238 1295 τὸ
2289 1228 2461 1282 stam
2498 1231 2776 1300 συμφέρον
2823 1231 3008 1294 αὐτοῖς
3057 1231 3407 1294 manus”,
3445 1235 3474 1304 ἢ
3517 1238 3698 1291 συστέλ-

2177 1321 2366 1376 λεσθαι
2401 1323 2512 1386 τοῖς
2559 1326 2778 1392 χρυσοῖς
2813 1339 2872 1375 τε
2917 1322 3013 1378 καὶ
3051 1325 3312 1393 ἀργυροῖς
3354 1326 3442 1378 καὶ
3467 1329 3538 1389 εἰς
3563 1329 3694 1398 τιμὴν

2179 1412 2422 1480 σκεύεσι,
2460 1413 2603 1466 κατά
2636 1413 2726 1468 τὸν
2773 1414 3005 1480 Παῦλον,
3043 1415 3206 1486 οἵπερ
3253 1416 3592 1488 ἀναρίθμητοι
3619 1422 3694 1488 μέν

2177 1503 2307 1570 είσι,
2339 1505 2433 1556 καὶ
2464 1503 2658 1558 τούτου
2697 1504 2859 1575 χάρις
2889 1506 2921 1576 ἡ
2975 1508 3330 1574 γένεσις,ἐίς
3362 1508 3693 1582 ἀναπλήρωσιν

2175 1594 2284 1648 τῶν
2320 1595 2598 1652 πεσόντων
2628 1595 2926 1668 οὐρανόθεν
2954 1598 3224 1668 ἀγγέλων.
3255 1599 3372 1670 Θεῷ
3395 1601 3448 1654 δὲ
3477 1605 3696 1670 γινωσκόο

2180 1684 2335 1754 μενοί
2386 1687 2554 1757 μόνῳ,
2600 1688 2698 1742 καὶ
2750 1688 2842 1740 ὑπ’
2897 1689 3061 1744 αὑτοῦ
3110 1691 3466 1761 φανεροῦντσί
3505 1710 3626 1756 τινες
3648 1693 3694 1757 ἐξ

496 1789 624 1840 sum
657 1783 830 1846 vasis,
860 1797 925 1836 ex
960 1779 1020 1834 Β.
1049 1779 1250 1845 Paulo;
1291 1779 1384 1846 qui
1415 1778 1634 1844 quidem
1665 1785 1793 1834 sunt
1817 1779 2068 1833 innume-

2175 1773 2378 1838 αὐτῶν,
2405 1773 2496 1839 οὓς
2523 1777 2588 1831 ἀν
2615 1776 2888 1848 βούλοιντο
2920 1781 3290 1850 φανεροῦσθαι
3331 1782 3602 1845 κάνταῦθα,
3625 1786 3695 1838 καὶ

496 1877 544 1930 ri
575 1893 587 1930 :
619 1885 781 1944 atque
808 1881 1093 1943 eapropter
1121 1872 1403 1942 generatio
1429 1880 1514 1928 est
1544 1871 1608 1925 ad
1633 1870 2069 1941 supplementum

493 1969 813 2036 angelorum
844 1966 938 2036 qui
981 1981 1012 2022 e
1032 1964 1188 2020 cmlis
1215 1964 1558 2020 exciderunt.
1588 1961 1654 2016 lli
1680 1978 1802 2016 cum
1835 1962 1945 2019 Deo
1969 1964 2070 2020 soli

493 2069 912 2130 cognoscantur,
959 2067 1013 2113 et
1051 2057 1120 2112 ab
1159 2071 1224 2111 eo
1269 2054 1684 2110 manifestentur
1733 2055 1953 2124 quidam
2003 2071 2072 2112 ex

496 2154 651 2223 ipsis,
687 2166 826 2218 quos
859 2150 1022 2206 etiam
1059 2149 1146 2204 hic
1177 2145 1516 2204 manifestari
1553 2147 1802 2212 voluerit,
1833 2155 1888 2202 et
1930 2162 2072 2218 quos

497 2246 672 2299 latere
721 2241 872 2298 nefas
911 2249 1016 2296 est.
1065 2239 1288 2302 Deinde.
1335 2234 1795 2307 quemadmodum
1825 2237 2073 2307 providet

439 2323 446 2330 ’
492 2338 714 2409 quidem
741 2335 994 2391 otnnibus
1031 2334 1084 2388 in
1117 2332 1226 2388 vita
1254 2329 1590 2393 hominibus,
1622 2331 1713 2385 sed
1740 2329 2068 2396 diﬂ‘errnter,

493 2441 550 2486 et
587 2443 682 2496 pro
711 2428 906 2484 merito
937 2441 1002 2481 ac
1031 2424 1294 2496 dignitate
1333 2423 1606 2493 cujusque
1647 2439 1660 2475 :
1703 2423 1781 2478 sic
1810 2423 1972 2476 ctiam
2003 2423 2070 2479 de

492 2524 600 2580 line
649 2522 914 2589 ipsorum,
952 2533 1048 2588 par
1089 2524 1171 2570 est
1207 2515 1416 2569 varium
1468 2514 1668 2569 habere
1719 2515 1966 2570 ordinem
2018 2525 2072 2570 et

489 2623 799 2685 respectum
831 2612 970 2683 apud
995 2609 1236 2666 divinum
1259 2607 1551 2679 judicium.
1581 2605 1796 2661 Etenim
1818 2609 2071 2668 omnibus

489 2707 708 2779 quidem
745 2704 1056 2764 hominibus
1101 2700 1329 2771 praeﬁcit
1380 2700 1653 2771 angelum.
1691 2699 1794 2753 Sed
1837 2716 1944 2756 non
1977 2715 2071 2756 ea-

491 2798 616 2854 dem
658 2794 834 2866 angeli
857 2792 1224 2849 sollicitudine
1249 2791 1460 2862 potitur
1481 2790 1716 2845 intidelis
1745 2799 1910 2862 atque
1943 2789 2070 2845 lide-

487 2891 560 2956 Jis
597 2907 610 2945 :
643 2903 818 2959 neque
844 2886 1127 2966 improbus
1152 2885 1359 2954 pariter
1398 2898 1464 2939 ea
1495 2882 1696 2938 fruitur
1733 2897 1797 2938 ac
1843 2883 2067 2953 probus,

491 2981 709 3042 tametsi
736 2981 896 3040 ambo
930 2980 1040 3038 sint
1071 2977 1276 3035 ﬁdeles.
1317 2975 1504 3048 Itaque
1532 2977 1622 3034 hic
1653 2992 1872 3049 quoque
1903 2977 2068 3032 vitam

491 3085 738 3132 nostram
785 3072 1056 3138 omnium,
1100 3079 1156 3124 et
1201 3069 1406 3124 exitum
1443 3069 1728 3125 delinitum
1770 3085 1914 3137 esse,
1949 3085 2069 3124 om-

493 3171 623 3224 nino
661 3179 948 3222 necessum
975 3171 1078 3218 est.
1111 3161 1282 3216 Porro
1308 3159 1568 3216 dill'erens
1597 3162 1745 3218 circa
1779 3162 1894 3217 haec
1920 3161 2071 3232 judi-

491 3263 641 3317 cium
669 3259 822 3328 juxta
853 3271 1044 3312 eorum
1092 3254 1186 3324 qui
1230 3254 1422 3309 vivunt
1465 3253 1802 3317 discrimina,
1835 3255 1942 3310 Deo
1969 3254 2068 3311 soli

493 3359 844 3423 perspectum
866 3357 968 3412 est,
995 3362 1119 3400 cum
1147 3361 1320 3418 pauca
1349 3346 1506 3402 nobis
1532 3346 1639 3401 sint
1670 3347 1926 3412 revelata,
1955 3357 2068 3404 tum

491 3460 556 3499 ex
585 3441 788 3498 divinis
825 3438 1046 3495 Litteris
1075 3447 1187 3492 tum
1213 3453 1278 3494 ex
1314 3437 1553 3493 historiis
1591 3440 1789 3506 sacris,
1826 3450 1883 3494 ut
1913 3449 2070 3496 antea

491 3525 798 3590 luculenter
822 3531 1174 3602 exposuimus
1208 3548 1222 3585 :
1265 3543 1442 3600 neque
1489 3545 1703 3600 tequutn
1739 3540 1822 3586 est
1852 3547 1951 3586 nos
1977 3547 2070 3602 ag-

481 3629 642 3698 .gredl
691 3640 753 3682 ea
805 3640 927 3695 quas
977 3637 1152 3692 neque
1201 3623 1588 3692 comprehendi
1636 3633 1846 3696 queunt
1897 3638 2070 3694 neque

489 3719 630 3776 tradi
662 3733 676 3771 :
703 3728 760 3774 et
793 3717 861 3772 ab
894 3715 964 3771 iis
992 3729 1114 3784 qua:
1159 3713 1533 3770 conceduntur
1577 3723 1633 3770 et
1679 3718 1879 3770 dantur
1913 3715 2070 3772 nobis

490 3801 564 3864 ad
589 3807 1051 3879 cognoscendum,
1077 3804 1393 3881 dissidendo
1426 3804 1744 3862 abscedere.
1790 3807 1856 3862 Et
1889 3815 2066 3862 tamen

489 3917 614 3958 cum
641 3898 1052 3970 reprobatorum
1082 3906 1137 3952 et
1167 3895 1602 3951 misericordiam
1627 3896 1948 3966 adeptorum
1984 3895 2067 3952 vi-

495 4005 604 4048 tam
642 3990 828 4064 divino
855 3988 1051 4059 subjici
1100 3987 1268 4058 ⁸ῖιιεος
1317 3996 1428 4043 tum
1475 3987 1576 4058 ipsi
1609 3988 1911 4058 plat‘entem
1939 3993 2070 4046 edn.

479 4087 726 4150 ~ctiouem
755 4098 786 4138 e
821 4083 930 4137 vita
955 4121 970 4147 ,
1005 4082 1106 4138 hos
1136 4095 1352 4151 quoque
1381 4078 1655 4134 sustinere
1691 4079 1873 4134 divina
1905 4079 2067 4135 docet

491 4179 792 4246 Scriptura.
826 4174 1130 4232 Ostenditut
1159 4172 1322 4228 etiam
1350 4171 1598 4228 violenta:
1623 4180 1824 4228 mortes
1851 4172 2066 4242 populis

498 4267 743 4322 inductae
793 4275 848 4318 et
896 4262 1260 4334 principibus.
1297 4262 1508 4318 ardenti
1553 4263 1670 4318 zelo
1711 4263 1934 4333 iustitiae
1967 4278 2065 4318 an-

479 4361 742 4430 gelorum
789 4354 1325 4412 subministrantium
1369 4369 1433 4410 ac
1499 4353 1902 4424 prophetarum,
1954 4369 2063 4412 non

2173 1863 2267 1930 οὓς
2299 1866 2588 1922 λανθάνειν
2622 1869 2907 1924 ἀδύνατον.
2944 1871 3202 1939 Ἔπειτα,
3245 1873 3488 1944 καθάπερ
3517 1876 3694 1944 προνοεῖ

2175 1957 2277 2028 μὲν
2307 1959 2526 2016 πάντων
2559 1961 2616 2014 ὲν
2649 1964 2714 2032 τῇ
2749 1953 2861 2032 ζωῇ
2894 1963 3004 2016 τῶν
3038 1964 3363 2040 ἀνθρώπων,
3397 1966 3522 2019 ἀλλὰ
3549 1966 3695 2032 διαφί-

2176 2067 2283 2122 ρως
2311 2054 2406 2106 καὶ
2461 2054 2600 2108 κατά
2633 2054 2732 2126 τὴν
2781 2055 2938 2120 ἀξίαν
2991 2057 3277 2112 ἑκάστων·
3317 2057 3455 2111 οὕτω
3491 2059 3572 2110 καὶ
3595 2059 3694 2125 περὶ

2171 2143 2267 2198 τοῦ
2299 2144 2484 2209 τέλους
2519 2145 2700 2200 αὐτῶν
2729 2148 2982 2218 ποικίλην
3009 2148 3156 2211 είκδς
3177 2149 3322 2220 ἔχειν
3347 2149 3492 2221 παρὰ
3517 2152 3575 2220 τῇ
3599 2149 3690 2222 θείᾳ

2172 2236 2352 2306 κρίσει
2386 2237 2484 2308 τὴν
2519 2237 2672 2302 τάξιν
2703 2239 2796 2292 καί
2830 2238 2930 2312 τὴν
2969 2238 3298 2310 ἀπόϐλεψιν.
3340 2240 3444 2293 Καὶ
3469 2242 3585 2294 πᾶσι
3613 2239 3690 2310 μὲν

2170 2330 2278 2398 γὰρ
2307 2329 2616 2399 ἀνθρώποις
2646 2332 2931 2399 ἐφίστησιν
2959 2333 3235 2403 ιᾶγγελον,
3271 2333 3384 2388 ἀλλ’
3425 2333 3482 2387 οὐ
3511 2333 3598 2402 τῆς
3621 2331 3694 2384 αὖα

2171 2421 2270 2492 τῆς
2307 2423 2571 2478 ἀπολαύει
2609 2423 2704 2478 τοῦ
2738 2425 2968 2496 ἀγγέλου
3020 2427 3353 2496 κηδεμονίας
3391 2428 3418 2480 ό
3447 2427 3612 2486 πιστὸς
3635 2421 3693 2490 τῷ

2170 2513 2405 2585 ἀπίστῳ,
2449 2516 2560 2570 055‘
2590 2515 2619 2569 ὁ
2658 2514 2857 2584 φαῦλος
2891 2517 2966 2588 τῷ
3000 2518 3216 2590 ἀγαθῷ,
3269 2519 3369 2572 κᾶν
3413 2509 3535 2572 ὦσιν
3563 2514 3695 2582 ἄμφω

2177 2607 2359 2660 πιστοί
2387 2624 2400 2638 ·
2432 2608 2576 2662 οὕτω
2606 2609 2886 2663 κάνταῦθα
2931 2609 3029 2683 τὴν
3061 2610 3164 2676 μὲν
3205 2611 3352 2682 ζωὴν
3381 2610 3527 2680 ἡμῶν
3560 2607 3697 2660 ἀπάν-

2173 2715 2280 2752 των
2311 2699 2408 2754 καὶ
2440 2700 2502 2753 τὸ
2526 2700 2678 2766 τέλος
2727 2701 2958 2771 ὡρίσθαι
3000 2704 3151 2755 πᾶσα
3199 2703 3414 2771 ἀνάγκη
3435 2715 3450 2729 δ
3480 2698 3584 2769 ηδε
3610 2698 3695 2750 διὰ-

2173 2808 2338 2862 φορος
2371 2793 2499 2864 περὶ
2525 2791 2698 2847 ταῦτα
2735 2793 2914 2865 κρίσις
2951 2793 3092 2848 κατά
3127 2795 3228 2855 τάς
3254 2794 3362 2848 τῶν
3392 2791 3588 2858 ζώντων
3611 2788 3697 2841 δια-

2174 2887 2344 2955 φορὰς
2369 2884 2446 2956 τῷ
2479 2884 2597 2955 Θεῷ
2649 2885 2920 2956 ἔγνωσται
2955 2885 3124 2958 μόνῳ,
3149 2887 3349 2955 ὀλίγων
3383 2885 3506 2954 ἡμῖν
3529 2882 3696 2936 ἀποκα-

2171 2977 2480 3046 λυφθέντων
2505 2977 2568 3032 ἐκ
2590 2995 2648 3031 τε
2675 2978 2780 3032 τῶν
2805 2975 2964 3032 θείων
2995 2977 3256 3048 ι’ραφῶν,
3283 2979 3346 3032 ἐκ
3371 2994 3426 3029 τε
3449 2975 3548 3051 τῶν
3569 2974 3695 3041 ίερῖιν

2176 3071 2445 3140 ἱστοριῶν,
2476 3070 2551 3134 ὡς
2591 3071 2890 3140 φθάσαντες
2922 3070 3301 3142 διεξήλθομεν.
3326 3070 3431 3123 Καὶ
3452 3070 3506 3122 οὐ
3530 3067 3694 3120 δὶκαιον

2174 3165 2344 3234 ἡμᾶς,
2372 3162 2459 3218 διὰ
2489 3162 2548 3216 τὸ
2580 3163 2656 3234 μὴ
2688 3162 2950 3218 δύνασθαι
2994 3167 3103 3226 τοῖς
3137 3165 3536 3234 ἀκαταλήπτοις
3556 3177 3605 3214 τε
3627 3158 3698 3210 tul

2177 3255 2253 3326 μὴ
2283 3255 2588 3324 δεδομένοις
2639 3256 2961 3326 ἐπιχειρεῖν,
3008 3255 3104 3310 καὶ
3149 3257 3261 3311 τῶν
3303 3251 3697 3326 ὁμολογουμένων

2173 3346 2601 3416 καὶ-δεδομένων
2654 3349 2789 3418 ἡμῖν
2820 3348 3017 3403 ειδέναι
3055 3349 3473 3412 διαπιστοῦντας
3505 3345 3697 3414 ἀφίστα·

2172 3439 2314 3492 σθαι.
2351 3440 2546 3492 Καίτοι
2582 3440 2643 3493 τὸ
2675 3441 2768 3494 καὶ
2793 3442 2890 3504 τάς
2939 3441 3048 3494 τῶν
3095 3433 3694 3510 ἀποδεδοκιμασμένωνῆ

2168 3528 2483 3601 ἠλεημένων
2513 3531 2658 3593 ζωὰς
2689 3531 2765 3600 τῷ
2797 3531 2926 3601 θείῳ
2957 3529 3285 3586 ὑποκεῖσθαι
3319 3530 3489 3600 ζυγῷ,
3517 3528 3598 3582 καὶ
3620 3523 3695 3594 τὴν

2169 3621 2318 3692 αὐτῷ
2356 3623 2622 3676 δοκοῦσαν
2663 3623 2949 3696 ἐξαγωγὴν
2989 3627 3052 3678 ἐκ
3092 3627 3193 3680 τοῦ
3243 3626 3364 3695 βίου
3397 3625 3484 3678 καὶ
3513 3620 3696 3677 τούτους

2169 3712 2524 3782 ὑφίστασθαι,
2563 3717 2596 3786 ἡ
2651 3714 2773 3770 θεία.
2823 3716 3065 3772 διδάσκει
3098 3717 3319 3788 Γραφή.
3369 3715 3474 3770 Καὶ
3519 3707 3697 3781 δηλοῦσι

2171 3807 2272 3877 μὲν
2303 3809 2352 3861 οἱ
2388 3807 2554 3879 βίαιοι
2600 3809 2821 3864 θάνατοι
2851 3810 3117 3882 πλήθεσιν
3169 3809 3495 3881 ἐπαχθέντες
3523 3807 3603 3858 καὶ
3622 3803 3696 3870 ἄρα

2168 3915 2348 3969 χουσι,
2395 3899 2543 3970 ζήλῳ
2593 3900 2941 3971 δικαιοσύνης
2967 3902 3240 3970 «ἀγγέλων
3291 3895 3697 3971 ὑπηρετουμένων

2168 3992 2262 4045 καὶ
2292 3992 2608 4062 προφητῶν,
2640 3994 2738 4047 οὐκ
2760 3994 2887 4048 ἄνευ
2911 3994 3048 4048 Θεοῦ
3068 4012 3084 4027 ο
3111 3994 3342 4066 δηλοῦσι
3367 3993 3421 4048 δὲ
3448 3993 3500 4046 αί
3523 3989 3597 4042 διὰ
3614 3983 3696 4039 uin

2169 4087 2466 4155 προφητῶν
2510 4087 2891 4157 ἀπειληθεῐσαι
2927 4089 3117 4142 πόλεσί
3163 4105 3226 4142 τε
3256 4089 3351 4142 καὶ
3391 4086 3582 4140 ἔθνεσιν
3605 4079 3696 4145 ὲξο·

2165 4177 2514 4247 λοθρεύσεις*
2555 4179 2650 4232 καὶ
2689 4179 2720 4249 ἢ
2761 4179 3020 4253 μετανοίᾳ
3064 4181 3494 4250 καταφυγόντων
3521 4175 3600 4227 ἐπὶ
3625 4171 3695 4223 τὸν

2165 4271 2300 4324 Θεὸν
2331 4272 2704 4340 πεπαυμέναι,
2739 4270 2772 4340 ἢ
2822 4271 3216 4342 ἀμετανοήτων
3259 4270 3548 4339 μεινάντων
3574 4259 3696 4332 γενόο

2167 4379 2328 4434 μεναι
2350 4377 2364 4392 ·
2399 4363 2456 4416 αί
2494 4363 2804 4433 προσθῆκαι
2847 4366 2942 4429 τῆς
2973 4363 3120 4432 ζωῆς
3151 4365 3320 4426 ἐνίοις
3349 4359 3694 4433 μετανοήσασιι

491 4455 612 4510 siue
649 4449 896 4506 numine.
927 4447 984 4502 ιιι
1007 4459 1220 4516 quoque
1246 4445 1521 4501 declarant
1550 4445 1721 4500 ruina
1748 4454 1801 4502 ει
1824 4446 2062 4516 depopu-

2171 4457 2308 4526 μετά
2331 4454 2428 4526 τὴν
2453 4455 2552 4526 τῆς
2596 4454 2745 4526 ζωῆς
2776 4456 3166 4525 ἀπαγόρευσιν,
3215 4456 3282 4510 ὲκ
3322 4452 3455 4508 Θεοῦ
3484 4443 3696 4522 μηνυθεὶ-

490 4545 742 4608 lationes,
762 4553 900 4612 quas
929 4551 1081 4594 tates
1101 4537 1327 4592 urbibus
1347 4545 1398 4591 et
1416 4537 1669 4608 gentibus
1690 4538 2064 4592 comminatim

493 4643 728 4704 fuerant,
775 4634 1084 4702 eaedemque
1122 4630 1205 4684 vel
1251 4629 1569 4700 pteuitentia
1619 4644 1807 4684 eorum
1857 4630 1951 4700 qui
1998 4629 2065 4686 ad

493 4733 663 4787 Deum
698 4727 1080 4796 confugerant,
1105 4729 1433 4790 cessarunt;
1462 4721 1546 4776 vel
1570 4721 1640 4777 ob
1670 4722 2065 4792 impmnitentia

490 4823 790 4880 obduratos
825 4823 1223 4874 remanserunt.
1247 4813 1583 4871 Incrementa
1611 4816 1734 4869 vita:
1757 4815 2065 4885 inquibus-

494 4917 618 4970 daut
649 4915 744 4986 qui
783 4912 1157 4984 rcsipuerant,
1187 4917 1476 4976 postquam
1500 4907 1568 4962 de
1604 4909 1711 4964 vita
1739 4907 2062 4977 despondis-

495 5014 642 5068 sent,
673 5005 894 5062 interitu
927 5017 956 5057 a
985 5001 1096 5057 Deo
1135 5001 1412 5056 declarato
1440 5007 1494 5058 et
1522 5000 1694 5071 signis
1721 5001 2064 5070 ostentisque

493 5097 750 5154 omnibus
779 5095 1074 5164 conspicuo
1108 5090 1277 5148 facto.
1299 5093 1535 5148 Ananias
1568 5106 1696 5146 vero
1721 5101 1776 5146 et
1798 5091 2060 5162 Sapphira

487 5187 780 5246 exanimati
810 5196 956 5251 sunt,
993 5201 1098 5240 non
1151 5183 1326 5252 Petri,
1369 5184 1461 5238 sed
1495 5182 1590 5238 Dei
1636 5183 1852 5250 virtute,
1899 5198 2059 5254 quem

488 5284 804 5357 invocarat;
843 5293 908 5336 ac
952 5279 1117 5334 Petro
1159 5292 1267 5332 non
1301 5284 1565 5346 praesente
1609 5283 1662 5329 et
1712 5274 2057 5330 mendacium

488 5382 765 5444 arguente,
796 5369 1196 5440 exspirassent,
1220 5369 1298 5423 ita
1324 5368 1536 5423 volente
1562 5365 1692 5423 Deo.
1713 5367 1778 5422 Et
1803 5377 1934 5437 quot
1965 5370 2064 5423 ho-

488 5470 662 5524 mines
690 5467 881 5522 insane
913 5463 1004 5533 jus
1029 5461 1316 5526 violantes,
1343 5459 1607 5514 violenter
1646 5459 1854 5527 e‘vivis
1897 5474 2059 5514 exce-

486 5559 666 5616 dunt!
700 5561 826 5616 dum
857 5557 1002 5612 alius
1026 5555 1186 5608 aliam
1217 5553 1411 5607 suﬂert
1440 5552 1776 5619 violentiam,
1799 5566 1862 5606 ac
1891 5552 2059 5608 latent

490 5653 760 5719 homines,
791 5652 921 5706 dum
952 5647 1220 5704 violentia:
1249 5646 1500 5700 ell‘ectum
1551 5655 1822 5715 patentem
1875 5646 2057 5700 consi-

488 5739 677 5796 derant
713 5756 728 5794 ι
755 5753 942 5794 verum
977 5735 1196 5794 cccleste
1218 5736 1281 5791 ad
1305 5735 1360 5790 id
1385 5743 1717 5817 momentum
1749 5733 2054 5792 subducere

2170 4564 2268 4616 σης
2295 4549 2396 4616 τῆς
2421 4546 2705 4617 τελεύτῆς,
2746 4548 2839 4602 καὶ
2875 4547 3127 4617 σημείοις
3155 4547 3295 4600 πᾶσι
3323 4543 3551 4614 φανερᾶς
3577 4549 3696 4605 γενο-

2169 4638 2364 4707 μένης
2409 4636 2656 4700 Ἁνανίας
2700 4636 2756 4690 δὲ
2785 4639 2880 4690 καὶ
2908 4637 3199 4708 Σάπφειρα
3236 4634 3614 4704 ἀποψύξαντα,
3647 4619 3694 4674 οὐ

2166 4732 2234 4799 τῇ
2265 4729 2360 4783 τοῦ
2412 4729 2640 4801 Πέτρου,
2672 4730 2738 4800 τῇ
2770 4727 2827 4782 δὲ
2867 4727 2962 4783 τοῦ
2997 4728 3133 4783 Θεοῦ
3185 4728 3434 4796 δυνάμει,
3463 4725 3518 4777 ὃν
3556 4723 3580 4774 ό
3618 4716 3695 4770 Πέ-

2164 4834 2293 4888 τρος
2321 4816 2665 4881 ἐπεκαλεῖτο,
2699 4816 2792 4870 καὶ
2822 4816 2918 4870 τοῦ
2943 4818 3174 4890 ,Πέτρου
3213 4816 3292 4889 μὴ
3322 4813 3598 4886 παρόντος,
3623 4804 3695 4859 καὶ

2166 4911 2224 4963 τδ
2255 4910 2446 4980 ψεῦδος
2481 4909 2818 4980 ἐλέγχοντος,
2850 4909 3132 4977 ἀπέῲυξαν
3182 4910 3253 4964 άν
3285 4925 3299 4941 ο
3321 4907 3462 4962 οὕτω
3483 4902 3568 4957 τοῦ
3589 4893 3695 4952 Θεοῦ

2165 5001 2514 5074 βουλομένου.
2553 5001 2664 5054 Καὶ
2710 5001 2870 5054 πόσοι
2915 5002 3028 5056 τῶν
3074 5000 3384 5071 ἀνθρώπων
3431 4995 3695 5066 ἀνηκέστως

2167 5091 2613 5161 παρανομοῦντες
2644 5090 2840 5160 βιαίως
2867 5091 3176 5161 ἐξάγονται,
3228 5091 3389 5154 ἄλλος
3416 5087 3569 5156 ἀλλην
3597 5083 3696 5147 '5‘?“

2168 5185 2430 5254 στάμενοι
2491 5183 2652 5254 βίαν,
2703 5185 2950 5248 καὶτοὺς
3003 5183 3335 5252 ἀνθρώπους
3393 5176 3692 5233 λανθάνουσι.

2165 5275 2577 5346 σκοπουμάνους
2624 5277 2724 5346 μὲν
2755 5277 2814 5332 τδ
2860 5278 2959 5348 τῆς
3005 5275 3126 5348 βίας
3157 5273 3505 5346 φαινόμενον,
3536 5265 3618 5334 τὴν
3641 5258 3692 5312 δι’

2159 5369 2417 5440 οὐράνιον
2457 5367 2593 5440 πρὸς
2649 5369 2811 5424 τοῦτο
2862 5369 3034 5442 ῥοπὴν
3082 5368 3403 5438 λογίζεσθαι
3449 5358 3560 5434 μηδ’
3586 5356 3706 5412 ὃλίυῖ

2161 5462 2618 5532 ὲφικνουμένους;
2641 5463 2705 5516 Δί
2726 5463 2782 5518 δὲ
2803 5464 3059 5535 πρόδηλοι
3079 5463 3190 5518 τῶν
3211 5462 3456 5517 θανάτων
3471 5457 3553 5512 καὶ
3573 5445 3692 5519 παρᾶ

2162 5553 2326 5622 φύσιν
2353 5553 2692 5624 ἀπαλλαγαὶ,
2739 5555 2838 5627 τῆς
2886 5559 2951 5610 ἐκ
3002 5556 3214 5627 νεκρῶν
3263 5551 3594 5610 ἀναστάσεως
3626 5539 3680 5593 οὗ

2160 5645 2249 5698 δὲν
2291 5645 2669 5717 διαφέρουσαι,
2723 5649 3107 5720 παρείσθωσαν
3140 5649 3198 5701 ἐν
3244 5649 3418 5716 τούτῳ
3449 5642 3520 5714 τῷ
3550 5637 3690 5708 μέρει.

2159 5737 2235 5802 ὡς
2260 5741 2324 5810 τῇ
2361 5739 2468 5792 τῶν
2496 5741 2933 5812 προωρισμένων
2977 5741 3129 5807 τάξει
3165 5739 3568 5812 συμϐαίνουσαι,
3596 5727 3689 5780 τότε
