3932 6458
98 414 292 519 ⁴ειδι

1151 448 1527 511 EPISTOLA
1578 450 1675 511 DE
1709 450 2485 516 PRAEDESTINATIONE.

3355 452 3468 519 {62

201 568 294 638 μὲν
346 562 787 628 ἀπαλλάττοντος
831 565 925 619 τοῦ
971 564 1109 619 Θεοῦ
1145 567 1489 637 παραδόξως,
1539 566 1614 632 ὡς
1639 566 1781 622 οὕτω

1890 570 2215 640 neutiquam
2254 570 2652 640 aggrediamur
2701 586 2731 624 :t
2764 571 2861 627 sed
2891 571 3196 626 menifestze
3225 586 3252 623 a
3292 579 3470 627 morte

199 658 475 728 συμφέρον
502 657 711 721 αὐτοῖς,
761 657 856 712 καὶ
881 658 960 728 τῷ
994 659 1163 713 αὐτοῦ
1218 661 1448 731 συνᾷδον
1483 660 1774 731 θελήματι,

196 750 373 806 ἄλλοτε
424 748 480 801 δὲ
538 750 632 803 καὶ
692 751 761 803 δι’
817 750 1108 821 ἀμφότερα
1157 752 1572 823 συγχωροῦντος
1622 756 1776 823 σφίσι

197 842 572 913 μεθίστασθαι,
626 843 659 912 ἦ
702 843 801 912 τῆς
844 843 1061 911 φύσεως
1114 844 1519 915 ὑπουργούσης,
1567 846 1600 918 ἢ
1654 847 1776 919 βίας

191 937 515 1005 τυραννικῆς
569 936 897 1006 ἐξαγούσης.
943 938 1126 992 Ἱκανὰ
1175 940 1277 1009 μὲν
1320 940 1415 994 οὖν
1458 941 1556 994 καὶ
1599 941 1775 997 ταῦτα

192 1028 279 1081 τὸν
328 1028 603 1097 ἡμέτερον
654 1032 889 1099 ἐκφῆναι
945 1035 1152 1085 σκοπὸν
1210 1034 1307 1086 ἐπὶ
1364 1035 1625 1088 συστάσει
1674 1035 1775 1104 τῆς

192 1120 450 1186 ἀληθείας
489 1122 586 1190 οὐχ
620 1116 786 1193 ἦττον
816 1123 850 1195 ἢ
907 1124 1010 1195 τῆς
1036 1126 1130 1178 τοῦ
1162 1126 1489 1182 διδασκάλου
1523 1128 1772 1198 γνώμης.

194 1213 251 1267 Εἰ
289 1212 344 1265 δὲ
396 1215 453 1265 ὲν
488 1216 554 1283 τῇ
591 1214 761 1285 Σοφία
810 1216 1052 1285 λέγεται,
1090 1236 1108 1270 ι
1151 1219 1209 1272 'D
1238 1219 1371 1281 Θεὸς
1398 1220 1632 1275 θάνατον
1673 1220 1775 1275 οὐκ

192 1305 411 1374 ἐποίησε
436 1321 452 1337 θ
496 1324 515 1358 ι
540 1306 702 1360 τοῦτο
735 1308 875 1361 κατά
898 1310 996 1380 τὴν
1028 1311 1209 1365 αξτῖαν
1238 1310 1333 1365 τοῦ
1365 1314 1602 1369 θανάτου
1638 1313 1776 1366 νοιὶ-

191 1415 295 1451 ται.
323 1398 405 1449 Οὐ
433 1397 543 1466 γὰρ
579 1398 725 1452 θέλει
752 1399 843 1452 τὸν
872 1400 1103 1455 θάνατον
1132 1403 1242 1455 τῶν
1272 1402 1578 1473 ἀνθρώπων
1605 1421 1774 1475 προη-

191 1491 496 1559 γουμένως,
524 1490 648 1546 οὔτε
687 1495 852 1558 ποιεῖ,
901 1493 1093 1566 ὥσπερ
1134 1494 1258 1549 οὐδὲ
1301 1496 1400 1564 τὴν
1433 1496 1615 1549 αἰτίαν
1654 1495 1776 1549 τού-

188 1600 279 1636 του
304 1585 409 1652 τὴν
437 1584 717 1654 ἁμαρτίαν
745 1600 760 1617 ο
793 1585 931 1639 ἀλλὰ
962 1587 1063 1657 τὴν
1107 1587 1205 1657 τῆς
1239 1589 1587 1660 δικαιοσύνης
1621 1589 1776 1654 τάξιν

191 1677 279 1729 καὶ
315 1677 461 1730 πάνυ
499 1676 843 1747 βουλόμενος,
871 1674 938 1752 ἧς
978 1682 1094 1733 ἐστι
1143 1681 1202 1734 τὸ
1233 1684 1347 1746 τοῖς
1391 1684 1774 1754 ἁμαρτάνουσι

191 1768 344 1840 δίκην
380 1769 685 1838 ἐπάγεσθαι
733 1771 979 1844 ἑπομένῃ
1010 1771 1249 1842 θελήσει,
1284 1773 1434 1827 θέλει
1480 1775 1646 1830 αὐτὸν
1681 1777 1775 1830 καὶ

189 1864 369 1915 ποιεῖ’
407 1863 458 1916 εἰ
509 1863 603 1918 καὶ
656 1864 842 1927 ἐλέους
878 1864 1179 1937 ὑπερϐολῇ.
1228 1866 1321 1920 καὶ
1365 1866 1769 1941 φιλανθρωπίᾳ,

1879 667 1934 714 et
1966 674 2088 726 quae
2124 669 2319 727 praeter
2366 669 2617 715 naturam
2665 670 2793 716 sunt
2841 660 3215 723 liberationes,
3258 660 3391 714 nihil
3437 677 3465 714 a

1877 750 2290 807 resurrectione
2340 749 2654 807 dill‘erentes
2682 796 2696 818 ,
2753 753 3241 823 prtetermittantnr
3279 752 3379 806 hac
3413 751 3465 809 in

1879 852 2057 912 parte,
2101 852 2297 914 utpote
2338 860 2462 914 qua:
2493 846 2674 900 ordini
2710 847 3221 915 praedestinatorum
3254 844 3470 901 contine

1876 948 2007 1008 gant
2039 953 2054 991 :
2089 946 2217 992 tunc
2242 938 2463 1007 quidem
2500 939 2803 994 incredibili
2846 939 3008 993 modo
3044 939 3307 995 liberante
3336 937 3466 1001 Deo.

1877 1027 2024 1097 quod
2056 1028 2135 1083 sic
2172 1028 2306 1095 ipsis
2331 1028 2626 1099 expediat,
2658 1036 2714 1084 et
2748 1044 2937 1084 eorum
2970 1030 3235 1084 voluntati
3284 1030 3469 1086 conci-

1877 1128 1971 1175 nat
2004 1136 2017 1172 :
2054 1120 2192 1176 alias
2225 1137 2353 1175 vero
2390 1122 2551 1177 etiam
2588 1130 2811 1191 propter
2846 1131 3141 1192 utrumque
3188 1121 3298 1177 Deo
3336 1137 3469 1176 con-

1876 1214 2108 1271 cedente
2138 1214 2272 1284 ipsis
2301 1222 2358 1267 ut
2391 1213 2627 1285 migrent
2661 1228 2690 1267 e
2728 1213 2860 1279 vita,
2901 1222 2995 1267 aut
3036 1224 3226 1267 natura
3257 1213 3465 1268 submi-

1878 1306 2168 1369 nistrante,
2201 1316 2295 1361 aut
2328 1306 2374 1358 vi
2406 1306 2691 1377 tyrannica
2732 1308 3003 1376 exigente.
3051 1306 3326 1362 Sullieient
3368 1308 3466 1376 igi-

1878 1409 1967 1455 tur
2019 1401 2132 1455 htee
2183 1399 2250 1454 ad
2300 1414 2527 1469 scopum
2587 1409 2834 1455 nostrum
2890 1400 3297 1465 elucidandum,
3354 1417 3462 1455 non

1880 1495 2062 1548 minus
2126 1493 2193 1547 ad
2249 1493 2498 1554 veritatis
2565 1493 3118 1554 commendationem,
3180 1507 3343 1562 quam
3401 1495 3467 1548 ad

1879 1586 2130 1642 hectoris
2158 1586 2482 1642 sententiam
2521 1584 2803 1640 tuendam.
2836 1584 2993 1651 Quod
3026 1586 3069 1639 si
3104 1585 3156 1638 iu
3187 1585 3463 1654 Sapientia

1878 1679 2100 1741 dicitur,
2166 1698 2184 1729 ι
2221 1677 2360 1732 Deus
2424 1687 2655 1731 mortem
2715 1694 2821 1730 non
2875 1676 3040 1739 fecit,
3081 1695 3100 1727 ι
3156 1676 3261 1732 hoc
3316 1678 3468 1746 juxta

1877 1788 2101 1828 causam
2166 1771 2359 1826 mortis
2414 1769 2753 1839 intelligitur.
2804 1769 2936 1823 Nam
2972 1784 3078 1824 non
3126 1769 3241 1823 vult
3289 1769 3468 1822 homi-

1880 1879 2008 1917 num
2056 1872 2283 1916 mortem
2328 1861 2618 1932 praecipue,
2677 1876 2854 1931 neque
2910 1860 3078 1915 facit:
3110 1860 3255 1914 sicut
3288 1874 3466 1929 neque

192 1955 285 2008 καὶ
332 1956 524 2010 τοῦτον
571 1957 685 2019 τοίς
718 1956 935 2021 τέκνοις
968 1958 1183 2029 μυρίοις
1228 1960 1449 2031 τρόποις
1498 1961 1774 2029 οἰκονομεῖ

1887 1970 2099 2012 causam
2138 1954 2334 2025 ipsius,
2377 1963 2657 2026 peccatum
2701 1972 2713 2007 :
2746 1954 2838 2009 sed
2883 1952 3026 2022 quod
3066 1953 3293 2024 justitire
3318 1952 3467 2006 ordi-

192 2047 325 2116 πρὸς
361 2048 421 2101 τὸ
446 2048 679 2117 βέλτιον,
717 2050 813 2104 καὶ
858 2051 997 2121 πρὸς
1029 2053 1355 2121 εὐεργεσίαν
1399 2056 1465 2124 τῇ
1492 2057 1644 2125 κοινῇ
1678 2055 1771 2108 τοῦ

190 2141 381 2206 γένους
414 2141 599 2210 ποινῇ,
628 2140 763 2210 πρὸς
795 2140 886 2205 οὒς
918 2143 984 2196 ἂν
1008 2142 1275 2213 βούλοιτο,
1308 2146 1402 2198 καί
1427 2146 1637 2214 πρέπον
1662 2146 1769 2215 εἴη,

191 2232 477 2300 πατρικῶς
513 2234 846 2305 ἀποχρῆται.
885 2236 994 2289 Καὶ
1028 2237 1114 2290 διὰ
1160 2235 1319 2289 τοῦτο
1346 2238 1403 2291 ιν
1435 2241 1499 2309 τῇ
1543 2246 1589 2292 α’
1620 2253 1634 2269 ⁸
1664 2240 1774 2291 τῶν

193 2323 486 2377 Βασιλειῶν
503 2324 722 2393 λέγεται
748 2342 762 2358 ο
788 2344 808 2378 ι
841 2325 1046 2398 Κύριος
1070 2327 1293 2382 θανατοῖ
1310 2330 1404 2383 καὶ
1427 2327 1687 2398 ζωογονεῖ
1708 2349 1721 2363 ·
1750 2349 1769 2382 ι

187 2417 285 2485 οὐχ
315 2418 391 2478 ὡς
444 2417 549 2488 ἰδίᾳ
595 2418 928 2487 πράττοντος
984 2421 1147 2490 μόνον
1195 2422 1480 2493 ἑκάτερον,
1516 2422 1545 2475 ὃ
1580 2427 1775 2476 ταυτὸν

188 2508 306 2560 ὲσιι
336 2507 415 2577 τῷ
452 2510 700 2573 θέλοντος
742 2512 1007 2580 ἑκάτερον
1029 2512 1300 2579 γίνεσθαι,
1331 2513 1407 2577 ὡς
1434 2514 1601 2569 αὐτοῦ
1632 2516 1777 2585 ζωῆς

188 2601 282 2651 καὶ
319 2599 555 2654 θανάτου
590 2601 688 2671 τὴν
742 2602 994 2667 ἐξουσίαν
1038 2604 1280 2676 ἔχοντος,
1328 2605 1444 2659 ἀλλ’
1475 2605 1551 2670 ὡς
1588 2608 1682 2660 καὶ
1718 2610 1777 2660 ὲν

184 2692 266 2757 τῷ
320 2691 588 2747 θανατοῦν
642 2693 904 2759 πολλάκις
954 2696 1356 2765 ζωογονοῦντος
1404 2701 1501 2753 καί
1561 2702 1652 2754 τον
1684 2700 1778 2754 τοῦ

187 2782 430 2835 θανάτου
478 2785 670 2856 χρόνον
700 2787 796 2840 καὶ
832 2789 1036 2856 τρόπον
1083 2792 1220 2859 πρὸς
1248 2790 1311 2842 τδ
1354 2793 1657 2862 συμφέρον,
1687 2792 1782 2845 καὶ

184 2874 289 2944 τὴν
330 2878 762 2946 προωρισμέντ,ν
794 2876 964 2945 ζωὴν,
999 2878 1216 2943 πολλοῖς
1249 2880 1663 2951 οἰκονομοῦντος
1688 2883 1782 2935 καὶ

184 2967 503 3030 τάττοντος.
526 2967 634 3020 Καὶ
658 2963 815 3030 αὖθις
842 2969 890 3022 εἰ
914 2969 972 3022 ἐν
990 2967 1066 3037 τῷ
1106 2966 1510 3040 Ἐκκλησιαστῇ
1538 2969 1780 3037 λέγεται,

192 3082 211 3116 ι
252 3062 499 3129 ’Δφῆκεν
524 3056 709 3127 δΘεδς
741 3063 833 3118 τὸν
858 3062 1150 3135 ἄνθρωπον
1180 3065 1238 3119 δν
1256 3067 1321 3136 τῇ
1356 3064 1520 3136 βουλῇ
1540 3066 1638 3135 τῆς
1670 3083 1785 3135 χει-

194 3157 285 3225 ρίις
311 3154 499 3219 αὑτοῦ,
535 3174 554 3208 ι
584 3156 633 3208 εἰ
668 3155 761 3211 καί
791 3156 1031 3227 μάλιστα
1072 3157 1202 3230 περὶ
1247 3159 1356 3212 τῶν
1378 3158 1781 3230 ἀποδεδοκιμα-

192 3250 410 3315 σμένων
452 3248 611 3301 τοῦτο
648 3251 822 3304 νοοῖτο
850 3250 939 3315 ἂν,
970 3250 1103 3305 ἀλλὰ
1134 3251 1230 3306 καὶ
1265 3253 1430 3306 πᾶσιν
1461 3253 1649 3315 ἁπλῶς
1679 3253 1778 3323 τὴν

191 3345 289 3412 τῆς
319 3342 809 3411 αὐτεξουσιὸτητος
859 3343 1191 3415 ὲλευθερίαν“
1223 3350 1664 3417 προσμαρτυρεῖ.
1703 3347 1779 3399 Ού

192 3437 301 3503 γὰρ
353 3437 591 3499 ἄκοντας
645 3435 795 3489 ἕλκει
840 3437 979 3506 πρὸς
1034 3438 1315 3506 τάγαθόνο
1350 3432 1395 3507 ᾧ
1427 3438 1473 3492 δ’
1507 3438 1573 3493 ἂν
1628 3440 1787 3494 αὑτοί

196 3527 631 3597 προαιρούμενοι
660 3529 976 3600 πράττοιεν,
1010 3530 1251 3597 ἐπόπτης
1280 3530 1431 3583 ἐστὶν
1475 3530 1658 3594 αὐτὸς,
1689 3531 1786 3584 καὶ

193 3620 488 3690 διανομεὺς
540 3621 650 3674 τῶν
710 3621 1095 3693 ἁρμοττόντων
1153 3622 1396 3691 ἐκάδτῳ,
1434 3624 1532 3678 καὶ
1564 3622 1653 3676 διὰ
1685 3622 1786 3695 τὴν

193 3711 655 3784 αὐτεξουσιότητα
673 3713 770 3784 τῆς
803 3713 951 3777 θείας
981 3716 1081 3767 οὐκ
1125 3715 1468 3783 ὲξαιροῦνται
1518 3708 1785 3787 Προνοίας

193 3804 307 3858 οὔτ’
345 3806 443 3858 ἐπὶ
471 3805 532 3858 τὸ
556 3807 763 3877 χεῖρον,
790 3805 904 3860 οὔτ’
929 3806 1022 3860 ἐπὶ
1049 3808 1108 3860 τὸ
1132 3806 1340 3878 βέλτιον
1363 3807 1573 3874 αὐτοῖς,
1598 3808 1787 3874 ἁπλῶς

190 3898 246 3952 δὲ
275 3898 492 3964 ἀγαθόν
522 3916 583 3954 τε
618 3899 713 3955 καί
743 3900 977 3956 δίκαιον.

194 4004 412 4064 propter
442 3995 673 4050 liberum
710 3996 1002 4052 arbitrium
1033 4010 1139 4052 non
1170 3995 1507 4054 'eximuntur
1540 4012 1569 4052 a
1600 3996 1789 4052 divina

192 4090 284 4143 sed
327 4106 423 4145 om
438 4090 568 4145 nino
597 4090 655 4145 in
687 4088 893 4144 bonum
922 4099 976 4146 et
997 4090 1230 4159 justum.

260 4186 497 4248 Τούτοις
529 4187 624 4238 καὶ
670 4187 783 4249 τοῖς
829 4184 1094 4249 τοιούτοις
1139 4184 1382 4255 δνμὲγας
1426 4186 1566 4257 ῆχθη
1621 4183 1783 4239 Βασί-

194 4278 362 4342 λειος,
398 4279 590 4331 ὲκέἰνα
625 4278 755 4347 περί
783 4276 891 4330 τῶν
924 4277 1022 4348 τῆς
1056 4275 1203 4346 ζωῆς
1232 4277 1376 4347 ὅρων
1404 4277 1684 4330 διδάσκειν
1717 4276 1786 4329 τὰ

196 4373 382 4434 τέκνα,
419 4372 519 4425 καὶ
545 4372 623 4439 τῷ
671 4371 802 4441 θείῳ
837 4371 1138 4440 προσάγειν
1171 4370 1372 4432 αὐτοὺς
1406 4370 1657 4423 ἐντεῦθεν
1696 4368 1787 4422 θε-

197 4461 428 4532 λήματι,
480 4459 760 4531 προύργου
795 4460 896 4531 μὶν
942 4459 1234 4529 θεολογῶν,
1276 4460 1559 4529 ἑπομένως
1603 4460 1662 4513 δὲ
1693 4462 1786 4515 καί

196 4553 332 4622 πρὸς
366 4554 439 4607 τὰ
490 4552 597 4623 non
651 4551 970 4618 λυσιτελῶς,
1016 4550 1045 4603 δ
1080 4555 1189 4615 τοῖς
1240 4551 1583 4615 διδασκάλοις
1614 4554 1784 4607 πᾶσιν

1860 3440 1863 3443 ’
1891 3439 2012 3506 quit
2064 3436 2206 3493 Deus

1878 2068 2003 2107 nem
2035 2050 2261 2103 omnino
2298 2049 2426 2103 velit
2458 2067 2472 2103 :
2502 2046 2661 2116 cujus
2714 2061 2911 2101 munus
2945 2054 3062 2111 est,
3107 2045 3462 2115 peccantibus

1878 2160 2071 2217 positas
2100 2144 2360 2212 irrogare,
2380 2124 2735 2210 consequenti
2758 2140 3058 2200 voluntate.
3078 2139 3192 2191 vult
3220 2138 3392 2206 ipsam
3419 2146 3473 2190 et

1877 2229 2003 2291 facit
2028 2255 2042 2301 ;
2070 2235 2174 2290 etsi
2208 2231 2599 2287 misericordiae
2628 2246 2878 2289 excessu.
2899 2238 2953 2284 et
2984 2230 3315 2300 benignitate
3340 2245 3469 2295 erga

1877 2325 2320 2386 homines.etiam
2355 2321 2544 2377 liberis
2569 2320 2779 2376 obitum
2809 2322 3112 2375 innumeris
3140 2320 3312 2374 modis
3364 2320 3476 2374 dis-

1879 2430 2071 2491 pensat
2122 2418 2189 2473 ad
2219 2418 2412 2471 melius
2440 2423 2495 2470 et
2525 2414 2591 2468 ad
2622 2413 3357 2476 beneﬁcentiam,communi
3382 2428 3472 2482 ge—

1880 2514 2027 2568 neris
2073 2510 2375 2580 supplicio;
2423 2523 2550 2577 erga
2597 2522 2692 2562 eos
2722 2522 2864 2575 quos
2899 2505 3151 2569 voluerit,
3182 2513 3238 2558 et
3274 2508 3472 2557 decens

1882 2605 2067 2668 fuerit,
2105 2612 2334 2673 paterno
2366 2599 2561 2654 aliectu
2604 2597 2963 2667 indulgendo.
3000 2596 3064 2652 Et
3097 2607 3380 2666 propterea
3418 2597 3469 2649 in

1880 2701 2055 2769 primo
2089 2698 2292 2765 [legum
2322 2696 2543 2761 dicitur,
2586 2695 2883 2748 «Dominus
2923 2692 3213 2748 mortilicat
3241 2699 3297 2745 et
3328 2690 3469 2744 .vivi-

1884 2791 2027 2845 licat.
2060 2806 2078 2838 ι
2116 2788 2232 2842 Non
2270 2797 2525 2856 tanquam
2573 2785 2791 2853 proprie
2833 2798 2999 2853 agens
3055 2783 3233 2838 solum
3265 2782 3474 2835 alteru-

1883 2888 2028 2934 trum
2058 2896 2071 2931 :
2097 2878 2244 2948 quod
2275 2876 2413 2932 idem
2438 2886 2520 2931 est
2550 2890 2613 2929 ac
2642 2874 2686 2929 si
2707 2874 2910 2929 diceret
2958 2876 3145 2929 volens
3172 2884 3467 2942 utrumque

1887 2973 2025 3037 fieri,
2077 2987 2144 3026 eo
2189 2970 2337 3040 quod
2370 2968 2484 3038 ipse
2516 2968 2642 3021 vitae
2686 2976 2743 3022 et
2790 2967 2983 3022 mortis
3023 2976 3343 3037 potestatem
3376 2965 3478 3020 ha-

1886 3068 2010 3121 beat
2049 3080 2064 3119 :
2103 3063 2201 3121 sed
2230 3063 2388 3133 quasi
2412 3062 2577 3117 etiam
2618 3062 2673 3117 in
2708 3062 3088 3117 mortilicando
3123 3076 3267 3131 saepe
3298 3060 3473 3119 virili-

1883 3167 1993 3222 cet,
2021 3172 2086 3212 ac
2118 3157 2313 3211 mortis
2345 3163 2564 3225 tempus
2597 3163 2652 3209 et
2699 3154 2921 3209 modum
2957 3154 3026 3223 ad
3054 3154 3106 3210 id
3141 3153 3285 3223 quod
3315 3167 3477 3223 expc-

1896 3252 1996 3315 dit,
2042 3258 2097 3306 et
2130 3250 2295 3303 vitam
2344 3246 2786 3318 praulestinatam
2837 3247 3022 3301 multis
3074 3246 3386 3301 moderetur
3418 3254 3473 3300 et

1890 3343 2126 3398 ordinet.
2153 3343 2231 3398 Ac
2259 3357 2451 3398 rursus
2484 3341 2530 3397 si
2564 3342 2619 3395 in
2647 3339 2971 3396 Ecclesiaste
3005 3339 3227 3403 dicitur,
3269 3358 3287 3392 ι
3328 3339 3475 3394 [teli-

2281 3436 2560 3491 hominem
2613 3435 2667 3490 in
2737 3450 2930 3490 manus
2987 3448 3102 3488 suae
3171 3433 3421 3488 consilio.
3454 3449 3472 3482 ι

1895 3530 2117 3585 Etiamsi
2144 3530 2212 3585 de
2245 3528 2557 3599 reprobatis
2589 3529 2934 3598 potissimum
2963 3526 3064 3581 hoc
3096 3525 3322 3596 intelligi
3354 3540 3482 3595 pos-

1893 3625 1986 3688 sit,
2020 3622 2278 3679 erunibus
2326 3631 2507 3678 tamen
2555 3620 2804 3676 absolute
2855 3628 3144 3673 attestatur
3177 3618 3479 3672 libertatem

1896 3708 2110 3770 arbitrii
2149 3731 2163 3769 :
2198 3730 2303 3769 non
2355 3715 2502 3771 enim
2555 3713 2753 3768 invitos
2803 3712 2870 3767 ad
2919 3713 3122 3767 bonum
3168 3710 3356 3765 trahit.
3410 3710 3483 3763 At

1894 3822 2082 3863 eorum
2109 3822 2230 3876 quae
2275 3807 2519 3862 volentes
2576 3816 2790 3875 agerent
2817 3804 3078 3858 Dominus
3098 3813 3179 3857 est
3206 3803 3482 3869 ins;eetor

1899 3909 1954 3954 et
1985 3899 2309 3956 distributor
2333 3914 2522 3954 eorum
2554 3913 2675 3967 quae
2701 3897 2972 3965 quadrant
3003 3894 3315 3964 unicuique.
3359 3893 3483 3948 Haec

1836 3993 2210 4061 Providentia,
2242 4007 2422 4064 neque
2447 3994 2503 4048 in
2543 3992 2740 4047 melius
2780 4006 2956 4063 neque
3020 3992 3073 4047 in
3108 3991 3261 4059 pejus
3325 3988 3479 4063 ipsis,

1961 4176 2056 4234 His
2082 4191 2146 4236 ac
2175 4173 2373 4231 talibus
2396 4188 2624 4243 magnus
2647 4173 2873 4228 Basilius
2898 4172 3165 4229 adductus
3194 4180 3357 4228 estut
3393 4172 3483 4228 illa

1888 4276 1956 4331 de
1996 4276 2120 4331 vita:
2148 4274 2350 4329 lluibus
2380 4273 2603 4327 doceret
2636 4270 2798 4335 ﬁlios,
2832 4279 2994 4342 atque
3023 4285 3120 4325 eos
3147 4274 3211 4324 ad
3243 4269 3482 4325 divinant

1890 4369 2225 4425 voluntatem
2260 4365 2388 4421 inde
2418 4364 2755 4428 adduceret;
2789 4364 3041 4419 consulto
3075 4363 3294 4433 quidem
3326 4363 3484 4419 theo-

1888 4464 2072 4536 logum
2104 4451 2270 4532 agens
2295 4460 2362 4515 de
2386 4458 2496 4515 Deo
2517 4458 2861 4521 disserendo,
2882 4466 3277 4525 consequenter
3299 4467 3479 4512 autem

1889 4558 2095 4612 utiliter
2127 4570 2413 4613 sermones
2454 4554 2520 4609 ad
2556 4570 2738 4610 mores
2766 4553 3088 4621 referendo;
3139 4554 3191 4607 in
3239 4569 3349 4622 quo
3382 4553 3481 4608 do-

198 4646 592 4698 ὲσπούδασται.
629 4645 739 4700 Καὶ
769 4646 819 4697 εἰ
851 4644 1167 4715 μηδαμόθεν
1198 4644 1422 4700 ἄλλοθεν
1454 4646 1523 4698 τὰ
1562 4645 1781 4701 τοιαῦτα

1895 4658 2081 4706 ctores
2135 4664 2331 4707 omnes
2381 4651 2626 4703 studium
2688 4659 2851 4718 atque
2913 4664 3138 4719 operam
3189 4647 3477 4702 collocant.

198 4731 343 4807 εἶχεν
388 4737 613 4802 εἰδέναι,
655 4735 749 4790 τοῦ
790 4736 923 4805 γοῦν
956 4739 1241 4809 προφήτου
1276 4736 1441 4791 Δαδίδ
1473 4737 1596 4792 καθ’
1649 4741 1788 4809 ἡμέ-

202 4847 302 4899 ραν
338 4830 512 4900 ῆκουε
547 4829 819 4897 λέγοντος,
858 4829 954 4882 καὶ
982 4828 1082 4884 ούκ
1133 4829 1200 4884 ἂν
1226 4824 1340 4899 εἶχε
1382 4830 1475 4884 τὸν
1503 4826 1597 4885 τοῦ
1638 4828 1785 4884 θείου

200 4923 434 4993 κάτοχον
469 4920 948 4993 παρακρούεσθαι.
984 4922 1190 4975 Ἤκουε
1216 4921 1272 4976 δὲ
1302 4920 1468 4976 αὑτοῦ
1501 4921 1783 4990 λέγοντος’

204 5032 221 5065 ι
261 5013 538 5082 Γνὼρισόν
585 5030 698 5083 μοι,
729 5011 926 5084 Κύριε,
953 5012 1072 5067 eam
1103 5013 1161 5066 ἐν
1269 5016 1645 5087 πορεύσομαι·
1689 5016 1787 5069 καὶ

199 5106 468 5177 γνώρισον
503 5122 593 5175 μοι
616 5104 677 5159 τὸ
694 5107 761 5158 πὶ
769 5120 868 5176 ρας
900 5122 1002 5175 μου
1024 5107 1118 5159 καί
1146 5105 1237 5159 τὸν
1257 5108 1492 5177 ἀριθμὸν
1512 5107 1621 5163 τῶν
1652 5109 1788 5178 ἡμε-

203 5200 311 5266 ρῶν
337 5217 442 5269 μου
465 5199 550 5263 τίς
571 5200 740 5253 ἔστιν.
772 5217 791 5251 t
823 5198 1038 5253 Οὐκοῦν
1069 5198 1201 5270 παρ’
1226 5199 1427 5259 εἰδότος
1461 5200 1647 5270 ἐζήτει
1679 5219 1785 5271 μα·

202 5290 335 5357 θεῖν,
364 5291 443 5355 ὡς
475 5291 572 5344 καὶ
598 5290 911 5360 ὡρισμένον
943 5291 1169 5355 εἰδότος,
1198 5291 1292 5345 καὶ
1324 5291 1517 5362 μαθεῖν
1545 5293 1789 5363 ὡρισμέ-

204 5399 309 5436 νον.
340 5383 454 5437 Καὶ
490 5382 579 5436 ἴνα
613 5384 805 5454 μηδεὶς
833 5382 932 5456 ἔχῃ
964 5383 1165 5453 λέγειν.
1190 5382 1264 5448 ὡς
1296 5384 1414 5456 ᾔδει
1445 5384 1546 5453 μὲν
1580 5388 1607 5438 ὁ
1633 5385 1787 5452 Θεὸς,

204 5476 295 5527 καὶ
324 5476 417 5528 διὰ
444 5474 607 5529 τοῦτο
638 5476 1048 5533 ἀποκαλύπτειν
1082 5473 1259 5542 εἶπεν,
1307 5480 1469 5547 εἴπερ
1502 5479 1787 5547 imorum,

203 5566 300 5619 οὐκ
332 5560 451 5636 εἶχε
482 5565 538 5619 δὲ
564 5567 827 5637 πράττειν
859 5568 917 5621 ὲν
948 5569 1061 5630 τοῖς
1100 5566 1369 5641 τοιούτοις
1401 5571 1467 5640 τῇ
1502 5569 1662 5638 φύσει
1696 5570 1791 5625 xci.

203 5659 311 5719 τοῖς
340 5657 526 5721 ἄλλοις
574 5658 765 5723 αἰτίοις
812 5660 960 5723 ὅπως
997 5660 1127 5715 ποτὲ
1152 5659 1308 5714 ταῦτ’
1336 5661 1662 5731 ἐπιτρέψας,
1695 5663 1789 5717 ἀλ-

205 5748 367 5819 λαχοῦ
397 5749 563 5804 πάλιν
581 5750 746 5819 φησίν
765 5764 778 5780 ⁸
800 5770 818 5802 ι
843 5751 1113 5821 Ἐξὰγαγε
1133 5754 1196 5806 ἐκ
1217 5753 1467 5824 φυλακῆς
1489 5755 1590 5825 τὴν
1612 5755 1792 5827 ψυχήν

211 5859 332 5908 μου.
370 5860 391 5895 ι
419 5843 531 5897 Καὶ
554 5844 655 5897 οὐκ
676 5843 859 5916 ἐζήτει
892 5844 1071 5897 θανεῖν
1101 5845 1312 5913 ἁπλῶς,
1346 5847 1526 5900 εἴτουν
1548 5850 1792 5902 ἀπαλλα-

208 5935 392 6005 γῆναι,
444 5936 605 5993 τοῦτο
662 5937 770 6010 γὰρ
824 5938 919 5993 καὶ
968 5938 1045 6014 μὴ
1080 5939 1372 6011 ζητουντος
1415 5941 1608 6013 ἔμελλέ
1661 5961 1790 5999 ποτε

1892 4742 2045 4811 Quod
2067 4743 2112 4798 si
2137 4742 2557 4814 haudquaquam
2581 4742 2799 4796 aliunde
2824 4741 2946 4794 talia
2974 4750 3254 4810 perspecta
3280 4738 3479 4792 habere

1894 4844 2098 4907 posset,
2138 4836 2332 4890 saltem
2365 4834 2689 4904 prophetam
2719 4832 2976 4887 Davidem
3006 4831 3251 4900 quotidie
3277 4832 3481 4886 dicen-

1894 4937 2003 4985 tem
2049 4928 2394 4982 auscultabat
2449 4942 2462 4978 :
2523 4942 2624 4981 nec
2677 4925 2869 4994 utique
2920 4926 3188 5009 potuisset
3237 4923 3478 4980 alllatum

1892 5021 2120 5076 numine
2149 5020 2441 5089 t-xplodcre
2463 5036 2475 5072 :
2495 5018 2770 5084 audiebat,
2804 5019 3045 5088 inquam,
3065 5029 3241 5073 vatem
3272 5018 3478 5089 regium

1893 5113 2186 5175 dicentem,
2224 5131 2245 5164 ι
2283 5111 2475 5166 Notam
2511 5110 2593 5164 fac
2625 5110 2755 5164 η’ίίιί
2785 5110 2923 5165 viam
2950 5111 3005 5165 in
3028 5127 3132 5181 qua
3174 5111 3477 5174 ambulem,

1892 5215 1949 5261 et
1996 5213 2185 5259 notum
2214 5204 2322 5258 ,lac
2372 5204 2504 5258 mihi
2562 5205 2761 5273 linem;
2816 5213 2871 5260 et
2916 5221 3209 5261 numerum
3269 5206 3478 5259 dierum

1894 5312 2143 5352 meorum
2186 5297 2311 5366 quis
2354 5306 2457 5351 est.
2513 5315 2530 5347 ι
2587 5297 2858 5364 Quocirca
2911 5300 2980 5352 ab
3026 5313 3093 5353 eo
3136 5298 3227 5367 qui
3270 5297 3481 5352 scit-hat

1895 5389 2110 5446 discere
2139 5391 2438 5460 quaerebat,
2462 5399 2521 5445 ut
2549 5391 2617 5446 ab
2646 5406 2712 5446 eo
2741 5391 2906 5447 etiam
2938 5392 3031 5460 qui
3054 5391 3478 5445 determinatum

1895 5484 2089 5547 sciret,
2136 5492 2190 5539 ct
2242 5484 2456 5540 discere
2510 5485 2706 5540 avebat
2758 5485 2902 5555 quod
2960 5484 3289 5537 destinatum
3337 5492 3476 5537 erat.

1897 5576 2074 5645 Atque
2129 5584 2187 5629 ut
2236 5591 2395 5631 nemo
2443 5577 2629 5632 dicere
2664 5586 2832 5647 queat
2870 5574 3017 5646 quod
3054 5574 3222 5627 sciret
3255 5572 3478 5641 quidem

1898 5668 2062 5733 Deus,
2096 5677 2150 5723 et
2188 5668 2388 5731 ideirco
2426 5669 2667 5723 revelare
2703 5676 2907 5738 posset,
2946 5666 2989 5721 si
3022 5664 3239 5734 quidem
3274 5662 3478 5717 vellet:

1898 5770 2271 5815 verumtamen
2309 5776 2418 5814 tton
2468 5760 2692 5814 haberet
2739 5771 2899 5828 agere
2933 5757 2985 5811 itt
3028 5755 3230 5810 talibus
3284 5765 3478 5808 natura

1898 5851 2130 5923 aliisque
2162 5854 2348 5909 causis
2383 5871 2395 5907 :
2424 5853 2698 5924 quomodo
2741 5853 2825 5908 his
2858 5849 3164 5922 permissis,
3194 5849 3320 5904 alibi
3361 5864 3480 5900 rur-

1899 5960 1996 6002 sus
2038 5945 2133 6013 ait,
2167 5964 2185 5999 ι
2226 5946 2378 6004 Educ
2412 5961 2444 6005 c
2492 5945 2744 6005 custodia
2773 5946 3014 6003 animam
3052 5959 3251 6001 meatu.
3302 5959 3323 5993 ι
3379 5938 3479 5997 Ubi
