3932 6458
222 375 322 440 565
408 487 420 490 Δ
453 489 456 490 ν
1165 383 1528 448 EPISTOLA
1569 387 1666 448 ΠΕ
1695 386 1790 448 PR

1893 389 2146 453 )EST'IN
2163 394 2469 490 Α’[ῚΟῌΕ.

224 487 556 557 καλυφθῆναι
583 492 695 549 τοῖς
717 490 927 557 τέκνοις
963 495 1248 566 ἠθέλησεν,
1277 494 1358 563 οἷς
1382 501 1662 572 εὐδόκησε,
1691 502 1788 574 τὴν

1895 500 2046 567 tiam,
2079 518 2186 559 non
2223 504 2562 570 claudicans,
2594 513 2645 557 et
2677 504 2999 574 priusquam
3029 501 3314 558 confessus
3349 509 3423 556 δτι
3449 541 3466 565 ,

224 580 596 650 ἁρμόττουσαν
641 585 825 649 αὐτοῖς
872 587 937 641 ὲκ
988 589 1308 658 φιλοσοφίας
1357 593 1519 663 δοῦσα
1571 595 1788 663 πρῶτον

224 675 597 745 παρασκευήν.
641 675 731 740 Ὠς
763 673 862 732 οὖν
922 679 1135 734 ἐκείνου
1180 699 1263 736 σοι
1315 683 1599 754 τοῦλόγου
1652 688 1790 757 πρὸς

225 766 400 818 πάντα
428 767 787 836 ἀρκέσαντος,
832 773 984 824 οὐδὲν
1017 773 1112 825 νῦν
1143 777 1264 844 περὶ
1305 777 1498 830 τούτου
1527 795 1789 849 πραγμα-

223 859 508 928 τευόμεθα.
542 861 634 914 Σοὶ
674 864 752 932 δὲ,
799 866 1044 933 φίλτατε,
1077 868 1207 938 περὶ
1241 869 1340 937 μὲν
1371 871 1478 922 τῶν
1516 873 1658 942 ὅρων
1689 875 1789 940 τῆς

225 949 568 1022 ἀνθρωπίνης
602 953 746 1023 ζωῆς
795 957 1035 1026 ἀρκείτω
1077 962 1212 1030 πρὸς
1241 963 1368 1023 τοὺς
1415 963 1687 1028 ἐναντίους
1729 965 1789 1018 τὸ

226 1042 312 1094 τοῦ
348 1043 632 1098 Βασιλείου
675 1047 838 1114 μόνον
865 1049 1100 1120 ἀξίωμα,
1127 1053 1175 1105 εί
1211 1053 1284 1124 μὴ
1309 1053 1534 1108 δύνασαι.
1566 1057 1786 1109 ἀντεπι-

223 1133 425 1199 χειρεῖν
471 1133 654 1197 αὐτοῖς
686 1135 780 1190 καὶ
826 1136 976 1191 λύειν
1018 1143 1118 1204 τὰς
1159 1143 1392 1212 ἀπορίας
1429 1159 1442 1174 ⁸
1491 1144 1641 1196 τουτὶ
1680 1145 1789 1213 γὰρ

222 1226 394 1276 ποιεῖν
439 1226 498 1278 ὲν
548 1229 658 1291 τοῖς
700 1229 963 1294 τοιούτοις
1005 1235 1283 1304 φρονίμων
1333 1236 1518 1290 ἐστίν’
1568 1235 1684 1307 ἅμα
1731 1237 1789 1288 δὲ

218 1315 308 1368 καὶ
358 1317 466 1370 ὑπὸ
514 1320 622 1372 τῶν
677 1324 1073 1392 καθηγεμόνων
1110 1328 1212 1394 τῆς
1270 1328 1598 1397 Ἐκκλησίας
1647 1329 1790 1382 οὕτω

221 1412 394 1462 ποιεῖν
434 1417 888 1486 κεκανονισμένον
921 1419 1035 1471 ἐστὶ
1067 1423 1158 1474 καὶ
1185 1424 1619 1494 προωρισμένον.
1652 1423 1789 1494 Περὶ

217 1500 270 1554 δὲ
301 1499 400 1553 τοῦ
439 1503 586 1556 θείου
617 1509 951 1578 προορισμοῦ
984 1511 1226 1582 ἀρκείτω
1256 1530 1337 1566 σοι
1365 1515 1425 1568 τὸ
1454 1513 1547 1567 τοῦ
1579 1515 1790 1568 Παύλου

217 1593 456 1663 ἀξίωμα,
515 1597 600 1650 ἵνα
648 1599 722 1670 μὴ
762 1600 906 1668 λέγω
957 1604 1054 1672 τῆς
1097 1605 1248 1675 ἱερᾶς
1281 1607 1498 1676 ἁπάσης
1547 1609 1788 1680 Γραφῆς.

231 1686 322 1740 Ἐκ
359 1691 685 1758 περιουσίας
711 1692 766 1748 δέ
792 1712 850 1748 σε
878 1698 942 1765 τῇ
979 1697 1102 1770 δόξῃ
1123 1699 1224 1768 τῆς
1255 1701 1512 1770 ἀληθείας
1535 1703 1789 1770 ἐνιδρύων

215 1777 390 1850 ταύτῃ
426 1781 630 1849 καλῶς,
661 1785 752 1838 τὸν
781 1788 955 1856 μέγαν
981 1791 1280 1863 προτίθημι
1301 1792 1572 1862 Μάξιμον,
1602 1794 1787 1865 ὥσπερ

217 1869 640 1944 ἐπισφράγισμα
677 1880 744 1948 τῇ
775 1879 884 1931 τῶν
924 1881 1108 1948 ἁγίων»
1130 1884 1223 1936 καὶ
1273 1887 1453 1954 σοφῶν
1486 1888 1580 1940 καὶ
1613 1887 1789 1940 θεολὸ-

219 1975 330 2027 γων
360 1965 639 2034 σφραγῖδι.
671 1967 730 2020 ὃν
755 1970 952 2023 ταυτόν
982 1972 1095 2024 ἐστι
1132 1973 1218 2026 διὰ
1263 1975 1422 2028 τοῦτο
1459 1979 1552 2030 καὶ
1582 1978 1790 2042 πάντας

221 2051 538 2115 προσθεῖναι
589 2058 713 2120 τοὺς
750 2059 854 2128 πρὸ
899 2062 1082 2118 αὐτοῦ.
1130 2065 1368 2130 Ἐκεῖνος
1420 2069 1526 2138 γὰρ
1575 2069 1793 2132 πλείους

231 2143 626 2212 Ἐκατοντὰδας
652 2152 963 2221 κεφαλαίων
1016 2156 1250 2220 ἐξέθετο,
1289 2159 1323 2212 ἃ
1357 2162 1667 2216 Γνωστικὰ
1699 2163 1792 2216 καὶ

220 2239 550 2308 Θεολογικὰ
572 2243 890 2314 ἐπιγράφει,
925 2247 1084 2302 ἄλλου
1126 2250 1417 2318 κεφαλαίου
1448 2254 1791 2308 παντάπασιν

219 2329 392 2401 ἄλλην
419 2333 676 2388 ὑπόθεσιν
702 2337 1078 2406 διοριζομένου
1105 2357 1118 2372 ·
1152 2344 1246 2396 καὶ
1275 2343 1462 2414 ὥσπερ
1490 2347 1790 2415 ὰποφάςεις

222 2422 320 2476 καὶ
347 2425 504 2494 ὄρους
531 2427 699 2480 ταῦτα
727 2431 1000 2494 συνέθετο,
1033 2431 1107 2496 ὡς
1135 2435 1499 2507 Ἱπποκράτης
1532 2439 1628 2502 μέν
1663 2455 1790 2492 ποτε

217 2517 348 2579 τοὺς
368 2517 690 2586 λεγομένους
715 2523 1124 2594 Ἀφορισμοὺς,
1138 2529 1262 2590 τοὺς
1282 2529 1336 2582 δὲ
1363 2530 1639 2597 Ιιάρπσὺς
1662 2531 1792 2583 Πτο-

216 2605 464 2674 λεμαῖος.
495 2611 568 2663 Τὸ
595 2613 772 2668 τοίνυν
809 2622 858 2667 κ’
891 2619 1188 2684 κεφάλαιον
1222 2619 1386 2672 αὑτοῦ
1413 2621 1514 2689 τῆς
1556 2621 1596 2675 δ’
1633 2623 1796 2674 Ἑκα-

221 2698 478 2762 τοντάδος
507 2702 708 2756 οὑτωσὶ
733 2707 1026 2777 διορίζεται
1046 2727 1060 2742 ο
1085 2705 1156 2782 *ῼ
1180 2715 1366 2782 τρόπῳ
1386 2713 1630 2782 βούλεται
1651 2718 1677 2768 ὁ
1695 2717 1793 2785 τὴν

221 2789 462 2845 ἑκάστου
516 2796 623 2866 πρὸ
669 2798 778 2852 τῶν
820 2800 1034 2856 αίὼνων
1085 2803 1329 2872 διορίσας
1383 2807 1528 2878 ζωὴν
1575 2811 1602 2861 '5
1639 2809 1790 2876 Θεδς,

217 2882 452 2938 ἕκαστον
493 2891 628 2958 πρδς
665 2893 724 2944 τὺ
755 2894 952 2947 οίκείον
983 2897 1078 2965 τῆς
1110 2896 1256 2968 ζωῆς
1293 2898 1418 2968 ἄγει
1470 2901 1642 2968 τέλος,
1683 2905 1792 2957 εἴτε

213 2975 452 3043 δίκαιον,
487 2980 594 3033 εἴτε
634 2980 837 3038 ἄδικον.
873 2986 980 3039 Καὶ
1013 2989 1170 3041 τοῦτο
1216 2990 1336 3043 ὅλον
1369 2993 1462 3044 καί
1501 2995 1662 3062 μόνον
1699 2994 1791 3048 αὖα

215 3065 313 3119 τοῦ
341 3067 402 3120 τὸ
431 3074 478 3121 κ’
504 3071 621 3124 ἐστι
651 3075 966 3142 κεφάλαιον.
1008 3077 1098 3141 Ὦς
1128 3079 1222 3133 οὖν
1257 3084 1791 3155 προωμολογημένου

1749 1844 1780 1904 ,Γ
1820 1844 1863 1900 Β

1892 592 2114 656 tollens,
2153 601 2210 647 ut
2249 595 2434 648 multis
2469 610 2576 664 pra:
2619 594 2922 664 ignorantia
2961 595 3240 655 nsuvenil,
3277 608 3466 645 verum
3547 648 3553 654 ,

1891 693 1950 737 ιιι
1981 685 2092 752 ipse
2124 685 2261 747 vult,
2297 695 2353 740 ut
2396 685 2646 752 ipsemet,
2681 685 2925 754 inquam,
2957 684 3167 738 alllatns
3221 684 3465 744 numine.

1890 779 2079 846 utique
2113 779 2282 831 voluit
2317 778 2544 831 revelari
2575 776 2781 842 liberis,
2817 778 2869 831 in
2923 779 3123 848 quibus
3172 775 3273 830 sibi
3319 789 3466 829 coin-

1890 869 2114 939 placuit,
2147 884 2268 922 eum
2304 868 2439 938 ipsis
2467 878 2856 938 congruentem
2888 884 2951 922 ex
2987 867 3330 937 philosophia
3359 865 3466 936 pri-

1892 975 2038 1013 mum
2105 959 2318 1014 dederit
2377 969 2725 1029 apparatum.
2781 959 3146 1023 Quamobrem
3206 968 3462 1025 tanquam

1891 1060 2156 1108 tractatus
2186 1052 2276 1107 ille
2303 1052 2398 1106 tibi
2445 1054 2511 1106 ad
2555 1053 2736 1108 omnia
2769 1051 3060 1114 suffecerit,
3093 1049 3227 1106 nihil
3253 1048 3362 1115 jam
3393 1062 3460 1101 ea

1891 1148 1957 1202 de
1992 1162 2049 1201 re
2081 1135 2540 1202 commentamur.
2586 1143 2708 1197 Tibi
2757 1152 2964 1208 autem,
3001 1141 3346 1200 charissime,
3399 1139 3465 1193 de

1889 1239 2013 1292 vitm
2054 1237 2305 1291 humana:
2340 1235 2627 1299 limitibus,
2669 1233 2802 1288 satis
2854 1233 2921 1288 sit
2979 1243 3168 1298 contra
3214 1232 3465 1296 adversa-

1890 1331 2004 1384 rios
2035 1328 2220 1384 Basilii
2269 1328 2384 1382 sola
2423 1326 2721 1382 auctoritas
2749 1342 2762 1378 :
2789 1324 2894 1378 nisi
2933 1325 3107 1393 possis
3131 1319 3466 1390 argumentis

1891 1419 2011 1474 aliis
2049 1423 2286 1483 vincere,
2318 1425 2370 1472 et
2402 1417 2734 1486 quaestiones
2779 1413 2990 1468 solvere
3023 1428 3037 1466 :
3080 1426 3202 1464 nam
3242 1411 3294 1464 id
3329 1424 3468 1478 prte-

1891 1517 2040 1563 stare
2069 1508 2170 1562 hac
2199 1507 2252 1562 in
2306 1521 2362 1560 re
2401 1506 2749 1575 prudentium
2784 1512 2868 1556 est
2901 1519 2916 1556 :
2951 1501 3018 1556 ad
3054 1502 3168 1555 bace
3197 1501 3359 1555 etiam
3393 1499 3464 1549 ah

1895 1599 2300 1656 iustitutoribus
2331 1597 2589 1652 Ecclesiae
2633 1597 2715 1651 sic
2750 1595 2926 1650 facere
2971 1593 3155 1663 regula
3198 1593 3468 1645 constitu-

1897 1705 1948 1748 tn
1963 1711 2008 1748 ιιι
2041 1708 2103 1748 ac
2135 1693 2511 1762 praescriptum
2545 1698 2653 1745 est.
2699 1689 2866 1742 Porro
2897 1689 2962 1742 de
2990 1683 3468 1755 prmdestinatione

1894 1788 2120 1842 sutliciet
2149 1787 2246 1839 tibi
2273 1785 2330 1838 Β.
2359 1784 2510 1836 Pauli
2541 1782 2862 1847 auctoritas,
2891 1796 2960 1836 ne
2987 1780 3161 1834 dicam
3195 1776 3362 1830 totius
3383 1789 3468 1826 sa-

1893 1878 2313 1948 crm.doctrin:e.
2366 1875 2471 1929 Sed
2519 1875 2722 1929 addens
2767 1870 3013 1930 cumulo.
3055 1878 3214 1936 teque
3259 1868 3312 1918 in
3365 1865 3470 1917 hac

1893 1973 2172 2044 agnitione
2231 1968 2476 2023 veritatis
2521 1967 2784 2038 praeclare
2842 1962 3166 2025 stabiliens,
3225 1970 3470 2028 prepono

1893 2079 2146 2133 magnum
2204 2060 2523 2125 Maximum,
2575 2067 2832 2126 tauquam
2886 2053 3238 2109 corollarium
3295 2049 3469 2119 sigillo

1893 2164 2206 2208 sanctorum
2249 2162 2303 2206 et
2342 2151 2682 2206 eruditorum
2711 2149 3086 2216 theologorum
3115 2185 3129 2206 ,
3187 2159 3347 2212 quem
3384 2139 3470 2195 hic

1893 2248 2032 2301 idem
2063 2260 2232 2316 prope
2277 2252 2359 2299 est
2399 2253 2560 2311 atque
2603 2254 2794 2295 omnes
2840 2239 3155 2306 adjungere,
3189 2234 3284 2303 qui
3341 2247 3469 2286 eum

1893 2346 2304 2410 prmeessernnt.
2341 2335 2554 2390 Etenim
2584 2334 2766 2402 plures
2795 2333 2886 2386 ille
2912 2329 3202 2384 Centurias
3231 2326 3470 2395 capitum

1893 2430 2142 2500 exposuit
2166 2469 2180 2494 ,
2207 2443 2327 2498 quae
2359 2426 2614 2482 Gnostica
2637 2433 2690 2480 et
2717 2421 3043 2492 Theologica
3074 2417 3344 2478 inscribit,
3364 2414 3470 2466 alio

1893 2523 2075 2594 capite
2099 2522 2240 2575 aliud
2269 2520 2493 2575 omnino
2519 2525 2903 2586 argumentum
2928 2512 3224 2568 deliniente
3251 2527 3265 2576 ;
3299 2509 3470 2577 siqui-

1895 2616 2014 2670 dem
2052 2614 2220 2669 veluti
2254 2610 2662 2666 enuntiationes
2707 2624 2769 2663 ac
2799 2607 3062 2662 terminos
3106 2604 3218 2658 haec
3246 2615 3470 2671 compo-

1895 2708 2025 2766 suit,
2054 2716 2111 2758 ut
2141 2705 2270 2760 olim
2318 2703 2675 2772 Hippocrates
2719 2701 2964 2755 celebres
2999 2696 3379 2768 Aphorismos,
3413 2700 3471 2746 et

1896 2796 2220 2850 Ptolemaeus
2253 2796 2480 2864 Carpos.
2517 2791 2682 2862 Igitur
2716 2791 3042 2846 vicesimum
3079 2795 3241 2855 caput
3271 2785 3470 2838 Centu-

1897 2889 1987 2944 riaa
2008 2905 2055 2944 IV
2082 2887 2295 2942 Maximi
2323 2887 2401 2941 sic
2425 2885 2747 2941 determinat
2779 2901 2794 2940 :
2828 2881 2949 2948 Quo
2991 2889 3151 2951 pacto
3172 2877 3286 2932 vult
3309 2876 3470 2939 Deus,

1895 2981 1986 3051 qui
2023 2985 2146 3033 ante
2167 2993 2330 3034 omne
2356 2993 2528 3032 terum
2557 2977 2824 3045 cujusque
2843 2975 3010 3029 vitam
3038 2971 3247 3036 delinit,
3277 2982 3471 3022 unum-

1893 3088 2165 3144 quemque
2197 3073 2264 3126 ad
2312 3071 2592 3141 proprium
2646 3071 2774 3124 vitae
2827 3068 2984 3121 ﬁnem
3034 3060 3190 3120 ducit
3223 3063 3340 3119 sive
3384 3058 3471 3128 ju-

218 3163 358 3215 πᾶσι
385 3163 476 3216 τοῦ
509 3168 598 3217 καί
648 3167 747 3236 τὴν
777 3169 924 3238 ζωὴν
970 3173 1199 3226 ἑκάστου
1229 3175 1592 3246 διωρισμένην
1628 3173 1788 3244 εἶναι,

1893 3175 2058 3231 stum,
2100 3165 2212 3218 sive
2239 3163 2526 3234 injustam.
2556 3161 2620 3214 Et
2652 3159 2756 3213 huc
2785 3159 2961 3213 solum
2987 3170 3082 3227 per
3107 3163 3276 3210 totum
3309 3155 3472 3218 caput

216 3252 362 3305 κατὰ
389 3254 482 3307 τὶν
531 3257 742 3325 χρόνον,
780 3259 875 3312 καὶ
922 3261 981 3313 τὸ
1013 3263 1188 3333 πέρας
1242 3266 1436 3335 αὑτῆς,
1483 3267 1792 3333 ἀκολούθως

219 3346 311 3398 καὶ
353 3345 443 3399 τὸν
495 3349 592 3416 τῆς
630 3349 888 3420 τελευτῆς
938 3355 1160 3424 τρόπον,
1212 3356 1292 3426 τῷ
1337 3357 1467 3427 θείῳ
1526 3359 1790 3428 θελήματι

219 3437 592 3505 παραδίδωσι·
623 3441 696 3502 ὡς
737 3441 802 3494 ἂν
853 3445 946 3496 καὶ
980 3447 1006 3497 ὁ
1036 3448 1241 3516 τρόπος
1271 3449 1370 3517 τῆς
1415 3449 1671 3518 τελευτῆς
1715 3449 1791 3519 τῷ

221 3529 410 3599 μέτρῳ
443 3530 542 3600 τῆς
584 3533 729 3601 ζωῆς
767 3539 1292 3607 συμπροωρισμὲνος
1420 3541 1525 3609 πρὸ
1555 3543 1789 3606 αίὼνων,

218 3620 310 3672 κοιλ⁸
338 3621 570 3686 ἕκαστος
595 3623 703 3676 τῶν
733 3626 1038 3697 ἀνθρώπων
1060 3630 1194 3698 πρὸς
1224 3631 1282 3684 τὸ
1307 3633 1406 3699 τῆς
1428 3631 1574 3702 ζωῆς
1604 3634 1791 3702 ἄγοιτο

218 3713 398 3780 τέλος,
439 3715 621 3779 καθὼς
673 3717 739 3770 ἂν
771 3718 849 3788 τῷ
898 3719 1016 3790 Θεῷ
1059 3722 1263 3788 δόξειεν
1307 3726 1506 3777 οἰκεῖον
1555 3723 1690 3778 εἶναι
1724 3729 1789 3798 τῇ

216 3806 455 3861 ἐνταῦθα
486 3809 678 3862 τούτου
707 3812 840 3879 ζωῇ,
874 3815 968 3867 xui.
995 3817 1058 3885 τῇ
1101 3815 1218 3884 μετ’
1244 3816 1413 3887 αὐτὴν
1443 3817 1791 3891 διαδεξομένη

219 3903 578 3960 καταστάσει.
626 3905 722 3956 καὶ
749 3905 809 3957 τὸ
855 3906 1079 3969 δικαίως
1125 3908 1510 3978 ἀποθνήσκειν,
1540 3912 1648 3963 εἴτε
1682 3913 1794 3965 ἀδί-

221 4011 353 4056 κως,
389 3995 484 4046 καὶ
535 3995 643 4048 εἴτε
691 3998 814 4060 τοὺς
847 3998 1070 4062 δικαίως
1111 3999 1380 4070 βιοῦντας.
1414 3997 1532 4056 ἐἴτε
1571 4004 1789 4069 ἀδίκως,

219 4083 294 4154 τῷ
340 4085 566 4157 ποικίλῃ
603 4104 659 4138 τε
691 4089 781 4140 καὶ
814 4092 1074 4159 πανσὸφῳ
1115 4091 1208 4144 τοῦ
1256 4091 1389 4146 Θεοῦ
1440 4093 1566 4165 περὶ
1601 4093 1794 4147 ἐκατέ-

221 4196 348 4248 ρους
383 4178 564 4248 κρίσει
603 4179 736 4251 μόνῃ
781 4183 1070 4251 προσήκει.
1115 4185 1298 4237 Ταῦτα
1329 4185 1386 4238 δὲ
1425 4187 1600 4258 Δἡμεῖς
1633 4186 1791 4258 εὐρύ-

219 4247 376 4336 τερον
414 4247 852 4337 διειλὸμεθανούκ
880 4247 1122 4343 οἴκοθεν,
1143 4274 1280 4327 ἀλλὰ
1307 4247 1630 4345 ταῖέίεραῖς
1661 4247 1792 4328 ἀκο-

219 4361 540 4425 λουθοῦντες
583 4363 846 4432 Γραφαῖς.
922 4365 983 4418 '0
1026 4367 1081 4420 δὲ
1143 4369 1482 4439 φερωνύμως
1539 4367 1795 4437 μέγιστος

219 4449 374 4517 οὗτος
415 4455 513 4524 τῆς
551 4455 880 4526 Ἐκκληςίας
931 4459 1250 4526 διδάσκαλος
1305 4463 1364 4514 τδ
1415 4463 1793 4532 συμπέρασμα

1893 3279 1963 3319 xx
1995 3269 2273 3315 tractatur.
2303 3259 2507 3327 Itaque,
2531 3257 2710 3328 posito
2743 3252 2885 3322 quod
2923 3251 2976 3303 in
3003 3245 3252 3303 confesso
3281 3253 3366 3301 est
3420 3255 3470 3301 et

1897 3359 1962 3413 ab
1985 3357 2240 3412 omnibus
2267 3365 2392 3409 ante
2421 3366 2770 3411 concessum,
2804 3348 2969 3402 vitam
3002 3345 3262 3400 nimirum
3287 3341 3471 3410 cujus-

1895 3465 1998 3518 que
2038 3447 2453 3504 determinatam
2486 3443 2976 3511 pracscriptamque
3005 3451 3126 3492 esse
3158 3433 3465 3490 secundum

1895 3551 2108 3610 tempus
2140 3547 2195 3592 et
2257 3539 2415 3592 tinem
2449 3537 2567 3605 ejus
2597 3551 2612 3599 ;
2648 3538 3044 3598 consequenter
3075 3526 3240 3581 etiam
3280 3524 3471 3577 interi-

1895 3643 1984 3688 tus
2016 3631 2232 3686 modum
2273 3629 2472 3684 divina:
2504 3623 2766 3680 voluntati
2811 3622 3010 3684 tradit;
3063 3629 3117 3672 ut
3163 3616 3359 3671 modus
3390 3615 3470 3668 iu-

1897 3725 2089 3780 teritus
2138 3722 2299 3777 simul
2345 3735 2466 3775 cum
2508 3719 2629 3772 vita:
2678 3713 2898 3769 modulo
2935 3709 3348 3781 prmdestinatns
3400 3707 3470 3759 sit

1894 3828 2021 3872 ante
2067 3815 2286 3878 srccula,
2319 3821 2374 3867 et
2407 3811 2640 3881 quisque
2683 3805 2958 3862 hominum
3001 3802 3065 3856 ad
3112 3801 3234 3854 vitai
3263 3798 3468 3854 exitum

1894 3911 2018 3964 duci
2046 3907 2250 3976 possit;
2273 3901 2732 3975 quemadmodum
2763 3899 2868 3951 Deo
2893 3895 3168 3948 videretur
3191 3891 3468 3958 proprium

1893 4019 2014 4058 esse
2043 4001 2160 4067 ejus
2191 3998 2314 4052 vitae
2360 4011 2478 4066 quae
2525 3995 2614 4046 hic
2663 3990 2894 4059 degitur,
2931 3995 2984 4040 et
3018 3982 3185 4039 statui
3224 3981 3316 4051 qui
3350 3989 3471 4048 post

1896 4092 2043 4145 illam
2078 4086 2332 4144 succcdet
2360 4104 2374 4139 :
2407 4093 2460 4137 et
2489 4084 2636 4153 juste
2686 4079 2824 4133 mori
2884 4077 2999 4132 sive
3051 4074 3256 4142 injuste
3286 4086 3301 4122 :
3338 4068 3468 4120 item

1895 4199 1989 4236 seu
2013 4181 2159 4248 juste
2185 4181 2451 4240 viventes,
2483 4189 2578 4228 seu
2605 4172 2810 4240 inique,
2865 4165 3148 4235 multiplici
3179 4173 3230 4217 et
3255 4158 3470 4230 sapien-

1897 4271 2108 4326 tissimo
2145 4269 2233 4322 Dei
2265 4267 2469 4337 judicio
2501 4263 2600 4318 soli
2641 4268 2913 4332 congruit.
2964 4255 3089 4310 Haec
3141 4263 3322 4308 autem
3373 4265 3471 4304 nos

1894 4361 2062 4416 latius
2086 4358 2482 4420 enarravimus,
2513 4367 2618 4408 non
2651 4368 2714 4408 ex
2743 4350 2985 4420 ingenio,
3011 4351 3103 4403 sed
3133 4343 3470 4400 convenien-

1899 4465 1978 4538 ter
2027 4453 2247 4507 Litteris
2282 4451 2471 4504 sacris;
2527 4447 2722 4502 Verum
2759 4445 3030 4500 maximus
3067 4442 3156 4494 bie
3207 4435 3469 4492 Ecclesia:

3359 359 3470 450 tua.

221 4546 550 4616 προστίθησι
607 4516 764 4615 μόνον
789 4565 804 4580 ⁶
836 4549 1025 4622 ὥσπερ
1068 4516 1372 4621 νομοθετῶν
1404 4516 1563 4626 ἔχεις,
1673 4516 1790 4624 φίλ-

1896 4523 2085 4602 ιίοριοι·
2119 4553 2268 4598 tanto
2300 4544 2514 4598 neruiue
2561 4540 2779 4609 dignus.
2817 4533 3220 4590 conclusionem
3256 4537 3465 4584 tantum

222 4656 372 4714 τατέ,
428 4643 524 4694 καὶ
554 4641 744 4697 τοῦτον
778 4644 934 4715 ἡμῶν
975 4649 1038 4700 ὲκ
1081 4648 1180 4715 τῆς
1223 4650 1451 4718 ἡσυχίας
1495 4649 1586 4702 τὸν
1612 4647 1788 4716 λόγον.

1893 4640 2156 4710 adjungit,
2201 4635 2359 4707 quasi
2415 4635 2587 4704 legem
2650 4631 2922 4685 sanciens.
2962 4625 3070 4691 Tu,
3112 4622 3463 4683 charissime,

221 4713 441 4786 Μᾶλλον
471 4731 528 4786 δὲ
558 4735 584 4786 δ
626 4713 933 4807 μέγαςὲκει
965 4713 1266 4807 Βασίλειοςν,
1300 4713 1394 4794 καὶ
1423 4744 1449 4795 ὁ
1482 4741 1581 4812 τὴν
1613 4713 1790 4811 ψυχὴν

1893 4735 2050 4790 etiam
2084 4733 2229 4786 hunc
2253 4747 2282 4784 a
2320 4729 2474 4784 nobis
2501 4744 2562 4781 ex
2592 4729 2701 4780 otio
2735 4734 3042 4778 Sermonem
3083 4717 3252 4770 habes
3283 4731 3297 4770 :
3336 4713 3466 4779 quin

220 4823 437 4896 ἐκείνην
472 4825 735 4896 φωτίσας,
767 4821 810 4897 ᾧ
914 4831 1039 4899 δόξα
1067 4833 1147 4896 είς
1177 4805 1302 4896 τους
1331 4805 1550 4897 elidi/1;.
1594 4805 1788 4904 Ἀμην.

1893 4829 2072 4898 potius
2113 4838 2340 4894 magnus
2371 4820 2528 4872 habet
2563 4816 2813 4880 Basilius,
2838 4819 2890 4866 et
2921 4810 3011 4878 qui
3049 4813 3283 4862 mentem
3321 4805 3464 4858 illam

1892 4915 2205 4980 illustravit,
2237 4914 2325 4970 cui
2356 4911 2526 4982 gloria
2563 4910 2616 4962 in
2653 4919 2813 4961 omne
2843 4916 3039 4958 aevum.
3116 4902 3309 4952 Amen.

1023 5081 1062 5110 οι

3905 4879 3918 5010 ί

3905 5015 3918 5132 l

3907 5267 3917 5452 ι

3915 5381 3917 5412 l

3914 5431 3917 5452 Ι

3914 5455 3918 5572 l

3914 5917 3917 5974 i

3915 5981 3917 6008 ί

3915 6089 3917 6106 |
