3932 6458
213 391 310 456 565
1154 398 1518 463 EPISTULA
1558 401 1655 462 ΠΕ
1684 400 1783 461 PR

1885 403 2458 502 )ESTINA'I‘IOQIE.

216 503 546 573 καλυφθῆναι
573 508 685 565 τοῖς
707 505 916 572 τέκνοις
951 511 1238 581 ἠθέλησεν,
1265 509 1348 578 οἷς
1371 516 1652 586 εὐδόκησε,
1680 515 1776 588 τὴν

1885 513 2035 581 tiam,
2069 532 2175 572 non
2212 517 2550 582 claudicans,
2583 525 2634 570 et
2666 516 2988 586 priusquam
3018 513 3304 569 confessus
3338 519 3413 566 stt
3438 552 3455 575 ,

215 597 584 666 ἁρμόττουσαν
631 601 814 664 αὐτοῖς
862 602 926 656 ὲκ
977 604 1296 673 φιλοσοφίας
1346 607 1508 660 δοῦσα
1561 609 1777 678 πρῶτον

216 692 587 761 παρασκευήν.
631 691 721 756 Ὦς
754 689 851 748 οὖν
911 695 1124 749 ἐκείνου
1169 715 1252 750 σοι.
1305 698 1588 768 τοῦλόγου
1642 702 1779 771 πρὸς

218 783 388 836 πάντα
418 783 777 853 ἀρκέσαντος,
821 788 973 840 οὐδὲν
1006 789 1102 840 νῦν
1132 792 1253 859 περὶ
1295 791 1488 844 τούτου
1517 809 1779 862 πραγμα-

215 875 498 944 τευόμεθα.
532 877 624 930 Σοὶ
664 880 742 948 δὲ,
789 881 1033 949 φίλτατε,
1067 883 1197 952 περὶ
1231 884 1329 952 μὲν
1361 885 1468 936 τῶν
1506 887 1648 956 ὅρων
1679 889 1778 954 τῆς

217 966 558 1038 ἀνθρωπίνης
593 969 736 1039 ζωῆς
785 973 1024 1042 ἀρκείτω
1067 976 1202 1045 πρὸς
1232 977 1358 1037 τοῦς
1404 977 1676 1042 ἐναντίους
1719 979 1779 1032 τὸ

219 1059 302 1110 τοῦ
339 1059 622 1113 Βασιλείου
665 1063 827 1130 μόνον
855 1064 1090 1134 ἀξίωμα,
1117 1068 1165 1120 εί
1200 1067 1274 1138 μὴ
1299 1067 1524 1122 δύνασαι
1556 1071 1777 1123 ἀντεπι-

216 1149 416 1216 χειρεῖν
462 1149 644 1212 αὐτοῖς
676 1151 770 1204 καὶ
815 1152 966 1206 λύειν
1009 1157 1108 1218 τὰς
1148 1158 1382 1226 ἀπορίας
1419 1173 1432 1187 °
1481 1158 1632 1210 τουτὶ
1670 1159 1779 1227 γὰρ

215 1242 384 1292 ποιεῖν
430 1242 488 1294 ὲν
539 1245 649 1306 τοῖς
690 1245 954 1309 τοιούτοις
995 1249 1274 1319 φρονίμων
1324 1250 1508 1304 ἐστίν·
1559 1249 1674 1320 ἅμα
1723 1251 1779 1303 δὲ

211 1332 300 1384 καὶ
350 1333 457 1386 ὑπὸ
505 1336 612 1388 τῶν
667 1339 1064 1408 καθηγεμόνων
1101 1343 1204 1409 τῆς
1261 1343 1588 1411 Ἐκκλησίας
1638 1343 1780 1396 οὕτω

214 1428 385 1479 ποιεῖν
425 1433 878 1502 κεκανονισμένον
911 1435 1026 1486 ἐστὶ
1058 1438 1149 1489 καὶ
1176 1437 1610 1508 προωρισμένον.
1644 1438 1780 1508 Περὶ

209 1516 262 1570 δὲ
293 1515 391 1569 τοῦ
430 1519 576 1572 θείου
608 1525 942 1593 προορισμοῦ
975 1526 1217 1597 ἀρκείτω
1246 1545 1328 1581 σοι
1356 1529 1416 1582 τὸ
1445 1528 1538 1582 τοῦ
1569 1529 1781 1582 Παύλου

211 1609 448 1679 ἀξίωμα,
506 1612 591 1666 ἴνα
639 1614 713 1685 μὴ
753 1615 897 1684 λέγω
947 1619 1045 1686 τῆς
1089 1620 1239 1689 ίερᾶς
1272 1621 1490 1691 ἁπάσης
1539 1623 1780 1694 Γραφῆς.

223 1703 312 1807 Ἐκ
351 1707 676 1807 περιουσίας
703 1708 757 1762 δέ
784 1727 842 1763 σε
869 1713 933 1781 τῇ
970 1711 1094 1784 δόξῃ
1115 1714 1216 1784 τῆς
1247 1715 1504 1784 ἀληθείας
1527 1717 1780 1784 ἐνιδρύων

209 1796 382 1866 ταύτῃ
418 1796 622 1864 καλῶς,
653 1801 743 1853 τὸν
773 1803 946 1871 μέγαν
974 1806 1272 1877 προτίθημι
1293 1806 1563 1877 Μάξιμον,
1593 1808 1740 1862 ὥσπε

211 1886 632 1960 ἐπισφράγισμα
669 1895 735 1964 τῇ
767 1895 876 1947 τῶν
915 1897 1100 1963 ἁγίων
1121 1899 1215 1951 καὶ
1265 1901 1445 1968 σοφῶν
1478 1902 1572 1954 καὶ
1605 1901 1781 1954 Θεολύ-

213 1992 323 2044 γων
352 1981 631 2050 σφραγῖδι,
663 1982 722 2035 ὃν
747 1985 944 2038 ταυτόν
975 1987 1087 2038 ἐστι
1123 1988 1210 2041 διὰ
1255 1990 1414 2042 τοῦτο
1451 1992 1544 2044 καὶ
1575 1991 1782 2055 πάντας

217 2067 530 2132 προσθεῖναι
581 2073 706 2135 τοὺς
741 2074 846 2143 πρὸ
891 2077 1074 2134 αὑτοῦ.
1123 2080 1360 2144 Ἐκεῖνος
1412 2083 1518 2152 γὰρ
1568 2083 1786 2145 πλείους

227 2160 619 2227 Ἐκατοντάδας
644 2168 956 2236 κεφαλαίων
1009 2171 1242 2235 ἐξέθετο,
1281 2173 1316 2227 ἃ
1347 2176 1660 2230 Γνωστικὰ
1691 2176 1784 2230 καὶ

215 2256 543 2324 Θεολογικὰ
564 2259 882 2330 ἐπιγράφει,
917 2263 1076 2316 ἄλλου
1118 2265 1409 2334 κεφαλαίου
1441 2268 1784 2322 παντάπασιν

213 2345 384 2417 ἄλλην
412 2349 668 2403 ὑπόθεσιν
695 2353 1071 2422 διοριζομένου
1097 2373 1110 2387 ·
1145 2359 1238 2410 καὶ
1267 2357 1454 2428 ὥσπερ
1483 2361 1784 2430 ἀποφάσεις

217 2439 314 2492 καὶ
339 2441 496 2510 ὅρους
524 2442 691 2496 ταῦτα
720 2446 992 2509 συνέθετο,
1025 2446 1100 2511 ὡς
1127 2449 1492 2522 Ἱπποκράτης
1525 2452 1622 2516 μέν
1656 2469 1783 2505 ποτε

212 2533 340 2594 τοὺς
361 2533 683 2602 λεγομένους
708 2538 1116 2608 Ἀφορισμοὺς,
1131 2543 1254 2604 τοὺς
1275 2543 1328 2596 δὲ
1356 2544 1632 2611 Καρποὺς
1655 2545 1785 2596 Πτο-

211 2620 456 2690 λεμαῖος.
488 2626 562 2679 Τὸ
589 2629 765 2683 τοίνυν
802 2637 851 2683 κ’
884 2633 1181 2700 κεφάλαιον
1215 2634 1379 2687 αὐτοῦ
1407 2635 1507 2703 τῆς
1549 2635 1590 2689 δ’
1626 2637 1790 2688 Ἐκα-

214 2715 471 2779 τοντάδος
501 2717 701 2772 οὑτωσὶ
726 2721 1020 2792 διορίζεται
1039 2742 1054 2757 ο
1079 2721 1150 2798 τῼ
1173 2730 1360 2797 τρόπῳ
1380 2728 1624 2796 βούλεται
1644 2732 1670 2782 6
1689 2731 1786 2798 τὴν

214 2806 454 2862 ἑκάστου
510 2811 616 2882 πρὸ
662 2814 770 2868 τῶν
814 2815 1028 2870 αἰώνων
1079 2818 1323 2887 διορίσας
1376 2821 1522 2892 ζωὴν
1569 2825 1596 2876 6
1633 2824 1784 2888 Θεὸς,

211 2898 446 2955 ἕκαστον
485 2906 622 2974 πρὸς
659 2909 718 2960 τὸ
749 2909 945 2962 οἰκεῖον
977 2895 1072 2980 τῆς
1104 2911 1250 2982 ζωῆς
1287 2913 1411 2982 ἄγει
1464 2915 1636 2981 τέλος,
1677 2919 1786 2971 εἴτε

209 2991 446 3059 δίκαιον,
480 2995 587 3048 εἴτε
627 2996 830 3054 ἄδικον.
866 3001 974 3054 Καὶ
1008 3004 1164 3056 τοῦτο
1211 3005 1330 3058 ὅλον
1363 3007 1456 3058 καί
1495 3009 1656 3077 μόνον
1693 3008 1786 3062 αὖ·

210 3081 308 3135 τοῦ
335 3083 396 3136 τὸ
425 3090 471 3137 κ’
498 3088 615 3140 ἐστὶ
645 3090 960 3158 κεφάλαιον.
1003 3093 1093 3156 Ὠς
1122 3093 1216 3147 οὖν
1251 3099 1785 3168 προωμολογημένου

1719 1826 1780 1916 ἦρ
1813 1857 1855 1914 o

1882 607 2104 670 tollens,
2141 614 2198 660 ut
2238 608 2423 660 multis
2459 622 2566 676 prae
2607 606 2912 676 ignorantia
2951 607 3229 665 usuvenit,
3267 618 3456 656 verum
3536 658 3542 663 _

1881 707 1939 750 ιιι
1970 698 2082 766 ipse
2113 698 2250 760 vult,
2287 709 2342 752 ut
2385 698 2635 764 ipsemet,
2671 697 2915 766 inquam,
2946 695 3156 749 alilatus
3211 695 3455 755 numine,

1880 791 2068 860 utique
2102 791 2272 844 voluit
2306 791 2534 844 revelari
2565 789 2770 854 liberis,
2806 790 2859 842 in
2913 790 3113 859 quibus
3161 785 3264 841 sibi
3308 800 3456 840 cem-

1834 927 1836 929 .
1879 883 2104 952 placuit,
2137 897 2258 935 cum
2293 881 2428 951 ipsis
2457 891 2846 951 congruentem
2877 896 2942 934 ex
2977 878 3320 948 philosophia
3349 877 3456 946 pri-

1881 989 2028 1026 mum
2095 973 2308 1026 dederit
2367 981 2714 1041 apparatum.
2771 971 3136 1035 Quamobrem
3196 979 3452 1036 tanquam

1881 1073 2146 1121 tractatus
2175 1065 2267 1120 ille
2294 1065 2388 1119 tibi
2436 1067 2501 1118 ad
2545 1065 2726 1120 omnia
2759 1063 3050 1125 sumet-erit,
3081 1060 3218 1117 nihil
3243 1059 3352 1126 iam
3383 1073 3452 1112 ea

1882 1163 1948 1216 de
1983 1176 2040 1214 re
2071 1149 2530 1216 commentamur.
2576 1156 2698 1209 Tibi
2748 1163 2954 1220 autem,
2991 1152 3336 1211 charissime,
3390 1150 3455 1203 de

1879 1253 2004 1305 vitae
2044 1251 2296 1304 humanae
2330 1248 2617 1311 limitibus,
2659 1246 2792 1300 satis
2844 1245 2912 1300 sit
2968 1254 3159 1309 contra
3205 1243 3456 1306 adversa-

1881 1344 1994 1398 rios
2025 1341 2211 1396 Basilii
2261 1341 2375 1395 sola
2413 1339 2711 1395 auctoritas
2739 1354 2752 1390 :
2779 1336 2884 1390 nisi
2924 1336 3098 1405 possis
3122 1329 3458 1402 argumentis

1881 1433 2002 1488 aliis
2039 1436 2276 1496 vincere,
2309 1437 2361 1485 et
2392 1429 2724 1499 quresliones
2769 1425 2981 1480 solvere
3014 1439 3028 1476 :
3071 1437 3192 1475 nam
3233 1422 3284 1474 id
3319 1434 3458 1488 prte-

1883 1531 2030 1576 stare
2059 1521 2160 1574 hac
2190 1521 2244 1575 in
2297 1534 2354 1572 re
2392 1517 2740 1588 prudentium
2775 1523 2859 1568 est
2891 1531 2906 1568 :
2943 1512 3008 1568 ad
3045 1514 3159 1566 hcce
3187 1511 3350 1566 etiam
3385 1510 3454 1560 ab

1887 1612 2292 1669 institutoribus
2322 1610 2580 1664 Ecclesiae
2624 1609 2706 1663 sic
2741 1607 2916 1662 facere
2963 1605 3147 1675 regula
3189 1603 3458 1656 constitu-

1888 1719 2000 1761 tum
2032 1722 2095 1761 ac
2126 1705 2502 1775 prtescriptum
2537 1711 2644 1758 est.
2688 1701 2856 1754 Porro
2888 1701 2954 1754 de
2981 1695 3460 1767 praedestinatione

1885 1801 2113 1856 Suliiciet
2141 1799 2238 1852 tibi
2264 1798 2322 1850 Β.
2351 1797 2502 1849 Pauli
2533 1794 2854 1858 auctoritas,
2884 1807 2950 1848 ne
2979 1791 3152 1847 dicam
3187 1787 3354 1843 totius
3374 1800 3460 1838 sa-

1885 1891 2305 1962 cra:_doetrinae.
2358 1888 2462 1942 Sed
2511 1887 2714 1941 addens
2759 1881 3005 1943 cumulo,
3046 1889 3205 1948 teque
3252 1879 3304 1930 in
3356 1875 3461 1928 hac

1886 1985 2164 2057 agnitione
2223 1981 2468 2036 veritatis
2513 1979 2776 2050 prazclare
2834 1974 3158 2036 stabiliens,
3216 1982 3461 2040 pr0pono

1885 2092 2139 2146 magnum
2196 2073 2516 2138 Maximum,
2567 2081 2824 2138 tanquam
2877 2065 3229 2121 corollarium
3286 2061 3461 2130 sigillo

1886 2178 2198 2222 sanctorum
2242 2174 2296 2220 et
2334 2165 2674 2219 eruditorum
2704 2161 3078 2228 theologorum
3107 2197 3122 2218 ,
3179 2169 3338 2224 quem
3376 2149 3462 2206 hic

1886 2261 2025 2314 idem
2055 2273 2226 2328 prope
2269 2265 2352 2312 est
2392 2266 2552 2323 atque
2595 2267 2786 2307 omnes
2832 2251 3147 2318 adiungere,
3182 2246 3276 2315 qui
3334 2258 3461 2297 eum

1885 2358 2297 2424 prmeesserunt.
2335 2349 2548 2402 Etenim
2576 2347 2758 2415 plures
2788 2345 2879 2398 ille
2905 2340 3194 2396 Centurias
3223 2337 3462 2406 capitum

1887 2443 2173 2514 exposuit,
2201 2456 2320 2511 quae
2352 2439 2607 2494 Gnostica
2631 2446 2684 2492 et
2709 2433 3035 2505 Theologica
3067 2429 3337 2490 inscribit,
3357 2427 3463 2478 alio

1887 2536 2069 2607 capite
2093 2535 2234 2588 aliud
2263 2533 2486 2588 omnino
2513 2537 2896 2599 argumentum
2921 2525 3217 2580 doiiniente
3244 2538 3258 2587 ;
3291 2520 3463 2589 siqui-

1888 2629 2008 2683 dem
2046 2627 2214 2682 veluti
2247 2623 2655 2679 enuntiationes
2700 2636 2762 2674 ac
2793 2619 3055 2674 terminos
3099 2617 3211 2670 haec
3239 2627 3464 2682 compo-

1888 2721 2019 2779 suit,
2049 2729 2105 2772 ut.
2136 2719 2263 2773 olim
2312 2715 2668 2785 Hippocrates
2713 2713 2958 2767 celebres
2993 2707 3372 2780 Apliorismos,
3406 2711 3465 2757 et

1890 2809 2214 2863 Ptolenueus
2247 2809 2474 2876 Carpos.
2511 2803 2675 2875 igitur
2710 2803 3036 2858 vicesimum
3073 2807 3235 2867 caput
3265 2795 3463 2850 Centu-

1891 2903 1981 2956 riaa
2002 2919 2050 2956 tv
2075 2899 2290 2954 Maximi
2317 2899 2396 2954 sic
2420 2897 2741 2954 determinat
2773 2913 2790 2952 :
2821 2893 2942 2960 Quo
2985 2901 3145 2963 pacto
3165 2889 3280 2943 vult
3302 2888 3463 2950 Deus,

1889 2994 1980 3064 qui
2017 2998 2140 3046 ante
2162 3007 2325 3048 omne
2350 3005 2524 3044 sevum
2553 2989 2818 3058 cujusque
2837 2987 3004 3041 vitam
3032 2983 3241 3047 deﬁnit,
3272 2993 3465 3034 unum-

1887 3101 2161 3157 quemque
2191 3086 2260 3140 ad
2306 3083 2586 3154 preprium
2639 3083 2768 3136 vita:
2821 3080 2978 3133 ﬁnem
3029 3071 3185 3132 ducit
3217 3073 3334 3130 sive
3379 3069 3465 3140 ju-

213 3178 351 3230 πᾶσι
379 3178 469 3232 τοῦ
503 3184 592 3233 κατ.
641 3183 741 3252 τὴν
770 3185 918 3254 ζωὴν
964 3187 1193 3241 ἑκάστου
1223 3190 1587 3261 διωρισμένην
1623 3187 1783 3257 εἶναι,

1888 3188 2054 3244 stum,
2095 3178 2206 3231 sive
2234 3175 2520 3246 injustam.
2551 3173 2615 3226 Et
2647 3172 2750 3226 hoc
2779 3171 2955 3225 solum
2981 3182 3076 3238 per
3100 3175 3271 3222 totum
3304 3165 3466 3229 caput

211 3268 356 3320 κατὰ
384 3270 476 3322 τὶν
525 3273 736 3340 χρόνον,
775 3275 869 3328 καὶ
916 3275 976 3328 τὸ
1007 3278 1182 3348 πέρας
1237 3281 1430 3350 αὐτῆς,
1478 3281 1786 3346 ἀκολούθως

214 3362 306 3413 καὶ
347 3361 438 3415 τὸν
489 3365 586 3432 τῆς
625 3365 883 3435 τελευτῆς
933 3371 1154 3439 τρόπον,
1207 3371 1286 3440 τῷ
1332 3371 1462 3441 Θείῳ
1520 3373 1786 3442 Θελήματι

215 3453 588 3521 παραδίδωσιο
618 3457 690 3518 ὡς
731 3456 796 3509 ἂν
847 3460 940 3512 καὶ
975 3462 1000 3512 6
1031 3463 1236 3530 τρόπος
1265 3463 1365 3531 τῆς
1410 3463 1666 3532 τελευτῆς
1710 3463 1786 3532 τῷ

218 3545 405 3616 μέτρῳ
439 3547 537 3616 τῆς
579 3549 724 3617 ζωῆς
761 3554 1286 3622 συμπροωρισμένος
1415 3555 1520 3622 πρὸ
1550 3557 1784 3619 αἰώνων,

214 3637 305 3688 καὶ
333 3637 566 3701 ἕκαστος
591 3639 698 3692 τῶν
728 3642 1034 3712 ἀνθρώπων
1056 3645 1190 3714 πρὸς
1220 3645 1278 3699 τὸ
1303 3647 1400 3714 τῆς
1423 3646 1570 3716 ζωῆς
1600 3647 1787 3716 ἄγοιτο

213 3729 393 3796 τέλος,
434 3731 615 3794 καθὼς
667 3732 734 3786 ἂν
766 3733 844 3804 τῷ
893 3735 1012 3806 Θεῷ
1055 3737 1258 3803 δόξειεν
1302 3740 1502 3791 οἰκεῖον
1551 3737 1686 3792 εῖναι
1720 3743 1784 3812 τῇ

211 3822 450 3877 ἐνταῦθα
481 3825 674 3878 τούτου
702 3827 836 3895 ζωῇ,
869 3830 964 3882 καὶ
990 3832 1054 3900 τῇ
1097 3829 1214 3898 μετ’
1239 3831 1409 3901 αὐτὴν
1438 3832 1786 3905 διαδεξομένῃ

214 3919 574 3977 καταστάσει,
622 3921 717 3972 καὶ
745 3920 804 3973 τὸ
851 3921 1075 3984 δικαίως
1120 3922 1506 3992 ἀποθνήσκειν,
1536 3926 1643 3977 εἴτε
1678 3927 1790 3979 άδί-

216 4026 348 4073 κως,
381 4011 480 4063 καὶ
531 4011 638 4065 εἴτε
687 4014 810 4075 τοὺς
843 4013 1065 4078 δικαίως
1107 4015 1376 4085 βιοῦντας.
1418 4017 1529 4071 εἴτε
1566 4018 1786 4082 ἀδίκως,

216 4099 291 4170 τῷ
336 4101 562 4173 ποικίλῃ
599 4121 655 4154 τε
686 4105 777 4156 καὶ
810 4107 1070 4174 πανσόφῳ
1111 4106 1204 4159 τοῦ
1251 4106 1386 4160 Θεοῦ
1436 4108 1562 4179 περὶ
1597 4107 1790 4161 ἐκατέ-

219 4212 346 4264 ραυς
379 4195 561 4266 κρίσει
599 4193 734 4267 μόνῃ
777 4197 1066 4266 προσήκει.
1111 4200 1294 4252 Ταῦτα
1326 4199 1382 4252 δὲ
1421 4201 1596 4272 Δἡμεῖς
1629 4200 1787 4272 εὐρύ-

217 4261 373 4352 τερον
407 4261 849 4353 διειλομιεΟ-κόὐκ
877 4261 1118 4360 οἴκοθεν,⁵
1139 4289 1276 4342 ἀλλά
1303 4261 1626 4359 ταῖςδίεραίς
1658 4261 1788 4341 ἀκο-

217 4377 536 4441 λουθοῦντες
581 4379 842 4448 Γραφαῐς.
919 4380 979 4433 ’0
1023 4382 1078 4434 δὲ
1139 4383 1479 4454 φερωνύμως
1535 4381 1792 4451 μέγιστος

217 4465 371 4533 οὗτος
409 4471 510 4540 τῆς
547 4471 876 4542 Ἐκκλησίας
929 4474 1247 4541 διδάσκαλος
1301 4477 1361 4529 τὸ
1412 4477 1790 4546 συμπέρασμα

219 4563 548 4632 προστίθησι
604 4565 760 4631 μόνον
787 4579 801 4595 ·
833 4565 1022 4636 ὥσπερ
1065 4569 1369 4636 νομοθετῶν
1400 4569 1560 4640 ἔχεις,
1595 4563 1639 4622 ὧ
1670 4570 1790 4638 φίλ-

220 4671 370 4730 τατε,
423 4659 521 4712 καλ⁸
551 4657 740 4713 τοῦτον
775 4659 932 4731 ἡμῶν
972 4663 1035 4715 ἐκ
1079 4663 1177 4730 τῆς
1220 4665 1448 4732 ἡσυχίας
1492 4663 1582 4716 τὸν
1609 4661 1786 4730 λόγον.

219 4747 436 4803 Μᾶλλον
469 4747 525 4802 δὲ
555 4752 581 4802 6
623 4753 794 4820 μέγας
821 4751 930 4823 ἔχει
961 4753 1263 4821 Βασίλειος,
1297 4755 1392 4809 καὶ
1421 4758 1446 4810 6
1480 4755 1578 4826 τὴν
1609 4745 1790 4825 ψυχὴν

217 4839 433 4913 ἐκείνην
470 4841 732 4912 φωτισπςν
765 4837 807 4913 ᾧ
847 4846 880 4916 ὴ
911 4845 1036 4914 δόξα
1064 4847 1144 4912 εἰς
1175 4848 1300 4912 τοὺς
1327 4848 1547 4911 αἰῶνας·
1591 4848 1784 4918 Ἀμήν·

1021 5097 1060 5125 οι

1888 3293 1958 3332 xx
1991 3282 2269 3329 tractatur.
2298 3272 2502 3340 itaque,
2526 3269 2704 3340 posito
2737 3263 2879 3333 quod
2918 3263 2970 3315 in
2997 3257 3247 3314 confesso
3276 3264 3360 3312 est
3415 3265 3464 3312 et

1892 3373 1957 3426 al)
1980 3369 2235 3426 omnibus
2262 3377 2387 3422 ante
2416 3378 2765 3423 concessum,
2798 3360 2964 3414 vitam
2997 3356 3258 3411 nimirum
3281 3352 3466 3421 cujus-

1889 3478 1994 3532 que
2034 3461 2448 3517 determinatam
2481 3455 2971 3523 praescriptamque
2999 3463 3121 3504 esse
3153 3443 3460 3500 secundum

1867 3564 2103 3623 "tempus
2135 3560 2190 3606 et
2252 3551 2410 3605 linem
2444 3549 2562 3618 ejus
2592 3563 2608 3611 ;
2643 3549 3040 3610 consequenter
3070 3537 3235 3592 etiam
3276 3534 3466 3588 interi-

1890 3657 1978 3700 tus
2012 3644 2226 3699 modum
2269 3642 2467 3697 divina":
2499 3635 2762 3692 voluntati
2806 3633 3005 3696 tradit;
3058 3640 3112 3682 ut
3158 3627 3355 3682 modus
3386 3626 3465 3678 in-

1892 3738 2085 3793 teritus
2134 3735 2294 3790 simul
2341 3747 2462 3788 cum
2503 3731 2625 3784 vitze
2674 3725 2894 3780 modulo
2930 3720 3344 3792 praedestinatus
3395 3717 3466 3770 sit

1890 3841 2017 3885 ante
2063 3828 2282 3891 saecula,
2315 3834 2370 3879 et
2403 3823 2636 3894 quisque
2679 3818 2954 3874 hominum
2997 3814 3061 3867 ad
3107 3812 3230 3865 vitm
3258 3809 3464 3865 exitum

1890 3924 2014 3978 duci
2042 3921 2246 3989 possit;
2268 3913 2728 3988 quemadmodum
2759 3911 2864 3963 [leo
2887 3906 3163 3960 videretur
3186 3901 3463 3970 proprium

1889 4032 2010 4071 esse
2039 4014 2156 4080 ejus
2187 4011 2311 4065 vita:
2355 4024 2473 4079 qua1
2522 4007 2609 4059 hic
2659 4002 2891 4072 degitur,
2927 4007 2979 4052 et
3014 3993 3180 4050 statui
3221 3991 3312 4062 qui
3346 3999 3467 4058 post

1893 4106 2040 4158 illam
2071 4078 2328 4157 succedet
2356 4078 2456 4152 :Vet
2485 4097 2633 4166 jusle
2681 4091 2820 4145 mori
2879 4089 2996 4144 sive
3047 4085 3252 4153 injuste
3283 4097 3297 4132 :
3335 4078 3464 4131 item

1892 4213 1986 4250 seu
2009 4195 2156 4262 juste
2182 4194 2448 4252 viventes,
2479 4201 2574 4240 seu
2601 4184 2806 4252 inique,
2861 4177 3144 4246 multiplici
3174 4184 3226 4228 et
3251 4168 3466 4240 sapien-

1893 4285 2105 4340 tissimo
2142 4281 2230 4334 Dei
2263 4279 2466 4350 judicio
2497 4274 2597 4330 soli
2637 4279 2910 4344 congruit.
2959 4267 3086 4322 Haec
3137 4274 3318 4320 autem
3369 4275 3467 4314 nos

1890 4375 2058 4429 latius
2083 4371 2479 4431 enarravimus,
2510 4379 2615 4420 non
2647 4380 2710 4420 ex
2739 4361 2981 4432 ingenio,
3007 4361 3100 4414 sed
3130 4353 3467 4411 convenien-

1896 4477 1975 4523 ter
2025 4466 2244 4520 Litteris
2279 4463 2468 4517 sacris;
2524 4459 2720 4514 Verum
2756 4456 3026 4512 maximus
3064 4453 3153 4506 hic
3204 4446 3466 4502 Ecclesia:

1893 4537 2082 4616 doctor
2117 4566 2265 4612 tanto
2297 4556 2510 4610 nomine
2558 4551 2776 4620 dignus.
2815 4545 3217 4602 conclusionem
3253 4547 3462 4594 tantum

1890 4653 2154 4722 adjuugit,
2199 4648 2356 4719 quasi
2413 4647 2584 4716 legem
2647 4643 2919 4697 sanciens.
2960 4637 3066 4702 Tu,
3109 4632 3460 4693 eharissime,

1888 4749 2047 4803 etiam
2081 4746 2226 4798 hunc
2251 4759 2280 4797 a
2317 4741 2471 4795 nobis
2498 4756 2560 4793 ex
2589 4740 2698 4792 otio
2733 4745 3040 4790 sermonem
3080 4727 3249 4782 habes
3280 4743 3295 4781 :
3333 4723 3464 4790 quin

1889 4843 2070 4911 potius
2110 4851 2338 4906 magnus
2369 4833 2526 4884 liabet
2561 4827 2811 4891 Basilius,
2836 4831 2888 4877 et
2919 4821 3008 4889 qui
3047 4824 3280 4873 mentem
3319 4816 3462 4870 illam

1889 4928 2203 4993 illustravit,
2235 4926 2322 4982 cui
2353 4923 2523 4994 gloria
2560 4921 2614 4974 in
2651 4931 2810 4973 omne
2841 4927 3037 4969 tetrum.
3113 4913 3307 4964 Amen.

3349 369 3462 460 res

3913 3771 3920 3862 Ι

3905 4245 3920 5018 i
