3932 6458
248 388 357 456 ιιι
1305 385 1406 448 DE
1438 386 1589 450 Ι)Εο
1644 386 1725 449 IN
1760 385 1828 447 TI

1934 385 2040 446 ΠΤ
2049 386 2192 447 ATE
2225 386 2399 450 UNO.
3380 390 3487 456 576

252 509 538 570 στεύοντας
568 504 798 576 πλάνην,
825 503 923 569 οὒς
952 504 1019 560 ἀν
1060 504 1331 560 αἴσθοιντο
1370 507 1504 577 πρὸς
1529 505 1624 561 τὸν
1650 505 1814 560 αὐτὸν

1934 519 1975 558 ιι
2026 503 2167 563 idem
2222 504 2352 562 ferri
2391 506 2786 578 precipitium,
2815 507 2960 580 apud
3003 521 3197 567 omnes
3229 507 3488 580 pietatem

246 602 426 663 αὐτοῖς
475 598 721 670 κρημνὸν
763 597 1053 667 φέρεσθαι,
1106 596 1245 669 πρὸς
1280 598 1526 661 ἅπαντας
1562 598 1807 653 εὐσεϐεῖν

245 690 709 762 προσποιοῦνται,
762 690 858 743 καὶ
911 688 1129 761 γλώττῃ
1181 690 1281 759 μὲν
1312 689 1648 761 ’ὁμολογοῦσι
1694 691 1807 754 τοῖς

244 783 423 846 ἀλλοις
465 785 604 835 πᾶσι
627 780 761 834 Θεδν
791 775 932 834 εῖναι
953 819 970 844 ,
1021 782 1087 852 τῇ
1131 780 1189 835 δὲ
1238 782 1437 854 καρδίᾳ
1477 782 1570 836 τὸν
1599 781 1674 835 ίδν
1706 782 1805 851 τῆς

242 875 558 946 ἀφροσύνης
589 873 980 944 ὲγκρύπτουσι,
1010 874 1091 927 διὸ
1120 874 1215 930 καὶ
1242 874 1493 945 μένουσιν
1523 876 1813 947 ἀνιάτρευ-

241 982 355 1021 τοιο
397 966 508 1020 οὐδ’
540 966 598 1020 ὲν
632 967 697 1036 τῇ
735 964 945 1034 διανοίᾳ
990 964 1083 1017 τὸν
1108 960 1374 1019 τοιοῦτον
1422 966 1521 1037 τῆς
1551 966 1808 1031 ἀσεσείας

241 1057 553 1129 ἀθροίζουσι
587 1055 867 1126 λογισμὸν,
917 1056 1104 1127 πόρρω
1138 1058 1247 1127 γὰρ
1281 1056 1519 1120 διανοίας
1565 1056 1743 1122 οὕτως
1778 1059 1809 1112 ό
1866 1093 1874 1101 ι

242 1152 421 1215 τόκος,
454 1149 568 1203 ἀλλ’
599 1150 659 1201 ὲν
704 1151 769 1219 τῇ
800 1149 993 1221 καρδίᾳ
1030 1151 1129 1217 τὴν
1173 1148 1365 1203 ἀθεταν
1395 1147 1670 1213 ὠδίνουσι,
1715 1151 1808 1221 τῆς

245 1242 384 1313 πρὸς
415 1242 515 1312 τὴν
547 1241 803 1311 αῐσθησιν
836 1242 930 1295 καὶ
959 1240 1057 1311 τὴν
1090 1240 1223 1310 ὓλην
1255 1242 1602 1313 ἀλογωτάτης
1637 1242 1811 1313 ῥοπῆς

242 1334 413 1399 αὐτὴν
443 1331 861 1403 ὲνσπειρούσης.
905 1331 968 1385 Εἰ
993 1332 1101 1401 γὰρ
1125 1332 1339 1403 διανοῖᾳ
1368 1334 1461 1385 καὶ
1487 1332 1629 1401 λόγῳ
1660 1334 1812 1404 χρῆ-

244 1425 371 1477 σθαι
392 1422 676 1493 ἠδύναντο,
708 1421 1026 1493 δυνηθέντες
1053 1422 1119 1477 ἂν
1166 1422 1348 1487 εὐθὺς,
1384 1423 1502 1493 είγε
1554 1425 1649 1479 καὶ
1683 1425 1812 1494 βου-

240 1516 491 1585 λομένοις
519 1509 587 1586 ἦν
615 1514 804 1587 ἁπάσῃ
832 1513 1035 1585 σπουδῇ
1065 1514 1128 1568 τὸ
1156 1513 1293 1569 Θεὸν
1319 1509 1482 1581 εἶναι,
1509 1518 1602 1570 καὶ
1634 1517 1814 1585 φωτὸς

240 1602 306 1678 ἦν
331 1607 403 1660 ἂν
427 1607 609 1671 αὐτοῖς
636 1606 1054 1675 ἐναργέστερον,
1100 1606 1196 1659 καὶ
1239 1606 1341 1660 ὅσα
1388 1606 1488 1677 τῆς
1524 1608 1811 1673 εὐσεϐείας

176 1706 181 1715 ’
241 1697 497 1753 ἐντεῦθεν
528 1697 739 1768 ἀνίσχει
768 1697 1055 1766 δόγματα⁹
1106 1700 1202 1752 καὶ
1228 1695 1264 1751 ἀ
1318 1698 1416 1768 μὲν
1444 1698 1541 1761 τὰς
1579 1699 1688 1755 τῶν
1720 1717 1813 1755 σο·

243 1793 365 1861 φῶν
416 1789 657 1852 διανοίας
705 1788 1122 1858 καταλάμπουσι
1169 1787 1264 1842 τοῦ
1311 1789 1447 1844 Θεοῦ
1489 1788 1652 1859 ἔργα,
1700 1795 1816 1855 τοῖς

244 1884 461 1945 πολλοῖς
512 1879 782 1950 ἀνέφικτα
831 1879 1192 1950 καθορᾶσθαι,
1241 1880 1524 1951 παρεῖσθαι
1566 1881 1681 1950 νῦν,
1724 1884 1817 1951 ἑγ-

138 2010 141 2011 ν
244 1977 476 2046 κείμενα
506 1974 563 2027 δὲ
591 1975 704 2037 τοῖς
729 1972 908 2027 αὐτῶν
934 1972 1181 2042 βιϐλίοις,
1214 1972 1395 2038 ἔξεστι
1430 1974 1509 2045 τῷ
1530 1975 1816 2048 δυναμένῳ

244 2080 302 2116 τε
333 2064 431 2116 καὶ
458 2061 769 2132 βουλομένῳ
797 2060 1004 2131 ζητεῖν,
1035 2059 1094 2126 ἐξ
1121 2055 1197 2116 ὧν
1227 2062 1309 2117 δτι
1338 2080 1396 2117 τε
1424 2064 1636 2135 ἀνάγκη
1668 2067 1820 2122 πᾶσα.

244 2155 338 2209 τὸν
373 2155 506 2208 Θεὸν
536 2148 702 2217 εἶναι,
748 2155 848 2207 καὶ
897 2153 974 2217 ὡς
1022 2152 1289 2207 ἀδύνατον
1327 2154 1395 2209 ἂν
1440 2155 1514 2227 μὴ
1544 2152 1684 2212 εἶναι
1722 2158 1818 2212 καὶ

247 2248 393 2318 πέρα
414 2247 617 2309 παντὸς
639 2247 905 2301 ἀδυνάτου
937 2284 955 2312 ,
988 2246 1286 2301 δείκνυται.
1327 2246 1602 2318 Παρίεμεν
1633 2248 1688 2302 δὲ
1725 2251 1820 2308 καὶ

247 2340 349 2412 τὴν
379 2338 566 2416 κοινὴν
597 2339 857 2397 ἁπάντων
890 2338 1198 2411 ἀνθρώπων
1228 2339 1408 2409 δόξαν,
1439 2339 1585 2411 μέγα
1609 2359 1661 2397 τι
1684 2345 1822 2416 πρὸς

246 2434 349 2501 τὴν
381 2435 644 2504 ἀλήθειαν
670 2433 1002 2504 δυναμένην,
1046 2435 1206 2505 είπερ
1241 2434 1396 2488 οὐδέν
1435 2437 1586 2490 ἐστιν
1627 2436 1824 2506 ἀληθέ-

250 2543 341 2579 στε
351 2543 442 2594 ρον
467 2527 579 2579 τῶν
626 2526 789 2595 φύσει
832 2527 1002 2581 πᾶσιν
1031 2526 1394 2596 ἐγνωσμένων
1422 2527 1605 2598 ἀρχῶν
1624 2544 1639 2560 ο
1679 2528 1822 2598 πλὴν

248 2619 361 2687 γὰρ
394 2617 690 2687 ἐλαχίστων
743 2617 889 2670 πάνυ
937 2617 1048 2670 τῶν
1088 2618 1221 2682 ,λίαν
1268 2618 1710 2687 ἀφρονεστάτων,
1746 2620 1823 2683 ὡς

253 2707 499 2776 εἴρηται,
534 2707 901 2770 Θεδνπάντες
923 2707 1162 2761 ἐτίθεντό
1182 2724 1242 2761 τε
1264 2709 1361 2762 καὶ
1392 2708 1651 2775 τίθενται,
1682 2709 1823 2764 ὥστε

251 2798 351 2852 καὶ
383 2798 444 2850 τὸ
474 2797 527 2850 τί
557 2792 626 2868 ἦν
659 2792 797 2851 εἶναι
835 2798 1070 2860 καὶπῶς
1103 2794 1244 2852 εἶναι
1273 2798 1459 2853 τοῦτον
1495 2798 1825 2869 ἐπιζητῆσαι

252 2889 587 2957 θελήσαντες
613 2888 704 2942 διά
740 2888 842 2957 τὴν
872 2890 931 2941 ἑν
965 2889 1181 2961 τούτοις,
1198 2891 1544 2959 δυσχέρειαν,
1575 2890 1651 2953 ὡς
1677 2891 1820 2956 εἰκός

250 2981 374 3034 ἑστι
398 2981 528 3050 περὶ
554 2978 690 3033 Θεοῦ
722 2981 1137 3049 σκοπουμένοις,
1170 2983 1249 3046 είς
1277 2984 1569 3051 διαφόρους
1592 3000 1829 3053 κατεμε-

253 3070 526 3143 ρίσθησαν
555 3071 833 3142 ἂνθρωποι
880 3071 1041 3135 δόξας
1087 3072 1182 3127 καὶ⁵
1228 3074 1331 3143 τῆς
1363 3074 1638 3144 προτέρας
1675 3074 1825 3143 ὅμως

1921 594 2181 650 simulant
2217 603 2273 652 et
2297 597 2481 668 lingua
2510 597 2731 668 quidem
2764 614 2873 655 una
2900 614 3026 655 cum
3065 600 3280 657 caeteris
3308 599 3489 656 omni-

1921 686 2026 744 bus
2048 687 2216 743 Deum
2241 703 2366 744 esse
2396 688 2749 758 conﬁtentur,
2805 692 2862 746 in
2902 691 3068 748 corde
3100 705 3233 748 vero
3258 691 3492 749 insaniae

1920 793 2189 835 venenum
2224 781 2536 837 abstrusum
2574 783 2848 851 retinent;
2894 791 3058 854 atque
3092 784 3217 841 ideo
3265 791 3491 841 manent
3556 796 3563 863 ξ

1930 871 2286 930 insanabiles.
2332 872 2402 928 At
2433 889 2607 943 neque
2633 884 2815 932 mente
2845 884 3002 933 tenus
3028 877 3161 933 illud
3192 875 3489 947 impietatis

1921 964 2215 1035 cogitatum
2270 966 2373 1021 sibi
2428 967 2741 1031 conferunt,
2802 970 3000 1039 quippe
3055 972 3147 1039 qui
3192 970 3404 1027 alienus
3454 985 3487 1024 a

1931 1064 2115 1113 mente
2152 1056 2318 1114 fretus
2349 1057 2492 1127 iste;
2534 1060 2626 1115 sed
2676 1060 2729 1115 in
2774 1062 2937 1116 corde
2964 1062 3291 1118 atheismum
3322 1076 3491 1131 gene-

1922 1155 2070 1211 rant,
2108 1158 2434 1219 conceptum
2484 1152 2695 1206 scilicet
2736 1168 2799 1206 ex
2853 1154 3233 1209 amentissime
3277 1153 3370 1208 illo
3417 1152 3488 1208 ad

1923 1239 2211 1297 sensibiles
2240 1250 2589 1312 terrenasque
2633 1256 2721 1298 res
2760 1243 2987 1314 impetu.
3021 1242 3159 1299 Nam
3224 1244 3270 1299 si
3305 1252 3491 1300 mente

1923 1330 2136 1401 possint
2176 1346 2241 1388 ac
2280 1334 2494 1389 ratione
2552 1335 2654 1401 nti,
2708 1336 2853 1407 quod
2886 1344 3034 1392 certe
3067 1336 3227 1392 facile
3267 1342 3493 1407 possent

1921 1420 2053 1475 dum
2093 1422 2242 1477 omni
2291 1423 2473 1479 studio
2501 1422 2672 1479 Deum
2700 1440 2820 1481 esse
2849 1425 3039 1489 velint,
3073 1426 3191 1496 ipsa
3218 1426 3342 1496 luce
3367 1425 3486 1479 cla-

1920 1514 2039 1571 rius
2088 1522 2142 1570 et
2187 1515 2373 1572 divina
2407 1516 2609 1573 veritas
2652 1526 2708 1573 et
2739 1495 3106 1587 quotcunque,
3132 1518 3199 1572 ad
3231 1495 3489 1587 pietatem

1933 1608 2063 1664 inde
2105 1608 2375 1679 prodeunt
2403 1609 2653 1679 dogmata
2689 1610 2799 1667 illis
2843 1610 3190 1682 en‘nlgerent.
3224 1610 3396 1664 Porro
3424 1623 3490 1663 ea

1925 1699 2145 1770 quidem
2194 1700 2287 1756 Dei
2319 1714 2485 1770 Opera
2524 1715 2645 1769 quae
2678 1702 2986 1758 doctiorem
3046 1707 3261 1757 mentes
3289 1698 3494 1753 illumi-

1925 1802 2081 1857 nant,
2105 1792 2251 1863 vulgi
2285 1808 2415 1849 vero
2452 1794 2628 1849 oculis
2660 1803 2787 1850 sunt
2821 1793 3131 1860 inaccessa,
3156 1790 3302 1863 quod
3346 1804 3494 1846 nunc

1920 1893 2028 1948 est,
2079 1892 2501 1953 praetereamus;
2569 1884 2773 1941 atenim
2827 1900 2951 1954 quae
3002 1886 3056 1939 in
3110 1897 3298 1939 eorum
3338 1881 3493 1936 libris

1922 1984 2297 2028 memorantur
2318 1975 2495 2030 cuivis
2516 1975 2710 2032 idoneo
2734 1989 2798 2031 ac
2819 1976 3021 2031 volenti
3044 1975 3172 2031 licet
3192 1974 3493 2042 inquirere,

1926 2067 2069 2121 unde
2106 2065 2517 2125 demonstratur
2562 2075 2617 2123 et
2649 2082 2877 2125 necesse
2907 2068 3133 2123 omnino
3158 2080 3282 2122 esse
3323 2065 3496 2120 Deum

1928 2158 2194 2217 exsistere
2210 2170 2264 2217 et
2282 2178 2447 2232 supra
2477 2177 2637 2231 quam
2663 2160 2770 2217 dici
2798 2167 2979 2231 potest
3004 2158 3341 2231 hnpossiblle
3370 2163 3496 2214 c‘um

1930 2265 2041 2306 non
2071 2266 2217 2307 esse.
2271 2250 2377 2307 Sed
2411 2262 2468 2307 et
2518 2252 2663 2308 illam
2745 2254 3102 2319 praetermitto
3148 2262 3497 2306 communem

1925 2341 2178 2397 omnibus
2254 2341 2567 2398 hominibus
2618 2344 3142 2412 sententiam,qure
3207 2356 3319 2396 non
3378 2354 3499 2395 mo-

1928 2432 2108 2489 dicum
2145 2449 2243 2503 pro
2271 2437 2502 2490 veritate
2533 2435 2698 2502 valet;
2723 2435 2993 2505 siquidem
3031 2433 3316 2505 principiis
3338 2440 3505 2488 natu-

1929 2526 2117 2581 raliter
2147 2525 2289 2595 apud
2325 2540 2518 2581 omnes
2550 2526 2795 2595 acceptis
2846 2525 2982 2579 nihil
3020 2524 3321 2595 quidquam
3374 2539 3501 2578 cer-

1928 2616 2057 2671 tius.
2105 2613 2265 2682 Nam,
2314 2623 2374 2670 ut
2405 2614 2670 2682 diximus,
2706 2624 2901 2685 praeter
2934 2630 3097 2684 Quam
3141 2616 3504 2686 paucissimos

1928 2708 2219 2763 admodum
2252 2706 2624 2775 insanientes,
2664 2708 2830 2763 Deum
2862 2724 3053 2767 omnes
3084 2716 3420 2780 agnoverunt
3447 2717 3505 2763 et

1926 2813 2222 2870 agnoscunt
2242 2816 2257 2865 ;
2276 2797 2352 2854 ita
2375 2814 2566 2868 nempe
2587 2808 2643 2854 ut
2665 2814 2783 2854 cum
2804 2802 2921 2869 ejus
2932 2803 3223 2857 essentiam
3238 2812 3290 2855 et
3311 2800 3505 2855 modos

1928 2891 2212 2960 explorare
2234 2892 2580 2957 tentaverint,
2594 2904 2777 2946 rerum
2796 2892 3105 2948 dil'licultate
3123 2892 3315 2963 pressi,
3333 2901 3505 2961 utpar

1925 2989 2012 3037 est
2035 2980 2104 3034 de
2126 2978 2236 3034 Deo
2267 2980 2704 3049 speculantibus,
2738 2981 2794 3036 in
2816 2997 2992 3039 varias
3023 2983 3159 3037 varii
3197 2981 3358 3037 divisi
3377 2989 3505 3037 sunt

1931 3072 2242 3141 opiniones;
2274 3086 2373 3128 nec
2398 3081 2576 3129 tamen
2601 3088 2629 3128 a
2653 3075 2819 3143 priori
2842 3074 3312 3144 communiorique
3337 3087 3500 3128 sensu

253 3162 353 3218 καὶ
408 3163 723 3233 κοινοτέρας
772 3163 873 3218 οὐκ
921 3165 1249 3233 ἀφίστανται
1301 3165 1528 3229 θέσεως.
1575 3165 1825 3237 Θαύματι

1934 3163 2213 3234 hucusque
2248 3163 2529 3220 deﬁciunt.
2561 3165 2726 3235 Atqui
2760 3165 3106 3220 admirationi
3132 3164 3416 3233 indulgent
3446 3171 3503 3218 et

255 3254 360 3325 μὲν
407 3250 502 3309 οὖν
555 3255 911 3325 ἀσμενίζουσι
969 3256 1065 3310 καὶ
1129 3258 1456 3328 κατέχουσι’
1507 3257 1568 3311 τδ
1600 3259 1710 3327 γὰρ
1753 3257 1828 3328 μὴ

253 3348 519 3403 δύνασθαι
568 3348 646 3419 τῷ
692 3348 925 3418 ἑμφύτῳ
974 3349 1118 3420 λόγῳ
1168 3351 1459 3404 κατανοεῖν
1491 3351 1664 3404 ταῦτα
1699 3350 1829 3421 περὶ

256 3438 418 3506 Θεοῦ,
472 3440 609 3511 μηδὲ
667 3441 781 3505 τοῖς
822 3440 985 3509 φύσει
1040 3442 1462 3511 γινωσκομένοις
1513 3443 1607 3497 καὶ
1658 3440 1830 3497 ταῦτα

256 3532 525 3605 σύστοιχα
552 3530 713 3599 εἶναι,
745 3533 841 3589 τοῦ
879 3533 1013 3588 Θεδν
1044 3531 1184 3590 εἶναι
1217 3534 1494 3590 ποιοῦνται
1532 3536 1674 3605 μέγα
1701 3552 1832 3589 τεκ-

258 3630 502 3698 μήριον,
557 3628 713 3699 εῐπερ
759 3631 824 3697 τῇ
876 3627 972 3681 τοῦ
1017 3627 1150 3682 Θεὸν
1199 3624 1340 3682 εἶναι
1388 3626 1571 3698 ὲννοίᾳ
1620 3628 1683 3682 τὸ
1729 3627 1832 3699 τὴν

254 3722 452 3775 οὐσίαν
490 3722 658 3775 αὐτοῦ
707 3720 781 3791 νῷ
823 3738 884 3774 τε
914 3707 1152 3791 ἄληπτον
1183 3718 1322 3776 εἶναι
1362 3720 1457 3775 καὶ
1486 3720 1700 3791 γλώττῃ
1733 3720 1834 3791 ερ-

256 3818 450 3887 ρητον,
480 3815 659 3884 σοφῶς
696 3813 838 3868 πάνυ
869 3814 964 3868 καὶ
989 3814 1204 3877 οἰκείως
1237 3815 1523 3868 ἀκολουθεῖ
1542 3830 1557 3848 ⁸
1587 3814 1708 3868 οὐδὲ
1732 3814 1834 3878 τὰς

257 3907 450 3961 θεόθεν
479 3905 855 3976 ἀποκαλύψεις
900 3907 1000 3975 τῆς
1047 3912 1177 3975 περὶ
1206 3906 1371 3959 αὑτὸν
1402 3906 1660 3975 ἀληθείας
1692 3906 1838 3960 τίθε-

256 4016 360 4068 μεν
400 3997 524 4066 νῦν,
558 4014 697 4069 προς
726 4014 790 4066 γε
820 3998 920 4068 τὴν
961 3998 1153 4068 χρείαν
1184 3998 1279 4051 τοῦ
1319 3998 1429 4052 τῶν
1461 3998 1835 4069 ἀφρονευομέ-

252 4106 360 4145 νων
387 4092 645 4161 ἐλέγχου,
670 4090 791 4143 λίαν
814 4090 1029 4154 οἰκείως
1060 4090 1343 4159 προϊόντος
1370 4088 1464 4144 τοῦ
1489 4090 1671 4159 λόγου,
1698 4090 1836 4159 πρὸς

257 4183 461 4255 ἑτέραν
511 4182 700 4253 χρείαν
748 4180 1216 4251 παραληψόμενοι.
1259 4180 1402 4235 Ἀλλ’
1441 4182 1567 4235 ἐπεὶ
1607 4181 1740 4236 Θεδν
1772 4181 1833 4253 ού
1877 4194 1888 4207 ⁸

260 4274 581 4345 νομίζοντες
616 4269 886 4345 εἶναιτὴν
935 4290 997 4327 τε
1029 4272 1139 4327 τῶν
1188 4273 1360 4326 ὄντων
1408 4271 1694 4343 ἀναιροῦσι
1744 4271 1839 4343 δη-

265 4367 563 4438 μιουργίαν
600 4368 694 4421 καὶ
740 4366 840 4437 τὴν
888 4366 967 4430 είς
998 4365 1176 4425 πάντα
1223 4364 1396 4419 ταῦτα
1444 4363 1834 4435 διατρέχουσαν

258 4459 357 4512 τοῦ
398 4457 753 4531 Δημιουργοῦ
780 4460 1058 4528 πρόνοιαν,
1091 4457 1398 4521 ἀκολούθως
1427 4459 1492 4527 τῇ
1526 4458 1836 4529 ὲνταθείσῃ,

1931 3254 2199 3311 inluerent
2242 3272 2257 3310 :
2322 3270 2444 3312 eum
2494 3257 2640 3314 enim
2688 3258 2803 3313 haec
2855 3258 2924 3313 de
2968 3256 3079 3313 Deo
3132 3256 3356 3325 praefata
3403 3269 3503 3310 nec

1930 3349 2101 3405 indita
2134 3350 2345 3405 ratione
2371 3352 2583 3421 possint
2615 3350 2840 3423 intelligi
2863 3366 3047 3423 neque
3074 3350 3241 3407 rebus
3267 3356 3501 3405 natura-

1934 3441 2055 3496 liter
2088 3443 2234 3498 notis
2264 3443 2739 3515 sintcongenerae,
2794 3443 2921 3499 hinc
2967 3444 3139 3499 Deum
3182 3456 3308 3498 esse
3340 3456 3506 3513 argu-

1932 3541 2176 3588 mentum
2209 3549 2315 3589 non
2344 3534 2460 3590 leve
2492 3536 2592 3590 sibi
2631 3542 2952 3606 comparant
2983 3549 2999 3588 :
3030 3534 3297 3605 siquidem
3330 3533 3506 3603 posito

1934 3626 2087 3695 prius
2140 3625 2288 3681 illum
2324 3627 2609 3689 exsistere.
2662 3637 2772 3683 tum
2808 3628 2929 3698 ejus
2979 3627 3275 3684 essentiam
3328 3640 3509 3696 neque

1935 3714 2212 3771 intellectu
2242 3717 2635 3785 comprehendi
2669 3732 2770 3773 nec
2796 3732 3049 3774 sermone
3080 3716 3350 3773 declarari
3385 3730 3511 3785 pos-

1937 3822 2017 3872 se,
2053 3821 2312 3878 perquam
2350 3810 2601 3880 apposite
2628 3824 2692 3865 ac
2741 3811 2977 3881 genuine
3018 3822 3360 3880 consequens
3400 3816 3508 3862 est.

1935 3899 2123 3971 Neque
2163 3902 2376 3956 divinas
2410 3902 2476 3956 de
2507 3901 2750 3971 ejusdem
2804 3901 2898 3957 Dei
2930 3908 3157 3956 veritate
3207 3898 3503 3953 revelatio-

1937 4008 2035 4049 nes
2061 3994 2116 4048 in
2148 3995 2558 4064 praesentiarum
2600 3994 2866 4048 adducam
2893 4010 2908 4059 ;
2939 4008 3062 4048 cum
3088 3993 3154 4046 ad
3186 4007 3282 4046 eos
3315 3991 3510 4045 conlu-

1938 4085 2153 4152 tandos,
2184 4086 2277 4155 qui
2304 4086 2377 4140 ita
2412 4084 2755 4140 dementiunt
2802 4084 3086 4154 aptissime
3145 4082 3287 4137 ratio
3316 4097 3411 4151 per
3449 4097 3512 4138 se

1937 4175 2209 4248 proficiat,
2236 4187 2489 4233 caeterum
2524 4178 2645 4234 illas
2687 4174 2853 4231 alium
2894 4176 2961 4230 ad
3021 4175 3179 4230 (lnem
3218 4175 3507 4229 allaturus.

1942 4267 2054 4324 Sed
2091 4269 2353 4339 quoniam
2383 4268 2552 4324 semel
2583 4268 2798 4337 ahjecto
2833 4268 2945 4322 Deo
2966 4266 3172 4323 entium
3205 4275 3509 4322 creatorem

1941 4361 2105 4417 simul
2157 4361 2416 4417 auferunt
2453 4370 2509 4417 ct
2546 4361 2824 4418 Creatoris
2862 4376 2961 4432 per
3011 4362 3126 4418 haec
3168 4361 3351 4417 omnia
3382 4377 3511 4432 per-

1944 4459 2217 4507 meantem
2255 4451 2679 4519 Providentiam,
2721 4464 3153 4510 consentaneum
3191 4464 3296 4519 est,
3332 4469 3393 4508 ex
3431 4454 3513 4523 ip-

264 4522 546 4614 αὐτοῖςἐν
572 4522 648 4619 τῷ
665 4522 846 4603 ,παντί
870 4548 1007 4618 τῷδε
1036 4522 1191 4614 τάξει
1215 4548 1310 4602 καὶ
1331 4522 1654 4619 αὐτομάτως
1685 4548 1754 4603 τά
1781 4522 1828 4602 τι

1946 4557 2130 4599 sorum
2157 4543 2224 4600 de
2257 4543 2343 4599 his
2376 4543 2648 4600 universis
2683 4543 2912 4600 inducto
2942 4554 3258 4616 systcmatc,
3290 4552 3349 4598 ut
3378 4559 3510 4600 casu

263 4649 395 4704 δντα
435 4640 578 4698 εἶναι
628 4644 700 4698 τά
747 4659 806 4695 τε
858 4642 1124 4710 γινόμενα
1169 4639 1420 4710 γίνεσθαι
1460 4640 1693 4706 οἴονται,
1745 4642 1843 4695 καὶ

269 4739 417 4802 ἅπας
450 4735 608 4798 ἄλλος
649 4732 821 4802 ἑσμὸς
859 4730 952 4785 τοῦ
982 4730 1212 4801 ψεύδους
1257 4729 1508 4785 ιντεῦθεν
1534 4728 1840 4798 ἀκολουθεῖ,

264 4834 432 4903 ἀρκεῖ
481 4827 619 4898 πρὸς
663 4827 763 4896 τὴν
817 4823 1101 4896 παροῦσαν
1151 4823 1343 4894 χρείαν
1396 4824 1665 4879 πυθέσθαι
1695 4824 1837 4889 τινὸς

265 4923 451 4979 αὐτῶν
476 4921 625 4976 ἀπλᾶ
645 4937 767 4973 τινα
788 4921 882 4973 καί⁸
911 4917 1051 4971 πάνυ
1082 4916 1289 4988 βραχέα
1318 4917 1451 4986 περὶ
1478 4915 1649 4972 αὑτοῦ
1680 4917 1840 4986 μόνου

268 5016 363 5069 καὶ
426 5013 588 5084 μόνον
639 5011 801 5065 αὑτὸν
850 5009 1073 5079 ἔλεγχον
1121 5009 1219 5078 τῆς
1274 5010 1480 5073 οίκείας
1526 5008 1842 5079 ἀφροσύνης

270 5107 687 5179 προστήσασθαι
734 5104 825 5169 ιξι
848 5103 1045 5171 ὀλίγων
1074 5120 1133 5156 τε
1172 5104 1264 5156 καὶ
1296 5102 1697 5175 φανερωτάτων
1733 5101 1842 5155 τῶν

269 5200 405 5271 περὶ
432 5197 600 5254 αὐτὸν
634 5194 1002 5266 φαινομένων.

345 5373 639 5445 Ἄνθρωπε
659 5412 674 5439 ,
705 5374 770 5427 σὺ
800 5373 908 5427 τῶν
935 5373 1109 5428 ἄλλων
1135 5374 1194 5428 ει
1236 5374 1308 5443 γῇ
1343 5371 1683 5444 πραγμάτων
1713 5388 1846 5440 προ-

280 5470 430 5546 ἐχεις
463 5470 529 5538 τῇ
570 5466 732 5535 φύσει
763 5465 1046 5535 προδήλως
1078 5467 1173 5519 καί¹
1204 5466 1302 5535 τῆς
1338 5465 1442 5534 γῆς
1486 5466 1688 5534 αὐτῆς·
1741 5464 1845 5533 γῆς

280 5561 383 5630 μὶν
415 5560 740 5631 ύπέρκεισαι
774 5559 869 5613 καὶ
917 5557 1064 5611 λίθου
1092 5559 1206 5621 τοῖς
1250 5558 1310 5610 ἐν
1357 5556 1444 5610 σοὶ
1487 5558 1621 5611 πᾶσι
1660 5557 1845 5623 καλοῖς

275 5648 379 5718 τῆς
419 5647 655 5717 φύσεως,
691 5646 1038 5718 σωματότητι
1074 5647 1213 5719 μόνῃ
1260 5646 1470 5712 τούτοις
1515 5648 1801 5717 ἑνούμενος
1826 5660 1842 5677 ·

275 5740 374 5791 καὶ
414 5738 481 5791 σὺ
516 5738 624 5809 γάρ
658 5735 821 5807 σῶμα
854 5736 1191 5807 περίκεισαι,
1234 5736 1283 5789 εί
1310 5736 1365 5788 δὲ
1395 5734 1599 5805 βούλει,
1642 5733 1737 5788 καὶ
1766 5732 1845 5803 τῷ

280 5824 425 5884 εἶναι
452 5829 480 5882 δ
513 5829 690 5885 κοινόν
729 5831 845 5885 ἐστι
872 5831 983 5893 τοῖς
1014 5829 1133 5884 aint
1165 5831 1328 5883 πίσιν
1362 5827 1567 5894 ἁπλῶς.
1602 5824 1757 5897 Φυτῷ
1786 5824 1841 5880 δὲ

1944 4650 2066 4692 esse
2112 4651 2236 4706 quae
2284 4645 2418 4692 sunt
2466 4646 2520 4691 et
2565 4636 2681 4692 ﬁeri
2734 4652 2853 4707 quae
2909 4636 3045 4691 ﬁunt
3126 4636 3509 4701 arbitrentur,

1943 4739 2012 4781 ac
2042 4725 2283 4781 indidem
2314 4728 2669 4798 omnigenum
2707 4728 2852 4782 aliud
2890 4726 3096 4782 erroris
3125 4740 3317 4796 agmen
3352 4741 3514 4781 exse-

1944 4817 2151 4885 quitur.
2184 4817 2396 4874 Idcirco
2427 4828 2512 4875 sat
2547 4818 2742 4886 eritiad
2774 4825 3099 4888 praesentem
3129 4832 3355 4887 scopum
3392 4820 3515 4875 cui-

1944 4909 2088 4978 piam
2119 4923 2313 4964 eorum
2373 4909 2734 4965 brevissimas
2761 4906 3034 4977 quasdam
3072 4916 3126 4963 ct
3166 4916 3383 4977 apertas
3432 4910 3513 4964 iu-

1945 5002 2348 5072 terrogationes
2374 5001 2518 5056 circa
2552 5001 2732 5070 ipsum
2759 5000 2932 5055 solum
2959 5014 3267 5071 proponere
3312 5017 3511 5055 unum-

1945 5108 2053 5164 que
2110 5094 2283 5163 ipsum
2362 5092 2468 5148 sibi
2523 5093 2576 5146 in
2632 5093 2884 5148 amentiae
2954 5080 3069 5150 suae
3133 5103 3513 5165 argumentum

1945 5182 2217 5255 proferre,
2246 5181 2461 5237 scilicet
2485 5197 2549 5236 ex
2588 5183 2941 5249 paucissimis
2974 5184 3517 5255 evidentissimisquc

1948 5290 2068 5346 quae
2099 5273 2166 5329 ad
2194 5275 2378 5345 ipsum
2414 5273 2650 5329 attinent
2679 5275 3073 5345 pluenomenis.

2017 5365 2088 5420 Mi
2129 5367 2314 5429 homo,
2358 5374 2416 5421 tu
2459 5367 2749 5423 manifeste
2798 5368 3009 5425 caeteris
3058 5369 3294 5425 terrenis
3350 5366 3517 5425 rebus

1945 5461 2160 5532 ipsique
2235 5468 2391 5517 terra:
2446 5471 2638 5517 natura
2696 5472 2980 5532 praestas:
3053 5473 3255 5517 terram
3325 5476 3518 5530 nempe

1946 5558 2001 5607 et
2028 5550 2256 5622 lapidem
2293 5551 2522 5607 internis
2551 5551 2807 5606 omnibus
2843 5561 3048 5605 natura:
3093 5551 3317 5606 dotibus
3351 5564 3515 5619 supc-

1948 5656 2062 5706 ras,
2101 5656 2329 5712 corpore
2354 5650 2562 5697 tantum
2596 5656 2721 5697 cum
2752 5642 2859 5698 illis
2887 5643 3159 5697 adunatus
3191 5642 3339 5712 (nam
3371 5650 3424 5697 ct
3454 5652 3516 5698 tu

1949 5749 2181 5805 corpore
2205 5733 2690 5806 circumvestiris);
2719 5735 3028 5799 autetiam,
3065 5736 3109 5789 si
3142 5735 3339 5803 placet,
3366 5734 3517 5804 ipso-

1949 5836 2058 5884 met
2087 5840 2208 5884 csse
2237 5826 2383 5899 quod
2419 5826 2688 5884 universis
2725 5828 2948 5885 omnino
2992 5825 3207 5885 cutibus
3231 5828 3513 5887 convenit.
