3932 6458
247 384 357 451 569

1306 380 1406 444 DE
1439 382 1589 446 DEO
1644 382 1725 445 IN
1760 379 2192 443 TRINITATE
2225 382 2400 445 UNO.

3380 386 3486 452 570

251 505 538 565 στεύοντας
568 500 798 572 πλάνην,
826 498 923 564 οὒς
952 499 1020 555 ἂν
1060 499 1331 555 αἴσθοιντο
1370 502 1505 572 πρὸς
1530 501 1624 557 τὸν
1650 500 1814 556 αὐτὸν

1933 513 1975 554 ιι
2025 499 2167 559 idem
2222 482 2352 558 ferri
2391 502 2786 574 pracipitinm.
2815 503 2960 576 apud
3002 518 3197 563 omnes
3229 502 3487 576 pietatem

246 598 426 659 αὐτοῖς
475 593 720 666 κρημνὸν
763 592 1054 663 φέρεσθαι,
1106 592 1245 664 πρὸς
1280 593 1527 656 ἅπαντας
1562 593 1807 648 εὐσεϐεῖν

245 685 709 757 προσποιοῦνται,
761 685 858 738 καὶ¹
911 683 1129 756 γλώττῃ
1182 686 1281 753 μὲν
1310 685 1647 756 όμολογοῦσι
1694 687 1807 750 τοῖς

244 779 423 841 ἄλλοις
465 780 603 831 πᾶσι
627 776 760 829 Θεὸν
790 770 969 839 εἶναι,
1021 778 1087 847 τῇ
1131 776 1189 830 δὲ
1238 777 1437 849 καρδία
1477 777 1570 831 τὸν
1599 776 1674 830 ίὸν
1707 777 1805 846 τῆς

243 870 557 941 ἀφροσύνης
588 868 980 939 ὲγκρύπτουσι,
1010 869 1091 922 διὸ
1120 869 1215 925 καὶ
1242 870 1494 940 μένουσιν
1523 871 1813 943 ἀνιάτρευ·

241 978 355 1016 τον
397 961 506 1015 οὐδ’
539 962 597 1015 έν
631 963 696 1031 τῇ
734 959 945 1030 διανοίᾳ
990 960 1082 1012 τὸν
1108 954 1374 1015 τοιοῦτον
1422 961 1521 1031 τῆς
1550 961 1808 1027 ἀσεϐείας

242 1053 552 1123 ἀθροίζουσι
586 1051 866 1121 λογισμὸν,
917 1052 1103 1123 πόρρω
1138 1054 1248 1122 γὰρ
1281 1051 1518 1116 διανοίας
1565 1050 1743 1117 οὕτως
1778 1054 1809 1107 6
1866 1088 1875 1096 -

242 1147 420 1209 τόκος,
454 1144 567 1199 ἀλλ’
599 1145 659 1197 έν
704 1146 769 1214 τῇ
800 1144 993 1216 καρδίᾳ
1030 1146 1129 1213 τὴν
1173 1144 1365 1199 ἀθεῖαν
1395 1143 1669 1209 ὠδίνουσι,
1715 1146 1808 1217 τῆς

245 1238 384 1308 πρὸς
413 1238 515 1307 τὴν
547 1236 802 1306 αἴσθησιν
836 1238 929 1291 καὶ
958 1235 1057 1306 την
1090 1235 1223 1306 ῦλην
1255 1238 1602 1309 ἀλογωτάτης
1638 1238 1810 1308 ῥοπῆς

242 1330 412 1393 αὐτὴν
444 1327 861 1398 ὲνσπειρούσης.
905 1327 967 1381 Εἰ
993 1327 1102 1397 γὰρ
1125 1327 1339 1399 διανοίᾳ
1368 1329 1461 1380 καὶ
1487 1328 1629 1397 λόγῳ
1660 1329 1811 1399 χρῆ-

245 1420 370 1471 σθαι
393 1416 676 1487 ἠδύναντο,
708 1416 1026 1489 δυνηθέντες
1053 1417 1119 1472 ἂν
1166 1418 1348 1482 εὐθὺς,
1384 1418 1502 1488 εἴγε
1554 1420 1648 1474 καὶ
1682 1420 1812 1490 βου·-

241 1511 491 1579 λομένοις
518 1504 587 1581 ἦν
615 1509 804 1581 ἀπάσῃ
832 1508 1035 1580 σπουδῇ
1065 1509 1127 1563 τὸ
1157 1509 1292 1564 Θεὸν
1319 1504 1481 1576 εἶναι,
1509 1513 1601 1565 καὶ
1634 1512 1813 1581 φωτὸς

240 1597 306 1673 ἦν
334 1602 403 1655 ἂν
427 1601 609 1665 αὐτοῖς
636 1601 1054 1670 ἐναργέστερον,
1099 1601 1195 1655 καὶ
1239 1601 1341 1655 ὅσα
1388 1601 1487 1673 τῆς
1524 1603 1811 1668 εὐσεϐείας

176 1700 181 1711 ‘
241 1692 497 1747 ἐντεῦθεν
528 1692 740 1763 ἀνίσχει
769 1692 1055 1761 δόγματα⁶
1105 1696 1201 1747 καὶ
1228 1691 1264 1747 ἃ
1317 1693 1416 1763 μὲν
1444 1694 1541 1757 τὰς
1579 1694 1687 1750 τῶν
1719 1712 1812 1750 σο-

243 1788 365 1855 φῶν
415 1784 657 1847 διανοίας
704 1784 1121 1853 καταλάμπουσι
1169 1782 1265 1837 τοῦ
1310 1784 1447 1839 Θεοῦ
1489 1784 1651 1855 ἔργα,
1699 1790 1815 1851 τοῖς

244 1878 461 1940 πολλοῖς
512 1874 782 1945 ἀνέφικτα
831 1874 1192 1945 καθορᾶσθαι,
1241 1876 1523 1946 παρείσθω
1565 1876 1680 1945 νῦν,
1724 1879 1816 1947 εγ-

139 2003 143 2008 ι
244 1972 477 2041 κείμενα
506 1969 563 2022 δὲ
591 1970 704 2032 τοῖς
729 1967 908 2022 αὐτῶν
933 1967 1180 2038 βιϐλίοις,
1213 1967 1394 2033 ἔξεστι
1430 1968 1508 2040 τῷ
1530 1970 1816 2043 δυναμένῳ

245 2075 302 2111 τε
332 2058 431 2111 καὶ
458 2056 769 2127 βουλομένῳ
797 2055 1003 2127 ζητεῖν,
1034 2054 1093 2121 ἐξ
1121 2050 1197 2111 ὧν
1226 2056 1308 2111 ὅτι
1338 2075 1395 2112 τε
1423 2059 1635 2131 ἀνάγκη
1668 2062 1819 2117 πᾶσα

244 2150 338 2204 τὸν
372 2150 505 2203 Θεὸν
536 2143 702 2211 εῖναι,
748 2150 847 2202 καὶ
896 2148 973 2211 ὡς
1022 2147 1289 2202 ἀδύνατον
1326 2148 1395 2204 ἂν
1439 2150 1513 2222 μὴ
1543 2148 1683 2206 εἶναι
1722 2153 1817 2207 καὶ

248 2244 393 2313 πέρα
414 2242 617 2304 παντὸς
639 2242 905 2296 ἀδυνάτου
937 2279 954 2306 ,
988 2241 1286 2296 δείκνυται.
1327 2242 1602 2314 Παρίεμεν
1631 2243 1687 2297 δὲ
1723 2246 1821 2302 καὶ

249 2335 349 2407 τὴν
379 2333 566 2411 κοινὴν
597 2334 857 2392 ἁπάντων
889 2333 1198 2406 ἀνθρώπων
1227 2334 1408 2404 δόξαν,
1439 2334 1584 2406 μέγα
1608 2354 1660 2392 τι
1683 2340 1821 2410 πρὸς

247 2429 349 2496 τὴν
381 2430 643 2498 ἀλήθειαν
670 2428 1002 2499 δυναμένην,
1046 2429 1205 2500 είπερ
1240 2428 1395 2484 οὐδέν
1434 2432 1584 2485 ἐστιν
1625 2431 1823 2501 ἀληθέ-

251 2538 341 2573 στε
351 2538 442 2589 ρον
468 2522 579 2575 τῶν
626 2520 788 2590 φύσει
832 2522 1002 2575 πᾶσιν
1030 2521 1393 2591 ἐγνωσμένων
1421 2522 1604 2593 ἀρχῶν
1624 2539 1637 2555 ⁸
1678 2523 1821 2593 πλὴν

249 2614 362 2681 γὰρ
394 2612 690 2682 ἐλαχίστων
742 2611 888 2665 πάνυ
936 2612 1047 2665 τῶν
1086 2613 1221 2677 ,λίαν
1267 2613 1708 2682 ἀφρονεστάτων,
1744 2616 1822 2678 ὡς

255 2702 382 2771 είρη
394 2718 499 2766 ται,
534 2702 900 2765 Θεὸνπάντες
922 2702 1162 2756 ἐτίθεντό
1181 2719 1241 2756 τε
1264 2704 1359 2757 καὶ
1390 2703 1650 2769 τίθενται,
1681 2704 1822 2759 ὥστε

252 2793 352 2846 καὶ
383 2794 444 2845 τὸ
474 2792 527 2845 τί
556 2787 626 2863 ἦν
658 2788 796 2846 εἶναι
834 2792 1070 2855 καὶπῶς
1102 2789 1243 2847 εἶναι
1272 2793 1457 2848 τοῦτον
1494 2794 1824 2864 ἐπιζητῆσαι

254 2884 586 2952 θελήσαντες
612 2882 703 2936 διά
740 2884 842 2952 τὴν
872 2885 931 2936 ἑν
965 2884 1543 2957 τούτοιςοόυσχέρειαν,
1574 2886 1649 2948 ὡς
1676 2886 1820 2951 εἰκός

251 2976 374 3028 ἑστι
398 2976 528 3045 περὶ
553 2973 690 3028 Θεοῦ
721 2975 1136 3045 σκοπουμένοις,
1169 2978 1248 3041 είς
1277 2978 1568 3046 διαφόρους
1591 2994 1828 3048 κατεμε-

254 3064 525 3137 ρίσθησαν
555 3066 832 3137 ἄνθρωποι
879 3066 1041 3130 δόξας
1086 3068 1181 3122 καὶ
1227 3068 1329 3137 τῆς
1362 3069 1637 3139 προτέρας
1674 3070 1823 3138 ὅμως

1920 589 2181 646 simulant
2218 599 2273 647 et
2297 592 2481 664 lingua
2511 594 2730 663 quidem
2765 610 2872 651 una
2900 609 3026 651 cum
3065 596 3281 653 caeteris
3308 595 3489 652 omni-

1920 681 2025 739 bus
2048 682 2216 738 Deum
2241 699 2365 740 esse
2396 684 2749 754 conﬁtentur,
2806 687 2862 742 in
2902 687 3069 744 corde
3100 701 3233 744 vero
3258 687 3491 745 insanis

1919 789 2189 830 venenum
2224 776 2536 833 abstrusum
2574 779 2848 847 retinent;
2893 787 3057 850 atque
3092 781 3217 837 ideo
3265 787 3491 837 manent
3555 792 3563 857 ί

1929 866 2286 925 insanabiles.
2332 868 2403 924 At
2432 884 2607 939 neque
2633 879 2815 928 mente
2844 880 3002 928 tenus
3028 873 3161 929 illud
3192 871 3488 942 impietatis

1921 959 2214 1030 cogitatum
2270 962 2373 1016 sibi
2428 963 2742 1027 conferunt,
2802 966 3000 1035 quippe
3055 968 3147 1035 qni
3192 966 3404 1023 alienus
3454 980 3486 1020 a

1931 1060 2116 1109 mente
2150 1051 2317 1110 fretus
2349 1053 2492 1123 iste;
2533 1056 2626 1111 sed
2675 1056 2729 1111 in
2773 1058 2937 1112 corde
2964 1057 3290 1114 atheismnm
3321 1072 3491 1128 gene-

1923 1151 2070 1206 rant,
2107 1154 2434 1215 conceptum
2483 1147 2695 1203 scilicet
2735 1163 2798 1203 ex
2852 1150 3232 1205 amentissime
3277 1149 3370 1204 illo
3416 1148 3487 1204 ad

1923 1235 2211 1292 sensibiles
2239 1246 2589 1307 terrenasque
2633 1252 2721 1294 res
2759 1239 2987 1310 impetu.
3021 1238 3159 1294 Nam
3224 1240 3269 1295 si
3305 1248 3490 1296 mente

1922 1326 2136 1397 possint
2176 1342 2240 1384 ac
2280 1330 2494 1385 ratione
2552 1330 2654 1396 uti,
2707 1332 2852 1402 quod
2885 1339 3033 1388 certe
3066 1332 3227 1387 facile
3266 1338 3493 1402 possent

1921 1415 2052 1471 dum
2093 1418 2242 1473 omni
2290 1418 2472 1474 studio
2501 1418 2671 1474 Deum
2700 1435 2820 1476 esse
2849 1421 3039 1484 velint,
3073 1421 3190 1491 ipsa
3217 1422 3341 1477 luce
3366 1421 3486 1475 cla-

1920 1510 2039 1566 rius
2087 1517 2141 1566 et
2187 1510 2373 1567 divina
2407 1511 2608 1568 veritas
2651 1521 2707 1567 et
2738 1521 3092 1582 quotcunque
3132 1514 3198 1567 ad
3230 1491 3488 1583 pietatem

1932 1604 2063 1660 inde
2105 1603 2375 1674 prodeunt
2402 1604 2652 1675 dogmata
2688 1605 2799 1662 illis
2842 1605 3189 1677 eﬂ‘ulgerent.
3223 1605 3395 1660 Porro
3424 1618 3490 1659 ea

1924 1695 2144 1765 quidem
2194 1695 2286 1750 Dei
2319 1709 2485 1766 Opera
2523 1710 2645 1765 quae
2677 1696 2986 1753 doctiorem
3045 1703 3261 1753 mentes
3289 1694 3494 1749 illumi-

1924 1798 2080 1852 nant,
2104 1788 2250 1858 vulgi
2284 1802 2413 1844 vero
2451 1789 2627 1844 oculis
2659 1798 2786 1845 sunt
2820 1789 3130 1855 inaccessa,
3156 1786 3301 1858 quod
3345 1800 3494 1841 nunc

1920 1888 2027 1943 εει,
2078 1888 2501 1948 praetereamus;
2568 1880 2772 1937 atenim
2826 1895 2950 1950 qua:
3001 1881 3055 1934 in
3110 1892 3297 1935 eorum
3338 1876 3491 1932 libris

1922 1979 2296 2024 memorantur
2317 1969 2493 2026 cuivis
2515 1970 2709 2027 idoneo
2733 1985 2797 2027 ac
2818 1971 3020 2027 volenti
3043 1970 3171 2026 licet
3192 1970 3492 2038 inquirere,

1925 2062 2068 2117 unde
2105 2060 2516 2120 demonstratur
2561 2071 2616 2118 et
2647 2078 2876 2120 necesse
2906 2063 3132 2119 omnino
3157 2076 3281 2118 esse
3323 2061 3495 2116 Deum

1927 2153 2193 2212 exsistere
2209 2165 2264 2212 et
2281 2173 2446 2227 supra
2477 2173 2636 2227 quam
2662 2156 2770 2213 dici
2798 2163 2979 2227 potest
3003 2154 3340 2226 impossibile
3369 2159 3495 2209 eum

1929 2260 2040 2301 non
2070 2261 2216 2302 esse.
2270 2245 2376 2302 Sed
2411 2257 2467 2303 et
2516 2248 2661 2303 illam
2744 2249 3102 2315 praetermitto
3148 2258 3495 2302 communem

1924 2336 2177 2392 omnibus
2254 2337 2565 2393 hominibus
2616 2339 3142 2408 sententiam,qum
3206 2351 3318 2391 non
3377 2350 3498 2391 mo-

1927 2428 2107 2484 dicum
2144 2444 2241 2498 pro
2270 2433 2501 2485 veritate
2532 2430 2696 2497 valet;
2722 2430 2992 2500 siquidem
3031 2429 3315 2501 principiis
3337 2435 3503 2484 natu-

1928 2522 2116 2577 raliter
2147 2521 2288 2591 apud
2323 2535 2516 2577 omnes
2549 2521 2793 2590 acceptis
2845 2521 2981 2575 nihil
3019 2520 3320 2590 quidquam
3373 2534 3500 2574 cer-

1927 2612 2056 2667 tius.
2104 2608 2264 2678 Nam,
2312 2618 2373 2665 ut
2404 2610 2668 2677 diximus,
2705 2620 2899 2681 praeter
2933 2626 3096 2680 quam
3140 2612 3502 2682 paucissimos

1926 2703 2217 2759 admodum
2249 2702 2623 2770 insanientes,
2662 2703 2828 2759 Deum
2860 2720 3051 2762 omnes
3083 2712 3418 2775 agnoverunt
3445 2713 3504 2759 et

1925 2808 2221 2866 agnoscunt
2240 2811 2255 2860 ;
2275 2793 2351 2849 ita
2374 2809 2565 2864 nempe
2586 2803 2642 2849 ut
2664 2810 2782 2850 cum
2803 2798 2920 2865 ejus
2931 2798 3222 2852 essentiam
3236 2808 3289 2851 et
3310 2796 3503 2850 modos

1927 2886 2210 2956 explorare
2232 2887 2578 2952 tentaverint,
2594 2900 2776 2942 rerum
2794 2887 3103 2943 diﬂicultate
3121 2887 3313 2958 pressi,
3332 2896 3388 2943 ut
3403 2902 3503 2957 par

1924 2984 2011 3032 est
2034 2975 2103 3029 de
2126 2973 2235 3029 Deo
2266 2976 2703 3044 speculantibus,
2736 2976 2792 3032 in
2814 2993 2990 3034 varias
3021 2979 3158 3032 varii
3195 2977 3357 3033 divisi
3375 2985 3504 3032 sunt

1930 3067 2241 3136 opiniones;
2272 3082 2371 3123 nec
2397 3077 2575 3124 tamen
2600 3083 2628 3123 a
2652 3070 2818 3138 priori
2840 3070 3310 3139 commnniorique
3335 3082 3499 3124 sensu

254 3157 354 3212 καὶ
407 3158 722 3228 κοινοτέρας
771 3158 872 3214 οὐκ
920 3160 1248 3228 ἀφίστανται
1300 3160 1527 3224 θέσεως.
1574 3160 1824 3231 Θαύματι

1933 3158 2211 3229 hucusque
2246 3159 2528 3216 deliciunt.
2560 3160 2725 3231 Atqui
2759 3160 3105 3215 admirationi
3131 3159 3414 3229 indulgent
3444 3166 3501 3213 ct

256 3249 360 3320 μὲν
406 3245 501 3305 οὖν
555 3250 910 3320 ἀσμενίζουσι
968 3250 1064 3305 καὶ
1127 3253 1455 3323 κατέχουσιο
1506 3252 1567 3306 τὸ
1600 3254 1709 3323 γὰρ
1751 3252 1828 3323 μὴ

255 3342 518 3398 δύνασθαι
567 3343 645 3413 τῷ
691 3343 924 3413 ὲμφύτῳ
973 3344 1118 3415 λόγῳ
1166 3346 1458 3399 κατανοεῖν
1490 3346 1662 3399 ταῦτα
1698 3345 1828 3415 περὶ

257 3433 417 3501 Θεοῦ,
471 3434 607 3505 μηδὲ
665 3436 780 3499 τοῖς
821 3434 984 3504 φύσει
1039 3437 1461 3506 γινωσκομένοις
1512 3438 1606 3491 καὶ
1656 3435 1829 3491 ταῦτα

258 3527 524 3599 σύστοιχα
551 3524 712 3594 εἶναι,
744 3528 839 3583 τοῦ
878 3528 1011 3582 Θεὸν
1043 3526 1183 3585 εἶναι
1216 3529 1492 3585 ποιοῦνται
1531 3531 1673 3600 μέγα
1700 3546 1830 3584 τεκ-

259 3624 501 3692 μήριον,
556 3622 712 3693 ειπερ
758 3626 823 3692 τῇ
875 3622 971 3676 τοῦ
1016 3622 1148 3677 Θεὸν
1197 3619 1338 3677 εἶναι
1387 3620 1570 3693 ἐννοίᾳ
1619 3623 1682 3678 τὸ
1728 3622 1831 3694 τὴν

256 3716 451 3769 οὐσίαν
489 3716 657 3770 αὐτοῦ
705 3715 780 3786 νῷ
822 3733 883 3769 τε
913 3702 1152 3785 ἄληπτον
1182 3712 1321 3771 εἶναι
1360 3716 1456 3769 καὶ
1484 3715 1699 3786 γλώττῃ
1731 3715 1832 3786 ἄῤ-

259 3812 450 3881 ρητον,
479 3810 658 3879 σοφῶς
695 3808 837 3863 πάνυ
867 3810 963 3863 καὶ
988 3809 1203 3872 οἰκείως
1236 3809 1522 3863 ἀκολουθεῖ
1540 3825 1556 3843 ο
1586 3809 1707 3863 οὐδὲ
1731 3809 1832 3873 τάς

258 3901 449 3956 θεόθεν
479 3900 854 3971 ἀποκαλύψεις
899 3902 999 3970 τῆς
1046 3907 1175 3970 περὶ
1205 3900 1369 3954 αὐτὸν
1400 3901 1658 3969 ἀληθείας
1690 3901 1836 3954 τίθε-

261 4011 362 4062 μεν
404 3991 522 4061 νῦν,
558 4008 695 4064 προς
724 4009 788 4061 γε
819 3992 918 4063 τὴν
959 3993 1152 4063 χρείαν
1183 3992 1277 4045 τοῦ
1318 3993 1427 4047 τῶν
1460 3993 1833 4064 ἀφρονευομέ-

258 4100 365 4140 νων
393 4087 644 4156 ἐλέγχου,
669 4086 789 4138 λίαν
813 4085 1028 4149 οἰκείως
1059 4084 1341 4155 προϊόντος
1368 4082 1462 4138 τοῦ
1488 4085 1670 4153 λόγου,
1697 4085 1834 4154 πρὸς

264 4178 459 4249 ἑτέραν
510 4177 698 4248 χρείαν
747 4175 1214 4247 παραληψόμενοι.
1257 4175 1400 4229 Ἀλλ’
1439 4176 1565 4229 ἐπεὶ
1605 4176 1739 4231 Θεὸν
1771 4176 1831 4249 οὐ
1876 4190 1887 4202 ⁸

265 4269 580 4339 νομίζοντες
615 4264 885 4340 εἶναιτὴν
933 4285 995 4322 τε
1027 4268 1137 4322 τῶν
1185 4268 1358 4321 ὄντων
1406 4266 1692 4337 ἀναιροῦσι
1743 4267 1837 4337 δη-

268 4362 562 4432 μιουργίαν
600 4362 692 4415 καὶ
738 4361 839 4432 τὴν
886 4362 965 4425 είς
997 4360 1174 4420 πάντα
1221 4358 1394 4414 ταῦτα
1442 4358 1832 4429 διατρέχουσαν

260 4454 357 4506 τοῦ
397 4452 751 4525 Δημιουργοῦ
779 4455 1056 4523 πρόνοιαν,
1089 4452 1396 4516 ἀκολούθως
1425 4454 1491 4522 τῇ
1524 4452 1834 4523 ένταθείσῃ,

1930 3248 2197 3305 ἰιιιιςιιτριιῑ
2241 3268 2256 3305 :
2320 3266 2443 3307 cum
2493 3252 2638 3309 enim
2687 3252 2801 3309 haec
2853 3254 2922 3308 de
2966 3252 3077 3309 Deo
3131 3251 3354 3321 praefata
3401 3264 3501 3306 nec

1929 3344 2100 3400 indita
2132 3345 2343 3401 ratione
2370 3347 2581 3416 possint
2613 3346 2838 3418 intelligi
2861 3362 3045 3418 neque
3072 3346 3238 3403 rebus
3266 3351 3499 3400 natura-

1933 3436 2054 3491 liter
2087 3438 2233 3492 notis
2263 3438 2738 3510 sintcongeneraa,
2792 3438 2919 3495 hinc
2966 3439 3137 3494 Deum
3180 3452 3306 3494 esse
3338 3452 3505 3508 argu-

1931 3536 2175 3583 mentum
2208 3519 2313 3584 ndn
2343 3530 2459 3585 leve
2490 3530 2590 3585 sibi
2629 3537 2950 3601 comparant
2982 3544 2998 3583 :
3029 3529 3295 3600 siquidem
3327 3528 3504 3599 posito

1932 3621 2085 3690 prius
2139 3620 2287 3676 illum
2322 3622 2607 3684 exsistere.
2661 3632 2771 3678 tum
2807 3623 2928 3693 ejus
2978 3622 3272 3680 essentiam
3326 3635 3507 3691 neque

1934 3709 2211 3766 intellectu
2241 3712 2634 3780 comprehendi
2667 3727 2768 3768 neo
2795 3728 3047 3770 sermone
3078 3711 3348 3768 declarari
3383 3725 3509 3780 pos-

1936 3817 2016 3867 se,
2052 3816 2310 3873 perquam
2348 3805 2599 3875 apposite
2627 3819 2690 3860 ac
2740 3806 2974 3876 genuine
3016 3818 3358 3874 consequens
3398 3810 3506 3858 est.

1934 3894 2122 3967 Neque
2161 3896 2375 3951 divinas
2408 3897 2475 3950 de
2505 3896 2748 3966 ejusdem
2802 3896 2896 3953 Dei
2928 3902 3155 3951 veritate
3205 3894 3501 3949 revelatio-

1935 4004 2034 4044 nes
2060 3989 2115 4043 in
2146 3990 2556 4059 praesentiarum
2598 3989 2865 4043 adducam
2892 4005 2906 4055 ;
2938 4002 3059 4043 cum
3086 3989 3153 4041 ad
3185 4001 3280 4042 eos
3313 3987 3508 4041 coniu-

1937 4080 2151 4146 tandos,
2182 4081 2275 4150 qui
2302 4081 2375 4134 ita
2410 4079 2753 4135 dementiunt
2801 4079 3085 4149 aptissime
3143 4077 3285 4132 ratio
3314 4092 3410 4145 per
3448 4092 3510 4133 se

1936 4171 2207 4243 proficiat,
2234 4182 2487 4228 cancrum
2523 4173 2643 4228 illas
2686 4170 2852 4226 alium
2892 4170 2959 4225 ad
3019 4170 3177 4225 linem
3216 4170 3505 4224 allaturus.

1941 4261 2053 4320 Sed
2089 4264 2351 4334 quoniam
2381 4263 2551 4319 semel
2582 4263 2797 4333 abjecto
2831 4262 2944 4318 Deo
2964 4262 3171 4319 entium
3204 4271 3508 4317 creatorem

1939 4355 2103 4412 simul
2155 4356 2414 4412 auferunt
2451 4366 2507 4412 et
2545 4356 2823 4412 Creatoris
2861 4372 2960 4427 per
3010 4357 3124 4413 haec
3166 4357 3349 4412 omnia
3381 4372 3509 4427 per-

1943 4454 2215 4502 meantem
2253 4446 2677 4514 Providentiam,
2720 4459 3151 4505 consentaneum
3189 4460 3294 4514 est,
3330 4465 3392 4503 ex
3430 4449 3512 4518 ip-

266 4516 545 4607 a'b-roic'iv
570 4516 647 4614 τά)
664 4516 844 4598 ’παντί
868 4543 1005 4613 τῷδε
1035 4516 1189 4609 τάξει
1213 4543 1308 4597 καὶ
1329 4516 1652 4614 αὐτομάτως
1682 4543 1752 4598 τά

1944 4552 2129 4593 sorum
2155 4537 2222 4594 de
2255 4538 2342 4594 his
2374 4538 2646 4595 universis
2682 4538 2911 4595 inducto
2941 4549 3256 4611 systcmate,
3289 4548 3347 4594 ut
3376 4554 3508 4595 casn

265 4643 395 4698 ϐντα
435 4635 577 4693 εἶναι
626 4638 699 4693 τά
746 4654 805 4689 τε
857 4636 1122 4705 γινόμενα
1166 4634 1418 4705 γίνεσθαι
1464 4635 1690 4700 οἴονται,
1743 4636 1841 4690 καὶ

270 4733 417 4796 ἅπας
450 4729 607 4792 ἄλλος
648 4727 820 4796 ἑσμὸς
857 4725 950 4779 τοῦ
981 4725 1210 4795 ψεύδους
1254 4724 1506 4780 ἐντεῦθεν
1532 4723 1838 4792 ἀκολουθεῖ,

266 4828 431 4897 ἀρκεῖ
481 4821 618 4892 πρὸς
662 4822 761 4890 τὴν
815 4818 1099 4891 παροῦσαν
1149 4818 1341 4889 χρείαν
1394 4818 1663 4873 πυθέσθαι
1693 4818 1835 4884 τινὸς

266 4917 450 4973 αὐτῶν
475 4915 624 4971 ἀπλᾶ
644 4931 766 4967 τινα
786 4915 880 4967 καὶ
909 4911 1048 4965 πάνυ
1080 4910 1287 4983 βραχέα
1317 4912 1449 4981 περὶ
1476 4910 1647 4966 αὐτοῦ
1678 4911 1838 4980 μόνου

269 5010 363 5063 καὶ
424 5007 586 5078 μόνον
637 5006 800 5059 αὐτὸν
848 5004 1071 5074 ἔλεγχον
1119 5004 1217 5073 τῆς
1272 5004 1478 5067 οίκείας
1524 5002 1840 5073 ἀφροσύνης

270 5101 685 5173 προστήσασθαι
732 5098 1043 5165 ὲξ·ὀλίγων
1072 5115 1130 5151 τε
1170 5098 1262 5151 καὶ
1293 5097 1696 5169 φανερωτάτων
1731 5095 1841 5150 τῶν

271 5210 338 5247 πε
346 5195 403 5266 pl.
431 5191 599 5248 αὐτὸν
633 5189 1000 5260 φαινομένων.

345 5367 637 5439 Ἄνθρωπε
657 5406 672 5432 ,
703 5368 768 5422 σὺ
798 5367 906 5421 τῶν
933 5368 1107 5423 ἄλλων
1132 5369 1192 5422 ἐι
1234 5369 1306 5439 γῇ
1340 5366 1681 5439 πραγμάτων
1710 5383 1844 5435 προ·

282 5464 428 5540 ἔχεις
461 5464 527 5532 τῇ
568 5460 730 5529 φύσει
761 5460 1043 5530 προδήλως
1076 5462 1171 5514 καὶ
1201 5461 1299 5530 τῆς
1336 5460 1440 5530 γῆς
1485 5461 1686 5530 αὐτῆς
1738 5459 1843 5528 γῆς

282 5555 382 5624 μὲν
413 5554 737 5625 ύπίρκεισαι
771 5554 867 5607 καὶ
915 5552 1062 5605 λίθου
1090 5555 1203 5616 τοῖς
1247 5553 1307 5605 ἐν
1354 5552 1442 5605 σοὶ
1485 5553 1619 5607 πᾶσι
1657 5552 1843 5618 καλοῖς

277 5642 379 5711 τῆς
417 5641 653 5711 φύσεως,
689 5641 1036 5712 σωματότητι
1072 5642 1211 5714 μόνῃ
1258 5641 1468 5707 τούτοις
1512 5643 1799 5712 ένούμενος
1823 5656 1840 5673 ο

277 5733 374 5784 καὶ
412 5732 478 5786 σὺ
513 5732 622 5802 γὰρ
656 5730 819 5801 σῶμα
851 5730 1189 5801 περίκεισαι,
1232 5731 1281 5784 εί
1308 5731 1363 5784 δὲ
1393 5729 1596 5800 βούλει,
1639 5729 1734 5783 καὶ
1764 5727 1843 5798 τῷ

282 5817 423 5877 εἶναι
449 5823 477 5876 ὃ
510 5823 688 5879 κοινόν
727 5825 842 5879 ἔστι
870 5826 981 5889 τοῖς
1012 5824 1131 5879 οὖσι
1163 5826 1326 5878 πᾶσιν
1360 5822 1565 5888 ἁπλῶς.
1600 5820 1754 5893 Φυτῷ
1784 5820 1838 5876 δὲ

1942 4644 2064 4686 esse
2110 4645 2233 4701 qua!
2282 4640 2417 4686 sunt
2464 4641 2518 4687 et
2562 4632 2680 4688 ﬁeri
2732 4648 2851 4702 quae
2908 4632 3043 4687 ﬁunt
3124 4631 3507 4697 arbitrentur,

1941 4734 2010 4775 ac
2041 4720 2281 4776 indidem
2313 4722 2668 4793 omnigenum
2706 4722 2851 4777 aliud
2888 4722 3095 4777 erroris
3123 4735 3315 4791 agmen
3351 4736 3511 4776 exse-

1942 4812 2149 4880 quitur.
2182 4812 2394 4869 ldcirco
2425 4823 2510 4870 sat
2545 4813 2741 4882 eritiad
2773 4821 3097 4883 praesentem
3127 4827 3353 4882 scopum
3390 4815 3512 4870 cui-

1941 4904 2086 4973 piam
2118 4918 2311 4959 eorum
2371 4903 2733 4960 brevissimas
2759 4901 3033 4972 quasdam
3070 4911 3125 4958 et
3164 4910 3381 4972 apertas
3430 4905 3511 4959 in-

1943 4997 2347 5067 terrogationes
2372 4996 2516 5051 circa
2551 4996 2730 5065 ipsum
2757 4995 2931 5051 solum
2958 5009 3265 5067 proponere
3310 5012 3509 5051 unum-

1943 5102 2051 5158 que
2109 5089 2282 5158 ipsum
2359 5087 2466 5142 sibi
2521 5088 2574 5141 in
2630 5089 2883 5144 amentiae
2953 5076 3068 5146 sua;
3132 5098 3511 5160 argumentum

1944 5177 2216 5249 proferre,
2245 5176 2460 5232 scilicet
2484 5192 2548 5232 ex
2586 5178 2940 5245 paucissimis
2973 5179 3515 5249 evidentissimisque

1946 5284 2066 5341 qua:
2096 5268 2164 5325 ad
2192 5270 2377 5340 ipsum
2412 5268 2649 5324 attinent
2677 5270 3072 5340 pbmnomenis.

2015 5360 2085 5416 Mi
2127 5362 2312 5424 homo,
2357 5369 2414 5416 tu
2458 5362 2747 5419 manifeste
2796 5364 3007 5420 caeteris
3056 5364 3291 5420 terrenis
3348 5361 3515 5421 rebus

1943 5456 2158 5527 ipsique
2233 5463 2389 5512 terra:
2445 5467 2637 5512 natura
2694 5468 2979 5527 praestas:
3051 5468 3252 5513 terrazn
3323 5471 3516 5525 nempe

1944 5554 1999 5602 et
2026 5545 2254 5617 lapidem
2291 5546 2520 5602 internis
2549 5546 2806 5601 omnibus
2841 5556 3047 5600 natura:
3091 5546 3314 5601 dotibus
3349 5560 3513 5614 sape.

1946 5651 2059 5701 ras,
2098 5651 2327 5707 corpore
2352 5646 2561 5693 tantum
2594 5652 2719 5693 cum
2749 5637 2857 5693 illis
2886 5637 3157 5692 adunatus
3189 5637 3336 5707 (nam
3369 5645 3422 5692 et
3453 5648 3515 5694 ιιι

1947 5744 2179 5800 corpore
2203 5729 2654 5801 circumvestiris)
2673 5748 2687 5793 ;
2718 5738 2813 5784 aut
2841 5730 3027 5793 etiam,
3063 5731 3107 5784 si
3140 5731 3337 5799 placet,
3363 5730 3515 5799 ipso-

1946 5831 2056 5879 met
2085 5836 2206 5879 esse
2235 5821 2381 5894 quod
2417 5821 2687 5879 universis
2723 5822 2946 5880 omnino
2990 5820 3205 5880 cntibns
3229 5823 3513 5881 convenit.
