3932 6458
1127 329 1164 350 \

315 345 420 431 sia

1404 371 1506 431 DE
1551 371 1698 432 Ι)Εο
1745 369 1823 430 ΙΝ
1860 369 2294 433 TRINITATE
2331 373 2513 436 UNO.

3483 372 3588 437 574

309 486 449 556 αὐτὴ
478 485 545 542 ἂν
573 486 803 560 ζήτησις
834 490 940 562 εἴη,
976 491 1089 556 τοῖς
1130 489 1391 545 ὑποκάτω
1425 490 1640 554 τούτοις
1686 490 1879 560 ὁμοίως

1996 488 2138 544 istud
2176 498 2230 545 et
2263 490 2577 556 fortuitum,
2611 493 2806 549 deinde
2848 500 2902 548 et
2957 492 3048 548 illa
3098 491 3238 563 ipsa,
3291 489 3479 546 eadem
3537 492 3581 546 si

308 582 472 652 φύσει
512 601 570 637 τε
615 584 709 636 καὶ
738 583 891 650 τάξει
923 585 1059 655 πρὸς
1093 585 1301 656 ἄλληλα
1340 583 1732 655 διαφερόντων.
1767 583 1890 638 Οὐδ’

306 677 492 728 ἐκεῖνα
536 675 648 744 γάρ
680 675 813 746 παρ’
855 676 1066 730 ἑαυτῶν
1112 677 1212 746 τὴν
1241 675 1336 729 τοῦ
1385 678 1562 729 ποιεῖν
1612 673 1756 728 οὕτω
1797 674 1892 728 καὶ

306 768 524 836 τάττειν
557 767 616 818 ὲν
662 768 774 831 τοῖς
819 767 1233 838 ὑποδεεστέροις
1269 765 1454 836 ἔχουσι
1487 766 1740 838 δύναμιν,
1765 765 1892 820 οὔτε

301 857 405 927 τὴν
437 859 576 926 πρὸς
620 859 828 929 ἄλληλα
858 859 1138 932 ὑπεροχήν
1185 879 1244 914 τε
1291 863 1386 916 καὶ
1424 863 1654 933 ὕφεσιν·
1690 859 1892 931 σελήνη

301 954 436 1024 γὰρ,
466 956 626 1028 εἴπερ
662 957 790 1023 ἐξῆν
839 959 998 1030 αὐτῇ,
1037 958 1200 1012 εἵλετ’
1227 957 1294 1012 διν
1326 960 1530 1028 μᾶλλον
1573 957 1724 1028 ἣλιος
1751 951 1892 1010 εἶναι

301 1051 400 1100 καὶ
453 1048 597 1118 άπερ
636 1049 788 1119 ἥλιος
842 1051 900 1103 ἐν
958 1052 1070 1114 τοῖς
1124 1049 1387 1106 ὑποκάτω
1441 1053 1656 1114 τούτοις
1704 1053 1889 1116 ποιεῖ,

298 1139 476 1194 ταῦτα
501 1144 672 1194 ποιεῖν
700 1142 900 1208 μᾶλλον
923 1143 1080 1213 αὐτὴ,
1114 1143 1286 1196 πλείω
1309 1162 1366 1198 τε
1397 1146 1490 1198 καὶ
1521 1143 1716 1215 βελτίω
1739 1145 1888 1212 ὄντα,

298 1226 378 1285 ὧν
415 1232 550 1300 αὐτὴ
578 1236 752 1288 ποιεῖν
777 1233 1036 1288 δύναται·
1075 1237 1168 1289 καὶ
1194 1235 1346 1306 ἣλιος
1371 1237 1510 1308 πρός
1547 1253 1610 1306 γε
1645 1237 1713 1290 τά
1747 1237 1890 1309 ὑπὲρ

295 1324 466 1378 αὐτὸν
503 1323 733 1394 σώματα
765 1325 1007 1391 τοιοῦτος
1051 1326 1118 1382 ἂν
1148 1323 1236 1397 ἦν,
1271 1330 1364 1381 καὶ
1415 1329 1561 1400 μάχη
1597 1347 1681 1394 τις
1713 1330 1778 1383 ἃν
1820 1325 1891 1401 ἦν

295 1417 426 1470 ἀντὶ
454 1417 682 1483 τάξεως.
721 1417 935 1473 Οὐκοῦν
979 1421 1072 1473 καλ.
1117 1422 1227 1483 τοῖς
1263 1421 1621 1492 ὑψηλοτέροις
1655 1423 1891 1486 ἐκείνοις

295 1509 696 1579 ἠναγκασμένη
727 1509 811 1573 τίς
847 1511 996 1564 ἐστιν
1028 1513 1060 1581 ἡ
1106 1511 1331 1578 τοιαύτη
1371 1511 1524 1578 τάξις
1548 1529 1560 1544 ⁸
1595 1509 1718 1567 ὅθεν
1749 1514 1888 1583 αὐτῇ

297 1604 399 1654 καὶ
427 1600 488 1653 τὸ
513 1601 896 1672 ἀμετάϐλητον
931 1603 1213 1672 ,διηνεκῶς
1245 1605 1420 1658 ἔνεστι
1443 1647 1458 1671 ,
1504 1608 1601 1660 καὶ
1653 1606 1890 1675 φυσικῆς

294 1693 469 1763 οὔσης
491 1696 592 1766 τῆς
618 1701 877 1767 τοιαύτης
903 1698 962 1751 ὲν
994 1699 1180 1761 αὐτοῖς
1211 1697 1421 1764 τάξεως
1465 1701 1560 1754 καὶ
1597 1700 1697 1770 τὴν
1725 1699 1888 1766 φύσιν

297 1787 360 1842 ἑν
383 1787 567 1850 αὐτοῖς
593 1789 825 1859 ἐχούσης
856 1790 1054 1860 ἀρχὴν,
1077 1791 1178 1860 τὴν
1207 1790 1380 1862 αὐτὴν
1414 1791 1482 1845 ἂν
1506 1791 1684 1860 ἔχοιεν
1707 1791 1890 1846 αἰτίαν

292 1879 497 1949 δήπου,
521 1881 615 1935 τοῦ
644 1899 702 1934 τε
735 1882 831 1936 ὡδὶ
861 1883 1164 1950 πεφυκέναι
1194 1881 1287 1936 τοῦ
1320 1901 1377 1936 τε
1402 1883 1601 1936 οὑτωσὶ
1628 1882 1885 1952 τετάχθαι

294 1973 396 2026 καὶ
447 1973 626 2028 τοιάδε
674 1974 808 2044 δρᾷν
863 1975 921 2026 ὲν
972 1975 1086 2037 τοῖς
1139 1975 1400 2027 ὑποκάτω
1446 1977 1677 2036 τούτοις.
1723 1973 1888 2028 Ἀλλὰ

292 2067 394 2120 καὶ
415 2065 571 2130 αὖθις
600 2065 948 2134 πυνθάνομαί
976 2083 1070 2119 σου
1093 2081 1108 2098 ο
1146 2067 1430 2135 οἰκοδόμος
1453 2060 1501 2117 εἶ
1529 2065 1593 2118 σύ
1615 2083 1676 2133 γε
1698 2066 1882 2137 τυχὸν,

291 2159 395 2212 καὶ
424 2158 541 2221 πῶς
569 2158 667 2227 οὐχ
699 2158 816 2227 ἅμα
846 2159 943 2211 καλ⁵
975 2160 1261 2226 ναυπηγὸς
1290 2153 1374 2226 είς
1410 2161 1458 2212 εί
1490 2159 1545 2212 δὲ
1579 2159 1672 2211 καλ.
1701 2158 1880 2218 τοῦτο.

292 2249 390 2305 διὰ
431 2251 484 2303 τί
519 2249 594 2321 μὴ
631 2251 726 2303 καὶ
758 2250 950 2320 τρίτην
983 2249 1081 2321 τὴν
1114 2251 1520 2319 σκυτοτομικὴν
1554 2250 1736 2320 ἔχεις;
1790 2251 1884 2303 καὶ

292 2341 375 2404 ὡς
405 2340 473 2396 ἂν
497 2341 735 2408 συνελὼν
763 2342 952 2412 φαίην,
981 2342 1069 2396 διά
1096 2343 1148 2395 τί
1173 2342 1530 2420 μὴ’-καθάπερ
1560 2343 1712 2412 μιᾶς,
1737 2341 1882 2396 οὕτω

291 2436 394 2489 καὶ⁸
421 2437 601 2504 πάσης
624 2436 820 2508 τέχνης
859 2437 1252 2506 «possmus;
1283 2435 1316 2506 ἢ
1353 2435 1535 2506 6illo",
1566 2437 1650 2489 ὅτι
1689 2435 1766 2506 τῷ
1805 2435 1880 2506 μὴ

290 2525 560 2580 δύνασθαι
596 2526 778 2588 πάσας
818 2524 957 2594 ὁμοῦ
996 2527 1262 2594 μετιέναι.
1301 2526 1393 2576 Δεῖ
1430 2524 1541 2593 γὰρ
1583 2523 1722 2593 πρὸς
1751 2521 1882 2575 ἐκά-

294 2634 431 2686 στην
463 2619 657 2686 τέχνην
696 2616 870 2670 πολλὰ
905 2617 1004 2684 μὲν
1042 2615 1258 2685 μαθεῖν,
1290 2616 1462 2669 πλείω
1488 2616 1544 2668 δὲ
1575 2614 1878 2686 ἐνηργηκέ-

293 2727 385 2766 ναι
418 2709 514 2764 καὶ
542 2707 686 2761 οὕτω
713 2709 816 2778 τὴν
841 2709 954 2773 ἕξιν
980 2708 1148 2777 πείρᾳ
1169 2707 1356 2760 λαϐεῖν
1374 2725 1390 2738 ·
1415 2707 1588 2760 ταῦτα
1612 2708 1668 2761 δὲ
1699 2707 1879 2760 πλείο-

289 2818 384 2864 νος
415 2801 482 2855 ἂν
505 2800 678 2854 δέοιτο
722 2801 944 2872 χρόνου,
977 2799 1086 2852 οὐδ’
1117 2799 1182 2852 ἂν
1215 2801 1244 2852 ὁ
1287 2797 1518 2852 ἑκάστου
1565 2799 1680 2868 βίος
1714 2800 1879 2870 ἀρκε-

291 2911 408 2947 σειε
461 2894 601 2960 πρὸς
655 2893 718 2945 τὸ
765 2892 985 2954 πλείους
1033 2887 1179 2944 οὕτω
1213 2892 1522 2960 κτήσασθαι
1557 2892 1738 2961 μόνον,
1785 2889 1880 2945 καὶ

289 2983 424 3056 πρίν
472 2999 593 3035 τινα
630 2983 822 3049 μαθεῖν
855 2981 1074 3044 ἁπάσας
1121 2981 1302 3043 καλῶς
1336 2981 1429 3035 τοῦ
1465 2981 1694 3035 θανάτου
1745 2982 1881 3050 φθά-

289 3093 492 3139 σαντος
521 3077 623 3128 οὐκ
655 3072 724 3128 ἂν
770 3075 1000 3145 οὐδεμιᾷ
1050 3076 1342 3146 χρήσαιτο.
1391 3061 1498 3127 Τοῦ
1529 3075 1586 3128 δὲ
1617 3073 1878 3128 δύνασθαι

1995 582 2308 653 disquisitio
2366 589 2539 650 fleret,
2589 585 2897 658 naturaque
2955 597 3010 642 et
3052 586 3262 651 ordine,
3303 586 3452 639 sicut
3497 597 3586 637 res

1994 676 2286 733 inferiores
2315 677 2638 734 abinvicem
2662 681 2855 736 dissita
2888 682 3218 750 comperias.
3254 677 3440 746 Neque
3478 676 3586 731 illis

1995 770 2139 824 enim
2167 785 2196 824 a
2229 770 2428 840 Seipsis
2461 769 2695 828 facultas
2731 773 2876 827 inest
2913 772 2986 826 ita
3039 771 3332 842 peragendi
3388 771 3575 835 dispm

1994 859 2228 914 nendive
2259 861 2404 916 circa
2436 875 2525 916 res
2558 860 2789 916 inferius
2841 861 3074 932 positas,
3105 875 3205 916 nec
3231 861 3394 914 etiam
3441 861 3585 915 inter

1995 963 2054 1006 se
2095 949 2458 1022 praestandive
2480 958 2576 1004 aut
2593 949 2931 1021 subjacendi.
2950 951 3162 1006 Etenim
3187 951 3337 1014 luna,
3356 951 3401 1004 si
3415 963 3508 1018 per
3525 964 3585 1005 se

1991 1042 2175 1107 liceat,
2208 1042 2290 1097 sol
2325 1057 2446 1098 esse
2479 1041 2660 1112 potius
2690 1041 2917 1097 haberet
2971 1052 3026 1096 et
3082 1044 3272 1097 eadem
3327 1055 3450 1112 qua:
3501 1041 3583 1095 sol

1994 1135 2136 1206 apud
2163 1135 2422 1190 inferiora
2453 1136 2685 1206 ipsamet
2735 1149 2916 1204 agere,
2951 1143 3011 1188 ιιι
3039 1142 3167 1200 pote
3185 1135 3340 1204 plura
3369 1141 3583 1202 etprae-

1993 1227 2258 1282 stantiora
2295 1243 2458 1297 quam
2493 1243 2614 1295 qua:
2643 1227 2758 1297 ipsa
2790 1235 2988 1296 potest.
3017 1227 3091 1280 Ita
3143 1236 3194 1278 et
3237 1225 3320 1280 sol
3385 1225 3580 1280 eodem

1992 1320 2156 1376 modo
2212 1335 2271 1374 se
2323 1321 2546 1375 haberet
2599 1335 2726 1390 erga
2791 1318 3110 1374 sublimiora
3160 1317 3264 1380 sibi
3325 1333 3578 1386 corpora,

1993 1413 2230 1484 indeque
2261 1430 2437 1483 pugna
2461 1414 2707 1484 quaedam
2732 1427 2832 1482 pro
2860 1412 3051 1465 ordine
3081 1409 3344 1480 prodiret.
3369 1409 3578 1476 Quaru-

1991 1509 2176 1563 obrem
2251 1508 2358 1563 illis
2425 1509 2587 1562 etiam
2647 1504 3059 1561 sublimioribus
3133 1504 3298 1558 rebus
3374 1511 3579 1558 statuta

1993 1600 2238 1670 quazdam
2267 1601 2381 1655 haec
2410 1609 2494 1655 est
2519 1599 2813 1660 ordinatio,
2842 1597 2983 1651 unde
3013 1605 3064 1650 et
3096 1596 3211 1665 ipsa
3245 1595 3462 1664 qmdem
3521 1595 3576 1649 in

1993 1703 2318 1764 perpetuum
2356 1701 2524 1748 staret
2581 1689 2872 1752 indefecta,
2927 1697 2980 1744 et
3027 1688 3081 1742 in
3141 1688 3247 1744 illis
3305 1686 3576 1758 ejusmodi

1991 1786 2339 1841 ordinatione
2373 1786 2539 1840 insita
2575 1802 2696 1856 quae
2726 1785 2898 1854 ipsam
2934 1783 3093 1838 habet
3116 1789 3394 1837 auctorem
3417 1789 3577 1834 natu-

1993 1894 2132 1946 ram,
2163 1879 2347 1935 eadem
2387 1879 2643 1933 omnibus
2676 1892 2840 1932 causa
2870 1883 3018 1931 esset
3048 1890 3146 1928 cur
3178 1875 3249 1928 ita
3284 1874 3395 1929 sint
3447 1881 3574 1927 nata

1990 1973 2320 2044 deﬁnitaque
2350 1975 2416 2027 ad
2444 1971 2643 2026 similia
2690 1971 2793 2025 sibi
2853 1968 3120 2038 subjectis
3179 1965 3572 2038 impertienda.

1987 2065 2200 2119 Atcnim
2230 2079 2257 2117 a
2295 2073 2346 2118 te
2377 2079 2592 2119 rursum
2617 2077 2835 2129 nmero:
2869 2063 2947 2116 'l'u
2979 2061 3116 2115 forte
3143 2061 3278 2114 artis
3312 2075 3370 2115 es
3394 2075 3576 2116 came-

1988 2145 2202 2222 rititiaa,
2231 2158 2416 2229 quidni
2447 2172 2570 2211 vero
2595 2156 2758 2211 simul
2791 2162 2843 2210 et
2878 2154 3154 2224 naupegirc
3179 2154 3201 2207 ?
3231 2151 3402 2212 Porro
3417 2133 3466 2207 Ξῖ
3489 2168 3575 2208 res

1988 2255 2062 2308 ita
2099 2269 2158 2310 se
2192 2253 2410 2319 habeat,
2439 2268 2538 2306 cur
2571 2267 2676 2306 non
2709 2259 2760 2305 et
2822 2249 2991 2304 filium
3047 2258 3200 2302 tenes
3253 2245 3574 2303 sutorium?

1986 2345 2227 2418 Denique
2254 2354 2312 2400 ut
2343 2346 2654 2400 summatim
2689 2344 2900 2413 loquar,
2932 2357 3099 2412 quare
3134 2353 3188 2396 ut
3213 2350 3382 2394 artem
3405 2355 3569 2395 unam

1985 2439 2063 2495 sic
2085 2454 2273 2494 omnes
2303 2439 2531 2507 adeptus
2560 2453 2666 2490 non
2701 2436 2801 2490 es?
2830 2435 2902 2488 Ex
2965 2449 3030 2489 eo
3081 2433 3376 2486 manifeste
3423 2431 3568 2502 quod

1986 2531 2324 2601 impossibile
2339 2531 2408 2585 sit
2432 2536 2662 2582 cunctas
2685 2527 2847 2582 simul
2872 2525 3112 2594 assequi.
3137 2525 3270 2579 Nam
3290 2525 3354 2576 ad
3377 2540 3571 2592 quam-

1985 2623 2115 2678 libet
2143 2630 2313 2677 artem
2352 2621 2516 2675 multa
2573 2618 2792 2690 quidem
2854 2618 3190 2682 ediscenda;
3230 2616 3382 2687 plura
3439 2627 3571 2672 sunt

1984 2695 2292 2770 exercenda
2321 2725 2379 2770 ut
2402 2714 2672 2783 quispiam
2707 2727 2808 2766 usu
2841 2711 3049 2780 peritus
3077 2709 3290 2765 evadat.
3323 2709 3404 2763 Ad
3455 2709 3570 2763 ha-c

1986 2815 2166 2862 autem
2199 2806 2371 2860 multo
2397 2813 2641 2874 tempore
2669 2819 2807 2873 opus
2830 2813 2977 2858 esset
3034 2816 3136 2856 nec
3185 2801 3418 2872 singulis
3460 2801 3568 2856 vita
3633 2843 3714 2882 κ

1984 2898 2254 2954 sufficeret
2284 2898 2349 2952 ad
2379 2897 2561 2965 plures
2591 2903 2796 2950 tantum
2828 2895 3212 2964 acquirendas,
3275 2904 3329 2948 et
3380 2894 3568 2963 prius-

1985 3007 2149 3061 quam
2206 2989 2342 3045 scite
2365 3004 2559 3044 omnes
2589 2988 2789 3058 aliquis
2819 2988 3138 3056 attingeret,
3196 2995 3371 3040 morte
3425 3002 3566 3056 pra:-

1985 3088 2286 3148 occupatus
2320 3094 2388 3134 ne
2412 3093 2577 3133 unam
2625 3077 2842 3148 quidem
2894 3083 3194 3130 exerceret.
3246 3074 3354 3129 Sed
3405 3086 3562 3130 esto:

286 3168 528 3240 χρῆσθαι
559 3167 721 3239 χάριν
744 3167 952 3230 ταύτας
981 3168 1216 3220 κτᾶσθαι
1243 3166 1640 3229 σπουδάζουσιν
1661 3167 1872 3238 ἄνθρω-

1981 3171 2233 3226 homines
2264 3167 2385 3226 illas
2415 3177 2472 3225 ut
2502 3184 2760 3224 exercere
2788 3169 3003 3222 valeant
3029 3166 3315 3236 acquirere
3342 3175 3567 3220 conten-

287 3279 420 3314 ποι·
455 3260 593 3314 ἀλλὰ
645 3260 742 3314 καὶ
793 3259 855 3312 τὸ
886 3257 1145 3312 δύνασθαι
1181 3258 1377 3328 τέχνην
1414 3258 1545 3327 μίαν
1573 3259 1606 3327 ἢ
1637 3258 1729 3311 δύο
1765 3276 1873 3327 μα-

287 3354 407 3408 θεῖν
441 3354 604 3406 πόθεν
655 3353 836 3422 ἔχειςς
888 3354 1039 3421 παρά
1092 3350 1326 3417 σαυτοῠ;
1363 3352 1455 3403 καὶ.
1493 3351 1601 3420 μὴν
1632 3351 1792 3420 ἤρκει
1824 3349 1875 3418 γ’

285 3447 359 3502 ἂν
379 3446 440 3500 τὺ
468 3447 695 3518 θελῆσαι
723 3445 860 3516 πρὸς
887 3445 948 3496 τὸ
978 3443 1195 3514 μαθεῖν,
1217 3443 1313 3496 καὶ
1341 3442 1511 3506 οὕτως
1535 3443 1599 3495 ἂν
1628 3445 1682 3495 ἐν
1708 3444 1873 3511 ὀλίγῳ

283 3537 469 3609 χρόνῳ
498 3538 677 3600 πάσας
715 3536 780 3590 ἂν
813 3531 960 3605 εἶχες
996 3534 1232 3588 εἰδέναιο
1262 3535 1400 3588 ἀλλὰ
1438 3536 1538 3603 τῆς
1569 3534 1875 3605 εἰρημένης

283 3632 702 3703 προχωρήσεως
731 3631 826 3701 δέῃ
876 3631 970 3686 καὶ
1000 3629 1197 3699 χρόνου
1229 3629 1368 3700 πρὸς
1417 3629 1660 3697 ἑκάστην
1700 3628 1879 3681 πλείο-

285 3742 404 3789 νος.
437 3722 648 3778 Οὐκοῦν
684 3720 913 3776 ἄλλοθέν
951 3736 1035 3772 σοι
1081 3719 1141 3772 τὸ
1185 3718 1448 3774 δύνασθαι
1487 3718 1681 3786 μαθεῖν
1729 3721 1877 3772 ἐστιν

287 3815 473 3870 ὁτιοῦν
519 3817 585 3884 τῇ
645 3812 809 3881 φύσει
861 3810 1162 3880 σπινθῆρος
1207 3811 1364 3881 δίκην
1399 3811 1752 3879 ἐγκείμενον·
1783 3812 1878 3864 καὶ
1921 3851 1931 3858 ,

287 3910 483 3978 ὥσπερ
510 3907 612 3962 οὐκ
634 3906 827 3975 ἐγένου
856 3902 934 3974 τῷ
963 3903 1191 3975 θελῆσαι
1219 3901 1493 3970 γίνεσθαι,
1519 3902 1582 3954 οὐ
1605 3902 1712 3972 γὰρ
1735 3897 1879 3971 ἦσθα

288 4002 426 4073 πρὶν
473 3999 750 4070 γίνεσθαι,
803 3981 980 4060 οὕτως
1032 3997 1154 4050 οὐδὲ
1209 3994 1303 4048 τὸν
1355 3995 1632 4066 σπινθῆρα
1689 3994 1876 4047 τοῦτον

289 4097 453 4167 ἔσχες
479 4093 558 4164 τῷ
599 4090 953 4165 βουληθῆναι,
1006 4093 1100 4144 καὶ
1145 4088 1205 4141 τὸ
1242 4090 1316 4158 μὴ
1352 4090 1536 4148 πάσας
1581 4088 1696 4140 ἀλλ’
1729 4087 1876 4151 ἐνίας

287 4187 570 4252 δύνασθαι,
602 4188 699 4242 καὶ
745 4184 807 4241 τὸ
838 4186 916 4253 μὴ
948 4185 1084 4252 πρὸς
1117 4184 1300 4244 πάσας
1330 4181 1534 4251 ὁμοίως
1569 4179 1875 4234 ἀδυνατεῖν.

283 4279 434 4335 Οὔτε
467 4279 572 4350 μὴν
605 4278 930 4348 αὐτομάτως
981 4275 1171 4342 ἔσχες·
1202 4267 1349 4341 εἶχες
1393 4273 1504 4342 γάρ
1539 4269 1607 4326 ἂν
1645 4271 1807 4339 μόνος
1842 4271 1873 4340 ἢ

297 4371 416 4440 μετ’
443 4370 641 4440 ὀλίγων
672 4369 856 4431 αὐτὸς,
893 4366 1003 4420 τῶν
1034 4366 1209 4418 ἄλλων
1235 4365 1373 4435 προς
1407 4362 1468 4416 τὸ
1507 4363 1698 4432 μαθεῖν
1728 4365 1870 4447 ἀξιον

297 4463 634 4534 πεφυκότων,
681 4461 872 4533 ὥσπερ
922 4459 1056 4528 πρὸς
1101 4459 1170 4512 τά
1222 4456 1384 4526 φύσει
1427 4456 1689 4526 γινόμενα
1721 4454 1875 4508 οὐδέν

1977 3265 2111 3319 dant
2139 3265 2316 3333 ;atqui
2345 3265 2461 3333 ipsa
2483 3265 2595 3317 haec
2623 3270 2797 3316 artem
2830 3275 2992 3315 unam
3025 3271 3118 3314 aut
3169 3259 3280 3315 duo
3329 3260 3566 3314 callrndi

1977 3356 2208 3412 facultas
2239 3356 2509 3410 undenam
2545 3354 2638 3408 tibi
2670 3354 2694 3406 ?
2720 3353 2856 3407 Num
2880 3368 2908 3406 a
2946 3353 3240 3422 temetipso
3262 3352 3285 3405 ί
3306 3349 3442 3405 Τιιιιι
3467 3353 3563 3422 igi-

1975 3458 2064 3504 tur
2090 3448 2226 3502 velle
2261 3448 2394 3502 salis
2421 3446 2612 3501 fuisset
2642 3445 2922 3502 ediscendi
2959 3445 3152 3516 graiia,
3206 3443 3395 3515 sicque
3445 3461 3566 3499 om-

1976 3556 2076 3596 nes
2109 3539 2258 3594 brevi
2292 3538 2566 3610 potuisses
2587 3536 2826 3592 edoceri.
2855 3535 2958 3592 Sed
2996 3537 3220 3606 prmfato
3261 3551 3394 3590 sane
3441 3553 3564 3606 pro-

1977 3649 2170 3704 gressu
2200 3642 2253 3688 et
2279 3632 2450 3686 multo
2480 3640 2722 3700 tempore
2748 3629 2842 3683 tibi
2877 3631 2942 3683 ad
2973 3629 3220 3699 singulas
3271 3645 3410 3698 Opus
3459 3639 3562 3684 est.

1963 3726 2118 3800 Ergo
2151 3725 2366 3780 aliunde
2399 3725 2567 3778 habes
2595 3734 2650 3777 ut
2675 3723 2889 3778 discere.
2919 3723 3565 3792 valeasquidquidinstar

1979 3819 2229 3874 scintillae
2263 3817 2426 3871 estin
2458 3825 2652 3870 natura
2699 3817 3028 3881 depositum.
3085 3815 3152 3866 At
3209 3816 3564 3884 quemadmo-

1977 3913 2105 3968 dum
2145 3927 2249 3964 non
2276 3927 2340 3964 ex
2370 3925 2434 3964 eo
2462 3907 2637 3962 factus
2659 3923 2719 3961 es
2767 3907 2911 3974 quod
2972 3905 3086 3960 fieri
3144 3906 3383 3960 volueris
3441 3907 3564 3976 (nec

1977 4004 2121 4060 enim
2154 4004 2303 4072 prior
2347 4000 2492 4054 fuisti
2532 4015 2691 4068 quam
2719 3997 2920 4066 fieres),
2958 3999 3030 4050 ita
3059 3998 3562 4072 nequescintillam

1980 4098 2143 4152 istam
2177 4097 2409 4150 haberes
2437 4109 2500 4149 co
2535 4093 2653 4164 ipso
2688 4091 2832 4160 quod
2869 4094 3053 4146 animo
3085 4071 3434 4162 proposueris
3449 4095 3564 4152 sive

1980 4203 2090 4243 non
2125 4187 2303 4242 dicam
2334 4201 2526 4240 omnes
2556 4185 2649 4240 sed
2683 4185 2891 4253 aliquot
2933 4185 3248 4252 percallcre,
3281 4185 3393 4242 sive
3454 4204 3562 4244 non

1977 4295 2098 4336 esse
2131 4280 2372 4333 omnium
2408 4255 2895 4346 simuiexpertem.
2926 4279 3193 4332 Caeterum
3218 4294 3394 4348 neque
3418 4279 3563 4334 istud

1978 4387 2110 4426 casu
2159 4380 2352 4426 nactus
2400 4385 2572 4433 esses,
2621 4371 2849 4425 haberes
2899 4371 3044 4425 enim
3106 4386 3248 4426 unus
3299 4370 3417 4440 ipse
3469 4381 3564 4426 aut

1982 4473 2159 4517 tecum
2193 4462 2373 4531 pauci,
2405 4462 2613 4530 peritiae
2646 4462 2859 4517 caneris
2915 4463 3228 4518 cxsortibus
3260 4479 3275 4529 ;
3303 4464 3565 4532 quemad-

294 4572 404 4608 εστι
456 4556 646 4626 σχεδον
697 4554 768 4612 τά
812 4571 878 4625 γε
909 4552 1236 4622 αὐτομάτως
1284 4549 1554 4620 λεγόμενα
1599 4547 1868 4616 γίνεσθαι.

1981 4557 2195 4610 modum
2232 4570 2351 4623 quae
2380 4553 2603 4609 fortuita
2629 4555 2911 4616 dicuntur,
2940 4569 3036 4623 pro
3082 4554 3407 4607 naturaliter
3427 4569 3562 4608 con-

289 4648 402 4700 ίκῦν
431 4648 488 4701 δὲ
534 4648 733 4712 πάντες
766 4647 1047 4717 ἄνθρωποι
1081 4645 1183 4716 τὴν
1228 4643 1326 4698 τοῦ
1363 4641 1660 4712 μανθάνειν
1687 4640 1870 4710 ἔχουσι

286 4739 552 4809 δύναμιν,
611 4739 881 4810 ἀορίστως
939 4739 1038 4808 μὲν
1083 4737 1183 4807 τὴν
1241 4736 1418 4807 ἀρχὴν
1466 4734 1602 4804 πρὸς
1653 4734 1870 4797 ἁπάσας

288 4827 520 4898 ἔχουσαν
545 4827 741 4898 τέχνας
797 4829 929 4897 πρὶν
979 4826 1252 4896 ἄρξασθαι
1291 4823 1607 4894 μανθάνειν,
1648 4823 1786 4893 μετὰ
1813 4823 1870 4876 δὲ

287 4918 448 4973 τοῦτο
483 4921 620 4988 πρὸς
670 4919 799 4987 μίαν
843 4918 1040 4986 τέχνην
1063 4917 1430 4986 ὁριζομένην,
1476 4915 1542 4986 ἣν
1571 4917 1635 4968 άν
1663 4932 1744 4978 τις
1778 4915 1869 4966 καὶ

292 5011 586 5078 μανθάνειν
636 5009 886 5078 ἄρξαιτο,
917 5011 966 5060 εὶ
999 5007 1044 5060 δ’
1079 5008 1442 5076 εὐφυέστερὸς
1481 5023 1562 5068 τις
1597 5007 1702 5076 είη.
1736 5005 1870 5075 πρὸς

288 5098 383 5152 δύο
429 5101 526 5150 καὶ
578 5101 750 5165 τρεῖς,
805 5097 920 5150 ἀλλ’
954 5095 1101 5148 οὗτοι
1157 5112 1220 5164 γε
1273 5096 1405 5164 πρὸς
1447 5096 1545 5158 τάς
1587 5094 1867 5158 πλείστας,

290 5188 452 5258 σχολῇ
488 5205 551 5256 γε
586 5191 722 5256 πρὸς
750 5189 932 5249 πάσας
960 5187 1096 5258 ὁμοῦ
1122 5203 1134 5216 ⁸
1162 5187 1258 5239 καὶ
1279 5187 1376 5258 τὴν
1399 5186 1658 5254 τοιαύτην
1687 5185 1742 5238 δὲ
1771 5184 1869 5252 τῆς

291 5277 504 5343 φύσεως
538 5277 961 5346 ἐπιτηδειότητα
994 5276 1131 5348 πρὸς
1178 5281 1238 5328 τὸ
1270 5275 1487 5338 πλείους
1527 5277 1719 5346 μαθεῖν
1749 5276 1868 5328 ἑτέ-

295 5372 464 5435 ρωθεν
497 5369 662 5439 ἔχεις,
691 5368 814 5421 ὅθεν
837 5368 902 5438 δὴ
931 5369 1027 5421 καὶ
1054 5367 1116 5419 τὸ
1149 5367 1343 5436 μαθεῖν
1373 5367 1560 5430 ἁπλῶς
1589 5367 1868 5420 δύνασθαι*

259 5459 433 5516 ,ὥστε
469 5463 566 5513 καὶ
602 5463 806 5531 σημεῖα
856 5459 956 5528 τῆς
1004 5459 1266 5528 τοιαύτης
1310 5458 1634 5529 δεινότητος,
1683 5458 1869 5528 ὥσπερ

294 5551 358 5607 αὖ
387 5554 699 5608 τούναντίον
729 5545 822 5606 τοῦ
879 5553 958 5624 μὴ
1009 5552 1312 5622 πεφυκέναι
1356 5551 1494 5620 πρὸς
1535 5551 1773 5615 πλείους,
1813 5555 1871 5605 ἐν

261 5673 265 5676 -
295 5647 360 5716 τῇ
390 5645 486 5700 τοῦ
520 5645 774 5716 σώματος
808 5645 1044 5718 ὁρῶνται
1091 5647 1406 5715 κατασκευῇ
1457 5645 1554 5709 τὴν
1595 5642 1745 5696 ἔνδον
1777 5644 1872 5714 δη-

295 5736 487 5792 λοῦντα
517 5739 796 5810 διάθεσιν,
853 5737 890 5796 ἃ
941 5741 1046 5803 τοῖς
1085 5739 1212 5808 περὶ
1250 5736 1422 5792 ταῦτα
1469 5736 1659 5800 δεινοῖς
1693 5735 1872 5800 καλῶς

300 5827 591 5904 ιξητάσθη.

1974 4647 2308 4716 tingenlibus
2344 4647 2477 4701 nihil
2504 4645 2614 4702 fere
2641 4656 2789 4701 sunt.
2822 4645 2938 4702 Jaiu
2974 4662 3103 4702 vero
3127 4647 3380 4701 erunibus
3421 4647 3562 4702 iucst

1975 4741 2290 4795 hominibus
2319 4741 2597 4795 ediscendi
2620 4737 2872 4802 facultas,
2900 4739 3181 4793 indeiinita
3206 4739 3421 4808 quidem
3460 4741 3563 4795 ini-

1975 4835 2050 4888 tio
2088 4833 2232 4888 circa
2261 4841 2402 4886 artes
2429 4846 2639 4895 omnes,
2669 4831 2986 4899 priusquam
3018 4829 3228 4885 discere
3257 4830 3556 4901 incipiant;

1971 4933 2157 4995 postea
2188 4939 2317 4977 vero
2344 4923 2433 4976 uni
2467 4931 2676 4974 tantum
2710 4920 2925 4975 addicta
2957 4937 3118 4990 quam
3152 4921 3334 4992 quivis
3359 4939 3551 4980 susce-

1971 5017 2111 5085 perit
2130 5015 2550 5084 assequendam.
2565 5013 2719 5078 Quod
2753 5013 2798 5067 si
2825 5015 2947 5082 quis
2962 5015 3188 5083 aptioris
3221 5015 3385 5071 fuerit
3407 5017 3558 5086 iuge-

1973 5107 2072 5170 nii,
2105 5107 2170 5160 ad
2206 5106 2314 5160 duo
2351 5105 2431 5160 vel
2465 5113 2578 5160 tres
2613 5119 2714 5160 nec
2751 5106 2816 5160 ad
2850 5107 3032 5174 plures
3071 5108 3356 5176 pcrtinget,
3385 5109 3556 5162 multo

1975 5200 2156 5252 minus
2180 5199 2244 5251 ad
2279 5199 2581 5251 universas.
2613 5197 2814 5253 Verum
2846 5199 2958 5253 haec
2993 5200 3158 5254 etiam
3190 5200 3456 5255 naturalis
3485 5204 3553 5254 ad

1973 5289 2159 5360 plures
2187 5301 2334 5343 artes
2365 5289 2611 5358 aptitudo
2634 5289 2853 5344 aliunde
2887 5291 2982 5344 tibi
3017 5289 3095 5353 fit.
3127 5291 3269 5345 unde
3289 5292 3548 5346 nimirum

1929 5443 1932 5448 η
1972 5382 2086 5450 ipsa
2117 5380 2360 5435 discendi
2393 5380 2648 5437 facultas.
2674 5381 2821 5435 Adeo
2846 5382 3074 5450 ulsigna
3095 5381 3256 5435 etiam
3279 5383 3551 5451 ejusmodi

1973 5472 2274 5528 habilitatis
2316 5473 2456 5528 sicut
2505 5484 2559 5527 et
2618 5472 2847 5536 inertizc,
2902 5472 2956 5525 in
2997 5473 3244 5540 corporis
3284 5475 3552 5529 constitu-

1974 5567 2120 5620 tione
2149 5574 2447 5638 appareant
2482 5582 2545 5621 ex
2581 5565 2780 5634 quibus
2810 5563 3103 5616 innotescit
3137 5564 3302 5618 animi
3336 5575 3554 5634 captur,

1975 5668 2134 5728 prout
2155 5667 2408 5715 accurate
2439 5658 2504 5714 de
2535 5658 2619 5712 his
2647 5655 2822 5727 perite
2877 5665 3212 5724 compertum
3254 5655 3480 5714 habent.

3891 5413 3906 6064 l
