3932 6458
445 385 549 452 571
1505 391 1884 455 ΟΕΝΝΑΒΙΙ
1925 393 1999 454 CF

2103 391 2583 454 'ATRIARCHE
3565 395 3654 458 572

441 499 575 557 Cum
604 501 784 572 planta
803 510 980 559 autem
1003 504 1178 575 magis
1203 518 1266 560 ac
1293 502 1587 575 perfectius
1609 506 1772 560 vitam
1795 504 1991 574 partici

2128 504 2222 556 καὶ
2255 503 2336 556 ἔτι
2381 501 2622 565 πλείονος
2670 504 2948 565 κοινιιινεῖς
2977 500 3069 554 καὶ
3109 497 3348 567 μείζονος
3392 501 3479 554 τοῦ
3506 505 3660 571 Epdi-

441 605 562 659 pas,
596 605 700 660 qua
729 600 785 648 et
817 594 1000 663 planta
1034 596 1194 650 etiam
1220 610 1252 650 a
1283 605 1423 652 terra
1455 605 1510 653 et
1535 597 1716 668 lapide
1741 611 1804 652 ac
1826 598 1999 667 quovis

2124 615 2244 667 χον,
2279 590 2322 664 ᾧ
2365 601 2459 652 καὶ
2495 595 2556 650 τὸ
2605 597 2768 664 φυτὸν
2817 596 2920 664 γῆς
2952 611 3009 647 τε
3057 593 3152 648 καὶ
3181 593 3322 646 λίθου
3353 595 3444 648 καὶ
3481 601 3662 660 παντδις

447 681 750 738 inanimato
781 683 969 739 distat.
989 684 1112 739 Jam
1133 701 1263 742 vero
1293 701 1416 742 cum
1452 688 1738 759 zoophytis
1767 689 1999 743 ambula-

2121 689 2332 759 ἀψύχου
2389 690 2693 744 διίπταται·
2757 689 2892 755 πρὸς
2952 688 3009 741 δέ
3070 705 3134 756 γε
3191 687 3260 742 τὰ
3324 685 3563 754 ζωόφυτα
3608 692 3660 742 τδ

443 769 644 824 torium
671 779 874 826 motum
911 789 1259 831 communem
1293 779 1460 833 habes
1488 793 1598 848 quo
1640 787 1694 834 et
1729 779 1821 832 illa
1866 779 1999 845 plan-

2123 781 2391 833 κινεῖσθαι
2421 781 2803 848 μεταϐατικῶς
2847 781 3038 834 κοινὸν
3059 781 3224 850 ἔχεις,
3325 782 3541 834 κάκεῖνα
3566 781 3661 834 τῶν

449 870 534 915 tas
573 874 926 931 exsuperant.
975 864 1087 920 lloe
1129 869 1326 923 lterum
1373 870 1466 924 tibi
1511 884 1640 924 cum
1685 870 1999 924 animalibus

2122 869 2410 938 φυομένων
2429 870 2841 924 πλεονεκτοῦσι.
2865 871 2990 930 Τοῖς
3013 871 3069 923 δὲ
3092 869 3249 932 ζώοις
3275 869 3352 923 ἔτι
3381 871 3670 940 περαιτέρω,

443 955 856 1025 congruitquod
895 966 1092 1026 praeter
1122 960 1299 1013 omnia
1351 959 1569 1029 praefata
1625 975 1787 1015 sensu
1825 959 1995 1029 polles

2125 960 2510 1030 συμπέπλεξαι
2538 999 2552 1021 ,
2608 961 2688 1030 τῷ
2720 962 2856 1030 πρὸς
2907 963 3022 1023 τοῖς
3071 961 3379 1030 εἰρημένοις
3415 962 3538 1014 πᾶσι
3579 961 3662 1014 καὶ

444 1045 594 1099 unde
626 1055 678 1100 et
711 1047 968 1101 animalia
998 1052 1212 1105 caneris
1242 1053 1454 1106 cunctis
1490 1051 1858 1118 prmeminent.
1914 1052 1992 1107 Un

2121 1049 2501 1116 αῐσθάνεσθαι,
2532 1045 2576 1118 ᾧ
2611 1052 2704 1104 καὶ
2727 1058 2794 1105 τὰ
2819 1050 2933 1113 ζῶα
2965 1051 3073 1103 τῶν
3101 1050 3277 1105 ἄλλων
3309 1051 3515 1104 πάντων
3543 1069 3660 1121 προ-

444 1136 662 1190 tandem
716 1137 809 1192 tibi
871 1139 1038 1194 indita
1094 1141 1232 1196 ratio
1280 1151 1363 1196 est
1410 1159 1515 1211 qua
1567 1159 1777 1200 summe
1823 1156 1999 1200 canor:

2118 1142 2371 1212 έχουσιν⁶
2411 1143 2495 1197 σοὶ
2523 1143 2578 1196 δὲ
2611 1143 2756 1213 μόνῳ
2801 1143 2860 1196 τὸ
2893 1142 3207 1212 λογίζεσθαι
3242 1143 3400 1213 μόνον
3433 1144 3586 1209 ἔστιν,
3622 1139 3660 1211 ᾧ

445 1224 715 1290 praecellis
771 1228 1044 1283 universa.
1076 1228 1354 1286 Undenaut
1383 1233 1550 1303 igitur
1585 1236 1854 1289 concinna
1903 1237 1999 1289 luet

2119 1237 2227 1288 τῶν
2265 1236 2443 1288 ἄλλων
2469 1239 2688 1289 πάντων
2719 1235 2919 1305 ἐξόχως
2955 1236 3304 1306 ὑπέρκεισαι.
3341 1235 3504 1288 Πόθεν
3527 1232 3656 1305 οὖνὴ

446 1313 588 1370 inter
624 1328 678 1371 te
737 1318 972 1387 primum
1003 1332 1059 1378 et
1102 1323 1336 1394 reliqua,
1382 1324 1576 1380 horum
1611 1327 1736 1380 dein
1771 1327 1910 1380 inter
1956 1342 1999 1381 St

2120 1327 2377 1391 εὔτακτος
2423 1329 2563 1398 αὕτη
2611 1327 2884 1398 διάκρισίς
2917 1329 3032 1381 ἐστί
3072 1346 3153 1381 σοι
3185 1327 3323 1396 πρός
3353 1343 3414 1395 γε
3457 1327 3519 1379 τὰ
3544 1326 3660 1379 ἄλλα

445 1404 679 1490 imicetn
711 1410 1016 1476 distinctio,
1061 1428 1183 1482 quae
1232 1430 1328 1484 per
1360 1431 1574 1471 onmem
1623 1419 1891 1487 cujusque
1927 1434 1999 1487 ge-

2119 1419 2398 1482 κάκείνοις
2448 1419 2583 1489 πρὸς
2636 1419 2808 1471 ἑαυτὰ
2842 1421 3023 1472 πᾶσαν
3055 1417 3410 1487 διατρέχουσα
3451 1416 3552 1470 τῶν
3582 1417 3659 1484 ὑφ’

446 1497 592 1551 ueris
619 1508 924 1556 atomorum
958 1503 1274 1560 inﬁnitatem
1318 1508 1600 1577 pervadit?
1645 1509 1902 1580 Nunqttid
1948 1511 1999 1565 al

2119 1512 2338 1583 ἑκάστῳ
2388 1513 2534 1580 γένει
2575 1512 2676 1580 τὴν
2701 1512 2988 1581 ίάπειρίαν
3036 1512 3287 1579 ἀτόμωνς
3329 1509 3546 1578 πότερον
3579 1509 3656 1578 ἀρ’

446 1589 614 1659 ipsis?
672 1593 742 1646 At
788 1595 832 1648 si
885 1596 1022 1665 lapis
1063 1599 1280 1667 quidem
1333 1602 1600 1669 potuisset
1639 1618 1760 1658 esse
1809 1605 1999 1674 planta

2118 1604 2332 1671 αὑτῶν;
2387 1605 2481 1658 καὶ
2532 1605 2694 1674 εἴπερ
2738 1605 2766 1657 ό
2821 1603 2966 1663 λίθος
3023 1603 3256 1673 ἠδύνατο
3310 1602 3469 1670 φυτὸν
3512 1597 3654 1664 εἶναι,

447 1679 868 1739 humilioremne
921 1689 1149 1766 gradum
1183 1693 1434 1747 teneret?
1482 1693 1633 1747 llaud
1667 1704 1813 1751 certe
1842 1697 1999 1766 magis

2119 1699 2289 1752 εἵλετο
2318 1697 2384 1751 ἂν
2415 1697 2504 1749 τὸν
2529 1697 2698 1766 χείρω
2730 1694 2970 1765 βαθμόνς
3002 1694 3075 1746 Οὖ
3103 1693 3327 1762 μᾶλλον,
3359 1694 3389 1760 ἢ
3417 1693 3479 1745 σὺ
3506 1691 3657 1762 θυρω-

447 1785 610 1842 quam
662 1783 717 1828 tu
768 1777 930 1846 regite
964 1780 1124 1834 malis
1171 1796 1294 1837 esse
1337 1783 1548 1853 ianitor
1573 1800 1758 1853 quam,
1791 1789 1999 1857 optiom

2121 1791 2213 1860 ρδς
2244 1791 2310 1844 ἂν
2344 1791 2490 1843 εἵλου
2520 1789 2628 1842 τῶν
2659 1787 2946 1858 βασιλείων
2975 1783 3113 1840 εἶναι
3147 1788 3268 1839 ἀντὶ
3304 1783 3394 1839 τοῦ
3420 1785 3493 1855 τῷ
3527 1785 3654 1855 βασι-

446 1861 542 1915 tibi
571 1863 718 1928 data,
739 1865 804 1919 ad
832 1868 1011 1923 cubile
1039 1871 1246 1940 regium
1274 1875 1552 1930 assistere.
1589 1875 1727 1931 Num
1753 1889 1804 1933 et
1828 1880 1999 1949 planta

2116 1882 2251 1951 λικῷ
2283 1881 2505 1934 κοιτῶνι
2553 1880 2950 1950 παρίστασθαι,
3002 1880 3094 1932 ἐπὶ
3140 1881 3224 1933 σοὶ
3277 1877 3528 1947 κειμένης
3573 1877 3660 1942 τῆς

447 1964 640 2023 sponte
666 1955 862 2013 fuisset
911 1961 1130 2016 animali
1168 1964 1560 2022 inferior?Ant
1597 1983 1772 2039 equus
1810 1988 1999 2026 nonne

2119 1973 2370 2040 ἐκλογῆς.
2427 1973 2536 2024 Καὶ
2584 1971 2747 2039 φυτὸν
2795 1968 2865 2041 ἦν
2899 1971 2964 2025 ἃν
2999 1971 3124 2024 έκδν
3162 1973 3346 2040 χεῖρον
3381 1969 3468 2022 τοῦ
3499 1968 3654 2032 ζώους

445 2046 492 2100 si
545 2061 710 2114 penes
753 2050 930 2119 ipsum
977 2053 1175 2122 fuerit,
1241 2057 1530 2114 humanam
1611 2062 1714 2118 sibi
1766 2075 1999 2118 naturan

2119 2067 2212 2121 καὶ
2253 2067 2418 2128 ἵππος
2443 2065 2739 2131 δυνάμενος
2781 2063 2847 2117 ἂν
2880 2061 3170 2133 ἀνθρώπου
3206 2062 3372 2130 φύσιν
3415 2062 3549 2130 ἔχειν
3573 2060 3658 2112 οὐκ

445 2138 805 2198 vindicasset?
837 2144 905 2197 At
935 2148 1276 2217 neutiquam,
1309 2152 1504 2222 inquit,
1537 2171 1563 2207 ιι
1591 2158 1898 2226 semetipsis
1928 2159 1999 2213 ill:

2116 2158 2182 2212 ἂν
2205 2158 2503 2227 woelfﬂin;
2556 2156 2674 2225 Ἀφ’
2703 2155 2882 2208 αὐτῶν
2912 2154 3009 2224 μὲν
3039 2154 3130 2207 οὖν
3160 2153 3397 2224 οὐδαμῆ,
3429 2151 3537 2205 ἀλλ’
3573 2152 3658 2204 αὖ·-

445 2227 746 2298 distinctio,
792 2235 885 2288 sed
931 2235 1159 2293 fortuito
1207 2250 1261 2294 et
1311 2257 1442 2297 casu
1483 2245 1620 2300 facta
1671 2257 1776 2301 est.
1816 2246 1999 2301 γει-ηπ

2115 2251 2366 2319 τομάτως
2398 2248 2493 2301 καὶ
2542 2248 2778 2318 τυχαέως
2813 2246 2910 2300 ὡδὶ
2943 2246 3318 2316 διακέκριται.
3363 2244 3498 2297 Ἀλλ’
3533 2247 3578 2297 εί
3615 2260 3656 2295 τι

442 2321 588 2375 enim
627 2321 672 2376 si
703 2323 836 2390 quid
871 2326 1140 2394 ejusmodi
1169 2344 1294 2385 raro
1323 2332 1374 2386 in
1407 2335 1472 2389 iis
1500 2336 1783 2406 adsit-quae
1809 2347 1999 2391 statntt

2116 2341 2324 2394 τοιοῦτο
2357 2343 2413 2394 ὲν
2441 2342 2554 2403 τοῖς
2592 2337 2901 2408 γινομένοις
2935 2339 3179 2401 σπανίως
3206 2337 3328 2390 ἐστὶ
3355 2339 3462 2399 τοῖς
3488 2351 3656 2400 τεταγ-

443 2422 498 2467 et
526 2412 750 2469 denito
776 2416 909 2470 ﬁunt
940 2422 1157 2486 ordine,
1194 2422 1272 2484 id.
1302 2432 1362 2477 ut
1389 2437 1584 2481 natura
1617 2428 1731 2480 vult
1772 2438 1825 2482 et
1853 2430 1992 2482 ratio

2121 2429 2304 2499 μένοις
2330 2446 2388 2482 τε
2421 2429 2515 2480 καὶ
2541 2427 2891 2498 ὡρισμένοις,
2919 2428 3016 2480 καὶ
3048 2426 3189 2480 κατὰ
3225 2410 3500 2493 φύσινῖιαὶ
3521 2423 3656 2489 λόγον

443 2503 532 2559 his
561 2515 835 2576 quatenus
883 2524 1011 2568 sunt
1055 2531 1120 2569 ex
1155 2516 1423 2572 diametro
1461 2528 1563 2574 est.
1612 2521 1768 2576 Unde
1817 2522 1863 2576 si
1903 2523 1999 2576 hmt

2115 2515 2268 2571 οὖσιν
2326 2517 2704 2588 ἅντιδιῄρηται
2730 2556 2745 2580 ,
2801 2516 2925 2570 ὅθεν
2971 2517 3020 2568 εἰ
3058 2515 3132 2586 μὴ
3164 2515 3320 2568 ταῦτ’
3354 2510 3440 2586 ἦν,
3472 2513 3568 2566 οὐδ’
3597 2512 3656 2564 ἂν

443 2611 551 2652 non
581 2600 927 2670 exsisterent,
975 2621 1152 2676 neque
1198 2608 1327 2664 illud
1377 2625 1612 2680 unquam
1657 2614 1833 2676 ﬂeret,
1872 2614 1999 2668 sicut

2116 2609 2302 2663 ἐκεῖνό
2317 2625 2447 2662 ποτε
2483 2608 2726 2676 γίνεσθαι
2761 2607 2952 2677 ὥσπερ
2975 2607 3128 2668 νόσος
3161 2605 3556 2676 ἐπισυμδαίνει,
3581 2603 3656 2655 διὰ

443 2691 670 2749 morbus
718 2709 826 2749 non
868 2700 1180 2766 supervenit
1229 2700 1334 2756 nisi
1386 2705 1713 2772 praecedenti
1764 2705 1999 2760 sanitati,

2114 2701 2175 2754 τὸ
2205 2701 2385 2772 πολλῷ
2415 2701 2683 2772 πρότερον
2729 2701 2922 2767 ὑγείαν
2954 2694 3097 2754 εἶναι
3120 2714 3137 2731 '
3187 2699 3368 2752 καίτοι
3409 2695 3654 2751 καὶτοῦτο

443 2782 550 2839 Sed
584 2795 706 2841 esto
743 2802 890 2844 nunc
923 2804 1087 2844 causa
1120 2793 1232 2846 haec
1261 2794 1331 2847 sit
1357 2810 1456 2847 cur
1493 2795 1565 2848 ita
1597 2811 1682 2850 res
1714 2795 1852 2851 forte
1881 2813 1999 2852 con«

2117 2793 2359 2862 προσεχῆ
2410 2793 2510 2862 μὲν
2561 2793 2743 2845 αἰτίαν
2789 2791 2886 2845 τοῦ
2916 2789 3012 2858 ὡδί
3060 2807 3176 2852 πως
3221 2791 3528 2845 ἀποϐαίνειν
3569 2788 3652 2839 οὐκ

442 2875 757 2946 tiugat,non
789 2880 913 2934 ideo
935 2882 1145 2936 caeteris
1170 2885 1428 2939 omnibus
1449 2887 1705 2940 similiter
1732 2902 1791 2942 se
1825 2889 1999 2944 habet,

2115 2883 2230 2952 ἔχει
2261 2886 2375 2946 τοῖς
2403 2883 2583 2945 ἄλλοις
2628 2884 2795 2935 πᾶσιν
2829 2882 3068 2952 ὁμοίωςο
3105 2880 3288 2945 αίτίας
3333 2880 3376 2934 δ’
3411 2880 3528 2934 ἄνευ
3570 2879 3652 2945 τῆς

439 2969 610 3025 Porro
641 2971 787 3027 nulla
821 2983 1073 3028 movente
1106 2989 1293 3042 causa,
1325 2977 1458 3031 nihil
1494 2995 1730 3049 unquam
1768 2980 1999 3034 futurum

2117 2974 2380 3040 ποιούσης
2411 2975 2509 3027 οὐκ
2539 2972 2605 3026 ἄν
2633 2991 2764 3027 ποτε
2809 2974 3041 3040 γένοιτο,
3074 2975 3169 3026 καὶ
3198 2972 3497 3043 τερατῶδες
3536 2970 3652 3022 δέτι

437 3071 602 3127 esset,
640 3071 693 3114 at
731 3072 879 3118 certe
909 3074 1284 3133 portentosum
1319 3069 1524 3138 aliquid
1556 3072 1719 3126 semel
1752 3073 1999 3129 accidens

2113 3067 2402 3134 γινόμενον
2432 3064 2580 3130 ἅπαξ
2610 3067 2667 3118 ἐν
2697 3066 2970 3134 περιόδοις
3008 3067 3216 3135 χρόνων
3254 3065 3472 3126 πολλαῖς
3505 3062 3652 3131 φθορὰ

437 3169 535 3221 per
565 3155 762 3212 multas
792 3165 1100 3226 temporum
1133 3161 1388 3228 periodos
1415 3166 1695 3234 corruptio
1728 3173 1809 3220 est
1853 3176 1999 3220 natu-

2113 3158 2212 3227 τῆς
2241 3159 2474 3227 φυσικῆς
2496 3159 2612 3210 ἐστι
2640 3158 2846 3220 τάξεως
2870 3157 2959 3210 διά
2988 3175 3043 3210 τι
3077 3157 3247 3220 πάθος
3272 3158 3365 3226 τῆς
3389 3156 3512 3225 ὕλης
3532 3153 3653 3207 οὕτω

438 3244 569 3300 ralis
635 3245 842 3300 ordinis
897 3262 961 3300 ex
1008 3250 1241 3316 quodam
1294 3261 1498 3306 natura:
1547 3253 1740 3307 morbo
1795 3264 1999 3309 exorta.

2120 3253 2512 3320 συμϐαίνουσα.
2559 3252 2682 3304 Ἐπὶ
2732 3251 2944 3314 τούτοις
2992 3251 3053 3304 οὐ
3087 3251 3151 3302 σύ
3193 3268 3260 3319 γε
3291 3252 3459 3304 πάντα
3504 3249 3650 3306 ποιεῖς

437 3337 702 3393 Praeterea
733 3357 909 3397 nonne
931 3351 986 3396 tu
1017 3353 1212 3400 cuncta
1233 3346 1464 3409 moliris,
1496 3347 1695 3417 quippe
1722 3351 1812 3418 qui
1849 3351 1999 3406 ratio-

2117 3343 2550 3414 προαιρούμενος
2581 3345 2697 3398 ἅττ’
2719 3345 2785 3397 ἂν
2808 3346 3042 3413 ποιοίης,
3069 3343 3146 3413 τῷ
3172 3360 3240 3410 γε
3272 3342 3478 3411 λογικὸς
3504 3337 3648 3402 sint;

437 3443 505 3484 ne
530 3432 721 3499 polles,
741 3443 798 3485 ut
817 3449 1060 3502 quasnam
1079 3437 1188 3490 sint
1205 3439 1410 3506 agenda
1428 3439 1622 3507 eligas?
1649 3440 1715 3495 Ut
1735 3441 1863 3510 quid
1883 3458 1999 3510 ergc

2114 3435 2203 3488 διὰ
2232 3437 2283 3488 τί
2312 3435 2384 3507 μὴ
2414 3439 2508 3489 καὶ
2542 3437 2801 3490 ἱπτασθαί
2835 3453 2966 3490 ποτε
2997 3440 3241 3508 προαιρῇ
3275 3437 3449 3489 καίτοι
3477 3432 3651 3487 πολλὰ·

437 3522 674 3578 volatum
709 3525 916 3594 jamdiu
946 3543 1052 3580 non
1074 3531 1352 3597 usurpasti
1379 3546 1500 3584 cum
1530 3533 1728 3600 smpius
1778 3533 1999 3590 fortasse

2116 3543 2202 3589 κις
2239 3528 2366 3591 ἴσως
2415 3529 2603 3590 εἰπὼν,
2637 3529 2759 3581 Εἴθε
2793 3528 2888 3581 νῦν
2923 3529 3206 3599 ἠδυνάμην
3243 3530 3470 3596 πτῆναι;
3515 3524 3544 3594 ἢ
3573 3523 3649 3582 δῆ-

436 3617 678 3671 dixeris:
714 3617 931 3673 Utinam
960 3620 1121 3674 modo
1146 3621 1332 3676 volare
1363 3623 1584 3690 queam?
1614 3624 1687 3678 Ex
1708 3641 1773 3679 eo
1794 3626 1999 3679 eviden-

2112 3619 2224 3681 λον,
2261 3620 2342 3672 ὅτι
2378 3621 2453 3690 μὴ
2501 3621 2750 3690 πέφυκας
2801 3623 3082 3687 ἵπτασθαι,
3117 3623 3225 3675 οὐδ’
3270 3617 3382 3676 οἷόν
3425 3623 3479 3674 τέ
3523 3621 3648 3670 ἐστιν

435 3708 700 3778 tet-quod,
728 3713 794 3765 ad
816 3713 1104 3766 velandum
1131 3728 1255 3769 cum
1280 3724 1440 3771 natus
1465 3732 1568 3770 non
1595 3719 1672 3772 sis
1697 3761 1711 3785 ,
1758 3718 1869 3772 licri
1902 3735 1999 3774 non

2111 3712 2398 3782 ἄνθρωπόν
2449 3730 2506 3766 σε
2554 3713 2671 3783 ἅμα
2716 3715 2806 3767 καὶ
2848 3715 3054 3783 πτηνὸν
3083 3711 3248 3768 εἶναι.
3309 3715 3404 3769 Διὰ
3433 3712 3557 3766 τίδὲ
3587 3708 3648 3780 μὴ

433 3809 613 3871 potest
637 3812 692 3856 ut
725 3805 886 3858 homo
910 3805 1071 3860 simul
1095 3807 1326 3862 exsistas
1343 3809 1850 3876 etvolatile.Qnidui
1882 3827 1999 3868 vero

2111 3807 2202 3857 καὶ
2232 3808 2322 3858 τὸν
2353 3807 2450 3874 τῆς
2481 3807 2749 3876 Θαλάττης
2779 3808 3084 3877 διατρέχει;
3125 3808 3308 3878 βυθὸν,
3343 3809 3426 3861 ἵνα
3459 3807 3526 3877 μὴ
3549 3820 3649 3857 τοσ-

431 3893 714 3964 perimum
742 3913 889 3951 mare
913 3899 1258 3966 perambulas
1280 3915 1294 3965 ;
1317 3899 1492 3969 utjam
1521 3913 1590 3954 tot
1625 3905 1999 3972 tantosqnela-

2109 3900 2291 3961 οὗτοις
2352 3898 2535 3962 πόνοις
2585 3902 2677 3952 καὶ
2726 3900 2966 3967 μεθόδοις
3021 3902 3195 3970 τρέφῃ
3227 3901 3512 3963 τοιαύταις,
3543 3897 3647 3957 τοὺς

435 3987 595 4041 bores
635 4002 698 4041 ac
731 3987 1013 4044 discursus
1036 3989 1209 4059 fugias
1231 3992 1430 4061 quibus
1457 3994 1741 4048 desursum
1776 3995 1999 4062 piscanti

2114 3989 2267 4059 ίχθῢς
2297 3991 2505 4045 ἄνωθεν
2537 3990 2798 4056 ἁλιεύων;
2832 3993 2863 4061 ἢ
2905 3992 3084 4062 δῆλον,
3119 3994 3201 4046 ὅτι
3237 3995 3311 4063 μὴ
3351 3995 3578 4060 πὲφυκας
3599 3991 3645 4040 ἐν

433 4091 570 4147 Opus
606 4079 730 4133 est?
781 4080 917 4146 Quia
954 4083 1210 4137 videlicet
1247 4100 1281 4137 α
1332 4095 1526 4140 natura
1587 4104 1692 4140 non
1752 4087 1918 4142 habes
1948 4096 1999 4141 nl

2111 4083 2269 4137 ὕδασι
2301 4083 2564 4137 δύνασθαι
2596 4083 2718 4153 ζῇν,
2745 4083 2936 4154 ὥσπερ
2969 4084 3076 4136 οὐδ’
3111 4084 3266 4153 ἰχθὺς
3288 4085 3441 4138 τοῦτο
3471 4079 3644 4135 δύναιτ’

433 4172 488 4222 in
538 4173 694 4238 aquis
726 4173 920 4240 degere
956 4176 1159 4240 valeas,
1209 4175 1351 4231 sicut
1385 4193 1482 4232 nec
1531 4179 1583 4231 in
1620 4187 1764 4233 terra
1805 4179 1999 4250 pistris,

2109 4177 2175 4230 ἂν
2212 4177 2269 4230 ὲν
2304 4179 2368 4246 τῇ
2405 4179 2508 4246 γῇ’
2543 4175 2669 4229 ὅθεν
2714 4178 2762 4228 εί
2802 4179 2898 4230 καὶ
2933 4177 3012 4246 τῷ
3062 4179 3381 4248 προαιρέσει
3428 4176 3520 4246 ζῇν
3555 4172 3644 4224 τῶν

435 4261 592 4316 Unde
638 4266 886 4332 quamvis
937 4276 1124 4337 tuopte
1191 4279 1512 4325 czeterornm
1563 4272 1777 4326 vivendi
1826 4289 1999 4337 genus

2117 4267 2296 4321 ἄλλων
2329 4267 2694 4329 πλεονεκτεῖς,
2738 4265 2874 4319 ἀλλὰ
2909 4266 3070 4336 φύσει
3101 4267 3195 4320 καὶ
3231 4265 3388 4320 τοῦτό
3425 4282 3500 4318 σοι
3529 4262 3642 4330 πρὸς

433 4353 674 4419 aﬂ‘ectes,
717 4357 769 4410 id
818 4366 1012 4412 natura
1063 4359 1158 4413 tibi
1187 4363 1333 4415 circa
1362 4363 1623 4432 pleraque
1676 4366 1999 4430 praeﬁnitum

2107 4360 2337 4413 πλεῖστά
2388 4375 2450 4426 γε
2499 4359 2765 4429 ὥρισται,
2816 4361 2910 4412 καὶ
2955 4358 3035 4411 δεῖ
3071 4375 3127 4411 σε
3173 4359 3248 4428 μὴ
3286 4359 3458 4412 πάντα
3488 4371 3639 4420 πεφν-

434 4457 539 4514 cst,
585 4458 637 4502 et
669 4457 826 4502 natus
873 4465 979 4505 non
1028 4451 1105 4506 sis
1134 4462 1344 4538 oportet
1376 4455 1438 4508 ad
1473 4455 1653 4509 Omnia
1711 4471 1808 4524 pro
1851 4457 2002 4510 Iihito

2104 4452 2261 4505 κέναι
2297 4451 2560 4522 πράττειν
2610 4441 3021 4521 προῃρημένον,
3062 4450 3201 4519 πρὸς
3247 4451 3314 4503 τὰ
3343 4449 3552 4501 πλείστα
3592 4442 3647 4494 δὲ

440 4541 766 4610 peragenda,
807 4541 917 4594 imo
951 4543 1127 4612 quoad
1165 4527 1423 4613 pleraque
1454 4547 1531 4599 sis
1553 4548 1777 4600 oumino
1802 4548 1997 4616 impos.

2108 4543 2544 4611 ἀποπεφυκέναι.

510 4631 799 4700 lllzeigitnr
828 4633 968 4687 inter
991 4637 1412 4705 unumquodque
1444 4653 1622 4692 rerum
1654 4655 1826 4709 genus
1852 4639 2006 4696 diffe-

436 4723 778 4792 renlim,qua:
810 4725 875 4778 ad
905 4725 1050 4794 ipsos
1078 4741 1251 4796 usque
1280 4729 1497 4796 generis
1529 4739 1740 4786 atomos
1773 4731 1842 4784 ita
1877 4747 2002 4801 per‘

432 4815 658 4868 veniunt
685 4825 742 4868 nt
774 4831 872 4871 nec
905 4818 1027 4887 plus
1079 4834 1256 4889 neque
1310 4820 1495 4876 minus
1537 4821 1740 4877 habere
1789 4825 2000 4891 possint

432 4906 558 4961 boni
608 4923 769 4976 quam
827 4912 1022 4980 cuique
1075 4920 1270 4967 natura
1340 4915 1671 4984 praestituit,
1733 4918 1822 4985 qui
1888 4917 1999 4987 jam

431 5014 560 5054 casu
597 5012 780 5056 essent
809 5012 901 5068 aut
933 5005 1179 5074 fortuito,
1212 5007 1255 5062 si
1287 5009 1504 5078 quidem
1539 5010 1678 5079 quod
1718 5010 1999 5064 fortuitum

432 5102 527 5146 aut
575 5095 790 5149 casuale
830 5103 914 5150 est
953 5112 1075 5152 cum
1106 5100 1372 5156 ordinatis
1420 5101 1771 5174 deﬁnitisque
1834 5103 1999 5157 rebus

430 5199 494 5236 ex
521 5184 750 5240 adverso
779 5185 1004 5242 dissidet
1035 5196 1090 5244 et
1111 5206 1173 5244 ea
1207 5207 1327 5261 qua:
1362 5193 1411 5246 in
1433 5194 1768 5246 contrarium
1793 5191 2002 5248 discre-

431 5287 560 5347 pant
591 5295 866 5348 nunquam
893 5282 1106 5337 coalere
1124 5295 1350 5352 possunt
1376 5285 1508 5338 ?llla
1534 5296 1710 5338 autem
1735 5301 1854 5354 quae
1873 5297 2000 5342 sunt

430 5383 526 5437 per
543 5370 790 5426 ordinem
811 5370 1097 5440 disposita.
1130 5375 1247 5431 sive
1277 5376 1328 5430 id
1357 5386 1548 5431 natura
1572 5377 1662 5432 liat
1684 5379 1991 5434 sivehomi-

430 5462 513 5516 uis
529 5463 776 5526 arbitrio,
793 5465 1066 5535 quomodo
1081 5467 1159 5521 sic
1174 5469 1484 5533 evaderent,
1498 5470 1816 5538 disponente
1835 5471 2003 5525 uemiv

430 5552 649 5606 ne‘iAnt
683 5569 781 5607 nec
808 5567 838 5606 a
870 5555 1172 5622 semetipsis
1194 5558 1444 5611 ordinata
1474 5560 1740 5613 undenam
1781 5560 1996 5615 tandem

427 5642 813 5699 ordinarentur
841 5645 864 5699 ?
895 5646 950 5700 Si
983 5661 1110 5702 vero
1130 5649 1261 5702 mihi
1285 5649 1502 5704 dederis
1525 5661 1590 5704 ex
1623 5651 2000 5718 superioribus

431 5730 652 5798 quidem
689 5741 741 5785 et
765 5736 1238 5791 communioribns
1262 5738 1442 5791 causis
1495 5739 1596 5792 hoc
1647 5741 1883 5808 quodam
1934 5757 1998 5797 cx

433 5817 627 5875 ordine
660 5820 797 5886 ﬁeri,
828 5823 1058 5888 primum
1114 5839 1142 5879 a
1187 5835 1236 5881 te
1290 5825 1506 5891 iamiam
1566 5827 1732 5883 clllnit
1779 5834 1998 5887 casuale

2179 4631 2351 4720 ᾼῦται
2383 4636 2566 4688 τοίνυν
2593 4637 2647 4686 al
2678 4636 2934 4706 διαφοραὶ
2958 4637 3098 4690 κατὰ
3127 4636 3281 4702 γένος
3318 4636 3415 4704 μὲν
3438 4632 3640 4684 ἕκαστον

2105 4718 2283 4792 οὖσαι,
2318 4727 2410 4780 ἐπὶ
2437 4729 2491 4782 δὲ
2520 4729 2587 4780 τὰ
2623 4729 2714 4781 τοῦ
2752 4728 2940 4795 γένους
2966 4727 3146 4795 ἄτομα
3176 4725 3550 4797 διατρέχουσαι,
3579 4718 3639 4774 ὡς

2109 4821 2246 4890 μήτε
2280 4819 2539 4874 δύνασθαι
2579 4821 2740 4873 πλέον
2772 4819 2916 4886 ἔχειν
2963 4820 3088 4887 μήτ’
3115 4819 3336 4871 ἔλαττον
3383 4813 3468 4869 τοῦ
3503 4810 3636 4881 φύσει

2105 4914 2356 4976 ἑκάστοις
2401 4913 2710 4983 ὡρισμένου
2743 4910 2930 4970 καλοῦ,
2967 4910 3082 4972 πῶς
3116 4909 3182 4962 ἂν
3225 4908 3456 4977 τυχαίως
3485 4897 3634 4964 εἷενῆ

2105 5006 2453 5077 αὐτομάτως.
2503 5006 2661 5075 εἴπερ
2698 5003 2756 5056 τδ
2792 5004 3013 5072 τυχαῖόν
3046 5003 3231 5078 τεοκαὶ
3261 5000 3549 5068 αὐτόματον
3573 4988 3634 5057 τῷ

2103 5097 2424 5165 τεταγμένῳ
2492 5113 2549 5148 τε
2606 5095 2702 5146 καὶ
2745 5094 3041 5163 ὡρισμένῳ
3109 5092 3512 5161 ἁντιδιῄρηται,
3557 5081 3633 5133 καὶ

2103 5186 2476 5256 ὰντιιραῖικῶς
2504 5185 3025 5254 διακεκριμέ-λαόὖκ
3056 5185 3121 5237 ἂν
3139 5183 3353 5236 δύναιτο
3373 5174 3627 5232 συνελθεῖν.

2101 5280 2412 5348 τεταγμένα
2443 5279 2498 5331 δὲ
2529 5279 2657 5331 ὄντα
2693 5280 2760 5330 τὰ
2801 5278 2961 5345 φύσει
2997 5293 3054 5328 τε
3093 5276 3234 5328 οὕτω
3265 5273 3507 5341 γινόμενα
3555 5263 3627 5316 καὶ

2102 5373 2422 5442 προαιρέσει
2463 5370 2802 5444 ἀνθρωπίνῃ,
2836 5369 2952 5433 πῶς
2995 5367 3060 5422 ἂν
3091 5369 3217 5422 ἄνευ
3259 5361 3366 5418 εἷεν
3403 5360 3490 5414 τοῦ
3519 5355 3626 5410 τᾶτο·

2101 5481 2308 5527 τοντος,
2360 5463 2455 5516 καὶ
2489 5463 2579 5532 ὑφ’
2629 5463 2810 5516 αὐτῶν
2853 5463 2916 5514 οὐ
2946 5462 3256 5530 ταττόμενα
3302 5447 3626 5510 τάττοιντ“ἃν

2102 5555 2368 5623 ἑτέρωθεν
2398 5556 2604 5624 aqu-ou;
2649 5556 2707 5606 Ei
2734 5555 2914 5606 τοίνυν
2945 5553 3094 5620 δοίης
3115 5592 3129 5616 ,
3175 5549 3366 5612 αίτίοις
3403 5537 3626 5640 ὑψηλοτέῖ

2104 5651 2217 5719 ροις
2250 5664 2309 5699 τε
2342 5649 2434 5699 καὶ
2486 5637 2814 5714 κοινοτέροις
2841 5644 2994 5698 ταῦθ’
3042 5644 3182 5697 οὕτω
3234 5637 3465 5710 γίνεσθαι
3512 5637 3624 5699 Si“:

2100 5755 2246 5800 τινος
2295 5738 2525 5804 τάξεως,
2574 5738 2792 5805 πρῶτον
2841 5737 2940 5806 μὲν
2985 5735 3192 5804 οἴχεταί
3243 5749 3322 5784 σοι
3375 5725 3540 5780 λοιπον
3575 5719 3622 5806 τό

2104 5831 2325 5889 τυναῖόν
2357 5847 2416 5882 τε
2452 5830 2543 5883 rat".
2579 5829 2882 5884 αὐτόματον
2907 5844 2923 5859 °
2958 5823 3074 5881 εἶτα
3100 5825 3192 5878 καὶ
3229 5822 3352 5876 περὶ
3377 5805 3621 5875 ἐκείνωνθ
