3932 6458
437 384 545 452 575
653 386 664 392 '
1527 331 1909 446 GENNADll
1954 383 2018 444 c1

2118 383 2622 445 PATRIARCHJE

405 505 413 560 ἰ
502 501 619 568 Qua
643 511 775 556 vero
801 497 868 554 de
895 511 1065 552 causa
1095 511 1201 552 non
1251 494 1454 552 eaedem
1501 495 1758 552 omnibus
1803 494 2015 552 artibus
2041 497 2091 554 Δ

431 592 672 650 materiae
696 587 1000 659 subjacem,
1025 587 1123 644 sed
1151 587 1242 644 alii
1272 587 1376 644 alia
1405 587 1666 658 quaeritur
1690 588 1713 641 ?
1735 586 1844 641 Nec
1860 584 2007 640 enim

430 687 678 758 proiecto
727 683 918 740 eadem
969 698 1035 738 ex
1057 685 1283 738 materia
1312 683 1411 739 tibi
1471 683 1902 739 calceamentum
1957 687 2012 734 et

431 776 652 830 domum
683 789 866 838 erues,
890 782 942 828 et
969 773 1013 828 si
1045 787 1153 828 non
1177 769 1341 828 mede
1370 771 1750 828 caementitiam
1807 769 1902 826 sed
1957 775 2012 824 et

431 863 697 922 sutoriam
727 862 938 918 celeres
962 871 1132 918 artem
1168 878 1184 930 ;
1235 876 1413 930 neque
1440 861 1587 918 ultro
1635 861 1914 916 laborares
1962 859 2010 916 si

432 971 498 1012 ex
547 955 738 1010 eadem
789 968 978 1018 posses
1026 961 1322 1022 utrumque
1373 951 1666 1008 coniicere.
1725 951 2008 1007 Undenam

433 1041 599 1110 igitur
623 1038 764 1111 apud
791 1039 1032 1096 artiﬁces
1062 1040 1150 1094 illa
1197 1041 1347 1097 circa
1399 1041 1654 1098 materias
1705 1039 2011 1096 discretio?

434 1131 552 1187 Non
581 1132 727 1186 enim
759 1146 858 1188 sua
911 1141 1105 1202 sponte
1157 1133 1208 1188 id
1267 1135 1452 1203 operis
1505 1133 1810 1200 exhibent;
1845 1142 2012 1203 tuque

434 1226 550 1295 ipse
582 1224 706 1280 licet
737 1225 993 1282 omnibus
1018 1226 1268 1282 similiter
1292 1227 1356 1280 ad
1393 1237 1723 1282 structuram
1752 1236 1896 1281 tuam
1929 1226 2006 1282 uti

433 1317 642 1380 liceret,
675 1327 731 1372 at
765 1332 872 1371 non
901 1316 1024 1372 ideo
1048 1332 1259 1386 posses.
1315 1315 1507 1385 Viden,
1542 1318 1688 1387 quod
1740 1317 2007 1388 ejusmodi

437 1409 730 1474 ordinatio,
760 1410 978 1465 tametsi
1031 1409 1086 1464 in
1115 1409 1324 1466 artibus
1350 1418 1404 1464 ct
1435 1411 1664 1480 opiﬁciis
1697 1425 1792 1480 per
1822 1425 1880 1465 se
1927 1410 2008 1463 vi-

435 1501 631 1556 deatur
659 1501 762 1556 arti
792 1502 1056 1570 subjecta,
1112 1504 1229 1573 ipsa
1289 1517 1474 1558 revera
1534 1504 1713 1572 prses‘t
1757 1501 2010 1556 omnibus

437 1609 561 1662 qua:
589 1594 914 1649 naturaliter
942 1602 1222 1659 constant,
1245 1595 1340 1648 tibi
1370 1609 1500 1652 vero
1548 1601 1790 1663 potestas
1838 1595 2008 1650 indita

2118 1597 2187 1666 τῷ
2215 1595 2314 1668 τὴν
2350 1597 2450 1666 μὲν
2495 1597 2656 1665 φύσιν
2681 1595 3027 1650 ⁵ὑποκεῖσθαι
3070 1597 3138 1666 τῇ
3189 1593 3388 1664 τέχνῃ,
3428 1591 3650 1662 τετάχθαι

439 1684 515 1740 sit
551 1685 864 1741 inveniendi
893 1702 1140 1756 quaenam
1176 1687 1403 1742 cuilibet
1430 1687 1531 1741 arti
1582 1704 1629 1740 Ill
1674 1687 1844 1741 amia
1879 1702 2009 1740 cono

2118 1689 2166 1742 δὲ
2195 1689 2481 1760 προδήλως
2512 1689 2682 1758 αὐτὴν
2711 1691 2768 1741 ὲν
2797 1689 2911 1750 τοῖς
2948 1686 3111 1758 φύσει
3145 1669 3468 1740 συνεστῶσιν
3487 1683 3649 1748 ἅπασι,

435 1786 640 1847 grnat;
669 1776 786 1846 ipsa
839 1776 1072 1846 denique
1109 1778 1347 1845 ratiolest
1380 1778 1542 1832 etiam
1568 1777 1669 1832 sibi
1694 1777 2006 1834 famulantis

2118 1780 2196 1832 σοὶ
2217 1780 2270 1832 δὲ
2287 1769 2516 1848 δύναμιν
2532 1778 2865 1831 ἐντεθεῖσθαι
2881 1778 2998 1844 τοῦ,
3018 1776 3147 1830 ποία
3170 1777 3238 1830 ἂν
3258 1775 3358 1845 ὕλη
3379 1775 3497 1845 ποία
3513 1774 3650 1844 τέχνη

435 1867 704 1924 exercitii.
730 1868 994 1926 Praeterea
1015 1883 1184 1937 quare
1201 1885 1323 1925 cum
1342 1869 1580 1926 aediﬁcas
1601 1886 1630 1926 a
1651 1870 2006 1928 fundamento

2118 1869 2427 1938 ὶρμόσειεν,
2451 1869 2740 1939 εὑρετικὴν
2761 1885 2774 1900 ·
2806 1868 3016 1938 ταύτην
3050 1867 3099 1921 δ’
3134 1862 3275 1919 εῖναι
3307 1865 3554 1932 τὸνλόγον
3574 1864 3650 1917 καὶ

434 1957 656 2028 incipis,
687 1973 876 2014 muros
901 1961 1097 2016 deinde
1123 1971 1491 2030 coagmenta,
1519 1966 1761 2033 posthaec
1800 1964 2010 2020 tabula-

2118 1961 2307 2032 πείρας
2336 1961 2722 2032 ύπουργούσης
2753 1959 2920 2030 αύτῷ.
2956 1959 3119 2016 Ἀλλὰ
3155 1959 3262 2030 μὴν
3287 1957 3380 2011 καὶ
3407 1955 3488 2010 διὰ
3521 1957 3566 2008 τί
3598 1957 3649 2008 ἐκ

435 2059 618 2108 menta
645 2054 1014 2124 supersternis
1031 2068 1093 2109 ac
1118 2054 1352 2124 parietes
1383 2071 1601 2111 rursum
1653 2057 1838 2128 erigis,
1893 2069 2005 2114 tum

2118 2052 2365 2124 θεμελίου
2385 2052 2686 2122 οἰκοδομῶν
2705 2051 2873 2123 ἄρχῃ,
2895 2047 3014 2105 εἶτα
3032 2050 3255 2120 τοίχους
3279 2047 3548 2118 συνείρεις,
3566 2040 3648 2099 εἰτ’

435 2143 691 2212 deinceps
722 2151 927 2200 tectum
964 2145 1225 2216 imponis,
1278 2161 1342 2204 ac
1392 2149 1604 2204 tandem
1660 2149 2008 2206 distributam

2118 2145 2371 2215 ἑφαπλοῖς
2403 2147 2841 2217 καταστρώματα
2867 2145 2960 2197 καὶ
2993 2142 3207 2213 τοίχους
3256 2136 3322 2194 αὖ
3359 2137 3648 2206 ὲπεγείρεις,

435 2247 669 2288 exornas
689 2234 1000 2291 interiorem
1022 2236 1244 2293 domum
1273 2253 1290 2306 ;
1319 2240 1516 2294 atenim
1541 2255 1814 2311 nunquam
1843 2253 2010 2298 retro-

2118 2234 2228 2291 εἳτα
2254 2237 2566 2290 τελευταῖον
2618 2235 2882 2298 ἐπιτιθεῖς
2912 2235 3136 2305 ὀροφὴν,
3189 2230 3310 2286 εῖτα
3344 2230 3558 2301 μερίζων
3581 2225 3652 2280 ἔνο

439 2340 633 2382 versus
665 2326 769 2382 ista
799 2327 1270 2400 peragis?Annon
1310 2331 1536 2387 evidens
1594 2331 1735 2402 quod
1793 2333 2008 2390 etiamsi

2118 2327 2200 2381 δον
2225 2329 2617 2396 κατακοσμεῖς,
2650 2327 2768 2381 ἀλλ’
2791 2327 3045 2381 οὐδέποτε
3071 2327 3164 2381 καὶ
3200 2321 3651 2392 ἀντεστραμμένως

441 2416 599 2473 aliter
622 2417 774 2484 velis,
797 2433 902 2474 non
919 2419 1038 2476 ideo
1059 2431 1315 2490 praestare
1337 2423 1550 2492 queas?
1575 2421 1667 2480 Vel
1701 2426 1862 2480 etiam
1889 2442 2012 2497 pro-

2118 2419 2288 2474 ταῦτα
2331 2423 2544 2485 ποιεῖς;
2597 2421 2842 2491 ἢδῆλον,
2899 2421 2973 2484 ὡς
3021 2421 3121 2473 οὐκ
3158 2419 3228 2475 ἂν
3285 2420 3451 2482 ἄλλως
3499 2416 3653 2470 δύναιο

407 2535 412 2540 -
440 2507 584 2562 fecto
612 2508 836 2579 pedibus
872 2519 994 2567 utut
1021 2513 1183 2582 capiti
1219 2512 1423 2570 innixis
1449 2515 1746 2585 incederes,
1778 2519 1822 2574 si
1848 2518 2011 2573 modo

441 2600 645 2665 valcas,
679 2601 820 2671 quod
843 2613 896 2658 et
918 2603 1127 2661 lusores
1180 2605 1400 2676 quidam
1432 2606 1740 2678 prodigiose
1767 2617 2009 2678 patrant;

443 2691 498 2744 bi
527 2707 654 2748 vero
687 2709 755 2748 ne
781 2709 888 2750 una
913 2696 1130 2765 quidem
1169 2698 1284 2752 vice
1307 2698 1471 2768 capiti
1504 2714 1600 2767 pro
1623 2700 1854 2770 pedibus
1875 2701 2012 2757 insi-

442 2791 619 2848 stunt,
651 2784 988 2856 impossibile
1012 2787 1158 2844 enim
1191 2797 1308 2854 est;
1341 2791 1589 2846 manibus
1610 2801 1790 2848 autem
1822 2802 2012 2849 evecto

443 2877 622 2946 capite
647 2877 794 2932 humi
823 2877 1040 2946 ludunt,
1071 2881 1187 2935 vice
1215 2881 1411 2950 pedum
1459 2884 1713 2940 manibus
1770 2893 2011 2942 utentes.

3548 391 3656 454 5.20

2191 494 2358 548 ’Υλαι
2394 494 2451 548 δὲ
2487 495 2604 557 πῶς
2655 493 2752 565 οὐχ
2804 497 2859 550 αί
2908 493 3071 548 αὐταὶ
3117 493 3315 557 πάσαις
3363 496 3643 554 ὖπύκεινται

2112 679 2221 748 γὰρ
2252 679 2318 747 τῇ
2372 678 2508 748 αὐτῇ
2559 694 2622 746 γε
2676 676 2779 752 ὕλῃ
2835 679 3088 748 ὑπόδημα
3139 677 3205 731 ἂν
3259 681 3528 748 τεχνάσαιο
3567 684 3646 735 καὶ

2110 768 2312 833 οἰκίαν,
2347 767 2526 840 τείπερ
2571 771 2665 824 καὶ
2716 771 3080 839 σκυτοτομεῖν
3129 769 3348 840 εἰδείης,
3399 769 3456 822 οὐ
3507 773 3644 838 μόνον

2112 859 2446 930 οἰκοδομεῖν·
2479 861 2581 915 οὒκ
2613 861 2680 916 ἂν
2706 861 2751 915 δ’
2803 857 2948 931 εἶχες
2981 860 3281 931 πράγματα
3323 858 3475 919 ἑκὼν.
3509 861 3647 930 ειπερ

2111 949 2368 1020 ἢδύνασο,
2403 952 2468 1022 τῇ
2501 951 2639 1023 αὐτῇ
2672 946 2820 1004 οἶκόν
2847 969 2907 1004 τε
2941 951 3036 1004 καὶ
3076 949 3326 1018 ὑπόδημα
3356 951 3515 1002 ποιεῖν
3541 947 3646 1020 ὕλη.

2112 1040 2285 1096 Πόθεν
2321 1041 2370 1096 δ’
2396 1045 2429 1113 η
2470 1043 2612 1097 κατὰ
2665 1043 2764 1116 τὴν
2795 1042 2930 1113 ὓλην
2963 1042 3104 1113 αὕτη
3157 1039 3384 1111 διαφορὰ
3432 1040 3555 1109 πρός
3592 1059 3647 1109 γε

2112 1135 2212 1198 τὰς
2245 1135 2440 1205 τέχνας
2473 1138 2582 1199 τοῖς
2615 1137 2924 1205 μετιοῦσινς
2953 1135 3013 1187 οὐ
3045 1133 3152 1202 γὰρ
3193 1131 3492 1204 βουλόμενοι
3515 1133 3649 1186 τοῦτο

2111 1208 2460 1299 πάσχουσιν,
2521 1229 2614 1284 καὶ
2676 1228 2741 1282 σὺ
2795 1227 3081 1298 βουληθεὶς
3137 1225 3432 1295 κεχρῆσθαι
3477 1225 3652 1288 πάσαις

2110 1319 2313 1389 ὁμοίως
2349 1322 2485 1392 πρὸς
2534 1321 2634 1391 τὴν
2687 1321 2788 1390 σὴν
2835 1317 3187 1389 οἰκοδομικὴν
3230 1318 3330 1370 οὐκ
3375 1316 3438 1370 ἃν
3472 1317 3648 1379 δύναιο,

2105 1413 2362 1481 καθάπερ
2417 1412 2592 1481 ἔφθην
2643 1413 2836 1468 εἰπών.
2905 1412 3072 1482 Ὀρᾷς
3104 1409 3206 1480 τὴν
3249 1407 3498 1477 τοιαύτην
3524 1407 3653 1472 τάξιν

2110 1507 2212 1560 κάν
2242 1505 2362 1569 ταῖς
2401 1504 2617 1574 τέχναις
2649 1521 2706 1557 τε
2735 1505 2826 1556 καὶ
2865 1507 2978 1567 τοῖς
3012 1519 3242 1573 τεχνητο
3257 1503 3308 1564 ῖς
3347 1500 3648 1570 φαινομένην

2115 2515 2288 2565 ποιεῖν
2320 2512 2442 2566 οὐδὲ
2478 2512 2760 2583 βουληθείς
2787 2529 2802 2580 ;
2838 2508 2916 2565 Ἦ
2945 2511 3052 2583 γὰρ
3087 2512 3156 2567 ἂν
3205 2512 3300 2566 καὶ
3341 2507 3652 2580 περιεπάτεις

2112 2605 2244 2657 ποτὲ
2270 2606 2336 2675 τῇ
2380 2606 2592 2676 κεφαλῇ
2635 2605 2761 2668 τοὺς
2812 2605 2975 2668 πόδας
3025 2603 3342 2673 ὲπερείδων,
3384 2602 3528 2671 εἴπερ
3551 2597 3653 2666 ἠδύ-

2112 2713 2264 2760 νασο,
2305 2697 2440 2766 ὅπερ
2471 2697 2602 2749 ἔνιοι
2636 2695 2921 2759 παίζοντες
2952 2693 3475 2764 παραδοξοποιοῦσιν
3495 2707 3509 2724 ο
3545 2690 3654 2742 κάθ-

2111 2807 2270 2859 ηνται
2301 2787 2354 2841 δὲ
2385 2788 2494 2842 οὐδ’
2541 2780 2688 2869 οὗτοι
2716 2789 2782 2860 τῇ
2811 2786 3022 2858 κεφαλῇ
3051 2785 3310 2852 καθάπαξ
3345 2784 3456 2838 ἀντὶ
3484 2783 3652 2844 ποδῶν,

2114 2879 2394 2952 ἀμήχανον
2431 2879 2561 2950 γὰρ,
2592 2882 2714 2943 ταῖς
2747 2879 2803 2933 δὲ
2831 2880 2989 2952 χερσὶ
3013 2879 3110 2950 τὴν
3145 2878 3389 2948 κεφαλὴν
3422 2875 3651 2948 μετεωρί-

444 2965 643 3038 thuid
679 2970 902 3041 insuper
927 2973 978 3026 in
1009 2973 1143 3026 mari
1173 2990 1278 3027 non
1309 2974 1567 3043 aediﬁcas,
1593 2988 1686 3031 aut
1712 2989 1878 3034 nauta
1904 2993 2010 3034 non

2118 2975 2303 3038 ζοντες
2349 2974 2441 3026 ἐπὶ
2497 2973 2602 3044 γῆς
2635 2973 2887 3040 παίζουσι
2935 2975 3056 3036 ταῖς
3107 2975 3299 3043 χερσὶν
3351 2971 3464 3026 ἀντὶ
3505 2966 3654 3021 ποδῶν

442 3061 577 3115 solet
615 3069 758 3116 terra
789 3066 1066 3132 navigare,
1119 3065 1222 3120 nisi
1266 3067 1408 3135 quod
1468 3083 1642 3136 neque
1701 3083 1797 3138 per
1849 3085 2011 3140 agros

2118 3063 2412 3135 χρώμενοι.
2450 3064 2550 3117 Διὰ
2579 3066 2630 3116 τί
2663 3064 2720 3118 δὲ
2763 3065 2857 3118 καὶ
2891 3063 2966 3134 μὴ
3002 3063 3309 3132 οίκοδομεῖς
3344 3063 3400 3113 ἐν
3423 3057 3651 3124 θαλάσση,

444 3149 739 3221 navigatio,
799 3168 901 3208 nec
951 3152 1006 3208 in
1056 3155 1190 3208 mari
1245 3158 1807 3228 unquamﬁdiﬁcatio
1857 3159 2008 3231 fungi

2119 3157 2229 3210 οὐδ’
2253 3159 2281 3210 δ
2318 3156 2643 3220 πλευστικδς
2669 3154 2764 3209 hc!
2793 3156 2896 3226 γῆς
2936 3155 3094 3209 εῖωθε
3125 3155 3304 3218 πλεῖν,
3341 3154 3372 3224 ἢ
3397 3153 3472 3205 ὃτι
3520 3148 3653 3203 πλευ-

447 3250 612 3312 queat
639 3257 740 3300 suo
785 3244 1060 3301 munere!
1123 3242 1246 3300 Uno
1293 3250 1475 3314 verbo,
1517 3265 1581 3306 ex
1635 3261 1751 3306 arte
1790 3254 2010 3323 quidem

2119 3248 2279 3317 στικὴ
2311 3247 2408 3318 μὲν
2440 3247 2533 3299 ἐπὶ
2562 3243 2689 3314 γῆς,
2720 3244 3040 3314 οίκοδομικὴ
3080 3243 3136 3296 δὲ
3169 3244 3264 3296 ἐπὶ
3295 3239 3550 3308 θαλάττης
3575 3235 3655 3288 οὐκ

444 3327 718 3390 aedificare
776 3335 1035 3403 didicisti,
1098 3348 1293 3392 natura
1336 3350 1516 3395 autem
1561 3343 2014 3414 naturalibusque

2118 3337 2456 3394 ἂνδὲναιντό
2492 3356 2623 3392 ποτε
2674 3337 2742 3390 τὰ
2779 3335 2958 3390 αὐτῶν
3010 3335 3314 3406 πράττεινς
3365 3332 3455 3386 καὶ
3502 3327 3658 3388 ἁπλῶς

446 3430 610 3485 rebus
649 3429 841 3482 uteris.
878 3429 984 3483 Aut
1022 3430 1068 3485 si
1119 3446 1273 3486 esses
1329 3432 1594 3500 medicus,
1655 3434 1856 3492 herbas
1905 3437 2015 3492 uti-

2118 3434 2315 3499 είπεῖν,
2348 3433 2514 3505 τέχνῃ
2565 3432 2663 3501 μὲν
2707 3431 2880 3501 δήπου
2915 3429 2972 3482 τδ
3004 3428 3312 3497 οἰκοδομεῖν
3359 3424 3494 3494 ἔχειν
3536 3419 3658 3486 εῖλη·

444 3535 551 3589 que
577 3534 639 3576 ac
669 3519 875 3590 lapides
900 3521 952 3576 in
984 3521 1123 3577 hanc
1149 3533 1317 3578 artem
1340 3524 1648 3582 adbiberes.
1695 3526 1863 3599 Atqui
1911 3529 2014 3585 alia

2121 3542 2250 3596 φας,
2282 3523 2552 3596 κέχρησαι
2582 3524 2638 3578 δὲ
2674 3524 2835 3594 φύσει
2860 3539 2918 3576 τε
2949 3522 3042 3576 καὶ
3072 3522 3188 3585 τοῖς
3236 3520 3333 3589 τῆς
3366 3517 3563 3588 φύσεως
3587 3510 3660 3580 ιρ-

445 3610 662 3682 quidem
694 3611 760 3666 ad
795 3613 940 3668 aliud
973 3613 1144 3669 herba
1175 3626 1300 3670 nata
1329 3624 1438 3683 est,
1465 3633 1641 3688 neque
1671 3619 1739 3674 ad
1795 3620 2013 3678 morbos

2122 3635 2260 3688 τοις.
2294 3617 2404 3671 Καὶ
2432 3618 2614 3690 ἰατρὸς
2635 3618 2796 3686 εῐπερ
2823 3612 2988 3688 ἦσθα,
3019 3613 3276 3686 βοτάναις
3304 3614 3370 3667 ἃν
3395 3612 3484 3664 καὶ
3518 3603 3661 3664 λίθοις

445 3709 658 3756 tantum
679 3706 971 3769 sanandos,
995 3703 1090 3760 sed
1117 3715 1169 3761 et
1193 3705 1500 3762 inducendo
1519 3718 1630 3764 tum
1653 3710 1862 3766 scilicet
1883 3711 2016 3782 ipsis

2121 3710 2261 3781 πρὸς
2289 3712 2389 3780 τὴν
2418 3710 2616 3780 τέχνην
2649 3701 2854 3779 ταύτην
2893 3708 3162 3778 ὲκέχρησο
3182 3724 3198 3740 ’
3247 3703 3441 3775 βοτάνη
3467 3700 3518 3754 δὲ
3543 3695 3655 3763 ἄλλη

449 3796 750 3864 utentibus,
782 3806 896 3853 tum
923 3798 990 3854 iis
1021 3800 1113 3870 qui
1148 3809 1290 3856 recte
1325 3803 1403 3857 uti
1427 3803 1682 3858 nesciunt
1706 3818 1724 3872 ;
1749 3805 1853 3858 alia
1886 3817 2017 3859 vero

2121 3801 2256 3872 δρᾷν
2282 3797 2410 3854 ἄλλο
2438 3817 2493 3853 τι
2523 3800 2794 3868 πέφυκεν,
2823 3798 2944 3853 οὐδὲ
2979 3797 3306 3868 νοσημάτων
3337 3790 3662 3848 ἀπαλλάττειν

445 3885 608 3938 etiam
641 3884 799 3953 plane
850 3887 1146 3956 perimunt,
1208 3891 1403 3947 nedum
1453 3891 1742 3950 sanitatem
1801 3902 2018 3950 servent

2128 3892 2311 3964 μόνον,
2343 3890 2478 3946 ἀλλᾶ
2511 3891 2604 3945 καὶ
2633 3894 2823 3954 νόσους
2871 3891 3046 3943 ποιεῖν
3092 3894 3208 3953 τοῖς
3237 3887 3373 3951 ὅλως
3400 3881 3662 3956 χρωμένοις

2112 585 2368 656 τέχναιςς
2425 585 2560 656 πρὸς
2594 585 2641 638 δ’
2671 585 2844 657 ἄλλην
2897 587 3093 656 τέχνην
3125 585 3258 654 ἄλλη
3311 586 3562 656 ζητεῖταιο
3593 594 3642 644 οὑ
3739 631 3741 636 .

448 3985 541 4031 aut
579 3987 856 4034 revocent.
891 3976 966 4035 Ita
993 3989 1045 4036 et
1072 3982 1278 4051 lapides
1310 3993 1626 4052 operantur.
1674 3997 1777 4040 nec
1823 3999 2016 4040 eorum

447 4079 644 4126 natura
672 4072 780 4127 ulla
818 4089 1054 4144 unquam
1088 4086 1271 4143 posset
1305 4075 1571 4132 industria
1619 4076 1840 4131 mutari.
1903 4075 2021 4132 Hoc

447 4172 656 4218 tantum
689 4164 1044 4233 prohibentur
1071 4180 1160 4232 ne,
1179 4167 1456 4239 preprium
1479 4171 1821 4238 assequcudo
1838 4167 2018 4236 tinem,

447 4255 581 4310 alias
607 4243 707 4310 sibi
750 4259 1053 4314 contrarias
1103 4258 1249 4314 vires
1300 4267 1393 4313 aut
1430 4258 1764 4316 efﬁcaciores
1813 4273 2019 4331 praepe-

448 4351 601 4406 diant
627 4363 837 4403 necnon
850 4357 905 4402 et
927 4349 1168 4422 reliquas
1185 4349 1319 4405 artis
1338 4351 1651 4408 metltodos.

2124 3983 2158 4054 ἢ
2189 3985 2302 4048 τοῖς
2330 3983 2430 4037 οὒκ
2480 3983 2648 4037 εἰδόσι
2679 3981 2918 4056 χρῆσθαι
2964 3982 3168 4048 καλῶς,
3199 3981 3297 4035 καὶ
3334 3978 3586 4033 κτείνουσι
3615 3969 3662 4022 δι

2126 4073 2284 4129 ἄλλαι
2319 4074 2540 4138 τελείως
2589 4075 2710 4129 ἀντὶ
2738 4073 2834 4127 τοῦ
2869 4072 3094 4143 τρέφειν
3121 4072 3156 4142 ἢ
3200 4072 3302 4141 τὴν
3351 4067 3529 4136 ὑγείαν
3553 4063 3664 4114 irra-

2129 4166 2397 4232 νασὼζειν
2423 4183 2436 4198 °
2469 4168 2564 4221 καὶ
2595 4166 2734 4220 λίθοι
2763 4165 2821 4220 δὲ
2846 4163 3110 4226 ὡσαύτως
3137 4162 3314 4217 ταῦτα
3343 4155 3561 4216 ποιοῦσι.
3584 4146 3662 4202 καὶ

2122 4262 2223 4330 τὴν
2255 4260 2435 4313 αὐτῶν
2493 4257 2656 4330 φύσιν
2696 4257 2874 4320 οὐδεὶς
2932 4257 2999 4311 ἂν
3043 4255 3272 4325 οὐδεμιᾷ
3311 4246 3660 4322 μεταποιήσειε

2122 4355 2286 4427 τέχνῃ
2306 4369 2322 4385 ⁸
2377 4352 2650 4426 εἴργονται
2693 4352 2852 4424 μόνον
2897 4352 2966 4406 τὰ
3010 4349 3206 4418 αύτῶνξ
3235 4347 3472 4414 ὲξανύειν
3510 4337 3660 4399 ἄλλοις

449 4439 708 4495 τάναντία
739 4457 800 4494 τε
825 4439 1096 4510 πεφυκόσι
1121 4438 1250 4494 “καὶ
1315 4438 1771 4512 δραστικωτέροις
1801 4442 2275 4516 ἀντιπραττόμενα
2305 4445 2399 4498 καὶ
2428 4443 2675 4515 μεθόδοις
2703 4444 2897 4514 τέχνης
2929 4441 3163 4513 ἑτέραις.

525 4536 712 4604 Itaque
737 4549 804 4588 ex
835 4533 1246 4590 sublimioribus
1277 4532 1372 4590 Dei
1420 4533 1677 4603 operibus
1728 4545 1890 4604 atque
1943 4553 2025 4593 re-
2053 4538 2106 4600 D

453 4642 573 4681 rum
608 4634 661 4680 ct
685 4625 880 4680 virium
903 4623 987 4680 bis
1014 4623 1301 4679 insitarum
1363 4631 1470 4678 tam
1499 4625 1770 4680 concinna
1821 4626 2022 4683 distin-

450 4721 650 4782 c.ione,
680 4734 744 4774 ex
769 4716 1216 4773 manifestissima
1257 4726 1310 4772 et
1345 4716 1612 4786 stupenda
1643 4719 1832 4772 mundi
1863 4719 2023 4790 hujus

456 4811 696 4870 universi
729 4811 1199 4866 administratione
1245 4809 1332 4865 cui
1381 4819 1567 4866 tantus
1596 4811 1755 4882 |ordo
1800 4821 2016 4882 praeest,

454 4922 520 4962 ex
549 4907 730 4960 multis
757 4905 876 4960 aliis
910 4903 1148 4988 denique
1183 4903 1235 4957 id
1262 4904 1479 4974 generis
1532 4904 1674 4960 unde
1722 4918 1912 4960 omnes
1953 4904 2020 4960 ad

455 4997 548 5052 Dei
578 4999 827 5052 notitiam
858 4997 1175 5051 necessario
1204 4996 1468 5066 compulsi
1532 5003 1682 5060 sunt,
1726 5009 1918 5064 posses
1967 5005 2026 5050 et‘

453 5100 509 5144 tu
537 5090 860 5157 comperire,
889 5089 934 5144 si
959 5087 1145 5155 libeat,
1166 5087 1436 5144 nibilesse
1467 5087 1548 5143 vel
1573 5087 1690 5142 ﬁeri
1715 5087 1859 5157 quod
1882 5101 2022 5157 prae-

451 5191 536 5237 ter
568 5180 817 5236 ordinem
842 5178 936 5235 ﬁat
963 5188 1056 5234 aut
1083 5179 1176 5246 sit,
1205 5179 1567 5249 universaque
1591 5178 1737 5236 entia
1785 5180 2020 5249 quadam

451 5274 605 5345 quasi
640 5271 970 5344 permirabili
1001 5281 1193 5327 catena
1227 5271 1475 5328 connecti
1500 5271 1662 5326 simul
1693 5287 1756 5327 ac
1785 5273 2019 5341 secerni,

451 5365 611 5436 cujus
642 5379 750 5419 non
781 5359 1014 5419 fuissent
1046 5361 1147 5431 ipsi
1181 5359 1400 5417 sibimet
1427 5367 1704 5416 auctores.
1732 5359 1916 5430 Neque
1941 5367 2023 5417 tot

451 5468 674 5529 tamque
699 5455 995 5514 dissimiles
1024 5463 1230 5508 naturae
1254 5453 1308 5506 in
1338 5451 1498 5508 unius
1527 5451 1714 5507 mundi
1755 5453 2024 5508 constitu-

451 5553 656 5608 tionem
683 5550 824 5604 inter
855 5563 914 5605 se
936 5553 1124 5603 essent
1159 5545 1228 5600 ab
1262 5544 1420 5600 initio
1465 5553 1754 5613 consertae,
1805 5546 2024 5601 nomine

447 5643 560 5714 jam
594 5651 708 5696 tum
731 5635 1308 5708 conserente'illisque
1352 5635 1433 5691 sic
1485 5644 1744 5705 perpetuo
1777 5636 2024 5692 coalcndi

450 5731 565 5785 vim
591 5729 967 5800 suppeditante
986 5743 1150 5798 quant
1181 5727 1298 5796 ipse
1323 5735 1506 5796 posset
1551 5726 1618 5780 ad
1664 5734 1854 5781 nutum
1909 5726 2021 5781 sol-

451 5839 602 5881 vere.
632 5822 802 5881 Porro
831 5821 1121 5879 ordinatim
1155 5821 1260 5880 ista
1309 5833 1596 5878 conserere
1646 5819 1787 5876 idem
1837 5827 1919 5876 est
1960 5834 2024 5877 ac

2214 4539 2312 4593 Ἐκ
2340 4537 2451 4592 τῶν
2484 4535 2834 4608 ὑψηλοτέρων
2876 4536 3056 4590 τοίνυν
3087 4535 3184 4589 τοῦ
3213 4533 3348 4588 Θεοῦ
3396 4535 3562 4602 ἔργων
3585 4527 3660 4580 καὶ

2126 4628 2226 4697 τῆς
2274 4628 2540 4682 εὐτάκτου
2573 4627 2842 4699 διαφορᾶς
2891 4626 3004 4681 τῶν
3034 4627 3092 4680 ὲν
3126 4627 3312 4690 αὐτοῖς
3355 4623 3557 4695 φύσεων
3583 4616 3661 4670 καὶ

2127 4719 2431 4790 δυνάμεων,
2484 4719 2579 4774 καὶ
2626 4719 2729 4788 τῆς
2784 4720 3180 4791 φανερωτάτης
3237 4716 3332 4772 καὶ
3385 4711 3658 4780 ξενιζούσης

2125 4808 2279 4864 τοῦδε
2307 4809 2404 4864 τοῦ
2449 4809 2646 4873 παντὸς
2688 4809 3006 4879 διοικήσεως
3053 4807 3199 4862 οὕτω
3246 4807 3364 4861 λίαν
3399 4803 3552 4871 οὔσης
3581 4797 3657 4851 εὖ·

2125 4899 2326 4954 τάκτου
2349 4902 2444 4954 καὶ
2460 4901 2670 4954 πολλῶν
2690 4899 2868 4955 ἄλλων
2888 4899 3170 4965 τοιούτων,
3201 4899 3272 4952 δι’
3292 4893 3368 4954 ὧν
3387 4890 3654 4961 ἀναγκαίως

2126 4993 2264 5063 πρὸς
2293 4991 2389 5066 τὴν
2419 4993 2551 5064 περὶ
2598 4991 2690 5045 τοῦ
2724 4990 2868 5046 θείου
2919 4991 3122 5052 πάντες
3159 4991 3404 5060 ἤχθησαν
3455 4984 3653 5042 ἔννοιαν,

2122 5077 2268 5152 εἶχες
2297 5084 2384 5151 ἂν,
2424 5086 2582 5153 εῐπερ
2609 5081 2841 5136 ἐδούλου.
2872 5081 3213 5154 καταμαθεῖν
3260 5081 3354 5136 καὶ
3402 5077 3567 5138 αὐτὸς,
3598 5070 3658 5129 ὡς

2122 5175 2277 5230 οὐδὲν
2308 5176 2458 5229 ἐστιν
2485 5177 2543 5229 ιν
2570 5175 2681 5237 τοῖς
2709 5170 2829 5228 οὖσι
2858 5175 2956 5227 καὶ
2984 5175 3296 5242 γινομένοις
3327 5171 3451 5226 ἄνευ
3479 5162 3655 5226 τάξεως

2121 5265 2182 5321 δν
2218 5267 2313 5320 καὶ
2361 5266 2664 5337 γινόμενον,
2699 5264 2796 5320 καὶ
2845 5266 2927 5320 ὅτι
2953 5266 3206 5337 καθάπερ
3252 5254 3655 5333 ὑπερθαυμσὰτῳ

2123 5363 2232 5412 τινὶ
2268 5359 2427 5429 σειρᾷ
2473 5359 2542 5412 τὰ
2573 5358 2700 5412 ὄντα
2733 5358 2912 5412 πάντα
2960 5356 3264 5412 συνδέδεταί
3294 5371 3352 5407 τε
3383 5351 3468 5406 καὶ
3500 5342 3654 5429 διακέέ

2122 5468 2330 5522 κριται.
2357 5428 2486 5521 ἥτις
2510 5449 2612 5504 οὐκ
2655 5450 2722 5505 ἂν
2754 5449 2849 5506 ἀπ’
2879 5449 3064 5506 αὐτῶν
3108 5453 3166 5504 ἑν
3198 5448 3392 5520 αὐτοῖς
3421 5441 3501 5510 εῖη
3521 5454 3535 5469 ·
3564 5428 3655 5486 οὐδ’

2122 5545 2190 5598 ἂν
2247 5542 2663 5614 συνεπλάκησαν
2713 5543 2810 5614 τὴν
2856 5543 3038 5614 ἀρχὴν
3065 5539 3326 5596 τοσαῦται
3365 5535 3438 5607 τῷ
3492 5525 3652 5595 πλήθει

2125 5637 2318 5709 φύσεις
2345 5637 2436 5690 καὶ
2461 5635 2603 5690 οὕτω
2635 5636 2886 5708 διάφοροι
2917 5633 3057 5708 πρὸς
3087 5637 3206 5696 ἐνὸς
3252 5631 3450 5702 κόσμου
3483 5621 3650 5715 otiosa:

2126 5746 2213 5782 σιν
2244 5729 2372 5784 ἄνευ
2403 5727 2498 5782 τοῦ
2527 5727 2932 5799 συμπλέξαντός
2951 5745 3010 5781 τε
3037 5729 3135 5800 τὴν
3159 5725 3334 5796 ἀρχὴν
3359 5721 3444 5774 καὶ
3468 5715 3555 5782 τὴν
3571 5721 3650 5761 του

2123 5822 2210 5878 διὰ
2243 5822 2443 5887 παντὸς
2491 5821 2634 5876 οὕτω
2666 5822 3086 5894 συμπεπλέχθαι
3118 5820 3346 5890 δύναμιν
3384 5808 3547 5870 αὐτοῖς
3571 5801 3649 5857 ἶν’
