3932 6458
279 317 382 383 577
444 353 455 363 -

1364 320 1467 382 DE
1504 318 1653 381 ἰ)Εο
1691 318 1774 381 ΙΝ
1814 316 2234 379 TRIMTATE
2266 317 2447 385 UNO.

3406 322 3511 387 578

274 438 530 509 θεμένου,
563 439 631 510 ἢν
659 438 819 504 αύτδς
856 439 1016 511 μόνος
1047 440 1114 496 ἂν
1148 439 1378 513 ἠδύνατο
1402 440 1497 495 καλ⁸
1526 437 1697 506 λύειν,
1728 437 1832 504 εῐγι

1955 440 2157 503 lacere,
2184 437 2326 492 idem
2360 445 2415 493 et
2442 437 2740 495 dissolvere
2797 446 2961 511 atque
3000 440 3202 497 delere.
3259 441 3341 497 Tu
3398 459 3530 500 vero

274 532 545 589 ιδούλετο.
578 531 652 585 Τὸ
682 532 739 585 δὲ
770 534 1106 604 συμπλέκειν
1136 532 1307 588 ταῦτα
1337 534 1617 594 εὐτάκτως
1647 532 1843 585 ταυτόν

273 625 393 678 ἑστι
426 623 503 694 τῷ
538 626 732 688 ποιεῖν,
773 626 870 680 καὶ
914 626 991 697 τῷ
1022 624 1269 697 φθείρειν
1297 624 1357 679 τὸ
1395 622 1635 678 διαλύειν
1656 638 1673 655 ο
1709 624 1758 702 εξ
1784 621 1842 676 δὲ

275 714 612 784 συμπλέκεις
668 717 761 770 καὶ
815 717 878 770 σὺ
936 717 1228 788 διαφόρους
1277 717 1466 785 φύσεις
1517 716 1839 783 οἰκοδομῶν,

272 805 390 861 ἀλλ’
415 806 511 876 οὐχ
542 807 619 870 ὡς
643 806 709 863 ἂν
749 807 1087 880 βουληθείης,
1118 808 1193 873 ὡς
1226 807 1293 863 ἂν
1323 807 1380 861 δὲ
1424 806 1841 877 συμπλέκοιντο,

273 896 368 948 καὶ
412 896 445 965 η
489 896 588 965 τῆς
619 899 716 968 σῆς
745 899 939 970 τέχνης
968 898 1262 972 ἑφαρμογὴ
1308 901 1375 969 τῇ
1412 897 1698 968 συμπλοκῇ
1738 896 1846 949 τῶν

273 987 490 1053 φύσεων
513 989 708 1045 ἕπεται
728 1007 744 1022 ·
766 992 889 1045 ὅθεν
918 1009 981 1045 συ
991 993 1255 1063 μπλέκεις
1289 992 1448 1063 μόνον
1467 990 1562 1044 καὶ
1580 989 1643 1043 ού
1670 987 1845 1051 ποιεῖς

273 1078 465 1142 αὑτάς.
520 1080 580 1134 Ὀ
610 1083 665 1135 δι
693 1084 792 1147 τὰς
833 1086 1070 1153 φυσικὰς
1098 1083 1429 1155 συμπλέκων
1477 1082 1749 1150 ἰδιότητας
1786 1081 1844 1132 ὲν

271 1174 387 1235 τοῖς
419 1172 535 1227 οὖσι
570 1177 665 1229 καὶ
696 1176 924 1247 ποιητὴς
961 1177 1142 1231 αύτῶν
1182 1178 1297 1230 ἐστι
1328 1177 1500 1247 δήπου
1523 1190 1537 1205 ·
1568 1174 1713 1226 ποιεῖ
1737 1170 1845 1240 γὰρ

273 1266 370 1315 καὶ
400 1266 689 1337 ύφίστησιν
727 1266 921 1335 οὕτως,
953 1266 1031 1332 ὡς
1078 1269 1145 1323 ἂν
1171 1268 1265 1323 καὶ
1309 1266 1726 1337 συμπλέκεσθαι
1753 1263 1848 1316 δυ-

1952 545 2076 586 cum
2114 531 2370 594 aedificas,
2405 531 2511 587 etsi
2541 533 2721 588 varias
2754 535 2917 589 etiam
2955 536 3257 608 eompingis
3280 548 3524 605 naturas,

1952 623 2002 677 id
2036 637 2144 677 non
2168 636 2268 692 pro
2297 630 2432 676 nutu
2466 622 2707 693 quidem,
2737 625 2832 681 sed
2864 636 2924 681 ut
2954 628 3096 683 forte
3141 628 3432 699 contigerit
3471 640 3530 686 et

1949 715 2083 769 artis
2118 720 2221 768 tuae
2245 712 2530 781 dispositio
2572 719 2787 771 naturis
2837 717 3113 776 subditur.
3161 718 3316 775 Unde
3362 736 3530 792 eoag-

1952 814 2165 861 mentas
2197 805 2379 871 modo,
2415 821 2522 859 non
2553 820 2681 862 vero
2701 822 2878 865 creas.
2925 809 3025 875 Qui
3077 821 3255 866 autem
3305 820 3526 868 entihus

1947 898 2228 953 naturales
2256 905 2405 966 aptat
2439 900 2813 966 proprietates,
2839 901 2928 955 ille
2946 902 3134 971 procul
3172 903 3341 957 duhio
3365 912 3450 957 est
3471 912 3527 959 et

1948 1002 2142 1043 eorum
2188 987 2383 1045 factor.
2439 989 2523 1043 Ita
2599 1005 2834 1061 namque
2912 995 3085 1062 ipsam
3161 994 3525 1051 substantiam

1948 1079 2111 1135 eﬂicit
2138 1089 2198 1135 ut
2223 1080 2435 1149 possint
2465 1079 2532 1134 ad
2560 1080 2789 1149 hujusce
2836 1084 2998 1139 latius
3026 1085 3213 1139 mundi
3249 1088 3541 1154 composi-

1953 1172 2154 1226 tionem
2187 1172 2456 1240 adaptari,
2476 1181 2637 1241 prout
2667 1173 2738 1228 illi
2764 1174 3060 1243 profuerit;
3088 1193 3250 1245 quem
3282 1177 3347 1232 ad
3364 1178 3526 1233 linem

1954 1274 2146 1315 omnes
2175 1260 2414 1314 universi
2444 1270 2627 1330 partes
2648 1262 2947 1319 coulecitet
2962 1267 3293 1322 conciliavit.

269 1358 485 1428 νηθεῖεν
516 1360 650 1430 πρὸς
690 1362 808 1425 ἑνὸς
840 1361 933 1415 τοῦ
966 1361 1163 1424 παντὸς
1207 1359 1363 1415 τοῦδε
1396 1358 1673 1425 σύστασιν,
1708 1357 1831 1428 ἥτις
1855 1349 1924 1426 ἦν
1959 1351 2110 1423 αύτῷ
2149 1350 2425 1425 προῦργου
2454 1369 2469 1386 ⁸
2508 1356 2605 1409 καὶ
2655 1356 2847 1409 τούτου
2896 1358 3058 1427 χάριν
3127 1359 3197 1412 τά
3230 1360 3323 1413 τοῦ
3387 1378 3528 1415 παν-

268 1450 363 1513 τὸς
392 1451 569 1505 ἐποίει
598 1469 656 1505 τε
685 1455 781 1507 καὶ
822 1454 1119 1509 συνέπλεκε
1150 1454 1311 1525 μέρη.

344 1544 407 1599 Ei
438 1545 484 1597 δ’
514 1545 580 1599 ὲκ
606 1545 835 1617 μηδενὸς
862 1546 971 1601 τῶν
1009 1547 1291 1611 τοιούτων,
1331 1547 1436 1601 ἀπὸ
1477 1545 1678 1600 σαυτοῦ
1709 1541 1832 1614 γοῦν

2008 1532 2119 1607 δίη
2144 1546 2271 1588 vero
2296 1530 2563 1587 nihildum
2601 1531 2868 1589 movearis
2893 1533 3197 1603 huiusmodi
3231 1536 3523 1608 exemplis,

272 1634 439 1704 μόνου
468 1637 561 1687 καὶ
591 1639 690 1707 τῆς
722 1636 822 1707 σῆς
855 1638 1069 1707 φύσεως
1114 1637 1342 1694 καὶτῶν
1388 1638 1497 1693 σῶν
1522 1639 1700 1707 ἔργων
1732 1636 1832 1690 ἔδει

1947 1642 2012 1684 ex
2040 1625 2329 1695 temetipso
2348 1633 2493 1695 certe
2516 1625 2730 1693 quidem
2756 1636 2957 1697 tuaque
2977 1637 3168 1683 natura
3188 1638 3242 1684 et
3267 1630 3526 1700 operibus

271 1744 333 1780 σε
363 1730 457 1781 τὸν
489 1730 791 1798 ἐπιγνῶναι
822 1732 1171 1802 δημιουργὸν,
1215 1732 1276 1796 ὁς
1308 1749 1388 1786 σοι
1418 1733 1556 1800 μετὰ
1579 1732 1672 1786 τοῦ
1699 1725 1832 1785 εῖναι

1957 1720 2053 1776 tibi
2078 1725 2291 1774 creator
2325 1725 2443 1772 erat
2473 1718 2876 1787 agnoscendus,
2906 1734 2937 1774 a
2967 1735 3077 1788 quo
3120 1731 3230 1776 tum
3258 1737 3379 1777 esse
3414 1732 3525 1777 tum

269 1823 365 1874 καὶ
392 1822 492 1892 τὴν
526 1824 661 1895 πρὸς
693 1825 865 1879 τᾶλλα
910 1825 1110 1879 δέδωκε
1141 1826 1295 1892 τάξιν
1317 1843 1331 1858 ο
1378 1827 1474 1882 καὶ
1511 1824 1717 1895 ταύτην
1753 1840 1832 1878 σοι

1938 1814 2008 1868 ad
2032 1802 2241 1881 reliqua
2259 1811 2502 1867 ordinari
2527 1820 2720 1868 nactus
2755 1827 2836 1867 es.
2861 1812 3012 1868 Hanc
3031 1813 3193 1882 igitur
3210 1827 3331 1883 ego,
3348 1814 3527 1883 negle-

266 1913 370 1979 τὴν
396 1916 515 1968 ὁδὸν
566 1916 662 1969 νῦν
692 1918 854 1987 ἡμεῖς
886 1919 949 1971 ἐκ
1001 1919 1321 1990 περιουσίας
1370 1921 1489 1973 ἀντὶ
1522 1917 1735 1975 πολλῶν
1779 1934 1839 1971 τε

270 2005 451 2060 ἄλλων
480 2010 573 2062 καὶ
623 2012 944 2080 σοφωτέρων
990 2011 1125 2066 ὁδῶν
1155 2011 1565 2084 προύθήκαμεν,
1607 2012 1709 2064 ούκ
1751 2008 1840 2064 ἐπ’

270 2098 481 2169 ἐλέγχῳ
514 2101 675 2170 μόνον
706 2103 805 2172 τῆς
836 2106 933 2171 σῆς
964 2103 1300 2173 ἀφροσύνης,
1334 2104 1469 2158 ἀλλὰ
1499 2104 1595 2159 καὶ
1646 2119 1842 2173 συνερ-

270 2192 371 2262 γοῦ
388 2208 520 2259 δτες,
565 2195 750 2249 εἴποτε
784 2196 1105 2268 βουληθείης
1131 2198 1381 2252 ἐντεῦθεν
1408 2197 1540 2268 γοῦν
1567 2198 1840 2267 ἠργμένος

263 2285 359 2338 τοῦ
393 2304 450 2339 σε
484 2289 575 2340 καὶ
606 2288 783 2342 πάντα
815 2292 1144 2362 ποιήσαντος
1174 2289 1551 2345 συναισθέσθαι
1577 2291 1737 2346 Θεοῦ.
1766 2291 1837 2343 Σὺ

265 2374 323 2427 δὲ
351 2376 452 2444 τῆς
482 2377 582 2445 μὲν
611 2378 788 2442 οἰκίας
817 2379 879 2450 δη
892 2382 1152 2451 μιουργὸν
1182 2381 1379 2435 σαυτὸν
1413 2376 1551 2435 εῖναι
1581 2381 1709 2451 φῂς,
1743 2379 1839 2434 καὶ

265 2463 410 2517 πάνυ
440 2465 636 2534 καλῶς,
683 2468 780 2522 καὶ
827 2472 928 2534 τῆς
958 2472 1016 2523 ὲν
1047 2471 1129 2524 σοὶ
1181 2470 1276 2524 τοῦ
1306 2471 1666 2543 δημιουργεῖν
1694 2468 1839 2523 οὕτω

265 2554 468 2624 τέχνης
500 2557 673 2611 αἴτιον
719 2560 812 2613 τὸν
848 2561 1136 2628 διδάξαντά
1171 2578 1228 2615 σε
1258 2565 1461 2634 ταύτην
1509 2564 1795 2635 ὁμολογεῖς
1819 2581 1836 2600 ο

270 2645 417 2715 ἅπερ
447 2648 558 2701 οὐδ’
588 2651 750 2714 εὐθὺς
799 2655 1134 2724 γεννηθέντι,
1174 2657 1309 2725 μετὰ
1338 2656 1397 2711 δὲ
1444 2656 1542 2727 τὴν
1575 2658 1839 2726 δευτέραν

268 2734 486 2803 ἡλικίαν
511 2741 713 2810 παρῆν,
758 2742 962 2806 πάσαις
998 2750 1374 2815 παρασκευαῖς
1406 2748 1469 2800 ἐκ
1495 2749 1595 2818 τῆς
1623 2730 1839 2819 φύσεως

267 2827 631 2901 ἐξηρτυμένῳ
678 2833 855 2911 καλῶς
884 2836 1019 2903 πρὸς
1049 2838 1110 2890 τὸ
1157 2838 1416 2893 δύνασθαι
1453 2841 1747 2908 μανθάνειν
1776 2860 1838 2897 τε

268 2919 366 2970 καὶ
394 2921 749 2989 ἐργάζεσθαι.
779 2926 887 2979 Καὶ
911 2925 1035 2979 οὔτε
1064 2928 1240 2997 λέγεις
1272 2928 1370 2994 τὴν
1397 2932 1576 2985 οἰκίαν
1604 2933 1841 3003 αὐτόμα-

265 3025 360 3060 τον
389 3011 711 3083 ὑποστῆναι,
736 3011 769 3085 ἦ
801 3017 909 3087 γὰρ
938 3017 1005 3071 ἂν
1032 3019 1199 3090 αὐτῆς
1227 3021 1325 3073 ούκ
1354 3022 1585 3093 ἀπῄτεις
1623 3025 1835 3092 μισθὸν,

262 3102 382 3156 οὔτ’
428 3105 754 3176 αὐτομάτως
784 3125 867 3163 σοι
897 3109 997 3181 τὴν
1046 3112 1244 3182 τέχνην
1275 3111 1454 3166 ἐλθεῖν
1481 3130 1497 3145 ·
1532 3117 1591 3168 ού
1638 3115 1742 3190 γὰρ
1770 3116 1837 3171 ἂν
1862 3145 1908 3205 c

263 3195 377 3249 εδει
410 3214 469 3250 σε
527 3199 909 3270 προσεδρεύειν
951 3203 1221 3269 φοιτῶντα
1252 3205 1370 3258 οὐδὲ
1410 3207 1635 3276 μισθοὺς
1671 3209 1835 3262 ὑπισ-

262 3288 512 3357 χνεῖσθαι
557 3305 617 3342 τε
669 3292 765 3343 καὶ
821 3293 1084 3363 παρέχειν
1124 3294 1200 3364 τῷ
1242 3295 1516 3351 δεικνύναι
1562 3315 1642 3352 σοι
1672 3299 1837 3353 δυναο

264 3379 416 3448 μένῳ
442 3396 456 3410 ο
486 3379 580 3433 τοῦ
608 3382 653 3434 δ’
681 3384 745 3436 ἐκ
783 3383 957 3453 ψυχῆς
995 3401 1055 3438 σε
1088 3387 1413 3442 συνεστάναι
1447 3390 1540 3442 καὶ
1580 3389 1835 3458 σώματος

258 3472 361 3524 καὶ
387 3471 487 3542 τὴν
515 3474 613 3543 μὶν
634 3473 811 3542 ψυχὴν
841 3476 1130 3539 τοσαύταις
1162 3479 1400 3532 συνεῖναι
1428 3482 1523 3533 καὶ
1550 3482 1833 3545 τοιαύταις

256 3562 553 3633 δυνάμεσι,
587 3565 648 3618 τὸ
692 3567 749 3619 δὲ
780 3567 940 3637 σῶμα
972 3568 1247 3631 τοσούτοις
1284 3571 1651 3627 συντεθεῖσθαι
1692 3591 1832 3628 στοι-

254 3654 451 3723 χείοις,
485 3655 522 3709 ἃ
553 3657 665 3720 τοῖς
691 3658 783 3711 τοῦ
822 3659 1027 3721 κόσμου
1077 3661 1358 3731 στοιχείοις
1400 3664 1671 3735 ᾠκείωταί
1716 3683 1834 3731 πως

252 3744 417 3798 τοῦδε
465 3746 557 3799 τοῦ
610 3748 747 3817 πρὸς
780 3750 931 3818 ἡμῖν,
984 3746 1102 3804 εἶτα
1135 3752 1410 3814 τοσούτοις
1463 3756 1595 3807 αὐτὸ
1638 3757 1828 3825 μέρεσι

253 3838 354 3891 καὶ
416 3839 628 3909 μορίοις
684 3839 1062 3909 διακεκρίσθαι
1115 3858 1173 3894 τε
1219 3842 1356 3910 ὁμοῦ
1401 3845 1495 3897 καὶ
1558 3847 1823 3916 ἡνῶσθαι,

254 3928 589 3999 ὁμοιομερές
618 3946 678 3982 τε
713 3930 804 3982 καὶ
837 3932 1252 4003 άνομοιομερὲς,
1285 3936 1377 3987 καὶ
1410 3936 1706 4008 ἑνδοτέροις
1732 3940 1827 3993 καὶ

253 4024 538 4093 φανεροῖς,
590 4022 682 4078 καὶ
725 4023 885 4090 τάξιν
930 4026 1110 4079 αἰτίου
1160 4044 1218 4079 τε
1271 4028 1365 4080 καὶ
1409 4030 1654 4083 αἰτιατοῦ
1688 4033 1827 4102 πρὸς

255 4116 470 4184 ἄλληλα
497 4116 704 4185 ἔχουσι,
749 4117 843 4171 καὶ
870 4115 1094 4187 τοῦῠτὴν
1132 4118 1312 4188 ψυχὴν
1341 4120 1683 4175 τελειοῦσθαι
1727 4123 1829 4191 μὲν

252 4207 337 4269 είς
362 4208 567 4277 ἀρετὴν
596 4208 857 4261 δύνασθαι
888 4210 981 4263 καὶ
1012 4211 1202 4280 σοφίαν
1231 4214 1520 4283 χρωμένην
1540 4213 1720 4283 ὀρθῶς
1749 4214 1828 4285 τῷ

250 4297 498 4366 σώματι,
531 4296 751 4365 φαύλως
781 4297 838 4349 δὲ
871 4302 1220 4370 κεχρημένην
1243 4302 1569 4371 ἀμφοτέρων
1594 4304 1829 4374 διαμαρ-

250 4389 438 4441 τάνειν
469 4391 561 4441 καὶ
613 4389 749 4459 πρὸς
788 4389 888 4461 τὴν
930 4390 1181 4445 ἐναντίαν
1228 4391 1386 4460 ἣκειν
1434 4391 1700 4462 διάθεσιν,
1733 4397 1827 4452 καί.

1941 1905 2044 1962 etis
2081 1903 2206 1959 aliis
2252 1903 2502 1974 pluribus
2548 1904 2723 1974 iisque
2746 1905 3231 1974 optimis,alteram
3264 1922 3331 1961 ex
3354 1906 3525 1960 abun-

1940 2000 2092 2056 danti
2114 1998 2255 2054 viam
2284 2013 2549 2069 propono,
2570 2014 2678 2053 non
2709 2007 2767 2054 ut
2787 2009 2930 2055 tuam
2963 1999 3120 2055 modo
3139 1999 3411 2055 confutem
3439 2000 3522 2053 in-

1942 2091 2174 2155 saniam,
2201 2090 2295 2146 sed
2319 2090 2481 2145 etiam
2515 2091 2786 2160 adiuvem,
2819 2091 2861 2145 si
2886 2105 2991 2160 qua
3020 2091 3232 2146 tandem
3266 2093 3391 2146 hinc
3417 2107 3525 2147 cae-

1941 2187 2085 2253 plsse
2119 2183 2252 2240 vais
2291 2184 2368 2237 tui
2416 2182 2765 2251 omniumque
2828 2183 3164 2238 conditorem
3196 2183 3522 2253 intelligere

1942 2274 2134 2331 Deum.
2155 2274 2233 2331 Tu
2257 2287 2386 2345 ergo
2418 2274 2611 2329 domus
2643 2274 3028 2330 aedilicatorem
3062 2273 3293 2344 teipsuui
3324 2274 3430 2340 ais,
3468 2283 3523 2329 et

1942 2367 2100 2437 plane
2116 2367 2308 2423 merito
2326 2383 2340 2433 ;
2358 2376 2520 2437 atque
2545 2366 2705 2437 huius
2728 2368 2864 2422 artis
2884 2380 3008 2421 eum
3035 2367 3132 2422 tibi
3154 2381 3375 2422 causam
3398 2382 3521 2423 esse

1938 2456 2130 2516 fateris
2154 2474 2183 2514 a
2207 2474 2318 2530 quo
2346 2458 2586 2515 didicisti
2610 2475 2625 2526 ;
2652 2460 2854 2531 quippe
2868 2460 2958 2529 qui
2984 2474 3080 2514 nec
3100 2460 3305 2516 dudum
3332 2469 3518 2526 natus,

1943 2550 2166 2608 nonnisi
2199 2552 2409 2606 ﬁrmata
2440 2552 2550 2622 iam
2580 2559 2756 2614 aetate,
2789 2552 2854 2605 ad
2895 2551 2996 2608 hoc
3021 2566 3118 2622 par
3154 2552 3417 2616 evaseris,
3444 2552 3520 2607 in-

1950 2650 2198 2700 structus
2238 2644 2448 2700 scilicet
2474 2643 2728 2701 omnibus
2754 2651 2963 2700 natura:
2984 2643 3202 2700 dotibus
3221 2653 3279 2698 ut
3306 2646 3518 2701 discere

1941 2750 2132 2805 posses
2166 2744 2219 2790 et
2242 2736 2513 2792 exerceri.
2556 2736 2810 2791 Attamen
2850 2751 3024 2807 neque
3056 2736 3277 2792 domum
3310 2739 3515 2794 asseris

1941 2844 2073 2885 casu
2105 2832 2391 2896 exsistere,
2426 2846 2548 2885 nam
2580 2832 2883 2887 mercedem
2920 2831 3167 2900 profecto
3201 2847 3267 2887 ex
3295 2848 3361 2887 ea
3405 2849 3514 2889 non

1940 2928 2258 2990 expeteres;
2284 2935 2460 2991 neque
2498 2920 2722 2977 fortuito
2750 2920 2847 2977 tibi
2882 2921 3123 2976 innatam
3149 2935 3344 2986 artem,
3400 2931 3515 2978 tum

1942 3011 2087 3067 enim
2120 3026 2226 3066 non
2256 3012 2541 3082 oportebat
2592 3011 2909 3084 magistrum
2950 3014 3086 3069 adeo
3140 3015 3511 3084 frequentare,

1943 3118 2305 3172 nummosque
2329 3104 2597 3173 spondere
2620 3115 2675 3161 et
2726 3106 2960 3161 solvere.
2993 3105 3149 3161 Nunc
3164 3117 3340 3162 autem
3368 3109 3512 3175 quod

1939 3192 2119 3247 anima
2154 3200 2372 3248 constes
2403 3201 2905 3264 eteorpore,atque
2933 3204 3009 3250 tot
3036 3196 3311 3266 tantisque
3331 3200 3514 3255 anima

1937 3288 2009 3343 sit
2044 3288 2312 3342 instructa
2369 3290 2592 3353 viribus,
2626 3304 2823 3359 corpus
2866 3298 3048 3345 autem
3095 3298 3174 3346 tot
3230 3291 3514 3348 elementis

1934 3379 2465 3449 constitutum,quae
2496 3396 2620 3435 cum
2671 3381 2898 3451 hujusce
2960 3382 3105 3437 circa
3161 3397 3262 3439 nos
3320 3384 3509 3439 mundi

1934 3469 2217 3538 principiis
2248 3471 2360 3527 fere
2400 3474 2731 3540 coalescunt,
2759 3475 2904 3545 quod
2962 3486 3070 3531 tam
3112 3477 3301 3533 multis
3362 3478 3508 3534 istud

1933 3561 2184 3628 partibus
2227 3572 2280 3617 et
2319 3562 2600 3632 particulis
2630 3569 2702 3619 sit
2745 3566 3063 3643 distinctum
3095 3570 3255 3624 simul
3287 3578 3343 3626 et
3376 3570 3512 3628 adu-

1931 3662 2144 3717 natum,
2175 3653 2452 3713 similibus
2509 3673 2571 3713 ac
2616 3658 3000 3725 dissimilibus,
3055 3662 3394 3733 internisque
3450 3674 3510 3721 et

1932 3747 2322 3813 apparentibus
2370 3750 2753 3818 compositura,
2789 3766 2911 3821 quae
2965 3753 3108 3808 inter
3159 3769 3221 3809 se
3275 3755 3507 3811 invicem

1930 3835 2143 3892 ratione
2176 3851 2353 3893 causa:
2382 3848 2437 3895 et
2458 3839 2684 3897 ell‘ectus
2729 3844 3074 3909 ordinantur,
3103 3845 3248 3914 quod
3284 3847 3510 3916 insuper

1930 3926 2113 3980 anima
2140 3926 2340 3985 virtute
2369 3932 2539 3998 possit
2569 3937 2624 3986 et
2643 3933 2907 4002 sapientia
2934 3934 3142 4004 perfici,
3171 3939 3332 3991 modo
3357 3948 3506 3993 recte

1930 4030 2159 4087 corpore
2190 4028 2395 4087 utatur,
2423 4022 2506 4076 sin
2544 4023 2725 4078 minus
2756 4027 2825 4079 ab
2869 4035 3104 4095 utroque
3149 4027 3361 4083 decidet
3392 4030 3504 4100 jam

1930 4105 1985 4160 in
2011 4111 2344 4165 contrarium
2387 4112 2723 4180 deeessura;
2757 4125 2812 4171 et
2851 4130 2918 4170 ne
2950 4115 3125 4185 plura,
3150 4119 3295 4188 quod
3343 4120 3398 4174 in
3456 4132 3509 4177 te

1928 4196 2002 4253 sit
2026 4214 2282 4271 perquam
2316 4203 2499 4258 varius
2518 4204 2607 4258 ille
2626 4220 2690 4260 ac
2719 4209 3175 4276 stupendissimus
3205 4211 3501 4270 thesaurus

1928 4306 2106 4360 neque
2153 4292 2207 4346 in
2239 4303 2290 4347 te
2321 4308 2454 4361 uno,
2491 4294 2585 4350 sed
2635 4304 2690 4352 et
2743 4296 2885 4365 apud
2957 4299 3272 4371 innumeros
3306 4304 3507 4373 pariter

1927 4382 2169 4453 ejusdem
2202 4392 2411 4439 naturae
2438 4384 2532 4439 tibi
2564 4388 3003 4459 comparticipes,
3032 4401 3160 4447 tune
3194 4394 3274 4449 vis
3311 4403 3501 4451 aucto-

249 4478 443 4542 ἁπλῶς
470 4481 645 4533 εἰπεῖν
683 4480 777 4534 τοῦ
811 4482 869 4535 ὲν
901 4481 984 4534 σοὶ
1034 4480 1429 4536 ποικιλωτάτου
1464 4487 1558 4537 καὶ
1589 4488 1826 4556 παραδο-

1936 4489 2044 4530 rem
2068 4489 2190 4529 csse
2214 4476 2444 4545 nullum,
2483 4487 2648 4548 atque
2684 4494 2822 4549 opus
2849 4490 3055 4536 tantum
3091 4486 3198 4541 tuis
3221 4484 3380 4542 factis
3407 4487 3499 4544 de-

253 4569 481 4634 ξοτάτου
524 4571 827 4641 χρήματος,
874 4571 984 4625 οὐδ’
1023 4572 1083 4626 ἑν
1115 4572 1195 4625 σοὶ
1236 4573 1422 4642 μόνον,
1457 4575 1593 4629 ἀλλὰ
1626 4577 1719 4631 καὶ
1765 4577 1827 4632 ιν

250 4661 654 4732 ἀναριθμήτοις
698 4662 901 4733 ὁμοίως
950 4664 1062 4726 τοῖς
1109 4664 1206 4733 τῆς
1231 4663 1408 4734 αύτῆς
1461 4671 1825 4739 μετεσχηκόσι

251 4771 339 4807 σοι
370 4753 607 4825 φύσεως,
641 4756 704 4808 ού
751 4756 925 4820 θέλεις
969 4752 1474 4834 εἰναινίδημιουργὸν
1524 4762 1619 4813 καὶ
1658 4761 1825 4834 χείρω

250 4822 399 4902 εἶναι
426 4847 680 4901 τοσοῦτον
723 4847 897 4913 θέλεις
925 4848 1035 4902 τῶν
1066 4822 1567 4921 σῶννποιημάτωνι
1604 4822 1713 4906 Kal.
1745 4822 1822 4908 ’σὺ

253 4938 360 5009 μιν
384 4936 450 4990 ἂν
476 4938 757 5008 οἰκοδόμος
787 4935 855 5011 ἧς
890 4940 986 4994 καὶ
1017 4939 1284 5009 δεσπότης
1331 4940 1465 5011 ὁμοῦ
1495 4942 1596 5012 τῆς
1621 4942 1821 5011 οἰκίας,

247 5032 351 5102 οὐχ
382 5032 526 5094 ὅπως
569 5032 733 5101 μόνον
759 5033 970 5100 γένοιτο
1009 5032 1109 5102 τὴν
1137 5031 1334 5103 ἀρχὴν,
1382 5031 1519 5088 ἀλλὰ
1547 5033 1642 5087 καὶ
1672 5034 1822 5099 ὅπως

247 5122 320 5177 ἂν
361 5123 674 5177 συνίσταιτο
724 5125 994 5194 προνοεῖς,
1036 5124 1147 5177 τῶν
1176 5123 1315 5194 πρὸς
1344 5123 1500 5177 τοῦτο
1542 5125 1821 5195 φερόντων

249 5217 472 5268 πάντων
504 5214 927 5285 ἐπιμελόμενος·
959 5214 1054 5269 σοῦ
1080 5215 1138 5267 δὲ
1164 5216 1261 5268 καὶ
1287 5217 1386 5285 τῆς
1416 5214 1517 5285 σῆς
1552 5213 1698 5286 ζωῆς
1724 5216 1819 5269 06-

244 5306 377 5361 δένα
413 5307 591 5377 βούλει
619 5305 943 5379 φροντιστὴν
974 5304 1112 5360 εἶναι
1142 5309 1236 5362 καὶ
1261 5308 1537 5377 κηδεμόνα
1561 5322 1576 5338 ⁸
1609 5309 1702 5361 καὶ
1726 5310 1822 5363 ἀν·

170 5442 177 5447 .
245 5398 473 5468 θρώπου
512 5400 610 5469 μὲν
669 5400 763 5472 δέῃ
799 5401 935 5470 πρὸς
969 5398 1144 5453 ταῦτά
1195 5416 1347 5465 ποτε,
1388 5397 1447 5462 ὃς
1496 5398 1620 5453 οὐδὲ
1669 5400 1819 5470 αύτῷ

251 5490 473 5545 Σύναται
502 5490 718 5562 βοηθεῖν
742 5507 753 5520 ⁸
785 5490 879 5544 τοῦ
916 5490 973 5545 δὲ
1013 5491 1177 5561 μόνου
1224 5489 1442 5560 βοηθεῖν
1476 5490 1695 5561 ἔχοντος
1724 5491 1819 5544 καὶ

246 5581 570 5654 βοηθοῦντος
597 5585 699 5637 οὐκ
741 5582 955 5648 ἐπαϊεις
977 5584 1070 5638 καλ⁵
1104 5582 1389 5653 βοηθοῦντι
1437 5583 1730 5654 προσέχειν
1755 5583 1815 5638 οὐ

243 5674 428 5745 βούλει
460 5675 592 5746 μηδὲ
618 5674 781 5746 χάριν
818 5675 1100 5745 ὁμολογεῖν
1126 5676 1140 5729 !
1178 5676 1287 5728 Καὶ
1313 5676 1493 5729 οἰκίαν
1522 5675 1622 5745 μὲν
1656 5678 1818 5730 ἐπαι-

246 5767 361 5827 νεῖς
387 5765 461 5830 ὡς
486 5762 546 5821 εὖ
578 5766 952 5838 εἰργασμένην
980 5766 1245 5832 συντόνως
1277 5768 1516 5824 ἐπαινῶν
1543 5767 1638 5823 τὸν
1662 5768 1815 5840 δεδη-

1934 4564 2104 4622 terius
2138 4568 2152 4621 l
2187 4566 2251 4621 Et
2301 4575 2356 4622 tu
2407 4567 2624 4638 quidem
2696 4570 2745 4625 si
2792 4570 2987 4628 domus
3042 4584 3282 4631 structor
3338 4577 3504 4637 simul

1932 4657 2168 4713 exsistas
2196 4665 2251 4713 et
2282 4657 2561 4727 dominus,
2605 4676 2713 4716 non
2740 4662 2915 4719 solum
2944 4665 3217 4735 quomodo
3245 4669 3315 4722 sit
3343 4684 3506 4727 exse-

1928 4750 2146 4821 quenda
2174 4752 2426 4822 provides
2459 4756 2526 4808 ab
2559 4755 2737 4820 initio,
2762 4756 2856 4810 sed
2892 4757 3056 4810 etiam
3091 4760 3367 4825 quomodo
3391 4762 3503 4818 dss-

1930 4843 2200 4913 poneuda,
2229 4852 2284 4900 et
2310 4845 2578 4915 quidquid
2595 4846 2747 4915 operi
2770 4845 3016 4901 conferat
3045 4846 3291 4903 nonnihil
3315 4865 3503 4908 curas.

1928 4932 2007 4988 De
2032 4944 2083 4990 te
2107 4950 2234 4989 vero
2254 4949 2318 4989 ac
2342 4935 2448 4989 vita
2476 4948 2567 4990 tua
2593 4935 2866 4991 neminem
2901 4952 3022 4992 esse
3048 4938 3206 4995 ducis
3234 4942 3326 5011 qui
3346 4950 3497 5000 cure‘

1928 5036 2024 5081 aut
2058 5026 2300 5097 cogitet!
2365 5026 2475 5081 imo
2515 5027 2617 5082 hoc
2644 5027 2939 5099 aliquando
2971 5030 3243 5088 hominem
3282 5034 3501 5102 rogabis

1928 5118 2022 5191 qui
2038 5132 2105 5173 ne
2117 5116 2460 5189 sesequidem
2476 5135 2536 5176 va
2544 5119 2611 5176 let
2629 5119 2903 5191 adjuvare,
2916 5132 3076 5193 atque
3089 5123 3262 5181 solum
3284 5140 3405 5183 vero
3417 5126 3505 5199 iu-

1927 5222 2144 5269 rantem
2164 5212 2496 5283 iuvandique
2511 5228 2759 5283 capacem
2776 5229 2884 5271 non
2918 5217 3126 5283 laudas,
3143 5235 3318 5289 neque
3333 5222 3498 5277 etiam

1922 5307 2132 5377 iuvanti
2163 5306 2245 5361 vis
2269 5306 2548 5362 attendere
2573 5315 2662 5360 aut
2690 5308 2890 5376 gratias
2909 5308 3109 5366 referre
3132 5313 3144 5367 ί
3171 5311 3249 5365 Ae
3276 5312 3498 5368 domum

1925 5399 2144 5469 quidem
2174 5399 2382 5461 flaudas
2446 5407 2507 5456 ut
2556 5398 2759 5458 ati'abre
2807 5400 3004 5458 iactam
3055 5411 3497 5473 structoremque

1926 5487 2262 5544 incessanter
2307 5488 2572 5558 praedicas
2602 5506 2618 5556 ;
2650 5505 2771 5561 quae
2794 5501 2976 5547 autem
3004 5492 3058 5545 in
3089 5502 3140 5546 te
3164 5501 3250 5547 est
3273 5501 3497 5562 stupen~

1925 5579 2050 5635 dam
2082 5578 2225 5634 hanc
2271 5590 2325 5635 et
2366 5581 2621 5636 eximiam
2684 5582 3107 5637 architecturam
3159 5581 3494 5641 dehonestas

1922 5671 2081 5742 cuius
2116 5682 2223 5727 tam
2255 5682 2506 5742 proterve
2550 5681 2874 5729 structorem
2924 5674 3200 5745 abuegas!
3261 5690 3495 5745 cumque

1925 5775 2257 5824 asserentem
2293 5766 2592 5837 quamlibet
2614 5780 2745 5825 casu
2776 5776 3030 5826 constare
3070 5768 3291 5826 domum
3344 5778 3493 5827 tuam

3914 3934 3919 4045 ,ι

3914 4126 3917 4295 ι
