3932 6458
435 387 544 454 ετξ,
653 389 662 395 ·
1251 473 1262 479 ἢ
1527 385 1908 448 GENNADII
1953 385 2064 448 cr.
2105 385 2621 448 mammona:
3547 393 3656 456 ιχ..

404 511 412 563 l
501 504 618 571 Qua
642 514 774 560 vero
800 499 867 556 de
895 513 1064 555 causa
1094 514 1200 555 non
1250 497 1453 554 eaedem
1500 498 1757 554 omnibus
1802 497 1957 554 artibt

2088 543 2090 552 ι
2189 497 2357 550 ’Υλαι
2393 496 2450 550 δὲ
2486 497 2602 560 πῶς
2654 495 2750 567 ούχ
2803 499 2858 552 αῖ
2907 495 3070 550 αὑταὶ
3116 495 3314 559 πάσαις
3362 498 3641 556 ὑπόκεινται

430 595 671 652 materiae
695 591 999 662 subiacent,
1025 590 1122 646 sed
1150 591 1241 648 alii
1272 590 1376 647 alia
1403 590 1665 660 quaeritur
1689 590 1712 644 ἲ
1733 588 1843 644 Nec
1859 587 1983 642 enin

2186 605 2367 658 χναις;
2423 587 2559 659 πρὸς
2593 587 2640 641 δ’
2671 587 2842 659 ἄλλην
2895 589 3092 657 τέχνην
3124 586 3257 655 ἄλλη
3310 588 3561 658 ζητεῖταισ
3592 596 3641 645 οὐ
3737 633 3739 638 .

429 689 677 761 profecto
725 686 916 742 eadem
968 701 1034 742 ex
1057 687 1282 741 materia
1311 686 1410 742 tibi
1469 686 1901 742 calceamentum
1955 697 1982 737 e

2111 682 2220 750 γὰρ
2251 681 2316 750 τῇ
2371 680 2507 750 αὐτῇ
2557 696 2621 748 γε
2674 678 2778 754 ὕλῃ
2833 681 3087 750 ὑπόδημα
3138 679 3204 733 ἂν
3257 682 3527 750 τεχνάσαιο
3567 686 3643 737 καὶ

430 779 651 833 domum
683 792 865 842 erues,
889 785 941 831 et
967 776 1013 832 si
1043 791 1152 831 non
1177 771 1340 830 metio
1369 774 1749 832 caementitiatn
1807 772 1901 829 sed
1955 786 1983 826 e

2109 770 2311 834 οίκίαν,
2345 770 2525 842 τεῖπερ
2569 773 2664 826 καὶ
2715 773 3078 842 σκυτοτομεῖν
3128 771 3346 842 εἰδείης,
3397 771 3455 824 ού
3505 774 3641 840 μόνον

431 867 696 926 sutoriam
725 865 937 922 celeres
961 873 1131 922 artem
1167 881 1184 934 ;
1235 879 1412 934 neque
1434 864 1586 924 ultro
1634 863 1914 918 laborares
1961 877 1984 917 s

2110 861 2446 932 οἰκοδομεῖν*
2479 863 2580 917 οὐκ
2611 862 2678 918 ἂν
2705 863 2750 917 δ’
2801 858 2947 933 εἶχες
2981 862 3280 933 πράγματα
3321 859 3474 921 ἑκὼν,
3508 863 3645 932 εῖπερ

431 974 498 1015 ex
547 958 738 1013 eadem
787 971 977 1021 posses
1025 965 1322 1024 utrumque
1371 955 1664 1011 coniicere.
1724 954 1984 1010 Undenan

2110 951 2366 1024 ἠδύνασο,
2402 954 2467 1024 τῇ
2500 953 2638 1025 αύτῇ
2671 948 2820 1007 οἶκόν
2846 971 2906 1006 τε
2939 953 3035 1006 καὶ
3075 951 3326 1020 ὑπόδημα
3355 953 3514 1004 ποιεῖν
3541 949 3644 1022 ὕλῃ.

432 1044 598 1113 igitur
621 1041 762 1114 apud
790 1042 1031 1099 artifices
1061 1043 1149 1098 illa
1197 1044 1346 1100 circa
1399 1044 1654 1100 materias
1704 1042 1964 1099 discretio

2111 1042 2284 1098 Πόθεν
2320 1043 2368 1098 δ’
2395 1047 2428 1115 ἡ
2469 1045 2610 1099 κατὰ
2664 1045 2762 1118 τὴν
2795 1045 2928 1116 ὓλην
2961 1044 3104 1115 αὓτη
3156 1041 3383 1114 διαιρορᾶ
3431 1042 3554 1111 πρός
3591 1062 3645 1110 γε

433 1134 550 1190 Non
581 1135 726 1190 enim
757 1149 858 1191 sua
911 1145 1104 1206 sponte
1157 1136 1208 1190 id
1265 1137 1452 1206 operis
1505 1135 1810 1203 exhibent;
1844 1145 1986 1206 tuqut

2111 1137 2212 1200 τὰς
2245 1137 2440 1208 τέχνας
2471 1141 2580 1202 τοῖς
2614 1139 2923 1208 μετιοῦσιν;
2952 1138 3012 1190 οὐ
3043 1135 3152 1205 γὰρ
3191 1133 3490 1208 βουλόμενοι
3514 1135 3647 1188 τοῦτο

432 1229 549 1298 ipse
581 1227 706 1282 liret
736 1228 993 1286 omnibus
1017 1229 1267 1284 similiter
1292 1230 1356 1283 ad
1392 1239 1723 1284 structuram
1751 1239 1894 1284 tuam
1928 1237 1985 1284 ut

2110 1210 2458 1301 πάσχουσιν,
2520 1233 2613 1288 καὶ
2675 1231 2740 1284 σὺ
2795 1229 3080 1300 βουληθεὶς
3137 1227 3430 1298 κεχρῆσθαι
3475 1227 3650 1289 πάσαις

432 1321 640 1384 liceret,
674 1330 730 1376 at
764 1335 870 1374 non
901 1319 1022 1376 ideo
1047 1335 1258 1390 posses.
1316 1318 1506 1388 Viden,
1541 1321 1686 1390 quod
1739 1319 1985 1390 ejusmod

2109 1323 2312 1392 ὁμοίως
2348 1324 2484 1394 πρὸς
2533 1324 2633 1394 τὴν
2686 1324 2786 1393 σὴν
2834 1319 3186 1392 οίκοδομικὴν
3229 1321 3329 1373 οὐκ
3375 1318 3438 1372 ἂν
3471 1319 3647 1382 δύναιο,

435 1412 728 1476 ordinatio,
759 1413 978 1468 tametsi
1031 1412 1085 1467 in
1113 1413 1323 1468 artibus
1349 1421 1404 1468 et
1435 1413 1662 1482 epiliciis
1696 1428 1791 1483 per
1821 1428 1880 1468 se
1926 1413 1988 1466 vi-

2104 1416 2361 1484 καθάπερ
2416 1415 2592 1483 ἔφθην
2643 1415 2836 1470 εἰπών.
2903 1415 3071 1484 Ὁρᾷς
3103 1411 3205 1482 τὴν
3248 1409 3498 1480 τοιαύτην
3523 1409 3651 1474 τάξιν

433 1505 630 1560 deatur
658 1505 760 1559 arti
791 1505 1054 1572 subjecta,
1111 1507 1228 1576 ipsa
1289 1519 1474 1560 revera
1533 1507 1712 1574 prtrs‘t
1755 1503 1986 1558 omnibtn

2109 1510 2211 1562 κάν
2241 1508 2362 1571 ταῖς
2401 1507 2616 1577 τέχναις
2649 1524 2705 1560 τε
2733 1508 2824 1559 καὶ
2864 1509 2977 1569 τοῖς
3011 1521 3242 1575 τεχνητο
3256 1505 3308 1567 ῖς
3346 1503 3647 1572 φαινομένην

435 1611 562 1665 quae
588 1597 914 1652 naturaliter
941 1605 1220 1662 constant,
1244 1597 1339 1651 tibi
1369 1612 1499 1656 vero
1547 1604 1789 1666 potestas
1837 1597 1988 1653 indit:

2107 1600 2186 1669 τῷ
2215 1599 2314 1671 τὴν
2349 1600 2449 1669 μὲν
2495 1599 2656 1668 φύσιν
2680 1598 3026 1653 ’ὑποκεῖσθαι
3069 1599 3137 1668 τῇ
3188 1595 3387 1666 τέχνῃ,
3428 1593 3649 1665 τετάχθαι

439 1688 514 1742 sit
550 1687 862 1744 inveniendi
892 1705 1140 1759 quaenam
1175 1689 1402 1745 cuilibet
1429 1689 1530 1744 arti
1581 1706 1628 1742 Πι
1673 1690 1844 1743 atctia
1879 1705 1992 1743 con.

2109 1692 2165 1745 δὲ
2194 1691 2480 1762 προδήλως
2511 1691 2682 1760 αύτὴν
2710 1693 2767 1744 ὲν
2796 1692 2910 1753 τοῖς
2947 1689 3110 1762 φύσει
3145 1673 3467 1742 συνεστῶσιν
3486 1685 3647 1750 ἅπασι,

435 1789 638 1850 ετιιιιι;
669 1779 785 1849 ipsa
837 1779 1071 1849 denique
1108 1781 1346 1848 ratioiest
1379 1781 1540 1836 etiam
1567 1779 1668 1834 sibi
1693 1779 1988 1835 famulantit

2113 1783 2195 1834 σοὶ
2216 1783 2270 1834 δὲ
2287 1771 2516 1850 δύναμιν
2532 1780 2865 1833 ἐντεθεῖσθαι
2881 1780 2998 1847 τοῦ,
3017 1779 3146 1833 ποία
3169 1779 3238 1833 ἂν
3257 1778 3357 1848 ὕλη
3378 1777 3497 1847 ποίᾳ
3512 1776 3649 1846 τέχνη

434 1871 703 1926 exercitii.
729 1871 994 1928 Przeterea
1013 1886 1183 1940 quare
1199 1888 1323 1928 cum
1341 1872 1578 1929 aediﬁcas
1600 1889 1630 1928 a
1650 1873 1987 1930 fundamentt

2107 1835 2739 1942 dppdaersv:supsrtxﬁv
2760 1887 2774 1902 ·
2805 1835 3016 1940 ταύτην
3049 1869 3098 1923 δ’
3133 1865 3274 1922 εἶναι
3306 1835 3394 1920 sint
3411 1835 3553 1935 λόχον

433 1960 656 2032 incipis,
687 1977 875 2018 muros
901 1964 1096 2018 deinde
1122 1973 1490 2032 coagmentata,
1519 1969 1761 2036 posthaec
1799 1967 1986 2022 tabula

2107 1964 2306 2035 πείρας
2335 1963 2721 2034 ὑπουργούσης
2752 1961 2920 2032 αύτῷ.
2955 1961 3118 2018 Ἀλλὰ
3153 1961 3261 2032 μὴν
3287 1959 3379 2013 καλ⁵
3405 1958 3488 2012 διὰ
3520 1959 3565 2011 τί
3598 1959 3648 2010 ἐκ

435 2063 617 2110 menta
645 2057 1012 2126 supersternis
1030 2072 1092 2111 ac
1117 2057 1352 2126 parietes
1383 2074 1600 2114 rursum
1652 2060 1838 2130 erigis,
1892 2072 1988 2116 tun

2111 2055 2364 2127 θεμελίου
2385 2054 2686 2125 οἰκοδομῶν
2704 2054 2872 2126 ἄρχῃ,
2894 2049 3014 2108 εἶτα
3032 2053 3254 2122 τοίχους
3278 2049 3547 2120 συνείρεις,
3565 2042 3647 2101 εἶτ’

435 2146 690 2216 deinceps
721 2155 926 2204 tectum
963 2148 1224 2219 imponis,
1278 2164 1342 2206 ac
1391 2152 1603 2207 tandem
1660 2152 1988 2208 distributae

2109 2148 2370 2218 ἑφαπλοῖς
2402 2149 2841 2219 καταστρώματα
2866 2147 2960 2200 καὶ
2992 2144 3206 2216 τοίχους
3255 2138 3321 2196 αὖ
3359 2139 3647 2209 έπεγείρεις,

435 2249 668 2292 exornas
688 2237 999 2294 interiorem
1022 2239 1244 2295 domum
1272 2256 1289 2309 ;
1319 2243 1516 2296 atenim
1540 2258 1814 2314 nunquam
1841 2256 1988 2300 retro

2109 2237 2226 2293 εἶτα
2254 2240 2565 2293 τελευταῖον
2617 2237 2881 2301 ἐπιτιθεῖς
2911 2237 3136 2308 ὀροφὴν,
3188 2232 3310 2288 εἶτα
3343 2232 3558 2303 μερίζων
3581 2227 3649 2282 έν-

439 2343 632 2384 νρτειιε
665 2329 768 2384 ista
799 2330 1052 2402 peragis?
1075 2334 1269 2387 Annon
1310 2333 1535 2390 evidens
1594 2334 1735 2404 quud
1793 2336 1986 2392 etiams

2109 2330 2200 2384 δον
2225 2332 2616 2398 κατακοσμεῖς,
2649 2330 2768 2383 ιιιλλ⁹
2790 2330 3045 2384 οὐδέποτε
3070 2329 3164 2383 καὶ
3200 2323 3650 2395 ἀντεστραμμένως

440 2419 598 2476 aliter
621 2420 774 2486 velis,
797 2436 902 2476 non
919 2422 1038 2478 ideo
1059 2433 1314 2493 praestare
1336 2425 1549 2494 queas?
1574 2423 1666 2482 Vel
1700 2428 1861 2482 etiam
1888 2444 1993 2500 pro-

2112 2422 2288 2477 ταῦτα
2330 2425 2543 2488 ποιεῖς;
2596 2423 2841 2494 ἦδῆλον,
2898 2423 2972 2487 ὡς
3021 2423 3120 2476 οὐκ
3157 2422 3228 2477 ἂν
3285 2422 3451 2484 ἄλλως
3499 2419 3651 2472 δύναιο

406 2537 412 2543 -
439 2509 584 2566 fectu
611 2511 836 2582 pedibus
871 2523 994 2570 utut
1021 2515 1183 2585 capiti
1219 2515 1422 2572 innixis
1448 2518 1745 2587 incederes,
1778 2521 1821 2577 si
1848 2521 1959 2574 mod

2115 2517 2287 2568 ποιεῖν
2319 2514 2441 2568 οὐδὲ
2477 2515 2802 2586 βουληθείς;
2837 2510 2916 2568 Ἦ
2945 2513 3052 2585 γὰρ
3087 2514 3155 2570 ἂν
3204 2514 3300 2569 καὶ
3340 2509 3651 2583 περιεπάτεις

441 2603 644 2668 valeas,
678 2604 820 2674 quod
843 2615 896 2660 et
918 2606 1127 2664 lusores
1180 2608 1399 2678 quidam
1431 2609 1740 2681 prodigiose
1767 2620 1994 2682 patranti

2112 2607 2244 2659 ποτὲ
2270 2609 2336 2677 τῇ
2379 2608 2591 2678 κεφαλῇ
2634 2607 2761 2670 τοὺς
2812 2607 2974 2670 πόδας
3025 2605 3342 2675 ὲπερείδων,
3383 2604 3527 2673 είπερ
3551 2599 3652 2669 ἠδύ-

443 2693 497 2746 hi
527 2710 654 2751 vero
687 2711 754 2752 ne
781 2712 888 2753 una
913 2699 1130 2768 quidem
1169 2701 1284 2755 vice
1306 2701 1470 2771 capiti
1503 2717 1600 2770 pro
1622 2703 1853 2774 pedibus
1875 2703 1996 2759 insit

2111 2716 2264 2763 νασο,
2304 2699 2439 2768 ὅπερ
2471 2699 2601 2752 ἔνιοι
2635 2698 2920 2762 παίζοντες
2952 2695 3474 2766 παραδοξοποιοῦσιν
3495 2709 3508 2726 ·
3544 2692 3653 2745 καθα

442 2794 618 2851 stunt,
651 2787 988 2858 impossibile
1012 2789 1158 2846 enim
1191 2800 1308 2858 est;
1340 2793 1589 2848 manibus
1609 2803 1789 2850 autem
1821 2805 1995 2852 evectt

2111 2809 2270 2862 ηνται
2301 2789 2354 2844 δὲ
2385 2790 2494 2844 οὐδ’
2541 2782 2688 2871 οὗτοι
2715 2791 2781 2862 τῇ
2811 2788 3022 2860 κεφαλῇ
3052 2787 3310 2854 καθάπαξ
3344 2787 3456 2840 ἀντὶ
3483 2785 3650 2847 ποδῶν,

443 2880 622 2949 capite
647 2881 794 2934 humi
823 2880 1039 2948 ludunt,
1071 2884 1187 2938 vice
1214 2885 1410 2952 pedum
1459 2887 1712 2942 manibus
1770 2897 1988 2945 utentes

2113 2881 2394 2954 ἀμήχανον
2431 2881 2560 2952 γὰρ,
2592 2884 2713 2945 ταῖς
2747 2881 2803 2935 δὲ
2830 2882 2988 2954 χερσὶ
3012 2882 3110 2952 τὴν
3145 2879 3388 2951 κεφαλὴν
3422 2877 3650 2950 μετεωρί-

443 2968 642 3041 Ulquid
679 2973 901 3044 insuper
926 2975 977 3028 in
1009 2975 1142 3029 mari
1172 2993 1278 3030 non
1309 2977 1567 3046 aedificas,
1592 2991 1686 3033 aut
1712 2991 1878 3036 nauta
1903 2996 1996 3037 nor

2115 2977 2303 3041 ζοντες
2349 2977 2441 3028 ἐπὶ
2497 2976 2602 3046 γῆς
2634 2976 2887 3042 παίζουσι
2935 2977 3056 3039 ταῖς
3106 2977 3298 3046 χερσὶν
3351 2974 3464 3028 ἀντὶ
3505 2968 3653 3023 ποδῶν

442 3064 576 3118 Solet
615 3071 758 3119 terra
788 3069 1066 3136 navigare,
1118 3068 1222 3123 nisi
1266 3070 1408 3138 quod
1467 3086 1642 3139 neque
1700 3085 1797 3140 per
1849 3088 1995 3143 agro:

2113 3065 2412 3138 χρώμενοι.
2449 3067 2550 3119 Διὰ
2579 3068 2630 3118 τί
2662 3066 2720 3120 δὲ
2763 3067 2857 3120 καὶ
2891 3066 2966 3136 μὴ
3002 3066 3308 3135 οἱκοδομεῖς
3343 3065 3400 3116 έν
3423 3059 3651 3126 θαλάσση,

443 3152 738 3224 navigatio,
799 3171 900 3211 nec
951 3155 1005 3211 in
1056 3158 1189 3211 mari
1245 3161 1807 3230 unquamgaadiiicatio
1857 3163 1996 3234 [μηδ’

2119 3159 2228 3213 οὐδ’
2253 3161 2281 3213 ὁ
2318 3159 2643 3222 πλευστικὸς
2669 3157 2764 3211 hri.
2793 3158 2896 3229 γῆς
2935 3157 3094 3211 εῐωθε
3125 3157 3304 3221 πλεῖν,
3341 3157 3372 3226 ἢ
3397 3155 3472 3208 ὅτι
3519 3151 3652 3205 πλευ-

447 3253 611 3314 queat
638 3259 739 3303 suo
784 3247 1059 3304 munere?
1123 3245 1246 3302 Uno
1293 3253 1474 3316 verbo,
1517 3267 1581 3308 ex
1634 3264 1751 3309 arte
1790 3257 2000 3325 quidem

2118 3251 2278 3319 στικὴ
2311 3250 2408 3321 μὲν
2440 3250 2532 3302 ἐπὶ
2562 3245 2689 3317 γῆς,
2720 3246 3040 3317 οἰκοδομικὴ
3080 3245 3136 3298 δὲ
3169 3246 3264 3298 ἐπὶ
3295 3243 3550 3310 θαλάττης
3575 3237 3654 3290 ούιι

443 3330 718 3394 aediﬁcare
775 3338 1034 3406 didicisti,
1097 3351 1293 3395 natura
1336 3353 1516 3398 autem
1561 3346 1996 3417 naturalibusqut

2117 3341 2185 3397 ἂν
2208 3341 2456 3396 δύναιντό
2491 3358 2623 3395 ποτε
2674 3339 2742 3392 τὰ
2778 3338 2958 3393 αὐτῶν
3010 3337 3314 3408 πράττεινς
3365 3335 3454 3388 καὶ
3501 3328 3656 3390 ἁπλῶς

445 3433 610 3488 rebus
649 3431 840 3485 uteris.
877 3431 983 3486 Aut
1021 3433 1068 3488 si
1118 3449 1272 3489 esses
1329 3434 1594 3503 medicus,
1655 3436 1856 3494 herbas
1905 3440 1998 3495 uti-

2117 3437 2315 3502 εἰπεῖν,
2347 3435 2514 3507 τέχνῃ
2565 3434 2663 3504 μὲν
2707 3433 2879 3504 δήπου
2914 3431 2972 3484 τδ
3004 3430 3312 3500 οἰκοδομεῖν
3359 3426 3494 3496 ἔχειν
3536 3421 3657 3488 εἴλη-

443 3538 550 3592 que
576 3537 638 3578 ac
667 3521 874 3593 lapides
899 3524 951 3578 in
983 3524 1123 3580 hanc
1148 3536 1317 3580 artem
1339 3527 1648 3584 adbiberes.
1695 3529 1863 3601 Atqui
1911 3532 1996 3588 aii:

2120 3545 2250 3599 φας,
2282 3527 2552 3599 κέχρησαι
2581 3526 2638 3580 δὲ
2673 3527 2835 3596 φύσει
2861 3542 2918 3578 τε
2948 3524 3043 3579 καὶ
3071 3525 3188 3587 τοῖς
3235 3522 3333 3592 τῆς
3365 3519 3562 3590 φύσεως
3587 3512 3659 3583 ἕρ·

445 3613 662 3684 quidem
693 3614 760 3668 ad
795 3615 940 3670 aliud
972 3616 1143 3672 berb'a
1174 3629 1300 3674 nata
1329 3627 1438 3686 est,
1465 3636 1640 3691 neque
1671 3622 1739 3677 ad
1795 3623 1998 3681 morbo:

2121 3637 2259 3690 γοις.
2294 3621 2404 3674 Καὶ
2431 3621 2614 3692 ἰατρὸς
2635 3621 2795 3688 εῖπερ
2823 3614 2988 3690 ἦσθα,
3019 3616 3276 3688 βοτάναις
3303 3616 3369 3669 ἂν
3394 3614 3484 3667 καὶ
3517 3605 3659 3666 λίθοις

444 3712 658 3759 tantum
678 3709 970 3772 sanandos,
995 3706 1090 3764 sed
1117 3717 1169 3764 et
1192 3708 1500 3766 inducendo
1519 3721 1630 3766 tum
1653 3712 1862 3769 scilicet
1884 3713 1997 3784 ipsi:

2122 3713 2260 3783 πρὸς
2289 3714 2389 3782 τὴν
2418 3713 2616 3782 τέχνην
2649 3703 2854 3781 ταύτην
2893 3710 3162 3780 ἐκέχρησο
3181 3726 3196 3742 ο
3247 3696 3440 3778 βοτάνη
3466 3703 3517 3756 δὲ
3542 3697 3653 3765 ἄλλη

447 3799 750 3866 utentibus,
782 3809 896 3856 tum
922 3802 990 3857 iis
1021 3803 1113 3872 qui
1148 3812 1290 3859 recte
1325 3805 1403 3860 uti
1427 3805 1682 3860 nesciunt
1706 3821 1724 3873 ;
1749 3807 1853 3861 alia
1886 3819 2000 3862 τοι(

2121 3803 2256 3874 δρᾷν
2282 3800 2410 3856 ἄλλο
2438 3819 2492 3855 τι
2523 3802 2794 3871 πέφυκεν,
2823 3800 2944 3855 οὐδὲ
2978 3799 3305 3870 νοσημάτων
3336 3793 3661 3850 ἀπαλλάττειν

444 3888 608 3941 etiam
641 3887 798 3956 plane
850 3890 1146 3959 perimunt,
1207 3894 1403 3950 nedum
1453 3894 1742 3952 sanitatem
1801 3911 1994 3952 εει-τευ

2128 3894 2311 3966 μόνον,
2343 3893 2477 3947 ἀλλὰ
2510 3894 2604 3948 καὶ
2632 3896 2823 3957 νόσους
2871 3893 3046 3945 ποιεῖν
3092 3896 3208 3956 τοῖς
3237 3889 3372 3953 ὅλως
3399 3883 3661 3958 χρωμένοις

447 3988 540 4034 aut
578 3989 855 4037 revocent.
891 3979 966 4037 ita
992 3992 1044 4038 et
1071 3985 1278 4054 lapides
1309 3995 1626 4055 operantur,
1673 3999 1777 4042 nec
1823 4001 2000 4042 eorun

2125 3986 2159 4057 ἢ
2189 3987 2302 4050 τοῖς
2329 3985 2430 4039 οὒκ
2480 3985 2648 4039 εἰδόσι
2679 3984 2918 4058 χρῆσθαι
2963 3984 3167 4050 καλῶς,
3199 3982 3296 4036 καὶ
3333 3980 3586 4035 κτείνουσι
3615 3971 3660 4024 δὲ

446 4082 643 4132 natura
671 4075 779 4130 ulla
817 4091 1054 4146 unquam
1088 4088 1272 4146 posset
1305 4079 1572 4134 industria
1619 4079 1840 4134 mutari.
1903 4077 1999 4134 lio:

2125 4075 2284 4131 ἄλλαι
2319 4076 2540 4140 τελείως
2589 4077 2710 4131 ἀντὶ
2737 4075 2834 4129 τοῦ
2869 4075 3094 4146 τρέφειν
3121 4074 3156 4144 ἢ
3200 4073 3301 4143 τὴν
3351 4068 3529 4138 ὑγείαν
3553 4065 3662 4116 ἔπα-

447 4175 655 4221 tautum
689 4167 1045 4236 prohibentur
1071 4183 1160 4235 ne,
1179 4170 1456 4242 proprium
1479 4175 1821 4240 assequendo
1838 4169 1994 4224 linem

2129 4169 2396 4235 νασώζειν
2422 4185 2436 4201 ⁸
2469 4170 2564 4223 καὶ
2595 4168 2734 4222 λίθοι
2763 4167 2821 4222 δὲ
2845 4165 3110 4228 ὡσαύτως
3137 4164 3314 4218 ταῦτα
3343 4157 3560 4218 ποιοῦσι,
3584 4149 3661 4204 καὶ

447 4258 581 4312 alias
606 4247 707 4312 sibi
749 4262 1053 4316 contrarias
1102 4261 1249 4317 vires
1300 4270 1393 4316 aut
1429 4260 1764 4318 eiIicaciores
1813 4277 2000 4334 praepe-

2122 4264 2223 4332 τὴν
2254 4263 2434 4316 αὐτῶν
2492 4259 2656 4332 φύσιν
2695 4259 2874 4322 οὐδεὶς
2932 4259 2998 4313 ἂν
3043 4257 3272 4328 οὐδεμιᾷ
3311 4247 3659 4324 μεταποιήσει

448 4354 600 4408 diant
627 4365 837 4406 necnon
850 4361 904 4406 et
927 4352 1168 4424 reliquas
1185 4352 1319 4407 artis
1337 4353 1651 4410 methodos.

2122 4357 2322 4429 τέχνῃ⁴
2377 4354 2650 4428 εἴργονται
2693 4354 2852 4426 μόνον
2897 4355 2966 4408 τὰ
3011 4351 3206 4420 αύτῶνί
3235 4349 3472 4416 ὲξανύειν
3509 4340 3658 4401 ἄλλοις

449 4443 707 4498 τάναντία
739 4459 799 4496 τε
825 4442 1096 4512 πεφυκόσι
1122 4441 1250 4496 ’καὶ
1315 4441 1771 4514 δραστικωτέροις
1801 4444 2276 4518 ἁντιπραττόμενα
2305 4447 2399 4501 καὶ
2427 4445 2675 4518 μεθόδοις
2703 4446 2897 4516 τέχνης
2929 4443 3163 4515 ἑτέραις.

524 4539 712 4607 Itaque
737 4552 803 4591 ex
835 4535 1247 4592 sublimioribus
1277 4535 1372 4592 Dei
1420 4536 1678 4606 operibus
1728 4547 1891 4607 atque
1944 4554 2025 4596 re-
2053 4541 2077 4601 l

2214 4541 2312 4595 Ἐκ
2340 4539 2450 4594 τῶν
2484 4539 2835 4610 ὑψηλοτέρων
2876 4538 3056 4593 τοίνυν
3087 4537 3184 4591 τοῦ
3214 4535 3348 4590 Θεοῦ
3397 4537 3561 4603 ἔργων
3585 4529 3659 4582 καὶ

452 4645 572 4684 rum
607 4636 661 4683 et
684 4627 880 4683 virium
903 4625 988 4682 his
1014 4626 1301 4682 insitarum
1363 4633 1470 4681 tam
1499 4627 1770 4683 concinna
1821 4629 2005 4684 distin-

2126 4631 2226 4699 τῆς
2273 4630 2540 4684 εὒτάκτου
2573 4629 2842 4702 διαφορᾶς
2891 4628 3004 4683 τῶν
3035 4630 3092 4682 ὲν
3126 4629 3312 4692 αὐτοῖς
3355 4625 3556 4697 φύσεων
3583 4618 3660 4672 καὶ

449 4723 650 4785 c.ione.
679 4737 744 4777 ex
770 4719 1216 4775 manifestissima
1257 4729 1310 4775 et
1345 4719 1612 4789 stupenda
1643 4720 1832 4775 mutuli
1863 4721 2002 4792 hujnt

2127 4721 2431 4792 δυνάμεων,
2484 4721 2579 4776 καὶ
2626 4721 2730 4790 τῆς
2784 4722 3180 4793 φανερωτάτης
3237 4718 3332 4774 καὶ
3385 4713 3657 4782 ξενιζούσης

455 4815 696 4872 universi
729 4813 1200 4868 administratione
1245 4811 1332 4868 cui
1380 4821 1566 4868 tantus
1596 4813 1755 4884 Iordo
1800 4823 2008 4884 praeest,

2125 4810 2279 4866 τοῦδε
2308 4811 2404 4866 τοῦ
2448 4812 2646 4875 παντὸς
2688 4811 3007 4881 διοικήσεως
3053 4810 3199 4865 οὕτω
3246 4809 3364 4864 λίαν
3399 4805 3552 4873 οὔσης
3581 4799 3656 4853 εὖ·

453 4925 520 4965 ex
548 4909 730 4963 multis
756 4908 876 4963 aliis
911 4905 1148 4976 denique
1183 4905 1234 4960 id
1261 4906 1499 4977 generis,
1532 4907 1675 4962 unde
1722 4921 1913 4962 omnes
1953 4907 2006 4962 ac

2125 4902 2326 4957 τάκτου
2349 4904 2444 4957 καὶ
2460 4901 2670 4956 πολλῶν
2690 4901 2868 4957 ἄλλων
2889 4901 3170 4967 τοιούτων,
3201 4901 3272 4954 δι’
3292 4895 3368 4957 ὧν
3387 4892 3653 4963 ἀναγκαίως

453 5001 548 5055 Dei
578 5001 826 5054 notitiam
858 4985 1175 5054 necessario
1204 4999 1468 5068 compulsi
1532 5005 1682 5063 sunt,
1725 5011 1919 5067 posses
1967 5010 2006 5052 et

2126 4995 2264 5065 πρὸς
2293 4993 2389 5068 τὴν
2419 4996 2551 5066 περὶ
2599 4993 2690 5048 τοῦ
2724 4992 2869 5048 θείου
2919 4993 3121 5055 πάντες
3159 4993 3404 5063 ἤχθησαν
3455 4987 3652 5044 ἔννοιαν.

452 5104 508 5147 tu
537 5092 860 5160 comperire,
889 5091 933 5146 si
960 5090 1146 5157 libeat,
1165 5090 1436 5147 nibilesse
1467 5090 1548 5146 vel
1573 5089 1690 5145 ﬁeri
1716 5089 1859 5159 quod
1883 5105 2005 5160 pra:-

2122 5079 2269 5154 εἶχες
2297 5086 2384 5152 ἂν,
2424 5088 2582 5155 ειπερ
2610 5083 2842 5139 ἐδούλου.
2873 5084 3213 5156 καταμαθεῖν
3260 5084 3354 5138 καὶ
3402 5079 3567 5140 αὐτὸς,
3598 5071 3657 5131 ὡς

450 5193 536 5240 ter
568 5182 816 5238 Ordinem
843 5181 936 5238 ﬁat
963 5191 1056 5237 aut
1083 5182 1175 5249 sit,
1205 5181 1566 5252 universaque
1591 5181 1736 5238 entia
1785 5182 2003 5251 quadan

2121 5177 2277 5232 οὐδὲν
2308 5178 2458 5231 ἔστιν
2485 5179 2543 5232 ιν
2570 5177 2681 5239 τοῖς
2709 5172 2830 5230 οὖσι
2858 5177 2956 5230 καὶ
2985 5177 3298 5245 γινομένοις
3327 5173 3451 5228 ἄνευ
3479 5164 3654 5228 τάξεως

451 5277 605 5348 quasi
640 5274 969 5348 permirabiii
1001 5283 1194 5330 catena
1226 5274 1474 5330 eonnecti
1500 5275 1662 5329 simul
1693 5289 1756 5330 ac
1784 5275 2004 5341 secerni,

2122 5267 2183 5322 ὃν
2219 5269 2314 5322 καὶ
2362 5268 2664 5340 γινόμενον,
2700 5265 2796 5322 καὶ
2846 5269 2928 5322 ὅτι
2953 5268 3205 5338 καθάπερ
3253 5256 3654 5348 ὑπερθαυμσάτιρ

451 5344 612 5439 cujus
642 5344 750 5422 non
781 5363 1014 5422 fuissent
1046 5363 1147 5434 ipsi
1180 5363 1399 5420 sibimet
1427 5371 1704 5419 auctores.
1731 5361 1916 5433 Neque
1941 5370 2004 5419 tet

2123 5365 2232 5414 τινὶ
2268 5361 2427 5431 σειρᾷ
2474 5361 2542 5414 τὰ
2573 5360 2701 5414 ὄντα
2733 5360 2913 5414 πάντα
2961 5358 3264 5413 συνδέδεταί
3294 5373 3352 5409 τε
3382 5353 3468 5408 καὶ
3500 5344 3653 5439 διαθείς

453 5470 675 5531 tamque
699 5457 995 5517 dissimiles
1024 5466 1230 5512 natura:
1253 5455 1308 5509 in
1338 5455 1497 5511 unius
1526 5453 1714 5510 mundi
1754 5455 2006 5511 constitu-

2122 5470 2330 5524 κριταιο
2357 5430 2486 5524 illnc
2510 5452 2612 5508 οὐκ
2655 5453 2722 5508 ἃν
2754 5451 2850 5509 ἀπ’
2880 5451 3064 5508 αὐτῶν
3108 5454 3166 5506 ὲν
3197 5450 3392 5523 αὐτοῖς⁵
3421 5443 3500 5512 εἴη
3521 5456 3535 5472 ο
3564 5430 3653 5531 ούδ¹

451 5527 656 5610 tionem
684 5553 825 5607 inter
855 5566 914 5608 se
936 5555 1124 5606 essent
1159 5548 1228 5604 ab
1261 5547 1420 5602 initio
1464 5556 1754 5616 consertae,
1804 5548 2004 5603 nomint

2122 5547 2190 5600 ἂν
2247 5544 2663 5616 συνεπλάκησαν
2713 5545 2811 5617 τὴν
2857 5545 3038 5622 ἀρχὴν
3065 5541 3326 5598 τοσαῦται
3366 5536 3438 5609 τῷ
3492 5527 3651 5597 πλήθη

448 5645 560 5715 jam
595 5653 708 5698 tum
731 5653 1051 5699 conserente
1091 5640 1307 5711 illisque
1352 5639 1434 5694 sic
1485 5647 1744 5708 perpetuo
1777 5638 2001 5694 coalend

2125 5639 2318 5711 φύσεις
2345 5640 2436 5692 καὶ
2461 5637 2602 5693 οὕτω
2635 5639 2887 5710 διάφοροι
2918 5637 3058 5710 πρὸς
3088 5638 3206 5698 ἐνδς
3252 5633 3450 5704 κόσμου
3483 5623 3650 5717 σῦπαξ

452 5733 566 5787 vim
592 5732 967 5802 suppeditante
987 5746 1150 5801 quant
1181 5731 1298 5799 ipse
1322 5739 1506 5800 posset
1549 5729 1618 5784 ad
1663 5737 1854 5784 nutum
1909 5728 2005 5784 sol-

2127 5748 2213 5785 σιν
2244 5731 2372 5786 ἄνευ
2403 5729 2498 5784 τοῦ
2527 5730 2932 5801 συμπλέξαντός
2951 5747 3010 5783 τε
3037 5731 3135 5802 τὴν
3160 5726 3335 5798 ἀρχὴν
3360 5723 3444 5776 καὶ
3469 5717 3556 5783 τὴν
3572 5723 3649 5762 του

453 5840 603 5882 vere.
633 5824 802 5884 Porro
831 5825 1121 5882 ordinatim
1156 5825 1260 5883 ista
1308 5836 1596 5880 conserere
1647 5822 1786 5878 idem
1837 5829 1919 5878 est
1961 5837 2006 5877 at

2123 5824 2211 5880 διὰ
2243 5824 2444 5889 παντὸς
2491 5823 2634 5878 οὕτω
2665 5824 3086 5896 συμπεπλέχθαι
3118 5822 3346 5892 δύναμιν
3384 5810 3548 5872 αὐτοῖς
3572 5803 3649 5859 δν·

3869 1505 3871 1546 l

3869 1551 3871 1590 l

3869 1615 3871 1648 l
