3932 6458
256 343 355 409 577
417 376 428 387 ·
1336 335 1439 396 DE
1476 331 1625 395 Ι)Εο
1663 329 1746 392 ΙΝ
1786 326 1831 387 Τ

1938 326 1970 387 Ν
1985 324 2206 386 ιΤΑτΕ
2238 322 2419 389 UNO.
3379 317 3483 382 578

252 463 503 535 θεμένου,
536 461 605 533 ἢν
633 458 791 524 αὐτὸς
830 458 989 530 μόνος
1021 458 1087 513 ἂν
1121 456 1351 529 ἠδύνατο
1375 454 1470 509 καὶ
1500 451 1670 518 λύειν,
1702 448 1820 515 εἴγε

1938 450 2131 510 iacere,
2157 444 2299 498 idem
2333 450 2388 498 et
2415 440 2713 497 dissolvere
2771 447 2934 510 atque
2974 439 3176 496 delere.
3232 437 3314 493 Tu
3371 454 3503 495 vero

252 555 520 614 ιὸούλετο.
553 553 626 607 Τὸ
657 554 713 606 δὲ
745 553 1080 623 συμπλέκειν
1110 548 1281 605 ταῦτα
1311 548 1592 607 εὐτάκτως
1622 543 1817 595 ταυτόν

251 652 369 704 ἔστι
401 646 478 717 τῷ
513 647 707 710 ποιεῖν,
749 646 845 700 καὶ
889 645 966 715 τῷ
997 642 1244 714 φθείρειν
1272 639 1332 694 τδ
1370 635 1610 692 διαλύειν
1631 650 1648 667 ·
1685 635 1733 713 εί
1760 632 1818 687 δὲ

254 738 588 808 συμπλέκεις
644 737 738 791 καὶ
791 736 854 790 σὺ
912 736 1204 805 διαφόρους
1253 732 1442 801 φύσεις
1493 727 1815 794 οίκοδομῶν,

252 830 366 887 ἀλλ’
392 829 488 899 οὐχ
518 829 595 893 ὡς
620 828 686 884 ἂν
726 828 1064 899 βουληθείης,
1094 825 1170 889 ὡς
1204 823 1270 880 ἂν
1300 822 1357 876 δὲ
1400 819 1818 891 συμπλέκοιντο,

252 920 344 974 καὶ
390 920 423 989 ἡ
467 919 565 988 τῆς
597 920 694 989 σῆς
722 919 916 989 τέχνης
946 914 1240 988 ὶφαρμογὴ
1287 916 1353 984 τῇ
1390 910 1676 980 συμπλοκῇ
1716 906 1824 961 τῶν

253 1011 468 1079 φύσεων
491 1012 687 1066 ἕπεται
706 1028 722 1043 ·
744 1012 868 1066 ὅθεν
896 1028 960 1064 συ
970 1010 1234 1081 μπλέκεις
1268 1008 1427 1078 μόνον
1446 1003 1541 1058 καὶ
1559 1002 1621 1056 οὐ
1649 998 1823 1062 ποιεῖς

253 1103 445 1166 αὑτάς.
499 1102 560 1156 Ὀ
589 1105 645 1157 δὲ
672 1105 771 1167 τὰς
813 1104 1049 1173 φυσικὰς
1077 1099 1408 1171 συμπλέκων
1458 1095 1729 1163 ἰδιότητας
1765 1092 1823 1143 ὲν

251 1199 364 1259 τοῖς
399 1196 515 1250 οὖσι
550 1199 645 1251 καὶ
676 1196 904 1267 ποιητὴς
942 1195 1122 1249 αὐτῶν
1162 1194 1278 1246 ἐστι
1308 1191 1480 1261 δήπου
1503 1204 1517 1218 ο
1549 1185 1694 1238 ποιεῖ
1717 1181 1825 1251 γὰρ

255 1290 347 1340 καὶ
380 1290 670 1359 ὑφίστησιν
708 1287 903 1354 οὕτως,
935 1285 1013 1351 ὡς
1059 1286 1126 1340 ἂν
1152 1285 1246 1339 καὶ
1290 1278 1707 1351 συμπλέκεσθαι
1735 1274 1829 1327 δυ-

1926 555 2050 595 cum
2088 537 2344 599 aedificas,
2380 535 2485 591 etsi
2516 535 2695 590 varias
2729 535 2891 589 etiam
2929 534 3232 606 compingis
3255 543 3498 599 naturas,

1927 632 1976 686 id
2012 645 2118 685 non
2143 643 2243 699 pro
2272 636 2407 682 nutu
2441 626 2682 697 quidem,
2712 626 2807 682 sed
2838 636 2899 681 ut
2929 627 3071 681 forte
3117 624 3408 695 contigerit
3447 635 3505 681 et

1925 724 2059 777 artis
2094 728 2197 774 tua;
2221 716 2506 787 dispositio
2548 721 2763 773 naturis
2813 717 3089 774 subditur.
3136 715 3292 772 Unde
3338 731 3506 786 coag-

1929 821 2142 870 mentas
2173 811 2356 876 modo,
2392 825 2499 863 non
2530 824 2658 864 vero
2678 822 2855 865 creas.
2902 808 3002 875 Qui
3055 818 3232 864 autem
3282 815 3503 862 cutibus

1925 905 2206 962 naturales
2234 911 2383 972 aptat
2416 902 2791 971 proprietates,
2816 901 2905 955 ille
2924 900 3112 971 procul
3150 900 3318 953 duhio
3343 907 3427 953 est
3449 906 3505 953 et

1927 1011 2120 1052 eerum
2166 994 2362 1050 factor.
2417 993 2502 1047 lta
2577 1007 2813 1062 namque
2890 995 3064 1062 ipsam
3140 991 3503 1047 substantiam

1926 1088 2090 1144 cilicii
2116 1096 2177 1142 ut
2203 1086 2414 1156 possint
2445 1083 2512 1138 ad
2540 1083 2769 1152 hujusce
2816 1084 2978 1138 totius
3005 1082 3193 1137 mundi
3229 1083 3507 1150 composi-

1933 1181 2135 1235 tionem
2168 1176 2437 1246 adaptari,
2457 1183 2618 1245 prout
2647 1175 2719 1229 illi
2744 1174 3041 1244 profuerit;
3068 1190 3230 1243 quem
3263 1173 3327 1228 ad
3345 1174 3506 1229 linem

1935 1282 2127 1323 omnes
2155 1266 2395 1321 universi
2426 1273 2608 1334 partes
2630 1264 2928 1319 confecitet
2943 1265 3274 1320 conciliavit.

253 1382 467 1453 νηθεῖεν
499 1356 632 1452 πρὸς
673 1382 790 1445 ἐνὸς
822 1380 915 1435 τοῦ
948 1378 1145 1441 παντὸς
1189 1375 1345 1431 τοῦδε
1377 1373 1655 1437 σύστασιν,
1691 1368 1812 1439 ἥτις
1837 1358 1906 1436 ἦν
1941 1359 2091 1431 αὖτῷ
2130 1357 2407 1431 προῦργου
2436 1374 2451 1390 ⁹
2491 1359 2586 1412 καὶ
2637 1358 2829 1411 τούτου
2879 1357 3040 1427 χάριν
3109 1356 3180 1409 τὰ
3212 1356 3305 1410 τοῦ
3369 1372 3510 1409 παν·

253 1474 343 1537 τὸς
372 1474 553 1528 ἐποίει
581 1491 639 1527 τε
669 1476 764 1528 καὶ
805 1473 1102 1527 συνέπλεκε
1133 1470 1295 1541 μέρη.

325 1568 388 1623 Εἰ
422 1569 468 1620 δ’
498 1568 564 1621 ἐκ
590 1566 819 1639 μηδενὸς
847 1565 955 1621 τῶν
993 1564 1275 1626 τοιούτων,
1314 1562 1420 1616 ἀπὸ
1461 1557 1661 1612 σαυτοῦ
1693 1552 1824 1626 γοῦν

260 1658 423 1729 μόνου
452 1659 546 1711 καὶ
576 1661 675 1729 τῆς
707 1657 806 1728 σῆς
839 1658 1054 1726 φύσεως
1099 1653 1327 1710 καὶτῶν
1374 1652 1482 1707 σῶν
1507 1652 1684 1720 ἔργων
1717 1648 1825 1701 ἔδει

258 1768 317 1805 σε
346 1754 443 1805 τὸν
475 1752 777 1821 ἐπιγνῶναι
807 1750 1158 1821 δημιουργὸν,
1202 1748 1262 1812 ὃς
1294 1764 1374 1801 σοι
1405 1746 1542 1815 μετὰ
1565 1743 1658 1799 τοῦ
1685 1736 1828 1796 εῖναι

1992 1540 2103 1615 Sin
2127 1552 2255 1594 vero
2279 1534 2547 1593 nihildum
2585 1532 2852 1590 movearis
2876 1532 3181 1602 huiusmodi
3215 1532 3508 1604 exemplis.

1932 1651 1997 1693 ex
2025 1632 2313 1701 temetipso
2333 1637 2478 1701 certe
2501 1628 2715 1698 quidem
2741 1638 2941 1698 tuaque
2961 1636 3152 1682 natura
3173 1635 3227 1681 et
3251 1626 3511 1696 operibus

1943 1729 2038 1785 tibi
2064 1732 2275 1782 creator
2311 1730 2428 1778 erat
2458 1719 2861 1791 agnoscendus,
2891 1734 2923 1773 a
2953 1735 3063 1787 quo
3106 1729 3215 1773 tum
3244 1733 3365 1772 esse
3399 1728 3511 1771 tum

255 1847 348 1899 καὶ
375 1846 479 1916 τὴν
512 1809 647 1917 πρὸς
680 1809 1097 1900 causaeser
1127 1809 1282 1909 τάξιν
1304 1858 1317 1874 ·
1364 1809 1461 1896 καὶ
1498 1836 1704 1907 ταύτην
1739 1851 1823 1888 σοι

1938 1822 1994 1877 td
2018 1810 2227 1889 reliqua
2246 1816 2489 1872 ordinari
2513 1823 2706 1870 nactus
2742 1828 2822 1868 es.
2848 1813 2998 1868 Hanc
3017 1811 3179 1881 igitur
3197 1823 3317 1880 ego,
3334 1809 3514 1878 negle-

254 1938 355 2003 τὴν
381 1939 502 1992 ὁδὸν
554 1938 650 1992 νῦν
680 1939 842 2008 ἡμεῖς
874 1938 937 1990 ἐκ
989 1935 1308 2007 περιουσίας
1358 1935 1477 1988 ἀντὶ
1510 1929 1723 1989 ¹πολλῶν
1766 1945 1827 1981 τε

258 2030 561 2085 ἄλλωνκαῖ
611 2032 932 2100 σοφωτέρων
979 2029 1114 2083 ὁδῶν
1144 2027 1554 2099 προύθήκαμεν,
1596 2023 1698 2076 οὐκ
1739 2019 1828 2075 ἐπ’

259 2122 471 2193 ἐλέγχῳ
503 2124 664 2193 μόνον
695 2124 794 2192 τῆς
826 2125 923 2191 σῆς
954 2120 1290 2191 ἀφροσύνης,
1324 2118 1458 2173 ἀλλὰ
1489 2116 1585 2172 καὶ
1636 2130 1831 2184 συνερ-

259 2216 359 2286 γοῦ
376 2232 510 2281 δτες,
555 2217 741 2270 εἴποτε
774 2216 1095 2287 βουληθείης
1122 2213 1371 2269 ἐντεῦθεν
1399 2210 1531 2282 γοῦν
1558 2208 1830 2279 ἠργμένος

252 2309 348 2362 τοῦ
384 2328 442 2362 σε
475 2311 566 2363 καὶ
597 2309 775 2363 πάντα
806 2311 1134 2381 ποιήσαντος
1165 2304 1542 2361 συναισθέσθαι
1568 2303 1729 2358 Θεοῦ.
1757 2301 1828 2354 Σὺ

254 2398 312 2451 δὲ
342 2399 444 2468 τῆς
475 2400 574 2468 μὲν
603 2399 780 2462 οίκίας
809 2399 1144 2469 δημιουργὸν
1174 2396 1371 2450 σαυτὸν
1405 2390 1544 2449 εἶναι
1573 2394 1701 2463 φῂς,
1736 2389 1831 2445 καὶ

253 2487 403 2541 πάνυ
433 2488 629 2556 καλῶς,
677 2489 774 2542 καὶ
820 2491 921 2554 τῆς
951 2491 1009 2541 ὲν
1041 2488 1123 2542 σοὶ
1174 2486 1269 2540 τοῦ
1300 2486 1659 2557 δημιουργεῖν
1688 2480 1831 2534 οὕτω

253 2578 461 2648 τέχνης
494 2580 667 2633 αἴτιον
713 2580 806 2633 τὸν
842 2578 1131 2646 διδάξαντά
1164 2595 1222 2632 σε
1253 2580 1455 2649 ταύτην
1503 2577 1788 2647 ὁμολογεῖς
1813 2592 1830 2610 ·

255 2670 408 2739 ἅπερ
442 2672 554 2725 οὐδ’
583 2672 746 2735 εὐθὺς
794 2674 1129 2743 γεννηθέντι,
1169 2672 1305 2741 μετὰ
1333 2671 1391 2725 δὲ
1439 2670 1537 2740 τὴν
1570 2670 1833 2743 δευτέραν

250 2758 481 2828 ἠλικίαν
506 2763 708 2832 παρῆν,
754 2762 958 2825 πάσαις
994 2765 1369 2833 παρασκευαῖς
1402 2762 1464 2814 ἐκ
1491 2762 1590 2831 τῆς
1619 2762 1835 2831 φύσεως

252 2852 628 2923 ὲξηρτυμένῳ
674 2854 851 2917 καλῶς
880 2855 1016 2922 πρὸς
1046 2855 1107 2907 τὸ
1154 2854 1413 2907 δύνασθαι
1450 2854 1744 2922 μανθάνειν
1773 2871 1835 2907 τε

257 2944 359 2995 καὶ
389 2930 746 3013 ἐργάζεσθαι.
777 2946 885 2999 Καὶ
909 2944 1033 2997 οὗτε
1061 2945 1237 3013 λέγεις
1269 2944 1368 3009 τὴν
1395 2945 1574 2998 οίκίαν
1602 2944 1839 3014 αὐτόμα-

256 3050 355 3085 τον
385 3035 709 3105 ὑποστῆναι,
734 3032 769 3106 ἦ
800 3037 908 3106 γὰρ
937 3035 1004 3089 ἂν
1030 3036 1197 3107 αὐτῆς
1226 3037 1324 3088 οὐκ
1352 3035 1583 3106 ἀπῄτεις
1622 3036 1834 3104 μισθὸν,

255 3127 378 3181 οὔτ’
428 3128 753 3198 αὐτομάτως
783 3146 866 3183 σοι
897 3128 996 3199 τὴν
1046 3129 1244 3199 τέχνην
1274 3126 1453 3180 ἐλθεῖν
1480 3144 1496 3159 ο
1531 3129 1590 3180 ού
1637 3127 1742 3201 γὰρ
1770 3127 1837 3181 ἂν
1862 3154 1908 3214 c

256 3220 373 3273 ἔδει
409 3237 469 3273 σε
528 3220 909 3291 προσεδρεύειν
951 3220 1221 3287 φοιτῶντα
1252 3220 1370 3273 οὐδὲ
1410 3220 1635 3290 μισθοὺς
1671 3220 1835 3273 ὑπισ-

257 3311 513 3382 χνεῖσθαι
558 3327 618 3364 τε
670 3312 766 3363 καὶ
822 3312 1085 3382 παρέχειν
1125 3310 1201 3380 τῷ
1243 3310 1517 3365 δεικνύναι
1563 3327 1643 3364 σοι
1674 3311 1837 3364 δυνα-

261 3404 416 3472 μένῳ
444 3419 457 3433 ·
487 3401 581 3455 τοῦ
610 3403 655 3456 δ’
683 3405 747 3456 ἐκ
784 3403 959 3473 ψυχῆς
997 3419 1058 3456 σε
1090 3402 1416 3455 συνεστάναι
1449 3402 1542 3455 καὶ
1582 3401 1837 3469 σώματος

256 3496 357 3548 καὶ
385 3494 489 3565 τὴν
518 3496 615 3565 μὶν
637 3494 813 3564 ψυχὴν
843 3494 1133 3555 τοσαύταις
1166 3494 1403 3546 συνεῖναι
1430 3496 1526 3546 καὶ
1552 3493 1835 3556 τοιαύταις

255 3588 557 3657 δυνάμεσι,
591 3586 651 3641 τὸ
696 3589 753 3640 δὲ
784 3587 944 3656 σῶμα
976 3585 1250 3647 τοσούτοις
1287 3584 1655 3639 συντεθεῖσθαι
1696 3602 1835 3639 στοι-

255 3679 453 3748 χείοις,
489 3678 527 3732 ἃ.
557 3679 669 3741 τοῖς
695 3678 787 3732 τοῦ
826 3678 1031 3740 κόσμου
1082 3676 1363 3747 στοιχείοις
1406 3677 1676 3749 ᾠκείωταί
1721 3693 1838 3741 πως

254 3769 415 3823 τοῦδε
468 3769 563 3823 τοῦ
616 3769 753 3839 πρὸς
784 3769 937 3838 ⁴ἡμῖν,
989 3764 1108 3821 εἶτα
1140 3766 1415 3829 τοσούτοις
1468 3768 1600 3820 αὐτὸ
1644 3768 1834 3836 μέρεσι

254 3863 352 3916 καὶ
415 3862 634 3932 μορίοις
690 3858 1068 3929 διακεκρίσθαι
1121 3874 1180 3910 τε
1225 3856 1362 3925 ὁμοῦ
1407 3858 1501 3910 καὶ
1564 3859 1829 3928 ἡνῶσθαι,

253 3950 596 4023 ὁμοιομερές
625 3968 685 4003 τε
720 3950 812 4003 καὶ
844 3949 1259 4019 ἀνομοιομερὲς,
1292 3950 1385 4002 καὶ
1417 3949 1714 4020 ὲνδοτέροις
1739 3950 1834 4004 καὶ

252 4047 546 4118 φανεροῖς,
598 4043 690 4100 καὶ
733 4043 893 4110 τάξιν
938 4043 1118 4096 αἰτίου
1168 4060 1227 4095 τε
1280 4043 1374 4095 καὶ
1418 4042 1662 4096 αἰτιατοῦ
1696 4043 1835 4113 πρὸς

254 4140 475 4210 ἄλληλα
506 4138 713 4207 ἔχουσι,
758 4137 852 4190 καὶ
879 4134 1103 4205 τοῦτὴν
1141 4134 1320 4204 ψυχὴν
1350 4133 1692 4187 τελειοῦσθαι
1737 4134 1838 4202 μὲν

251 4232 335 4294 είς
360 4231 576 4303 ἀρετὴν
606 4227 867 4282 δύνασθαι
897 4228 991 4281 καὶ
1022 4227 1211 4297 σοφίαν
1240 4228 1530 4297 χρωμένην
1551 4225 1729 4295 ὀρθῶς
1759 4224 1838 4294 τῷ

248 4322 508 4392 σώματι,
542 4318 762 4387 φαύλως
791 4317 848 4369 δὲ
882 4318 1230 4387 κεχρημένην
1253 4316 1580 4386 ἀμφοτέρων
1605 4316 1839 4384 διαμαρ·

202 4412 203 4415 “
251 4414 440 4467 τάνειν
476 4414 573 4464 καὶ
624 4410 760 4480 πρὸς
798 4409 900 4481 τὴν
942 4407 1193 4462 ἐναντίαν
1239 4406 1397 4476 ἥκειν
1446 4405 1712 4473 διάθεσιν,
1745 4407 1839 4462 καὶ

1928 1914 2031 1971 etis
2069 1911 2193 1967 aliis
2239 1909 2489 1980 pluribus
2536 1907 2710 1976 iisque
2734 1905 3218 1975 optimis,alteram
3252 1918 3318 1958 ex
3342 1902 3513 1955 abun-

1928 2008 2080 2065 danti
2102 2006 2244 2061 viam
2273 2018 2538 2075 propono,
2558 2017 2666 2056 non
2697 2008 2755 2055 ut
2776 2010 2918 2056 tuam
2951 1998 3108 2054 modo
3128 1996 3400 2053 confutem
3427 1995 3511 2049 in-

1931 2100 2163 2162 saniam,
2190 2096 2285 2153 sed
2308 2096 2470 2151 etiam
2504 2094 2775 2163 adjuvem,
2808 2092 2981 2161 siqua
3009 2089 3221 2144 tandem
3255 2089 3380 2143 hinc
3406 2102 3514 2142 ca:-

1931 2196 2075 2263 plsse
2109 2190 2241 2247 vais
2281 2189 2358 2243 tui
2406 2184 2756 2253 omniumque
2819 2182 3154 2239 conditorem
3187 2178 3512 2249 intelligere

1932 2283 2125 2339 Deum.
2146 2281 2225 2338 Tu
2248 2293 2377 2351 ergo
2408 2278 2602 2333 domus
2634 2275 3020 2331 attliii‘catorem
3054 2272 3284 2342 teipsutn
3316 2270 3421 2335 ais,
3459 2277 3514 2324 ct

1932 2376 2092 2447 plane
2108 2373 2299 2430 merito
2317 2389 2332 2438 ;
2350 2380 2511 2441 atque
2536 2368 2697 2439 hujus
2720 2368 2856 2423 artis
2876 2380 3001 2421 eum
3028 2365 3124 2420 tihi
3145 2378 3367 2419 causam
3390 2376 3514 2418 esse

1932 2465 2123 2524 fateris
2147 2482 2176 2521 a
2200 2480 2310 2537 quo
2339 2461 2578 2520 didicisti
2603 2478 2618 2529 ;
2645 2462 2846 2532 quippe
2860 2459 2951 2529 qui
2977 2473 3073 2513 nec
3092 2458 3296 2513 dudum
3325 2464 3511 2520 natus,

1936 2558 2159 2616 nonnisi
2193 2558 2403 2612 ﬁrmata
2434 2556 2544 2626 jam
2574 2561 2750 2616 aztate,
2783 2552 2847 2606 ad
2889 2551 2989 2607 hoc
3015 2565 3111 2621 par
3147 2548 3411 2611 evaseris,
3437 2547 3514 2601 in-

1945 2658 2193 2709 structus
2232 2650 2443 2706 scilicet
2469 2647 2723 2703 omnibus
2748 2652 2958 2700 natura
2979 2642 3196 2698 dotibus
3215 2649 3273 2695 ut
3301 2642 3513 2697 discere

1937 2758 2127 2814 posses
2161 2751 2215 2796 et
2237 2740 2508 2798 exerceri.
2551 2739 2805 2794 Attamen
2845 2751 3019 2806 neque
3052 2735 3273 2790 domum
3305 2734 3510 2789 asset-is

1938 2853 2069 2894 casu
2102 2838 2388 2902 exsistere,
2422 2850 2545 2889 nam
2576 2833 2879 2888 mercedem
2916 2830 3163 2901 profecto
3198 2844 3263 2884 ex
3291 2844 3357 2883 ea
3401 2844 3511 2883 non

1934 2936 2255 2998 expeteres;
2282 2940 2457 2996 neque
2496 2924 2719 2979 fortuito
2747 2921 2844 2977 tibi
2879 2922 3121 2976 innatam
3146 2931 3341 2981 artem,
3397 2927 3512 2973 tum

1940 3020 2085 3076 enim
2119 3033 2224 3073 non
2254 3016 2539 3087 Oportebat
2590 3013 2907 3086 magistrum
2948 3013 3084 3067 adeo
3138 3013 3509 3081 frequentare,

1942 3124 2304 3178 nummosque
2328 3108 2596 3179 spondere
2619 3118 2674 3164 et
2725 3107 2959 3162 solvere.
2992 3104 3339 3159 Nuncautem
3367 3104 3511 3171 quod

1940 3200 2119 3255 anima
2154 3206 2372 3253 constes
2403 3205 2905 3266 etcorpore,atque
2933 3203 3009 3249 tot
3036 3194 3311 3263 tantisque
3331 3195 3514 3249 anima

1939 3297 2010 3352 sit
2045 3296 2313 3349 instructa
2370 3294 2593 3356 viribus,
2626 3305 2823 3361 corpus
2867 3298 3049 3344 autem
3096 3295 3175 3343 tot
3231 3287 3515 3342 elementis

1936 3387 2318 3448 constitutum,
2345 3399 2467 3454 quae
2497 3398 2621 3439 cum
2672 3383 2900 3452 hujusce
2962 3381 3107 3436 circa
3162 3394 3263 3435 nos
3322 3378 3511 3434 mundi

1935 3478 2220 3547 principiis
2251 3477 2363 3532 fere
2402 3478 2734 3542 coalescunt,
2761 3475 2906 3545 quod
2964 3485 3073 3530 tam
3115 3474 3303 3529 multis
3364 3472 3510 3529 istud

1937 3568 2187 3637 partibus
2231 3578 2283 3622 et
2323 3566 2604 3637 particulis
2634 3571 2705 3621 sit
2748 3567 3066 3643 distinctum
3098 3566 3259 3621 simul
3290 3573 3347 3622 et
3380 3565 3515 3622 adu-

1935 3670 2149 3724 natum,
2180 3659 2456 3717 similibus
2513 3676 2575 3716 ac
2620 3659 3004 3724 dissimilibus,
3059 3648 3398 3729 internisque
3454 3668 3514 3714 et

1938 3752 2327 3821 apparentibus
2375 3752 2758 3821 compositum,
2794 3766 2916 3821 quae
2970 3751 3113 3806 inter
3165 3765 3227 3806 se
3280 3750 3512 3805 invicem

1936 3843 2149 3899 ratione
2182 3857 2359 3899 causae
2388 3852 2443 3899 et
2464 3843 2689 3899 etl‘ectus
2735 3844 3080 3906 ordinantur,
3108 3842 3255 3911 quod
3289 3842 3515 3911 insuper

1937 3934 2120 3988 anima
2146 3933 2346 3990 virtute
2376 3935 2546 4003 possit
2576 3939 2631 3988 et
2650 3934 2914 4003 sapientia
2940 3932 3149 4003 perﬁci,
3177 3934 3339 3986 modo
3364 3942 3513 3987 recte

1938 4039 2167 4094 corpore
2198 4035 2403 4092 utatur,
2430 4025 2513 4080 sin
2551 4025 2733 4079 minus
2764 4027 2832 4079 ab
2877 4035 3112 4093 utroque
3157 4024 3369 4079 decidet
3400 4025 3512 4094 jam

1939 4114 1994 4169 in
2020 4116 2352 4170 contrarium
2395 4116 2687 4171 decessura
2716 4132 2732 4181 ;
2766 4125 2820 4171 et
2860 4129 2927 4170 ne
2958 4114 3134 4184 plura,
3159 4115 3303 4185 quod
3352 4115 3406 4169 in
3464 4126 3518 4171 te

1938 4204 2011 4261 sit
2035 4221 2291 4278 perquam
2325 4207 2508 4262 varius
2527 4207 2616 4261 ille
2635 4222 2699 4262 ac
2728 4207 3185 4276 stupendissimns
3214 4207 3511 4264 thesaurus

1939 4313 2116 4367 neque
2163 4299 2218 4352 in
2250 4308 2300 4353 te
2331 4312 2464 4364 uno,
2502 4297 2596 4353 sed
2645 4305 2700 4353 et
2753 4296 2896 4365 apud
2967 4298 3283 4371 innumeros
3316 4299 3518 4369 pariter

1938 4389 2180 4461 ejusdem
2213 4397 2422 4443 natura:
2449 4388 2543 4442 tibi
2575 4388 3014 4459 comparticipes,
3043 4399 3172 4444 tune
3205 4390 3285 4445 vis
3323 4398 3513 4446 aucto-

252 4504 448 4568 ἁπλῶς
478 4503 657 4557 εἰπεῖν
695 4500 789 4555 τοῦ
824 4502 882 4555 ὲν
914 4500 996 4552 σοὶ
1047 4496 1442 4552 ποικιλωτάτου
1477 4500 1571 4551 καὶ
1602 4498 1832 4567 παραδο-

1943 4496 2056 4538 rem
2080 4496 2202 4537 esse
2227 4481 2456 4549 nullum,
2495 4489 2661 4551 atque
2696 4495 2834 4550 opus
2861 4489 3068 4535 tantum
3104 4483 3210 4538 tuis
3233 4480 3393 4538 factis
3420 4481 3511 4537 de-

257 4595 490 4660 ξοτάτου
535 4593 840 4663 χρήματος,
887 4589 996 4644 οὐδ’
1037 4590 1096 4643 ἐν
1128 4589 1209 4641 σοὶ
1249 4588 1436 4657 μόνον,
1470 4588 1606 4641 ἀλλὰ
1639 4588 1733 4642 καὶ
1779 4588 1840 4643 ὲν

254 4686 668 4757 ἀναριθμήτοις
712 4682 914 4753 ὁμοίως
964 4682 1076 4744 τοῖς
1110 4681 1220 4751 ,τῆς
1246 4678 1422 4749 αὐτῆς
1475 4682 1839 4751 μετεσχηκόσι

256 4798 343 4833 σοι
374 4779 622 4851 φύσεως,
656 4777 719 4829 οὐ
766 4776 940 4839 θέλεις
985 4762 1488 4851 είναθδημιουργὸν
1539 4774 1634 4826 καὶ
1673 4772 1840 4845 χείρω

256 4840 406 4928 εἷναί
434 4840 696 4925 τοσοῦτον
738 4868 913 4932 θέλεις
941 4866 1051 4921 τῶν
1082 4840 1583 4939 σι’ῦνγποιημάτωνί
1620 4840 1729 4918 κει
1761 4840 1838 4918 ⁷σὺ

259 4965 364 5035 μὲν
389 4962 461 5017 ἂν
490 4960 773 5030 οίκοδόμος
803 4955 871 5031 ἧς
907 4959 1003 5013 καὶ
1034 4957 1301 5025 δεσπότης
1348 4953 1482 5025 ὁμοῦ
1511 4955 1613 5024 τῆς
1638 4953 1838 5021 οίκίας,

253 5059 357 5128 οὐχ
388 5058 544 5117 ὅπως
587 5054 750 5124 μόνον
777 5053 988 5120 γένοιτο
1026 5050 1126 5119 τὴν
1154 5047 1351 5118 ἀρχὴν,
1400 5044 1537 5101 ἀλλὰ
1564 5045 1660 5099 καὶ
1690 5046 1840 5108 ὅπως

254 5149 327 5205 ἂν
367 5147 692 5202 συνίσταιτο
743 5144 1013 5215 προνοεῖς,
1054 5140 1166 5195 τῶν
1195 5138 1334 5210 πρὸς
1362 5137 1519 5191 τοῦτο
1561 5137 1839 5207 φερόντων

257 5243 489 5295 πάντων
523 5235 946 5307 ἐπιμελόμενος·
978 5232 1073 5287 σοῦ
1100 5232 1157 5284 δὲ
1184 5232 1280 5284 καὶ
1307 5232 1406 5299 τῆς
1436 5228 1537 5299 σῆς
1571 5226 1717 5298 ζωῆς
1743 5226 1839 5280 οὐ.

252 5334 386 5388 δὲνα
426 5330 611 5403 βούλει
639 5325 962 5399 φροντιστὴν
994 5322 1132 5378 εἶναι
1162 5325 1256 5378 καὶ
1281 5321 1557 5391 κηδεμόνα
1581 5334 1597 5350 ·
1629 5321 1723 5373 καὶ
1747 5321 1842 5374 ἀνη-

178 5470 187 5475 ,
254 5425 493 5495 θρώπου
533 5422 632 5492 μὲν
690 5421 785 5492 δὲῃ
820 5420 956 5489 πρὸς
990 5415 1165 5470 ταῦτά
1216 5430 1368 5480 ποτε,
1409 5411 1469 5476 ὃς
1518 5410 1641 5466 οὐδὲ
1690 5410 1840 5481 αὑτῷ

261 5517 493 5572 5ύναται
524 5512 739 5584 βοηθεῖν
763 5527 775 5541 ’
807 5509 901 5564 τοῦ
938 5509 994 5563 δὲ
1035 5507 1199 5579 μόνου
1246 5504 1464 5576 βοηθεῖν
1498 5503 1717 5574 ἔχοντος
1746 5502 1841 5555 καὶ

256 5606 593 5681 βοηθοῦντος
620 5606 721 5658 οὐκ
764 5602 978 5666 ἐπαϊεις
1000 5601 1093 5656 καὶ
1127 5597 1412 5669 βοηθοῦντι
1460 5596 1753 5667 προσέχειν
1778 5593 1838 5648 οὑ

255 5702 446 5773 βούλει
482 5697 616 5768 μηδὲ
642 5695 805 5767 χάριν
841 5692 1163 5764 όμολογεῖνί
1201 5692 1311 5745 Καὶ
1337 5690 1517 5742 οίκῖαν
1546 5687 1646 5758 μὲν
1680 5689 1842 5740 ἐπαι-

257 5794 372 5855 νεῖς
402 5790 484 5853 ὼς
512 5784 571 5842 εὖ
603 5785 976 5859 εἰργασμένην
1004 5783 1269 5848 συντόνως
1302 5781 1541 5837 ἐπαινῶν
1567 5779 1662 5836 τὸν
1687 5779 1841 5851 δεδη-

1949 4572 2117 4629 terius
2151 4574 2165 4627 l
2200 4572 2264 4627 Et
2315 4581 2369 4627 tu
2420 4570 2638 4641 quidem
2709 4571 2759 4627 si
2804 4570 3001 4627 domus
3055 4581 3296 4627 Structor
3351 4572 3517 4631 simul

1946 4664 2181 4721 exsistas
2210 4672 2265 4720 et
2296 4663 2574 4730 dominus,
2618 4677 2727 4717 non
2754 4662 2929 4720 solum
2958 4662 3230 4734 quomodo
3259 4665 3329 4718 sit
3358 4679 3520 4720 exse-

1944 4758 2161 4829 quenda
2188 4757 2441 4828 provides
2474 4759 2541 4811 ab
2573 4757 2752 4821 initio,
2777 4756 2872 4810 sed
2907 4756 3071 4810 etiam
3107 4756 3382 4823 quomodo
3406 4757 3519 4813 διες

1946 4850 2216 4921 ponenda,
2245 4858 2299 4905 et
2326 4848 2594 4920 quidquid
2610 4846 2763 4917 operi
2786 4845 3032 4899 conferat
3061 4843 3307 4900 nonnihil
3330 4860 3519 4902 curas.

1945 4941 2024 4997 De
2048 4951 2099 4998 te
2124 4956 2251 4996 vero
2271 4954 2335 4995 ac
2358 4940 2464 4995 vita
2493 4952 2584 4993 tua
2609 4936 2883 4991 neminem
2917 4950 3038 4991 esse
3066 4936 3223 4992 ducis
3251 4937 3342 5007 qui
3363 4944 3514 4994 cure‘

1946 5044 2042 5089 aut
2076 5032 2317 5104 cogitet!
2382 5031 2492 5086 imo
2533 5030 2635 5085 hoc
2661 5028 2957 5100 aliquando
2989 5028 3261 5084 hominem
3299 5028 3520 5098 regabis

1946 5126 2040 5200 qui
2057 5139 2124 5180 ne
2136 5121 2478 5195 sesequidem
2495 5122 2629 5179 valet
2647 5121 2922 5192 adjuvare,
2935 5131 3095 5192 atque
3108 5120 3281 5177 solum
3302 5135 3423 5178 Vorc
3436 5121 3523 5193 ju-

1946 5230 2164 5278 vantem
2184 5217 2514 5289 juvandique
2530 5230 2779 5286 capacem
2796 5229 2904 5271 non
2938 5215 3146 5281 laudas,
3163 5231 3337 5286 neque
3353 5217 3518 5271 etiam

1942 5314 2152 5386 juvanti
2183 5312 2266 5367 vis
2289 5310 2568 5366 attendere
2593 5318 2683 5362 aut
2710 5308 2910 5377 gratias
2929 5307 3129 5364 referre
3152 5310 3165 5364 ί
3192 5308 3270 5361 Ac
3296 5308 3519 5362 domum

1947 5407 2165 5478 quidem
2195 5405 2403 5467 flaudas
2467 5411 2527 5460 ut
2577 5401 2779 5459 aﬂ‘abre
2828 5401 3026 5457 factam
3077 5408 3519 5468 stt-ueteremque

1948 5495 2283 5553 incessanter
2329 5492 2593 5563 praedicas
2624 5508 2640 5559 ;
2672 5506 2793 5563 qua:
2816 5501 2998 5546 autem
3025 5490 3081 5543 in
3111 5500 3162 5544 te
3187 5497 3273 5544 est
3295 5497 3518 5557 stupen-

1948 5588 2073 5644 dam
2105 5585 2247 5640 hanc
2294 5595 2348 5640 et
2389 5585 2644 5640 eximiam
2706 5582 3129 5639 architecturam
3182 5578 3516 5635 dehonestas

1947 5680 2105 5751 cujus
2140 5688 2247 5734 tam
2279 5687 2529 5748 proterve
2574 5683 2898 5731 structorem
2948 5672 3224 5743 abnegas!
3284 5686 3519 5739 auxitque

1950 5782 2282 5833 asserentem
2318 5769 2617 5842 quamlibet
2639 5782 2770 5827 casu
2800 5775 3054 5826 constare
3095 5766 3315 5823 domum
3369 5773 3518 5821 tuam

3918 5738 3925 5781 ί

3918 5784 3925 5809 μ

3914 5814 3925 5861 ἢ

3912 5858 3925 5905 «Ἴ

3916 5910 3925 5949 κέ

3915 5951 3925 5989 λ

3922 5994 3925 6021 i

3912 6024 3925 6055 5i

3922 6074 3925 6089 4

3918 6096 3925 6119 1

3922 6124 3925 6151 τ
