3932 6458
272 294 362 359 581
814 355 819 360 .
1343 305 1466 366 ,ΒΕ
1525 305 1670 368 Ι)Εο
1716 305 1795 363 IN
1831 307 2253 391 TlllNlTATE
2307 307 2488 366 ΗΝΘ.

3415 312 3517 374 532

266 413 436 479 vso-3v,
463 415 531 468 δι’
561 415 885 485 ἀμϐλύτητα
917 420 1015 489 μὲν
1051 421 1290 484 διανοιας
1336 421 1495 476 τοῦτο
1528 424 1622 476 καὶ
1667 422 1828 485 αὐτὸς

1941 422 2069 485 sint,
2107 423 2196 491 qui
2234 425 2300 478 ad
2335 440 2500 480 unum
2535 425 2682 479 illum
2709 426 3051 494 aer-edentes,
3093 442 3190 498 pro
3214 427 3520 484 certissima

265 508 594 561 ἐπεπόνθει·
643 509 980 581 ἁμὸλύτεροι
1029 513 1097 564 δι’
1152 512 1219 565 ἂν
1257 507 1392 573 εἷεν,
1455 513 1508 568 εί
1545 530 1584 565 π
1616 512 1644 566 ὑ
1695 529 1837 574 τινες

265 598 462 670 ἐκείνῳ
511 600 960 671 προστεθειμένοι
991 603 1092 673 τὴν
1138 602 1419 672 ἐξόριστον
1473 603 1683 674 πλάνην
1718 605 1839 658 ἀντὶ

263 694 361 759 τῆς
410 692 785 761 ἀληθεστάτης
828 697 922 746 καί¹
966 695 1150 762 κοινῆς
1193 695 1303 748 τῶν
1349 693 1838 765 ἀνθρώπωνδίξης

265 786 522 854 αἱροῖντο.
557 787 663 838 Καὶ
683 787 844 856 ἡμεῖς
874 789 1014 841 κατά
1038 793 1135 858 τῆς
1163 788 1419 850 ἀϐουλίας
1450 789 1658 842 ἐκείνου
1693 788 1838 842 πλεῖ-

267 895 366 930 στα
417 878 904 948 συνεγραψάμεοα,
953 882 1054 934 οὐκ
1101 881 1323 934 ἐκείνων
1351 880 1407 934 δὲ
1441 875 1514 935 ὧν
1560 881 1837 951 ἠδολεσχει

265 964 406 1016 κατὰ
457 965 553 1032 τῆς
606 968 778 1036 ἱερᾶς
808 969 1066 1040 ἀληθείας
1101 971 1503 1039 φροντίζοντες,
1561 971 1700 1024 ἀλλὰ
1739 973 1838 1040 τῆς

261 1059 370 1112 τῶν
407 1061 682 1114 πλείστων
716 1063 772 1112 ἐν
801 1060 878 1130 τῷ
929 1062 1074 1130 γένει
1127 1063 1218 1116 νῦν
1252 1063 1492 1132 ἀμαθίας
1532 1063 1610 1132 τῷ
1667 1062 1836 1118 πάλαι

265 1154 356 1205 καὶ
403 1153 510 1222 πρὸ
548 1153 744 1224 μικροῦ
783 1156 1100 1224 σοφωτάτῳ,
1133 1155 1200 1208 δι’
1235 1156 1300 1224 ἦν
1323 1158 1416 1209 καὶ
1439 1155 1836 1208 κινδυνεύσειεν

263 1245 326 1298 ἄν
375 1263 457 1307 τις
488 1246 594 1298 τῶν
627 1247 1012 1320 ἁπλουστέρων
1045 1251 1110 1318 τῇ
1146 1248 1334 1316 ψευδεῖ
1366 1247 1617 1317 περὶτῆς
1647 1248 1834 1316 σοφίας

261 1338 476 1391 ἐκείνου
508 1340 663 1410 φήμῃ
697 1339 1040 1408 πειθόμενος.
1077 1338 1430 1408 ὒῖαθημάτων
1467 1339 1564 1408 μὲν
1599 1340 1708 1408 γὰρ
1738 1339 1834 1408 τῆς

267 1428 594 1499 ὑπτιότητος
655 1430 822 1500 μόνης
871 1431 1154 1500 μετέσχεν,
1201 1431 1327 1485 ἄλλο
1387 1431 1430 1484 δ’
1478 1429 1630 1483 οὐδὲν
1687 1428 1836 1494 ἀξιον

265 1521 416 1588 αὖτῷ
452 1538 508 1574 τε
543 1521 798 1576 ἀπώνατο
830 1524 923 1576 καὶ
959 1524 1055 1592 τῆς
1095 1507 1504 1600 ἐπικοσμούσης
1547 1521 1719 1574 ταῦτα
1749 1539 1838 1574 σο-

263 1611 416 1680 φίας.
455 1613 799 1679 Εὖφραδείας
829 1613 884 1665 δὲ
917 1611 1230 1681 ἐπεμελήθη
1264 1613 1363 1683 μὲν
1396 1612 1574 1674 καλῶς
1611 1613 1706 1682 τῆς
1737 1613 1834 1683 ἁρ-

265 1703 448 1770 χαίας,
497 1702 610 1753 ἀλλ’
659 1704 716 1755 ὲν
748 1703 1094 1772 ἀσεϐεστάτῳ
1137 1703 1233 1757 καὶ
1276 1703 1667 1774 ἀφρονεστάτῳ
1699 1721 1832 1772 συγ-

263 1792 580 1864 γράμματι,
621 1793 686 1863 ἣν
713 1796 744 1864 ὴ
788 1794 1029 1846 Λατίνων
1061 1796 1328 1863 παροιμία
1359 1795 1448 1848 διὰ
1475 1795 1632 1849 τοῦτο
1660 1813 1831 1866 προσ-

264 1884 508 1953 ηκόντως
541 1885 676 1952 τιμᾷ
722 1886 779 1935 ὲν
813 1886 920 1947 τοῖς
969 1883 1276 1954 εἰλικρινῶς
1310 1887 1402 1938 καὶ
1441 1886 1608 1956 μόνης
1659 1887 1830 1958 αὐτῆς

268 1973 708 2042 ἐπιμεληθεῖσιν·
762 1976 818 2026 ἐν
864 1981 1072 2038 τούτοις
1129 1977 1226 2045 μὲν
1283 1972 1376 2029 οὖν
1422 1977 1522 2030 κᾶν
1579 1975 1694 2049 είχὲ
1749 1997 1832 2042 τις

265 2067 424 2120 αὑτὸν
456 2069 715 2119 ἐπαινεῖν.
761 2066 916 2119 Οὕτω
957 2067 1002 2120 δ’
1041 2066 1244 2130 ἁπλοῦς
1283 2069 1422 2120 πάνυ
1461 2070 1555 2122 καί
1600 2070 1706 2122 τῶν
1738 2087 1835 2141 χυ·

265 2159 430 2213 δαίων
480 2161 633 2213 οὐδὲν
682 2160 866 2230 σχεδιὶν
903 2159 1174 2229 διαφέρων
1205 2157 1273 2230 ἦν
1317 2163 1443 2228 περὶ
1471 2161 1528 2214 τὸ
1555 2161 1832 2228 ,δύνασθαι

228 2287 233 2292 -
269 2252 476 2322 κρίνειν
511 2249 766 2321 ἀληθείας
811 2249 933 2319 πέρι
987 2249 1080 2302 καὶ
1110 2249 1358 2319 ψεύδους,
1402 2249 1540 2303 ὥστε
1577 2251 1671 2304 καὶ
1703 2253 1832 2312 παῖς

271 2346 434 2399 αὐτον
467 2344 752 2414 ἐξήλεγχεν
777 2341 840 2396 ἂν
873 2342 963 2395 καὶ
994 2343 1140 2395 παιδὶ
1165 2342 1464 2410 ἁντιλέῃιν
1497 2341 1596 2395 οὐκ
1628 2339 1696 2393 ἂν
1724 2335 1833 2404 οἷός

271 2455 328 2490 τε
373 2435 437 2504 ἦν
471 2435 833 2502 πειραστικῶς
868 2433 1186 2504 ψευδομένῳ
1213 2451 1224 2464 ·
1259 2435 1336 2487 διὸ
1371 2433 1464 2488 καὶ
1497 2433 1595 2504 τὴν
1623 2433 1832 2502 πλάνην

268 2528 480 2593 ὑπέστη
518 2527 742 2594 ταύτην,
775 2527 868 2580 καὶ
907 2528 1066 2597 ἡμεῖς
1097 2527 1191 2595 τῆς
1221 2526 1449 2598 ἀρίστης
1489 2527 1694 2580 ἐκείνου
1727 2526 1834 2580 No-

275 2617 531 2683 μοθεσίας
566 2617 664 2685 (1),
717 2615 858 2668 οὕτω
895 2617 1004 2687 γὰρ
1063 2617 1338 2684 ἐπέγραψε
1385 2618 1444 2668 τὸ
1486 2615 1708 2684 βιϐλίον,
1756 2616 1834 2666 ol-

267 2710 444 2770 κείαις
478 2708 632 2776 χερσὶ
667 2707 1065 2776 γεγραμμένον,
1099 2706 1360 2774 δημοσίαν
1400 2709 1497 2775 τῆν
1530 2723 1587 2759 τε
1628 2708 1835 2760 ἀντιλο-

265 2801 392 2868 γίαν
427 2800 822 2870 ἐποιησάμεθα,
852 2801 942 2852 καὶ
975 2801 1070 2866 τὴν
1102 2798 1289 2868 ποινὴν
1319 2800 1447 2865 πυρὶ
1481 2799 1831 2868 παραδίῖντες.

276 2893 583 2962 Ἡνάγκαζε
619 2892 673 2944 δὲ
707 2893 853 2960 ἡμᾶς
905 2893 930 2943 ὁ
977 2891 1070 2942 τοῦ
1118 2891 1183 2941 δι’
1219 2892 1360 2959 ἡμᾶς
1403 2891 1502 2958 τὴν
1555 2891 1834 2960 ἡμετέραν

263 2987 430 3055 φύσιν
455 2985 879 3055 προσειληφὸτος
911 2985 1041 3037 Υίοῦ
1073 2985 1163 3036 τοῦ
1196 2984 1326 3038 Θεοῦ
1367 2985 1577 3055 καὶτῆς
1608 2985 1836 3056 ἀρίστης

262 3075 470 3130 ἐκείνου
519 3075 837 3146 νομοθεσίας
885 3075 1051 3138 πόθος
1084 3078 1176 3128 καὶ
1216 3075 1402 3143 φόϐος,
1447 3069 1526 3138 οἷς
1562 3076 1836 3129 ίκανοποι-

260 3171 456 3234 οὖντας
482 3169 579 3223 οὐκ
608 3168 672 3222 ἂν
704 3167 982 3239 προσῆκεν
1015 3169 1189 3231 ἄλλως
1219 3169 1416 3222 ποιεῖν.

333 3263 456 3316 Τῶν
482 3263 582 3332 μὲν
613 3262 706 3316 οὖν
735 3261 1006 3315 πολυθέων
1044 3260 1347 3331 ἐξελέγχειν
1378 3263 1476 3332 τὴν
1511 3261 1718 3333 πλάνην
1747 3261 1834 3316 διὰ

201 3379 208 3384 ·
259 3357 433 3411 ταῦτα
474 3356 570 3410 νῦν
593 3357 654 3410 οὐ
687 3354 1224 3426 καιρὸς,ἁρκούντως
1255 3373 1311 3407 τε
1341 3355 1710 3426 ἐληλεγμένης
1741 3354 1834 3408 ὑπ’

261 3445 426 3501 αὐτοῦ
453 3445 588 3499 Θεοῦ
637 3449 729 3501 καὶ
754 3446 862 3497 τῶν
905 3446 972 3498 τὰ
1025 3444 1146 3499 θεῖα
1199 3445 1558 3514 φρονούντων,
1599 3445 1696 3498 καὶ
1738 3446 1835 3497 νῦν

259 3539 364 3592 ὑπὸ
413 3538 585 3610 γωνίᾳ⁸
641 3540 804 3606 μόνον
855 3541 948 3590 καὶ
1012 3537 1197 3592 σκότει
1236 3537 1638 3591 πολυθεούντων
1701 3539 1833 3602 ἴσως

257 3631 478 3698 ὀλίγων,
531 3630 611 3683 δτι
668 3631 742 3700 μὴ
775 3630 1049 3698 τολμῶσιν
1101 3629 1478 3683 ἁναιδεύεσθαι
1532 3628 1674 3682 κατὰ
1731 3629 1830 3698 τῆς

258 3722 539 3793 πανταχοῦ
577 3722 882 3792 κρατούσης
925 3721 1178 3791 ἀληθείας
1201 3736 1217 3752 ⁸
1251 3723 1278 3774 ὁ
1325 3724 1432 3783 πᾶς
1463 3723 1570 3790 γὰρ
1601 3721 1716 3783 νῦν,
1755 3719 1830 3784 ὡς

255 3817 498 3887 εἴρηται,
533 3815 736 3884 κόσμος
765 3815 855 3868 καὶ
899 3810 1036 3867 εἶναι
1069 3813 1200 3866 Θεδν
1234 3815 1326 3866 καὶ
1349 3813 1538 3866 τοῦτον
1567 3814 1662 3866 ἕνα
1696 3811 1830 3867 εἶναι

255 3907 470 3975 φρονεῖ.
517 3903 672 3958 Ἐπεὶ
699 3903 754 3956 δὲ
774 3903 864 3956 τὸν
898 3903 992 3956 ἕνα
1025 3903 1157 3958 Θεὸν
1191 3904 1463 3973 διαφόρως
1485 3903 1726 3966 τιθέντες
1751 3905 1832 3967 είς

255 3996 482 4058 πλείους
529 3996 769 4066 αἱρέσεις
818 3994 1297 4064 καταμερίζονται,
1343 3996 1479 4065 ἡμῖν
1533 3995 1630 4062 μὲν
1669 3996 1830 4065 ἀρκεῖ

255 4091 343 4142 καὶ
385 4091 497 4152 τοῖς
542 4088 742 4155 ἄλλοις,
777 4087 966 4140 ὁπόσοι
999 4089 1112 4148 τοῖς
1169 4088 1334 4147 θείοις
1363 4086 1482 4139 ’τοῦ
1525 4087 1699 4157 Ἰησοῦ
1737 4086 1829 4138 καὶ

255 4178 515 4247 Σωτῆρος
549 4178 707 4247 ἡμῶν
737 4177 919 4245 νόμοις
951 4175 1216 4244 ἀγόμεθα,
1244 4179 1404 4229 αὐτὸν
1433 4180 1637 4230 ἐκεῖνον
1667 4178 1830 4246 προῖ-

257 4271 489 4324 στασθαι
517 4271 611 4322 καὶ
640 4271 766 4331 τοὺς
797 4267 961 4320 αὑτοῦ
1011 4268 1262 4336 μαθητὰς
1310 4270 1402 4319 καὶ
1435 4269 1560 4331 τοὺς
1603 4270 1828 4320 ἐκείνων

254 4356 319 4412 αὖ
378 4359 680 4429 διαδόχους,
737 4358 828 4410 καὶ
860 4357 953 4408 τὸν
1001 4355 1096 4408 ἕνα
1126 4356 1278 4420 Θεὸν,
1315 4358 1388 4420 ὼς
1439 4357 1647 4409 ἐκεῖθεν
1691 4357 1828 4410 δεδι-

1861 3135 1908 3200 C

1947 522 2001 568 et
2062 519 2332 571 communi
2394 519 2679 572 hominum
2739 519 2871 584 ﬁde,
2937 528 3208 574 extorrem
3267 517 3516 572 fraudem

1945 608 2426 678 amplecterentur.
2478 607 2644 677 Atqui
2696 625 2796 680 ego
2829 609 3193 678 quidem,etsi
3242 607 3521 666 contrail-

1945 698 2052 754 lius
2087 701 2458 769 insipientiam
2524 703 2676 772 plura
2721 705 3046 772 conscripsi,
3081 703 3214 760 nihil
3277 714 3517 760 attamen

1945 793 2130 846 curavi
2183 793 2250 848 de
2305 792 2390 846 bis
2429 809 2551 862 quae
2611 803 2852 847 sanctam
2910 795 3178 850 adversus
3234 797 3516 851 veritatem

1944 884 2232 954 garriebat,
2273 883 2365 938 sed
2414 893 2618 938 tantum
2649 885 2716 940 de
2747 886 2847 940 hac
2878 887 3234 953 plurimorum
3289 888 3517 957 hujusce

1949 976 2126 1046 gentis
2160 976 2433 1044 quondam
2466 983 2519 1032 et
2549 991 2658 1029 non
2706 976 2778 1034 ita
2837 979 3044 1047 pridem
3102 978 3516 1047 sapientissime

1945 1068 2182 1128 inseitia,
2214 1084 2334 1136 qua:
2369 1083 2531 1120 causa
2567 1078 2712 1122 esset
2750 1084 2847 1122 cur
2897 1070 3146 1124 incautus
3199 1069 3415 1140 aliquis,
3446 1085 3515 1124 ex
3567 1125 3572 1128 _

1952 1161 2214 1214 ementita
2266 1161 2413 1215 illius
2487 1161 2764 1228 sapientia:
2820 1161 2964 1216 fama
2996 1199 3012 1226 ,
3074 1161 3126 1215 in
3179 1161 3515 1216 seductionis

1944 1252 2190 1321 periculo
2219 1262 2549 1307 versaretur.
2586 1252 2716 1305 Nam
2773 1269 2834 1306 cx
2887 1251 3286 1308 mathematicis
3341 1252 3514 1307 solam

1945 1343 2292 1412 supinitatem
2329 1345 2532 1410 ealluit,
2564 1345 2696 1398 nihil
2729 1360 2911 1399 verum
2945 1345 3086 1399 aliud
3120 1345 3192 1400 illi
3231 1346 3332 1399 fuit
3388 1361 3517 1416 ope-

1944 1451 2016 1490 rte
2036 1436 2291 1504 pretium,
2333 1435 2466 1489 nihil
2496 1452 2562 1490 ex
2605 1436 2718 1504 ipsa
2741 1435 3006 1505 sapientia
3035 1451 3153 1505 quae
3177 1435 3514 1490 mathesibus

1943 1537 2024 1582 est
2064 1537 2384 1581 ornamento
2422 1528 2668 1597 profecit.
2694 1528 2962 1582 Caeterum
2999 1527 3164 1580 veteri
3219 1528 3382 1584 etiam
3435 1527 3515 1580 fa-

1944 1619 2154 1674 cundia:
2185 1621 2378 1676 scdulo
2404 1619 2634 1685 studuit,
2666 1622 2759 1676 sed
2799 1637 2861 1675 ex
2925 1621 3157 1688 quodam
3218 1620 3513 1675 admodum

1944 1713 2111 1782 impio
2142 1730 2206 1768 ac
2235 1713 2562 1769 stultissimo
2610 1713 2813 1782 scripto
2845 1731 2859 1776 ;
2891 1729 3052 1783 quam
3111 1714 3232 1768 ideo
3264 1712 3512 1766 Latinum

1903 1805 2283 1876 [proverbium
2325 1808 2566 1875 apposite
2591 1806 2730 1876 apud
2771 1822 2866 1862 eos
2913 1807 3149 1862 celebrat
3211 1807 3301 1876 qui
3364 1805 3512 1860 illam

1939 1895 2230 1964 diligenter
2249 1905 2299 1952 et
2317 1899 2474 1952 unice
2503 1897 2810 1953 coluerunt.
2833 1897 3108 1953 lnterillos
3125 1897 3347 1968 proinde
3369 1897 3514 1958 hunc

1940 1990 2163 2046 laudare
2179 1990 2316 2045 forte
2336 1991 2513 2045 liceat.
2533 1989 2745 2044 Atenim
2766 1989 2906 2058 quod
2925 1999 3010 2044 est
3045 1988 3112 2042 de
3161 2005 3287 2044 vero
3311 2003 3340 2042 a
3376 1988 3512 2044 falso

1940 2082 2300 2140 discernenda
2331 2085 2406 2138 ita
2440 2083 2539 2138 fuit
2565 2097 2792 2152 prorsus
2839 2096 3030 2150 expers
3058 2088 3112 2136 et
3140 2095 3172 2135 a
3204 2079 3514 2152 gregalibus

1949 2176 2028 2230 nil
2065 2177 2176 2234 fere
2204 2177 2436 2240 distans,
2473 2182 2530 2228 ut
2563 2175 2644 2230 vel
2672 2190 2808 2246 puer
2833 2175 2983 2230 illum
3015 2173 3374 2238 confutasset,
3408 2187 3510 2228 nec

1939 2267 2053 2339 ipse
2089 2284 2256 2339 puero
2321 2269 2376 2324 in
2429 2269 2857 2338 experimentum
2905 2265 3186 2322 mentienti
3245 2265 3514 2334 potuisset

1940 2363 2335 2418 contradicere.
2393 2359 2736 2431 Quapropter
2760 2369 2812 2414 et
2843 2359 2988 2415 hunc
3025 2373 3264 2414 errorem
3295 2341 3433 2428 apird
3453 2371 3513 2414 se

1941 2455 2142 2525 recepit
2175 2453 2374 2523 ;cujus
2395 2468 2494 2522 ego
2521 2453 2586 2506 de
2613 2453 2804 2522 optima
2823 2452 3159 2523 legistatione
3179 2450 3376 2505 librum
3408 2447 3511 2519 (sic

1940 2548 2083 2603 enim
2123 2556 2242 2602 erat
2273 2545 2572 2614 inscriptus
2627 2554 2680 2598 et
2731 2545 2949 2614 propria
3005 2559 3170 2598 manu
3227 2543 3508 2612 exaratus)

1940 2637 2154 2707 publica
2185 2636 2549 2704 disputatione
2592 2635 2890 2702 contutavi,
2925 2648 3080 2702 poena
3133 2633 3352 2701 quidem
3394 2632 3510 2701 ipsa

1941 2726 2055 2794 igni
2091 2723 2678 2793 tradita.Compulerat
2719 2732 2898 2778 autem
2948 2725 3040 2778 ine
3093 2721 3213 2778 Filii
3271 2721 3363 2776 Dei
3417 2721 3512 2789 qui

1943 2827 2163 2888 prepter
2218 2831 2313 2871 nos
2344 2825 2594 2871 naturam
2637 2827 2876 2872 nostram
2923 2816 3238 2885 assumpsit,
3287 2814 3512 2884 ejusque

1943 2909 2161 2980 optima:
2190 2908 2547 2978 legislationis
2589 2923 2740 2962 amor
2779 2916 2829 2963 et
2858 2907 3058 2972 timor;
3089 2905 3288 2977 quibus
3334 2915 3393 2960 ut
3425 2919 3513 2962 sae

1945 3002 2269 3068 tislacercm,
2303 3017 2389 3056 me
2420 3018 2525 3056 non
2551 3001 2834 3072 Oportebat
2861 3015 2972 3055 rem
3019 2999 3175 3056 aliter
3198 2997 3438 3070 aggredi.

2010 3267 2086 3322 Ex
2133 3266 2290 3321 dictis
2319 3263 2487 3336 igitur
2526 3253 2968 3336 pulytlteistarum
3017 3280 3258 3321 errorem
3311 3281 3406 3338 per
3454 3267 3512 3322 id

1939 3359 2201 3428 temporis
2229 3359 2481 3414 evincere
2516 3374 2623 3412 non
2663 3366 2767 3422 est,
2799 3365 2983 3425 utpote
3017 3357 3126 3426 jam
3163 3359 3228 3412 ab
3259 3358 3378 3427 ipso
3403 3359 3510 3416 Deo

1937 3449 2208 3504 devictum
2240 3456 2294 3502 et
2321 3462 2350 3500 a
2374 3447 2788 3516 quibuscunqne
2811 3446 2875 3500 de
2904 3447 3101 3502 divinis
3122 3448 3506 3520 prudentibus;

1938 3541 2236 3613 praesertim
2266 3555 2386 3594 cum
2412 3541 2494 3593 vix
2525 3539 2660 3593 forte
2687 3540 2904 3610 pauculi
2939 3540 2992 3594 in
3021 3540 3217 3610 angulo
3240 3549 3292 3594 et
3325 3540 3507 3595 furtim

1937 3633 2120 3701 plures
2181 3631 2312 3684 deos
2373 3629 2710 3684 somnicntur
2746 3645 2762 3696 ;
2799 3645 2896 3684 nec
2952 3630 3096 3684 enim
3150 3631 3416 3687 auderent
3454 3632 3510 3686 in

1933 3726 2216 3778 veritatem
2275 3723 2346 3776 ita
2396 3722 2632 3791 undique
2703 3723 3080 3793 prrevalenteni
3148 3723 3509 3786 insolescere.

1947 3815 2206 3870 universo
2267 3829 2414 3868 nunc
2471 3815 2622 3876 orbe,
2653 3823 2712 3866 ut
2763 3815 2968 3868 dictum
3032 3823 3133 3880 cst,
3172 3814 3334 3866 Deum
3390 3828 3510 3868 esse
3587 3864 3605 3882 θ

1939 3919 2173 3974 eumque
2208 3906 2426 3958 unicum
2459 3904 2745 3959 sentiente.
2792 3906 3054 3970 Qu0niam
3107 3919 3232 3957 vero
3298 3905 3362 3958 de
3393 3902 3504 3959 Deo

1935 3997 2080 4049 varia
2114 3996 2246 4048 varii
2277 4007 2536 4064 ponentes
2565 3996 2616 4046 in
2648 3994 2842 4048 inultas
2870 3993 3185 4047 dividuntur
3246 3994 3505 4060 hrcreses,

1932 4099 2012 4142 sat
2069 4086 2223 4140 nobis
2274 4085 2437 4138 fuerit
2495 4094 2548 4138 et
2595 4083 2802 4138 caeteris
2863 4093 3215 4154 quotcunque
3268 4085 3510 4156 regimur

1929 4176 2129 4232 divinis
2164 4177 2465 4230 Salvatorls
2497 4177 2669 4229 nostri
2699 4175 2827 4229 Jesu
2890 4176 3096 4247 legibus
3151 4176 3296 4231 hunc
3331 4177 3506 4247 ipsum

1929 4267 2158 4336 ejusque
2219 4265 2516 4342 discipulus
2571 4279 2636 4319 ac
2695 4281 2881 4318 eorum
2931 4281 3294 4342 successores,
3377 4281 3503 4321 nec-

1932 4373 2037 4412 non
2091 4368 2147 4412 et
2192 4373 2354 4411 unum
2413 4341 2576 4410 Deum
2639 4341 3014 4426 proponere;
3051 4357 3503 4427 quemadmodum

255 4449 508 4518 δαγμεθα
547 4449 764 4517 φρονεῖν
796 4465 855 4500 τε
887 4447 982 4500 καὶ
1019 4448 1131 4510 τοῖς
1156 4448 1373 4508 οἰκείοις
1412 4449 1704 4516 κηρύττειν
1730 4450 1828 4516 τῆς

1941 4451 2131 4504 exhinc
2188 4448 2318 4520 quid
2367 4447 2434 4501 de
2464 4449 2568 4502 lide
2625 4448 2938 4509 tenendnrn,
2972 4448 3100 4517 quid
3145 4448 3505 4504 familiaribus

255 4543 528 4603 πίστεως’
563 4541 698 4593 ἀλλὰ
745 4540 853 4592 τῶν
898 4540 1308 4609 διαφερομένων
1359 4541 1522 4593 ἓνεκα
1552 4542 1648 4591 καὶ
1704 4542 1832 4609 περὶ

254 4634 446 4687 τούτου
481 4650 533 4684 τι
573 4630 921 4700 προσθετέον.
957 4629 1082 4685 Ὀτι
1107 4631 1284 4683 τοίνυν
1317 4632 1343 4683 ὁ
1373 4625 1450 4693 εἷς
1482 4631 1605 4684 κατ’
1643 4631 1832 4683 οὐσίαν

253 4726 382 4786 Θεὸς
423 4723 539 4793 ἅμα
570 4726 659 4776 καὶ.
693 4723 849 4793 τριάς
878 4723 1024 4774 ἐστιν
1064 4723 1345 4792 ίδιοτητων
1377 4722 1522 4792 ἔργῳ
1552 4722 1833 4789 διακεκρι-

258 4815 464 4881 μένων,
501 4813 694 4864 ταυτδν
742 4810 788 4864 δ’
827 4813 1002 4864 εἰπεῖν
1049 4811 1423 4876 ὑποστάσεων,
1475 4812 1692 4873 πλείους
1733 4812 1831 4880 μὲν

253 4907 560 4971 ἀποδείξεις
595 4905 769 4970 ἔξεστι
797 4907 1049 4972 κομίζειν
1089 4906 1152 4958 ἐκ
1183 4922 1240 4958 τε
1277 4907 1372 4974 τῆς
1407 4905 1643 4964 παλαιᾶς
1676 4902 1736 4955 ἐκ
1770 4919 1829 4955 τε

253 5002 352 5068 τῆς
391 4999 519 5060 νέας
568 4997 787 5066 Γραφῆς
815 5013 829 5026 ·
873 4997 1008 5049 ἀλλὰ
1037 4998 1147 5058 τοῖς
1191 4998 1289 5054 τὰς
1323 4997 1490 5058 αὑτὰς
1543 4997 1677 5064 ἡμῖν
1729 4995 1829 5046 οὐκ

255 5089 438 5158 ἔχουσι
477 5089 602 5158 περὶ
627 5088 735 5140 τῶν
776 5088 938 5140 θείων
985 5088 1155 5156 ἀρχὰς
1184 5086 1246 5140 ἐκ
1282 5103 1444 5140 τινων
1491 5087 1678 5156 ἀρχῶν
1710 5103 1829 5140 κοι-

255 5182 492 5250 νοτέρων
545 5179 626 5232 δεῖ
673 5180 797 5242 τοῦς
845 5178 1038 5244 λόγους
1089 5177 1380 5230 ποιεῖσθαι.
1441 5177 1596 5231 Ἐπεὶ
1646 5178 1828 5229 τοίνυν

267 5274 514 5326 Ἰουδαῖοί
562 5289 620 5325 τε
650 5273 746 5325 καὶ
799 5273 896 5324 σὺν
929 5272 1112 5333 αὐτοῖς
1143 5269 1320 5340 ἕτεροι
1363 5270 1460 5339 τὴν
1499 5271 1554 5324 ἑν
1579 5270 1655 5340 τῷ
1711 5269 1828 5338 Θεῷ

255 5365 463 5433 Τριάδα
502 5363 751 5432 φανερῶς
789 5361 854 5430 δὴ
908 5359 1233 5432 ἀρνοὺμενοι
1285 5360 1384 5424 τὴν
1442 5358 1534 5412 τοῦ
1585 5360 1830 5421 Μωσέως

245 5452 606 5506 ’διδασκαλίαν
639 5453 687 5503 εί
720 5452 814 5503 καὶ
841 5449 915 5519 μὴ
943 5450 1061 5502 λίαν
1089 5447 1288 5516 ὁμοίως
1317 5446 1628 5516 προσίενται
1661 5444 1829 5513 (Ἰου-

1941 4539 2342 4610 praedicandum
2359 4539 2533 4598 cdocti
2560 4555 2774 4594 sumus.
2801 4538 2903 4593 Sed
2931 4539 3309 4593 dissidentium
3334 4542 3505 4610 gratia

1938 4630 2138 4700 aliquid
2201 4631 2266 4683 de
2309 4631 2393 4683 his
2443 4629 2641 4684 addere
2686 4643 2909 4684 necesse
2941 4637 3044 4684 est.
3084 4629 3250 4684 Deum
3287 4630 3502 4684 scilicet

1940 4737 2108 4776 unum
2139 4736 2262 4778 esse
2294 4721 2593 4776 secundum
2639 4722 3000 4776 substantiam
3037 4730 3091 4774 ct
3120 4723 3318 4774 trinum
3348 4723 3503 4789 juxta

1940 4813 2301 4880 proprietates
2327 4810 2645 4879 operatione
2669 4809 2981 4870 distinctas,
3015 4808 3063 4860 id
3101 4817 3182 4861 est
3215 4822 3502 4874 personas,

1942 4903 2193 4973 plurimae
2223 4912 2452 4972 possunt
2479 4901 2981 4956 demonstrationes
3033 4899 3228 4954 adduci
3291 4909 3402 4955 tum
3436 4915 3502 4954 ex

1938 4995 2214 5047 veteribus
2243 5003 2354 5046 tum
2381 5007 2444 5045 ex
2488 4991 2890 5046 recentioribus
2929 4989 3248 5062 Sertptnris.
3275 4993 3344 5048 At
3378 5007 3506 5064 pro-

1939 5094 2058 5150 pter
2085 5096 2178 5136 eos
2206 5081 2298 5150 qui
2331 5081 2519 5135 eadem
2555 5096 2617 5134 ac
2661 5095 2760 5134 nos
2792 5079 2859 5135 de
2915 5082 3118 5138 divinis
3151 5084 3315 5137 rebus
3352 5084 3503 5152 prin-

1938 5174 2083 5242 cipia
2110 5188 2216 5225 non
2249 5181 2456 5237 tenent,
2497 5187 2525 5225 a
2557 5172 2881 5240 quibusdam
2915 5175 3388 5229 communioribus
3422 5183 3505 5229 est

1939 5263 2335 5332 incipiendum.
2372 5262 2510 5316 (lum
2537 5263 2700 5333 igitur
2720 5262 2888 5317 Judaei
2917 5273 2968 5318 et
2993 5265 3080 5317 alii
3103 5280 3221 5318 eum
3254 5266 3360 5318 illis
3387 5263 3504 5318 Tri-

1939 5357 2164 5410 nitatem
2199 5356 2251 5408 in
2286 5353 2394 5408 Deo
2424 5355 2597 5424 palam
2646 5367 2910 5425 negantes
2947 5355 3198 5410 Mosaicae
3222 5357 3502 5419 doctrinm,

1938 5446 2043 5502 etsi
2064 5460 2168 5500 non
2193 5447 2484 5500 admodum
2509 5447 2734 5516 par-iter,
2771 5449 3073 5502 assentiant
3100 5447 3320 5518 (quippe
3341 5463 3503 5516 quam

330 5661 406 5726 (l)
439 5659 613 5730 liuius
650 5660 771 5714 libri
796 5657 1255 5730 fragmenta_qum
1291 5658 1591 5730 supersunt
1639 5646 1808 5730 edidit
1940 5645 2029 5730 Cl.‘
2054 5643 2390 5730 Aleivarnidcr,
2423 5645 2600 5704 Paris.
2641 5648 2797 5706 {858.
2840 5647 2980 5707 Vide
3019 5649 3190 5721 ipsius
3225 5647 3502 5720 Praefatio-

261 5717 412 5785 neut.
444 5717 644 5787 Confer
683 5733 844 5785 etiam
881 5717 1044 5799 Epist.
1088 5717 1458 5806 Génnadlirad
1491 5719 1800 5790 Josephum
1842 5717 2146 5772 Exercitum
2183 5719 2343 5772 infra.
