3932 6458
455 321 564 392 533
1551 291 1929 376 GENNADII
1962 311 2012 375 c:

2117 309 2633 375 PATRIARCHJ!
3567 316 3655 381 584

444 440 612 515 Iudaei
641 441 828 510 utpote
855 430 1114 492 divinitus
1163 427 1421 486 traditam
1489 425 1740 482 absolute
1799 424 2012 496 compte

2140 429 2278 483 δαίοι
2312 428 2423 502 γὰρ
2468 425 2727 493 καθάπαξ
2767 425 2937 494 αὐτῆς
2984 421 3324 494 περιέχονται
3353 421 3420 486 ὡς
3449 424 3507 480 ἐκ
3539 426 3654 485 Θεοῦ

449 541 697 599 ctuntur,
719 530 845 584 licet
862 541 982 582 eam
1009 524 1076 580 de
1103 521 1284 578 divina
1308 517 1716 590 dispensatione
1735 525 1830 572 aut
1857 516 2012 570 simut

2129 520 2441 590 δεδομένης,
2472 523 2520 574 εί
2542 521 2636 574 καὶ
2658 520 2726 574 τὰ
2751 517 3002 589 περὶτῆς
3019 515 3166 579 θείας
3189 516 3482 585 οἰκονομίας
3501 519 3656 574 iesio-

451 625 562 684 late
594 621 746 679 surdi
775 628 871 674 aut
905 629 1161 689 perverse
1195 609 1539 683 interpretati
1571 607 2020 680 pratermittant,

452 718 614 776 nobis
632 717 697 772 ad
731 729 973 786 praesens
1004 711 1204 769 suﬁiclt
1231 717 1292 765 ut
1315 723 1383 764 ex
1410 705 1579 763 Hosis
1597 705 1844 762 doctrina
1867 701 2027 774 quasi

453 826 517 867 cx
539 809 895 864 fundamento
921 803 1178 860 omnibus
1208 797 1660 857 communissimo
1705 797 1809 852 Dei
1835 795 2026 850 Trini-

453 911 621 957 tatem
676 901 786 956 illis
819 899 1270 953 demonstremus
1323 891 1418 964 qui
1453 898 1644 947 contra
1704 903 1804 943 nos
1840 887 1906 942 de
1931 886 2024 942 illa

454 993 758 1064 disputant.
797 990 972 1044 Porro
1028 999 1137 1041 non
1194 982 1427 1054 publicis
1475 987 1684 1034 tantum
1749 977 2024 1046 discepta-

450 1086 716 1149 tionibus,
747 1080 844 1138 sed
876 1091 929 1135 et
987 1078 1140 1135 libris
1189 1075 1417 1146 integris
1471 1074 1611 1128 hanc
1645 1071 1766 1126 lldei
1823 1079 2025 1126 nostra

450 1177 813 1234 clarissimam
862 1171 1152 1228 veritatem
1214 1165 1523 1237 explanavi.
1579 1163 1756 1220 Unum
1815 1163 2021 1234 itaque,

454 1270 600 1342 quod
629 1283 774 1324 nunc
810 1275 913 1330 est,
952 1266 1117 1336 idque
1144 1279 1210 1320 ex
1241 1263 1354 1332 ipso
1385 1260 1551 1316 Mosis
1602 1274 1697 1316 ore
1729 1259 1837 1315 illis
1863 1259 2022 1314 addi-

449 1374 563 1420 tum
619 1362 762 1417 volo.
805 1359 1052 1430 ευριπ-ηε
1108 1357 1316 1413 scilicet
1345 1353 1584 1422 adlatus,
1640 1352 1821 1408 Moses
1849 1352 2021 1408 Deum

379 1449 388 1453 ’
449 1453 678 1521 inducit,
713 1465 836 1506 cum
866 1451 1184 1506 universum
1216 1449 1364 1502 hunc
1399 1445 1660 1501 mundum
1705 1445 1780 1500 ita
1831 1443 2021 1514 dispo-

449 1547 559 1603 site
593 1554 807 1602 crearet
836 1559 898 1598 ac
929 1542 1303 1608 distribueret,
1334 1539 1400 1595 ad
1447 1538 1802 1608 semetipsum
1835 1538 2022 1594 dicen-

2129 611 2442 681 κωφοῦντσς
2473 611 2644 682 αὐτὴν
2671 608 3112 680 παρατρέχουσιν
3135 605 3170 676 ἦ
3203 606 3518 676 διαστρόφως
3541 627 3658 680 περ.

2127 705 2573 776 ερμηνεύοντες),
2603 704 2766 774 ἀρκεῖ
2800 701 2894 756 καὶ
2921 701 3054 772 ἡμῖν
3081 698 3178 752 νῦν
3205 699 3292 753 διὰ
3312 698 3470 753 ταῦτα
3493 701 3552 754 ἐκ
3577 704 3658 774 τῆς

2127 797 2372 860 Μωσέως
2402 795 2748 860 διδασκαλίας
2773 794 2849 858 ὥς
2871 792 3196 861 κοινοτάτης
3216 791 3375 844 πᾶσιν
3400 793 3558 863 ἀρχῆς
3575 797 3657 865 τὴν

2126 892 2187 945 ιν
2207 891 2284 962 τῷ
2314 891 2434 961 Θεῷ
2450 890 2642 957 δείξαι,
2661 888 2872 960 Τριάδα
2894 889 3006 951 τοῖς
3027 887 3158 957 περὶ
3173 885 3371 955 ταύτης
3390 888 3514 957 πρὸς
3533 889 3657 956 ἡμᾶς

2125 983 2654 1054 διαμφισϐητοῦσιν
2689 985 2782 1035 καὶ
2820 979 3050 1051 βιϐλίοις
3100 976 3198 1048 μὲν
3249 977 3405 1042 ὅλοις,
3433 979 3489 1030 οὐ
3523 980 3658 1048 μόνον

2123 1078 2394 1146 διαλέξεσι
2416 1077 2706 1148 δημοσίαις
2737 1076 2875 1145 πρὸς
2911 1072 3207 1142 ἑκατέρους
3233 1069 3331 1140 τὴν
3373 1071 3658 1140 λαμπροτάο

2125 1189 2226 1242 την
2250 1172 2512 1242 ἀλήθειαν
2537 1172 2640 1242 ’τῆς
2673 1171 2805 1242 παρ’
2837 1172 2972 1242 ἡμῖν
3023 1168 3392 1241 ἱστορήκαμεν
3433 1167 3656 1228 πίστεως.

2124 1265 2241 1319 Νῦν
2267 1266 2312 1320 δ’
2339 1266 2399 1319 ἕν
2429 1267 2481 1320 τι
2511 1268 2609 1320 καὶ
2639 1268 2706 1320 ὲκ
2740 1269 2868 1336 μιᾶς
2894 1266 2986 1321 τοῦ
3019 1264 3268 1326 Μωσέως
3299 1263 3475 1332 φωνῆς
3503 1263 3659 1321 αὐτοῖς

2124 1362 2537 1434 προθησόμεθα.
2591 1362 2651 1416 ὐ
2682 1361 2863 1415 τοίνυν
2895 1360 3078 1424 ἔνθεος
3111 1359 3314 1429 Μωσῆς
3360 1359 3553 1426 εἰσάγει
3585 1359 3659 1411 τὸν

2119 1548 2508 1623 δημιοουργετν
2554 1550 2649 1603 καὶ
2701 1550 2977 1614 εὐτάκτως
3024 1549 3161 1619 πρὸς
3210 1547 3396 1602 ἑαυτὸν
3441 1545 3655 1612 λέγοντα,

446 1650 586 1695 tcrn:
625 1637 916 1692 Faciamus
945 1637 1202 1690 hominem
1231 1635 1298 1688 ad
1347 1632 1639 1702 imaginem
1675 1640 1725 1686 et
1767 1630 2012 1686 similitu-

2119 1641 2476 1711 Ποιήσωμεν
2508 1641 2825 1710 ἄνθρωπον
2863 1641 2993 1695 κατ’
3035 1643 3244 1695 εἰκόνα
3275 1637 3556 1708 ἡμετέραν
3580 1637 3659 1694 καί

441 1731 622 1786 dinem
652 1738 909 1783 nostram.
943 1725 1003 1782 Si
1047 1741 1200 1797 ergo,
1238 1724 1490 1794 ipsismet
1542 1721 1866 1788 fatentibus,
1919 1735 2012 1777 ve-

2121 1738 2253 1792 καθ⁹
2291 1736 2602 1806 ὁμοίωσιν.
2639 1737 2702 1790 Ei
2737 1736 2919 1790 τοίνυν
2969 1736 3178 1806 ἀληθής
3220 1739 3336 1790 ἐστι
3367 1734 3658 1804 Μωσῆςκαί

442 1837 542 1877 rax
581 1830 664 1878 est
697 1821 900 1886 Moses,
932 1820 978 1876 si
1018 1820 1181 1885 Deus,
1203 1817 1448 1872 omnium
1483 1831 1776 1881 consensu,
1809 1815 1874 1869 ad
1903 1815 2012 1870 sei-

2119 1832 2475 1896 xat‘abtobc
2525 1835 2619 1888 καὶ
2659 1835 2792 1898 Θεὸς
2821 1833 2995 1898 οὕτως
3042 1829 3195 1886 εἶπεν
3247 1831 3657 1900 ὁμολογουμένως

439 1931 600 1986 psmn
629 1916 703 1989 ita
739 1915 956 1969 locutus
974 1924 1056 1968 est
1078 1919 1132 1966 et
1157 1910 1341 1965 divina
1369 1917 1501 1965 sunt
1528 1909 1642 1964 hac
1672 1909 1861 1974 verba,
1895 1916 2010 1962 tum

2117 1924 2254 1996 πρὸς
2281 1925 2471 1979 ἑαυτὸν
2501 1927 2596 1980 καὶ
2631 1925 2774 1991 θεῖος
2800 1927 2978 1982 ταῦτα
3005 1925 3162 1994 λόγος
3193 1926 3364 1986 ἐστὶν,
3406 1925 3580 1994 ἔχομεν
3608 1924 3658 1993 δὴ

441 2008 738 2063 manifesto
764 2006 921 2062 nobis
948 2005 1124 2060 exilio
1153 2017 1408 2058 sermone
1432 2009 1578 2073 patet
1592 2011 1644 2055 et
1679 2015 1848 2055 unum
1878 2015 2000 2056 esse

2117 2019 2181 2072 ἐκ
2211 2019 2306 2072 τοῦ
2337 2019 2492 2088 λόγου
2546 2019 2737 2074 τούτου
2787 2018 3092 2090 προδήλως,
3132 2019 3218 2072 ὅτι
3269 2034 3324 2071 τε
3361 2011 3438 2081 εἷς
3475 2017 3602 2070 ἐστιν
3635 2017 3658 2067 ὁ

2122 1456 2256 1510 Θεὸν
2316 1456 2374 1510 ὲν
2421 1455 2502 1526 τῷ
2549 1455 2609 1509 τὸ
2657 1455 2882 1524 σύμπαν
2932 1459 3050 1509 τόδε
3111 1453 3568 1524 διανενεμημίνως
3608 1459 3658 1506 τε
3761 1485 3766 1492 ~

335 4183 340 4188 ,
437 4127 659 4180 nitatem
746 4124 1014 4194 pellucide
1058 4122 1502 4179 declaraverat:

441 2099 646 2168 Deum;
681 2099 755 2154 ait
774 2098 943 2164 enim,
968 2095 1116 2151 Dixit
1140 2096 1323 2161 Deus;
1349 2102 1402 2148 et
1421 2093 1786 2164 pluralitatem
1815 2107 2011 2162 quam-

438 2194 562 2250 dam
591 2209 656 2249 ac
677 2207 964 2247 numerum
993 2190 1045 2244 in
1075 2190 1184 2244 Deo
1209 2187 1482 2259 dignosci,
1511 2202 1659 2254 nam,
1704 2184 2009 2252 Faciamus,

442 2284 623 2357 inquit
673 2282 897 2340 sibimet
947 2279 1130 2346 Deus,
1167 2281 1325 2350 quasi
1379 2279 1689 2348 multiplex,
1727 2286 1850 2332 utut
1918 2276 2013 2344 sit,

441 2379 496 2436 in
522 2381 823 2450 semetipso
859 2377 1135 2434 exsistens
1160 2393 1178 2439 ;
1208 2384 1264 2432 et
1287 2375 1441 2446 juxta
1474 2373 1768 2444 imaginem
1797 2370 1890 2428 Dei
1915 2373 2014 2428 ho-

439 2473 640 2528 minem
665 2472 866 2527 factum
892 2483 1014 2526 esse
1043 2478 1098 2524 et
1121 2478 1394 2534 constare,
1429 2466 1702 2538 siquidem
1729 2463 1844 2519 :Ad
1873 2466 2012 2520 ima-

437 2565 609 2638 ginem
637 2571 894 2628 nostram,
926 2563 1021 2618 ait.
1057 2561 1123 2616 Et
1154 2575 1342 2617 revera
1366 2574 1590 2631 prorsus
1616 2561 1862 2631 apposite
1886 2560 2010 2616 dic-

438 2669 554 2713 tum
593 2657 761 2723 istud,
790 2671 898 2712 non
930 2656 1200 2734 eo.solum
1232 2653 1378 2725 quod
1425 2653 1596 2710 libero
1635 2653 1866 2710 arbitrio
1895 2663 2012 2709 erat

439 2750 790 2806 honorandus
825 2749 1007 2814 homo,
1041 2748 1180 2803 unde
1213 2755 1266 2802 et
1296 2761 1480 2803 rerum
1533 2748 1775 2804 omnium
1802 2745 2006 2804 condi-

439 2853 617 2900 tarum
656 2843 873 2898 futurus
910 2849 1027 2896 erat
1059 2840 1315 2896 dominus
1340 2850 1394 2895 et
1427 2842 1689 2896 continuo
1723 2841 2010 2910 proximus

435 2951 464 2989 a
485 2933 616 2998 Deo,
636 2934 730 2989 sed
763 2934 926 2988 etiam
952 2932 1096 3003 quod
1120 2931 1360 2988 divinam
1392 2931 1651 2986 unitatem
1693 2946 1758 2987 ac
1789 2933 2016 3002 plurali-

2116 2109 2248 2174 Θεὸς
2283 2107 2454 2180 (Eb-re
2477 2112 2606 2184 γὰρ,
2642 2113 2832 2183 φησὶν,
2862 2115 2895 2166 ό
2922 2111 3113 2178 Θεὸς),
3152 2111 3247 2164 καὶ
3279 2111 3362 2164 δτι
3399 2109 3581 2176 πλῆθός
3615 2125 3656 2160 τι

2117 2204 2213 2258 καὶ
2241 2203 2478 2274 ἀριθμός
2510 2222 2592 2268 τις
2622 2206 2681 2259 ἐν
2714 2207 2793 2275 τῷ
2822 2204 2903 2260 ἑνὶ
2931 2206 3136 2258 νοεῖται
3159 2203 3283 2274 Θεῷ
3323 2201 3658 2273 (Ποιήσωμεν

2115 2295 2249 2366 γὰρ,
2281 2295 2388 2367 ἔφη
2419 2297 2557 2366 πρὸς
2595 2298 2786 2352 ἑαυτὸν
2815 2299 2843 2352 ό
2869 2296 3002 2360 Θεὸς
3031 2296 3106 2358 ὡς
3135 2296 3201 2366 δὴ
3241 2296 3423 2366 τρόπῳ
3460 2298 3554 2348 τινὶ
3581 2294 3658 2346 καὶ

2120 2387 2361 2458 πλήθους
2401 2389 2458 2441 ὲν
2508 2387 2689 2460 ἑαυτῷ
2725 2384 3072 2459 μετέχοντα),
3103 2387 3198 2441 καὶ
3238 2387 3318 2441 δτι
3350 2385 3466 2439 κατ’
3501 2375 3657 2440 εἰκόνα

2115 2478 2250 2532 Θεοῦ
2285 2478 2505 2549 γέγονεν
2535 2478 2823 2551 ἄνθρωπος
2848 2481 2939 2532 καὶ
2974 2479 3090 2533 ἔστι
3120 2476 3290 2552 (Κατ’
3328 2477 3521 2531 εἰκόνα
3547 2475 3653 2543 γὰρ.

2117 2573 2301 2648 φησὶν,
2333 2571 2673 2642 ἡμετέραν),
2718 2573 2812 2628 καὶ
2857 2572 3095 2641 εὐλόγως
3141 2571 3287 2628 πάνυ
3334 2569 3454 2625 κατ’
3495 2568 3654 2620 εἰκόνα

2115 2663 2269 2719 θείαν
2302 2663 2497 2732 ἔμελλε
2538 2665 2807 2734 γίνεσθαι,
2842 2664 2902 2718 οὐ
2955 2664 3117 2736 μόνον
3149 2663 3228 2728 ὡς
3257 2658 3657 2728 αὐτεξουσιότητι

2113 2756 2575 2829 τιμηθησόμενος,
2612 2758 2684 2812 δι’
2722 2759 2790 2829 ἣν
2843 2758 2941 2812 καὶ
2983 2757 3095 2812 τῶν
3147 2756 3422 2828 γεννητῶν
3472 2754 3658 2808 πάντων

2115 2851 2301 2922 ἄρχων
2328 2851 2479 2906 ἔσται
2514 2852 2610 2905 καὶ
2655 2851 2812 2916 τέλος
2862 2851 3003 2916 μετὰ
3036 2851 3200 2918 Θεὸν,
3245 2849 3382 2905 ἀλλά
3403 2849 3464 2920 δὴ
3491 2849 3576 2902 καὶ
3597 2847 3658 2909 ὡς

2114 2943 2215 3012 τῆς
2246 2943 2396 3008 θείας
2423 2945 2671 3015 ἐνότητος
2700 2945 2794 3000 καὶ
2821 2944 2916 2998 τοῦ
2944 2947 3002 2998 ὲν
3031 2945 3176 3018 αὖτῇ
3213 2944 3423 3016 μέλλων
3453 2938 3658 3013 ἀριθμοῦ

449 3037 614 3084 tatem
641 3036 791 3082 esset
818 3026 1265 3096 participaturus.
1293 3023 1405 3078 lmo
1429 3023 1804 3094 hincquodam
1840 3026 2009 3080 modo

2118 3008 2392 3105 μετέχειν.
2443 3008 2606 3088 Ὅθεν
2649 3035 2714 3108 δὴ
2764 3036 2857 3092 καὶ
2901 3008 3175 3107 μετέσχεν
3213 3008 3586 3108 άμηγέπητῖς
3609 3049 3658 3085 τε

439 3121 713 3189 particeps
784 3117 1034 3183 eﬂectus,
1095 3130 1217 3170 cum
1273 3124 1328 3170 et
1363 3130 1506 3170 unus
1547 3114 1619 3170 sit
1649 3124 1703 3168 et
1731 3113 2010 3183 pluribus,

437 3211 616 3282 quoad
648 3213 910 3279 animam,
937 3208 1288 3264 facultatibus
1308 3207 1538 3262 coaleat.
1567 3206 1724 3262 Hunc
1755 3207 2004 3263 divinum

438 3319 724 3360 numerum
760 3302 850 3357 ille
875 3301 1030 3357 nobis
1071 3301 1334 3355 reseravit
1376 3314 1538 3367 quem
1567 3309 1860 3354 venturum
1889 3299 2001 3354 Mo-

436 3407 524 3445 ses
556 3391 980 3461 prophetaverat
1045 3387 1230 3444 Jesus.
1270 3385 1638 3454 Quamobrem
1689 3397 1742 3444 et
1786 3388 1851 3443 ad
1910 3403 2012 3443 no-

439 3492 609 3535 stram
643 3491 892 3535 crateram
929 3479 1311 3550 perfectionem
1351 3478 1644 3535 adveniens
1701 3479 2011 3546 iterumque

437 3581 704 3628 venturus
733 3571 902 3625 multo
932 3578 1056 3624 ante
1084 3570 1468 3640 pronuntiatus
1499 3571 1670 3625 edixit
1727 3571 2011 3641 baptizan-

437 3663 538 3718 dus
588 3677 682 3720 eos
710 3663 800 3733 qui
835 3663 1166 3716 crediderint
1195 3663 1248 3716 in
1281 3663 1503 3718 nomine
1537 3661 1732 3728 Patris,
1768 3674 1822 3720 et
1853 3662 2004 3730 Filii,

437 3765 493 3812 et
521 3756 757 3825 Spiritus
790 3756 985 3823 sancti,
1008 3755 1228 3826 quibus,
1263 3756 1363 3810 etsi
1397 3765 1506 3811 tres
1529 3756 1639 3811 sint
1661 3798 1675 3822 ,
1721 3771 1888 3810 unmn
1918 3769 2011 3810 no-

439 3864 562 3904 men
595 3857 764 3904 estet
815 3848 871 3903 in
916 3847 1196 3904 communi
1259 3849 1520 3917 competit
1581 3864 1742 3901 unam
1808 3845 2010 3904 habere

437 3941 697 3997 deitatem
735 3951 789 3997 et
821 3956 990 3996 unum
1022 3939 1190 3994 Deum
1225 3939 1330 3993 tria
1361 3940 1461 3992 hoc
1480 3953 1622 3993 esse.
1659 3936 1800 4004 Quin
1835 3939 2001 3995 etiam

437 4037 756 4105 priusquam
788 4033 1030 4088 venisset
1067 4030 1248 4095 Jesus,
1272 4029 1439 4084 David
1467 4031 1608 4085 hanc
1639 4029 1692 4083 in
1729 4030 1838 4086 Deo
1883 4030 2010 4086 'l'ri-

1569 4121 1736 4177 Verbo
1771 4123 2007 4191 Domini,

438 4217 718 4291 inquiens,
745 4216 859 4271 caeli
886 4217 1088 4285 firmati
1124 4223 1248 4270 sunt
1283 4226 1330 4270 et
1361 4213 1562 4282 Spiritu
1615 4219 1721 4270 oris
1752 4216 1867 4282 eius
1901 4233 2012 4270 om-

2117 3127 2193 3181 ὣν
2253 3128 2350 3181 καὶ
2407 3129 2473 3182 ἐκ
2521 3129 2786 3196 πλειόνων
2837 3131 2937 3202 τὴν
3001 3127 3186 3201 ψυχὴν
3248 3128 3660 3199 συνηρμοσμένος

2113 3219 2395 3290 δυνάμεων
2421 3235 2434 3249 ⁸
2465 3217 2655 3273 τοῦτον
2691 3219 2784 3274 τὸν
2821 3219 2962 3275 θεῖον
3009 3221 3244 3290 ἀριθμὸν
3277 3222 3306 3274 ό
3349 3222 3411 3274 ἐκ
3447 3219 3660 3278 Μωσέως

2111 3310 2263 3383 ἥξειν
2293 3311 2691 3383 προφητευθεὶς
2731 3309 2934 3381 Ἰησοῦς
2961 3311 3122 3382 ἡμῶν
3163 3311 3431 3379 άνέπτυξε
3451 3327 3465 3341 ⁸
3494 3309 3659 3363 τούτου

2113 3405 2273 3478 χάριν
2304 3405 2399 3460 καὶ
2448 3405 2545 3475 τῆς
2590 3403 2757 3474 άλλης
2804 3403 2966 3475 ἡμῶν
2998 3403 3343 3474 βελτιώσεως
3389 3404 3661 3472 ἀφιγμένος

2112 3515 2172 3551 τε
2223 3497 2338 3552 ἀλλ’
2399 3497 2552 3568 ἥξειν
2627 3497 2912 3568 πόρρωθεν
2982 3497 3533 3570 προκατηγγελμένος
3583 3494 3662 3550 καὶ

2115 3586 2470 3658 βαπτίζεσθαι
2505 3589 2616 3643 δεῖν
2637 3587 2742 3658 ἔφη
2777 3588 3130 3651 πιστεύοντας
3165 3592 3251 3653 είς
3305 3589 3366 3643 τὸ
3393 3589 3552 3656 ὄνομα
3581 3585 3660 3639 τοῦ

2115 3677 2354 3749 Πατρός
2381 3681 2474 3734 καὶ
2502 3679 2599 3733 τοῦ
2627 3677 2782 3746 Υίοῦ,
2807 3681 2900 3733 καὶ
2925 3681 3019 3736 τοῦ
3044 3683 3206 3751 ἁγίου
3244 3683 3565 3752 Πνεύματος,
3594 3673 3661 3740 οἷς

2111 3771 2293 3842 τρισὶν
2339 3764 2492 3826 οὖσιν
2539 3770 2598 3826 ἐν
2627 3772 2801 3842 δνομα
2846 3773 2942 3826 καὶ
2973 3775 3152 3828 κοινόν
3178 3777 3332 3828 ἐστιν
3363 3777 3394 3846 ἡ
3444 3776 3537 3844 μία
3565 3773 3662 3826 θεό-

2109 3879 2210 3935 της
2245 3863 2339 3916 καὶ
2365 3863 2428 3918 τὸ
2457 3863 2588 3918 Θεὸν
2613 3864 2708 3919 ἕνα
2737 3865 2806 3918 τὰ
2837 3866 2960 3937 τρία
3007 3865 3163 3920 ταῦτ’
3199 3864 3364 3922 εἶναι.
3405 3865 3553 3923 Ἀλλᾶ
3583 3861 3660 3918 καὶ

2113 3955 2241 4023 πρὶν
2289 3954 2446 4025 ἥκειν
2499 3955 2594 4008 τὸν
2633 3955 2840 4025 Ἰησοῦν
2886 3957 2914 4010 ό
2958 3956 3124 4010 Δαὸὶδ
3172 3960 3279 4028 τὴν
3332 3959 3391 4010 ἐν
3439 3959 3513 4025 τῷ
3557 3953 3657 4021 Θεῷ

2110 4046 2316 4118 Τριάδα
2369 4047 2574 4117 ταύτην
2621 4048 2810 4117 ἐδήλου
2862 4048 3060 4116 καλῶς,
3119 4047 3210 4114 Τῷ
3257 4051 3417 4116 λόγῳ
3462 4045 3659 4113 Κυρίου

2111 4145 2165 4196 oi
2207 4141 2453 4209 οὐρανοί
2493 4141 2969 4209 ἐστερεώθησαν,
3017 4140 3216 4212 λέγων,
3252 4143 3352 4198 καὶ
3393 4140 3468 4207 τῷ
3498 4138 3660 4193 Πγεύο

2109 4250 2250 4305 ματι
2273 4233 2379 4288 τοῦ
2402 4233 2698 4302 στόματος
2720 4233 2908 4289 αὐτοῦ
2931 4233 3100 4289 πᾶσα
3127 4233 3163 4300 ἡ
3190 4235 3445 4304 δύναμις
3464 4231 3661 4292 αὐτῶν,

443 4311 527 4367 uis
559 4311 723 4363 virtus
771 4324 975 4362 eorum.
1029 4308 1194 4377 Atqui
1248 4322 1345 4364 nec
1392 4307 1585 4362 Davidi
1631 4309 2011 4366 contradicere

2117 4325 2422 4395 ἀντιλέγειν
2459 4326 2514 4380 δὲ
2546 4327 2670 4380 οὐδὲ
2708 4325 2786 4395 τῷ
2831 4326 3000 4381 Δαόἰδ
3029 4327 3252 4396 ἔχουσιν
3285 4329 3334 4380 oi
3371 4328 3502 4398 πρὸς
3534 4324 3660 4394 ἡμᾶς

441 4405 680 4459 audeant
712 4399 1012 4456 adversarii
1049 4399 1245 4453 nostri.
1273 4397 1351 4454 lta
1384 4411 1439 4454 et
1477 4415 1542 4455 ex
1586 4401 1815 4470 reliquis
1873 4415 2004 4471 pro-

439 4496 619 4570 phetis
652 4495 818 4560 idem,
840 4490 909 4547 de
943 4506 1054 4562 quo
1091 4507 1259 4557 nunc,
1289 4491 1482 4562 dogma
1528 4493 1824 4562 colligitur,
1857 4492 2007 4563 quod

437 4569 563 4650 cum
595 4590 835 4661 ipsorum
859 4585 925 4640 de
950 4583 1131 4640 divina
1181 4569 1588 4656 dispensatione
1617 4587 1891 4656 praedictis
1919 4602 2012 4658 ap-

438 4683 614 4756 prime
666 4690 960 4738 consonat.

507 4775 783 4842 Attamen,
825 4788 1138 4844 quanquam
1167 4772 1326 4828 modo
1357 4771 1594 4841 prtemisi
1637 4771 1907 4827 hominem
1945 4775 2012 4830 ad

439 4866 732 4936 imaginem
761 4863 855 4920 Dei
890 4864 1192 4936 factumgid
1218 4878 1325 4918 non
1357 4878 1422 4918 ex
1476 4863 1619 4918 Mose
1650 4864 1830 4934 potius
1861 4874 1915 4920 et
1945 4880 2015 4920 ex

437 4974 504 5016 eo
533 4959 679 5029 quod
744 4958 1056 5028 loquentem
1115 4958 1278 5012 Deum
1338 4955 1570 5022 inducit,
1601 4972 1764 5027 quam
1801 4971 1866 5011 ex
1899 4959 2013 5028 ipsa

439 5049 587 5106 circa
647 5050 922 5105 hominem
967 5049 1208 5104 evidenti
1269 5049 1499 5104 veritate
1531 5065 1594 5106 ac
1647 5052 1766 5106 sola
1799 5049 2012 5106 ratione

440 5150 590 5200 stare
611 5155 772 5211 posse
801 5139 1138 5196 monstrabo.
1168 5137 1420 5196 Profecto
1432 5140 1652 5212 quidem
1677 5157 1814 5214 opus
1837 5143 2006 5216 quod-

441 5230 571 5288 libet
603 5229 904 5286 intellectui
935 5231 1182 5302 operanti
1215 5230 1395 5303 aliqua
1421 5233 1596 5290 simile
1621 5241 1702 5290 est
1729 5250 1746 5302 ;
1775 5235 1833 5290 [it
1859 5235 2006 5290 enim

439 5319 589 5391 juxta
654 5320 894 5392 speciem
928 5319 1006 5374 ‘in
1039 5320 1314 5376 intellectu
1364 5320 1591 5378 factoris
1652 5325 1924 5393 incusam,
1954 5330 2011 5380 et

439 5411 819 5468 immaterialis
840 5426 961 5484 quae
1003 5411 1131 5468 huic
1162 5411 1306 5468 inest
1341 5415 1526 5484 operis
1557 5415 1736 5488 imago
1768 5431 2014 5474 commu-

442 5500 662 5556 nicatur
719 5501 960 5555 materia:
1011 5500 1175 5556 modo
1205 5501 1304 5572 ipsi
1355 5503 1616 5574 proprio;
1648 5505 1794 5560 unde
1831 5507 2014 5562 tenuis

443 5589 746 5648 similitudo
768 5600 872 5646 est.
896 5591 1031 5648 Nam
1054 5590 1202 5647 sicut
1220 5607 1286 5647 ex
1318 5594 1564 5666 vestigiis
1592 5595 1866 5653 hominem
1887 5611 2012 5653 esse

444 5682 698 5738 novimus
738 5681 834 5753 qui
869 5683 1118 5764 incessit,
1139 5682 1212 5738 ita
1251 5683 1470 5740 domum
1507 5685 1688 5741 intuiti
1723 5687 1868 5746 illam
1901 5689 2012 5745 sci-

446 5786 572 5832 mus
611 5788 901 5849 opuslesse
929 5773 1284 5846 cmmentarii,
1335 5790 1554 5850 unaque
1581 5780 1869 5837 structoris
1915 5780 2012 5838 ha~

2117 4416 2476 4486 διιστάμενοι.
2499 4416 2610 4472 Καὶ
2635 4419 2700 4471 ὲκ
2730 4416 2836 4470 τῶν
2863 4418 3039 4473 ἄλλων
3063 4420 3124 4474 δὲ
3154 4421 3454 4493 προφητῶν
3479 4419 3533 4473 τὸ
3553 4415 3661 4485 περὶ

2117 4509 2216 4578 τῆς
2263 4509 2322 4562 ιν
2358 4508 2435 4578 τῷ
2476 4509 2596 4580 Θεῷ
2643 4509 2874 4580 Τριάδος
2928 4511 3106 4575 καλῶς
3147 4513 3463 4583 ἁθροίζεται
3509 4511 3662 4578 δόγμα

2118 4602 2237 4664 ταῖς
2273 4603 2398 4670 περὶ
2427 4603 2526 4671 τῆς
2561 4601 2714 4663 θείας
2758 4604 3069 4675 οίκονομίας
3100 4607 3474 4678 προρρήσεσιν
3503 4605 3658 4657 αὐτῶν

2117 4693 2332 4757 οίκείως
2362 4694 2812 4766 ἑναρμοζόμενον.

2204 4788 2363 4841 ’Δλλὰ
2410 4787 2506 4842 νῦν
2551 4789 2611 4842 τὸ
2650 4788 2993 4861 ἀνθρώπειον
3025 4793 3463 4861 προστησάμενοι
3495 4788 3660 4860 χρῆμα

2116 4880 2236 4934 κατ’
2270 4881 2454 4935 εἰκόνα
2501 4881 2652 4935 θείαν
2702 4883 3120 4953 γεγεννημένον,
3177 4885 3288 4938 οὐδ’
3323 4887 3390 4939 ἐκ
3438 4883 3528 4937 τοῦ
3556 4881 3694 4935 Mur‘

2115 4974 2252 5038 σὲως
2285 4973 2506 5044 μᾶλλον,
2543 4975 2638 5030 καὶ
2674 4975 2735 5030 ὃν
2783 4975 2972 5043 ὲσάγει
3003 4976 3232 5044 λέγοντα
3276 4976 3436 5032 τοῦτο
3463 4975 3604 5040 Θεὸν,
3631 4974 3660 5044 ἢ

2114 5067 2314 5138 ὲκτῆς
2356 5070 2689 5139 φαινομένης
2721 5069 2848 5140 περὶ
2878 5069 2969 5124 τὸν
3015 5068 3305 5140 ἄνθρωπον
3335 5069 3581 5141 ἀληθείας
3607 5067 3659 5118 τὸ

2113 5159 2289 5228 δόγμα
2317 5159 2477 5214 τοῦτο
2507 5162 2603 5217 καὶ
2633 5162 2776 5232 λόγῳ
2819 5163 3120 5235 δυνάμενον
3150 5166 3380 5233 κρατεῖν
3415 5162 3656 5232 δείξομεν.

2117 5252 2299 5306 Ἆπιν
2335 5253 2434 5323 μὲν
2456 5253 2521 5324 δὴ
2553 5256 2762 5327 ποίημα
2791 5256 2978 5327 ὅμοιόν
3008 5256 3127 5322 πώς
3161 5259 3280 5312 ἐστι
3318 5257 3394 5328 τῷ
3430 5257 3560 5327 μετὰ
3583 5248 3660 5306 τοῦ

2120 5341 2362 5398 ποιοῦντι
2383 5358 2398 5373 ο
2429 5347 2663 5398 ποιεῖται
2690 5345 2798 5416 γάρ
2825 5349 2966 5400 κατὰ
2998 5347 3060 5400 τὸ
3093 5347 3406 5402 ἐντυπωθὲν
3433 5347 3555 5417 περὶ
3582 5341 3665 5396 αὖ·

2118 5435 2214 5489 τοῦ
2260 5433 2398 5500 εἶδος
2448 5437 2526 5506 τῷ
2577 5436 2652 5508 νῷ
2702 5437 2796 5494 τοῦ
2842 5438 3123 5506 ποιοῦντος
3147 5455 3163 5473 ο
3214 5443 3311 5495 καὶ
3359 5441 3392 5512 ἠ
3437 5439 3588 5500 άῦλος
3615 5434 3664 5489 ἐν

2120 5526 2269 5598 αὐτῷ
2298 5527 2392 5582 τοῦ
2427 5529 2734 5600 ποιήματος
2774 5531 3032 5604 ὁμοιότης
3065 5535 3126 5586 ὲν
3163 5535 3230 5605 τῇ
3282 5533 3384 5606 ὕλῃ
3417 5527 3663 5585 κοινωνεῖ-

2117 5637 2208 5675 ται
2252 5620 2472 5684 οἰκείως
2504 5623 2670 5696 αὐτῇ,
2709 5623 2790 5678 διὸ
2820 5625 2918 5682 καὶ
2963 5626 3198 5698 ἀσθενής
3230 5627 3383 5680 ἐστιν
3413 5623 3665 5694 ductim;-

2121 5709 2211 5776 ὀἱ
2251 5715 2358 5784 γάρ
2387 5713 2466 5786 τῷ
2505 5714 2645 5786 ἴχνει
2695 5717 3038 5790 γινώσκομεν
3083 5719 3376 5792 ἄνθρωπον
3412 5717 3501 5772 τὸν
3533 5727 3669 5780 περι⁶

2112 5806 2434 5880 πατήσαντα
2486 5806 2651 5880 εἶναι,
2683 5809 2831 5869 οὕτω
2863 5816 2958 5868 καὶ
2991 5815 3169 5872 οἰκίαν
3205 5813 3414 5878 ἰδόντες
3458 5803 3691 5878 νοοῦμέν.
