3932 6458
241 373 342 435 585

1299 376 1395 436 DE
1442 375 1584 439 υΕο
1627 376 1709 436 ΙΝ
1747 375 2179 436 TBINITATE
2222 374 2404 434 Ι]Νο.

3378 368 3481 427 Siti

235 497 291 535 τε
322 479 477 548 ἔργον
511 479 790 548 οἰκοδόμου
823 480 993 552 αὐτὴν
1024 477 1161 536 εἶναι
1198 486 1292 537 καὶ
1324 487 1422 556 τὴν
1457 486 1551 539 τοῦ
1579 486 1784 557 ᾠκοδοο

1908 486 2060 539 iitum
2080 494 2135 540 et
2153 492 2324 539 artem
2352 482 2721 550 intelligimus.
2746 483 2822 536 Ex
2848 498 3074 552 operum
3108 482 3307 551 quippe
3330 480 3480 535 dilic-

238 573 461 643 μηκότος
500 572 614 638 ἕξιν
650 572 745 625 καὶ
773 572 1005 644 δύναμιν
1034 575 1364 646 συννοοῦμεν
1391 595 1405 609 ·
1449 581 1515 649 τῇ
1547 581 1653 651 γὰρ
1694 582 1802 636 τῶν

234 666 549 735 ποιημάτων
575 666 808 737 διαφορᾷ
850 667 951 738 τὴν
985 668 1242 739 διάφορον
1275 670 1384 723 τῶν
1411 675 1799 744 πεποιηκότων

231 756 337 820 ἕξιν
384 756 840 826 καταμετροῦμεν
885 756 962 826 τῷ
1011 758 1281 829 λογισμῷ,
1324 762 1421 814 καὶ
1462 764 1495 833 ἡ
1546 764 1805 835 ὁμοιότης

232 846 363 915 αῦτη
396 846 575 916 ἴχνους
618 848 874 918 ὁμοιότης
909 848 1025 901 ἔστι
1054 867 1113 901 τε
1160 851 1255 903 καὶ
1300 852 1566 909 καλεῖται.
1599 855 1662 907 Εἰ
1693 856 1806 908 τοί-

231 956 317 990 νυν
350 940 442 991 ἐπὶ
471 938 579 991 τῶν
610 941 750 994 κατὰ
782 942 948 1011 μέρος
983 944 1281 996 ποιούντων
1309 944 1456 998 τοῦτ’
1490 949 1639 999 ἐστὶν
1671 949 1805 1015 ἁλη-

231 1028 335 1091 θὲς,
390 1030 570 1100 πολλῷ
624 1032 826 1100 μᾶλλον
874 1034 967 1086 ἐπὶ
1048 1035 1141 1089 τοῦ
1205 1038 1433 1091 καθόλου
1500 1040 1800 1105 ποιοῦντος.

242 1122 395 1175 Ἀλλὰ
443 1123 619 1177 ταῦτα
656 1123 755 1193 μὲν
802 1125 1060 1199 σύστοιχὰ
1112 1146 1227 1193 πως
1286 1132 1400 1193 τοῖς
1454 1137 1805 1205 ποιουμένοις

229 1216 363 1268 εἰσὶν
390 1214 470 1277 ὡς
501 1217 694 1270 κτιστὰ
743 1217 923 1273 πάντα
953 1219 1033 1288 τῷ
1070 1220 1219 1287 γένει
1248 1235 1262 1251 ⁶
1289 1223 1322 1292 η
1348 1223 1404 1276 δὲ
1440 1224 1632 1297 πρώτη
1670 1230 1805 1281 πάν-

227 1324 331 1358 των
363 1307 515 1360 αἰτία
543 1308 653 1360 τῶν
688 1311 1006 1380 ποιημάτων
1036 1312 1208 1383 αὐτῆς
1230 1315 1527 1384 ἀπειράκις
1558 1318 1806 1390 ἀπείρως

227 1399 567 1469 ὑπέρκειται.
601 1400 691 1454 Διὸ
724 1404 818 1454 καὶ
851 1405 1196 1475 ἁμυδροτάτη
1241 1409 1390 1461 ἐστὶν
1439 1412 1474 1479 ὴ
1525 1411 1584 1464 ἐν
1622 1412 1806 1476 αὐτοῖς

222 1494 501 1563 ὁμοιότης,
533 1494 635 1564 τῆς
676 1495 1125 1569 ὑπερϐαλλούσης
1157 1502 1213 1553 ὲν
1254 1503 1329 1571 τῷ
1364 1504 1606 1557 ποιοῦντι
1642 1507 1802 1560 δυνά-

156 1588 165 1597 ’
228 1602 372 1655 μεως
403 1587 506 1656 τὴν
532 1591 630 1656 τῆς
656 1588 977 1660 ὁμοιότητος
1015 1593 1304 1646 ἀσθένειαν
1336 1597 1393 1648 ὲν
1427 1600 1537 1661 τοῖς
1584 1599 1804 1668 γινομέ-

221 1694 332 1740 νοις
368 1676 513 1730 οῦτω
548 1679 805 1749 ποιούσης
835 1697 848 1711 ο
894 1682 1030 1735 ἀλλὰ
1067 1686 1159 1735 καὶ
1204 1686 1435 1756 ἀσθενής
1482 1691 1631 1744 ἐστιν
1661 1690 1803 1745 οὕτω

222 1770 315 1822 καὶ
350 1768 594 1837 ἀμυδρὰ,
618 1770 822 1839 ἀληθὴς
865 1774 1047 1841 μέντοι
1081 1791 1169 1842 γε,
1206 1778 1284 1840 ώς
1327 1779 1588 1833 ἀδύνατον
1616 1782 1675 1836 ὃν
1706 1784 1803 1837 ἄλ-

220 1858 326 1921 λως
359 1859 529 1929 ἔχειν.
568 1861 723 1913 Ἐστι
759 1863 858 1931 μὲν
893 1860 984 1918 οῦν
1020 1866 1198 1919 πάντα
1231 1869 1298 1921 τὰ
1328 1869 1423 1947 τρῦ
1468 1871 1603 1925 Θεοῦ
1644 1878 1799 1947 ποιή-

223 1968 372 2020 ματα
419 1954 583 2020 ὅμοιά
639 1972 754 2017 πως
796 1957 945 2025 αύτῷ
985 1960 1123 2011 κατὰ
1163 1959 1351 2013 τοῦτον
1384 1962 1475 2015 τὸν
1515 1965 1695 2032 λόγον,
1722 1967 1799 2032 ὡς

217 2041 315 2111 τὴν
354 2042 449 2094 τοῦ
497 2046 859 2113 πεποιηκότος
911 2051 966 2100 ὲν
1006 2051 1189 2118 σφίσιν
1221 2053 1406 2116 αὐτοῖς
1461 2057 1797 2125 ἐμφαίνοντα

222 2135 419 2202 σοφίαν
469 2135 562 2188 καὶ
596 2137 843 2205 δύναμιν.
873 2140 1039 2192 Οὐδὲν
1091 2142 1199 2212 γάρ
1246 2146 1381 2208 ἐστι,
1410 2147 1515 2200 κᾶν
1561 2150 1623 2202 τὸ
1670 2167 1796 2219 σμι-

218 2226 488 2293 κρότατον
518 2224 574 2300 ᾖ,
606 2228 633 2281 ὃ
668 2228 741 2299 μὴ
779 2230 1111 2302 θαυμάσειεν
1140 2235 1206 2288 ἄν
1242 2253 1326 2298 τις
1370 2239 1637 2304 ἐκτόπως,
1674 2244 1797 2295 ἀντὶ

215 2318 327 2373 τῶν
359 2323 425 2374 ἐκ
465 2321 558 2375 τοῦ
612 2325 878 2392 μεγέθους
923 2326 1325 2400 ἐλαττωμάτων
1376 2331 1569 2398 σοφίας
1612 2334 1796 2397 αὐτοῖς

218 2413 314 2465 καὶ
343 2413 589 2483 μεθόδων
628 2416 797 2481 ξένων
840 2419 1337 2492 ὲγκατῳκισμένων
1374 2426 1582 2483 θεόθεν.
1618 2430 1793 2498 Πρόσ-

209 2522 332 2589 εστι
394 2506 454 2559 δὲ
508 2510 690 2573 αὐτοῖς
726 2512 820 2565 καὶ
866 2514 926 2566 τὸ
972 2515 1262 2585 δραστικὸν
1291 2537 1349 2573 τε
1391 2522 1486 2574 καὶ
1516 2522 1796 2593 ὠφέλιμον

210 2599 456 2665 πλείοσι,
485 2604 577 2655 καὶ
630 2604 803 2657 ταῦτα
847 2605 1025 2661 πάντα
1073 2611 1208 2679 πρὸς
1257 2615 1357 2681 την
1408 2615 1661 2684 πρόνοιαν
1694 2617 1794 2684 τῆς

205 2692 571 2763 ἀνθρωπίνης
606 2698 881 2767 προύργου
912 2705 1277 2773 καταστρέφει
1315 2706 1479 2769 ζωῆς.
1534 2707 1674 2761 Ἀλλ’
1701 2710 1796 2761 οὐ·

206 2780 303 2834 ὁὲν
360 2782 570 2839 τούτων
617 2789 778 2841 εἰκὼν
811 2790 904 2843 τοῦ
952 2791 1086 2846 Θεοῦ
1142 2796 1400 2863 λέγεται·
1431 2800 1659 2868 οὐρανὸς
1694 2802 1794 2869 μὲν

206 2876 323 2946 γὰρ
355 2879 452 2929 καὶ
485 2880 550 2931 τὰ
573 2881 798 2949 οὐράνια
824 2884 1055 2954 σώματα
1096 2887 1197 2940 ούκ
1239 2889 1365 2941 ἄνευ
1393 2890 1522 2959 ὕλης
1555 2892 1672 2944 ἐστὶ
1700 2894 1795 2946 καὶ

206 2968 455 3039 σώματα
519 2972 679 3039 μόνον
733 2974 871 3029 είσὶν
923 2977 1049 3031 ἄνευ
1107 2979 1333 3049 ψυχῶν-⁸
1399 2982 1684 3052 ἄνθρωπος
1738 2984 1795 3038 δὲ

207 3062 376 3131 μόνος
407 3062 573 3126 ἄῡλος
613 3064 707 3117 καὶ
740 3065 1027 3135 ἀσώματος
1064 3069 1138 3138 τῷ
1166 3071 1266 3138 τῆς
1306 3072 1502 3140 ψυχῆς,
1537 3072 1611 3134 ὡς
1642 3074 1797 3145 εἴρη-

1909 580 2081 632 rentia
2104 577 2286 632 varios
2305 576 2463 631 simul
2485 575 2742 645 opiﬁcum
2767 574 2983 630 habitus
3010 590 3105 643 per
3127 574 3472 628 ratiocinium

1907 671 2243 733 dimetimur,
2268 679 2323 723 et
2348 669 2649 723 similitudo
2684 668 2787 723 hoc
2824 669 3049 737 vestigio
3078 683 3173 736 par
3196 676 3279 720 est
3317 678 3368 720 et
3393 666 3477 719 di-

1908 760 2068 815 citur.
2106 758 2258 825 Quod
2299 768 2448 814 certe
2501 758 2645 813 side
2685 760 2770 813 his
2803 774 2990 813 verum
3032 767 3115 812 est
3150 759 3242 826 qni
3274 760 3470 826 partim

1908 862 2223 918 onerantur,
2263 851 2432 903 multo
2467 850 2635 918 magis
2663 850 2729 903 de
2754 864 2818 903 eo
2841 848 2933 917 qui
2974 863 3038 900 ex
3075 848 3302 914 integro.
3363 843 3468 897 Sed

1908 956 2209 1009 congenera
2248 940 2358 993 fere
2390 946 2514 991 sunt
2549 939 2665 991 haec
2694 953 2814 992 cum
2865 936 3186 998 factoribus,
3217 936 3353 988 sicut
3387 949 3478 1001 ge-

1918 1036 2035 1086 neri
2063 1047 2163 1087 suo
2199 1040 2379 1085 creata
2409 1029 2629 1093 omnia;
2668 1029 2841 1097 prima
2874 1043 3001 1081 vero
3030 1025 3275 1080 omnium
3305 1039 3469 1078 causa

1911 1126 2027 1178 suis
2072 1122 2332 1193 operibus
2365 1121 2576 1175 inﬁnite
2612 1129 2667 1174 et
2706 1133 2868 1186 supra
2896 1118 3114 1171 modum
3144 1116 3479 1186 praet-minet.

1925 1216 2161 1284 ideoque
2200 1230 2294 1284 per
2321 1214 2553 1268 obscura
2589 1213 2643 1267 in
2681 1212 2787 1266 illis
2854 1221 2935 1265 est
2990 1209 3310 1270 similitudo,
3341 1222 3478 1277 pra:-

1911 1309 2254 1363 stantissima
2279 1320 2474 1373 nempe
2505 1304 2745 1358 auctoris
2778 1302 3017 1369 potentia
3052 1305 3189 1352 hanc
3215 1299 3470 1352 similitu-

1910 1399 2056 1454 diuis
2086 1402 2402 1453 tenuitatem
2428 1398 2510 1452 sic
2535 1396 2822 1451 eiiieieute.
2874 1394 3083 1447 Etenim
3110 1391 3209 1445 etsi
3232 1391 3367 1445 adeo
3396 1398 3480 1443 te-

1915 1493 2038 1546 nuis
2059 1500 2142 1545 est
2166 1500 2219 1544 et
2251 1490 2508 1547 obscura,
2537 1489 2629 1541 sed
2668 1502 2791 1540 vera
2826 1494 3027 1548 tamen,
3053 1492 3323 1552 quatenus
3381 1481 3481 1536 ali-

1911 1596 1992 1641 ter
2013 1586 2127 1639 lieri
2158 1590 2410 1651 nequeat.
2438 1579 2492 1632 lu
2517 1580 2729 1634 cunctis
2758 1578 2918 1647 igitur
2946 1575 3037 1628 Dei
3063 1574 3314 1644 operibus
3336 1588 3485 1641 qna:-

1910 1678 2032 1732 dam
2065 1691 2185 1730 cum
2222 1676 2341 1744 ipso
2370 1681 2452 1727 est
2476 1670 2790 1739 hujusmodi
2824 1668 3147 1728 similitudo,
3193 1667 3244 1719 in
3281 1666 3479 1734 scipsis

1910 1768 2125 1839 quidem
2159 1765 2381 1819 factoris
2408 1764 2490 1818 sui
2516 1763 2839 1832 sapientiam
2875 1759 3274 1814 declarantibus
3297 1768 3348 1809 et
3378 1772 3474 1824 po-

1839 1838 1881 1895 Β
1916 1868 2189 1916 tcStatem.
2245 1856 2396 1911 Nihil
2456 1868 2692 1923 namque
2739 1854 2822 1909 vel
2874 1851 3164 1906 minimum
3216 1848 3476 1918 estquod

1914 1963 2194 2024 stuporem
2226 1951 2403 2006 cuivis
2440 1948 2584 2003 haud
2632 1947 2887 2011 incutiat,
2918 1961 3026 1999 non
3055 1954 3231 1997 autem
3264 1941 3479 1996 illorum

1908 2062 2009 2115 pro
2060 2044 2435 2113 magnitudine
2498 2058 2679 2096 rerum
2734 2039 2994 2094 deﬁciens
3055 2036 3321 2105 sapientia
3381 2040 3478 2085 aut

1912 2126 2101 2191 alienae
2133 2136 2550 2205 disquisitioncs
2588 2132 2770 2186 divino
2799 2138 2932 2185 nutu
2974 2126 3114 2196 apud
3150 2126 3274 2179 illos
3307 2125 3480 2176 intro-

1912 2234 2108 2285 ductae.
2146 2228 2290 2283 Inest
2330 2230 2494 2281 etiam
2526 2227 2627 2280 illis
2650 2223 2865 2277 cutibus
2899 2218 3134 2275 ciiicacia
3170 2227 3225 2275 et
3268 2217 3476 2271 utilitas

1912 2324 2100 2385 multa,
2132 2333 2184 2374 et
2217 2320 2399 2374 omnia
2438 2321 2550 2372 haec
2595 2318 2646 2370 in
2704 2313 3014 2383 praesidium
3084 2311 3336 2365 [minante
3378 2309 3482 2363 ‘A‘ii

1908 2413 2192 2469 commode
2244 2418 2661 2466 convertuntur.
2700 2407 2988 2460 'Attamen
3064 2402 3201 2458 nihil
3284 2402 3480 2455 horno:

1906 2506 2083 2575 imago
2106 2504 2196 2558 Dei
2223 2505 2453 2559 dicitur:
2503 2501 2701 2557 caelum
2732 2500 2933 2570 quippe
2980 2508 3030 2553 et
3096 2511 3323 2564 corpora
3370 2511 3479 2550 co:-

1906 2574 2061 2656 lestia
2093 2614 2202 2653 non
2254 2598 2521 2653 exsistunt
2554 2596 2759 2666 absque
2786 2593 3033 2655 materia,
3064 2599 3117 2647 et
3146 2574 3280 2644 niliil
3331 2589 3481 2643 aliud

1909 2702 2222 2763 suntquam
2250 2689 2547 2747 inanimato
2576 2702 2822 2758 corpora.
2876 2684 3039 2739 Solus
3089 2685 3292 2747 homo,
3329 2682 3480 2751 quod

1908 2785 2145 2840 animam
2176 2792 2398 2854 spectat,
2433 2791 2492 2836 ut
2525 2785 2931 2854 preposu‘unus,
2968 2777 3344 2833 immaterialis
3395 2787 3480 2832 est

1909 2889 1962 2935 et
1990 2880 2366 2949 incorporeus,
2398 2877 2658 2943 solusque
2681 2873 3026 2941 intelligens;
3062 2870 3329 2939 siquidem
3383 2871 3475 2926 illa

1913 2973 2097 3029 omnia
2127 2984 2292 3024 unam
2348 2966 2855 3023 communissimam
2895 2963 3329 3026 similitudinem,
3365 2978 3475 3015 esse

1911 3068 2138 3133 Scilicet,
2170 3080 2293 3120 cum
2325 3078 2424 3118 sua
2473 3078 2632 3117 causa
2667 3076 2777 3131 prre
2797 3074 2855 3113 se
2880 3057 3084 3114 ferunt.
3105 3057 3238 3111 Nam
3268 3066 3321 3109 et
3349 3055 3467 3125 ipsa

204 3171 322 3218 ται,
363 3154 672 3253 inopen-mi
708 3157 868 3225 μόνος
899 3160 1083 3230 νοερὸς
1115 3162 1242 3230 ἄρα,
1278 3165 1325 3215 ει
1358 3166 1585 3217 κάκεῖνα
1620 3166 1798 3220 πάντα

1908 3172 2034 3220 sunt
2062 3170 2114 3217 et
2146 3161 2287 3216 Deus
2318 3168 2419 3223 est,
2454 3156 2667 3212 tametsi
2694 3155 2937 3208 divinum
2993 3168 3103 3206 esse
3136 3165 3329 3207 eorum
3355 3165 3475 3204 om-

207 3251 347 3315 μίαν
404 3247 707 3316 ὁμοιότητα
755 3251 1078 3320 κοινοτάτην
1129 3252 1227 3323 τὴν
1285 3256 1423 3308 κατά
1456 3272 1520 3320 γε
1560 3256 1620 3308 to
1663 3252 1801 3309 εἶναι

205 3341 347 3410 πρὸς
404 3339 505 3411 τὴν
536 3341 671 3393 ἰδίαν
720 3341 899 3395 αἰτίαν
929 3344 1186 3414 ἔχουσινο
1240 3347 1382 3399 αὐτά
1428 3364 1488 3400 τε
1544 3349 1651 3417 γάρ
1696 3350 1805 3402 εἰσι

204 3434 299 3485 καὶ
338 3432 485 3494 Θεός
517 3435 687 3496 ἐστιν,
717 3435 765 3487 εἰ
814 3436 908 3487 καὶ
937 3437 997 3488 τὸ
1029 3436 1170 3490 θεῖον
1201 3436 1340 3492 εἶναι
1387 3439 1480 3492 τοῦ
1520 3441 1576 3492 ἐν
1618 3442 1806 3504 αὐτοῖς

205 3529 381 3580 πᾶσιν
429 3523 571 3580 εἶναι
606 3528 898 3598 ἀπειράκις
946 3531 1189 3604 ἀπείρως
1239 3535 1584 3604 ὑπέρκειται.
1637 3536 1800 3589 Ἔνια

200 3622 257 3674 δὲ
293 3620 410 3674 τῶν
444 3611 702 3675 ὑποκάτω
742 3623 837 3675 καὶ
882 3625 1052 3693 μείζω
1080 3626 1177 3696 τὴν
1208 3628 1347 3680 κατὰ
1382 3630 1439 3681 τὸ
1485 3627 1586 3699 ζῇν
1617 3628 1804 3699 ὁμοιό-

201 3731 346 3785 τητα
407 3713 569 3783 ἔχει·
621 3712 735 3767 ἀλλ’
786 3716 819 3784 η
873 3716 1011 3768 κατὰ
1061 3717 1123 3769 τὸ
1167 3722 1307 3770 νοεῖν
1352 3721 1608 3789 ὁμοιότης
1660 3721 1802 3791 ὑπὲρ

201 3810 392 3870 πάσας
419 3807 633 3870 ταύτας
661 3807 806 3871 ῑδίως
836 3808 1006 3871 ἐστιν,
1039 3809 1113 3873 ὠς
1143 3811 1254 3864 οὐδ’
1291 3812 1407 3865 ἐστι
1438 3814 1801 3883 παραϐαλεῖν,

204 3902 358 3965 ἰδίως
384 3900 676 3970 ἀνθρώπῳ
715 3904 860 3971 μόνῳ
903 3905 1255 3972 προσήκουσα
1286 3903 1340 3956 ἔν
1365 3921 1429 3972 γε
1461 3908 1571 3967 τοῖς
1613 3922 1803 3973 φαινο-

200 3997 391 4064 μένοις
442 3994 683 4057 τούτοις.
735 3997 989 4064 Ἄγγελοι
1046 3996 1123 4059 δὲ,
1181 3999 1262 4049 vo?
1324 3999 1420 4067 μὲν
1477 3999 1627 4063 ὄντες
1673 4000 1806 4051 εἱλι-

196 4090 438 4159 κρινεῖς,
468 4088 639 4151 εὐθὺς
672 4090 768 4141 ἀπ’
810 4087 987 4159 ἀρχῆς
1036 4090 1133 4158 τῆς
1182 4091 1440 4159 τοιαύτης
1489 4092 1805 4161 ὁμοιότητος

192 4183 361 4255 ἡμῶν
392 4181 724 4252 μετέχουσιν
755 4180 979 4249 ἄμεινον
1007 4196 1020 4211 ο
1058 4180 1239 4244 ἄλλοις
1265 4182 1320 4234 δὲ
1351 4182 1530 4249 λόγοις
1561 4184 1652 4234 καὶ
1694 4183 1804 4233 τῶν

190 4276 457 4344 ἀγγέλων
504 4271 642 4342 αὕτη
678 4271 878 4323 πλείων
903 4273 1018 4333 τοῖς
1047 4272 1445 4325 ἐσπουδακόσιν
1488 4271 1543 4337 ἐξ
1584 4271 1801 4341 ἀνθρώ·

188 4384 313 4419 πων
345 4363 652 4435 ἁρμόττει.
705 4362 879 4424 Μόνος
935 4361 1115 4414 τοίνυν
1173 4362 1238 4414 ἐκ
1291 4360 1399 4412 τῶν
1454 4362 1802 4429 φαινομένων

196 4459 429 4511 πάντων
476 4459 509 4509 ὁ
556 4452 843 4523 ἄνθρωπος
892 4449 1054 4506 εἰκὼν
1088 4453 1181 4505 τοῦ
1228 4451 1362 4505 Θεοῦ
1410 4458 1503 4505 καὶ
1548 4452 1664 4504 ἔστι
1713 4470 1805 4505 και

1912 3258 2059 3311 nium
2094 3254 2303 3309 inﬁnite
2333 3260 2569 3318 superet.
2612 3246 2883 3301 Nonnulla
2911 3261 3041 3299 vero
3080 3260 3145 3299 ex
3194 3243 3471 3299 inferiori-

1910 3351 2009 3406 bus
2039 3349 2229 3420 majori
2262 3346 2467 3417 poilent
2489 3342 2872 3406 similitudine,
2896 3356 2959 3396 eo
2987 3354 3180 3409 nempe
3204 3337 3351 3410 quod
3387 3338 3471 3393 vi-

1909 3451 2059 3497 vunt.
2102 3441 2208 3497 Sed
2237 3457 2300 3496 ea
2330 3455 2452 3512 quae
2482 3439 2547 3492 ad
2580 3438 2911 3493 intellectum
2945 3436 3137 3489 attinet
3168 3448 3360 3489 oumes
3393 3432 3475 3485 fa-

1906 3537 2009 3591 cile
2036 3535 2241 3600 vincit;
2276 3536 2408 3587 adeo
2441 3543 2501 3587 ut
2535 3533 2679 3586 nulla
2714 3532 2933 3587 sitcum
2958 3531 3071 3598 ipsa
3095 3528 3472 3599 componenda

1907 3630 2237 3700 paritas;ex
2272 3628 2339 3681 iis
2370 3628 2513 3680 enim
2547 3625 2858 3681 visibililms
2888 3623 3103 3677 cunctis
3135 3622 3227 3675 uui
3255 3620 3477 3691 proprie

1909 3722 2114 3776 homini
2141 3722 2423 3775 convenit:
2470 3717 2642 3787 angeli
2672 3716 2765 3786 qui
2790 3718 2891 3769 lem
2924 3721 3113 3783 utpote
3147 3714 3237 3782 qui
3271 3713 3481 3780 simpli-

1907 3828 1998 3868 ces
2030 3812 2354 3874 intellectus,
2385 3812 2498 3877 jam
2529 3808 2654 3861 inde
2686 3823 2713 3859 a
2741 3804 3010 3875 principio
3033 3804 3277 3855 eamdem
3301 3810 3354 3853 et
3387 3816 3483 3868 po-

1907 3903 2098 3955 tiorem
2133 3916 2196 3954 ac
2222 3914 2319 3952 nos
2342 3896 2750 3953 similitudinem
2786 3895 3140 3963 participant;
3169 3906 3275 3959 quo
3299 3902 3480 3943 tamen

1851 4032 1854 4039 η
1908 3993 2030 4047 aliis
2062 3995 2125 4046 de
2150 3990 2357 4050 eausis.
2395 3989 2636 4043 strenuis
2698 3985 3006 4054 quibusque
3065 3997 3131 4036 ex
3160 3982 3475 4036 hominibus

1910 4098 2006 4153 pro
2043 4082 2245 4151 angelis
2279 4079 2550 4147 congruit.
2593 4078 2750 4133 Unus
2782 4077 2968 4144 itaque
3006 4077 3148 4127 inter
3183 4074 3297 4128 haec
3335 4073 3473 4128 visi-

1912 4176 2036 4229 bilia
2102 4182 2302 4227 cuncta
2365 4173 2544 4238 imago
2611 4172 2700 4223 Dei
2733 4178 2817 4222 est
2867 4178 2919 4221 et
2952 4169 3155 4220 dicitur
3195 4168 3395 4232 homo;
3428 4175 3483 4218 et

1910 4250 2128 4337 quidem
2194 4281 2301 4318 nou
2337 4263 2636 4317 immerito.
2692 4259 2825 4313 Nam
2873 4277 2937 4315 ex
2967 4263 3144 4313 anima
3178 4262 3478 4328 praesertim

1911 4361 2075 4415 homo
2113 4367 2501 4425 nuncupatur;
2561 4357 2760 4423 quippe
2814 4356 2901 4408 cui
2954 4354 3070 4407 vice
3127 4354 3481 4408 instrumenti

1909 4464 2123 4525 aptatur
2143 4467 2362 4521 corpus.
2399 4448 2645 4504 Hominis
2677 4460 2857 4502 autem
2879 4452 3057 4502 anima
3086 4463 3181 4519 per
3211 4464 3269 4503 se
3302 4450 3483 4504 ineor-

190 4548 426 4616 λέγεται
457 4561 474 4577 ⁸
515 4545 613 4598 καὶ
655 4544 776 4596 λίαν
806 4542 1066 4612 εὐλόγως.
1097 4544 1334 4609 Λέγεται
1371 4545 1470 4610 μὲν
1516 4546 1625 4615 γὰρ
1659 4544 1798 4597 κατὰ

1911 4562 2073 4618 porca
2132 4555 2235 4611 est,
2280 4545 2683 4608 immaterialis,
2730 4554 2785 4597 et
2838 4544 3166 4611 intelligens.
3218 4543 3313 4597 Illa
3349 4560 3477 4598 vero

190 4644 295 4713 τὴν
342 4640 543 4711 ψυχὴν
573 4636 806 4707 μάλιστα
852 4636 1160 4705 ἅνθρωπος,
1198 4635 1273 4699 ὡς
1314 4636 1360 4690 δ’
1391 4636 1623 4704 ὄργανον
1657 4638 1792 4707 αὑτῇ

188 4738 253 4790 τὸ
306 4736 487 4804 σῶμα
541 4731 844 4801 συνῆπται·
874 4727 1164 4799 ἀνθρώπου
1196 4729 1252 4782 δὲ
1281 4727 1426 4798 ψυχὴ
1464 4728 1585 4781 καθ’
1621 4729 1795 4798 αὐτὴν

191 4824 510 4897 ἀσώματός
543 4824 658 4875 ἐστι
701 4821 793 4872 καὶ
835 4820 997 4879 ἄῦλος
1030 4820 1124 4871 καὶ
1163 4821 1343 4889 νοερὰ.
1382 4820 1550 4871 Ταυτὶ
1583 4818 1639 4871 δὲ
1674 4818 1793 4872 θεῖα

193 4917 677 4986 πλεονεκτήματα
716 4912 810 4965 καὶ
856 4910 950 4963 τοῦ
1000 4909 1136 4964 Θεοῦ
1188 4911 1548 4978 τελειότητες,
1604 4912 1653 4963 εἰ
1698 4911 1793 4962 καὶ

187 5013 421 5080 ἀπείρῳ
454 5010 527 5077 τῇ
561 5006 801 5074 ὑπεροχῇ
831 5002 1217 5071 διενηνόχασιν,
1242 5002 1317 5065 ώς
1357 5003 1526 5056 ἔνεισι
1556 5002 1635 5071 τῷ
1674 5002 1803 5071 Θεῷ,

185 5112 341 5183 ἢὼς
398 5111 462 5162 ὲν
504 5104 781 5175 ἀνθρώπῳ
812 5102 948 5155 εἰσίν
976 5117 989 5131 ο
1035 5100 1398 5169 ἀσωματότης
1434 5100 1533 5170 μὲν
1576 5095 1670 5154 οῦν
1701 5103 1796 5155 καὶ

185 5196 361 5258 ἀύλξία
409 5200 700 5266 ἀπόφασις
751 5195 883 5265 ῦλης
930 5193 1057 5247 ὄντα
1093 5193 1186 5246 καὶ
1230 5192 1479 5261 σώματος
1518 5192 1708 5254 ἁπλῶς
1735 5195 1792 5245 ὲν

183 5298 487 5370 ἀνθρώπῳ
544 5290 893 5361 θεωροῦνται,
939 5288 1193 5357 νοερότης
1232 5286 1290 5339 δὲ
1336 5286 1497 5353 φύσιν
1548 5289 1605 5340 ὲν
1654 5287 1790 5357 αὐτῇ

186 5395 408 5445 τιθεῖσα
468 5388 571 5440 καὶ
602 5387 819 5452 φύσεως
852 5382 1086 5452 δύναμιν
1126 5380 1188 5432 οὐ
1225 5378 1574 5433 παντάπασιν
1603 5379 1791 5441 ἁπλῶς

181 5484 527 5554 θεωρεῖται,
580 5477 695 5544 μετ’
747 5474 1052 5541 ἀναγκαίας
1098 5473 1155 5525 δέ
1230 5488 1373 5533 τινος
1440 5470 1786 5540 διακρίσεως.

180 5577 334 5637 Νοῦς
379 5571 580 5625 τοίνυν
630 5570 657 5620 ὁ
699 5566 984 5636 ἄνθρωπος
1011 5563 1086 5617 ὣν
1120 5564 1262 5617 κατὰ
1291 5564 1390 5632 τὴν
1431 5563 1606 5632 ψυχὴν
1632 5563 1789 5632 ἐνέρο

180 5684 346 5732 γειαν
388 5664 518 5734 ἔχει
566 5659 661 5729 τὴν
691 5658 897 5727 νόησιν,
927 5656 1019 5709 νοῦ
1067 5656 1175 5724 γὰρ
1234 5656 1483 5723 ἐνέργεια
1538 5655 1600 5705 τὸ
1647 5657 1789 5706 νοεῖν

178 5761 251 5819 ὡς
288 5754 521 5826 θερμοῦ
578 5753 639 5803 τὸ
687 5749 1022 5818 θερμαίνειν.
1058 5748 1123 5798 Ἡ
1168 5746 1225 5798 δὲ
1267 5745 1490 5817 τοιαύτη
1538 5745 1787 5815 ἐνέργεια

183 5852 321 5921 πρὸς
377 5864 437 5899 τι
479 5844 713 5911 φέρεται
763 5842 907 5902 τέλος
939 5856 953 5871 ·
989 5839 1144 5891 τοῦτο
1172 5840 1215 5890 δ’
1265 5838 1329 5893 ἂν
1376 5838 1463 5906 εἵη
1509 5836 1569 5889 τὸ
1600 5837 1788 5907 νοητὸν

545 5942 810 6001 ΡΑτιιυιη.
861 5940 974 5999 Gtt.
1014 5937 1198 5999 CLX;

1913 4640 2007 4695 Dei
2041 4640 2352 4709 praestantia
2393 4647 2449 4691 et
2524 4638 2907 4707 perfectiones,
2978 4637 3331 4705 quantinnvis
3378 4636 3484 4690 iiii-

1911 4750 2099 4789 mensa
2137 4735 2335 4787 distent
2370 4730 2911 4802 praecellentia,liaud
2945 4731 3102 4782 aliter
3136 4732 3187 4782 in
3224 4730 3332 4782 Deo
3359 4738 3483 4785 sunt

1911 4826 2067 4881 aliter
2108 4827 2160 4880 in
2195 4827 2435 4880 homine.
2475 4825 2579 4879 Sed
2609 4826 3005 4891 iurorporetzas
3054 4831 3107 4875 et
3141 4824 3480 4876 immateria-

1912 4920 2059 4982 litas,
2096 4934 2218 4973 cum
2260 4920 2499 4973 materiae
2532 4928 2583 4972 et
2610 4917 2854 4986 corporis
2882 4916 2992 4971 sint
3040 4918 3277 4986 negatio,
3319 4916 3479 4974 facile

1908 5010 1965 5064 in
1999 5010 2218 5065 homine
2246 5016 2467 5079 patent;
2498 5008 2915 5077 intelligibilitas
2952 5024 3084 5063 vero
3119 5024 3241 5079 quae
3307 5024 3471 5063 natu-

1910 5118 2024 5157 ram
2046 5111 2096 5155 et
2121 5109 2328 5155 natura:
2356 5100 2463 5154 vim
2492 5101 2547 5154 in
2574 5101 2753 5155 anima
2777 5102 3066 5157 constituit
3090 5118 3198 5157 non
3223 5103 3477 5158 oumibus

1910 5197 1984 5252 ita
2013 5194 2163 5248 ultro
2193 5192 2529 5258 declaratur,
2562 5193 2658 5247 sed
2693 5193 3028 5249 discretione
3063 5198 3297 5265 quadam
3330 5213 3471 5267 opus

1908 5296 2013 5343 est.
2048 5288 2236 5356 itaque
2270 5285 2434 5340 homo
2466 5299 2588 5339 cum
2614 5286 2894 5342 intellectu
2923 5298 3135 5343 constet
3165 5290 3466 5344 secundum

1908 5382 2173 5442 animam,
2233 5387 2488 5449 tanquam
2548 5389 2728 5433 actum
2788 5380 2952 5436 habet
3016 5382 3474 5452 intelligentiam;

1906 5476 2219 5529 intellectus
2262 5474 2405 5527 enim
2450 5481 2605 5527 actus
2633 5482 2718 5527 est
2751 5472 3069 5543 intelligere,
3104 5476 3250 5528 sicut
3279 5476 3475 5533 caloris

1907 5564 2225 5619 calefacere.
2255 5566 2324 5617 At
2368 5561 2635 5633 ejusmodi
2672 5571 2827 5618 actus
2858 5565 2922 5617 ad
2972 5566 3260 5632 quemdam
3311 5567 3470 5623 liuent

1908 5657 2118 5721 tendit;
2151 5657 2358 5710 scilicet
2391 5656 2741 5726 intelligibile
2768 5668 2825 5710 ut
2861 5657 3471 5732 linisintelligcutipro-

1903 5750 2159 5818 pesitum.
2182 5749 2537 5822 lutelligentia
2568 5765 2751 5804 verum
2776 5750 3000 5804 interest
3042 5754 3195 5819 quasi
3226 5758 3470 5824 quaedam

1904 5844 2211 5897 communis
2254 5858 2388 5897 ansa
2446 5849 2745 5923 utrumque
2794 5841 3171 5913 eoujungeus;
3208 5862 3327 5916 qua!
3353 5855 3475 5921 qui-

3058 5942 3123 6003 19
