3932 6458
258 372 359 438 589

1304 363 1402 424 DE
1446 361 1595 423 DEO
1639 358 1721 418 IN
1762 355 2181 419 TRINITATE
2220 354 2398 416 UNO.

3392 352 3503 417 59)

250 484 465 553 θέλησις
508 478 645 549 αῦτη
679 478 1019 533 διατείνουσα
1067 473 1168 544 μὲν
1214 481 1311 529 καὶ
1363 474 1500 544 προς
1527 471 1691 526 αὑτὸν
1723 469 1815 523 τὸν

1956 466 2170 531 abitat;
2231 465 2349 534 ipsa
2400 470 2583 520 autem
2634 466 2888 522 voluntas
2959 465 3267 535 intelligens
3327 468 3506 521 temil.

250 577 392 630 νοῦν.
425 574 579 628 Θέλει
622 572 729 644 γὰρ
760 570 952 626 ἑαυτὸν
982 572 1011 624 ὁ
1040 568 1186 634 νοῦς,
1221 568 1411 637 ὥσπερ
1459 566 1524 635 δὴ
1556 566 1651 619 καὶ
1680 565 1815 628 νοεῖ,

244 669 339 722 καὶ
373 666 435 719 τὸ
467 666 666 719 οἰκεῖον
693 663 896 732 ἀγαθὸν
924 660 1092 727 θέλει,
1120 660 1244 714 ἐπεὶ
1269 660 1403 730 πρὸς
1432 657 1493 711 τὸ
1526 657 1750 728 θελητον
1779 657 1813 727 ὴ

251 758 492 826 θέλησις,
524 756 600 819 ὡς
651 758 685 825 ἠ
728 755 911 825 νόησις
946 754 1082 822 πρὸς
1127 752 1188 804 τὸ
1211 752 1402 820 νοητὸν
1434 750 1658 819 φέρεται
1680 764 1691 778 ³
1724 748 1819 800 καὶ

248 847 325 909 ὡς
351 848 468 899 ἐκεῖ
491 846 679 915 νοητόν
708 845 824 896 ἐστι
857 843 1108 913 τάληθὲς,
1146 840 1290 895 οὕτω
1331 840 1555 911 θελητὺν
1581 838 1817 892 ἐνταῦθα

250 937 310 990 τὸ
338 936 566 1003 ἀγαθόν.
604 935 698 998 Ὠς
745 930 839 987 οὖν
864 935 924 986 τὺ
962 935 1162 987 οἰκεῖον
1188 932 1393 1001 ἀγαθὸν
1440 934 1608 986 θέλων
1636 933 1664 985 ό
1699 929 1823 992 νοῦς

252 1024 358 1076 νοεῖ
389 1024 484 1075 καὶ
515 1023 704 1085 θέλων,
738 1028 813 1086 ὡς
841 1024 1076 1095 εἴρηται,
1115 1022 1394 1077 τελείωσιν
1437 1021 1596 1085 εἰδὼς
1624 1020 1821 1075 ἑαυτοῦ

251 1117 346 1184 τὴν
383 1114 570 1183 νόησιν
598 1110 800 1167 οὖσανο
850 1114 1105 1169 διατείνει
1162 1114 1260 1185 μὲν
1316 1110 1409 1168 οὖν
1457 1114 1684 1185 ἠνοερὰ
1728 1111 1823 1166 τοῦ

253 1202 539 1272 ἀνθρώπου
570 1202 787 1274 θέλησις
818 1204 910 1257 καὶ
949 1203 1086 1273 πρὸς
1109 1205 1272 1259 αὐτὸν
1302 1204 1394 1258 τὸν
1426 1203 1650 1256 νοοῦντα
1673 1201 1822 1267 νοῦν,

253 1295 389 1349 ἀλλὰ
427 1295 664 1365 μάλιστα
711 1286 848 1367 πρὸς
894 1296 963 1350 τὰ
993 1296 1127 1366 ἔργα
1176 1297 1340 1350 αὑτοῦ
1396 1295 1493 1348 καὶ
1544 1296 1824 1365 ποιήματα

252 1386 532 1452 διατείνει,
560 1390 659 1442 κάν
690 1387 897 1453 τούτοις
928 1389 1166 1458 μάλιστα
1213 1390 1449 1460 ἐνεργεῖ,
1482 1389 1586 1443 κάν
1616 1388 1827 1452 τούτοις

259 1479 501 1547 μάλιστα
530 1480 891 1548 διαφαίνεται.

329 1572 404 1625 Τὸ
429 1574 529 1642 μὲν
562 1572 653 1625 οὖν
681 1574 1021 1644 ἀνθρώπειον
1045 1576 1233 1644 χρῆμα
1260 1573 1501 1628 τοιοῦτον
1530 1572 1834 1644 συλλήϐδην

258 1667 477 1718 εἰπεῖν’
540 1666 733 1719 πολλοῦ
792 1667 902 1737 γὰρ
960 1665 1129 1719 ταῦτα
1193 1670 1355 1735 γέμει
1424 1666 1518 1720 τοῦ
1595 1668 1837 1729 πλάτους

259 1754 545 1828 προῦργου
594 1757 961 1827 σκοπούμεθα,
1011 1760 1102 1812 καὶ
1140 1758 1377 1821 τοιοῦτος
1423 1760 1453 1811 ό
1489 1759 1835 1829 ἀνθρώπινος

1922 559 2086 613 etiam
2147 556 2212 610 ad
2260 557 2509 612 eumdem
2564 556 2922 613 intellectum.
2957 555 3322 628 Semelipsum
3364 560 3510 615 enim

1922 650 2040 705 vult
2070 649 2379 705 intellectus
2412 650 2557 705 sicut
2605 658 2661 705 et
2706 652 2856 706 novit
2914 658 2968 706 et
3024 650 3329 722 proprium,
3396 652 3511 705 vult

1925 740 2464 810 huuuin;siqnidem
2502 742 2753 795 voluntas
2804 742 2873 797 ad
2922 742 3288 796 voluntarium
3343 743 3515 799 fertur

1926 835 2069 890 sicut
2096 833 2414 887 intellectus
2442 837 2507 887 ad
2532 833 2897 903 intelligibilc.
2931 833 3091 901 Atqui
3119 841 3176 886 ut
3224 832 3334 887 illic
3362 834 3517 887 intel—

1931 926 2140 996 ligibile
2171 935 2257 980 est
2296 940 2510 988 verum,
2543 924 2611 979 ita
2652 936 2706 979 et
2742 926 2828 978 hic
2892 926 3255 979 voluntarium
3311 927 3511 977 bonum

1931 1026 2039 1070 est.
2072 1015 2356 1084 Tanquam
2389 1014 2556 1083 igitur
2597 1016 2872 1083 proprium
2907 1015 3108 1068 bonum
3144 1014 3329 1069 valens
3364 1015 3522 1067 intol-

1928 1107 2103 1162 lectus
2121 1107 2318 1177 (sese?)
2342 1107 2488 1163 novit
2503 1118 2556 1161 ct
2577 1107 2709 1169 vult,
2727 1108 2869 1161 sicut
2888 1108 3091 1161 dictum
3114 1118 3215 1170 est,
3234 1108 3381 1161 scius
3402 1121 3496 1176 per
3512 1136 3524 1145 -

1930 1197 2390 1257 fectionemisuam
2404 1198 2972 1266 esscintelligentiam.
2992 1198 3159 1253 Porro
3174 1198 3521 1252 tenditctiam

1933 1290 2238 1362 intelligens
2271 1292 2504 1347 hominis
2536 1293 2789 1347 voluntas
2836 1290 2902 1343 ad
2959 1291 3135 1360 ipsum
3185 1302 3523 1359 cognoscen-

1937 1393 2041 1437 tem
2066 1385 2423 1449 inlelloctttm,
2447 1384 2540 1439 sed
2562 1383 2860 1453 praesertim
2886 1382 2951 1435 ad
2979 1393 3197 1436 actuset
3217 1397 3377 1451 opera
3398 1394 3519 1459 sua,

1936 1474 2168 1538 atquein
2186 1473 2289 1526 illis
2317 1472 2651 1540 potissimum
2678 1470 2786 1540 agit
2808 1481 2860 1524 et
2882 1471 3231 1539 potissimum
3269 1483 3517 1539 apparet.

2011 1565 2217 1618 Idcirco
2249 1564 2509 1633 quidquid
2543 1567 2610 1618 de
2671 1563 2891 1617 homine
2939 1572 3023 1616 est
3078 1563 3158 1616 sic
3205 1563 3519 1615 summatim

1939 1657 2246 1727 colligitur;
2277 1658 2381 1712 ista
2410 1658 2557 1712 enim
2605 1658 2741 1713 scite
2787 1658 3130 1711 con~iderata
3188 1656 3355 1709 multa
3409 1657 3523 1725 pol-

1944 1750 2056 1802 lent
2096 1750 2491 1820 amplitudine;
2546 1760 2600 1804 ct
2657 1750 2906 1804 humanae
2964 1750 3162 1803 mentis
3222 1750 3360 1801 ratio
3413 1750 3525 1801 ha‘c

254 1852 402 1913 νοῦς,
444 1849 519 1920 νῷ
549 1853 645 1905 καὶ
672 1851 847 1921 νοητῷ
874 1852 1018 1922 λόγῳ
1046 1853 1138 1905 καὶ
1172 1855 1332 1922 νοερᾷ
1364 1852 1575 1923 θελήσει
1607 1856 1640 1927 ἢ
1667 1853 1843 1925 νοητῷ

1950 1853 2032 1897 est
2072 1860 2086 1895 :
2125 1844 2425 1908 intellectu,
2472 1844 2793 1914 ἰηιρηίθίὺὶιί
2828 1845 3038 1898 ratione
3096 1853 3148 1896 et
3204 1841 3522 1910 intelligenti

258 1946 467 2013 μᾶλλον
493 1944 660 2014 ἔρωτι
694 1946 794 2015 τὴν
829 1945 967 1999 ἰδίαν
996 1946 1313 2017 τελειότητα
1339 1948 1478 2019 ἔχων
1506 1949 1604 2003 καὶ
1629 1949 1843 2013 τούτοις

252 2034 731 2107 διαμορφούμενος
761 2038 965 2107 νοητῶς
989 2041 1104 2102 τοῖς
1142 2042 1324 2109 τρισὶν
1361 2041 1672 2110 ίδιώμασιν.
1702 2042 1846 2095 Ταυ-

258 2124 351 2177 τὸν
380 2125 438 2178 δέ
481 2128 595 2179 ἐστι
626 2125 752 2179 νοῦν
798 2127 1140 2197 ἀνθρώπινον
1173 2130 1352 2183 εἰπεῖν
1401 2131 1500 2184 καὶ
1541 2128 1720 2201 ψυχὴν
1749 2131 1845 2185 ἀν-

254 2214 566 2286 θρωπίνην,
609 2217 1014 2288 ὲξηπλωμένως
1070 2220 1168 2291 μὲν
1225 2219 1318 2274 τοῦ
1374 2220 1489 2287 νοῦ,
1548 2223 1845 2275 συνεσταλ-

257 2309 442 2379 μένως
474 2308 530 2361 δὲ
563 2308 663 2374 τῆς
708 2309 888 2380 ψυχῆς
936 2312 1281 2380 νοουμένων⁸
1333 2313 1532 2366 ταυτόν
1582 2314 1645 2367 τέ
1698 2316 1846 2370 ἐστιν

255 2400 613 2471 ἀνθρωπίνην
639 2402 819 2472 ψυχὴν
863 2403 958 2455 καὶ
989 2389 1289 2474 ’ἄνθρωπον
1319 2406 1484 2474 φάναι
1514 2407 1739 2477 κυρίως,
1770 2409 1846 2471 ὡς

252 2492 479 2562 εἴρηται
505 2493 793 2563 πρότερον.
832 2493 990 2547 Ἀλλά
1024 2494 1131 2564 μὴν
1174 2496 1239 2548 ἐκ
1270 2496 1370 2563 τῆς
1400 2495 1843 2569 πρώτης-ἀἰτίας

246 2582 552 2651 ἅνθρωπος
601 2582 821 2637 ἅπαντα
864 2584 1040 2637 ταῦτα
1070 2586 1168 2638 καὶ
1197 2588 1289 2640 τοῦ
1328 2592 1698 2659 πεποιηκότος
1728 2591 1843 2662 ἔχει

249 2671 425 2736 Θεοῦ,
457 2670 594 2725 ὥστε
639 2674 784 2727 κατά
813 2677 880 2728 τά
909 2674 967 2739 ἐξ
995 2677 1168 2747 ἀρχῆς
1217 2679 1610 2750 ὕποτεθειμὲνα
1662 2685 1845 2753 πολλῷ

257 2764 470 2833 μᾶλλον
500 2767 526 2816 ό
555 2766 684 2829 Θεὸς
732 2765 908 2820 ταῦτα
954 2768 1137 2831 ἀῖδίως
1188 2770 1299 2839 ἔχει
1336 2777 1422 2825 καὶ
1473 2776 1737 2845 συμφυῶς
1769 2779 1847 2839 εἰς

252 2853 600 2923 ὑψηλότερον
653 2855 946 2927 ἀπειράκις
996 2860 1219 2928 τρόπον,
1255 2861 1332 2925 ὡς
1385 2864 1603 2935 εἴρηταί
1658 2883 1718 2918 τε
1752 2870 1848 2922 καὶ

251 2945 464 2998 αὐτίκα
500 2946 701 3016 μᾶλλον
743 2948 1114 3019 δειχθήσεται.
1160 2953 1472 3007 Κάντεῦθέν
1513 2957 1637 3009 ἐστι
1666 2957 1727 3009 τὸ
1754 2962 1846 3011 τὸν

250 3034 554 3104 ἄνθρωπον
593 3039 713 3092 κατ’
760 3040 943 3094 εἰκόνα
995 3042 1138 3095 Θεοῦ
1174 3044 1267 3095 καὶ
1306 3045 1568 3113 ὁμοίωσιν
1596 3046 1846 3116 λέγεσθαι

249 3130 648 3200 γεγεννῆσθαι,
680 3132 761 3185 ὅτι
806 3135 873 3204 τῇ
921 3135 981 3187 ὲν
1010 3135 1161 3206 αὐτῷ
1197 3137 1388 3207 Τριάδι
1426 3140 1614 3194 τοῦτον
1651 3142 1680 3194 ό
1712 3142 1846 3207 Θεὸς
1876 3170 1917 3230 c

252 3223 597 3293 ἀφωμοίωσε
623 3241 638 3256 ·
673 3225 765 3278 καὶ
796 3225 900 3281 -διά
948 3226 1105 3281 τοῦτο
1143 3229 1320 3293 καλῶς
1356 3231 1464 3285 ἀπὸ
1508 3234 1607 3302 τῆς
1638 3237 1846 3300 εἰκόνος

248 3318 350 3371 ἐπὶ
386 3317 453 3371 τὸ
486 3318 839 3389 παράδειγμα
870 3321 939 3374 τά
970 3322 1238 3391 εἰρημένα
1271 3325 1399 3396 περὶ
1439 3326 1610 3397 αὐτῆς
1637 3329 1719 3382 δεῖ
1749 3347 1844 3400 με-

249 3411 548 3480 ταφέρειν,
589 3411 984 3485 ἐναργέστερον
1042 3415 1159 3466 ἐκεῖ
1210 3417 1306 3469 καὶ
1355 3419 1686 3489 οἰκειότερον
1732 3422 1849 3492 ἅμα

250 3502 688 3572 θεολογούμενα,
716 3505 793 3568 ὠς
846 3508 961 3567 τοῖς
992 3505 1335 3571 διδασκάλοις
1377 3510 1478 3578 τῆς
1522 3514 1850 3585 Ἐκκλησίας

247 3597 595 3665 κηρύττεται
660 3597 781 3651 καθ’
841 3600 1083 3669 ἡμέραν.
1150 3599 1309 3654 Ἐστι
1363 3604 1473 3675 γὰρ
1525 3606 1554 3657 ό
1605 3602 1685 3671 εἷς
1753 3614 1850 3665 καὶ

248 3690 641 3753 ἁπλούστατος
669 3692 812 3745 κατὰ
837 3693 1001 3762 φύσιν
1040 3695 1171 3759 Θεὸς
1201 3698 1297 3750 καὶ
1326 3699 1422 3751 τοῦ
1458 3702 1659 3765 παντὸς
1691 3702 1845 3755 τοῦδε

248 3785 420 3851 μόνος
452 3784 786 3852 δημιουργὸς
826 3787 971 3839 κατὰ
998 3787 1095 3856 τὴν
1130 3790 1239 3840 τῶν
1273 3789 1434 3842 θείων
1482 3790 1678 3859 λογίων
1712 3794 1850 3864 ὑφή-

246 3890 419 3944 γησιν
475 3875 639 3944 τριὰς
691 3876 973 3947 ίδιοτήτων
1025 3879 1121 3931 καὶ
1181 3880 1554 3947 ὑποστάσεων,
1587 3888 1750 3956 νοερὰ
1794 3888 1851 3939 δὲ

245 3968 413 4037 τριὰς
442 3967 531 4036 τῷ
569 3966 771 4038 πρώτῳ
824 3970 900 4039 νῷ
936 3971 1033 4024 καὶ
1061 3972 1260 4035 παντὸς
1307 3974 1464 4041 αἰτίῳ
1500 3977 1722 4029 κτιστοῦ
1758 3978 1851 4031 νοῦ

248 4060 579 4127 πρέπουσα,
609 4060 637 4112 ό
669 4060 811 4122 θεῖος
846 4062 970 4125 νοῦς
1014 4063 1278 4133 δηλονότι,
1312 4069 1406 4119 καὶ
1458 4070 1487 4121 ό
1528 4071 1713 4137 νοητὸς
1752 4073 1853 4123 αὒ-

244 4150 342 4204 τοῦ
380 4152 553 4219 λόγος
593 4152 804 4223 καρπὸς
852 4155 1094 4224 ἔμφυτος
1122 4158 1219 4228 τῆς
1267 4159 1361 4213 τοῦ
1396 4161 1694 4232 ἀγεννήτου
1732 4165 1854 4232 νοή-

247 4257 392 4303 σεως
426 4242 555 4306 νοῦ,
591 4248 683 4295 καὶ
711 4246 739 4297 ό
772 4246 961 4316 νοητὸς
993 4246 1133 4317 ἔρως
1164 4252 1376 4317 καρπὸς
1408 4253 1507 4317 τῆς
1535 4254 1726 4320 νοερᾶς
1757 4253 1853 4305 τοῦ

243 4334 477 4402 πρωτου
535 4334 625 4385 νοῦ
677 4335 771 4387 καὶ
811 4335 1097 4408 ὲνδοτέρας
1126 4338 1419 4409 θελήσεως.
1460 4343 1604 4407 Νοῦς
1635 4344 1743 4412 γὰρ
1776 4344 1853 4394 ὢν

245 4426 275 4477 ὁ
307 4426 451 4488 Θεὸς
486 4425 803 4491 σοφώτατός
831 4445 889 4480 τε
920 4427 1013 4480 καὶ
1053 4428 1409 4495 ἁγαθώτατος
1434 4433 1541 4486 οὐδ’
1572 4436 1636 4488 ὲκ
1669 4437 1767 4505 τῆς
1798 4437 1854 4487 ἐν

1946 1937 2225 1990 voluntate
2260 1951 2358 1991 seu
2394 1938 2574 2006 potius
2616 1935 2942 2006 intelligihili
3008 1950 3194 1989 amore
3249 1933 3523 2004 propriam

1953 2030 2341 2098 perfectionem
2374 2030 2687 2098 assequitur
2713 2039 2770 2084 et
2807 2030 2987 2083 tribus
3031 2030 3138 2084 iltis
3172 2029 3526 2098 proprietati-

1950 2122 2051 2174 bus
2082 2120 2492 2189 intelligihililcr
2552 2120 2894 2174 clior-matur.
2942 2120 3061 2175 Iam
3103 2134 3235 2174 vero
3265 2120 3410 2173 idem
3441 2128 3527 2173 εει

1946 2210 2131 2279 dicere
2164 2212 2461 2264 humanum
2502 2211 2837 2265 inteltectum
2873 2224 3036 2282 atque
3066 2212 3359 2266 humanam
3411 2212 3529 2264 oui-

1948 2319 2114 2369 mam,
2144 2304 2401 2372 explicito
2430 2304 2649 2372 quidem
2669 2303 2944 2358 intellectu
2966 2305 3202 2374 cognito,
3255 2304 3526 2359 collectim

1951 2406 2131 2451 autem
2154 2398 2356 2451 anima.
2390 2396 2535 2451 Idem
2569 2411 2767 2453 rursus
2813 2398 2991 2452 anima
3030 2398 3265 2452 humana
3311 2400 3529 2467 proprie

1950 2490 2150 2543 dicitur
2177 2496 2340 2559 atque
2386 2490 2567 2555 homo,
2621 2497 2681 2543 ut
2744 2490 2855 2559 jam
2916 2491 3443 2569 superius._Atenim
3499 2506 3530 2542 ιι

1954 2582 2128 2649 prima
2158 2596 2327 2637 causa
2348 2591 2413 2637 ὀι
2459 2583 2743 2637 conditore
2783 2582 2892 2638 Deo
2933 2585 3044 2637 haec
3074 2586 3255 2639 omnia
3293 2585 3531 2654 po‘sidet

1952 2674 2150 2738 homo;
2206 2674 2344 2728 adeo
2402 2681 2481 2738 ut,
2538 2674 2692 2743 juxta
2724 2689 2846 2744 qua
2903 2676 3060 2729 initio
3116 2690 3525 2746 proposueram,

1953 2765 2122 2818 multo
2144 2767 2316 2835 magis
2348 2768 2401 2820 in
2430 2766 2534 2820 Deo
2565 2767 2675 2821 sint
2736 2768 3088 2822 invisibiliter
3120 2779 3174 2822 ct
3201 2783 3529 2839 caugencre,

1954 2856 2115 2924 idque
2169 2858 2379 2911 iuliuite
2444 2858 2751 2913 sublimiori
2795 2861 2978 2915 modo.
3041 2861 3197 2927 Quod
3246 2864 3533 2929 hucusque

1953 2943 2159 2999 dictum
2193 2954 2298 3013 est,
2323 2946 2498 3001 fusius
2532 2960 2792 3017 przeterea
2851 2952 3353 3008 demonstrandum.
3391 2955 3529 3009 Hinc

1954 3036 2139 3105 itaque
2159 3039 2402 3093 exeritur
2428 3040 2700 3096 hominem
2736 3043 2801 3096 ad
2836 3044 3124 3114 imaginem
3181 3055 3232 3099 et
3279 3047 3534 3102 similitu-

1953 3129 2136 3185 dinem
2169 3131 2258 3186 Dei
2284 3146 2406 3187 esse
2428 3132 2655 3200 factum,
2692 3138 2834 3203 quod
2873 3137 3022 3190 illum
3086 3136 3227 3193 licus
3280 3137 3532 3194 Trinitati

1950 3237 2072 3291 qua:
2098 3222 2154 3275 in
2180 3223 2298 3292 ipso
2323 3233 2407 3279 est
2426 3225 2661 3280 similent
2692 3226 3019 3283 ell'ormavil.
3048 3231 3283 3299 Ideoque
3313 3248 3373 3286 cx
3400 3234 3537 3288 ima-

1952 3314 2075 3387 gine
2105 3330 2449 3386 quaecunque
2481 3317 2549 3372 de
2579 3334 2639 3373 ea
2672 3320 2932 3377 dicuntur
2969 3325 3032 3376 ad
3103 3327 3381 3395 exemplar
3405 3337 3534 3383 sunt

1953 3405 2256 3473 referenda,
2285 3409 2591 3464 evidentius
2622 3425 2685 3467 ac
2710 3416 2969 3485 proprius
3005 3417 3071 3469 dc
3101 3417 3207 3471 υυο
3236 3419 3537 3489 theologice

1956 3504 2092 3557 rata,
2125 3505 2182 3548 ut
2216 3500 2459 3566 quotidie
2511 3500 2709 3555 docent
2761 3502 3019 3560 Ecclesia!
3070 3509 3335 3578 magistri.
3398 3509 3531 3565 Nam

1954 3601 2094 3642 unus
2121 3588 2213 3642 ille
2239 3600 2291 3643 et
2329 3591 2771 3659 simplicissimus
2800 3609 2993 3652 natura
3033 3601 3191 3665 Deus,
3260 3605 3537 3674 totiusque

1954 3678 2114 3748 hujus
2143 3682 2327 3735 mundi
2373 3685 2525 3738 solus
2583 3688 2873 3752 conditor,
2927 3691 3128 3745 divinis
3184 3701 3532 3757 monentibus

1952 3772 2209 3833 oraCulis,
2240 3772 2479 3829 Trinitas
2508 3787 2591 3832 est
2616 3783 3014 3848 proprietatum
3046 3799 3095 3839 et
3149 3802 3532 3858 personarum,

1953 3863 2196 3921 Trinitas
2236 3868 2458 3935 quidem
2515 3870 2830 3941 intelligens
2886 3878 3067 3944 qualis
3122 3879 3276 3933 dccct
3328 3882 3539 3937 intelle-

1954 3966 2102 4011 ctum
2134 3959 2367 4027 primum
2398 3961 2645 4029 cujusvis
2725 3966 2896 4019 creati
2978 3970 3287 4027 intellectus
3344 3984 3538 4028 auctos

1956 4064 2091 4110 rem,
2124 4049 2340 4102 divinus
2370 4053 2619 4107 videlicet
2655 4056 2988 4123 intellectus,
3020 4058 3367 4133 Vcrlmmqtle
3419 4069 3538 4135 ejus

1956 4141 2293 4209 intelligihile
2366 4144 2579 4199 fructus
2638 4148 2833 4203 insitus
2898 4151 3272 4219 intelligentiae
3357 4159 3531 4216 innati

1948 4229 2264 4288 intellectus
2287 4238 2719 4305 etintclligibilis
2755 4258 2909 4296 amor
2955 4244 3163 4303 fructus
3222 4253 3533 4325 intelligen-

1958 4324 2027 4376 tis
2052 4332 2105 4378 ct
2138 4329 2362 4380 internae
2397 4331 2688 4387 voluntatis
2727 4336 2887 4403 primi
2937 4337 3269 4399 intellectus.
3319 4324 3531 4403 Etenim

1959 4416 2102 4471 Deus
2139 4433 2261 4472 cum
2293 4421 2362 4474 sit
2398 4422 2707 4481 intellectus
2736 4432 3176 4498 sapientisasiuius
3197 4449 3248 4491 ct
3271 4441 3530 4508 optimus,

248 4520 390 4589 ἡμῖν
440 4519 764 4588 ὁμοιότητος
824 4520 989 4574 αὐτοῦ
1053 4524 1235 4591 μόνον,
1301 4524 1439 4577 ἀλλά
1499 4527 1593 4579 καὶ
1647 4529 1843 4591 πάσαις

1961 4522 2180 4568 utcerta
2208 4514 2340 4570 ﬁdes
2372 4527 2455 4571 est
2490 4533 2592 4572 non
2617 4536 2685 4574 cx
2715 4524 2829 4577 sola
2881 4526 2999 4594 ejus
3059 4530 3213 4583 nobis
3268 4534 3534 4602 impressa

248 4614 538 4680 ἀνάγκαις
595 4610 738 4664 οὕτω
790 4617 1247 4684 πεπιστευμένος,
1312 4620 1426 4670 νοεῖ
1491 4620 1589 4689 μὲν
1656 4622 1849 4675 ἑαυτὸν

249 4701 447 4764 ἀῖδξως
489 4702 675 4770 (αὐτὸς
724 4703 830 4773 γὰρ
872 4705 989 4756 ἐστι
1040 4705 1272 4777 τάληθὲς
1306 4708 1334 4759 ὃ
1384 4708 1478 4762 νοῦ
1515 4728 1572 4762 τε
1609 4713 1702 4764 καὶ
1733 4718 1852 4781 νοῆ-

248 4809 401 4856 σεως
451 4793 656 4862 τέλος),
692 4796 790 4866 ἐρᾷ
837 4797 893 4850 δὲ
945 4798 1040 4851 καὶ
1080 4800 1276 4852 ἑαυτοῦ
1304 4802 1492 4864 ἀῖδίως
1525 4802 1710 4873 (αὐτὸς
1745 4809 1851 4873 γάρ

250 4892 374 4942 ἐστι
411 4889 681 4955 τάγαθὸν,
708 4888 736 4941 ὃ
774 4890 1001 4961 θελητόν
1034 4894 1150 4946 ἐστι
1191 4894 1266 4961 τῷ
1292 4892 1366 4964 νῷ
1401 4895 1495 4948 καὶ
1534 4895 1632 4963 τῆς
1665 4899 1853 4965 νοερᾶς

249 4981 548 5050 θελήσεως
598 4981 791 5044 τέλος).
825 4983 936 5035 Καὶ
965 4985 1100 5036 νοῶν
1140 4986 1237 5054 μὲν
1290 4988 1480 5040 ἑαυτὸν
1522 4989 1693 5042 ἀίδιον
1722 4989 1851 5041 συλ-

247 5069 541 5142 λαμϐάνει
585 5072 739 5136 λόγον
794 5075 852 5125 ὲν
912 5074 1111 5145 ἑαυτῷ,
1146 5076 1317 5130 θέλων
1353 5078 1409 5131 δὲ
1444 5078 1632 5131 ἑαυτὸν
1680 5080 1853 5132 ἀΐδιον

249 5164 492 5234 ἀγάπην
560 5164 791 5232 προάγει
816 5179 831 5196 ο
867 5164 985 5235 ἅμα
1035 5182 1094 5218 τε
1150 5167 1243 5221 οὖν
1274 5169 1504 5237 προάγει
1532 5169 1690 5238 λόγον
1717 5169 1854 5223 νοῶν

252 5258 349 5306 καὶ
397 5255 602 5307 ἑαυτὸν
636 5256 747 5308 νοεῖ
770 5254 847 5325 τῷ
882 5256 1049 5327 λόγῳ,
1086 5257 1182 5309 καὶ
1222 5257 1390 5311 θέλων
1426 5261 1651 5331 ἀγάπην
1679 5262 1855 5329 προά-

250 5366 342 5415 γει
393 5350 498 5399 καὶ
551 5349 741 5417 ἀγαπᾷ
787 5348 958 5420 ταύτῃ
1001 5352 1095 5401 καὶ
1135 5350 1304 5413 θέλει,
1340 5352 1434 5404 καὶ
1481 5354 1530 5404 οἰ
1582 5357 1853 5422 συμφυεῖς

247 5438 406 5494 οὗτοι
444 5441 674 5511 βλαστοὶ
708 5443 800 5493 καὶ
830 5443 976 5494 τόκοι
1001 5444 1099 5512 τῆς
1132 5446 1321 5508 νοερᾶς
1356 5445 1416 5497 ἐν
1446 5444 1520 5515 τῷ
1548 5446 1670 5515 Θεῷ
1704 5463 1855 5514 γονι-

255 5539 507 5605 μὸτητος
578 5534 677 5586 οὐκ
726 5533 891 5587 αὐτοῦ
946 5538 1107 5603 μόνον
1150 5538 1224 5601 ὡς
1270 5538 1488 5607 ἀ)ηθῶς
1516 5540 1855 5609 προάγοντος

250 5627 484 5695 ἀληέὡς
524 5627 974 5694 προϊόντα,ἁλλέι
1022 5631 1115 5681 καὶ
1165 5631 1414 5699 ἀλλήλων
1476 5630 1553 5699 τῷ
1610 5633 1854 5701 διαφόρῳ

248 5720 350 5786 τῆς
410 5715 651 5785 προόδου
687 5717 1051 5783 διακρίνονται
1085 5720 1294 5791 τρόπῳ,
1331 5721 1493 5789 φύσει
1527 5722 1583 5775 δὲ
1614 5722 1676 5774 ἓν
1715 5724 1854 5773 εἰσιν

246 5811 523 5877 ἀλλήλοις
556 5824 609 5859 τε
644 5811 734 5864 καὶ
775 5809 848 5879 τῷ
884 5814 1171 5881 προάγοντι
1207 5813 1304 5883 νῷ.
1334 5814 1441 5867 Καὶ
1490 5816 1518 5866 ὁ
1573 5815 1669 5884 μὲν
1707 5814 1851 5877 θεῖος

1958 4605 2334 4673 similitudine,
2358 4611 2450 4664 sed
2508 4618 2560 4665 et
2592 4615 2919 4672 omnimodis
2966 4624 3301 4690 argumentis
3336 4638 3536 4679 aeterne

1957 4701 2469 4773 seipsumintelligit
2510 4707 2644 4775 (ipse
2669 4712 2814 4763 enim
2848 4722 2929 4765 est
2985 4728 3173 4767 verum
3228 4717 3535 4771 intellcczus

1956 4804 2009 4849 et
2037 4796 2408 4865 intelligentiae
2438 4798 2583 4867 linis)
2610 4816 2625 4866 ;
2651 4802 2892 4869 seipsum
2912 4804 3072 4856 etiam
3105 4817 3362 4860 aeternum
3389 4820 3537 4863 amat

1955 4887 2102 4957 (nam
2144 4897 2200 4943 et
2262 4891 2380 4959 ipse
2425 4890 2625 4944 bonum
2673 4903 2756 4945 est
2800 4894 3108 4949 intellectus
3158 4900 3454 4966 appetibile
3481 4912 3534 4957 et

1956 4980 2311 5049 intelligentis
2359 4982 2656 5037 voluntatis
2734 4986 3097 5057 terminus);
3158 5003 3277 5044 sese
3354 5000 3534 5047 autem

1959 5074 2312 5144 intelligendo
2347 5084 2611 5129 aeternum
2676 5076 2730 5131 in
2763 5083 3056 5149 semetipso
3086 5083 3317 5138 Verbum
3350 5088 3538 5139 conci-

1957 5170 2058 5237 pit,
2091 5178 2146 5223 et
2171 5170 2411 5237 seipsum
2444 5170 2676 5223 volendo
2701 5180 2955 5227 aeternam
3010 5175 3355 5231 dilectionem
3408 5194 3536 5247 pro-

1958 5264 2109 5318 ducit
2136 5280 2151 5328 ;
2182 5264 2397 5332 duaque
2421 5265 2588 5334 igitur
2624 5263 2862 5320 Verbqu
2898 5270 3150 5338 producit
3180 5268 3533 5338 intelligendo

1958 5361 2013 5407 et
2061 5354 2301 5421 seipsum
2336 5370 2433 5424 per
2468 5353 2704 5409 Verhum
2734 5357 3007 5427 intelligit,
3040 5369 3095 5411 et
3149 5359 3377 5414 valendo
3407 5374 3536 5428 pro-

1958 5441 2375 5498 ducitamorem
2405 5455 2458 5498 et
2487 5460 2581 5513 per
2639 5447 2791 5499 illum
2848 5460 2999 5500 atuat
3047 5456 3100 5499 et
3169 5450 3317 5512 vult;
3375 5456 3535 5514 atque

1960 5551 2262 5605 congenera
2295 5537 2408 5591 haec
2439 5539 2683 5609 germina
2722 5549 2772 5592 ct
2804 5541 3125 5608 prOpJgitteS
3188 5540 3540 5609 intelligentis

1962 5630 2014 5681 in
2037 5630 2142 5683 Dco
2166 5630 2522 5700 genitalitatis
2547 5646 2655 5684 non
2684 5633 2859 5684 solum
2888 5632 2955 5683 ab
2982 5634 3095 5698 ipso
3111 5639 3167 5683 ut
3191 5646 3315 5684 rere
3334 5632 3537 5700 produ-

1961 5733 2116 5776 cente
2144 5738 2330 5776 revera
2350 5724 2750 5793 producuntur,
2781 5725 2874 5775 sed
2906 5723 3068 5774 etiam
3108 5738 3202 5790 pro
3231 5725 3377 5774 vario
3407 5737 3535 5791 pro-

1964 5810 2231 5865 cessionis
2256 5813 2417 5867 modo
2444 5811 2513 5867 ab
2575 5811 2806 5866 invicem
2872 5811 3311 5881 distinguuntur,
3343 5825 3535 5869 natura.
