3932 6458
476 345 547 408 '5‘.)
561 345 576 408 l

481 475 610 516 vero
650 476 816 515 unum
858 471 986 517 sunt
1015 471 1070 516 et
1108 461 1325 518 sibimet
1381 463 1612 520 invicem
1652 475 1705 520 et
1759 468 2056 523 intellectui

481 555 826 623 producenti.
883 555 1134 610 Divinutn
1198 566 1380 610 autem
1436 557 1663 612 verbum
1721 559 1842 628 (seu
1891 559 2052 630 ratio)

479 646 720 717 cujusvis
769 647 1074 702 intellectus
1135 657 1189 702 et
1251 648 1606 720 intelligibilis
1658 664 1826 704 causa
1866 661 1945 706 est
2001 652 2055 705 in

479 740 716 802 cutibus,
745 739 1036 807 omnisque
1057 739 1377 793 substantiae
1411 739 1573 794 simul
1604 753 1658 795 et
1684 751 1913 794 naturai.
1939 740 2054 795 Non

479 831 622 886 enim
649 830 996 900 producentis
1031 840 1240 885 tantum
1267 830 1599 894 intellectus,
1630 833 1726 885 sed
1752 841 1806 888 et
1829 847 2054 902 operum

478 939 600 993 qua:
633 915 731 991 per
783 927 962 992 ipsum
1024 933 1428 992 cognoscuntur
1479 923 1546 978 ad
1599 932 1751 977 extra
1794 925 2058 978 naturalis

479 1022 564 1068 est
621 1014 949 1071 similitudo.
1010 1013 1164 1070 Unde
1221 1014 1409 1068 innata
1465 1013 1768 1070 similitudo
1831 1025 2057 1069 vocatur

479 1107 838 1178 generatricis
869 1105 1176 1162 intellectus
1201 1114 1255 1160 et
1283 1120 1498 1174 semper
1548 1106 1883 1176 generantis,
1934 1106 2057 1160 ideo

482 1213 610 1254 vero
660 1207 1062 1254 creaturarum.
1114 1196 1252 1251 llinc
1309 1195 1452 1267 apud
1506 1195 1674 1250 Deum
1718 1205 1774 1251 et
1825 1211 1892 1250 ex
1948 1195 2058 1251 Deo

481 1292 614 1346 illud
650 1290 852 1346 dicitur
876 1306 1015 1357 esse,
1060 1305 1155 1360 per
1194 1291 1370 1359 ipsum
1419 1298 1602 1342 autem
1653 1287 1794 1344 facta
1849 1290 2054 1344 omnia.

479 1383 558 1437 lia
594 1383 850 1438 etomnis
881 1384 1008 1437 boni
1036 1395 1204 1437 causa
1232 1380 1453 1436 entibus
1500 1379 1720 1435 divinus
1769 1389 1850 1434 est
1879 1393 2051 1445 amor,

481 1475 532 1528 id
561 1484 666 1541 est,
691 1473 931 1544 Spiritus
985 1481 1244 1541 sanctus;
1285 1474 1468 1527 omnia
1527 1486 1766 1540 namque
1815 1472 2057 1527 continet

480 1572 534 1618 et
563 1564 628 1618 ad
653 1565 856 1618 bonum
893 1565 1184 1618 convertit.
1221 1563 1529 1618 sPrzeterea
1584 1578 1707 1616 cum
1764 1562 1870 1618 illis
1915 1579 2055 1618 unus

479 1667 565 1712 est
597 1659 735 1711 Deus
759 1665 812 1710 et
837 1666 1158 1710 cunctorum
1185 1656 1391 1711 entium
1411 1666 1623 1709 creator
1646 1674 1660 1720 ;
1690 1655 2056 1722 universaque

480 1765 508 1801 a
537 1747 816 1818 primariis
843 1748 1160 1820 ultimorum
1189 1757 1344 1801 tenus
1371 1761 1534 1816 opera
1588 1750 1716 1800 sunt
1759 1754 1814 1800 et
1847 1749 2052 1800 manci-

475 1837 566 1906 .pia
597 1837 760 1892 unius
785 1835 876 1891 Dei
901 1851 966 1889 ac
997 1835 1052 1890 in
1085 1837 1203 1905 ipso
1232 1837 1535 1906 congenitse
1563 1835 1874 1892 Trinitatis.

553 1930 633 1984 ιιθ
661 1930 971 2000 igitttLipsa
999 1930 1156 1986 beata
1187 1938 1241 1984 et
1268 1929 1451 1984 divina
1499 1927 1754 1985 Trinitas.
1805 1931 2056 1984 humana:

480 2023 744 2079 trinitatis
817 2035 1022 2078 eausa‘
1066 2031 1198 2086 est;
1259 2031 1462 2077 nostrzr
1544 2031 1724 2078 autem
1810 2023 2059 2077 Iuniam:

468 2113 952 2184 cognitioniqnasi
977 2128 1144 2170 causa
1171 2122 1257 2169 est
1311 2115 1532 2170 trinitas
1599 2114 1759 2168 nobis
1830 2114 2048 2183 propria

482 2201 670 2262 eur'et
703 2207 849 2261 illam
891 2207 1074 2276 aliqua
1113 2221 1544 2277 cognoscamus;
1577 2215 1636 2261 ut
1681 2206 1794 2276 jam
1860 2207 2058 2260 exinde

477 2299 662 2354 divina
693 2315 813 2369 qum
847 2300 1005 2356 nobis
1062 2301 1203 2355 inest
1233 2298 1469 2369 imagine
1509 2296 1615 2352 frui
1666 2299 1942 2367 possimus
2003 2306 2056 2351 et

471 2405 573 2456 per
605 2391 751 2444 illam
784 2392 1027 2445 onmium
1059 2407 1282 2446 causam
1315 2405 1635 2462 agnoscere,
1692 2406 1872 2446 veram
1907 2407 2056 2445 neni-

479 2499 547 2553 pe
585 2493 641 2538 et
693 2483 1050 2554 principalem
1091 2482 1435 2542 Trinitatem.
1471 2481 1596 2539 Haec
1650 2484 1723 2537 ita
1783 2484 2059 2554 loquimur

477 2583 698 2646 prepter
732 2592 827 2632 eos
859 2577 952 2647 qui
977 2575 1300 2646 imperfecte
1336 2576 1520 2632 adhuc
1549 2576 1794 2633 sentiunt
1832 2583 1886 2629 et
1917 2593 2053 2647 qua-

477 2670 522 2722 si
563 2669 658 2736 qui
687 2669 909 2722 vixdum
945 2668 1257 2724 initiantur.
1300 2668 1409 2724 Illis
1447 2684 1580 2724 vero
1629 2671 1722 2738 qui
1759 2670 2056 2739 perfectius

477 2763 698 2815 novisse
717 2761 1061 2815 contendunt
1089 2770 1182 2815 aut
1205 2761 1389 2815 divina
1412 2770 1775 2830 perceperunt
1803 2775 2051 2827 munera,

473 2854 619 2922 quod
654 2853 882 2907 omnino
917 2859 1162 2924 prsestat,
1187 2854 1501 2908 accuratius
1537 2852 1666 2907 inde
1705 2867 1827 2922 quae
1873 2853 1926 2906 in
1959 2866 2057 2905 no-

476 2945 561 2998 bis
585 2954 670 2998 est
695 2943 909 2999 trinitas
937 2946 1284 3001 innostescit.
1315 2946 1467 3002 Unde
1499 2946 1574 3000 nil
1605 2947 1806 3000 mirum
1841 2947 1888 3000 si
1919 2946 2056 3000 mul-

475 3044 560 3087 tos
585 3034 748 3089 lateat
779 3034 963 3088 divina
997 3033 1388 3098 Trinitas,cum
1423 3050 1596 3105 neque
1622 3037 1898 3106 propriam
1955 3051 2055 3089 na-

483 3137 663 3180 turam
689 3142 881 3182 omnes
901 3128 1084 3182 norint
1130 3137 1223 3181 aut
1268 3142 1432 3182 nosse
1476 3127 1712 3183 valeant.
1748 3129 1856 3183 Nec
1889 3128 2053 3182 etiam

485 3219 795 3273 mirandum
857 3219 924 3272 de
951 3219 1523 3289 rcliquisdiﬂerentiis
1539 3221 1973 3290 exemplarinter
2005 3231 2058 3275 et

475 3313 775 3381 imaginem
806 3312 1090 3366 trinitatis.
1109 3311 1264 3378 Nam,
1289 3322 1347 3366 ut
1372 3315 1484 3382 jam
1519 3313 1936 3380 diximus,quod
1959 3313 2058 3368 lio-

475 3421 564 3460 mo
591 3413 662 3460 szt
692 3405 802 3458 Deo
829 3405 1047 3469 similis,
1069 3406 1119 3458 id
1147 3406 1287 3460 ratio
1313 3405 1550 3475 postulat
1579 3414 1634 3460 et
1654 3403 1830 3460 Moses
1855 3407 2059 3459 contir-

477 3507 589 3551 mat
614 3509 668 3550 et
691 3497 959 3566 quotlibet
989 3498 1094 3553 alia
1128 3500 1180 3551 in
1211 3498 1350 3552 idem
1380 3507 1745 3564 conveniunt;
1775 3513 1839 3554 ac
1865 3499 2058 3553 similis

471 3590 690 3660 quidem
724 3590 952 3641 trinitati
974 3590 1310 3645 internarum
1334 3601 1581 3656 actuum,
1615 3607 1709 3660 per
1737 3608 1874 3662 quos
1894 3592 2057 3646 homo

471 3691 638 3737 estet
706 3681 835 3736 vivit
889 3684 1191 3735 secundum
1251 3681 1511 3746 animam,
1569 3693 1905 3753 exterasque
1965 3685 2055 3739 Dei

474 3781 755 3828 creaturas
788 3781 1029 3839 superat.
1074 3767 1245 3828 Porro
1273 3773 1327 3827 in
1359 3773 1468 3828 Deo
1487 3772 1727 3830 Trinitas
1745 3791 1867 3831 esse
1895 3775 2056 3830 debet

470 3867 927 3934 supernatat-alis,
987 3870 1220 3921 creatori
1249 3881 1491 3922 consona
1545 3883 1610 3922 ac
1667 3883 1892 3938 prorsus
1946 3867 2054 3922 Deo

469 3961 670 4030 digna;
703 3959 758 4013 in
795 3959 1016 4014 homine
1042 3974 1189 4025 vero,
1232 3971 1718 4028 proutcreaturam
1755 3965 1929 4027 decet,
1953 3962 2052 4016 in-

469 4052 658 4108 fcrior.
688 4051 872 4107 Primo
933 4055 1138 4107 etenim
1175 4055 1394 4109 divinus
1441 4056 1757 4111 intellectus
1789 4065 1872 4112 est
1905 4071 2052 4110 seui-

471 4161 566 4215 per
597 4147 647 4200 iu
675 4157 824 4210 actu,
857 4155 1130 4217 quatenus
1160 4157 1364 4201 αξιοι-[ιο
1402 4157 1455 4202 et
1503 4149 1715 4204 inﬁnito
1764 4148 2051 4219 congruit;

476 4241 748 4292 humanus
787 4254 818 4292 e
853 4247 1046 4294 contra
1075 4255 1104 4292 a
1141 4239 1247 4294 Deo
1275 4249 1492 4296 creatus
1533 4242 1844 4297 virtualiter
1873 4245 2054 4314 quoad

477 4328 696 4381 initium
741 4344 897 4397 teque
924 4337 1008 4384 est
1042 4330 1094 4383 in
1123 4331 1378 4386 omnibus
1415 4333 1480 4385 ad
1509 4349 1570 4387 ea
1605 4337 1890 4390 ordinatus
1933 4351 2054 4406 qua!

470 4429 705 4492 possunt
733 4421 960 4492 intelligi
989 4431 1042 4476 et
1070 4423 1136 4475 ad
1168 4423 1558 4493 intelligenteni
1619 4440 1714 4494 per
1763 4441 1827 4480 ea
1889 4429 2052 4497 perti-

469 4513 762 4581 ciendum;
791 4528 855 4568 ac
903 4524 1091 4584 postea
1126 4514 1178 4568 in
1207 4524 1333 4568 actu
1371 4515 1432 4568 tit
1480 4531 1545 4570 ex
1594 4531 1784 4571 eorum
1828 4520 2042 4585 notitia,

471 4607 713 4662 collectis
778 4607 831 4660 in
866 4606 990 4676 ipso
1045 4607 1332 4676 speciebus
1382 4607 1488 4661 alia
1527 4617 1652 4677 post
1708 4608 1891 4674 aliain,
1953 4625 2046 4678 per

471 4701 615 4756 viam
651 4701 864 4754 scilicet
928 4699 1335 4755 abstractionis.
1387 4699 1588 4755 lterum
1647 4701 1881 4755 humana
1911 4705 2074 4756 ratio.

465 4793 609 4863 apud
639 4795 885 4863 singulos
924 4794 1114 4849 multis
1145 4793 1435 4864 speciebus
1505 4794 1783 4850 eﬂ‘ormata
1807 4795 2048 4864 comple-

471 4897 582 4951 tur,
605 4904 747 4957 quae,
775 4896 830 4940 ut
858 4888 1061 4942 dictum
1088 4897 1190 4954 est,
1210 4889 1351 4958 apud
1378 4901 1822 4958 unumquemque
1845 4895 2049 4942 coeunt

469 4992 572 5049 pro
601 4978 930 5033 liabitudinis
954 4977 1135 5034 modo.
1163 4979 1356 5034 Divina
1382 4988 1563 5034 autem
1597 4979 1740 5034 ratio
1759 4994 1864 5033 una
1891 4987 2049 5034 estet

465 5071 871 5140 simplicissima
901 5072 1113 5140 species
1153 5071 1577 5142 simplicissima:
1609 5072 1662 5126 in
1687 5074 1865 5142 primo
1889 5070 2045 5125 intel~

464 5164 654 5234 ligibili
683 5163 1075 5233 intelligentire.
1109 5163 1242 5218 Nam
1273 5165 1492 5221 divinus
1529 5165 1862 5230 intellectus,
1887 5164 2047 5218 Pater

461 5259 688 5324 scilicet,
748 5272 856 5311 una
898 5258 1202 5328 eademque
1242 5258 1600 5330 intelligentia
1630 5259 1815 5313 omnia
1839 5267 2040 5314 :eterne

461 5351 631 5414 novit,
673 5359 728 5403 et
759 5349 1006 5418 seipsum
1037 5349 1392 5419 intelligendo
1436 5348 1828 5419 intelligibilem
1878 5363 2038 5404 suam

460 5456 694 5510 suceicm
727 5440 946 5494 sibimet
969 5439 1182 5508 objicit,
1241 5455 1438 5508 nempe
1475 5437 1743 5494 Verbum.
1794 5438 2034 5502 Verbum

458 5550 636 5591 antem
667 5539 817 5589 novit
840 5551 902 5588 ac
965 5535 1206 5604 seipsum
1231 5534 1415 5588 simul.
1476 5534 1544 5586 At
1600 5539 1826 5588 caetera.
1871 5535 2036 5587 etiam

459 5639 610 5682 extra
656 5643 714 5682 se
751 5628 923 5690 novit,
981 5638 1244 5682 aeternum
1306 5627 1526 5696 quidem
1615 5626 1922 5698 intelligens
1979 5634 2039 5680 ut

461 5727 641 5776 l'uturn
718 5724 766 5774 vi
837 5724 1088 5790 putentia:
1168 5738 1321 5785 suae,
1396 5727 1450 5775 in
1524 5721 1786 5776 futurum.
1849 5733 1909 5776 ut
1971 5721 2036 5775 ad

463 5828 699 5877 praesens
735 5814 1090 5882 intelligentia
1124 5830 1183 5869 se
1218 5822 1502 5880 movente;
1543 5797 1752 5869 necnon
1803 5824 1859 5870 ct
1911 5797 2037 5882 pro-

1544 350 1927 414 GENNADII
1968 352 2076 418 ΟΡ.

2123 353 2640 420 ΡΑΤΠῘΑΒΟΠΕ

2089 470 2135 531 Α
2164 472 2319 541 λόγος
2371 476 2462 529 νοῦ
2514 479 2606 531 καὶ
2639 479 2826 550 νοητοῦ
2879 483 3077 547 παντός
3125 484 3272 538 ἐστιν
3302 487 3464 551 αἴτιος
3503 491 3555 543 ἐν
3596 498 3691 558 τοίς

2157 558 2276 654 οὖσι
2307 566 2401 619 καὶ
2437 567 2618 639 πάσης
2647 570 2836 634 ἀτελῶς
2882 572 3072 637 οὐσίας
3117 577 3211 627 καὶ
3243 576 3452 644 φύσεως
3473 595 3488 610 ο
3512 582 3568 634 οὐ
3600 583 3691 654 γὰρ

2159 650 2251 704 τοῦ
2305 656 2635 724 προάγονιος
2677 659 2770 712 νο]
2823 662 3002 728 μόνον,
3037 665 3172 717 ἀλλᾶ
3199 665 3290 719 καὶ
3330 668 3433 722 τῶν
3459 671 3522 723 δι’
3553 650 3692 728 αὑτοῦ

2161 746 2467 814 νοουμένων
2503 748 2680 818 ἔργων
2717 751 2823 818 ἔξω
2847 754 3013 807 αὑτοῦ
3042 757 3285 824 πέφυκεν
3307 760 3567 830 όμοιότηςο
3589 763 3690 818 ὅθεν

2162 835 2327 888 εἰκὼν
2369 839 2468 907 μὲν
2506 840 2743 909 ἔμφυτος
2794 845 3012 912 λέγεται
3071 849 3167 902 τοῦ
3227 852 3573 920 γεννήσαντος
3618 854 3695 910 νοῦ

2160 929 2252 980 καὶ
2277 928 2366 981 ἀεὶ
2400 931 2717 998 γεννῶντος,
2743 934 2856 988 ίδέα
2887 936 2942 990 δὲ
2973 937 3081 990 τῶν
3110 939 3441 1006 κτισμάτων,
3470 945 3555 996 καὶ
3580 944 3696 1011 πρὸς

2159 1020 2252 1072 τὸν
2288 1022 2422 1074 Θεὸν
2465 1025 2563 1092 μὲν
2597 1027 2760 1090 αὐτὸς
2816 1026 2954 1082 εἶναι
2995 1031 3090 1084 καὶ
3136 1031 3231 1084 τοῦ
3265 1031 3420 1098 Θεοῦ,
3453 1034 3612 1088 πάντα
3650 1037 3698 1090 δὲ

2157 1112 2224 1166 δι’
2271 1114 2434 1168 αὑτοῦ
2469 1120 2782 1185 γεγονέναι·
2817 1122 2989 1176 αίτιον
3033 1123 3090 1177 δι
3141 1124 3341 1188 παντὸς
3377 1125 3572 1193 ἀγαθοῦ
3602 1134 3698 1193 τοῖς

2159 1201 2315 1259 οὖσίν
2368 1210 2519 1262 ἐστιν
2558 1214 2589 1279 ή
2631 1211 2750 1267 θεία
2793 1213 3009 1285 ἀγάπη,
3033 1215 3094 1269 τὸ
3127 1216 3352 1286 Πνεῦμα
3395 1218 3622 1287 δηλονότι
3648 1222 3699 1276 rb

2158 1300 2332 1367 ἅγιον,
2365 1303 2575 1373 συνέχει
2610 1308 2719 1374 γὰρ
2759 1306 2938 1360 πάντα
2967 1313 3062 1360 καὶ
3109 1309 3424 1378 ἐπιστρέφει
3455 1313 3582 1381 πρὸς
3618 1315 3699 1368 τάο

2158 1393 2343 1459 γαθόν.
2381 1395 2489 1448 Καὶ
2533 1396 2621 1450 διὰ
2649 1397 2807 1451 τοῦτο
2853 1400 2972 1468 μετ’
3002 1401 3182 1454 αὐτῶν
3214 1396 3294 1464 εἷς
3328 1405 3441 1456 ἐστι
3468 1403 3590 1468 Θεὸς
3618 1408 3697 1460 καὶ

2157 1487 2486 1558 δημιουργὸς
2517 1491 2546 1544 ό
2576 1492 2758 1560 πατὴρ
2793 1492 3050 1547 ἁπάντων
3077 1493 3187 1548 τῶν
3207 1494 3399 1562 ὄντων,
3428 1499 3518 1550 καὶ
3546 1499 3694 1552 πάντα

2158 1577 2223 1628 ἐκ
2260 1578 2368 1629 τῶν
2410 1578 2643 1646 πρώτων
2667 1580 2795 1650 ἄχρι
2826 1583 2920 1634 καὶ
2952 1583 3061 1638 τῶν
3091 1584 3338 1656 ὲσχάτων
3370 1585 3501 1656 ἔργα
3533 1605 3586 1640 τε
3615 1592 3690 1642 καὶ

2157 1667 2319 1723 δοῦλα
2351 1669 2447 1722 τοῦ
2473 1672 2590 1736 ἑνός
2615 1674 2722 1727 εἰσι
2750 1672 2887 1728 Θεοῦ
2919 1673 3016 1729 καὶ
3049 1675 3148 1790 τῖς
3181 1677 3240 1731 ἐν
3271 1677 3418 1749 αὐτῷ
3447 1680 3694 1750 συμφύτου

2159 1763 2289 1790 vr“.
2305 1769 2351 1790 2-
2371 1787 2386 1790 _

2159 1763 2407 1833 Τριὰδος.

3601 377 3691 439 592

2065 1847 2132 1901 -B

2237 1932 2325 2001 Τῷ
2357 1933 2456 2000 μὲν
2490 1932 2584 1987 οῦν
2615 1935 2898 2004 πράγματι
2927 1935 3076 1989 αξτία
3115 1937 3267 1991 ἔστιν
3297 1939 3340 2009 η’
3363 1940 3588 2012 μακαρία
3619 1941 3696 1994 καὶ

2163 2019 2280 2074 θεία
2315 2022 2479 2092 Τριὰς
2503 2023 2602 2092 τῆς
2633 2024 2690 2076 ὲν
2719 2023 2993 2096 ἀνθρώπῳ
3016 2027 3230 2096 τριάδος
3265 2043 3279 2057 ·
3309 2030 3376 2098 τῇ
3421 2029 3465 2082 δ’
3491 2031 3696 2104 ἡμετέρᾳ

2161 2112 2268 2164 τῶν
2298 2112 2598 2182 ἀνθρώπων
2629 2113 2825 2182 γνώσει
2847 2117 2880 2184 ὴ
2905 2117 3033 2187 παρ’
3057 2118 3185 2186 ἡμῖν
3213 2120 3372 2190 τριὰς
3416 2121 3574 2175 αἴτιόν
3601 2139 3696 2186 πως

2160 2203 2253 2257 τοῦ
2305 2205 2566 2271 κάκείνην
2609 2206 2684 2269 ώς
2743 2201 2854 2261 οἷόν
2911 2225 2970 2260 τε
3023 2209 3412 2276 γινώσκεσθαι,
3457 2213 3527 2276 ώς
3567 2214 3698 2268 τοῦτο

2162 2297 2376 2367 πρῶτον
2405 2297 2702 2352 ἀπολαύειν
2738 2298 2882 2369 ἔχειν
2927 2302 3068 2371 ἡμᾶς
3105 2303 3202 2370 τῆς
3256 2303 3460 2357 ἐκεῖθεν
3491 2308 3544 2357 ἐν
3588 2310 3694 2375 ἡμῖν

2161 2390 2388 2450 εἰκόνος,
2409 2389 2470 2442 τὸ
2498 2389 2760 2444 δύνασθαι
2782 2391 2849 2443 δι’
2888 2392 3058 2462 αὐτῆς
3089 2393 3189 2463 τὴν
3212 2395 3391 2465 ἀληθῆ
3442 2397 3528 2451 καὶ
3576 2396 3697 2467 πρώ-

2159 2497 2259 2547 την
2290 2480 2494 2534 καὶτοῦ
2529 2482 2723 2543 παντὸς
2749 2483 2928 2537 αἰτίαν
2953 2484 3147 2538 ειδέναι
3181 2485 3411 2555 Τριάδα.
3465 2489 3608 2542 Τουτὶ
3649 2492 3695 2543 δέ

2161 2587 2339 2639 φαμεν
2395 2573 2522 2640 περὶ
2563 2572 2673 2624 τῶν
2725 2573 2932 2637 ἀτελῶς
2991 2574 3069 2628 ἔτι
3118 2577 3390 2631 νοούντων
3422 2580 3514 2632 κάν
3534 2584 3587 2649 τῇ
3609 2581 3696 2634 τῶν

2160 2663 2530 2732 εἰσαγομένων
2555 2663 2706 2729 τάξει
2726 2681 2741 2696 ο
2767 2668 2875 2728 τοῖς
2905 2666 2962 2720 δὲ
2991 2668 3320 2743 τελεώτερον
3345 2675 3694 2728 ἐσπουδακόσιν

2159 2752 2355 2805 εἰδέναι
2384 2753 2417 2824 ἢ
2451 2754 2598 2825 δῶρα
2628 2757 2692 2809 ὲκ
2719 2756 2852 2810 Θεοῦ
2885 2757 3182 2828 εἰληφόσιν,
3231 2761 3262 2815 δ
3293 2764 3384 2816 καὶ
3438 2765 3565 2820 πάνυ
3602 2767 3696 2836 μιτ-

2159 2845 2249 2909 ζόν
2288 2847 2453 2912 ἐστιν,
2488 2847 2752 2919 ὲκείθενή
2792 2851 2849 2902 ὲν
2876 2853 3008 2921 ἡμῖν
3037 2853 3430 2927 ἀκριϐέστερον
3456 2863 3694 2913 κατανοεῖ-

2158 2957 2246 2994 ται
2274 2943 2472 3011 τριάςο
2503 2943 2625 2996 ὅθεν
2681 2943 2833 2999 οὐδὲν
2883 2945 3222 3018 θαυμαστὸν,
3291 2951 3342 3003 ει
3403 2953 3572 3006 πολλοὶ
3616 2952 3694 3023 τὴν

2159 3031 2309 3085 θείαν
2341 3032 2593 3098 ἀγνοοῦσι
2622 3033 2848 3103 Τριάδα,
2881 3037 2995 3104 είγε
3045 3039 3182 3108 μηδὲ
3256 3044 3453 3105 πάντες
3498 3044 3586 3108 τὴν
3629 3045 3691 3096 ol-

2160 3125 2314 3177 κείαν
2348 3125 2576 3197 οἶδασιῆ
2609 3127 2807 3181 ειδέναι
2851 3128 3032 3198 ἔχουσι
3073 3131 3258 3199 φύσιν.
3301 3135 3375 3188 Οὐ
3403 3136 3482 3188 δεῖ
3507 3136 3557 3190 δὲ
3582 3135 3690 3188 θαυ-

2083 3195 2126 3254 C
2166 3213 2358 3283 μάζειν
2387 3195 2645 3287 περὶτῶν
2683 3218 2856 3272 ἄλλων
2882 3195 3161 3290 διαφόρων
3179 3223 3286 3294 τῆς
3328 3227 3386 3277 ἐν
3417 3225 3490 3295 τῷ
3545 3242 3692 3296 παρα-

2160 3307 2413 3376 δείγματι
2439 3310 2534 3362 καὶ
2570 3313 2635 3380 τῇ
2673 3311 2841 3365 εικόνι
2899 3313 3133 3384 τριάδος.
3187 3315 3420 3386 Εἴρηται
3466 3320 3581 3387 γὰρ,
3633 3318 3695 3381 ὡς

2159 3398 2474 3468 ώμοιῶσθαι
2535 3401 2636 3471 μὲν
2688 3403 2763 3474 τῷ
2821 3403 2940 3474 Θεῷ
2987 3405 3079 3457 τὸν
3118 3406 3460 3474 ἀνθρώπονὸ
3489 3427 3544 3462 τε
3567 3409 3694 3476 λόγος

2160 3494 2382 3548 ἁπαιτεί
2412 3495 2505 3547 καὶ
2536 3496 2568 3565 η
2599 3497 2694 3550 τοῦ
2729 3498 2971 3561 Μωσέως
3013 3498 3260 3566 ἀξίωσις,
3306 3502 3398 3554 καὶ
3449 3503 3544 3556 ὅσα
3585 3502 3694 3556 ἀλλα

2157 3586 2328 3657 ταύτῃ
2365 3588 2664 3659 συντρέχει,
2691 3591 2783 3642 καὶ
2805 3589 3124 3660 ώμοιῶσθαι
3175 3596 3244 3664 τῇ
3280 3595 3456 3665 τριάδι
3483 3596 3581 3649 τῶν
3631 3596 3696 3647 ὲν-

2157 3679 2387 3748 δοτέρων
2413 3681 2723 3750 ἐνεργειῶν,
2788 3676 2873 3746 αἷς
2917 3682 3205 3753 ἄνθρωπός
3255 3687 3371 3738 ὲστί
3423 3703 3480 3740 τε
3533 3688 3614 3741 καὶ
3639 3687 3691 3758 ζῇ

2159 3773 2300 3826 κατά
2330 3773 2427 3843 τὴν
2451 3773 2627 3844 ψυχὴν
2654 3776 2745 3828 καὶ
2775 3775 2883 3828 τῶν
2909 3776 3082 3830 ἄλλων
3112 3777 3207 3831 τοῦ
3241 3780 3380 3833 Θεοῦ
3417 3782 3694 3852 κτισμάτων

2158 3863 2401 3933 προέχει.
2435 3865 2525 3928 Δεῖ
2554 3865 2608 3918 δὲ
2641 3867 2697 3917 ἐν
2725 3865 2824 3934 μὲν
2855 3866 2934 3935 τῷ
2961 3865 3080 3937 Θεῷ
3106 3868 3205 3939 τὴν
3238 3869 3445 3941 Τριάδα
3476 3871 3696 3940 ὑπερφυὶ

2156 3971 2214 4008 τε
2246 3956 2338 4009 καὶ
2367 3955 2564 4027 ποιητῇ
2602 3956 2918 4027 πρέπουσαν
2943 3953 3083 4012 εἶναι
3117 3960 3212 4012 καὶ
3239 3961 3377 4026 ὅλως
3424 3961 3691 4032 θεοπρεπῆ,

2155 4049 2212 4100 ἐν
2239 4046 2510 4119 ἀνθρώπῳ
2535 4048 2592 4101 δὲ
2619 4051 2760 4118 μετά
2796 4050 2891 4120 τῆς
2920 4051 2998 4122 τῷ
3035 4053 3296 4123 κτίσματι
3349 4056 3692 4128 προσηκούσης

2156 4138 2420 4209 ὕφὲσεως.
2481 4139 2690 4194 Αὐτίκα
2725 4143 2834 4212 γὰρ
2885 4144 2914 4196 ὀ
2975 4144 3076 4213 μὲν
3135 4146 3280 4212 θεῖος
3333 4149 3457 4212 νοῦς
3481 4148 3694 4219 ἐνεργείᾳ

2155 4232 2305 4284 ἐστὶν
2362 4232 2468 4298 ἀεὶ,
2509 4232 2582 4297 ώς
2614 4234 2768 4307 ἀῐδίῳ
2785 4237 2880 4291 καὶ
2909 4239 3122 4312 ἀπείρῳ
3151 4244 3443 4314 προσήκει,
3485 4247 3512 4298 ό
3554 4243 3603 4296 δέ
3641 4243 3720 4307 γε·

2153 4325 2492 4396 ἀνθρώπινος
2521 4328 2944 4401 δημιουργηθεῒς
2963 4334 3027 4386 ὲκ
3057 4334 3193 4388 Θεοῦ
3220 4336 3450 4405 δυνάμει
3480 4339 3573 4406 μὲν
3597 4335 3692 4389 ἔστι

2153 4419 2252 4486 τὴν
2280 4419 2452 4491 ἀρχὴν
2474 4422 2531 4473 ὲν
2559 4422 2726 4475 πᾶσιν
2755 4423 3065 4494 ἀνθρώποις
3099 4428 3304 4497 ὁμοίως
3339 4429 3474 4499 πρὸς
3514 4429 3574 4482 τά
3616 4443 3690 4478 vo-

2154 4512 2327 4563 εῖσθαι
2355 4511 2626 4581 δυνάμενα
2652 4516 2744 4567 καὶ
2775 4515 2910 4584 πρὸς
2933 4516 2992 4570 τὸ
3011 4516 3082 4572 δι’
3111 4519 3344 4574 ἐκείνων
3385 4521 3689 4576 τελειοῦσθαι

2153 4602 2396 4666 νοοῦντα,
2427 4605 2676 4677 ἐνεργείᾳ
2703 4606 2762 4659 δ’
2795 4606 3023 4678 ὕστερον
3051 4610 3263 4677 γίνεται
3293 4617 3359 4684 τῇ
3389 4615 3512 4684 περὶ
3537 4613 3690 4666 αὐτῶν

2151 4694 2454 4768 ἐπιστήμῃ,
2490 4696 2890 4776 ἀθροιζομένων
2927 4703 2984 4754 εν
3013 4703 3164 4774 αὖτῷ
3193 4706 3304 4760 τῶν
3350 4707 3502 4760 εἱδῶν
3553 4705 3688 4761 ἄλλον

2153 4789 2268 4858 μετ’
2300 4790 2428 4844 ἄλλο
2456 4793 2522 4860 τῇ
2554 4791 2658 4863 όδῷ
2685 4809 2747 4860 γε
2777 4793 2877 4862 τῆς
2905 4796 3270 4865 ἀφαιρέσεως.
3325 4800 3433 4854 Καὶ
3460 4798 3599 4866 λόγος
3635 4787 3689 4847 αὖ

2148 4885 2175 4936 ό
2204 4883 2304 4952 μὲν
2331 4883 2668 4955 ἀνθρώπινος
2695 4887 2753 4938 εν
2791 4886 3008 4957 ἑκάστῳ
3035 4889 3252 4952 πολλοῖς
3286 4892 3451 4945 εἴδεσι
3484 4887 3693 4960 popped-

2150 4991 2309 5044 μενος
2346 4976 2756 5047 συμπληροῦται
2775 4979 3182 5046 συναγομένοις,
3216 4979 3296 5045 ὡς
3323 4983 3552 5054 εἴρηται,
3574 4979 3689 5033 κιτά

2153 5068 2348 5139 μικρὸν
2370 5069 2426 5120 ἐν
2458 5068 2607 5138 αὐτῷ
2647 5071 2739 5123 καὶ
2769 5069 2987 5124 συνοῦσι
3013 5072 3197 5125 λοιπον
3246 5075 3326 5144 τῷ
3377 5076 3556 5146 τρόπῳ
3609 5069 3691 5139 τῆς

2147 5159 2315 5222 ἕξεως
2344 5175 2359 5190 ο
2395 5162 2423 5212 ό
2443 5159 2500 5212 δὲ
2525 5160 2666 5224 θεῖος
2693 5161 2849 5231 λόγος
2880 5162 2939 5216 ἐν
2973 5163 3087 5216 ἐστι
3121 5165 3216 5218 καὶ
3245 5165 3602 5219 ἁπλούστατον
3626 5155 3689 5214 εἷ-

2147 5249 2234 5312 δος
2263 5251 2363 5320 τῆς
2387 5251 2781 5324 αάπλουστάτης
2813 5256 2869 5306 ὲν
2901 5255 2979 5325 τῷ
3013 5253 3215 5326 πρώτῳ
3246 5256 3421 5328 νοητῷ
3446 5259 3683 5327 νοήσεως·

2145 5344 2174 5397 ὁ
2199 5344 2304 5416 γὰρ
2336 5345 2476 5408 θεῖος
2503 5344 2649 5410 νοῦς,
2680 5347 2708 5398 ό
2737 5347 2928 5418 Πατὴρ
2951 5347 3216 5418 δηλονότι,
3238 5351 3341 5420 μιᾷ
3369 5351 3456 5402 καὶ
3478 5350 3540 5416 τῇ
3571 5343 3685 5410 αὐτῇ

2147 5435 2540 5506 νοήσειρπάντα
2564 5433 2750 5497 ἀϊδίως
2781 5438 2912 5502 νοεῖ,
2938 5439 3034 5490 καὶ
3083 5437 3278 5492 ἑαυτὸν
3325 5438 3424 5509 μὲν
3478 5436 3598 5490 νοῶν
3639 5430 3686 5484 τὸ

2145 5527 2335 5595 νοητὸν
2365 5525 2654 5596 ὑφίστησιν
2678 5524 2822 5590 εῐδσς
2855 5528 3049 5582 ἑαυτοῦ
3074 5528 3131 5583 δὲ
3171 5529 3312 5604 πρὸς
3345 5529 3547 5594 ἑαυτὸν,
3585 5537 3684 5578 του-

2144 5623 2293 5674 τέστι
2319 5621 2410 5674 τὸν
2443 5623 2637 5688 Λόγον,
2663 5625 2776 5674 νοεῖ
2807 5622 2863 5676 δὲ
2895 5623 2986 5678 τὸν
3014 5624 3316 5688 Adranam.
3353 5621 3542 5677 ἑαυτὸν
3589 5617 3683 5686 ἅμα

2145 5718 2272 5769 νοεῖ.
2307 5715 2436 5768 Νοεῖ
2461 5715 2518 5767 δὲ
2555 5715 2646 5768 καὶ
2681 5716 2748 5778 τὰ
2778 5716 2912 5770 ἄλλα
2971 5718 3100 5786 παρ’
3143 5707 3338 5773 ἑαυτίὶν
3385 5717 3555 5774 ἀϊδίως
3604 5713 3682 5780 μὲν

2147 5809 2280 5888 νοῶν
2314 5808 2388 5871 ὡς
2419 5807 2656 5876 ἐσόμενα
2683 5809 2971 5880 περιουσίᾳ
2996 5810 3301 5878 δυνάμεως,
3341 5811 3429 5861 ἐπὶ
3487 5806 3540 5858 τὸ
3584 5802 3675 5854 ἑστός

2080 4550 2125 4606 D
