3932 6458
262 380 352 445 593

262 516 407 569 μενον
432 514 531 567 της
552 499 784 567 νοήσεως
837 502 911 565 ὡς
962 502 1025 572 δὴ
1063 504 1236 575 παρὸν
1277 506 1583 576 φερομένης
1618 522 1631 536 ⁸

254 592 304 645 δὲ
333 594 410 645 ὅτε
445 592 674 665 ἠθέλησε
730 598 821 651 καὶ
880 601 1272 671 γεγεννημένα,
1328 601 1464 673 ἔργα
1515 603 1614 673 τῆς
1663 602 1809 667 θείας

253 682 367 736 ὄντα
418 681 709 753 θελήσεως,
773 687 909 739 καθό
943 690 1056 741 ἐστι
1107 690 1201 743 καὶ
1235 690 1408 744 ἄλλων
1462 692 1806 761 εύποιητική.

266 773 363 826 ’Δεί
400 773 497 842 μὲν
545 777 655 845 γὰρ
696 777 945 832 ἐϐούλετο
994 780 1086 833 τὸν
1133 782 1339 852 κόσμον
1408 782 1646 849 ἔσεσθαι,
1713 785 1812 837 οὐκ

254 863 490 918 ἐδούλετο
510 866 566 919 δὲ
597 867 691 921 καὶ
721 868 808 923 ἀεὶ
829 870 988 924 αὐτὸν
1011 870 1247 934 ἔσεσθαι,
1284 874 1345 927 ού
1381 876 1491 944 γὰρ
1518 871 1630 929 οίόν
1668 877 1716 929 τ’
1749 876 1813 929 ἂν

256 951 315 1025 ἦν
340 957 495 1009 αὑτὸν
529 958 614 1011 ἀεὶ¹
644 956 783 1014 εἶναι
807 961 917 1016 οὔτ’
950 963 1191 1028 ἔσεσθαι,
1220 959 1293 1020 ὧν
1320 967 1398 1036 τῷ
1426 967 1523 1036 μὲν
1548 968 1607 1022 τὸ
1649 968 1816 1038 μηδὲ⁹

259 1045 363 1097 ποτ’
382 1045 449 1099 ἂν
472 1048 748 1114 γενέσθαι,
777 1051 853 1121 τῷ
881 1051 939 1104 δὲ
990 1054 1050 1107 τὸ
1107 1051 1249 1107 εἶναι
1314 1060 1489 1109 καίτοι
1550 1056 1816 1126 μηδέποτε

257 1139 641 1209 γεγεννημένον
672 1141 955 1195 ἀκολουθεί
983 1158 998 1175 ⁸
1032 1146 1065 1214 ἡ
1094 1146 1272 1199 τοίνυν
1297 1147 1465 1210 ἀΐδιος
1501 1145 1644 1220 αὕτη
1691 1148 1784 1219 νόη
1810 1181 1815 1187 -

259 1247 333 1294 at;
385 1232 486 1300 μία
538 1233 795 1298 καθάπαξ
848 1236 997 1290 ἐστὶν
1025 1239 1082 1290 ἐν
1114 1238 1188 1309 τῷ
1211 1237 1408 1308 πρώτῳ
1460 1238 1534 1308 νῷ
1575 1238 1818 1308 σημείοις

259 1322 433 1390 μόνοις
464 1323 846 1396 διακρινομένη
880 1328 1139 1397 νοήσεως.
1204 1329 1331 1384 Ἐπὶ
1364 1328 1571 1393 τούτοις
1603 1331 1661 1383 ἐν
1722 1330 1821 1400 μὲν

256 1414 326 1483 τῷ
378 1415 705 1485 ἀνθρωπίνῳ
761 1418 835 1488 νῷ
867 1418 993 1473 ἄλλο
1020 1421 1136 1474 ἐστὶ
1170 1422 1228 1474 τὸ
1252 1425 1393 1476 νοεῖν
1436 1404 1512 1475 ⁸τδ
1562 1424 1819 1493 πρᾶγμα,

254 1505 343 1558 καὶ
371 1506 499 1560 ἄλλο
524 1509 583 1561 τὸ
630 1513 770 1563 νοεῖν
800 1512 858 1565 τὸ
888 1512 1177 1582 νοούμενον
1240 1514 1437 1583 νόημα,
1478 1514 1606 1566 ὅταν
1656 1516 1736 1576 εἰς
1764 1513 1823 1567 τδ

254 1599 451 1652 οἰκεῖον
480 1598 636 1669 ἔργον
668 1604 694 1653 6
720 1600 842 1666 νοῦς
886 1604 1211 1676 ἐπιστρέφῃ,
1247 1605 1369 1658 ὅθεν
1417 1605 1602 1675 ἕτεραι
1635 1606 1733 1675 μὲν
1767 1607 1825 1659 αἰ

252 1688 355 1741 τῶν
385 1691 748 1760 πραγμάτων,
784 1692 970 1763 ἕτεραι
993 1694 1037 1746 δ’
1070 1696 1125 1747 αἰ
1157 1696 1267 1748 τῶν
1300 1696 1387 1749 ἐπ’
1412 1697 1593 1759 αὐτοῖς
1625 1700 1827 1769 νοημά-

253 1796 358 1834 των
386 1782 529 1834 εἰσὶν
557 1783 862 1853 ἐπιστῆμαι
889 1799 902 1813 ·
938 1786 993 1837 ἐν
1015 1784 1071 1837 δὲ
1090 1785 1166 1854 τῷ
1198 1786 1316 1857 Θεῷ
1350 1786 1518 1841 ταῦτα
1563 1788 1623 1841 οὐ
1652 1789 1825 1857 διενή-

255 1890 392 1943 νοχε,
424 1875 519 1928 καὶ
544 1877 570 1928 6
603 1876 699 1944 μὲν
725 1878 781 1929 ὲν
810 1876 1081 1947 ἀνθρώπῳ
1106 1878 1261 1947 λόγος
1289 1855 1390 1934 *καὶ
1434 1881 1467 1950 ἡ
1504 1880 1721 1947 θέλησις
1762 1855 1822 1935 ού
1856 1855 1899 1915 Β

256 1970 655 2036 πραγματικῶς
689 1970 825 2038 πρὸς
854 1971 945 2024 τὸν
970 1970 1192 2025 νοοῦντα
1221 1974 1314 2025 καὶ
1343 1973 1565 2028 θέλοντα
1616 1974 1825 2043 διακρί-

254 2076 434 2111 νονται
470 2060 595 2113 νοῦν
629 2077 643 2091 ·
676 2062 703 2114 6
749 2062 806 2114 δὲ
837 2062 977 2125 θεῖος
1027 2065 1201 2131 Λόγος
1252 2066 1344 2119 καὶ
1388 2066 1449 2119 τὸ
1495 2066 1717 2137 Πνεῦμα
1765 2066 1827 2120 τὸ

254 2152 410 2217 ἅγιον
437 2155 834 2223 πραγματικῶς
879 2156 973 2209 τοῦ
1014 2156 1225 2226 Πατρός
1285 2159 1649 2229 διακρίνονται
1685 2175 1701 2190 ⁸
1749 2160 1829 2213 δεῖ

252 2245 364 2317 γὰρ
398 2248 516 2298 ἐκεῖ
541 2249 634 2300 καὶ
660 2246 756 2317 τὴν
781 2246 880 2318 τῆς
912 2248 1127 2316 φύσεως
1154 2248 1349 2303 ἕνωσιν
1394 2252 1570 2321 ἄκραν
1600 2247 1761 2316 εἶναι,

255 2338 527 2409 προσήκει
550 2339 691 2407 Θεῷ,
724 2341 819 2393 καὶ
857 2339 954 2410 τὴν
989 2341 1259 2411 διάκρισιν
1294 2338 1375 2396 αὖ
1420 2344 1592 2412 ἀληθῆ
1619 2362 1678 2396 τε
1735 2345 1829 2396 καὶ

246 2429 597 2499 ἔμπρακτον,
631 2433 693 2502 τῇ
727 2431 907 2501 μέντοι
937 2434 1079 2486 κατά
1107 2433 1205 2504 τὴν
1248 2433 1409 2503 φύσιν
1438 2435 1631 2488 ὲνὼσει
1664 2436 1829 2506 μηδό-

246 2518 358 2581 λως
387 2523 855 2593 προσισταμένην.
914 2523 979 2577 Ἥ
1031 2523 1136 2594 γὰρ
1180 2524 1413 2595 ἁτομικὴ
1477 2526 1571 2579 καὶ
1612 2543 1829 2597 προσω-

244 2609 391 2680 πικὴ
425 2611 697 2681 διάκρισις
727 2615 783 2665 ὲν
824 2615 919 2683 μὲν
962 2619 1072 2679 τοῖς
1100 2618 1365 2685 όμοιρυέσι
1418 2617 1680 2686 κτίσμασι
1730 2619 1829 2689 τὴν

243 2700 388 2770 ὓλην
414 2702 596 2754 αἰτίαν
627 2703 821 2771 ἔχουσα
848 2704 1083 2772 εὐλόγως
1111 2708 1167 2760 δὲ
1196 2708 1293 2776 τὴν
1316 2708 1475 2775 φύσιν
1503 2710 1560 2760 ὲν
1598 2711 1709 2771 τοῖς
1742 2709 1834 2763 ού-

240 2808 326 2844 τω
354 2790 715 2860 διῃρημένοις
744 2793 993 2861 ἀριθμοῖς
1016 2795 1249 2865 διαιρεῖν
1298 2798 1356 2849 ὲν
1396 2797 1451 2849 δὲ
1503 2797 1581 2867 τῷ
1632 2798 1835 2851 ἁπλου-

241 2884 444 2952 στάτῳ
489 2883 582 2937 καὶ
618 2885 934 2953 νοερωτάτῳ
955 2885 1074 2955 Θεῷ
1098 2887 1197 2958 τὴν
1220 2889 1421 2959 νοητὴν
1447 2889 1722 2959 ἀναφορὰν
1751 2891 1836 2942 αἰ-

238 2972 372 3028 τίαν
400 2972 606 3042 ἔχουσα
639 2977 806 3045 μόνην
828 2976 888 3028 οὐ
917 2976 1113 3046 διαιρεί
1140 2977 1238 3049 τὴν
1270 2981 1408 3034 κατά
1458 2980 1620 3048 φύσιν
1654 2981 1838 3047 ἑνότη-

1306 386 1404 445 DE
1450 387 1596 449 DEO
1638 386 1717 447 IN
1757 385 2177 449 TRINITATE
2214 385 2393 449 UNO.

3382 388 3485 446 59f

1684 505 1819 560 νοῶν
1853 511 1894 567 Α
1925 507 2110 573 ducta,
2146 507 2370 576 quando
2400 504 2649 567 voluerit,
2687 502 2970 573 intelligit;
3009 516 3130 557 cum
3158 498 3353 554 divina:
3399 517 3488 551 Vt)-

1913 588 2137 652 luntatis
2165 598 2274 652 sint
2310 612 2497 667 opera,
2528 608 2798 666 quatenus
2832 605 2915 650 est
2954 603 3007 650 et
3056 595 3177 647 aliis
3214 594 3450 648 beuelica
3472 632 3486 645 .

1914 688 2049 743 Nam
2087 706 2303 757 semper
2354 690 2574 743 Volebat
2626 688 2742 742 fore
2768 696 2826 742 ut
2861 688 3096 741 mundus
3162 694 3322 750 esset,
3384 702 3489 738 nun

1914 776 2093 836 autem
2127 792 2181 834 ut
2218 796 2432 851 semper
2464 780 2753 834 exsisteret
2787 796 2801 845 ;
2829 794 2927 832 nec
2954 779 3099 833 enim
3145 786 3267 846 pote
3298 776 3494 832 fuisset

1916 877 2065 929 illum
2090 889 2304 943 semper
2331 888 2455 927 esse
2477 881 2569 925 aut
2602 871 2741 934 fore,
2766 886 2829 925 ex
2852 885 3082 939 quorum
3113 869 3283 923 altero
3308 883 3495 923 consc-

1915 967 2101 1036 quitur
2122 976 2178 1021 ut
2202 979 2479 1035 nunquam
2502 964 2804 1027 exsisteret,
2823 978 2886 1016 ex
2917 963 3085 1016 altero
3111 968 3168 1015 ut
3189 963 3495 1024 exsisteret,

1916 1057 2133 1113 tametsi
2181 1072 2457 1139 nunquam
2516 1053 2767 1109 eﬂ'ectus.
2827 1053 2952 1108 Ηωο
2994 1054 3157 1123 igitur
3184 1063 3385 1107 aeterna
3414 1051 3499 1105 in-

1920 1149 2222 1221 telligentia
2283 1164 2347 1204 ex
2394 1149 2604 1218 integro
2648 1163 2754 1200 una
2814 1154 2897 1200 est
2934 1146 2988 1198 in
3048 1145 3221 1213 primo
3287 1143 3497 1198 intelle-

1920 1252 2011 1296 ctu
2046 1242 2214 1313 signis
2242 1251 2451 1294 tantum
2483 1240 2550 1293 ab
2576 1237 2927 1308 intelligentia
2950 1237 3204 1290 discreta.
3229 1235 3494 1289 Praeterea

1923 1334 1977 1388 in
2002 1334 2242 1389 humano
2267 1333 2542 1389 intellectu
2572 1331 2718 1386 aliud
2750 1339 2832 1385 est
2860 1345 2971 1383 rem
3006 1329 3328 1397 intelligere,
3355 1326 3507 1382 aliud

1924 1426 2351 1481 intellectionem
2383 1425 2734 1488 intellectam,
2763 1438 2884 1477 cum
2914 1422 2979 1477 ad
3005 1421 3279 1491 propriam
3307 1436 3505 1489 opera-

1925 1518 2127 1571 tionem
2148 1517 2453 1572 intellectus
2470 1515 2805 1570 convertitur
2824 1532 2839 1581 ;
2861 1514 3002 1568 unde
3021 1514 3137 1567 aliae
3156 1525 3276 1565 sunt
3297 1528 3501 1574 rerum,

1924 1609 2042 1664 alia:
2070 1609 2136 1662 de
2166 1609 2332 1664 rebus
2366 1609 2791 1663 intellectionum
2818 1606 3043 1660 notitiae.
3079 1603 3275 1657 Verum
3300 1603 3403 1656 hoc
3440 1603 3493 1656 in

1928 1705 2035 1761 Deo
2063 1719 2171 1759 non
2202 1703 2485 1760 dilferunt.
2507 1703 2736 1756 Aliunde
2761 1703 2900 1755 ratio
2924 1708 2979 1755 et
3009 1701 3259 1754 voluntas
3314 1698 3367 1751 in
3405 1698 3501 1750 ho-

1928 1800 2074 1865 mine
2091 1816 2198 1856 non
2226 1815 2411 1854 revera
2434 1800 2843 1869 distinguuntur
2868 1812 2991 1867 erga
3019 1804 3432 1865 cognoscentem
3454 1803 3505 1845 et

1928 1894 2198 1949 volentem
2237 1892 2593 1947 intellectum.
2613 1890 2863 1943 Divinum
2892 1904 3021 1943 vero
3042 1888 3278 1942 Verbum
3309 1894 3361 1940 et
3384 1883 3507 1954 Spi-

1927 1988 2067 2043 ritus
2092 1991 2319 2042 sanctus
2349 1984 2564 2039 realiter
2586 1998 2614 2036 a
2640 1983 2797 2036 Patre
2831 1982 3259 2046 dislinguuntur.
3281 1976 3413 2031 Nam
3438 1978 3508 2030 il-

1926 2079 2000 2134 lic
2034 2086 2249 2149 Oportet
2280 2085 2339 2131 ut
2378 2076 2448 2131 sit
2478 2085 2685 2130 natura:
2718 2088 2930 2129 summa
2959 2072 3162 2137 unitas,
3191 2078 3248 2123 ut
3275 2072 3380 2124 Deo
3413 2085 3510 2138 par

1927 2182 2031 2237 est,
2064 2180 2118 2227 et
2146 2186 2267 2225 vera
2296 2170 2562 2225 similiter
2601 2176 2654 2222 et
2677 2167 2922 2223 effectiva
2959 2165 3268 2230 distinctio,
3311 2161 3507 2216 unitati

1930 2273 2104 2319 tamen
2163 2271 2372 2317 natura:
2427 2261 2653 2315 minime
2708 2260 2956 2313 obstans.
2992 2256 3204 2310 Etenim
3266 2253 3500 2306 indivisa

1928 2364 1980 2412 et
2009 2355 2623 2426 personalisdistinctiu
2649 2368 2767 2422 qua:
2800 2354 2852 2405 in
2902 2352 3168 2405 creaturis
3226 2347 3508 2400 materiam

1930 2448 2092 2503 habet
2126 2460 2376 2510 causam,
2436 2444 2675 2513 approbe
2720 2458 2815 2511 per
2866 2439 3182 2510 liujusmotli
3252 2452 3510 2491 numerus

1931 2550 2180 2594 naturam
2214 2538 2425 2593 dividit.
2454 2535 2559 2591 Sed
2596 2536 2736 2605 apud
2768 2533 3231 2602 simplicissimum
3267 2539 3318 2583 et
3352 2529 3511 2582 intel-

1930 2632 2350 2699 ligentissimum
2389 2628 2579 2691 Deum,
2612 2643 2737 2681 cum
2770 2643 2836 2680 ex
2895 2624 3221 2693 intelligihili
3293 2630 3502 2675 tantum

1932 2723 2192 2777 relatione
2216 2736 2437 2776 causam
2474 2720 2694 2781 habeat,
2724 2727 2934 2771 natura:
2970 2732 3077 2771 non
3112 2712 3303 2767 dividit
3334 2712 3512 2766 unita-

1934 2823 2062 2871 tem.
2096 2815 2202 2867 Nec
2230 2814 2350 2867 aliis
2386 2812 2573 2881 paucis
2606 2811 2960 2879 probabiliter
2985 2809 3128 2862 inter
3163 2824 3221 2861 se
3246 2805 3509 2859 dill‘erunt

1935 2907 2177 2961 inrreata
2215 2905 2453 2959 Trinitas
2478 2905 2619 2974 apud
2680 2903 2870 2967 Deum,
2925 2911 2978 2956 et
3034 2901 3177 2971 apud
3239 2898 3511 2953 hominem

1936 3006 2138 3054 creata.
2173 2999 2240 3051 At
2292 2999 2645 3066 quantumvis
2678 2996 2860 3050 multa:
2888 2996 2998 3050 sint
3028 2994 3143 3048 haec
3202 2990 3516 3047 didercntim

238 3081 338 3119 τα.
380 3064 504 3129 καὶ
538 3065 733 3128 πολλὰς
779 3066 942 3129 ἄλλας
977 3070 1121 3131 εἰκὸς
1152 3065 1291 3124 εἶναι
1327 3071 1588 3142 διαφορὰς
1629 3072 1729 3141 τῆς
1777 3089 1823 3123 τε

1938 3104 2044 3144 non
2086 3099 2265 3144 cessat
2303 3091 2355 3143 in
2376 3088 2641 3142 Trinitate
2674 3089 3064 3159 proprietatum
3101 3102 3197 3140 seu
3257 3098 3519 3153 persona-

239 3155 521 3208 ἀκτίστου
556 3156 783 3225 Τριάδος
816 3158 872 3210 ὲν
906 3158 983 3229 τῷ
1015 3160 1134 3231 Θεῷ
1165 3164 1259 3215 καὶ
1300 3164 1397 3231 τῆς
1460 3164 1519 3216 ὲν
1568 3162 1823 3234 ἀνθρώπιι

1944 3196 2063 3236 rum
2092 3180 2438 3234 assimilatio.
2490 3178 2782 3233 Permanet
2826 3193 2956 3232 vero
2998 3177 3156 3245 j'uxta
3206 3174 3513 3245 processio-

235 3248 491 3339 κτιστῆς
526 3263 541 3273 ·
574 3248 709 3301 ἀλλὰ
739 3250 795 3302 δὲ
830 3251 968 3319 μετά
999 3253 1269 3307 τοσούτων
1296 3255 1404 3308 τῶν
1432 3256 1703 3327 διαφόρων
1746 3257 1823 3309 ού-

1947 3284 2067 3324 nem
2101 3285 2288 3324 carum
2319 3279 2371 3323 et
2396 3270 2665 3333 ordinem,
2700 3268 3183 3339 processionisque
3215 3275 3268 3321 et
3298 3263 3515 3319 ordinis

232 3341 331 3396 δὲν
360 3335 601 3412 ἦττονή
637 3342 775 3397 κατὰ
804 3344 903 3412 τὴν
928 3345 1121 3415 τριάδα
1168 3346 1277 3399 τῶν
1310 3349 1615 3419 ἰδιωμάτων
1660 3350 1692 3421 ἢ
1726 3351 1823 3404 τῶι

1939 3363 2158 3416 modmn
2195 3371 2356 3429 atque
2378 3362 2537 3415 etiam
2575 3361 2728 3429 juxta
2767 3335 3105 3415 substantias
3171 3359 3430 3412 unitatem
3461 3358 3515 3411 in

233 3435 621 3488 ύποστάσεων
650 3435 907 3505 ὁμοίωσις
939 3437 1087 3506 μένει
1111 3453 1126 3469 ⁸
1151 3442 1242 3493 καὶ
1267 3440 1379 3494 ἔστι
1406 3442 1545 3496 κατά
1572 3443 1672 3513 τὴν
1703 3444 1823 3513 πρός

1938 3453 2268 3525 pluralitate,
2300 3470 2362 3509 ac
2393 3469 2501 3507 uno
2534 3453 2755 3509 tandem
2790 3453 2953 3509 verbo
2988 3451 3513 3523 intelligibilitatem.

231 3526 363 3578 οδον
394 3525 592 3577 αὐτῶν
627 3525 718 3578 καὶ
750 3525 848 3597 τὴν
881 3526 1035 3593 τάξιν
1067 3529 1161 3581 καὶ
1189 3528 1280 3583 τὸν
1306 3532 1403 3600 τῆς
1424 3531 1651 3602 προόδου
1681 3532 1823 3602 λόγοι

1940 3544 2095 3611 Quod
2125 3547 2169 3599 si
2212 3561 2336 3599 cum
2401 3546 2574 3599 multa
2612 3545 2722 3599 illic
2776 3545 3158 3614 praecellentia,
3193 3543 3284 3597 hic
3339 3550 3518 3596 autem

228 3633 294 3670 τε
325 3616 434 3669 καὶ
461 3615 573 3682 τῆς
601 3615 805 3680 τάξεως
822 3616 917 3669 καὶ
947 3617 1045 3686 τὴν
1077 3619 1134 3673 ὲν
1170 3619 1249 3690 τῷ
1274 3621 1469 3692 πλήθει
1520 3625 1680 3677 πάλιν
1725 3624 1823 3679 ἑνό

1941 3633 2337 3704 imperfectius,
2379 3637 2552 3689 multa
2582 3634 2781 3689 iterum
2818 3636 2869 3689 in
2901 3644 3156 3691 creatura
3212 3632 3516 3687 differentia

231 3729 385 3781 τητα
414 3710 530 3779 τῆς
567 3710 751 3773 οὐσίας
790 3715 885 3765 καί
922 3712 1152 3765 καθόλου
1183 3715 1339 3781 φάνει
1392 3714 1488 3785 τὴν
1520 3718 1823 3787 νοερότηται

1942 3724 2187 3777 cernitur
2218 3722 2285 3775 ah
2310 3724 2568 3793 imagine,
2591 3722 2965 3791 quae-quidem
2998 3722 3250 3776 omnibus
3279 3721 3404 3775 data
3436 3727 3521 3773 est

230 3806 298 3859 Εἰ
334 3806 398 3858 δὲ
439 3802 595 3874 μετὰ
626 3802 879 3872 πλείστης
907 3803 1024 3856 ἐκεῖ
1054 3805 1154 3873 μὲν
1183 3805 1280 3873 τῆς
1313 3805 1605 3876 ὑπεροχῆς,
1655 3808 1823 3863 eum.)

1941 3816 2255 3869 hominibus
2271 3825 2631 3870 utcoiumune
2661 3817 2864 3869 donum
2900 3816 3123 3881 majoris
3154 3813 3519 3867 communica-

224 3898 300 3951 θα
327 3897 393 3951 δὲ
430 3897 547 3966 τῆς
589 3894 852 3963 ὑφέσεως,
874 3896 1051 3949 καίτοι
1084 3897 1185 3950 κᾶν
1233 3896 1311 3966 τῷ
1364 3899 1622 3966 κτίσματι
1675 3900 1823 3951 πολλι

1947 3906 2110 3961 tionis
2134 3906 2478 3974 principium,
2499 3920 2691 3974 nempe
2713 3907 2766 3959 in
2797 3906 2976 3959 futura
3005 3905 3114 3959 vita
3149 3906 3234 3959 his
3259 3905 3349 3973 qui
3385 3919 3524 3973 pra:-

219 4009 313 4054 τις
364 3992 593 4060 ὁρᾶται
625 3988 857 4057 διαφορὰ
882 3988 979 4056 τῆς
1001 3988 1204 4050 εἰκόνος
1229 4003 1245 4019 ’
1301 3989 1334 4059 ἡ
1362 3988 1458 4057 μὲν
1480 3992 1586 4060 γὰρ
1615 3992 1725 4053 τοῖς
1752 3990 1823 4045 ἀνι

1945 4004 2085 4049 sentt
2106 4003 2248 4047 recte
2275 3993 2354 4045 usi
2383 3992 2580 4046 fuerint
2605 4007 2620 4046 :
2642 4008 2749 4047 non
2777 4001 2958 4045 autem
2986 4007 3177 4046 omnes
3204 3992 3406 4060 pariter
3429 3990 3529 4059 ilia,

222 4082 501 4152 θρώποις
534 4079 700 4144 ἐδόθη
731 4080 863 4132 πᾶσι
887 4079 1055 4149 δῶρον
1079 4079 1257 4132 κοινὸν
1289 4080 1533 4149 μείζονος
1561 4083 1823 4136 κοινωνίας

1946 4084 2245 4149 fruuntur;
2278 4084 2371 4138 sed
2414 4084 2505 4137 alii
2555 4085 3037 4151 generosissimum
3099 4083 3253 4138 illum
3315 4092 3524 4137 naturae

214 4178 378 4248 ἀρχὴ
410 4171 585 4229 κατᾶ
613 4171 703 4224 τὸν
738 4170 999 4242 μέλλοντα
1040 4170 1153 4241 βίον
1191 4174 1303 4235 τοῖς
1344 4172 1597 4226 ἐνταυθοῖ
1661 4174 1823 4233 καλῶς

1947 4188 2263 4247 apparatum
2324 4177 2599 4231 voluntate
2628 4186 2680 4230 et
2716 4178 3077 4232 contentione
3114 4179 3336 4246 propria
3363 4176 3526 4233 edor-

216 4266 643 4340 κεχρημένοις
677 4279 691 4294 ·
719 4264 818 4333 οὐχ
851 4262 1048 4333 ὁμοίως
1076 4264 1133 4316 δὲ
1164 4264 1361 4327 πάντες
1391 4266 1560 4332 αὐτῆς
1606 4265 1823 4318 damma

1950 4277 2121 4332 mant,
2171 4266 2401 4335 ejusque
2455 4265 2768 4320 accendunt
2827 4266 3291 4334 pulchritudinem
3349 4273 3403 4319 et
3456 4266 3522 4319 ad

209 4380 413 4427 ουσιν,
450 4358 592 4415 ἀλλ’
617 4358 665 4409 οἰ
697 4355 796 4426 μὲν
830 4354 1099 4425 μορφούσι
1146 4358 1243 4426 τὴν
1274 4358 1664 4425 εὐγενεστάτην
1717 4376 1817 4411 ταυ

1949 4361 2117 4415 cmlos
2146 4374 2319 4429 usque
2370 4359 2675 4425 extollunt;
2709 4359 2797 4413 alii
2835 4367 3024 4414 centra
3092 4361 3239 4415 velut
3300 4359 3448 4413 iners
3473 4365 3528 4411 et

213 4473 328 4524 την
362 4455 480 4523 τῆς
511 4452 741 4521 φύσεως
772 4448 1123 4520 παρασκευὴν
1172 4451 1267 4501 καὶ
1300 4451 1478 4518 οἰκείᾳ
1530 4450 1823 4520 προαιρὲσε

1952 4455 2186 4510 informe
2218 4456 2495 4525 quidpiam
2532 4456 2681 4510 illum
2721 4454 2941 4510 inscitia
2976 4465 3079 4510 aut
3117 4455 3320 4510 malitia
3365 4456 3526 4509 obru-

210 4567 276 4603 τε
316 4550 432 4603 καὶ
469 4543 694 4613 σπουδῇ
728 4544 822 4595 καὶ
849 4542 910 4594 τὸ
939 4541 1131 4603 κάλλος
1162 4540 1331 4610 αὐτῆς
1357 4541 1605 4605 ἐξάπτειν
1640 4542 1823 4595 ποιοῦσ

1958 4557 2072 4601 tum
2109 4548 2335 4602 missum
2380 4548 2603 4604 faciunt.

209 4648 320 4700 καὶ
365 4647 601 4717 μέχρις
628 4639 871 4710 οὐρανῶν
899 4638 1127 4704 ἀνιέναι,
1154 4640 1261 4702 τοῖς
1290 4639 1344 4691 δὲ
1375 4638 1543 4710 ἀργόν
1576 4657 1628 4690 τι
1656 4642 1842 4712 χρῆμα
1883 4642 1974 4695 καὶ
2046 4643 2296 4713 ἄμορφον
2364 4643 2750 4697 καταλείπεται
2816 4642 3028 4714 ἀμαθίᾳ
3089 4638 3530 4710 συγκαλυπτόμε-

200 4762 303 4799 νον
344 4744 382 4815 ἢ
420 4738 711 4809 πονηρίᾳ.
3186 4752 3191 4758 .

287 4839 422 4890 Καὶ
492 4834 690 4886 ταῦτα
723 4830 822 4899 μὲν
877 4831 1055 4886 πάντα
1105 4830 1234 4902 περὶ
1265 4831 1364 4901 τῆς
1414 4830 1564 4895 θείας
1621 4832 1848 4900 Τριάδος
1882 4837 1925 4893 υ

198 4934 362 5001 πρὸς
392 4927 557 4989 τοὺς
588 4923 694 4987 ἔξω
719 4922 813 4975 καὶ
845 4922 1062 4992 είρηται
1093 4923 1188 4974 καὶ
1236 4923 1488 4990 λέγεσθαι
1539 4925 1638 4989 δεῖ,
1668 4924 1740 4986 ὡς
1784 4924 1849 4977 ἐκ

195 5040 369 5086 τινος
411 5016 632 5089 ἀρχῆς
663 5016 796 5083 ἡμῖν
826 5031 885 5067 τε
940 5016 1032 5066 καὶ
1088 5015 1315 5079 ἐκείνοις
1380 5017 1562 5086 κοινῆς
1602 5019 1699 5087 τῆς
1753 5016 1848 5069 τού

187 5114 495 5174 Μωσέως
536 5106 900 5168 διδασκαλίας
928 5123 942 5139 ο
982 5106 1114 5175 ἡμῖν
1157 5106 1212 5160 δὲ
1263 5107 1420 5175 λόγου
1483 5110 1680 5171 παντὸς
1730 5109 1850 5161 ἐπέ-

187 5222 380 5259 κεινα.
411 5202 541 5271 τὴν
580 5198 713 5264 περὶ
749 5196 951 5249 τούτων
978 5197 1158 5249 πίστιν
1196 5197 1357 5261 αὐτὸς
1385 5198 1412 5250 6
1441 5198 1582 5261 θεῖος
1625 5199 1851 5270 ἐνέθηκε

184 5299 421 5367 Λόγος.
470 5288 706 5345 Τούτου
729 5288 888 5357 χάριν
912 5288 1009 5357 τὴν
1037 5289 1308 5358 ἡμετέραν
1338 5289 1553 5357 ἀληθῶς
1604 5289 1701 5359 μὲν
1732 5292 1852 5343 θεοε-

183 5384 459 5459 πρεπῶ.
511 5380 587 5434 δὲ
622 5377 768 5447 ὅμως
796 5376 1230 5446 προσλαϐόμενος
1268 5377 1449 5445 φύσιν,
1470 5378 1565 5431 καί
1598 5379 1774 5443 δόξαις
1798 5398 1854 5434 τε

178 5484 324 5545 ταῖς
361 5472 651 5547 ἀληθέσι
677 5472 803 5539 περί
832 5469 927 5523 τοῦ
954 5470 1112 5539 μόνου
1141 5470 1275 5524 Θεοῦ
1310 5474 1403 5527 καὶ
1429 5474 1587 5541 μόνου
1620 5473 1731 5524 τῶν
1770 5473 1856 5525 ὃν-

174 5590 306 5625 των
349 5569 637 5621 πάντων
664 5560 837 5612 αἰτίου
888 5561 979 5612 καὶ
1028 5560 1211 5629 νόμοις
1238 5561 1364 5631 περί
1400 5559 1494 5613 τοῦ
1528 5561 1678 5632 βιοῦν
1709 5562 1854 5633 ἔχειν

170 5664 396 5736 ὀρθῶς
434 5657 788 5721 ἐκόσμησεν
820 5653 967 5721 ἡμᾶς
996 5654 1059 5706 ὲκ
1098 5655 1197 5722 τῆς
1246 5654 1376 5723 πρὶν
1408 5655 1698 5722 ἀκοσμίας,
1729 5656 1792 5722 ἣν
1824 5654 1852 5705 ὁ

167 5759 282 5812 ςοδ
308 5752 619 5824 ψεύδους
642 5744 821 5813 πατὴρ
839 5745 970 5813 ἡμῖν
992 5743 1366 5816 ὲπεσώρευσεν
1387 5744 1490 5798 οὐκ
1518 5746 1584 5799 ἂν
1605 5745 1857 5815 δυνηθεὶς

167 5859 229 5926 ᾖ.
271 5847 369 5901 ῶν
400 5844 479 5897 τὸ
525 5837 669 5890 δέον
718 5836 864 5890 anew
894 5835 1220 5907 τηρούντων.
1252 5837 1387 5903 Δόξα
1418 5837 1595 5892 τοίνυν
1639 5837 1713 5907 τῷ
1753 5839 1860 5892 Λόο

2041 4832 2164 4888 Haec
2196 4832 2382 4887 omnia
2412 4832 2478 4886 de
2508 4830 2696 4885 divina
2730 4827 3001 4887 Trinitate
3031 4827 3097 4882 ad
3136 4840 3231 4882 eos
3269 4824 3359 4895 qui
3397 4823 3530 4880 foris

1964 4934 2093 4981 sunt
2140 4925 2348 4978 dictum
2397 4922 2797 4990 dicendumque
2840 4931 2945 4987 est,
2993 4934 3057 4974 ex
3096 4918 3334 4988 quodam
3369 4919 3528 4989 quasi

1957 5015 2230 5085 principio
2273 5013 2432 5068 nobis
2475 5021 2529 5067 et
2571 5012 2704 5081 ipsis
2736 5012 3047 5077 communi,
3106 5009 3274 5066 Musis
3331 5025 3528 5080 nempe

1959 5107 2230 5162 doctrina.
2267 5104 2441 5160 Nobis
2496 5112 2676 5157 autem
2718 5114 2912 5173 praeter
2961 5117 3123 5157 omne
3174 5102 3523 5157 ratiocinium

1958 5198 2094 5254 fides
2126 5199 2194 5252 ab
2227 5198 2344 5267 ipso
2368 5196 2553 5251 divino
2587 5195 2761 5250 Verbo
2798 5196 2864 5250 de
2897 5195 2981 5249 his
3008 5195 3216 5250 inserta
3247 5200 3349 5249 est.
3383 5193 3527 5258 Qua-

1961 5296 2184 5359 prOpter
2214 5296 2464 5341 naturam
2502 5295 2739 5340 nostram
2774 5301 2899 5340 vere
2924 5330 2938 5351 ,
2976 5285 3085 5340 Deo
3123 5295 3301 5338 tzuuen
3337 5283 3526 5337 condi-

1960 5396 2061 5451 gne
2104 5380 2411 5448 suscipiens
2438 5390 2489 5433 et
2514 5379 2656 5433 veris
2695 5380 2988 5434 sententiis
3017 5380 3082 5432 de
3117 5393 3222 5431 uno
3258 5377 3364 5431 Deo
3403 5378 3522 5429 solo

1960 5482 2276 5526 cunctorum
2301 5470 2507 5525 entium
2545 5480 2769 5526 auctore
2799 5480 2854 5524 et
2881 5470 3086 5538 legibus
3109 5469 3175 5521 ad
3210 5467 3524 5537 dirigendos

1960 5577 2137 5617 mores
2170 5577 2269 5617 nos
2303 5562 2625 5627 exornavit,
2665 5562 2834 5631 priori
2868 5571 3050 5614 amoto
3081 5559 3349 5614 dedecore
3378 5558 3522 5628 quod

1961 5655 2013 5707 in
2063 5668 2161 5708 nos
2208 5653 2476 5709 mendacii
2520 5663 2679 5724 pater
2710 5661 3084 5723 congesserat,
3119 5667 3223 5705 non
3276 5651 3348 5706 ita
3377 5661 3526 5706 certe

1963 5746 2194 5800 laesurus
2229 5746 2274 5801 si
2302 5762 2400 5802 nos
2434 5746 2677 5816 approbc
2705 5745 3052 5798 stetissemus
3087 5742 3315 5813 legibus.
3341 5742 3525 5801 Gloria

1966 5839 2132 5909 igitur
2161 5836 2338 5896 Verbo
2365 5839 2456 5895 Dei
2486 5848 2538 5894 et
2575 5837 2713 5892 Filio
2748 5836 2841 5903 qui
2874 5844 3023 5890 tanta
3054 5835 3210 5892 uobis
3240 5835 3374 5891 bona
3415 5835 3493 5891 lar
