3932 6458
223 352 316 416 601

1320 364 1688 427 EPISTOLA
1743 368 1842 427 AD
1882 368 2367 437 I’LETHONEM.

3367 384 3473 447 602

220 479 362 538 θείας
389 494 447 530 τε
494 476 623 544 πέρι
656 478 752 547 τῆς
804 478 860 531 ἐν
887 480 997 542 τοῖς
1030 480 1310 570 τοιούτοις,
1361 482 1475 535 οὐθ’
1512 484 1673 552 ἡμεῖς
1698 497 1790 551 γε-
1813 478 1865 539 Α
1894 482 1971 552 μὴ
2001 485 2132 553 ἡμῖν
2160 486 2412 558 ἐχαρίζου
2461 488 2763 563 προύργου,
2800 495 2868 565 τῇ
2909 494 2955 547 δ’
2984 495 3233 567 ἀληθεία,
3274 499 3367 552 καὶ
3394 501 3471 570 τῷ

227 570 412 637 δοίμεθ⁹
442 570 510 623 ἂν
547 570 797 639 ἀλλήλοις
828 574 1037 641 κριταὶ,
1099 573 1225 642 περὶ
1259 566 1334 627 ὧν
1389 574 1785 644 διενηνέγμεθα

218 664 331 733 ἥδη,
368 661 482 716 οὐτ’
512 665 693 725 ἄλλοις
722 664 1111 733 πιστεύσαιμεν
1146 665 1411 736 κρίνουσι,
1448 666 1525 736 τῷ
1551 666 1698 735 αὐτῷ
1723 666 1785 737 δὴ

220 756 306 810 καὶ
345 757 564 810 πάντων
599 757 763 811 πάθει
818 758 1217 827 ἐνεσχημένων,
1266 759 1359 812 καὶ
1407 758 1515 812 τῶν
1558 759 1658 827 μὲν
1708 758 1786 829 τῷ

218 848 385 918 ἑτέρῳ
415 850 855 919 προσκειμένων,
892 851 1002 904 τῶν
1030 850 1086 903 δὲ
1117 849 1196 929 τῷ
1227 852 1399 922 ἑτέρῳ
1430 854 1541 906 τοῖν
1574 853 1788 920 φιλοσό-

218 958 355 1005 φοιν,
382 935 458 993 ὧν
490 941 764 1010 οὐδέτεροι
807 944 919 1007 τοῖς
966 943 1174 1014 θάτερα
1202 944 1527 1014 τετιμηκόσι
1557 945 1786 1012 γένοιντ’

214 1030 275 1084 ἂν
296 1031 564 1104 ἀξιόχρεῳ
594 1034 866 1105 διαιτηταὶ
898 1036 1025 1106 περὶ
1082 1036 1191 1091 τῶν
1232 1036 1455 1106 ἑτέρων.
1493 1036 1786 1105 Λοιδοριῶν

214 1122 265 1176 δὲ
288 1122 415 1191 πέρι
436 1116 539 1176 ¹καὶ
574 1124 831 1195 τοιαύτης
860 1125 1247 1197 ἀσχημοσύνης
1272 1130 1354 1191 τίς
1374 1127 1438 1181 ἀν
1457 1128 1784 1200 ἀμιλληθείη

216 1214 304 1267 καὶ
332 1212 577 1283 ὀτῳοῦη
614 1208 692 1270 ὧν
733 1234 796 1285 γε
830 1216 951 1269 οὐδὲ
984 1220 1096 1280 τοῖς
1124 1218 1339 1289 ἐχθροῖς
1363 1217 1568 1283 εὔξαιτ’
1591 1218 1657 1274 ἄν
1699 1236 1786 1283 τις

214 1307 464 1373 τδρπλέον
521 1308 687 1379 ἔχειν,
734 1311 809 1380 μή
843 1310 896 1365 τί
931 1326 993 1378 γε
1051 1310 1251 1379 ἑαυτῷ,
1303 1311 1539 1380 σώφρων
1593 1328 1654 1363 τε
1689 1310 1785 1365 καὶ

215 1398 475 1470 ἐπιεικὴς
495 1401 591 1466 ὣν,
627 1402 762 1473 πλὴν
797 1404 849 1457 εί
870 1421 993 1458 τινα
1024 1403 1119 1457 καὶ
1153 1403 1399 1459 τοιοῦτον
1424 1404 1672 1472 θειοτέρα
1701 1422 1787 1468 τις

213 1494 361 1548 αἰτία
391 1502 485 1548 καί
517 1496 753 1562 ἄφυκτος
780 1496 872 1548 καὶ
904 1496 1175 1566 ἄρξασθαί
1208 1514 1337 1550 ποτε
1373 1496 1785 1567 κατηνάγκασε.

212 1586 436 1649 Τούτοις
470 1585 569 1654 μὲν
587 1587 649 1657 δὴ
668 1590 765 1642 καὶ
790 1585 1050 1652 τοιούτοις
1073 1589 1246 1659 ἔγωγε
1270 1588 1365 1643 νῦν
1389 1590 1591 1660 ἣκιστα
1620 1608 1788 1662 προσ-

212 1682 357 1751 έχειν
409 1682 573 1750 φημί.
607 1680 712 1735 Τοῦ
741 1683 800 1737 δὲ
837 1681 938 1752 τὴν
971 1682 1201 1752 πάτριον
1241 1680 1397 1752 ἡμῶν
1446 1680 1782 1747 θεοσέϐειαν,

211 1776 639 1845 ῆφυλάττοντας
699 1775 815 1846 ἅμα
859 1794 919 1830 τε
967 1776 1089 1846 Θεῷ
1134 1778 1232 1829 καὶ
1282 1777 1565 1847 φρονίμοις
1616 1779 1784 1830 πᾶσιν
1820 1817 1862 1873 Β

210 1872 485 1939 ἀρέσκειν,
522 1871 577 1940 ἢ,
630 1871 705 1934 ὡς
732 1870 886 1924 οὐδὲν
913 1871 1191 1939 διαφέρον,
1248 1870 1369 1923 ἀντὶ
1400 1870 1569 1936 δοξῶν
1596 1888 1656 1924 τε
1687 1870 1788 1923 οὐκ

207 1962 427 2031 ἀληθῶν
465 1962 561 2015 καὶ
613 1963 958 2037 πραγμάτων
992 1963 1169 2016 ἄλλων
1202 1962 1560 2032 προϊεμένους
1601 1961 1787 2015 δυσσε-

208 2039 347 2122 ϐἶεῖν,
372 2055 507 2109 πολύ
539 2074 590 2110 τι
616 2056 702 2125 δὴ,
731 2056 805 2120 ὡς
840 2051 1020 2122 οἶσθα,
1044 2058 1140 2110 καὶ
1172 2058 1302 2126 ἡμῖν
1334 2057 1397 2108 ὲκ
1427 2056 1626 2110 πολλοῦ
1653 2055 1781 2125 ἑμέ-

206 2148 338 2217 λησέ
370 2167 430 2203 τε
457 2148 570 2214 καὶ,
603 2150 699 2204 σὺν
723 2149 837 2219 Θεῷ
890 2151 1074 2233 φάηαι,
1104 2140 1351 2219 μελήσει,
1385 2148 1513 2203 ὥσθ’
1536 2150 1684 2213 ὅπως
1713 2149 1788 2220 μὴ

208 2245 422 2309 πολλοῖς
453 2243 692 2314 συμϐαίη
750 2243 819 2297 τά
850 2245 1099 2313 δεύτερα.
1133 2245 1208 2297 Οὐ
1238 2244 1347 2315 γὰρ
1379 2246 1507 2315 περὶ
1539 2244 1695 2314 ήμῶν
1725 2261 1788 2312 γε

207 2336 408 2401 αὐτῶν,
443 2336 539 2390 σὺν
560 2336 708 2406 αὐτῷ
732 2335 850 2406 Θεῷ
868 2335 910 2389 δ’
939 2337 1197 2408 εἰρήσθω,
1225 2338 1442 2391 τοιοῦτό
1472 2356 1526 2392 τι
1552 2337 1786 2407 δέδιμεν.

207 2424 312 2485 Ὧν
361 2432 525 2485 ἕνεκα
564 2430 797 2500 ζηλωτοὶ
844 2433 953 2495 τοῖς
988 2431 1203 2493 πολλοῖς
1236 2431 1553 2501 ἐδοκοῦμεν,
1580 2432 1789 2487 τούτων

205 2525 307 2578 οὐκ
346 2526 459 2578 ἔσθ’
485 2527 512 2579 ὅ
546 2544 596 2578 τι
624 2526 683 2578 οὐ
714 2526 1072 2597 προηκάμεθα
1104 2526 1406 2597 χαίροντες.
1440 2527 1514 2579 Οὐ
1546 2526 1652 2596 γάρ
1696 2522 1786 2597 ἦν,

203 2620 281 2680 ὡς
314 2619 526 2684 ἔοικεν,
574 2622 797 2673 ἐκείνων
836 2638 894 2673 τε
949 2620 1243 2674 ἀπολαύειν
1290 2620 1494 2684 καλῶς,
1530 2621 1625 2674 καὶ
1664 2622 1789 2686 τούς

206 2711 406 2772 ἄλλους
433 2710 577 2781 λόγῳ
622 2730 680 2765 τε
716 2715 809 2766 καὶ
852 2713 999 2783 ἔργῳ
1035 2713 1263 2778 πείθειν,
1314 2713 1388 2776 ὡς
1439 2714 1786 2782 σωφρονοῖεν.

204 2806 335 2861 Εἰσὶ
365 2805 410 2859 δ’
437 2806 495 2858 ἐν
521 2806 598 2875 τῷ
622 2806 717 2858 νῦν
748 2805 928 2876 χρόνῳ
957 2807 1191 2859 τοιοῦτοι
1228 2804 1359 2876 παρ’
1396 2808 1527 2875 ἡμῖν
1561 2806 1661 2859 οὐκ
1684 2806 1794 2859 όλίο

204 2915 319 2966 γοι,
351 2898 445 2961 οὓς
478 2899 570 2952 καὶ
622 2897 781 2959 αὐτὸς
834 2897 1048 2968 ἔφησθα
1080 2897 1334 2961 δεδιέναι,
1360 2899 1421 2950 τὸ
1448 2897 1659 2959 δ’δπως
1718 2897 1792 2969 μὴ

204 2989 453 3056 γένοιντό
508 3006 638 3042 ποτε
674 2989 836 3058 ἡμῶν
890 3004 952 3040 τε
1001 2988 1095 3042 καὶ
1143 2987 1251 3041 τῶν
1303 2987 1588 3058 ἡμετέρων
1618 2986 1793 3055 λόγων

205 3083 492 3153 κρείττους
515 3083 754 3145 Λατῖνοι,
791 3082 865 3153 μή
908 3081 1162 3135 δεδιέναι.
1207 3080 1430 3136 Τοσοῦτ’
1466 3072 1786 3151 ἀπέσχομεν

1888 576 2105 649 δικαίῳ,
2144 581 2238 634 καὶ
2267 582 2485 648 πολλοῖς
2518 584 2700 650 ἄλλοις
2732 580 2807 643 ὧν
2840 590 2923 643 σοὶ
2948 590 3100 644 οὐδέν
3134 609 3185 644 τι
3213 593 3289 661 (1)
3311 587 3473 664 ἧττον

1886 669 2045 739 ἡμῶν
2074 671 2254 725 αὐτῶν
2292 674 2462 744 μέλει,
2498 679 2593 732 καὶ
2625 679 2799 745 οὕτως
2832 683 2979 752 ἡμᾶς
3020 683 3153 750 ἔδει,
3179 685 3240 738 τὸ
3269 688 3472 739 οἰκεῖον

1891 763 1965 833 μὴ
2004 764 2522 837 ὑπολογιζομένους,
2584 770 2909 840 ἀμείϐεσθαι
2956 774 3048 827 τὸν
3073 775 3153 838 είς
3202 776 3264 827 τὸ
3296 778 3475 830 κοινὸν

1887 856 2226 924 ὠφελοῦντα,
2259 861 2312 912 εῖ
2338 877 2390 913 τι
2423 860 2517 914 καὶ
2553 861 2661 933 ίδίᾳ
2699 863 2848 933 αὐτῷ
2886 865 3199 933 μέμφεσθαι
3226 866 3469 937 ἔχοιμεν,

1886 949 2167 1016 ἀφιέντας,
2200 952 2293 1004 καὶ⁵
2315 951 2437 1016 ἐξὸν
2464 953 2730 1024 ἐλέγχειν,
2766 956 2867 1010 οὐκ
2897 956 3304 1028 ἐξελέγχοντας.
3332 962 3472 1013 Οὐκ-

1886 1042 1981 1097 οῦν
2024 1043 2111 1097 διὰ
2146 1043 2318 1099 ταῦτα
2362 1047 2497 1116 πρὸς
2536 1048 2637 1118 μὲν
2680 1051 2749 1103 τά
2779 1049 2849 1104 σά
2882 1067 2944 1118 γε
2980 1053 3186 1117 ἐκεῖνα,
3217 1054 3371 1105 ὁποῖ’
3406 1053 3472 1107 ἀν

1885 1134 2090 1202 δόξειεν
2142 1136 2377 1206 ὀφθέντα
2411 1139 2578 1204 ποτὲ,
2631 1140 2783 1195 οὐδέν
2841 1160 2932 1212 μοι
2983 1143 3471 1213 ἀντιγεγράψεται,

1887 1227 2001 1281 ἀλλ’
2043 1228 2188 1283 ἐάσω
2243 1246 2304 1283 σε
2360 1230 2658 1285 ἀπολαύειν
2708 1226 2784 1287 ὧν
2824 1237 2882 1296 ἐς
2928 1235 3275 1305 Ἀριστοτέλη
3301 1254 3358 1288 τε
3401 1232 3471 1291 αὖ

1887 1321 1983 1373 καὶ
2030 1321 2201 1392 ἡμᾶς,
2252 1320 2326 1384 ὡς
2348 1323 2398 1375 οἱ
2456 1322 2656 1387 ἰδόντες
2691 1324 2966 1393 λέγουσιν,
3014 1326 3464 1397 αὐτοσχεδιάσας,

1888 1411 1995 1484 ᾤου
2039 1430 2092 1465 τι
2121 1413 2447 1483 ἀμυνεῖσθαι
2491 1414 2524 1485 ἢ
2573 1415 2960 1483 ἐπιδείξεσθαι,
3027 1416 3102 1481 ὡς
3156 1419 3221 1472 ἂν
3268 1418 3353 1490 εῖη
3388 1436 3473 1471 σοι

1890 1504 1985 1558 καὶ
2022 1503 2198 1559 ταῦτα
2222 1504 2473 1579 διατριϐὴ
2511 1505 2653 1580 [καὶ]
2683 1510 2795 1572 τοῖς
2844 1509 3017 1580 ἥδιστ’
3042 1509 3108 1563 ἂν
3155 1510 3323 1564 ίδοῦσι
3358 1509 3478 1580 μετ’

1889 1600 2059 1671 ὀργῆς
2089 1600 2451 1655 ἀναπαλαίειν
2510 1602 2853 1673 πειρώμενον
2905 1604 3001 1658 καὶ
3047 1606 3317 1674 κραυγῆς,
3352 1606 3477 1657 καί·

1889 1704 1970 1740 τοι
2029 1687 2213 1758 σχεδὸν
2248 1690 2688 1761 ἀποτριαχθέντα
2709 1707 2721 1721 ·
2755 1692 2817 1745 οὐ
2866 1693 2973 1761 γὰρ
3004 1695 3136 1765 ἡμῖν
3171 1712 3230 1762 γε
3276 1694 3477 1759 δόξειεν

1891 1780 1979 1845 ἂν,
2011 1776 2098 1834 οἷα
2145 1782 2209 1852 δή
2263 1799 2396 1850 φασι
2428 1784 2523 1836 καὶ
2558 1784 2829 1854 Κυμαίοις
2858 1785 2963 1856 (2).
3000 1788 3107 1839 Καὶ
3140 1785 3168 1840 δ
3219 1787 3283 1856 δὴ
3317 1786 3478 1839 πλέον

1892 1875 2028 1937 ἐστὶ,
2056 1875 2471 1946 συγχωρήσαιμ⁹
2500 1877 2566 1930 ἄν
2618 1896 2700 1931 σοι
2755 1879 2849 1931 καὶ
2892 1878 3152 1932 Πλάτωνα
3188 1880 3283 1933 καλ.
3330 1880 3477 1947 Ἀρι-

1892 1966 2113 2037 στοτέλη
2147 1966 2337 2037 ληρεῖν
2364 1968 2589 2038 ὁμοίως.
2626 1968 2691 2022 Τί
2715 1969 2825 2041 γάρ
2859 1969 2925 2023 ἂν
2953 1972 3047 2023 καὶ
3078 1969 3272 2039 ὄφελος
3300 1971 3475 2038 γένοι-

1890 2074 1970 2124 το,
1998 2057 2259 2129 ὁποτέρου
2293 2061 2506 2113 τούτοιν
2556 2060 2719 2114 πλέον
2764 2061 3182 2130 εὐδοκιμοῦντος
3213 2078 3229 2128 ;
3269 2061 3331 2114 οἳ
3377 2062 3477 2127 τῆς

1891 2151 2335 2221 κερδαλεωτάτης
2364 2153 2621 2222 ἀληθείας
2655 2155 2752 2225 οὐχ
2776 2150 2878 2208 οἷοί
2916 2172 2973 2207 τε
3004 2154 3254 2223 ἐγένοντο
3293 2155 3326 2225 ἢ
3378 2154 3479 2207 οὐκ

1890 2245 2121 2315 ἡξίωντο
2169 2249 2388 2318 τυχεῖν’
2435 2247 2464 2301 δ
2517 2248 2671 2317 σφίσι
2706 2266 2765 2301 τε
2800 2250 2985 2311 αὐτοῖς
3016 2249 3108 2303 καὶ
3139 2251 3252 2312 τοῖς
3296 2248 3482 2309 ἄλλοις

1892 2340 2063 2393 αῖτιον
2093 2339 2283 2407 γέγονε
2313 2339 2407 2392 τοῦ
2440 2339 2533 2393 καὶ
2564 2340 2692 2410 περὶ
2730 2340 2837 2393 τῶν
2867 2340 3067 2403 ἄλλων,
3122 2339 3222 2393 ὅσα
3271 2339 3480 2392 ἐλάττω

1889 2428 2149 2500 τυγχάνει
2189 2427 2268 2499 τῷ
2320 2428 2470 2495 γένει
2526 2428 2675 2492 ὄντα,
2714 2429 2873 2483 ἀλλον
2922 2432 2979 2483 ἐν
3011 2429 3155 2500 ἄλλῳ
3183 2428 3277 2482 τοῦ
3326 2429 3479 2492 ὄντος

1890 2521 2236 2594 διαμαρτεῖν.
2304 2520 2446 2575 Ἀλλ’
2478 2519 2532 2573 εἴ
2580 2522 2632 2574 τί
2688 2538 2754 2589 γε
2802 2522 2910 2590 ἄρα
2946 2522 3042 2576 καὶ
3077 2524 3341 2593 χρήσιμοι
3366 2524 3479 2584 τοῖς

1891 2616 2194 2686 χρωμένοις
2252 2614 2503 2668 δύναιντο
2554 2608 2717 2679 εἶναι,
2757 2613 2913 2668 τοῦτο
2967 2617 3061 2669 καὶ
3111 2615 3243 2686 παρ’
3274 2615 3479 2688 ἐτέρων

1893 2707 2076 2760 λαϐεῖν
2098 2705 2234 2772 ἔστι,
2289 2707 2612 2777 προαιρέσει
2663 2706 2764 2775 μὲν
2798 2706 2910 2769 τοῖς
2943 2708 3160 2772 πολλοῖς
3192 2708 3291 2761 οὐκ
3317 2708 3478 2760 εὐπε-

1894 2799 2148 2869 τεστέρᾳ,
2199 2799 2407 2870 σπουδῇ
2454 2798 2510 2851 δὲ
2540 2792 2804 2853 ἐλάττονι.
2836 2793 2997 2854 Οὗτοι
3038 2800 3083 2853 δ’
3118 2802 3281 2867 εἰσίν,
3312 2801 3362 2854 οἳ
3401 2801 3482 2867 τῷ

1895 2895 1995 2964 τῆς
2039 2894 2192 2965 ἱερᾶς
2247 2894 2598 2958 διδασκαλίας
2649 2894 3057 2966 ὲλλαμφθέντες
3114 2898 3276 2966 φωτὶ,
3323 2902 3388 2970 τῇ
3423 2900 3481 2966 ἐξ

1898 2983 2124 3039 ἐκείνων
2185 2986 2347 3058 σοφίᾳ
2398 2985 2588 3058 ὥσπερ
2643 2988 2766 3042 τινά
2819 2990 3217 3061 ἐπιστήσαντες
3274 2991 3481 3062 ταύτην

1898 3077 2291 3146 παιδαγωγὸν,
2354 3078 2508 3133 αὐτοί
2550 3098 2611 3134 τε
2665 3080 2847 3151 πολλῷ
2921 3082 3330 3153 Ἀριστοτέλους
3388 3085 3481 3138 καὶ

206 3176 520 3230 θεοσέϐειοὶν
578 3194 638 3229 τε
668 3174 761 3229 καὶ
797 3174 1143 3246 ἀνθρωπίνην
1165 3175 1331 3247 τιμὴν
1363 3176 1791 3230 ἀντικαταλλάτ-
1819 3162 1864 3221 C
1900 3172 2189 3236 Πλάτωνος
2229 3173 2324 3225 καὶ
2356 3172 2466 3227 τῶν
2522 3175 2724 3243 ὁμοίων
2777 3174 3023 3244 βελτίους
3086 3176 3353 3244 ἐγένοντο,
3388 3182 3481 3232 καὶ

204 3272 413 3334 τεσθαι,
437 3271 465 3323 δ
508 3272 691 3341 ληρεῖν
717 3287 862 3334 τινες
907 3270 1007 3323 οὐκ
1033 3268 1277 3336 ὀκνοῦσι,
1307 3270 1415 3323 τῶν
1446 3270 1791 3340 πραγμάτων

202 3363 387 3426 αὐτοῖς
418 3363 929 3431 ἀντιφθεγγομένων
957 3404 972 3428 ,
1020 3363 1272 3416 κυνιδίων
1302 3364 1378 3426 ὡς
1407 3362 1622 3432 ἀληθῶς
1672 3364 1795 3416 ἐπι-

202 3455 548 3524 δεικνύμενοι
597 3455 921 3526 προαίρεσίν
976 3471 1036 3507 τι
1067 3455 1162 3508 καὶ
1189 3454 1442 3523 δύναμιν,
1474 3454 1554 3507 ὅτι
1583 3455 1676 3508 τὸν
1702 3453 1792 3507 θυ-

206 3547 307 3615 μόν
327 3550 389 3600 ἐν
414 3549 529 3608 ταῖς
558 3547 869 3616 λοιδορίαις,
907 3546 981 3608 ὼς
1021 3546 1204 3598 ἐκεῖνα
1240 3548 1362 3608 ταῖς
1386 3545 1635 3610 ὑλακαῖς,
1672 3544 1779 3609 ἐξε-

205 3641 461 3710 μοῦντες,
493 3640 625 3693 πολύ
644 3639 804 3692 πλέον
828 3641 886 3694 ἐν
921 3638 1029 3701 τοῖς
1058 3638 1375 3705 ἀναγκαίοις
1407 3637 1723 3692 ἀπαυδῶσιν
1757 3636 1789 3708 ἢ

200 3733 324 3786 ὅσον
364 3733 421 3786 ἐν
445 3733 565 3795 mh
595 3730 702 3785 τῶν
729 3732 997 3801 περιττῶν
1044 3748 1104 3783 τε
1150 3734 1245 3783 καὶ
1274 3730 1537 3800 χειρόνων
1566 3730 1791 3785 νικῶσιν

200 3823 556 3895 ὑπερϐολαῖς.
593 3824 653 3876 Εἰ
684 3823 729 3877 δ’
756 3824 1116 3892 ἀγανακτοῖεν
1147 3823 1440 3894 πρεσϐείου
1475 3824 1618 3888 τινὸς
1646 3823 1787 3877 εἵνε-

199 3934 289 3982 κα,
326 3916 424 3970 καὶ
460 3916 702 3984 μείζοσιν
724 3916 825 3969 οὐκ
860 3917 1165 3985 όκνήσομεν
1200 3916 1400 3979 αὐτοὺς
1429 3915 1788 3985 παρεικάσαι,

196 4012 318 4071 ταῖς
351 4008 656 4062 ἀλωπεκίσι
714 4007 808 4060 καὶ
851 4008 970 4068 ταῖς
1010 4006 1365 4069 Ἀκταίωνος.
1412 4007 1483 4060 Σὺ
1518 4007 1563 4059 δ’
1613 4007 1701 4059 ἀεί
1730 4024 1791 4059 τε

197 4097 346 4174 ἦσθα
385 4103 442 4155 ἐν
473 4102 585 4163 τοῖς
633 4099 764 4169 περὶ
800 4097 893 4152 τοῦ
923 4098 1450 4168 ἀμφισϐητουμένου
1479 4098 1674 4152 τούτου
1699 4098 1794 4152 λό-

197 4208 316 4261 γοις
349 4191 427 4263 τῷ
455 4191 599 4260 γένει
630 4208 690 4243 τε
726 4191 821 4243 κα¹ι
852 4192 918 4259 τῇ
945 4187 1244 4259 Ἐκκλησία
1271 4190 1465 4259 φίλιος,
1496 4190 1592 4243 καὶ
1617 4190 1791 4243 οὐδενὶ

198 4287 457 4341 οὐδέποτε
492 4284 677 4354 τρόπῳ
723 4280 988 4351 ἐπαχθὴς,
1047 4281 1142 4334 καὶ
1177 4281 1273 4334 νῦν
1302 4280 1593 4350 τεκμηρίῳ
1628 4280 1791 4350 μεγί-

199 4397 311 4451 στῳ
346 4377 492 4432 τοῦτ’
526 4377 732 4441 ἔδειξας
762 4392 777 4407 ·
808 4375 939 4428 ὥστ’
970 4374 1021 4427 εἰ
1052 4374 1144 4428 καί
1178 4390 1327 4436 τινας
1353 4374 1591 4444 πρόσθεν
1614 4371 1792 4426 τοιοῦ-

114 4498 129 4540 ς
196 4487 285 4533 τος
309 4470 390 4523 ὣν
421 4467 713 4538 ἐλελήθεις,
753 4466 938 4528 αὐτοῖς
963 4482 1018 4518 τε
1054 4465 1145 4517 καὶ
1178 4466 1291 4524 τοῖς
1323 4462 1634 4517 διαϐάλλειν
1666 4467 1790 4517 ἐπι-ο
1822 4504 1873 4565 D

197 4562 447 4633 χειροῦσι
502 4560 696 4629 μηκέτ’
742 4560 807 4620 ἀν
858 4557 1059 4623 ἐξεῖναι
1108 4557 1175 4611 τὰ
1210 4557 1315 4609 τῶν
1367 4557 1708 4624 ἀγιοούντων
1755 4557 1787 4628 ἣ

195 4652 670 4708 ἐθελοκακούντων
718 4650 1090 4703 ἐνδείκνυσθαι
1125 4650 1255 4719 περί
1290 4650 1366 4703 σέ.
1411 4649 1532 4713 Πῶς
1587 4649 1678 4703 οὐν
1708 4650 1790 4702 δί-

196 4764 357 4811 καιος
389 4747 453 4800 ἂν
482 4742 550 4816 ἦν
595 4743 899 4812 ἀντιλέγειν
940 4743 1239 4814 ἐπιχειρῶν
1296 4744 1329 4812 ἣ
1364 4742 1678 4813 βασκαίνων
1712 4746 1790 4814 τῷ

195 4841 253 4901 ἐς
278 4838 351 4891 τὰ
386 4835 625 4907 μέγιστά
650 4852 707 4888 τε
743 4835 838 4887 καὶ
868 4833 1177 4886 οἰκειότατα
1223 4832 1609 4903 ξυμμαχοῦντι
1643 4832 1787 4887 οὕτω

196 4911 518 4997 χρησίμωςς
552 4925 614 4978 El
647 4924 757 4995 γάρ
791 4940 857 4995 με
891 4922 983 4976 δύο
1011 4922 1285 4992 φεύγοντα
1307 4923 1481 4989 δίκας,
1505 4924 1786 4995 ἀπήλλατο

196 5034 285 5083 τες
328 5020 429 5090 μὲν
467 5018 569 5087 τῆς
602 5018 865 5087 μεγίστης
889 5017 1294 5086 συναγορεύων,
1348 5021 1444 5070 καὶ
1471 5020 1535 5087 ἣν
1570 5021 1790 5073 πάντων

199 5110 267 5161 ἀν
317 5109 427 5162 τῶν
463 5107 819 5178 ὑπαρχόντων
856 5106 1200 5177 ἡλλαττόμην
1256 5109 1453 5178 νικᾷνσ
1491 5101 1552 5162 οὗ
1604 5109 1652 5162 δ’
1681 5111 1789 5164 ἔδει

201 5219 266 5271 με
300 5202 467 5271 μηδέν
501 5219 552 5253 τι
579 5200 766 5270 σχεδὸν
818 5198 1152 5269 βλάπτεσθαι
1181 5199 1565 5268 ἐπεϐούλευες,
1596 5203 1627 5273 ῆ
1660 5203 1788 5256 διώ-

198 5310 310 5347 κων
342 5294 374 5363 ἢ
413 5294 490 5363 τῷ
518 5294 769 5346 διώκοντι
811 5294 1205 5362 συνιστάμενος
1230 5310 1243 5324 ο
1275 5289 1365 5363 ἆρ’
1393 5295 1678 5363 εὐγνῶμον
1723 5297 1788 5349 ἂν

195 5380 282 5454 ἦν,
316 5387 520 5454 ἀφέντα
552 5403 634 5438 σοι
689 5387 850 5455 χάριν
906 5386 1108 5437 εἰδέναι
1142 5380 1216 5438 ὧν
1264 5385 1609 5450 ἐσπούδακας
1643 5389 1786 5458 ὠφε-

196 5476 330 5541 λεῖν,
358 5478 639 5549 ἐλαχίστου
672 5478 1008 5547 ἀδικήματος
1062 5482 1427 5547 μνησικακεῖν
1474 5498 1531 5533 τε
1564 5484 1654 5533 καὶ
1689 5485 1782 5536 ἀν-

196 5572 505 5636 τεπεξιέναι
552 5570 887 5641 πειρᾶσθαις
935 5569 1137 5624 Πολλοῦ
1170 5587 1230 5638 γε
1265 5572 1356 5623 καὶ
1382 5571 1479 5627 δεῖ.
1514 5574 1579 5629 El
1606 5575 1659 5627 δὲ
1688 5578 1783 5631 καὶ

269 5773 347 5839 (ί)
388 5771 519 5824 (Ῐωιί.
563 5767 641 5833 οἷς
701 5770 853 5821 Οὐδέν
906 5789 977 5835 τι,

1051 5772 1191 5841 quod
1260 5787 1359 5828 nos
1413 5775 1774 5845 coniectando

199 5844 635 5899 mnendavimus.
677 5845 845 5895 Mm.

1894 3264 2023 3327 τούς
2055 3263 2481 3330 συγγινομένους
2535 3265 2717 3319 αὐτῶν
2767 3270 2889 3332 ταῖς
2952 3267 3156 3337 βίϐλοις
3205 3269 3483 3333 τοιούτους

1896 3355 2131 3413 ποιοῦσι.
2172 3358 2284 3411 Καὶ
2318 3357 2503 3411 πολλοί
2529 3375 2591 3427 γε
2624 3359 2691 3414 δι’
2732 3360 2914 3414 αὐτῶν
2963 3361 3195 3415 τοιοῦτοι
3229 3364 3485 3435 γεγένην-

1894 3466 2005 3514 ται,
2041 3444 2143 3501 οἷοι
2194 3450 2268 3519 μὴ
2299 3451 2383 3504 ὅτι
2438 3450 2550 3505 τῶν
2581 3452 2911 3523 εἰρημένων,
2973 3452 3109 3507 ἁλλά
3143 3456 3235 3509 καὶ
3273 3455 3481 3527 Ἐρμοῦ

1894 3542 2057 3597 αὐτοῦ
2094 3543 2188 3597 καὶ
2231 3543 2567 3608 Ἀπόλλωνος
2596 3548 2688 3600 καὶ
2731 3547 2991 3613 Μουσῶν,
3018 3549 3111 3601 καὶ
3143 3550 3364 3603 πάντων
3398 3549 3484 3619 ἐφ’

1894 3635 1985 3699 οὓς
2018 3637 2050 3706 ἡ
2108 3636 2398 3709 Ἑλληνικὴ
2431 3638 2693 3710 ἀναφέρει
2740 3640 2921 3707 σοφία,
2988 3640 3252 3710 πάμπολυ
3287 3642 3485 3711 ὐπερε-

1893 3730 2129 3797 νεγκεῖν.
2162 3730 2242 3783 Τὰ
2298 3729 2395 3794 μὲν
2421 3730 2531 3801 γὰρ
2560 3732 2669 3784 τῶν
2707 3732 2840 3801 παρ’
2875 3732 3136 3804 Ἕλλησιν
3192 3735 3286 3787 ἐπὶ
3321 3734 3483 3803 σοφία

1895 3822 2126 3891 πρώτων
2159 3822 2296 3891 ἔργα
2322 3821 2431 3873 τῶν
2461 3840 2525 3891 γε
2568 3823 2849 3885 πλειόνων,
2907 3826 3002 3877 καὶ
3054 3826 3163 3877 τῶν
3195 3825 3304 3878 τῶν
3344 3843 3485 3893 φαυ-

1894 3911 2133 3965 λοτάτων
2194 3914 2419 3966 ἰδιωτῶν
2482 3916 2649 3985 χείρω
2693 3911 2784 3987 ἦν,
2826 3915 2901 3986 τῷ
2942 3917 3038 3985 τὴν
3080 3917 3179 3985 μὲν
3245 3918 3377 3987 περὶ
3420 3919 3482 3970 τὸ

1895 4005 2152 4075 αἰσθητὸν
2182 4005 2328 4057 ἀπαν
2358 4005 2647 4077 διατριϐὴν
2692 4009 2769 4077 μὴ
2812 4008 3073 4060 δύνασθαι
3102 4011 3169 4078 τῇ
3210 4010 3480 4080 μετουσία

1894 4095 1989 4149 τοῦ
2020 4098 2337 4166 κρείττονος
2364 4098 2456 4149 καὶ
2495 4100 2559 4167 τῇ
2586 4098 2680 4149 τοῦ
2714 4098 2868 4161 ὄντος
2896 4098 3063 4152 καλοῦ
3092 4100 3235 4172 θήρᾳ
3266 4102 3356 4154 τὸν
3383 4101 3478 4155 ἄνα

1897 4188 2121 4259 θρωπον
2153 4191 2551 4258 προσαγαγεῖν,
2588 4191 2683 4243 καὶ
2714 4193 2761 4243 εἰ
2796 4190 3151 4262 θεωρητικῶς
3184 4194 3312 4264 περὶ
3342 4194 3479 4249 αὐτά

1899 4282 2063 4351 μόνον
2100 4283 2389 4351 στρέφοιτο
2416 4284 2545 4337 ἄνευ
2581 4284 2675 4336 τοῦ
2704 4284 2903 4354 ἥκιστα
2934 4286 3114 4341 αὐτῶν
3137 4286 3483 4356 ἐφάπτεσθαι

1897 4374 1995 4427 καὶ
2029 4376 2096 4444 τῇ
2126 4374 2382 4434 αἰσθήσει
2404 4392 2415 4405 ’
2454 4376 2582 4446 περὶ
2615 4376 2671 4429 δέ
2702 4395 2765 4446 γε
2800 4378 2909 4430 τῶν
2947 4381 3154 4448 νοητῶν
3192 4380 3359 4451 μηδὲν
3383 4383 3484 4434 αὐ-

1898 4470 2011 4531 τοῖς
2054 4468 2224 4537 σαφὲς
2244 4465 2389 4523 εἶναι
2422 4473 2551 4540 περὶ
2580 4471 2704 4524 ὅτου
2734 4471 2799 4524 ἂν
2825 4473 2917 4525 καὶ
2961 4472 3117 4538 ἐλπίς
3144 4492 3231 4539 τις
3274 4477 3357 4545 είη
3393 4476 3485 4545 βε-

1903 4563 2032 4615 ϐαία
2076 4561 2219 4615 οὕτω
2254 4563 2345 4616 καὶ
2395 4562 2543 4634 ἔχειν
2588 4564 2663 4627 ῶς
2712 4566 2806 4619 ὐπ’
2842 4567 3027 4622 αὐτῶν
3077 4570 3342 4636 ἔγνωστο,
3371 4569 3485 4621 ἀλλ’

1900 4654 2089 4725 ὥσπερ
2119 4655 2284 4725 ἄλλην
2310 4656 2434 4709 τινα
2464 4659 2573 4710 τῶν
2608 4658 2955 4729 ἐπιστημῶν,
2990 4658 3136 4713 οὕτω
3172 4660 3235 4731 δὴ
3265 4661 3359 4713 καὶ
3389 4660 3488 4731 τὴν

1900 4750 2025 4817 περὶ
2062 4748 2171 4799 τῶν
2204 4746 2367 4800 θείων
2408 4748 2671 4818 ἀσκῆσαι,
2705 4749 2800 4801 καὶ
2832 4748 3017 4821 πολλῷ
3048 4753 3252 4819 χεῖρον,
3288 4752 3397 4822 ὅσῳ
3421 4751 3486 4821 δὴ

1900 4842 1992 4891 καὶ
2038 4840 2225 4909 ἥττονι
2263 4840 2623 4910 βεϐαιότητι·
2657 4836 2800 4893 εἶναι
2846 4840 2944 4909 μέν
2994 4858 3119 4894 τινα
3146 4842 3255 4896 τῶν
3300 4860 3487 4912 φαινο-

1903 4933 2085 5002 μένων
2122 4932 2304 5002 πολλῷ
2359 4932 2596 5004 κρείττω
2638 4934 2734 4985 καὶ
2767 4934 2947 4987 αὐτῶν
2980 4935 3157 4997 ἐνίους
3191 4936 3487 5005 ὐπειληφό·
3548 4954 3551 4957 ‘

1898 5046 2018 5094 τας,
2058 5026 2283 5080 τοιαῦτα
2314 5026 2379 5089 δ’,
2409 5020 2497 5077 οἷα
2526 5025 2690 5090 αὐτὸς
2733 5025 2963 5091 ἕκαστος
2993 5029 3297 5101 ὑπείληφεν
3321 5024 3483 5094 εἶναι,

1898 5119 1961 5172 ἔκ
1990 5137 2151 5172 τινων
2185 5117 2373 5188 μύθων
2402 5118 2435 5183 ἢ
2473 5116 2582 5169 τῶν
2623 5119 2841 5172 οἰκείων
2879 5120 3224 5191 προλήψεων,
3267 5123 3360 5174 καὶ
3389 5124 3487 5192 ἀρ-

1897 5213 2028 5283 χῶν,
2074 5211 2138 5275 ἀς
2187 5228 2317 5264 ποτε
2377 5210 2755 5281 ἀληθεστέρας
2801 5211 2911 5265 τῶν
2957 5212 3134 5267 ἄλλων
3192 5214 3486 5282 τυγχάνειν

1898 5303 2058 5375 ᾤετο,
2088 5302 2449 5374 ὡρμημένος.
2480 5304 2677 5357 Λαθεῖν
2710 5305 2766 5357 δὲ
2790 5304 2899 5357 οὐδ’
2929 5304 3127 5367 αὐτοὺς
3158 5305 3402 5367 ἐκείνους
3426 5304 3485 5355 τὺ

1899 5398 2066 5467 μηδὲν
2110 5397 2299 5448 πιστὸν
2348 5395 2492 5466 ἔχειν
2527 5397 2655 5466 περὶ
2703 5397 2907 5463 αὐτῶν,
2939 5399 2986 5449 εἰ
3019 5397 3092 5467 μὴ
3138 5399 3195 5459 ἐς
3229 5398 3353 5449 ὅσον
3390 5396 3487 5450 καὶ

1892 5492 1957 5560 τῇ
1988 5491 2096 5541 τῶν
2128 5488 2355 5541 ἰδιωτῶν
2388 5488 2568 5560 πλάνῃ
2600 5488 2923 5559 ἐκέχρηντο,
2983 5488 3348 5559 χρηστηρίοις
3388 5490 3485 5541 καὶ

1896 5585 2013 5645 ταῖς
2050 5584 2263 5633 ἐκεῖθεν
2313 5581 2676 5651 προσέχοντες
2726 5580 3029 5650 ἀφορμαῖς,
3063 5580 3163 5631 οὐκ
3205 5578 3485 5648 ἐξηπατη-

1959 5781 2033 5849 (2)
2096 5780 2231 5845 Quia
2289 5793 2481 5845 nempe
2530 5781 2835 5830 σκώπτεται
2894 5774 2972 5837 είς
3024 5772 3382 5844 ἀναισθησίαιι
3447 5775 3491 5841 ἡ

1888 5852 2053 5913 Κύμη
2115 5850 2345 5913 (κακὼ.)
2379 5849 2551 5905 Ausx.

3889 4860 3891 4923 ι

3886 4996 3889 5095 ἰ
