3932 6458
311 354 412 419 605

1402 356 1522 417 EPI
1535 354 1773 415 STOLA
1812 356 1916 416 AD
1956 356 2455 420 PLETHUNEM.

3437 363 3544 426 606

300 488 425 545 ,χετο
451 466 678 538 δυνάμει
711 466 921 536 μείζονι
966 473 1246 543 νικωμένη
1270 489 1285 505 ο
1316 474 1344 527 ὁ
1374 473 1429 527 δέ
1476 471 1704 543 φυσικὸς
1740 474 1871 527 ύπε-
1899 482 1944 537 Α
1970 489 2146 538 τινας,
2170 475 2264 527 καί
2285 490 2439 539 τινας
2461 473 2655 533 ἄλλους
2679 475 2891 546 χαίρειν
2916 475 3125 540 αὐτοῖς,
3144 474 3239 529 νῦν
3265 476 3365 544 μέν
3388 476 3545 531 αὐτοί

304 564 463 634 χώρει
492 561 649 629 λόγος
683 562 798 623 τοῖς
832 562 973 616 κατά
1020 563 1183 632 φύσιν
1215 565 1519 632 ἀπιθάνοις,
1571 568 1863 633 πειστικῆς

301 671 440 717 τινος
487 653 711 724 χάριτος
763 652 949 708 θεόθεν
1000 656 1431 728 συνεγχεομένης
1485 657 1565 720 είς
1615 656 1712 720 τάς
1756 655 1866 710 τῶν

302 744 601 817 ἀνθρώπων
623 745 821 815 ψυχάς.

368 836 636 889 Τοιούτων
665 839 721 890 αί
754 837 898 907 ἱεραὶ
936 838 1109 907 βίϐλοι
1134 837 1492 909 διηγημάτων
1529 839 1625 893 καὶ
1653 839 1860 909 δογμά-

299 947 401 982 των
427 928 746 996 ἀνάμεστοι,
780 931 918 1000 μηδέ
945 932 1045 1000 τῆς
1073 931 1132 984 ἐν
1160 932 1239 1002 τῷ
1273 932 1415 1001 λόγῳ
1442 932 1667 1003 χάριτος
1704 934 1862 1002 ἀμοι-

298 1020 483 1090 ροῦσαι
514 1020 720 1072 τούτων
759 1023 813 1074 αί
841 1022 1082 1088 πλείους,
1123 1024 1217 1077 καὶ
1246 1024 1305 1077 τὸ
1340 1025 1437 1094 μὲν
1458 1024 1863 1095 δηλητηριῶδες

305 1112 712 1183 Ἀριστοτέλους
778 1114 872 1167 καὶ
905 1113 1191 1178 Πλάτωνος
1239 1116 1657 1185 διαπεφευγυῖαι
1691 1118 1751 1170 τὸ
1805 1118 1863 1171 δέ

289 1204 491 1274 τέρπον
519 1206 843 1276 ἀνεπαχθῶς
871 1224 931 1261 τε
987 1210 1079 1261 καὶ
1122 1209 1419 1274 ἀκινδύνως
1454 1212 1565 1272 τοῖς
1606 1226 1861 1280 μεταχει-

294 1294 543 1362 ρίζουσιν
591 1297 689 1367 οὐχ
741 1294 903 1371 ἦττον
933 1299 1162 1353 ἐκείνων
1201 1301 1575 1357 ἀποδιδοῦσαι.
1602 1295 1703 1355 Ὧν
1748 1303 1862 1365 τοῖς

288 1388 568 1457 Πατράσιν
589 1389 777 1461 ὥσπερ
799 1392 909 1444 τισὶ
934 1393 1027 1445 καὶ
1058 1391 1419 1464 ύποδείγμασι
1448 1392 1726 1464 χρώμεθα,
1747 1395 1857 1448 τῶν

286 1480 513 1547 ἀγαθῶν
560 1482 784 1537 ἐκείνων
829 1484 926 1555 τῆς
948 1486 1259 1554 οίκονομίας
1314 1486 1598 1556 ἐγγυτέρω
1631 1503 1858 1556 γεγενη-

286 1571 475 1638 μένοις
495 1588 509 1601 ⁶
540 1574 626 1626 ὅτε
773 1578 867 1629 καὶ
925 1577 1288 1649 πιθανότητος
1320 1579 1420 1647 μέν
1452 1597 1503 1632 τι
1539 1582 1753 1649 προσῆν
1776 1580 1858 1634 ἐτι

282 1665 397 1728 τοῖς
433 1643 721 1731 Πλάτωνος
761 1667 973 1738 μύθοις,
1008 1672 1058 1723 εί
1106 1643 1398 1740 δὲ’βούλει,
1434 1673 1528 1725 καὶ
1556 1643 1663 1726 τῶν
1689 1643 1855 1726 αὐτοῦ

281 1757 508 1811 πάντων
562 1759 834 1829 ὁμιλητῶν
891 1761 1011 1833 μετ’
1053 1763 1479 1834 Ἀριστοτέλους,
1513 1765 1577 1818 ἐκ
1616 1766 1713 1835 τῆς
1763 1782 1857 1818 σα-

1968 578 2027 614 τε
2065 562 2339 615 συνοίδασι
2366 564 2463 616 καὶ
2515 564 2700 616 πολλοὶ
2740 564 2862 636 μετ’
2906 565 3090 619 αὐτῶν
3114 580 3131 596 θ
3162 564 3328 630 δείξει
3357 565 3413 619 δέ
3445 568 3542 621 καὶ

1975 654 2143 708 πᾶσιν
2176 655 2204 706 ὁ
2237 653 2428 723 χρόνος
2458 656 2488 707 ό
2522 670 2773 725 φανερων
2795 656 2862 709 τά
2890 654 3031 719 τέως
3059 658 3438 727 κρυπτόμενα.

2055 744 2217 798 Ἀλλά
2250 745 2315 799 σύ
2346 762 2411 814 γε
2445 748 2507 800 ού
2543 748 2792 817 σμικρῶς
2815 750 2960 819 ἡμᾶς
2992 747 3286 819 εὔφρανας,
3316 751 3408 803 τὸν
3446 751 3547 821 μὲν

1971 833 2082 889 τῶν
2116 834 2387 906 Ἐλλήνων
2416 836 2594 898 ἐκθεὶς
2618 837 2782 907 λῆρον
2810 839 2913 909 (2),
2935 839 3044 893 οὐδ’
3071 840 3203 903 ίσως
3229 840 3545 910 παρέργως,

1972 927 2047 989 ώς
2078 926 2166 992 ἂν,
2210 927 2267 980 εί
2290 944 2434 990 τινες
2472 928 2634 981 αὐτὸν
2666 929 2986 997 ἀγνοοῦντες
3029 931 3122 984 ὑπ’
3146 932 3306 986 ἐνίων
3344 930 3549 997 ἐξαπαο

1970 1018 2166 1090 τῷντο,
2199 1018 2422 1089 μάθοιέν
2444 1038 2503 1073 τε
2532 1020 2624 1074 καὶ
2652 1025 2973 1089 καταγνοῖεν
2996 1039 3010 1054 ·
3046 1022 3155 1077 ἀπὸ
3176 1022 3269 1092 τῆς
3293 1023 3465 1091 αὐτῆς
3490 1022 3548 1075 δέ

1969 1113 2352 1183 ὁρμωμένους,
2375 1115 2451 1179 ὡς
2479 1114 2713 1186 ἔφησθα,
2736 1116 2830 1170 καὶ
2850 1116 3111 1180 Λατίνους
3128 1117 3309 1179 αὐτοῖς
3337 1115 3506 1169 ύποθέ
3530 1145 3547 1157 -

1972 1221 2113 1267 σεως
2156 1207 2216 1259 ἐν
2259 1204 2338 1275 τῷ
2369 1206 2503 1278 παρ⁹
2529 1206 2713 1262 αὐτῶν
2768 1208 3073 1277 πεμφθέντι
3118 1224 3199 1260 σοι
3234 1209 3543 1279 γράμματι,
3597 1249 3608 1265 .

1968 1297 2149 1365 δείξας
2200 1300 2231 1370 ἢ
2279 1300 2458 1371 μάτην
2499 1300 2769 1371 Ἑλλήνων
2820 1302 3166 1370 κατηγορεῖν,
3196 1299 3231 1370 ἢ
3290 1303 3402 1363 τοῖς
3448 1301 3548 1353 αύ-

1970 1390 2086 1454 τοῖς
2134 1392 2533 1464 ἐνεσχημένους
2579 1393 2677 1447 καὶ
2723 1395 2862 1461 σφᾶς
2912 1395 3153 1461 ἀγνοεῖν.
3192 1393 3265 1446 Ού
3312 1396 3420 1462 γάρ
3464 1393 3542 1447 ἔτι

1966 1482 2157 1535 λοιπὸν
2196 1486 2348 1552 χώρα
2399 1485 2512 1544 τοῖς
2552 1485 2653 1556 τὴν
2685 1484 2782 1556 σὴν
2812 1484 2991 1555 ψυχὴν
3024 1483 3394 1548 διαϐάλλουσι,
3443 1485 3541 1537 καὶ

1968 1573 2184 1642 φρονεῖν
2239 1589 2300 1625 σε
2350 1572 2804 1645 ίσχυριζομὲνοις,
2852 1569 2928 1628 ὧν
2982 1575 3047 1645 δὴ
3105 1575 3200 1628 καὶ
3257 1572 3543 1643 προδήλως

1965 1664 2125 1733 φαίνῃ
2156 1667 2518 1737 καταφρονῶν
2538 1683 2552 1695 ⁵
2585 1668 2706 1722 οὐδὲ
2759 1667 3040 1721 πιστεύσει
3088 1684 3175 1730 τις
3207 1665 3396 1727 αὐτοῖς
3427 1665 3540 1717 τῶν

1964 1757 2186 1811 εἰδότων
2206 1758 2376 1811 ταῦτα
2402 1759 2464 1828 δὴ
2499 1759 2563 1813 τά
2597 1761 2734 1829 πρὸς
2757 1759 3023 1823 Λατίνους
3049 1775 3131 1816 σοι
3154 1759 3538 1827 γεγραμμένα.

280 1852 434 1922 πρᾶς
462 1827 678 1923 ἐκείνης
712 1827 810 1907 καὶ
846 1827 1130 1919 σκιώδους
1169 1827 1500 1927 σεμνότητος
1526 1875 1539 1889 ·
1589 1827 1743 1911 αὐτοὶ
1799 1859 1855 1912 δὲ
1890 1827 1930 1883 Β
1964 1851 2073 1905 Καὶ
2107 1849 2305 1919 ἔγωγε,
2350 1851 2423 1921 νὴ
2453 1827 2552 1922 τὴν
2584 1827 2736 1923 ίεράν
2783 1853 3067 1922 ἀλήθειαν,
3096 1852 3315 1906 ἐδόκουν
3340 1851 3402 1919 δὴ
3442 1852 3542 1904 καὶ

276 1943 358 2014 τῷ
385 1945 527 2014 φωτὶ
566 1947 664 2015 τῆς
711 1948 855 2001 κατά
903 1948 1141 2015 Χριστὸν
1180 1948 1458 2019 ἀληθείας,
1493 1950 1858 2020 ύπερνικῶντι

276 2037 373 2089 καὶ
406 2037 684 2093 σϐεννύντι
718 2040 816 2109 τὴν
841 2040 1263 2115 δεισιδαιμονίαν
1291 2042 1506 2111 ἐκείνην
1537 2043 1631 2095 καὶ
1661 2044 1863 2113 ὑπερο-

278 2126 510 2196 ρίξοντι,
548 2129 621 2201 μὴ
669 2132 789 2194 ταῖς
825 2132 888 2183 ἐκ
934 2132 1041 2185 τῶν
1082 2132 1429 2203 πραγμάτων
1486 2134 1646 2203 μόνον
1689 2135 1859 2202 ἀνάγο

272 2237 411 2283 καις
440 2223 535 2274 καὶ
578 2224 688 2285 ταῖς
713 2222 919 2277 ἀνωθεν
952 2226 1234 2295 κατοχαῖς,
1268 2224 1401 2279 ἀλλά
1447 2226 1544 2278 καὶ
1578 2226 1856 2296 λογισμῶν

271 2316 463 2385 κρίσει
490 2319 599 2371 δεῖν
628 2317 796 2389 ᾤοντο
842 2319 1112 2385 σώζεσθαι
1149 2322 1476 2390 τεθειμένοι.
1505 2323 1612 2375 Καὶ
1642 2323 1717 2385 ώς
1748 2340 1857 2374 παι-

272 2404 644 2475 ραδείγμασιν
705 2404 799 2461 οὖν
848 2410 1034 2473 αὐτοῖς
1078 2412 1418 2481 κεχρημένοι
1477 2415 1571 2466 καὶ
1634 2412 1855 2466 κανόσιν

267 2493 665 2564 ἀδιαψεύστοις
692 2498 801 2551 τῶν
853 2504 1312 2571 σωφρονεστέρων
1347 2504 1476 2571 περὶ
1530 2502 1627 2571 τῆς
1656 2504 1855 2573 ἡμετέ-

268 2603 384 2655 ρας
431 2588 663 2651 εὐζωῖας
722 2591 968 2657 ἐλπίδων,
1022 2593 1123 2646 ούκ
1179 2594 1246 2647 ἂν
1304 2595 1706 2661 Ἀριστοτέλους
1756 2598 1853 2648 καὶ

265 2674 573 2739 Πλάτωνος
601 2679 701 2731 ύπε
712 2679 897 2748 ραλγσῖ
903 2699 1001 2749 μεν
1028 2683 1123 2737 ὑπ’
1145 2682 1389 2753 ἀλλήλων
1410 2686 1817 2755 ἀναιρουμένων
1836 2700 1854 2719 ⁸

259 2767 567 2837 χαίροιμεν
599 2770 644 2823 δ’
665 2769 731 2825 ἂν
758 2772 968 2843 καὶτῆς
999 2775 1057 2836 ἐς
1083 2774 1150 2828 τά
1185 2774 1420 2845 κρείττω
1451 2776 1562 2830 τῶν
1597 2777 1855 2848 μαθημά-

260 2878 393 2914 των
421 2862 768 2931 ἀμϐλύτητος
800 2865 986 2934 σφίσιν
1018 2867 1122 2919 ὑπὸ
1155 2867 1266 2920 τῶν
1315 2869 1375 2920 ἐκ
1401 2868 1643 2941 Χριστοῦ
1681 2887 1853 2939 φωτι-

266 2953 521 3007 σθέντων
554 2956 947 3028 ἐλεγχομένης.
983 2960 1181 3014 Καίτοι
1214 2961 1311 3015 καί⁸
1369 2961 1705 3034 συγγνώμην
1754 2964 1853 3018 αύ-

258 3049 388 3108 τοῖς
418 3065 540 3100 τινα
588 3050 869 3123 νεμόντων
900 3052 1115 3123 ἀκήκοα
1146 3053 1325 3123 λόγων
1377 3054 1685 3126 ἱερωτέρων
1713 3055 1848 3124 ἐγώ.

273 3138 434 3192 Ἀλλ’
484 3142 539 3195 εί
563 3160 706 3206 τινες
760 3142 856 3197 νῦν
904 3144 972 3198 τά
1025 3148 1210 3217 σαπρά
1246 3147 1520 3219 Ἑλλήνων
1569 3151 1854 3203 ἀνανεοῖεν

257 3229 332 3300 λη
345 3231 593 3300 ρήματα,
620 3234 851 3298 τούτους
880 3237 1048 3305 φασὶν
1077 3238 1137 3290 ἐν
1184 3238 1556 3311 άτυγγνώστῳ
1586 3242 1853 3296 καλινδεῖ-

257 3324 402 3377 σθαι
436 3323 513 3394 τῷ
536 3326 742 3394 ψεύδει.
771 3329 927 3383 Μετά
961 3330 1070 3401 γὰρ
1099 3330 1198 3402 τὴν
1223 3333 1486 3405 λαμπράν
1512 3334 1609 3403 τῆς
1650 3338 1854 3406 μοναρ-

255 3418 401 3488 χίας
453 3419 751 3486 ἀπόδειξιν,
776 3421 841 3492 ἢν
896 3424 1095 3477 ἐκεῖνοι
1130 3425 1251 3495 μὲν,
1284 3429 1404 3492 ταῖς
1438 3428 1853 3498 ἐπεισαγωγαῖς

251 3511 380 3569 τῶν
404 3511 773 3583 ψευδωνύμων
805 3515 1158 3585 ἀναιροῦντες
1188 3517 1349 3582 θεῶν,
1392 3522 1504 3583 τοῖς
1537 3520 1721 3590 λόγοις
1752 3524 1850 3592 μό-

249 3621 381 3667 νοις
413 3605 638 3673 ἐτίμων,
676 3608 703 3659 ὁ
737 3607 792 3660 δέ
838 3610 933 3661 τοῦ
977 3609 1114 3662 Θεοῦ
1153 3614 1410 3683 συμφυὴς
1452 3616 1548 3668 καὶ
1580 3615 1851 3687 ούσιώδης

250 3696 469 3762 Λόγος,
502 3698 641 3767 μετά
676 3699 782 3751 τῶν
814 3699 1119 3768 ἀνθρώπων
1161 3706 1550 3773 γεγενημένος,
1575 3707 1849 3777 ἀναμφισ-

249 3789 526 3861 ϐητήτως
580 3790 674 3845 καὶ
710 3793 965 3864 καθαρῶς
1006 3795 1286 3848 πιστεύειν
1333 3796 1562 3862 ἐδίδαξε,
1597 3798 1701 3850 ποῦ
1750 3797 1847 3851 νῦν

247 3883 423 3935 ὅσιον
455 3882 611 3948 αὖθις
650 3883 938 3947 θεοποιεῖν,
976 3884 1072 3938 καὶ
1125 3886 1225 3956 τὴν
1280 3887 1568 3955 ἀλόγιστον
1626 3890 1849 3959 ἐκείνην

247 3974 554 4028 θεοποιίαν
601 3976 985 4046 ἀναζωπυρεῖν
1036 3977 1459 4049 ἀπεσϐεσμένην
1515 3980 1847 4051 πειρᾶσθαι,

249 4069 361 4121 καὶ
405 4065 546 4119 θεῶν
579 4084 741 4121 τινων
795 4069 1254 4140 ἀναγνω,οισμοῦς
1295 4073 1357 4124 ἐκ
1409 4073 1736 4142 φιλοσοφίας
1769 4074 1849 4144 (ί)

250 4159 421 4229 ὑπὲρ
485 4158 583 4228 τὴν
638 4161 878 4232 ποιητῶν
930 4162 1261 4231 διάστροφον
1320 4163 1575 4234 γνώμην,
1608 4167 1699 4218 καὶ
1727 4167 1850 4233 ἀγι-

250 4252 460 4315 στείας
507 4251 809 4316 εὐσταλεῖς,
850 4253 924 4316 ώς
957 4255 1109 4306 αὐτοί
1143 4273 1298 4323 φασι,
1327 4255 1423 4308 καὶ
1475 4256 1672 4325 νόμους
1701 4256 1848 4326 ἠθῶν

243 4346 360 4399 καὶ
406 4343 619 4414 διαίτης
669 4345 757 4413 ὑφ’
795 4346 1027 4414 ἡγεμόνι
1086 4347 1425 4420 Ζωροάστρῃ
1456 4349 1551 4401 καὶ
1599 4349 1847 4403 Πλάτωνι

249 4439 364 4492 καὶ
405 4440 517 4500 τοῖς
544 4437 607 4489 ἐκ
634 4439 816 4502 στοᾶς,
854 4439 947 4491 καὶ
979 4439 1235 4509 τοιαύτην
1260 4442 1385 4492 τινὰ
1414 4440 1591 4509 λόγων
1616 4441 1848 4513 ὁμίχλην

1963 1942 2248 2005 Πλάτωνος
2275 1944 2495 1997 ἀκούειν
2520 1945 2689 1998 αὑτοῦ
2715 1947 2810 1999 καὶ
2845 1945 3254 2016 Ἀριστοτέλους
3279 1944 3450 1999 πολλά
3480 1961 3539 1998 τε

1964 2033 2336 2103 μεμφομένων
2363 2035 2460 2088 καὶ¹
2493 2035 2741 2104 βοώντων
2772 2034 2875 2089 ὑπὸ
2904 2034 3014 2089 σοῦ
3050 2036 3118 2089 τὰ
3154 2035 3385 2105 μέγιστα
3427 2035 3543 2105 ἠδι-

1963 2126 2188 2196 κῆσθαι,
2226 2127 2488 2197 μαθόντος
2525 2128 2625 2199 μὶν
2641 2129 2820 2183 αὐτῶν
2843 2129 2912 2182 τά
2938 2128 3132 2198 σεμνά,
3166 2129 3357 2181 ἔπειτα
3383 2126 3539 2197 ἐξορ-

1959 2223 2273 2292 χησαμένου
2296 2240 2310 2257 ο
2338 2223 2366 2276 ὃ
2395 2223 2459 2293 δὴ
2510 2225 2604 2278 καὶ
2636 2226 2748 2286 τοῖς
2779 2224 2885 2279 ὑπὸ
2917 2223 3021 2294 τῆς
3051 2222 3312 2293 ἀληθείας
3354 2237 3541 2288 πεφω-

1958 2314 2236 2381 τισμένοις
2287 2315 2456 2367 πᾶσιν
2513 2316 2645 2384 ἡμῖν
2693 2314 3002 2385 ἐμέμψαντ’
3036 2316 3124 2381 ἂν,
3169 2315 3217 2366 εί
3258 2314 3535 2384 παρῆσαν.

1958 2406 2175 2459 Μᾶλλον
2206 2406 2253 2459 δ’
2278 2408 2327 2460 οί
2362 2408 2463 2476 μὲν
2503 2408 2609 2463 κᾶν
2658 2409 2930 2480 ἐπῄνεσαν
2966 2409 3115 2479 ἡμᾶς
3153 2406 3298 2462 οὕτω
3349 2408 3538 2460 τάκεί-

1958 2514 2065 2550 νων
2098 2498 2480 2564 φαυλίζοντας,
2514 2502 2683 2571 πείρα
2716 2500 3126 2571 μεμαθηκότες,
3158 2499 3233 2563 ώς
3262 2499 3415 2552 ούδέν
3437 2500 3539 2553 αύ-

1952 2590 2083 2655 ,τοὺς
2115 2588 2326 2661 ὤνησεν
2378 2594 2409 2661 ἡ
2461 2592 2599 2663 πρὸς
2648 2593 2748 2663 τὴν
2800 2592 2950 2647 θείαν
2984 2592 3149 2663 φύσιν
3200 2591 3535 2661 παρανομία,

1957 2680 2077 2733 οὐδὲ
2104 2680 2207 2749 τῆς
2238 2682 2517 2745 θεοποιῖας
2562 2683 2807 2754 εὐτυχῶς
2840 2685 3056 2755 ἐκείνης
3087 2684 3407 2755 ἀπήλλαξαν
3430 2699 3442 2713 ·
3483 2684 3534 2737 οί

1956 2769 2014 2823 δὲ
2043 2770 2283 2838 ζηλωταὶ
2312 2771 2408 2824 νῦν
2447 2772 2691 2837 ἐκείνων,
2727 2772 2819 2825 ὑπ’
2865 2773 3143 2838 ἀπειρίας,
3181 2773 3420 2834 ἐγένοντ’
3470 2772 3538 2825 άν

1960 2876 2042 2919 σοι
2075 2865 2171 2918 καὶ
2209 2863 2389 2934 πολλῷ
2414 2864 2806 2936 χαλεπώτεροι,
2837 2866 2997 2937 εἴπερ
3022 2861 3134 2919 οἷόν
3171 2865 3220 2919 τ’
3244 2864 3333 2939 ἦν,
3368 2868 3537 2938 ἀπορ-

1959 2954 2226 3025 ρίψαντας
2271 2956 2372 3026 τὴν
2422 2956 2498 3019 ώς
2551 2958 2644 3010 ἐπὶ
2687 2957 3045 3026 φαυλοτάτοις
3096 2958 3316 3020 πάντως
3378 2956 3533 3024 αίδὼ,

1959 3048 2241 3118 παρρησία
2272 3049 2368 3103 σοῦ
2397 3051 2692 3122 καταϐοᾷν,
2716 3051 2791 3115 ὡς
2819 3050 3159 3120 ἠδικηκότος.
3192 3051 3267 3104 Ού
3299 3050 3409 3122 γὰρ
3444 3068 3535 3120 μι-

1957 3136 2091 3206 κρὸν
2124 3139 2156 3208 ἠ
2204 3138 2271 3209 σὴ
2296 3140 2473 3209 ψῆφος
2500 3140 2743 3210 δύναται,
2780 3143 2918 3213 πρὸς
2969 3142 3069 3212 μὲν
3127 3142 3228 3212 τὴν
3266 3143 3364 3210 τῆς
3403 3142 3535 3210 ἀλη-

1957 3228 2107 3292 θείας
2139 3233 2487 3301 κατασκευὴν
2524 3233 2693 3305 αὐτῆς
2718 3235 2818 3306 τῆς
2844 3235 3102 3304 ἀληθείας
3148 3238 3241 3290 καὶ
3269 3237 3377 3288 τῶν
3399 3235 3533 3289 ταύ-

1954 3337 2053 3389 της
2086 3321 2263 3392 ἐργων
2299 3325 2636 3395 ἀρκούντων,
2669 3327 2762 3380 καὶ
2790 3326 2885 3381 τοῦ
2928 3328 3167 3398 πλήθους
3208 3328 3319 3381 τῶν
3346 3328 3530 3400 ἐκείνῃ

1957 3412 2094 3480 μετά
2149 3413 2309 3481 λόγου
2362 3432 2421 3467 τε
2479 3416 2576 3468 καὶ
2628 3415 2832 3487 ἀρετῆς
2877 3418 3227 3489 τεθειμένων,
3267 3414 3341 3472 ὦν
3362 3418 3417 3471 εί
3447 3438 3533 3484 τις

1953 3504 2239 3576 ὑπερορῶν
2277 3506 2457 3576 ἐαυτῷ
2508 3506 2617 3577 πρὸ
2661 3508 2887 3562 ἐκείνων
2935 3508 3083 3564 θέλει
3131 3513 3429 3578 πιστεύειν,
3463 3516 3533 3567 τά

1951 3597 2059 3651 τῶν
2090 3600 2436 3669 μαινομένων
2467 3600 2560 3669 δγε
2606 3601 2844 3664 τοιοῦτος
2883 3603 3109 3667 δικαίως
3152 3605 3220 3658 ἂν
3257 3606 3545 3675 νομίζοιτο.

1951 3690 2219 3761 πάσχειν·
2251 3692 2347 3749 τοῦ
2379 3693 2437 3747 δὲ
2470 3695 2535 3746 τὸ
2564 3694 2783 3762 ψεῦδος,
2815 3697 3257 3752 ἀναϐιώσκεσθαι
3290 3698 3527 3769 τολμῶν,

1953 3786 2361 3856 συμπατεῖσθαί
2396 3805 2456 3840 τε
2490 3789 2585 3843 καὶ
2615 3790 3046 3859 συμπνίγεσθαι,
3080 3790 3149 3843 δι’
3180 3793 3390 3844 ἐκείνου
3424 3794 3527 3862 μά-

1948 3874 2108 3930 λιστά
2165 3894 2230 3944 γε
2285 3878 2706 3950 συμϐησομένου
2745 3880 2944 3941 καλῶς,
2974 3882 3035 3933 δν
3081 3882 3235 3935 οὐδὲν
3281 3884 3526 3949 λέληθεν,

1950 3963 2137 4033 ἐφόἷς
2169 3969 2346 4021 ἐκεῖνο
2373 3971 2719 4040 πεφροντικὸς
2749 3972 3118 4036 αύθαδίζεται.
3158 3973 3319 4026 Ἀλλά
3347 3975 3409 4026 σύ
3439 3992 3525 4041 γε,

1949 4056 2140 4128 ῶσπερ
2198 4060 2693 4129 ἐπισκηπτόμενος,
2726 4065 2891 4133 τιμᾷν
2944 4064 3045 4131 μὲν
3095 4066 3289 4133 φήσεις
3341 4066 3523 4129 αὐτοῖς

1949 4150 2045 4205 καὶ
2078 4149 2444 4221 Ἀριστοτέλη,
2475 4154 2533 4205 ἐν
2565 4149 2648 4215 οἷς
2675 4152 2743 4207 ἀν
2770 4154 2901 4219 δέοι,
2929 4156 3023 4207 καὶ
3052 4156 3332 4219 Πλάτωνα,
3359 4174 3527 4209 κατα·

1948 4239 2239 4307 γινώσκειν
2266 4240 2311 4292 δ’
2339 4241 2541 4303 αὐτῶν,
2576 4241 2639 4296 οὗ
2672 4260 2723 4295 τι
2750 4243 2844 4296 καὶ
2877 4244 3029 4314 παρὰ
3058 4248 3224 4315 νόμον
3264 4246 3526 4317 φθέγγον-

1947 4348 2076 4385 ταιο
2104 4332 2263 4386 τοῦτο
2302 4333 2351 4385 δ’
2375 4335 2433 4387 ἐν
2466 4337 2581 4396 τοῖς
2615 4336 2855 4404 καιρίοις
2897 4338 3144 4392 ἑάλωσαν
3172 4339 3523 4402 πεπονθότες.

1950 4426 2020 4479 Ἦ
2073 4424 2191 4487 πῶς
2238 4426 2305 4479 ἂν
2356 4427 2470 4498 ἔχοι
2500 4427 2677 4497 λόγον,
2717 4429 2880 4501 ἢτὴν
2913 4431 3104 4485 ούσίαν
3146 4431 3240 4486 τοῦ
3275 4433 3411 4486 Θεοῦ
3451 4434 3527 4505 μὴ

248 4524 435 4589 αὖθις
488 4528 781 4596 συνάγειν;
836 4526 902 4601 ἦς
964 4532 1082 4595 ταῖς
1148 4531 1244 4601 τῆς
1293 4532 1445 4602 ἱεροῖς
1497 4532 1846 4600 διδασκαλίας
1879 4533 1923 4589 D
1950 4517 2251 4588 διακρίνειν
2292 4519 2390 4589 τῆς
2429 4522 2710 4589 ἐνεργείας
2742 4522 2820 4592 (δ)
2850 4523 2962 4577 οὐδ’
2992 4526 3240 4580 ὁπωδοδν
3287 4527 3524 4598 ἀληθῶς»

248 4621 460 4675 ἀκτῖσι
485 4619 642 4681 θείως
666 4620 1087 4691 ἐσκεδασμένης,
1119 4621 1253 4688 πρὸς
1274 4622 1372 4687 τὰς
1396 4623 1496 4695 τῆς
1528 4625 1845 4694 ὑπερφυοῦς

241 4710 532 4781 ἀληθείας
562 4712 792 4783 αύγάςή
837 4711 946 4765 τῶν
984 4712 1292 4783 ἀνθρώπων
1330 4714 1494 4783 φύσις
1529 4716 1845 4787 ἀνέϐλεψεν.

256 4806 500 4860 Ἐκεῖνα
537 4806 636 4876 μὲν
684 4805 776 4859 οῦν
808 4806 858 4858 εί
920 4807 1163 4879 συμϐαίη
1199 4823 1292 4878 μοι
1328 4808 1384 4871 ἐς
1441 4811 1631 4880 χεῖρας
1676 4813 1845 4866 πάντα

239 4899 466 4964 ἐλθεῖν,
497 4899 767 4969 φλυαρίαν
820 4899 950 4954 ὄντα
985 4900 1144 4967 δείξω
1198 4903 1441 4973 μακράν,
1495 4904 1589 4957 καὶ
1656 4906 1846 4959 πολλοὶ

238 4993 536 5059 δείξουσιν
563 5006 578 5023 ’
615 4992 751 5045 ἀλλά
782 4993 995 5059 γένοιτο
1030 4994 1195 5059 κάμοὶ
1227 4995 1421 5047 τοῦτον
1472 4986 1843 5065 ἐνστῆσασθαι

237 5086 352 5139 τὸν
379 5083 696 5152 ἀγῶνα,καὶ
723 5084 797 5154 μὴ
822 5084 955 5155 πῦρ,
980 5085 1113 5137 ἀλλά
1140 5084 1332 5153 λόγους
1355 5086 1559 5156 μᾶλλον
1580 5088 1842 5157 ἀληθείας

238 5176 559 5242 ἐπαφεῖναι
585 5174 699 5237 τοῖς
733 5174 1079 5245 γράμμασιν,
1110 5175 1185 5239 ὡς
1217 5178 1326 5238 τοῖς
1355 5177 1600 5247 γράψασι
1639 5181 1842 5249 μᾶλλον

237 5266 573 5337 πρέποντος
597 5264 689 5319 τοῦ
723 5267 914 5337 πυρός.
931 5267 991 5320 Εἰ
1014 5267 1056 5319 δ’
1090 5267 1220 5321 ἄλλο
1247 5286 1297 5322 τι
1323 5270 1449 5338 περὶ
1474 5271 1625 5341 ἡμῶν
1656 5272 1839 5343 δοκοίη

236 5360 333 5428 cf)
375 5359 713 5429 κρείττονι,ἧ
741 5375 805 5426 γε
836 5359 1089 5428 πρόθεσις
1120 5361 1255 5430 πρὸς
1290 5361 1573 5417 εὐσέϐειαν
1607 5362 1838 5433 ἐξαρκέ-

236 5466 310 5504 σε
324 5448 505 5503 ι.”οτι
530 5447 585 5503 δέ
613 5449 688 5520 μὴ
715 5450 1036 5519 συκοφαντῶ
1070 5450 1462 5522 τετολμηκέναι
1493 5453 1560 5507 τὰ
1614 5455 1841 5510 τοιαῦτά

328 5606 414 5673 (ι)
440 5605 567 5683 _(‘.fr.
610 5607 884 5683 Ιῑίποτυηι
910 5608 976 5683 de
1019 5609 1251 5679 Legibus
1286 5611 1639 5680 prommium,
1711 5628 1833 5683 pag.

232 5678 279 5733 2
328 5684 391 5729 cl
427 5675 485 5749 4,
514 5677 683 5749 quod_
722 5678 1008 5733 Scholario
1038 5675 1149 5749 jaiu
1188 5675 1322 5747 ῑιιιῐὶ,
1355 5697 1477 5736 cum
1521 5675 1637 5738 hami
1698 5675 1835 5739 ἐονῖ-

236 5750 439 5824 ιλρτινι,
474 5746 777 5802 inuoluissc
810 5749 1010 5824 Ipirum
1033 5746 1279 5824 és;,_nisi
1358 5752 1588 5824 alicujus
1621 5770 1648 5809 a
1714 5754 1832 5811 Plc-

241 5816 453 5871 lhonis
479 5827 626 5871 secta
668 5817 956 5888 transfuga:
999 5820 1219 5878 indicio.
1253 5824 1424 5879 ALEX.

1951 4612 2011 4676 ἐξ
2043 4613 2215 4680 αὑτῆς
2245 4611 2336 4666 τοῦ
2372 4615 2699 4684 πράγματος
2740 4616 3115 4689 διενηνοχότος
3157 4620 3257 4689 τῆς
3285 4620 3523 4688 φύσεως,

1952 4704 2045 4757 καὶ
2076 4705 2137 4756 τὸ
2170 4706 2220 4757 τί
2247 4700 2317 4775 ἦν
2350 4701 2491 4759 εἶναι
2520 4708 2778 4777 διάφορον
2807 4709 3021 4778 ἔχοντες
3056 4710 3148 4763 καὶ
3183 4712 3241 4763 ἐν
3269 4712 3420 4779 αὑτῷ
3446 4713 3541 4783 τῷ-

1949 4793 2087 4863 Θεῷ,
2118 4793 2174 4848 εί
2196 4812 2257 4862 γε
2293 4797 2477 4866 μέλλοι
2511 4815 2595 4861 τις
2637 4799 2711 4868 μὴ
2740 4800 2860 4868 είκῆ
2887 4800 3064 4853 ταῦτα
3089 4801 3282 4870 ψοφεῖν
3312 4803 3378 4856 τὰ
3408 4804 3528 4855 ὀνό-

1951 4903 2119 4955 ματα,
2147 4888 2242 4945 καὶ
2279 4890 2416 4959 μήτε
2453 4891 2572 4959 τῆς,
2608 4891 2683 4953 ὡς
2709 4892 2775 4944 ἂν
2806 4894 3005 4945 ἐκεῖνοι
3044 4897 3220 4962 φαῖεν,
3273 4896 3524 4968 ἑνότητος

1949 4980 2150 5044 αὐτῶν,
2181 4984 2318 5052 μήτε
2366 4982 2467 5053 τῆς
2506 4982 2834 5052 διακρίσεως
2866 4986 2947 5049 είς
2980 4986 3134 5040 οὐδὲν
3183 4990 3478 5044 ἀπολαύειν
3505 5007 3519 5021 ·

1950 5072 1982 5142 ἢ
2037 5074 2231 5136 παῖδας
2268 5075 2369 5143 μέν
2410 5091 2563 5138 τινας
2592 5074 2686 5130 τοῦ
2717 5077 2853 5132 Θεοῦ
2896 5080 3076 5149 λέγειν
3114 5084 3178 5137 ἐκ
3208 5083 3307 5153 τῆς
3335 5084 3524 5147 οὐσίας

1950 5167 2118 5220 αὑτοῦ
2139 5170 2545 5239 προηγμένους,
2575 5172 2732 5242 εἴπερ
2761 5173 2824 5240 δὴ
2857 5177 2950 5229 καὶ
2975 5178 3072 5246 τῆς
3095 5178 3394 5247 ἐνεργείας,
3422 5181 3523 5248 τῆς

1950 5261 2120 5330 αὐτῆς
2149 5263 2215 5316 ἂν
2241 5261 2412 5332 οῦσης
2449 5265 2516 5334 τῇ
2546 5264 2707 5333 φύσει
2734 5266 3007 5336 καθάπαξ,
3039 5266 3157 5323 εἶτα
3191 5271 3264 5342 μὴ
3296 5274 3407 5325 δεῖν
3429 5272 3537 5325 τὸν.

1949 5355 2082 5409 Θεὸν
2111 5356 2295 5421 ἀξιοῦν
2320 5358 2443 5419 τοὺς
2466 5358 2665 5423 αὐτοὺς
2692 5362 2757 5430 τῇ
2787 5360 2968 5431 φύσει,
2990 5362 3108 5415 ἀλλ’
3136 5363 3324 5432 ἑτέρας
3345 5364 3524 5417 ἀπαν-

1945 5471 2041 5518 τας
2070 5456 2256 5515 οὐσίας
2276 5459 2369 5511 καὶ
2394 5458 2528 5513 πολὺ
2562 5460 2957 5531 ὑποδεεστέρας
2988 5462 3284 5532 προάγειν;
3316 5463 3385 5515 Ἦ
3410 5462 3519 5532 γὰρ

2017 5618 2092 5693 (‘2‘)
2134 5619 2353 5693 confer.
2411 5637 2534 5692 quae
2593 5622 2681 5679 hic
2722 5622 2925 5693 optime
2978 5622 3364 5689 discutiuntur,
3400 5622 3529 5693 ipsa;

1942 5689 2225 5747 Plellmnis
2250 5689 2441 5747 verba;
2463 5693 2632 5748 Anax.

2013 5760 2089 5831 (5)
2131 5760 2253 5818 llaec
2292 5774 2346 5819 et
2374 5778 2525 5834 seqq.
2562 5779 2625 5819 ex
2673 5763 2789 5835 ipso
2815 5762 3099 5821 Plclhoue.
