3932 6458
426 327 531 388 (307

1522 337 1904 400 GENNADII
1937 337 2053 398 ΟΡ.
2098 337 2620 408 ΡΑΤΒΙΑΒΕΗᾸΞ

3572 342 3671 404 €08

424 435 591 505 ε’ἶρῆν
625 437 824 505 μηδένα
861 438 924 493 ὲκ
961 441 1058 506 τῆς
1091 444 1279 508 οὐσίας
1304 446 1397 500 τοῦ
1430 449 1589 515 Θεοῦ,
1623 451 1821 504 ταυτὸν
1851 449 1895 502 δ’
1924 451 2002 503 εί-
2035 458 2078 514 Α
2108 452 2204 504 καὶ
2236 453 2383 520 τρεῖς
2413 451 2611 513 παῖδας
2655 451 3044 522 γεγεννηκέναι
3074 454 3140 524 τῇ
3175 453 3333 522 φύσει
3379 453 3613 522 ὁμοίους,
3639 456 3668 524 ἦ
3695 519 3704 528 .

421 531 544 578 πεῖν
565 529 664 598 τῆς
693 533 974 600 ἐνεργείας
1015 535 1134 587 κατ’
1167 538 1387 603 αὐτοὺς,
1417 543 1758 611 προαχθῆναι
1789 542 1992 611 λέγειν,

421 619 540 672 ἀλλ’
560 623 763 677 ἄπαιδα
794 621 936 679 εἶναι
963 627 1218 693 καθάπαξ
1239 634 1332 685 τὸν
1355 633 1488 686 Θεὸν
1505 637 1602 689 καὶ
1621 638 1834 704 ἄγονον.
1862 639 1998 692 Καί-

422 728 502 766 τοι
552 714 696 768 οὕτω
748 717 910 782 αὐτὸς
956 720 1055 790 μὲν
1089 722 1325 790 μάλιστα
1360 725 1426 778 ἂν
1447 724 1524 788 εἷς
1557 723 1624 798 ἦν
1654 731 1750 782 καὶ
1785 728 1842 781 ἓν
1869 730 1994 783 ἀτο-

426 819 545 870 μον,
573 803 650 867 ὥς
679 823 866 874 φασιν,
909 810 936 862 ὃ
970 813 1102 866 πολὺ
1144 813 1353 883 βέλτιον
1397 818 1464 872 ἂν
1498 820 1581 890 εῖη
1619 821 1711 874 τοῦ
1740 821 1797 882 ἐς
1825 820 1996 873 πολλὰ

422 897 520 964 τὴν
557 897 786 966 θεότητα
821 905 1218 974 κατατέμνειν
1261 911 1292 979 ἡ
1327 910 1382 963 δὲ
1411 914 1590 974 κτίσις
1637 914 1738 966 οὐκ
1768 915 1834 968 ἂν
1877 915 1994 982 ἐγί-

422 1003 544 1039 νετο
571 992 632 1041 ὲκ
660 991 816 1059 Θεοῦ,
849 995 964 1047 ἀλλ’
996 997 1028 1066 ἢ
1073 999 1135 1051 ἐκ
1163 1003 1507 1068 ταύτομάτου
1538 1003 1589 1070 γ’
1621 1003 1687 1057 ἂν
1711 999 1799 1074 ἦν,
1823 1005 1854 1074 ἢ
1881 1004 1994 1057 οὐδ’

422 1078 488 1131 ἂν
512 1076 580 1151 ἦν
607 1082 765 1144 ὃλως’
785 1087 881 1156 οὐχ
909 1089 991 1142 ὅτι
1022 1090 1182 1158 μόνον
1202 1095 1303 1147 οὐκ
1334 1093 1400 1148 ἂν
1417 1088 1530 1149 οἷόν
1554 1096 1601 1149 τ’
1621 1091 1708 1167 ἦν,
1734 1096 1809 1169 μὴ
1828 1097 1997 1151 ὄντων

423 1171 533 1224 τῶν
584 1175 1162 1249 συνδημιουργούντων
1204 1201 1263 1237 τε
1321 1187 1490 1257 αὐτὴν
1532 1189 1626 1242 καὶ
1681 1206 1998 1261 συνεπιτρο-

426 1263 700 1319 πευόντων
745 1271 950 1324 παίδων
985 1275 1192 1329 ἐκείνου
1247 1278 1374 1346 (δέοι
1423 1281 1530 1346 γάρ
1558 1283 1624 1335 ἂν
1667 1283 1850 1345 αὐτοῖς
1903 1286 1998 1338 καὶ

423 1357 591 1424 ἀμφω
645 1361 958 1433 ὑπάρχειν),
987 1366 1121 1421 ἀλλά
1149 1370 1226 1439 τῷ
1274 1371 1366 1424 καὶ
1413 1371 1518 1443 τὴν
1570 1375 1851 1443 ἐνέργειαν
1901 1377 1999 1430 αὐ-

422 1450 517 1503 τοῦ
554 1452 748 1519 ἄγονον
788 1453 952 1523 εἶναι,
984 1459 1084 1530 τὴν
1112 1462 1280 1532 αὐτὴν
1326 1460 1491 1520 οὖσαν
1534 1469 1598 1537 τῇ
1629 1468 1787 1539 οὐσίᾳ
1832 1469 2000 1522 καθά-

425 1542 554 1606 παξ.
591 1545 660 1596 Ἢ
692 1545 874 1601 τοίνυν
907 1549 1055 1606 οὕτω
1102 1554 1413 1622 νομοθετεῖν
1445 1557 1642 1621 αὐτοὺς
1689 1559 1819 1627 ἐδει,
1856 1562 1888 1631 ἢ
1934 1563 1999 1614 ὲκ

424 1634 523 1703 τῆς
551 1636 742 1698 οὐσίας
764 1639 860 1692 τοῦ
888 1641 1021 1695 Θεοῦ
1052 1643 1307 1712 λέγοντας
1324 1649 1680 1720 γεγεννῆσθαι
1706 1652 1902 1715 παῖδάς
1922 1671 1999 1706 τι·

427 1743 522 1788 νας
555 1728 650 1782 καὶ
681 1730 912 1796 πολλούς
939 1751 1024 1802 γε,
1075 1738 1170 1790 καὶ
1216 1739 1315 1808 τῆς
1374 1741 1544 1811 αὐτῆς
1594 1742 1779 1806 οὐσίας
1814 1743 1998 1809 ἀξιοῦν

2104 540 2170 594 ἐκ
2195 541 2290 595 τοῦ
2331 541 2594 605 πολλάκις
2623 543 2893 606 τοσαύτας
2937 542 3124 607 κλίνας
3158 547 3538 612 πεποιηκέναι,
3567 549 3597 614 ἦ
3645 547 3670 598 ὅ

2103 649 2156 684 τι
2193 634 2257 686 ἀν
2311 651 2393 693 τις
2447 635 2583 702 φαίη
2644 635 2753 686 τῶν
2804 635 2966 704 τέχνῃ
3027 635 3345 704 γινομένων,
3380 638 3414 690 ἀ
3460 639 3525 705 τῇ
3580 637 3669 704 μὲν

2105 725 2264 794 φύσει
2286 726 2536 795 ἀνόμοια,
2563 725 2640 796 τῷ
2660 726 2717 779 δὲ
2748 729 3052 797 προαιρετῷ
3084 728 3233 781 ἔνδον
3255 731 3383 783 εῖδει
3411 729 3667 798 ἀμηγέπη

2103 817 2455 888 ὡμοιωμένα.
2492 820 2599 871 Καὶ
2653 821 2700 872 ει
2760 819 2834 889 μὴ
2882 822 2937 873 αί
2985 821 3072 873 διὰ
3125 821 3225 891 τὴν
3286 822 3667 891 παιδοτροφίαν

2108 910 2416 978 φροντίδες,
2442 911 2520 980 τῷ
2544 911 2770 978 θεωρεῖν
2798 914 3256 982 προσιστάμεναι,
3295 913 3520 980 ἀγόνους
3553 914 3668 983 $66-

2106 1003 2295 1056 λεσθαι
2351 998 2494 1056 εἶναι
2534 1004 2660 1064 τοὺς
2713 1006 2854 1058 πάνυ
2901 1023 2985 1058 τοι
3032 1006 3276 1076 ἐρῶντας
3321 1007 3415 1059 τοῦ
3455 1007 3668 1077 θεωρεῖν

2105 1095 2342 1158 ἔπειθον,
2376 1095 2492 1163 ἅμα
2513 1095 2568 1148 δὲ
2601 1098 2696 1150 καὶ
2721 1098 2822 1150 ὅσα
2849 1098 2986 1152 ἀλλα
3014 1097 3373 1162 συνέζευκται
3401 1103 3469 1168 τῇ
3501 1101 3669 1152 παιδο-

2106 1187 2276 1258 κομῖᾳ
2304 1189 2572 1258 πρότερόν
2589 1170 2654 1242 ’τε
2680 1190 2774 1242 καὶ
2802 1189 3034 1258 ὕστερον
3061 1191 3318 1259 δυσχερῆ,
3353 1191 3458 1244 κᾶν
3487 1191 3671 1243 ἀθλιὼ-

2103 1296 2264 1339 τατος
2297 1273 2365 1348 ἦν
2402 1279 2430 1332 6
2467 1278 2624 1332 τοῦτο
2671 1278 2891 1348 φεύγων
2931 1280 3020 1333 διά
3053 1281 3114 1333 τὸ
3153 1279 3359 1331 οῖεσοαι
3394 1281 3582 1347 ἀρκεῖν
3611 1280 3669 1330 ἂν

2105 1371 2256 1440 αὐτῷ
2291 1371 2426 1440 πρὸς
2450 1371 2796 1442 εὐδαιμονίαν
2821 1374 2883 1426 τὸ
2907 1375 3248 1444 προαγαγεῖν
3275 1389 3327 1424 τι
3353 1371 3461 1424 τῶν
3489 1387 3672 1441 τεχνη-

2104 1462 2234 1527 τῶν,
2269 1463 2360 1516 καὶ
2396 1462 2628 1533 ἀληθοῦς
2658 1463 2846 1533 ἡδονῆς
2873 1463 3290 1533 ἀνεπίστροφος,
3321 1463 3454 1514 ὅπου
3489 1478 3554 1528 γε
3579 1461 3664 1513 καὶ

2104 1555 2276 1608 ταῦτα
2319 1555 2483 1608 ἕνεκά
2521 1571 2582 1608 τε
2625 1553 2718 1607 τοῦ
2757 1553 3044 1626 ἀνθρώπου
3080 1555 3241 1623 ῖσμεν
3267 1555 3550 1622 γινόμενα,
3581 1553 3670 1606 καὶ

2105 1645 2194 1700 διά
2224 1645 2322 1716 τὴν
2345 1646 2534 1718 χρείαν
2569 1645 2878 1714 τιμώμενα,
2905 1647 2966 1699 οὐ
2996 1647 3064 1700 δι’
3097 1645 3286 1699 ἑαυτά.
3309 1645 3472 1716 Ὀσῳ
3497 1645 3667 1696 τοίνυν

2109 1734 2334 1804 βελτίων
2390 1737 2678 1807 ἄνθρωπος
2730 1738 2920 1808 κλίνης
2973 1737 3007 1807 ἢ
3059 1735 3379 1805 σκίμποδος,
3437 1734 3668 1801 τοσούτῳ

427 1812 586 1886 εἶναι,
625 1823 716 1875 καὶ
761 1826 969 1891 πάντας
1015 1829 1356 1898 όμοουσίους,
1391 1834 1486 1886 καὶ
1517 1835 1632 1888 ἴσον
1672 1835 2004 1907 δυναμένους
2036 1826 2076 1880 Β
2108 1828 2316 1898 βέλτιον
2359 1828 2426 1884 ἂν
2472 1831 2557 1900 εἴη
2604 1830 2891 1901 ἄνθρωπον
2940 1832 3137 1900 γεννᾷν
3167 1831 3200 1900 ἦ
3232 1848 3285 1883 τι
3319 1829 3546 1882 ἐκείνων
3582 1828 3668 1896 δη-

429 1912 618 1976 ἀπλῶς
645 1931 704 1967 τε
738 1918 842 1970 κάν
866 1918 944 1988 τῷ
980 1923 1143 1974 παντὶ
1171 1923 1304 1993 τῷδε
1332 1925 1425 1978 καὶ
1452 1928 1564 1989 τοῖς
1591 1927 1756 1981 αὐτοῦ
1783 1929 1994 2000 μέρεσι.

429 2004 623 2058 Καίτοι
655 2005 798 2062 οὕτω
826 2009 857 2079 ἢ
905 2011 1103 2076 αὐτοὺς
1136 2015 1244 2068 ἔδει
1277 2019 1437 2086 μόνον
1464 2015 1530 2073 αὐ
1564 2016 1724 2084 εἶναι,
1759 2023 1854 2075 καὶ
1892 2023 2002 2076 τῶν

427 2095 933 2170 δημιουργημάτων
975 2106 1160 2160 οὐδέν’
1197 2109 1256 2162 οὐ
1311 2111 1419 2181 γὰρ
1451 2112 1520 2166 ἂν
1559 2113 1780 2182 ἔμελλεν
1817 2118 1844 2169 6
1871 2116 2004 2178 Θεὸς

430 2187 603 2257 δήπου
634 2190 780 2263 ἕτερ’
814 2195 950 2250 ἄττα
984 2200 1248 2269 προάγειν
1271 2205 1337 2272 τῇ
1369 2204 1640 2276 ἐνεργείᾳ,
1679 2207 1766 2260 ῖνα
1795 2207 1869 2277 μὴ
1901 2209 2004 2262 κά-

433 2284 587 2336 κεῖνα
633 2284 746 2338 θεοὶ
805 2282 937 2356 εἷεν,
985 2293 1051 2362 τῇ
1106 2293 1242 2363 αὐτῇ
1269 2295 1442 2364 δήπου
1488 2301 1808 2369 προηγμένα
1838 2301 2004 2371 ἀρχῇ,

431 2373 529 2438 τῆς
575 2376 744 2446 αὐτῆς
790 2379 856 2432 ἂν
885 2380 1053 2454 οὐσης
1083 2386 1363 2454 ἐνεργείας
1399 2407 1459 2443 τε
1496 2393 1590 2445 καὶ
1620 2393 1808 2456 οὐσίας
1833 2393 2006 2447 καθά-

432 2465 575 2529 παξ·
609 2467 639 2536 ἢ
684 2471 778 2524 καὶ
822 2473 889 2526 τά
927 2474 1056 2529 ὄντα
1095 2479 1269 2532 πάντα
1301 2480 1454 2545 θεοὺς
1482 2479 1644 2549 εἶναι,
1675 2484 1776 2538 εῐο⁹
1804 2487 2008 2555 ὁμοίως

434 2557 498 2608 ἐκ
530 2556 667 2612 Θεοῦ
706 2565 771 2630 τῇ
804 2563 960 2637 οὐσίᾳ
993 2572 1355 2640 γεγενημένα,
1389 2573 1500 2627 εἴτε
1541 2579 1631 2628 καὶ
1660 2578 1725 2630 ἐκ
1767 2578 1876 2631 τῶν
1911 2579 2006 2633 τοῦ

433 2646 572 2702 Θεοῦ
608 2652 835 2720 παίδων,
870 2657 944 2721 ὡς
973 2659 1129 2714 αὐτοὶ
1174 2663 1232 2728 ἐξ
1265 2665 1474 2719 ἐκείνου
1507 2671 1837 2740 τυγχάνουσι
1873 2691 2007 2744 προ-

436 2742 689 2832 ηγ-μένοι.
719 2747 909 2811 Οὐδεὶς
963 2754 1072 2821 γάρ
1131 2753 1200 2807 ἂν
1255 2755 1410 2824 λόγος
1445 2759 1622 2829 δοθείη
1667 2742 2006 2832 ἀνθρώπινος

431 2829 526 2881 τοῦ
570 2830 601 2899 ἢ
631 2834 722 2923 τὸν
756 2835 889 2889 Θεὸν
917 2841 983 2894 ἐκ
1011 2842 1112 2913 τῆς
1143 2843 1332 2908 οὐσίας
1379 2847 1478 2915 μὲν
1508 2849 1675 2903 αὐτοῦ
1720 2829 2003 2923 προάγειν,

436 2923 614 2975 εῖτουν
646 2922 746 2992 τῆς
777 2926 1081 2998 ἐνεργείας,
1130 2935 1305 2990 πάντα
1353 2939 1424 2992 τά
1470 2941 1622 3004 ὄντα,
1660 2942 1733 3011 μὴ
1767 2922 1918 2997 εἶναι
1950 2945 2006 2998 δὲ

435 3014 615 3067 πάντα
651 3014 829 3083 θεοὺς,
865 3020 1022 3092 εῖπερ
1056 3023 1172 3076 ἔνια
1221 3027 1399 3080 αὐτῶν
1448 3030 1561 3083 θεοί
1604 3031 1710 3084 είσι
1746 3031 1832 3086 διά
1861 3035 2006 3089 τοῦτ’

2108 1924 2414 1992 μιουργεῖν.
2454 1923 2564 1976 Καὶ
2601 1923 2712 1990 ὅσῳ
2742 1922 3093 1992 τιμιώτερον.
3137 1921 3199 1976 οῦ
3244 1921 3409 1977 ἕνεκά
3443 1939 3494 1974 τι
3537 1937 3669 1988 παρ-

2103 2012 2290 2082 ῆκται,
2322 2012 2540 2078 τούτου,
2573 2014 2606 2084 ἢ
2636 2013 2704 2067 αὐ
2739 2012 2832 2066 τοῦ
2882 2013 3239 2083 παρηγμένον
3273 2013 3483 2064 ἐκείνου
3515 2011 3668 2064 ἕνεκα

2105 2105 2279 2158 αῐτιον
2305 2100 2471 2169 εἶναι,
2498 2104 2738 2175 τοσούτῳ
2773 2107 2868 2160 καὶ
2899 2105 3182 2175 ἄνθρωπον
3207 2106 3402 2176 γεννᾷν
3432 2103 3464 2172 ἢ
3495 2103 3662 2156 οίκίαν

2107 2201 2281 2254 ποιεῖν
2311 2200 2586 2271 ἀνθρώπῳ
2609 2201 2822 2269 πέφυκε
2861 2199 3210 2270 τιμιώτερον,
3254 2199 3309 2251 εῖ
3334 2216 3416 2261 τις
3455 2197 3666 2265 ἔμελλεν

2105 2291 2247 2345 αὐτά
2275 2291 2370 2360 τῆς
2397 2292 2631 2359 ἀληθοῦς
2660 2293 2836 2357 ἀξίας,
2861 2291 2996 2345 ἀλλά
3025 2291 3102 2362 μὴ
3134 2291 3324 2361 χρείας
3349 2290 3490 2352 τινὸς
3523 2289 3664 2342 ὠνεῖ-

2109 2384 2234 2438 σθαί
2263 2402 2322 2438 τε
2350 2385 2446 2439 καὶ
2466 2383 3074 2439 ἀντικαταλλάττεσθαι.
3111 2382 3252 2436 Ἀλλ’
3280 2384 3484 2435 ἐκεῖνοι
3508 2380 3664 2449 μηδὲν

2108 2497 2160 2531 τι
2184 2477 2501 2548 βουλόμενοι
2529 2477 2792 2547 προάγειν
2814 2478 2873 2543 ἐξ
2898 2476 3063 2531 αὐτοῦ
3081 2477 3171 2530 τὸν
3192 2476 3324 2528 Θεὸν
3347 2465 3473 2528 καθ’
3493 2473 3662 2541 ὁμοιό-

2107 2587 2246 2641 τητα
2278 2572 2511 2638 φύσεως,
2547 2570 2680 2624 ἀλλὰ
2713 2570 2874 2640 μόνον
2913 2571 2982 2625 τά
3025 2569 3186 2638 ἕτερα
3221 2565 3442 2629 ἑαυτοῦ,
3487 2566 3665 2632 ἄγονον

2110 2663 2353 2732 ἀτεχνῶς
2384 2662 2548 2716 αὐτὸν
2589 2663 2956 2731 ἀποφαίνουσι
3005 2666 3102 2718 καὶ
3145 2660 3224 2732 τῷ
3261 2660 3532 2728 καλλίστῳ
3577 2656 3666 2726 τῆς

2112 2755 2442 2822 προαγωγῆς
2475 2754 2782 2824 χωλεύοντα
2826 2756 3014 2825 μέρειο
3057 2751 3140 2817 οἷς
3167 2753 3231 2822 δὴ
3276 2752 3371 2806 καὶ
3401 2751 3462 2804 τὸ
3503 2749 3668 2802 εὐδαι-

2115 2863 2213 2915 μον
2243 2845 2408 2899 αὐτοῦ
2441 2845 2535 2901 καὶ
2570 2850 2840 2916 μακάριον
2877 2841 3368 2916 συνεξαμαυροῦσι.
3405 2841 3527 2903 Πῶς
3569 2840 3668 2907 γὰρ

2115 2935 2181 2989 ἂν
2211 2934 2300 3004 είη
2333 2936 2738 3007 μακαριότητος
2767 2939 2824 2990 ἐν
2852 2936 3113 3007 ἀκρότητι
3147 2931 3502 3002 τεταγμένος,
3528 2932 3574 2983 εἰ
3600 2929 3670 2995 μὴ

2113 3027 2366 3098 αὐτάρκη
2400 3028 2545 3099 ζωὴν
2579 3030 2715 3098 ἔχοι,
2749 3031 2805 3083 ἐν
2836 3029 2988 3100 αὐτῷ
3019 3046 3075 3083 τε
3108 3028 3203 3082 καὶ
3227 3028 3363 3096 πρὸς
3397 3023 3559 3077 αὐτὸν
3584 3022 3672 3075 καὶ

435 3107 568 3161 αὐτὸ
589 3107 651 3162 τὸ
679 3111 742 3164 ἐκ
769 3111 869 3181 τῆς
905 3115 1092 3180 οὐσίας
1118 3118 1282 3172 αὐτοῦ
1311 3122 1615 3190 προελθεῖν,
1650 3124 1680 3194 ἢ
1721 3127 1848 3191 τοὺς
1872 3128 2007 3180 Θεοῦ
2044 3185 2075 3194 _
2114 3119 2282 3176 αὐτοῦ
2314 3122 2475 3175 ἕνεκα
2513 3122 2773 3190 ἐνεργῶν,
2799 3122 2936 3176 ἀλλὰ
2963 3121 3072 3176 τῶν
3105 3121 3237 3174 πολὺ
3283 3118 3544 3191 χειρόνων
3584 3115 3674 3168 αὐ-

439 3199 655 3292 παῖδας,
700 3204 764 3257 ἐκ
813 3206 911 3275 τῆς
960 3209 1148 3270 οὐσίας
1195 3185 1368 3265 αὐτοῦ.
1419 3185 1879 3288 προεληλυθότας,
1931 3221 2008 3292 μὴ
2035 3185 2077 3246 C
2112 3213 2206 3268 τοῦ
2242 3214 2437 3279 δέοιτο.
2471 3214 2579 3268 εἴτε
2607 3185 2691 3270 -έκ
2715 3232 2860 3279 τινος
2889 3215 3082 3286 χρόνου
3111 3185 3518 3283 γεγενομένωνς
3551 3208 3621 3271 ὼε
3645 3208 3678 3259 δ

439 3288 596 3354 θεοὺς
651 3295 932 3363 προάγειν.
965 3298 1083 3352 ἅττ’
1133 3300 1198 3354 ἂν
1241 3305 1303 3356 ἐκ
1333 3304 1431 3374 τῆς
1459 3307 1609 3373 σφῶν
1654 3310 1844 3374 οὐσίας
1876 3288 2008 3385 προί

440 3381 649 3451 άγοιεν.
684 3386 756 3438 Τὸ
787 3387 832 3440 δ’
857 3390 921 3442 ὲκ
942 3391 1041 3458 τῆς
1069 3392 1258 3457 οὐσίας
1288 3396 1380 3449 τοῦ
1411 3398 1546 3452 Θεοῦ
1585 3402 1866 3470 προελθεῖν
1889 3381 2011 3460 τινα

445 3477 519 3545 μὴ
551 3477 651 3547 τὴν
679 3480 866 3532 οὐσίαν
896 3481 1086 3551 ἔχοντα
1119 3485 1214 3539 τοῦ
1246 3489 1401 3556 Θεοῦ,
1439 3492 1637 3561 ἐπίσης
1668 3493 1870 3561 φαῦλόν
1893 3499 2011 3553 ἐστι

442 3568 519 3636 τῷ
543 3571 638 3623 καὶ
665 3572 840 3625 πάντα
867 3577 933 3627 τά
961 3575 1024 3627 ἐκ
1049 3575 1142 3638 τοῦ
1169 3577 1306 3630 Θεοῦ
1336 3581 1741 3651 προεληλυθότα
1766 3586 2014 3644 ὁπωσοῦν

443 3661 542 3729 τῆς
573 3663 737 3716 αὐτοῦ
786 3666 1174 3735 μετειληφέναι
1238 3671 1446 3734 οὐσίας.
1493 3673 1578 3737 Ὠς
1614 3676 1723 3747 γὰρ
1771 3679 1890 3732 ἐκεῖ
1922 3680 2012 3734 ἴσα

443 3752 520 3818 τῷ
554 3753 671 3823 Θεῷ
695 3755 846 3810 ἔσται
876 3757 910 3812 ἀ
949 3759 1030 3812 δεῖ
1068 3761 1233 3816 αὐτοῦ
1263 3764 1522 3834 πάμπολυ
1559 3767 1720 3837 ἕτερα
1755 3769 1893 3826 εῖναι
1922 3774 2015 3826 καὶ

448 3846 582 3914 μηδέ
614 3847 1022 3917 ξυμόεδλῆσθαι
1064 3851 1212 3919 ἄξια,
1246 3852 1390 3908 οὕτω
1430 3857 1707 3914 κάνταῦθα
1738 3861 1890 3916 ἔσται
1921 3867 2016 3919 ἀν-

445 3937 607 4006 όμοια
634 3938 669 3992 ἀ
695 3940 804 3995 δέοι
825 3943 878 4010 γ’
910 3942 977 3997 ἂν
1003 3944 1170 4013 μηδὲν
1199 3946 1584 4019 διενηνοχέναι.
1625 3951 1686 4005 El
1718 3951 1774 4006 δὲ
1809 3959 1899 4009 καὶ
1926 3958 2018 4026 γό-

447 4048 607 4117 νιμος
663 4031 801 4095 ὅλως
847 4032 923 4087 ὢν
975 4039 1069 4090 καλ⁵
1128 4041 1458 4109 παραγωγὸς
1501 4043 1787 4110 πλειόνων,
1818 4049 1885 4101 τά
1918 4050 2016 4117 μὲν

445 4116 610 4184 ἕτερα
653 4120 820 4174 αὐτοῦ
867 4122 1163 4195 ὐποστήσει
1201 4127 1282 4197 (τὸ
1312 4128 1357 4181 δ’
1389 4131 1538 4194 ὅπως
1587 4135 1651 4186 ἐκ
1700 4134 1802 4203 τῆς
1833 4116 2017 4202 οὐσίας

445 4209 616 4264 αὐτοῦ
655 4213 916 4282 γινόμενα
939 4217 1147 4272 τοιαῦτ’
1172 4219 1239 4272 ἂν
1267 4221 1374 4290 εῖη,
1402 4223 1676 4295 ἠπόρηται
1706 4229 2014 4299 πρότερον),

447 4303 503 4352 ὲν
534 4302 711 4373 ἐαυτῷ
768 4305 822 4357 δὲ
863 4307 959 4361 καὶ
989 4311 1052 4378 τῇ
1088 4311 1265 4381 οἰκείᾳ
1294 4313 1508 4382 ἐνότητι
1539 4317 1668 4370 ἄνευ
1703 4322 1849 4383 τινὸς
1885 4340 2018 4393 προ-

447 4397 569 4450 όδου
607 4401 778 4464 μενεῖ,
810 4399 906 4454 καὶ
932 4397 1011 4464 εἷς
1038 4402 1213 4466 ἔσται,
1251 4405 1441 4477 ὥσπερ
1480 4409 1538 4462 ἓν
1576 4408 1761 4471 ἀπλῶς
1792 4411 2015 4480 ἄτομον,

2115 3307 2260 3379 ίερὸς
2287 3307 2528 3362 διδάσκει
2559 3307 2740 3374 λόγος,
2766 3308 2876 3360 εἴτε
2909 3308 3002 3361 καὶ
3024 3309 3087 3359 ὲκ
3115 3306 3208 3359 τοῦ
3236 3302 3437 3365 παντὸς
3467 3301 3678 3363 αἰῶνος,

2111 3399 2185 3464 ώς
2209 3401 2409 3454 ἐκεῖνοι
2439 3399 2744 3462 ἐϐούλοντο,
2778 3400 2853 3464 ώς
2889 3398 2957 3453 ἂν
2986 3398 3124 3452 αὐτά
3158 3415 3215 3451 τε
3248 3397 3340 3450 καὶ
3385 3393 3518 3464 περὶ
3549 3392 3684 3444 αὐτά

2114 3493 2377 3564 ἐνεργῶν,
2411 3493 2508 3546 καὶ
2548 3494 2686 3564 πρὸς
2715 3493 2906 3547 ἑαυτὸν
2935 3492 3085 3546 ταῦτ’
3114 3489 3484 3559 ἐπιστρέφων,
3515 3485 3684 3546 οὕτως

2114 3583 2338 3653 ἐνεργὸν
2373 3584 2486 3654 ἔχοι
2530 3584 2618 3636 καὶ
2650 3583 2747 3654 τὴν
2779 3582 2991 3646 οὐσίαν,
3023 3582 3118 3634 καὶ
3157 3580 3264 3632 τῶν
3292 3577 3552 3646 χειρόνων
3585 3573 3682 3627 αὐο

2114 3672 2207 3726 τοῦ
2243 3674 2554 3744 ἠρτημένον
2595 3674 2681 3741 εῐη
2711 3674 2772 3726 τὸ
2807 3673 3077 3742 μακάριον
3120 3667 3269 3740 αὐτῷ
3295 3669 3388 3720 καὶ
3414 3669 3448 3737 ἡ
3483 3661 3687 3717 τελειό-

2114 3780 2212 3833 της
2248 3781 2263 3830 ;
2299 3767 2389 3816 Δεῖ
2441 3763 2550 3834 γὰρ
2576 3765 2666 3817 τὸν
2705 3761 2839 3816 Θεὸν
2875 3760 3130 3815 τοιούτων
3164 3759 3333 3812 όντων
3367 3754 3475 3808 τῶν
3513 3750 3682 3807 αὐτοῦ

2115 3856 2619 3928 δημιουργημάτων
2656 3855 2921 3926 πρότερον
2955 3847 3096 3907 εἶναι
3143 3854 3209 3921 τῇ
3244 3849 3428 3919 φύσει,
3452 3847 3528 3909 ώς
3554 3844 3688 3914 γοῦν

2117 3943 2180 4004 οὐ
2219 3950 2456 4020 τι’ῖχνος
2495 3950 2634 4014 ἐστὶ,
2669 3947 2828 3999 τοῦτο
2871 3945 2966 3999 τοῦ
3006 3947 3184 4013 ῖχνους
3225 3941 3492 4012 πρότερον
3547 3934 3691 3992 εἶναι

2116 4039 2234 4093 δέον
2285 4042 2354 4109 τῇ
2400 4038 2598 4107 φύσει·
2653 4035 2747 4090 τοῦ
2778 4037 2885 4106 γάρ
2914 4034 3044 4088 Θεοῦ
3080 4033 3265 4102 ὥσπερ
3308 4034 3431 4103 ῖχνη
3467 4031 3534 4084 τά
3561 4029 3692 4082 ὅντα.

2117 4132 2386 4199 λέγουσιν.
2433 4130 2520 4184 Ἐν
2543 4129 2608 4198 δὴ
2635 4129 2782 4199 αὐτῷ
2807 4128 2885 4194 τῷ
2920 4127 3166 4196 προτέρῳ
3193 4124 3422 4196 ἀνόητόν
3447 4139 3506 4175 τε
3535 4122 3692 4174 ἔσται

2118 4224 2178 4276 τὸ
2214 4225 2356 4276 θεῖον
2386 4224 2479 4276 καὶ
2509 4223 2826 4292 ἀνέραστον,
2860 4218 2979 4272 κατ’
3013 4218 3232 4280 αὐτοὺς.
3257 4217 3391 4278 ὅλως
3420 4215 3467 4268 δ’
3487 4215 3692 4276 εἰπεῖν,

2119 4311 2227 4365 οὐδ’
2259 4311 2564 4365 ὁπωστιοῦν
2600 4312 2842 4381 ἐνεργόν.
2870 4311 2945 4364 Οὐ
2976 4312 3082 4380 γὰρ
3115 4310 3275 4380 ἀρκεῖ
3304 4309 3364 4360 τὸ
3389 4305 3465 4370 ὡς
3488 4306 3691 4360 αὐτίκα

2124 4403 2267 4473 μάλα
2316 4403 2552 4473 ἐσόμενα
2601 4403 3003 4473 προγινώσκειν
3055 4403 3121 4455 τὰ
3173 4401 3323 4464 ὄντα,
3360 4398 3476 4452 οὐθ’
3513 4400 3548 4469 ἡ
3593 4397 3695 4450 τοῦ

451 4491 543 4542 καὶ
574 4489 761 4561 ὥσπερ
790 4509 875 4554 τις
902 4493 1152 4564 μονώτης
1175 4495 1250 4556 ὡς
1277 4496 1514 4565 ἀληθῶς,
1541 4501 1655 4564 πῶς
1681 4503 1739 4554 οὐ
1766 4503 1858 4555 καὶ
1883 4503 2017 4556 πολὺ
2051 4523 2094 4578 D
2122 4495 2330 4564 κόσμου
2364 4495 2481 4548 ίδέα
2517 4494 2624 4565 πρὸ
2656 4494 2750 4548 τοῦ
2783 4494 2991 4564 κόσμου
3024 4494 3367 4564 γεγενημένη
3391 4509 3405 4522 ο
3439 4496 3536 4548 καὶ
3566 4492 3700 4545 ταύο

451 4581 647 4652 βελτίω
680 4582 845 4639 αὐτοῦ
880 4583 1034 4637 ἔσται
1076 4585 1144 4638 τά
1175 4585 1352 4655 ἔργας
1385 4588 1599 4644 Τούτων
1646 4592 1756 4662 γὰρ
1795 4593 1910 4648 ἔνια
1955 4593 2016 4647 οὐ

450 4675 569 4730 κατ’
605 4676 889 4746 ἐνέργειαν
924 4675 1105 4745 μόνον,
1131 4677 1267 4731 ἀλλά
1304 4677 1369 4748 δὴ
1415 4681 1509 4732 καὶ
1544 4684 1610 4752 τῇ
1656 4683 1814 4755 οὐσία
1857 4685 2020 4739 τινῶν

449 4770 599 4825 αίτια
630 4772 892 4839 γίνονται,
937 4770 1033 4826 καὶ
1063 4771 1124 4823 οὐ
1156 4770 1319 4842 τέχνῃ
1365 4771 1526 4840 μόνον
1571 4774 1836 4841 ποιοῦσιν,
1885 4776 2020 4829 ἀλλά

451 4864 546 4917 καὶ
575 4863 733 4931 φύσει
767 4863 1124 4930 προάγουσιν.
1155 4857 1250 4926 Οἷς
1301 4865 1436 4918 πολύ
1477 4865 1530 4933 γ’
1562 4865 1628 4919 ἀν
1676 4867 1760 4938 εῐη
1815 4867 2020 4937 βέλτιον

451 4953 547 5006 τοῦ
579 4954 750 5015 εἴδους
786 4953 1108 5022 μεταδοῦναι
1135 4955 1234 5024 τῆς
1269 4957 1484 5024 φύσεως
1515 4960 1608 5012 καὶ
1640 4956 1960 5029 ἐλάττοσιν,
1983 4964 2017 5034 ἢ

453 5047 615 5113 ὅμοια
657 5049 720 5114 τῇ
755 5046 1006 5114 βουλήσει
1043 5049 1338 5113 πάμπολλα
1387 5054 1755 5120 παραγαγεῖν,
1797 5054 1896 5107 οὐκ
1928 5057 2022 5109 ἐπὶ

452 5140 518 5207 τῇ
567 5136 660 5190 τοῦ
695 5137 870 5200 εἴδους
897 5139 1122 5208 διαμονῇ
1168 5140 1350 5209 μόνον,
1376 5142 1514 5196 ἀλλά
1555 5145 1646 5197 καὶ
1677 5145 1884 5209 ἁπλῶς.
1911 5148 2024 5202 Καὶ

460 5230 667 5302 βέλτιον
696 5232 794 5301 μὲν
819 5230 966 5302 ἔχειν
990 5231 1098 5284 τῶν
1130 5231 1270 5286 κατά
1297 5233 1460 5300 φύσιν
1485 5236 1646 5304 μόνον
1675 5237 2025 5307 προαγόντων

457 5325 526 5378 τὰ
556 5325 692 5393 πρὸς
720 5324 896 5394 τούτῳ
925 5324 1003 5377 ἔτι
1055 5327 1148 5378 καὶ
1177 5327 1317 5380 κατὰ
1343 5329 1538 5398 τέχνην
1585 5329 1866 5394 ποιοῦντα,
1916 5333 2024 5394 πᾶς

456 5436 538 5482 τις
583 5417 648 5472 ἂν
681 5418 837 5484 φαίη.
866 5416 927 5470 El
957 5418 1000 5471 δ’
1024 5411 1134 5472 οἷον
1163 5419 1209 5473 τ’
1233 5414 1301 5490 ἦν
1335 5421 1429 5474 καὶ
1475 5420 1651 5485 ἄλλως
1685 5421 2026 5492 διελομένους

458 5509 534 5573 ὡς
576 5511 634 5562 ἐν
674 5509 931 5563 ὐποθέσει
976 5513 1224 5576 σκοπεῖν,
1258 5511 1365 5564 τῶν
1397 5511 1492 5565 καὶ
1525 5512 1684 5581 φύσει
1726 5515 1818 5568 καὶ
1866 5516 2027 5585 τέχνῃ

461 5601 763 5669 γινομένων
798 5603 988 5656 αἰτίων
1031 5602 1197 5656 τινῶν
1235 5598 1400 5676 ἦττον
1432 5604 1500 5658 ἂν
1533 5605 1666 5657 ἐὸίω
1697 5604 2027 5674 εὐδαιμόνως

465 5697 531 5747 τά
590 5695 752 5766 τέχνῃ
803 5697 962 5764 μόνον
1009 5696 1288 5750 ποιοῦντα.
1329 5696 1438 5750 Καὶ
1482 5695 1574 5750 νῦν
1613 5698 1668 5749 ἐν
1717 5697 2027 5767 ἀνθρώποις

469 5787 645 5857 πολλῷ
679 5805 758 5850 τις
789 5791 932 5859 ἥδιον
966 5790 1070 5861 βιοῖ
1092 5792 1181 5845 καὶ
1217 5789 1695 5862 εὐδαιμονέστερον
1729 5793 1790 5844 ὲκ
1815 5791 1906 5844 τοῦ
1935 5791 2027 5846 δύο

2123 4604 2220 4654 την
2250 4587 2362 4657 γὰρ
2391 4586 2485 4640 τοῦ
2513 4587 2647 4640 Θεοῦ
2673 4585 3069 4655 ὐποδεεστέραν
3095 4584 3322 4638 τιθεῖσιν
3343 4585 3391 4636 οί
3420 4584 3698 4652 λέγοντες,

2123 4680 2220 4734 am
2254 4680 2390 4750 μηδέ
2422 4679 2626 4749 ταύτης
2661 4681 2726 4731 ἐκ
2766 4679 2865 4748 τῆς
2901 4679 3147 4749 ἀνάγκης
3180 4677 3557 4749 γεγενημένης
3596 4677 3701 4743 τῆς

2124 4774 2361 4843 φύσεως.
2398 4775 2556 4827 Ἤτοι
2590 4771 2685 4827 νῦν
2721 4773 2882 4843 μόνος
2941 4775 2968 4826 ὀ
2999 4773 3130 4836 Θεὸς
3165 4773 3358 4825 ἑαυτὸν
3390 4770 3700 4837 οὐ-νοήσει,

2124 4866 2247 4930 νοῦς
2280 4864 2375 4929 ὢν,
2407 4864 2440 4935 ἢ
2474 4864 2546 4934 τῷ
2578 4866 2644 4917 τὰ
2665 4865 2798 4920 ἄλλα
2832 4867 2972 4917 νοεῖν
2995 4881 3008 4894 ·
3040 4860 3116 4916 ὧν
3143 4863 3196 4915 τί
3237 4861 3434 4931 γένοιτ’
3471 4861 3538 4914 ἂν
3575 4861 3702 4912 ἀτο-

2125 4960 2396 5028 πώτερον,
2427 4962 2475 5012 εἰ
2498 4958 2562 5028 δὴ
2602 4957 2775 5011 ταῦτα
2810 4957 2910 5026 μὲν
2937 4955 3294 5018 ἀνακόλουθα,
3318 4957 3344 5006 6
3376 4954 3432 5006 δὲ
3473 4953 3606 5016 Θεός
3637 4952 3700 5004 δν

2124 5053 2241 5106 ἐστι
2286 5055 2380 5106 καὶ
2430 5051 2637 5120 ἀγαθόν
2683 5067 2742 5103 τε
2787 5049 2883 5104 καὶ
2918 5049 3137 5119 ἀληθὲς,
3172 5050 3227 5100 ὲν
3258 5047 3333 5116 τῷ
3359 5049 3572 5117 ἐσχάτῳ
3598 5047 3695 5098 καὶ

2125 5147 2421 5214 ἀκραιφνεῖ
2460 5145 2560 5214 τῆς
2603 5161 2664 5196 τε
2718 5142 2907 5205 οὐσίας
2951 5142 3044 5194 καὶ
3070 5140 3407 5210 ἀγαθότητος
3439 5139 3536 5193 καὶ
3566 5140 3698 5207 ἀλη-

2127 5239 2307 5305 θείας;
2339 5237 2515 5291 ταῦτα
2539 5238 2647 5307 γὰρ
2673 5237 2765 5292 καὶ
2795 5235 2975 5289 αὐτῶν
3021 5234 3286 5301 Ἑλλήνων
3317 5234 3366 5286 οί
3395 5233 3698 5302 δοκιμώτε-

2131 5349 2214 5402 ροι
2255 5331 2497 5399 ἠξίωσαν
2519 5329 2922 5398 ἀντιστρέφειν.
2958 5327 3063 5378 Καὶ
3089 5329 3115 5380 ό
3146 5327 3290 5395 ίερὸς
3324 5325 3381 5378 δὲ
3413 5325 3571 5392 λόγος
3598 5322 3698 5376 αύο

2125 5426 2219 5477 τὸν
2261 5425 2360 5494 μὲν
2395 5419 2534 5475 εἶναι
2577 5422 2669 5474 τὸν
2702 5420 2834 5472 Θεὸν
2883 5420 2981 5488 τὴν
3011 5418 3268 5487 ἀλήθειαν
3305 5416 3468 5482 ἀξιοῖ,
3506 5415 3692 5468 οὐδένα

2129 5514 2184 5568 δὲ
2212 5499 2438 5582 ἀγαθὸν,
2466 5513 2514 5564 εί
2547 5512 2622 5580 μὴ
2653 5511 2751 5564 ἕνα
2771 5509 2860 5562 τὸν
2883 5509 3036 5574 Θεὸν,
3066 5502 3207 5559 εἶναι
3235 5524 3248 5537 ·
3279 5510 3375 5560 καὶ
3401 5505 3563 5560 αὐτὸν
3588 5505 3695 5556 ὐπ-

2130 5609 2318 5679 ἀρχειν
2354 5605 2422 5660 τά
2456 5606 2586 5658 ὄντα
2631 5621 2694 5672 γε
2726 5604 2820 5658 καὶ
2847 5605 2907 5656 τὸ
2933 5603 3016 5667 ὃν,
3055 5603 3150 5653 καὶ
3180 5600 3302 5653 νοῦν
3355 5601 3412 5652 δὲ
3455 5601 3543 5651 τὸν
3569 5598 3695 5664 ἄρι-

2135 5703 2257 5754 στόν
2286 5717 2343 5752 τε
2392 5701 2485 5752 καὶ
2523 5697 2956 5769 φρονιμώτατον,
2989 5697 3086 5764 οὐχ
3133 5696 3294 5763 ἡμεῖς
3343 5695 3515 5762 μόνον,
3555 5689 3698 5742 ἀλλά.

2137 5793 2228 5843 καὶ
2276 5789 2546 5860 Ἑλλήνων
2590 5790 2635 5841 οἱ
2683 5787 2835 5841 αὐτοὶ
2876 5779 3020 5839 οὗτοι
3043 5783 3314 5853 λέγουσιν.
3359 5780 3559 5848 Ἐαντῷ
3589 5777 3698 5847 μὲν
