3932 6458
237 359 329 422 609

237 478 336 546 ἄρα
362 469 450 526 καὶ
471 455 679 534 οὐδενὸς
718 468 880 524 ἄλλου
906 469 1070 522 ἓνεκα
1099 469 1128 521 6
1160 464 1292 530 Θεὸς
1326 465 1393 520 ἂν
1425 464 1536 536 εἴη,
1567 463 1627 517 δν
1657 479 1790 531 τυγ.

237 565 386 636 χάνον
409 563 468 616 τὸ
504 561 719 632 πρῶτον
759 561 855 615 καὶ
908 559 1146 629 μάλιστά
1195 574 1259 626 γε
1296 557 1390 610 καὶ
1429 554 1787 625 κυριώτατον.

233 656 366 718 Νοῦς
387 654 441 708 δὲ
470 653 567 719 ὣν,
593 654 834 723 νοήσειεν
870 653 937 706 ἂν
967 653 1140 722 δήπου
1172 649 1263 703 καὶ
1297 648 1514 712 ἑαυτὸν,
1551 646 1688 712 εἴγε
1713 646 1792 696 δεῖ

235 747 452 816 τάληθὲς
502 747 601 816 μὲν
629 749 768 800 νοεῖν
795 745 981 810 αὑτὸν,
1011 743 1171 805 αὑτὸς
1215 743 1272 796 δέ
1304 743 1421 795 ἐστι
1463 738 1644 794 τοῦτο.
1681 740 1793 791 Καὶ

236 837 479 907 ἐρασθείη
507 838 550 890 δ’
576 838 641 892 ἂν
673 837 909 905 τάγαθοῦ
931 853 944 867 ο
985 837 1045 890 ού
1079 836 1190 906 γάρ
1220 834 1284 906 δὴ
1320 835 1481 904 μόνος
1524 834 1552 886 ό
1591 832 1793 899 ἀγαθὸς

234 930 376 983 ἔσται
415 929 490 998 μὴ
522 929 730 999 χαίρων
767 931 844 998 τῷ
885 927 1095 997 ἀγαθῷ.
1142 926 1539 996 Ἐρασοήσεται
1589 923 1634 978 δ’
1663 926 1792 978 ἑαυ-

231 1023 336 1081 τοῦ,
376 1021 518 1090 εἴγε
551 1021 632 1074 δεῖ
692 1021 791 1092 μὲν
837 1021 1001 1074 αὐτὸν
1054 1018 1134 1090 τῷ
1191 1019 1404 1090 ἀρίστῳ
1455 1017 1668 1092 Βίρειν
1701 1019 1794 1069 καὶ

231 1111 518 1165 ἀπολαύειν
574 1111 765 1178 αὑτοῦ,
827 1111 987 1173 αὐτὸς
1042 1111 1098 1163 δέ
1156 1111 1270 1163 ἐστι
1333 1104 1594 1175 τάγαὍόν.
1653 1104 1795 1158 Αὑτὸ

233 1205 326 1274 μὲν
387 1203 450 1273 δὴ
501 1204 561 1256 τὸ
596 1205 808 1274 νοητὸν,
842 1197 884 1270 ᾧ
919 1204 1030 1256 νοεῖ
1062 1201 1277 1267 ἑαυτὸν,
1327 1199 1422 1253 καὶ
1463 1199 1496 1269 ἠ
1528 1197 1736 1266 νόησις,
1768 1197 1794 1248 6

230 1294 366 1357 θεῖος
402 1293 610 1362 πέφηνε
646 1296 840 1362 Λόγος,
871 1293 1126 1364 ὁμοιότης
1167 1291 1334 1344 αὑτοῦ
1386 1292 1481 1343 καὶ
1535 1289 1650 1342 ίδέα
1711 1305 1794 1350 τις

231 1383 526 1454 σύμφυτος,
557 1382 654 1448 ὢν,
690 1383 784 1438 καὶ
837 1385 1070 1453 ἀλήθειά
1129 1401 1191 1452 γε
1249 1383 1410 1453 αὑτὴ,
1452 1380 1561 1435 οὐδ’
1609 1383 1668 1434 ὲν
1717 1379 1796 1450 τῷ

225 1477 340 1547 Θεῷ
376 1477 538 1547 μόνον
588 1478 682 1531 καὶ
731 1479 876 1552 Θεὸς.
912 1478 1096 1542 αὑτὸς,
1137 1479 1274 1532 ἀλλά
1309 1477 1372 1547 δὴ
1409 1476 1506 1529 καὶ
1545 1474 1682 1545 πρὸς
1708 1473 1798 1525 τὸν

225 1569 376 1634 Θεὸν,
435 1569 512 1632 ὡς
551 1569 620 1622 τά
651 1569 808 1638 λόγια
851 1569 1122 1639 βούλεται.
1170 1567 1342 1632 Αύτὸς
1382 1567 1438 1620 δέ
1474 1585 1538 1635 γε
1575 1569 1603 1619 ό
1635 1566 1796 1636 ἔρως,

221 1655 264 1729 ᾧ
295 1661 435 1730 πρὸς
468 1661 662 1714 ἑαυτὸν
696 1662 1100 1731 ἁντέστραπται
1148 1662 1176 1714 6
1201 1660 1356 1726 Θεὸς,
1415 1659 1509 1714 καὶ⁸
1547 1659 1648 1730 ἐρᾷ
1673 1659 1798 1711 ἑαυ-

221 1749 313 1804 τοῦ
341 1750 586 1819 τάγαθοῦ
611 1751 786 1814 ὄντος,
813 1751 874 1805 τὸ
901 1752 1043 1805 θεῖον
1074 1753 1282 1823 πέφηνε
1315 1751 1560 1820 Πνεῦμα,
1593 1749 1796 1818 ἀγαθὸν

218 1844 296 1905 ὃν,
353 1844 450 1923 κερ.
504 1844 682 1911 ἅγιον,
739 1845 833 1896 καὶ
883 1845 1160 1914 ἀγαθότης
1212 1843 1374 1914 αὑτὴ,
1425 1844 1520 1896 καὶ
1574 1841 1800 1912 άγιότης

219 1936 380 2006 αὑτὴ,
408 1937 503 1989 καὶ
529 1937 802 2006 ἁγιασμὸς
834 1937 992 2000 αὑτὸς
1027 1937 1166 1990 κατά
1202 1937 1384 2006 φύσιν.
1411 1935 1522 1990 Καὶ
1545 1934 1718 1996 οὑτως
1741 1933 1800 1988 ἐν

216 2026 398 2098 ἐαυτῷ
432 2029 671 2097 τρισσῶς
699 2027 1005 2098 ὑφέστηκεν
1031 2031 1059 2081 ό
1084 2028 1236 2092 Θεὸς,
1264 2030 1358 2080 καὶ
1387 2028 1532 2096 τρεῖς
1562 2025 1802 2079 ὑποστά-

218 2137 331 2182 σεις
364 2123 508 2173 εἰσὶν
545 2122 601 2184 ὲν
621 2120 792 2190 αὐτῷ,
825 2122 880 2173 έν
910 2122 1054 2192 ἄκρᾳ
1085 2121 1298 2190 ἑνότητι
1325 2119 1561 2190 φύσεως.
1595 2117 1668 2172 οὑ
1695 2115 1802 2186 γὰρ

212 2212 386 2283 δήπου
415 2213 506 2266 τὸν
534 2214 675 2268 θεῖον
707 2215 900 2283 Λόγον,
928 2216 987 2274 ὃς
1017 2231 1079 2282 γε
1143 2215 1256 2268 τῶν
1306 2213 1465 2268 θείων
1512 2211 1802 2283 νοημάτων

213 2307 459 2370 ἄϐυσσός
493 2307 608 2360 ἐστι
633 2308 876 2371 πάντων,
909 2308 1018 2361 δέοι
1043 2307 1095 2376 γ’
1122 2307 1188 2362 ἂν
1223 2305 1296 2378 μὴ
1335 2305 1620 2374 ὑφεστῶτα
1660 2301 1800 2368 εἶναι

209 2400 369 2453 Θεόν.
400 2401 476 2453 ’Ἡ
506 2399 620 2463 πῶς
655 2400 722 2453 ἂν
743 2395 810 2470 ἦν
847 2401 958 2454 ίδέα
994 2401 1094 2470 μὲν
1125 2399 1330 2468 ἀληθὴς
1369 2399 1464 2452 τοῦ
1513 2397 1672 2462 Θεοῦ,
1727 2397 1803 2459 ὡς

208 2493 428 2562 φυσική
463 2509 547 2556 τις
575 2493 829 2561 ὁμοιότης
859 2491 1048 2558 αὑτοῦ,
1093 2493 1186 2545 καὶ
1249 2493 1434 2556 εἰκὼν,
1481 2490 1575 2544 καὶ
1610 2493 1802 2561 ’χαρα-

203 2585 381 2654 κτὴρ,
409 2585 511 2638 καὶ
535 2584 878 2653 ἀπαύγασμα
919 2583 1182 2654 ἔμφυτον,
1218 2583 1328 2637 ίδέα
1353 2583 1398 2636 δ’
1433 2578 1522 2647 αῦ,
1560 2583 1637 2644 ῶς
1695 2597 1801 2632 πα-

199 2676 502 2748 ράδειγμά
537 2693 588 2728 τι
615 2674 914 2744 ὑπερφυὲς,
948 2675 1059 2728 τῶν
1082 2675 1216 2746 πρὸς
1251 2674 1350 2744 τὴν
1371 2674 1666 2744 ὁμοιότητα
1703 2673 1804 2741 τῆς

197 2767 302 2820 τοῦ
343 2765 651 2835 γεννῶντος
703 2765 1006 2835 βουλήσεως
1029 2766 1122 2821 καὶ
1143 2767 1361 2828 ἑαυτοῦ,
1390 2763 1527 2818 Θεοῦ
1553 2765 1618 2834 τῇ
1647 2763 1805 2832 φύσει

193 2861 386 2923 ὖντος,
428 2859 847 2928 πεποιημένων,
879 2859 928 2911 εί
966 2857 1041 2930 μὴ
1078 2857 1376 2928 ὑφεστήκει
1431 2855 1565 2919 Θεὸς
1620 2855 1806 2926 νοητὸς

198 2952 346 3024 πρὸς
382 2951 487 3002 τὸν
509 2950 670 3004 αὑτὸν
699 2950 800 3021 μὲν
831 2953 896 3022 τῇ
931 2949 1091 3020 φύσει
1127 2946 1567 3028 Θεὸνη-νοοῦντα
1623 2949 1805 3019 μέντοι

194 3061 261 3112 γε
291 3043 603 3113 σχετικῶς,
631 3042 1085 3111 ἀντιτεταγμένος
1110 3057 1128 3109 ;
1161 3037 1268 3096 Ἦν
1303 3041 1344 3094 δ’
1385 3042 1450 3097 ἂν
1479 3041 1573 3095 καὶ
1627 3043 1808 3112 χεῖρον

198 3135 306 3206 μὲν
339 3134 445 3186 τοῦ
485 3133 630 3186 θείου
657 3133 748 3186 νοῦ
809 3133 870 3185 τὸ
931 3131 1212 3202 σύμφυτον
1265 3133 1476 3188 ἐκείνου
1533 3132 1627 3187 καὶ
1695 3132 1810 3186 ίσον

192 3226 497 3298 ὁμοίωμα,
533 3224 607 3296 μὴ
635 3225 727 3282 καὶ
751 3225 828 3294 τῇ
889 3225 1185 3293 ὑφεστάναι
1234 3225 1585 3294 ὡμοιωμένον
1619 3239 1635 3254 ο
1700 3222 1810 3278 τῶν

193 3320 251 3372 δὲ
277 3317 382 3370 τοῦ
421 3317 568 3370 Θεοῦ
605 3319 782 3386 ἔργων
809 3318 944 3370 πολὺ
969 3316 1205 3370 ἐλάττων
1232 3317 1262 3386 ή
1291 3317 1348 3370 ἐν
1383 3316 1460 3386 τῷ
1512 3314 1632 3386 Θεῷ
1694 3315 1808 3369 ἰδέα.

188 3429 251 3464 τε
286 3413 391 3465 καὶ
427 3414 457 3464 6
498 3411 675 3475 λόγος,
707 3408 1032 3479 ὑφεστώτων
1061 3409 1306 3473 ἐκείνων,
1338 3407 1476 3481 αὑτὴ
1529 3409 1604 3479 μὴ
1671 3409 1806 3476 ὑφε-

193 3507 475 3575 στηκυῖα,
521 3503 694 3556 καίτοι
722 3506 888 3556 πᾶσιν
923 3502 1213 3572 ἀπειράκις
1267 3501 1508 3570 ἀπείρως
1552 3502 1808 3571 ὑπερκει-

189 3601 366 3668 μένη.
408 3596 586 3650 Ἀλλά
607 3597 670 3665 δὴ
699 3598 792 3651 καὶ
821 3595 914 3650 τοῦ
977 3595 1035 3650 ὲν
1085 3596 1219 3664 ἡμῖν
1254 3595 1412 3659 λόγου
1463 3592 1516 3646 τί
1569 3591 1634 3646 ἂν
1690 3588 1805 3662 εἶχε

187 3689 368 3744 πλέον
406 3692 438 3743 ὁ
478 3689 650 3753 θεῖος,
681 3689 740 3740 τό
770 3705 831 3756 γε
863 3689 944 3752 είς
973 3687 1069 3758 τὴν
1109 3686 1273 3756 φύσιν
1301 3681 1434 3757 ἧκον
1472 3676 1584 3739 τοῦ
1625 3685 1802 3752 λόγου,

182 3783 342 3854 φημὶ
381 3782 456 3851 δὴ
501 3782 566 3833 τὸ
593 3782 649 3833 ὲν
669 3780 744 3850 τῷ
780 3779 853 3850 νῷ
886 3778 1238 3849 συνειλῆφθαι
1271 3779 1346 3840 ὡς
1377 3773 1514 3841 εἶδός
1551 3795 1602 3831 τι
1631 3778 1709 3848 τῷ
1746 3795 1805 3830 τε

181 3876 375 3947 νοητῷ
415 3891 551 3937 πως
602 3876 696 3927 καὶ
741 3873 818 3944 τῷ
867 3871 1074 3925 νοοῦντι
1109 3869 1508 3940 ὡμοιωμένονς
1571 3870 1646 3922 Ού
1696 3870 1806 3937 γάρ

180 3969 525 4030 ὑπόστασις
557 3965 801 4036 χωριστὴ
850 3964 925 4034 (1)
967 3964 995 4016 6
1054 3964 1111 4016 ὲν
1173 3964 1304 4032 ἡμῖν
1365 3961 1577 4030 πέφυκε
1627 3961 1801 4029 λόγος,

177 4061 306 4114 ἀλλ’
345 4062 412 4114 έν
449 4058 762 4112 ὑποστάσει
795 4055 993 4124 μᾶλλόν
1022 4057 1138 4109 ἐστι
1166 4057 1230 4125 τῇ
1262 4053 1355 4108 τοῦ
1393 4053 1506 4119 νοῦ,
1539 4054 1806 4126 ὑπαρκτι-

175 4153 296 4217 κῶς
323 4153 572 4206 ἐκείνου
598 4133 1138 4220 διακρινόμενοςνοού
1186 4147 1296 4218 γάρ
1353 4146 1538 4208 ἁπλῶς
1592 4147 1707 4198 ά)λ’
1768 4147 1802 4217 ἢ

172 4245 384 4312 νοητός
424 4245 586 4296 ἐστι.
612 4241 714 4292 Τὸν
749 4239 806 4291 δὲ
837 4239 977 4291 θεῖον
1000 4238 1107 4309 ἄρα
1135 4237 1307 4304 Λόγον
1363 4237 1531 4305 ἐχρῆν
1579 4237 1646 4306 τῇ
1704 4236 1804 4305 μὲν

169 4336 504 4405 ταυτότητι
555 4334 652 4400 τῆς
675 4331 938 4400 Θεότητος
968 4329 1055 4382 διὰ
1083 4330 1180 4400 τὴν
1207 4327 1489 4396 ἁπλότητα
1525 4325 1625 4394 τῆς
1657 4325 1804 4388 θείας

171 4427 412 4494 φύσεως
441 4421 860 4492 κεκοσμῆσθαι,
887 4422 954 4490 τῇ
985 4420 1041 4472 δὲ
1063 4420 1158 4488 τῆς
1189 4420 1540 4487 ὑποστάσεως
1573 4417 1802 4484 ίδιότητι

169 4519 272 4574 τοῦ
300 4517 655 4587 νενοηκότος
681 4513 828 4578 ἄξιον
855 4509 1013 4574 εἶναι,
1042 4511 1133 4564 καὶ
1161 4509 1235 4572 ὡς
1263 4511 1468 4572 ἐκεῖνος
1501 4507 1635 4562 νοῶν
1658 4510 1804 4560 ἐστιν

168 4613 448 4684 ἀληθῶς,
494 4607 674 4670 οὑτως
706 4606 868 4660 αὑτὸν
895 4604 1102 4676 κυρίως
1155 4599 1294 4656 εῖναι
1322 4601 1630 4672 νοούμενον.
1671 4599 1729 4654 Ὀ
1760 4599 1807 4652 δ’

165 4704 353 4767 αὑτός
398 4703 540 4754 ἐστι
576 4698 824 4764 καὶπερὶ
852 4697 946 4750 τοῦ
982 4695 1128 4748 θείου
1179 4693 1497 4764 Πνεύματος
1522 4692 1700 4760 λόγος,
1754 4691 1808 4744 εἴ

162 4816 254 4860 τις
293 4796 582 4867 βούλοιτο
611 4790 678 4844 τά
712 4792 970 4860 πρότερον
999 4789 1266 4859 εἰρημένα
1295 4787 1390 4840 καὶ
1441 4785 1588 4858 αύτῷ
1628 4787 1805 4856 ἐφαρ-

165 4890 386 4960 μόζειν
437 4885 690 4940 κατὰτὰ
719 4883 849 4953 περὶ
879 4881 1043 4935 αὑτοῦ
1094 4878 1532 4951 παραδεδομένα,
1586 4877 1689 4948 τὴν
1745 4879 1804 4930 έν

161 4989 287 5047 τοῖς
323 4980 682 5054 προσώποις
707 4979 896 5042 σώζων
930 4977 1216 5048 διαφοράν.
1250 4975 1402 5046 ’Λμα
1428 4975 1485 5028 δὲ
1517 4976 1611 5027 καὶ
1632 4974 1694 5025 τὸ
1729 4972 1802 5041 μὴ

160 5076 287 5129 δεῖν
325 5075 438 5128 ἐπὶ
479 5071 713 5132 πλείους
760 5069 1098 5124 ἐκτείνεσθαι
1141 5069 1238 5131 τὰς
1287 5067 1436 5130 θείας
1479 5064 1804 5126 ὑποστάσεις

156 5169 341 5235 δῆλόν
384 5173 531 5222 ἐστι
561 5165 672 5226 τοῖς
705 5163 940 5231 εύλόγως
979 5179 1038 5214 τε
1088 5161 1201 5231 ἃμα
1248 5159 1342 5212 καὶ
1392 5157 1632 5220 εὐσεϐῶς
1676 5172 1805 5207 σκο-

159 5259 539 5330 πουμένοις.
567 5253 732 5306 Οὐδὲν
761 5254 869 5322 γάρ
908 5254 935 5305 ό
980 5270 1031 5305 τι
1077 5251 1186 5302 τῶν
1219 5250 1346 5319 περὶ
1385 5247 1520 5299 Θεοῦ
1576 5245 1808 5315 λεγομέ-

154 5353 424 5406 νωιοὺκ
465 5349 550 5401 ἂν
578 5347 658 5408 εἰς
707 5345 805 5406 τάς
847 5345 1175 5404 ὑποστάσεις
1238 5343 1439 5403 ταύτας
1489 5337 1804 5408 ἀνενεχθείη

157 5446 369 5507 καλῶς
408 5441 530 5494 καὶ
567 5439 664 5500 τὰς
695 5438 952 5508 προόδους
987 5435 1190 5500 αὐτῶν,
1254 5431 1354 5486 εἰτ’
1408 5430 1680 5500 ἀγαθότης
1721 5429 1803 5499 εἴη

235 5619 327 5686 (Ι)
363 5615 536 5674 Cud.
572 5617 760 5682 χωρὶς,
795 5613 910 5667 siue
938 5627 1124 5676 sensu,
1158 5610 1245 5686 u_l_;i
1275 5625 1373 5686 no_s
1432 5623 1462 5662 e
1491 5607 1656 5686 _cpni.
1701 5627 1808 5675 χιοο

150 5679 371 5760 ριστῆ,
417 5679 600 5760 γοψῖ
634 5679 1004 5752 Peripateticis
1060 5697 1122 5736 ac
1178 5679 1586 5750 Ncuplatouicis
1655 5695 1808 5750 aeque

145 5757 486 5816 fannliari.
545 5757 721 5810 ALEI.
1397 5769 1402 5774 ·

235 5835 328 5904 (:2)
372 5830 548 5886 Gud.
589 5831 754 5897 μόνω,
795 5827 889 5883 sed
927 5827 1058 5896 quia
1100 5823 1175 5880 ibi
1229 5821 1408 5881 omitti
1451 5822 1592 5879 solet
1627 5821 1815 5876 Vsub-

1311 351 1684 414 EPISTOLA
1725 349 1824 408 AD
1865 347 2217 408 PLE'I‘IION
2234 347 2331 404 Ελεί

1822 470 1865 526 Α
1901 476 1960 527 γε
1987 457 2163 517 τοῦτο,
2197 458 2305 510 εἴτε
2352 457 2535 526 σοφία,
2590 459 2688 512 εἴτ’
2733 461 2904 531 ἰσχὺῖ,
2939 465 3037 517 εἴθ’
3069 467 3096 518 ὃ
3125 483 3175 520 τι
3209 467 3275 520 ἂν
3331 473 3464 542 φαίη

3353 353 3458 416 610

1897 569 1978 613 τις
2004 551 2109 603 τῶν
2132 551 2413 603 τοιούτων.
2447 550 2607 603 Ὥστε
2642 552 2716 620 μὴ
2746 555 2856 607 δεῖν
2897 556 2962 608 ἂν
2996 558 3086 609 ὑπ’
3113 562 3354 630 ἀνάγκης
3377 564 3468 614 ού⁴

1893 646 2086 714 δεμιᾶς
2115 645 2380 698 πλειόνων
2406 643 2544 698 εἶναι
2606 647 2704 717 τὴν
2757 649 3044 719 ένδοτέραν
3100 655 3192 705 καὶ
3237 655 3472 726 φυσικὴν

1895 737 2252 805 γονιμότητα,
2285 735 2317 804 ἢ
2346 737 2476 799 ὅσας
2511 735 2669 806 ἴσμεν
2689 755 2744 790 τε
2771 741 2860 792 καὶ
2884 742 3214 810 πιστεύομεν
3237 745 3474 802 ὑποστά-

1898 845 2030 894 σεις,
2071 829 2410 898 προακτικήν
2439 843 2454 858 ο
2496 829 2631 897 μήτε
2655 831 2750 880 καὶ
2780 829 2870 882 τὸν
2901 832 3044 886 θεῖον
3077 837 3250 902 Λόγον
3273 841 3470 910 γεννᾷν

1895 921 2005 974 δεῖν
2037 921 2069 988 ἢ
2102 921 2449 990 προϐάλλειν,
2481 921 2710 976 νοοῦντά
2741 941 2802 992 γε
2832 928 2924 978 καὶ
2958 929 3143 995 αὑτὸν,
3181 932 3270 983 καὶ
3303 933 3474 1000 ἐρῶν-

1897 1030 1965 1067 τα
1993 1012 2158 1065 αὑτοῦ
2191 1031 2247 1065 τε
2276 1015 2370 1065 καὶ
2400 1013 2493 1067 τοῦ
2529 1020 2914 1085 γεγεννηκότος
2946 1021 3040 1076 καὶ
3066 1021 3162 1074 τοῦ
3195 1025 3477 1093 συμφυοῦς

1899 1107 2219 1174 Πνεῦματος
2241 1124 2252 1135 ·
2295 1110 2326 1179 ἢ
2369 1109 2429 1160 τὸ
2457 1109 2676 1178 Πνεῦμα
2711 1111 3034 1181 προϐάλλειν
3059 1131 3118 1166 τε
3145 1117 3235 1166 καὶ
3257 1117 3475 1184 γεννᾷν,

1897 1201 2138 1267 νοήσεως
2170 1199 2356 1253 εἵνεκα
2389 1202 2484 1254 καὶ
2517 1202 2752 1271 ἀγάπης,
2787 1201 2824 1256 δι
2856 1204 2936 1256 δεῖ
2965 1207 3057 1256 καὶ
3083 1205 3221 1274 τῷδε
3257 1210 3480 1277 προσεῖ-

1899 1307 2008 1346 ναι.
2041 1291 2175 1344 Νοεῖ
2201 1292 2310 1362 γὰρ
2337 1293 2545 1346 τούτοιν
2575 1295 2836 1363 ἑκάτερον
2881 1295 2977 1347 καὶ
3027 1297 3148 1367 ἐρᾷ,
3195 1293 3230 1373 ᾗ
3291 1301 3478 1370 προῖόν

1899 1383 2049 1434 ἐστιν
2074 1385 2137 1436 ἐκ
2157 1382 2252 1436 τοῦ
2288 1383 2448 1448 Θεοῦ,
2483 1385 2577 1438 καὶ
2604 1387 2805 1439 οὑτωσὶ¹
2837 1388 3050 1457 προῖὸν,
3085 1388 3200 1442 ἀλλ’
3227 1392 3322 1460 οὺχ
3349 1392 3423 1454 ὡς
3445 1393 3475 1444 ό

1900 1474 2033 1538 Θεὸς
2072 1477 2165 1528 καὶ
2199 1476 2411 1545 Πατὴρ,
2457 1476 2516 1530 οῦ
2574 1479 3012 1548 προεληλύθατον
3065 1481 3253 1550 ἄμφω,
3300 1487 3392 1536 καὶ

1899 1565 2175 1637 λαμϐάνον
2204 1569 2340 1634 ἐστὶ,
2375 1572 2466 1623 καὶ
2488 1572 2607 1637 μετ’
2634 1571 2794 1624 ἄλλου
2825 1572 3126 1642 λαμϐάνον,
3159 1575 3257 1644 οὔχ
3293 1575 3476 1628 ὡσαύ-

1899 1675 2008 1718 τως
2037 1675 2100 1725 γε
2121 1658 2182 1711 τὸ
2211 1659 2361 1726 αὐτὸ,
2399 1659 2512 1712 ἀλλ’
2547 1661 2642 1730 οὑχ
2729 1661 3030 1730 δυνάμενον
3066 1663 3240 1734 ἑτέρῳ
3269 1680 3333 1731 γε
3371 1682 3484 1718 κοι-

1903 1752 2108 1817 νωνεῖν,
2137 1749 2166 1803 ὃ
2195 1752 2390 1804 ταυτὸν
2426 1751 2489 1805 ἂν
2519 1752 2604 1823 εἴη
2639 1754 2712 1821 τῷ
2748 1757 3024 1807 κοινωνεῖν
3052 1755 3110 1808 ἐν
3158 1759 3270 1818 τοῖς
3315 1755 3482 1818 θείοις

1831 1825 1878 1886 Β
1907 1841 1985 1911 τῷ
2021 1842 2198 1914 Πατρλ
2214 1843 2417 1912 προσὸν
2448 1843 2503 1908 ἐξ
2529 1845 2792 1914 ἀνάγκης.
2824 1846 2913 1914 Τῷ
2937 1847 3044 1917 γάρ
3087 1847 3357 1918 προῆχθαι
3389 1851 3482 1902 καὶ

1904 1937 2105 2006 τρόπον
2128 1938 2187 1988 οὑ
2210 1936 2301 1988 τὸν
2327 1936 2508 2002 αὑτὸν,
2541 1937 2588 1988 εί
2619 1938 2714 1990 καὶ
2763 1940 3047 2008 συμφυῶς,
3102 1944 3168 2012 τῆ
3220 1941 3320 2012 μὲν
3385 1943 3482 1997 τοῦ

1905 2025 2204 2095 προηχότος
2239 2025 2400 2090 αὐτὰ,
2447 2029 2510 2096 τῇ
2544 2025 2588 2079 δ’
2639 2027 2906 2097 ἀλλήλων,
2961 2029 3333 2102 διακρίνεσθον
3391 2035 3484 2104 μό-

1905 2135 1981 2188 νῳ
2016 2118 2114 2185 (2).
2147 2119 2250 2170 Καὶ
2287 2118 2468 2170 τοίνυν
2499 2119 2688 2172 τούτου
2714 2121 2878 2189 μόνου
2929 2123 3354 2194 φυλαττομένου,
3385 2130 3486 2196 τὴν

1903 2210 1963 2260 έν
1984 2211 2096 2271 τοῖς
2122 2207 2303 2270 ἄλλοις
2332 2208 2414 2261 δεῖ
2440 2211 2725 2264 κοινωνίαν
2753 2217 2845 2266 καὶ
2876 2217 3101 2268 σκοπεῖν
3126 2217 3219 2269 καὶ
3239 2217 3482 2273 τιθέναι*

1906 2299 2227 2368 φυλάττοιτο
2257 2299 2303 2352 δ’
2339 2301 2424 2364 ἂν,
2465 2301 2656 2368 άγόνου
2688 2305 2781 2357 καὶ
2815 2307 2912 2371 τῆς
2943 2309 3180 2380 νοήσεως
3240 2312 3334 2364 καὶ
3384 2313 3486 2380 τῆς

1905 2391 2124 2460 ἀγάπης
2157 2387 2488 2460 προσόντων,
2521 2395 2595 2456 ὡς
2623 2395 2745 2466 Θεῷ
2778 2398 2877 2466 μὲν
2904 2401 3084 2471 νοητῷ
3109 2404 3204 2455 καὶ
3221 2405 3482 2474 ’γεννητῷ

1905 2499 1990 2551 γε,
2015 2483 2089 2552 τῷ
2123 2484 2300 2555 Λόγῳ,
2327 2485 2446 2554 Θεῴ
2487 2487 2544 2540 δὲ
2594 2489 2856 2559 ἐρωμένῳ
2899 2493 2993 2545 καὶ
3038 2494 3483 2564 προϐαλλομένῳ,

1904 2575 1981 2644 τῷ
2007 2577 2283 2644 Πνεύματι
2324 2593 2337 2607 ·
2364 2579 2438 2640 ὼς
2465 2575 2741 2648 εἶναι’μὲν
2776 2585 2873 2653 τὴν
2925 2585 3130 2640 τούτων
3179 2587 3354 2660 ἀρχὴν
3381 2588 3480 2659 (5),

1907 2667 2128 2722 νοοῦντα
2158 2669 2321 2722 αὑτὸν
2355 2671 2448 2722 καὶ
2477 2672 2689 2740 ἐρῶντα
2719 2675 2904 2738 αὑτὸν,
2935 2677 2963 2730 ὃ
3018 2681 3214 2732 ταυτόν
3265 2681 3485 2752 ἐστιτῷ

1912 2761 2072 2828 μόνον
2102 2755 2241 2816 εἶναι
2273 2763 2362 2814 καὶ
2404 2762 2626 2818 νοοῦντα
2657 2767 2751 2819 καὶ
2772 2767 2983 2836 ἐρῶντα
3005 2772 3242 2840 γονίμως
3271 2775 3353 2841 (τὸ
3376 2777 3485 2846 γάρ

1909 2851 2114 2920 κυρίως
2139 2853 2256 2904 ἴσον
2278 2854 2398 2906 ἐκεῖ
2424 2855 2499 2924 τῷ
2550 2858 2698 2924 ἅπαξ
2729 2859 3010 2924 δύνασθαι,
3075 2865 3278 2927 πάντες
3319 2867 3484 2936 ἠξίω-

1911 2943 2034 3012 σαν)
2065 2959 2080 2974 ⁸
2115 2946 2228 2996 τοῖν
2255 2945 2308 2997 δὲ
2370 2949 2556 3016 νόησιν
2585 2949 2684 3017 μὲν
2737 2952 2904 3019 αὐτὴν
2954 2951 3094 3007 εἶναι
3137 2957 3232 3008 καὶ
3298 2960 3486 3027 νοητὸν

1911 3035 2042 3088 αὐτὸ
2080 3034 2325 3106 θάτερον,
2364 3039 2454 3090 τὸν
2503 3040 2593 3092 τοῦ
2660 3040 2797 3095 Θεοῦ
2841 3043 3011 3114 δήπου
3061 3047 3255 3114 Λόγον,
3304 3047 3483 3119 ἔρωτα
3549 3092 3562 3098 -

1909 3125 1953 3180 δ’
1976 3128 2139 3207 αὑτὸν
2167 3133 2258 3184 καὶ
2287 3133 2380 3193 ἐρα
2393 3132 2517 3185 στὸν
2539 3133 2670 3186 αὑτὸ
2693 3135 2754 3187 τὸ
2778 3136 3001 3207 Πνεῦμα
3024 3135 3162 3192 εἶναι
3185 3141 3246 3193 τὸ
3287 3140 3440 3208 ἅγιον
3466 3158 3482 3172 ·

1909 3218 1938 3272 ὃ
1970 3222 2168 3274 ταυτὸν
2199 3222 2264 3273 ἂν
2291 3224 2374 3294 εἴη
2403 3223 2480 3290 τῷ
2507 3227 2643 3277 νοεῖν
2675 3227 2881 3294 ἁγόνως
2915 3245 2978 3296 γε
3031 3231 3124 3284 καὶ
3165 3233 3317 3304 ὲρᾷν.
3375 3235 3484 3287 Καὶ

1911 3312 2098 3385 ὥσπερ
2147 3317 2176 3367 6
2209 3315 2340 3378 Θεὸς
2377 3317 2471 3370 καὶ
2534 3319 2719 3388 Πατὴρ
2759 3321 2961 3373 νοεῖταί
3025 3339 3088 3391 γε
3133 3323 3224 3376 ὑπ’
3276 3327 3482 3395 ἀμφοῖν

1909 3408 2007 3460 καὶ
2035 3407 2228 3476 ἐρᾶται
2254 3409 2478 3477 ὁμοίως,
2517 3409 2708 3463 ἀλλὐὺ
2745 3416 3048 3482 προάγεται
3106 3415 3198 3470 ὑπ’
3251 3421 3478 3500 ἀμφοῖν,

1908 3497 2050 3551 οὕτω
2073 3500 2166 3552 καὶ
2195 3499 2370 3553 ταῦτα
2399 3503 2537 3553 νοεῖν
2573 3503 2672 3570 μὲν
2698 3505 2788 3556 καὶ
2822 3506 2952 3576 ἐρᾷν
2984 3507 3233 3578 ἀλλήλων
3261 3497 3353 3565 καὶ
3386 3513 3484 3567 τοῦ

1909 3591 2144 3661 Πατρὸς,
2178 3593 2314 3662 μηδὲ
2345 3594 2433 3646 τὸν
2485 3595 2701 3664 Πατέρα
2737 3599 3148 3668 ἁντιπροάγειν,
3213 3603 3340 3674 μήθ’
3389 3603 3481 3658 ὑπ’

1907 3683 2154 3752 ἀλλήλων
2180 3686 2518 3754 προάγεσθαι
2550 3705 2564 3720 ο
2591 3688 2688 3757 τῆς
2715 3689 2770 3742 δὲ
2808 3689 2958 3753 θείας
2991 3692 3202 3761 φύσεως
3227 3696 3284 3748 ὲν
3337 3695 3477 3750 ᾶπα-

1909 3791 1993 3828 σιν
2019 3773 2184 3847 οῦσης
2218 3777 2316 3846 τῆς
2348 3780 2645 3848 νοουμένης
2664 3797 2723 3833 τε
2754 3781 2847 3832 καὶ
2880 3782 3218 3856 ἀγαπωμένη
3235 3803 3276 3850 ς,
3309 3789 3480 3859 αὐτῆς

1906 3881 1965 3917 τε
1998 3868 2088 3920 καὶ
2122 3867 2214 3919 τοῦ
2247 3870 2386 3921 νοεῖν
2419 3869 2450 3938 ἢ
2487 3870 2618 3938 ὲρᾷν
2669 3869 2787 3932 ἑνὸς
2819 3871 2994 3924 ὄντοιν
3049 3875 3167 3926 ἐκεῖ
3226 3877 3480 3947 πράγμα-

1906 3973 2017 4022 τος,
2059 3959 2108 4012 εί
2144 3957 2236 4012 καὶ
2263 3959 2462 4028 τρόπον
2493 3959 2698 4030 ἕτερον,
2751 3962 2979 4035 ἀληθείᾳ
3043 3966 3137 4018 καὶ
3194 3969 3480 4036 πράγματι

1907 4051 2000 4102 καὶ
2039 4050 2114 4118 μὴ
2145 4049 2268 4102 κατ’
2334 4051 2577 4104 ἐπίνοιαν
2641 4053 2830 4122 μόνην,
2888 4055 2966 4118 ὡς
3016 4058 3242 4128 ἐλήρουν
3312 4064 3477 4128 τινὲς,

1909 4139 2070 4192 ἐστὸν
2101 4140 2459 4211 διενηνοχότε,
2490 4141 2580 4193 ἕνα
2617 4142 2692 4213 (4)
2729 4146 2792 4213 τῇ
2837 4145 2996 4212 φύσει
3027 4148 3151 4202 νοῦν
3191 4151 3284 4203 καὶ
3345 4153 3478 4208 Θεὸν

1905 4234 2002 4286 ἕνα
2025 4233 2121 4297 τὰς
2145 4235 2292 4303 τρεῖς
2321 4232 2894 4298 ύποστάσειςέἷναίτε
2940 4243 3031 4296 καὶ
3082 4246 3196 4307 τοῖς
3242 4241 3300 4300 εὖ
3343 4264 3477 4318 φρο-

1905 4320 2055 4373 νοῦσι
2087 4321 2461 4387 πιστεύεσθαι,
2493 4322 2586 4375 τοῦ
2618 4323 2715 4395 τὴν
2753 4327 2937 4396 νόησιν
2970 4332 3088 4384 ἐκεῖ
3112 4333 3202 4386 καὶ
3229 4335 3318 4389 τὸν
3344 4339 3480 4408 ἐρω-

1905 4431 1972 4466 τα
1994 4413 2070 4483 τῷ
2090 4414 2298 4484 γονίμῳ
2320 4431 2375 4468 τε
2405 4416 2495 4468 καὶ
2525 4416 2704 4489 ἀγόνῳ
2732 4418 3094 4492 διενηνοχέναι
3125 4427 3184 4480 τό
3213 4444 3270 4482 τε
3301 4432 3479 4499 μόνως

1837 4505 1880 4561 ι)
1909 4507 2080 4560 αῖτιον
2108 4508 2200 4560 καὶ⁵
2229 4508 2296 4571 τά
2331 4507 2508 4578 μόνως
2541 4511 2756 4565 αίτιατά
2792 4518 3150 4583 συνιστῶντος
3189 4522 3372 4592 μόνον,
3405 4523 3480 4578 ὧν

1911 4599 2029 4660 ταῖς
2059 4597 2314 4668 ἀληθέσιν
2349 4601 2648 4672 ἀναφοραῖς
2664 4621 2722 4657 τε
2748 4606 2840 4658 καὶ
2869 4605 3126 4680 ἰδιότησιν
3153 4613 3214 4677 ἐξ
3237 4616 3478 4687 ἀνάγκης

1909 4687 2005 4749 τὰς
2029 4689 2176 4759 τρεῖς
2206 4690 2532 4755 ὑποστάσεις
2562 4693 2790 4748 ἔπεσθαι
2818 4695 2917 4750 δεῖ.

1993 4783 2329 4849 ’Δξιόπιστος
2350 4787 2395 4840 δ’
2427 4787 2566 4859 ὑπὲρ
2589 4790 2735 4858 ἡμᾶς
2765 4794 2857 4844 καὶ
2882 4794 2971 4846 τὸν
2994 4797 3268 4868 ἡμέτερον
3320 4801 3479 4872 λόγον

1909 4873 1938 4926 6
1970 4877 2062 4928 τοῦ
2091 4875 2226 4929 Θεοῦ
2271 4877 2440 4945 Λόγος
2504 4879 2690 4946 αὐτὸς,
2737 4882 2910 4953 ἑαυτῷ
2962 4903 3020 4940 τε
3064 4891 3157 4943 καὶ
3219 4893 3296 4963 τῷ
3353 4896 3482 4968 θείῳ

1912 4967 2188 5037 Πνεύματι
2221 4969 2530 5040 μαρτυρῶν,
2572 4971 2649 5036 ὡς
2699 4975 2762 5028 ἐκ
2823 4977 2958 5029 Θεοῦ
3013 4988 3378 5055 προηγμένοις
3421 4967 3479 5044 τε

1912 5063 2038 5118 καθ’
2068 5065 2392 5128 ὑπόστασιν,
2417 5066 2510 5119 καὶ
2548 5067 2605 5118 έν
2634 5069 2788 5156 αὐτῷ
2825 5073 2963 5126 κατὰ
2993 5075 3156 5142 φύσιν
3186 5081 3338 5136 οὐδὲν
3386 5081 3481 5156 ἦτ-

1913 5174 2002 5210 τον
2032 5153 2150 5210 οὖσι
2171 5156 2262 5210 καὶ
2296 5157 2353 5207 ἐν
2388 5143 2665 5229 ἀλλήλοιςῗ
2688 5163 2830 5231 Δήλη
2879 5166 2934 5218 δὲ
2987 5170 3079 5222 καὶ
3123 5173 3154 5241 ἡ
3224 5175 3344 5241 ἱερὰ
3375 5143 3481 5228 τξῖλν

1927 5250 2195 5303 Ἰουδαίων
2231 5247 2474 5316 θεολογία
2505 5251 2602 5320 τὴν
2635 5253 2690 5313 ἐς
2725 5252 2949 5326 ὕστερον
2977 5225 3319 5331 ἀναλάμπείν
3351 5268 3478 5334 μέλ-

1916 5343 2116 5394 λουσαν
2147 5341 2272 5405 περὶ
2311 5340 2420 5392 τῶν
2462 5341 2618 5395 θείων
2644 5344 2898 5414 ἀλήθειαν
2923 5351 3360 5420 προδιατυποῦσα
3391 5361 3481 5409 καὶ

1918 5430 2496 5502 προανακηρύττουσα,
2525 5435 2584 5488 έν
2627 5435 2702 5506 τῷ
2725 5439 2802 5509 τῷ
2829 5441 2928 5508 μὲν
2957 5444 3118 5512 Λόγῳ
3157 5448 3362 5517 Κυρίου
3384 5450 3482 5520 τὴν

1920 5611 2179 5676 scriptum
2226 5626 2239 5662 :
2282 5625 2414 5664 cave
2445 5610 2588 5662 enim
2622 5609 2689 5661 de
2714 5609 2856 5662 duali
2898 5612 3127 5676 cogites.
3171 5614 3342 5667 ALEx.

1995 5683 2068 5748 (3)
2107 5681 2314 5734 Mutare
2357 5681 2486 5732 nihil
2538 5680 2806 5736 audemus
2846 5697 2858 5732 :
2923 5684 3270 5750 suspicamur
3303 5695 3483 5741 tamen

1921 5751 2226 5805 addendum
2264 5753 2417 5804 Θεόν.
2443 5751 2613 5804 Αιεκ.

1994 5822 2070 5892 (ί)
2109 5824 2248 5877 Aule
2281 5823 2374 5874 ἕνα
2416 5821 2774 5891 supplendum
2816 5820 2976 5876 ὥστε.
3015 5824 3180 5880 ALEX.
