3932 6458
474 343 579 403 607

1569 351 1952 412 GENNADII
1984 351 2059 412 CF

2164 350 2667 420 .‘ATRIARCHJ’E
3576 363 3660 425 C08

472 449 640 520 ἐχρῆν
672 452 872 520 μηδένα
909 453 970 507 ἐκ
1009 456 1105 520 τῆς
1138 458 1326 522 οὐσίας
1351 460 1444 514 τοῦ
1477 461 1636 529 Θεοῦ,
1669 464 1868 517 ταυτὸν
1898 463 1942 515 δ’
1971 463 2049 516 εί-
2082 470 2126 527 Α
2155 464 2250 517 καὶ
2283 465 2430 532 τρεῖς
2460 463 2658 526 παῖδας
2703 463 3092 534 γεγεννηκέναι
3121 466 3186 535 τῇ
3220 465 3369 535 φύσει
3409 468 3661 546 ὁμοίους,ἢ

470 545 592 594 πεῖν
614 543 711 613 τῆς
740 547 1022 614 ἐνεργείας
1061 549 1181 602 κατ’
1214 551 1434 616 αὐτοὺς,
1464 556 1805 624 προαχθῆναι
1836 555 2040 624 λέγειν,

470 635 588 687 ἀλλ’
608 637 811 692 ἄπαιδα
842 635 984 693 εἶναι
1010 641 1265 707 καθάπαξ
1287 648 1379 698 τὸν
1402 647 1535 699 Θεὸν
1552 651 1649 702 καὶ
1667 651 1881 717 ἄγονον.
1909 652 2046 704 Καί-

470 742 551 780 τοι
600 729 744 783 οῦτω
795 732 958 796 αὐτὸς
1003 733 1103 804 μὲν
1136 736 1371 803 μάλιστα
1407 738 1473 792 ἂν
1495 737 1572 802 είς
1604 736 1672 811 ἦν
1701 744 1798 795 καὶ
1833 741 1890 794 ἓν
1916 743 2040 796 άτοο

474 834 594 884 μον,
621 817 698 882 ὥς
727 838 914 889 φασιν,
957 824 984 876 δ
1018 827 1150 880 πολὺ
1192 827 1400 897 βέλτιον
1444 832 1512 885 ἂν
1545 833 1629 904 εἴη
1666 834 1759 887 τοῦ
1787 835 1844 896 ἐς
1873 833 2044 887 πολλά

470 911 568 979 τὴν
605 912 834 982 θεότητα
869 919 1266 988 κατατέμνειν·
1307 925 1340 992 ή
1375 923 1430 976 δὲ
1459 928 1638 987 κτίσις
1685 927 1786 980 οὐκ
1816 927 1882 981 ἂν
1924 927 2042 994 ἐγί-

470 1018 592 1054 νετο)
619 1006 680 1056 ἐκ
708 1005 865 1074 Θεοῦ,
897 1009 1012 1062 ἀλλ’
1045 1012 1076 1080 ή
1121 1013 1184 1065 ὲκ
1211 1017 1556 1082 ταυτομάτου
1586 1017 1638 1084 γ’
1669 1017 1735 1070 ἂν
1761 1013 1848 1087 ἦν,
1871 1019 1902 1086 ἢ
1929 1017 2042 1070 οὐδ’

470 1093 536 1146 ἂν
560 1090 628 1166 ἦν
655 1097 813 1158 ὅλως’
833 1101 930 1170 οὐχ
957 1104 1040 1156 ὅτι
1071 1105 1231 1172 μόνον
1250 1109 1352 1160 οὐκ
1383 1108 1448 1161 ἂν
1465 1101 1579 1161 οἷόν
1603 1109 1650 1162 τ’
1669 1105 1756 1180 ἦν,
1783 1110 1857 1182 μὴ
1876 1110 2045 1164 ὅντων

471 1186 582 1239 τῶν
633 1190 1210 1264 συνδημιουργούντων
1253 1215 1312 1251 τε
1370 1200 1539 1270 αὐτὴν
1581 1202 1674 1256 καὶ
1729 1219 2046 1274 συνεπιτρο⁴¹

474 1278 749 1334 πευόντων
793 1285 999 1339 παίδων
1034 1289 1242 1342 ἐκείνου
1296 1292 1422 1360 (δέοι
1471 1295 1579 1360 γὰρ
1607 1295 1673 1348 ἂν
1715 1297 1898 1358 αὐτοῖς
1951 1298 2047 1351 καὶ

471 1371 640 1439 άμφω
694 1375 1006 1447 ὑπάρχειν),
1036 1380 1170 1435 ἀλλά
1197 1384 1275 1453 τῷ
1323 1385 1414 1438 καὶ
1463 1385 1566 1456 τὴν
1618 1388 1899 1456 ἐνέργειαν
1950 1389 2047 1442 αὐ-

471 1465 566 1518 τοῦ
603 1467 797 1534 ἄγονον
837 1467 1000 1538 εἶναι,
1033 1473 1132 1544 τὴν
1161 1476 1329 1547 αὐτὴν
1375 1474 1540 1533 οὖσαν
1582 1482 1647 1550 τῇ
1677 1481 1836 1552 οὐσίᾳ
1881 1482 2048 1536 καθά-

474 1557 602 1621 παξ.
641 1559 710 1611 Ἢ
741 1560 923 1615 τοίνυν
956 1563 1103 1620 οὕτω
1151 1568 1462 1637 νομοθετεῖν
1494 1571 1691 1635 αὐτοὺς
1738 1573 1867 1640 ἔδει,
1904 1575 1936 1644 ἢ
1983 1576 2047 1627 ἐκ

473 1648 572 1718 τῆς
601 1650 791 1713 οὐσίας
813 1653 909 1707 τοῦ
937 1655 1070 1709 Θεοῦ
1101 1657 1356 1726 λέγοντας
1373 1662 1728 1733 γεγεννῆσθαι
1754 1665 1950 1728 παῖδάς
1970 1683 2048 1718 τι-

477 1758 570 1803 νας
604 1742 700 1796 καὶ
729 1744 960 1810 πολλούς
987 1765 1072 1816 γε,
1123 1752 1218 1804 καὶ
1265 1752 1364 1822 τῆς
1422 1755 1592 1824 αὐτῆς
1643 1756 1827 1819 οὐσίας
1863 1756 2047 1822 ἀξιοῦν

2151 553 2217 606 ἐκ
2243 553 2338 607 τοῦ
2379 554 2642 618 πολλάκις
2670 555 2940 618 τοσαύτας
2985 555 3171 618 κλίνας
3204 562 3600 632 πεποιηκέναιῆ
3641 568 3663 619 ὅ

2150 663 2204 698 τι
2241 646 2305 699 ἀν
2359 663 2441 706 τις
2495 648 2631 714 φαίη
2692 647 2800 698 τῶν
2852 647 3014 716 τέχνῃ
3074 647 3381 716 γινομένων,
3412 652 3444 704 ἆ
3484 656 3539 722 τῇ
3588 656 3664 722 μὲν

2153 738 2312 806 φύσει
2334 739 2584 808 ἀνόμοια,
2611 737 2688 808 τῷ
2708 738 2765 792 δὲ
2795 740 3099 809 προαιρετῷ
3132 740 3277 793 ἔνδον
3299 744 3416 797 είδει
3441 745 3663 817 ἀμηγέπη

2151 829 2503 901 ὡμοιωμένα.
2541 833 2646 884 Καὶ
2701 833 2748 884 εί
2807 831 2881 901 μὴ
2929 835 2984 884 αί
3033 833 3120 885 διὰ
3172 833 3270 902 τὴν
3327 836 3665 906 παιδοτροφίαν

2155 923 2464 990 φροντίδες,
2490 923 2568 993 τῷ
2593 923 2818 991 θεωρεῖν
2846 925 3300 994 προσιστάμεναι,
3337 926 3538 993 ἀγόνους
3567 931 3666 999 βού-

2153 1016 2344 1068 λεσθαι
2399 1011 2542 1068 εἶναι
2582 1017 2708 1076 τοὺς
2761 1018 2902 1070 πάνυ
2948 1034 3033 1070 τοι
3080 1019 3319 1088 ἐρῶντας
3362 1020 3448 1072 τοῦ
3483 1022 3668 1092 θεωρεῖν

2153 1107 2390 1171 ἔπειθον,
2424 1108 2540 1175 ἅμα
2561 1108 2616 1160 δὲ
2649 1110 2744 1162 καὶ
2770 1110 2870 1162 ὅσα
2897 1110 3034 1164 ἄλλα
3061 1110 3412 1174 συνέζευκται
3437 1117 3496 1182 τῇ
3523 1117 3670 1167 παιδο-

2154 1200 2324 1271 κομίᾳ
2353 1201 2620 1270 πρότερόν
2637 1182 2702 1254 ’τε
2728 1202 2822 1254 καὶ
2850 1200 3082 1270 ὓστερον
3109 1203 3362 1272 δυσχερῆ,
3394 1204 3487 1257 κᾶν
3513 1207 3671 1258 ἀθλιὼ-

2151 1309 2312 1352 τατος
2345 1285 2413 1361 ἦν
2450 1292 2478 1345 ὁ
2515 1290 2673 1344 τοῦτο
2719 1291 2939 1361 φεύγων
2979 1291 3068 1346 διά
3102 1293 3162 1344 τὸ
3201 1290 3400 1343 οἴεσθαι
3432 1294 3594 1360 ἀρκεῖν
3619 1295 3669 1345 ἂν

2154 1383 2304 1453 αὐτῷ
2339 1384 2475 1453 πρὸς
2499 1383 2845 1454 εὐδαιμονίαν
2869 1386 2932 1439 τὸ
2955 1387 3296 1455 προαγαγεῖν
3321 1401 3371 1436 τι
3394 1384 3492 1436 τῶν
3516 1401 3671 1456 τεχνη-

2153 1474 2282 1539 τῶν,
2317 1475 2408 1528 καὶ
2444 1474 2676 1545 ἀληθοῦς
2706 1475 2894 1545 ήδονῆς
2922 1475 3336 1545 ἀνεπίστροφος,
3365 1475 3487 1526 ὅπου
3517 1491 3572 1541 γε
3593 1476 3666 1527 καὶ

2153 1568 2325 1620 ταῦτα
2367 1567 2532 1621 ἕνεκά
2571 1584 2631 1620 τε
2673 1566 2767 1619 τοῦ
2805 1565 3093 1638 ἀνθρώπου
3128 1567 3290 1635 ίσμεν
3315 1568 3570 1634 γινόμενα,
3595 1567 3669 1620 καὶ

2153 1658 2244 1713 διά
2273 1658 2371 1728 τὴν
2394 1659 2582 1730 χρείαν
2618 1657 2926 1727 τιμώμενα,
2953 1659 3015 1711 οὐ
3045 1658 3112 1712 δι’
3146 1657 3334 1711 ἑαυτά.
3356 1658 3504 1728 Ὀσῳ
3526 1658 3667 1709 τοίνυν

2157 1747 2384 1817 βελτίων
2439 1749 2727 1819 ἄνθρωπος
2779 1750 2968 1820 κλίνης
3022 1749 3055 1819 ἢ
3108 1747 3422 1817 σκίμποδος,
3473 1747 3668 1814 τοσούτῳ

476 1826 636 1900 εῖναι,
673 1837 766 1889 καὶ
809 1840 1017 1905 πάντας
1063 1843 1404 1912 όμοουσίους,
1439 1848 1534 1900 καὶ
1566 1849 1681 1901 ἴσον
1720 1848 2052 1919 δυναμένους
2085 1838 2125 1893 Β
2156 1840 2365 1910 βέλτιον
2409 1841 2475 1896 ἂν
2521 1843 2606 1913 εἴη
2653 1843 2940 1913 ἄνθρωπον
2989 1844 3186 1912 γεννᾷν
3218 1843 3251 1912 ἦ
3283 1859 3334 1895 τι
3367 1841 3568 1894 ἐκείνων
3597 1841 3669 1908 δη·

479 1927 668 1990 ἁπλῶς
694 1945 753 1981 τε
787 1933 890 1984 κάν
915 1932 992 2001 τῷ
1028 1937 1192 1988 παντὶ
1220 1936 1354 2007 τῷδε
1380 1939 1474 1991 καὶ
1501 1941 1613 2002 τοῖς
1640 1940 1804 1994 αὐτοῦ
1832 1942 2043 2014 μέρεσι.

478 2018 672 2072 Καίτοι
704 2019 846 2076 οὕτω
875 2023 906 2093 ἢ
953 2024 1151 2090 αὐτοὺς
1185 2028 1292 2082 ἔδει
1326 2033 1485 2099 μόνον
1513 2028 1579 2086 αῦ
1613 2029 1773 2098 εἶναι,
1808 2035 1903 2088 καὶ
1941 2036 2050 2089 τῶν

477 2109 982 2184 δημιουργημάτων
1023 2120 1208 2173 οὐδέν’
1245 2123 1305 2176 οὐ
1360 2125 1468 2194 γὰρ
1500 2125 1568 2180 ἂν
1607 2126 1829 2196 ἔμελλεν
1866 2131 1893 2182 ό
1919 2129 2052 2191 Θεῆς

479 2201 652 2271 δήπου
683 2205 829 2276 ἕτερ’
862 2209 998 2264 ἄττα
1033 2214 1298 2282 προάγειν
1319 2219 1386 2285 τῇ
1418 2217 1689 2289 ἐνεργείᾳ,
1727 2220 1816 2273 ῖνα
1845 2220 1918 2290 μὴ
1950 2222 2052 2274 κά-

482 2298 636 2350 κεῖνα
683 2297 795 2352 θεοὶ
854 2296 986 2369 εῐεν,
1034 2307 1100 2376 τῇ
1155 2307 1290 2376 αὐτῇ
1318 2308 1491 2378 δήπου
1537 2314 1858 2382 προηγμένα
1887 2314 2053 2384 ἀρχῇ,

480 2388 578 2453 τῆς
623 2390 794 2460 αὐτῆς
839 2392 905 2446 ἂν
935 2394 1102 2468 οὔσης
1132 2400 1413 2468 ἐνεργείας
1449 2420 1508 2457 τε
1545 2406 1639 2458 καὶ
1669 2405 1857 2469 οὐσίας
1881 2406 2054 2460 καθά-

481 2479 624 2544 παξ·
657 2481 688 2550 ἢ
733 2486 827 2538 καὶ
871 2487 938 2540 τὰ
976 2488 1106 2543 ὄντα
1144 2492 1318 2546 πάντα
1350 2494 1503 2558 θεοὺς
1531 2493 1694 2562 εἶναι,
1725 2498 1825 2552 εἷθ’
1853 2499 2057 2568 ὁμοίως

483 2571 548 2623 ἐκ
580 2571 716 2627 Θεοῦ
756 2579 820 2644 τῇ
854 2578 1010 2651 οὐσίᾳ
1042 2585 1404 2653 γεγενημένα,
1438 2587 1549 2641 εἴτε
1590 2592 1680 2641 καὶ
1709 2591 1774 2643 ἐκ
1816 2591 1925 2644 τῶν
1961 2592 2056 2646 τοῦ

483 2660 621 2716 Θεοῦ
658 2667 884 2734 παίδων,
919 2672 994 2735 ὡς
1023 2673 1178 2727 αὐτοὶ
1223 2677 1281 2742 ἐξ
1315 2679 1522 2733 ἐκείνου
1556 2684 1886 2754 τυγχάνουσι
1923 2704 2056 2757 προ-

485 2757 738 2846 ηγμένοι.
769 2761 959 2825 Οὐδεὶς
1013 2768 1122 2835 γάρ
1181 2767 1248 2820 ἂν
1304 2769 1460 2837 λόγος
1495 2773 1672 2842 δοθείη
1717 2774 2056 2846 ἀνθρώπινος

481 2843 576 2896 τοῦ
620 2845 651 2914 ἢ
681 2848 772 2900 τὸν
805 2849 938 2904 Θεὸν
967 2854 1032 2908 ἐκ
1061 2856 1161 2927 τῆς
1193 2857 1382 2922 οὐσίας
1429 2861 1528 2929 μέν
1558 2862 1724 2917 αὐτοῦ
1769 2843 2053 2936 προάγειν,

486 2937 664 2990 εϊτουν
695 2936 796 3006 τῆς
826 2940 1130 3012 ἐνεργείας,
1179 2949 1355 3004 πάντα
1403 2953 1473 3006 τά
1519 2954 1672 3018 ὅντα,
1709 2955 1783 3025 μὴ
1828 2952 1968 3010 εῖναι
2000 2958 2056 3011 δέ

485 3029 666 3082 πάντα
701 3028 878 3096 θεοὺς,
915 3034 1072 3106 είπερ
1107 3037 1222 3090 ἐνια
1271 3041 1448 3094 αὐτῶν
1498 3043 1610 3097 θεοί
1654 3045 1760 3097 είσι
1796 3044 1882 3099 διά
1911 3047 2056 3101 τοῦτ’

2157 1937 2463 2004 μιουργεῖν.
2503 1935 2612 1988 Καὶ
2650 1935 2761 2002 ὅσῳ
2791 1934 3142 2004 τιμιώτερον,
3187 1933 3250 1988 οῦ
3295 1933 3450 1988 ἕνεκά
3480 1951 3524 1985 τι
3559 1949 3669 2000 παρ-

2152 2025 2338 2094 ῆκται,
2371 2025 2589 2090 τούτου,
2621 2026 2655 2097 ἢ
2684 2025 2752 2079 αῦ
2788 2024 2881 2078 τοῦ
2931 2024 3290 2095 παρηγμένον
3324 2024 3516 2076 ἐκείνου
3542 2023 3671 2075 ἕνεκα

2154 2118 2328 2170 αίτιον
2355 2113 2520 2181 εἶναι,
2547 2116 2787 2187 τοσούτῳ
2821 2119 2917 2171 καὶ
2947 2117 3235 2187 ἄνθρωπον
3259 2118 3445 2187 γεννᾷν
3472 2114 3499 2184 ἢ
3526 2114 3666 2167 οὲκίαν

2155 2213 2330 2266 ποιεῖν
2360 2212 2634 2283 ἀνθρώπῳ
2657 2213 2870 2280 πέφυκε
2910 2212 3263 2282 τιμιώτερον,
3307 2211 3359 2263 εί
3383 2227 3458 2272 τις
3492 2207 3672 2276 ἔμελλεν

2155 2304 2296 2358 αὐτά
2325 2304 2420 2373 τῆς
2447 2304 2680 2372 ἀληθοῦς
2709 2305 2886 2370 ἀξίας,
2910 2304 3046 2357 ἀλλά
3075 2303 3152 2374 μὴ
3183 2303 3373 2373 χρείας
3397 2301 3523 2363 τινὸς
3550 2299 3671 2352 ὠνεῖ·

2158 2397 2283 2451 σθαί
2311 2415 2372 2450 τε
2399 2397 2496 2451 κα)⁵
2515 2396 3123 2452 ἀντικαταλλάττεσθαι.
3160 2394 3304 2448 Ἀλλ’
3333 2395 3518 2447 ἐκεῖνοι
3539 2390 3672 2459 μηδὲν

2157 2509 2210 2544 τι
2233 2490 2550 2561 βουλόμενοι
2578 2490 2842 2559 προάγειν
2863 2489 2922 2556 ἐξ
2948 2488 3113 2543 αὐτοῦ
3130 2489 3225 2542 τὸν
3245 2488 3374 2540 Θεὸν
3397 2477 3509 2540 καθ’
3527 2482 3670 2552 690L6-

2157 2601 2296 2654 τητα
2327 2584 2561 2651 φύσεως,
2597 2582 2730 2636 ἀλλά
2762 2583 2924 2652 μόνον
2963 2583 3031 2637 τά
3075 2581 3241 2650 ἕτερα
3275 2576 3484 2640 ἐαυτοῦ,
3522 2576 3674 2676 ἀγονρν

2159 2676 2402 2744 ἀτεχνῶς
2433 2675 2597 2728 αὐτὸν
2639 2675 3006 2744 ἀποφαίνουσι
3055 2678 3151 2730 καὶ
3197 2672 3278 2744 τῷ
3314 2672 3560 2737 καλλίστῳ
3599 2672 3674 2734 τῆς

2162 2767 2492 2835 προαγωγῆς
2523 2766 2831 2837 χωλεύοντα
2875 2768 3063 2838 μέρει’
3107 2763 3191 2829 οἷς
3221 2765 3285 2834 δὴ
3329 2763 3420 2817 καὶ
3447 2761 3501 2815 τὺ
3537 2757 3676 2812 εὐδαι-

2164 2875 2263 2927 μον
2292 2858 2458 2912 αὐτοῦ
2490 2858 2585 2913 καὶ
2619 2862 2890 2928 μακάριον
2926 2853 3416 2928 συνεξιμαυροῦσι.
3451 2851 3557 2912 Πῶς
3593 2848 3675 2916 γὰρ

2164 2948 2231 3002 ἂν
2261 2947 2349 3016 είη
2383 2949 2787 3020 μακαριότητος
2817 2951 2874 3002 ἐν
2901 2948 3163 3019 ἀκρότητι
3199 2943 3537 3013 τεταγμένος,
3558 2940 3598 2992 εί
3619 2935 3677 3003 μὴ

2163 3039 2416 3111 αὐτάρκη
2450 3041 2595 3112 ζωὴν
2629 3042 2765 3110 ἔχοι,
2798 3043 2855 3096 ἐν
2886 3041 3038 3111 αὐτῷ
3069 3057 3125 3095 τε
3159 3040 3258 3094 καὶ
3282 3040 3413 3108 πρδς
3445 3033 3585 3088 αὐτὸν
3606 3030 3678 3082 καὶ

485 3121 618 3176 αὐτὸ
639 3121 701 3176 τὸ
729 3125 792 3178 ἐκ
819 3125 919 3196 τῆς
955 3128 1142 3194 οὐσίας
1169 3132 1332 3186 αὐτοῦ
1362 3135 1665 3204 προελθεῖν,
1700 3138 1730 3207 ἢ
1771 3140 1898 3204 τοὺς
1922 3141 2057 3193 Θεοῦ
2095 3197 2126 3207 Δ
2164 3132 2332 3188 αὐτοῦ
2363 3134 2524 3187 ἕνεκα
2563 3134 2824 3202 ἐνεργῶν,
2849 3134 2985 3188 ἀλλὰ
3013 3133 3122 3188 τῶν
3155 3133 3291 3186 πολὺ
3336 3128 3573 3202 χειρόνων
3607 3122 3680 3175 αὐ-

489 3214 705 3278 παῖδας,
750 3219 814 3271 ἐκ
863 3221 960 3290 τῆς
1009 3223 1198 3284 οὐσίας
1245 3197 1418 3278 αὐτοῦ.
1469 3197 1929 3301 προεληλυθότας,
1981 3233 2057 3305 μὴ
2085 3197 2127 3258 C
2162 3225 2256 3280 τοῦ
2292 3226 2487 3292 δέοιτο,
2521 3226 2629 3281 είτε
2656 3197 2742 3282 ἐκ
2765 3244 2910 3291 τινος
2939 3227 3132 3298 χρόνου
3161 3223 3551 3295 γεγενημένων,
3580 3213 3682 3277 ὡςδ

489 3303 646 3368 θεοὺς
701 3309 983 3377 προάγειν,
1017 3311 1134 3366 ἃττ’
1183 3313 1249 3368 ἄν
1292 3318 1353 3370 ἐκ
1383 3317 1481 3387 τῆς
1509 3321 1659 3386 σφῶν
1705 3323 1894 3387 οὐσίας
1926 3345 2059 3398 προ-

490 3396 699 3466 άγοιεν.
734 3401 807 3452 Τὸ
837 3402 883 3454 δ’
908 3404 971 3455 ἐκ
993 3405 1091 3472 τῆς
1119 3405 1308 3470 οὐσίας
1338 3410 1430 3462 τοῦ
1461 3411 1597 3465 Θεοῦ
1635 3415 1917 3483 προελθεῖν
1940 3396 2062 3474 τινα

495 3491 570 3560 μὴ
601 3491 701 3562 τὴν
730 3494 917 3547 οὐσίαν
946 3495 1136 3565 ἔχοντα
1169 3499 1264 3553 τοῦ
1295 3503 1452 3568 Θεοῦ,
1489 3505 1688 3574 ἐπίσης
1719 3507 1922 3575 φαῦλόν
1944 3513 2061 3566 ἐστι

493 3583 569 3651 τῷ
593 3585 688 3638 καὶ
715 3586 890 3639 πάντα
917 3590 983 3641 τὰ
1011 3589 1074 3641 ἐκ
1098 3589 1192 3652 τοῦ
1219 3591 1356 3644 Θεοῦ
1386 3595 1792 3665 προεληλυθότα
1816 3599 2064 3657 ὁπωσοῦν

493 3676 593 3744 τῆς
623 3677 787 3731 αὐτοῦ
836 3679 1224 3750 μετειληφέναι
1289 3685 1497 3748 οὐσίας.
1543 3687 1630 3750 Ὦς
1665 3690 1774 3760 γὰρ
1823 3692 1940 3745 ἐκεῖ
1973 3694 2062 3747 ίσα

494 3767 571 3833 τῷ
604 3767 722 3838 Θεῷ
746 3770 896 3824 ἔσται
927 3772 960 3827 ἀ
998 3773 1080 3827 δεῖ
1117 3775 1284 3830 αὐτοῦ
1313 3778 1574 3847 πάμπολυ
1609 3781 1771 3850 ἔτερα
1805 3781 1944 3838 εἷναι
1973 3786 2066 3839 καὶ

499 3861 634 3929 μηδέ
665 3861 1073 3932 ξυμὸεδλῆσθαι
1114 3865 1263 3933 ἄξια,
1297 3866 1441 3921 οὕτω
1481 3870 1758 3927 κάνταῦθα
1789 3875 1940 3928 ἔσται
1972 3879 2066 3932 ἀν-

496 3952 658 4020 όμοια
684 3953 720 4006 ἃ
746 3955 855 4010 δέοι
876 3958 928 4025 γ’
961 3957 1028 4012 ἂν
1053 3957 1222 4027 μηδὲν
1251 3959 1635 4033 διενηνοχέναι.
1676 3964 1737 4019 El
1769 3965 1826 4020 δὲ
1859 3971 1950 4022 καὶ
1977 3971 2069 4039 γό-

498 4062 658 4114 νιμος
714 4046 852 4110 ὅλως
899 4047 974 4102 ὢν
1026 4053 1120 4104 κοιλ⁵
1179 4055 1509 4123 παραγωγὸς
1553 4057 1838 4123 πλειόνων,
1869 4062 1936 4114 τὰ
1969 4063 2067 4130 μὲν

496 4130 661 4200 ἕτερα
704 4134 872 4188 αὐτοῦ
918 4137 1214 4208 ὐποστήσει
1252 4141 1334 4210 (τὸ
1364 4142 1408 4194 δ’
1440 4144 1589 4208 ὅπως
1637 4148 1701 4200 ἐκ
1751 4148 1852 4216 τῆς
1883 4150 2068 4214 οὐσίας

497 4225 668 4279 αὐτοῦ
705 4227 968 4296 γινόμενα
991 4231 1199 4286 τοιαῦτ’
1223 4233 1290 4286 ἂν
1318 4234 1425 4303 εἴη,
1453 4237 1726 4308 ἠπόρηται
1757 4243 2066 4312 πρότερον),

498 4319 554 4368 ἐν
584 4317 762 4388 ἐαυτῷ
818 4320 872 4372 δὲ
914 4321 1010 4376 καὶ
1039 4325 1104 4392 τῇ
1139 4325 1317 4395 οἰκεία
1345 4326 1560 4396 ἐνότητι
1591 4330 1719 4384 ἄνευ
1754 4335 1900 4396 τινος
1937 4353 2070 4406 προ-

499 4413 620 4464 ὁδου
657 4415 829 4479 μενεῖ,
861 4414 956 4468 καὶ
983 4411 1063 4478 είς
1090 4415 1265 4480 ἔσται,
1303 4418 1493 4490 ὥσπερ
1531 4421 1590 4474 ἓν
1627 4421 1812 4484 ἀπλῶς
1843 4423 2066 4493 ἄτομον,

2166 3320 2310 3392 ίερδς
2337 3319 2578 3375 διδάσκει
2609 3319 2791 3387 λόγος,
2816 3320 2925 3372 είτε
2959 3320 3052 3373 καὶ
3075 3321 3138 3372 ἐκ
3165 3319 3262 3371 τοῦ
3291 3312 3481 3375 παντὸς
3508 3308 3682 3368 αἰῶνος.

2161 3412 2235 3477 ὡς
2259 3414 2459 3467 ἐκεῖνοι
2490 3411 2794 3474 ἐϐούλοντο,
2828 3412 2903 3476 ὡς
2939 3410 3008 3465 ἂν
3037 3410 3176 3463 αὐτά
3211 3427 3269 3462 τε
3302 3409 3393 3461 καὶ
3435 3403 3553 3473 περὶ
3578 3397 3685 3451 αὐτὰ

2164 3506 2427 3577 ἐνεργῶν,
2462 3506 2559 3559 καὶ
2598 3507 2736 3576 πρὸς
2765 3505 2956 3559 ἑαυτὸν
2986 3505 3136 3558 ταῦτ’
3165 3500 3523 3594 ἐπιστρέφων,
3549 3491 3685 3594 οὕτως

2165 3595 2248 3648 ένε
2261 3597 2390 3666 ργδν
2423 3597 2536 3666 ἔχοι
2580 3596 2668 3649 καὶ
2701 3595 2798 3666 τὴν
2829 3595 3040 3658 οὐσίαν,
3073 3593 3170 3646 καὶ
3210 3592 3319 3644 τῶν
3346 3587 3582 3658 χειρόνων
3611 3587 3684 3632 av-

2165 3665 2269 3740 τοῦ
2293 3665 2604 3757 ἠρτημένον
2645 3686 2731 3753 εἴη
2759 3665 2822 3738 τὸ
2858 3686 3126 3754 μακάριον
3171 3679 3323 3778 αὐτῷ
3349 3680 3438 3732 καὶ
3457 3678 3494 3776 ή
3523 3665 3687 3778 τελειὲ

2164 3793 2263 3845 της
2299 3793 2314 3843 ;
2349 3779 2440 3828 Δεῖ
2492 3775 2601 3846 γάρ
2626 3777 2716 3829 τὸν
2756 3773 2890 3828 Θεὸν
2925 3772 3182 3826 τοιούτων
3217 3771 3386 3824 ὄντων
3418 3765 3521 3858 τῶν
3550 3765 3684 3858 abte”

2166 3869 2670 3941 δημιουργημάτων
2707 3867 2972 3938 πρότερον
3005 3859 3146 3919 εἶναι
3195 3867 3262 3934 τῇ
3299 3860 3476 3931 φύσει,
3497 3856 3563 3916 ὡς
3585 3856 3688 3941 γοῦν

2168 3940 2231 4016 οὐ
2269 3963 2506 4032 τι’ίχνος
2545 3963 2684 4027 ἐστὶ,
2719 3960 2878 4012 τοῦτο
2922 3957 3017 4011 τοῦ
3057 3958 3238 4026 ῖχνους
3279 3953 3532 4024 πρότερον
3579 3940 3690 3997 εἶναι

2167 4052 2285 4106 δέον
2336 4055 2405 4122 τῇ
2451 4050 2610 4120 φύσει
2636 4065 2648 4079 ·
2704 4048 2798 4102 τοῦ
2829 4049 2936 4117 γάρ
2965 4046 3095 4100 Θεοῦ
3131 4045 3320 4114 ὥσπερ
3362 4045 3478 4114 ῐχνη
3509 4038 3568 4092 τὰ
3590 4034 3690 4087 ὄντα

2168 4144 2436 4212 λέγουσιν.
2483 4143 2572 4196 Ἐν
2594 4141 2659 4210 δὴ
2686 4141 2834 4212 αὐτῷ
2858 4140 2936 4206 τῷ
2971 4139 3219 4208 προτέρῳ
3246 4129 3691 4232 ἀνόητόν-τεθεσῖαι

2169 4237 2229 4289 τὸ
2265 4238 2408 4289 θεῖον
2437 4236 2530 4288 καὶ
2560 4235 2877 4305 ἀνέραστον,
2911 4229 3030 4285 κατ’
3064 4231 3286 4292 αὐτοὺς,
3312 4228 3442 4288 ὅλως
3469 4221 3690 4276 δἐἰπεῖν.

2170 4324 2279 4378 οὐδ’
2310 4323 2614 4378 ὁπωστιοῦν
2650 4324 2893 4394 ἐνεργόν.
2921 4323 2996 4376 Οὐ
3027 4324 3134 4392 γὰρ
3166 4321 3329 4392 ἀρκεῖ
3358 4319 3416 4371 τὸ
3440 4310 3691 4408 ὠςαύτίκα

2175 4416 2318 4486 μάλα
2367 4416 2603 4486 ἐσόμενα
2652 4415 3054 4485 προγινώσκειν
3106 4415 3174 4467 τὰ
3226 4413 3377 4476 ὄντα,
3412 4406 3519 4462 οὐθ’
3553 4407 3580 4474 ἡ
3619 4406 3693 4452 τοῦ

502 4507 594 4557 καὶ
625 4504 812 4575 ὥσπερ
841 4523 926 4568 τις
953 4507 1204 4578 μονώτης
1226 4508 1302 4570 ὡς
1329 4510 1565 4579 ἀληθῶς,
1593 4513 1707 4576 πῶς
1733 4515 1791 4567 οὐ
1818 4515 1910 4567 καὶ
1935 4515 2068 4569 πολὺ
2101 4536 2145 4592 D
2173 4508 2382 4578 κόσμου
2415 4508 2532 4561 ἰδέα
2568 4507 2675 4578 πρὸ
2707 4507 2801 4561 τοῦ
2834 4507 3042 4576 κόσμου
3075 4506 3420 4575 γεγενημένη
3442 4520 3456 4532 ’
3487 4503 3572 4592 καὶ
3597 4493 3697 4549 ταύ-

503 4596 699 4667 βελτίω
732 4597 896 4654 αὐτοῦ
931 4597 1085 4651 ἔσται
1127 4598 1195 4652 τὰ
1226 4598 1404 4669 ἔργα;
1436 4601 1651 4656 Τούτων
1698 4605 1808 4674 γὰρ
1847 4605 1962 4658 ἔνια
2006 4606 2068 4659 οὐ

502 4689 621 4744 κατ’
657 4691 940 4760 ἐνέργειαν
975 4689 1156 4759 μόνον,
1182 4690 1318 4744 ἀλλά
1354 4690 1420 4761 δὴ
1466 4694 1560 4746 καὶ
1595 4697 1661 4765 τῇ
1708 4695 1866 4768 οὐσία
1909 4697 2072 4751 τινῶν

501 4784 650 4839 αίτια
682 4786 944 4854 γίνονται,
989 4785 1085 4839 καὶ
1114 4785 1176 4837 οὐ
1207 4783 1370 4856 τέχνῃ
1415 4784 1577 4854 μόνον
1622 4787 1888 4853 ποιοῦσιν,
1937 4788 2072 4842 ἀλλά

502 4878 598 4932 καὶ
627 4876 785 4945 φύσει
819 4877 1176 4944 προάγουσιν.
1206 4871 1302 4940 Οἷς
1353 4878 1487 4932 πολύ
1529 4878 1582 4946 γ’
1613 4877 1679 4932 ἂν
1727 4879 1812 4950 εῐη
1866 4879 2072 4950 βέλτιον

501 4967 598 5022 τοῦ
631 4967 803 5029 εἴδους
838 4967 1159 5036 μεταδοῦναι
1185 4969 1286 5038 τῆς
1319 4971 1535 5037 φύσεως
1566 4973 1659 5026 καὶ
1692 4973 1995 5042 ἐλάττοσιν,
2035 4977 2068 5046 ἢ

504 5061 666 5127 ὅμοια
709 5062 772 5128 τῇ
807 5059 1058 5128 βουλήσει
1094 5062 1389 5127 πάμπολλα
1438 5067 1806 5134 παραγαγεῖν,
1850 5067 1948 5120 οὐκ
1981 5069 2074 5122 ἐπὶ

503 5155 570 5222 τῇ
618 5150 712 5204 τοῦ
747 5151 922 5213 εἴδους
949 5153 1174 5222 διαμονῇ
1220 5153 1402 5222 μόνον,
1429 5155 1566 5209 ἀλλά
1607 5158 1698 5210 καὶ
1728 5158 1936 5222 ἁπλῶς.
1963 5161 2075 5214 Καὶ

511 5244 719 5316 βέλτιον
749 5245 847 5314 μὲν
873 5244 1018 5315 ἔχειν
1042 5245 1150 5296 τῶν
1181 5245 1322 5298 κατὰ
1349 5247 1512 5313 φύσιν
1537 5249 1698 5317 μόνον
1727 5250 2076 5319 προαγόντων

508 5339 578 5392 τὰ
608 5339 744 5408 πρὸς
773 5337 949 5408 τούτῳ
979 5337 1056 5390 ἔτι
1108 5339 1201 5391 καὶ
1230 5340 1370 5393 κατά
1395 5342 1590 5412 τέχνην
1638 5342 1918 5407 ποιοῦντα,
1969 5346 2076 5406 πᾶς

508 5451 591 5497 τις
634 5431 700 5487 ἂν
733 5431 890 5498 φαίη.
919 5429 981 5483 Εἰ
1010 5431 1054 5484 δ’
1077 5424 1188 5486 οἷόν
1215 5432 1261 5486 τ’
1286 5427 1353 5502 ἦν
1389 5434 1482 5486 καὶ
1527 5433 1703 5498 ἄλλως
1737 5435 2078 5506 διελομένους

510 5525 586 5588 ὡς
628 5526 686 5577 ὲν
726 5523 984 5577 ὑποθέσει
1029 5526 1277 5589 σκοπεῖν,
1310 5525 1418 5577 τῶν
1450 5524 1544 5578 καὶ
1577 5525 1737 5594 φύσει
1779 5529 1871 5581 καὶ
1919 5529 2079 5598 τέχνῃ

513 5616 816 5684 γινομένων
850 5616 1040 5670 αίτίων
1083 5615 1249 5669 τινῶν
1288 5611 1452 5689 ἦττον
1484 5617 1553 5671 ἂν
1585 5618 1718 5671 eam
1749 5618 2080 5688 εὐδαιμόνως

518 5711 583 5762 τὰ
643 5710 804 5781 τέχνῃ
855 5711 1014 5779 μόνον
1061 5710 1340 5764 ποιοῦντα.
1382 5710 1490 5763 Καὶ
1534 5709 1626 5763 νῦν
1665 5712 1721 5762 ἐν
1769 5709 2079 5780 ἀνθρώποις

522 5802 697 5873 πολλῷ
731 5821 809 5866 τις
841 5805 985 5874 ἥδιον
1018 5803 1123 5875 βιοῖ
1144 5806 1234 5860 καὶ
1270 5804 1748 5875 εὐδαιμονέετερον
1782 5806 1842 5858 ἐκ
1868 5803 1958 5856 τοῦ
1988 5803 2080 5857 δύο

2174 4616 2272 4667 την
2301 4600 2413 4670 γὰρ
2442 4599 2536 4652 τοῦ
2564 4599 2697 4652 Θεοῦ
2723 4597 3120 4667 ὐποδεεστέραν
3147 4596 3377 4650 τιθεῖσιν
3395 4595 3442 4644 οί
3469 4591 3696 4688 λέγοντες.

2174 4693 2270 4747 ἀτε
2305 4693 2441 4762 μηδέ
2473 4691 2678 4762 ταύτης
2712 4693 2777 4743 ἐκ
2817 4691 2916 4759 τῆς
2953 4691 3198 4761 ἀνάγκης
3232 4684 3589 4758 γεγενημένης
3623 4684 3698 4743 τῆς

2176 4786 2412 4856 φύσεως.
2449 4787 2607 4839 Ἤτοι
2641 4783 2736 4838 νῦν
2772 4785 2932 4854 μόνος
2992 4786 3020 4838 ὀ
3051 4784 3182 4847 Θεὸς
3216 4783 3411 4836 ἑαυτὸν
3441 4773 3698 4876 ovi-31015.3“,

2175 4878 2298 4942 νοῦς
2331 4877 2426 4941 ὢν,
2458 4876 2490 4947 ἢ
2525 4875 2598 4946 τῷ
2629 4877 2695 4929 τὰ
2716 4877 2849 4931 ἄλλα
2883 4879 3023 4928 νοεῖν
3046 4892 3059 4906 ⁸
3092 4872 3166 4928 ὧν
3194 4874 3248 4927 τί
3291 4870 3482 4942 γένοιτ’
3515 4866 3574 4920 ἂν
3605 4866 3702 4914 ἀτο-

2177 4972 2446 5040 πώτερον,
2478 4973 2526 5024 εἰ
2549 4969 2613 5040 δὴ
2653 4969 2826 5023 ταῦτα
2861 4969 2961 5038 μὲν
2988 4967 3346 5028 ἀνακόλουθα,
3371 4967 3396 5016 ὁ
3427 4963 3480 5014 δὲ
3517 4955 3630 5017 Θεὸς
3654 4952 3699 5002 δν

2176 5065 2292 5118 ἐστι
2338 5067 2432 5118 καὶ
2481 5063 2688 5132 ἀγαθόν
2733 5079 2794 5116 τε
2838 5061 2934 5116 καὶ
2970 5061 3188 5131 ἀληθὲς,
3223 5061 3280 5112 ἐν
3311 5057 3386 5127 τῷ
3411 5055 3603 5125 ἐσχάτῳ
3625 5046 3698 5099 καὶ

2177 5159 2472 5226 ἀκραιφνεῖ
2512 5157 2610 5226 τῆς
2654 5173 2716 5208 τε
2769 5155 2958 5217 οὐσίας
3003 5153 3095 5206 καὶ
3122 5151 3456 5220 ἀγαθότητος
3485 5144 3571 5198 καὶ
3597 5141 3700 5248 ἀλη·

2179 5251 2358 5317 θείας;
2391 5249 2567 5303 ταῦτα
2591 5249 2698 5318 γὰρ
2724 5249 2816 5303 καὶ
2845 5248 3026 5301 αὐτῶν
3072 5246 3339 5312 Ἑλλήνων
3369 5243 3416 5295 οί
3445 5241 3700 5337 δοκιμώτξ·

2181 5357 2266 5415 ροι
2306 5344 2548 5413 ἠξίωσαν
2571 5341 2973 5410 ἀντιστρέφειν.
3010 5338 3115 5390 Kal
3141 5341 3166 5391 ὁ
3197 5337 3343 5405 ίερδς
3367 5335 3431 5431 .δέ
3460 5332 3701 5431 λόγος-αὐτ

2178 5439 2270 5491 τὸν
2313 5438 2411 5508 μὲν
2446 5432 2585 5488 εἶναι
2628 5435 2720 5486 τὸν
2753 5431 2886 5485 Θεὸν
2935 5432 3033 5500 τὴν
3063 5429 3321 5499 ἀλήθειαν
3357 5424 3512 5522 ἀξιοῖ,
3546 5415 3698 5522 οὐδένα

2181 5527 2236 5581 δὲ
2264 5513 2488 5595 ἀγαθὸν,
2518 5527 2565 5577 εί
2599 5525 2674 5594 μὴ
2704 5523 2802 5576 ἕνα
2822 5521 2911 5574 τὸν
2935 5521 3088 5586 Θεὸν,
3118 5513 3258 5571 εἶναι
3287 5535 3300 5547 ·
3332 5510 3700 5616 καὶ-αὐτὸνιύπο

2183 5622 2371 5691 ἀρχειν
2406 5618 2474 5672 τά
2508 5619 2638 5670 ὄντα
2683 5634 2746 5686 γε
2777 5616 2872 5670 καὶ⁵
2899 5617 2958 5668 τὸ
2985 5615 3068 5679 ὃν,
3106 5613 3200 5665 καὶ
3231 5611 3354 5664 νοῦν
3405 5608 3458 5661 δὲ
3500 5606 3580 5657 τὸν

2187 5715 2309 5766 στόν
2337 5729 2396 5764 τε
2444 5713 2536 5764 καὶ
2576 5709 3008 5782 φρονιμώτατον,
3041 5709 3137 5776 οὐχ
3184 5706 3346 5774 ἡμεῖς
3393 5693 3703 5804 μόνων-ἅλιξι

2189 5805 2281 5856 καὶ
2328 5801 2598 5872 Ἑλλήνων
2642 5801 2687 5854 οἱ
2735 5800 2887 5854 αὐτοὶ
2927 5791 3365 5864 οὐτοιλέγουσιν.
3409 5789 3598 5852 Ἑαυτῷ
3627 5789 3704 5848 ἕλεν
