3932 6458
238 357 333 422 609

1318 349 1690 413 EPISTOLA
1731 348 1830 407 AD
1871 345 2224 406 PLE'I‘IION
2240 345 2338 402 Ελέί

3359 350 3464 414 610

239 477 340 545 ἀρα
366 468 456 524 καλ⁸
478 453 686 533 οὐδενὸς
724 467 886 523 ἄλλου
913 467 1076 521 ἕνεκα
1107 467 1134 520 6
1166 463 1298 528 Θεὸς
1332 463 1400 518 ἂν
1431 463 1542 534 εῖη,
1574 461 1634 516 ὃν
1663 477 1798 530 τυγ-
1829 469 1872 525 Α
1909 474 1966 526 γε
1993 455 2169 516 τοῦτο,
2204 456 2311 508 εἴτε
2358 455 2541 524 σοφία,
2597 457 2694 510 εἴτ’
2739 459 2911 528 ἰσχὺῖ,
2945 462 3044 514 εἷθ’
3076 464 3102 515 ὅ
3132 481 3182 518 τι
3216 465 3281 518 ἂν
3338 472 3471 539 φαίη

239 563 391 635 χάνον
415 561 474 615 τὸ
510 561 726 630 πρῶτον
765 560 862 614 καὶ
914 558 1153 628 μάλιστά
1201 573 1265 625 γε
1302 555 1396 609 καὶ
1436 553 1794 624 κυριώτατον.

1903 567 1985 612 τις
2010 549 2116 601 τῶν
2138 548 2420 601 τοιούτων.
2454 548 2613 601 Ὥστε
2648 549 2722 618 μὴ
2752 552 2862 605 δεῖν
2904 554 2968 605 ἂν
3003 555 3093 607 ὑπ’
3120 558 3360 627 ἀνάγκης
3384 561 3476 612 ού-

235 655 370 718 Νοῦς
392 653 447 708 δὲ
477 652 574 718 ὢν,
600 653 840 722 νοήσειεν
876 652 943 705 ἂν
973 651 1147 720 δήπου
1179 648 1270 702 καὶ
1304 647 1520 710 ἑαυτὸν,
1558 644 1694 710 εἴγε
1721 644 1798 695 δεῖ
1899 644 2093 711 δεμιᾶς
2121 643 2386 696 πλειόνων
2412 640 2551 695 εἷναι
2612 645 2710 714 τὴν
2764 646 3050 717 ὲνδοτέραν
3107 653 3198 703 καὶ
3243 653 3478 723 φυσικὴν

237 747 459 815 τάληθὲς
509 745 608 814 μὲν
636 747 775 799 νοεῖν
801 743 987 808 αὑτὸν,
1017 741 1178 804 αὑτὸς
1221 741 1278 795 δέ
1310 742 1428 794 ἐστι
1470 737 1651 792 τοῦτο.
1688 738 1799 790 Καὶ

239 837 486 906 ἐρασθείη
513 837 557 890 δ’
583 837 648 890 ἂν
681 836 915 904 τάγαθοῦ
938 852 951 866 °
991 835 1052 888 οὑ
1086 835 1196 905 γάρ
1227 833 1290 905 δὴ
1327 832 1488 902 μόνος
1531 832 1559 884 6
1597 831 1800 898 ἀγαθὸς

237 929 381 982 ἔσται
421 928 497 996 μὴ
529 928 738 998 χαίρων
773 930 851 997 τῷ
891 925 1102 996 ἀγαθῷ.
1149 924 1545 994 Ἐρασθήσεται
1595 921 1641 976 δ’
1669 925 1798 976 ἑαυο

234 1021 341 1080 τοῦ.
381 1017 433 1072 εῖ
462 1037 525 1089 γε
558 1021 639 1074 δεῖ
699 1020 798 1090 μὲν
845 1019 1008 1072 αὑτὸν
1061 1017 1141 1088 τῷ
1197 1017 1410 1088 ἀρίστῳ
1462 1015 1675 1090 χζαίρειν
1708 1018 1800 1068 καὶ

234 1111 526 1164 ἀπολαύειν
581 1110 772 1176 αὑτοῦ,
834 1109 994 1172 αὑτὸς
1049 1109 1105 1162 δέ
1163 1109 1277 1162 ἐστι
1340 1087 1600 1174 τάγᾶθόν.
1659 1103 1802 1156 Λύτὸ

236 1203 332 1273 μὲν
393 1202 458 1272 δὴ
507 1203 568 1255 τὸ
603 1203 815 1273 νοητὸν,
849 1195 892 1269 ᾧ
926 1203 1036 1255 νοεῖ
1069 1200 1284 1265 ἑαυτὸν,
1334 1198 1429 1251 καὶ
1469 1198 1502 1268 ἡ
1535 1196 1742 1264 νόησις,
1775 1195 1801 1246 6

233 1293 373 1355 θεῖος
408 1293 617 1361 πέφηνε
653 1295 847 1361 Λόγος,
878 1291 1133 1362 ὁμοιότης
1175 1289 1340 1342 αὑτοῦ
1393 1289 1488 1342 καὶ
1543 1287 1657 1340 ἰδέα
1718 1303 1801 1348 τις

234 1381 534 1452 σύμφυτος,
564 1381 660 1447 ὢν,
697 1383 791 1436 καὶ
844 1383 1078 1452 ἀλήθειά
1135 1399 1198 1450 γε
1255 1381 1417 1452 αὑτὴ,
1459 1379 1568 1433 οὐδ’
1616 1381 1674 1432 ὲν
1724 1377 1803 1449 τῷ

228 1476 345 1546 Θεῷ
383 1476 546 1546 μόνον
594 1477 689 1530 καὶ
739 1477 868 1540 Θεὸς
919 1477 1102 1541 αὐτὸς,
1145 1477 1281 1530 ἀλλά
1315 1475 1378 1545 δὴ
1416 1475 1512 1528 καὶ
1551 1473 1688 1543 πρὸς
1715 1471 1804 1523 τὸν

229 1568 382 1632 Θεδν,
443 1568 520 1630 ὡς
558 1567 627 1620 τά
659 1568 815 1636 λόγια
858 1568 1129 1638 βούλεται.
1176 1567 1349 1630 Αύτὸς
1389 1565 1446 1619 δέ
1481 1583 1546 1633 γε
1582 1567 1610 1617 6
1642 1565 1802 1634 ἔρως,

225 1653 268 1728 ᾧ
300 1660 444 1729 πρὸς
476 1660 670 1712 ἑαυτὸν
703 1661 1107 1729 ἁντέστραπται
1155 1661 1182 1712 6
1208 1659 1363 1724 Θεὸς,
1422 1658 1516 1712 καὶ
1553 1658 1654 1729 ἐρᾷ
1680 1658 1805 1710 ἑαυ-

226 1748 318 1802 τοῦ
347 1749 594 1818 τάγαθοῦ
618 1750 793 1814 ὄντος,
820 1751 881 1803 τὺ
907 1751 1050 1804 θεῖον
1081 1752 1288 1822 πέφηνε
1322 1749 1567 1818 Πνεῦμα,
1599 1747 1803 1816 ἀγαθὸν

1901 735 2259 803 γονιμότητα,
2291 733 2324 802 ἢ
2353 734 2482 797 ἕσας
2517 732 2676 804 ἴσμεν
2696 753 2751 788 τε
2778 738 2866 790 καί¹
2891 740 3220 808 πιστεύομεν
3244 743 3480 799 ὑποστά-

1905 843 2036 892 σεις,
2077 826 2417 896 προακτικήν
2447 841 2460 856 ο
2503 827 2638 895 μήτε
2662 829 2756 879 καὶ
2787 827 2877 881 τὸν
2908 830 3051 884 θεῖον
3085 835 3256 900 Λόγον
3279 837 3476 908 γεννᾷν

1902 919 2012 972 δεῖν
2043 919 2076 986 ἢ
2109 919 2456 988 προϐάλλειν,
2487 919 2716 974 νοοῦντά
2747 939 2808 989 γε
2839 927 2930 976 καὶ
2965 927 3150 992 αὑτὸν,
3187 929 3278 980 καὶ
3309 930 3480 997 ἐρῶν-

1904 1029 1972 1065 τα
1999 1010 2164 1063 αὑτοῦ
2198 1029 2254 1063 τε
2283 1013 2376 1064 καὶ
2406 1011 2500 1064 τοῦ
2535 1018 2921 1083 γεγεννηκότος
2953 1019 3046 1072 καὶ
3073 1019 3168 1072 τοῦ
3201 1023 3484 1090 συμφυοῦς

1905 1105 2225 1173 Πνεύματος
2248 1123 2259 1133 ·
2302 1108 2334 1177 ἢ
2375 1106 2435 1158 τὸ
2462 1107 2684 1176 Πνεῦμα
2717 1110 3041 1179 προόάλλειν
3066 1128 3124 1164 τε
3151 1115 3242 1164 καὶ
3264 1114 3482 1182 γεννᾷν,

1904 1199 2144 1265 νοήσεως
2177 1197 2362 1250 εἵνεκα
2395 1200 2490 1252 καὶ
2523 1201 2759 1268 ἀγάπης,
2794 1199 2830 1253 ἃ.
2863 1203 2943 1254 δεῖ
2972 1205 3064 1254 καὶ
3090 1203 3228 1272 τῷδε
3265 1208 3486 1274 προσεῖ-

1906 1306 2015 1344 ναι.
2048 1289 2182 1342 Νοεῖ
2208 1291 2316 1360 γὰρ
2343 1290 2552 1344 τούτοιν
2582 1293 2842 1361 ἑκάτερον
2887 1293 2983 1345 καὶ
3033 1295 3154 1364 ἐρᾷ,
3202 1290 3236 1370 ᾗ
3298 1298 3486 1368 προῖόν

1905 1381 2056 1433 ἐστιν
2081 1383 2144 1434 ἐκ
2163 1381 2258 1434 τοῦ
2295 1381 2454 1446 Θεοῦ,
2489 1383 2584 1436 καὶ
2611 1384 2812 1436 οὑτωσὶ
2843 1385 3056 1454 προϊὸν,
3091 1387 3206 1440 ἀλλ’
3233 1390 3330 1458 οὑχ
3355 1390 3430 1453 ὡς
3451 1391 3482 1440 6

1907 1472 2040 1536 Θεὸς
2079 1475 2172 1526 καὶ
2205 1475 2418 1543 Πατὴρ,
2463 1474 2523 1528 οῦ
2581 1477 3019 1546 προεληλύθατον
3072 1479 3260 1548 ἄμφω,
3307 1486 3398 1533 καὶ

1905 1563 2182 1636 λαμϐάνον
2210 1567 2346 1632 ἐστὶ,
2382 1569 2474 1621 καὶ
2494 1570 2614 1636 μετ’
2641 1569 2802 1622 ἀλλον
2832 1570 3133 1640 λαμϐάνον,
3167 1573 3264 1642 ούχ
3300 1573 3484 1626 ὡσαύ-

1905 1673 2015 1717 τως
2043 1673 2106 1724 γε
2127 1657 2188 1710 τὸ
2217 1657 2368 1723 αὑτὸ,
2406 1657 2519 1710 ἀλλ’
2553 1659 2649 1728 οὑχ
2736 1659 3037 1727 δυνάμενον
3073 1662 3246 1732 ἑτέρῳ
3276 1679 3341 1729 γε
3377 1679 3491 1716 κοι-

1911 1750 2116 1815 νωνεῖν,
2145 1748 2172 1801 ὃ
2201 1749 2397 1803 ταυτὸν
2433 1750 2496 1803 ἂν
2526 1750 2610 1821 εἴη
2645 1751 2719 1819 τῷ
2754 1754 3030 1805 κοινωνεῖν
3059 1753 3117 1806 ὲν
3165 1757 3278 1816 τοῖς
3321 1753 3490 1816 θείοις

223 1843 302 1904 ὃν,
359 1843 459 1922 una}
511 1843 689 1910 ἅγιον,
746 1843 840 1896 καὶ
890 1843 1168 1913 ἀγαθότης
1219 1841 1381 1913 αὑτὴ,
1432 1843 1526 1894 καὶ
1581 1839 1806 1910 ἀγιότης
1837 1824 1885 1884 Β
1915 1840 1992 1909 τῷ
2028 1841 2204 1912 Πατρὶ
2221 1842 2424 1910 προσὸν
2455 1841 2510 1906 ἐξ
2535 1843 2800 1912 ἀνάγκης.
2831 1843 2920 1912 Τῷ
2945 1845 3051 1915 γὰρ
3094 1845 3364 1916 προῆχθαι
3397 1848 3490 1900 καὶ⁸

223 1935 387 2004 αὑτὴ,
417 1936 509 1988 καὶ
537 1936 809 2005 ἁγιασμὸς
841 1936 1000 1999 αὑτὸς
1034 1935 1173 1988 κατὰ
1209 1935 1391 2004 φύσιν.
1419 1933 1528 1988 Καὶ
1552 1932 1724 1995 οὑτως
1748 1932 1806 1986 ἐν

220 2025 406 2096 ἑαυτῷ
440 2027 678 2096 τρισσῶς
706 2026 1012 2096 ὑφέστηκεν
1039 2029 1066 2079 6
1091 2026 1242 2092 Θεὸς,
1271 2028 1365 2079 καὶ
1394 2027 1539 2095 τρεῖς
1568 2023 1809 2077 ὑποστά-

223 2135 337 2181 σεις
371 2121 515 2172 εἰσὶν
553 2121 608 2184 ὲν
629 2119 800 2189 αὑτῷ,
833 2120 887 2171 ὲν
917 2119 1061 2190 ἄκρᾳ
1092 2119 1304 2188 ὲνότητι
1332 2117 1568 2188 φύσεως.
1603 2115 1675 2170 Οὑ
1701 2113 1809 2184 γὰρ

216 2210 394 2282 δήπου
423 2212 512 2265 τὸν
541 2212 682 2266 θεῖον
715 2214 907 2281 Λόγον,
935 2214 994 2272 ὃς
1025 2229 1086 2280 γε
1151 2213 1262 2266 τῶν
1313 2211 1472 2266 θείων
1519 2210 1808 2282 νοημάτων

217 2305 466 2368 ἄϐυσσός
500 2307 616 2358 ἐστι
640 2307 883 2370 πάντων,
916 2306 1026 2360 δέοι
1050 2306 1102 2375 γ’
1129 2306 1194 2359 ἂν
1229 2304 1304 2376 μὴ
1342 2303 1628 2372 ὑφεστῶτα
1667 2299 1807 2366 εἶναι

214 2399 378 2452 Θεόν.
409 2399 483 2452 Ἦ
513 2399 627 2462 πῶς
662 2399 729 2452 ἂν
750 2393 817 2469 ἦν
855 2399 964 2452 ἰδέα
1001 2399 1101 2468 μὲν
1132 2397 1337 2467 ἀληθὴς
1376 2397 1470 2450 τοῦ
1520 2395 1679 2460 Θεοῦ,
1733 2395 1810 2456 ὡς

214 2492 438 2560 φυσική
472 2509 554 2555 τις
582 2491 836 2560 ὁμοιότης
866 2489 1054 2556 αὑτοῦ,
1100 2491 1194 2543 καὶ
1257 2491 1442 2554 εἰκὼν,
1488 2488 1582 2542 καὶ
1617 2492 1809 2559 ”χαρα-

210 2585 390 2653 κτὴρ,
419 2584 518 2637 καὶ⁸
542 2582 885 2651 ἀπαύγασμα
926 2581 1189 2651 ἔμφυτον,
1225 2582 1336 2635 ἰδέα
1360 2581 1405 2634 δ’
1439 2576 1530 2644 αὖ,
1567 2581 1644 2642 ὡς
1701 2595 1808 2631 πα-

205 2674 510 2747 ράδειγμά
545 2691 595 2726 τι
623 2672 921 2742 ὑπερφυὲς,
955 2674 1066 2726 τῶν
1090 2673 1224 2744 πρὸς
1258 2673 1358 2742 τὴν
1378 2672 1673 2742 ὁμοιότητα
1710 2671 1812 2739 τῆς

204 2766 312 2819 τοῦ
353 2764 658 2833 γεννῶντος
709 2763 1012 2833 βουλήσεως
1037 2764 1129 2819 καὶ
1149 2765 1368 2826 ἑαυτοῦ,
1397 2761 1534 2816 Θεοῦ
1560 2763 1626 2832 τῇ
1655 2762 1813 2830 φύσει

200 2859 398 2921 δντος,
440 2857 854 2926 πεποιημένων,
886 2857 935 2909 εἰ
973 2855 1048 2928 μὴ
1085 2843 1383 2927 ὑφεστήκει
1438 2854 1572 2917 Θεὸς
1627 2853 1813 2924 νοητὸς

206 2950 357 3023 πρὸς
393 2949 495 3000 τὸν
516 2949 677 3002 αὑτὸν
706 2949 808 3020 μὲν
839 2951 903 3020 τῇ
938 2947 1098 3018 φύσει
1134 2945 1574 3026 Θεδνηνοοῦντα
1630 2947 1813 3017 μέντοι

201 3059 270 3111 γε
300 3041 610 3112 σχετικῶς,
638 3041 1092 3110 ἀντιτεταγμένος
1117 3055 1135 3108 ;
1168 3035 1275 3094 Ἦν
1310 3039 1352 3092 δ’
1392 3040 1457 3096 ἂν
1487 3039 1580 3093 καί
1634 3041 1815 3110 χεῖρον

206 3135 315 3205 μὲν
349 3133 457 3186 τοῦ
493 3132 636 3184 θείου
663 3131 754 3184 νοῦ
816 3132 878 3184 τὸ
938 3130 1220 3201 σύμφυτον
1272 3131 1484 3186 ἐκείνου
1541 3131 1634 3186 καὶ
1702 3131 1817 3184 ῖσον

199 3225 504 3296 ὁμοίωμα,
541 3223 614 3295 μὴ
641 3225 734 3280 καὶ
758 3224 836 3292 τξ)
895 3223 1192 3292 ὑφεστάναι
1241 3223 1592 3293 ὡμοιωμένον
1627 3237 1642 3253 ⁸
1707 3221 1817 3276 τῶν

200 3319 260 3370 δὲ
287 3317 393 3369 τοῦ
433 3316 575 3368 Θεοῦ
611 3317 789 3384 ἔργων
816 3316 951 3368 πολὺ
975 3315 1212 3368 ἐλάττων
1239 3315 1270 3385 ἡ
1299 3315 1356 3368 ὲν
1390 3314 1468 3385 τῷ
1519 3312 1639 3384 Θεῷ
1701 3313 1816 3367 ἰδέα

197 3427 261 3464 τε
296 3412 404 3464 καὶ
438 3412 470 3463 6
505 3411 682 3474 λόγος,
714 3407 1040 3478 ὑφεστώτων
1068 3407 1312 3471 ἐκείνων,
1345 3406 1483 3479 αὑτὴ
1537 3407 1612 3477 μὴ
1678 3407 1814 3473 ὑφε-

201 3506 486 3574 στηκυῖα,
527 3502 701 3555 καίτοι
729 3505 894 3554 πᾶσιν
929 3501 1220 3570 ἀπειράκις
1274 3499 1516 3568 ἀπείρως
1560 3501 1814 3569 ὑπερκει-

198 3600 379 3667 μένη.
421 3595 593 3649 ’Λλλὰ
614 3595 677 3664 δὴ
705 3597 800 3650 καί⁵
829 3594 921 3648 τοῦ
984 3593 1042 3648 ὲν
1093 3595 1226 3663 ἡμῖν
1261 3593 1419 3658 λόγου
1469 3590 1524 3644 τί
1576 3590 1642 3644 ἂν
1697 3586 1812 3660 εἶχε

196 3687 381 3742 πλέον
420 3691 452 3741 ὁ
491 3687 657 3752 θεῖος,
689 3688 748 3740 τό
778 3705 838 3756 γε
871 3689 950 3750 εἰς
980 3685 1076 3757 τὴν
1117 3685 1280 3755 φύσιν
1308 3679 1442 3756 ἧκον
1479 3675 1592 3737 τοῦ
1632 3683 1810 3751 λόγου,

1911 1935 2112 2004 τρόπον
2135 1936 2194 1987 οὑ
2217 1935 2308 1987 τὸν
2333 1935 2515 2000 αὑτὸν,
2548 1935 2595 1986 εἰ
2627 1937 2720 1988 καὶ
2770 1937 3054 2006 συμφυῶς,
3109 1942 3174 2010 τῇ
3227 1939 3327 2010 μὲν
3393 1940 3489 1994 τοῦ

1912 2024 2211 2094 προηχότος
2246 2023 2407 2089 αὑτά,
2454 2027 2517 2094 τῇ
2551 2024 2596 2077 δ’
2647 2025 2913 2095 ἀλλήλων,
2967 2026 3340 2099 διακρίνεσθον
3398 2033 3490 2100 μό-

1913 2133 1988 2186 νῳ
2023 2115 2122 2182 02).
2154 2117 2256 2168 Καὶ
2295 2117 2474 2168 τοίνυν
2507 2117 2696 2170 τούτου
2721 2119 2884 2187 μόνου
2936 2121 3361 2192 φυλαττομένου,
3391 2127 3493 2194 τὴν

1911 2208 1970 2258 ὲν
1991 2209 2102 2269 τοῖς
2129 2205 2310 2268 ἄλλοις
2339 2206 2421 2259 δεῖ
2447 2209 2732 2261 κοινωνίαν
2760 2215 2852 2264 καὶ
2883 2215 3108 2266 σκοπεῖν
3133 2216 3226 2267 καὶ
3246 2215 3454 2270 τιθέναι
3473 2231 3488 2249 ·

1913 2297 2234 2366 φυλάττοιτο
2264 2297 2310 2350 δ’
2346 2298 2431 2361 ἂν,
2471 2299 2662 2366 ἀγόνου
2695 2303 2788 2354 καὶ
2823 2304 2918 2368 τῆς
2949 2307 3187 2376 νοήσεως
3247 2309 3341 2362 καὶ
3391 2311 3492 2377 τῆς

1912 2389 2131 2458 ἀγάπης
2164 2385 2496 2458 προσόντων,
2529 2393 2602 2454 ὠς
2630 2392 2752 2463 Θεῷ
2785 2395 2884 2463 μὲν
2911 2399 3090 2468 νοητῷ
3116 2401 3210 2453 καὶ
3227 2402 3489 2472 ’γεννητῷ

1912 2497 1998 2549 γε,
2022 2481 2096 2550 τῷ
2129 2482 2306 2553 Λόγῳ,
2333 2483 2453 2551 Θεῷ
2494 2485 2550 2537 δὲ
2601 2487 2863 2557 ἐρωμένῳ
2906 2491 3000 2543 καὶ
3045 2491 3490 2561 προϐαλλομένῳ,

1912 2573 1988 2641 τῷ
2014 2575 2290 2642 Πνεύματι
2331 2591 2344 2605 ·
2371 2576 2444 2638 ὡς
2471 2573 2748 2646 εἶναι’μὲν
2783 2583 2880 2650 τὴν
2933 2582 3137 2637 τούτων
3186 2584 3361 2657 ἀρχὴν
3388 2585 3488 2656 (ὅ),

1914 2665 2135 2720 νοοῦντα
2165 2667 2327 2720 αὑτὸν
2362 2670 2456 2722 καὶ
2483 2669 2696 2738 ἐρῶντα
2727 2673 2910 2736 αὑτὸν,
2943 2675 2970 2727 ὃ
3025 2678 3222 2730 ταυτόν
3272 2679 3492 2748 ἐστιτῷ

1920 2759 2079 2827 μόνον
2109 2753 2248 2810 εἶναι
2280 2761 2370 2812 καὶ
2411 2760 2634 2815 νοοῦντα
2665 2765 2758 2817 καὶ
2779 2765 2990 2834 ἐρῶντα
3013 2769 3250 2837 γονίμως
3278 2772 3360 2839 (τὸ
3383 2773 3492 2843 γὰρ

1917 2849 2122 2917 κυρίως
2147 2851 2263 2902 ἴσον
2285 2852 2404 2904 ἐκεῖ
2431 2853 2506 2922 τῷ
2556 2855 2705 2922 ἅπαξ
2736 2857 3016 2921 δύνασθαι,
3083 2862 3285 2924 πάντες
3326 2865 3492 2933 ἠξίω-

1919 2941 2042 3010 σαν)
2073 2957 2087 2971 ο
2123 2944 2235 2994 τοῖν
2261 2943 2316 2995 δὲ
2377 2946 2562 3013 νόησιν
2591 2947 2691 3015 μὲν
2744 2949 2910 3016 αὑτὴν
2961 2949 3101 3004 εἰναι
3144 2954 3239 3006 καὶ
3305 2957 3494 3024 νοητὸν

1919 3033 2050 3086 αὐτὸ
2087 3032 2332 3106 θάτερον,
2371 3037 2461 3088 τὸν
2509 3037 2600 3090 τοῦ
2667 3038 2804 3092 Θεοῦ
2848 3041 3018 3111 δήπου
3069 3044 3262 3111 Λόγον,
3312 3044 3490 3116 ἔρωτα
3557 3089 3570 3096 -

1917 3123 1960 3178 δ’
1983 3126 2146 3204 αὑτὸν
2175 3131 2266 3181 καί
2294 3130 2524 3190 ἐραστὸν
2547 3131 2677 3183 αὐτὸ
2700 3133 2761 3184 τὸ
2785 3134 3008 3204 Πνεῦμα
3031 3131 3170 3189 εἶναι
3192 3138 3252 3190 τὸ
3294 3137 3447 3206 ἅγιον
3473 3155 3490 3170 ·

1917 3216 1946 3269 ὃ
1977 3219 2175 3272 ταυτὸν
2207 3220 2271 3271 ἂν
2298 3221 2381 3291 εἴη
2409 3221 2486 3288 τῷ
2514 3224 2650 3276 νοεῖν
2682 3225 2888 3292 ἀγόνως
2921 3243 2984 3294 γε
3039 3229 3130 3281 καὶ
3172 3231 3324 3301 ὲρᾷν.
3383 3232 3491 3284 Καὶ

1918 3310 2105 3383 ὥσπερ
2155 3314 2182 3365 6
2217 3313 2347 3376 Θεὲις
2383 3315 2477 3367 καὶ
2541 3316 2726 3386 Πατὴρ
2766 3319 2968 3371 νοεῖταί
3032 3336 3094 3388 γε
3139 3320 3232 3373 ὑπ’
3283 3325 3488 3391 ἀμφοῖν

1917 3406 2014 3457 καί
2042 3405 2235 3474 ἐρᾶται
2261 3406 2484 3474 ὁμοίως,
2523 3407 2640 3460 ἀλλ’
2657 3409 2715 3460 ού
2751 3413 3055 3479 προάγεται
3113 3413 3206 3467 ὑπ’
3259 3418 3485 3497 ἀμφοῖν,

1915 3495 2057 3549 οὕτω
2080 3498 2174 3550 καὶ
2202 3497 2378 3550 ταῦτα
2405 3501 2544 3550 νοεῖν
2580 3501 2678 3568 μὲν
2705 3503 2794 3553 καὶ
2829 3503 2959 3573 ὲρᾷν
2991 3504 3240 3574 ἀλλήλων
3267 3495 3360 3562 καὶ
3393 3510 3490 3564 τοῦ

1917 3589 2152 3660 Πατρὸς,
2185 3591 2320 3659 μηδὲ
2352 3591 2440 3643 τὸν
2492 3592 2708 3661 Πατέρα
2743 3596 3155 3665 ἀντιπροάγειν,
3219 3600 3348 3671 μήθ’
3396 3600 3488 3656 ὑπ’

1913 3681 2162 3749 ἀλλήλων
2187 3683 2526 3752 προάγεσθαι
2556 3702 2570 3717 ·
2598 3685 2695 3754 τῆς
2722 3686 2777 3739 δὲ
2815 3687 2964 3750 θείας
2997 3689 3209 3758 φύσεως
3233 3693 3291 3746 ἐν
3344 3693 3484 3747 ᾶπα-

192 3781 356 3852 φημί
395 3780 472 3850 δὴ
514 3781 573 3832 τὸ
601 3781 656 3832 ἐν
677 3779 752 3849 τῷ
787 3777 860 3849 νῷ
893 3777 1246 3848 συνειλῆφθαι
1278 3778 1352 3839 ὡς
1384 3771 1522 3840 εἶδός
1559 3793 1608 3830 τι
1638 3776 1716 3846 τῷ
1753 3793 1812 3828 τε

191 3874 390 3946 νοητῷ
431 3890 559 3937 πως
610 3875 703 3926 καὶ
748 3871 825 3942 τῷ
874 3869 1082 3924 νοοῦντι
1117 3867 1515 3939 ὡμοιωμένονς
1579 3868 1653 3920 Ού
1703 3867 1813 3936 γάρ

191 3968 534 4028 ὑπόστασις
565 3963 808 4035 χωριστὴ
857 3963 932 4032 (1)
974 3963 1002 4014 6
1061 3963 1118 4014 ὲν
1180 3963 1311 4031 ἡμῖν
1372 3959 1584 4028 πέφυκε
1635 3960 1808 4027 λόγος,

189 4059 320 4113 ἀλλ’
361 4061 428 4112 ὲν
466 4057 770 4110 ὑποστάσει
803 4054 1000 4123 μᾶλλόν
1029 4055 1146 4108 ἐστι
1173 4056 1237 4124 τῇ
1269 4051 1362 4106 τοῦ
1400 4051 1513 4117 νοῦ,
1547 4053 1814 4125 ὑπαρκτι-

188 4151 312 4215 κῶς
340 4151 580 4204 ἐκείνου
606 4131 1146 4219 διακρινόμενοςοού
1193 4146 1304 4217 γὰρ
1360 4145 1546 4208 ἁπλῶς
1599 4145 1714 4197 ἀλλ’
1776 4145 1809 4215 ἢ

185 4243 402 4311 νοητός
443 4243 594 4294 ἐστι.
621 4240 722 4291 Τὸν
757 4238 814 4290 δὲ
844 4238 984 4290 θεῖον
1007 4236 1116 4308 ἄρα
1142 4236 1314 4302 Λόγον
1370 4235 1538 4304 ἐχρῆν
1587 4235 1654 4304 τῇ
1711 4235 1812 4303 μὲν

183 4334 524 4403 ταυτότητι
563 4332 660 4398 τῆς
683 4329 946 4399 Θεότητος
976 4327 1062 4381 διά
1091 4329 1188 4398 τὴν
1214 4326 1497 4395 ἁπλότητα
1532 4324 1633 4393 τῆς
1665 4323 1811 4386 θείας
1913 4318 2063 4371 νοῦσι
2095 4319 2468 4384 πιστεύεσθαι,
2501 4320 2594 4373 τοῦ
2625 4321 2722 4393 τὴν
2761 4325 2944 4394 νόησιν
2977 4329 3096 4381 ἐκεῖ
3119 4331 3210 4384 καί
3237 4331 3326 4387 τὸν
3351 4337 3488 4406 ἐρω-

183 4424 428 4493 φύσεως
457 4420 868 4490 κεκοσμῆσθαι,
895 4421 961 4488 τῇ
993 4419 1048 4471 δὲ
1070 4419 1166 4488 τῆς
1197 4418 1547 4478 ὑποστάσεως
1581 4416 1809 4482 ἰδιότητι
1913 4429 1980 4465 τα
2001 4411 2078 4482 τῷ
2097 4412 2306 4482 γονίμῳ
2327 4429 2382 4466 τε
2413 4414 2502 4466 καὶ
2533 4414 2710 4487 ἀγόνῳ
2739 4416 3102 4490 διενηνοχέναι
3133 4425 3192 4478 τό
3220 4441 3277 4479 τε
3308 4429 3486 4497 μόνως

179 4517 284 4572 τοῦ
313 4515 663 4584 νενοηκότος
690 4512 836 4576 ἄξιον
862 4508 1020 4572 εἶναι,
1049 4509 1141 4563 καί
1169 4508 1243 4571 ὡς
1271 4509 1475 4570 ἐκεῖνος
1507 4506 1643 4560 νοῶν
1665 4507 1812 4559 ἐστιν
1845 4503 1888 4559 D
1916 4505 2088 4558 αῖτιον
2115 4506 2208 4558 καὶ
2237 4506 2303 4570 τά
2339 4505 2515 4577 μόνως
2549 4509 2764 4563 αἰτιατά
2799 4516 3157 4580 συνιστῶντος
3197 4519 3379 4589 μόνον,
3413 4520 3488 4575 ὧν

178 4611 462 4682 ἀληθῶς,
509 4605 682 4670 οὑτως
714 4604 876 4658 αὑτὸν
903 4602 1110 4674 κυρίως
1162 4597 1302 4654 εἶναι
1330 4599 1636 4670 νοούμενον.
1679 4597 1737 4652 '0
1767 4597 1814 4651 δ’
1918 4599 2037 4659 ταῖς
2067 4595 2322 4666 ἀληθέσιν
2357 4599 2655 4670 ἀναφοραῖς
2671 4619 2730 4655 τε
2755 4604 2848 4656 καὶ
2877 4603 3134 4678 ἰδιότησιν
3161 4610 3221 4674 ἐξ
3245 4613 3486 4684 ἀνάγκης

177 4703 367 4765 αὑτός
413 4701 550 4751 ἐστι
585 4696 678 4748 καὶ
704 4697 832 4763 περὶ
860 4695 954 4748 τοῦ
990 4694 1136 4747 θείου
1186 4691 1504 4762 Πνεύματος
1529 4691 1708 4758 λόγος,
1761 4691 1816 4742 εῖ
1917 4685 2012 4747 τάς
2037 4688 2183 4757 τρεῖς
2213 4689 2540 4753 ὑποστάσεις
2569 4691 2798 4746 ἕπεσθαι
2825 4693 2924 4748 δεῖ.

173 4815 268 4859 τις
307 4793 592 4865 βούλοιτο
618 4788 687 4842 τά
719 4790 978 4859 πρότερον
1007 4787 1274 4857 εἰρημένα
1303 4785 1398 4838 καὶ
1449 4783 1596 4856 αὑτῷ
1636 4785 1812 4854 ὲφαρ-
2001 4781 2335 4847 Ἀξιόπιστος
2358 4785 2402 4837 δ’
2434 4785 2573 4857 ὑπὲρ
2596 4789 2742 4857 ἡμᾶς
2771 4793 2865 4842 καὶ
2890 4792 2978 4844 τὸν
3002 4795 3276 4865 ἡμέτερον
3327 4798 3488 4869 λόγον

177 4889 402 4960 μόζειν
452 4883 698 4938 κατὰτὰ
727 4881 857 4952 περὶ
887 4879 1051 4934 αὑτοῦ
1103 4876 1540 4950 παραδεδομένα,
1594 4875 1696 4946 τὴν
1753 4877 1812 4928 ὲν
1917 4872 1945 4926 ὁ
1978 4875 2070 4965 τοῦ
2099 4873 2233 4927 Θεοῦ
2279 4876 2448 4943 Λόγος
2512 4877 2698 4944 αὐτὸς,
2745 4880 2918 4951 ἑαυτῷ
2969 4901 3028 4936 τε
3071 4889 3164 4941 καὶ
3227 4890 3304 4960 τῷ
3361 4893 3490 4965 θεέῳ

173 4987 303 5045 τοῖς
339 4977 689 5052 προσώποις
715 4978 904 5041 σώζων
939 4975 1224 5046 διαφοράν.
1258 4973 1409 5044 Ι’Ἅμα
1436 4972 1492 5025 δὲ
1526 4972 1701 5024 καὶτὸ
1737 4970 1810 5039 μὴ
1921 4964 2195 5035 Πνεύματι
2229 4968 2538 5038 μαρτυρῶν,
2580 4969 2656 5034 ὡς
2707 4973 2769 5025 ἐκ
2830 4974 2965 5026 Θεοῦ
3020 4985 3386 5052 προηγμένοις
3429 4964 3486 5041 τε

173 5075 303 5128 δεῖν
341 5073 456 5126 ἐπὶ
497 5069 720 5131 πλείους
767 5067 1106 5122 ἐκτείνεσθαι
1149 5067 1246 5129 τὰς
1295 5065 1443 5128 θείας
1487 5063 1812 5124 ὑποστάσεις
1920 5061 2046 5116 καθ’
2076 5063 2399 5126 ὑπόστασιν,
2425 5065 2518 5118 καὶ
2556 5065 2613 5116 ὲν
2647 5067 2795 5137 αὑτῷ
2833 5071 2970 5123 κατά
3001 5073 3162 5140 φύσιν
3195 5078 3346 5133 οὐδὲν
3394 5077 3489 5154 ἦτ-

169 5169 358 5234 δῆλόν
402 5170 542 5219 ἐστι
569 5164 680 5224 τοῖς
713 5162 948 5229 εὐλόγως
987 5177 1045 5213 τε
1095 5159 1208 5229 ἅμα
1256 5157 1350 5210 καὶ
1399 5155 1641 5218 εὐσεϐῶς
1685 5170 1813 5206 σκο-
1921 5173 2010 5208 τον
2041 5151 2158 5208 οὖσι
2179 5155 2270 5208 καὶ
2304 5155 2361 5206 ἐν
2396 5141 2673 5227 ἀλλήλοιςῖ
2696 5161 2838 5229 Δήλη
2887 5163 2942 5216 δὲ
2995 5167 3087 5220 καὶ
3131 5171 3162 5238 ἡ
3231 5171 3352 5241 ἱερὰ
3383 5141 3488 5226 τίῆν

173 5257 548 5328 σιτουμένοις.
575 5252 740 5305 Οὐδὲν
769 5252 876 5320 γάρ
916 5253 943 5304 ὅ
987 5269 1039 5302 τι
1085 5250 1194 5301 τῶν
1227 5248 1354 5317 περὶ
1393 5245 1527 5297 Θεοῦ
1585 5243 1816 5314 λεγομέο
1935 5249 2203 5301 Ἰουδαίων
2239 5245 2483 5315 θεολογία
2513 5249 2610 5319 τὴν
2642 5251 2698 5311 ἐς
2732 5251 2956 5323 ὕστερον
2984 5259 3327 5329 ἀναλάμπειν
3359 5265 3486 5331 μέλ-

169 5350 446 5406 νωιοὺκ
486 5346 558 5398 ἂν
585 5346 665 5406 εἰς
714 5343 812 5404 τάς
855 5343 1182 5403 ὑποστάσεις
1245 5341 1446 5401 ταύτας
1497 5336 1812 5406 άνενεχθείη
1924 5342 2124 5392 λουσαν
2155 5339 2280 5404 περὶ
2320 5338 2427 5391 τῶν
2469 5339 2625 5394 θείων
2652 5343 2907 5413 ἀλήθειαν
2931 5349 3368 5418 προδιατυποῦσα
3399 5357 3489 5406 καὶ

171 5444 389 5504 καλῶς
429 5437 542 5491 καὶ
574 5438 672 5499 τὰς
703 5436 960 5507 προόδους
995 5433 1198 5498 αὑτῶν,
1263 5430 1361 5485 εῖτ’
1417 5429 1688 5500 ἀγαθότης
1729 5428 1812 5498 εἴη
1926 5429 2504 5500 προανακηρύττουσα,
2534 5433 2592 5486 έν
2635 5434 2710 5504 τῷ
2733 5436 2810 5507 τῷ
2837 5438 2936 5506 μὲν
2965 5441 3126 5510 Λόγῳ
3165 5445 3370 5514 Κυρίου
3393 5447 3491 5516 τὴν

1915 3789 2000 3826 σιν
2027 3771 2191 3844 οὔσης
2225 3775 2323 3843 τῆς
2356 3777 2652 3846 νοουμένης
2671 3794 2728 3830 τε
2761 3779 2854 3830 καὶ
2887 3780 3282 3854 ἀγαπωμένης,
3315 3787 3487 3857 αὐτῆς

1913 3879 1972 3915 τε
2005 3865 2095 3918 καὶ
2129 3865 2221 3916 τοῦ
2255 3867 2393 3919 νοεῖν
2427 3867 2458 3936 ἢ
2495 3868 2625 3936 έρᾷν
2676 3867 2793 3930 ἐνὸς
2827 3869 3001 3921 ὄντοιν
3057 3873 3174 3924 ἐκεῖ
3233 3875 3486 3944 πράγμα-

1913 3972 2024 4020 τος,
2067 3957 2116 4010 εἰ
2151 3956 2243 4010 καὶ
2271 3957 2469 4026 τρόπον
2500 3957 2705 4028 ἕτερον,
2759 3960 2985 4033 ἀληθείᾳ
3050 3963 3144 4015 καὶ
3201 3967 3488 4034 πράγματι

1913 4048 2008 4100 καὶ
2046 4048 2121 4116 μὴ
2152 4047 2275 4100 κατ’
2341 4049 2584 4102 ἐπίνοιαν
2648 4051 2837 4120 μόνην,
2895 4053 2973 4116 ὡς
3024 4055 3250 4125 ἐλήρουν
3320 4061 3484 4126 τινὲς,

1917 4137 2077 4190 ἐστον
2108 4138 2466 4209 διενηνοχότε,
2497 4139 2588 4192 ἕνα
2625 4140 2700 4210 (4)
2736 4144 2799 4211 τῇ
2845 4142 3003 4210 φύσει
3034 4145 3159 4200 νοῦν
3199 4149 3291 4200 καὶ
3353 4151 3486 4205 Θεὸν

1913 4233 2009 4285 ἕνα
2033 4231 2129 4294 τάς
2152 4234 2299 4301 τρεῖς
2329 4232 2658 4296 ὑποστάσεις
2683 4230 2821 4288 εἷναί
2843 4253 2902 4288 τε
2947 4241 3038 4294 καὶ
3089 4243 3204 4304 τοῖς
3249 4238 3308 4297 εὖ
3350 4262 3484 4316 φρο-

1929 5609 2188 5674 scriplmn
2234 5624 2246 5660 :
2290 5623 2422 5662 cave
2454 5608 2595 5661 enim
2631 5607 2864 5660 deduali
2906 5609 3136 5674 cogites.
3180 5611 3350 5664 ALEx.

2003 5681 2076 5746 (5)
2115 5679 2322 5732 Mutare
2365 5679 2494 5731 nihil
2546 5677 2813 5733 audemus
2854 5695 2866 5730 :
2931 5681 3278 5747 sumpicamur
3311 5691 3491 5738 tamen

1930 5749 2234 5802 addendum
2273 5751 2425 5803 Θεόν.
2451 5749 2621 5802 Αιιῖι.

2003 5820 2079 5890 (4)
2118 5823 2256 5875 Ληιυ
2289 5822 2382 5872 ἕνα
2424 5818 2782 5889 supplendum
2824 5817 2984 5873 ὥστε.
3024 5821 3189 5877 Αιει.

253 5615 347 5683 (1)
383 5611 548 5671 Cud.
579 5615 767 5681 χωρὶς,
803 5611 918 5666 sine
946 5625 1132 5674 sensu,
1166 5609 1253 5683 u_l_)i
1283 5623 1381 5683 nqs
1440 5622 1471 5661 ο
1500 5606 1664 5683 μορηῙ.
1709 5625 1816 5673 χωο

165 5677 392 5760 ριστῆ,
439 5677 607 5760 you}-
641 5677 1012 5750 Peripateticis
1068 5696 1130 5735 ac
1187 5677 1595 5748 Ncuplalonicis
1664 5693 1817 5748 mque

161 5755 510 5815 ialnelmri.
555 5755 728 5809 ALEI.
1406 5767 1410 5772 ·

254 5833 349 5902 (2)
394 5827 558 5883 God.
597 5829 762 5897 μόνω,
803 5826 897 5882 sed
935 5825 1067 5895 quia
1109 5821 1183 5878 ibi
1238 5819 1416 5880 omilli
1460 5820 1600 5877 solet
1635 5819 1824 5874 z‘sub-
