3932 6458
254 395 352 462 613

1346 382 1711 445 EPISTULA
1758 376 1880 445 AD"
1898 379 2406 443 PLETHONEM.

3400 376 3504 441 614

256 507 420 585 πᾶσιν
451 502 725 572 ὠφέλιμα.
760 500 828 552 Ἦ
867 500 959 553 ἐπὶ
1008 497 1186 554 πάντα
1225 497 1277 566 γ’
1316 497 1385 552 ἂν
1413 496 1523 551 ἔδει
1552 495 1612 550 τὸ
1642 494 1818 551 τοιοῦ-
1850 499 1900 561 Α
1928 497 2283 568 ἐκπλήρωσιν
2311 490 2448 568 ἧκον
2484 495 2581 567 τῆς
2608 494 2673 547 ἐκ
2706 494 2840 548 Θεοῦ
2885 496 3143 565 προνοίας
3183 494 3278 546 καὶ
3303 495 3503 565 κυϐερ-

252 615 311 651 το
361 594 525 657 σέϐας
583 592 887 655 ἐκτείνειν,
937 590 973 644 ἆ
1022 607 1079 644 τι
1130 590 1412 657 θαύματος
1455 588 1609 655 ἄξιον
1648 587 1830 659 ἔχουσι
1933 590 2167 658 νήσεως,
2202 586 2400 657 ἀληθές
2429 587 2605 642 ἐστιν.
2643 586 2792 640 Ἔδει
2826 587 2935 657 γάρ
2962 602 3012 639 τι
3054 588 3149 640 καὶ
3180 587 3361 648 αὐτοῖς
3394 592 3506 653 τοῖς

253 691 348 745 καὶ
391 686 427 741 ἀ
458 684 642 740 θεόθεν
674 682 832 738 είσίν.
862 683 1026 737 Οὐδὲν
1059 683 1116 737 δέ
1154 682 1306 735 ἐστιν
1344 681 1505 751 ἔργον
1530 679 1665 734 Θεοῦ
1685 720 1700 747 ,
1729 681 1830 734 κᾶν
1933 678 2376 751 κυϐερνωμένοις
2424 675 2564 733 εἶναι
2595 679 2760 733 καλὸν
2794 682 2852 733 ἐν
2884 677 2977 750 μτῷ
3022 679 3304 743 λυσιτελές
3331 699 3383 733 τι
3410 682 3507 736 καὶ

256 781 314 834 τὸ
342 777 705 849 σμικρότατον
737 772 797 849 ᾖ.
830 775 858 828 δ
891 774 965 846 μὴ
999 773 1331 843 θαυμάσειεν
1359 774 1425 829 ἄν
1446 789 1533 836 τις
1563 772 1830 836 ἐκτόπως.

260 874 368 927 Καὶ
404 870 544 924 πολὺ
573 866 761 939 μεῖζόν
793 870 939 922 ἐστιν
966 868 1024 922 ἐν
1054 868 1169 929 τοῖς
1196 864 1506 937 ἐλαχίστοις
1535 865 1597 918 τὸ
1625 866 1830 936 θαῦμα,

254 966 345 1021 τοῦ
394 962 533 1018 Θεοῦ
591 963 795 1033 σφίσιν,
834 962 954 1017 ἀντὶ
982 961 1091 1016 τῶν
1137 961 1201 1015 ἐκ
1242 959 1337 1013 τοῦ
1375 959 1644 1030 μεγέθους
1674 958 1832 1012 ἐλατ-

253 1057 545 1126 τωμάτων,
592 1053 788 1122 σοφίαν
835 1052 957 1107 τινὰ
999 1050 1098 1105 καὶ
1133 1051 1391 1122 μεθόδους
1437 1050 1596 1117 ξένας
1638 1052 1836 1119 ἐγκατ-

254 1146 581 1208 οικίσαντος,
612 1145 691 1208 είς
721 1142 949 1208 ἔνδειξιν
1003 1144 1102 1212 τῆς
1130 1144 1441 1209 δυνάμεως.
1469 1141 1558 1195 Διὸ
1582 1143 1679 1195 καὶ
1707 1142 1834 1205 τούς

254 1238 482 1300 πολλοὺς
514 1238 548 1304 ή
597 1237 707 1290 τῶν
743 1237 1072 1305 σοφωτέρων
1128 1236 1381 1305 σφήλασα
1420 1234 1735 1305 περιεργία,
1768 1234 1835 1306 ήν

255 1333 452 1383 ἐκεῖνοι
484 1328 615 1394 περὶ
640 1329 708 1381 τὰ
733 1328 905 1398 μείζω
929 1327 1037 1382 τῶν
1062 1330 1120 1382 ἐν
1143 1328 1221 1398 τῷ
1254 1328 1447 1396 κόσμῳ
1488 1326 1835 1395 φαινομένων

254 1421 456 1477 ἔπαθον
508 1421 810 1493 τεθηπότες
860 1423 1041 1488 αὐτὰ,
1091 1420 1389 1475 καὶταῦτα
1432 1420 1497 1490 δή
1545 1423 1835 1489 προήγαγε

252 1516 528 1569 θεοποιεῖν
579 1530 640 1567 τε
694 1515 789 1568 καὶ
842 1514 1044 1568 σέϐεινο
1081 1513 1321 1583 εὐλόγως
1382 1512 1482 1584 μὲν
1536 1513 1838 1582 οὐδετέρων

253 1610 658 1678 πεποιηκότων,
693 1609 800 1661 τῶν
835 1609 893 1661 δέ
940 1608 1152 1662 πολλῶν
1185 1606 1590 1677 εὐλογώτερον,
1636 1608 1718 1660 ὅτι
1749 1622 1837 1674 γε,

250 1700 371 1753 δέον
392 1700 551 1767 δόξαν
574 1702 690 1763 τοῖς
724 1700 994 1770 ἡγεμόσιν
1041 1700 1223 1755 αὐτῶν
1265 1699 1325 1753 τδ
1357 1700 1500 1753 θεῖον
1549 1698 1716 1763 σέϐας
1746 1699 1840 1751 ἐπὶ

1933 774 2140 827 τούτων
2166 772 2401 827 ἕκαστον
2430 768 2597 826 εἶναι’
2629 772 2773 827 οὕτω
2797 773 2905 843 γὰρ
2943 775 3005 827 3v
3031 778 3120 826 καὶ
3146 777 3177 842 ή
3207 775 3299 827 τοῦ
3344 776 3506 844 μόνου

1936 864 2274 935 κυϐερνήτου
2321 865 2432 918 τῶν
2484 866 2652 919 ὄντων
2705 866 2921 930 ἐξουσία
2961 866 3342 937 λαμπρότερον
3391 868 3510 920 δια-

1937 958 2182 1027 φαίνοιτο
2216 997 2230 1021 ,
2291 958 2501 1011 πολλῶν
2571 976 2629 1010 τε
2688 958 3123 1027 διακονουμένων
3168 961 3305 1028 αὐτῇ
3342 1002 3357 1025 ,
3412 961 3509 1012 καὶ

1939 1051 2155 1103 πάντων
2209 1053 2523 1116 εὐτάκτως,
2672 1049 2799 1104 ἄλλο
2862 1052 3023 1105 ἄλλου
3078 1052 3316 1122 ἤρτηται
3382 1051 3511 1124 θαυ-

1940 1143 2170 1212 μασίως,
2203 1142 2391 1212 ὥσπερ
2446 1143 2504 1194 ἐν
2547 1146 2611 1212 τῇ
2647 1143 2794 1207 τάξει
2846 1144 2942 1210 τῆς
2996 1144 3236 1211 φύσεως,
3274 1144 3417 1197 οὕτω
3448 1122 3511 1215 δὴ

1938 1238 2031 1291 καὶ
2061 1237 2157 1304 τῆς
2188 1236 2528 1306 λειτουργίας
2555 1252 2570 1266 ⁸
2604 1239 2729 1289 ὅσον
2759 1237 2805 1289 δ’
2832 1239 2912 1299 είς
2958 1237 3049 1289 τὸν
3095 1238 3195 1306 τῆς
3245 1239 3514 1307 κυϐερνή-

1941 1346 2077 1389 σεως
2108 1329 2233 1398 ἥκει
2284 1328 2462 1394 λόγον,
2524 1328 2743 1396 ἀμέσως
2787 1329 2968 1381 πάντα
3017 1330 3079 1380 ἐκ
3128 1330 3263 1382 Θεοῦ
3311 1331 3511 1401 κυϐερ-

1939 1421 2129 1473 νᾶσθαι
2163 1422 2493 1491 πιστεύομεν
2550 1423 2653 1474 ὐπὸ
2704 1422 2798 1492 τῆς
2838 1421 2989 1485 θείας
3052 1426 3247 1492 σοφίας
3300 1441 3358 1477 τε
3417 1427 3513 1478 καὶ

1938 1514 2242 1582 δυνάμεως⁹
2278 1516 2688 1583 ἐφαρμόττουσι
2718 1517 2826 1585 γὰρ
2858 1519 2916 1570 ἐν
2944 1518 3019 1586 τῷ
3048 1517 3194 1589 λόγῳ
3222 1519 3319 1587 τῆς
3350 1520 3510 1572 ἀπει-

1944 1605 2087 1674 ρίας,
2149 1606 2317 1673 μέχρι
2371 1606 2466 1656 καὶ
2514 1605 2622 1657 τῶν
2667 1607 2912 1675 ἐσχάτων
2966 1609 3346 1677 ἐκτεινομένῳ.
3379 1608 3515 1661 Οὐδὲ

1941 1697 2049 1763 γὰρ
2099 1691 2210 1749 οἷόν
2259 1698 2306 1749 τ’
2344 1691 2415 1765 ἦν
2462 1695 2527 1748 δι’
2588 1697 2757 1749 αὐτοῦ
2809 1698 2908 1767 μὲν
2960 1700 3376 1752 κατασκευάσαι
3424 1700 3514 1751 τὸν

249 1794 317 1846 τὰ
348 1794 486 1863 ἔργα
534 1794 629 1848 τοῦ
672 1795 810 1849 Θεοῦ
847 1795 1206 1864 καταφέρειν,
1246 1795 1345 1863 τῆς
1374 1793 1635 1862 τοιαύτης
1683 1790 1840 1845 αὐτοὶ
1879 1862 1884 1864 _
1941 1786 2171 1854 κόσμον,
2215 1786 2290 1857 μὴ
2316 1786 2543 1841 διοικεῖν
2585 1787 2642 1840 δέ
2690 1787 2883 1842 τοῦτον
2925 1789 2994 1842 δι’
3036 1791 3202 1844 αὐτοῦ
3229 1791 3318 1844 τὸν
3359 1791 3513 1855 Θεὸν,

245 1862 417 1955 τιμῆς
468 1887 645 1940 οὐδενὶ¹
691 1887 800 1941 τῶν
880 1862 1081 1957 ἔργων⁷
1108 1862 1418 1956 ἐφθόνησαν
1442 1926 1456 1949 ,
1512 1885 1608 1939 ἅτε
1667 1884 1837 1937 πᾶσιν
1872 1862 1911 1919 Β
1944 1881 2067 1949 μηδ’
2089 1880 2147 1945 ἐξ
2180 1878 2342 1932 αὐτοῦ
2373 1881 2466 1933 τὸν
2499 1881 2599 1950 τῆς
2621 1882 2826 1947 τάξεως
2854 1882 3117 1952 λογισμὸν
3139 1883 3514 1939 ἐπιτεθεῖσθαί

248 1975 536 2047 ἐξαιρέτου
568 1978 721 2042 τινδς
752 1980 852 2050 τῆς
878 1979 974 2032 τοῦ
1009 1978 1145 2032 Θεοῦ
1182 1978 1378 2047 σοφίας
1403 1975 1833 2046 ἐμφαινομένης,

246 2070 347 2122 καὶ
382 2071 517 2143 πρὸς
562 2073 750 2142 μεῖζον
781 2072 968 2140 θαῦμα.
999 2071 1321 2142 δυναμένων
1372 2072 1591 2137 ἐνάγειν
1624 2069 1732 2123 τῶν
1754 2069 1838 2123 δο-

247 2161 495 2216 κούντων
528 2164 875 2233 ὴλαττῶσθαι
932 2164 1227 2235 ποσότητι,
1268 2163 1365 2218 καὶ
1400 2161 1627 2234 μηδενὸς
1659 2161 1838 2214 αὐτῶν

244 2254 427 2321 δντος,
463 2249 507 2323 ᾧ
536 2257 611 2327 μὴ
636 2258 695 2310 τὸ
722 2257 972 2322 αἰτιῶδες
1005 2275 1065 2311 τε
1109 2255 1319 2325 όπηοῦν
1352 2256 1531 2311 ἔνεστι
1570 2256 1664 2310 καὶ
1695 2255 1838 2322 ὠφέ-

244 2345 431 2415 λιμον.
468 2347 533 2399 Τί
566 2347 625 2400 δὲ
664 2349 697 2419 ἡ
732 2348 1049 2420 πατουμένη
1082 2350 1373 2420 Δημήτηρ,
1404 2349 1497 2402 καὶ
1545 2351 1573 2402 ό
1611 2348 1838 2402 σϐεννύ-

245 2455 417 2505 μενος
445 2439 777 2507 Ἥφαιστος,
810 2446 907 2493 καὶ
956 2442 984 2494 δ
1035 2441 1233 2510 πικρὸς
1264 2442 1361 2493 καὶ
1393 2441 1693 2512 φθαρτικὰς
1731 2442 1834 2496 Πο-

244 2529 448 2582 σειδῶν
477 2546 491 2595 ;
525 2529 590 2581 Τί
623 2531 680 2584 δέ
712 2530 772 2583 τδ
802 2531 970 2602 ἄρρεν
1005 2532 1064 2585 ἐν
1101 2534 1215 2596 τοῖς
1259 2532 1399 2596 θεοῖς
1434 2534 1529 2587 καὶ
1560 2534 1735 2604 θῆλυς
1772 2536 1839 2589 Τί

240 2619 303 2675 δέ
354 2620 415 2673 τὸ
457 2623 586 2683 τοὺς
642 2621 743 2690 μὲν
802 2622 1100 2690 ἐφεστάναι
1165 2625 1275 2687 τοῖς
1319 2625 1586 2692 ἀγαθοῖς,
1619 2627 1743 2689 τοὺς
1784 2626 1840 2680 δέ

236 2714 370 2774 τοῖς
420 2713 635 2782 χείροσι
672 2711 785 2769 τῶν
836 2714 892 2766 ἐν
924 2732 981 2766 τε
1020 2718 1087 2785 τῇ
1120 2716 1279 2784 φύσει
1305 2719 1398 2770 καὶ
1427 2716 1520 2770 ὐπ’
1545 2718 1724 2772 αὐτῶν
1752 2720 1840 2772 ἀν-

241 2801 494 2871 θρώπων
519 2805 833 2871 γενομένων
863 2821 878 2872 ;
933 2805 1045 2859 Καὶ
1074 2807 1397 2876 ἀνθρώπους
1426 2809 1481 2861 δέ
1520 2828 1676 2874 τινας
1710 2813 1844 2864 ἀπο-

238 2894 467 2960 θεοῦσι,
505 2897 605 2951 καὶ
649 2897 844 2960 ἄλλους
870 2892 1027 2962 αὖθις
1058 2901 1540 2971 καταστερίζουσι,
1569 2904 1664 2956 καὶ
1688 2905 1843 2957 οὐδὲν

247 2988 282 3043 δ
318 3005 376 3041 τι
426 2988 488 3042 οὐ
539 2988 839 3043 πλάττουσι
878 2991 992 3067 ’τῶν
1027 2992 1263 3058 ἀτόπων,
1309 2993 1498 3065 ῶσπερ
1532 2994 1844 3067 ἐξεπίτηδες

239 3080 355 3149 τὴν
380 3079 702 3151 τελειότητα
754 3082 848 3134 καὶ
878 3064 1168 3155 ’ἁπλότητα
1215 3085 1313 3139 καὶ
1361 3085 1423 3138 τό
1466 3064 1725 3151 Ῑάνενδεές
1742 3064 1840 3144 τοῦ
1930 3090 1935 3095 ’

240 3171 393 3226 Θεοῦ
441 3171 537 3225 καὶ
589 3173 689 3243 τὴν
741 3173 1002 3239 ἀπειρίαν
1052 3175 1145 3227 καὶ
1177 3174 1278 3247 τήν
1314 3176 1590 3231 ἀπάθειαν
1643 3180 1737 3231 καὶ
1783 3179 1843 3231 τὸ

238 3262 681 3333 ⁸ιιοιντοδύναμον
714 3267 811 3317 καὶ
838 3265 943 3337 τὴν
975 3266 1241 3336 πρόνοιαν
1292 3268 1599 3333 ἐξελαύνειν
1655 3270 1839 3339 βουλό-

240 3373 438 3425 μενοι.
478 3357 557 3409 Δι’
609 3351 687 3411 ὢν
716 3359 815 3421 θείς
866 3358 1094 3413 τοιαῦτα
1147 3361 1504 3415 κατασπῶσιν
1554 3364 1719 3433 αἴσχη
1748 3364 1839 3417 καὶ

237 3449 433 3518 πάθη,
457 3450 594 3504 πολὺ
626 3453 903 3524 ἀπᾴδοντα
932 3455 1031 3521 τῆς
1063 3452 1347 3524 βελτίστης
1386 3455 1484 3509 καὶ
1507 3458 1839 3529 σεμνοτάτης

237 3545 659 3614 προσηγορίας
687 3563 747 3599 τε
789 3547 885 3598 καὶ
917 3545 1009 3599 τοῦ
1061 3546 1408 3616 πράγματος.
1449 3548 1641 3602 Καίτοι
1675 3568 1840 3621 χωρι-

241 3635 396 3697 στὰς
431 3635 528 3704 μὲν
573 3636 763 3699 οὐσίας
811 3637 1019 3691 τιθέναι
1067 3639 1223 3701 τινὰς
1257 3639 1479 3709 εὐλογόν
1526 3643 1640 3694 ἐστι
1673 3642 1837 3694 πάνυ·

232 3726 376 3780 ἀλλ’
394 3727 520 3797 οὐχὶ
559 3729 654 3781 καὶ
691 3730 800 3781 τῶν
826 3728 995 3782 ὄντων
1023 3730 1398 3800 δημιουργοὺς
1423 3732 1600 3785 οὐδενὶ
1628 3732 1836 3803 τρόπῳ,

231 3815 381 3870 οὔτε
439 3819 923 3889 συμμεριζομένας
979 3820 1079 3890 τὴν
1132 3821 1228 3875 τοῦ
1281 3823 1488 3887 παντὸς
1537 3825 1713 3896 ἀρχὴν
1762 3826 1841 3897 τῷ

233 3908 404 3979 Θεῷ,
450 3908 638 3978 ἀρκεῖν
688 3910 1030 3982 ἡγουμένους
1081 3914 1182 3983 τῆς
1237 3917 1464 3984 πρώτης
1515 3917 1698 3978 αἰτίας
1742 3916 1841 3987 τὴν

230 4000 495 4070 δύναμιν
531 4001 597 4055 δι’
628 4002 885 4073 ἀπειρίαν
915 4004 1054 4075 πρὸς
1089 4005 1268 4059 πάντα
1319 4008 1708 4075 ἐκτεινομένην
1741 4008 1841 4073 τὰς

233 4093 366 4144 τῶν
395 4092 569 4145 ὄντων
603 4093 798 4161 φύσεις
833 4096 1139 4165 παράγειν.
1176 4098 1286 4150 Καὶ
1316 4098 1683 4152 διακονεῖσθαι
1711 4101 1840 4170 μέν·

231 4210 331 4245 τοι
384 4190 487 4253 τὰς
530 4194 805 4261 χωριστὰς
858 4194 1047 4258 οὐσίας
1079 4194 1293 4259 ἐκείνας
1324 4199 1388 4267 τῇ
1422 4195 1516 4249 τοῦ
1546 4197 1683 4250 Θεοῦ
1714 4197 1841 4268 περὶ

170 4307 183 4314 ·
226 4284 406 4353 ἡμᾶς
456 4285 685 4354 προνοίᾳ
741 4286 1074 4353 πιστεύομεν
1106 4328 1121 4354 ,
1153 4287 1269 4341 ἀλλ’
1300 4289 1397 4358 οὐχ
1446 4282 1557 4342 οἷον
1584 4289 1841 4360 Ἕλληνες

1939 1991 1995 2027 τε
2019 1975 2118 2045 τὴν
2157 1976 2332 2046 ἀρχὴν
2374 1977 2488 2040 τοῖς
2521 1977 2613 2030 ὐπ’
2643 1977 2811 2031 αὐτοῦ
2836 1980 3107 2046 γεγονόσι,
3136 1986 3231 2033 καὶ
3267 1980 3362 2034 νῦν
3387 1982 3511 2035 ἐπι-

1940 2068 2209 2134 τίθεσθαι,
2246 2070 2295 2122 εί
2319 2070 2399 2141 μὴ
2435 2069 2504 2123 δι’
2537 2071 2748 2127 ἔνδειαν
2798 2073 2979 2144 ἰσχύος
3012 2074 3044 2145 ἢ
3078 2075 3259 2143 λόγου·
3298 2070 3373 2129 ῶν
3408 2076 3513 2145 ἄρα

1940 2166 2034 2219 καὶ
2064 2167 2173 2219 τῶν
2226 2166 2484 2220 τοιούτων
2526 2167 2678 2219 οὐδὲν
2718 2167 2979 2236 ἁρμόττει
3012 2166 3150 2237 Θειῖν
3183 2165 3307 2220 οὔτε
3356 2168 3515 2236 λόγον

1939 2259 2005 2312 ἂν
2064 2260 2178 2330 ἔχοι
2233 2259 2535 2329 δυνάμενον
2578 2262 2672 2313 καὶ
2703 2259 2883 2313 εἰδότα
2940 2244 3327 2331 καταφρονεῖν,
3364 2262 3518 2312 ἐλατ-

1940 2348 2159 2402 τοῦσθαί
2212 2367 2267 2403 τι
2317 2352 2383 2421 τῇ
2430 2349 2537 2403 τῶν
2573 2349 2817 2418 μερικῶν
2852 2347 3059 2401 τούτων
3112 2348 3206 2402 καὶ
3236 2348 3514 2401 ταπεινῶν

1942 2443 2167 2514 προνοίᾳ
2198 2443 2506 2514 νομίζοντα.
2546 2443 2611 2497 Εἰ
2646 2443 2755 2511 γὰρ
2796 2442 2921 2512 μηδ’
2972 2444 3030 2494 ἐν
3060 2442 3243 2504 αὐτοῖς
3274 2440 3541 2510 ἐνεργῶν.

1943 2536 2095 2587 ἐσται
2126 2552 2177 2587 τι
2201 2536 2424 2606 χείρων,
2453 2537 2668 2607 ἐνεργεῖ
2722 2535 2777 2588 δέ
2817 2535 2990 2601 δήπου
3018 2535 3196 2587 πάντα
3239 2536 3295 2586 ἐν
3324 2534 3514 2597 πᾶσιν,

1942 2626 2026 2680 ἆτ’
2076 2627 2134 2692 ἐξ
2192 2626 2359 2680 αὐτοῦ
2413 2630 2581 2681 π’ἶσιν
2632 2627 2997 2698 ἐπιρρεούσης
3035 2627 3250 2690 οἰκείως
3296 2626 3394 2694 τῆς
3423 2621 3516 2677 τοῦ

1943 2720 2203 2773 δύνασθαι
2236 2722 2376 2789 πρὸς
2408 2720 2466 2773 τδ
2504 2720 2768 2790 πράττειν
2800 2719 3191 2789 προσαγωγῆς,
3241 2717 3405 2787 σχολῇ
3452 2731 3516 2783 γε

1944 2811 2041 2875 τὴν
2069 2809 2229 2872 ἀξίαν
2269 2808 2434 2862 αὐτοῦ
2466 2810 2788 2879 λυμανεῖται
2820 2809 2880 2861 τὸ
2926 2810 3022 2881 τῆς
3057 2809 3115 2861 ἐν
3149 2808 3331 2875 σφίσιν
3359 2807 3519 2859 εὐτα-

1947 2901 2062 2969 ξίας
2095 2900 2424 2971 φροντίζειν,
2471 2900 2607 2971 ὅπερ
2655 2901 2755 2971 οὐχ
2796 2896 2961 2973 ἧττόν
3008 2918 3072 2970 γε
3107 2899 3202 2953 τοῦ
3246 2898 3514 2968 προτέρου

1945 2996 2046 3064 τὴν
2073 2995 2474 3066 ὑπερκειμένην
2504 2996 2570 3049 ἂν
2600 2994 2772 3059 δείξαι
2806 2994 3056 3064 δύναμιν.

2018 3175 2206 3230 Ταῦτά
2236 3191 2293 3228 τε
2327 3174 2511 3229 τοίνυν
2550 3173 2729 3237 εἴποις
2760 3174 2828 3229 ἂν
2874 3175 3012 3245 πρὸς
3051 3176 3271 3243 αὐτοὺς,
3305 3176 3516 3245 ἀνδρῶν

1941 3271 2155 3341 ἄριστε,
2205 3253 2299 3322 καὶ
2345 3267 2483 3323 ἄλλα
2539 3269 2672 3321 πολὺ
2721 3269 2820 3337 μὲν
2854 3268 3062 3321 τούτων
3096 3268 3315 3337 βελτίω,
3350 3267 3428 3338 τῷ
3461 3269 3519 3322 δέ

1944 3360 2133 3430 σκοπῷ
2181 3361 2564 3431 παραπλήσια,
2598 3361 2818 3423 δεικνὺς
2848 3361 3046 3413 ὁπόσον
3074 3380 3125 3413 τι
3160 3361 3220 3413 τὸ
3256 3363 3517 3432 διάφορον

1939 3455 2038 3523 τῆς
2087 3453 2404 3524 Ἑλληνικῆς
2460 3453 2885 3524 δεισιδαιμονίας
2935 3457 3029 3507 καὶ
3085 3454 3186 3524 τῆς
3234 3456 3514 3525 ἡμετέρας

1942 3546 2241 3613 θεολογίας·
2274 3547 2367 3599 καὶ
2401 3548 2537 3616 πρὸς
2589 3545 2826 3611 τούτοις,
2856 3545 2930 3608 ὡς
2972 3546 3094 3598 οὐδέ
3122 3547 3203 3599 δεῖ
3256 3547 3351 3616 τῆς
3387 3546 3517 3599 Ἐκ·

1940 3640 2174 3709 κλησίας
2206 3636 2431 3705 ἄγνοιάν
2463 3654 2589 3690 τινα
2620 3635 3064 3706 καταγινώσκειν
3092 3637 3287 3701 αὐτοὺς
3312 3678 3327 3703 ,
3361 3637 3410 3689 εί
3456 3638 3518 3690 τὸ

1951 3731 2269 3802 Ἑλληνικὸν
2300 3730 2519 3801 ἀξίωμα
2562 3729 2637 3799 μὴ
2695 3733 3031 3798 προσήκατο.
3082 3731 3247 3781 Ἀνευ
3279 3728 3387 3798 γὰρ
3420 3727 3516 3781 τοῦ

1943 3824 2155 3895 μείζονι
2201 3822 2475 3893 ἀξιώματι
2514 3822 2853 3893 πειθομένην
2883 3822 3055 3889 αὐτὴν
3081 3823 3189 3873 δεῖν
3222 3822 3288 3875 ἂν
3321 3818 3515 3873 τούτου

1940 3933 2000 3970 τε
2053 3917 2149 3970 καὶ
2182 3915 2386 3978 παντὸς
2416 3914 2578 3969 ἄλλου
2620 3916 3008 3983 καταφρονεῖν,
3048 3913 3219 3966 πολλὰ
3257 3911 3518 3974 πολλάκις

1941 4014 2000 4063 ἐν
2048 4013 2159 4075 τοῖς
2220 4010 2363 4063 κατά
2416 4008 2526 4061 τῶν
2584 4008 2883 4077 αἱρετικῶν
2916 4007 3125 4075 ἀγῶσιν
3163 4004 3404 4074 ἐξεῦρεν,
3435 3998 3517 4064 οἷς

1941 4105 2041 4159 οὐκ
2083 4104 2300 4174 ἀνάγκη
2328 4102 2418 4155 διά
2446 4119 2509 4168 γε
2538 4100 2749 4169 ταύτην
2782 4105 2879 4167 τήν
2919 4101 3185 4171 πρότασιν
3209 4098 3240 4168 ἢ
3276 4099 3367 4149 τὸν
3390 4097 3517 4149 Υίδν

1941 4198 2036 4251 τοῦ
2085 4196 2222 4250 Θεοῦ
2281 4195 2471 4267 ἐτέρας
2501 4195 2690 4256 οὐσίας
2722 4196 2873 4264 παρὰ
2902 4194 2995 4246 τὸν
3026 4193 3249 4264 Πατέρα
3281 4191 3514 4254 τιθέναι,

1945 4290 2067 4360 ἢτδ
2102 4288 2327 4360 Πνεῦμα
2382 4288 2443 4341 τὸ
2482 4287 2637 4357 ἆγιον
2667 4304 2681 4319 '
2714 4288 2914 4350 πάντες
2943 4288 3048 4355 γὰρ
3087 4287 3135 4339 οί
3165 4286 3222 4352 ἐξ
3270 4285 3510 4356 Ἀρείου,

224 4374 525 4428 ἔπλαττον
551 4391 566 4405 ·
601 4376 697 4428 καὶ
729 4376 994 4443 δαίμονας
1048 4377 1117 4431 αὖ
1152 4375 1288 4431 εἷναί
1313 4396 1465 4441 τινας
1508 4379 1842 4450 βλαπτικούς
1943 4382 2011 4434 τὰ
2051 4379 2320 4452 Ἐλλήνων
2359 4379 2532 4451 δήπου
2564 4380 2941 4448 νενοσηκότες,
2974 4384 3037 4449 τῇ
3072 4378 3299 4431 ἐκείνων
3341 4375 3518 4448 ταύτῃ

223 4468 355 4521 ὑπὸ
386 4466 590 4536 φθόνου
627 4470 725 4521 καὶ
759 4471 1241 4541 ἐπιχαιρεκακίας,
1272 4472 1481 4543 πλάνης
1510 4474 1603 4527 καὶ
1631 4476 1839 4545 μυρίων
1946 4476 2211 4549 προτάσει
2262 4477 2404 4547 ἀρχῇ
2439 4492 2548 4529 τινι
2590 4471 2686 4529 τοῦ
2740 4474 2883 4527 κατά
2933 4473 3041 4526 τῶν
3080 4473 3237 4525 θείων
3275 4471 3515 4525 ὑποστά-

221 4560 453 4614 δεινῶν
484 4560 793 4631 ἀνθρώποις
824 4564 1140 4632 προξένους,
1166 4565 1279 4618 ὅσοι
1317 4566 1555 4633 μάλιστα
1616 4565 1682 4619 δι’
1713 4570 1843 4621 ἀνα·
1874 4565 1918 4621 D
1951 4586 2089 4621 σεων
2139 4569 2436 4639 ἐκέχρηντο
2468 4567 2700 4638 ψεύδους
2726 4583 2741 4599 ·
2794 4564 3031 4636 εὑροῦσα
3079 4565 3159 4628 δὲ,
3218 4565 3312 4618 καὶ
3353 4565 3519 4617 πᾶσιν

221 4652 470 4721 γωγίαν
495 4652 811 4723 εὐχείρωτοι
843 4655 946 4707 είσι
977 4656 1098 4718 ταῖς
1128 4655 1188 4719 ἐξ
1223 4655 1448 4709 ἐκείνων
1474 4657 1792 4721 ἐπιϐουλαῖς
1815 4702 1831 4726 ,
1945 4660 2115 4727 ἔδειξε
2167 4662 2422 4732 φανερῶς
2452 4700 2466 4725 ,
2500 4661 2596 4713 καὶ
2646 4660 2825 4728 ψῆφον
2866 4658 3124 4725 τοιαύτην
3156 4656 3373 4727 ήνεγκε.
3408 4655 3517 4707 Καὶ

217 4747 294 4799 οὐ
356 4745 647 4809 τοιούτους
686 4746 785 4817 τὴν
828 4746 1001 4817 ἀρχὴν
1050 4751 1146 4801 καὶ
1179 4750 1475 4817 γεγονότας
1543 4750 1647 4804 ὐπὸ
1676 4753 1832 4820 Θεοῦ,
1946 4753 2077 4815 Θεὸς
2107 4753 2315 4806 ἄνωθεν
2365 4752 2667 4822 ἐμαρτύρει
2722 4753 2787 4820 τῇ
2818 4750 3003 4820 ψήφῳ,
3033 4747 3206 4801 πολλά
3244 4747 3517 4815 ἐκφαίνων

218 4826 488 4892 ἀλλδύπδ
516 4838 719 4909 τόλμης
754 4840 849 4891 καὶ
875 4839 1140 4903 αὐθαδίας
1167 4841 1261 4893 καὶ
1288 4844 1491 4913 χείρονι
1518 4846 1837 4917 προαιρέσει
1950 4848 2152 4914 σημεῖα
2188 4844 2283 4899 τοῦ
2318 4845 2631 4913 θεοστυγεῖς
2660 4843 2947 4911 γεγονέναι
2983 4841 3108 4902 τοὺς
3137 4837 3258 4893 ἀντὶ
3299 4835 3393 4891 τοῦ
3421 4838 3521 4907 τῆς

216 4932 334 4984 ἐπὶ
365 4930 445 4982 τὰ
472 4929 696 4985 τοιαῦτα
718 4931 1142 4999 ἀποκλίναντας,
1174 4934 1267 4986 καὶ
1297 4935 1401 4987 ὐπδ
1425 4934 1562 4990 Θεοῦ
1595 4939 1833 5005 ἐγκατα-
1956 4938 2285 5007 Ἐκκλησίας
2335 4936 2648 5008 ἀξιώματος
2705 4937 2783 5004 τῷ
2845 4933 3147 5004 Ἐλληνικῷ
3199 4932 3520 5003 φιλονείκως

216 5021 624 5089 λειφθέντας,
658 5022 817 5094 ἴσμεν
873 5040 933 5077 τε
995 5027 1093 5078 καὶ
1147 5026 1610 5099 ἀποστρεφόμεθα
1664 5031 1839 5095 οῦτως
1950 5029 2425 5099 ίσχυριζομένους,
2476 5029 2572 5082 καὶ
2609 5030 2685 5099 μὴ
2735 5027 3142 5097 ἀφισταμένους
3178 5021 3344 5078 αὐτοῦ
3383 5024 3520 5085 μετὰ

216 5115 508 5184 ἔχοντας,
552 5115 649 5167 καὶ
687 5118 806 5179 ταῖς
840 5116 947 5169 τῶν
1000 5118 1219 5185 ἀγαθῶν
1262 5120 1354 5174 τοῦ
1390 5119 1526 5174 Θεοῦ
1572 5122 1839 5178 διακόνων
1945 5122 2043 5191 τὴν
2076 5123 2173 5188 τῆς
2206 5120 2539 5190 Ἐκκλησίας
2588 5122 2647 5173 ἐν
2682 5124 2796 5184 τοῖς
2831 5120 3070 5189 βελτίοσί
3122 5136 3182 5171 τε
3232 5122 3326 5172 καὶ
3362 5119 3519 5187 ἀκριο

215 5206 607 5269 ἐπιστασίαις
656 5206 892 5272 ἀπαθεῖς
926 5210 1338 5280 διατηρούμεθα
1367 5212 1462 5265 ἀπ’
1488 5214 1692 5267 αὐτῶν·
1722 5216 1838 5290 θεό-
1947 5211 2239 5281 ϐεστέροιςλ
2278 5212 2595 5281 ὁμολογίαν.
2638 5213 2709 5265 Τὸ
2752 5212 2855 5281 μὲν
2891 5211 2999 5282 γὰρ
3043 5211 3113 5263 δι’
3155 5211 3290 5264 αὐτὸ
3316 5209 3374 5261 ὃν
3407 5211 3521 5261 δια-

214 5315 427 5369 τητος
482 5298 540 5350 δέ
593 5316 645 5352 τι
701 5300 886 5364 αὐτοῖς
951 5305 1195 5371 μετεῖναι
1245 5302 1365 5366 πῶς
1410 5304 1475 5358 ἂν
1527 5310 1750 5377 φαῖμεν,
1790 5310 1838 5361 οἱ
1948 5305 2137 5375 φέρειν
2187 5306 2287 5375 μέν
2341 5322 2441 5357 που
2490 5305 2581 5357 τοῦ
2637 5306 2705 5358 δι’
2758 5308 2934 5359 ἐκεῖνό
2972 5323 3033 5373 γε
3080 5306 3273 5368 ὄντος,
3306 5301 3421 5358 ἀλλ’
3456 5305 3516 5354 οὐ

216 5391 395 5463 μηδὲ
433 5391 545 5451 τοῖς
590 5390 820 5459 ἀγαθοῖς
852 5394 1012 5446 τοῦτο
1054 5394 1327 5463 διδόντες;
1374 5397 1484 5449 Καὶ
1535 5402 1844 5468 μακαρίους
1944 5398 2117 5467 δήπου
2165 5398 2260 5450 καὶ
2296 5400 2457 5465 φύσει
2488 5398 2773 5469 διαφέρειν
2819 5401 3058 5467 ἀνάγκη.
3090 5394 3165 5449 Ἦ
3200 5400 3307 5465 γὰρ
3338 5395 3402 5447 ἂν
3428 5397 3520 5447 καὶ

211 5486 345 5558 μέν
386 5498 552 5547 τινας
594 5483 652 5551 ἐξ
707 5486 1013 5555 ἀνθρώπων
1065 5487 1312 5555 γίνεσθαι
1368 5489 1477 5542 τῶν
1530 5491 1842 5559 ἀναγκαίων
1945 5493 2003 5543 τὸ
2037 5492 2098 5543 ἐκ
2122 5508 2263 5552 τινος
2292 5490 2351 5544 ὃν
2381 5492 2529 5545 ἅπαν
2560 5491 2858 5562 διενηνόχει
2884 5490 2979 5543 τοῦ
3013 5490 3071 5555 ἐξ
3099 5482 3159 5541 οὗ
3189 5490 3307 5540 ἐστι
3341 5487 3521 5555 φύσει.

208 5579 433 5638 ἐστὶν,
484 5575 621 5630 ἀλλά
677 5578 983 5647 μακαρίους
1016 5579 1361 5650 ἀνθρώπους.
1397 5582 1509 5636 Καὶ
1560 5583 1631 5635 δι’
1667 5584 1841 5638 ἄλλων
1947 5580 2102 5632 Ἔστι
2139 5580 2194 5633 δέ
2236 5600 2285 5634 τι
2315 5581 2390 5652 (1)
2437 5585 2526 5634 καὶ
2553 5582 2621 5635 δι’
2669 5582 2877 5652 ἕτερον,
2915 5582 3077 5649 φύσει
3111 5578 3304 5632 ταυτὸν
3351 5577 3428 5647 τῷ
3455 5575 3525 5632 δι’

210 5669 344 5742 μὲν
420 5664 556 5720 ἄλλοι
605 5666 975 5738 κυϐερνᾶσθαι
1027 5670 1129 5723 τῶν
1163 5670 1353 5737 ὄντων,
1388 5671 1451 5723 τό
1498 5689 1563 5739 γε
1616 5676 1695 5738 είς
1742 5676 1840 5747 τὴν
1942 5674 1966 5727 ὅ
2008 5676 2176 5727 ἐστιν.
2220 5674 2278 5727 'U
2312 5675 2420 5747 γὰρ
2453 5676 2657 5747 Πέτρος
2688 5678 2775 5730 διὰ
2810 5677 2896 5728 τὶν
2938 5675 3220 5728 Ζεϐεδαῖον
3247 5673 3343 5743 μὲν
3378 5671 3523 5743 ἔστι,

302 5848 406 5917 (ι)
451 5845 591 5903 Cave
631 5850 691 5903 τὸ
726 5865 825 5918 pro
867 5867 919 5904 τι
955 5848 1060 5920 legi
1098 5849 1257 5905 velis.
1302 5850 1473 5907 ALEX.
