3940 6452
436 257 548 360 663

1441 311 1448 314 '
1493 295 1875 362 GENNADII
1911 296 2023 364 ΕΡ.
2069 297 2588 374 ΡΑΤΒΙᾼΒΟΠΑΞ

3573 299 3679 363 664

415 396 530 456 οἷόν
563 419 622 456 τε
655 401 826 456 πλείω
872 398 1010 458 εῖναι
1057 401 1126 456 τά
1171 402 1372 476 ἄπειρα
1398 422 1412 436 ·
1448 407 1527 476 τῷ
1565 408 1624 462 δὲ
1677 411 1812 479 μίαν
1855 411 1996 480 μετά
2028 410 2072 466 Δ
2103 400 2416 484 ὑπερορίοις
2443 414 2612 466 πᾶσιν
2633 410 3047 480 ἐνασμενίζουσι
3064 410 3518 481 νεωτερίσμασιν,
3541 412 3680 466 ὥστε

415 495 515 562 τῆς
562 494 752 557 οὐσίας
795 493 1034 565 ὕπαρξιν
1079 494 1226 565 ἔχειν
1277 495 1444 567 οῦσης
1485 500 1741 570 ἀπείρου,
1776 502 1994 572 ἄπειροί

417 587 578 649 εἰσιν,
619 587 807 657 ὥσπερ
851 587 883 658 ἢ
947 587 1066 640 θεία
1115 589 1275 642 οὐσία
1330 591 1424 644 καὶ
1469 593 1501 661 ή
1551 591 1994 666 θείαγένέργεια,

415 679 450 746 ή
482 677 583 747 μέν
613 677 754 733 αὐτά
781 678 858 748 τῷ
898 679 1112 750 ἀπείρῳ
1156 682 1250 735 καὶ
1283 680 1386 735 οὐκ
1428 680 1644 753 ἀπείρῴ
1679 683 1995 754 διενηνόχα-

417 786 532 833 τρν,
563 769 625 823 οὐ
673 769 784 844 γάρ
817 770 964 825 ἐστιν
1009 772 1074 827 ἐκ
1125 771 1221 826 τοῦ
1265 773 1369 842 τῆς
1415 773 1702 845 ἐνεργείας
1737 775 1896 843 λόγου
1927 777 1996 844 τῇ

415 863 718 933 άγαθότητι
773 864 870 926 τοῦ
921 865 1058 918 Θεοῦ
1105 865 1167 920 τδ
1206 867 1424 939 ἀπείρῳ
1464 862 1606 923 εῖναι
1635 911 1650 934 ,
1705 869 1845 923 ἀλλά
1908 870 1999 923 διὰ

415 957 518 1028 τὴν
555 958 762 1013 οὐσίαν.
789 959 868 1029 Τῇ
903 959 959 1014 δέ
1005 957 1168 1031 οὐσίᾳ
1221 961 1315 1014 τοῦ
1369 961 1505 1016 Θεοῦ
1561 963 1706 1017 τοῦθ’
1736 963 1999 1036 ἁρμόττει

418 1048 546 1102 καθ’
585 1051 788 1122 ἑαυτήν
825 1040 924 1106 ¹καὶ
972 1051 1041 1106 δι’
1088 1053 1310 1124 ἐαυτήν,
1338 1053 1416 1124 τῷ
1457 1055 1514 1108 δέ
1559 1055 1652 1109 τὸν
1703 1056 1868 1110 αὐτόν
1901 1057 2000 1126 τῆς

423 1141 714 1211 ὑπάρξεως
744 1145 945 1213 τρόπον
981 1144 1129 1214 ἔχειν
1156 1145 1258 1215 τῆς
1288 1145 1440 1209 θείας
1485 1145 1634 1202 τοῦτ’
1659 1147 2002 1216 ἀναγκαζού-

423 1250 525 1303 σης
555 1233 880 1304 ἁπλότητος,
911 1233 974 1288 ἐν
1015 1254 1075 1289 τε
1121 1236 1354 1307 ἀπειρόν
1400 1239 1538 1292 εἰσιν
1574 1239 1767 1310 ἄμφω,
1799 1239 1891 1292 καὶ
1923 1234 2003 1302 εἷς

421 1323 556 1388 Θεὸς
603 1325 702 1394 τῆς
749 1325 958 1397 είδικῆς
999 1326 1345 1396 διακρίσεως,
1403 1329 1528 1383 οὐτε
1571 1331 1837 1401 διαίρεσιν
1886 1331 2004 1384 ἐκεῖ

424 1414 774 1484 πραγμάτων
819 1414 944 1471 οὐτε
993 1417 1245 1472 σύνθεσιν
1291 1419 1601 1490 δυναμένην
1649 1420 2003 1490 ἐργάζεσθαι,

421 1507 510 1561 ἆτ’
533 1508 620 1578 ἐφ’
650 1509 770 1573 ἐνὸς
797 1508 1164 1580 ὑποκειμένου
1195 1513 1290 1565 καὶ
1318 1512 1697 1576 ἁπλουστάτου
1727 1515 1827 1584 τῆς
1855 1513 2006 1577 θείας

420 1601 642 1666 φύσεως
691 1601 1007 1672 ἱδρυμένης.
1062 1603 1138 1656 Οὐ
1193 1603 1373 1657 τοίνυν
1427 1606 1485 1658 ἐν
1539 1604 1616 1675 τῷ
1669 1605 1851 1672 λέγειν
1907 1606 2006 1675 τὴν

421 1695 704 1765 ἐνέργειαν
733 1694 828 1748 τοῦ
854 1693 993 1749 Θεοῦ
1022 1695 1114 1749 τὸν
1143 1695 1308 1749 αὐτὸν
1339 1697 1685 1767 ἐπιδέχεσθαι
1729 1700 1796 1768 τῇ
1844 1697 2003 1769 οὐσίᾳ

2102 502 2198 554 καὶ
2249 503 2407 556 πάντ’
2449 503 2521 557 ἂν
2581 503 2742 570 εἰπερ
2792 501 2919 570 ἐξῆν
2977 501 3163 562 αὐτοῖς
3219 499 3569 569 μετέπλασαν
3615 504 3680 558 τά

2100 593 2374 664 ἡμέτερα,
2402 593 2594 663 ὥσπερ
2625 593 2807 666 ῥᾴδιον
2846 592 2914 648 ἂν
2957 592 3120 663 ὅρους
3159 591 3474 661 μεταθεῖναι
3513 595 3682 649 Πατέο

2103 702 2238 757 ρων,
2266 685 2362 740 καὶ
2388 685 2542 742 ταῦτ’
2571 687 2632 739 ἐν
2680 685 2950 749 τοιούτοις
2991 687 3231 756 καιροῖς,
3262 685 3323 738 ἐν
3365 678 3446 749 οἷς
3475 685 3680 755 ἀρκοῦν

2101 779 2249 834 ἐστιν
2293 778 2425 848 ἡμῖν
2487 780 2624 846 πρὸς
2670 776 2954 831 εὐσέϐειαν
3008 777 3078 832 τὰ
3124 774 3352 830 ἐκείνων
3410 775 3533 846 ίχνη
3591 777 3682 829 καὶ

2104 871 2335 940 συνορᾷν
2375 869 2471 923 καὶ
2519 868 2758 924 διώκειν.
2811 871 2878 923 Ὀ
2911 867 2958 922 δ’
3005 868 3174 930 αὐτοὶ,
3207 869 3532 939 πράττουσι,
3573 870 3677 930 πᾶς

2103 980 2188 1026 τις
2216 962 2284 1017 ἄν
2317 961 2452 1032 φαίη
2479 961 2690 1032 κρίνειν
2719 960 2902 1026 εἰδὼς,
2934 960 2967 1032 ἦ
2995 959 3337 1032 ἀδιαφορίας,
3366 960 3399 1030 ἢ
3439 960 3680 1029 μεγάλης

2102 1054 2364 1123 τυγχάνει
2409 1055 2688 1124 μυήσεως.
2729 1054 2924 1107 Καίτοι
2973 1055 3052 1123 τῷ
3091 1052 3169 1124 μὴ
3215 1051 3479 1106 δύνασθαι
3511 1051 3709 1104 ταῦτα.

2107 1148 2443 1218 μεταποιεῖν,
2467 1147 2796 1217 κρουόμενοι
2833 1145 3095 1218 πρύμναν
3143 1145 3213 1200 τά
3258 1145 3470 1214 πάτρια
3519 1160 3683 1214 προσ-

2105 1239 2410 1293 ποιοῦνται.
2449 1237 2590 1296 Ἃλλ⁹
2635 1238 2828 1292 οὐδένα
2872 1238 2982 1291 τῶν
3034 1236 3166 1290 νοῦν
3208 1237 3444 1306 ἐχόντων
3491 1234 3716 1288 λανθάοί

2105 1346 2256 1382 νουσι
2285 1327 2772 1398 προσποιοῦμενοι.
2801 1327 2964 1382 Αὐτοὶ
2995 1327 3104 1399 γάρ
3131 1327 3272 1380 είσιν
3297 1327 3346 1380 οί
3385 1326 3687 1396 Nec-.09":-

2105 1422 2229 1482 νοῦς
2258 1422 2405 1490 ἡμᾶς
2450 1422 2696 1484 εἰπόντες
2731 1420 2790 1475 ἐν
2827 1421 3098 1491 πανδήμῳ
3146 1419 3386 1490 θεάτρῳ,
3423 1418 3563 1471 διότι
3599 1434 3687 1470 πι-

2110 1513 2378 1582 στεύομεν
2410 1512 2489 1584 μὴ
2525 1507 2668 1566 εἶναι
2701 1512 2796 1566 τδν
2824 1512 2953 1565 Υίὸν
2981 1512 3076 1565 τοῦ
3128 1510 3264 1566 Θεοῦ
3299 1509 3393 1564 τοῦ
3425 1509 3686 1577 παναγίου

2109 1604 2426 1674 Πνεύματος
2449 1604 2648 1670 αἴτιον,
2669 1604 2848 1673 δόγμα
2880 1605 3088 1669 πάσαις
3112 1604 3386 1672 ἀνάγκαις
3416 1601 3688 1669 ἀληθινὸν,

2115 1698 2210 1750 καὶ
2235 1698 2348 1759 τοῖς
2376 1696 2671 1768 ἡμετέροις
2703 1697 2951 1767 Πατράσι
2983 1697 3081 1749 καὶ
3103 1695 3452 1758 διδασκάλοις
3514 1695 3688 1762 λόγοις

419 1785 601 1854 λόγον,
629 1787 878 1842 τουτέστι
927 1789 1106 1843 πάντα
1151 1789 1224 1841 τα
1267 1789 1370 1860 τῆς
1418 1788 1737 1862 ὑπερφυοῦς
1784 1789 2005 1860 ἐκείνης
2038 1785 2082 1844 Β
2110 1789 2206 1845 καὶ
2234 1789 2432 1858 αίμασι
2460 1788 2832 1858 διέκδικηθέν.
2863 1788 2973 1844 ἀπὸ
3019 1787 3130 1842 τῶν
3169 1787 3319 1856 αὐτῷ
3353 1804 3490 1840 ποτε
3525 1801 3691 1856 μαχεσ-

419 1879 611 1944 οὐσίας
650 1879 844 1950 σεμνὰ,
887 1881 983 1938 καὶ
1031 1879 1169 1958 πρὸς
1196 1880 1293 1951 τὴν
1339 1880 1513 1952 αὐτῆς
1559 1881 1851 1952 ἐνέργειαν
1890 1881 2009 1936 δια·

421 1969 652 2032 ϐαίνειν.
680 1971 951 2042 ἠγνόησεν
975 1970 1004 2023 δ
1032 1971 1357 2036 διδάσκαλος
1384 1973 1582 2028 ἐαυτὸν
1609 1973 1872 2044 είρηκότα
1905 1990 2008 2026 που

420 2065 582 2118 ἀλλον
621 2066 720 2136 μὶν
750 2059 890 2120 εἶναι
945 2065 1037 2118 τὸν
1071 2064 1232 2134 λόγον
1282 2066 1384 2135 τῆς
1437 2065 1651 2133 οὐσίας,
1701 2066 1900 2138 ἕτερον
1951 2067 2010 2120 δέ

421 2156 515 2208 τὸν
541 2156 640 2228 τῆς
667 2155 975 2226 ἐνεργείας,
1004 2155 1120 2210 οὐθ’
1161 2158 1315 2228 ἡμᾶς
1346 2157 1640 2227 ἐχομένους
1673 2159 1890 2214 ἐκείνου
1914 2159 2009 2212 τοῦ

425 2249 612 2318 λόγου,
665 2248 856 2305 τοῦτον
903 2250 1013 2322 χρή
1069 2250 1490 2321 παραιτεῖσθαι,
1550 2252 1583 2322 ἢ
1651 2252 1814 2306 πάνθ’
1872 2253 2008 2321 ὁμοῦ

423 2343 600 2402 ποιεῖν
633 2342 920 2415 χρήματα.
953 2343 1052 2407 Τίς
1077 2342 1186 2413 γὰρ
1214 2341 1340 2398 νοῦν
1372 2343 1512 2414 ἔχων
1539 2345 1659 2416 ἐρεῖ
1686 2345 1749 2398 τὸ
1777 2345 2008 2416 ἄπειρον

423 2437 520 2491 καὶ
563 2436 626 2491 τὸ
673 2435 1092 2507 πεπερασμένον
1140 2435 1362 2512 ἐπινοίᾳ
1413 2436 1834 2506 διακεκρίσθαι;
1874 2438 1909 2491 ἃ.
1947 2454 2013 2506 γε

425 2531 502 2600 μὴ
531 2530 824 2601 πεποίηται
864 2529 970 2586 ὐπδ
1017 2530 1119 2600 τῆς
1169 2529 1376 2601 ψυχῆς,
1404 2530 1523 2584 ἀλλ’
1568 2531 1684 2585 ἐστι
1733 2549 1792 2586 τε
1842 2531 2012 2602 αὐτῆς

422 2623 558 2690 ἂνω,
588 2625 683 2681 καὶ
812 2623 954 2694 αὐτά
1001 2621 1373 2693 διακέκριται,
1403 2626 1498 2677 καί
1544 2624 1574 2679 δ
1630 2622 1818 2694 μεῖζόν
1859 2626 2009 2678 ἐστιν

423 2715 796 2786 ἀντιφατικῶς
847 2731 989 2780 πως.
1025 2714 1194 2771 ’Ὥστε
1239 2716 1364 2770 οὐδέ
1396 2718 1432 2787 ή
1474 2715 1596 2771 θεία
1645 2717 1826 2782 οὐσία,
1857 2718 2012 2787 καὶὴ

424 2807 546 2861 θεία
586 2805 862 2878 ἐνέργεια,
972 2805 1129 2863 οὐσία
1160 2806 1257 2861 καὶ
1388 2810 1663 2879 ἐνέργεια,
1712 2809 1858 2882 λόγῳ
1891 2810 2012 2862 δια-

425 2898 770 2971 κριθήσεται,
799 2891 875 2954 ὧν
907 2900 976 2967 τῇ
1023 2897 1120 2968 μὲν
1149 2897 1208 2952 τὸ
1250 2897 1505 2970 ἄπειρον,
1541 2903 1608 2971 τῇ
1637 2901 1692 2953 δέ
1725 2901 1785 2953 τὸ
1842 2918 2013 2955 πεπεη

430 2992 720 3068 ρασμένον,
863 2991 1097 3046 τοιαῖσδε
1135 2979 1544 3064 προσήκουσιν·
1594 2992 1709 3046 ἀλλ’
1763 2992 1896 3046 εῖδει
1953 3009 2013 3045 τε

2115 1883 2367 1952 σαμένων
2403 1881 2748 1944 ἀποστατῶν,
2783 1880 2879 1944 οὓς
2920 1884 3018 1938 καλ
3039 1882 3158 1944 ταῖς
3192 1879 3444 1943 αἰωνίαις
3485 1881 3689 1941 ποιναῖς

2113 1970 2529 2025 καθυπέϐαλεν·
2560 1971 2654 2024 καὶ
2697 1969 2759 2024 οῦ
2812 1970 3086 2039 δόγματος
3125 1968 3440 2022 τούναντίον
3501 1971 3690 2037 Λρεια·

2114 2063 2202 2118 νὺν
2231 2056 2373 2116 εἶναι
2403 2063 2491 2117 διὰ
2516 2062 2614 2134 τήν
2645 2062 2829 2134 διττὴν
2872 2063 3068 2133 ἀρχήν,
3103 2063 3198 2116 καὶ
3236 2061 3575 2131 Εὐνομιανδν
3613 2061 3689 2113 διά

2113 2158 2213 2228 τὴν
2258 2157 2354 2212 τοῦ
2403 2159 2722 2229 Πνεύματος
2760 2158 2976 2228 ὕφεσιν,
3009 2159 3107 2212 καλ
3142 2155 3560 2227 Ἀπολλινάριον
3611 2155 3690 2210 διὰ

2113 2252 2242 2316 τοὺς
2285 2251 2531 2322 βαθμοὺς
2569 2253 2676 2306 τῶν
2725 2253 2888 2306 θείων
2924 2252 3272 2323 προσώπωνο
3306 2250 3403 2304 καὶ
3430 2249 3504 2319 ἢν
3545 2246 3692 2302 αὐτοὶ

2114 2346 2301 2408 κακῶς
2355 2345 2687 2400 πλάττουσιν
2742 2345 2974 2412 ἀταξίαν
3031 2345 3233 2416 μᾶλλον
3286 2343 3318 2413 ἦ
3379 2341 3564 2406 τάξιν,
3605 2340 3691 2392 καὶ

2116 2440 2400 2509 ὐσγχυσιν,
2447 2440 2507 2492 οὐ
2575 2438 2870 2508 διάκρισιν,
2923 2438 3019 2491 καὶ
3073 2437 3255 2500 ἄλλοις
3296 2436 3516 2498 πολλοῖς
3572 2433 3686 2490 ἀτό-

2115 2550 2238 2597 ποις
2270 2533 2420 2587 δοκεῖ
2445 2550 2512 2588 πε
2519 2531 2637 2608 ριπί
2644 2548 2821 2590 πτειν.

2188 2624 2353 2678 Αὐτοὶ
2397 2624 2580 2679 τοίνυν
2627 2625 2766 2678 εἰσὶν
2800 2624 2848 2678 οί
2903 2620 3280 2692 Νεστοριανὴν
3329 2621 3433 2687 τὴν
3492 2617 3690 2672 ἑαυτῶν

2118 2715 2334 2788 μητέρα
2389 2717 2749 2779 καλέσαντες,
2803 2716 2852 2768 οί
2910 2713 3127 2778 πολλοῖς
3181 2713 3436 2768 εὐσεόέσι
3490 2709 3688 2768 πολλῶν

2116 2808 2476 2879 ἀνθρωπίνων
2503 2808 2830 2878 πειρασμῶν
2859 2807 3029 2862 αἴτιοι
3061 2799 3452 2884 γεγενημένοι,
3481 2807 3532 2858 οἱ
3561 2804 3692 2856 κατά

2117 2899 2322 2962 παντὸς
2384 2898 2672 2970 ὁρθοδόξου
2731 2881 3202 2968 συγγεγραφότες
3235 2881 3690 2969 συγγράμματος,

2119 2990 2215 3044 καὶ
2266 2989 2393 3055 τοὺς
2422 2991 2482 3048 ἐν
2511 2990 2661 3060 πάσῃ
2689 2993 2756 3062 τῇ
2786 2994 2859 3062 γῇ
2907 2989 3269 3058 Χριστιανοὺς
3319 2989 3420 3058 τήν
3457 3003 3717 3065 καινοτφ,

424 3083 697 3154 δηλονότι,
723 3082 820 3139 καὶ
864 3083 932 3154 τῇ
975 3082 1070 3138 τοῦ
1122 3083 1456 3154 πράγματος
1509 3081 1671 3152 φύσει
1723 3083 2014 3154 διακριθήν
2041 3121 2088 3182 c
2123 3088 2252 3158 μίαν
2279 3085 2482 3157 ταὺτην
2515 3083 2850 3154 πειρώμενοι
2882 3081 3114 3136 πείθειν.
3145 3080 3271 3143 Πῶς
3302 3078 3397 3132 οὖν
3444 3078 3692 3148 λήσουσιν

428 3191 601 3228 σεται.
641 3175 740 3228 Ἕν
775 3174 834 3232 δέ
877 3192 930 3229 τι
979 3173 1156 3238 ἄλλως
1203 3174 1442 3242 ἔσονται,
1493 3173 1590 3230 καὶ
1634 3175 2014 3230 ἀπλούστατον
2046 3169 2088 3182 “’
2119 3178 2397 3244 ἐξαπατᾶν
2430 3179 2555 3242 τοὺς
2590 3173 2991 3246 ἁπλουστέρους
3033 3172 3350 3258 βουλόμενοι
3371 3172 3507 3230 ταῖς
3536 3169 3691 3239 ἡναγ-

427 3266 632 3340 δηλαδῆ
665 3269 732 3340 τῇ
766 3265 1019 3337 ὑπάρξει,
1052 3268 1100 3322 εί
1133 3267 1228 3324 καὶ
1268 3268 1435 3340 μηδέν
1479 3269 1630 3322 ἐστιν
1657 3269 1717 3323 ἐν
1747 3271 1858 3332 τοῖς
1895 3263 2014 3323 οὖσι

427 3359 621 3416 τούτου
656 3375 733 3416 πα
741 3358 925 3428 ράδειγ
933 3377 1033 3430 μα.

499 3451 688 3506 Ταῦτά
727 3449 811 3504 σοι
860 3451 996 3521 πρὸς
1043 3451 1166 3514 τούς
1207 3451 1606 3518 Ἀκινδυνείους
1645 3455 1873 3520 τούτους
1922 3456 2017 3509 καὶ

431 3543 862 3614 Λατινόφρονας,
893 3544 942 3596 οί
971 3543 1132 3597 αὐτοὶ
1172 3543 1280 3612 γὰρ
1313 3547 1481 3613 ἄμφω
1513 3547 1786 3614 νοσοῦσιν,
1816 3549 2019 3602 ἁπλού-

435 3633 630 3704 στερόν
672 3650 732 3688 τε
789 3633 884 3687 καὶ
928 3633 1270 3707 δικαιότερον
1298 3635 1568 3705 λεγέσθω.
1601 3641 1663 3692 El
1713 3639 1772 3693 δέ
1807 3641 1911 3712 χρή
1950 3657 2015 3710 με

431 3727 642 3798 τάληθῆ
682 3726 887 3796 λέγειν,
935 3729 1003 3800 τῇ
1040 3746 1098 3782 τε
1145 3729 1329 3802 χρείᾳ,
1369 3731 1463 3784 καὶ
1517 3733 1582 3802 τῇ
1645 3733 1755 3786 τῶν
1804 3734 2018 3790 πολλῶν

432 3821 566 3888 ἕξει,
592 3821 702 3873 τῶν
743 3838 807 3889 γε
838 3820 1242 3892 ἐντευξομένων
1279 3823 1476 3886 αὐταῖς
1526 3824 1846 3897 σύμμετρον
1876 3826 2018 3880 ἀπε-

430 3912 665 3979 τίσαμέν
709 3928 792 3969 σοι
828 3910 930 3982 τὴν
974 3911 1085 3965 τῶν
1123 3911 1333 3970 λύσεων
1383 3910 1642 3983 δύναμιν.
1681 3915 1744 3969 El
1783 3916 1892 3987 γὰρ
1923 3918 2020 3971 καὶ

429 4004 530 4073 τῆς
577 4004 892 4068 ὑποθέσεως
933 4003 1140 4076 ταύτης
1189 4003 1326 4058 πολὺ
1389 4005 1727 4079 φαυλότερόν
1777 4010 1895 4062 ἐστι
1956 4009 2019 4061 τὸ

432 4097 556 4150 καθ’
595 4098 766 4168 ἡμᾶς,
793 4096 910 4156 ἀλλ’
942 4097 1072 4168 ἐξῆν
1101 4113 1220 4160 πως
1255 4099 1350 4152 καὶ
1381 4099 1522 4170 ὺπέρ
1557 4101 1685 4165 τοὺς
1733 4100 2018 4171 παρόντας

430 4189 623 4256 λόγους
659 4187 892 4258 ἀρθῆναι
918 4201 934 4216 ⁶
967 4187 1128 4242 τοῦτο
1163 4188 1208 4242 δ’
1238 4188 1338 4244 οὐκ
1368 4191 1436 4246 ἂν
1475 4191 1775 4262 συνέφερεν
1805 4191 1980 4256 ἄλλως
2000 4210 2016 4226 ο

434 4282 531 4344 καὶ
553 4283 581 4334 ὁ
607 4279 738 4350 ἐμδς
763 4282 873 4351 γάρ
910 4280 1122 4350 Ἰησοῦς
1159 4283 1378 4354 μικρὸν,
1407 4287 1598 4356 φησὶν,
1631 4285 1742 4340 ἀπὸ
1781 4286 1883 4355 τῆς
1913 4288 2018 4356 γῆς

433 4368 804 4440 ἐπαναγαγὼν
829 4370 956 4434 τοὺς
992 4370 1184 4442 δχλους
1210 4373 1514 4439 ἐδίδασκεν,
1545 4377 1692 4447 ἔργῳ
1727 4378 2015 4447 παραινῶν

2116 3269 2420 3339 κασμέναις
2460 3267 2688 3330 ταύταις
2747 3267 2842 3320 καὶ
2888 3265 3169 3336 καιρικαῖς
3231 3262 3692 3333 προσποιήσεσιν;

2003 3407 2010 3414 .
2117 3351 2182 3411 El
2229 3353 2286 3411 δὲ
2323 3355 2604 3428 βοὺλονται
2635 3353 3020 3424 πιστευθῆναι,
3050 3349 3484 3422 ἀνασχέσθωσαν
3536 3351 3692 3418 πράτ-

2116 3467 2254 3513 τειν,
2306 3448 2342 3502 ἃ
2374 3449 2521 3502 δοκεῖ
2566 3447 2680 3508 τοῖς
2727 3443 2918 3516 νόμοις
2973 3441 3074 3512 τῆς
3132 3441 3492 3512 Ἐκκλησίας.
3545 3439 3692 3494 Min;

2117 3542 2297 3594 τοίνυν
2347 3539 2548 3601 αὐτοὺς
2606 3539 2857 3602 ἅπαντας
2900 3536 3008 3600 ἕως
3057 3533 3125 3589 ἂν
3167 3529 3272 3588 ὦσι
3303 3531 3573 3592 τοιοῦτοι.
3609 3532 3694 3584 καὶ

2119 3638 2232 3700 τοῖς
2263 3636 2360 3707 μὲν
2394 3633 2574 3689 αὐτῶν
2610 3631 2849 3704 ἡγεμόσι
2884 3631 2999 3694 τοῖς
3039 3627 3406 3700 ἐκκηρύκτοις
3449 3627 3691 3688 ἐκείνοις,

2120 3723 2196 3782 ὧν
2239 3729 2392 3782 αὐτοὶ
2426 3727 2537 3790 τοῖς
2588 3723 2921 3793 σοφίσμασιν
2974 3720 3351 3790 ὴκολούθησαν
3385 3719 3455 3772 ἐκ
3494 3715 3590 3772 τοῦ
3628 3715 3693 3784 μή

2119 3820 2379 3875 δύνασθαι
2439 3818 2670 3890 κρίνειν,
2717 3817 2792 3880 ὡς
2849 3816 3043 3878 αἰτίοις
3093 3813 3270 3866 κακοῦ
3313 3812 3576 3867 τοσούτου
3613 3825 3694 3876 γε·

2120 3911 2464 3983 γενημένοις.
2513 3909 2739 3980 Ἐπαρῶ
2762 3908 2985 3970 δικαίως
3010 3908 3218 3972 ἐκεῖνα,
3243 3905 3279 3959 ἃ
3318 3903 3415 3958 καὶ
3453 3905 3489 3974 ἡ
3525 3903 3692 3972 μήτηρ

2119 4002 2278 4074 ήμῶν
2308 4003 2340 4073 ή
2365 4001 2457 4054 τοῦ
2486 3998 2727 4070 Χριστοῦ
2764 3995 3066 4067 Ἐκκλησία
3098 3994 3365 4066 ἀμφιετές
3394 3994 3685 4062 ἐπαρᾶται·

2123 4094 2372 4166 συνᾴδειν
2403 4093 2513 4163 γὰρ
2539 4092 2686 4162 ἡμᾶς
2709 4091 2793 4143 δεῖ
2820 4091 2887 4160 τῇ
2935 4089 3125 4160 μητρὶ,
3160 4087 3211 4139 εί
3244 4086 3322 4157 μὴ
3369 4081 3688 4155 βουλοίμεθα

2119 4187 2218 4258 τὴν
2251 4187 2387 4258 πρὸς
2416 4185 2633 4254 ἐκείνην
2668 4184 2854 4254 σχέσιν
2902 4179 3189 4251 ἀρνεῖσθαι
3219 4193 3235 4209 ’
3267 4181 3380 4241 τοῖς
3412 4177 3474 4230 δέ
3519 4175 3610 4228 νῦν
3630 4173 3690 4227 τὰ

2121 4280 2350 4338 ἐκείνων
2374 4277 2753 4340 ἐκθειάζουσιν
2786 4273 3135 4344 ἀσεϐήματα,
3168 4271 3274 4334 ἕως
3296 4271 3377 4324 ἔτι
3408 4268 3690 4339 περίεισιν,

2121 4369 2286 4442 εὐχου
2339 4367 2599 4440 γενέσθαι
2651 4365 2919 4439 βελτίους,
2948 4364 3043 4419 καὶ
3096 4361 3402 4434 μετάμελόν
3453 4377 3577 4414 τινα
3612 4359 3694 4410 λα-

433 4466 571 4537 ἡμῖν.
594 4463 724 4524 ἔνθα
752 4463 850 4535 τῆς
878 4462 1210 4535 ὠφελείαςή
1256 4464 1418 4534 χρεία
1454 4464 1547 4518 καὶ
1570 4466 1672 4536 τῆς
1707 4465 2018 4539 ἁπλότητος
2050 4467 2098 4525 Β
2128 4463 2264 4528 δεῖν,
2303 4464 2397 4516 καὶ
2444 4461 2636 4515 τοῦτον
2670 4457 2972 4522 κανονικῶς
3031 4455 3430 4520 ἐπιδείξασθαι.
3468 4454 3538 4507 ’Δ
3566 4453 3619 4506 δὲ
3659 4448 3690 4519 ἡ

437 4557 644 4629 μηδένα
693 4554 886 4626 καιρδν
941 4549 1084 4608 εἶναι
1114 4555 1211 4608 τοῦ
1246 4555 1446 4626 βάθους
1496 4574 1556 4609 τε
1612 4559 1710 4618 καὶ
1763 4557 1864 4626 τῆς
1896 4561 2013 4612 έπι.

2129 4556 2376 4627 ήμετέρα
2421 4554 2610 4626 μήτηρ
2655 4555 2690 4623 ή
2731 4551 2998 4622 καθολική
3047 4549 3158 4604 τῶν
3185 4546 3535 4618 Χριστιανῶν
3574 4545 3690 4598 Ἐκ-

433 4652 675 4719 δείξεως.
717 4650 798 4705 Σὺ
835 4648 893 4704 δέ
946 4648 1057 4703 τῶν
1111 4647 1325 4720 ἀνδρῶν
1384 4649 1592 4710 τούτων
1635 4651 1710 4720 μὴ
1764 4651 2022 4704 τοσοῦτον
2123 4647 2323 4719 κλησία
2357 4647 2456 4701 καὶ
2507 4647 2821 4716 πεφρόνηκε
2864 4644 2963 4716 τὴν
3011 4641 3189 4714 ἀρχὴν
3241 4642 3338 4696 καὶ
3371 4640 3582 4711 φρονεῖ,
3605 4635 3690 4690 καὶ

438 4746 590 4816 μίσει
637 4743 736 4815 τὴν
784 4743 892 4798 ἀπὸ
940 4741 1056 4812 τῆς,
1085 4739 1350 4812 ἀληθείας
1408 4742 1612 4812 φυγήν,
1647 4742 1772 4794 ὅσον
1819 4742 1880 4799 τὸ
1923 4743 2023 4809 τῆς

438 4833 812 4904 προαιρέσεως
862 4831 1306 4904 εὐμετάπτωτον,
1338 4834 1433 4888 καὶ
1459 4834 1559 4905 τήν
1585 4835 1892 4904 αὐστηρίαν
1921 4837 2021 4904 τῆς

2127 4743 2290 4812 μέχρι
2315 4741 2416 4810 τῆς
2453 4741 2580 4811 χθὲς
2609 4740 2914 4810 γενομένης
2942 4735 3302 4812 συναρπαγῆς
3330 4733 3471 4804 ὁμοῦ
3505 4733 3693 4790 πάντες

2123 4836 2392 4907 ἐφρόνουν,
2415 4835 2465 4887 οί
2498 4835 2596 4905 τῆς
2627 4832 2951 4904 Ἐκκλησίας
2971 4830 3172 4899 ταύτης
3197 4828 3325 4894 υίοὶ,
3347 4826 3552 4883 τούτων
3580 4823 3692 4892 ἐχου

439 4923 820 4994 συνειδήσεως.
853 4925 977 4979 Ὀτι
1024 4925 1280 4996 καθάπερ
1327 4927 1584 4997 μεγάλων
1627 4925 1794 4979 τινῶν
1827 4925 2019 4980 κακῶν
2127 4927 2382 4998 βεῦαίως,
2418 4927 2557 4998 μήτε
2602 4924 2891 4991 Λατίνους,
2913 4923 3054 4993 μήτε
3090 4921 3301 5002 πάντας
3352 4915 3690 4986 ἀνθρώπους.

437 5016 594 5078 δίκας
649 5015 1105 5087 εἰσπραττόμενοι
1160 5018 1257 5086 τὴν
1317 5018 1688 5090 Ἐκκλησίαν,
1742 5017 1837 5071 καὶ
1891 5017 2018 5081 τοὺς
2126 5021 2265 5090 μήτε
2295 5020 2424 5082 τοὺς
2466 5017 2741 5088 ἀγγέλους
2784 5015 3008 5080 αὐτοὺς,
3039 5015 3089 5067 εί
3139 5013 3249 5066 δέοι
3299 5009 3445 5066 κατά
3497 5005 3693 5062 Παῦλον

441 5107 744 5178 προγόνους
777 5105 962 5178 ήμῶν,
991 5107 1060 5160 τά
1091 5109 1253 5180 μέχρι
1282 5109 1376 5163 καὶ
1406 5109 1503 5164 νῦν
1547 5112 1607 5163 ἐν
1637 5111 1778 5181 ήμῖν
1814 5111 2024 5180 κρατή-
2124 5112 2321 5176 εἰπεῖν,
2353 5111 2555 5178 ἐξελεῖν
2605 5128 2660 5164 τι
2689 5108 2976 5176 δύνασθαι,
3021 5104 3238 5178 βέλτιόν,
3273 5120 3335 5158 τε
3380 5101 3483 5158 καλ
3508 5095 3691 5170 ἀληθέ-

444 5217 612 5263 σαντα
646 5199 894 5272 δόγματα
930 5197 1150 5275 μισοῦσι
1197 5203 1292 5262 καὶ
1324 5202 1786 5273 ἀποστρέφονται,
1817 5204 1932 5266 τοῖς
1975 5201 2022 5255 δ’
2127 5218 2320 5273 στερον
2358 5203 2755 5274 πεπεισμένος.
