3940 6452
445 379 545 442 671

1592 388 1980 448 GENNADII
2012 390 2049 450 C

2172 391 2685 452 PATRIARCHAE
3168 428 3177 435 -
3583 383 3672 449 672

453 497 519 549 ἐκ
552 498 786 568 Πατρῢςς
853 500 1002 567 ὅμως
1063 504 1360 571 πεφηνέναι
1420 506 1636 574 λέγεται
1688 510 1781 561 καὶ
1828 511 2037 578 πέφηνε
2068 524 2110 581 Α
2145 509 2473 574 μεσιτεύειν.
2508 509 2586 563 O6
2613 509 2722 577 γὰρ
2754 505 2993 561 συνεῖδον
3021 505 3058 560 ἃ
3094 504 3325 558 συνιδεῖν
3374 503 3528 574 ἐχρῆν
3567 506 3672 570 τοὺς

450 586 521 638 δι’
550 588 702 650 Υίοῦ,
729 590 890 660 διχῶς
911 593 1003 659 ὑφ’
1033 595 1186 661 ἡμῶν
1208 600 1501 663 νοουμένου
1552 599 1648 650 τοῦ
1709 599 2035 668 πεφηνέναι,

452 681 545 732 καὶ
571 680 676 734 6110
707 683 817 737 τῶν
874 686 1159 742 εἰπόντων.
1211 688 1433 757 Πρῶτον
1498 692 1599 760 μὲν
1655 690 1748 743 καὶ
1799 690 2038 760 μάλιστα

450 771 533 824 δτι
564 774 885 843 γνωρίζεται
917 778 984 832 δι’
1017 779 1168 847 Υίοῦ,
1204 782 1483 835 τουτέστιν
1526 781 1621 836 τοῦ
1652 782 1780 837 Υίοῦ
1835 799 2038 853 γνωριο

458 862 676 927 σθέντος
702 867 834 920 0610
862 870 1188 940 γνωρίζεται
1218 888 1235 905 ⁸
1264 874 1296 942 ἡ
1348 875 1458 944 γὰρ
1514 875 1711 944 ἰδιότης
1753 874 1846 927 τοῦ
1892 876 2037 928 θείου

456 956 773 1025 προσώπου,
798 959 866 1031 ἣν
915 963 1169 1032 ἐμφαίνει
1218 965 1278 1019 τὸ
1321 967 1490 1036 δνομα
1540 965 1728 1032 αὑτοῦ,
1775 966 2042 1036 διακρίνει

456 1048 553 1102 ἀπ’
577 1050 737 1105 ἄλλου
766 1052 911 1107 θείου
937 1055 1235 1124 προσώπου
1267 1075 1284 1091 ·
1318 1059 1412 1111 καὶ
1436 1059 1787 1131 διακρίνουσα
1812 1061 2043 1129 φανεροῖ

330 1156 343 1163 '
456 1159 517 1195 τε
547 1144 698 1205 αὐτὸ.
732 1148 821 1199 καὶ
856 1150 915 1200 10
948 1148 1009 1202 06
1041 1150 1378 1220 διακρίνεται
1415 1158 1759 1224 συμφανεροτ
1806 1160 1871 1225 τῇ
1908 1157 2041 1211 ἐαυ-

455 1237 556 1320 τῇς
582 1239 850 1311 ἐνεργείᾳ,
883 1240 1031 1294 ὥσπε
1043 1262 1073 1312 ρ
1096 1248 1201 1297 τινὶ
1233 1247 1372 1316 φωτὶ
1429 1247 1567 1315 πρὸς
1605 1248 1704 1320 τὴν
1731 1248 1789 1315 ἐξ
1826 1250 2040 1304 ἀποκα-

458 1317 674 1395 λῗύψεως
703 1331 834 1399 ἡμῖν
889 1333 1248 1405 ἐγγινομένην
1314 1337 1424 1389 τῶν
1476 1317 2042 1394 θείων-ὑποστάσεων

459 1423 813 1494 κατανόησιν,
847 1424 907 1478 10
943 1427 1170 1494 φυσικὸν
1209 1428 1311 1497 τῆς
1346 1430 1503 1499 ήμῶν
1560 1431 1799 1495 διανοίας
1850 1434 2042 1494 σκότος

460 1515 819 1584 ἐλλάμπουσά
845 1536 901 1572 τε
938 1522 1028 1573 καὶ
1056 1521 1347 1589 όδηγοῦσα.
1392 1524 1501 1577 Καὶ
1526 1523 1613 1578 δια
1646 1524 1805 1579 τοῦτο
1864 1527 1894 1594 ή
1945 1524 2041 1579 τοῦ

463 1607 596 1660 Υίοῦ
639 1609 963 1678 ὑπόστασις,
986 1611 1051 1666 ἐκ
1078 1612 1180 1683 τῆς
1199 1613 1292 1666 τοῦ
1349 1615 1631 1685 προσεχῶς
1671 1615 2041 1686 ὀνομάζεσθαι

462 1699 545 1769 τῷ
601 1700 777 1770 Πατρὶ
847 1701 1107 1772 ἰδιότητος
1168 1705 1588 1773 ἐπιγνωσθείσα,
1651 1707 2045 1776 ἐναργέστερον

465 1791 802 1862 παρίστησιν
839 1796 971 1863 ἡμῖν
1000 1797 1096 1865 τὴν
1121 1797 1214 1851 τοῦ
1244 1799 1560 1868 Πνεύματος
1590 1800 1846 1872 ἰδιότητα.
1946 1800 2041 1854 τοῦ

2143 597 2436 665 μέλλοντας
2470 597 2856 665 διαφυλάττειν
2909 596 2977 649 τὰ
3029 597 3128 665 τῆς
3192 595 3423 659 πίστεως
3469 597 3673 666 ἀκίνητα

2138 686 2404 757 δόγματα.
2451 689 2509 741 ⁸0
2541 688 2651 758 γάρ
2678 688 2805 750 Υἰδς
2831 687 2929 742 τοῦ
2955 688 3089 742 Θεοῦ
3117 688 3212 742 καὶ
3266 687 3327 742 10
3380 687 3582 757 Πνεῦμα
3623 689 3672 741 τδ

2141 780 2204 833 ἐκ
2234 780 2329 833 τοῦ
2358 780 2518 845 Θεοῦ,
2547 781 2737 852 ὥσπερ
2758 782 2918 846 ἀκτίς
2965 799 3050 845 τις
3084 781 3145 845 ἐξ
3181 780 3334 851 ἡλίου
3386 781 3603 848 δίδυμος.
3642 779 3671 850 ἢ

2139 875 2393 945 δίρῤυτος
2435 875 2682 942 ποταμὸς
2717 876 2780 929 ἐκ
2844 875 2976 944 μιᾶς
3015 874 3223 943 πηγῆς,
3258 874 3291 944 ἢ
3326 874 3531 942 βλαστοὶ
3580 875 3680 928 θεό-

2141 982 2298 1033 φυτοι
2335 965 2399 1019 ἐκ
2436 967 2594 1036 ῥίζης
2631 969 2781 1034 μιᾶς,
2818 966 2851 1038 ἢ
2903 965 2996 1019 δύο
3028 966 3165 1034 ἄνθη
3201 966 3295 1020 καὶ
3323 967 3373 1017 εί
3404 982 3454 1017 τι
3498 966 3678 1031 συμϐά-

2139 1058 2272 1114 λιιτ’
2300 1061 2368 1113 ἂν
2395 1059 2531 1129 πρὸς
2557 1059 2620 1113 10
2647 1059 2816 1123 δεῖξαι
2845 1060 2905 1113 10
2936 1058 3160 1129 Πνεῦμα
3207 1059 3301 1112 καὶ
3325 1059 3415 1111 τθιν
3439 1058 3554 1111 Υἰδν
3577 1074 3678 1109 συν-

2141 1150 2431 1219 ανίσχοντα
2457 1153 2551 1205 καὶ
2577 1154 2644 1219 τῇ
2676 1153 2974 1223 ἀποϐλέψει
3002 1156 3105 1221 τῆς
3132 1154 3324 1221 κοινῆς
3351 1153 3519 1216 αἰτίας
3550 1154 3600 1216 ἐξ
3623 1147 3679 1222 ἧς

2143 1244 2524 1313 συνανίσχουσι
2549 1245 2619 1301 τά
2646 1244 2895 1313 δεύτερα,
2928 1245 3164 1316 φέροντα
3189 1244 3264 1310 ὡς
3290 1245 3498 1298 αἰτιατὰ
3524 1245 3679 1309 μόνον,

2141 1335 2200 1388 οὗ
2227 1334 2350 1388 κατ’
2379 1334 2508 1390 ἄλλο
2530 1353 2586 1390 τι
2617 1336 2725 1390 τῶν
2776 1338 2997 1392 πάντων
3046 1338 3224 1403 οὐδὲν,
3277 1335 3447 1399 οὕτως
3498 1339 3555 1389 ἐκ
3600 1338 3679 1390 τοῦ

2142 1423 2279 1477 Θεοῦ
2333 1424 2430 1478 καὶ
2485 1426 2701 1497 Πατρδς
2756 1427 3007 1496 προϊέναι
3060 1426 3371 1500 νοοῦνταςκ
3408 1426 3537 1480 Ἀλλ’
3589 1426 3683 1481 060'

2144 1516 2414 1586 ὑπουργεῖ
2444 1517 2574 1587 ἡμῖν
2604 1519 2636 1589 ή
2674 1518 2859 1589 νόησις
2911 1519 3007 1573 καὶ
3034 1520 3064 1574 ό
3097 1518 3278 1587 λόγος,
3340 1518 3682 1590 μεταϐατικῶς

2142 1609 2432 1682 ἀμφότερα
2455 1611 2787 1680 ἐνεργοῦντα
2815 1611 3033 1683 σύναμα
3071 1614 3257 1668 ἐκεῖνα
3312 1612 3453 1666 νοεῖν
3498 1628 3553 1664 τε
3601 1611 3681 1665 καὶ

2141 1702 2345 1770 λέγειν,
2395 1703 2515 1758 οὐδέ
2543 1705 2601 1758 ἐν
2628 1704 2779 1775 αὐτῷ
2802 1704 2864 1759 10
2885 1707 3027 1760 νοεῖν
3057 1706 3150 1761 καὶ
3179 1706 3363 1774 λέγειν
3388 1706 3466 1759 ὅτι
3497 1705 3682 1771 σύναμα

2142 1794 2422 1864 δυνάμεθα
2460 1793 2536 1867 μή
2569 1798 2663 1851 καὶ
2691 1795 2919 1868 θάτερον
2946 1797 3179 1867 θατέρου
3221 1800 3477 1868 προνοεῖν·
3498 1816 3550 1852 τε
3605 1797 3684 1850 καὶ

468 1885 792 1957 μονογενοῦς
822 1888 949 1941 Υἰοῦ
977 1889 1315 1956 διακέκριται
1341 1907 1356 1923 ο
1386 1892 1462 1954 ὡς
1490 1888 1584 1947 οὖν
1610 1893 1710 1963 1?};
1764 1892 1861 1946 106
1908 1891 2040 1948 Υἰοῦ
2076 1878 2116 1932 Β
2147 1887 2549 1958 προεκφέρειν,
2594 1889 2739 1943 δυοίν
2796 1889 2971 1945 ὄντων
3027 1891 3170 1946 κατὰ
3212 1890 3313 1963 τάς
3352 1891 3645 1953 ὑποστάσεις
3669 1906 3683 1921 ο

465 1979 819 2048 προεπινοίας
839 1996 898 2032 τε
942 1982 1037 2034 καί
1064 1986 1411 2054 προεκφορᾶς
1443 1984 1500 2037 ἐν
1523 1984 1598 2055 τῷ
1625 1983 1771 2055 λόγῳ
1800 1984 2045 2054 φανερώο

463 2086 625 2141 τερον
653 2073 785 2141 ήμῖν
823 2074 1185 2145 ἀποδιδούσης
1226 2076 1320 2130 τὸν
1377 2079 1507 2147 περ)⁵
1566 2077 1661 2132 τοῦ
1725 2079 2045 2148 Πνεύματος

464 2163 646 2231 λόγον,
677 2167 797 2218 κατ’
858 2166 989 2220 0610
1035 2168 1165 2236 γοῦν
1212 2169 1273 2222 10
1341 2170 1704 2238 γινώσκεσθαι
1759 2171 1892 2240 ἡμῖν
1948 2169 2046 2223 καὶ

469 2257 827 2312 πιστεύεσθαι
855 2258 1163 2313 ἄλλοντινὰ
1225 2260 1446 2331 τρόπον,
1491 2262 1586 2315 καὶ
1648 2261 1710 2315 06
1770 2263 2046 2335 yevvn'réb;

464 2349 709 2421 προϊέναι
734 2349 892 2405 τοῦτο
916 2354 980 2406 ἐκ
1012 2351 1105 2405 τοῦ
1138 2353 1349 2424 Πατρὸς
1380 2355 1636 2425 ἀρρήτως
1666 2355 1761 2408 καὶ
1820 2356 2046 2426 ἀνενοή-

466 2460 597 2508 τως,
628 2444 722 2498 καὶ
739 2442 885 2498 οὕτω
906 2444 1002 2498 τοῦ
1031 2447 1234 2516 τρόπου
1266 2447 1365 2515 τῆς
1388 2446 1551 2501 αὑτοῦ
1581 2448 1810 2516 προόδου
1839 2448 2045 2519 φυλατ-

463 2538 696 2608 τομένου
723 2554 740 2572 ο
775 2539 852 2603 ὡς
877 2541 1053 2595 τοίνυν
1084 2541 1169 2595 διὰ
1200 2542 1369 2595 ταῦτα
1401 2541 1495 2595 τοῦ
1549 2542 1864 2615 Πνεύματος
1914 2546 2046 2613 ἡμῖν

472 2634 614 2700 μετά
646 2631 738 2685 10v
776 2633 905 2686 Υίδν
937 2630 1138 2704 μᾶλλον
1182 2632 1587 2704 γνωριζομένου
1625 2652 1686 2689 τε
1735 2638 1829 2688 καὶ
1875 2652 2045 2688 καταο

465 2724 909 2796 λαμϐανομένου,
936 2723 1006 2779 δι’
1036 2722 1098 2778 06
1149 2724 1447 2795 πεφηνέναι
1500 2725 1562 2779 10
1600 2726 1825 2797 Πνεῦμα
1869 2726 2046 2789 καλῶς

463 2818 704 2887 λέγεται.
738 2817 949 2882 Ἄλλως
973 2817 1029 2871 δέ
1060 2818 1158 2871 σὺν
1186 2816 1263 2887 τῷ
1294 2818 1411 2890 Υίῷ
1452 2836 1510 2873 τε
1537 2823 1652 2873 ἐστι
1687 2821 1779 2875 καὶ
1816 2821 1913 2874 σὺν
1946 2819 2047 2875 06-

462 2908 543 2979 τῷ
580 2910 831 2980 πρόεισιν
863 2912 926 2964 ἐκ
960 2911 1194 2983 Πατρδς.
1235 2911 1425 2983 ὥσπερ
1454 2915 1482 2968 ό
1512 2913 1641 2976 Υίδς
1690 2916 1949 2983 γεννᾶται
1985 2914 2047 2967 ἐκ

379 3002 387 3010 ’
462 3000 559 3055 τοῦ
590 3001 828 3071 Πατρός,
863 3000 1039 3066 οὕτως
1066 3001 1197 3057 0610
1233 3004 1298 3056 ἐκ
1328 3003 1419 3058 τοῦ
1475 3004 1685 3076 Πατρδς
1747 3005 2049 3075 προϐαλλό-

468 3112 653 3163 μενον.

1078 3188 1331 3243 ΚΕΦᾹΛ.
1369 3190 1443 3244 A'.

467 3308 590 3360 ’Ότι
614 3308 652 3374 ἡ
693 3306 801 3360 τοῦ
838 3303 973 3360 Υἰοῦ
999 3305 1273 3374 [matula
1298 3306 1413 3374 οὐκ
1443 3302 1759 3370 ἀναγκάζει
1815 3305 1912 3359 καὶ
1934 3305 2052 3374 ,τόν

546 3373 687 3430 Υἰὸίν
705 3377 906 3445 ἀρχὴν
934 3377 1027 3445 καί
1054 3375 1351 3441 προϐολέα
1376 3373 1413 3442 ἢ
1448 3375 1870 3443 προϐάλλοντα
1896 3373 2050 3432 εἶναι

535 3449 686 3515 πρὸς
710 3444 791 3500 τὸν
812 3444 1055 3513 Πνεῦμα
1084 3445 1151 3498 τὸ
1175 3444 1368 3512 ἅγιον.

553 3557 617 3609 ’Π
644 3557 700 3610 δέ
726 3555 819 3609 τοῦ
858 3555 989 3609 Υἰοῦ
1027 3556 1301 3627 μεσιτεία,
1351 3556 1493 3609 061m
1525 3555 1633 3626 γὰρ
1670 3556 1832 3611 αύτδν
1865 3558 2054 3628 όμολο-

472 3650 681 3720 γοῦμεν
700 3650 757 3701 ἐν
791 3647 870 3718 τῷ
902 3647 1031 3719 θείῳ
1070 3647 1305 3718 λουτρῷ,
1368 3650 1459 3702 καὶ
1512 3650 1591 3711 εἰς
1650 3649 1749 3716 τὴν
1798 3650 2053 3718 τοιαύτην

468 3745 579 3798 τῶν
608 3743 768 3797 θείων
810 3743 1093 3812 ὀνομάτων
1129 3742 1543 3811 βεϐιπτίσμεθα
1576 3743 1850 3808 σύνταξιν,
1890 3745 2052 3797 αύτίιν

472 3837 571 3903 μὲν
597 3833 859 3904 μονογενῆ
916 3832 1175 3895 δείκνυσι,
1207 3835 1267 3885 τ’,
1301 3834 1357 3885 δέ
1393 3831 1613 3903 Πνεῦμα
1666 3834 1765 3903 1?};
1818 3836 2051 3904 φυσικῆς

467 3929 608 3999 πρὶς
634 3925 724 3980 τὸν
760 3925 976 3995 Πατέρα
1009 3925 1269 3995 σχέσεως,
1295 3926 1543 3979 τουτέστι
1562 3926 1662 3996 τῆς
1688 3927 1895 3995 ἀμέσου
1916 3927 2052 3995 πρὸς

467 4024 565 4091 τὴν
592 4022 768 4075 αἰτίαν
783 4020 1062 4089 ἀναφορᾶς
1089 4019 1188 4072 οῦκ
1221 4018 1493 4091 ἀπείργει.
1526 4019 1601 4072 06
1652 4020 1759 4089 γάρ
1812 4021 2050 4090 εἴρηται⁹

468 4111 592 4166 οὔτε
616 4112 835 4166 δύναται
868 4111 1125 4179 λέγεσθαι
1153 4112 1217 4165 ἐκ
1269 4111 1361 4164 τοῦ
1418 4111 1548 4165 Υἰοῦ
1607 4113 1889 4184 προσεχῶς
1929 4115 2051 4182 ὑφι-

474 4205 664 4258 στάναι
692 4205 752 4256 10
793 4202 1039 4272 Πνεῦμα,
1095 4204 1287 4274 ὥσπερ
1339 4205 1387 4257 οἰ
1436 4204 1700 4275 αἰρετικο“ι
1739 4204 2053 4273 νομίζοντες

470 4297 773 4365 ετργεσθαι,
804 4297 985 4365 τρίτον
1022 4297 1321 4366 ἐφλυάρουν
1351 4293 1491 4351 εἰναι
1524 4300 1590 4367 τῇ
1632 4299 1793 4368 φύσει
1843 4298 1936 4352 καὶ
1983 4300 2049 4370 τῇ

470 4390 619 4460 ἀξίᾳ,
665 4389 757 4441 καὶ
779 4389 843 4440 ἐκ
873 4387 965 4441 τοῦ
1000 4387 1130 4440 Υίοῦ
1164 4388 1436 4458 προῆχθαι
1483 4392 1575 4444 καὶ
1638 4391 2051 4463 δημιουργικῶς

471 4481 532 4533 10
559 4480 698 4532 κατὰ
734 4477 903 4549 μόνην
930 4478 1037 4530 τῶν
1095 4476 1375 4549 ὀνομάτων
1421 4479 1518 4550 τὴν
1571 4479 1822 4546 σύνταξιν
1867 4482 2051 4552 τρίτον

2143 1982 2257 2037 061’
2292 1985 2530 2056 ἐγχωρεῖ
2561 1986 2624 2039 10
2646 1983 2874 2055 Πνεῦμα
2927 1985 3297 2058 προτετάχθαι
3357 1983 3448 2039 τοῦ
3487 1983 3603 2038 Υἰοῦ
3640 1986 3686 2035 ἐν

2143 2077 2220 2148 τῷ
2242 2079 2341 2148 τῆς
2366 2068 2802 2151 ἀπαριθμήσεως
2832 2080 2941 2132 τῶν
2973 2078 3136 2133 θείων
3187 2075 3493 2147 προσώπων
3518 2074 3685 2146 εἰρμῷ.

2157 2169 2393 2225 Ἐνοείτο
2409 2171 2518 2241 γὰρ
2545 2170 2611 2224 ἂν
2630 2167 2771 2225 εἶναι
2799 2171 3007 2241 Πατὴρ,
3033 2171 3128 2224 καὶ
3151 2171 3180 2224 ό
3210 2170 3343 2232 Υίδς
3373 2169 3469 2221 οὐκ
3505 2167 3565 2221 ἂν
3608 2182 3686 2236 μου

2145 2265 2374 2338 νογενὴς
2430 2266 2766 2331 ἐπιστεύετο,
2790 2265 3071 2319 τουτέστιν
3102 2264 3166 2319 ἐκ
3222 2262 3389 2335 μόνου
3419 2279 3476 2315 τε
3499 2261 3583 2316 καὶ
3611 2258 3690 2330 μό·

2147 2375 2239 2421 νος
2274 2358 2700 2429 γεγεννημένος.
2752 2358 2849 2413 καὶ
2896 2358 2931 2426 ἡ
2966 2357 3109 2412 οὕτω
3167 2354 3604 2425 καινοτομηθείσα
3634 2351 3690 2405 ἄν

2149 2452 2399 2522 μεσιτεία
2421 2450 2516 2505 τοῦ
2542 2450 2856 2521 Πνιύματος
2887 2451 2968 2513 είς
3004 2449 3228 2520 μείζονα
3279 2448 3363 2501 ἂνι
3406 2445 3687 2513 ἀπεπλάνη-

2150 2560 2242 2597 σεν
2267 2544 2517 2608 ἀτοπίαν,
2545 2544 2660 2611 εἴγε
2691 2544 2724 2612 ἡ
2761 2541 2968 2613 ἀληθής
2993 2542 3086 2595 τοῦ
3117 2540 3254 2595 Θεοῦ
3283 2539 3525 2611 μεσιτεία
3548 2538 3692 2608 1196:-

2148 2653 2340 2707 κομμα
2392 2639 2507 2699 τοῖς
2538 2639 2613 2708 μὴ
2644 2635 2825 2698 καλῶς
2846 2633 3060 2688 νοοῦσιν
3096 2635 3317 2701 ἐγένετό
3364 2650 3442 2697 τε,
3493 2632 3573 2684 καὶ
3616 2629 3692 2681 νῦν

2150 2726 2232 2780 έτι
2258 2727 2462 2795 τρόπον
2489 2727 2678 2793 ἐτερον
2707 2725 2935 2794 γίνεται.
2971 2724 3287 2778 Κάντεῦοέν
3317 2726 3434 2777 ἐστι
3473 2722 3529 2775 10
3579 2722 3692 2790 μήτε

2148 2816 2403 2886 λέγεσθαι
2432 2817 2525 2870 10v
2550 2817 2681 2870 Υίὸν
2712 2816 2808 2871 τοῦ
2867 2817 3209 2887 Πνεύματος,
3266 2817 3347 2879 ώς
3397 2815 3456 2869 10
3504 2814 3692 2881 Πνεῦμα

2149 2909 2376 2978 λέγεται
2404 2908 2497 2963 τοῦ
2526 2908 2683 2975 Υἰοῦ,
2720 2913 2857 2981 μήτε
2888 2913 2981 2963 10v
3014 2910 3143 2969 Υἰδν
3171 2910 3259 2963 διὰ
3290 2909 3389 2962 τοῦ
3417 2908 3695 2977 Πνεύματος

2150 3004 2399 3073 προϊέναι
2422 3002 2697 3071 λέγεσθαι,
2730 3002 2854 3055 οὔτε
2886 3001 3092 3068 ἀϊδίως,
3125 3002 3309 3055 καίτοι
3354 3018 3416 3068 γε
3460 3001 3513 3053 ἐν
3562 2996 3693 3063 ἀλλή-

2149 3097 2261 3159 λοις
2291 3096 2430 3149 εἰσίν
2465 3111 2482 3129 ο
2513 3094 2643 3148 ὥστ’
2668 3095 2769 3149 οὐκ
2799 3095 2863 3149 ἂν
2902 3094 3108 3148 ἐκώλυε
3144 3096 3235 3147 καὶ
3271 3093 3347 3146 δι’
3375 3092 3600 3162 ἀλλήλων
3625 3088 3703 3140 λέολ

2151 3205 2272 3259 γειν
2298 3189 2495 3254 ταῦτα,
2522 3188 2715 3256 ἐφόσον
2746 3186 2954 3258 υίότητι
3009 3188 3170 3257 μόνον
3199 3186 3369 3240 αὑτοῦ
3425 3184 3695 3254 διακρίνον-

2152 3300 2241 3334 ται
2276 3282 2370 3336 καὶ
2394 3283 2670 3353 γεννήσει,
2703 3279 2868 3336 αὑτοῦ
2919 3296 2982 3348 γε
3053 3280 3205 3343 ὄντος
3257 3277 3578 3349 ἐκπορευτοῦ
3621 3274 3699 3327 καί

2155 3373 2496 3444 Πνεύματος,
2530 3372 2647 3428 ἀλλ’
2682 3371 2831 3427 οὗτοι
2859 3389 2923 3441 γε
2959 3372 3037 3443 τῷ
3095 3372 3254 3441 αἰτίῳ
3325 3372 3421 3425 καὶ
3476 3368 3702 3435 θεογόνῳ,

2153 3465 2279 3520 οὔτε
2311 3466 2599 3536 χρονικῶς,
2629 3466 2809 3521 καίτοι
2843 3466 3099 3535 ἐπέμφθη
3132 3467 3159 3519 ό
3186 3465 3321 3529 Υἱὸς
3353 3464 3443 3518 τοῦ
3469 3462 3591 3516 Θεοῦ
3617 3477 3699 3511 πα-

2157 3558 2224 3630 ρά
2250 3556 2345 3613 τοῦ
2373 3560 2583 3628 Ιῐατρδς
2618 3558 2835 3614 καὶτοῦ
2901 3559 3218 3627 Πνεύματος
3252 3573 3271 3590 ·
3339 3558 3477 3611 ὥστε
3527 3554 3610 3607 καί
3648 3554 3699 3605 ἐκ

2155 3653 2367 3724 Πατρὸς
2396 3652 2484 3706 διὰ
2510 3652 2830 3721 Πνεύματος
2862 3648 3015 3706 εἶπεν
3038 3652 3105 3707 ἄν
3131 3670 3217 3716 τις
3267 3652 3434 3706 αὖτὶν
3486 3645 3702 3723 πεμφθῆτ

2154 3745 2508 3808 ναιοίκείως.
2548 3746 2708 3799 Ἀλλά
2734 3746 2824 3800 διά
2855 3747 2924 3799 τὰ
2979 3746 3245 3816 εἰρημένα
3278 3745 3376 3799 καὶ
3416 3744 3569 3813 φυγῇ
3616 3739 3703 3792 τῶν

2155 3837 2408 3891 ἐντεῦθεν
2434 3838 2500 3891 ἂν
2555 3837 3039 3907 ἀκολουθησάντων
3093 3838 3316 3891 ἀτόπων
3386 3837 3448 3890 06
3499 3830 3701 3901 λέγεταί.

2155 3927 2291 3981 ἀλλά
2317 3926 2397 3998 τῷ
2423 3925 2513 3980 10v
2544 3926 2669 3980 Υἱδν
2700 3926 3136 3998 προοεωρεῐσθαι
3167 3928 3262 3981 καὶ
3300 3918 3701 3998 προεκφέρεσθαί

2156 4037 2220 4089 γε
2246 4020 2340 4073 τοῦ
2376 4019 2712 4089 Πνεύματος,
2741 4021 2883 4073 αἵτε
2937 4020 3201 4089 ἰδιότητες
3231 4020 3328 4073 καὶ
3391 4017 3546 4073 πάνθ’
3592 4012 3702 4082 ὁμοῦ

2158 4110 2426 4175 σώζονται
2450 4111 2518 4163 τά
2548 4109 2646 4180 τῆς
2674 4110 2913 4172 πίστεως
2977 4108 3211 4177 ἀκίνητα
3263 4109 3532 4179 δόγματα.
3587 4105 3705 4170 Προ-

2156 4203 2445 4271 θεωρεϊται
2478 4202 2586 4272 γάρ
2618 4201 2710 4277 τοῦ
2762 4201 3080 4272 Πνεύματος
3130 4200 3159 4252 ό
3209 4201 3342 4263 Υἱὸς
3396 4202 3457 4253 οὗ
3515 4200 3576 4266 τῇ
3620 4191 3705 4261 όδῷ

2152 4291 2252 4346 τοῦ
2276 4292 2434 4361 λόγου
2462 4292 2564 4362 1?};
2603 4293 2841 4361 φύσεως,
2880 4291 3015 4345 ἀλλά
3042 4293 3109 4361 τῇ
3144 4289 3249 4359 ὁδῷ
3278 4291 3377 4343 τοῦ
3410 4288 3506 4358 τῆς
3553 4283 3705 4343 αἰτίας

2154 4386 2341 4455 λόγου,
2374 4384 2433 4447 ὃς
2461 4387 2558 4448 τας
2593 4384 2741 4447 θείας
2773 4382 3102 4446 ὑποστάσεις
3127 4382 3398 4453 διέκρινεν
3424 4382 3482 4434 ἐν
3506 4381 3567 4451 τῇ
3594 4376 3706 4443 αὐτῇ

2153 4479 2257 4548 τῆς
2290 4476 2479 4539 οὐσίας
2513 4476 2750 4546 ἐνότητι.
3248 4484 3257 4491 ‘

473 4570 603 4641 παρ’
632 4571 764 4641 ήμῖν
807 4568 1195 4637 ἐκφερόμενον,
1227 4567 1485 4621 καὶκατὰ
1511 4568 1610 4640 τὴν
1638 4571 1746 4622 τῶν
1773 4571 2051 4641 ὀνομάτων
2086 4577 2130 4633 D
2156 4584 2159 4587 '
2227 4570 2386 4638 Λέγω
2429 4567 2484 4619 δέ
2510 4566 2627 4619 ὁδὸν
2657 4566 2751 4619 τοῦ
2782 4565 2880 4635 τῆς
2913 4564 3092 4629 αἰτίας
3124 4565 3287 4635 λόγου
3315 4564 3377 4617 τό
3402 4581 3459 4616 τε
3490 4561 3709 4620 ἀναιτίως

470 4660 795 4718 ἀκολουθίαν
829 4659 995 4714 ἐνεκά
1024 4676 1085 4730 γε
1121 4657 1217 4712 τοῦ
1250 4657 1327 4729 μὴ
1359 4660 1679 4730 συγχεῖσθαι
1712 4663 1811 4723 τὰς
1863 4662 2058 4732 ἰδιότη-

470 4774 591 4821 τας,
626 4757 810 4827 τρίτον
842 4753 1003 4822 εἶναι,
1039 4753 1135 4807 καὶ
1165 4753 1276 4806 τῶν
1309 4753 1536 4824 βαθμῶν
1563 4753 1666 4824 τῆς
1717 4756 1953 4823 φύσεως,
2017 4757 2051 4828 ἢ

472 4852 570 4921 τῆς
599 4849 755 4914 ἀξίας
782 4846 1193 4911 πιστεύσαντες,
1232 4846 1425 4919 ὥσπερ
1460 4847 1610 4918 μέσῳ
1638 4849 1744 4901 τινὶ
1804 4848 1882 4919 τῷ
1943 4849 2057 4921 Υίῷ

471 4939 866 5008 διειργόμενον,
895 4939 990 4991 καὶ
1019 4938 1108 4992 διὰ
1134 4937 1293 4992 τοῦτο
1322 4938 1605 5009 προσεχῶς
1659 4937 1718 4992 δν
1739 4939 1799 5003 ἐξ
1854 4939 2020 4993 αὐτοῦ
2042 4958 2056 4971 ο

475 5031 508 5092 ἧ
548 5030 668 5085 κατ’
701 5029 900 5094 ἐνίους,
935 5032 1031 5084 καὶ
1058 5031 1119 5098 ἐξ
1161 5030 1329 5084 αὑτοῦ
1365 5031 1554 5100 μόνου,
1582 5031 1683 5100 1?};
1718 5035 2061 5105 προακτικῆς

476 5122 508 5190 ἢ
540 5120 834 5191 ποιητικῆς
864 5118 1150 5189 δυνάμεως
1179 5113 1213 5195 ᾖ
1247 5121 1313 5173 ἀν
1340 5119 1646 5191 προαχθείη
1709 5124 1770 5174 10
1831 5122 2060 5192 Πνεῦμα

472 5217 552 5277 εἰς
585 5212 674 5267 τὸν
701 5212 834 5265 Υίδν
856 5210 1191 5280 κενωθείσης
1220 5211 1441 5282 ἀπάσης
1469 5214 1564 5266 καὶ
1596 5212 1970 5284 ἀναλωθείσης
1995 5216 2063 5265 ἐκ

473 5306 570 5361 τοῦ
601 5306 834 5377 Πατρός.
865 5304 1023 5359 Οῦτω
1056 5305 1165 5376 γάρ
1200 5305 1508 5377 ἐφλυάρουν
1547 5308 1770 5377 παχέως
1799 5306 1899 5375 τὴν
1962 5304 2062 5359 τοῦ

475 5399 606 5454 Υίοῦ
636 5398 941 5470 μεσιτείαν,
971 5401 1067 5455 καὶ
1087 5397 1187 5469 τὴν
1215 5398 1311 5452 τοῦ
1347 5398 1667 5468 Πνεύματος
1707 5399 1901 5469 τρίτην
1925 5416 2061 5453 κατ-

474 5491 919 5562 ο·.ομασίαν,οὒχ
970 5485 1134 5564 ἦττον
1164 5492 1198 5562 ἢ
1249 5490 1573 5560 κακούργως
1624 5492 1939 5563 νοήσαντες,
1987 5491 2064 5555 ὡς

477 5587 576 5639 ἐπὶ
602 5585 714 5640 τῶν
746 5588 856 5639 ἀπό
904 5600 1053 5648 τινος
1109 5583 1309 5654 τρίτων
1356 5584 1851 5652 κατατεταγμένων
1902 5584 1980 5654 τῷ
2029 5585 2064 5655 ἢ

476 5679 808 5751 διαστήματι
841 5679 1058 5749 χρόνου,
1091 5676 1125 5747 ἢ
1160 5677 1495 5747 διαστήματι
1532 5677 1727 5737 τόπου.
1758 5680 1791 5746 ἢ
1842 5678 2064 5748 διαδοχῇ

477 5772 580 5840 τῆς
606 5762 938 5841 γεννήσεως,
965 5769 1000 5840 ἢ
1038 5769 1461 5840 δραστηριότητι
1492 5769 1799 5838 δυνάμεως,
1835 5770 1867 5839 ἢ
1896 5771 2064 5836 ἀξιώ-

486 5879 657 5934 ματος
684 5861 979 5935 μεγαλείῳ,
1010 5861 1045 5933 ἢ
1069 5860 1301 5933 τοιούτῳ
1321 5862 1429 5916 τινὶ
1458 5863 1520 5916 ἐν
1583 5863 1767 5933 σφίσιν
1826 5862 1955 5919 ἄλλο
2013 5881 2065 5918 τι

2157 4658 2299 4715 εἶναι
2326 4662 2422 4715 καί⁵
2451 4659 2510 4712 10
2539 4658 2824 4724 αἱτιατῶς,
2853 4659 2949 4712 καὶ
2975 4659 3037 4711 10
3066 4658 3163 4711 ὡδί
3190 4675 3309 4723 πως
3336 4654 3605 4721 αίτιατῶς,
3632 4651 3708 4704 καὶ

2158 4752 2258 4805 ὃσα
2308 4751 2407 4821 τῆς
2454 4750 2549 4804 τοῦ
2596 4750 2769 4804 αἰτίου
2835 4751 3206 4820 παρωνυμίας
3254 4751 3389 4805 είσί.
3421 4749 3598 4804 Ταῦτα
3623 4746 3710 4814 γὰρ

2159 4845 2340 4899 πάντα
2370 4843 2464 4898 τοῦ
2500 4843 2663 4912 λόγου
2693 4844 2794 4914 τῆς
2843 4848 3057 4912 φύσεως
3087 4844 3471 4915 ἀποδιῄρηται.
3500 4842 3625 4896 Οὔτε
3651 4839 3707 4900 ὡς

2160 4937 2354 5003 αίτιος,
2388 4937 2526 4990 ἀλλὰ
2569 4937 2776 5006 μᾶλλον
2803 4935 2879 4999 ὡς
2911 4936 3009 4990 ὡδί
3044 4953 3162 5000 πως
3193 4939 3439 5001 αίτιατὺς
3461 4977 3476 5001 ,
3510 4936 3579 4998 ὡς
3608 4933 3712 4992 Υίδς

2162 5027 2388 5100 δηλαδὴ,
2428 5028 2562 5082 διότι
2587 5030 2621 5099 ή
2655 5028 2754 5082 τοῦ
2813 5025 2944 5083 Υίοῦ
2980 5030 3326 5100 προσηγορία
3374 5030 3471 5082 καὶ
3502 5026 3588 5081 τοῦ
3621 5025 3709 5076 Πα-

2162 5120 2290 5191 τρὸς
2310 5120 2467 5174 οὐδὲν
2496 5121 2785 5191 προσίεται
2832 5121 2997 5190 μέσον
3043 5121 3130 5175 δια
3162 5121 3229 5175 τὰ
3259 5121 3547 5191 εἰρημένα.
3595 5117 3644 5170 '0
3667 5112 3712 5166 δέ

2164 5212 2355 5282 Πατὴρ
2392 5211 2488 5265 τοῦ
2520 5211 2652 5265 Υίοῦ
2689 5215 3096 5285 προεπινοεῖται
3129 5214 3210 5284 τῷ
3251 5213 3357 5282 τῆς
3397 5212 3568 5273 αἰτίας
3595 5208 3711 5273 λόγῳ

2165 5307 2243 5369 ὥς
2270 5305 2462 5372 αἴτιος,
2498 5306 2580 5359 ὅτι
2622 5306 2682 5372 ἐξ
2719 5306 2886 5360 06106
2942 5307 3003 5360 10
3036 5303 3178 5360 εἶναι
3209 5309 3236 5361 ό
3270 5308 3402 5371 Υἱός
3440 5308 3569 5376 ἔχει.
3611 5303 3711 5354 '95-

2169 5398 2348 5462 αύτως
2371 5397 2426 5452 δὲ
2452 5400 2548 5454 καὶ
2576 5399 2671 5452 τοῦ
2711 5400 3046 5469 Πνεύματος,
3081 5399 3159 5469 τῷ
3185 5400 3359 5463 αἴτιος
3400 5398 3559 5454 αὐτοῦ
3597 5392 3715 5447 εἶναι

2170 5491 2199 5544 ό
2241 5491 2430 5562 Πατὴρ
2463 5491 2537 5554 ώς
2568 5491 2896 5563 προϐάλλων
2938 5493 3412 5564 προτεθεώρηται.
3460 5491 3596 5545 Ἀλλ’
3618 5490 3712 5551 ὅτε

2173 5583 2299 5644 Υἰὸς
2329 5588 2738 5653 προεπινοεῖται
2787 5586 2882 5639 τοῦ
2928 5585 3247 5651 Πνεύματος
3291 5586 3373 5657 τῷ
3416 5587 3476 5639 10
3521 5579 3717 5649 Πνεῦμα

2172 5676 2233 5729 06
2267 5680 2544 5746 γεννητῶς
2569 5678 2645 5741 ὡς
2676 5678 2836 5741 αὐτὸς
2871 5680 2934 5731 ἐκ
2962 5679 3055 5731 τοῦ
3096 5681 3308 5749 Πατρός
3337 5678 3575 5733 αίτιατὺν
3599 5670 3716 5726 εἶναι

2171 5768 2267 5821 καὶ
2312 5768 2656 5837 ὑφεστάναι,
2687 5771 2806 5825 ἀλλ’
2837 5773 3026 5841 ἕτερόν
3068 5790 3194 5826 τινα
3220 5772 3446 5843 τρόπον,
3480 5770 3508 5824 ό
3552 5764 3716 5836 ammi-

2171 5863 2301 5916 νοντ’
2333 5862 2400 5917 ἂν
2430 5861 2507 5933 τῷ
2545 5863 2622 5935 μὴ
2660 5863 2798 5935 μετὰ
2846 5865 2937 5919 τὸν
2987 5865 3204 5938 Πατέρα
3239 5863 3614 5936 ὁμολογεῖσθαι
3639 5857 3715 5912 εὖ·
