3940 6452
252 316 352 379 693

1179 314 1273 373 DE
1319 312 1843 374 PROCESSIONE
1876 312 1997 372 SP1
2013 310 2250 372 BITUS
2284 310 2584 373 SANCTL

3414 293 3521 362 69.1

254 446 367 498 γονε
407 426 615 499 Πατὴρ,
643 426 778 479 ἀλλὰ
811 427 1011 496 μᾶλλον
1035 427 1126 481 διὰ
1167 427 1324 481 τοῦτο
1354 427 1678 498 θαυμαστήν
1710 446 1829 481 τινα
1861 431 1904 485 Α
1935 429 2099 499 μένον
2150 426 2603 499 ὁμολογουμένως
2655 423 2729 488 ὡς
2783 422 2887 478 ὑπὸ
2936 419 3028 475 τοῦ
3080 417 3519 490 ἀρχιεπισκὸπου

253 526 339 576 καί
372 522 772 593 ἀκριϐεστάτην
805 521 993 593 ὁψεται
1023 521 1117 575 τοῦ
1154 523 1365 593 Πατρὶς
1396 525 1453 575 ἐν
1479 522 1554 594 τῷ
1582 521 1698 592 Υίῷ
1732 522 1829 592 τὴν

253 611 445 667 εῗκόνα.
483 612 695 684 ’Ὠσπερ
730 616 835 684 γὰρ
858 615 884 665 ὁ
917 614 1128 685 Πατὴρ,
1159 613 1426 683 ἀτρεπτός
1461 633 1520 667 τε
1551 616 1646 669 καὶ
1672 616 1833 669 ἀναλ-

251 706 461 769 λοέωτος
495 703 593 769 ῶν,
616 706 702 759 ἀεὶ
736 707 888 776 μένει
920 707 1129 779 Πατὴρ,
1169 708 1261 761 καὶ
1294 708 1370 772 είς
1406 708 1534 763 Υἱὸν
1568 710 1628 762 ού
1665 696 1832 778 μέτα-

254 798 524 864 ϐάλλεται,
553 797 727 864 οὕτως
768 800 793 853 ό
830 799 886 867 ἐξ
938 800 1104 855 αὐτοῦ
1158 804 1326 869 Λόγος
1366 803 1491 867 Υίὺς
1526 804 1829 873 προελθὼν,

255 891 399 960 μένει
431 888 579 946 τοῦθ’
609 892 746 964 ὅπερ
802 893 943 961 ἐστὶ,
987 893 1080 947 τοῦ
1114 894 1325 965 Πατρός
1367 897 1426 948 τὸ
1453 897 1830 961 ἀναλλοίωτον,

256 987 345 1038 καὶ
368 984 455 1038 διὰ
480 985 638 1039 τοῦτο
662 985 923 1041 δεικνύων
954 988 1007 1041 ἐν
1034 988 1232 1060 ἐαυτῷ,
1262 990 1443 1060 ὃμοτος
1468 990 1543 1045 ὣν
1572 992 1665 1044 καὶ
1694 991 1835 1044 κατὰ

255 1078 408 1131 τοῦτο
440 1080 516 1150 τῷ
545 1082 743 1150 Πατρί.

326 1171 539 1226 Οὐκοῦν
570 1173 751 1244 μωρία
796 1175 916 1228 ἐστὶ
949 1175 1007 1228 τὸ
1035 1175 1239 1245 λέγειν,
1270 1176 1552 1246 Ἀνόμοιος
1598 1177 1665 1233 ἂν
1693 1178 1777 1247 εἴη
1807 1180 1834 1231 0

260 1263 380 1326 Υίὸς
412 1264 492 1333 τῷ
524 1264 694 1335 Πατρὶ
726 1265 799 1335 μὴ
828 1265 999 1331 αἴτιος
1027 1265 1105 1322 ὢν
1135 1269 1241 1322 καὶ.
1261 1270 1426 1333 αύτὸς
1452 1269 1545 1323 τοῦ
1578 1264 1833 1340 Πνεθμαέ-

254 1371 361 1417 τος.
395 1354 623 1422 Ὄμοιος
659 1357 758 1425 μὲν
794 1354 886 1413 οὖν
917 1361 1033 1413 ἐστι
1064 1361 1153 1416 διά
1195 1363 1375 1429 τοῦτο,
1421 1363 1600 1433 μένων
1657 1366 1716 1417 ἐν
1766 1366 1834 1434 τῇ

251 1446 447 1501 ἑαυτοῦ
514 1448 760 1520 ἰδιότητι,
820 1453 914 1505 καὶ
965 1454 1041 1524 μὴ
1090 1453 1364 1525 ἁρπάζων
1410 1457 1510 1526 τὴν
1560 1457 1834 1527 πατρικὴν

253 1538 517 1608 ίδιὸτητα,
575 1541 698 1611 ἥτις
751 1543 900 1597 ἐστὶν
951 1546 984 1616 ή
1036 1545 1357 1618 ἁγεννησία,
1395 1550 1574 1603 είτουν
1617 1550 1650 1620 ἡ
1686 1549 1836 1604 αίτία

248 1631 356 1686 τῶν
394 1632 459 1698 ἐξ
487 1631 657 1687 αὐτοῦ
678 1650 695 1668 ο
733 1635 783 1688 εί
808 1635 866 1690 δὲ
894 1635 990 1706 μὴ,
1016 1636 1105 1690 διά
1130 1636 1184 1691 τί
1225 1638 1302 1709 μὴ
1326 1640 1623 1709 τρέμουσιν
1664 1637 1835 1708 οῦτοι,

256 1721 329 1793 μὴ
359 1725 455 1778 καί
488 1725 549 1777 10
579 1724 805 1796 Πνεῦμα
832 1727 1088 1797 ἀνόμοιον
1120 1724 1180 1802 ᾗ,
1209 1728 1236 1782 ὁ
1262 1729 1516 1802 στεροῦσι
1545 1731 1607 1785 10
1637 1734 1838 1804 γεννᾷν

256 1814 345 1869 καί
382 1816 444 1869 τὸ
486 1816 835 1886 προϐάλλειν,
899 1819 959 1873 οὒ
1021 1820 1202 1885 καλῶς
1267 1822 1612 1895 στεροῦντες,
1669 1826 1722 1878 εί
1776 1842 1839 1895 γε

256 1908 347 1961 καὶ
407 1907 485 1978 τῷ
521 1908 634 1979 Υίῷ
667 1909 726 1962 10
785 1911 1111 1982 προϐάλλειν
1144 1915 1564 1986 μεταδιδόασιν;
1611 1918 1674 1971 El
1734 1918 1844 1989 7&9

266 2000 357 2055 καὶ
398 2002 459 2055 10
492 2001 816 2074 προϐάλλειν
855 2005 1234 2077 ἀν.τικείμενόν
1266 2010 1383 2062 ἐστι
1433 2010 1511 2079 τῷ
1544 2010 1846 2082 προϐάλλε-

263 2094 403 2163 σθαι,
426 2095 570 2149 οὕτω
595 2098 701 2168 γὰρ
725 2099 1111 2170 ἀποκρίνονται
1140 2101 1511 2171 σοφιζόμενοι,
1535 2102 1609 2167 ὡς
1630 2103 1681 2157 δε
1693 2105 1847 2176 ιχθὴ-

266 2204 438 2251 σεται,
483 2188 621 2244 ἀλλά
668 2189 726 2244 :0
763 2193 955 2263 γεννᾷν
1010 2194 1111 2247 οὑκ
1155 2192 1306 2247 ἔστιν
1350 2196 1728 2265 ἀντικείμενον
1770 2194 1846 2267 τῷ

264 2281 689 2350 προϐάλλεσθαι.
714 2284 926 2357 Ὥσπερ
955 2285 1049 2342 οὖν
1094 2286 1216 2349 κατ’
1258 2287 1460 2353 αὑτοὺς
1501 2291 1529 2343 ὁ
1571 2289 1694 2353 Υἱός
1728 2293 1846 2344 ἐστι

262 2377 354 2428 καὶ
400 2376 720 2447 προϐολεὺς,
759 2378 846 2434 διά
880 2380 942 2433 10
971 2379 1047 2451 μὴ
1072 2380 1409 2437 ἀντικεῖσθαι
1452 2382 1527 2452 τῷ
1558 2383 1751 2453 γεννᾷν
1788 2389 1848 2436 10

264 2466 617 2536 προϐάλλειν·
649 2469 791 2523 οῦτω
822 2470 909 2523 καί
936 2470 996 2523 τὸ
1038 2471 1261 2542 Πνεῦμα
1295 2472 1647 2543 τούλάχιστον
1676 2473 1742 2527 ἂν
1762 2475 1848 2543 είη

204 2628 205 2631 η
262 2561 566 2630 γεννήτωρ,
597 2560 685 2614 διὰ
735 2560 795 2614 10
841 2562 915 2632 μὴ
950 2565 1290 2619 ἀντικεῖσθαι
1340 2564 1416 2637 τῷ
1449 2567 1848 2636 προϐάλλεσθαι

259 2650 323 2702 10
383 2652 606 2722 γεννᾷν,
664 2651 817 2706 οὐδὲν
872 2648 1034 2727 ἦττον
1086 2656 1119 2725 ἢ
1174 2658 1356 2712 ἐκεῖνα
1410 2657 1511 2713 οὐκ
1548 2659 1850 2713 ἀντίκειται

263 2740 387 2792 κατ’
429 2740 627 2805 αὐτοὺς
684 2741 743 2794 ἐν
807 2742 942 2811 Υίῴ.
985 2743 1109 2807 Πῶς
1174 2743 1268 2797 οὖν
1314 2745 1376 2798 οὐ
1432 2745 1711 2815 προδήλως
1771 2745 1851 2814 τῷ

264 2828 549 2900 Ilva-59.01:
569 2831 856 2904 μάχονται,
877 2833 968 2886 10v
989 2833 1115 2887 Υίδν
1132 2832 1417 2899 δοκοῦντες
1443 2822 1848 2903 σέϐεινκακῶς,

268 2920 364 2972 καὶ
392 2919 487 2974 10v
510 2920 606 2991 τῆς
637 2921 886 2992 ἰσότητος
916 2922 1074 2994 λόγον
1108 2925 1165 2979 ἐν
1196 2928 1309 2989 τοῖς
1340 2924 1505 2991 θείοις
1540 2924 1853 2997 προσώποις

266 3010 487 3066 λύουσιν
504 3029 519 3078 ;

1936 519 2143 574 ἐκείνου
2179 518 2499 590 ἀνεγνώσθη
2529 513 2960 588 διεφθαρμένως.
2993 512 3214 576 Ἕκτον,
3245 511 3325 565 ὄτι
3350 510 3398 563 εί
3428 506 3523 562 καὶ

1938 614 2015 684 μὴ
2054 611 2428 683 διεφθάρησαν
2464 602 2731 682 πρότερον
2766 608 2830 661 τὰ
2866 605 3066 674 βιϐλία,
3100 605 3203 673 πρὸ
3225 601 3327 672 τῆς
3356 604 3413 659 ἐν
3448 601 3524 673 τῷ

1934 705 2200 776 Συμϐόλῳ
2236 703 2578 775 προσθήκης,
2610 700 2725 757 ἀλλ’
2755 700 2983 771 ὓστερον
3006 695 3165 752 τοῦτο
3196 688 3524 751 πεπονθέναι

1935 798 2112 853 ταῦτα
2154 798 2248 852 καὶ
2293 796 2415 851 λίαν
2449 795 2599 856 είκός
2635 793 2775 861 ἐστι,
2823 792 2917 846 καί¹
2954 791 3115 860 είπερ
3161 808 3213 845 τι
3262 788 3391 844 ἄλλο
3431 787 3526 842 καὶ

1936 888 2095 945 τοῦτο
2128 889 2293 952 εἰκός.
2322 888 2387 942 Ol
2413 887 2521 959 7&9
2549 887 2997 958 μεταγράφοντες
3017 884 3115 947 τάς
3141 882 3249 936 τῶν
3271 880 3527 936 διδασκά-

1938 985 2046 1037 λων
2074 981 2292 1053 βίϐλους
2326 981 2384 1035 ἐν
2439 978 2714 1046 Λατίνοις,
2757 977 2966 1031 ἰδιῶται
3015 974 3167 1037 ὅντες
3199 973 3249 1029 οἱ
3281 972 3525 1040 πλείους,

1938 1074 2070 1130 ἔνθα
2108 1072 2421 1145 εὑρίσκουσί
2470 1090 2521 1124 τι
2568 1071 2697 1141 περὶ
2727 1068 2825 1140 τῆς
2858 1065 2954 1122 τοῦ
3005 1067 3162 1135 ἁγίου
3207 1065 3529 1145 Πνεύματος

1938 1168 2346 1240 ἐκπορεύσεως,
2399 1163 2856 1237 μεταγράφουσιν
2906 1160 3039 1217 αὐτὸ
3089 1159 3230 1216 κατά
3280 1159 3379 1228 τὴν
3414 1144 3529 1227 ’τῆς

1938 1258 2294 1320 διδασκαλίας
2324 1257 2642 1329 ὁμολογίαν,
2693 1257 2754 1309 οὺ
2797 1252 2979 1318 καθὼς
3019 1253 3368 1324 εὑρίσκουσιν
3397 1248 3532 1304 00:0

1942 1355 2222 1423 κείμενον,
2256 1352 2494 1421 οἰόμενοι
2529 1348 2662 1403 αὐτὸ
2690 1346 2980 1415 ἐσφάλθαι,
3028 1344 3211 1399 κανόνι
3254 1343 3530 1415 χρώμενοι

1939 1445 2018 1517 τῷ
2047 1446 2106 1499 ἐν
2134 1447 2253 1509 ταῖς
2281 1442 2599 1514 ἐκκλησίαις
2641 1438 2889 1513 ᾲδομένῳ
2930 1437 3216 1507 Συμϐόλῳ,
3250 1436 3344 1489 καὶ
3387 1432 3532 1487 οὕτω

1943 1538 2124 1593 πάντα
2156 1535 2225 1589 τὰ
2266 1534 2451 1609 βιϐλία
2479 1534 2616 1604 πρὸς
2650 1532 2741 1585 τὸν
2770 1534 2867 1601 τῆς
2896 1529 3218 1601 προσθήκης
3261 1524 3534 1598 μετεπλά-

1943 1628 2153 1699 σθησαν
2195 1627 2388 1683 τύπονο
2436 1627 2536 1701 καὶ
2572 1624 2709 1680 ἀλλα
2761 1624 2933 1678 πολλά
2975 1621 3205 1676 τοιαῦτα
3255 1621 3355 1693 την
3402 1617 3533 1690 περὶ

1942 1720 2051 1775 τῶν
2086 1719 2268 1791 ῥητῶν
2295 1718 2524 1773 ἐκείνων
2555 1716 2790 1787 ὑποψίαν
2816 1716 2950 1786 ἡμῖν
2978 1711 3386 1783 ἐνεργάζονται.

1874 1780 1914 1835 Β
2019 1780 2282 1885 Δεύτερον
2337 1811 2554 1885 τίθημι,
2602 1780 2685 1864 ὁτί
2736 1780 3015 1863 πάντατά
3054 1780 3234 1876 βιϐλία
3285 1803 3356 1855 τὰ
3403 1799 3537 1869 παρ’

1952 1908 2185 1972 ἐκείνοις
2218 1904 2480 1977 οὐδεμίαν
2506 1905 2758 1971 ἐδέξαντο
2789 1900 3116 1973 μεταϐολὴν,
3148 1895 3272 1951 οὔτε
3299 1897 3362 1949 ἐκ
3391 1894 3537 1957 τινος

1951 2000 2307 2073 κακουργίας,
2342 1996 2466 2053 οὔτε
2515 1997 2580 2051 ἐκ
2614 1997 2712 2067 τῆς
2744 1995 2854 2048 τῶν
2891 1991 3357 2064 μεταγραφόντων
3389 1988 3536 2043 ίδιω-

1952 2093 2101 2159 τείας
2128 2066 2523 2165 ἰτ-ροϐαλούσης
2560 2066 2674 2160 τὴν
2713 2087 2817 2158 τῆς
2850 2085 3145 2156 ὁμολογίας
3180 2082 3364 2137 αὐτῶν
3415 2066 3569 2135 συν-ί

1953 2187 2165 2261 ήθειαν.
2216 2187 2377 2257 Λέγω
2430 2186 2536 2249 ὅτι,
2584 2179 2633 2236 εί
2682 2183 2777 2236 καὶ
2830 2180 3201 2250 Λὺγουστῖνος
3253 2176 3402 2245 λέγει
3456 2176 3539 2228 ὅτι

1950 2278 2314 2350 ἐκπορεύεται
2338 2277 2398 2331 :0
2425 2275 2650 2346 Πνεῦμα
2682 2275 2778 2329 καὶ
2799 2270 2983 2327 ἐκτοῦ
3006 2267 3164 2336 Υίοῦ,
3189 2267 3289 2322 οὑκ
3314 2265 3534 2335 ἀνάγκη

1951 2371 2096 2424 οὕτω
2146 2370 2243 2424 καὶ
2298 2370 2396 2441 τὴν
2451 2367 2680 2422 καθόλου
2730 2363 3062 2436 Ἐκκλησίαν
3122 2356 3540 2432 μεταϐαλοῦσαν

1952 2466 2039 2521 διὰ
2088 2465 2182 2520 10v
2218 2464 2588 2532 Αύγουστῖνον
2630 2451 2869 2532 φρονεῖν.
2928 2457 3148 2522 Ἐκείνη
3183 2453 3293 2521 7&9
3332 2451 3541 2520 Αὐγου-

1955 2558 2123 2628 στίνῳ
2154 2558 2281 2619 τοὺς
2308 2554 2409 2624 τῆς
2449 2554 2686 2612 πίστεως
2719 2547 2903 2616 τίθησι
2940 2546 3160 2613 νόμους,
3192 2541 3287 2595 καὶ
3317 2540 3537 2609 ἑκάστῳ

1954 2651 2063 2704 τῶν
2100 2648 2277 2704 ἄλλων
2310 2645 2505 2715 ἁγίων,
2538 2642 2631 2696 καὶ
2661 2641 2762 2694 οὐκ
2794 2637 2962 2709 αὐτὴν
2988 2636 3082 2689 ὑπ’
3109 2631 3274 2687 αὐτοῦ
3299 2630 3403 2704 χρὴ
3438 2647 3541 2685 κα-

1954 2738 2281 2803 νονίζεσθαι,
2325 2735 2447 2789 οὑδὲ
2503 2733 2746 2801 ἀνάγκη,
2793 2728 2931 2782 διότι
2985 2724 3351 2794 Αὑγουστῖνος
3384 2716 3542 2775 εἶπεν

1953 2831 2152 2896 οὕτως,
2223 2829 2319 2883 καὶ
2358 2827 2528 2889 οὓτως
2581 2824 2758 2895 ἔχειν’
2825 2820 2983 2875 τοῦτο
3035 2820 3147 2889 γάρ
3204 2820 3325 2880 ταῖς
3381 2831 3543 2870 κανο-

1958 2924 2139 2986 νικαῖς
2173 2921 2343 2992 μόνον¹
2371 2916 2642 2989 Γραφαῖς,
2677 2914 2773 2967 καὶ
2803 2915 2924 2977 ταῖς
2972 2909 3382 2980 οίκουμενικαίς
3414 2924 3541 2961 συν-

1957 3014 2098 3077 όδοις
2146 3013 2207 3067 10
2242 3011 2412 3083 γέρας
2450 3008 2818 3079 πεφύλακται.
2878 3004 2991 3058 Καὶ
3041 2999 3150 3055 ἀπὸ
3200 2999 3298 3070 μὲν
3339 2996 3544 3051 τούτων

354 3105 828 3178 Ἐπανερχὸμενος
873 3111 1052 3164 τοίνυν
1084 3111 1226 3180 λέγω
1274 3112 1356 3166 ὅτι
1408 3112 1509 3167 οὑκ
1558 3113 1625 3168 ἀν
1653 3114 1933 3185 Λύγου-ρ
1962 3110 2064 3161 οὐκ
2109 3105 2323 3173 ἔξεστιν
2368 3103 2543 3157 οὐδενὶ
2597 3100 2905 3170 ἀναχωρεῖν
2956 3093 3251 3185 ὁρθοδόξῳὶ
3283 3091 3441 3157 ἅγιον
3487 3088 3544 3141 δέ

275 3200 452 3263 στῖνος
482 3199 576 3253 καὶ
618 3198 947 3272 Ἱερώνυμος
996 3204 1207 3259 ἔδωκαν
1243 3205 1368 3276 μέλι
1401 3204 1645 3262 τοσαῦτα
1690 3207 1854 3278 δηλη-

274 3292 439 3362 τήρια
471 3292 739 3364 κρύπτον.
776 3294 963 3366 Πολλῷ
995 3297 1197 3366 μᾶλλον
1231 3299 1398 3370 ἐχρῆν
1448 3300 1649 3363 αὐτοὺς
1685 3300 1855 3369 φοϐη-

266 3382 427 3453 θῆναι
483 3387 681 3450 είπεῖν,
732 3387 760 3440 δ
812 3388 1006 3459 μηδείς
1058 3386 1181 3443 είπε
1229 3392 1340 3444 τῶν
1393 3393 1452 3445 ἐν
1485 3393 1553 3461 τῇ
1594 3392 1854 3462 Ἀνατολῇ

267 3476 610 3532 διδασκάλων
641 3476 732 3543 οὓς
763 3480 963 3534 ἐκεῖνοι
994 3477 1142 3552 εἶχον
1178 3483 1552 3555 παράδειγμα,
1587 3484 1619 3557 ἢ
1655 3484 1682 3536 ὁ
1716 3484 1855 3537 πάν-

267 3587 356 3634 τες
392 3571 588 3641 ἔλεγον
624 3572 725 3644 τὴν
753 3574 1078 3632 ὑπόστασιν.

336 3665 543 3735 Τρίτον
573 3665 786 3736 βεϐαιοῖ
814 3669 949 3738 ἡμῖν
969 3670 1067 3737 τὴν
1090 3673 1223 3740 περὶ
1246 3672 1356 3725 τῶν
1387 3669 1569 3743 ῥητῶν
1602 3670 1857 3741 ὑποψίαν,

267 3757 348 3811 ὅτι
426 3756 763 3831 Ἰερώνυμος
826 3762 922 3815 καὶ
960 3761 1343 3829 ζΔὺγουστῖνος
1397 3762 1712 3831 ὡμολόγουν
1761 3766 1860 3833 τὴν

268 3850 367 3917 τῆς
432 3843 739 3923 καθολικῆς
804 3853 1135 3923 Ἐκκλησίας
1187 3855 1507 3926 ὁμολογίαν,
1542 3858 1637 3911 καὶ
1695 3857 1754 3910 :0
1803 3859 1861 3910 ἐν

272 3942 864 3998 Κωνσταντινουπὸλει
919 3947 1222 4017 ἐκήρυττον
1263 3947 1563 4017 Σύμϐολον,
1615 3950 1708 4009 καὶ
1762 3949 1863 4002 οὐκ

274 4032 333 4085 ἀν
368 4028 437 4105 ἦν
480 4035 630 4097 είκὸς
677 4035 877 4099 αὐτοὺς
938 4035 1073 4090 ἄλλα
1131 4037 1230 4108 μὲν
1276 4037 1560 4107 ὁμολογεῖν
1599 4039 1656 4092 ἐν
1697 4040 1862 4111 κοινῷ

275 4125 370 4179 καὶ
396 4127 711 4201 παρρησία,
750 4129 887 4184 ἀλλα
928 4129 986 4199 δῖε
1026 4129 1130 4201 ίδίᾳ
1177 4132 1537 4201 συγγράφειν.
1564 4133 1859 4203 Τέταρτον,

274 4222 355 4272 ὅτι
383 4221 434 4273 οί
463 4223 689 4275 Λατῖνοι
719 4221 1073 4291 προσέθηκαν
1106 4224 1173 4293 τῇ
1209 4223 1459 4294 θεολογίᾳ
1492 4223 1586 4276 τοῦ
1623 4223 1863 4291 Χριστοῦ

278 4311 369 4366 τοῦ
403 4313 682 4367 Δεσπότου
720 4314 882 4385 ἡμῶν
914 4317 1009 4368 καὶ
1058 4315 1168 4368 τῶν
1193 4315 1590 4385 οίκουμενικῶν
1636 4316 1865 4369 συνόδων

276 4409 340 4475 τῇ
375 4406 565 4459 πίστει
594 4407 768 4477 μόνοι,
792 4407 846 4461 τί
879 4407 1196 4477 θαυμαστὸν
1218 4403 1287 4476 ἦν
1316 4407 1633 4479 προσθεῖναι
1664 4408 1866 4471 αὑτοὺς

1956 3215 2079 3253 τινα
2122 3198 2155 3269 ἢ
2194 3197 2287 3250 καί
2308 3196 2403 3249 δύο
2419 3192 2661 3256 εὐλαϐῶς
2685 3186 3095 3263 παραιτεῖσθαι,
3115 3188 3173 3239 ἐν
3192 3179 3275 3247 οἷς
3300 3181 3375 3254 μὴ
3399 3196 3545 3250 cup.-

1959 3293 2127 3358 φωνεῖ
2150 3291 2216 3362 τῇ
2249 3290 2402 3359 κοινῇ
2428 3287 2577 3359 δόξῃ,
2597 3286 2708 3339 είτε
2741 3282 2846 3340 ὑπὸ
2870 3283 2969 3350 τῆς
3000 3284 3058 3334 ἐν
3082 3278 3160 3348 τῷ
3190 3277 3371 3346 λιγειν
3404 3277 3545 3328 κατὰ

1960 3383 2071 3437 τῶν
2106 3380 2405 3453 αίρετικῶν
2437 3375 2705 3448 ἀνάγκης,
2740 3376 2850 3431 είτε
2895 3374 3044 3437 ὅπως
3091 3369 3224 3424 ποτέ
3255 3369 3340 3437 εἴη
3382 3364 3547 3420 τοῦτο

1963 3476 2180 3547 συμϐὰν
2215 3473 2389 3544 αὐτῷ,
2426 3474 2555 3529 ἄνευ
2581 3472 2683 3541 τῆς
2729 3469 2863 3541 πρὸς
2896 3467 2997 3538 τὴν
3033 3461 3367 3531 Ἐκκλησίαν
3397 3460 3550 3530 φιλο-

1961 3568 2194 3632 νεικίας’
2240 3567 2288 3621 εί
2335 3565 2446 3638 γὰρ
2495 3561 2929 3634 ἐφιλονείκησεν,
2983 3556 3095 3612 οὐδ’
3127 3558 3196 3612 ἂν
3242 3556 3329 3626 εἴη
3368 3554 3543 3619 ἀγιος.

1962 3662 2071 3716 Καὶ
2098 3658 2248 3719 τοῦτ’
2278 3660 2401 3713 ἐστὶ
2440 3659 2502 3711 10
2532 3656 2831 3724 διακρίνειν
2861 3652 3173 3725 αἰρετικοὺς
3213 3650 3309 3703 καὶ
3351 3645 3547 3720 09000;

1961 3753 2343 3817 διδασκάλους,
2379 3749 2439 3803 ού
2485 3748 2545 3803 10
2573 3748 2701 3812 τοὺς
2740 3746 2841 3817 μέν
2874 3745 3043 3816 μηδὲν
3089 3743 3299 3814 ἀπᾷδον
3327 3740 3548 3804 δοξάσαι

1965 3846 2062 3898 καὶ
2091 3846 2268 3897 εἰπεῖν
2315 3841 2540 3905 τούτους
2587 3840 2800 3909 ἁγίους,
2851 3837 2999 3900 τοὺς
3034 3834 3080 3887 δ’
3132 3832 3446 3903 ὑπαχθῆναι
3473 3830 3550 3900 τῷ

1963 3935 2154 4006 ψεύδει
2202 3934 2429 3996 τούτους
2467 3932 2781 4002 αίρετικοὺς
2807 3968 2824 3995 ,
2866 3927 3003 3983 ἀλλά
3055 3924 3135 3996 τῷ
3170 3920 3547 3991 φιλονεικῆσαι

1966 4029 2278 4100 διῄρηνται.
2327 4020 2712 4094 ’Λφιλονείκως
2762 4022 2827 4083 ,δέ
2882 4019 3018 4089 πρὸς
3063 4018 3164 4085 τὴν
3212 4014 3548 4100 Ἐκκλησίαν

1970 4098 2155 4173 πολλοὶ
2186 4117 2358 4170 πολλὰ
2381 4132 2456 4168 πα
2467 4115 2536 4185 ρά
2562 4114 2662 4185 τὴν
2691 4112 2877 4184 κοινὴν
2907 4109 3222 4180 ἐφρόνησαν
3256 4105 3438 4171 δόξαν,
3465 4098 3549 4169 οἷς

1969 4213 2130 4282 ἡμεῖς
2156 4211 2214 4263 οὑ
2257 4208 2542 4278 τιθέμεθαο
2574 4207 2671 4260 καὶ
2699 4206 2845 4276 ὅμως
2878 4202 3072 4265 αὐτοὺς
3102 4200 3177 4265 ὡς
3212 4200 3398 4270 ἁγίους
3427 4198 3555 4251 ἀνυ-

1977 4302 2218 4373 μνοῦμεν
2248 4302 2344 4355 καί⁵
2382 4301 2758 4361 διδασκάλους,
2784 4296 2919 4351 διότι
2955 4295 3032 4366 μὴ
3063 4292 3554 4364 πεφιλονεικήκασι

1972 4395 2110 4467 πρὸς
2143 4394 2244 4465 τὴν
2279 4391 2635 4460 Ἐκκλησίαν.
2671 4391 2931 4461 Ἔχοντες
2963 4388 3019 4440 δὲ
3047 4385 3246 4447 αὐτοὺς
3274 4380 3363 4436 δεὰ
3393 4380 3555 4435 τοῦτο

278 4472 371 4553 κᾷι
406 4502 464 4556 ἐν
508 4472 634 4565 ταίς
666 4500 776 4554 τῶν
814 4472 1157 4554 διδασκάλων
1200 4472 1382 4555 αὑτῶν
1416 4501 1643 4571 βίϐλοις,
1690 4496 1767 4556 ὦν
1805 4501 1867 4554 10
1899 4484 1942 4540 ι)
1972 4487 2184 4556 ἁγίους,
2219 4486 2369 4571 ὅμως
2404 4484 2503 4538 οὐκ
2529 4474 2957 4553 ἀναγκᾰξόμεθα
2984 4479 3204 4549 φρονεῖν
3232 4477 3437 4540 ἐκεῖνα,
3479 4472 3555 4536 ὡς

281 4592 498 4664 ἀξίωμα
534 4592 757 4646 ἔλαττόν
806 4594 927 4646 ἐστι
974 4593 1086 4646 τῶν
1138 4592 1537 4661 οίκουμενικῶν
1590 4593 1859 4660 συνόδων;

284 4686 562 4755 Πέμπτον,
594 4685 679 4738 ὅτι
708 4685 764 4736 ὲν
798 4686 863 4755 τῇ
903 4685 1129 4757 Φερῤίᾳ,
1173 4684 1306 4753 πρὶν
1338 4684 1597 4739 ἀπελθεῖν
1635 4688 1716 4748 είς
1759 4688 1860 4755 τὴν

278 4776 646 4844 Φλωρεντίαν,
702 4774 796 4829 καί
837 4774 1131 4843 προδοῦναι.
1174 4772 1276 4843 τὴν
1319 4773 1579 4843 ἀλήθειαν
1624 4773 1866 4840 ἀγεννῶς

291 4869 653 4940 συνηγμένων
678 4868 897 4922 πάντων
924 4867 1080 4939 ἡμῶν
1112 4869 1169 4923 ἐν
1209 4870 1308 4941 μιᾷ
1340 4869 1625 4939 ἀκροάσει,
1655 4866 1891 4936 ἀνέγνω,

272 4963 316 5030 λὸ
356 4964 466 5016 τῶν
507 4962 755 5016 Λατίνων
810 4962 932 5016 τότε
980 4962 1565 5031 ύπεραπολογούμενος
1614 4960 1869 5031 ἀρχιεπί-

292 5070 495 5117 σκοπος
547 5052 728 5107 Ῥόδου
757 5054 786 5107 ὁ
814 5055 926 5124 φρὲι
956 5053 1214 5123 ’Λνδρὲας
1243 5057 1305 5108 ἐκ
1335 5053 1446 5106 τῶν
1476 5052 1737 5121 Πράξεων
1771 5052 1869 5121 τῆς

289 5141 332 5206 ζ’
369 5138 594 5197 συνόδου
648 5145 705 5197 ἐν
746 5144 939 5214 βιϐλίῳ
984 5144 1293 5207 Λατινικῶς
1343 5143 1738 5214 γεγραμμένῳ,
1787 5142 1870 5195 ὅτι

289 5236 346 5289 10
378 5236 607 5308 Πνεῦμα
635 5237 699 5290 ἐκ
727 5235 823 5291 τοῦ
851 5236 1065 5308 Πατρός
1090 5236 1185 5289 καλ⁵
1212 5235 1343 5291 Υίοῦ
1368 5235 1748 5305 ἐκπορεύεται,
1777 5232 1871 5286 καὶ

286 5328 449 5395 ἡμεῖς
484 5326 696 5382 πλατὺν
734 5328 1078 5397 ἐγελάσαμεν
1116 5326 1354 5396 γέλωτα.
1398 5326 1464 5379 Ἦ
1494 5326 1601 5395 γὰρ
1629 5323 1724 5379 τοῦ
1759 5324 1873 5377 Τα-

291 5418 484 5488 ρασίου
510 5418 772 5491 ὁμολογία
801 5422 920 5483 ταῖς
944 5418 1216 5490 Πράξεσιν
1239 5419 1535 5488 ἐγκειμένη
1563 5419 1628 5470 ἐκ
1662 5416 1875 5489 [ἰατρὸς

288 5510 358 5562 δι’
389 5509 528 5564 Υίοῦ
574 5510 723 5579 λέγει
780 5510 1205 5580 ἐκπορεύεσθαι,
1247 5511 1347 5563 οὐκ
1404 5511 1467 5563 ἐκ
1513 5502 1724 5578 [Ιατρὸς
1780 5511 1877 5561 καὶ

296 5602 451 5655 Υἱοῦ.
492 5603 658 5657 Ὅθεν
688 5604 784 5657 καὶ
816 5604 1183 5667 αἰδεσθέντες,
1217 5603 1569 5670 κατέγνωσαν
1600 5604 1755 5655 αὐτοὶ
1783 5602 1874 5655 τοῦ

296 5695 558 5766 ῥηθέντος
588 5696 891 5749 ἐπισκόπου
931 5696 1026 5748 καὶ
1062 5694 1353 5761 ἐξέϐαλλον
1381 5692 1476 5747 τοῦ
1514 5694 1653 5762 ὑπὲρ
1698 5694 1877 5748 αὐτῶν

293 5789 665 5858 διαλέγεσθαι.
699 5784 807 5843 Ἦν
837 5789 891 5841 δὲ
920 5787 978 5841 10
1008 5787 1213 5855 βιϐλίον
1247 5788 1421 5840 ἐκεῖνο
1447 5784 1589 5840 οὓτω
1630 5800 1877 5856 γεγραμ-

1968 4581 2132 4645 αὒτδς
2178 4568 2411 4642 ἕκαστος
2445 4573 2569 4633 εἶπε
2620 4576 2824 4646 μᾶλλον
2877 4575 2910 4646 ἢ
2949 4573 3024 4637 ὡς
3071 4574 3122 4625 οἱ
3179 4570 3399 4631 πλείους
3443 4566 3553 4619 τῶν

1972 4674 2168 4743 ἁγίων,
2217 4673 2250 4742 ἢ
2303 4673 2380 4734 ὡς
2416 4672 2472 4724 αἱ
2523 4670 2758 4734 σύνοδοι,
2793 4669 2827 4739 ἢ
2868 4668 2945 4729 ὡς
2991 4662 3320 4734 ὼριμωτέρα
3359 4658 3554 4728 σκέψις

1970 4767 2079 4819 τῶν
2109 4763 2286 4819 ταῦτα
2313 4761 2681 4828 ἐξεταζόντων
2712 4754 3149 4826 πληροφοροῦσιν
3182 4754 3254 4821 ἡμ
3267 4752 3349 4811 ἅς.
3367 4747 3555 4810 Οὕτως

1970 4859 2001 4913 ὁ
2033 4860 2205 4929 μέγας
2236 4856 2535 4927 Γρηγόριος
2557 4856 2585 4907 0
2608 4848 3039 4921 Θαυματουργὸς
3064 4841 3220 4898 εἶπεν
3249 4846 3309 4895 ὲν
3340 4838 3555 4894 ἐκθέσει

1970 4953 2069 5023 τῆς
2113 4951 2368 5013 πίστεως,
2425 4949 2508 5000 ὁτι
2537 4947 2565 4998 ὁ
2596 4944 2786 5014 Πατὴρ
2830 4939 2925 4994 καὶ
2968 4941 2995 4992 ὁ
3032 4937 3159 5001 Υίὸς
3207 4932 3423 5004 ἐπινοίᾳ
3457 4935 3557 5003 μέν

1973 5048 2082 5100 εἱσι
2112 5043 2226 5107 δύο,
2264 5039 2565 5095 ὑποστάσει
2611 5037 2670 5090 δὲ
2700 5037 2779 5091 ἓν.
2819 5036 2928 5088 Καὶ
2978 5032 3285 5097 ἐξαιτιᾶται
3326 5028 3488 5081 αὑτὸν
3530 5030 3557 5081 0

1978 5142 2156 5210 μέγας
2203 5134 2487 5190 Βασίλειος
2522 5133 2581 5185 ἐν
2618 5132 2733 5194 τοῖς
2765 5126 3174 5197 Ἀσκητικοῒς,
3207 5126 3290 5179 ὅτι
3328 5124 3389 5176 οὐ
3438 5122 3559 5189 δογ-

1981 5230 2229 5303 ματικῶς
2258 5223 2381 5281 εἶπε
2410 5224 2590 5293 τοῦτο,
2629 5222 2746 5279 ἀλλ’
2781 5219 3183 5291 ἀγωνιστικῶς.

2059 5323 2121 5375 '0
2174 5320 2335 5384 αὐτὸς
2383 5319 2440 5371 δὲ
2475 5318 2759 5377 Βασίλειος
2810 5314 2905 5368 καί
2953 5313 3085 5382 περὶ
3136 5306 3413 5362 Διονυσίου
3466 5304 3559 5359 τοῦ

1990 5411 2403 5482 Ἀλεξανδρείας
2430 5410 2526 5462 καὶ
2554 5407 2833 5479 μάρτυρός
2881 5420 3073 5475 φησιν,
3105 5402 3189 5454 ὅτι
3223 5417 3241 5449 ι
3270 5399 3346 5452 Οὑ
3382 5396 3557 5450 πάντα

1981 5506 2082 5558 θαυ
2093 5503 2357 5573 μάζομεν’
2372 5501 2467 5554 τοῦ
2491 5500 2685 5570 ἀνδρός
2710 5515 2723 5529 ·
2770 5495 2887 5550 ἀλλ’
2914 5495 3065 5547 ἐστιν
3093 5491 3130 5545 ἂ
3155 5491 3249 5543 καὶ
3279 5486 3562 5544 παντελῶς

1979 5597 2382 5667 διαγράφομεν·
2418 5594 2604 5664 σχεδὸν
2635 5592 2745 5661 γὰρ
2773 5588 3006 5654 ταυτησὶ
3035 5586 3132 5653 τῆς
3168 5580 3264 5637 νῦν
3303 5581 3555 5652 θρυλλου⁸

1983 5691 2152 5760 μένης
2182 5687 2459 5751 ἀσεϐείας,
2487 5687 2587 5755 τῆς
2615 5684 2755 5738 κατά
2779 5683 2871 5736 τὸν
2904 5678 3185 5749 ’Λνόμοιον
3209 5676 3373 5744 λέγω,
3406 5673 3563 5735 οὗτός

1981 5787 2151 5850 ἐστιν,
2183 5783 2283 5835 ὅσα
2314 5799 2374 5849 γε
2411 5781 2567 5848 ἡμεῖς
2608 5779 2788 5847 ἴσμεν,
2829 5776 2855 5827 ὁ
2905 5772 3117 5842 πρῶτος
3152 5769 3463 5839 ἀνθρώποις
3495 5766 3562 5821 τὰ
