3940 6452
287 282 393 344 705

1192 282 1292 343 DE
1335 282 1860 346 PROCESSIONE
1895 286 2257 350 SPIRITUS
2298 290 2569 351 SANCTI

3366 306 3370 309 '
3447 293 3555 357 7θῦ

286 400 414 467 ὅλης
441 397 534 465 τῆς
569 395 823 466 θεότητος
871 397 1020 451 αἰτία
1066 398 1199 469 πρός
1229 415 1281 452 τι
1313 400 1639 470 ἐξωτερικόν
1669 401 1864 457 ἀποτέ-
1893 403 1942 462 Α
1973 403 2148 456 καίτοι
2173 404 2386 474 προσῆν
2414 405 2480 458 ἂν
2506 405 2582 475 τῷ
2617 403 2746 474 Υίῷ,
2776 406 2822 457 εἰ
2859 403 2935 476 μὴ
2970 403 3127 459 τοῦτο
3163 405 3389 463 ἐκώλυε.
3427 408 3554 470 Καὶ,

288 489 484 557 λεσμα,
510 490 606 542 καὶ
629 489 990 558 Δύγουστῖνός
1015 505 1170 559 φησι,
1197 493 1289 546 καὶ
1318 495 1522 563 Θωμᾶς
1541 494 1660 564 μετ’
1684 495 1868 548 αὐτόν.

301 579 444 632 Ἀλλ’
486 579 597 632 οὐδ’
641 580 824 646 ἕξουσι
871 580 967 652 τὴν
1000 584 1374 655 προϐλητικὴν
1428 586 1658 656 δύναμιν
1688 587 1872 659 κοινὴν

290 677 468 747 Πατρὶ
497 677 592 729 καὶ
622 675 738 746 Υἱῷ
764 675 995 742 τιθέναι,
1022 675 1128 740 ἓως
1150 676 1218 733 ἂν
1247 681 1322 749 μὴ
1345 680 1500 750 κοινὴ
1595 680 1673 751 τῷ
1700 681 1871 736 Πνεύ-

294 786 448 842 ματι,
477 769 779 832 Διονυσίου,
807 770 1089 824 Βασιλείου
1108 773 1203 826 καὶ
1234 773 1453 826 πάντων
1471 776 1642 843 ἀγίων
1660 775 1872 843 ἀξιούν-

288 880 398 917 των
428 862 498 915 τὰ
559 862 712 916 κοινά
745 864 920 934 Πατρὶ
974 866 1068 919 καὶ
1098 865 1213 937 Υἱῷ
1247 869 1400 924 κοινά
1457 872 1550 926 καὶ
1589 872 1667 942 τῷ
1700 873 1872 926 Πνεύ-

292 975 422 1026 ματι
450 955 591 1011 εἶναι
619 973 633 989 ·
674 958 952 1029 θεοπρεπῆ
980 962 1087 1032 γάρ
1117 962 1226 1016 είσι
1263 963 1332 1017 τά
1371 963 1617 1030 τοιαῦτα,
1651 968 1745 1019 καὶ
1769 966 1871 1036 τῆς

292 1051 445 1115 θείας
472 1053 692 1121 φύσεως
739 1053 1032 1122 ίδιώματα,
1072 1056 1165 1108 καὶ
1187 1056 1277 1110 διὰ
1303 1056 1462 1111 τοῦτο
1482 1059 1575 1113 καὶ
1599 1059 1661 1112 τι
1697 1060 1871 1124 Πνεῦα

297 1163 371 1215 μα
396 1145 650 1215 μετέχειν
673 1145 854 1198 αὐτῶν
876 1147 1112 1218 ἀνάγκη.
1152 1147 1222 1200 Ἦ
1252 1149 1363 1202 οὐδ’
1384 1149 1450 1203 ἀν
1492 1151 1574 1220 εἴη
1611 1130 1729 1205 δυσί
1759 1170 1873 1205 κοι-

293 1236 378 1301 νὰ,
414 1236 533 1291 ἀλλ’
563 1239 622 1290 ἐν
653 1238 734 1293 ἐν).
767 1238 1045 1309 προσώπῳ
1092 1241 1162 1294 ἂν
1198 1240 1438 1310 ὁρίζοιτο
1467 1243 1647 1311 μόνον,
1692 1245 1780 1297 διὰ
1810 1245 1872 1298 τὸ

295 1333 400 1386 πᾶν
435 1331 469 1383 ὅ
500 1332 576 1401 μὴ
601 1331 996 1401 προσκαλεῖται
1023 1331 1124 1403 τὴν
1140 1333 1293 1387 Θείαν
1315 1335 1499 1404 φύσιν,
1529 1337 1561 1408 ἢ
1587 1337 1687 1400 τὰς
1723 1341 1872 1408 τρεῖς

293 1426 622 1489 ὑποστάσεις
644 1425 918 1498 διείληφεν
946 1427 1028 1480 ἐνὶ
1048 1428 1355 1497 προσήκειν
1392 1429 1540 1498 μόνῳ
1568 1430 1867 1500 προσώπῳ,

289 1515 385 1568 καὶ
421 1515 504 1584 μὴ
533 1515 902 1585 δπερϐαίνειν,
929 1517 1066 1586 μηδὲ
1099 1518 1177 1581 είς
1204 1517 1389 1588 ἕτερον
1412 1520 1788 1588 μεταϐαίνειν,
1823 1523 1870 1575 εί

291 1604 368 1676 μὴ
394 1605 552 1676 μέλοι
584 1605 681 1660 καὶ
721 1606 852 1668 δυάς
903 1603 1044 1662 εἶναι
1075 1607 1136 1661 τὸ
1177 1608 1310 1678 παρ’
1349 1612 1506 1679 ήμῶν
1533 1611 1873 1683 λατρευόμε-

287 1715 395 1752 νον.
429 1698 509 1750 Τὸ
529 1698 585 1751 δὲ
616 1697 795 1767 λέγειν
824 1699 900 1763 ώς
931 1700 1023 1752 καὶ
1053 1700 1115 1752 τὸ
1146 1701 1439 1774 ἀγέννητον
1487 1709 1579 1757 καὶ
1605 1707 1666 1757 τὸ
1695 1706 1872 1759 αίτια-

286 1790 375 1844 τον
410 1791 541 1846 δυσὶ
571 1791 888 1862 προσώποις
913 1792 1174 1863 ἑκάτερον
1230 1795 1453 1866 προσὸν,
1483 1796 1542 1850 ού
1576 1796 1743 1851 δυάδα
1773 1798 1873 1869 τὴν

288 1884 548 1956 ὑπερφυᾶ
569 1885 788 1956 ἐκείνην
829 1885 1024 1940 Ἐνάδα
1065 1888 1160 1942 καὶ
1190 1889 1398 1958 Τριάδα
1431 1891 1576 1942 ποιεῖ
1612 1891 1749 1963 πρὸς
1780 1893 1874 1946 τὸν

289 1974 448 2044 λόγον
473 1974 628 2029 οὐδέν
653 1991 668 2006 ο
703 1977 764 2030 οὐ
815 1977 924 2048 γὰρ
949 1979 1129 2032 ἔοικεν
1157 1979 1345 2034 ἐκεῖνα
1377 1980 1456 2050 τῷ
1504 1981 1833 2051 προϐάλλειν
1853 1998 1868 2012 ·

289 2069 350 2123 τὺ
377 2070 478 2140 μὲν
504 2070 615 2142 γὰρ
647 2071 894 2126 αίτιατὸν
925 2071 1295 2142 κατηγόρημὰ
1321 2073 1438 2127 ἐστι
1470 2073 1652 2141 μόνον,
1755 2093 1869 2129 κοι-

290 2163 377 2215 νόν
425 2164 578 2216 ἐστιν
598 2204 614 2228 ,
736 2163 793 2218 δὲ
823 2164 968 2234 έργῳ
997 2165 1148 2218 ἐστὶν
1183 2165 1240 2218 ὲν
1269 2165 1383 2236 Υἱῷ
1435 2169 1532 2219 καὶ
1563 2168 1862 2236 Πνεύματι,

290 2256 550 2326 γεννητόν
600 2258 718 2311 ἐστι
768 2260 864 2311 καὶ
889 2259 1250 2328 ἐκπορευτὸν,
1282 2261 1377 2314 δύο
1423 2261 1553 2314 ὄντα
1583 2261 1681 2316 καὶ
1734 2261 1867 2316 είδει

286 2349 611 2418 διαφέροντα
636 2365 649 2380 ·
685 2350 745 2403 τὸ
770 2339 836 2404 δὲ’
861 2351 1193 2423 προϐάλλειν
1224 2355 1458 2424 πρᾶγμα
1502 2354 1562 2407 ἓν
1602 2357 1660 2409 ἐν
1689 2357 1867 2427 Πατρὶ

288 2445 383 2497 καί⁸
413 2443 529 2512 Υἱῷ
581 2445 799 2498 Λατῖνοι
832 2445 1073 2513 λέγουσι,
1110 2448 1206 2500 καὶ
1239 2447 1372 2518 μίαν
1416 2451 1706 2520 ἐνέργειαν
1732 2452 1865 2505 εῖδει

284 2551 343 2588 τε
369 2537 466 2589 καὶ
490 2537 729 2607 ἀριθμῷ.
771 2539 957 2609 Πολλῷ
984 2541 1043 2593 δὲ
1081 2541 1284 2596 πλείων
1326 2544 1564 2616 διαφορὰ
1612 2546 1863 2598 ἐναντίου

281 2644 344 2680 τε
365 2630 461 2680 καὶ
493 2629 849 2704 ἐκπορευτοῦ,
887 2628 967 2694 οἷς
995 2634 1173 2685 κοινόν
1203 2651 1277 2700 τι,
1305 2635 1419 2687 ἀλλ’
1447 2637 1544 2706 οὐχ
1579 2639 1655 2700 ώς
1697 2655 1862 2691 συνωο

285 2720 482 2789 νύμοις
527 2720 861 2774 ἐπιτέθειται
886 2723 1058 2793 ὄνομα
1095 2725 1198 2778 ὑπό
1233 2744 1396 2780 τινων
1437 2727 1498 2780 τὸ
1531 2729 1858 2800 ἀγέννητον·

285 2809 363 2869 ὡς
391 2809 446 2862 εῐ
474 2826 558 2870 τις
587 2809 735 2863 λίθον
753 2827 813 2863 τε
844 2812 938 2864 καὶ
974 2812 1140 2866 ἵππον
1160 2813 1355 2882 ἄλογον
1385 2814 1650 2886 ὀνομάζῃ,
1672 2817 1735 2870 τὸ
1759 2815 1860 2886 μὲν

283 2897 365 2957 ὅτι
405 2902 629 2972 μετέχει
656 2902 754 2973 τῆς
785 2904 1173 2976 ἀντικειμένης
1217 2906 1363 2977 λόγῳ
1397 2907 1680 2979 διαφορᾶς,
1723 2907 1783 2961 τὸ
1811 2907 1860 2960 δ’

283 2997 366 3050 ὅτι
401 2997 495 3050 καὶ
544 2993 640 3048 τοῦ
698 2996 890 3064 γένους
937 2998 1116 3067 πάντη
1152 2999 1508 3071 κεχώρισται,
1563 3003 1657 3054 καὶ
1685 3002 1762 3066 ὠς
1793 3003 1859 3059 ἄν

283 3105 366 3154 τις
395 3087 564 3151 εἴποι,
613 3085 675 3141 τδ
721 3089 822 3158 μὲν
851 3090 1478 3180 στερητικῶς-,θάτερον
1500 3091 1558 3145 δὲ
1589 3093 1864 3162 ἀποφατι-
1893 3115 1939 3180 c

286 3182 396 3244 κῶς
413 3197 431 3216 ·
457 3177 655 3235 ούκοῦν
701 3179 1025 3250 προσωπικὴ
1058 3179 1158 3247 μὲν
1185 3176 1322 3235 οῦσα
1355 3181 1453 3250 μία
1476 3182 1558 3235 ἐνὶ
1581 3185 1863 3252 προσώπῳ

286 3275 588 3346 προσέσται
635 3271 715 3343 τῷ
764 3273 1051 3343 πατρικῷ,
1101 3275 1200 3344 τῆς
1236 3275 1453 3342 φύσεως
1491 3274 1548 3328 δὲ
1594 3273 1729 3328 οὖσα
1761 3275 1861 3344 μία

289 3367 621 3437 ίδιότης,μιᾷ
651 3367 715 3435 τῇ
742 3364 861 3436 θείᾳ
883 3363 1049 3434 φύσει
1071 3366 1393 3435 προσέσται.
1413 3365 1574 3418 Ἀλλά
1598 3366 1657 3419 τὸ
1675 3367 1861 3420 δεύτε-

283 3476 376 3531 ρον
405 3459 675 3513 ἀδύνατον
695 3457 789 3512 τοῦ
819 3457 1142 3529 Πνεύματος
1171 3458 1338 3513 ἕνεκα
1366 3473 1382 3490 ο
1411 3459 1472 3511 τὸ
1503 3458 1719 3533 πρῶτον
1752 3461 1860 3530 ἄρα

281 3552 504 3622 ἀληθές.

351 3648 452 3700 Ἦν
487 3646 548 3698 δέ
577 3663 719 3710 τινες
755 3645 1053 3716 ἐπενόησαν
1100 3644 1210 3698 τῶν
1242 3646 1611 3716 προσωπικῶν
1641 3645 1855 3720 διάκρι-

282 3755 387 3808 σιν,
412 3739 514 3794 καὶ
547 3738 688 3807 αὕτη
716 3740 1003 3808 σοφιστική
1034 3738 1238 3802 ἐστι,τδ
1273 3737 1612 3809 ζητούμενον
1637 3739 1854 3792 τιθεῖσα

274 3832 348 3896 ὡς
371 3831 578 3902 ἀρχὴν,
617 3832 708 3883 καὶ
735 3829 934 3891 ἄτοπος
969 3829 1095 3882 καθ’
1127 3829 1322 3898 αὐτὴν,
1352 3829 1448 3882 καὶ
1481 3828 1694 3882 πολλῶν
1727 3829 1856 3882 ἀτό-

277 3944 391 3979 πων
429 3925 606 3996 ἀρχὴ,
635 3923 710 3986 ώς
741 3923 799 3974 ἐν
823 3919 1004 3985 ἀλλοις
1051 3921 1378 3990 ἐλήλεγκται
1399 3937 1414 3953 ⁸
1465 3921 1745 3975 τουτέστιν
1771 3921 1854 3974 ὅτι

207 4081 224 4092 ,
277 4020 382 4072 τῶν
407 4017 784 4089 προσωπικῶν
830 4015 900 4068 τά
947 4014 1045 4083 μὲν
1101 4013 1466 4079 ὑποστατικά,
1524 4015 1592 4066 τά
1630 4013 1687 4067 δὲ
1719 4014 1854 4066 ύπο-

283 4113 465 4166 στάντι
495 4110 573 4180 τῷ
604 4108 882 4180 προσώπῳ
907 4108 1167 4176 ἑπόμενα,
1193 4106 1268 4169 ώς
1291 4105 1563 4176 ἀνθρώπῳ
1584 4106 1851 4174 δηλονότι,

281 4206 340 4257 τὸ
386 4207 482 4273 μὲν
523 4204 758 4268 λογικὸν,
791 4201 852 4254 τὸ
900 4202 957 4254 δὲ
1014 4201 1356 4269 γελαστικιῦν.
1400 4200 1509 4252 Καὶ
1565 4200 1674 4269 μὴν
1731 4199 1853 4252 οὐδὲ

281 4292 494 4346 ἐπειδάν
515 4290 766 4357 λέγωσιν,
793 4289 868 4352 ὡς
893 4291 1103 4360 προσῆν
1132 4291 1200 4343 ἂν
1226 4289 1305 4358 τῷ
1340 4289 1615 4358 Πνεύματι
1637 4287 1699 4340 τὸ
1721 4305 1853 4359 προ-

282 4384 517 4448 ϐάλλειν,
554 4383 604 4435 εί
638 4382 714 4454 μὴ
744 4382 985 4436 ἐναντίον
1009 4378 1076 4453 ἦν
1108 4380 1198 4451 τῷ
1215 4380 1383 4435 αὑτοῦ
1438 4381 1604 4451 λόγῳ,
1658 4379 1848 4434 λύουσι

1975 492 2051 557 ὡς
2083 493 2252 558 ἔοικε,
2304 495 2392 548 διὰ
2425 494 2488 548 τδ
2523 495 2598 566 μὴ
2633 498 2728 550 καὶ
2768 495 2829 550 τὸ
2862 497 3087 567 Πνεῦμα
3121 498 3392 568 προϐολέα
3419 491 3559 554 εἶναι

1975 585 2050 648 ὡς
2084 587 2370 658 ἀδύνατρν,
2403 587 2749 659 συγχωροῦσι
2787 589 2879 642 τὸν
2913 590 3042 644 Υίδν
3091 591 3360 660 προϐολέα
3395 591 3558 660 εἶναι,

1975 674 2034 731 εὖ
2068 681 2244 734 ἐκεῖνο
2277 681 2566 735 ἀκολουθεῖ
2615 683 2876 746 ἐναντίως
2913 685 3046 739 πολὺ
3080 688 3192 750 τοῖς
3224 687 3332 740 τῶν
3385 686 3562 754 λόγων

1975 773 2180 842 νόμοις.
2208 775 2337 828 Δέον
2375 774 2577 844 μᾶλλον
2621 777 2967 838 ὄτιτεθέντος
2991 779 3088 850 τὴν
3126 775 3255 834 Υἰὸν
3290 781 3560 850 προϐολέα

1975 861 2137 930 εἶναι,
2166 868 2362 921 δεῖκαὶ
2392 867 2452 921 τὸ
2501 868 2726 941 Πνεῦμα
2777 869 3018 925 τοιοῦτον
3051 867 3213 934 εἶναι,
3249 872 3386 943 ὅπερ
3430 872 3559 926 ἀδύ-

1976 977 2154 1024 νατον,
2187 961 2407 1015 κάκεῖνο
2440 962 2706 1017 ἀδύνατον
2735 963 3146 1040 ὑπολαμϐάνειν
3177 959 3222 1034 ᾧ
3255 965 3404 1018 τοῦθ’
3431 965 3561 1018 ’ἑπε-

1975 1068 2084 1106 ται.

2045 1144 2156 1214 Τὴν
2199 1144 2246 1198 δ’
2268 1146 2592 1202 ἀκολουθίαν
2623 1150 2684 1201 ού
2727 1148 2888 1216 μόνον
2933 1151 2960 1202 ό
2991 1137 3088 1219 τῆς
3117 1150 3356 1213 πίστεως
3401 1152 3559 1220 λόγος

1977 1239 2208 1310 βεϐαιοῖ,
2247 1241 2343 1294 καὶ
2393 1243 2442 1295 οἱ
2483 1242 2794 1296 διδάσκαλοι
2826 1241 3016 1296 τοῦτον
3055 1244 3374 1312 τηροῦντες,
3421 1244 3560 1297 ἀλλᾶ

1974 1334 2069 1385 καὶ
2102 1332 2255 1386 αὐτοὶ
2281 1333 2500 1386 Λατῖνοι
2533 1334 3041 1405 συμμαρτυροῦσιν,
3071 1334 3105 1404 ἦ
3154 1354 3206 1389 τι
3229 1335 3435 1406 ἀλλο,ἢ
3469 1337 3560 1388 ἐν-

1973 1424 2224 1478 διδόντων
2252 1427 2370 1479 ἐστὶ
2393 1428 2458 1496 τῇ
2487 1426 2781 1498 ἀκολουθίᾳ
2811 1427 2871 1479 τὸ
2900 1427 3101 1496 λέγειν,
3135 1428 3218 1480 ὅτι
3245 1426 3455 1495 προσῆν
3489 1424 3556 1479 ἂν

1976 1516 2178 1586 καὶτῷ
2210 1517 2486 1586 Πνεύματι
2518 1517 2579 1570 τὸ
2623 1519 2970 1588 προϐάλλειν,
3024 1519 3072 1571 εί
3127 1517 3205 1589 μὴ
3240 1518 3478 1571 ἐκώλυεν
3523 1521 3555 1586 ἡ

1974 1609 2066 1662 τοῦ
2123 1609 2438 1678 Πνεύματος
2478 1610 2700 1681 ἰδιότης.
2746 1611 2889 1664 Ἀλλ’
2919 1613 3052 1681 ἡμῖν
3096 1611 3247 1666 οὐδὲν
3289 1611 3556 1680 διαφέρει,

1975 1701 2086 1755 εἴτε
2115 1701 2202 1755 διὰ
2231 1702 2434 1769 ταύτην
2466 1703 2563 1771 τὴν
2583 1703 2784 1771 αἰτίαν,
2808 1703 2917 1757 εἴτε
2946 1703 3012 1756 δι’
3034 1703 3230 1774 ἑτέραν
3253 1702 3560 1755 κεκώλυται

1981 1792 2076 1844 καὶ
2100 1792 2380 1856 ἀδυνάτως
2398 1792 2511 1862 ἔχει
2540 1793 2646 1857 ἕως
2665 1793 2730 1848 ἂν
2760 1793 3000 1848 τοιοῦτόν
3033 1811 3095 1863 γε
3119 1788 3177 1865 ᾖ,
3207 1791 3345 1862 πρὸς
3372 1792 3432 1846 τὸ
3459 1794 3560 1846 κά-

1981 1885 2127 1938 κεῖνο
2154 1884 2324 1952 δεῖξαι
2361 1886 2624 1940 ἀδύνατον
2669 1882 2714 1956 ᾧ
2743 1886 2890 1940 τοῦθ’
2916 1887 3130 1940 ἕπεται.
3159 1887 3220 1939 El
3253 1886 3309 1940 δὲ
3353 1885 3562 1954 λέγοιεν

1979 1974 2196 2028 Λατῖνοι
2244 1977 2328 2030 ὄτι
2362 1977 2502 2047 πλὴν
2537 1977 2628 2031 τοῦ
2683 1978 3009 2048 προϐάλλειν
3059 1977 3248 2032 ἐνόουν
3297 1979 3345 2031 οί
3386 1978 3554 2045 ἅγιοι,

1976 2067 2178 2139 ψευδὴς
2233 2071 2266 2141 ἡ
2323 2070 2582 2135 ὑπόνοια,
2618 2071 2926 2125 τούναντῖον
2961 2083 3091 2142 γάρ,
3141 2071 3312 2141 μόνην
3369 2071 3552 2141 πηγὴν

1975 2162 2068 2216 τὸν
2090 2163 2310 2232 Πατέρα
2347 2164 2441 2216 καὶ
2469 2165 2632 2233 μόνον
2685 2166 2858 2217 αῐτιον
2891 2165 3133 2233 λέγουσι,
3167 2165 3260 2218 καὶ
3295 2162 3464 2217 πάντα
3485 2165 3553 2216 τά

1978 2256 2191 2327 Πατρός
2235 2257 2378 2325 ἔχειν
2410 2256 2498 2308 τὸν
2528 2256 2654 2309 Υἱὸν
2686 2257 2830 2328 πλὴν
2872 2257 2974 2327 τῆς
3023 2259 3225 2322 αίτίας,
3258 2259 3354 2311 καὶ⁸
3381 2257 3553 2310 πολλά

1974 2349 2198 2402 τοιαῦτα
2227 2348 2295 2402 δι’
2323 2341 2397 2403 ὧν
2412 2349 2752 2405 δεικνύουσιν
2769 2350 2827 2401 οὐ
2851 2347 3166 2418 βουλόμενοι
3197 2351 3377 2405 κοινὸν
3412 2348 3554 2404 εἶναι

1975 2439 2150 2509 Πατρὶ
2181 2440 2277 2493 καὶ
2336 2440 2443 2511 Υἱῷ
2487 2440 2550 2494 τὸ
2605 2441 2954 2512 προϐάλλειν.
3013 2442 3126 2495 Ούκ
3160 2442 3445 2496 ἐϐούλοντο
3471 2443 3550 2507 δὲ,

1971 2531 2053 2583 ὅτι
2082 2531 2280 2601 ᾔδεσαν
2311 2531 2386 2595 ὡς
2415 2515 2626 2603 ἀνάγκη
2662 2532 2822 2586 τοῦτο
2850 2535 2942 2586 καὶ
2967 2533 3049 2604 τῷ
3087 2535 3364 2603 Πνεύματι
3412 2534 3555 2588 οὕτω

1971 2624 2188 2694 δοθῆναι
2239 2623 2304 2677 ἂν
2339 2629 2470 2694 παρ’
2503 2625 2705 2690 αὐτῶν,
2736 2626 2824 2679 διὰ
2860 2626 2920 2680 τὸ
2962 2629 3146 2682 πᾶσαν
3183 2627 3470 2696 ἐνέργειαν
3497 2629 3556 2680 έν

1969 2718 2083 2781 τοῖς
2129 2715 2292 2780 θείοις
2343 2717 2418 2788 μὴ
2461 2716 2789 2787 ὁριζομένην
2834 2720 2893 2772 ἐν
2946 2720 3227 2788 προσώπῳ
3277 2719 3377 2781 ἐνὶ,
3441 2719 3555 2771 ἀλλ’

1972 2808 2405 2879 ὕπερϐαίνουσαν
2440 2809 2576 2879 πρὸς
2631 2809 2762 2878 ὃλην
2810 2809 2908 2877 τὴν
2937 2808 3087 2862 θείαν
3119 2809 3282 2879 φύσιν
3315 2809 3553 2863 ἐκτείνε-

1971 2901 2116 2967 σθαι,
2153 2903 2248 2956 καὶ
2275 2905 2394 2965 ταῖς
2422 2903 2601 2972 τρισὶν
2633 2901 2995 2954 ὑποστάσεσιν
3026 2896 3166 2954 εἶναι
3196 2903 3395 2956 κοινόν.
3433 2904 3545 2955 Καὶ

1969 2990 2127 3054 αὖθις
2157 2991 2206 3044 εί
2251 2993 2411 3058 φαῖεν
2462 2991 2544 3043 ὄτι
2595 2991 2656 3044 τὸ
2706 2990 2931 3061 Πνεῦμα
2983 2992 3197 3062 Πατρὸς
3244 2989 3406 3057 εἶναι,
3455 2997 3551 3046 καὶ

1970 3083 2196 3154 Πνεῦμα
2247 3081 2380 3136 Υίοῦ
2433 3078 2595 3149 εἶναι,
2632 3085 2813 3138 κοινόν
2867 3090 2984 3138 ἐστι
3019 3087 3190 3148 δήπου
3231 3087 3406 3157 Πατρὶ
3459 3091 3552 3140 καὶ

1974 3176 2109 3248 Υίῷ,
2150 3177 2265 3230 ἀλλ’
2289 3177 2351 3232 ού
2383 3179 2478 3232 καὶ
2523 3177 2600 3248 τῷ
2625 3177 2924 3250 Πνεύματι,
2953 3183 3012 3234 ού
3042 3182 3150 3252 γάρ
3177 3183 3325 3236 ἐστιν
3355 3183 3550 3238 ἑαυτοῦ

1971 3267 2032 3321 τὸ
2084 3269 2331 3338 Πνεῦμα,
2385 3269 2670 3324 καὶτοῦτο
2705 3271 2884 3342 μάτην
2939 3271 3178 3342 ἐροῦσιν.
3214 3276 3276 3328 EE
3303 3275 3404 3346 μὲν
3439 3277 3549 3349 γάρ

1971 3361 2179 3414 ἐκεῖνον
2206 3359 2454 3428 λέγουσιν
2496 3360 2691 3426 οὕτως,
2723 3361 2799 3424 ώς
2827 3361 2886 3426 ἐξ
2923 3364 3127 3433 ἀμφοῖν
3161 3365 3255 3418 τοῦ
3285 3367 3542 3437 Πνεύμα-

1969 3467 2061 3514 τος
2090 3450 2554 3522 προϐαλλομένοῦ,
2578 3451 2639 3505 τό
2666 3469 2725 3505 τε
2767 3451 3101 3524 ζητούμενον
3132 3451 3292 3520 αὖθις
3313 3444 3547 3528 ’λαμϐά-

1969 3559 2140 3606 νουσι,
2178 3544 2271 3596 καὶ
2304 3543 2428 3607 τοὺς
2468 3544 2645 3597 ἐκεῖνο
2697 3544 2950 3610 είπόντας
2988 3549 3427 3620 παρεξηγοῦνται
3453 3569 3469 3585 ο
3500 3550 3549 3605 εἰ

1966 3633 2022 3688 δὲ
2059 3634 2285 3704 Πνεῦμα
2324 3635 2450 3690 Υίοῦ
2480 3635 2700 3706 λέγεται
2733 3639 2799 3708 τῇ
2830 3639 3042 3710 Γραφῇ,
3074 3641 3151 3704 ώς
3180 3643 3376 3696 ταυτὸν
3407 3648 3548 3698 κατά

1966 3730 2128 3798 φύσιν
2175 3729 2252 3798 τῷ
2306 3728 2421 3799 Υἱῷ
2456 3731 2548 3782 καὶ
2583 3730 2890 3798 όμοούσιον,
2932 3733 3076 3787 οὕτω
3119 3735 3228 3805 γὰρ
3261 3737 3465 3800 πάντες
3495 3741 3545 3790 οί

1967 3825 2104 3894 ίεροὶ
2149 3822 2487 3893 ἐξηγοῦνται,
2520 3823 2613 3898 τοῦ
2649 3824 2864 3900 Πατρὸς
2899 3827 2956 3878 δέ
2987 3844 3172 3894 φασιν,
3223 3829 3299 3892 ώς
3351 3832 3415 3884 ἐκ
3444 3831 3540 3883 τοῦ

1965 3917 2177 3988 Πατρός
2234 3917 2704 3986 ἐκπορευόμενον
2763 3918 2863 3970 οὐκ
2914 3919 2990 3972 ἔτ’
3020 3918 3087 3973 ἀν
3135 3922 3230 3975 καὶ
3257 3922 3336 3989 τῷ
3371 3925 3542 3978 Πνεύ-

1965 4026 2098 4079 ματι
2117 4007 2202 4078 εἴη
2237 4009 2439 4071 κοινὸν,
2474 4008 2530 4060 εί
2556 4025 2618 4077 γε
2643 4008 2738 4061 καὶ
2767 4010 2824 4062 ὲν
2853 4010 3084 4073 ἐκείνοις
3115 4013 3230 4064 ἐστὶ
3259 4014 3542 4084 διάφορον,

1961 4103 2042 4156 ὅτι
2072 4099 2166 4153 τοῦ
2199 4100 2410 4170 Πατρὺς
2464 4099 2562 4168 μὲν
2617 4103 2832 4171 εἴρηται
2865 4098 3003 4156 εἶναι
3035 4102 3110 4167 ὡς
3141 4105 3200 4171 ἐξ
3221 4105 3411 4175 αὐτοῦ,
3443 4107 3540 4164 τοῦ

1962 4191 2093 4247 Υίοῦ
2125 4192 2182 4246 δὲ
2214 4193 2289 4257 ὡς
2315 4191 2662 4263 ᾡκειωμένον
2695 4196 2836 4248 κατά
2867 4195 3028 4265 φύσιν
3055 4189 3227 4269 αὐτῷ,

2031 4286 2095 4339 Εί
2129 4286 2186 4338 δέ
2225 4302 2309 4348 τις
2336 4285 2432 4339 καλ⁸
2457 4286 2518 4340 τὸ
2557 4287 2773 4358 Πατρός
2802 4284 2946 4342 εἶναι
2976 4289 3229 4359 λέγεσθαι
3263 4293 3363 4365 τὴν
3397 4297 3540 4352 κατὰ

1957 4377 2122 4446 φύσιν
2154 4378 2382 4449 ἑνότητα
2425 4377 2621 4450 δηλοῦν
2677 4379 2924 4450 βούλοιτο
2981 4380 3084 4453 τῆς
3133 4386 3316 4451 αίτίας
3361 4387 3442 4458 τῷ
3474 4388 3541 4442 ἐκ

281 4477 481 4544 μᾶλλον
510 4477 610 4548 τὴν
637 4477 868 4545 ἀπορίαν
907 4475 1001 4528 καὶ
1036 4473 1314 4544 φεύγουσι·
1341 4472 1399 4528 τὸ
1437 4473 1546 4544 γάρ
1577 4474 1652 4545 μὴ
1688 4490 1852 4544 προσ·
1883 4480 1928 4536 ι)
1963 4473 2174 4542 Πατρός
2208 4473 2638 4544 σημαινομένης,
2666 4475 3057 4546 συγχωροῦμεν
3081 4477 3162 4531 ὃτι
3207 4483 3390 4534 κοινόν
3419 4486 3540 4536 ἐστι

280 4572 416 4622 εῖναι
469 4569 553 4639 τῷ
589 4569 866 4639 Πνεύματι
916 4567 995 4637 τῷ
1028 4567 1355 4639 προϐάλλειν
1408 4569 1502 4620 καὶ
1553 4567 1614 4620 τὸ
1655 4567 1849 4620 τούτου

278 4661 446 4716 αίτιον
482 4662 758 4729 λέγουσιν.
813 4660 1004 4725 Ὅπως
1035 4660 1094 4714 δὲ
1135 4661 1324 4713 τούτου
1387 4660 1559 4724 οὕτως
1611 4659 1848 4732 ἔχοντος,

279 4751 485 4806 ἐνέσται
527 4754 620 4804 καὶ
641 4752 718 4821 τῷ
750 4751 865 4822 Υἱῷ
909 4753 971 4805 τὸ
1002 4751 1328 4822 προϐάλλειν
1371 4755 1510 4821 μετά
1541 4752 1752 4821 Πατρός
1786 4751 1848 4804 ού

275 4843 525 4911 λέγουσιτ
560 4845 804 4897 τουτέστι
837 4844 935 4914 τὴν
965 4845 1064 4913 μὲν
1087 4845 1409 4899 ἀκολουθίαν
1425 4845 1524 4898 ούκ
1545 4844 1848 4915 ἐλέγχουσι,

277 4938 391 5002 πῶς
420 4941 564 5009 γάρ;
596 4942 707 5002 τοῖς
744 4937 853 4990 τῶν
905 4932 1077 5005 ἁγίων
1137 4938 1314 5005 λόγοις
1368 4939 1741 5010 ἐρειδομένην,
1798 4938 1853 4992 οἵ

281 5050 460 5102 φασιν,
509 5037 560 5087 εἴ
622 5052 674 5087 τι
739 5036 916 5089 κοινόν
966 5035 1080 5087 ἐστι
1138 5037 1311 5104 Πατρὶ
1367 5036 1460 5089 καὶ
1510 5035 1648 5106 Υίῷ,
1684 5034 1844 5089 τοῦτο

278 5129 369 5180 καὶ
403 5129 478 5199 τῷ
514 5128 786 5196 Πνεύματι
845 5127 1024 5180 κοινὸν
1068 5123 1241 5180 ε’ίναι⁹
1298 5128 1379 5180 ὅτι
1414 5127 1472 5180 δὲ
1504 5128 1701 5182 ἄτοπόν
1727 5130 1842 5182 ἐστι

276 5221 334 5272 τὸ
366 5224 459 5273 καὶ
483 5221 561 5292 τῷ
586 5220 863 5288 Πνεύματι
909 5219 1066 5273 τοῦτο
1093 5222 1392 5289 προσεῖναι,
1440 5222 1535 5274 καὶ
1587 5223 1712 5275 ὅτου
1746 5223 1843 5292 χά‹

281 5325 380 5378 ριν,
427 5309 615 5381 ὥσπερ
662 5311 792 5380 ἡμῖν
849 5309 1344 5378 συναγωνιζόμενοι
1397 5311 1674 5378 λέγουσιν,
1743 5311 1843 5364 οὐκ

277 5402 472 5465 ειδότες
499 5407 604 5467 ὅτι,
630 5403 822 5474 ὥσπερ
841 5402 919 5474 τῷ
957 5403 1236 5472 Πνεύματι
1259 5404 1339 5474 ,μὴ
1369 5406 1627 5475 πρόσεστι
1653 5405 1741 5458 διὰ
1778 5404 1841 5457 τὸ

278 5495 586 5562 συμϐαίνειν
614 5495 880 5565 μηδαμῶς
904 5495 979 5565 τῷ
1002 5495 1145 5563 λόγῳ
1164 5495 1260 5549 τοῦ
1294 5495 1631 5564 Πνεύματος,
1661 5497 1839 5550 καίτοι

275 5598 334 5650 γε
365 5584 570 5654 προσῆν
597 5584 662 5638 ἂν
687 5585 815 5639 άιευ
839 5583 1053 5649 τούτου,
1071 5584 1244 5648 οὕτως
1273 5586 1394 5638 οὐδὲ
1428 5586 1506 5656 τῷ
1531 5585 1645 5656 Υἱῷ
1666 5589 1839 5656 πρόσο

273 5691 384 5728 εστι
405 5677 491 5730 διὰ
514 5678 572 5730 τὸ
601 5681 848 5748 ἀνάγκην
874 5673 1015 5731 εἶναι
1048 5680 1332 5748 προσεῖναι
1353 5678 1419 5732 ἂν
1441 5682 1534 5733 καὶ
1564 5681 1646 5750 τῷ
1673 5683 1842 5734 Πνεύ-

247 5781 421 5836 μοιτι,
462 5769 510 5822 εί
539 5769 615 5839 τῷ
652 5770 765 5840 Υἱῷ
802 5773 1053 5842 προσείη,
1086 5771 1244 5825 τοῦτο
1289 5771 1346 5826 δὲ
1381 5771 1641 5828 ἀδύνατον
1671 5768 1836 5840 εἶναι,

1952 4566 2125 4636 Πατρὶ
2148 4567 2242 4620 καὶ
2273 4564 2388 4636 Υἱῷ
2414 4567 2473 4620 τὸ
2496 4566 2751 4632 λέγεσθαι
2793 4568 2974 4624 αὐτῶν
3000 4564 3142 4624 εῖναι
3171 4571 3234 4624 τὸ
3268 4573 3492 4643 Πνεῦμα
3523 4592 3537 4604 ο

1950 4656 2094 4711 οὕτω
2121 4657 2177 4711 δὲ
2213 4657 2308 4712 καὶ
2343 4658 2538 4712 ἑαυτοῦ
2573 4655 2719 4711 εἶναι
2749 4659 2808 4712 τ’)
2865 4658 3089 4728 Πνεῦμα
3123 4660 3370 4731 δώσομεν
3404 4665 3552 4722 πάν-κ

1950 4765 2081 4813 τως’
2117 4749 2194 4812 ὡς
2239 4750 2349 4818 γάρ
2377 4749 2606 4812 ἐκείνοις
2629 4751 2826 4802 ταυτόν
2857 4751 2973 4802 ἐστι
3006 4752 3143 4804 κατά
3172 4752 3362 4820 φύσιν,
3394 4754 3538 4809 οὕτω

1951 4843 2044 4895 καὶ
2071 4841 2250 4913 ἐαυτῷ
2305 4843 2503 4896 ταυτόν
2537 4845 2653 4895 ἐστι
2703 4843 2850 4895 κατά
2904 4842 3069 4912 φύσιν
3121 4845 3215 4897 καὶ
3246 4848 3370 4900 καθ’
3403 4849 3535 4902 ὑπό-

1955 4952 2166 5000 στασιν,
2195 4935 2253 4989 ἓν
2282 4952 2342 4987 τε
2373 4935 2435 4986 ὃν
2469 4935 2576 4988 κάν
2608 4934 2686 5005 τῷ
2709 4935 2922 5004 ἐσχάτῳ
2972 4937 3070 5006 τῆς
3098 4939 3528 5011 άμεταϐλησίας.

1964 5028 2118 5081 Ἐπεὶ
2146 5027 2325 5080 τοίνυν
2351 5026 2495 5095 ἅπερ
2530 5026 2919 5095 ἀποκρίνονται
2949 5028 3084 5096 πρὸς
3119 5029 3208 5082 τὸν
3242 5030 3399 5099 λόγον
3422 5033 3533 5085 Λα-

1949 5127 2111 5188 τῖνοι,
2139 5122 2421 5190 ἀποφυγαί
2444 5123 2584 5175 εἰσιν
2607 5122 2849 5192 ἀτεχνῶς
2873 5124 2972 5193 τῆς
2995 5124 3250 5195 ἀληθεῖας
3270 5128 3530 5193 ἑκούσιοι,

1947 5216 2036 5270 διὰ
2062 5216 2121 5269 τὸ
2169 5215 2443 5268 δουλεύειν
2476 5215 2568 5268 καὶ
2601 5215 2798 5282 θέλειν,
2917 5217 3338 5288 προελήφθησαν
3382 5219 3528 5290 δόξῃ,

1947 5309 2042 5362 καλ⁵
2079 5306 2234 5361 οὐδὲν
2260 5307 2411 5374 ὑγιὲς
2461 5307 2494 5378 ἢ
2536 5307 2702 5376 σαφὲς
2756 5308 2974 5377 ἔχοντα,
3027 5309 3265 5377 εδλόγως
3299 5312 3406 5380 ἀρα
3441 5313 3531 5365 καὶ

1948 5401 2038 5456 διὰ
2084 5400 2194 5458 τῶν
2240 5400 2642 5474 φανερωτάτων
2669 5402 2770 5471 τῆς
2797 5403 3032 5462 πίστεως
3071 5402 3256 5473 ἀρχῶν
3279 5419 3292 5431 ·
3329 5404 3445 5472 ἅμα
3478 5405 3530 5457 δὲ

1949 5498 2041 5548 καὶ
2095 5496 2491 5567 συντομωτάτη
2561 5494 2666 5565 (ἱδῷ
2754 5493 3026 5548 δέδεικται
3076 5495 3338 5550 ἀδύνατον
3391 5477 3534 5552 εἶναί

1949 5592 2042 5644 καὶ
2095 5588 2299 5642 ἄτοπον
2349 5588 2411 5641 τὸ
2444 5589 2539 5642 καὶ
2568 5587 2660 5641 τὸν
2703 5585 2832 5639 Υἱὸν
2885 5585 3058 5641 αἴτιον
3086 5585 3226 5640 εῖναι
3261 5589 3294 5659 ἢ
3332 5590 3530 5658 προϐο-

1945 5680 2042 5733 λέα
2074 5679 2170 5732 τοῦ
2207 5678 2366 5747 ἁγίου
2399 5678 2723 5750 Πνεύματος
2774 5677 2916 5748 μετά
2941 5677 3034 5730 τοῦ
3070 5679 3305 5748 Πατρὸς,
3346 5681 3528 5732 τοσούο

1947 5793 2056 5830 των
2085 5775 2149 5828 ἐκ
2190 5774 2510 5846 διαιρέσεως
2549 5773 2993 5831 ἀκολουθούντων
3023 5774 3262 5842 ἀτόπων,
3290 5776 3384 5830 καὶ
3413 5775 3526 5829 ἁδυ-
