3940 6452
326 328 431 393 729

1348 325 1446 384 DE
1491 325 1934 387 ADDITIONE
1979 328 2083 388 AD
2118 326 2569 391 SYMBOLUM.

3481 321 3593 393 730

328 443 504 505 αὐτοῖς
537 439 671 512 πρὸς
700 438 798 511 τὴν
830 438 1010 494 πίστιν
1046 434 1184 491 εἶναι
1220 438 1386 493 δοκεῖ.
1420 440 1481 493 El
1524 441 1631 508 γάρ
1666 440 1762 495 καὶ⁹
1792 459 1897 511 μη-
1925 438 1972 496 Α
2003 441 2110 495 τῶν
2137 442 2430 514 βαρϐάρων
2453 419 2724 513 χειριτὴν
2755 439 2907 494 πόλιν
2937 436 3153 507 ἐκείνην
3178 437 3207 492 ὁ
3235 436 3368 501 Θεὸς
3409 453 3590 508 παρα-

327 537 410 588 δέν
437 533 544 587 τῶν
580 531 757 586 ἄλλων
799 533 1063 600 ἠδύναντο
1107 532 1357 600 συνορᾷν,
1389 530 1425 584 ἃ
1476 531 1558 584 δεῖ
1599 532 1726 593 τοὺς
1781 532 1907 585 νοῦν

329 626 550 695 ἔχοντας
602 622 700 677 καὶ
756 622 924 691 ὑγιῶς
973 622 1251 675 πιστεύειν
1303 622 1532 687 εἰδότας,
1565 622 1721 675 τοῦτο
1774 622 1905 691 γοῦν

326 718 423 770 οὐκ
449 716 515 771 ἀν
545 732 675 768 ποτε
707 714 1041 785 βουληθεῖεν,
1068 714 1287 786 χείρους
1316 714 1572 768 ἁπάντων
1601 714 1906 785 ἀνθρώπων

332 810 386 863 ἐν
413 808 588 877 τούτῳ
614 806 691 877 τῷ
731 807 888 878 μέρει
915 806 1222 876 φαίνεσθαι.
1253 807 1413 861 Ποῖον
1436 805 1544 876 γὰρ
1572 805 1726 870 ἔθνος
1753 807 1908 861 ἐϐου-

329 900 555 955 λεύσατό
579 916 731 965 ποτε,
765 901 990 969 σύμπαν
1014 898 1150 969 ὁμοῦ
1183 899 1282 971 τὴν
1307 900 1493 954 πίστιν
1520 900 1615 953 καὶ
1642 899 1741 970 τήν
1773 899 1901 968 θρη-

328 993 517 1047 σκείαν
564 990 798 1063 ἀμεῖψαι
847 990 947 1061 τὴν
994 990 1214 1058 ἐαυτοῦ,
1250 992 1406 1060 μόνον
1448 991 1533 1045 ἵνα
1563 993 1675 1053 τοῖς
1705 991 1906 1056 ἔξωθεν

326 1086 490 1156 εὐροῇ
515 1101 531 1152 ;
564 1084 927 1154 καταγνόντες
955 1083 1056 1153 μέν
1084 1080 1177 1138 οῦν
1209 1084 1307 1153 τῆς
1340 1075 1479 1148 ίδίας
1507 1084 1743 1147 πίστεως
1769 1083 1906 1153 πρξς

324 1178 421 1247 τὴν
456 1177 631 1248 ἀληθῆ
665 1177 1062 1248 μετετέθησαν,
1092 1178 1232 1245 μετά
1260 1176 1511 1232 κινδύνου
1542 1177 1636 1231 καὶ
1678 1177 1905 1247 σφαγῶν

324 1267 473 1342 τοῦθ’
520 1269 875 1339 αἱρούμενοι,
926 1272 1022 1323 καὶ
1083 1269 1259 1323 πάντα
1340 1268 1652 1339 προϊέμενοι
1708 1269 1906 1339 ῥᾳδίως

326 1360 470 1429 ὑπὲρ
504 1359 598 1415 τοῦ
628 1362 728 1430 τῆς
760 1360 1017 1431 ἀληθείας
1044 1363 1247 1431 τυχεῖν.
1275 1361 1492 1415 Μᾶλλον
1526 1360 1611 1428 δὲ,
1647 1362 1694 1415 εί
1714 1361 1905 1416 δεῖτά-

323 1452 460 1523 ληθῆ
493 1452 695 1522 λέγειν,
730 1453 815 1517 τίς
842 1456 900 1507 ἐν
941 1452 1148 1525 ὁτῳοῦν
1191 1454 1360 1521 γένει,
1390 1452 1635 1507 τοιοῦτον
1670 1454 1907 1524 προϐαλ-

199 1580 209 1590 .
322 1543 550 1613 λόμενος
579 1545 897 1616 πρόϐλημα,
922 1546 984 1601 οὐ
1032 1548 1206 1618 πυρὸς
1263 1546 1329 1601 ἂν
1374 1546 1584 1615 γένοιτο
1612 1548 1707 1600 καὶ
1742 1547 1907 1603 λίθων

321 1636 488 1705 έργον
538 1637 742 1705 εὐθύς;
777 1639 938 1692 Ὥστε
986 1641 1080 1694 καὶ
1137 1642 1300 1710 ἡμεῖς
1352 1641 1495 1694 πάνυ
1534 1640 1783 1717 δέδιμενλ
1829 1640 1906 1711 μὴ

318 1730 471 1783 τουτὶ
520 1730 732 1784 πολλῶν
772 1731 903 1802 ἡμῖν
947 1732 1242 1803 συμφορῶν
1268 1732 1442 1787 αίτιον
1474 1735 1538 1786 ἐκ
1568 1732 1706 1797 Θεοῦ
1737 1751 1909 1787 κατα-

322 1824 483 1892 σταίη
509 1840 524 1854 ·
556 1826 650 1878 καὶ
700 1825 768 1894 ἢν
804 1826 872 1880 ἀν
905 1826 1188 1897 ἐπήγαγον
1233 1829 1412 1897 δίκην,
1443 1828 1642 1891 οῖτινες
1674 1825 1907 1899 ἦσαντοί

323 1913 736 1983 σωφρονοῦντες
790 1917 848 1969 ἐν
900 1918 1014 1981 τοῖς
1068 1918 1390 1989 δυναμένοις
1436 1919 1610 1972 ταῦτα
1636 1919 1905 1985 εὐθύνειν,

319 2004 527 2075 ταύτην
563 2007 834 2079 ἐπενέγκῃ
852 2009 1166 2080 χαλεπῆναν
1190 2010 1252 2064 τὸ
1278 2010 1455 2064 eam.
1488 2010 1649 2064 Ἀλλὰ
1674 2010 1736 2065 τὸ
1760 2012 1901 2066 πάνυ

321 2095 549 2167 βραχεῖς
589 2096 727 2153 εἷναι
772 2100 899 2164 τοὺς
945 2101 1120 2155 ταῦτα
1153 2102 1720 2174 παρρησιαζομένους,
1757 2103 1817 2158 τὺ
1849 2105 1906 2158 δέ

319 2190 579 2244 πλεῖστον
604 2191 709 2260 τῆς
736 2193 943 2258 πόλεως
960 2199 1280 2264 σωφρονεῖν
1310 2197 1526 2266 καὶτῆς
1552 2198 1787 2260 πίστεως
1818 2199 1907 2251 εύ-

316 2280 504 2345 λαϐῶς
556 2282 677 2337 λίαν
723 2285 1068 2356 ἀντέχεσθαι,
1119 2289 1212 2344 καὶ
1256 2292 1433 2346 πάντα
1483 2290 1718 2362 ἑτοίμως
1757 2290 1908 2361 έχειν

319 2372 461 2443 ύπέρ
530 2375 703 2447 αὐτῆς
777 2378 1299 2452 προδιδόναι,τοῦθ’
1352 2384 1485 2452 ἡμῖν
1538 2384 1638 2448 τὰς
1695 2385 1906 2453 ἀγαθὰς

317 2459 385 2518 αὖ
426 2467 652 2531 ἐλπίδας
690 2471 1016 2543 παρέχεται.
1054 2470 1169 2530 Εἶτ’
1199 2474 1321 2528 ούδέ
1352 2476 1690 2548 συνορῶμεν,
1718 2478 1803 2541 τίς
1839 2477 1907 2530 ἂν

316 2556 537 2620 γένοιτο
585 2560 717 2628 ἡμῖν
767 2560 831 2614 ἐκ
881 2562 1126 2616 Λατίνων
1155 2564 1383 2636 διαρκὴς
1412 2566 1506 2619 καὶ
1536 2566 1622 2629 ἀεὶ
1656 2563 1908 2635 παροῦσα

319 2644 571 2713 βοήθεια,
622 2649 672 2702 εί
713 2666 776 2718 γε
824 2652 918 2705 καὶ
965 2653 1268 2723 ἐμέλλομεν
1312 2654 1533 2709 πάντων
1570 2655 1741 2709 ἐθνῶν
1777 2659 1908 2729 περὶ

316 2734 499 2789 ταῦτα
542 2739 830 2808 φαίνεσθαι
871 2744 1109 2815 χείρους,
1147 2746 1255 2801 τῶν
1289 2747 1643 2816 προσκαίρων
1682 2746 1781 2819 τὴν
1820 2750 1909 2802 πί-

321 2844 448 2882 στιν
476 2828 909 2903 διαμειϐόμενοι.
950 2837 1019 2889 Ἦ
1043 2835 1306 2891 δεικνύτω
1331 2854 1413 2901 τις
1445 2839 1579 2908 ἡμῖν
1616 2839 1910 2909 προφανῶς

318 2916 546 2985 οὑτωσὶ,
578 2922 653 2994 μὴ
687 2924 849 2988 σκιὰς
880 2925 973 2980 καὶ
1003 2927 1247 2999 ὀνείρους
1288 2928 1515 2997 λεγέτω.
1547 2932 1619 2983 Τὸ
1657 2930 1755 2999 μὲν
1797 2932 1908 3004 γὰρ

321 3012 622 3084 πεισθῆναι
658 3017 845 3081 κακῶς
873 3020 1003 3083 ἴσως
1035 3022 1101 3075 ἄν
1137 3038 1268 3075 ποτε
1308 3024 1401 3076 καὶ
1434 3022 1746 3078 συνέϐαινεν
1776 3024 1910 3095 ἡμῖν

2012 534 2159 598 δοὺς,
2191 534 2271 605 τῷ
2297 534 2396 604 μὲν
2426 534 2667 607 ήμϐλυνε
2697 533 2796 604 τήν
2822 532 3012 604 ὀργὴν,
3047 533 3158 595 τοῖς
3189 530 3249 586 δέ
3278 529 3461 593 κακῶς
3496 531 3590 583 θε-

2012 628 2313 696 ραπεύουσι
2340 626 2488 694 νοῦν,
2521 628 2596 689 ὡς
2636 623 2812 697 οἶμαι,
2846 625 3122 693 ἐνέθηκεν,
3161 623 3235 687 ῶς
3283 623 3484 691 μᾶλλον
3522 623 3593 677 ἂν

2009 718 2094 787 είη
2142 716 2411 786 φοϐητέον
2451 716 2543 769 τὸν
2574 715 2707 768 Θεὸν
2752 712 2846 769 καὶ
2876 712 3239 779 θεραπευτέον
3268 709 3301 780 ἢ
3335 710 3437 773 τὰς
3479 709 3590 761 τῶν

2010 807 2316 877 ἀνθρώπων
2368 805 2624 871 ἀπειλὰς,
2653 805 2703 858 εί
2748 805 2899 875 παρὰ
2933 804 3044 856 πᾶν
3087 802 3323 869 γίνοιντο
3353 799 3589 855 δίκαιον.

2012 899 2219 964 Ἕωλος
2252 892 2348 953 οὖν
2378 900 2495 954 ἐστι
2525 898 2621 953 καὶ
2658 899 2686 951 ό
2722 899 2821 963 τῆς
2865 898 2930 950 ἐκ
2955 895 3202 950 Λατίνων
3227 893 3585 963 ἐλπιζομένης

2013 990 2281 1059 βοηθείας,
2307 990 2441 1059 ἡμῖν
2485 988 2767 1059 λογισμός.
2815 986 2957 1041 Ἀλλ’
3001 986 3050 1039 εί
3091 984 3377 1055 μέλλοιμεν
3408 984 3583 1053 ἀπηλ-

2009 1082 2205 1152 λάχθαι
2239 1081 2505 1147 δουλείας,
2543 1080 2849 1150 φυλακτέον
2881 1079 2979 1149 τὴν
3004 1078 3189 1133 πίστιν
3220 1078 3291 1148 ἣν
3327 1075 3586 1146 παρειλή-

2010 1192 2214 1243 φαμεν,
2243 1174 2335 1227 καὶ
2369 1175 2479 1238 τοῖς
2511 1173 2693 1236 ἄλλοις
2736 1172 2919 1243 ἔργοις
2967 1169 3279 1236 ἐξιλεωτέον
3305 1168 3365 1223 τὸ
3394 1168 3549 1223 Θεῖον
3570 1180 3584 1198 ⁸

2011 1264 2338 1335 συμϐούλοις
2403 1263 2612 1317 πλείοσι
2668 1262 2913 1317 καλλίοσι
2973 1262 3238 1332 χρηστέον
3291 1260 3424 1332 περὶ
3477 1258 3584 1312 τῶν

2009 1358 2167 1423 ὅλων,
2204 1356 2324 1426 μετ’
2357 1356 2602 1426 ίσότητος
2630 1356 2725 1409 καὶ
2754 1353 3098 1424 δικαιοσύνης
3131 1357 3223 1405 καὶ
3253 1351 3415 1418 λόγου
3454 1367 3588 1406 πανο

2008 1450 2100 1514 τὺς
2147 1449 2218 1503 τὰ
2259 1450 2417 1504 κοινὰ
2472 1448 2696 1503 διοικεῖν
2726 1445 2979 1517 ἀρκτέον,
3011 1445 3106 1498 καὶ
3133 1442 3501 1498 ἁπολαυστέον
3529 1443 3586 1497 ἐν

2010 1546 2216 1598 τούτων
2250 1542 2528 1605 ἐκάστοις,
2560 1539 2660 1593 ὅσα
2691 1540 2772 1592 δεῖ
2803 1538 2898 1592 καὶ
2921 1536 3128 1590 δίκαιόν
3160 1535 3301 1600 ἐστι,
3328 1534 3424 1586 καὶ
3453 1532 3587 1605 πρὸς

2011 1635 2105 1699 τὰς
2142 1634 2332 1697 κοινὰς
2374 1634 2564 1703 χρείας
2593 1631 2795 1702 ἐπίσης
2829 1627 3189 1701 χορηγητέον,
3223 1625 3317 1680 καὶ
3348 1624 3457 1679 τῶν
3501 1627 3588 1678 δυ-

2013 1726 2263 1795 ναμένων
2296 1722 2492 1788 σώζειν
2522 1723 2669 1792 ἡμᾶς
2700 1720 3082 1791 ἐπιμελητέον,
3106 1713 3589 1788 ἐπαγρυπνοῦντας

2009 1817 2078 1885 τῇ
2104 1814 2311 1869 τούτων
2346 1812 2562 1882 εὑρέσει
2610 1827 2668 1863 τε
2732 1807 2827 1862 καί⁵
2864 1808 3102 1877 ποιήσει.
3142 1805 3256 1875 Πρὸ
3281 1803 3339 1856 δὲ
3374 1802 3589 1857 πάντων

2011 1908 2286 1977 συνέδριον
2360 1904 2649 1975 ποιητέον,
2690 1897 2734 1971 ᾧ
2798 1902 3021 1972 μελήσει
3077 1898 3214 1969 μετὰ
3268 1895 3404 1950 Θεοῦ
3463 1893 3589 1962 περὶ

2012 2001 2269 2056 ἁπάντων
2297 1998 2500 2063 καλῶς.
2530 1983 2750 2051 Τούτων
2779 1994 2836 2049 δέ
2877 1988 3444 2066 προῦποτεθειμένων,
3498 1986 3589 2040 καὶ

2009 2093 2109 2164 τὴν
2140 2078 2279 2160 πρὸς
2308 2091 2572 2153 Λατίνους
2611 2089 2835 2159 είρήνην
2876 2081 3351 2155 πραγματευτέον,
3390 2080 3485 2133 καὶ
3519 2078 3591 2131 εῖ-

2012 2204 2121 2256 περ
2153 2180 2265 2239 οἷόν
2289 2201 2348 2237 τε
2376 2184 2486 2255 εῖη,
2514 2183 2609 2235 καὶ
2647 2181 2747 2247 τὴν
2781 2178 2919 2248 μετὰ
2951 2177 3171 2239 πάντων
3202 2170 3508 2242 ἀνθρώπων
3532 2186 3592 2223 τε

2010 2280 2105 2333 καὶ
2150 2276 2342 2342 ἐθνῶν,
2377 2275 2474 2345 ούχ
2514 2273 2664 2344 ἡμᾶς
2700 2266 3206 2336 συνεξαδικοῦντας,
3235 2264 3268 2333 ἢ
3303 2277 3594 2331 συμπαρα-ο

2012 2367 2314 2439 νομοῦντας
2360 2367 2457 2421 καὶ
2491 2366 2629 2427 ὅλως
2661 2364 2797 2434 πρὸς
2831 2362 2901 2415 τὰ
2933 2359 3103 2431 χείρω
3135 2353 3594 2429 μεθισταμένους,

2009 2460 2147 2515 ἀλλὰ
2176 2462 2313 2531 πρὸς
2358 2457 2429 2511 τά
2458 2456 2591 2527 παρ’
2625 2457 2757 2526 ἡμῖν
2807 2453 3098 2529 εύσεϐῇιτε
3147 2450 3240 2503 καὶ
3283 2447 3466 2500 δίκαια
3501 2443 3594 2497 καὶ

2009 2554 2139 2616 τοὺς
2169 2551 2361 2614 ἄλλους
2394 2550 2677 2613 ἕλκοντας,
2705 2545 2822 2615 είγε
2861 2544 3133 2614 βούλοιντο
3159 2538 3464 2603 πείθεσθαι,
3500 2536 3593 2590 καὶ

2013 2651 2089 2718 μὴ
2126 2644 2506 2717 βουλομένους,
2538 2643 2618 2704 είς
2665 2641 2766 2709 τὴν
2820 2638 2978 2707 δίκην
3026 2635 3243 2703 ἐκείνην
3290 2644 3593 2698 παραπεμ-

2010 2738 2198 2794 πτέον.
2232 2737 2402 2791 Αὐτοὶ
2434 2735 2489 2789 δὲ
2532 2734 2669 2804 πρὸς
2709 2733 2858 2802 ἡμᾶς
2889 2730 3087 2791 αὐτοὺς
3119 2724 3341 2786 δικαίως
3379 2720 3594 2775 συνθώ-

2014 2829 2155 2901 μεθα
2190 2829 2284 2882 καί¹
2315 2826 2519 2889 καλῶς,
2550 2825 2659 2888 τοῖς
2694 2824 2800 2876 τῶν
2830 2821 3091 2891 Πατέρων
3122 2815 3466 2884 συνδεόμενοι
3505 2811 3595 2865 νό-

2015 2940 2159 2994 μοις,
2194 2922 2289 2976 καὶ
2341 2921 2418 2992 μὴ
2454 2919 2701 2988 ποιῶμεν
2748 2914 3034 2985 ἀλλήλους,
3084 2912 3223 2981 ὅπερ
3273 2908 3325 2963 bl
3374 2904 3593 2961 Λατῖνοί

2012 3034 2145 3072 ποτε
2174 3017 2533 3085 πεποιήκασι.
2564 3010 2675 3065 Καὶ
2726 3008 3033 3078 ζητούντων
3080 3003 3239 3075 ήμῶν
3287 2996 3594 3067 καταθεμέα

319 3102 819 3171 ἐγκαταλείποντος
850 3110 943 3163 τοῦ
966 3110 1103 3165 Θεοῦ
1130 3127 1148 3147 ο
1198 3113 1259 3166 τὸ
1290 3113 1348 3166 δὲ
1385 3115 1513 3184 περὶ
1558 3116 1656 3187 τῆς
1692 3088 1907 3171 ἐκεῖθεν
1933 3116 1978 3178 C
2010 3126 2135 3173 νους
2184 3107 2283 3178 τὴν
2334 3105 2673 3178 προσθήκην.
2721 3097 2841 3155 εἶτα
2910 3094 3247 3187 δικάζεσθαι,
3287 3093 3389 3187 οὐξι
3442 3088 3589 3187 φοῶ

321 3192 695 3266 ἐλπιζομένης
728 3196 981 3268 βοηθείας
1023 3200 1270 3273 θαρρεῖν,
1300 3204 1336 3258 ἀ
1388 3205 1481 3260 καὶ
1524 3207 1573 3260 οί
1608 3205 1780 3261 ταῦτα
1818 3209 1907 3263 λέ-

318 3292 515 3353 γοντες
553 3291 906 3345 πιστεύουσιν
939 3293 971 3363 ἢ
1002 3295 1440 3364 προσποιοῦνται
1483 3301 1783 3367 πιστεύειν,
1820 3301 1907 3355 ἵνα

320 3378 455 3441 τοὺς
482 3379 679 3445 ἄλλους
711 3383 1079 3455 ἐξαπατῶσιν,
1116 3390 1399 3460 ἀμήχανον
1424 3392 1491 3447 ἂν
1522 3387 1590 3462 ἦν
1631 3395 1767 3464 ἡμῖν
1793 3395 1907 3459 τοῖς

317 3470 590 3527 τάκείνων
620 3475 783 3529 πάντ’
802 3478 969 3532 εἰδόσι
996 3480 1178 3544 καλῶς
1214 3481 1305 3535 καὶ
1337 3484 1433 3555 τὴν
1470 3484 1725 3556 βοήθειαν
1756 3487 1906 3555 λογι-

319 3563 596 3631 ζομένοις,
632 3570 805 3640 όπόση
832 3588 917 3637 τις
950 3572 1017 3626 ἂν
1048 3574 1257 3642 γένοιτο
1288 3577 1449 3650 ίκανή
1484 3578 1779 3644 διαπαντὸς
1810 3584 1903 3638 τοῦ

317 3655 591 3745 διηνεκῶς
635 3663 786 3729 ἡμᾶς
816 3664 1094 3728 πιέζοντος
1123 3667 1292 3731 δέους.
1332 3670 1494 3723 Ὅθεν
1535 3674 1582 3724 εί
1618 3677 1709 3727 καὶ
1737 3678 1907 3745 μηδὲν

318 3746 453 3800 ἄλλο
487 3743 633 3803 τοὰέ
665 3754 833 3824 ἐχρῆν
864 3757 1115 3822 δεδιέναι,
1143 3760 1215 3829 μὴ
1234 3762 1336 3836 -καὶ
1357 3761 1416 3815 τὸ
1438 3763 1609 3819 δεινὸν
1639 3743 1903 3839 ὑποσταίη

318 3858 427 3906 τις,
468 3845 565 3896 καὶ
593 3845 689 3897 τοῦ
742 3848 907 3901 καλοῦ
947 3851 1262 3922 διαμάρτοι,
1316 3854 1363 3906 εί
1416 3857 1510 3908 καὶ
1551 3856 1716 3911 καλὸν
1767 3855 1906 3915 εἶναι

319 3933 514 4002 μέλλοι
546 3935 601 3988 τὸ
632 3936 909 4002 δυσσεϐῶς
944 3943 1323 4013 ποριζόμενον,
1352 3946 1378 3998 ὃ
1411 3950 1545 4001 πᾶσι
1586 3950 1906 4019 συμϐαίνειν

314 4026 469 4092 είκδς
499 4031 611 4092 τοῖς
637 4030 710 4102 μή
746 4033 884 4102 μετά
915 4034 1049 4087 Θεοῦ
1071 4037 1140 4089 τὰ
1161 4036 1256 4090 τοῦ
1286 4039 1419 4093 Θεοῦ
1446 4043 1799 4112 πράττουσιν.

402 4120 606 4192 ὐρᾶτε
657 4124 714 4177 δέ
759 4126 854 4179 καὶ
903 4127 1004 4191 τὰς
1049 4128 1320 4198 βοηθείας,
1354 4131 1420 4196 ἃς
1451 4135 1583 4204 ήμῖν
1620 4137 1646 4188 ό
1676 4136 1908 4201 πάππας

318 4216 639 4284 παρέσχετο
671 4217 809 4285 μετὰ
840 4220 900 4272 τὸ
923 4221 1099 4275 κλῖναι
1130 4223 1256 4291 γόνυ
1287 4224 1414 4287 τοὺς
1448 4225 1756 4298 ἡμετέρους
1784 4230 1908 4283 ἐπι-

320 4306 565 4368 σκόπους
596 4307 732 4375 ἐκεῖ,
759 4309 808 4361 εί
839 4312 932 4363 καὶ
963 4310 1037 4382 μὴ
1070 4315 1202 4382 παρ’
1226 4314 1440 4380 ἑαυτοῦ,
1460 4314 1524 4368 ἐκ
1548 4331 1610 4384 γε
1633 4317 1743 4370 τῶν
1771 4318 1908 4387 ήμῖν

323 4417 457 4452 ποτε
488 4402 903 4472 προσηκόντων,
926 4403 1072 4471 ἇπερ
1093 4406 1529 4476 ἐπαναστρέφειν
1552 4408 1713 4462 αὐτὸν
1741 4410 1907 4483 ἐχρῆν

320 4492 490 4556 εὐθὺς
546 4493 799 4558 λυθέντος
853 4496 949 4549 τοῦ
998 4497 1314 4568 σχίσματος,
1345 4501 1421 4564 ὼς
1453 4498 1598 4571 εἶχεν
1639 4503 1905 4570 ἐλπίζειν,

319 4587 415 4638 καὶ
472 4587 523 4638 εἰ
584 4584 659 4656 μὴ
690 4588 815 4650 τοὺς
847 4590 1041 4653 ἄλλους
1080 4591 1296 4646 ἔπεισεν
1330 4592 1637 4647 ἀποδιδόναι
1665 4594 1766 4658 τάς
1811 4597 1907 4666 νή-

320 4694 453 4741 σους
484 4678 637 4749 ἡμῖν,
674 4682 764 4734 καὶ
794 4682 893 4745 τὰς
918 4682 1103 4747 πόλεις
1125 4685 1223 4747 τὰς
1251 4685 1309 4739 ἐν
1341 4685 1579 4752 Ἑλλάδι,
1619 4686 1713 4741 καὶ
1743 4688 1907 4752 αὐτὸς

316 4770 419 4834 τάς
472 4771 934 4842 ἐκκλησιαστικὰς
969 4776 1209 4840 είσόδους
1238 4777 1465 4832 ἀπέτισε
1488 4782 1615 4841 τοὺς
1642 4781 1777 4849 παρ’
1810 4782 1905 4834 αύ-

315 4863 415 4915 τοῦ
452 4864 845 4933 πεμπομένους
875 4866 1135 4931 ἐξελάσας
1168 4868 1454 4937 ποιμένας.
1494 4870 1688 4924 Καίτοι
1738 4874 1907 4942 σαφές

316 4957 496 5019 ἐστιν,
528 4954 603 5019 ὡς
638 4958 687 5011 εί
717 4959 882 5027 μηδὲν
917 4958 1105 5030 ἕτερον
1138 4960 1311 5012 ἐποίει
1359 4960 1518 5014 τοῦτο
1561 4959 1693 5030 γοῦν
1735 4965 1909 5032 πράτ-

316 5066 455 5114 των,
486 5047 795 5118 ήδύνατ’ἂν
836 5051 905 5104 τὰ
950 5055 1186 5121 μέγιστα
1227 5051 1443 5121 βιηθεῖν
1477 5053 1569 5116 τὰς
1610 5056 1909 5124 προσόδους

315 5139 430 5193 τῶν
461 5141 772 5211 ἐκκλησιῶν
810 5145 1107 5211 συμπάσας
1138 5142 1421 5208 ἀποδιδοὺς
1450 5147 1552 5214 τῆς
1590 5148 1650 5199 ἐν
1694 5147 1907 5217 Κερκύ-

318 5248 416 5302 ρᾳ,
447 5230 551 5300 τῆς
599 5235 656 5288 ἐν
698 5234 938 5306 Σικελίᾳ,
968 5234 1067 5305 τῆς
1100 5237 1156 5287 ἐν
1201 5238 1415 5306 Κρήτῃ,
1449 5238 1558 5290 τῶν
1588 5237 1764 5292 ἄλλων
1806 5240 1904 5307 νή-

317 5342 458 5391 σων,
493 5324 558 5389 δις
608 5325 666 5389 ἐξ
701 5329 855 5397 ήμῶν
901 5328 1059 5398 ἔσχεν
1112 5328 1389 5397 ἁρπάσας,
1449 5329 1702 5401 καθάπερ
1755 5330 1904 5385 ἄλλοι

313 5418 421 5487 τήν
483 5416 593 5469 τῶν
640 5419 819 5486 νήσων
875 5420 1070 5489 ἀρχήν.
1124 5419 1269 5473 Ἀλλ’
1300 5418 1438 5491 ,οὔτε
1499 5421 1651 5473 οὐδὲν
1701 5420 1905 5473 τούτων

316 5509 552 5579 ἐποίησε
578 5510 770 5582 δήπου,
801 5513 893 5566 καὶ
918 5513 1007 5565 τοῦ
1044 5513 1141 5583 τὴν
1174 5513 1325 5565 πόλιν
1357 5511 1465 5565 τῶν
1490 5512 1748 5582 Πατρέων
1775 5514 1906 5566 ἀνα-

317 5602 599 5671 ληφθῆναι
632 5605 792 5657 πάλιν
840 5606 969 5674 ήμῖν
1010 5607 1211 5675 σφόδρα
1260 5606 1643 5675 ἐμνησικάκει.
1677 5606 1785 5659 Καὶ
1816 5605 1907 5658 τὸν

318 5695 502 5765 θυμὸν
536 5698 702 5750 αὐτοῦ
739 5699 1154 5768 θεραπεύοντες,
1186 5699 1313 5760 ἴσως
1360 5717 1413 5751 τι
1458 5698 1553 5751 καὶ
1591 5699 1905 5769 ἐχαρίζοντο

326 5795 432 5846 τῶν
469 5792 530 5846 ού
565 5792 885 5863 πρεπὶντων
916 5793 959 5845 οἱ
1001 5790 1095 5867 τῆς
1128 5783 1332 5857 πόλεως
1368 5791 1649 5863 ἄρχοντες,
1685 5790 1788 5856 ἕως
1836 5795 1899 5862 τῇ

2010 3199 2162 3255 λοντό
2190 3215 2320 3253 ποτε
2353 3198 2657 3267 συγχωρεῖν
2698 3193 2804 3255 ἓως
2834 3189 2935 3261 τῆς
2972 3190 3002 3257 ή
3014 3188 3132 3257 μῶν
3152 3182 3438 3244 ἀσθενείας
3459 3181 3590 3251 δρα-

2010 3294 2258 3365 ξάμενοι,
2290 3292 2548 3359 καθάπερ
2578 3285 2926 3358 ὑποχειρίους
2953 3284 3064 3345 τοῖς
3095 3277 3305 3334 ἑαυτῶν
3330 3277 3590 3342 πεποίην-

2009 3404 2098 3442 ται
2138 3385 2344 3454 νόμοις.
2391 3382 2531 3437 Ἀλλ’
2567 3381 2627 3434 ἓν
2660 3377 2946 3447 γεγονότες
2991 3374 3172 3441 σῶμα,
3210 3369 3304 3423 καὶ
3346 3367 3451 3422 ὑπὸ
3493 3365 3592 3435 μιᾷ

2007 3477 2217 3550 κεφαλῇ
2240 3473 2587 3548 τῷΧριστῷ,
2619 3472 2679 3525 δν
2706 3471 2868 3540 μέχρι
2900 3466 2992 3520 καὶ
3017 3465 3144 3535 χθὲς
3170 3463 3369 3523 πάντες
3393 3459 3591 3528 ὁμοίως

2010 3570 2294 3641 ἐσέϐομεν,
2334 3567 2430 3621 καὶ
2466 3565 2573 3619 τῶν
2604 3565 2665 3617 ού
2719 3560 2901 3623 καλῶς
2930 3558 3239 3627 γενομένων
3266 3550 3593 3623 ἀναντιρῤή·

2007 3680 2136 3726 τως,
2167 3663 2214 3712 εἰ
2242 3661 2317 3730 μή
2345 3677 2432 3721 τις
2462 3656 2786 3727 φιλονεικεῖν
2813 3652 2989 3707 ἐθέλοι
3017 3649 3151 3718 πρὸς
3179 3646 3248 3699 τὰ
3271 3643 3590 3713 φαινόμενα,

2006 3754 2214 3808 τούτων
2255 3751 2596 3813 ἀποστάντες
2642 3749 2841 3809 πάντες
2875 3743 3033 3815 ὁμοῦ,
3067 3742 3161 3794 καὶ
3190 3737 3448 3805 τοιαύτην
3476 3735 3593 3787 δόνο

2009 3864 2100 3909 τες
2131 3818 2509 3913 πληροφορίαν
2566 3840 2818 3909 ἀλλήλοις
2862 3837 2935 3899 ὡς
2978 3835 3060 3888 δεῖ
3105 3832 3310 3900 ταύτην
3357 3825 3595 3880 δίδοσθαι

2011 3936 2282 4007 φανερῶς,
2325 3935 2384 3988 οὐ
2426 3929 2925 4000 συνεσκιασμὲνως,
2968 3922 3205 3992 ἀληθῶς,
3239 3922 3336 3990 οὐχ
3367 3920 3591 3987 ὑποκρι-

2008 4030 2200 4093 τικῶς,
2233 4028 2376 4082 οὕτω
2427 4014 2536 4095 γὰρ
2580 4026 2630 4076 οί
2662 4023 2766 4092 τῆς
2810 4017 3134 4086 Ἐκκλησίας
3175 4012 3458 4083 βούλονται
3508 4010 3593 4061 vd.

2012 4138 2125 4192 μοι,
2152 4119 2277 4173 τότε
2307 4117 2371 4188 δὴ
2416 4118 2512 4171 καὶ
2555 4115 2685 4185 περὶ
2728 4112 2837 4166 τῶν
2883 4111 3018 4180 πρὸς
3049 4106 3314 4167 Λατίνους
3352 4104 3483 4172 ἡμῖν
3512 4100 3592 4153 δι-

2009 4213 2181 4268 καίων
2216 4209 2531 4279 σκεψόμεθα
2553 4224 2568 4239 ·
2612 4206 2708 4260 καὶ
2740 4204 2940 4265 πάντες
2967 4200 3104 4272 ὁμοῦ
3139 4198 3237 4270 τὴν
3274 4196 3411 4267 πρὸς
3443 4193 3589 4247 ἐκεί-

2009 4322 2134 4368 νους
2192 4301 2491 4370 ἀπολογίαν
2544 4295 2992 4367 ὑποστησόμεθα,
3030 4292 3282 4359 καθάπερ
3336 4287 3593 4359 ἁρμόττει

2011 4398 2360 4471 Χριστιανοῖς
2401 4394 2507 4448 ὑπὸ
2558 4394 2771 4463 μητέρα
2817 4391 2950 4460 μίαν
2994 4387 3232 4442 τελοῦσι.
3267 4382 3377 4438 Καὶ
3414 4381 3593 4435 πάντα

1941 4457 1985 4513 D
2015 4457 2147 4564 ἡμῖν
2176 4457 2354 4553 οὕτως
2382 4457 2714 4557 ἀπαντήσει-
2740 4457 2895 4555 παρά
2925 4480 3063 4537 Θεοῦ
3115 4480 3183 4533 τά
3214 4477 3377 4542 καλὰ,
3406 4476 3500 4529 καὶ
3534 4475 3593 4525 ἐν

2014 4585 2228 4646 ἑαυτοῖς
2278 4581 2375 4636 καὶ
2410 4581 2547 4651 πρὸς
2578 4581 2690 4641 τοῖς
2718 4578 2825 4642 ἔξω
2851 4593 2865 4607 ⁶
2897 4575 3060 4646 ἀρκεῖ
3087 4573 3195 4641 γὰρ
3231 4567 3488 4623 τοσοῦτον
3516 4565 3594 4616 εί-

2012 4682 2154 4732 πεῖν.
2200 4675 2343 4731 Ἀλλ’
2374 4672 2597 4727 ἐπειδὰν
2630 4672 2863 4726 ἐκάστου
2911 4668 3037 4729 τοὺς
3075 4665 3265 4732 λόγους
3311 4678 3393 4720 τις
3442 4658 3591 4727 ἡμᾶς

2010 4769 2305 4838 ἀπαντοίη,
2337 4766 2436 4820 καὶ
2464 4766 2582 4826 πῶς
2632 4764 2699 4816 ἂν
2730 4763 2938 4815 ἕκαστα
2966 4756 3237 4835 διατεθείη
3280 4751 3459 4814 καλῶς
3493 4750 3592 4802 σὺν

2011 4862 2157 4931 Θεῷ,
2190 4861 2286 4913 καλ⁸
2317 4860 2483 4928 ἡμεῖς
2513 4857 2725 4923 ἐτοιμοι
2752 4852 2953 4905 διδόναι
2994 4850 3087 4903 καὶ
3125 4847 3231 4917 ἰδίᾳ.
3251 4844 3346 4900 καλ⁵
3375 4845 3591 4916 παρῤη-

2014 4955 2125 5023 σὶᾳ,
2175 4951 2268 5006 καὶ
2304 4952 2489 5002 πεῖσαι
2530 4946 2671 5016 μετὰ
2716 4942 2850 4997 Θεοῦ
2904 4942 3106 5003 πάντας
3164 4938 3291 5000 τοὺς
3321 4934 3496 5025 όρθῶς
3528 4949 3587 4991 τε

2011 5047 2105 5099 καὶ
2148 5044 2295 5096 κατὰ
2348 5040 2479 5093 Θεὸν
2529 5038 2736 5100 εἰδότας
2786 5038 2918 5106 περὶ
2951 5035 3170 5089 πάντων
3198 5032 3406 5085 τούτων
3445 5027 3591 5095 λογι-

2010 5136 2221 5201 ζεσθαι.

2080 5229 2267 5281 Ταῦτα
2288 5225 2559 5288 πολλάκις
2579 5225 2964 5294 ἀνηνέγκαμεν
2995 5221 3091 5275 καλ⁴
3116 5218 3192 5289 τῷ
3229 5215 3459 5286 βασιλεῖ,
3487 5213 3591 5266 κάφ

2011 5323 2208 5383 κεῖνος,
2247 5320 2405 5387 ἴσμεν
2452 5315 2651 5384 καλῶς,
2680 5317 2731 5369 τί
2763 5314 2893 5384 περὶ
2928 5314 3035 5365 τῶν
3068 5314 3124 5363 ἐν
3156 5305 3468 5378 Φλωρεντίᾳ
3498 5300 3590 5356 ὑπ’

2011 5414 2177 5469 αὑτοῦ
2219 5413 2521 5484 γεγονότων
2566 5411 2803 5483 ἐφρόνει,
2838 5412 2929 5463 καὶ
2976 5408 3092 5470 πῶς
3141 5408 3262 5469 ταῖς
3293 5402 3590 5475 ἡμετέραις

2011 5503 2307 5573 ἡσμένιζεν
2356 5502 2706 5570 ἀποκρίσεσι,
2737 5500 2829 5555 καὶ
2864 5501 3012 5561 ὅπως
3056 5497 3167 5551 οὒτ’
3212 5491 3587 5565 ἐπηνάγκαζε,

2018 5600 2109 5651 καὶ
2154 5597 2407 5651 ἐϐούλετο
2449 5598 2510 5649 τὸ
2549 5598 2778 5666 πάτριον
2819 5596 2965 5664 ἡμᾶς
2992 5589 3371 5659 διαφυλάττειν
3409 5587 3588 5655 δόγμα

2019 5690 2220 5756 καλῶς,
2252 5691 2342 5744 καλ⁸
2374 5691 2563 5763 ἐπῄνει
2590 5690 2713 5749 τοὺς
2747 5687 2903 5740 τοῦτο
2930 5686 3292 5757 πράττοντας,
3322 5680 3499 5752 ἐμίσει
3531 5696 3587 5733 τε

2014 5785 2137 5850 τοὺς
2169 5785 2340 5852 ἄλλως
2374 5784 2771 5857 διακειμένους.
2821 5785 3012 5854 Ἡμεῖς
3053 5780 3256 5855 τούτων
3306 5780 3586 5853 μάρτυρες
