3940 6452
179 405 277 468 745

1090 394 1451 460 EPISTULA
1494 398 1590 456 AD
1626 390 1950 455 MARCUM
1976 386 2450 455 EPIIESINUM.

3306 378 3410 440 746

172 515 371 583 ταύτης
412 512 519 566 ἔδει
574 511 905 582 φροντίζειν.
942 511 1079 565 Οὖτε
1127 512 1192 583 δὴ
1246 511 1439 579 σοφίας
1477 508 1735 573 ἐπίδειξις
1764 515 1808 571 Α
1838 503 2140 574 διατριϐαῖς
2173 504 2438 571 γενομένη
2472 500 2565 553 καὶ
2591 498 2808 566 ἄγνοια,
2841 495 2941 549 οὐκ
2989 492 3157 547 αὐτοῦ
3210 492 3413 561 μᾶλλον

174 603 239 677 ἦν
260 621 276 635 ·
312 605 372 658 οὐ
402 604 510 676 γὰρ
531 604 643 675 ἐρῶ
674 604 881 676 ταύτης
907 605 1096 660 οὐδένα
1125 606 1337 675 καιρὸν,
1371 604 1420 656 εί
1451 605 1523 671 μὴ
1553 601 1736 670 μέλλοι

172 717 253 762 τις
297 698 510 762 παίζειν
573 701 712 767 μετά
755 700 1058 765 παιδαρίων
1102 699 1196 753 καὶ
1251 701 1384 767 παρ’
1441 696 1737 766 ἀκροαταῖς

173 792 321 846 οὐδὲν
349 789 527 845 αὐτῶν
560 791 933 862 διαφέρουσιν,
964 790 1058 843 σοῦ
1091 791 1161 843 τά
1210 788 1410 843 σαυτοῦ
1455 788 1615 857 μόνον
1646 785 1740 838 καὶ

172 886 236 937 τὰ
264 882 356 935 τοῦ
402 881 538 935 Θεοῦ
579 883 937 951 πράττοντος,
970 882 1068 936 καὶ
1100 882 1210 937 τῶν
1246 880 1536 951 ἡμετέρων
1570 893 1740 943 παιγ-

172 974 297 1027 νίων
323 972 491 1026 πάλαι
552 974 983 1040 κατεγνωκότος.
1012 972 1151 1027 Οὐτε
1203 973 1297 1026 τὸν
1336 976 1502 1042 σοφὸν
1532 973 1740 1025 ἐκεῖνον

172 1064 470 1134 ἐϐουλήθην
501 1066 746 1120 κολούειν
770 1078 785 1096 ⁸
819 1068 943 1133 ἐμοὶ
964 1067 1073 1135 γὰρ
1108 1066 1281 1129 οὐδείς
1304 1082 1435 1117 ποτε
1465 1064 1577 1117 τῶν
1599 1064 1741 1131 ἀγα-

175 1155 278 1208 θῶν
311 1156 572 1223 ἐγγέγονε
602 1157 797 1225 φθόνος
818 1172 831 1187 ·
867 1157 1001 1211 ἀλλά
1036 1157 1324 1226 μέμφομαι
1364 1155 1464 1226 μὲν
1492 1154 1740 1223 ἐμαυτῷ,

172 1247 388 1300 ἐπειδάν
447 1248 798 1319 αἰσθάνωμαι
832 1248 1073 1319 πολλαχῆ
1097 1248 1192 1302 τοῦ
1238 1247 1539 1318 πρέποντος
1563 1246 1743 1315 ἀμαρ-

170 1340 340 1393 τάνων
367 1356 381 1371 ο
415 1339 569 1407 ἀλγῶ
592 1340 649 1393 δὲ
670 1339 791 1395 λίαν
822 1339 963 1410 ὑπὲρ
992 1339 1092 1409 τῆς
1119 1336 1230 1394 τῶν
1260 1337 1465 1407 ὁμοίων
1515 1335 1746 1405 ἀϐελτη-

174 1432 292 1499 ρίας
315 1448 329 1463 ο
365 1425 449 1493 οῖς
495 1431 542 1483 δ’
582 1430 649 1485 ἂν
684 1432 887 1501 ἀρετήν
911 1449 1036 1485 τινα
1092 1430 1341 1494 συνειδῶ,
1372 1429 1571 1499 χαίρω,
1608 1427 1744 1489 Θεδς

170 1515 328 1583 οἶδεν,
352 1520 429 1584 ὡς
462 1521 621 1581 αὐτὸς
650 1520 720 1574 ἂν
753 1522 849 1574 καὶ
903 1520 1077 1593 ταύτῃ
1106 1520 1579 1590 οἰκοδομούμενος.
1607 1516 1743 1571 Οὐδέ

174 1610 248 1680 τῷ
276 1612 529 1682 Γεμιστῷ
550 1613 730 1665 τοίνυν
763 1612 1036 1683 ἠνώχλησ’
1067 1611 1133 1665 ἄν
1166 1627 1319 1676 ποτε,
1349 1610 1424 1679 μὴ
1443 1608 1538 1662 τοῦ
1562 1624 1742 1660 συνει-

172 1707 317 1764 δότος
340 1704 557 1758 ἔνδοθεν
587 1705 948 1776 ἐρεθίζοντος.
985 1702 1152 1759 Οἶσθα
1186 1704 1231 1758 δ’
1256 1705 1406 1765 ὅπως
1433 1701 1564 1771 περί
1584 1688 1649 1769 γε
1674 1698 1745 1753 τά

171 1795 395 1848 τοιαῦτα
454 1796 562 1865 χρὴ
616 1796 945 1861 διακεῖσθαι,
985 1798 1035 1849 εί
1094 1796 1172 1866 μὴ
1235 1794 1333 1866 τὴν
1376 1793 1741 1861 Ἀναξαγόρου

174 1853 824 1953 μέλλοιμενϋύφίστασθαι
858 1853 1378 1954 σύγχυσιν.’Καί’τοι
1408 1853 1551 1943 τινὲς
1583 1853 1824 1932 αὐτδνῖΒ

177 1977 273 2045 μὲν
309 1976 562 2030 εὐσεϐεῖν
594 1994 759 2046 φασιν
798 1978 855 2030 ἐν
880 1979 948 2047 τῇ
982 1976 1111 2047 περὶ¹
1156 1974 1251 2028 τοῦ
1298 1972 1437 2026 Θεοῦ
1475 1972 1624 2041 δόξῃ,
1652 1970 1750 2023 καὶ

173 2070 310 2137 μήτε
346 2067 631 2121 διδάσκειν
676 2069 815 2137 μήτε
870 2068 1212 2137 συγγράφειν
1264 2064 1589 2133 νομοθεσίαν
1623 2062 1750 2115 τινά

173 2159 522 2229 καινοτέραν,
550 2160 610 2212 ἐν
709 2161 777 2215 τά
808 2159 1058 2229 ἡμέτερα
1092 2156 1435 2226 διασύρεται,
1459 2153 1573 2209 ἀλλ’
1604 2154 1751 2225 ἡμᾶς

171 2250 274 2303 ὐπὸ
303 2249 778 2321 βασκανίαςαύτῷ
811 2252 1071 2321 τοιαύτην
1106 2251 1297 2321 φήμην
1343 2248 1586 2319 ἐγείρειν
1613 2264 1624 2276 ·
1657 2246 1751 2309 οὒς

170 2344 198 2394 ὁ
222 2341 414 2410 χρόνος
440 2342 655 2411 ἐλέγξει
682 2324 806 2397 λίαν
837 2340 1483 2412 άπατωμένους.Ἀλλως
1528 2339 1585 2392 δὲ
1614 2339 1752 2408 χρή-

172 2450 332 2501 σιμος
382 2434 411 2486 δ
450 2433 735 2504 ἀνὴρ,καὶ
784 2438 851 2505 τῇ
892 2435 992 2505 μὲν
1044 2434 1416 2504 εὐγενεστάτη
1473 2431 1553 2502 τῷ
1601 2433 1751 2500 γένει

172 2522 330 2592 ἡμῶν
356 2528 511 2595 φωνῇ
543 2526 759 2589 οὐδενὸς
795 2526 863 2579 ἂν
911 2525 1194 2597 ἡττηθείη,
1225 2521 1294 2598 ἧς
1336 2525 1431 2578 καὶ
1460 2525 1753 2592 Κικέρωνα

171 2615 268 2669 καὶ
333 2616 571 2680 πολλοὺς
598 2617 792 2680 ἄλλους
825 2619 891 2672 ἐκ
924 2618 1026 2686 τῆς
1060 2618 1361 2687 ὑπερορίας
1403 2617 1562 2685 ἴσμεν
1595 2615 1753 2684 Ἀθή-

168 2723 327 2780 νῃσιν
355 2708 791 2779 ἐπιμεληθέντας
812 2724 827 2741 ·
867 2712 1067 2773 καίτοι,
1096 2710 1197 2779 τῆς
1222 2709 1496 2779 ἐγχωρίου
1524 2707 1753 2772 Μούσης

168 2800 650 2869 ἐμπεπλησμένοι,
707 2801 849 2855 πάνυ
897 2818 951 2853 τι
1007 2802 1172 2854 καλὸν
1233 2800 1386 2872 ᾄδειν
1428 2800 1752 2870 ἠπίσταντο.

170 2893 353 2946 Πολλὰ
382 2890 443 2944 δέ
470 2894 566 2962 τῆς
605 2891 771 2962 ἄλλης
804 2892 997 2961 σοφίας
1030 2891 1144 2962 ἔχει
1179 2889 1528 2963 συνειλοχὼς.
1578 2888 1757 2943 Ἠθῶν

170 2981 228 3036 δέ
256 2982 427 3036 ἕνεκα
482 2982 589 3037 κᾶν
620 2982 828 3051 γένοιτο
878 2984 992 3046 τοῖς
1029 2983 1316 3052 νεωτέροις
1383 2980 1755 3050 παράδειγμα,

170 3070 252 3137 οἷς
295 3073 509 3144 ἀρετῆς
564 3088 619 3126 τι
669 3074 825 3141 μέλει
881 3073 1150 3145 γνησίως.
1199 3068 1371 3126 Οἶσθα
1432 3073 1527 3128 τὸν
1587 3073 1759 3141 ἄνδρα

1841 598 1874 667 ἢ
1912 598 2092 650 κοινόν
2121 598 2238 648 ἐστι
2278 594 2375 646 τοῦ
2410 591 2601 661 γένους
2632 590 2999 661 ἀρρώστημα.
3034 587 3123 638 Διδ
3146 586 3242 639 καὶ
3276 584 3413 652 πρὶς

1839 690 1939 756 τὴν
1958 688 2134 758 θήραν
2163 688 2258 755 τῆς
2287 685 2544 756 ἀληθείας
2573 684 2701 737 ἀνευ
2734 684 2828 759 τοῦ
2880 680 3044 751 μόνου
3077 680 3212 748 πρὶς
3243 675 3412 746 αὐτὴν
3472 708 3475 711 -

1840 778 2072 848 ὀργάνου
2112 775 2436 846 χωροῦντες,
2467 774 2689 843 ἀγνοίας
2725 774 2915 843 μεστοὶ
2946 772 3039 825 καὶ
3076 771 3283 837 πλάνης
3334 769 3413 820 εί-

1843 870 2014 930 κότως
2043 866 2439 937 ἀναχωροῦσιν.
2486 864 2626 918 Ἀλλ’
2657 865 2845 917 ἔλαθον
2888 863 3147 932 ἐμαυτὸν,
3182 860 3318 929 πρὸς
3358 856 3416 910 ὃν
3502 930 3505 933 ν

1841 960 1902 1013 οὐ
1951 958 2078 1030 χρὴ,
2138 956 2600 1029 παραιτούμενος.
2636 956 2732 1018 Τίς
2788 955 2897 1025 γάρ
2930 970 3026 1005 σου
3078 951 3285 1023 βέλτιον
3319 949 3418 1019 τὴν

1843 1051 1983 1122 ἐμὴν
2008 1047 2120 1105 οἶδε
2145 1050 2473 1121 προαίρεσιν
2499 1066 2514 1116 ;
2541 1044 2714 1117 Οἶμαι
2749 1048 2805 1101 δὲ
2836 1048 2962 1108 τοὺς
3006 1046 3172 1115 ἐμοὺς
3202 1044 3427 1109 γονέας,

1843 1143 1899 1197 οῖ
1927 1160 2019 1203 μοι
2069 1143 2248 1196 πάντα
2288 1142 2606 1213 συνῄδεσαν,
2638 1140 2947 1210 διδαχθῆναι
2984 1140 3049 1192 ἂν
3080 1136 3254 1205 αὐτήν
3287 1149 3418 1184 ποτε

1845 1235 1998 1303 παρά
2023 1234 2141 1288 σοῦ.
2180 1233 2410 1303 Ὦςιγάρ
2438 1234 2635 1286 ἐκεῖνοι
2668 1235 2767 1300 τῆς
2815 1230 3051 1298 φύσεως,
3079 1228 3248 1287 οὓτως
3280 1225 3421 1278 αὐτά

1848 1343 1938 1396 μοι
1976 1326 2152 1393 λόγων
2182 1342 2240 1377 τε
2291 1330 2385 1377 καὶ
2427 1324 2575 1393 ἠθῶν
2636 1321 2701 1374 τὰ
2749 1320 3039 1389 σπέρματα
3092 1318 3417 1371 κατεϐάλου.

1847 1420 2104 1474 Κάκεῖνοι
2142 1425 2243 1487 μὲν
2303 1416 2470 1482 ἅπαξ,
2512 1416 2576 1469 σύ
2609 1416 2664 1467 δὲ
2720 1414 2891 1467 πολὺν
2943 1414 3091 1481 ἡμᾶς
3124 1409 3422 1478 ἐγεώργεις

1845 1514 1936 1566 τὸν
1964 1513 2186 1582 χρόνον·
2219 1510 2348 1565 ὥστ’
2373 1507 2762 1578 ἐπιγινώσκοις
2786 1508 2851 1560 ἂν
2874 1507 2941 1559 τὰ
2975 1504 3198 1567 σαυτοῦ,
3233 1505 3333 1565 τὶς
3365 1505 3423 1555 ἐν

1846 1606 1978 1674 ἡμῖν
2008 1602 2226 1666 εἰκόνας
2253 1603 2459 1657 τούτων
2489 1601 2803 1671 γινώσκων.
2837 1600 2936 1653 Διὰ
2966 1597 3061 1650 τοῦ
3076 1596 3113 1648 :’
3140 1597 3248 1665 ἄρα
3286 1613 3415 1664 παρα

1848 1696 2117 1748 αιτεῖσθαι
2156 1693 2237 1748 δεῖ
2298 1695 2520 1762 μᾶλλον,
2546 1695 2573 1748 ὃ
2598 1711 2649 1747 τι
2676 1690 3063 1763 παραιτεῖσθαι
3096 1688 3423 1758 προσέχρην.

1849 1786 2053 1841 Τούτου
2089 1788 2152 1859 δὴ
2189 1786 2284 1841 τοῦ
2315 1788 2520 1856 βιϐλίου
2553 1786 2741 1840 πολλοὶ
2775 1784 2871 1856 μέν
2900 1784 3127 1856 ᾔσθοντο
3155 1782 3266 1835 τῶν
3298 1780 3428 1850 παρ’

1852 1882 1988 1951 ημῖν
2019 1879 2321 1949 γινομένων
2344 1896 2358 1909 ·
2398 1880 2514 1951 ἡδὲ
2551 1879 2710 1949 φήμη
2748 1879 2841 1932 καὶ
2890 1878 3023 1948 πρὸς
3071 1878 3201 1940 τοὺς
3238 1878 3428 1946 πιρῤω

1854 1971 2043 2042 φίλους
2068 1972 2386 2041 ἐξέδραμεν,
2419 1971 2468 2023 οἳ
2519 1973 2631 2033 τοῖς
2672 1969 2960 2041 ἡμετέροις
2999 1971 3087 2023 ἀεὶ
3138 1969 3426 2039 χαίροντες

1853 2064 2059 2132 λόγοις,
2091 2063 2332 2118 ἐνταῦθα
2358 2064 2422 2133 δὴ
2458 2063 2761 2133 βελτίουςῆ
2801 2062 3040 2133 πρόσθεν
3088 2063 3234 2133 ἡμᾶς
3267 2062 3433 2130 εὑρή-

1856 2173 1972 2210 σειν
1995 2155 2333 2222 ἐλπίζουσιν,
2366 2156 2442 2218 ὠς
2480 2156 2580 2208 οὐκ
2625 2154 2882 2223 ἀγεννοῦς
2910 2154 3224 2217 ὑποθέσεως
3264 2154 3431 2225 ἀρξα-

1857 2248 2054 2318 μένους
2076 2263 2091 2276 ·
2119 2249 2214 2304 καὶ
2242 2248 2332 2301 διὰ
2356 2248 2516 2301 τοῦτο
2548 2248 2865 2316 πέμπεσθαι
2898 2247 3084 2316 σφίσιν
3105 2245 3434 2300 ἀπαιτοῦσιν

1853 2340 2186 2411 ἐγκείμενοι.
2232 2340 2378 2410 Ἐγὼ
2415 2340 2472 2393 δὲ
2528 2339 2639 2394 δεῖν
2672 2341 2972 2412 ἡγησάμην
3009 2339 3088 2410 τῷ
3121 2339 3306 2393 κανόνι
3337 2339 3436 2409 τῆς

1856 2434 1956 2503 σῆς
2002 2434 2196 2504 τέχνης
2247 2434 2511 2503 πρότερον
2553 2432 2887 2503 προσαχθέν,
2928 2430 3073 2486 οὓτω
3102 2435 3214 2495 τοῖς
3251 2432 3436 2494 ἄὶλοις

1857 2526 2028 2579 ἆπασι
2054 2525 2365 2592 φαίνεσθαι.
2398 2527 2461 2578 EE
2483 2526 2591 2596 γάρ
2621 2528 2716 2578 καὶ
2753 2524 2938 2577 πολλοί
2966 2543 3110 2587 τινες
3135 2522 3277 2596 ἦσαν
3301 2527 3435 2595 ἡμῖν

1854 2616 2057 2685 ὁμοίως
2092 2633 2175 2669 σοι
2223 2619 2290 2669 τὰ
2324 2617 2551 2670 τοιαῦτα
2595 2617 2904 2686 δυνάμενοι,
2940 2617 3023 2670 σοὶ
3054 2618 3161 2686 πρὸ
3217 2617 3438 2670 πάντων

1857 2708 2158 2777 προσάγειν
2196 2709 2389 2778 ἐχρῆν,
2444 2709 2657 2770 εὐνοίας
2700 2726 2760 2761 τε
2814 2709 2999 2763 εἵνεκα
3039 2709 3134 2761 καὶ
3180 2702 3248 2779 ἦς
3283 2704 3438 2761 εἷπον

1860 2800 2187 2867 συγγενείας
2214 2801 2323 2853 τῶν
2358 2800 2555 2869 λόγων,
2585 2800 3037 2870 ἐπιμελησομένῳ
3069 2800 3262 2854 τούτου
3295 2803 3436 2853 πάνυ

1859 2892 2077 2956 καλῶς’
2128 2891 2223 2945 νῦν
2256 2893 2363 2963 γάρ
2411 2894 2504 2945 καὶ
2534 2893 2728 2965 τέχνης
2757 2893 2940 2946 εἵνεκα
2979 2893 3091 2947 τῶν
3132 2893 3267 2962 παρ’
3310 2895 3441 2962 ἡμῖν

1858 2983 2117 3037 ἁπάντων
2144 2984 2423 3054 προέχεις.
2454 2984 2537 3037 ’Τί
2568 2983 2634 3038 ἂν
2670 2980 2765 3039 οὖν
2801 2985 3015 3055 γένοιτο
3065 2985 3328 3053 τοιαύτης
3363 3003 3443 3036 τι-

1865 3075 2137 3145 μιώτερον
2166 3075 2441 3145 στάθμης,
2495 3079 2562 3148 ἣν
2607 3075 2720 3129 οὐτ’
2752 3078 2969 3145 ἀγνοεῖν
3013 3076 3135 3129 οὐτε
3169 3076 3440 3145 κρύπτειν

175 3164 340 3223 πλέον
370 3161 533 3228 ἐμοῦ.
565 3161 664 3215 Διά
696 3161 867 3216 ταῦτα
906 3164 1089 3217 τοίνυν
1116 3160 1443 3234 ἀπεσχόμην
1490 3161 1569 3216 ἂν
1590 3162 1756 3217 αὐτοῦ
1782 3184 1830 3246 c
1861 3167 2141 3238 ἐνδέχεται
2172 3168 2272 3232 τὰς
2303 3169 2360 3221 ἐν
2388 3170 2503 3233 τοῖς
2543 3167 2723 3237 λόγοις
2756 3169 3071 3238 ἀνωμαλίας
3103 3186 3119 3236 ς
3168 3167 3445 3221 Ἐπελθὼν

174 3257 270 3310 καὶ
299 3249 377 3309 ὧν
413 3255 535 3309 κατ’
580 3255 988 3326 Ἀριστοτέλους
1018 3255 1427 3326 συγγέγραφεν.
1458 3254 1667 3319 ’Ἄλλως
1698 3272 1761 3308 τε
1862 3257 2046 3312 τοίνυν
2075 3257 2228 3311 ἅπαν
2278 3257 2436 3311 τοῦτο
2476 3257 2679 3322 καλῶς,
2725 3259 2794 3311 τὰ
2827 3260 2905 3328 μὴ
2929 3257 3198 3312 δοκοῦντά
3229 3274 3315 3311 σοι
3344 3274 3440 3311 κα-

177 3346 298 3399 οὐδέ
345 3347 554 3418 σφόδρα
601 3348 890 3401 ἐπαινετόν
920 3350 1039 3402 ἐστι
1087 3348 1218 3411 τοὺς
1271 3348 1507 3401 ἑκάστου
1561 3347 1763 3417 χυλοὺς

179 3441 426 3511 ἐλέγχειν
450 3457 463 3471 ’
493 3439 632 3493 ἀλλά
666 3439 747 3492 δεῖ
772 3440 974 3509 μᾶλλον
1022 3440 1407 3494 ἀποδεικνύειν
1441 3440 1510 3494 τά
1542 3439 1718 3510 ἀληθῆ
1742 3454 1760 3472 ο

178 3538 274 3588 καὶ
296 3536 413 3598 τοῖς
445 3532 855 3587 ἐπιδείκνυσθαι
893 3531 1239 3603 βουλομένοις
1269 3533 1302 3602 ἡ
1330 3532 1624 3603 φιλοσοφία
1659 3550 1761 3604 μυ-

182 3627 308 3691 ρίας
337 3624 472 3686 ὐλας
503 3624 885 3695 προϐάλλεται,
911 3625 969 3678 ἐν
996 3618 1084 3689 αἶς
1113 3624 1263 3678 ἔστιν
1287 3625 1598 3694 εὐδοκιμεῖν
1623 3624 1764 3694 μετὰ

180 3715 274 3770 τοῦ
307 3717 503 3787 μηδενὶ
549 3717 918 3786 προσκρούειν
946 3715 1057 3770 τῶν
1092 3716 1290 3784 φίλων.
1320 3716 1462 3784 Ἐγὼ
1514 3716 1570 3769 δὲ
1620 3714 1764 3769 ἑκών

184 3825 313 3861 ποτε
341 3808 540 3860 λυπεῖν
588 3807 777 3861 οὐδένα
816 3806 1160 3878 προῄρημαι.
1196 3809 1258 3861 Εί
1300 3808 1357 3860 δὲ
1410 3807 1762 3877 διαλεκτικῆς

189 3901 418 3970 μεθόδου
474 3901 679 3969 ἥκιστα
714 3900 935 3954 πάντων
981 3899 1130 3970 αὐτῷ
1188 3900 1459 3969 μέτεστιν,
1490 3900 1519 3953 δ
1550 3900 1614 3971 δὴ
1666 3900 1765 3954 καὶ

185 3992 282 4062 τῆς
313 3992 534 4061 πλάνης
562 3990 914 4061 αίτιονηαύτῷ
944 3995 1037 4045 καὶ
1069 3991 1285 4054 πολλοῖς
1310 3983 1492 4053 ἄλλοις
1521 3994 1760 4059 ἐγένετο,

180 4083 314 4137 ἀλλά
352 4084 571 4138 τούτων
603 4085 667 4138 ὲκ
696 4082 894 4137 πολλοῦ
932 4082 1131 4155 χρόνον
1173 4085 1373 4146 σπάνις
1407 4084 1465 4138 ἐν
1489 4085 1608 4148 ταῖς
1633 4083 1761 4155 τῇδε

1864 3348 1973 3411 λῶς
2011 3348 2263 3418 είρῆσθαι
2295 3348 2569 3419 διάγραφε
2602 3351 2699 3405 καὶ
2726 3350 2871 3403 δίδου
2930 3352 3091 3421 πυρί.
3150 3351 3287 3421 Περὶ
3342 3351 3446 3418 μὲν

1865 3440 2011 3494 δυοῖν
2035 3440 2207 3508 φίλων
2250 3439 2359 3493 οὐδ’
2395 3440 2461 3495 ἂν
2497 3439 2658 3503 αὐτὸς
2708 3438 3034 3510 ἀξιώσαιμι.
3086 3441 3285 3493 Καίτοι
3334 3440 3445 3493 τῶν

1877 3533 2247 3604 ’Δριστοτέλει
2309 3532 2727 3603 προσκειμένων
2780 3526 2922 3585 εἷναί
2970 3547 3031 3585 σε
3077 3534 3222 3588 πάνυ
3262 3532 3447 3593 καλῶς

1867 3621 2009 3690 οῖδα,
2049 3624 2159 3678 τῶν
2206 3623 2300 3678 τοῦ
2336 3624 2627 3688 Πλάτωνος
2666 3625 2865 3678 ὁπόσον
2899 3624 3006 3695 χρὴ
3034 3626 3195 3695 μόνον
3234 3626 3448 3692 θαυμάο

1868 3718 2053 3782 ζοντα.
2094 3716 2236 3769 Ἀλλ’
2285 3717 2335 3768 εί
2364 3716 2445 3770 δεῖ
2494 3718 2606 3780 τοῖς
2641 3717 2819 3785 φίλοις
2865 3716 3199 3786 πέμπειν,ῆ
3242 3715 3445 3770 διδόναι

1867 3808 2023 3878 πυρί.
2076 3808 2307 3861 Ἐκεῖνοι
2354 3807 2426 3872 δ’,
2461 3808 2538 3871 ὡς
2589 3808 2658 3862 ἂν
2713 3807 2931 3877 ἑκάστῳ
2964 3807 3116 3877 δόξῃ,
3174 3806 3317 3859 οὕτω
3346 3807 3448 3875 τὴν

1863 3905 1995 3971 περὶ
2045 3898 2311 3969 ἀληθείας
2361 3899 2473 3953 τῶν
2510 3899 2688 3968 λόγων
2728 3899 2910 3969 ψῆφον
2970 3900 3284 3969 φερόντων
3322 3900 3448 3967 ἐμοὶ

1863 3992 1970 4065 γὰρ
2000 3991 2125 4045 ἀντὶ
2154 3991 2375 4045 πάντων
2407 3991 2441 4059 η
2468 3990 2536 4059 σὴ
2566 3990 2746 4060 ψῆφος
2771 3990 3020 4061 ἀρκέσει.

1472 4462 1701 4550 ΤΟΥ
1766 4464 2149 4551 ΑΥΤΟΥ

1030 4655 1119 4709 ΕΚ
1151 4653 1286 4708 ΤΩΝ
1310 4651 1494 4708 ΥΠΕΡ
1542 4649 2065 4709 ΑΡΙΣΤΟΤΕΛΟΥΣ
2121 4648 2598 4704 ΔΝΤΙΛΗΨΕΩΝ.

265 4968 494 5038 Ἐπειδὴ
529 4967 593 5020 τὸ
618 4966 820 5038 βιϐλίον
848 4966 960 5021 τῶν
1008 4965 1128 5020 κατ’
1164 4965 1570 5034 Ἀριστοτέλους
1606 4964 1767 5032 βλασ-
1799 4969 1843 5025 ι)
1874 4964 2066 5032 σοφίας
2095 4964 2220 5016 ὅσον
2252 4960 2405 5030 αὐτῷ
2441 4960 2693 5030 Πλήθωνι
2719 4958 3181 5028 ὀρχηστικῆς.....
3206 4959 3367 5013 Ὅσοι
3391 4959 3450 5013 δέ

184 5058 412 5127 φημιῶν
447 5058 547 5110 καὶ
572 5059 653 5121 εἰς
686 5059 834 5127 ἡμᾶς
858 5057 954 5126 ὀψὲ
981 5056 1345 5127 περιῆλθεν...
1379 5058 1554 5111 Ἔνιοι
1585 5057 1641 5110 δὲ
1670 5058 1765 5110 καὶ

180 5150 704 5221 εὐγνωμονέστερον
758 5150 962 5218 ἀμφοῖν
1022 5149 1445 5215 διακούσαντες,
1514 5147 1763 5218 συνῆψαν

179 5242 350 5307 ἄμφω
381 5238 464 5292 τὼ
505 5237 785 5306 φιλοσόφω
807 5241 927 5300 ταῖς
956 5236 1227 5307 γνώμαις,
1259 5240 1352 5291 καὶ
1382 5238 1484 5308 τὴν
1513 5240 1571 5301 ές
1622 5238 1765 5292 Πλά-

178 5343 328 5379 τωνα
387 5329 660 5397 διαφορὰν
701 5329 1071 5398 ’Δριστοτέλει
1106 5329 1237 5396 περὶ
1295 5329 1357 5382 τὸ
1406 5330 1506 5400 τῆς
1562 5329 1765 5394 λέξεως

180 5419 519 5488 φαινέμενον
565 5419 840 5488 συμϐῆναι
900 5419 1062 5488 μόνον
1117 5419 1322 5489 φασί...
1365 5421 1506 5484 Τοὺς
1564 5421 1621 5473 δὲ
1671 5421 1765 5474 νῦν

180 5509 476 5571 Πλάτωνος
526 5511 865 5580 ἡττωμένους
891 5513 949 5563 ἐν
987 5506 1209 5581 Ἰταλία,
1242 5505 1322 5574 οἷς
1363 5528 1498 5581 φησι
1544 5512 1766 5582 χαριζό-

181 5618 345 5667 μενος
375 5603 481 5671 τὴν
529 5602 790 5671 τοιαύτην
850 5604 1237 5672 πραγματείαν
1264 5603 1451 5656 λαϐεῖν
1486 5604 1767 5671 ἐπὶ.νοῦν,

179 5693 341 5762 ῖσμεν
382 5692 531 5757 τίνες
590 5695 730 5747 εἰσί⁹
775 5696 869 5750 καὶ
901 5695 1085 5766 ἐώρων
1124 5695 1306 5749 πολλοὶ
1334 5696 1410 5765 τῷ
1461 5696 1615 5767 ἀνδρὶ
1638 5713 1768 5764 συγο

177 5785 517 5856 γινομένους
548 5788 746 5849 αὐτοὺς
779 5788 915 5853 ἐκεῖ,
951 5781 1028 5849 οἷς
1069 5787 1324 5843 τοσοῦτον
1361 5788 1585 5858 μέτεστι
1610 5788 1768 5857 φιλο-

506 5878 777 5940 ΡΑτιιοι..
820 5882 936 5941 Gn.
984 5880 1157 5940 (ZLX.

1868 5058 1927 5109 ἐν
1954 5055 2167 5126 ἑσπέρα
2203 5053 2314 5106 τῶν
2355 5051 2677 5123 φιλοσοφίας
2711 5050 3006 5120 δογμάτων
3044 5054 3285 5123 γνησίως
3326 5055 3451 5106 ἐπε·

1874 5146 2216 5217 μελήθησαν,
2244 5147 2341 5217 οὐχ
2365 5145 2567 5215 ὁμοίως
2604 5144 2675 5198 τὰ
2704 5141 2927 5198 τοιαῦτα
2955 5145 3233 5216 κρίνουσι·
3268 5146 3452 5217 κρείτ-

1868 5258 1994 5303 τους
2028 5239 2085 5292 δὲ
2114 5238 2337 5307 ἀριθμῴ
2369 5237 2557 5307 σχεδόν
2584 5239 2727 5292 εἰσιν
2760 5239 2814 5291 οἵ
2841 5255 2905 5306 γε
2951 5239 3214 5301 τοιοῦτοι,
3244 5234 3320 5293 ὧν
3354 5240 3451 5293 αὐ-

1869 5331 1960 5394 τὸς
1993 5331 2091 5383 οὐκ
2116 5330 2323 5397 ὀλίγοις
2355 5330 2730 5399 ἐνέτυχον.....
2769 5330 2937 5383 Ὥστε
2988 5332 3036 5383 εί
3090 5332 3165 5401 μὴ
3197 5331 3267 5383 δι’
3302 5332 3450 5401 ’Δριο

1871 5423 2095 5492 στοτέλη
2117 5422 2217 5475 οὐκ
2239 5421 2303 5476 ἂν
2325 5424 2560 5494 φυσικῆς
2585 5424 2907 5493 φιλοσοφίας
2930 5423 2988 5477 τὸ
3014 5424 3121 5477 τῶν
3150 5423 3451 5493 ἀνθρώπων

1872 5519 2089 5587 μετεῖχε
2121 5517 2395 5583 γένος.....
2427 5517 2516 5569 Ἑν
2542 5516 2619 5585 τῷ
2651 5501 3255 5585 ἐπιχειρήματιτούτῳ
3277 5517 3451 5577 τινὰς.

1869 5610 1997 5671 τοὺς
2028 5609 2392 5676 Χριστιανοὺς
2433 5609 2605 5677 ἡμᾶς,
2659 5607 3041 5676 αἰνιττόμενος
3075 5607 3127 5679 [6
3174 5608 3450 5680 Πλὴθων],

1871 5703 1936 5754 ἐκ
1963 5701 2204 5763 Μωσέως
2231 5702 2333 5770 τὴν
2356 5700 2513 5766 δόξαν
2539 5701 2743 5768 ταύτην
2772 5700 3199 5772 προειληφότας,
3229 5701 3456 5772 σύμφωο

1873 5793 1965 5848 vo'v
2001 5810 2104 5847 που
2140 5796 2209 5863 τῇ
2270 5792 2620 5865 Χριστιανῶν
2656 5793 2833 5847 πίστει
2895 5795 2991 5847 καὶ
3024 5795 3190 5850 ἀκὴν
3221 5794 3457 5862 ἀποφαίη

3074 5886 3152 5945 94
