3920 6454
290 301 395 374 810

1108 277 1203 371 οε
1243 311 1491 372 assus
1534 309 2228 373 FELOPONNESIACIS
2256 309 2542 369 oumo
2585 308 2664 372 II.

3450 304 3555 395 ego

290 423 491 475 κόντων
525 422 775 494 πράξεών
806 441 864 477 τε
899 426 992 495 καὶ
1036 426 1511 499 ἐπιτηδευμάτων.
1551 429 1709 481 Ἔστι
1734 428 1780 482 δ’
1810 430 1869 481 ὲν

1985 443 2036 484 se
2073 427 2406 483 immiscere.
2444 426 2603 497 Atqui
2632 427 2686 480 in
2712 425 2866 481 omni
2901 424 3012 480 fere
3066 423 3288 478 civitate
3318 421 3553 491 primum

290 511 439 567 πόλει
470 512 657 583 σχεδὸν
687 515 876 589 ἁπάσῃ
913 520 1132 587 πρῶτον
1165 518 1265 589 μὲν
1295 518 1391 572 καὶ
1436 517 1871 588 ἀναγκαιότατον

291 603 459 676 μέρος
495 606 589 660 καὶ
617 608 774 677 γένος
802 614 898 664 καὶ
941 612 1195 665 πλεῖστον
1223 612 1284 664 τὸ
1331 612 1717 683 αύτουργικὸν.
1748 614 1873 666 ὅσον

288 698 553 767 γεωργῶν
577 716 634 751 τε
666 700 758 752 καὶ
787 702 1000 769 νομέων
1028 702 1123 756 καὶ
1154 704 1488 774 ξυμπάντων
1518 704 1626 757 τῶν
1653 705 1780 767 τοὺς
1810 706 1873 756 ὲκ

287 790 392 860 γῆς
422 792 605 845 αὐτῶν
631 793 701 845 δι’
728 794 910 847 αὐτῶν
955 780 1335 866 ποριζομένων
1366 796 1616 866 καρπούς
1641 797 1873 867 ’ἕτερον

283 883 340 937 δὲ
367 882 672 948 τδτούτοις
703 886 770 940 αὖ
808 888 905 940 καὶ
934 887 1019 959 τῷ
1038 888 1185 960 ἄλλῳ
1214 889 1427 953 πόλεως
1462 888 1657 960 πλήθει
1684 889 1871 943 διακο-

284 977 460 1043 νικὸν,
507 979 633 1032 ὅσον
658 979 1129 1052 δημιουργητικόν
1173 1000 1231 1035 τε
1273 983 1367 1036 καὶ
1414 981 1745 1052 ἐμπορικὸν,
1780 983 1873 1035 καὶ

283 1070 593 1142 καπηλικὸν
623 1073 812 1141 φῦλον,
866 1074 962 1128 καὶ
992 1077 1040 1127 εί
1069 1074 1131 1146 δή
1166 1094 1217 1130 τι
1248 1077 1376 1131 ἄλλο
1418 1077 1633 1139 τούτοις
1661 1077 1873 1147 προσῆ-

282 1178 383 1214 κον
408 1176 425 1193 ⁸
454 1163 808 1234 δημιουργῶν
838 1167 939 1235 μὲν
964 1166 1032 1219 τὰ
1061 1167 1135 1238 μὴ
1162 1168 1291 1222 ὄντα
1314 1170 1424 1222 τῶν
1455 1171 1665 1225 σκευῶν
1688 1162 1873 1243 ὧνπερ

281 1255 566 1326 ἄνθρωποι
615 1261 673 1323 ἐς
699 1260 792 1313 τὸν
840 1260 955 1331 βίον
986 1262 1217 1327 δέονται,
1252 1265 1309 1326 ἐς
1352 1263 1543 1317 οὐσίαν
1587 1266 1830 1332 ἀγόντων
1855 1280 1870 1296 ο

285 1349 553 1419 ἐμπόρων
580 1351 636 1403 δὲ
668 1351 735 1405 τὰ
781 1353 1148 1418 πλεονάζοντά
1177 1371 1235 1406 τε
1267 1355 1361 1409 καὶ
1408 1356 1725 1409 ἐλλείποντα
1754 1358 1875 1421 ταῖς

279 1437 495 1509 χώραις
547 1442 807 1506 ἑκάσταις
854 1444 1200 1497 ἁπισούντων
1244 1448 1311 1516 τῇ
1343 1449 1406 1498 ἐκ
1447 1445 1547 1512 τῆς
1596 1447 1789 1515 ἑτέρας
1816 1447 1872 1510 ἐς

276 1529 380 1601 τὴν
416 1531 609 1602 ἑτέραν
638 1533 1005 1604 μετακομιδῇ.
1028 1535 1208 1588 αὐτῶν
1230 1537 1289 1600 ἐς
1316 1537 1415 1605 τὴν
1442 1537 1717 1590 διακονίαν
1745 1537 1875 1590 ταύ-

276 1639 381 1692 την
413 1627 863 1680 καταταττόντων
891 1628 1111 1694 αὐτοὺς,
1145 1628 1239 1681 ἆτε
1271 1630 1331 1681 οὗ
1362 1630 1736 1697 σχολαζόντων
1762 1632 1871 1684 τῶν

277 1711 629 1782 αύτουργῶν,
680 1714 783 1768 ὑπὸ
830 1716 926 1769 τοῦ
954 1719 1067 1780 τοῖς
1114 1719 1298 1769 αὐτῶν
1341 1719 1634 1787 πράγμασι
1668 1721 1868 1789 προσέο

1974 531 2029 576 et
2091 521 2331 575 maxime
2372 517 2744 574 necessarium
2789 526 2871 573 est
2930 524 2985 572 et
3041 512 3552 569 numerosissimttm

1975 612 2309 667 rusticorum
2338 627 2533 682 genus,
2555 610 2918 681 agricolarum
2943 608 3219 671 videlicet,
3238 612 3548 675 pastorum,

1973 702 2176 771 quique
2207 701 2300 756 alii
2348 712 2509 756 terrae
2564 701 2777 755 fructus
2808 699 3046 770 propriis
3083 698 3352 752 manibus
3403 694 3559 751 colli-

1974 805 2125 865 gunt.
2186 794 2432 850 Alterum
2465 802 2548 849 est
2603 795 2858 862 opiﬁcum
2918 808 3114 861 genus,
3162 799 3552 863 mercatorum,

1976 889 2295 943 institorum
2319 897 2372 942 et
2408 888 2670 943 similium
2692 887 2836 956 quod
2866 885 3189 971 primis'illis
3215 898 3280 939 ac
3333 885 3557 953 reliquae

1975 981 2183 1036 civitati
2227 979 2647 1045 inseruit;dum
2691 980 2913 1049 opilices
2956 977 3181 1047 quidem
3238 976 3555 1047 supellecti-

1976 1075 2083 1129 lem
2125 1075 2381 1129 humanm
2416 1073 2541 1128 vitae
2582 1072 2948 1128 necessariam
2983 1071 3036 1125 in
3071 1071 3311 1137 medium
3351 1070 3553 1138 produ‘

1975 1177 2127 1232 cunt,
2171 1177 2500 1220 mercatores
2534 1174 2712 1219 autem
2784 1180 2906 1235 quae
2939 1163 3173 1234 singulis
3242 1160 3556 1230 regionibus

1976 1259 2061 1313 vel
2126 1258 2307 1313 desint
2330 1258 2415 1311 vel
2446 1257 2745 1326 supersint,
2774 1258 2839 1310 de
2871 1259 2978 1311 ima
3012 1257 3068 1311 in
3125 1254 3287 1309 aliam
3321 1248 3556 1307 transfe—

1975 1350 2147 1404 rendo
2181 1358 2489 1418 exaequant,
2517 1346 2857 1435 et’quouiam
2888 1344 2977 1400 alii
3011 1344 3125 1400 suis
3148 1350 3416 1413 coguntur
3468 1356 3556 1396 re-

1975 1441 2078 1496 bus
2120 1455 2331 1507 vacare,
2366 1442 2472 1511 ipsi
2529 1441 2669 1495 hanc
2700 1438 3043 1509 provinciam
3076 1438 3404 1507 suspiciunt,
3467 1436 3554 1491 in-

1977 1533 2202 1587 stitores
2226 1532 2460 1601 denique
2499 1535 2564 1587 tle
2608 1531 2835 1585 rusticis
2865 1530 3084 1601 quidem
3118 1530 3202 1584 vel
3234 1530 3555 1584 mercatori-

1979 1628 2083 1683 bus
2118 1636 2309 1681 emunt
2339 1628 2621 1689 universa,
2658 1625 3070 1695 requirentibus
3110 1634 3291 1678 autem
3327 1623 3558 1693 singulis

1978 1723 2420 1791 quandoeuuque
2458 1729 2510 1773 et
2542 1733 2871 1788 quocunque
2910 1716 3078 1770 veliut
3100 1730 3328 1769 numero
3358 1715 3550 1768 diven-

274 1781 759 1875 xewaxartijlmv
811 1807 887 1872 δὲ,
942 1808 1093 1878 παρὰ
1152 1808 1251 1875 μὲν
1297 1781 1408 1860 τῶν
1459 1781 1782 1877 αύτουργῶν
1829 1810 1863 1880 ἡ

1985 1811 2131 1873 .luut,
2197 1810 2447 1865 noauulli
2510 1811 2674 1863 etiam
2738 1806 2985 1876 corporis
3049 1807 3191 1861 vires
3251 1805 3558 1867 elocantes.

272 1915 444 1953 τινων
474 1900 735 1970 ἐμπόρων
776 1900 951 1971 ἁθρόα
981 1902 1328 1970 ὠνουμένων,
1359 1903 1470 1955 τῶν
1510 1903 1566 1955 δὲ
1597 1903 1870 1971 δεομένων

275 1990 535 2054 ἑκάστοις
565 1994 658 2045 ἐπὶ
690 1993 789 2061 τῆς
818 1994 1034 2063 χρείας,
1064 1993 1251 2057 ὁπότε,
1282 1995 1376 2047 καὶ
1404 1995 1616 2046 ὁπόσων
1643 1994 1869 2061 δέοιντο,

1979 1922 2123 1961 nunc
2184 1906 2271 1961 bis
2320 1919 2464 1960 nunc
2524 1904 2629 1960 illis
2665 1903 3031 1959 ministerium
3089 1901 3399 1957 exhibendo
3447 1901 3583 1961 vic-.

1985 1999 2166 2052 litant.

275 2084 705 2155 ἀποδιδομένων.
753 2086 874 2139 Εἰσὶ
903 2086 950 2140 δ’
980 2085 1029 2140 οἳ
1067 2086 1161 2139 καὶ
1206 2087 1308 2158 τὴν
1353 2087 1445 2141 τοῦ
1502 2089 1753 2157 σώματος
1824 2088 2013 2163 ῥώμην
2074 2091 2452 2163 μισθούμενοι,
2497 2090 2876 2153 διακονοῦντες
2937 2089 3129 2145 ἄλλοτε
3198 2090 3403 2154 ἄλλοις,
3445 2090 3566 2145 δια-

277 2177 474 2243 ζῶσιν.

356 2271 421 2325 0'.
469 2271 593 2324 Ἐπὶ
627 2271 685 2325 δὲ
732 2271 947 2336 τούτοις
998 2274 1059 2325 τὸ
1106 2273 1334 2344 ἀρχικὸν
1370 2275 1556 2343 φῦλον,
1606 2277 1875 2348 σωτήρων

275 2364 340 2417 τέ
370 2381 534 2417 τινων
559 2364 660 2433 τῆς
690 2363 820 2434 ὅλης
852 2365 1060 2429 πόλεως
1087 2367 1120 2437 ἢ
1153 2367 1344 2435 γένους
1379 2368 1493 2439 (£5)
1523 2369 1555 2440 ἢ
1583 2372 1761 2438 γενῶν
1806 2371 1875 2423 ἂν

278 2456 429 2511 οὓτω
454 2457 596 2530 τύχῃ
641 2460 739 2513 καὶ
783 2459 1077 2528 φυλάκων·
1127 2454 1203 2514 ὧν
1249 2465 1549 2531 κορυφαῖος
1586 2463 1686 2532 μὲν
1718 2463 1875 2532 βασι-

276 2550 436 2613 λεὺς,
466 2551 501 2620 ἦ
531 2568 617 2615 τις
659 2552 904 2621 ἡγεμὼν,
942 2553 1061 2621 μεθ’
1088 2552 1147 2606 ὃν
1175 2553 1327 2606 ἄλλοι
1374 2554 1510 2608 ἄλλα
1538 2555 1875 2626 διειληφότες

277 2643 546 2712 γένουςῆ
596 2644 803 2707 πόλεως
860 2645 1023 2714 μέρη,
1069 2646 1430 2709 διασώζουσιν
1461 2647 1671 2702 ἕκαστα
1730 2647 1795 2701 άν
1825 2665 1877 2701 τι

287 2734 554 2804 γίγνηται
595 2736 710 2789 τῶν
749 2736 890 2789 κατὰ
923 2738 1145 2805 τρόπον.
1206 2737 1361 2791 Ἐπεὶ
1389 2728 1502 2806 γὰρ
1556 2738 1652 2809 οὔχ
1682 2734 1791 2792 οἷόν
1817 2755 1877 2792 τε

282 2827 504 2891 πάντας
530 2828 856 2897 ἀνθρώπους
886 2828 1182 2899 πεισθῆναι
1227 2830 1299 2892 ώς
1331 2830 1390 2883 τὸ
1427 2831 1541 2883 ἴσον
1569 2831 1677 2901 χρὴ
1710 2830 1875 2900 ἔχειν,

281 2922 385 2976 καὶ
425 2922 501 2993 μὴ
550 2922 921 2991 πλεονεκτεῖν,
974 2922 1113 2994 μηδὲ
1155 2925 1271 2987 τοῖς
1308 2924 1612 2995 ἀλλοτρίοις
1658 2925 1879 2981 ἐπιϐου-

281 3015 468 3069 λεύειν
494 3031 509 3046 ·
544 3016 660 3069 ἀλλ’
685 3018 824 3069 είσὶν
850 3017 903 3071 οῖ
928 3016 1024 3071 τοῦ
1052 3018 1374 3088 αὐτουργεῖν
1416 3014 1876 3090 ἀμελήσαντες,,ἥ

278 3127 411 3164 τινα
439 3109 610 3180 ἄλλην
639 3110 748 3163 τῶν
774 3112 832 3174 ἐς
882 3109 978 3164 τὸν
1029 3109 1144 3180 βίον
1170 3110 1363 3181 χρείαν
1411 3111 1708 3177 συντελεῖν,
1757 3113 1893 3175 τοῖς

2052 2279 2108 2335 9.
2148 2279 2492 2334 Postremum
2529 2286 2613 2332 est
2661 2276 2971 2346 principum
3007 2291 3200 2344 genus,
3236 2275 3327 2345 qui
3360 2275 3442 2330 vel
3472 2290 3566 2329 ur-

1983 2364 2103 2423 bent
2136 2369 2218 2423 vel
2244 2378 2456 2441 gentem
2488 2377 2655 2423 totam
2678 2378 3003 2422 conservant
3032 2375 3196 2437 atque
3218 2369 3561 2429 custodiunt,

1981 2474 2214 2530 quorum
2264 2468 2325 2514 ut
2373 2474 2666 2528 supremus
2718 2467 2803 2514 est
2835 2473 2950 2523 rex,
2989 2459 3062 2513 ita
3100 2467 3223 2528 post
3283 2460 3434 2513 illum
3470 2460 3561 2514 alii

1983 2552 2121 2607 alias
2151 2551 2315 2606 urbis»
2348 2552 2428 2606 vel
2451 2552 2627 2620 gentis
2655 2552 2843 2608 sortiti
2868 2562 3052 2619 partes
3090 2551 3192 2605 rite
3211 2562 3561 2607 conservant.

1984 2643 2122 2699 Cum
2167 2643 2334 2698 enim
2354 2645 2457 2698 hoc
2488 2645 2747 2699 omnibus
2775 2645 3090 2714 persuaderi
3115 2656 3371 2715 nequeat,
3398 2646 3569 2714 aequi-

1985 2743 2152 2791 tatem
2181 2735 2390 2806 absque
2428 2736 2627 2805 injuria
2663 2739 2979 2793 sectandum
3012 2751 3155 2800 esse,
3191 2751 3291 2794 nec
3336 2738 3566 2793 tendena

1982 2828 2081 2883 das
2122 2828 2445 2898 cujusquam
2474 2829 2635 2885 bonis
2692 2830 2967 2896 insidias;
3000 2830 3245 2887 nonnulli
3279 2839 3458 2885 autem
3479 2833 3565 2884 vel

1982 2920 2145 2990 primi
2194 2921 2282 2975 vel
2312 2921 2538 2977 secundi
2603 2922 2818 2992 generis
2843 2922 3060 2977 Ott-issis
3113 2922 3372 2993 operibus
3422 2922 3561 2983 suis,

1982 3012 2213 3078 aliorum
2237 3012 2448 3068 inhient
2486 3012 2763 3069 laboribus
2795 3030 2811 3081 ;
2843 3024 3034 3069 contra
3059 3014 3161 3069 bos
3181 3014 3413 3069 instituti
3438 3022 3569 3069 sunt

1978 3120 2044 3160 ex
2070 3105 2262 3161 amicis
2290 3104 2508 3175 quidem
2527 3105 2744 3175 iudices
2762 3116 2828 3162 et
2848 3107 3044 3181 reliqui
3082 3106 3349 3177 praefecti.
3370 3122 3435 3161 ex
3461 3108 3549 3160 inii

280 3201 495 3273 ἑτέρων
530 3201 713 3265 πόνοις
741 3200 1088 3271 ἐπιφύονται.
1121 3200 1283 3257 Κατὰ
1302 3201 1367 3272 δὴ
1394 3199 1604 3257 τούτων
1630 3202 1865 3273 ἐτάχθη-

1985 3199 2131 3257 micis
2158 3214 2288 3254 vero
2311 3200 2511 3256 milites
2530 3211 2589 3255 et
2622 3200 2818 3254 horum
2848 3200 3045 3263 duces,
3066 3201 3268 3270 quibus
3293 3215 3416 3255 cum
3442 3209 3567 3254 tan-

281 3309 418 3359 σαν,
450 3293 651 3361 φιλίων.
668 3294 769 3363 μὲν
794 3292 1191 3365 νομιζομένων,
1214 3293 1472 3348 δικασταί
1493 3310 1575 3360 τε,
1602 3294 1696 3348 καὶ
1726 3293 1874 3347 ἄλλοι

279 3384 594 3454 ἄρχοντες·
651 3385 932 3456 πολεμίων
985 3386 1068 3452 δὲ,
1112 3385 1444 3456 στρατιῶταί
1481 3402 1563 3448 τε,
1616 3387 1712 3447 κα.)⁵
1759 3386 1877 3438 ὅσοι

282 3478 557 3549 ἄρχοντες
585 3478 816 3533 τούτων.
866 3475 963 3543 Οἷς
997 3478 1421 3549 ἀσχολουμένοις
1461 3477 1592 3549 περὶ
1630 3475 1731 3550 τὴν
1768 3478 1877 3531 τῶν

197 3556 213 3567 ’
277 3570 428 3625 ὅλων
450 3569 722 3642 φυλακὴν,
752 3570 942 3642 ἐπειδὴ
964 3569 1237 3640 ἑτέρωθεν
1258 3569 1364 3623 ἔδει
1394 3571 1504 3625 τῶν
1526 3570 1878 3640 ἐπιτηδείων,

279 3663 453 3733 φόροι
494 3663 791 3732 παρὰτῶν
838 3662 1160 3733 αὑτουργῶν
1195 3661 1432 3731 μάλιστα
1465 3662 1711 3719 ἑκάστων
1758 3664 1878 3719 ἐτά-

1980 3307 2140 3362 quam
2160 3293 2391 3363 publica:
2411 3294 2634 3351 intentis
2651 3294 2909 3350 custodia:
2932 3294 3151 3349 aliunde
3169 3293 3563 3364 suppeditanda

1980 3394 2162 3441 essent
2227 3388 2558 3454 necessaria,
2622 3388 3101 3444 tributarusticis
3144 3387 3198 3443 in
3255 3386 3569 3445 dimensum.

1982 3477 2327 3548 publicorum
2372 3480 2659 3535 cuStodum
2714 3481 2983 3550 imperata
3040 3491 3188 3544 sunt,
3224 3495 3436 3535 merces
3466 3494 3563 3550 pa-

1983 3570 2117 3626 riter
2170 3554 2226 3625 Α
2257 3570 2541 3641 praemium
2586 3573 2847 3628 custodiae
2867 3573 3072 3638 futura,
3106 3582 3273 3643 atque
3315 3575 3427 3627 haec
3471 3572 3570 3626 tri-

1990 3667 2247 3722 butorum
2306 3676 2388 3722 est
2424 3664 2607 3735 origo.

278 3759 505 3831 χθησαν
556 3755 845 3828 φέρεσθαι,
892 3755 1107 3827 σίτησις
1156 3759 1272 3822 τοῖς
1305 3758 1507 3820 κοινοῖς
1554 3757 1756 3828 φύλαξι
1790 3760 1886 3810 καὶ
1923 3758 2117 3827 μισθός
2141 3776 2222 3822 τις
2254 3764 2351 3813 καὶ
2378 3761 2495 3830 ἅμα
2524 3761 2694 3831 γέρας
2715 3760 2815 3830 τῆς
2844 3761 3113 3830 φυλακῆς.
3147 3762 3256 3814 Καὶ
3311 3760 3450 3831 αὕτη
3500 3763 3567 3832 δὴ

278 3857 507 3927 γένεσις
547 3856 751 3925 φόρων.
781 3906 797 3913 -

361 3949 421 4005 ι’.
450 3949 633 4016 Τριῶν
658 3947 731 4020 »δὴ
773 3949 981 4006 τούτων
1008 3951 1263 4005 ὅντωνὲν
1309 3950 1460 4004 πόλει
1489 3953 1601 4005 τῶν
1648 3951 1883 4022 πρώτων

279 4042 471 4113 γενῶν
495 4044 639 4097 κατά
667 4060 732 4111 γε
760 4043 942 4111 φύσιν,
975 4044 1065 4099 ῖὸι’
1091 4046 1229 4099 ἄττα
1255 4047 1351 4098 καὶ
1372 4046 1440 4098 τὰ
1467 4043 1880 4115 ἐπιτηδεύματα

270 4136 388 4198 ,καὶ
412 4135 469 4188 αἱ
502 4133 730 4206 πράξεις
761 4135 1029 4196 ἑκάστων.
1064 4137 1161 4190 καὶ
1181 4139 1207 4189 ό
1236 4136 1527 4200 σπουδαῖος
1554 4139 1718 4207 νόμος
1749 4140 1883 4191 αὐτ).

276 4223 443 4280 τοῦθ’
491 4226 657 4293 ὀριεῖ,
711 4225 780 4277 τὰ
809 4224 976 4278 αὐτοῦ
1034 4225 1298 4295 πράττειν
1350 4226 1603 4290 ἕκαστον,
1650 4227 1746 4279 καὶ
1805 4227 1879 4294 μὴ

276 4315 661 4371 ἀπαλλάττειν
690 4315 836 4386 ἄλλῳ
864 4316 1011 4387 ἄλλῳ
1050 4316 1198 4385 γένει
1230 4317 1568 4387 ἐπιτήδευμα
1596 4318 1695 4371 καὶ
1736 4321 1875 4388 πρᾶ-

279 4409 393 4475 ξιν.
439 4408 649 4465 Αὐτίκα
694 4409 822 4471 τοὺς
876 4407 1148 4479 ἄρχοντας
1189 4409 1357 4479 μηδὲν
1409 4408 1517 4461 τῶν
1552 4409 1879 4463 διακονικῶν

277 4500 639 4571 ἐπιτηδεύειν
663 4518 678 4533 ο
710 4498 1101 4555 ἐναντιώτατον
1132 4500 1240 4568 γάρ
1274 4517 1377 4554 που
1415 4500 1661 4554 διακονία
1690 4502 1833 4572 ἀρχῇ
1862 4518 1878 4533 ο

277 4593 580 4649 διακονικὰ
632 4594 678 4647 δ’
710 4592 1147 4665 ἐπιτηδεύματα,
1202 4591 1340 4647 ἄλλα
1384 4610 1466 4656 τε,
1519 4593 1597 4657 ώς
1643 4594 1879 4662 ἔφαμεν.

2061 3948 2150 4000 iit.
2193 3943 2327 4000 Cum
2367 3958 2529 4013 porro
2558 3944 2643 3997 via
2687 3945 2801 3998 limo
2840 3942 3012 4010 prima
3050 3944 3162 3998 sint
3203 3944 3482 3998 hominum
3508 3945 3565 3999 iu

1986 4040 2121 4093 urbe
2158 4050 2383 4105 genera,
2410 4036 2631 4104 promia
2665 4033 2913 4102 quaedam
2942 4034 3281 4103 singulorum
3313 4050 3436 4091 esse
3466 4036 3563 4089 de-

1984 4128 2120 4183 bent
2149 4127 2350 4193 ollicia,
2380 4142 2501 4195 qua:
2540 4126 2966 4196 quidemproba
3004 4128 3092 4183 lex
3117 4127 3272 4181 obire
3295 4142 3568 4197 quemque

1979 4220 2163 4291 jubet,
2218 4233 2319 4273 nec
2375 4218 2519 4272 inter
2572 4233 2632 4272 se
2688 4216 3052 4275 confundere.
3087 4216 3373 4291 Principes
3402 4222 3567 4290 igitur

1986 4313 2196 4368 nullum
2229 4311 2464 4366 subeant
2492 4310 2880 4375 ministerium,
2918 4312 3365 4381 quandoquidem
3396 4314 3567 4383 impe-

1987 4405 2071 4460 rio
2103 4404 2341 4459 maxime
2363 4406 2700 4459 contrarium
2737 4414 2821 4460 est
2850 4402 3187 4460 ministrare.
3222 4404 3362 4461 Sunt
3383 4414 3565 4461 autem

1988 4498 2132 4553 inter
2163 4496 2469 4552 ministeria
2525 4512 2648 4550 cum
2675 4496 2804 4560 alia,
2838 4512 2959 4566 qua:
2996 4500 3396 4560 recensuitnus,
3453 4510 3566 4553 tum

1989 4588 2260 4643 institor-ia
2297 4598 2350 4644 et
2395 4598 2724 4643 mercatura.
2771 4590 2841 4643 At
2900 4589 3200 4657 principem
3271 4589 3428 4657 jubet
3485 4590 3565 4643 lex

278 4686 387 4740 καὶ
430 4684 704 4756 ἐμπορεία
752 4701 813 4737 τε
860 4684 961 4738 καὶ
1012 4685 1315 4751 καπηλεία.
1354 4685 1697 4754 ’Λρχοντια
1735 4686 1762 4739 ὅ
1817 4702 1882 4753 γε

1992 4692 2098 4732 non
2134 4687 2499 4732 mercaturam
2543 4694 2647 4731 nec
2676 4677 3002 4731 institoriam
3037 4676 3240 4738 facere,
3287 4692 3391 4731 nec
3420 4679 3565 4732 aliud

279 4777 586 4841 σπουδαῖος
638 4778 801 4845 νόμος
854 4778 998 4846 όριεῖ
1049 4777 1124 4847 μὴ
1182 4776 1390 4844 ἐξεῖναι
1446 4775 1875 4847 ἐμπορεύεσθαι,

284 4870 435 4941 μηδὲ
469 4868 829 4939 καπηλεύειν,
863 4867 987 4939 μηδ’
1017 4869 1179 4923 ἄλλον
1214 4869 1443 4939 μηδενὸς
1469 4869 1739 4923 ἅπτεσθαι
1769 4870 1879 4922 τῶν

281 4960 687 5030 ἀνελευθέρων.
716 4958 858 5024 Τούς
886 4978 946 5014 τε
974 4961 1314 5031 στρατιώτας
1340 4961 1740 5031 ἀποκεκρίσθαι
1771 4962 1879 5015 τῶν

282 5050 533 5116 πολλῶν,
567 5050 661 5106 καὶ
696 5051 833 5115 ὅλως
877 5050 1007 5114 τοὺς
1051 5050 1325 5115 σώζοντας
1356 5050 1466 5104 τῶν
1511 5051 1842 5122 σωζομένων
1866 5069 1880 5085 ο

286 5144 398 5199 καὶ
426 5144 551 5205 τοὺς
578 5142 677 5212 μὲν
700 5143 1035 5213 ἀφειμένους
1060 5142 1264 5205 παντὸς
1290 5144 1458 5211 φόρου
1484 5142 1884 5212 στρατεύεσθαί

280 5254 353 5291 τε
380 5234 478 5289 καὶ
507 5235 955 5305 προκινδυνεύειν
988 5234 1100 5287 τῶν
1140 5233 1374 5295 πολλῶν,
1404 5235 1533 5296 τοὺς
1557 5234 1614 5287 δὲ
1651 5238 1764 5297 τοῖς
1789 5235 1885 5287 αὑ-

286 5328 411 5384 τῶν
438 5327 831 5398 προσέχοντας,
867 5327 1085 5390 ίκανούς
1133 5344 1193 5380 τε
1236 5326 1294 5390 ἐς
1338 5326 1593 5396 δύναμιν,
1628 5330 1724 5382 καὶ
1764 5329 1885 5397 ἅμα

288 5421 361 5476 οὗ
402 5419 589 5491 βαρεῖς
613 5436 767 5483 τινας
797 5420 986 5490 φέρειν
1017 5420 1145 5482 τοὺς
1176 5419 1396 5489 φόρους,
1441 5419 1658 5487 σίτησιν
1688 5421 1801 5480 τοῖς
1826 5438 1886 5473 τε

287 5512 662 5583 ἄρχουσικαὶ
711 5510 1060 5584 στρατιωτῶν
1103 5512 1219 5575 τοῖς
1273 5510 1486 5578 λογάσι.
1530 5509 1605 5563 Τὸ
1650 5510 1785 5563 πολὺ
1828 5511 1888 5565 δὲ

294 5605 408 5677 τῆς
443 5605 726 5676 στρατιᾶς,
766 5604 865 5660 καὶ
910 5605 972 5660 τὸ
1021 5602 1475 5671 ἀναγκαιότατον,
1520 5600 1792 5679 ὁμόφυλόν
1830 5622 1888 5658 τε

1987 4770 2289 4840 quidquam
2326 4786 2434 4825 non
2471 4769 2701 4824 liberale
2746 4776 3001 4822 tractare.
3061 4767 3329 4823 Similiter
3352 4784 3380 4823 a
3410 4772 3569 4839 vulgo

1986 4872 2347 4918 secernautur
2382 4862 2601 4926 milites,
2629 4874 2695 4915 ao
2728 4868 3034 4913 servatores
3067 4874 3097 4912 ιι
3153 4859 3473 4926 servandis;
3517 4872 3572 4917 et

1990 4960 2064 5015 illi
2104 4956 2323 5026 quidem
2353 4955 2421 5009 ab
2447 4952 2598 5009 omni
2655 4952 2949 5006 collatione
3004 4953 3159 5009 liberi
3194 4953 3447 5019 militent,
3504 4971 3570 5012 ac

1987 5051 2249 5123 populum
2287 5054 2544 5101 tueantur
2573 5061 2590 5102 ς
2625 5044 2680 5099 bi
2705 5059 2834 5099 vero
2869 5058 2999 5100 suas
3031 5061 3120 5101 res
3148 5056 3373 5116 agentes
3394 5050 3569 5103 idonei

1987 5150 2115 5199 sunt
2140 5137 2421 5209 regnando
2448 5152 2547 5193 nec
2575 5136 2758 5205 gravia
2783 5138 2985 5191 tributa
3016 5140 3319 5210 principum
3354 5151 3407 5196 et
3429 5143 3573 5196 milio

1992 5235 2140 5289 tibus
2175 5230 2504 5285 nutrimenta
2548 5230 2811 5298 pendunt.
2842 5229 3015 5299 Major.
3055 5247 3183 5287 vero
3217 5248 3342 5301 pars
3364 5250 3571 5289 οχοτοι.

1994 5332 2080 5377 Ius
2116 5330 2173 5376 et
2200 5319 2376 5390 potior
2405 5318 2606 5373 civium
2641 5319 2734 5383 sit,
2763 5335 2827 5373 ac
2854 5322 3314 5385 domesticorum,
3338 5339 3444 5379 nou
3476 5342 3571 5394 pe.

1996 5413 2364 5485 regrinorum,
2432 5410 2697 5481 siquidem
2756 5427 2882 5467 raro
2936 5411 3059 5467 lidei
3123 5423 3252 5467 sunt
3303 5417 3571 5485 peregrini

1998 5506 2294 5576 multisque
2328 5503 2731 5559 mutationibus
2762 5503 3034 5558 interdqu
3072 5520 3177 5575 pro
3200 5509 3486 5561 servatori!
3511 5526 3575 5564 us

1998 5611 2164 5672 atque
2194 5596 2520 5656 custodibus
2550 5596 2740 5654 hostes
2770 5596 3071 5665 exsistunt,
3109 5596 3399 5658 domestici
3446 5619 3576 5662 vero

381 5766 495 5837 (45)
526 5766 822 5837 Πόλεως-ἢ
854 5768 1084 5837 γένους.
1151 5768 1265 5826 Vid.
1306 5769 1437 5826 Pint.
1467 5772 1505 5828 l.
1536 5769 1571 5825 Υ
1646 5766 1705 5823 'Ie
1734 5765 2036 5836 Republica.
