3920 6454
250 367 359 435 853

1063 384 1160 444 DE
1198 387 1459 447 REBUS
1503 389 2203 451 PELOI‘GNNESIACIS
2253 392 2539 451 ORATIO
2585 393 2658 453 ΙΙ.
3400 389 3509 453 854

254 505 379 555 ρων,
429 504 563 558 προς
590 491 747 556 λόγον
784 492 893 548 αἰεὶ
924 497 1031 550 τῶν
1063 500 1345 569 δυνάμεων
1390 504 1664 572 φερόντων
1700 506 1828 557 ἐκέ-

1943 506 2084 560 ῡιὶον
2146 500 2515 562 utilissimum.
2545 510 2675 574 Quae
2712 523 2874 578 porto
2897 509 3124 578 mquitas
3184 508 3271 562 hic
3321 523 3418 578 pro
3448 524 3535 565 re,

252 591 425 629 στων’
487 577 619 634 ὥστ’
670 582 737 636 ἂν
793 585 889 639 καὶ
952 587 1244 659 κράτιστος
1295 592 1376 659 εἴη
1435 592 1616 661 φόρων
1669 594 1823 660 οὗτος

1938 599 2111 652 lucum
2145 600 2361 663 habeat,
2412 600 2535 654 hinc
2558 600 2683 654 licet
2706 600 3158 654 animadvertere.

252 673 579 743 κουφότατός
604 695 660 729 τε
694 677 795 741 ὢν,
834 680 909 743 ὡς
936 682 1167 751 ἔφαμεν,
1206 685 1298 737 καί
1338 686 1709 756 δμαλώτατος,
1780 690 2227 754 λυσιτελέστατός
2275 711 2333 745 τε
2386 694 2497 755 τοῖς
2566 695 2766 756 κοινοῖς
2820 696 2884 764 τῇ
2959 693 3275 764 δικαιοτάτῃ
3352 692 3516 764 μοίρᾳ

251 766 732 836 εἰσπραττόμενος.
761 769 921 831 "litt;
945 770 989 823 δ’
1014 773 1083 825 ἂν
1108 772 1425 847 δικαιοτάτη
1456 777 1664 844 γένοιτο
1687 780 1830 834 κατά
1869 780 2026 849 λόγον
2060 784 2246 852 μοῖρα.
2277 782 2488 835 ἐνθένδε
2529 782 2646 836 ἐστι
2676 782 3017 851 λογίσασθαι.

320 890 412 953 ιγ’.
448 884 575 949 Τοῖς
607 887 672 942 ἐκ
717 892 821 959 γῆς
860 895 1097 961 καρποῖς
1136 894 1307 960 τριῶν
1342 894 1423 947 δεῖ
1453 895 1659 951 τούτων
1691 898 1828 967 πρὸς

249 977 344 1048 τὴν
372 978 569 1047 φορὰν,
621 973 909 1052 ἐργασίας,
957 984 1068 1036 τῶν
1098 986 1289 1052 τελῶν,
1347 989 1417 1041 δι’
1443 980 1627 1060 ὧνπερ
1659 992 1828 1061 ἐργά-

250 1086 430 1122 σονται
451 1070 501 1123 oi
528 1071 910 1141 ἐργασόμενοι,
941 1075 1100 1145 βοῶν,
1126 1079 1406 1147 ἀμπέλων,
1442 1080 1825 1150 βοσκημάτων,

247 1160 337 1213 καὶ
366 1163 478 1213 τῶν
511 1162 687 1216 ἄλλων
716 1166 824 1218 τῶν
857 1172 1310 1239 τοιουτοτρόπων,
1348 1174 1442 1224 καὶ
1482 1174 1581 1238 τῆς
1616 1174 1824 1229 τούτων

246 1249 515 1320 φυλακῆς.
547 1252 710 1307 Ὥστε
751 1256 848 1309 καὶ
891 1259 1072 1325 τρισὶν
1105 1260 1173 1312 ἂν
1222 1264 1553 1332 προσήκοιεν
1593 1266 1735 1317 κατά
1767 1267 1826 1318 τὸ

246 1343 477 1409 δίκαιον,
506 1347 624 1410 τοῖς
664 1349 1076 1419 ἐργαζομένοις,
1110 1354 1224 1416 τοῖς
1256 1354 1324 1406 τὰ
1354 1356 1481 1423 τέλη
1516 1357 1825 1427 παρεχομέ-

248 1454 357 1499 νοις
389 1439 505 1501 τοῖς
561 1439 764 1509 ἔργοις,
818 1445 912 1494 καὶ
966 1444 1172 1513 τρίτοις
1222 1448 1332 1507 τοῖς
1378 1446 1575 1516 φύλαξί
1627 1465 1685 1500 τε
1720 1448 1829 1500 τῶν

249 1527 383 1582 ὅλων
415 1531 511 1582 καὶ
543 1535 835 1601 σωτῆρσιν,
870 1532 965 1597 οὓς
1000 1534 1259 1604 βασιλέας
1297 1556 1357 1590 τε
1407 1542 1499 1592 καὶ
1531 1540 1824 1608 ἡγεμόνας,

249 1622 446 1686 ἄλλους
478 1642 538 1676 τε
593 1626 864 1696 ἄρχοντας
896 1628 1124 1697 ἔφαμεν.
1164 1628 1303 1693 Τοὺς
1354 1631 1446 1684 οὖν
1493 1633 1828 1701 αὐτουργοὺς

249 1714 381 1777 τοὺς
415 1715 639 1779 οἰκείοις
690 1720 802 1782 τοῖς
845 1720 1058 1774 τέλεσιν
1105 1722 1529 1791 ἐργαζομένους,
1577 1723 1842 1789 ἐξουσίας-

247 1807 410 1877 οῧσης
446 1809 633 1877 σφίσιν
661 1811 766 1881 ὅπη
813 1829 871 1864 τε
900 1812 1004 1881 γῆς
1034 1819 1126 1866 καὶ
1161 1816 1307 1878 ὅπως
1347 1814 1625 1883 βούλοιντο
1657 1816 1828 1886 ἐργά-

2004 901 2088 955 l5.
2116 899 2296 954 Terrae
2320 899 2528 955 fructus
2548 900 2646 954 tria
2670 901 3011 970 potissimum
3048 900 3356 970 requirunt,
3382 915 3516 970 ope-

1931 1006 2043 1055 ras,
2069 1000 2316 1060 sumplus
2337 992 2517 1059 operis
2545 991 2884 1060 praebendos,
2902 1001 2961 1047 ut
2986 992 3172 1055 boves.
3194 993 3399 1057 vineas,
3426 1008 3516 1046 ar—

1932 1094 2110 1139 menta
2146 1095 2199 1138 et
2246 1085 2541 1148 similia,et
2584 1085 2778 1139 horum
2817 1086 3143 1144 custodiam.
3185 1094 3517 1155 quapropter

1930 1178 2089 1231 etiam
2111 1177 2288 1232 tribus
2313 1178 2436 1246 jure
2458 1178 2745 1239 debentur.
2766 1178 2969 1247 operis,
2994 1187 3309 1248 sumptumn
3334 1178 3515 1231 domi-

1931 1270 2037 1334 nis,
2059 1283 2121 1323 ac
2153 1270 2387 1339 denique
2404 1269 2721 1325 custodibus
2737 1270 3111 1324 universorum
3133 1278 3186 1323 et
3221 1268 3517 1325 servatori-

1932 1362 2036 1414 bus
2058 1375 2194 1430 quos
2233 1375 2407 1428 reges,
2438 1361 2732 1430 principes,
2771 1361 3017 1431 aliosque
3050 1361 3332 1429 praefectos
3379 1362 3519 1415 dixi-

1933 1470 2075 1508 mus.
2103 1453 2309 1509 Rustici
2337 1468 2466 1520 ergo
2498 1453 2590 1523 qui
2615 1455 2730 1508 suis
2761 1454 3010 1508 laborant
3046 1455 3371 1523 sumptibus.
3393 1468 3517 1507 cum

1933 1545 2093 1599 liceat
2125 1546 2258 1615 ipsis
2292 1560 2618 1614 quocunque
2646 1546 2765 1599 loco
2799 1553 2997 1599 terram
3027 1547 3219 1612 quovis
3251 1558 3406 1614 pacto
3427 1559 3522 1597 cn-

1938 1637 2065 1700 lere,
2118 1637 2330 1691 duabus
2366 1634 2611 1691 fruentes
2649 1638 2917 1706 partibus,
2933 1638 3100 1691 altera
3129 1638 3331 1706 operis.
3355 1637 3533 1691 altera'

1935 1727 2242 1797 sumptibus
2289 1727 2492 1790 debita,
2522 1728 2735 1782 tertiam
2776 1729 3085 1797 reipublicae
3110 1736 3165 1782 et
3201 1730 3519 1784 custodibus

1937 1814 2316 1869 universorum
2353 1822 2629 1883 praestent,
2689 1818 2838 1869 omni
2895 1816 2999 1871 alia
3046 1818 3338 1874 collatione
3384 1830 3531 1888 qua-‘

247 1902 461 1969 ζεσθαι,
492 1903 713 1974 ἔχοντας
736 1906 835 1969 τὰς
858 1907 954 1960 δύο
988 1908 1331 1991 μοίραςςτὴν
1361 1910 1462 1978 μὲν
1491 1913 1556 1979 τῇ
1591 1908 1825 1980 ἐργασίᾳ

1943 1922 2152 1977 cunque
2201 1908 2459 1977 omnique
2485 1907 2789 1963 ministerio
2813 1916 3088 1972 vacantes,
3120 1920 3282 1978 atque
3313 1911 3418 1965 hoc
3442 1912 3523 1966 ~sit

250 1996 659 2064 προσήκουσαν,
715 1998 814 2067 τὴν
871 2000 929 2051 δὲ
975 2001 1089 2062 τοῖς
1142 2001 1334 2063 τέλεσι,
1384 2002 1482 2066 τὴν
1528 2001 1720 2070 τρίτην
1751 1999 1829 2070 τῷ

244 2084 496 2156 δημοσίῳ
535 2104 594 2139 τε
649 2091 742 2140 καί⁵
775 2090 887 2151 τοῖς
924 2088 1022 2158 τὴν
1052 2090 1302 2157 φυλακὴν
1341 2090 1447 2143 τῶν
1485 2091 1624 2144 ὅλων
1654 2093 1837 2143 ἐπιτε-

247 2178 589 2246 τραμμένοις
632 2179 955 2249 ἀποςέρειν,
995 2180 1216 2250 ἀπάσης
1260 2181 1428 2251 ἄλλης
1466 2184 1726 2252 εἰσφορᾶς
1753 2182 1836 2235 ὅτι

1925 1998 2291 2065 justissimum
2354 2000 2640 2063 tributum,
2675 2001 2963 2069 praemium
3022 2000 3184 2055 simul
3211 2015 3276 2055 ac
3314 2003 3524 2068 dituru-

1934 2106 2054 2146 sum
2113 2090 2348 2160 publicis
2400 2090 2673 2146 ministris
2727 2090 3000 2147 futurum.
3049 2092 3125 2147 Ac
3175 2092 3243 2147 de
3302 2094 3531 2147 tributis

1944 2182 2163 2251 quidem
2226 2185 2511 2239 hactenus.
2710 2176 2713 2179 λ
3486 2202 3489 2207 λ

251 2268 325 2338 μὴ
379 2270 537 2339 ἀξίας
587 2272 752 2339 λόγου
806 2275 900 2328 καὶ
930 2274 1278 2345 λειτουργίας
1334 2277 1686 2345 ἀφειμένους.
1721 2276 1839 2329 Kal.
1871 2275 2060 2329 τοῦτον
2094 2275 2440 2331 δικαιότατον
2470 2276 2761 2344 γίγνεσθαι
2791 2277 2983 2348 φόρον,
3015 2276 3186 2348 γέρας
3247 2295 3331 2332 τε.
3371 2279 3525 2343 ἄξιον

251 2365 343 2419 καὶ
398 2363 611 2433 σίτησιν
652 2366 769 2436 ἅμα
798 2368 911 2430 τοῖς
958 2367 1193 2421 ἐπὶτῶν
1233 2370 1432 2421 κοινῶν
1456 2370 1834 2439 τεταγμένοις
1873 2368 2247 2440 λειτουργιῶν.
2291 2369 2397 2423 Καὶ
2427 2369 2556 2441 περὶ
2587 2373 2687 2441 μὲν
2718 2372 2899 2441 φόρων
2943 2372 3200 2426 τοσαῦτι.

321 2479 406 2533 ιδ’.
442 2480 553 2552 Τὴν
586 2482 641 2533 δὲ
683 2480 777 2533 τοῦ
810 2481 927 2551 βίου
960 2482 1173 2536 δίαιταν
1207 2487 1322 2547 τοῖς
1376 2494 1450 2537 ts‘
1474 2484 1657 2542 ἄλλοις
1688 2483 1839 2536 πολί-

248 2589 396 2634 ταις,
422 2572 518 2623 καὶ
552 2572 789 2641 μάλιστα
834 2574 1086 2643 ἄρχουσι,
1122 2575 1196 2644 μὴ
1244 2575 1534 2643 πολυτελῆ,
1569 2576 1705 2628 ἀλλὰ
1739 2592 1837 2640 με-

249 2664 409 2731 τρίαν
444 2659 581 2716 εἶναι
612 2681 623 2696 ν
678 2665 907 2729 ξενικῶν
938 2667 1037 2733 μὲν
1078 2667 1324 2734 ἐσθήτων
1362 2667 1538 2719 ἄλλων
1589 2668 1836 2734 ματαίων

252 2754 351 2807 καὶ
380 2756 678 2823 ἀνωφελῶν
702 2756 1051 2826 ὀλιγωροῦσι,
1079 2757 1216 2827 πρὸς
1244 2758 1299 2810 δὲ
1325 2758 1416 2809 τὶν
1443 2756 1675 2826 πόλεμον
1704 2758 1837 2810 πᾶσι

249 2848 628 2916 τεταγμένοις,
656 2848 751 2899 καὶ
777 2850 875 2910 τὰς
904 2849 1139 2901 ἐνταῦθα
1166 2848 1440 2916 φερούσας
1468 2849 1836 2919 θεραπεύουσι

251 2938 636 3004 παρασκευὰς,
688 2936 752 2999 ἃς
787 2938 1000 3007 ἀνάγκη
1043 2938 1326 3008 μειοῦσθαί
1374 2957 1433 2991 τε
1488 2940 1583 2993 καὶ
1614 2938 1839 2991 ἀσθενει

254 3027 465 3096 στέρως
503 3027 699 3097 ἴσχειν,
739 3028 935 3081 ἄλλοσέ
973 3045 1049 3100 πη
1108 3032 1550 3101 ἐξαναλουμένων
1592 3030 1699 3082 τῶν
1746 3032 1839 3083 δα-

248 3120 460 3173 πανῶν.
516 3120 656 3183 Τοὺς
711 3120 775 3173 ἐκ
821 3121 923 3188 τῆς
976 3122 1158 3194 χώρας
1209 3124 1454 3193 καρποὺς
1503 3124 1578 3192 μὴ
1638 3123 1837 3188 ἐξεῖναι

250 3211 493 3279 ἐξάγειν,
526 3212 633 3279 ὅπη
681 3230 736 3264 τε
769 3214 864 3266 καὶ
895 3213 1044 3275 ὅπως
1076 3231 1163 3276 τις
1209 3213 1469 3284 βούλοιτο,
1506 3215 1624 3267 ἀλλ’
1659 3214 1692 3285 ἢ
1745 3214 1837 3266 ἐπὶ

249 3285 318 3374 τῇ
349 3304 580 3374 ἡμισείᾳ
616 3304 752 3373 πρός
793 3321 856 3371 γε
892 3304 1215 3364 ἐνσπόνδους
1248 3305 1355 3356 τῶν
1391 3305 1556 3370 ξένων
1587 3305 1681 3357 τὸν
1711 3305 1835 3375 βου-

250 3396 481 3466 λόμενον
509 3396 747 3463 ἐξάγειν,
778 3397 854 3458 ῶς
883 3397 981 3449 οὐκ
1023 3395 1091 3449 ἂν
1119 3397 1297 3458 ἄλλως
1340 3397 1834 3467 ἐξαχθησομένους,

250 3488 284 3559 ἢ
319 3488 368 3540 εί
404 3490 464 3540 ἐν
513 3489 588 3556 μὴ
623 3489 797 3557 μείονι
830 3488 864 3557 ἢ
920 3476 1182 3559 διπλασία
1222 3487 1405 3559 χρείᾳ,
1448 3490 1495 3541 εἰ
1535 3489 1674 3552 ξένοι
1726 3483 1839 3540 εἷεν

249 3579 361 3633 τῶν
393 3580 653 3633 πολιτῶν.
695 3579 927 3650 Σιδήρου
958 3580 1015 3632 δὲ
1059 3580 1248 3649 μόνον,
1285 3582 1381 3632 καὶ
1427 3580 1627 3642 ὅπλων,
1667 3582 1761 3634 καὶ
1789 3584 1838 3633 εί

251 3674 316 3742 δή
345 3690 399 3728 τι
440 3673 575 3730 ἄλλο
603 3674 712 3726 τῶν
742 3674 1217 3740 ἀναγκαιοτάτων,
1254 3673 1683 3742 ἀλλαττόμενον,⁷
1702 3670 1839 3737 ἐξεῖ-

254 3783 341 3818 ναι
373 3766 597 3834 ἐξάγειν
629 3764 706 3836 μὴ
738 3765 998 3818 τελοῦντα
1034 3765 1157 3834 μηδ’
1186 3765 1385 3819 ὁτιοῦν.
1416 3766 1732 3835 Νομίσματι
1765 3764 1839 3834 μὴ

251 3856 599 3927 εὐδιαφθόρῳ
623 3857 882 3927 χρῆσθαι,
919 3857 1054 3926 μηδὲ
1091 3857 1307 3926 ξενικῷ,
1344 3858 1378 3928 ἦ
1411 3859 1586 3912 δοκεῖν
1617 3859 1684 3911 ἂν
1736 3874 1834 3910 πο-

252 3951 391 4021 νηρᾷ
426 3950 525 4004 καὶ
558 3951 816 4022 ἀλλοτρίᾳ
869 3950 1109 4020 χρῆσθαι
1162 3951 1255 4002 καὶ
1286 3953 1352 4019 τῇ
1394 3950 1663 4021 πολιτεία.
1701 3950 1836 4002 Οὑδέ

252 4044 359 4111 γάρ
390 4041 602 4109 φαῦλον
635 4042 714 4104 εἷς
744 4059 807 4108 γε
845 4042 1123 4103 πολιτείας
1154 4042 1314 4108 λόγον
1348 4044 1515 4113 μέρος
1546 4042 1612 4095 ἂν
1644 4043 1738 4094 καὶ
1777 4043 1836 4094 τὺ

250 4136 498 4205 νόμισμα
533 4131 960 4203 ξυμϐάλλεσθαι.
992 4134 1106 4196 Τὰς
1139 4133 1344 4203 ζημίας
1381 4135 1455 4203 μὴ
1507 4134 1833 4197 ἀλλοκότους

254 4230 386 4301 μηδέ
419 4228 771 4301 βαρϐαρικὰς
793 4228 1067 4281 ποιεῖσθαι
1098 4228 1205 4280 τῶν
1235 4225 1720 4297 ἐξαμαρτανόντων
1744 4227 1832 4298 εἴη

249 4322 360 4383 τοῖς
395 4320 822 4389 ἁμαρτήμασιν,
854 4316 997 4370 ὥστε
1027 4318 1123 4369 καὶ
1151 4316 1593 4385 κεκολασμένους
1631 4315 1832 4384 ἥκιστα

2022 2486 2107 2540 14.
2142 2483 2368 2539 Viventii
2402 2499 2565 2554 porro
2598 2486 2740 2539 ratio
2772 2500 2894 2540 cum
2949 2486 3282 2554 reliquorum
3319 2488 3531 2542 civium

1946 2585 2059 2630 tum
2093 2575 2477 2647 prml‘ectorum
2512 2577 2749 2631 maxime
2776 2591 2885 2631 non
2908 2588 3249 2647 sumptuosa,
3277 2580 3370 2634 sed
3405 2590 3536 2633 nmo"

1945 2668 2132 2720 derata
2165 2667 2257 2734 sit,
2291 2669 2373 2722 sic
2404 2680 2460 2722 ut
2493 2669 2816 2736 peregrinas
2852 2668 3068 2737 quidem
3108 2680 3287 2725 vestes
3314 2672 3315 2675 “
3344 2682 3396 2724 et
3425 2688 3523 2725 nu-

1946 2772 2045 2826 gas
2075 2756 2212 2811 alias
2248 2757 2540 2827 negligent,
2584 2756 2649 2811 ad
2693 2758 2893 2812 bellum
2938 2766 3119 2812 autem
3160 2760 3269 2813 sint
3329 2776 3519 2814 omnes

1934 2847 2265 2917 compositi,
2296 2848 2509 2917 quique
2527 2848 2632 2901 huc
2655 2852 2925 2916 pertinent
2952 2860 3265 2918 apparatus,
3291 2850 3533 2918 diligen-'

1947 2952 2030 2997 ter
2083 2951 2400 3011 procurent,
2441 2957 2580 3011 quos
2624 2941 2869 3010 quidem,
2932 2959 3055 2996 cum
3096 2942 3202 2996 alio
3270 2952 3520 3010 sumptus

1942 3035 2373 3099 transferuntur,
2429 3036 2659 3090 diminui
2729 3044 2945 3103 oportet
3004 3051 3065 3089 ac
3107 3036 3297 3089 deteri.
3336 3034 3520 3088 Terra:

1941 3128 2152 3183 fruetus
2192 3128 2397 3182 nemini
2433 3128 2614 3192 liceat,
2650 3142 2980 3198 quocunque
3020 3128 3168 3191 velit,
3246 3127 3351 3180 nisi
3388 3128 3522 3179 alte;

1938 3236 2054 3275 ram
2090 3229 2295 3290 partem
2333 3234 2429 3288 pro
2456 3220 2705 3289 vectigali
2737 3220 2958 3289 pendat,
3018 3220 3273 3283 evehere,
3311 3217 3377 3271 ad
3426 3234 3517 3269 su-

1939 3312 2052 3368 cins
2091 3312 2307 3381 quidem
2338 3312 2568 3365 evehere
2595 3310 2751 3364 liceat
2787 3326 2802 3374 ;
2837 3310 2919 3363 sin
2946 3308 3070 3378 quis
3099 3306 3261 3368 ferro,
3306 3307 3388 3359 vel
3424 3316 3529 3358 ιιι-α’

1950 3405 2077 3469 mis,
2106 3405 2188 3459 vel
2214 3403 2318 3456 alia
2351 3419 2409 3458 re
2438 3402 2746 3458 necessaria
2779 3403 2906 3455 velit
2940 3408 3176 3464 mutare,
3214 3399 3351 3453 nihil
3387 3413 3529 3467 pen-

1945 3496 2057 3550 dat.
2087 3494 2300 3550 Moneta
2327 3509 2431 3549 nec
2466 3495 2713 3563 improba
2740 3508 2841 3548 nec
2875 3492 3161 3562 peregrina
3186 3499 3428 3556 utamur,
3455 3504 3525 3542 ne

1946 3589 2228 3641 videamur
2277 3589 2440 3641 etiam
2491 3602 2657 3656 prava
2715 3597 2765 3641 ct
2836 3587 3013 3640 aliena
3081 3584 3160 3639 uti
3214 3583 3525 3653 republica.

1944 3679 2211 3748 siquidem
2271 3694 2377 3734 non
2437 3695 2662 3747 parvum
2726 3679 2779 3733 in
2846 3676 3123 3747 republica
3186 3676 3520 3729 momentum

1947 3772 2109 3824 habet
2147 3780 2378 3824 monetae
2434 3769 2595 3823 ratio.
2663 3770 2860 3823 Sontes
2912 3782 2977 3822 ac
3029 3765 3319 3821 barbarico
3370 3778 3524 3817 more

1945 3859 2239 3913 multcutut‘
2294 3869 2349 3912 ut
2406 3868 2529 3928 post
2581 3858 2803 3911 multam
2887 3856 3172 3909 minimum
3264 3853 3524 3921 deinceps

1944 3957 2168 4019 peccent
2194 3958 2209 4017 ;
2250 3965 2373 4003 nam
2408 3950 2501 4018 qui
2560 3949 2809 4003 videntur
2838 3947 3167 4001 insanabiles
3190 3961 3312 4001 esse
3336 3962 3428 4000 eos
3456 3948 3524 3999 de

1944 4042 2125 4096 medio
2143 4039 2711 4110 prmstataul‘ercutes,
2745 4038 2983 4091 animam
3016 4037 3518 4106 corporaliberare.

1943 4149 2053 4203 quo
2093 4149 2201 4187 non
2267 4142 2411 4187 recte
2472 4132 2621 4185 novit
2672 4131 2773 4195 uti,
2805 4142 2966 4199 quam
3014 4128 3135 4183 illos
3186 4127 3520 4191 mutilautes,

1944 4226 2085 4279 hanc
2110 4234 2221 4279 tum
2255 4223 2472 4291 corpori
2512 4221 2707 4277 mutilo
2736 4218 3118 4291 atqueinuttli,
3151 4228 3261 4274 tum
3299 4218 3521 4277 relicua:

1943 4316 2153 4371 civitati
2190 4316 2435 4386 alligare.

252 4414 317 4468 ἂν
356 4397 767 4482 ἐξαμαρτάνειν
799 4408 893 4463 τοῦ
921 4407 1133 4461 λοιποῦ.
1178 4407 1333 4461 Ἐπεὶ
1374 4408 1465 4460 τόν
1497 4424 1560 4473 γε
1599 4407 1836 4470 ἀνιάτοις
1874 4407 2023 4477 ἔχειν
2044 4404 2307 4459 δοκοῦντα
2335 4405 2469 4458 πολὺ
2530 4403 2748 4458 κάλλιον
2808 4402 3250 4457 ἀπαλλάττοντας
3278 4397 3372 4457 τοῦ
3404 4397 3520 4477 βίου

250 4508 547 4577 ἐλευθέραν
573 4506 788 4573 ἀφιέναι
820 4504 919 4574 τὴν
943 4504 1123 4573 ψυχὴν
1158 4505 1435 4571 σώματος,
1464 4496 1506 4570 ᾧ
1539 4504 1613 4573 μὴ
1657 4505 1837 4567 καλῶς
1876 4502 1991 4571 ᾔδει
2025 4500 2350 4573 κεχρῆσθαι,
2384 4500 2417 4572 ἢ
2452 4501 2812 4570 λωϐωμένους
2860 4499 3126 4569 ἀναπήρῳ
3191 4499 3285 4550 καὶ
3350 4496 3519 4563 ἀχρή-

253 4619 364 4672 στῳ
395 4602 614 4672 σώματι
644 4598 794 4668 αὐτῷ
842 4615 898 4674 τε
924 4598 1020 4651 καὶ
1043 4601 1107 4668 τῇ
1135 4596 1270 4668 ἄλλῃ
1312 4597 1466 4650 πόλει
1497 4597 1830 4665 ἀναγκάζειν
1869 4595 2196 4650 ἐνδεδέσθαι.
3512 4622 3515 4625 -

324 4719 405 4775 ιε’.
441 4719 555 4773 Καὶ
599 4713 876 4777 πολιτείας
910 4714 1009 4784 μὲν
1057 4714 1354 4776 σπουδαίας
1391 4716 1545 4783 νόμοι
1594 4712 1741 4767 οὗτοι
1774 4730 1831 4764 τε
1867 4715 1909 4767 D

250 4814 344 4866 καὶ
371 4812 608 4865 τοιοῦτοι
636 4808 835 4873 ἐτεοοι,
867 4810 959 4862 καὶ
1008 4806 1226 4874 μείζους
1258 4808 1352 4860 καὶ
1400 4805 1658 4867 ἐλάττους
1682 4820 1697 4836 °
1725 4796 1831 4858 ὧιὲ

250 4922 354 4973 περ
389 4911 688 4973 κεφαλαιον
730 4901 991 4953 ἀπάντων
1025 4902 1152 4967 περὶ
1195 4898 1293 4967 τὴν
1335 4899 1427 4951 τοῦ
1474 4897 1617 4951 θείου
1676 4897 1832 4962 δόξκν

246 4995 593 5067 ἠκριϐῶσθαι
615 4993 884 5060 καὶκοινῇ
908 4991 1001 5044 καὶ
1033 4992 1139 5061 ἰδία
1162 4993 1295 5062 (48),
1324 4992 1559 5059 μάλιστα
1582 4991 1626 5044 δ’
1652 4993 1830 5043 ἐκεῖνα

246 5088 376 5157 τρία
423 5104 485 5139 τε
518 5086 611 5138 καὶ
663 5084 978 5150 κυριώτατα
1005 5096 1019 5109 ο
1060 5080 1116 5133 ἓν
1157 5081 1276 5148 μὲν,
1328 5076 1467 5133 εἷναί
1498 5097 1549 5133 τι
1585 5080 1725 5131 θεῖον
1774 5081 1832 5131 ἐν

247 5186 359 5246 τοῖς
390 5176 514 5235 οὖσι
550 5178 897 5251 προῦχουσάν
945 5195 1065 5231 τινα
1093 5177 1202 5229 τῶν
1230 5177 1368 5230 ὅλων
1396 5176 1618 5230 οὐσίαν·
1652 5176 1835 5228 δεύτε-

252 5289 343 5341 ρον
396 5270 459 5324 τδ
493 5270 635 5323 θεῖον
675 5268 831 5321 τοῦτο
860 5268 956 5320 καὶ
1000 5268 1264 5334 ἐπιμελὲς
1306 5263 1449 5319 εἶναι
1503 5266 1831 5335 ἀνθρώπων,

252 5364 471 5418 ἅπαντά
496 5381 553 5416 τε
585 5363 652 5416 τά
684 5362 1001 5433 ἀνθρώπεια
1039 5360 1140 5412 ὑπὸ
1166 5359 1384 5422 τούτου,
1419 5361 1510 5411 καὶ
1544 5360 1715 5428 μείζω
1741 5357 1834 5410 καὶ

251 5456 482 5522 ἐλάττω,
520 5454 841 5509 διοικεῖσθαι
866 5469 880 5484 ⁸
919 5451 1101 5522 τρίτον
1151 5451 1292 5503 κατά
1344 5448 1563 5517 γνώμην
1598 5451 1696 5518 τὴν
1738 5449 1833 5501 αὑ-

252 5547 345 5601 τοῦ
398 5550 622 5602 διοικεῖν
681 5548 889 5600 ἕκαστα
941 5542 1117 5615 ὀρθῶς
1168 5543 1279 5595 αἰεὶ
1333 5543 1423 5592 καὶ
1479 5542 1721 5601 δικαίως,
1758 5540 1831 5608 μὴ

254 5640 610 5708 ἐξιστάμενον
647 5636 872 5708 μηδαμῆ
908 5632 999 5687 τοῦ
1039 5632 1167 5701 περὶ
1204 5632 1438 5684 ἕκαστον
1476 5630 1829 5697 καθήκοντος,

321 5849 433 5918 (48)
476 5845 581 5900 Kal
619 5842 791 5911 κοινῇ
828 5840 923 5897 καὶ
962 5840 1101 5905 ἰδίᾳ.
1136 5838 1221 5894 Cf.
1249 5838 1282 5891 1.
1321 5854 1371 5891 x.
1402 5836 1463 5890 tle
1506 5836 1621 5905 Lrg.

2016 4712 2103 4766 15.
2159 4713 2335 4782 Atque
2394 4708 2473 4764 ha:
2504 4712 2723 4780 quidem
2784 4706 2965 4778 proba:
3020 4715 3149 4760 sunt
3210 4702 3520 4771 reipubllcm

1937 4804 2108 4874 leges,
2147 4803 2380 4872 aliteque
2412 4802 2642 4867 similes,
2664 4810 2824 4869 caput
2851 4809 3030 4852 autem
3069 4799 3257 4851 horum
3291 4806 3372 4850 est
3400 4809 3519 4848 etn-

1942 4893 2093 4945 nium
2121 4893 2191 4946 de
2222 4890 2331 4946 Deo
2361 4901 2507 4945 recte
2555 4899 2608 4945 ct
2656 4888 2869 4958 publice
2925 4895 2979 4940 et
3010 4887 3260 4955 privatim
3292 4886 3515 4948 sentire,

1940 4986 2173 5039 maxime
2201 4994 2379 5038 autem
2411 4983 2527 5038 haec
2559 4982 3098 5051 tria,primum,esse
3130 4979 3295 5034 Deum
3328 4992 3517 5048 quem-

1938 5078 2085 5145 dam,
2117 5086 2314 5146 praesta
2338 5076 2648 5129 ntissimam
2682 5075 2925 5129 omnium
2991 5084 3263 5140 naturam,
3298 5070 3517 5135 deinde,

1939 5172 2085 5224 hunc
2142 5180 2197 5223 et
2250 5168 2497 5223 homines
2558 5182 2761 5221 curare
2795 5179 2848 5221 et
2887 5182 2973 5222 res
3026 5181 3216 5221 omnes
3251 5167 3516 5219 humanas

1932 5270 2042 5314 tum
2076 5276 2300 5329 magnas
2334 5268 2445 5314 tum
2488 5275 2687 5329 parvas
2738 5275 2945 5329 regere,
2974 5268 3086 5313 tum
3137 5259 3362 5312 arbitrio
3414 5270 3519 5312 suo

1934 5363 2131 5407 cuncta
2202 5352 2356 5405 illum
2384 5362 2533 5407 recte
2552 5351 2810 5422 justeque
2838 5366 3057 5420 semper
3107 5350 3513 5413 administrare.

1936 5459 2207 5513 nusquam
2234 5444 2301 5497 ab
2332 5443 2510 5498 oﬁicio
2544 5443 2923 5498 deﬂectcntem
2984 5442 3065 5495 vel
3087 5442 3190 5496 alia
3232 5444 3298 5495 de
3327 5455 3512 5507 causa,

1930 5538 2013 5593 vel
2046 5538 2333 5592 hominum
2364 5535 2520 5592 donis
2551 5536 2860 5601 delinitum,
2884 5533 3086 5604 quibus
3120 5549 3227 5587 non
3253 5533 3512 5602 indigeat.

1932 5629 2063 5695 Quae
2124 5643 2245 5684 cum
2288 5629 2357 5684 ita
2423 5644 2480 5684 se
2554 5629 2754 5683 habent
2807 5624 3160 5695 consequitur
3186 5623 3338 5689 illud,
3368 5635 3423 5677 ut
3459 5624 3514 5679 in
