3920 6454
249 376 349 441 857
1054 384 1155 446 DE
1198 383 1457 446 REBUS
1511 388 1821 454 PELOPU'.

1932 393 2230 459 ESIACIS
2267 398 2553 463 ORATIO
2591 400 2669 463 ῙῙ.
3411 407 3525 472 858

243 493 415 566 χρόνῳ
442 492 666 567 ὕστερον
694 496 995 569 νομοθέτης
1030 499 1136 553 ὑπὸ
1168 502 1266 573 1?}..-
1301 505 1510 569 πόλεως
1554 507 1813 578 αἱρεθεὶς,

1932 515 2311 573 :onstitutione
2376 519 2711 587 introducta,
2764 518 3177 575 celeberrimam
3212 518 3388 591 ipsam
3419 538 3518 584 ut;-

244 585 334 638 xal
374 586 474 655 τὴν
522 586 629 639 ὑπὸ
679 588 896 642 πάντων
948 592 1350 664 ἐπαινουμένην
1402 598 1818 670 ἐγκαταστήσας

248 677 517 743 πολιτείαν
564 678 726 748 αὐτῇ,
760 681 1205 753 εὐδοκιμωτάτην
1260 688 1470 741 πόλεων
1514 690 1570 743 ἐν
1602 708 1662 744 τε
1694 692 1822 746 ’Έλ-

242 770 365 840 ληοι
418 771 512 825 καὶ
547 772 843 844 βαρόἀροις
893 777 1187 847 ἀπέφηνεο
1234 783 1330 835 καὶ
1395 782 1743 856 Ἀλέξανδρος
1793 791 1820 844 ὁ

242 861 565 916 Μακεδόνων
591 866 868 935 βασιλεὺς,
904 870 960 934 ὃς
993 873 1061 926 δι’
1095 874 1299 945 ἀρετήν
1341 893 1399 929 τε
1431 882 1525 933 καὶ⁸
1557 881 1818 952 φρόνημα

240 952 616 1021 ἡγεμονεύσας
653 957 949 1030 Ἑλλήνων,
978 964 1204 1036 Ἕλλησί
1232 985 1291 1022 τε
1322 970 1457 1039 ὁμοῦ
1504 973 1599 1025 καὶ
1632 975 1818 1027 Μακε-

237 1044 349 1098 δόσι
385 1045 484 1116 τὴν
525 1048 708 1114 Ἀσίας
742 1052 1073 1123 ήγεμονείαν
1114 1061 1470 1132 περιεποίησε
1494 1076 1508 1091 ’
1544 1065 1638 1118 καὶ
1690 1066 1821 1137 βαρ⁴

237 1136 425 1201 ϐάρων
460 1140 515 1193 δὲ
558 1142 740 1213 Κῦρος
778 1147 805 1197 ὁ
853 1147 1089 1218 Πέρσης,
1122 1150 1181 1209 ὃς
1236 1153 1446 1223 Πέρσας
1484 1158 1610 1219 τοὺς
1647 1136 1817 1213 αὐτοῦ

237 1230 462 1295 πολίτας
498 1232 568 1285 δι’
591 1236 793 1305 ἀρετὴν
823 1238 988 1293 αὑτοῦ
1012 1241 1128 1312 ἆμα
1157 1244 1256 1313 μὲν
1281 1246 1383 1316 τῆς
1415 1249 1614 1316 Μήδων
1644 1252 1820 1321 ἀπήλε-

235 1321 359 1417 λαξε
398 1325 668 1391 δουλείας,
705 1328 822 1399 ἅμα
855 1332 910 1386 δὲ
939 1339 1030 1389 καὶ
1069 1336 1277 1392 τούτων
1308 1357 1367 1392 τε
1396 1342 1490 1395 καὶ
1521 1344 1622 1413 τῆς
1652 1346 1822 1417 ἄλλης

250 1415 435 1479 Ἀσίας
471 1419 747 1488 ἡγεμόνας
779 1423 1049 1492 ἀπέφηνε.
1775 1415 1786 1435 ζ

309 1513 399 1579 ιη’.
429 1508 553 1563 Τῶν
596 1510 642 1564 δ’
685 1513 890 1582 ἐτέρων
945 1517 1097 1573 ἄλλοι
1148 1537 1206 1575 τε
1258 1522 1353 1576 καὶ
1394 1524 1745 1591 Ἀλέξανδρος
1793 1528 1847 1580 δ,

236 1601 496 1675 ηριάμου
549 1605 576 1655 ό
621 1604 829 1673 Ἰλιεὺς,
868 1607 925 1672 ὃς
972 1612 1159 1683 ἐνςτῇι
1198 1615 1373 1683 κρίσει
1425 1617 1534 1670 τῶν
1582 1618 1721 1672 θεῶν
1749 1622 1816 1689 τῇ

234 1691 451 1763 αἱρέσει
481 1697 547 1764 τῇ
576 1696 685 1749 τῶν
717 1697 871 1765 βίων,
903 1701 1177 1771 ὑπεριδὼν
1204 1704 1303 1773 μὲν
1338 1707 1541 1777 Ἷνιρας,
1569 1710 1668 1779 τῆς
1696 1710 1823 1780 ἀρε-

234 1782 335 1873 τῆς
390 1786 594 1856 ἐφόρου
624 1788 785 1856 Θεοῦ,
833 1792 1107 1863 ὑπεριδὼν
1139 1797 1194 1851 δὲ
1238 1799 1491 1868 Ἀθηνᾶς,
1526 1802 1625 1871 τῆς
1663 1802 1820 1873 δόξης

1927 607 2047 661 hem
2083 621 2205 661 cum
2238 608 2378 663 inter
2414 609 2647 665 Graecos.
2687 620 2801 665 tum
2840 611 2982 666 inter
3028 610 3301 666 Barbaros
3332 613 3510 668 reddi~

1928 695 2027 753 dit.
2057 696 2366 752 Alexander
2427 714 2647 768 quoque
2676 716 2770 755 rex
2831 698 3188 756 Macedonum
3252 703 3347 772 qui
3415 720 3527 773 per.

1926 789 2186 845 virtutem
2226 790 2393 845 simul
2424 800 2477 847 et
2502 792 2669 863 animi
2730 793 3165 862 magnitudinem
3195 794 3529 849 Graecorum.

1927 882 2195 951 Ρτῑηοθρς.
2249 883 2502 953 allectus,
2566 886 2701 955 ipsis
2758 887 2965 971 pariter
3011 895 3069 944 et
3126 886 3525 944 Macedonibus.
3600 968 3605 973 ἡ

1929 973 2069 1029 Asia:
2104 976 2435 1045 comparavit
2463 977 2768 1048 imperium,
2803 995 2901 1034 nec
2932 994 3040 1035 non
3081 980 3224 1036 inter
3306 977 3513 1035 Barba-

1931 1082 2021 1124 ros
2054 1068 2218 1125 Persa
2252 1069 2430 1141 Cyrus
2458 1071 2551 1141 qui
2586 1074 2780 1130 Persas
2836 1090 2971 1131 suos
3031 1076 3231 1130 virtute
3292 1074 3525 1143 propria~

1928 1175 2050 1215 cum
2090 1164 2373 1233 tyrannide
2404 1163 2709 1219 Medorum
2748 1166 3028 1233 liberavit,
3060 1176 3174 1223 tum
3206 1175 3263 1223 et
3310 1146 3560 1223 horumt‘

1927 1264 1981 1327 ct
2008 1256 2153 1313 Asiae
2198 1257 2421 1325 reliquae
2460 1256 2713 1314 dominos
2740 1260 3047 1317 constituit.

2004 1531 2089 1587 18.
2120 1532 2178 1586 In
2212 1532 2381 1588 altero
2411 1548 2540 1588 vero
2572 1550 2799 1590 numero
2851 1551 2975 1592 cum
2999 1536 3086 1591 alii
3128 1546 3502 1611 recensentur,

1928 1634 2041 1697 tum
2104 1625 2413 1680 Alexander
2468 1627 2762 1696 Troianus,
2806 1628 3006 1684 Priami
3073 1630 3233 1693 lilius.
3294 1632 3388 1701 qui
3447 1633 3499 1684 in

1929 1718 2155 1777 dearum
2194 1718 2424 1788 judicio,
2458 1720 2693 1790 vitioque
2750 1738 3012 1791 generum
3069 1723 3357 1789 electione,
3393 1732 3506 1785 tum

1928 1808 2142 1865 Junone
2170 1819 2499 1878 contempta.
2536 1812 2758 1865 virtutis
2815 1813 3066 1879 praeside,
3115 1822 3226 1866 tum
3285 1820 3511 1867 auctore

233 1872 302 1989 :5
342 1884 779 1950 προεστηκυίας,
830 1885 1176 1958 Ἀφροδίτην,
1209 1891 1283 1953 ὠς
1320 1893 1622 1963 δὴνὴδονῆς
1655 1872 1821 1948 οὖσαν

1932 1901 2114 1969 gloria:
2150 1901 2411 1966 Minerva,
2439 1900 2697 1957 Venerem
2735 1903 3030 1973 voluptatis
3063 1904 3217 1959 deam
3254 1905 3510 1973 praetulit.

233 1967 389 2057 Qs‘v,
430 1973 733 2045 προῦκρινὲ
780 1995 838 2030 τε
884 1981 975 2033 καὶ
1006 1983 1311 2049 προείλετο.
1345 1985 1638 2057 Τοιγάρτοι
1669 1987 1821 2057 βασι-

230 2056 383 2129 λείας
419 2065 520 2131 μὲν
559 2066 666 2119 ὑπὸ
704 2068 884 2135 ’Ἤρας
913 2072 1197 2142 διδομένης
1222 2056 1567 2148 ὀλιγωρήσας
1594 2056 1687 2132 τοῦ
1719 2098 1825 2150 μα-

233 2157 587 2225 καριωτάτου
631 2159 746 2228 βίου
800 2163 894 2215 τοῦ
931 2165 1053 2218 κατ’
1101 2168 1326 2239 ἀρετὴν,
1363 2173 1456 2223 καὶ
1489 2172 1724 2242 κράτους
1754 2169 1823 2226 αὖ

232 2243 500 2315 πολέμων
529 2248 635 2302 ὑπὸ
670 2250 922 2323 Ἀθηνᾶς,
949 2255 1044 2307 τοῦ
1079 2259 1371 2329 φιλοτίμου
1392 2260 1533 2329 βίου,
1575 2263 1825 2334 καὶπερὶ

231 2334 334 2405 τὴν
366 2336 527 2403 δόξαν
555 2341 793 2410 ἔχοντος,
840 2344 1063 2416 Ἑλένην
1104 2348 1159 2400 δὲ
1206 2351 1305 2419 τὴν
1336 2352 1625 2422 Τυνδάρεω
1657 2355 1824 2423 Θυγα-

229 2430 396 2500 τέρα,
431 2433 685 2489 Μενέλεω
714 2435 768 2487 δὲ
795 2441 1029 2505 γυναῖκα
1071 2442 1168 2494 τοῦ
1213 2443 1455 2513 Ἀτρέως
1489 2445 1588 2514 τὴν
1615 2447 1823 2502 Λακαι-

229 2540 355 2585 ναν,
390 2524 566 2594 δῶρον
591 2528 683 2580 ἐπὶ
718 2530 889 2600 ταύτῃ
922 2535 986 2601 τῇ
1021 2534 1193 2604 ἀδίκῳ
1230 2536 1410 2603 κρίσει
1452 2538 1713 2608 εἰληφὼς,
1748 2541 1823 2607 ὡς

227 2614 296 2683 δὴ
326 2617 629 2684 κεφάλαιον
660 2619 826 2674 οὖσαν
858 2623 1076 2692 ἡδονῆς,
1112 2627 1407 2697 καλλίστην
1442 2629 1540 2697 μὲν
1567 2630 1674 2683 τῶν
1702 2632 1823 2685 τότε

226 2705 508 2760 δοκοῦσαν
548 2711 648 2779 τὴν
692 2712 857 2779 ἰδέαν,
886 2717 983 2785 τὴν
1019 2716 1075 2768 δὲ
1100 2716 1277 2788 ψυχὴν
1320 2719 1492 2782 ἄλλως
1536 2722 1825 2790 αἰσχίστην

229 2795 334 2849 καὶ
372 2798 758 2868 μοιχεύτριαν,
790 2804 929 2872 πρὸς
955 2806 1130 2878 ταύτῃ
1160 2808 1320 2860 αὐτόν
1352 2826 1410 2861 τε
1439 2810 1575 2878 ὁμοῦ
1606 2813 1701 2865 καὶ
1727 2811 1824 2882 τὴ)

229 2889 482 2956 πατρίδα
523 2894 936 2962 προσαπώλεσε.
970 2898 1081 2950 Καὶ
1103 2899 1520 2969 Σαρδανάπαλος
1548 2902 1605 2955 δὲ
1634 2906 1661 2957 ό
1701 2905 1825 2958 Ἀσ-

228 2981 455 3049 σύριος,
482 2982 540 3046 ὃς
567 2985 657 3038 διὰ
688 2988 961 3055 μαλακίαν
994 2991 1090 3044 καὶ
1119 2995 1334 3062 τρυφὴν
1380 2995 1692 3065 Ἀσσυρίοις
1722 2998 1823 3066 μὲν

223 3074 347 3135 τοῖς
381 3073 551 3128 αὑτοῦ
601 3077 852 3143 πολίταις
883 3080 981 3150 τὴν
1011 3083 1111 3153 τῆς
1159 3084 1344 3148 Ἀσίας
1379 3085 1663 3141 ἀπώλεσεν
1695 3090 1825 3158 ἡγε-

224 3166 484 3233 μονείαν,
517 3169 726 3239 Μήδοις
749 3170 806 3225 δὲ
848 3178 1336 3246 παρακεχωρήκει.
1384 3180 1493 3233 Καὶ
1528 3179 1822 3251 Ῥωμαίων

1930 1992 2277 2061 Quapropter
2309 1993 2572 2061 neglectis
2612 2002 2721 2047 tum
2752 2009 2923 2063 regno
2963 2011 2990 2047 a
3030 1993 3246 2051 Iunone
3285 2012 3527 2059 concess

1928 2100 2011 2147 so,
2046 2086 2153 2138 vita
2186 2100 2305 2137 cum
2342 2086 2544 2139 virtute
2570 2094 2625 2140 et
2664 2086 2923 2141 felicitate
2984 2088 3303 2155 conjuncta,
3331 2096 3445 2141 tum
3477 2104 3509 2143 a

1931 2172 2177 2227 Minerva
2219 2174 2398 2229 oblata
2438 2174 2662 2229 victoria
2695 2176 2890 2230 bellica
2926 2177 3320 2243 vita-gloriosa,
3356 2177 3512 2237 llele-

1931 2284 1996 2321 na
2060 2285 2192 2321 vero
2245 2271 2469 2325 Lacaena
2528 2272 2797 2341 Tyndarei
2851 2273 2981 2335 tilia,
3043 2273 3267 2328 Menelai
3310 2274 3513 2328 Atrida:

1927 2360 2178 2427 conjuge,
2214 2362 2435 2427 prmmio
2473 2370 2582 2415 tam
2645 2363 2812 2429 iniqui
2842 2364 3052 2432 .judicii
3113 2377 3353 2432 accepta.
3384 2377 3509 2420 tan-

1927 2466 2091 2520 quam
2144 2453 2436 2522 voluptatis
2494 2455 2820 2523 colophone,
2863 2465 2922 2509 ut
2980 2472 3208 2525 corpore
3262 2460 3509 2521 omnium

1930 2544 2326 2611 ptthltt‘rt‘itttn,
2354 2546 2433 2599 sic
2466 2546 2649 2599 animo
2683 2547 2998 2615 turpissima
3030 2557 3083 2602 et
3109 2548 3351 2605 adultera
3387 2566 3529 2605 cum

1928 2638 2031 2690 hae
2095 2650 2217 2690 ενδο
2286 2635 2450 2689 simul
2516 2646 2570 2690 et
2620 2638 2849 2706 patriam
2914 2638 3327 2707 pessumdedit;
3389 2640 3515 2697 Sar-

1928 2728 2233 2795 danapalus
2258 2736 2386 2793 item
2442 2727 2702 2797 Assyrius
2741 2730 2833 2796 quj
2874 2744 2968 2797 per
3028 2730 3306 2783 mollitiem
3339 2740 3392 2785 et
3428 2731 3511 2785 lu-

1928 2832 2053 2869 xum
2082 2816 2220 2868 Asiae
2252 2814 2536 2882 imperium
2577 2816 2813 2886 Assyriis
2856 2817 3075 2891 quidem
3103 2818 3219 2871 suis
3261 2817 3487 2879 ademit,

1929 2904 2095 2956 Medis
2119 2912 2297 2957 autem
2338 2903 2635 2967 concessit,
2676 2919 2774 2958 nec
2804 2920 2913 2958 non
2962 2905 3037 2967 de
3056 2903 3313 2959 Romanis
3347 2903 3517 2971 Nero,
3548 2952 3553 2957 .

1934 2996 2029 3067 qui
2067 3010 2185 3049 cum
2224 2995 2346 3049 aliis
2371 2996 2629 3062 gravibus
2660 3004 2713 3050 ct
2740 2995 3355 3065 nefandisperpetratis,
3385 3006 3496 3051 tum

1931 3086 2115 3141 occisa
2147 3093 2340 3150 matre,
2373 3084 2613 3157 seipsum
2649 3101 2868 3155 quoque
2899 3086 3114 3155 tandem
3143 3086 3342 3141 malum
3371 3088 3537 3157 male,

1928 3177 2195 3247 perdidit;
2231 3191 2355 3241 nam
2414 3177 2646 3245 patriam
2700 3176 2955 3247 cupiebat
2984 3178 3224 3248 quidem,
3267 3178 3361 3233 sed
3396 3193 3505 3249 pra:

222 3255 283 3307 δὲ
318 3256 543 3328 Νέρων,
571 3261 627 3325 ὃς
655 3262 790 3317 ἄλλα
823 3281 882 3317 τε
910 3266 1060 3321 δεινὰ
1084 3269 1178 3321 καὶ
1206 3270 1397 3324 ἀνόσια
1428 3274 1821 3344 ἐργασάμενος,

1940 3271 2309 3339 Romanorum
2338 3268 2539 3323 virtute
2566 3268 2804 3322 nomium
2826 3277 3045 3338 .poterat
3069 3280 3331 3326 evertere.

222 3352 327 3408 καὶ
386 3354 490 3424 τὴν
540 3356 754 3426 μητέρα
808 3358 1156 3427 ἀποκτείνας,
1211 3364 1479 3418 τελευτῶν
1511 3368 1605 3419 καὶ
1658 3366 1851 3421 αὑτὸν
1902 3366 2074 3418 κακὸν
2129 3363 2317 3427 κακῶς
2372 3360 2875 3431 προσαπολωλέκειο
2926 3363 3038 3434 Τὴν
3114 3362 3224 3435 γὰρ
3277 3365 3535 3436 πατρίδι

220 3448 482 3517 ἠμέλησε
519 3445 638 3515 μὲν,
667 3447 755 3500 διὰ
803 3448 860 3502 δὲ
888 3451 986 3520 τὴν
1024 3453 1147 3506 τότε
1177 3452 1257 3507 ἐτι
1301 3454 1589 3527 Ῥωμαίων
1621 3458 1962 3529 ἁρετὴνηοῦχ
1991 3451 2100 3518 οἷός
2132 3472 2191 3507 τε
2221 3454 2532 3525 διαφθεῖραι
2564 3454 2807 3522 ἐγένετο.

303 3538 399 3594 ιε’.
438 3540 551 3593 Καὶ
582 3537 629 3592 δ’
658 3539 807 3593 ἄλλοι
835 3540 880 3594 δ’
910 3542 1020 3595 αἰεὶ
1064 3542 1342 3612 γίγνονται
1376 3548 1562 3617 συχνοὶ
1605 3550 1699 3603 καὶ
1730 3550 1823 3602 δυ-

220 3632 450 3684 ναστῶν
479 3631 573 3684 καὶ⁸
625 3632 854 3686 ἰδιωτῶν
880 3634 1073 3688 τούτου
1108 3635 1202 3690 τοῦ
1248 3636 1533 3707 κόμματος
1562 3639 1697 3709 (50),
1732 3641 1827 3695 καὶ

229 3726 418 3797 μείζω
451 3725 585 3785 ἴσως
619 3724 713 3779 καὶ
743 3725 953 3780 ἐλάττω
981 3728 1449 3797 ἐξαμαρτάνοντες
1475 3750 1487 3765 ο
1527 3726 1603 3786 ὦν
1634 3732 1825 3786 κάκεῖ-

221 3836 270 3873 ν’
291 3836 335 3883 ι,
366 3818 421 3871 οἳ
452 3818 515 3870 τὸ
544 3815 643 3885 μὲν
671 3817 881 3870 δίκαιον
922 3818 1019 3869 καὶ
1057 3820 1157 3887 τὴν
1188 3820 1447 3888 ἀλήθειαν
1495 3823 1590 3876 καὶ
1619 3823 1678 3875 τὸ
1705 3840 1821 3876 κοι-

222 3911 317 3962 νὸν
351 3908 572 3976 ἀγαθὸν
602 3907 760 3960 σκιὰν
794 3910 882 3960 καὶ
917 3909 1142 3977 ὀνόματ’
1189 3911 1361 3975 ἄλλως
1394 3913 1653 3983 ἥγηνται,
1685 3914 1824 3983 πρὸς

214 4004 276 4058 δέ
306 4005 373 4056 τὸ
426 4000 659 4077 χρυσίον
690 4002 787 4054 καὶ
828 4001 998 4055 τᾶλλα
1040 4003 1108 4055 τὰ
1136 3998 1362 4057 τοιαῦτα
1405 4006 1687 4075 κεχήνασι,
1722 4007 1823 4075 τὴν

217 4092 597 4165 εὐδαιμονίαν
626 4092 817 4161 ἐσθῆσι
846 4094 942 4146 καὶ
968 4094 1195 4165 ἀργύρῳ
1224 4098 1317 4149 καὶ
1347 4096 1533 4166 χρυσῷ
1561 4099 1839 4167 μετροῦνογ

216 4206 337 4255 τες,
366 4186 473 4241 καὶ
506 4188 572 4256 τῇ
603 4185 738 4256 παρ’
766 4186 982 4256 ἡμέραν
1012 4188 1267 4260 ῥαστοῦνι(ι
1298 4190 1390 4241 καὶ
1418 4191 1621 4260 τρυφῇ,
1653 4189 1752 4261 τὴν
1778 4190 1822 4244 δ’

217 4282 547 4351 ἀσφάλειαν
578 4280 729 4346 σφῶν
755 4296 815 4331 τε
840 4279 1020 4332 αὐτῶν
1058 4279 1176 4347 ἅμα
1202 4281 1298 4332 καὶ
1331 4280 1535 4333 παίδων
1568 4283 1662 4337 καὶ
1692 4282 1823 4351 ὅλης

211 4377 317 4447 τῆς
356 4370 655 4444 πατρίδος,
706 4372 802 4425 καὶ
847 4371 1186 4439 ἐλευθερίαν,
1221 4370 1355 4441 παρ’
1383 4371 1534 4425 οὐδὲν
1583 4372 1823 4443 ἡγούμε-

216 4485 328 4523 νοι.
384 4466 517 4519 Εἰσὶ
547 4464 594 4515 δ’
620 4463 671 4516 οἳ
723 4464 815 4517 καὶ
842 4462 959 4531 ἐως
981 4462 1081 4532 μὲν
1110 4462 1177 4515 ἂν
1204 4462 1408 4532 χρυσοῦ
1436 4463 1529 4516 καὶ
1570 4463 1682 4517 τῶν
1714 4481 1825 4517 τοι-

210 4558 403 4612 οὑτων
437 4555 503 4608 τὸ
531 4555 767 4622 πρᾶγμα
790 4553 1099 4624 καθαρεὺῃ,
1122 4556 1212 4607 καὶ
1235 4554 1359 4607 καθ’
1384 4554 1519 4608 αὐτὸ
1550 4556 1821 4623 σκοπῶσι,

2002 3548 2089 3604 i9.
2131 3546 2209 3601 Ac
2234 3562 2377 3615 saepe
2404 3546 2585 3615 plures
2621 3546 2890 3600 exsistunt
2939 3545 3101 3617 hujus
3130 3551 3347 3618 generis
3396 3562 3535 3619 tum,

1932 3641 2073 3707 inter
2116 3639 2390 3710 principes
2425 3650 2535 3691 tum
2563 3636 2703 3690 inter
2725 3637 2987 3706 privatos,
3008 3638 3111 3707 alii
3139 3645 3358 3711 gravius
3388 3645 3535 3713 aliis;

1930 3732 2317 3802 peccantibus;
2355 3730 2407 3782 in
2442 3731 2523 3783 his
2578 3730 2745 3783 etiam
2797 3729 2897 3793 illi,
2934 3730 3322 3799 quijustitiam
3386 3738 3508 3803 qui-

1931 3823 2138 3889 demet
2174 3819 2455 3875 veritatem
2484 3827 2537 3871 et
2570 3817 2769 3871 bonuut
2808 3832 3103 3873 commune
3161 3834 3259 3888 pro
3296 3824 3519 3877 umbris

1930 3914 2158 3976 ducunt,
2190 3928 2323 3966 auro
2374 3920 2553 3964 autem
2580 3922 2646 3963 ac
2680 3910 2956 3965 similibus
2990 3911 3223 3977 inhiant,
3272 3911 3509 3967 felicita-

1931 4013 2037 4059 tem
2092 4005 2311 4075 quidem
2357 4006 2409 4059 itt
2460 4008 2721 4073 ves'tibus,
2764 4022 2923 4070 auro,
2978 4016 3205 4076 argento
3262 4007 3508 4074 luxuque

1930 4100 2252 4169 quotidiano
2303 4108 2588 4166 ponentes,
2627 4100 2903 4170 prepriam
2937 4114 3065 4153 vero
3089 4098 3251 4151 simul
3291 4108 3346 4152 et
3371 4098 3513 4151 libe-

1932 4208 2119 4248 rerum
2162 4200 2216 4245 et
2248 4191 2439 4260 patriae
2486 4192 2658 4246 totius
2714 4192 3021 4246 libertatem
3058 4205 3123 4245 ac
3153 4190 3504 4244 securitatem

1931 4284 2290 4353 negligentes.
2331 4281 2563 4349 Quidam
2586 4283 2772 4347 etiam,
2796 4282 2971 4336 donec
2994 4296 3130 4335 auro
3151 4291 3205 4335 et
3232 4281 3509 4336 similibus

1926 4391 2015 4429 res
2052 4384 2223 4441 caret,
2260 4388 2322 4429 ac
2350 4388 2445 4442 per
2474 4388 2533 4429 se
2584 4374 2991 4436 consideratur,
3030 4374 3507 4429 vehementissime

1914 4467 2197 4534 justitiam
2228 4476 2281 4520 et
2314 4466 2592 4526 veritatem
2634 4465 2938 4521 defendunt
2973 4481 2988 4519 :
3024 4466 3116 4520 sed
3153 4466 3315 4519 simul
3342 4475 3506 4533 atque

1926 4554 2011 4609 vel
2038 4569 2230 4608 aurum
2280 4554 2362 4608 vel
2416 4554 2536 4608 auri
2567 4554 2693 4624 quid
2754 4555 2931 4609 simile
2963 4554 3236 4618 micuerit,
3290 4570 3414 4607 mox
3446 4564 3502 4610 et

209 4651 535 4703 δεινότατοι
566 4645 706 4714 ὑπὲρ
740 4642 832 4697 τοῦ
887 4645 1098 4699 δικαίου
1146 4646 1240 4699 καὶ⁵
1276 4647 1377 4715 τῆς
1422 4648 1683 4717 ἀληθείας
1717 4649 1818 4719 pq.

1932 4643 2109 4712 lingua
2169 4644 2368 4713 ligatur
2420 4654 2473 4697 et
2504 4658 2566 4697 os
2604 4646 2916 4706 obturatur,
2950 4658 3014 4697 ac
3045 4643 3348 4710 dejustitia
3378 4645 3502 4712 qui~

210 4738 384 4809 τορές
412 4738 563 4790 εἰσιν
590 4750 604 4765 ο
635 4734 856 4787 ἐπειδὰν
877 4734 932 4787 δέ
960 4751 1061 4787 που
1086 4736 1308 4804 χρυσίον
1337 4735 1520 4804 σφίσιν
1544 4737 1815 4807 ὐποφανῇ,

208 4833 245 4902 ἧ
277 4848 335 4884 τι
365 4828 507 4885 ἄλλο
537 4827 686 4891 ἄξιον
714 4827 969 4895 χρυσίου,
1000 4828 1303 4897 πεπέδηται
1330 4827 1492 4893 εὐθὺς
1519 4830 1551 4898 ἡ
1579 4830 1818 4899 γλῶττα,

205 4924 626 4995 ἐμπέφρακται
655 4918 716 4971 τδ
746 4918 941 4982 στόμα,
972 4920 1068 4972 καὶ
1096 4919 1234 4989 πρὸς
1265 4919 1365 4989 μέν
1396 4922 1465 4974 τὰ
1513 4921 1698 4975 δίκαια
1735 4941 1819 4975 σε-

207 5017 556 5087 σιγήκασιν,
587 5014 677 5064 ἐπὶ
702 5011 757 5064 δέ
790 5012 1228 5079 τάναντίασπᾶσα
1268 5012 1451 5081 ἐκείνη
1485 5013 1820 5084 μεθέστηκεν

204 5111 242 5180 ἡ
275 5109 566 5175 δεινότης.
604 5103 744 5156 ’Υπὸ
772 5103 879 5170 γὰρ
908 5101 1112 5181 τούτων
1142 5103 1369 5156 καὶτῶν
1398 5104 1658 5158 τοιούτων
1688 5107 1820 5160 διοι-

203 5198 502 5265 κοὺμεναι
532 5194 587 5247 αἱ
641 5194 852 5260 πόλεις,
909 5193 1098 5256 κακῶς
1151 5192 1483 5263 πράττουσιν
1530 5195 1815 5261 ἑκάστοτε,

202 5290 338 5346 οὑδὲ
384 5288 507 5342 τῶν
564 5287 1005 5339 σπο.δαιοτὰτων
1048 5285 1116 5338 ἂν
1160 5283 1584 5352 ἐγκαθεστὼτων
1636 5287 1818 5356 νόμων

203 5384 433 5455 κυρίων
486 5380 684 5445 ὄντων,
736 5379 875 5431 ἀλλὰ
912 5378 1134 5431 πάντων
1187 5376 1310 5445 είκῆ
1357 5375 1453 5430 καὶ
1488 5376 1817 5449 ἁδιακρίτων

204 5474 592 5545 φυρομένων.
630 5470 785 5523 Ἐπεί
827 5486 908 5522 τοι
950 5469 1012 5521 οὐ
1044 5467 1350 5520 σπουδαίων
1379 5466 1487 5536 ἄρα
1530 5464 1610 5520 δεῖ
1635 5468 1814 5537 νόμων

1926 4736 2050 4790 dem
2093 4735 2275 4800 silent,
2312 4735 2377 4787 ad
2412 4734 2685 4789 contraria
2728 4748 2857 4786 vero
2910 4733 3088 4786 omnis
3123 4733 3213 4786 illa
3271 4748 3501 4786 conver~

1932 4829 2061 4880 titur
2090 4825 2452 4881 vehementia.
2505 4822 2785 4893 Siquidem
2816 4822 2883 4876 ab
2915 4822 2999 4876 his
3027 4838 3074 4876 et
3099 4822 3258 4893 hujus
3288 4825 3501 4890 generis

1928 4917 2245 4971 hominibus
2292 4931 2413 4970 cum
2443 4923 2709 4984 reguntur
2768 4913 3085 4983 respublicm
3133 4928 3344 4982 semper
3374 4923 3501 4969 sunt

1929 5010 2197 5073 infelices,
2238 5005 2460 5078 quando
2493 4994 2558 5059 ac
2584 5005 2925 5076 probissima:
2960 5006 3174 5075 quidem
3207 5008 3325 5079 latae
3357 5008 3501 5074 leges

1936 5102 2205 5156 habentur
2246 5110 2407 5163 ratae,
2461 5098 2557 5154 sed
2621 5099 2803 5153 omnia
2840 5108 3041 5155 temere
3079 5103 3499 5171 permiscentur.

1927 5192 2045 5246 Non
2102 5193 2245 5247 enim
2307 5201 2517 5245 tantum
2554 5190 2755 5260 probas
2810 5189 2956 5262 leges
2992 5194 3279 5262 requirunt
3306 5202 3498 5264 respu—

1925 5285 2104 5348 Μίδαι,
2134 5283 2229 5340 sed
2289 5282 2455 5337 etiam
2517 5293 2687 5347 ratas,
2716 5284 2904 5353 quales
2937 5286 3156 5354 quidem
3201 5300 3299 5355 per
3320 5287 3497 5339 virtu-

1924 5386 2033 5432 tem
2088 5375 2396 5447 principum
2446 5376 2741 5442 exsistunt,
2779 5393 2941 5447 quam
2973 5378 3073 5432 tria
3108 5378 3375 5447 przecipua
3407 5393 3501 5447 ge-

1926 5485 2056 5522 nera
2096 5469 2337 5522 diximus
2362 5469 2647 5537 consequi.

200 5571 385 5639 μόνον
436 5562 668 5618 πόλεσιν
703 5562 984 5627 ἑκάστοτε,
1021 5558 1161 5613 ἀλλὰ
1211 5558 1305 5611 καὶ
1343 5558 1551 5629 κυρίων
1575 5573 1589 5586 ·
1627 5559 1810 5630 κύριοι
1847 5560 1894 5612 δ’
1923 5556 1993 5614 αὖ
2023 5559 2301 5630 γίγνονται
2331 5561 2380 5613 οί
2411 5561 2562 5630 νόμοι
2591 5560 2679 5614 διὰ
2707 5561 2805 5632 τὴν
2838 5560 2959 5649 ,τῶν
3022 5558 3300 5632 ἀρχόντων
3369 5562 3500 5634 ἀρε-

194 5667 328 5739 τὴν,
361 5666 436 5734 ἢν
464 5659 530 5713 δὲ
552 5661 697 5729 τρισὶ
723 5658 820 5727 τῆς
859 5656 1170 5719 θεοσεϐείας
1208 5655 1442 5725 μάλιστα
1476 5655 1570 5707 καὶ
1602 5658 1966 5724 κυριωτάτοις
1993 5659 2193 5712 εἴδεσιν
2222 5659 2434 5730 ἔφαμεν
2473 5660 2721 5715 ἕπεσθαι.

276 5840 402 5913 (50)
440 5835 679 5891 Τούτου
710 5837 813 5891 τοῦ
849 5836 1167 5903 κόμματος.
1223 5832 1306 5889 Cf.
1344 5831 1478 5887 Plat.
1525 5831 1601 5887 De
1658 5831 1756 5901 leg.
1785 5847 1903 5887 Vttt.
