3920 6454
207 352 301 421 8(il

209 473 478 531 σώσεσθαι
510 480 623 534 δεϊο
673 487 831 541 τοῦτο
858 488 914 542 δὲ
944 492 1043 563 οὐχ
1083 488 1198 547 οἷόν
1242 513 1321 563 τε,
1378 515 1416 566 μ

207 564 355 668 telas;
405 570 978 668 ἐπανορθωσαμένοις.
1029 584 1137 636 Καὶ
1171 586 1278 653 γὰρ
1331 564 1577 644 νοσοῦσιν
1627 596 1723 648 ἐὰν
1754 600 1789 668 η

207 652 425 763 εἰωθυῖα
470 662 652 720 δίαιτα
683 670 759 738 μὴ
809 672 1085 747 λυσιτελῇ,
1112 679 1212 734 οὐκ
1250 652 1407 736 ἔστιν
1439 686 1570 755 ἄλλη
1604 652 1894 763 ἀπαλλαγὴ

206 752 562 825 τελήσουσαν.

416 871 647 969 ’ἔπειτα
688 878 749 931 τὸ
800 882 936 935 πολὺ
970 884 1068 955 τῆς
1112 894 1372 960 στρατιᾶς
1423 895 1777 969 διακάθαρον,

208 958 397 1015 διελῶν
429 965 893 1041 Πελοποννησίους
932 981 1102 1047 χωρὶς
1124 958 1239 1049 μὲν
1282 985 1339 1048 ἐς
1367 987 1495 1049 τοὺς
1525 958 1786 1060 στρατευζ

212 1056 503 1154 σομένους,
531 1063 701 1131 χωρὶς
730 1061 776 1117 δ’
797 1064 855 1129 ὲς
872 1071 1000 1132 τοὺς
1032 1071 1389 1142 εἰσοίσοντας,
1484 1082 1551 1136 ἂν
1569 1056 1790 1137 ἕκαστοι

204 1144 438 1202 δοκῶσιν
472 1153 928 1227 ἑπιτηδειότέρως
971 1162 1138 1231 ἔχειν,
1174 1166 1249 1229 ὡς
1285 1170 1384 1223 οὐκ
1425 1144 1515 1225 ’ἐτι
1547 1174 1658 1228 τῶν
1693 1176 1791 1229 αύ-

204 1238 318 1292 τῶν
347 1250 839 1317 στρατευσομένων
865 1268 925 1305 τε
956 1254 1094 1324 ὁμοῦ
1118 1260 1211 1311 καὶ
1242 1262 1782 1336 φορολογησομένων,

204 1330 279 1426 Oti
334 1334 446 1405 γὰρ
477 1331 588 1400 οἷός
638 1341 688 1394 τ’
739 1342 837 1415 ἔσῃ
881 1348 1079 1423 σαυτόν
1129 1367 1191 1403 τε
1243 1330 1357 1423 ἅμα
1394 1330 1597 1410 καὶτὸ-
1630 1361 1785 1426 γένος

206 1424 423 1490 σώζειν,
479 1431 551 1500 μὴ
584 1433 791 1502 περιὼν
837 1437 948 1490 τῶν
985 1442 1263 1511 πολεμίων
1291 1461 1305 1476 ο
1360 1448 1479 1501 οὐδὲ
1515 1454 1785 1520 περιεῖναι

202 1516 316 1615 τῶν
345 1518 640 1590 πολεμίων,
674 1529 750 1596 μὴ
784 1531 1047 1599 στρατιὰν
1089 1534 1283 1588 εὔνουν
1309 1556 1367 1590 τε
1404 1542 1499 1593 καὶ
1528 1516 1782 1615 φρόνημα

200 1606 436 1677 ἔχουσαν
467 1617 812 1685 κτησάμενος
842 1622 1042 1689 μᾶλλον
1074 1625 1107 1694 ἢ
1141 1628 1330 1685 πλείω.
1377 1606 1778 1706 Φορολογουμέ-

199 1718 302 1799 νην
332 1703 679 1775 δὲνστρατιὰν
709 1712 767 1763 τό
793 1728 851 1765 τε
881 1716 1136 1786 φρόνημα
1180 1719 1377 1784 σώζειν
1406 1724 1521 1793 ἃμα
1556 1728 1653 1780 καὶ

1017 376 1118 438 DE
1188 380 1439 445 REBUS
1496 386 2186 469 PELOI‘ONNESIACIS
2224 401 2508 467 ORATIO
2548 409 2628 470 ΙΙ.

3367 415 3478 478 862

1420 498 1453 568 ὴ
1492 501 1591 571 τὴν
1617 505 1773 560 πολι-

1890 527 1991 566 ηοη
2015 514 2174 569 aliter
2206 530 2491 587 sanantur,
2526 540 2687 594 quam
2720 542 2844 581 cum
2867 528 2969 584 hac
3004 531 3203 589 omissa
3223 547 3469 591 commo-

1898 604 2110 660 diorem
2149 608 2413 680 deligunt.

1922 696 2014 750 τοῦ
2048 699 2226 755 δεινοῦ
2263 704 2527 777 ἦταύτης
2598 710 2790 764 ἐκϐᾶσι
2859 712 3089 785 ζητῆσαι
3161 716 3257 785 τὴν
3317 717 3470 771 λυσι-

1969 904 2062 959 23.
2098 903 2302 962 Deinde
2336 910 2593 978 majorem
2639 916 2912 969 exercitus
2938 926 3142 984 partem
3186 931 3424 987 expurga
3450 956 3468 982 ,
3504 910 3505 913 “

1900 997 2091 1053 divisis
2132 998 2383 1054 bifariam
2418 1001 2808 1073 Peloponnesis
2861 1007 2913 1062 in
2952 1006 3244 1065 militantes
3275 1019 3327 1063 et
3360 1009 3471 1064 col-

1896 1086 2155 1141 lationem
2199 1093 2525 1159 pendentes,
2563 1105 2731 1163 prout
2758 1098 3100 1165 singulorum
3136 1099 3271 1154 feret
3296 1101 3467 1165 ratio;

1896 1180 1977 1234 sic
2012 1190 2068 1234 ut
2098 1196 2205 1235 non
2238 1184 2476 1252 amplius
2514 1186 2675 1241 iidem
2711 1188 2871 1243 simul
2900 1201 2953 1244 et
2983 1191 3216 1246 militent
3250 1200 3302 1247 et
3333 1206 3468 1264 pen-

1895 1274 2046 1326 dant.
2100 1276 2306 1330 Etenim
2344 1293 2446 1332 nec
2486 1279 2719 1348 teipsum
2753 1284 2955 1350 pariter
3005 1292 3059 1338 et
3109 1294 3322 1354 gentem
3358 1300 3469 1340 ser-

1896 1379 2023 1419 vare
2049 1368 2251 1435 poteris
2282 1369 2385 1424 nisi
2423 1371 2603 1428 hostes
2626 1374 2917 1442 deviceris;
2943 1390 3045 1430 nec
3072 1376 3259 1431 hestes
3285 1376 3469 1430 devin-

1893 1471 2034 1521 cere,
2057 1458 2159 1513 nisi
2185 1462 2485 1515 exercitum
2516 1464 2692 1533 potius
2727 1463 3049 1520 benevolum
3078 1475 3130 1521 et
3161 1468 3466 1521 animosum

1893 1564 2052 1616 quam
2082 1551 2361 1619 cepiosum
2389 1553 2670 1610 habueris.
2699 1555 2991 1610 Difficulter
3016 1565 3191 1610 autem
3225 1558 3468 1626 pendens

1886 1641 2157 1695 exercitus
2185 1642 2617 1699 benevolentiam
2643 1648 2804 1701 simul
2835 1657 2888 1702 et
2913 1648 3126 1703 animos
3155 1655 3464 1712 conservat,

1887 1735 1978 1788 sed
2017 1744 2308 1807 utrumque
2336 1737 2449 1794 fere
2482 1741 2677 1807 perdit.

200 1794 824 1909 fGVOWV'.¢YXa’7tE7tOV,
858 1806 975 1860 ἀλλ’
1003 1807 1188 1881 εῤῥειν
1232 1814 1450 1887 ἀνάγκη
1478 1816 1551 1871 τά
1582 1794 1777 1888 πολλά,
1819 1824 1885 1878 τά
1924 1845 1980 1879 τε
2011 1794 2493 1903 φρονήμῖαταῃήν.
2515 1832 2566 1886 τ’
2606 1832 2818 1890 εὔνοιαν
2884 1838 3235 1909 στρατιωτῶν
3300 1852 3464 1905 φορο-

202 1890 564 1961 λογουμένων.

271 2029 376 2142 κδ’,
407 2034 516 2089 Καὶ
564 2038 691 2100 τοὺς
746 2042 1016 2112 ἄρχοντας
1061 2047 1117 2100 δὲ
1160 2048 1494 2121 διακαθᾶραι
1541 2055 1623 2108 δεῖ
1673 2057 1781 2111 τῶν

1957 2067 2049 2122 24.
2082 2069 2324 2126 Praefecti
2351 2088 2570 2142 quoque
2604 2087 2961 2129 secernantur
2987 2089 3015 2128 a
3042 2074 3462 2141 mercatoribus,

200 2126 642 2195 καπηλευὸντων,
707 2136 800 2185 καὶ
833 2142 1121 2205 προειπεῖν
1177 2144 1277 2212 μὲν
1313 2144 1510 2212 ἅπασι,
1555 2149 1630 2219 μὴ
1684 2165 1786 2203 κα-

200 2215 459 2285 πηλεύειν
495 2222 619 2290 μηδ’
659 2224 1067 2295 ἐμπορεύεσθαι
1098 2231 1191 2285 τοῦ
1240 2233 1453 2304 λοιποῦ,
1503 2215 1785 2293 ἀλλ’γαύτὸ

200 2309 361 2362 τοῦτο
403 2313 676 2384 ἄρχοντας
704 2316 781 2389 τῷ
815 2319 929 2374 ὄντι
962 2318 1122 2386 εἶναι,
1169 2326 1263 2378 ἐπὶ
1293 2329 1512 2399 φυλακῇ
1557 2331 1652 2384 καὶ
1683 2349 1811 2385 σωοη

200 2402 369 2473 τηρίᾳ
400 2410 807 2477 προεστηκότας
839 2413 950 2465 τῶν
988 2414 1225 2482 πολλῶν,
1256 2418 1315 2471 οὐ
1352 2419 1636 2474 διακονικὰ
1665 2423 1787 2476 ὲπι-

199 2494 518 2564 τηδεὺματα
571 2501 1012 2571 ἐπιτηδεύοντας,
1066 2509 1161 2559 καὶ
1210 2510 1473 2564 διακόνων
1527 2513 1784 2583 πονηρῶν

199 2586 414 2667 ἀδίκοις
446 2591 752 2658 σταθμίοις,
781 2597 876 2649 καὶ
922 2599 1089 2651 παντὶ
1117 2601 1224 2670 ὅτῳ
1259 2602 1324 2655 ἂν
1360 2602 1627 2660 δύνωνται
1659 2607 1784 2677 τρό-

201 2694 316 2746 πῳ.
366 2683 479 2741 τοῖς
530 2682 638 2733 τῶν
697 2685 1061 2757 ταλαιπώρων
1110 2693 1430 2763 αὐτουργῶν
1492 2698 1784 2766 πράγμασι

200 2768 642 2840 λυμαινομένων.
681 2776 746 2828 El’
790 2778 851 2832 τέ
879 2794 1027 2843 τινες
1071 2784 1165 2834 καὶ
1205 2785 1269 2837 ὲκ
1299 2786 1563 2855 καπήλων
1596 2791 1651 2851 ἐς
1683 2789 1785 2851 τὰς

201 2862 383 2935 ἀρχὰς
414 2868 796 2939 παρεωσμένοι
851 2866 983 2935 εἷεν,
1026 2877 1122 2928 καὶ
1160 2876 1383 2940 τούτους
1417 2880 1496 2946 δὲ,
1542 2881 1610 2935 ἄν
1641 2898 1784 2945 τινες

200 2954 468 3024 χρήσιμοι
513 2957 763 3026 δοκῶσιν,
800 2962 856 3032 ἢ,
894 2967 1263 3036 πεπαυμένων
1308 2970 1411 3040 ἠδη
1459 2972 1553 3025 τοῦ
1599 2989 1785 3041 καπη-

200 3044 403 3137 λεύειν,
435 3048 644 3120 ἄρχειν,
679 3053 711 3123 ἢ
746 3054 1123 3122 ἀπεληλάσθαι
1162 3060 1268 3112 τῶν
1303 3063 1511 3132 ἀρχῶν.
1555 3065 1648 3135 Μὴ
1675 3065 1784 3137 γὰρ

199 3136 580 3209 διακεκρίσθαι
622 3141 691 3196 τά
737 3147 987 3215 τοιαῦτα,
1033 3149 1170 3203 ἀλλὰ
1212 3154 1491 3220 καπήλους
1542 3154 1641 3223 μὲν
1684 3136 1783 3222 ἀρν-

200 3246 394 3297 χουττιν
428 3232 822 3303 ἀναμεμίχθαι,
866 3243 1207 3311 στρατιώτας
1236 3243 1281 3295 δ’
1320 3244 1650 3311 είλωτεύειν,
1686 3248 1781 3299 ἐπὶ

198 3321 388 3376 εἵλωσι
412 3324 468 3378 δὲ
502 3326 571 3381 τά
600 3327 696 3398 τῆς
720 3330 994 3400 σωτηρίας
1031 3328 1193 3397 εἷναι,
1236 3334 1581 3407 φαυλοτάτης
1603 3338 1781 3391 ταῦτα

1889 2169 1940 2217 et
1979 2164 2196 2219 cunctis
2225 2164 2446 2234 quidem
2500 2166 2801 2235 imperetur
2844 2183 2913 2222 ne
2965 2178 3326 2222 mercaturam
3380 2167 3464 2220 vel

1888 2253 2213 2309 institoriam
2251 2255 2506 2324 deinceps
2555 2267 2866 2320 exerceant,
2906 2260 2998 2313 sed
3034 2274 3090 2312 se
3147 2273 3243 2323 pro
3277 2256 3467 2327 praefe-

1887 2347 1991 2400 ctis
2025 2356 2239 2416 gerant,
2279 2349 2592 2417 reipublicae
2617 2351 2923 2405 custodiam
2971 2359 3025 2403 et
3072 2351 3301 2406 salutem
3336 2365 3464 2417 pro-

1886 2449 2165 2507 curantes,
2198 2456 2306 2495 non
2358 2441 2579 2496 servilia
2612 2445 2884 2497 obeuntes
2911 2444 3114 2504 officia,
3147 2453 3199 2495 et
3233 2444 3459 2511 quidem

1886 2545 2121 2599 nequam
2159 2546 2472 2597 servorum,
2509 2536 2603 2602 qui
2636 2535 2969 2605 ponderibus
3004 2535 3220 2603 iujustis
3243 2544 3296 2589 et
3330 2550 3467 2602 qna-

1885 2631 2105 2686 cunque
2166 2634 2226 2672 re
2267 2619 2371 2672 alia
2406 2621 2639 2677 miseros
2667 2624 2903 2679 rusticos
2931 2624 3131 2683 damno
3164 2624 3407 2678 alliciunt
3443 2642 3459 2680 :

1886 2707 1970 2760 sin
2008 2708 2170 2762 etiam
2207 2710 2276 2763 de
2327 2715 2726 2769 mercatoribus
2758 2716 2927 2784 aliqui
2963 2717 3163 2770 fuerint
3192 2718 3258 2771 ad
3292 2717 3461 2783 magi-

1905 2810 2108 2856 atratus
2135 2804 2332 2867 evecti,
2370 2804 2405 2858 ii
2441 2806 2522 2861 vel
2559 2809 2746 2862 relicta
2778 2820 3110 2876 mercatura,
3164 2811 3209 2864 si
3262 2810 3466 2864 fuerint

1887 2889 2071 2946 idonei
2127 2907 2356 2948 munere
2420 2894 2733 2965 fungantur,
2790 2898 2874 2955 vel
2929 2899 3048 2955 loco
3111 2911 3458 2956 moveantur.

1883 2980 2112 3046 Oportet
2133 2983 2279 3037 enim
2310 2984 2425 3041 haec
2450 2989 2686 3053 secerni,
2721 3005 2826 3045 non
2850 2990 3138 3059 ιιι-πίθοιοε
3160 3007 3283 3046 cum
3315 3008 3463 3047 mer-

1884 3073 2165 3127 catoribus
2198 3077 2539 3147 permisceri,
2567 3095 2666 3134 nec
2697 3082 2894 3137 milites
2928 3098 3090 3153 agros
3120 3084 3322 3150 colere,
3360 3099 3461 3138 nec

1882 3162 2106 3218 rusticis
2150 3180 2496 3222 communem
2540 3170 2772 3226 salutem
2810 3174 3083 3228 committi
3115 3214 3129 3239 ,
3162 3189 3283 3243 quae
3324 3186 3457 3231 sunt

1880 3254 2063 3307 omnia
2096 3256 2405 3325 reipublicae
2428 3260 2786 3327 pravissimr,
2810 3278 3035 3333 qmeque
3059 3265 3194 3319 nihil
3222 3279 3458 3333 unquam

1882 3357 2137 3407 maguum
2170 3344 2251 3398 vel
2286 3348 2604 3415 pra‘clarum
2631 3350 2879 3418 gesserit.
2912 3349 3201 3405 Enimvero
3225 3366 3322 3406 nec
3348 3353 3460 3406 asi-

199 3415 503 3483 πολιτείας,
533 3421 628 3499 καί
651 3420 907 3499 οὐδέποτε
938 3425 1096 3479 οὐδὲν
1126 3428 1271 3497 μέγα
1298 3429 1331 3499 ἢ
1360 3430 1523 3484 καλὸν
1554 3431 1782 3500 διαπρα-

1890 3432 1969 3487 uis
1992 3432 2058 3487 ad
2085 3448 2354 3503 equorum
2390 3437 2597 3493 utimur
2633 3453 2827 3509 opera,
2858 3455 2959 3496 nec
2992 3441 3148 3511 equis
3174 3440 3240 3497 ad
3274 3443 3461 3497 asino-

196 3506 458 3601 ξομένης.
498 3512 683 3578 Ὄνοις
714 3515 846 3583 γοῦν
880 3520 940 3569 οὐ
973 3520 1233 3590 χρώμεθα
1282 3523 1371 3575 ἐπὶ
1404 3525 1474 3593 τὰ
1508 3524 1618 3577 τῶν
1664 3540 1788 3591 γεν-

1890 3541 2034 3593 rum;
2075 3527 2321 3598 adeoque
2361 3546 2461 3585 nec
2496 3532 2653 3601 equis
2682 3532 2873 3595 iisdem
2907 3533 2973 3587 ad
3015 3536 3198 3588 omnia
3224 3573 3240 3599 ,
3270 3549 3458 3589 verum

195 3600 369 3653 ναίων
426 3603 609 3658 ἵππων
656 3607 817 3675 ἔργα,
854 3611 973 3664 οὐδὲ
1026 3613 1291 3681 γενναίοις
1344 3615 1536 3677 ἵπποις
1593 3616 1689 3670 ἐπὶ
1718 3617 1788 3670 τὰ

1890 3617 2011 3672 aliis
2047 3618 2213 3684 bello,
2245 3620 2367 3675 aliis
2400 3621 2466 3675 ad
2499 3600 2791 3691 sarcinas;
2823 3633 2878 3679 at
2918 3625 3020 3681 hoc
3067 3624 3359 3679 discrimen
3404 3623 3461 3677 in

193 3691 305 3745 τῶν
350 3693 486 3749 ὄνων
513 3713 528 3728 ’
562 3692 718 3767 οἴμαι
764 3701 809 3753 δ’
840 3703 963 3755 οὐδ’⁷
984 3705 1172 3769 ἵπποις
1220 3709 1333 3770 τοῖς
1368 3708 1553 3769 αὐτοῖς
1593 3710 1685 3761 ἐπὶ
1719 3711 1787 3761 τά

1890 3707 2203 3764 hominibus
2235 3711 2408 3765 multo
2436 3712 2609 3783 magis
2634 3713 3039 3769 observandum
3072 3722 3209 3773 erat.
3474 3756 3477 3759 ς

194 3787 364 3855 αὐτὰ,
407 3790 525 3844 ἀλλ’
556 3793 789 3866 ίδίᾳμὲν
823 3796 1287 3870 πολεμιστηρίοις,
1328 3801 1434 3872 ἰδίᾳ
1460 3801 1506 3854 δ’
1536 3802 1861 3873 ἀχθοφόροις
1922 3800 2207 3872 χρώμεθα.
2248 3802 2436 3874 Πολλῷ
2495 3803 2560 3872 δὴ
2608 3805 2874 3876 πρότερον
2920 3807 3012 3861 καὶ
3077 3805 3167 3857 ἐπ’
3250 3805 3459 3876 ἀνθρώ·

197 3905 317 3944 πων
350 3890 419 3944 τὰ
442 3890 668 3945 τοιαῦτα
704 3891 813 3945 ἔδει
838 3893 1161 3965 διακρίνειν,
1192 3896 1287 3949 καὶ
1313 3896 1390 3967 μὴ
1421 3899 1670 3968 συγχεῖν.

269 4014 371 4062 κε’.
408 4009 519 4062 Καὶ
563 4009 684 4073 τοὺς
725 4010 926 4081 φόρους
968 4010 1026 4064 δὲ
1059 4013 1186 4076 τοὺς
1228 4014 1459 4077 πολλοὺς
1490 4015 1584 4067 καὶ
1634 4017 1776 4070 κατὰ

201 4100 414 4169 σμικρά
447 4100 543 4152 καὶ
566 4100 888 4167 ἀνωμάλους
912 4101 1137 4165 τούτους
1163 4103 1391 4170 ἀνελὼν,
1423 4105 1629 4157 ἐκεῖνον
1657 4106 1780 4158 ἀντὶ

199 4193 424 4247 πάντων
456 4192 828 4260 κατάστησον,
853 4192 913 4247 δν
940 4193 1019 4264 τῷ
1047 4195 1373 4265 δικαιοτάτῳ
1402 4196 1543 4267 λόγῳ
1569 4196 1779 4265 ἔφαμεν

197 4286 393 4354 τρίτην
424 4285 709 4353 γίγνεσθαι
743 4287 841 4357 τὴν
874 4289 1212 4358 γιγνομένων
1255 4290 1473 4357 μοῖραν,
1510 4292 1781 4357 κουφότα-

198 4377 292 4443 τόν
318 4394 378 4429 τε
424 4377 560 4445 ὁμοῦ
606 4381 719 4441 τοῖς
746 4380 1065 4444 εἰσοίσουσι,
1117 4381 1212 4433 καὶ
1241 4382 1358 4442 τοῖς
1397 4383 1597 4441 κοινοῖς
1626 4382 1778 4434 λυσι-

196 4467 518 4521 τελέστατον
562 4469 654 4521 τὸν
681 4469 829 4523 αὑτέν
893 4469 1171 4537 ἐσόμενον.
1200 4464 1406 4523 Ἧττόν
1448 4487 1507 4525 τε
1556 4473 1664 4541 γάρ
1692 4488 1778 4534 τις

198 4559 287 4613 διά
309 4560 503 4614 τοῦτον
527 4559 624 4612 τὸν
647 4560 813 4631 φόρον
843 4561 1235 4631 ἀποδράσεται,
1262 4556 1426 4633 ἧττόν
1449 4579 1505 4615 τε
1536 4561 1642 4615 ὑπὸ
1666 4564 1777 4615 τῶν

1957 4011 2049 4065 25.
2088 4010 2343 4065 Tributis.
2365 4022 2587 4077 quoque
2620 4005 2812 4060 multis
2839 4005 2980 4069 istis,
3004 4004 3215 4059 crebris
3241 4012 3295 4057 et
3332 4002 3463 4056 inae-

1887 4103 2148 4173 qualibus
2180 4101 2435 4164 sublatis,
2468 4100 2601 4154 illud
2636 4100 2880 4153 omnium
2918 4098 3042 4152 loco
3073 4111 3275 4164 repone
3313 4099 3458 4164 quod

1886 4209 2071 4248 rerum
2101 4191 2444 4247 nascentium
2466 4192 2680 4245 tertiam
2709 4189 2948 4243 diximus
2973 4187 3283 4257 tequissime
3309 4202 3462 4242 com-

1884 4287 2043 4356 plecti
2084 4294 2291 4355 partem
2320 4283 2656 4338 levissimum
2685 4284 2845 4337 simul
2882 4281 3248 4350 pendentibus
3270 4289 3324 4337 et
3350 4279 3477 4334 τοί-η

1880 4380 2111 4449 publica:
2145 4378 2495 4434 utilissimum
2545 4378 2686 4431 idem
2744 4376 3013 4430 futurum.
3064 4374 3201 4429 Nam
3233 4381 3455 4444 propter

1884 4477 1987 4525 hoc
2037 4472 2300 4525 tributum
2351 4485 2452 4524 nec
2501 4479 2707 4525 temere
2760 4468 2884 4539 quis
2931 4466 3192 4537 aufugiat,
3235 4481 3334 4521 nec
3385 4466 3477 4519 ab.

1880 4564 2232 4617 exactoribus
2260 4563 2516 4633 injuriam
2550 4563 2804 4632 accipiet,
2832 4562 2956 4615 dum
2993 4560 3065 4615 illi
3090 4559 3454 4629 pendentibus

198 4652 596 4722 πραττομένων
645 4652 988 4719 ἀδικήσεται,
1032 4652 1107 4715 ὡς
1132 4654 1195 4705 τὸ
1244 4653 1392 4715 εἰκὸς
1438 4653 1777 4722 βουλομένων

1890 4653 2287 4722 quamplurima
2320 4652 2510 4705 volunt
2530 4652 2851 4713 ‘attribuere,
2878 4664 2985 4719 quo
3015 4650 3261 4702 videlicet
3288 4650 3453 4703 simul

198 4741 264 4795 ἂν
290 4742 369 4805 ὡς
429 4743 655 4797 πλεῖστα
690 4744 977 4811 γίγνεσθαι
1021 4746 1134 4808 τοῖς
1184 4744 1772 4815 είσπραχθησομένοις,

199 4820 287 4887 ἶνα
320 4835 389 4904 δὴ
421 4835 516 4888 καὶ
545 4834 732 4903 σφίσιν
759 4835 835 4895 ὡς
886 4835 1090 4903 μείζων
1115 4836 1358 4905 γίγνοιτο
1386 4838 1415 4890 ὁ
1440 4836 1626 4905 φόρος.
1656 4836 1778 4888 Τῶν

197 4926 255 4978 δὲ
294 4926 556 4980 τοιούτων
611 4928 861 5001 Είλωξτων
907 4928 1101 4997 πρῶτα
1137 4928 1239 4997 μὲν
1267 4929 1326 4991 ἐς
1374 4927 1466 4980 τὸν
1502 4927 1595 4980 σὸν
1629 4920 1778 4980 οἷκον

199 5012 401 5090 ιῇελείν
435 5016 667 5079 ὁπόσους
695 5015 759 5069 ἂν
794 5015 967 5082 δόξειε
1007 5018 1121 5071 δεῖν
1142 5033 1158 5049 ⁸
1183 5019 1310 5081 τοὺς
1335 5018 1391 5071 δὲ
1420 5018 1642 5081 λοιποὺς
1663 5020 1777 5081 τοῖς

200 5105 431 5175 ἀρχουσί
459 5123 520 5159 τε
554 5109 649 5160 καὶ
677 5108 786 5160 τῶν
823 5110 1173 5179 στρατιωτῶν
1203 5109 1448 5181 λογάσιν,
1474 5112 1581 5181 ὅπη
1620 5129 1680 5165 τε
1710 5112 1778 5165 ἂν

200 5197 419 5265 ἑκάστῳ
456 5199 551 5252 καὶ
584 5202 818 5263 ὁπόσους
863 5201 1091 5271 βούλοιο.
1125 5202 1474 5271 Κατανείμας
1513 5204 1569 5255 δὲ
1606 5204 1776 5270 duar—

202 5289 395 5354 κάζειν
428 5291 573 5343 κατά
602 5292 759 5360 λόγον
790 5295 890 5362 τῆς
920 5292 1301 5363 νενεμημένης
1345 5294 1629 5358 εἱλωτείας
1657 5296 1781 5365 τρέ-

202 5396 323 5447 φειν
352 5380 583 5435 ἕκαστον
606 5385 845 5447 καὶτοὺς
875 5383 1134 5449 πελάτας,
1163 5386 1593 5449 στρατιωτικούς
1620 5402 1783 5453 τινας

202 5471 578 5541 θεράποντας·
623 5477 715 5528 καὶ
769 5476 845 5546 μὴ
898 5477 1020 5547 είκῆ
1073 5478 1343 5547 ὲντρυφᾷν
1394 5478 1505 5539 τοῖς
1560 5481 1777 5539 κοινοῖς,

204 5563 332 5630 μηδ’
359 5565 396 5617 ἃ
426 5568 474 5618 oi
513 5567 761 5635 πολέμιοι
809 5566 1161 5633 εὔξαινττᾶν,
1193 5568 1290 5630 τὰς
1322 5567 1463 5638 ὑπὲρ
1508 5569 1603 5636 τῆς
1641 5569 1780 5637 ἠμε-

201 5654 371 5722 τέρας
419 5656 722 5725 ἀσφαλείας
778 5660 1025 5722 δαπάνας
1074 5659 1196 5727 εἰκῆ
1253 5657 1584 5723 διόλλυσθαι,
1623 5659 1780 5712 ταῦτ’

202 5743 403 5808 αὐτοὺς
457 5749 745 5819 φαίνεσθαι
811 5752 1355 5821 διαπραττομένους
1427 5731 1657 5822 ὲῘξελεῖν
1716 5769 1775 5804 τε

209 5835 443 5907 μάλιστα
476 5844 567 5894 καὶ
610 5842 806 5897 σαυτοῦ
852 5844 943 5896 καὶ
976 5843 1081 5895 τῶν
1116 5842 1291 5897 ἄλλων
1318 5842 1526 5914 τροφὴν
1553 5843 1643 5895 καὶ
1674 5860 1773 5895 πο-

1883 4749 2151 4801 ttibntum
2192 4756 2424 4802 cresrat.
2507 4746 2580 4799 De
2635 4744 2721 4797 his
2767 4751 2945 4797 autem
2983 4743 3179 4797 Hilotis
3208 4744 3451 4811 primum

1881 4848 1987 4889 tum
2018 4834 2239 4889 familia:
2266 4835 2412 4904 quod
2447 4833 2723 4887 videbitur
2759 4845 2897 4898 opus
2922 4871 2935 4893 ,
2972 4831 3182 4899 selige;
3214 4833 3455 4899 reliquos

1879 4927 2079 4982 deinde
2111 4924 2387 4997 praefectis
2417 4934 2472 4979 et
2499 4924 2764 4977 militibus
2801 4922 3081 4988 primariis
3112 4930 3318 4991 quanto
3354 4938 3454 4975 vo-

1878 5019 1957 5073 les
1992 5034 2223 5073 numero
2262 5018 2525 5072 concede.
2576 5016 2715 5071 Tum
2764 5030 2894 5068 vero
2944 5025 3211 5085 cogantur
3251 5016 3450 5084 singuli

1880 5110 2309 5178 pro'Hilotarum
2348 5110 2710 5176 ascriplorum
2745 5123 2972 5161 numero
3025 5108 3251 5162 clientes
3281 5110 3448 5172 alere,

1879 5216 2069 5254 servos
2096 5200 2345 5253 videlicet
2365 5199 2646 5264 militares,
2668 5215 2739 5253 ne
2764 5201 3047 5267 pecuniam
3075 5202 3344 5271 publicam
3373 5213 3451 5255 te-

1882 5304 2027 5343 mere
2057 5287 2410 5357 profundant,
2429 5303 2660 5357 qumque
2682 5288 2873 5344 hostes
2904 5289 2956 5343 in
2981 5291 3123 5345 votis
3146 5292 3367 5356 habent,
3392 5303 3450 5347 ut

1882 5380 2072 5434 salutis
2100 5381 2411 5433 communis
2435 5382 2689 5447 impensa:
2711 5380 2939 5448 turpiter
2967 5382 3319 5450 dissipentur,
3348 5387 3469 5454 ipsi'

1884 5471 2169 5526 videantur
2200 5485 2516 5539 procurare,
2552 5472 2650 5525 abs
2692 5480 2743 5525 te
2778 5481 2958 5535 autem
2989 5483 3151 5541 atque
3194 5475 3316 5531 aliis
3350 5477 3449 5531 ali-

1884 5572 2061 5617 menta
2092 5577 2154 5617 ac
2178 5573 2426 5632 sumptus
2458 5565 2691 5634 grandes
2721 5572 2968 5617 avertere
2997 5604 3013 5627 ,
3048 5566 3230 5618 omnia
3262 5578 3444 5622 autem

1886 5657 1939 5710 in
1996 5656 2119 5709 belli
2169 5665 2465 5725 apparatus
2514 5664 2872 5721 convertere;
2922 5656 3124 5709 nemini
3157 5657 3299 5711 enim
3336 5674 3445 5715 non

1888 5750 2059 5820 magis
2083 5764 2245 5819 quam
2285 5749 2419 5817 regi,
2452 5757 2548 5802 aut
2590 5746 2818 5801 militum
2874 5746 2997 5801 duci
3046 5748 3450 5818 magistraluive

1884 5852 2132 5912 sumptus
2158 5843 2500 5899 incumbunt.
2529 5840 2744 5906 Quanto
2781 5839 2900 5909 plus
2927 5842 3127 5898 etenim
3152 5844 3215 5895 ad
3243 5842 3445 5897 bellum
