3920 6454
248 328 365 396 s09
1506 338 1606 396 UE
1644 338 2145 400 vurrurtnus.
2441 388 2454 399 .
2742 306 2743 313 Ν
3416 345 3522 408 svo

260 445 511 511 σώζουσα
558 457 614 497 το
677 447 953 516 προσῆκον
1014 447 1163 515 αὐτῷ
1216 448 1432 516 ἑκάστῳ
1488 450 1669 517 ἡμῶν,
1702 450 1832 520 ὅπερ

1944 449 2128 516 qualia
2166 464 2325 504 servo
2358 459 2412 504 et
2444 452 2597 520 operi
2633 466 2760 521 erga
2792 451 3073 505 dominqu
3126 460 3177 505 el
3226 451 3479 521 opificem
3511 494 3519 503 .

256 540 444 608 ἐσμὲν,
472 540 605 607 πρὸς
634 539 881 594 ἕκαστον.
931 542 1084 594 Ἐπεὶ
1129 541 1184 592 δὲ
1215 540 1336 592 καθ’
1361 541 1521 594 αὑτὸν
1548 544 1834 612 ἅνθρωπος

254 633 477 695 γέγονεν
507 631 606 682 οὐκ
639 632 769 685 ἄλλο
798 650 849 684 τι
885 632 1122 700 μάλιστα
1223 633 1438 700 λογικόν
1469 651 1517 685 τι
1551 634 1713 699 ζῶον,
1745 636 1840 704 δῆο

254 723 345 775 λον
363 723 427 792 δὴ
463 724 538 786 ὡς
569 724 770 792 Θεωρός
808 742 889 786 τις
938 721 1161 795 οἷόνπερ
1202 728 1259 778 ἐν
1306 727 1640 797 πανηγύρει,
1702 728 1835 798 τῷδε

246 815 330 882 τῷ
363 816 527 868 παντὶ
556 814 830 884 εἰσῆκται,
885 818 1315 886 ἐπισκεψόμενος
1370 821 1449 881 εἰς
1481 819 1714 889 δύναμιν
1746 820 1838 873 καὶ

248 904 547 975 θεωρήσων
604 906 658 958 τι
691 907 751 958 τέ
783 907 903 959 ἐστι
956 908 1065 960 τῶν
1105 907 1273 961 ὄντων
1308 908 1562 975 ἕκαστον,
1629 908 1726 962 καὶ
1756 907 1835 977 πῆ

246 1015 385 1052 ποτε
421 1000 557 1069 πρὸς
589 997 795 1065 ἄλληλα
830 999 965 1068 ἔχει,
1008 1002 1103 1052 καὶ
1140 1000 1227 1054 διὰ
1258 1000 1312 1053 τί
1342 999 1553 1055 ἕκαστα
1585 1002 1834 1071 γίγνεται

246 1088 359 1141 τῶν
388 1089 747 1158 γιγνομένων.
783 1088 882 1158 Eii}
912 1082 979 1141 τε
1006 1088 1072 1142 ἂν
1111 1092 1206 1142 καὶ
1242 1089 1400 1143 τοῦτο
1435 1092 1724 1160 φρόνησις,
1774 1092 1835 1146 τὸ

250 1180 438 1233 λοιπὸν
470 1180 565 1234 καὶ
588 1181 919 1235 τελεώτατον
969 1182 1161 1252 μόριον
1205 1184 1429 1253 ἀρετῆς,
1494 1184 1609 1249 ἕξις
1650 1180 1834 1254 ’ψυχῆς

252 1271 564 1342 θεωρητικὴ
610 1272 719 1325 τῶν
745 1272 938 1336 ὄντων,
960 1268 1107 1346 ᾖπέρ
1139 1276 1287 1326 ἐστιν
1321 1274 1551 1329 ἕκαστα.
1587 1273 1738 1329 Εἶναι
1767 1292 1829 1330 τε

249 1364 484 1434 τέτταρα
513 1363 612 1433 μὲν
640 1364 708 1417 τὰ
751 1363 984 1434 μέγιστα
1044 1365 1211 1435 μόρια
1278 1366 1501 1435 ἀρετῆς,
1546 1368 1832 1437 σωφροσύ-

249 1473 369 1525 νην,
403 1456 645 1526 ἀνδρίαν,
681 1454 1057 1524 δικαιοσύνην,
1116 1457 1408 1527 φρόνησιν.
1443 1458 1667 1513 Τούτων
1701 1459 1744 1512 δ’
1767 1460 1834 1515 αὖ

249 1548 484 1602 ἑκάστου
512 1546 635 1619 τρία
668 1548 836 1619 μόρια
888 1548 998 1602 δεῖν
1032 1545 1193 1615 εἶναι,
1224 1550 1442 1619 πρῶτον
1486 1547 1586 1617 μὲν
1622 1566 1843 1621 σωφρο-

252 1656 445 1710 συνης.

1949 543 1993 592 si
2022 540 2144 607 quis
2178 539 2399 608 inquam
2435 541 2548 594 tunc
2580 542 2654 593 ita
2693 548 3100 608 pr.rstet,;tum
3157 540 3285 594 illud
3333 555 3520 594 secum

1949 648 2173 698 munus,
2206 646 2313 701 quo
2350 632 2649 702 unicuique
2678 632 2972 688 obstrictus
3002 632 3385 698 est,tuebitur,
3408 641 3521 686 tum

1950 722 2114 777 Deum
2164 733 2443 795 sequetur,
2498 739 2853 794 perseverans
2917 726 2972 777 in
3032 739 3094 778 ea
3145 725 3381 778 statione
3413 712 3519 791 qua

1947 814 2177 871 colratus
2201 825 2306 881 est,
2329 824 2440 869 tum
2477 816 2530 869 in
2551 818 2754 885 optimo
2777 818 2877 871 erit
2909 826 3054 872 statu
3079 815 3222 870 velut
3268 816 3313 871 is
3341 816 3432 883 qui
3468 814 3520 867 id

1942 908 2087 972 quod
2137 909 2401 975 optimum
2437 920 2523 963 cst
2589 908 2859 976 sequitur.
2912 909 3024 961 Erit
3065 918 3243 962 autem
3283 924 3407 976 pars
3457 922 3522 960 ea

1947 1000 2165 1053 virttttis
2193 1000 2433 1069 justitia,
2461 1018 2583 1070 qum
2616 1001 2836 1055 habitus
2867 1001 3035 1055 animi
3076 1013 3178 1066 est,
3205 999 3261 1055 id
3296 1014 3523 1053 conscr-

1947 1108 2081 1147 vans
2111 1092 2255 1162 quod
2284 1095 2538 1148 cenvenit
2578 1094 2875 1163 unicuique
2891 1094 3251 1158 nostrumpin
3280 1107 3345 1146 eo
3374 1090 3520 1160 quod

1944 1198 2158 1251 sumus,
2195 1184 2461 1238 relatione
2497 1186 2561 1238 a~|
2590 1183 2810 1252 quidvis
2844 1185 3014 1239 aliud.
3041 1185 3176 1239 Cum
3209 1193 3391 1238 autem
3425 1198 3523 1252 per

1944 1292 2005 1333 se
2037 1278 2199 1351 homo
2226 1293 2336 1332 non
2379 1279 2527 1333 aliud
2564 1277 2677 1333 fere
2704 1280 2776 1333 sit
2813 1294 2975 1348 quam
3007 1278 3209 1334 animal
3243 1278 3518 1348 quoddam

1945 1370 2174 1424 rationis
2195 1370 2484 1440 particeps,
2528 1371 2876 1439 perSpicuum
2932 1378 3036 1435 est,
3077 1385 3201 1424 eum
3259 1378 3516 1438 tanquam

1944 1471 2307 1531 spectatorem
2347 1462 2640 1531 quemdam
2681 1462 2734 1515 in
2771 1461 2873 1516 hoc
2919 1461 3235 1516 universum
3268 1459 3415 1513 velut
3456 1458 3513 1512 in

1943 1553 2260 1608 celebritate
2295 1554 2667 1609 introductum
2693 1569 2834 1618 esse,
2871 1562 2928 1608 ut
2959 1551 3273 1619 consideret
3299 1559 3353 1605 et
3387 1564 3520 1604 con-

1944 1646 2236 1714 templetur
2264 1662 2364 1715 pro
2402 1647 2575 1711 virili,
2607 1647 2868 1716 quidnam
2900 1645 2969 1699 sit
2998 1643 3433 1712 unumquidque,
3465 1648 3523 1695 et

211 1782 218 1790 .
249 1751 363 1806 quo
394 1749 549 1807 pacto
591 1752 721 1810 erga
744 1754 803 1795 se
825 1738 1059 1795 invicem
1091 1738 1202 1794 sint
1233 1737 1447 1803 aﬂ'ecta,
1487 1746 1543 1792 et
1597 1751 1764 1807 quam
1818 1737 1889 1790 ob
1939 1752 2159 1791 causam
2189 1738 2402 1801 singula
2453 1756 2575 1808 quae
2608 1742 2889 1808 eveniunt,
2940 1740 3213 1797 accidant.
3248 1738 3321 1792 Ea
3357 1748 3521 1805 porro

252 1835 543 1905 prudentia
600 1835 767 1891 fuerit
817 1836 1028 1906 reliqua
1085 1836 1304 1891 virtutis
1348 1851 1472 1905 pars
1511 1843 1566 1890 et
1615 1832 2035 1904 perfectissima,
2073 1848 2196 1901 qua;
2250 1844 2333 1889 est
2387 1835 2605 1889 habitus
2658 1837 2851 1900 animi,
2882 1837 2957 1890 ita
3004 1851 3092 1891 res
3136 1833 3517 1893 considerans,

248 1936 416 1998 prout
455 1944 687 1999 quaeque
731 1938 883 1985 sunt.
934 1926 1189 1995 Quatuor
1233 1930 1417 1998 itaque
1482 1928 1700 1983 virtutis
1747 1928 1993 1982 maxima:
2028 1937 2208 1994 partes
2253 1935 2381 1981 sunt
2426 1929 2722 1993 modestia,
2756 1928 3042 1993 fortitudo,
3078 1926 3308 1994 iustitia,
3385 1939 3517 1993 pru-

247 2023 451 2083 dentia.
498 2021 713 2078 Rursus
750 2020 1186 2091 uniuscujusque
1211 2021 1406 2075 harum
1442 2020 1709 2075 virtutum
1742 2027 1851 2072 tres
1907 2034 2028 2073 esse
2061 2030 2246 2087 partes
2296 2034 2518 2075 necesse
2550 2027 2657 2082 est,
2681 2036 2743 2075 ac
2773 2020 3002 2089 primam
3052 2018 3449 2087 temperantiae.

335 2118 487 2172 Ἐπεί
519 2116 636 2170 ἐστι
658 2116 979 2187 σωφροσύνη
1012 2114 1312 2184 αὐτάρκεια
1332 2116 1441 2167 τῶν
1465 2113 1603 2184 πρὸς
1622 2112 1714 2166 τὸν
1734 2112 1832 2183 βίοι

2024 2110 2500 2176 Quoniam-autem
2536 2112 2895 2181 temperantia
2950 2111 3005 2165 in
3063 2111 3227 2166 rebus
3250 2110 3315 2163 ad
3342 2110 3512 2164 vitam

249 2210 588 2275 ἀναγκαίων,
609 2207 775 2278 τριῶν
803 2207 858 2261 δὲ
885 2206 1089 2261 τούτων
1119 2208 1255 2275 πρὸς
1299 2205 1391 2259 τὸν
1428 2204 1542 2275 βίον
1582 2205 1835 2274 δεόμεθα,

250 2302 477 2373 ἡδονῶν,
513 2302 837 2373 χρημάτων,
870 2300 1049 2368 δόξηςο
1074 2300 1161 2369 ἐφ’
1183 2297 1398 2368 ἑκάστῳ
1420 2297 1624 2350 τούτων
1653 2297 1736 2367 εἴη
1771 2298 1836 2352 ἄν

250 2410 307 2446 τι
331 2393 519 2463 μόριον
541 2392 912 2461 σωφροσύνης,
928 2391 1196 2458 φυλάττον
1220 2391 1278 2443 τὸ
1298 2388 1569 2459 αὔταρκες
1588 2388 1679 2441 καὶ
1700 2390 1802 2458 χρή
1823 2421 1830 2426 -

254 2503 416 2554 σιμον
442 2485 800 2549 exiis-nomini.
824 2484 921 2553 μὲν
945 2483 1154 2553 ἡδοναῖς
1174 2486 1490 2552 κοσμιότης,
1515 2483 1606 2534 ἐπὶ
1622 2482 1679 2534 δὲ
1705 2483 1837 2551 χρή-

222 2596 229 2599 λ
257 2593 423 2642 μασιν
452 2574 847 2643 ἐλευθεριότης,
875 2574 965 2626 ἐπὶ
985 2574 1040 2626 δὲ
1073 2573 1200 2644 δόξῃ
1230 2572 1542 2642 μετριότης.
1589 2572 1837 2647 ’ᾼνδρίας

250 2668 332 2731 δὲ,
355 2667 557 2736 ὁμοίως
577 2667 703 2735 τρία
732 2666 849 2719 ἐστὶ
881 2668 1067 2735 μόρια.
1104 2666 1255 2717 Ἐπεί
1278 2667 1421 2718 ἐστιν
1451 2664 1687 2718 ἀπάθεια
1733 2665 1837 2717 ὑπὸ

252 2758 364 2810 τῶν
397 2759 538 2811 κατά
564 2760 657 2811 τὸν
682 2760 796 2828 βίον
823 2758 1014 2827 βιαίων
1042 2758 1404 2827 παθημάτων,
1445 2758 1652 2809 τούτων
1683 2756 1740 2808 δὲ
1765 2756 1829 2808 τὰ

258 2848 359 2916 μὲν
392 2846 545 2900 αὐτοί
586 2863 688 2899 που
742 2845 1021 2900 ἐθελονταὶ
1053 2846 1419 2913 ὑφιστάμεθα,
1462 2846 1729 2913 μειζόνων
1757 2847 1834 2897 εἴ·

228 2938 387 2992 ma
418 2938 659 3005 ἀγαθῶν,
700 2938 777 3002 ὡς
800 2940 929 2992 ὅταν
959 2941 1153 3001 πόνους
1180 2941 1209 3005 ἢ
1246 2938 1521 3001 κινδύνους
1550 2939 1583 3008 ἡ
1623 2956 1676 2991 τι
1706 2939 1837 2991 ἄλλο

251 3032 686 3102 προσαιρώμεθα
715 3026 789 3107 ὧν
818 3033 948 3086 ἄνευ
986 3032 1061 3102 μὴ
1109 3027 1222 3086 οἷόν
1255 3050 1315 3085 τε
1354 3035 1441 3101 εἴη
1470 3033 1578 3084 τῶν
1603 3032 1835 3085 δεόντων

155 3175 169 3186 ,
226 3141 349 3177 ητου
385 3126 608 3194 τυχεῖν*
670 3124 738 3177 τὰ
795 3122 840 3176 δ’
871 3124 1096 3176 ἑκούσια
1132 3125 1227 3176 καὶ
1268 3124 1330 3175 οὐ
1379 3124 1835 3194 προσδεχομένοις

251 3214 455 3267 ἔπεισι.
504 3214 726 3267 Τούτων
780 3231 840 3267 τε
894 3214 965 3268 αὖ
999 3214 1066 3267 τά
1100 3215 1219 3283 μὲν,
1246 3213 1329 3275 ὡς
1389 3214 1576 3277 ἁπλῶς
1632 3218 1831 3279 εἰπεῖν,

255 3307 413 3374 παρὰ
435 3307 529 3359 τοῦ
577 3307 735 3385 θείου
758 3325 838 3370 τε,
866 3308 961 3360 καὶ
985 3312 1041 3359 τό
1080 3308 1199 3360 ὅλον
1229 3306 1388 3360 τοῦτο
1433 3307 1833 3385 διατάττοντος,

249 3395 472 3471 οἷαίπερ
512 3401 567 3453 αἱ
625 3400 956 3470 καλούμεναι
1017 3400 1338 3470 ξυμφοραί·
1388 3401 1456 3452 τά
1498 3399 1542 3451 δ’
1585 3394 1652 3451 αὖ
1707 3398 1836 3468 παρ’

247 3490 576 3560 ἀνθρώπων,
604 3487 825 3562 οἷαίπερ
850 3493 906 3545 αἱ
946 3492 1075 3561 παρ’
1113 3494 1269 3545 ὲνῐων
1301 3492 1437 3560 προς
1466 3492 1613 3561 ἡμᾶς
1644 3491 1835 3544 δυσκο·

247 3583 365 3635 λίαι
398 3600 454 3635 τε
486 3584 581 3635 καὶ
613 3584 949 3654 δυσχέρειαι,
985 3585 1037 3635 εἰ
1083 3585 1187 3637 κᾶν
1220 3585 1313 3635 καὶ
1343 3583 1429 3653 ἐφ’
1470 3583 1687 3654 ἑκάστῳ
1710 3583 1835 3636 τού-

245 3692 360 3727 των
388 3676 522 3727 ἴδιόν
553 3694 602 3728 τι
644 3677 835 3744 μόριον
866 3676 1091 3745 ἀνδρίας
1136 3676 1310 3739 σῶζον
1341 3676 1402 3727 τὸ
1448 3675 1707 3745 ἀκίνητον
1741 3676 1836 3728 καὶ

246 3764 464 3827 ἀπαθὲς
490 3766 593 3817 ὑπὸ
638 3765 747 3817 τῶν
778 3765 1039 3834 χειρόνων
1070 3766 1340 3829 ἑκάστων,
1391 3768 1715 3836 γενναιότης
1736 3766 1835 3834 μὲν

248 3852 346 3903 ἐπὶ
374 3854 484 3914 τοῖς
511 3853 771 3921 αἱρετοίς,
805 3856 897 3907 ἐπὶ
920 3853 976 3905 δὲ
1002 3856 1111 3916 τοῖς
1143 3855 1418 3919 ἑκουσίοις
1475 3856 1684 3925 ἀψυχὶα
1736 3856 1835 3925 μὲν

245 3946 340 3996 ἐπὶ
366 3948 478 4008 τοῖς
510 3945 659 4014 παρᾶ
690 3944 781 3997 τοῦ
816 3946 959 3998 θείου
985 3987 1000 4009 ,
1042 3948 1287 4016 πραότης
1341 3948 1396 4001 δὲ
1437 3950 1531 4003 ἐπὶ
1554 3950 1666 4011 τοῖς
1703 3950 1834 4016 παρ’

246 4034 573 4102 ἀνθρώπων.
612 4034 935 4103 Δικαιοσύνη
968 4035 1023 4086 δὲ
1048 4035 1169 4087 ἐπεί
1209 4037 1325 4088 ἐστι
1351 4038 1596 4105 σωτηρία
1632 4038 1836 4107 ὁμοίων

246 4126 346 4177 τού
361 4143 444 4177 ῖου
469 4126 656 4190 αὐτοῦ,
687 4121 859 4196 οὗπέρ
894 4130 1065 4196 ἐσμεν
1092 4128 1227 4197 πρὸς
1252 4127 1286 4181 δι
1313 4129 1563 4195 ἕκαστον,
1592 4131 1757 4199 ἐσμὲν
1778 4131 1832 4181 δὲ

245 4218 314 4287 δὴ
345 4218 478 4270 Θεοῦ
520 4219 616 4287 μὲν
644 4218 781 4287 ἔργα
833 4236 892 4271 τε
954 4222 1048 4273 καὶ
1084 4221 1367 4290 κτήματα,
1425 4221 1739 4291 ἀνθρώποις
1772 4222 1829 4275 δὲ

247 4312 528 4376 ξυγγενεῖς
550 4326 652 4363 που
670 4314 827 4377 πᾶσι,
861 4309 962 4364 κᾶν
991 4311 1124 4379 πρὸς
1156 4312 1346 4375 ἄλλους
1366 4312 1539 4376 ἄλλως
1564 4330 1677 4374 πως
1700 4314 1835 4384 ἒχω-

249 4418 373 4471 μεν,
432 4403 519 4469 εἴη
552 4403 618 4454 ἂν
648 4406 740 4454 καὶ
791 4402 964 4470 αὐτῆς
995 4404 1213 4471 ὁσιότης
1273 4403 1372 4472 μὲν
1422 4405 1515 4456 ἐπὶ
1545 4406 1656 4466 τοῖς
1692 4406 1832 4474 πρὸς

1949 2206 2277 2261 necessariis
2308 2214 2483 2260 status
2506 2216 2590 2261 est
2619 2206 2799 2275 seipse
2842 2214 3157 2267 contentus,
3212 2203 3386 2256 tribus
3417 2218 3518 2256 au-

1947 2307 2052 2350 tem
2101 2298 2185 2353 his
2217 2301 2280 2352 ad
2314 2299 2478 2352 vitam
2531 2298 2833 2368 degendam
2868 2310 3112 2365 egemus,
3142 2295 3516 2364 voluptatibus

1943 2389 2221 2452 nimirum,
2256 2389 2424 2457 gloria
2460 2398 2515 2443 et
2549 2389 2803 2458 pecunia,
2834 2388 2888 2441 in
2925 2402 3248 2456 unaquaque
3319 2386 3514 2439 Irarum

1943 2497 2122 2535 rerum
2177 2480 2493 2535 necessario
2557 2490 2834 2536 versatur
2881 2481 3062 2549 aliqua
3141 2476 3516 2545 temperantia:

1945 2590 2089 2642 pars.
2162 2589 2283 2643 quae
2341 2581 2558 2627 tueatur
2593 2574 2644 2627 id
2677 2574 2822 2643 quod
2855 2573 3014 2627 'satis
3054 2571 3150 2633 sit,
3181 2580 3235 2624 et
3259 2570 3309 2623 id
3365 2570 3512 2637 quod

1943 2663 2078 2717 utile
2124 2663 2179 2715 in
2228 2677 2554 2731 unaquaque
2615 2676 2687 2714 re.
2748 2644 2906 2714 Acin
2939 2658 3309 2727 voluptatibus
3337 2656 3516 2711 nomi-

1941 2762 2101 2806 netur
2151 2754 2436 2813 modestia.
2488 2754 2542 2806 in
2601 2753 2829 2821 pecunia
2883 2751 3200 2813 liberalitas,
3265 2750 3316 2802 in
3341 2749 3512 2815 gloria

1941 2843 2310 2897 mediocritas.
2375 2843 2735 2897 Fortitudinis
2821 2843 2946 2896 item
3010 2851 3188 2909 partes
3219 2848 3347 2893 sunt
3378 2848 3512 2891 tres.

1938 2932 2073 2987 Nam
2130 2950 2253 2988 cum
2286 2935 2375 2988 illa
2434 2934 2807 3003 tranquillitas
2843 2934 3087 3002 quendam
3119 2933 3212 2994 sit,
3242 2945 3362 3000 qua:
3387 2929 3515 2983 vitae

1940 3026 2157 3080 casibus
2189 3025 2442 3081 violentis
2474 3040 2580 3079 non
2634 3035 3032 3089 commovetur,
3088 3038 3279 3076 eorum
3330 3030 3511 3074 autem

1943 3135 2169 3173 casuum
2244 3119 2383 3173 alios
2462 3118 2567 3189 ipsi
2656 3118 2803 3172 ultro
2864 3116 3113 3171 subimus
3188 3115 3241 3168 in
3299 3112 3508 3182 appeti-

1942 3211 2088 3264 tione
2174 3211 2441 3279 majorum
2501 3210 2792 3273 bonorum,
2855 3208 3015 3262 veluti
3080 3222 3202 3262 cum
3266 3206 3499 3267 labores,

1940 3314 2032 3356 aut
2092 3303 2368 3373 pericula,
2448 3317 2542 3356 aut
2591 3302 2741 3357 aliud
2799 3301 3078 3370 quidpiam
3149 3298 3505 3367 suscipimus,

1937 3395 2055 3449 sine
2104 3396 2302 3464 quibus
2358 3394 2618 3461 consequi
2680 3407 2789 3446 non
2837 3392 2963 3447 licet
2995 3407 3058 3445 ea
3088 3406 3210 3460 qum
3286 3390 3508 3444 deside-

1941 3502 2146 3550 ramus,
2201 3486 2288 3539 alii
2343 3500 2469 3540 vero
2527 3499 2685 3540 casus
2750 3499 2855 3539 non
2917 3482 3211 3538 voluntarii
3272 3491 3398 3535 sum
3456 3491 3510 3536 ct

1941 3578 2083 3631 ultra
2139 3578 2302 3631 etiam
2379 3592 2486 3630 non
2525 3576 2988 3647 exspectantibus,
3059 3574 3386 3637 oﬂeruntnr,
3418 3588 3513 3626 eo-

1938 3690 2168 3744 rumque
2224 3675 2305 3744 (ut
2376 3675 2610 3726 breviter
2685 3671 2888 3740 dicam)
2947 3669 3039 3724 alii
3075 3685 3103 3723 a
3172 3669 3397 3722 numine
3458 3677 3515 3720 et

1932 3768 2304 3837 gubernatore
2381 3764 2547 3833 hujus
2619 3763 2859 3819 universi
2929 3761 3258 3827 dependent,
3319 3761 3510 3830 cujus~

1940 3858 2082 3911 modi
2174 3864 2303 3912 sunt
2368 3871 2444 3910 ca:
2527 3870 2650 3925 quae
2723 3855 3066 3908 calamitates
3141 3856 3514 3913 nominantur,

1937 3952 2028 4002 alii
2060 3949 2128 4003 ab
2166 3948 2502 4009 horninibus,
2537 3948 2699 4000 veluti
2760 3944 3258 4009 suntoﬂ‘eusinnes,
3296 3953 3349 3997 ct
3398 3959 3513 3997 mo-

1939 4042 2125 4103 lestia,
2184 4054 2319 4107 quas
2369 4040 2535 4108 aliqui
2590 4037 2747 4092 nobis
2783 4037 3066 4101 exhibent,
3100 4036 3208 4088 erit
3254 4034 3419 4088 etiam
3456 4034 3510 4087 in

1938 4146 2275 4201 unequoque
2296 4132 2490 4184 borum
2525 4128 2809 4200 peculiaris
2842 4126 3179 4182 fortitudinis
3207 4141 3359 4195 pars,
3387 4142 3509 4196 quze

1938 4225 1991 4278 id
2024 4234 2272 4294 priestet,
2303 4224 2510 4290 nequis
2566 4231 2846 4275 moveatur
2877 4237 2905 4275 a
2944 4224 3106 4276 rebus
3138 4221 3408 4283 adversis,
3454 4227 3508 4273 et

1939 4316 2305 4386 perturbetur.
2352 4315 2431 4381 Ac
2480 4313 2817 4381 generositas
2848 4312 3068 4381 quidem
3103 4321 3155 4366 et
3183 4313 3402 4377 liducia,
3454 4312 3509 4364 in

1939 4410 2006 4464 iis
2042 4423 2166 4478 qua:
2214 4408 2386 4462 nostri
2449 4408 2664 4461 arbitrii
2713 4416 2864 4470 sunt,
2892 4408 2946 4461 in
3006 4422 3110 4459 non
3185 4406 3512 4459 voluntariis

245 4494 309 4546 τὸ
338 4494 497 4557 θεῖον,
536 4496 628 4547 ἐπὶ
667 4495 718 4547 te
759 4497 873 4555 τοῖς
913 4495 1048 4565 πρὸς
1103 4496 1422 4565 ἀνθρώπους
1456 4498 1703 4550 πολιτεία
1731 4499 1830 4568 μὲν

1939 4511 2116 4556 autem
2137 4541 2153 4565 ,
2184 4500 2510 4562 constantia,
2546 4500 2597 4552 in
2662 4499 2731 4557 iis
2751 4514 2874 4568 qum
2904 4498 3167 4553 divinitus
3200 4497 3457 4550 aeiidunt
3489 4512 3505 4561 ;

246 4588 383 4655 πρὸς
412 4586 480 4640 τὰ
532 4587 709 4651 κοινὰ,
744 4589 1048 4658 χρηστότης
1083 4586 1126 4639 δ’
1164 4587 1231 4641 αὖ
1288 4589 1425 4659 πρὶς
1452 4590 1518 4642 τὰ
1559 4590 1826 4643 ἰδιωτικὰ.

244 4676 517 4745 Φρόνησις
538 4677 592 4728 δὲ
628 4678 659 4747 ἡ
702 4679 801 4748 μὲν
847 4678 974 4745 περὶ
1025 4679 1093 4730 τὰ
1124 4678 1243 4730 θεῖά
1272 4693 1331 4729 τε
1364 4683 1459 4730 καὶ
1490 4682 1575 4731 ἀεὶ
1607 4679 1758 4745 ὄντα,
1794 4682 1825 4750 ἡ

247 4768 304 4820 δὲ
339 4769 466 4838 περὶ
492 4768 651 4836 φύσιν
675 4787 730 4822 τε
767 4772 860 4821 καὶ
896 4770 963 4822 τὰ
993 4772 1273 4839 γινόμενα,
1304 4773 1334 4837 ἡ
1368 4771 1425 4824 δὲ
1456 4773 1584 4841 περὶ
1611 4773 1675 4824 τά
1696 4774 1828 4841 ἡμέο

246 4863 463 4928 τίράτέ
501 4862 592 4912 καὶ
641 4860 979 4931 ἀνθρώπεια.
1008 4862 1158 4913 ”Ωστ’
1208 4863 1295 4931 εἴη
1330 4866 1395 4915 ἂν
1449 4864 1542 4917 καὶ
1592 4866 1763 4932 αὐτῆς
1798 4868 1827 4935 ἡ

251 4954 350 5021 μὲν
376 4956 504 5023 περὶ
552 4952 724 5006 ταῦτα
772 4954 835 5023 δὴ
879 4954 944 5005 τὰ
998 4954 1333 5025 ἀνθρώπεια,
1394 4956 1668 5020 εύὸουλίσ,
1705 4961 1737 5028 ἠ
1772 4959 1827 5011 δὲ

249 5045 380 5113 περὶ
414 5044 595 5112 φύσιν,
640 5047 841 5114 φυσική
867 5061 878 5072 ·
936 5047 968 5114 ἡ
1006 5046 1051 5097 δ’
1099 5044 1165 5097 αὖ
1198 5049 1323 5114 περὶ
1373 5050 1441 5101 τὰ
1477 5049 1615 5113 θεῖα,
1643 5049 1827 5103 θεοσέ-

250 5139 392 5189 ὖεια.
428 5137 490 5189 Αἱ
528 5137 625 5206 μὲν
662 5136 725 5206 δὴ
751 5137 861 5189 τῶν
888 5138 1099 5207 ἀρετῶν
1127 5140 1262 5191 ξδέαι
1290 5134 1473 5204 αὗται,
1514 5145 1606 5194 καὶ
1635 5142 1831 5195 τοσαῦ-

251 5246 376 5281 ται·
402 5230 517 5282 ἐνὸν
568 5231 668 5300 μὲν
723 5231 813 5283 καὶ
849 5235 927 5293 εἰς
958 5231 1130 5284 πλείω
1183 5250 1238 5285 τε
1280 5237 1373 5287 καὶ
1407 5236 1473 5286 τά
1529 5236 1828 5304 μικρότερα

1937 4594 2254 4655 clementia,
2287 4593 2339 4646 in
2392 4593 2458 4647 iis
2483 4608 2603 4660 qua:
2659 4594 2737 4647 ab'
2800 4592 3115 4647 hominibus
3171 4591 3506 4645 olIcruntur.

1908 4686 2162 4741 ‘Justitia:
2208 4701 2370 4754 [ton-0
2406 4688 2595 4740 eadem
2632 4686 2769 4739 ratio
2810 4694 2911 4749 est,
2973 4700 3092 4748 qua:
3135 4683 3510 4737 conservatrix

1931 4793 2013 4833 est
2066 4781 2184 4849 ejus
2267 4780 2438 4834 nostri
2511 4779 2754 4833 muneris
2824 4792 2933 4846 quo
3009 4791 3131 4830 cum
3182 4789 3511 4845 unoquoque

1936 4886 2324 4941 comparamur
2356 4873 2761 4940 (comparamur
2807 4878 2988 4923 autem
3047 4883 3168 4922 cum
3227 4866 3357 4930 Deo,
3388 4877 3507 4921 tan-

1937 4978 2098 5028 quam
2129 4977 2293 5031 opera
2331 4960 2448 5027 ejus
2490 4969 2538 5014 ct
2569 4961 2968 5029 possessiones,
3003 4975 3126 5013 cum
3188 4960 3504 5013 hominibus

1932 5066 2137 5120 autem,
2178 5055 2321 5110 sicut
2376 5054 2592 5123 cegnati
2622 5054 2796 5108 simus
2836 5054 3116 5115 onmibus,
3159 5056 3373 5110 tametsi
3400 5055 3504 5107 alia

1932 5147 2106 5201 nostri
2161 5160 2290 5214 erga
2330 5145 2468 5199 alios
2530 5146 2670 5198 ratio
2736 5145 2849 5215 sit).
2886 5145 3002 5199 Erit
3058 5147 3219 5213 igitur
3283 5162 3344 5200 ea
3384 5162 3509 5198 san-

1932 5238 2089 5293 ctitas
2117 5236 2169 5290 in
2202 5238 2368 5292 rebus
2399 5236 2639 5303 divinis;
2687 5237 2739 5291 in
2776 5238 3031 5293 humanis
3065 5238 3388 5307 respublica,
3426 5253 3510 5290 ra-

248 5320 463 5380 διεὶεῖν,
502 5323 757 5390 ἀποχρῶν
783 5323 824 5374 δ’
854 5322 982 5386 ἴσως
1012 5324 1102 5375 καὶ
1126 5325 1254 5391 ἄχρι
1277 5326 1571 5378 τοσούτων.
1605 5327 1827 5379 Τούτων

1939 5330 2081 5383 tione
2110 5328 2348 5385 civitatis
2374 5346 2389 5396 ;
2417 5330 2634 5385 bonitas
2665 5341 2867 5394 autem,
2892 5344 3144 5400 respectu
3171 5333 3504 5399 privatorum

248 5411 304 5463 δὲ
333 5413 472 5480 ἀρχὴ
513 5413 610 5481 μὲν
653 5414 888 5481 μάλιστα
924 5418 1041 5475 ταῖς
1092 5416 1278 5478 ἄλλαις
1316 5415 1546 5485 ὅθενπερ
1579 5418 1827 5487 ἀρξάμε-

251 5518 359 5567 νος,
392 5504 484 5555 καὶ
512 5504 616 5555 τῶν
650 5503 851 5557 λοιπῶν
886 5507 1123 5574 ἑκάστην
1181 5510 1310 5577 ῥᾷον
1346 5510 1594 5577 κτήσαιτ’
1625 5512 1690 5562 ἄν
1725 5526 1826 5573 τις,

247 5593 282 5662 ἧ
307 5611 367 5661 γε
402 5599 694 5666 κοσμιότης
726 5598 809 5665 εἴη
828 5600 911 5652 ἄν.
941 5600 1059 5650 Trin
1094 5602 1199 5668 γάρ
1225 5617 1325 5650 που
1349 5600 1575 5669 ἡδονῶν,
1605 5601 1657 5652 αἳ
1682 5603 1828 5671 πρῶ-

216 5705 339 5749 ,τον
389 5692 541 5759 ἡμῶν
575 5695 665 5744 καὶ
699 5695 759 5744 ἐκ
789 5696 907 5744 νέον
954 5693 1302 5761 rapior/053:,
1344 5696 1580 5762 μάλιστα
1623 5696 1830 5765 ἐπίχει-

255 5782 336 5849 ρεί
368 5785 585 5851 κρατεῖν
622 5783 757 5856 αὕτη
790 5786 1033 5855 ἡάρετὴ,
1062 5784 1345 5856 διελομένη
1385 5787 1478 5849 τὰς
1510 5786 1608 5854 μὲν
1660 5789 1825 5856 ἀναγ-

1930 5423 2239 5475 bominum.
2289 5420 2409 5475 1am
2443 5421 2732 5489 prudentia
2765 5423 2868 5476 alia
2903 5432 3151 5476 versatur
3207 5423 3259 5474 in
3298 5423 3496 5476 divinis
3544 5454 3549 5459 η

1930 5522 1985 5565 ct
2016 5512 2320 5581 perpetuis,
2352 5512 2457 5565 alia
2499 5512 2551 5565 in
2586 5520 2778 5565 natura
2811 5521 2863 5563 et
2902 5511 2968 5564 iis
3019 5526 3139 5579 qua:
3171 5519 3500 5575 nascuntur,

1931 5605 2034 5656 alia
2102 5604 2155 5656 in
2214 5592 2618 5657 rebusaiostris
2647 5612 2703 5654 et
2752 5602 3006 5655 humanis
3037 5616 3050 5665 ;
3086 5599 3310 5667 proinde
3338 5602 3502 5655 etiam

1931 5696 2049 5762 ejus
2093 5695 2254 5749 fuerit
2309 5713 2370 5749 ea
2402 5712 2546 5765 pars,
2590 5712 2708 5765 qua:
2733 5695 2895 5749 rebus
2954 5695 3207 5749 humanis
3272 5709 3508 5766 occupa-

1934 5799 2018 5841 tur
2070 5787 2281 5843 consilii
2332 5788 2579 5858 capiendi
2636 5787 2881 5854 solertia,
2958 5802 3080 5852 qua:
3120 5803 3248 5843 vero
3301 5797 3515 5853 natura

3893 4274 3897 4389 1
