3920 6454
66 4591 74 4734 ἓ

66 4947 76 5080 ἓ

66 5085 78 5246 ς

482 358 588 423 δτι
1693 343 2015 405 GEORGII
2067 335 2496 398 I‘LETHONIS
3591 324 3673 389 872

482 468 875 526 obscuritatem
938 470 1157 526 tractat,
1234 460 1501 517 naturalis
1574 459 1880 528 sapientia;
1952 467 2063 522 quae

2177 446 2333 509 καίας
2368 444 2571 509 αὐτῶν,
2601 439 2698 504 τὰς
2759 439 2815 492 δὲ
2860 439 2965 509 μή·
3017 436 3110 489 καὶ
3152 434 3256 488 τῶν
3295 433 3369 503 μὴ
3412 431 3674 499 ἀναγκαὶων

486 570 668 617 autem
740 555 927 612 divina
1004 554 1408 624 contemplatur
1481 553 1676 624 pietas.
1730 550 1809 605 Ac
1889 547 2062 603 virtu-

488 661 606 706 tum
683 647 898 717 quidem
959 653 1042 700 hae
1118 653 1174 700 et
1226 654 1305 700 tot
1381 652 1510 699 sunt
1567 639 1778 706 formae,
1863 646 1924 693 ut
1969 650 2064 692 eas

488 737 656 793 dividi
711 750 809 806 par
854 742 960 790 est.
1031 734 1291 800 Quamvis
1348 734 1492 790 enim
1553 732 1606 788 in
1665 731 1848 802 plures
1899 729 2058 798 liceat

487 828 727 882 tribuere
767 825 1003 895 species,
1037 836 1093 881 et
1147 823 1413 880 minutius
1447 821 1724 894 persequi,
1795 829 1976 874 tamen
2010 828 2065 872 et

492 919 594 973 hac
625 918 917 988 partitione
985 917 1226 972 contenti
1260 930 1384 971 esse
1423 926 1742 986 possumus.
1768 910 1912 964 inter
1961 908 2060 962 has

493 1016 672 1062 autem
727 1009 969 1062 virtutes
1023 1005 1390 1075 principatum
1444 1005 1657 1058 obtinet
1681 1003 1968 1061 modestia,
2027 1009 2059 1052 ‘a

494 1111 600 1163 qua
659 1094 704 1150 si
759 1095 1029 1165 quispiam
1081 1095 1429 1163 auspicetur,
1506 1093 1674 1148 etiam
1726 1090 2060 1158 reliquarum

493 1186 734 1255 singulas
769 1201 961 1256 patrare
987 1186 1088 1240 sibi
1117 1192 1280 1254 queat
1305 1183 1704 1251 voluptatibus,
1769 1181 1918 1235 enim
1954 1181 2064 1249 pri-

493 1293 642 1332 mum
668 1280 720 1331 in
748 1291 869 1340 nos,
926 1287 979 1332 et
1011 1277 1065 1332 in
1099 1277 1462 1331 adolescentia
1545 1274 1918 1344 potissimum,
1976 1280 2059 1342 ty-

492 1368 777 1422 rannidem
803 1376 1078 1432 exercent,
1135 1367 1369 1422 instituit
1406 1366 1678 1434 imperare
1713 1364 1832 1418 hac
1859 1363 2060 1424 virtus,

493 1465 549 1514 et
585 1474 678 1514 eas
747 1459 819 1514 ita
870 1459 1145 1528 distinguit
1192 1470 1246 1513 et
1303 1457 1499 1528 partim
1535 1457 1646 1511 siut
1697 1454 2058 1518 necessarias,

495 1551 692 1620 partim
751 1563 1194 1620 supchacanete,
1253 1565 1316 1603 ac
1344 1563 1537 1603 rursus
1575 1544 2064 1600 non'necessarias

495 1641 757 1709 quasdam
781 1639 1014 1710 partitur
1053 1639 1106 1693 in
1135 1638 1347 1706 legibus
1369 1636 1708 1700 contrarias,
1741 1645 1798 1690 et
1841 1634 2064 1702 nequis-

495 1733 664 1786 simas
706 1740 761 1785 et
818 1731 1028 1786 homini
1079 1730 1304 1785 minime
1359 1736 1746 1796 congruentes,
1831 1738 1886 1780 et
1963 1725 2059 1778 has

2167 538 2236 595 αὖ
2266 539 2435 602 ὲνίας,
2469 535 2810 607 παρανόμους
2828 549 2910 596 τε,
2937 530 3033 584 καὶ
3058 528 3478 600 μοχθηρὸτητας,
3499 531 3578 580 καὶ
3599 531 3674 583 οὐκ

2165 632 2441 704 ἀνθρώπῳ
2501 619 2840 698 πρεπούσας,
2885 626 2980 678 καὶ
3027 623 3229 684 ταύτας
3264 621 3674 690 μὲνπςιντάπισιν

2164 725 2504 796 ἀπωσαμένη
2556 741 2614 778 τε
2669 722 2765 776 καὶ
2793 718 3077 788 ἑκκόψασα
3111 715 3214 787 τῆς
3244 715 3436 784 ψυχῆς,
3463 716 3606 780 αὑτάς
3632 733 3675 768 τι

2164 822 2260 875 καὶ
2309 816 2610 886 ἐπιθυμίας
2661 812 2873 870 αὐτῶν·
2906 810 3011 874 τὰς
3040 811 3086 864 δ’
3122 809 3418 878 ἀναγκαίας
3451 807 3570 877 πρὶς
3607 809 3676 862 τὶν

2166 909 2279 980 βίον
2312 907 2404 961 τόν
2427 921 2486 960 τε
2515 905 2646 958 ῐδιον
2677 902 2906 958 ἑκάστου
2938 901 3033 954 καὶ
3055 900 3146 954 τὸν
3194 898 3375 954 κοινὸν
3400 914 3676 968 «possetpos-

2169 1001 2330 1070 μένῃ,
2363 997 2471 1055 τῶν
2515 996 2572 1050 δέ
2603 1011 2670 1064 γε
2705 994 2782 1064 μὴ
2820 993 3137 1061 ἀναγκαίων
3177 992 3295 1062 μὲν,
3329 991 3388 1044 οὔ
3437 990 3674 1060 μοχθηρῶν

2163 1093 2245 1157 δὲ,
2269 1089 2456 1146 αὐτῶν
2489 1089 2590 1160 μὲν
2616 1086 2978 1156 ὀλιγωροῦσα,
3001 1086 3100 1148 τὰς
3135 1084 3178 1138 δ’
3213 1082 3496 1154 ἐπιθυμίας
3518 1086 3678 1140 παντά-

2165 1183 2334 1238 πασιν
2353 1180 2698 1236 ἐκκόπτουσα
2717 1196 2734 1211 ·
2763 1181 2851 1234 ῐνα
2884 1179 2951 1251 δὴ
2971 1181 3051 1242 είς
3073 1179 3306 1248 δύναμιν
3343 1177 3597 1248 ἀνεπιδεής
3619 1197 3678 1242 τις

2161 1269 2219 1345 ᾖ,
2272 1276 2340 1344 τῇ
2370 1271 2675 1343 αὐταρκείᾳ
2725 1271 2932 1341 χαίρων
2975 1269 3175 1339 μᾶλλον
3204 1268 3239 1340 ἢ
3279 1269 3464 1331 αὑταῖς
3489 1270 3592 1330 ταῖς
3614 1267 3681 1323 διὰ

2152 1365 2257 1417 τοῦ
2329 1363 2585 1434 σώματος
2657 1360 2890 1433 ἡδοναῖς.
2958 1361 3139 1425 Εὐθὺς
3196 1357 3296 1414 οὖν
3366 1358 3497 1429 αὕτη
3549 1361 3680 1429 ἀρετὴ

2162 1457 2272 1508 τῶν
2336 1455 2438 1526 μὲν
2489 1453 2694 1524 θηρίων
2760 1455 2854 1509 καὶ
2915 1453 3179 1524 χειρόνων
3237 1453 3459 1523 ἄρχεται
3517 1451 3692 1520 διιστᾷν,

2153 1546 2321 1616 ’ἡμῶν
2390 1546 2427 1602 ἃ.
2493 1547 2574 1617 τῷ
2638 1547 2752 1617 ἡδεῖ
2821 1562 2884 1600 τε
2946 1547 3041 1599 καὶ
3097 1547 3172 1616 μὴ
3203 1585 3220 1611 ,
3278 1545 3340 1597 τό
3397 1561 3456 1598 τε
3518 1545 3686 1614 αἱρετὸν

2165 1639 2258 1690 καὶ
2319 1640 2394 1709 μὴ
2459 1638 2704 1702 τοιοῦτο,
2775 1637 2949 1708 ὁρίζει
3019 1637 3111 1703 vti.
3185 1637 3241 1691 δὲ
3314 1637 3410 1707 τὴν
3470 1637 3586 1706 πρὸς
3635 1638 3687 1690 τὲ

2151 1729 2398 1794 *κρείττω
2449 1730 2588 1798 ’γένη
2639 1730 2960 1799 ξυγγένειαν
3005 1732 3210 1801 ἀνέχει,
3247 1733 3370 1792 ταῖς
3424 1749 3477 1785 τε
3519 1733 3686 1800 ἡδοναῖς

495 1839 719 1896 prorsus
751 1823 999 1893 repudiat
1053 1829 1107 1876 et
1143 1829 1350 1876 resecat
1373 1820 1443 1874 ab
1466 1817 1713 1882 omnino,
1743 1831 1924 1886 neque
1979 1818 2060 1885 ip-

2166 1821 2353 1882 αὑταῖς
2406 1819 2558 1883 τάξιν
2602 1837 2662 1874 τε
2703 1821 2798 1875 καὶ
2843 1821 3048 1890 κόσμον
3101 1820 3426 1885 ἐπιτιθεῖσα,
3472 1822 3558 1874 καὶ
3602 1821 3690 1890 ἃμα

496 1932 588 1972 sas
635 1916 836 1980 solum,
867 1913 960 1970 sed
998 1922 1053 1968 et
1087 1927 1273 1966 carum
1331 1911 1712 1981 appetitiones,
1772 1923 1867 1963 eas
1930 1923 2060 1962 vero

497 2023 616 2078 quae
655 2007 722 2061 ad
754 2005 1267 2074 vitamnecessariaa
1291 2009 1442 2066 sunt,
1496 2009 1612 2056 tum
1651 1999 1918 2070 cujusque
1947 2000 2064 2069 pri-

497 2106 700 2161 vatam,
735 2107 848 2151 tum
903 2094 1179 2166 publicam
1213 2093 1582 2164 amplectitur,
1610 2106 1704 2147 eas
1726 2101 1908 2146 autem
1941 2105 2064 2158 qua:

493 2203 621 2242 cum
646 2190 961 2242 necessaria:
986 2202 1093 2241 non
1133 2185 1247 2244 sint
1275 2199 1382 2238 non
1409 2192 1594 2239 tamen
1620 2181 1884 2251 improba:
1911 2191 2059 2244 sunt,

499 2280 746 2349 negligit,
775 2278 1102 2347 cupiditates
1151 2286 1330 2331 autent
1363 2289 1554 2330 earum
1623 2274 1843 2343 penitus
1913 2286 2062 2326 resc-

502 2382 613 2435 cat,
649 2381 706 2424 ut
733 2371 982 2425 videlicet
1008 2371 1279 2440 quispiam
1311 2368 1422 2423 ulla
1453 2382 1511 2421 re
1559 2381 1737 2436 egeat,
1793 2374 2058 2434 quantum

499 2462 613 2515 lieri
659 2470 857 2528 potest,
922 2460 1020 2516 sed
1073 2468 1218 2516 statu
1299 2457 1446 2513 nulla
1499 2471 1559 2511 re
1621 2463 1814 2525 egente
1834 2457 2067 2525 gaudeat

500 2553 693 2621 magis,
765 2567 928 2620 quam
974 2551 1110 2620 ipsis
1151 2551 1397 2619 corporis
1445 2548 1831 2618 voluptatibus.
1863 2546 2061 2601 Statim

500 2643 664 2710 igitur
713 2643 882 2696 virtus
941 2642 1033 2696 illa
1081 2657 1112 2695 a
1161 2641 1350 2696 bestiis
1397 2647 1452 2694 et
1478 2640 1644 2694 rebus
1698 2637 2064 2694 deterioribus

497 2749 598 2788 nos
655 2748 908 2801 separare
949 2732 1166 2802 incipit,
1215 2746 1340 2801 quae
1381 2732 1652 2786 suavitate
1710 2741 1854 2785 eteo
1910 2727 2056 2798 quod

497 2841 664 2880 suave
701 2840 808 2877 non
840 2834 943 2888 est,
978 2824 1278 2878 metiuntur
1303 2822 1354 2876 id
1381 2821 1526 2892 quod
1575 2822 1938 2891 expetendum
1969 2823 2063 2888 sit,

497 2915 706 2984 etquod
731 2912 1070 2982 fugiendum.
1095 2911 1426 2968 Cumautetn
1455 2911 1652 2965 habeat
1682 2911 2062 2980 cognationem

496 3025 622 3078 erga
654 3011 1032 3079 praestantiora
1090 3022 1312 3077 genera,
1347 3015 1460 3061 tum
1522 3005 1659 3076 ipsis
1693 3004 2063 3076 voluptatibus

495 3100 740 3155 ordinem
787 3110 840 3154 et
871 3107 1124 3153 ornatum
1166 3096 1419 3166 imponit,
1449 3105 1560 3150 tum
1591 3094 1877 3164 expeditos
1931 3093 2058 3148 red-

497 3193 578 3246 dit
607 3199 662 3246 et
683 3191 828 3245 leves
855 3199 1072 3262 prepter
1101 3188 1344 3242 animum
1377 3203 1476 3243 sua
1527 3196 1672 3242 sorte
1726 3190 2064 3242 contentum.

494 3285 670 3352 Atque
696 3284 810 3336 haec
834 3281 1052 3350 quidem
1103 3277 1368 3334 modestia
1411 3276 1745 3347 reliquarum
1801 3277 2063 3330 virtutum

496 3375 660 3430 veluti
689 3374 1008 3444 principium
1037 3369 1313 3441 quoddam
1351 3378 1456 3435 est,
1502 3385 1627 3424 nam
1660 3377 1886 3424 cazteras
1925 3384 2060 3438 quo-

2166 1912 2444 1974 εὐσταλεῖς
2511 1929 2570 1964 τε
2639 1913 2732 1967 καὶ
2792 1913 3026 1981 κούφους
3085 1913 3154 1967 δι’
3211 1913 3529 1984 αὐτάρκειαν
3590 1915 3689 1967 ἀπο-

2167 2005 2454 2070 φαίνουσα.
2517 2004 2665 2075 Αὕτη
2726 2009 2825 2076 μὲν
2881 2006 2998 2074 οὖν,
3065 2001 3287 2077 οἷόνπερ
3319 2007 3458 2079 ἀρχὴ
3480 2009 3582 2071 ταῖς
3623 2007 3691 2062 ἆλ-

2166 2097 2306 2161 λαις,
2341 2095 2464 2148 ἐπεὶ
2494 2097 2588 2149 καί
2619 2096 2786 2151 τάλλα
2811 2098 2881 2152 τὰ
2914 2097 3013 2167 τῆς
3038 2097 3397 2170 σωφροσύνης
3443 2100 3602 2170 μόρια.
3631 2099 3689 2151 [tt

2170 2205 2229 2240 τε
2255 2188 2324 2240 τὰ
2347 2189 2445 2255 τῆς
2469 2189 2711 2258 ἀνδρίας,
2748 2191 2844 2243 καὶ
2873 2189 3240 2262 δικαιοσύνης,
3273 2191 3370 2244 καὶ
3429 2191 3690 2261 φρονήσεως

2169 2278 2460 2350 σύμπαντα
2487 2281 2618 2352 ῥᾷον
2637 2281 2704 2334 ἄν
2727 2298 2809 2343 τις
2841 2281 2938 2334 σὺν
2981 2283 3154 2356 ταύτῃ
3193 2283 3392 2353 μετίοι.
3443 2283 3692 2349 Κεφάλαιον

2163 2371 2220 2425 δὲ
2251 2373 2473 2435 πάσαις,
2507 2367 2564 2424 οἷ
2595 2389 2656 2425 τε
2689 2373 2981 2443 ξυμπάσας
3001 2375 3080 2428 δεῖ
3121 2375 3342 2438 τείνειν,
3381 2375 3470 2430 καὶ
3516 2371 3574 2447 ἧς
3615 2393 3693 2444 χω-

2170 2465 2252 2532 ρὶς
2281 2464 2395 2516 οὐδ’
2425 2463 2494 2516 ἂν
2526 2464 2635 2518 τῶν
2661 2464 2835 2520 ἄλλων
2866 2483 2920 2519 τι
2955 2466 3146 2536 ἤφελος
3175 2468 3286 2536 εἴη,
3325 2469 3359 2539 ἡ
3382 2484 3442 2534 γε
3471 2467 3693 2522 θεοσέϐεια

2165 2555 2250 2623 εἴη
2282 2553 2347 2607 ἂν
2376 2554 2632 2624 μάλιστα.
2665 2549 2736 2627 ᾯ
2762 2557 2868 2628 γάρ
2892 2573 2994 2611 που
3026 2558 3182 2628 meai;
3216 2560 3329 2620 τοῖς
3388 2559 3479 2627 μὲν
3505 2557 3694 2628 κρείττς·

2169 2663 2225 2698 σι
2265 2645 2630 2714 κοινωνοῦμεν
2662 2649 2866 2716 γένεσι,
2915 2648 3025 2702 τῶν
3082 2649 3138 2702 δὲ
3192 2649 3456 2720 χειρόνων
3507 2650 3693 2718 μάλιστα

2167 2738 2572 2809 διενηνόχαμεν,
2647 2741 2934 2810 κράτιστόν
3006 2742 3062 2795 τέ
3123 2743 3239 2796 ἐστι
3309 2743 3417 2797 τῶν
3467 2742 3694 2812 ἡμετέρων

2167 2827 2317 2881 οὐδὲν
2344 2827 2472 2881 ἀλλο
2500 2828 2585 2898 εἴη
2619 2829 2780 2884 τοῦτό
2812 2848 2876 2900 γε
2907 2833 2941 2902 ἢ
2976 2835 3160 2902 νόησις
3199 2849 3212 2864 ·
3247 2834 3360 2887 τῶν
3381 2834 3436 2887 δὲ
3479 2834 3538 2904 δὴ
3560 2833 3696 2886 von-3v-

2166 2935 2296 2985 των,
2315 2922 2411 2972 καὶ
2441 2923 2569 2990 περὶ
2596 2920 2631 2975 ἃ
2653 2922 2836 2992 νόησις
2859 2928 3335 2994 πραγματεύεται,
3366 2926 3471 2979 τῶν
3492 2943 3544 2978 τε
3567 2926 3696 2979 ὄντων

2170 3011 2525 3080 ξυμπάντων,
2552 3016 2580 3066 ὁ
2600 3014 2730 3078 Θεὸς
2753 3015 2813 3070 τὸ
2842 3015 3088 3084 ἄριστον.
3127 3018 3216 3086 Τῷ
3243 3019 3311 3092 δὴ
3338 3021 3595 3090 κρατίστῳ
3618 3019 3696 3072 τῶν

2177 3103 2586 3190 ἡμετέρωνκτοῦ
2619 3107 2912 3178 κρατίστου
2969 3110 3078 3164 τῶν
3130 3113 3304 3165 ὄντων
3361 3112 3694 3176 ἀπολαύοντες,

2179 3196 2548 3265 μακαριώτατ⁹
2581 3198 2648 3251 ἂν
2678 3199 2820 3253 οὓτω
2850 3201 3083 3270 βιοῖμεν,
3118 3203 3249 3258 ὥστ’
3311 3207 3397 3277 εἴη
3450 3206 3512 3260 ἀν
3557 3209 3585 3276 ἡ
3626 3205 3697 3258 τοῦ

2172 3288 2307 3341 Θεοῦ
2338 3290 2521 3358 νόησις
2547 3290 2608 3345 τὸ
2629 3293 3052 3362 μακαριώτατον
3085 3297 3180 3364 τῆς
3204 3297 3541 3370 ἀνθρωπίνης
3562 3297 3698 3368 ζωῆς,

2171 3374 2204 3444 ἡ
2243 3377 2337 3428 καὶ
2384 3378 2689 3443 θεοσεϐείας
2727 3383 2846 3436 ἐστὶ
2907 3384 2968 3437 τὸ
3015 3385 3338 3451 κεφάλαιον.

497 3466 1002 3536 quetemperantia:
1032 3473 1213 3534 partes
1248 3463 1534 3518 universas
1584 3470 1844 3531 praeterea
1893 3469 1948 3516 et
2002 3462 2335 3520 fortitudinis
2393 3477 2445 3522 ct
2500 3469 2725 3540 iustitia:
2786 3483 2840 3528 ct
2883 3475 3182 3544 prudentia:
3243 3478 3485 3549 facilius,
3531 3483 3572 3538 si
3621 3484 3696 3538 hac

502 3565 800 3651 instructus
853 3558 1020 3651 fuerit
1076 3573 1395 3651 comparare
1453 3557 1559 3613 sibi
1613 3557 1882 3651 quispiam
1935 3563 2128 3627 possit.
2190 3562 2445 3618 Omnium
2503 3573 2683 3622 autem
2725 3569 2990 3629 virtutum
3051 3587 3238 3648 caput,
3273 3578 3347 3634 ad
3403 3595 3555 3651 quam
3602 3579 3695 3632 uni-

501 3648 877 3704 versacreisrri
923 3649 1142 3712 debent,
1173 3665 1239 3705 ac
1305 3649 1442 3703 citra.
1499 3662 1660 3717 quam
1705 3647 1888 3704 nullus
1937 3660 2258 3706 ccta-rarum
2313 3669 2446 3710 usus
2505 3671 2626 3713 esse
2677 3670 2873 3732 potest,
2927 3667 3115 3738 religio
3168 3647 3512 3740 ροιίεεῑηίυιη
3552 3671 3695 3727 fuerit.

497 3741 618 3809 Quo
647 3743 795 3797 enim
839 3743 892 3797 in
946 3743 1263 3798 societatem
1321 3741 1760 3811 praestandorum
1807 3757 2066 3810 generum
2108 3745 2374 3811 venimus,
2415 3763 2444 3800 a
2485 3749 2854 3811 deterioribus
2893 3769 3073 3814 autem
3119 3766 3357 3822 maxime
3406 3768 3698 3832 diﬂ‘erintus;

501 3835 757 3906 quodque
802 3835 856 3889 in
888 3834 1053 3890 rebus
1083 3835 1286 3890 nostris
1337 3833 1845 3903 praestantissimum
1880 3843 1984 3900 est,
2022 3835 2070 3888 id
2107 3838 2323 3906 quidem
2374 3839 2511 3895 nihil
2566 3844 2727 3922 aliud
2770 3847 2934 3904 fuerit
2955 3867 3119 3922 quam
3172 3855 3502 3918 intellectus.
3534 3862 3694 3917 iterum

501 3949 666 4006 porro
694 3948 881 3988 earum
902 3930 1452 4014 quaeintelliguntur,
1489 3941 1543 3986 et
1581 3932 1634 3986 in
1661 3932 1861 4001 quibus
1921 3932 2228 3988 intellettus
2279 3946 2550 4005 versatur,
2583 3919 2744 4010 atqu};
2801 3945 2936 4002 adeo
2965 3919 3209 4006 δωηευη,
3237 3969 3419 4010 rerum
3450 3972 3562 4027 qua
3585 3967 3701 4021 sum,

498 4028 641 4084 Deus
687 4039 768 4084 est
806 4029 1308 4100 praestantissimus.
1329 4026 1394 4120 ‘Si
1423 4027 1587 4094 igitur
1629 4043 1722 4096 per
1752 4026 1810 4120 id
1853 4029 2072 4120 quodin
2109 4031 2309 4086 nostris
2357 4033 2517 4088 rebus
2546 4047 2630 4091 est
2656 4044 3158 4116 praestantissimus,
3194 4067 3259 4107 eo
3301 4026 3567 4120 quitoﬁus
3604 4054 3695 4106 υηί.

495 4122 736 4176 versicst
757 4121 1294 4192 praestantissimum,
1321 4118 1585 4183 fruamur,
1607 4120 1688 4173 sic
1733 4117 1953 4173 demunt
1993 4119 2303 4210 beatissime
2347 4123 2612 4186 vivemus.
2673 4130 2764 4187 Dei
2809 4134 2988 4206 itaque
3033 4144 3272 4210 cognitio
3322 4117 3691 4203 ibeatisssimust

496 4221 750 4275 humanae
804 4224 930 4275 vita:
980 4237 1180 4276 munus
1237 4224 1363 4288 erit,
1405 4235 1526 4289 qua:
1573 4221 1763 4276 eadem
1827 4225 1991 4278 etiam
2047 4227 2328 4296 religionis
2373 4238 2534 4297 caput
2563 4228 2796 4285 exsistit.

574 4318 704 4370 Post
735 4318 1054 4371 modestiam
1101 4326 1280 4369 autem
1333 4318 1713 4386 consequenda
1759 4319 1866 4373 erit
1909 4335 2068 4390 gene-

497 4413 724 4470 rositas.
757 4411 871 4463 haec
902 4407 1104 4461 etenim
1139 4409 1313 4462 virtus
1334 4423 1457 4461 cum
1491 4419 1762 4478 praeparet
1814 4411 2066 4464 homines

2249 4326 2406 4382 Μετά
2433 4327 2489 4380 δὲ
2521 4326 2854 4396 κοσμιότητα
2880 4327 2914 4398 ή
2945 4331 3258 4398 γενναιότης
3275 4351 3378 4387 που
3408 4336 3473 4389 ἂν
3490 4335 3565 4404 εἴη
3589 4351 3704 4404 pst:-

2174 4421 2292 4471 τέω
2319 4419 2512 4482 πόνᾱυς
2529 4435 2584 4471 τε
2605 4420 2713 4488 γὰρ
2735 4420 2965 4490 ὲγκαρτε
2975 4423 3105 4492 ρεῖν,
3131 4421 3511 4489 καὶκινδύνους
3530 4427 3699 4485 ἑαυτοῖς

497 4508 558 4552 ιιι
616 4498 831 4567 Ιιῲοτοε
878 4495 1131 4559 tolerent,
1195 4506 1254 4549 et
1275 4496 1516 4564 pericula
1568 4497 1622 4550 in
1659 4513 1719 4552 se
1772 4502 2063 4569 suscipiant

2181 4511 2470 4581 αἱρεῖσθαι,
2493 4516 2626 4580 πρὸς
2672 4513 2842 4566 πολλὰ
2871 4511 2982 4567 τῶν
3002 4516 3231 4570 δεόντων
3251 4521 3700 4590 παρασκευάζουσα

496 4592 565 4647 ad
598 4591 768 4644 multa
789 4588 962 4643 oliicia
995 4587 1277 4641 retinenda
1300 4588 1708 4643 ellicacissimos
1745 4591 1796 4643 in
1852 4593 2063 4660 agendo

496 4681 698 4747 reddit,
757 4689 921 4749 atque
976 4679 1041 4732 ad
1099 4678 1336 4744 reliquas
1367 4678 1599 4734 virtutes
1655 4682 2066 4750 cuttsequendas

495 4773 949 4829 instructissimos
986 4771 1167 4825 eiiieit.
1209 4768 1329 4824 .Iam
1388 4786 1518 4826 vero
1570 4786 1636 4826 ne
1669 4771 1803 4826 illud
1845 4773 2064 4843 quidem

499 4866 864 4934 ignorandum
921 4862 1172 4931 estquod
1204 4862 1469 4917 modestis
1497 4869 1551 4916 et
1609 4866 1901 4933 generosis
1937 4865 2067 4919 viris

495 4955 713 5018 accidit,
767 4955 927 5023 quasi
990 4964 1190 5024 praeter
1235 4954 1358 5008 vita:
1389 4955 1726 5010 institutum.
1768 4955 1980 5010 Etenim
2020 4955 2067 5010 si

495 5046 617 5116 quis
667 5060 781 5098 rem
835 5056 982 5098 recte
1033 5046 1367 5113 consideret,
1407 5062 1508 5100 nec
1556 5047 1930 5102 tnodestorum
1959 5050 2066 5102 vita

499 5137 780 5207 pauciores
819 5135 984 5190 habet
1018 5139 1344 5207 voluptates,
1404 5138 1498 5207 qui
1527 5138 1763 5192 modesti
1803 5152 1910 5193 non
1942 5148 2068 5193 sunt

497 5243 600 5284 nec
632 5228 881 5295 generosi
907 5228 975 5282 ab
1013 5229 1081 5282 iis
1111 5231 1202 5298 qui
1235 5239 1362 5284 sunt
1395 5231 1721 5300 degeneres,
1765 5231 1817 5284 in
1857 5231 2065 5285 labori-

497 5327 602 5382 bus
637 5331 986 5396 superantur.
1045 5320 1181 5375 Nam
1209 5334 1264 5376 et
1297 5322 1640 5392 voluptatum
1677 5337 1741 5376 ea
1809 5322 1917 5379 fere
1972 5333 2086 5378 na-‘

496 5427 616 5472 tura
645 5431 765 5473 esse
785 5416 1018 5480 videtur,
1059 5423 1118 5468 ut
1141 5427 1238 5467 eos
1267 5415 1361 5482 qui
1389 5414 1608 5469 labores
1644 5415 1889 5485 iugiuut,
1919 5417 2065 5484 ipsas

497 5521 626 5560 vero
675 5517 879 5571 amant,
903 5519 1206 5572 eorumque
1227 5519 1414 5558 amore
1448 5507 1670 5561 attoniti
1706 5519 1862 5573 sunt,
1898 5509 2068 5574 magis

495 5597 774 5662 deserant,
821 5604 985 5666 atque
1024 5594 1262 5650 eliiciant
1309 5604 1371 5649 ut
1420 5606 1644 5666 propter
1671 5599 1976 5654 satietatem
2008 5609 2061 5654 et

496 5687 970 5751 consuetudinem,
1022 5689 1206 5740 minus
1250 5703 1440 5742 earum
1486 5703 1682 5745 sensus
1705 5691 2062 5761 percipiatur,

499 5781 594 5834 sed
630 5782 683 5833 itt
754 5782 818 5835 iis
873 5783 1249 5850 asscquendis,
1313 5783 1519 5839 viribus
1563 5783 1887 5854 plerumque
1925 5785 2062 5841 cele-

2173 4603 2312 4672 αὖτη
2335 4603 2368 4671 ἠ
2412 4601 2602 4672 ἀρετὴ,
2633 4603 3039 4669 δυνατωτάτους
3061 4625 3119 4661 τε
3147 4612 3404 4678 πράττειν
3424 4616 3696 4681 παρέχεται.

2168 4691 2260 4743 καὶ
2291 4691 2426 4761 πρὸς
2478 4693 2575 4754 τὰς
2620 4693 2788 4756 ἄλλας
2826 4695 3024 4764 ἀρετὰς
3047 4699 3408 4765 ἱκανωτάτους
3429 4701 3698 4769 ἀποφαίνει.

2167 4786 2257 4835 Δεῖ
2296 4784 2480 4852 μέντοι
2527 4783 2648 4852 μηδ’
2681 4785 2854 4838 ἐκεῖνο
2881 4788 3116 4854 ἀγνοεῖν,
3151 4789 3267 4857 βίου
3295 4794 3563 4864 πάρεργον
3592 4793 3699 4858 ξυμ-

2169 4875 2351 4926 ϐαῖνον
2379 4877 2488 4938 τοῖς
2517 4891 2575 4927 τε
2605 4877 2851 4944 κοσμίοις
2880 4881 2972 4931 καὶ
3002 4883 3270 4946 γενναίοις
3298 4886 3406 4936 τῶν
3429 4885 3634 4954 ἀνδρῶν.
3652 4883 3700 4936 Ui

2168 4982 2230 5031 γε
2259 4965 2368 5035 γὰρ
2409 4966 2625 5034 κόσμιοι
2675 4969 2782 5020 τῶν
2847 4969 2920 5040 μὴ
2968 4971 3225 5026 τοιούτων
3284 4975 3404 5029 οὐδὲ
3464 4977 3592 5030 κατᾶ
3624 4975 3697 5032 τὰς

2167 5056 2359 5124 ἡδονὰς
2382 5095 2397 5121 ,
2428 5057 2647 5111 ἔλαττον
2672 5060 2739 5112 ἂν
2771 5059 2920 5124 δόξαι
2949 5063 3177 5132 ἐνέχειν,
3219 5069 3461 5136 ἀκριϐῶς
3510 5065 3699 5122 σκοποῦ-

2175 5164 2281 5212 σιν,
2317 5149 2448 5199 οἵτε
2505 5151 2743 5215 γενναῖοι
2791 5154 2916 5214 τοὺς
2976 5154 3188 5222 ἀγενεῖς
3247 5159 3368 5212 οὐδὲ
3423 5164 3552 5214 κατὰ
3599 5159 3696 5217 τοὺς

2171 5239 2359 5301 πόνους
2387 5240 2768 5309 ύπερὸάλλειν·
2786 5244 2844 5294 αἴ
2863 5261 2920 5298 τε
2949 5246 3054 5316 γὰρ
3084 5249 3266 5317 ἡδοναὶ
3296 5253 3580 5321 πεφυκέναι
3607 5265 3696 5311 πως

2168 5331 2383 5383 δοκοῦσι
2412 5336 2537 5396 τοὺς
2603 5334 2702 5400 μὲν
2758 5335 2866 5390 τῶν
2929 5339 3106 5392 πόνων
3167 5344 3434 5410 φυγάδας,
3494 5345 3622 5410 σφῶν
3649 5341 3690 5392 δὲ

2169 5423 2426 5492 ἐραστὰς,
2459 5425 2553 5477 καὶ
2585 5427 2713 5496 περὶ
2738 5428 2905 5492 αὑτὰς
2936 5431 3324 5501 ἐπτοημένους,
3349 5436 3546 5504 μᾶλλον)
3585 5435 3693 5484 ἀπο-

2169 5514 2401 5577 λείπειν,
2457 5515 2560 5567 ύπό
2584 5533 2644 5568 τε
2663 5519 2756 5570 τοῦ
2786 5519 2949 5588 κόρου
2984 5521 3078 5574 καὶ
3102 5521 3255 5587 ἔθους
3291 5527 3465 5579 αὐτῶν
3479 5523 3696 5592 ἀναισθη-

2167 5603 2401 5673 τοτέρως
2434 5606 2705 5677 ἴσχονταςι
2741 5612 2836 5664 καὶ
2864 5613 3001 5682 ταχὺ
3055 5615 3346 5681 ἀδυνάτους
3370 5621 3444 5682 ὡς
3474 5620 3535 5670 τὰ
3561 5614 3694 5668 πολλὰ

2167 5695 2570 5762 ἀποφαίνουσαι
2595 5701 2729 5770 πρὸς
2757 5703 2946 5769 αὐτὰς,
2986 5706 3053 5759 τά
3091 5723 3150 5759 τε
3189 5708 3410 5779 σώματα
3432 5711 3539 5780 ἅμα
3563 5709 3693 5778 χείρω

2169 5789 2228 5840 τὸ
2285 5788 2418 5841 πολὺ
2474 5791 2916 5864 ἀπεργαζόμεναι
2951 5813 2966 5830 ⁸
3001 5800 3114 5862 τοῖς
3134 5798 3188 5852 δὲ
3237 5800 3299 5873 δὴ
3352 5801 3581 5872 κετμῖος
3623 5797 3690 5847 καὶ
