3920 6454
226 362 323 424 935
890 357 989 418 DE
1034 354 1458 417 PLATONICA
1500 349 1592 415 ET
1637 351 2193 415 ARISTOTELICA
2230 349 2772 412 PHILOSOPHIA.
2963 423 2966 424 ν
3355 352 3462 415 906

228 472 320 534 nit,
344 482 402 523 ea
436 466 692 521 nimirum
715 482 835 537 quae
859 475 914 521 et
933 468 1153 538 quando
1177 474 1397 536 oportet
1428 474 1803 520 contemnere.
1846 463 2021 531 Atque
2053 462 2126 517 ita
2157 462 2350 517 horum
2395 464 2616 532 quidem
2643 473 2872 532 uterque
2902 460 3273 520 scmivitiosus
3331 479 3467 533 quo-

186 574 189 579 ‘
226 562 507 615 dammodo
533 560 715 617 fuerit.
749 562 816 614 At
849 561 938 615 ille
968 562 1118 614 omni
1145 573 1212 614 ex
1239 571 1392 629 parte
1425 561 1656 615 vitiosus
1684 559 1800 614 sive
1835 557 2249 621 vitiosissimus,
2290 557 2542 627 bonoque
2570 573 2633 612 ac
2664 558 2897 628 sapienti
2934 560 3173 616 maxime
3243 570 3439 616 contra

225 657 332 711 rius
360 655 716 725 appellandus
750 653 873 719 erit,
908 655 1002 724 qui
1052 654 1140 709 illa
1171 655 1413 724 quidem,
1455 670 1576 725 quae
1648 664 1865 723 oportet
1905 646 2294 722 concupiscere
2320 688 2336 715 ,
2384 661 2733 713 contemnat,
2765 667 2885 721 quae
2933 668 3061 707 vero
3102 662 3316 721 oportet
3342 670 3463 708 σου⁶

141 759 147 769 “
225 754 379 807 temni
407 744 782 821 concupiscat,
814 750 994 806 uthac
1022 751 1234 806 ratione
1255 764 1380 804 eum
1407 750 1499 820 qui
1525 749 1793 818 utrisque,
1841 747 2018 817 iisque
2049 745 2343 801 contrariis
2370 745 2654 801 aﬂectibus
2686 745 2780 802 sed
2813 746 2953 801 male
3015 748 3210 812 utitur,
3248 758 3469 805 utrum-

223 863 323 919 que
351 861 470 901 esse
529 844 639 899 diei
690 845 764 899 sit
805 858 1067 910 necesse,
1115 850 1168 898 et
1226 845 1404 914 ipsum
1446 842 1705 897 nimirum
1755 843 1808 894 in
1852 839 2233 895 mediocritate
2261 839 2496 910 quadam
2519 854 2617 894 sua
2655 842 2977 907 consistere,
3010 854 3061 899 et
3090 844 3255 899 simul
3322 844 3469 899 bono

222 955 282 993 ac
307 936 537 1009 sapienti
573 935 695 991 viro
724 936 965 990 maxime
990 937 1353 992 contrarium.
1388 936 1567 1005 Atque
1594 935 1657 989 de
1709 934 1793 988 his
1835 934 2054 1005 quidem
2115 937 2399 989 hactenus.

794 1031 1046 1087 ΚΕΦΑΛ.
1100 1029 1204 1085 II“.

287 1122 367 1177 Τὰ
405 1124 461 1177 δὲ
512 1123 772 1194 περὶτοῦ
810 1124 994 1187 τέλους
1048 1124 1198 1192 αὐτῷ
1248 1123 1343 1178 τοῦ
1378 1123 1611 1193 ἐσχάτου
1639 1122 1789 1190 λεγό-

221 1234 353 1285 μενα
390 1216 507 1278 πῶς
551 1218 611 1269 οὐ
667 1218 895 1287 μεμπτὰ
926 1218 986 1270 οὐ
1021 1217 1081 1269 τὸ
1117 1216 1303 1279 καλὸν,
1403 1218 1452 1269 οἱ
1497 1214 1567 1267 τὰ
1597 1214 1792 1284 βελτίω

217 1307 541 1378 φρονοῦντες
595 1308 815 1373 πάντες,
846 1308 984 1363 ἀλλὰ
1018 1309 1118 1373 τὴν
1170 1308 1364 1379 ἡδονὴν
1392 1306 1663 1377 τιθεμένῳ
1692 1306 1791 1359 τά-

218 1402 401 1471 γαθὸν,
436 1401 779 1470 προστιθέντι
818 1401 873 1454 δὲ
902 1401 969 1471 δὴ
998 1401 1091 1455 καὶ
1114 1400 1211 1470 τὴν
1236 1400 1581 1471 θεωρητικήν
1607 1416 1621 1465 ;
1656 1398 1793 1452 Καί-

216 1511 296 1547 τοι
332 1493 380 1545 εί
413 1492 579 1565 ἡδονὴ
612 1494 645 1563 ἡ
694 1510 758 1561 γε
792 1492 1099 1563 θεωρητικὴ
1139 1492 1380 1561 τάγαθόν
1409 1493 1578 1559 ἐστιν,
1614 1492 1663 1543 εί
1693 1492 1793 1560 μὲν

218 1582 447 1637 καθόσον
475 1582 784 1652 θεωρητικὴ
809 1581 845 1652 ἦ
877 1598 939 1648 γε
969 1581 1129 1652 ἡδονὴ
1155 1581 1359 1648 ἀγαθόν
1390 1582 1527 1644 ἐστι,
1554 1581 1616 1632 τὸ
1654 1580 1791 1633 θέω-

214 1676 329 1744 ρεῖν
355 1674 547 1737 ἁπλῶς
578 1673 644 1726 ἂν
670 1672 756 1743 εἴη
794 1670 1056 1740 τάγαθὸν,
1091 1672 1156 1725 ἄν
1187 1688 1247 1724 τε
1285 1670 1447 1742 ἡδονὴ
1480 1669 1628 1740 αὐτῷ
1655 1671 1794 1741 ἔπη-

214 1781 326 1829 ται,
374 1764 441 1818 ἄν
495 1780 556 1817 τε
607 1766 700 1818 καὶ
734 1765 831 1835 μή*
861 1765 910 1816 εί
953 1763 1010 1817 δὲ
1056 1764 1118 1815 τδ
1164 1764 1390 1833 θεωρεῖν
1420 1764 1651 1817 καθόσον
1694 1765 1792 1835 ἡδὺ

212 1856 417 1925 ἀγαθόν
443 1857 579 1920 ἐστι,
624 1856 657 1926 ἡ
686 1855 847 1926 ἡδονὴ
878 1855 943 1909 αὖ
987 1857 1069 1925 εἴη
1121 1855 1186 1908 ἂν
1219 1855 1405 1919 ἁπλῶς
1435 1855 1696 1923 τάγαθὸν,
1728 1857 1794 1908 ἄν

211 1964 267 2002 τε
294 1945 600 2015 θεωροῦσιν
630 1948 781 2017 ἡμῖν,
814 1946 878 2001 ἄν
904 1947 952 1998 τ’
986 1945 1115 1999 ἄλλο
1143 1963 1194 1999 τι
1233 1945 1533 2017 πράττουσι
1564 1945 1792 2016 συμὸαί-

213 2052 297 2108 νῃ.
338 2036 497 2088 Κατὰ
532 2035 579 2088 δ’
614 2031 926 2105 ἀμφότερον
961 2033 1060 2102 τὴν
1095 2033 1437 2103 θεωρητικὴν
1468 2031 1665 2103 ἡδονὴν
1699 2031 1795 2083 καὶ

212 2129 453 2182 καθόσον
471 2125 834 2196 θεωρητικὴν,
871 2124 964 2178 καὶ
994 2124 1227 2177 καθόσον
1253 2122 1448 2193 ἡδονὴν
1482 2123 1793 2193 ἀμήχανον,

208 2224 257 2274 si
300 2222 381 2291 μὴ
424 2219 549 2273 καθ’
573 2218 761 2290 ἕτερόν
799 2235 853 2270 τι
887 2216 946 2269 ἓν
997 2216 1092 2268 καὶ
1139 2215 1340 2281 κοινὸν,
1377 2214 1405 2267 δ
1434 2215 1639 2284 ἀμφοῖν
1674 2213 1797 2266 τού-

208 2330 325 2367 τοιν
376 2311 637 2383 ὑπάρξοι.
697 2311 795 2365 Ἓν
856 2312 962 2379 γάρ
1000 2325 1053 2360 τι
1101 2310 1181 2360 δεῖ
1224 2303 1364 2361 εἶναι
1415 2307 1510 2360 καὶ
1564 2307 1626 2360 τὸ
1667 2308 1796 2377 ἡμῖν

210 2406 427 2461 ἄνωθέν
465 2375 676 2457 τεκαὶ
726 2401 833 2455 ἀπὸ
871 2375 972 2455 τοῦ
1029 2399 1358 2469 ὑπερουσίου
1420 2397 1539 2462 ἑνός
1591 2415 1650 2449 τε
1687 2375 1793 2450 καὶ
1825 2375 1871 2433 Β

205 2495 434 2568 ἀγαθοῦ
469 2496 675 2565 ὲφῆκον
727 2494 959 2563 ἀγαθόν.
1016 2494 1108 2546 Διὸ
1156 2494 1249 2545 καὶ
1299 2490 1469 2546 τᾶλλα
1522 2491 1652 2559 ἡμῖν
1699 2488 1793 2543 τοῦ

203 2593 383 2647 αὐτοῦ
439 2590 741 2662 μετέχοντα
789 2588 972 2655 ἀγαθὰ
1029 2587 1205 2640 ἔσται.
1251 2585 1446 2654 Ἦμεῖς
1481 2584 1580 2653 μὲν
1608 2580 1704 2637 οῦν
1734 2583 1798 2637 τὸ

198 2685 381 2739 καλὸν
413 2669 548 2735 αὐτο
573 2678 711 2734 εἶναι
744 2697 948 2751 φαμεν,
978 2675 1040 2734 οὗ
1072 2681 1168 2732 καὶ
1217 2678 1421 2750 θεωρία
1451 2674 1795 2747 μετασχοῦσι

198 2777 420 2845 ἀγαθόν
462 2775 575 2827 ἐστι
621 2775 726 2827 καὶ·
766 2773 929 2841 ἡδονὴ
974 2772 1071 2825 καὶ
1108 2771 1239 2825 ἄλλο
1292 2772 1403 2822 πᾶν
1448 2768 1648 2822 ὁτιοῦν·
1676 2765 1795 2820 ἀλλ’

210 2867 614 2941 Ἀριστοτέλης
664 2866 807 2918 ἔοικε
844 2864 933 2917 διὰ
960 2863 1118 2917 τοῦτο
1151 2865 1217 2933 τῇ
1259 2863 1421 2933 ήδονῇ
1474 2861 1537 2914 τὸ
1585 2861 1798 2929 θεωρη-

196 2963 361 3015 τικὸν
396 2956 853 3031 προσ-τεθεικέναι
885 2956 973 3010 τνα
1004 2956 1103 3021 τὴν
1130 2955 1340 3009 οἰκείαν
1380 2956 1512 3025 ἡμῖν
1577 2952 1796 3023 δηλώσῃ

192 3052 409 3125 ἡδονὴν
463 3050 527 3104 τὸ
585 3050 857 3121 ἡμέτερον
889 3047 1094 3118 ἀγαθὸν
1147 3043 1337 3112 οὖσαν,
1366 3046 1442 3110 ὼς
1481 3046 1541 3098 τὸ
1570 3044 1798 3114 θεωρεῖν

194 3148 486 3217 ἡμέτερον
521 3142 758 3213 μάλιστα
817 3142 979 3211 ἔργον
1021 3140 1101 3195 ὃν.
1158 3141 1252 3193 Δεῖ
1306 3139 1412 3208 γὰρ
1464 3138 1704 3206 τάγαθὸν
1735 3136 1796 3190 οὐ

193 3240 369 3310 μόνον
412 3234 647 3302 ἀγαθὸν,
681 3232 815 3286 ἀλλὰ
872 3233 965 3285 καὶ
1019 3233 1149 3303 ἡμῖν
1200 3249 1258 3285 τε
1299 3232 1392 3285 καὶ
1452 3231 1588 3299 πρὸς
1646 3230 1797 3299 ἡμᾶς

190 3328 370 3392 εἶναι,
407 3329 461 3378 εἱ
490 3324 675 3394 μέλλοι
735 3323 827 3376 καὶ
874 3324 1008 3393 ἡμῖν
1039 3323 1256 3394 αἱρετὸν
1287 3321 1530 3387 ἔσεσθαι,
1559 3322 1621 3374 οὐ
1658 3321 1795 3373 πολύ

189 3441 246 3475 τι
286 3421 563 3488 διάφορον
616 3417 792 3483 λέγων
825 3414 920 3467 τοῦ
953 3412 1306 3484 Ἐπικούρου,
1342 3415 1400 3476 ὅς
1440 3429 1542 3465 πον
1600 3412 1796 3507 ἡδονὴν

187 3518 299 3584 τήν
352 3530 423 3581 γε
466 3509 709 3581 ψυχικὴν
754 3506 994 3576 τάγαθὸν
1036 3506 1261 3561 τίθεται,
1309 3505 1493 3558 Ἕοικε
1545 3505 1654 3574 γὰρ
1702 3504 1798 3556 καὶ

202 3608 554 3675 Ἐπίκουρος
602 3601 736 3672 παρ’
778 3600 1188 3671 Ἀριστοτέλους
1225 3598 1336 3650 τῶν
1381 3599 1437 3661 ἐς
1466 3597 1567 3668 τὴν
1602 3596 1796 3667 ἡδονὴν

2530 1030 2684 1087 CAP.
2722 1029 2859 1087 XIII.

1970 1124 2029 1175 lu
2054 1138 2149 1177 sua
2176 1138 2306 1177 vero
2323 1122 2390 1179 de
2422 1123 2529 1179 ﬁne
2563 1123 2759 1179 ultimo
2792 1125 3179 1195 disputatione,
3201 1131 3472 1199 quomoda

1897 1214 2378 1281 reprehensionem
2448 1230 2557 1270 non
2602 1214 2858 1279 incurrit,
2901 1217 2990 1271 ubi
3056 1234 3163 1272 non
3212 1221 3472 1275 eximium

1898 1307 2033 1361 illud
2064 1323 2127 1363 ac
2161 1322 2288 1361 vere
2323 1306 2612 1376 pulchrum
2639 1350 2653 1373 ,
2696 1308 2839 1377 quod
2873 1323 2902 1362 a
2942 1309 3141 1365 virtute
3175 1312 3475 1382 proﬁcisci-

1901 1408 2005 1464 tur,
2036 1399 2180 1454 sicut
2203 1414 2396 1453 omnes
2426 1400 2812 1468 sapientiores,
2841 1401 2936 1455 sed
2959 1403 3291 1472 voluptatem
3325 1422 3476 1462 sum—

1896 1502 2044 1542 mum
2074 1489 2357 1544 constituit
2386 1489 2612 1554 bonum,
2638 1491 2785 1546 illam
2836 1507 2963 1545 vero
3005 1491 3320 1564 intelligens
3350 1514 3477 1552 con-

1896 1578 2303 1649 templativam?
2351 1581 2513 1652 Atqui
2546 1582 2591 1637 si
2638 1584 2911 1652 voluptas.
2963 1601 3027 1641 ea
3082 1588 3315 1654 ratione,
3363 1605 3473 1659 qua

1895 1682 1978 1728 est
2004 1674 2427 1743 contemplativa
2470 1693 2749 1731 summum
2778 1681 2851 1733 sit
2883 1679 3109 1745 bonum,
3130 1682 3476 1753 quandoqui-

1896 1764 2016 1820 dem
2050 1766 2304 1835 voluptas
2335 1768 2537 1823 bonum
2571 1779 2655 1824 est
2686 1780 2961 1840 quatenus
3001 1784 3086 1827 est
3133 1777 3477 1845 contempla-

1896 1860 2027 1921 tiva,
2058 1868 2209 1914 certe
2240 1861 2629 1931 contemplatio
2656 1877 2751 1932 per
2778 1878 2835 1918 se
2856 1864 3290 1935 simpliciterque
3310 1866 3480 1922 luerit

1896 1965 2172 2004 summum
2237 1951 2438 2007 bonum
2470 1993 2487 2019 ,
2538 1954 2655 2009 sive
2698 1954 2949 2024 voluptas
2999 1956 3146 2012 illam
3192 1969 3475 2029 sequatur,

1898 2043 2011 2097 sive
2044 2058 2177 2109 non,
2228 2045 2315 2098 sin
2345 2058 2525 2101 autem
2552 2047 2939 2116 contemplatio
2973 2048 3042 2103 sit
3068 2050 3297 2120 bonum,
3333 2067 3482 2121 qua-

1896 2140 2056 2187 tenus
2097 2138 2420 2190 suavitatem
2477 2136 2592 2221 sive
2626 2138 2954 2207 voluptatem
2990 2140 3280 2209 quamdam
3320 2141 3481 2196 habet

1898 2226 2239 2294 adjunctam,
2292 2234 2403 2279 tum
2452 2227 2703 2295 voluptas
2756 2245 2949 2284 rursus
2980 2230 3299 2301 simpliciter
3325 2247 3479 2288 sum-

1902 2332 2050 2371 mum
2101 2317 2206 2371 erit
2239 2317 2467 2382 bonum,
2520 2323 2637 2376 sive
2683 2322 3129 2393 contemplando,
3168 2324 3283 2379 sive
3332 2325 3476 2379 aliud

1901 2408 2112 2476 agendo
2164 2410 2334 2476 ipsam
2397 2426 2819 2478 consequamur.
2859 2411 3105 2485 Utraque
3147 2427 3329 2472 autem
3388 2433 3480 2471 ra-

1902 2500 2053 2555 tione
2105 2502 2584 2573 contemplativam
2622 2506 2957 2576 voluptatem
2995 2518 3049 2563 et
3080 2517 3357 2578 quatenus
3396 2522 3481 2566 est

1901 2590 2325 2659 contemplativa
2360 2601 2415 2646 et
2445 2603 2721 2662 quatenus
2765 2605 2851 2652 est
2902 2599 3178 2668 voluptas,
3212 2617 3335 2657 esse
3382 2603 3481 2659 bo-

1901 2698 2029 2735 num
2061 2685 2385 2753 neutiquam
2421 2686 2536 2741 ﬁeri
2578 2699 2776 2756 putest;
2833 2689 2939 2746 nisi
2978 2691 3281 2748 intercedat
3334 2696 3479 2749 aliud
3520 2757 3530 2766 .

1901 2775 2180 2843 quoddam
2228 2792 2395 2832 unum
2456 2780 2603 2848 quod
2661 2781 2789 2837 huic
2844 2783 3062 2853 utrique
3114 2785 3483 2843 communiter

1903 2869 2199 2925 adhaereat.
2234 2868 2374 2924 lllud
2426 2887 2661 2943 namque
2707 2889 2981 2931 summum
3015 2878 3218 2933 bonum
3250 2880 3481 2949 simplex

1902 2968 2066 3029 atque
2098 2976 2266 3014 unum
2301 2977 2425 3018 esse
2453 2973 2673 3034 oportet
2719 2973 2772 3020 et
2801 2969 2945 3036 quod
2981 2969 3215 3038 desuper
3254 2971 3321 3023 ad
3354 2983 3478 3034 nos,

1904 3052 1971 3104 ab
2004 3052 2206 3117 illoque
2262 3068 2478 3108 summe
2515 3071 2623 3109 uno
2682 3065 2843 3127 atque
2881 3058 3027 3113 bono
3060 3060 3206 3129 quod
3261 3075 3480 3116 omnem

1902 3153 2123 3213 superat
2166 3154 2439 3210 naturam,
2471 3149 2813 3217 pervenerit,
2859 3165 2981 3204 cum
3030 3152 3186 3221 cujus
3218 3152 3483 3209 beneﬁcio

1903 3236 2089 3290 omnia
2126 3237 2334 3306 reliqua
2367 3254 2489 3308 quae
2518 3239 2777 3311 nimirum
2805 3243 2936 3297 illud
2964 3245 3314 3314 participant,
3342 3245 3482 3301 bona

1902 3329 2007 3383 diei
2059 3341 2361 3388 merentur.
2416 3331 2524 3388 Nos
2567 3333 2734 3403 igitur
2781 3335 2959 3403 ipsum
3018 3338 3306 3393 honestum
3366 3344 3486 3395 sive

1903 3422 2191 3490 pulchrum
2220 3462 2234 3486 ,
2269 3423 2402 3478 illud
2464 3440 2586 3481 esse
2616 3426 2855 3482 dicimus
2886 3466 2902 3489 ,
2962 3429 3120 3499 cujus
3148 3432 3311 3485 etiam
3354 3431 3484 3487 dum

1901 3514 2295 3582 contemplatio
2333 3517 2390 3569 lit
2412 3518 2685 3587 particeps
2717 3528 2771 3573 et
2804 3520 3010 3575 bonum
3060 3532 3116 3576 et
3149 3527 3401 3592 voluptas
3432 3536 3488 3579 et

1902 3607 2172 3678 quidquid
2204 3592 2349 3663 aliud
2381 3609 2637 3666 eﬂicitur.
2674 3612 2752 3667 Ac
2778 3614 2992 3669 videtur
3021 3617 3343 3673 Aristoteles
3366 3633 3484 3672 eam

185 3700 379 3766 λόγων
418 3694 709 3765 εἰληφέναι
742 3693 839 3754 τὰς
869 3691 1148 3763 ἀφορμάς.
1199 3689 1487 3790 Ἡμεῖςηε
1517 3691 1629 3790 μὴν
1656 3688 1794 3790 Ppu-

1903 3696 1974 3751 ob
2005 3686 2224 3752 causam
2245 3700 2510 3770 voluptati
2547 3703 2905 3773 eonjunxisse
2929 3707 3445 3776 contemplationem
3471 3752 3484 3773 ,

183 3793 280 3863 χεῖ
327 3787 637 3858 τεκμηρίῳ
685 3784 1045 3853 ἐπιδείξωμεν
1105 3782 1166 3835 οῦ
1220 3782 1319 3849 τὴν
1380 3780 1577 3850 ἡδονὴν
1623 3776 1793 3831 οὖσαν

180 3882 473 3952 τάγαθόν.
523 3878 795 3947 Σύνισμεν
851 3877 960 3945 γάρ
1018 3891 1120 3926 που
1176 3874 1309 3943 ἡμῖν
1365 3872 1551 3933 αὐτοῖς
1582 3871 1703 3922 τότε
1732 3870 1796 3938 δὴ

182 3974 450 4044 μάλιστα
498 3967 784 4038 ἡδομένοις
824 3968 923 4036 τὴν
956 3964 1304 4034 θεωρητικὴν
1342 3963 1546 4031 ταύτην
1576 3961 1794 4032 ἡδονὴν,

178 4065 422 4120 ἐπειδὰν
461 4063 532 4113 ἐκ
559 4058 728 4129 λήθης
784 4060 915 4128 περὶ
972 4056 1216 4124 ὀτουοῦνξ
1254 4052 1797 4124 ἀναμιμνησκόμενοι

178 4156 539 4228 θεωρῶμεν.
575 4152 664 4204 Ἐν
691 4145 773 4213 οἷς
803 4149 849 4202 δ’
877 4149 942 4202 ἂν
980 4148 1179 4209 εἰδότες
1220 4148 1283 4199 ὲκ
1308 4144 1508 4198 πολλοῦ
1535 4143 1796 4198 διατελῶο

179 4267 315 4321 μεν,
359 4248 430 4300 οὑ
472 4244 626 4296 πάνυ
675 4259 780 4295 τοι.
823 4241 885 4293 Ei.
910 4241 955 4293 δ’
984 4244 1017 4309 ἡ
1048 4239 1213 4310 ἡδονὴ
1252 4239 1517 4317 τάγαθρν,
1554 4239 1649 4292 καὶ
1688 4238 1798 4289 πᾶν

172 4341 338 4414 ἥδιόν
380 4357 450 4391 τε
508 4335 604 4388 καὶ
636 4333 997 4403 αἱρετώτερον
1028 4332 1124 4385 τοῦ
1171 4328 1338 4403 ἦττον
1370 4334 1614 4385 τοιοῦτον
1638 4370 1652 4395 ,
1687 4332 1794 4385 ἔδει

1905 3800 1960 3842 ut
1996 3788 2326 3860 voluptatem
2380 3792 2640 3847 nimirum
2689 3796 2852 3852 nobis
2902 3798 3175 3868 propriam
3235 3811 3482 3875 nostrum

1899 3896 2024 3935 esse
2057 3882 2257 3935 bonum
2290 3884 2601 3938 ostenderet
2628 3926 2642 3951 ,
2678 3890 3142 3956 quemadmodum
3166 3893 3331 3946 etiam
3360 3906 3485 3945 ron-

1901 3972 2311 4043 templationem
2356 3991 2496 4045 opus
2526 3992 2646 4031 esse
2678 3980 2913 4033 maxime
2945 3992 3221 4034 nostrum.
3256 3981 3486 4050 Oportet

1904 4081 2143 4136 namque
2199 4082 2476 4121 summum
2534 4069 2667 4123 illud
2721 4071 2949 4133 bonum.
2988 4086 3095 4125 non
3143 4072 3319 4126 solum
3368 4088 3488 4127 esse

1904 4158 2132 4221 bonum,
2161 4159 2254 4213 sed
2298 4159 2456 4214 nobis
2484 4174 2705 4229 quoque
2735 4164 3157 4228 accommodari,
3208 4173 3261 4217 et
3288 4165 3350 4218 ad
3386 4180 3488 4220 nos

1904 4249 2121 4317 referri,
2167 4252 2211 4305 si
2260 4251 2364 4305 tale
2406 4251 2602 4306 debeat
2648 4253 2924 4322 judicari,
2967 4256 3110 4323 quod
3136 4256 3205 4309 sit
3234 4256 3376 4310 votis
3406 4254 3486 4310 di-

1902 4355 2065 4408 gnum
2096 4356 2208 4409 pra:
2249 4342 2461 4398 caeteris
2488 4344 2749 4397 omnibus
2784 4353 2856 4412 et;
2878 4346 3114 4399 maxime
3142 4359 3171 4397 a
3204 4345 3360 4401 nobis
3388 4344 3485 4399 eli-

172 4440 277 4486 καῖι
305 4433 375 4487 τὸ
437 4432 511 4482 ἐκ
552 4426 724 4496 λήθης
757 4424 1314 4494 ἀναμιμνησκόμενον
1349 4423 1601 4493 θεωρεῖν,
1639 4424 1796 4492 ἄμειο

173 4527 274 4580 νόν
307 4542 374 4576 τε
415 4518 793 4591 αἱρετώτερον
844 4515 982 4569 είναι
1031 4515 1127 4567 τοῦ
1174 4517 1261 4569 ἀεὶ
1298 4515 1563 4568 διατελεῖν
1594 4515 1795 4569 εἰδότα.

168 4621 297 4674 Νῦν
337 4617 389 4671 δ’
423 4612 533 4669 οὖν
558 4612 667 4664 οὐδ’
699 4611 764 4664 ἂν
798 4606 876 4671 εἷς
909 4611 1086 4662 ἐκεῖνο
1111 4609 1370 4679 μᾶλλονῆ
1406 4607 1565 4661 τοῦτο
1596 4609 1798 4677 εὐφρο-

169 4712 288 4765 νὼν
325 4710 552 4761 ἕλοιτο.
596 4702 706 4754 Καὶ
755 4701 883 4769 περὶ
921 4701 1023 4769 μὲν
1051 4699 1161 4753 τῶν
1188 4698 1563 4767 ’Δριστοτέλει
1614 4700 1710 4751 καὶ⁸
1742 4702 1797 4760 ἐς

165 4807 277 4873 τὴν
312 4800 545 4870 ἠθικὴν
599 4792 990 4863 πραγματείαν
1035 4792 1095 4843 οὐ
1149 4791 1331 4853 καλῶς
1362 4807 1798 4860 πεπραγματευ-

166 4899 372 4968 μένων
398 4932 416 4957 ,
479 4890 608 4942 ὲνὸν
659 4889 755 4941 καὶ
791 4888 962 4941 πλείω
997 4886 1094 4940 καὶ
1143 4888 1271 4958 περὶ
1304 4889 1569 4941 πλειόνων
1596 4889 1794 4950 εἰπεῖν,

1903 4903 2047 4940 mam
2082 4889 2383 4956 prmbuisse
2422 4886 2793 4948 occasionem,
2829 4895 2889 4939 ut
2923 4900 3077 4940 suam
3111 4884 3179 4940 de
3206 4886 3485 4956 voluptate

160 4996 331 5060 ὅμως
376 4984 617 5052 ἀπόχρη
643 4981 758 5036 ’καὶ
795 4980 986 5036 ταῦτα.
1015 4983 1091 5035 03
1123 4982 1229 5052 γὰρ
1265 4980 1481 5033 ἅπαντα
1513 4979 1696 5041 ἁπλῶς
1728 4980 1794 5031 τὰ

1906 4982 2231 5034 sententiam
2275 4979 2539 5031 audacter
2569 4978 2623 5030 in
2649 4977 2888 5031 medium
2925 4976 3169 5044 aﬂerret,
3198 4982 3487 5033 tuendam-

174 5077 632 5153 Ἀριστοτέλους
688 5076 821 5145 ἡμῖν
860 5074 1108 5146 διορθοῦν
1140 5075 1452 5144 πρόκειται,
1494 5074 1630 5126 ἀλλὰ
1663 5073 1790 5141 περὶ

1908 5090 2016 5144 que
2060 5073 2385 5140 susciperet.
2422 5070 2530 5125 Nos
2583 5070 2765 5139 itaque
2814 5071 2961 5125 brevi
2989 5072 3219 5141 quadam
3271 5071 3485 5127 ratione

156 5175 279 5227 τῶν
326 5169 632 5241 μεγίστων
664 5168 759 5219 κοιλ⁴
802 5167 1160 5235 κυριωτάτων
1192 5167 1372 5218 εἰπεῖν
1394 5208 1407 5229 ,
1452 5171 1548 5216 καὶ
1580 5157 1655 5218 ὧν
1690 5166 1794 5234 μά-

1904 5165 2261 5221 ostendemus
2323 5164 2658 5232 voluptatem
2722 5163 2869 5217 illam
2914 5164 3320 5219 Aristotelicam
3374 5178 3479 5219 non

153 5261 334 5314 λιστα
393 5259 552 5328 πρὸς
607 5257 866 5310 Πλάτωνα
896 5256 1310 5326 διενηνεγμένος
1359 5258 1458 5307 οὐκ
1504 5254 1669 5322 ὀλίγῳ
1727 5252 1794 5322 τῷ

1904 5269 2028 5310 esse
2086 5268 2361 5308 summum
2421 5253 2647 5308 bonum.
2723 5254 2934 5328 Quippe
3006 5271 3106 5311 nos
3164 5256 3311 5327 ipsos
3368 5267 3483 5309 tum

156 5359 335 5427 μέσῳ
365 5349 622 5415 τάνδρὸς
666 5351 999 5403 ὲλλείπεται.

1907 5349 2142 5404 maxime
2206 5348 2477 5400 sentimus
2528 5348 2675 5401 illam
2713 5363 2777 5402 ex
2825 5349 3243 5416 contemplando
3287 5364 3482 5416 capere.

149 5460 571 5522 voluptatem.
604 5448 822 5517 quando
855 5448 1064 5518 aliquid
1095 5463 1158 5502 ex
1216 5446 1495 5502 oblivione
1566 5447 1620 5501 in
1653 5447 1972 5502 memoriam
2044 5454 2354 5500 revocatum
2403 5448 2858 5515 contemplamur.
2911 5446 3044 5513 Quae
3118 5454 3299 5500 autem
3368 5446 3481 5515 jam

143 5556 335 5623 longo
400 5557 674 5613 tempore
711 5545 912 5599 animis
960 5546 1315 5615 concepimus
1346 5584 1360 5610 ,
1406 5544 1789 5615 complexique
1824 5560 2036 5607 sumus,
2074 5559 2145 5615 ex,
2164 5542 2271 5597 illis
2291 5558 2398 5597 non
2465 5546 2655 5599 eodem
2700 5545 2860 5599 modo
2922 5546 3177 5613 capimus
3228 5542 3479 5611 volupta-

141 5662 292 5704 tem.
357 5642 551 5710 Quod
586 5639 633 5692 si
674 5639 784 5709 jam
837 5639 1095 5707 voluptas
1144 5654 1421 5693 summum
1458 5640 1530 5693 sit
1567 5638 1791 5704 bonum,
1818 5637 2081 5705 illudque
2114 5637 2257 5705 quod
2304 5638 2529 5692 suavius
2565 5649 2649 5693 est
2708 5649 2758 5691 et
2787 5638 3108 5705 jucundius,
3143 5636 3337 5691 melius
3375 5656 3390 5707 ;
3436 5642 3509 5694 si,

137 5755 193 5799 et
255 5752 465 5808 magis
539 5737 902 5800 expetendum
946 5732 1124 5787 altero
1182 5732 1328 5803 quod
1388 5731 1587 5785 minus
1644 5731 1806 5784 habet
1845 5730 2128 5784 suavitatis
2158 5739 2207 5782 et
2257 5729 2912 5797 jucuiiditatis,.nccesse
2959 5728 3065 5783 erit
3099 5731 3265 5787 etiam
3333 5732 3480 5787 illam

138 5853 354 5895 rerum
395 5847 470 5888 ex
525 5830 805 5885 oblivione
834 5830 886 5884 in
930 5830 1366 5885 recordationem
1418 5838 1795 5883 revocatarum
1838 5823 2353 5895 contemplationem
2396 5839 2451 5881 et
2478 5823 2758 5879 meliorem
2834 5836 2953 5880 esse
2985 5831 3038 5877 et
3079 5827 3254 5894 magis
3319 5841 3483 5898 οιιωο

581 5930 852 5987 l’uuoL.
893 5928 1008 5986 (in.
1052 5927 1227 5989 CLX.
1422 5936 1435 5947 ‘
3083 5923 3161 5983 29

1906 4430 2166 4497 gendum.
2230 4430 2343 4498 Qua
2384 4433 2436 4486 in
2466 4449 2523 4489 re
2569 4434 2816 4504 profecto
2870 4436 2959 4492 ille
3023 4452 3130 4493 non
3186 4437 3482 4493 admodum

1906 4519 2177 4576 diversam
2221 4523 2288 4577 ab
2316 4521 2553 4592 Epicuro
2580 4532 2768 4581 tuetur
2804 4528 3161 4589 sententiam.
3194 4527 3287 4597 qui
3316 4526 3480 4582 etiam

1904 4612 2143 4679 quodam
2183 4611 2236 4665 in
2271 4611 2391 4667 loco
2435 4612 2763 4682 voluptatem
2800 4629 3076 4668 summum
3114 4613 3242 4667 facit
3276 4614 3479 4668 bonum

1902 4718 2136 4771 eamque
2172 4702 2459 4773 intelligit,
2494 4719 2617 4773 qua:
2650 4704 2700 4756 in
2756 4704 2942 4757 animo
2972 4703 3139 4757 consi.
3162 4706 3247 4756 tit.
3277 4701 3481 4771 Nempe

1905 4804 2134 4864 apparet
2196 4794 2370 4864 ipsum
2404 4795 2754 4849 Aristotelem
2790 4796 2953 4849 etiam
2992 4793 3225 4863 Epicuro
3270 4795 3483 4849 uberri~
3566 4815 3575 4819 ν
