3920 6454
507 329 612 394 907

1695 317 2018 380 GEORGII
2069 317 2522 378 PLETIIONIS.
3586 321 3666 382 908

515 445 734 498 tendam
795 440 966 496 altera
1021 437 1136 503 illa,
1207 435 1262 490 in
1327 446 1433 504 qua
1481 430 1604 504 quis
1674 440 1934 500 perpetuo
1983 428 2162 485 sciens
2203 429 2501 500 perstiterit
2545 443 2608 484 ac
2669 425 3050 498 perseverarit.
3098 425 3217 481 iam
3269 425 3419 498 igitur
3467 431 3666 487 omnibus

515 550 662 590 same
691 534 890 589 mentis
923 527 1243 585 hominibus
1273 522 1684 597 dijudicandum
1707 519 2087 606 relinquimus,
2131 531 2314 575 utrum
2349 521 2480 576 illud
2515 523 2688 590 magis
2750 535 2912 583 quam
2948 519 3052 576 hoc
3085 518 3154 572 sit
3221 518 3604 587 amplectendum
3630 538 3668 582 ει

511 627 786 700 quodnam
834 642 900 680 ex
943 623 1159 680 duobus
1191 621 1299 678 illis
1326 621 1399 677 sit
1447 619 1867 692 praeferendum.
1899 621 2076 692 Atque
2115 621 2182 676 de
2206 621 2290 676 his
2320 621 2533 692 quidem
2562 621 2849 685 hactenus,
2884 633 3008 690 qua:
3083 616 3327 672 videlicet
3365 615 3427 670 ad
3481 617 3670 688 disputa-

515 726 719 782 tionem
751 717 1063 776 Aristotelis
1091 717 1159 772 de
1194 714 1442 771 moribus
1488 716 1787 784 pertinent,
1823 714 1915 770 ubi
1966 728 2100 770 sane
2135 715 2240 772 etsi
2270 715 2424 785 plura
2451 715 2561 771 sint
2583 729 2703 785 quae
2724 711 3202 783 reprehensionem
3255 717 3552 772 mereantur,
3597 712 3670 767 ista

514 827 695 871 tamen
753 813 915 868 modo
975 808 1277 865 sufﬁciant.
1325 805 1515 874 Neque
1571 805 1716 860 enim
1772 805 1947 860 nostri
1994 813 2078 861 est
2115 795 3026 865 institutiomniacommemorare,
3085 802 3138 855 in
3175 798 3369 869 quibus
3419 800 3670 858 Aristoteles

511 905 734 964 erravit,
780 901 874 957 sed
905 897 1226 971 principalia
1257 896 1525 952 duntaxat
1551 905 1606 951 et
1652 896 1909 962 maxima,
1967 897 2382 968 praesertimque
2431 898 2526 953 illa
2590 897 2646 952 in
2697 895 2896 966 quibus
2961 908 3068 950 non
3139 892 3368 962 exiguo,
3436 889 3518 946 sed
3555 890 3672 962 longo

512 994 800 1054 intervallo
843 992 1128 1049 Platonem
1177 988 1474 1057 relinquit,
1511 990 1581 1045 ab
1637 1005 1812 1061 eoque
1850 988 2082 1044 multum
2117 988 2392 1046 dissentit.
3537 997 3546 1006 ο

1129 1080 1291 1137 CAP.
1307 1079 1445 1137 XlV.

583 1179 836 1235 Dicamus
866 1177 979 1247 jam
1030 1174 1233 1245 aliquid
1257 1174 1421 1229 etiam
1449 1172 1518 1254 de
1581 1173 1718 1229 coelo
1765 1181 1818 1227 et
1885 1173 2078 1242 quinto

510 1285 741 1340 corpore
763 1267 910 1340 quod
947 1267 1268 1323 Aristoteles
1303 1255 1512 1335 primds
1565 1263 1792 1319 eﬂinxit.
1822 1262 2078 1330 Quatuor

509 1376 629 1416 esse
659 1360 713 1414 in
749 1359 853 1414 hoc
888 1357 1187 1426 conspicuo
1209 1357 1324 1412 sive
1361 1354 1502 1410 coelo
1533 1354 1646 1410 sive
1675 1351 1878 1408 mundo
1905 1352 2078 1423 prima

509 1465 564 1509 et
594 1450 978 1521 antiquissima
1029 1462 1280 1520 corpora,
1336 1455 1448 1502 tam
1515 1446 1829 1517 superiores
1887 1457 2080 1501 omnes

510 1543 817 1614 philosophi
841 1557 1004 1613 quam
1029 1540 1292 1596 Platonici
1311 1554 1420 1595 uno
1447 1553 1544 1595 ore
1561 1537 1850 1602 affirmant,
1875 1537 2077 1607 ignem,

509 1647 945 1702 aerem,aquam,
965 1639 1186 1686 terram.
1219 1631 1397 1700 Atque
1428 1644 1494 1683 ex
1534 1628 1620 1683 his
1652 1626 1866 1696 quidem
1900 1625 2078 1694 ignem

512 1733 566 1778 et
597 1732 798 1778 terram
829 1721 935 1778 sibi
970 1721 1203 1776 invicem
1241 1735 1362 1775 esse
1405 1719 1646 1774 maxime
1690 1718 1989 1784 contraria,
2014 1730 2079 1772 eo

512 1815 658 1884 quod
689 1813 831 1884 ignis
886 1820 968 1867 est
995 1811 1185 1877 levior,
1221 1818 1440 1880 pr0pter
1497 1810 1806 1874 raritatem,
1843 1819 1898 1864 et
1925 1823 2079 1863 sum-

511 1920 660 1959 mum
684 1903 892 1958 obtinet
923 1902 1124 1972 locum,
1158 1909 1300 1957 terra
1355 1909 1535 1956 autem
1568 1895 1889 1973 gravissima
1914 1914 2079 1971 prop-

515 2009 595 2052 ter
631 1995 979 2061 densitatem,
1014 2005 1069 2050 et
1098 2009 1260 2066 quam
1290 1994 1545 2049 omnibus
1579 1994 1701 2049 aliis
1722 2003 1803 2048 est
1827 1991 2078 2061 subjecta

511 2087 793 2142 elementis
823 2104 837 2141 :
870 2101 1048 2141 aerem
1079 2101 1205 2141 vero
1226 2093 1487 2154 etaquam
1509 2085 1562 2138 in
1586 2083 1764 2140 medio
1792 2085 2078 2139 amborum

512 2189 735 2248 propter
785 2187 838 2234 et
891 2177 1172 2233 raritatem
1229 2186 1282 2232 et
1333 2175 1678 2242 densitatem,
1728 2176 1958 2232 mediam
2009 2176 2078 2232 ad

513 2281 807 2339 utrumque
862 2269 1063 2324 habere
1101 2269 1388 2323 rationem.
1429 2266 1630 2322 Eodem
1656 2275 1839 2322 autem
1893 2267 2076 2336 modo,

511 2363 657 2432 quod
690 2363 755 2417 ad
798 2371 1004 2416 motum
1043 2361 1257 2425 attinet,
1309 2359 1510 2414 latione
1545 2369 1600 2414 et
1630 2359 1812 2432 quiete
1840 2360 2074 2415 invice

512 2453 798 2524 distingui,
833 2467 897 2507 ac
930 2453 1108 2522 ignem
1137 2451 1358 2522 quidem
1406 2465 1596 2506 rursus
1624 2459 1678 2506 et
1711 2461 1914 2506 terram
1968 2451 2073 2506 sibi

511 2549 746 2603 invncem
795 2547 1033 2602 maxime
1081 2560 1204 2601 esse
1261 2545 1558 2610 contraria,
1611 2558 1790 2600 aerem
1840 2559 1968 2600 vero
2023 2554 2078 2601 et

511 2656 728 2711 aquam,
787 2638 965 2694 medio
1009 2637 1077 2693 ad
1133 2646 1424 2707 utrumque
1484 2637 1603 2694 loco
1653 2652 1712 2694 se
1773 2636 1991 2692 habere.
2019 2636 2074 2694 Si

457 2767 468 2776 ο
512 2732 694 2801 itaque
747 2739 891 2785 terra
964 2727 1037 2783 sit
1089 2727 1405 2826 immqbilis,
1447 2728 1626 2799 ignem
1695 2744 1921 2786 necesse
1973 2729 2078 2785 erit

511 2829 772 2893 perpetuo
801 2819 1030 2884 moveri,
1062 2827 1115 2874 et
1138 2819 1419 2890 praeterea.
1448 2820 1495 2874 si
1553 2829 1695 2876 terra
1742 2821 1963 2890 quidem
2007 2821 2080 2878 sit

511 2913 831 2978 immobilis,
865 2921 978 2966 tum
1007 2925 1148 2982 aqua
1166 2911 1472 2967 movebitur
1495 2911 1738 2982 quidem,
1767 2911 1861 2968 sed
1894 2913 2078 2970 minus

512 3021 676 3076 quam
705 3019 819 3070 aer,
855 3003 946 3076 qni
977 3011 1128 3058 tanto
1179 3002 1354 3074 magis
1386 3003 1687 3059 movebitur
1718 3019 1883 3075 quam
1913 3020 2078 3075 aqua,

513 3109 716 3172 quanto
753 3098 840 3154 ille
865 3097 1007 3168 quod
1043 3098 1111 3152 ad
1155 3107 1390 3165 motum,
1417 3111 1450 3153 a
1482 3112 1739 3168 supremo
1788 3107 2080 3168 superatur

513 3192 657 3263 igne,
680 3205 842 3262 quem
871 3189 1074 3244 idcirco
1103 3188 1154 3242 in
1189 3197 1450 3260 perpetuo
1468 3203 1592 3245 esse
1627 3199 1774 3244 motu
1801 3188 2078 3245 latendum

513 3283 637 3339 erit.
669 3281 823 3348 Quod
852 3279 897 3335 si
931 3291 1190 3350 perpetuo
1219 3290 1490 3346 movetur,
1536 3279 1860 3336 circularem
1891 3281 2080 3354 utique

514 3373 736 3428 habebit
782 3380 1009 3425 motum.
1043 3368 1100 3423 Id
1141 3382 1376 3437 namque
1429 3370 1572 3437 quod
1600 3379 1747 3423 recta
1807 3376 2076 3436 movetur,

515 3479 623 3518 non
653 3469 831 3532 potest
876 3459 1130 3514 mobilem
1180 3458 1458 3528 possidere
1504 3467 1779 3514 naturam.
1833 3459 2081 3527 Quiescit

511 3556 658 3611 enim
733 3554 950 3607 tandem
1029 3550 1344 3619 aliquando,
1412 3551 1556 3620 quod
1633 3561 1839 3606 rectum
1918 3552 2078 3607 habet

517 3659 743 3702 motum.
779 3643 972 3700 Ether
997 3644 1179 3713 itaque
1209 3653 1264 3699 et
1305 3658 1468 3698 omne
1522 3659 1836 3714 supremum
1860 3658 2080 3713 corpus,

2107 1086 2155 1142 Δ

2775 1078 3023 1134 ΚΕΦΑΛ.
3062 1079 3162 1135 IA'.

2261 1175 2489 1246 Ῥητέω,
2524 1174 2580 1229 δι
2625 1174 2726 1245 ἥδη
2766 1189 2822 1227 τι
2866 1173 2960 1225 καὶ
2999 1168 3130 1239 περὶ
3158 1167 3264 1224 τῶν
3307 1168 3364 1232 ἐς
3391 1168 3472 1222 τὸν
3501 1170 3674 1241 stipula

2179 1267 2333 1339 αύτῷ
2395 1268 2491 1322 καὶ
2546 1267 2609 1320 τὸ
2672 1267 2925 1333 πέμπτον
2977 1263 3137 1332 σῶμα
3183 1260 3676 1331 κεκαινολογημένων.

2179 1359 2435 1430 Τέτταρα
2467 1358 2536 1413 τά
2569 1356 2922 1428 πρεσϐύτερα
2969 1354 3078 1408 τῶν
3119 1355 3176 1408 ὲν
3212 1352 3350 1422 τῷδε
3400 1353 3471 1421 τῷ
3513 1354 3677 1423 ούρανῴ

2180 1450 2454 1519 σωμάτων
2481 1449 2535 1503 οῐ
2557 1466 2618 1502 τε
2668 1446 2876 1503 ἀνωθεν
2925 1445 3129 1508 πάντες
3164 1445 3320 1514 σοιιςθοὶ⁵
3339 1480 3357 1507 ,
3388 1441 3476 1497 καὶ
3511 1443 3555 1496 οἱ
3583 1444 3688 1515 περὶ,

2185 1541 2453 1596 Πλάτωνά
2483 1557 2641 1609 φασι,
2667 1540 2803 1609 πῦρ,
2831 1538 2990 1607 ἀέρα,
3029 1536 3198 1608 ὕδωρ,
3240 1535 3364 1606 γῆν.
3395 1533 3580 1588 Τούτων
3593 1533 3678 1606 ,πῦρ

2183 1634 2284 1704 μιν
2319 1636 2416 1688 καὶ
2453 1633 2559 1703 γῆν
2607 1629 2980 1686 ἐναντιώτατα
3013 1631 3159 1700 ἔχειν
3189 1629 3330 1698 πρὸς
3361 1627 3565 1698 ἀλλήλω
3597 1627 3679 1700 κύρ

2183 1726 2286 1798 μιν
2327 1725 2662 1795 κουφότερόν
2691 1740 2750 1778 τε
2779 1722 2840 1777 ὃν
2874 1723 2962 1778 διά
2993 1722 3273 1792 μανότητα
3301 1721 3395 1776 καὶ
3424 1722 3569 1775 πᾶσιν
3595 1723 3680 1774 ἐπι-

2181 1816 2439 1880 πολάζονο
2468 1818 2576 1886 γῆν
2600 1816 2658 1870 δὲ
2690 1815 3002 1886 βαρυτάτην
3040 1813 3130 1868 διὰ
3171 1813 3478 1882 πυκνότητα
3500 1812 3579 1868 καὶ
3607 1813 3682 1866 πά-

2182 1925 2268 1963 σιν
2299 1907 2698 1978 ὑφισταμένην·
2725 1908 2861 1978 ἀέρα
2907 1905 2964 1960 δὲ
3011 1906 3104 1959 καὶ
3140 1903 3285 1975 ὕδωρ
3331 1905 3390 1956 ὲν
3432 1906 3566 1974 μέσῳ
3587 1903 3678 1959 τού-

2180 2018 2296 2056 τοιν
2327 2000 2417 2055 διὰ
2453 2000 2514 2054 τδ
2559 2000 2654 2053 καὶ
2707 1999 3009 2069 μανῶητὸς
3047 2015 3108 2052 τε
3142 1999 3236 2051 καὶ
3269 1997 3574 2065 πυκνότητος
3611 1996 3682 2065 μέ-

2179 2111 2290 2157 σως
2343 2093 2488 2163 ἔχειν
2541 2092 2749 2147 αύτοῐν.
2779 2090 2967 2162 Ταύτῃ
3012 2091 3077 2162 δὴ
3119 2094 3212 2145 καὶ
3269 2091 3399 2161 περὶ
3441 2090 3681 2159 κίνησίντε

2178 2185 2279 2254 τὴν
2310 2187 2452 2240 κατά
2494 2185 2594 2256 τὴν
2641 2184 2838 2253 φορὰν,
2889 2185 2986 2237 καὶ
3019 2182 3206 2236 στάσιν
3226 2222 3242 2248 ,
3280 2181 3392 2251 πῦρ
3421 2181 3508 2250 μὶν
3535 2180 3589 2234 αὖ
3616 2182 3684 2232 καὶ

2179 2278 2283 2347 γῆν
2313 2276 2447 2345 πρὸς
2481 2275 2696 2345 ἀλλήλω
2735 2273 3107 2328 ὶναντιώτατα
3158 2271 3307 2340 ἔχειν
3332 2311 3348 2336 ,
3377 2273 3504 2341 ἀέρα
3543 2272 3588 2323 δὲ
3615 2272 3683 2322 καὶ

2181 2365 2328 2436 ὕδωρ
2361 2370 2418 2418 ὲν
2451 2365 2606 2437 μέσῳ
2639 2362 2872 2425 τούτοιν.
2905 2363 2966 2416 El
2997 2363 3042 2418 δ’
3075 2364 3107 2432 ἡ
3139 2362 3212 2432 γῆ
3243 2362 3508 2431 ἀκίνητος,
3531 2362 3582 2414 τδ
3603 2359 3683 2428 πῦρ

2182 2459 2249 2513 ἂν
2277 2457 2364 2526 εἴη
2391 2458 2724 2528 ἀεικίνητον,
2742 2457 2835 2510 καὶ
2858 2456 2962 2520 ἔτι,
2996 2457 3044 2510 εἰ
3069 2457 3102 2526 ἡ
3147 2454 3246 2525 μὲν
3282 2455 3354 2524 γῆ
3384 2455 3622 2524 ἀκίνητος.
3643 2454 3686 2506 τὸ

2177 2548 2222 2601 δ’
2285 2546 2428 2619 ὕδωρ
2477 2548 2739 2616 κινητὸν,
2785 2546 2877 2601 τοῦ
2929 2547 2975 2601 δ’
3020 2548 3183 2618 ἀέρος
3239 2547 3379 2601 πολὺ
3416 2550 3477 2617 τῇ
3525 2548 3686 2612 κινήσει

2181 2639 2523 2710 λειπόμενον.
2557 2638 2732 2710 ἀὴριδ⁹
2763 2638 2952 2702 ὕδατος
2973 2638 3154 2709 πολλῷ
3175 2639 3255 2708 τῷ
3287 2639 3542 2693 κινεῖσθαι
3563 2641 3687 2706 ὑπερ·

2181 2730 2411 2798 ϐάλλων,
2443 2731 2546 2786 κᾶν
2589 2729 2698 2801 πῦρ
2748 2731 2907 2801 ἀέρος
2955 2748 3015 2784 τε
3063 2729 3385 2804 ὑπερϐάλλῃ
3439 2728 3594 2797 πολλῷ
3628 2729 3685 2780 ἔτι

2184 2823 2387 2894 μᾶλλον
2419 2823 2497 2895 τῷ
2550 2825 2842 2890 κινεῖσθαι,
2905 2827 3001 2880 καὶ
3055 2824 3368 2894 ἀεικίνητον
3429 2824 3525 2892 εἴη·
3577 2825 3613 2875 εί
3658 2821 3690 2873 δ’

2182 2915 2515 2986 ἀεικίνητον,
2553 2919 2655 2972 κάν
2704 2917 2888 2987 κύκλῳ
2929 2919 3151 2974 κινοῖτο.
3199 2915 3322 2970 Ἐπ’
3359 2916 3482 2970 εὐθὺ
3508 2915 3599 2984 γὰρ
3623 2931 3667 2966 κι

2186 3010 2448 3078 νούμενον
2485 3003 2730 3079 ούχόἷόν
2755 3025 2814 3063 τε
2841 3009 2961 3063 ούδὶ
2989 3010 3212 3080 κινητὸν
3236 3003 3405 3066 εἶναι.
3431 3007 3691 3063 Παύσασθοι

2184 3102 2294 3172 γάρ
2320 3118 2450 3154 ποτε
2523 3101 2736 3172 ἀνάγκη
2797 3101 2860 3154 τὺ
2891 3100 2978 3154 ἐπ’
3020 3102 3150 3156 εὐθὺ
3203 3102 3515 3172 κινούμενον
3547 3097 3689 3168 τούτου

2181 3192 2274 3247 τοῦ
2301 3192 2551 3263 σώματος
2582 3185 2725 3244 εῖναι
2757 3193 2848 3245 τόν
2877 3209 2936 3245 τε
2961 3192 3156 3262 αἰθέρα
3188 3195 3290 3248 καὶ
3318 3196 3426 3248 πᾶν
3455 3191 3510 3245 τὸ
3532 3190 3693 3244 ἀνωτά-

2180 3302 2258 3338 τω
2313 3285 2496 3354 σῶμα,
2534 3283 2766 3354 οὐρανόν
2803 3300 2863 3338 τε
2925 3284 3072 3348 ἰδίως
3123 3283 3477 3356 καλούμενον.
3518 3285 3692 3343 Τούτοις

2185 3377 2295 3440 τοῖς
2353 3375 2532 3444 λόγοις
2579 3376 2632 3429 τί
2689 3376 2829 3448 ἔχων
2879 3371 3196 3445 μέμψασθαι
3249 3377 3612 3447 Ἀριστοτέλης
3649 3374 3693 3427 τὸ

2186 3465 2434 3535 πέμπτον
2479 3466 2640 3534 σῶμα
2691 3466 3192 3537 κεκαινοποίηκεν;
3245 3470 3369 3522 Ἐπ’
3411 3468 3550 3531 εὐθὺ,
3577 3468 3693 3536 φησὶ,

2183 3557 2484 3628 φερόμενον
2519 3560 2714 3630 ὁρᾶται
2762 3560 2824 3611 τὸ
2880 3557 3032 3629 πῦρ,
3089 3561 3119 3612 ό
3165 3561 3211 3613 δ’
3251 3561 3478 3632 ούρανδς
3531 3563 3692 3629 κύκλῳ.

2185 3650 2336 3702 Ὦστ’
2375 3649 2475 3706 οὐκ
2525 3651 2592 3704 ἂν
2625 3649 2712 3721 εἴη
2758 3649 2870 3721 πῦρ
2909 3653 2937 3705 ό
2969 3651 3196 3722 οὐρανὸς
3243 3654 3312 3708 τὰ
3347 3653 3438 3707 τοῦ
3473 3652 3692 3722 σώματος.

479 3741 808 3815 ipsumque
868 3735 1014 3807 quod
1070 3736 1143 3790 ita
1208 3734 1428 3806 prOprie
1485 3737 1798 3791 nominatur
1857 3734 2077 3802 caelum,

2195 3740 2360 3797 Ἀλλά
2410 3745 2503 3797 καὶ
2533 3745 2566 3815 η
2612 3745 2684 3814 γῆ
2715 3747 2992 3815 φερομένη
3029 3746 3088 3800 τέ
3127 3765 3260 3802 ποτε
3290 3751 3499 3818 ὁρᾶται,
3525 3751 3604 3804 καὶ
3632 3747 3693 3800 ἐπ’

517 3831 680 3887 talem
736 3831 954 3885 habebit
1011 3841 1302 3893 naturam,
1363 3843 1526 3899 quam
1590 3843 1759 3898 nuper
1824 3828 2079 3883 diximus.

515 3923 637 3977 Jam
664 3921 948 3976 videamus
976 3921 1178 3991 quibus
1213 3919 1532 3975 Aristoteles
1566 3920 1726 3976 nixus
1773 3919 2080 3975 rationibus

514 4023 705 4070 contra
735 4029 832 4068 nos
855 4027 1055 4067 novum
1104 4010 1235 4066 illud
1265 4012 1514 4082 quintum
1539 4025 1742 4080 corpus
1786 4009 2076 4067 eﬂinxerit.

515 4107 799 4171 Videmus,
835 4106 929 4170 ait,
951 4107 1129 4176 ignem
1162 4113 1368 4160 rectum
1399 4103 1601 4159 habere
1625 4114 1856 4171 mutum,
1881 4104 2082 4160 caelum

519 4206 696 4250 autem
750 4193 1099 4249 circularem.
1157 4191 1497 4264 Quapropter
1550 4191 1693 4263 ignis
1751 4193 2021 4249 diversam
2051 4209 2082 4250 a

517 4290 659 4343 cmlo
685 4285 949 4342 obtinebit
978 4294 1253 4340 naturam.
1319 4286 1408 4350 At,
1470 4287 1797 4356 respondeo,
1840 4287 2082 4343 videmus

515 4381 679 4434 etiam
715 4375 1279 4448 quandoque_moveri
1308 4385 1364 4430 et
1425 4387 1570 4432 recto
1641 4378 1861 4448 quidem
1901 4388 2081 4449 motu;

519 4472 751 4541 idipsum
785 4478 963 4524 autem
1009 4478 1138 4522 tunc
1168 4467 1502 4538 contingere,
1536 4470 1756 4539 quando
1795 4471 1850 4526 in
1904 4472 2082 4527 alieno

517 4565 767 4621 consistit.
811 4562 951 4619 loco.
1015 4558 1430 4631 Quamprimum
1490 4563 1676 4632 itaque
1698 4577 1764 4617 eo
1812 4566 2083 4634 pervenit,

517 4672 624 4728 quo
683 4657 934 4726 pertinet,
991 4663 1104 4708 tum
1143 4655 1397 4726 quiescit,
1429 4668 1528 4710 nec
1561 4656 1796 4726 amplius
1835 4669 2083 4715 movetur

518 4762 776 4818 tanquam
807 4747 874 4802 ad
914 4745 1019 4802 hoc
1050 4747 1230 4816 ipsum
1266 4745 1409 4801 illius
1446 4743 1620 4817 magis
1665 4747 1737 4802 sit
1767 4760 2083 4819 comparata

517 4853 730 4896 natura.
759 4837 898 4905 Quid
927 4839 1094 4908 igitur
1113 4837 1338 4903 tnirum,
1369 4837 1416 4893 si
1445 4838 1620 4909 ignem
1651 4839 1839 4904 etiam,
1865 4840 2082 4910 quando

518 4936 570 4987 in
603 4933 781 4987 alieno
813 4931 979 4986 fuerit
1043 4932 1192 4998 loco,
1220 4938 1364 4985 recta
1402 4930 1527 4986 ferri
1551 4933 1878 5002 quandoque
1899 4931 2081 4986 videa-

2185 3835 2315 3890 εὐθὺ
2341 3836 2618 3906 φερομένη
2649 3853 2662 3868 ·
2727 3835 2862 3889 ἀλλά
2915 3836 3073 3890 τοῦτο
3126 3838 3230 3906 μὲν
3289 3839 3544 3912 ἀλλοτρίῳ
3587 3841 3691 3907 αὐτῇ

2185 3928 2334 3998 τόπῳ
2364 3928 2620 3999 γεγονυίᾳ
2673 3929 2933 3982 ἑκάστοτε
2983 3929 3299 3998 συμϐαίνει*
3352 3935 3408 3995 ές
3459 3932 3616 3986 δὶτδν
3638 3932 3694 3984 ol-

2186 4019 2331 4072 κεῖον
2377 4019 2658 4094 ἀφιγμένη
2695 4020 2848 4090 μένει
2905 4021 3005 4090 ήδη
3041 4060 3056 4084 ,
3111 4024 3210 4075 καὶ
3256 4023 3362 4078 οὐκ
3403 4024 3482 4078 ἔτι
3513 4023 3692 4096 φέρεται

2183 4108 2257 4173 ὡς
2289 4110 2424 4182 πρὸς
2457 4111 2615 4166 τοῦτο
2644 4113 2916 4180 πεφυκυῖα
2948 4113 3176 4181 μᾶλλον.
3207 4113 3273 4168 Τί
3304 4113 3398 4171 οὖν
3425 4116 3603 4172 κωλύει
3625 4117 3696 4170 καὶ

2185 4201 2247 4255 τὸ
2282 4201 2394 4272 πῦρ
2443 4201 2632 4274 ἐπειδὴ
2674 4203 2730 4256 ιν
2782 4203 3052 4276 ἀλλοτρίῳ
3098 4207 3254 4278 τόπῳ
3280 4209 3606 4279 γιγνόμενον,
3631 4207 3698 4259 ἐπ’

2186 4291 2317 4343 εὐθὺ
2349 4292 2649 4362 φερόμενον
2704 4293 2966 4349 ἑκάστοτε
3015 4298 3232 4366 ὁρᾶται,
3278 4303 3482 4371 ταύτην
3513 4301 3600 4371 μὲν
3622 4300 3696 4365 τὴν

2187 4383 2362 4452 φορὰν
2389 4382 2508 4436 τότε
2536 4383 2828 4453 κινεῖσθαι,
2861 4386 3041 4441 κοινὸν
3087 4388 3147 4440 ὃν
3173 4389 3348 4444 ἀπασι
3403 4390 3592 4453 τούτοις
3615 4389 3698 4450 τοῖς

2187 4474 2402 4546 σώμασι
2448 4475 2509 4530 τὸ
2559 4480 2616 4532 ὲν
2651 4478 2917 4550 ἀλλοτρίῳ
2943 4482 3193 4549 γεγονόσι
3229 4486 3380 4554 τόπῳ
3413 4483 3610 4536 εὐθεῖαν
3629 4481 3699 4546 φέ-

2188 4569 2402 4637 ρεσθαι,
2434 4570 2519 4624 ἵνα
2538 4570 2795 4643 ταύτῃξδὴ
2824 4573 2916 4624 καὶ
2949 4572 3025 4636 ὼς
3049 4571 3280 4642 τάχιστα
3309 4575 3402 4627 ἐπὶ
3429 4575 3515 4627 τὸν
3539 4574 3698 4626 elatio:

2186 4659 2454 4729 ἀφίκοιτο,
2492 4661 2710 4716 ἐπειδάν
2760 4663 2817 4717 δε
2873 4664 2933 4718 ιν
2975 4663 3054 4734 τῷ
3096 4665 3288 4735 οἰκείῳ
3343 4665 3545 4734 γένοιτο
3566 4664 3698 4728 τόπῳ.

2184 4751 2304 4804 τότε
2352 4751 2416 4822 δὴ
2449 4751 2545 4805 καὶ
2576 4752 2759 4819 κύκλῳ
2809 4754 3078 4808 κινεῖσθαι
3123 4756 3261 4827 πρὸς
3294 4756 3454 4810 τοῦτο
3499 4755 3698 4823 πεφυκὸς

2187 4842 2386 4911 μᾶλλον
2419 4861 2433 4911 ;
2464 4845 2515 4898 τι
2542 4844 2587 4898 δ’
2616 4844 2764 4915 αύτῷ
2796 4847 2855 4900 τὸ
2886 4847 3137 4916 πέμπτον
3171 4849 3351 4902 έκεῖνο
3376 4850 3529 4918 σῶμα
3554 4848 3701 4904 sint»:

2183 4935 2350 4990 αὐτοῦ
2380 4953 2433 4989 τι
2479 4937 2665 5008 μόριον
2695 4939 2752 4992 ἐν
2800 4939 3064 5009 ἀλλοτρίῳ
3093 4941 3378 5009 ἑγγίγνετο
3413 4942 3588 5010 τόπῳ;
3629 4938 3703 4991 Πό-

518 5040 661 5090 ntus,
691 5023 881 5078 eodem
939 5023 1199 5078 nimirum
1250 5034 1422 5088 motu,
1456 5022 1551 5093 qui
1605 5023 1677 5078 sit
1705 5023 1962 5078 omnibus
1993 5022 2078 5078 his

2187 5045 2322 5098 τερα
2349 5029 2512 5082 αὑτοῦ
2549 5031 2708 5099 μένον
2736 5029 2922 5101 κύκλῳ
2958 5031 3242 5102 ἐστρέφετ’
3273 5032 3341 5086 ἀν
3367 5049 3384 5098 ;
3431 5033 3462 5103 ἢ
3489 5030 3570 5084 ἐπ’
3602 5028 3700 5084 seu

517 5117 834 5187 corporibus
861 5115 1166 5171 communis
1207 5130 1346 5185 qua,
1365 5118 1409 5186 si
1430 5116 1605 5170 alieno
1619 5115 1921 5171 consistant
1943 5115 2078 5180 loco,

2188 5120 2403 5190 ἐνεχθὲν
2446 5121 2536 5174 ἐπὶ
2591 5120 2681 5174 τὸν
2725 5123 2924 5174 οἰκεῖον
2962 5123 3178 5190 ἀφίκετ’
3218 5124 3283 5176 ἀν
3337 5124 3536 5190 τόπον;
3580 5123 3703 5176 Ἀλλὰ

516 5219 664 5265 recta
720 5209 991 5276 feruntur,
1025 5224 1133 5278 quo
1175 5208 1369 5279 possit.
1418 5207 1668 5262 videlicet
1717 5197 1808 5262 ille
1866 5221 2078 5278 quoque

2185 5212 2293 5264 τῶν
2345 5212 2641 5280 τεττάρων,
2701 5214 2856 5284 φησὶ,
2926 5213 3128 5270 τούτων
3189 5217 3460 5286 σωμάτων
3489 5219 3702 5271 ἀπάντων

515 5320 681 5375 quam
705 5303 967 5357 citissime
1008 5302 1074 5356 ad
1117 5315 1276 5356 suum
1334 5301 1619 5370 pervenire
1676 5300 1876 5365 locum,
1918 5316 2078 5370 quem

2186 5305 2326 5357 κατὰ
2373 5305 2516 5374 μέρη
2564 5305 2963 5374 φθειρομένων,
3012 5307 3108 5360 καὶ
3152 5307 3262 5360 οὐδ’
3307 5309 3527 5362 ότουοῦν
3563 5308 3704 5361 αὐτῶν

518 5399 617 5470 ipsi
665 5406 859 5452 natura
908 5395 1202 5452 destinavit
1254 5404 1308 5450 et
1359 5403 1648 5465 postquam
1719 5395 1772 5448 in
1827 5394 1921 5448 illo
1963 5393 2074 5464 jam

2186 5396 2360 5466 πάντη
2393 5396 2672 5468 ἀφθάρτου
2715 5395 2888 5463 ὄντος,
2927 5398 3138 5468 ἀνάγκη
3180 5394 3319 5452 εἷναί
3353 5417 3410 5454 τε
3444 5403 3528 5453 καὶ
3559 5399 3698 5464 πάντη

517 5501 789 5556 versatur,
820 5491 872 5542 in
902 5490 1090 5544 orbem
1127 5486 1353 5553 moveri,
1381 5495 1641 5556 tanquam
1675 5487 1740 5540 ad
1773 5487 1874 5541 hoc
1903 5487 2076 5556 ipsum

2183 5487 2460 5557 ἄφθαρτον
2490 5487 2669 5559 σῶμα,
2702 5489 2797 5543 καὶ
2831 5487 2975 5543 τοῦτ’
3007 5487 3147 5544 εἶναι
3184 5492 3274 5545 τὸν
3301 5493 3545 5563 οὐρανόν.
3580 5489 3702 5543 Τοῦτ’

514 5595 860 5653 comparatus
892 5579 1102 5648 magis?
1135 5579 1246 5634 Cur
1278 5578 1462 5647 itaque
1486 5580 1736 5647 quintum
1771 5579 1903 5632 illud
1956 5595 2077 5634 cor-

2186 5581 2283 5632 οὐκ
2307 5580 2384 5633 ἔτι
2416 5579 2778 5650 Ἀριστοτέλει
2812 5584 2860 5633 0i
2891 5584 3020 5652 περὶ
3052 5583 3310 5637 Πλάτωνα
3348 5583 3697 5651 συγχωροῦσιν.

503 5691 615 5746 pus
649 5674 853 5729 ellinxit
903 5673 1058 5742 cujus
1086 5673 1129 5725 si
1185 5672 1453 5740 qtuepiant
1514 5671 1649 5725 forte
1706 5672 1966 5740 particula
2025 5673 2076 5725 in

2187 5672 2247 5722 lii
2288 5672 2392 5741 γὰρ
2419 5674 2480 5740 δὴ
2516 5671 2574 5724 οὗ
2605 5689 2768 5740 φασιν
2792 5667 2936 5726 οὗτοι
2971 5673 3244 5727 καθἀύτὸ
3273 5675 3430 5727 οὐδὲν
3464 5675 3700 5742 ἀφθάρτου

506 5765 692 5818 alieno
733 5765 994 5819 consistat
1028 5763 1166 5828 loco,
1194 5763 1366 5834 qucu't
1407 5770 1611 5850 motuin
1651 5761 1913 5816 habebit?
1940 5779 2068 5818 ntttu

2188 5765 2368 5835 σῶμα,
2401 5767 2513 5828 πῶς
2550 5766 2657 5835 γὰρ
2681 5765 2744 5818 ἂν
2794 5761 2904 5818 οἷόν
2937 5767 2982 5820 τ’
3009 5783 3145 5820 ειναι
3176 5770 3436 5836 φήςουπιν
3465 5767 3692 5833 ἀφ’)ιρῖσιν
