3920 6454
292 318 398 380 909

967 314 1067 376 DE
1108 315 1536 375 PLATONICA
1572 316 1669 375 ET
1718 315 2270 377 ARISTOTELICA
2313 315 2855 376 PHILOSOPHIA-

3420 316 3529 375 918

292 428 419 484 καθ’
467 426 602 481 αὐτὸ
655 421 795 480 εἶναι
840 426 900 479 τὸ
939 427 1193 496 μεριστόν
1236 444 1294 482 τε
1351 430 1443 480 καὶ
1491 429 1862 493 σκεδαστικδν,

1976 430 2165 499 ibidem
2188 430 2352 484 etiam
2384 430 2439 485 in
2495 430 2681 485 orbem
2738 427 3014 483 vertetur?
3074 440 3144 480 an
3202 441 3329 483 vero
3381 439 3531 484 recta

292 522 383 574 καὶ
414 519 516 573 ὅσα
560 519 626 588 τῇ
672 516 867 585 ἑαυτοῦ
915 518 1078 587 φύσει
1108 517 1352 572 διαλυτόν
1380 536 1395 586 ;
1433 520 1503 573 τὰ
1531 518 1577 572 δ’
1606 520 1860 590 ἄφθαρτα

296 610 579 674 κάκείνοις
633 611 892 667 δοκοῦντα
948 613 1055 667 τῶν
1108 614 1379 684 σωμάτων
1431 614 1491 668 οὒ
1553 614 1679 668 καθ’
1717 614 1859 669 αὑτὰ

290 698 547 771 ἄφθαρτα
572 696 714 756 εἶναι
741 701 1012 769 δοκοῦσιν,
1039 702 1177 758 ἀλλὰ
1208 702 1297 757 διὰ
1339 703 1516 775 ψυχῆς
1556 706 1858 777 παρουσίαν

288 790 381 843 ὑπ’
411 791 583 860 αὐτῆς
641 793 857 863 ἐκείνης
912 793 1457 859 ’ἀπαθανατίᾴσθαα
1494 795 1605 851 Καὶ
1653 798 1702 849 οι
1759 798 1860 866 μὲν

289 880 420 951 περὶ
466 881 730 936 Πλάτωνα
776 882 940 937 οὕτωσ
974 882 1083 937 ἔδει
1119 884 1178 938 δέ
1228 902 1329 939 που
1365 887 1460 941 καὶ
1485 885 1854 956 Ἀριστοτέλη,

289 970 387 1025 ἅτε
422 974 516 1027 καὶ
563 973 724 1027 αὐτὸν
757 973 976 1045 ἔμψυχα
1009 976 1237 1030 τοιαῦτα
1273 976 1383 1031 τῶν
1411 977 1679 1047 σωμάτων
1710 977 1857 1031 τιθέι·

263 1080 470 1133 ⁸μενον,
503 1067 567 1135 τῇ
598 1064 746 1136 ψυχῇ
774 1065 933 1120 τοῦτο
979 1067 1269 1138 πρεσϐεῖον
1304 1068 1622 1139 ἀπονεῖμαι,
1656 1069 1750 1122 καὶ
1784 1070 1859 1140 μὴ

291 1158 452 1227 σῶμα
487 1176 541 1210 τι
587 1158 710 1212 καθ’
741 1158 875 1212 αὐτὸ
902 1159 1183 1231 ἄφθαρτον
1215 1164 1572 1215 καινοποιεῖν.

1962 519 2266 576 ascendens
2295 522 2362 575 ad
2415 521 2694 589 preprium
2726 518 2907 573 tendet
2958 516 3189 573 locum?
3244 515 3351 573 Sed
3400 517 3527 583 ista,

1964 613 2162 684 inquit,
2196 612 2379 669 omnia
2422 621 2653 681 quatuor
2673 624 2900 681 corpora
2934 624 3058 663 cum
3103 608 3533 664 sintsecundum

1960 716 2143 775 partes
2183 703 2531 760 dissolutioni
2557 702 2815 768 obnoxia,
2864 715 3042 771 neque
3071 701 3241 756 ullum
3290 714 3352 754 ex
3397 698 3533 767 ipsis

1958 799 2183 855 omnino
2236 814 2267 853 a
2312 797 2663 867 corruptione
2716 796 2789 852 sit
2836 796 3102 858 immune,
3150 807 3373 849 necesse
3428 791 3536 847 erit

1964 888 2237 959 quoddam
2268 889 2431 943 etiam
2469 889 2736 943 exsistere
2767 901 2987 951 corpus,
3027 884 3168 955 quod
3200 885 3272 941 sit
3303 897 3532 949 corrup-

1966 981 2130 1036 tionis
2167 995 2396 1051 prorsus
2446 994 2663 1048 expers,
2717 980 2879 1050 idque
2934 978 3114 1049 ipsum
3165 976 3270 1032 erit
3310 975 3532 1032 coelum.

1968 1070 2082 1126 lloc
2119 1086 2249 1125 vero
2279 1068 2561 1131 Platonici
2607 1069 2720 1139 jam
2782 1084 2891 1124 non
2943 1068 3193 1137 amplius
3226 1064 3536 1119 concedunt
3614 1084 3625 1093 -

1967 1161 2271 1216 Aristoteli.
2302 1159 2524 1232 Negant
2586 1161 2731 1215 enim
2793 1176 2889 1231 per
2940 1174 3024 1224 se,
3084 1172 3294 1226 suaque
3350 1155 3400 1209 vi
3475 1167 3540 1207 ac

290 1269 485 1311 natura
520 1256 828 1311 immortale
867 1270 988 1312 esse
1034 1257 1202 1312 ullum
1227 1273 1451 1329 corpus,
1499 1272 1693 1327 nempe
1715 1269 1862 1327 quoa
1900 1256 2117 1312 videant
2175 1273 2285 1312 non
2354 1270 2516 1326 posse
2570 1255 2767 1310 fieriut
2808 1255 2861 1310 id
2890 1257 2961 1311 sit
3007 1254 3336 1318 immortale,
3390 1247 3536 1320 quod

289 1356 376 1402 cst
402 1348 711 1411 dividuum,
765 1348 1044 1417 certisque
1093 1358 1314 1406 constat
1361 1350 1606 1421 partibus
1656 1332 1866 1418 suaque
1905 1360 2106 1405 natura
2145 1358 2319 1420 potest
2347 1350 2593 1414 dissolvi,
2619 1349 2777 1419 quale
2797 1356 2881 1402 est
2919 1362 3116 1417 corpus
3173 1360 3354 1400 omne.
3408 1342 3539 1411 Qum

289 1453 423 1491 vero
473 1454 702 1510 corpora
734 1445 839 1513 ipsi
865 1447 1204 1503 arbitrantur
1247 1464 1368 1503 esse
1392 1448 1742 1512 immortalia,
1773 1445 1865 1501 illa
1905 1461 2012 1501 non
2038 1460 2102 1501 ex
2136 1461 2235 1501 sua
2265 1454 2459 1500 natura
2500 1459 2622 1501 esse
2670 1444 2799 1498 talia
2822 1442 3084 1505 sentiunt,
3163 1441 3257 1495 sed
3316 1448 3540 1509 propter

287 1533 486 1589 anima:
521 1540 856 1605 praesentiam
909 1543 1061 1597 reddi
1106 1544 1439 1599 immortalia
1490 1544 1845 1600 contendunt.
1886 1541 2158 1611 Atqueilli
2196 1539 2414 1610 quidem
2447 1541 2541 1610 qui
2601 1549 2749 1595 stant
2810 1556 2843 1594 a
2896 1539 3143 1608 partibus
3174 1533 3442 1596 Platonis,
3483 1532 3538 1585 in

289 1643 355 1683 ea
398 1639 527 1683 sunt
574 1636 865 1687 sententia.
926 1632 1148 1690 Rectius
1192 1646 1374 1692 autem
1464 1635 1684 1696 fecisset
1729 1637 1891 1691 etiam
1970 1636 2311 1700 Aristoteles,
2367 1635 2459 1704 qui
2522 1634 2638 1704 ipse
2708 1647 2925 1702 quoque
2994 1630 3261 1700 ejusmodi
3308 1640 3538 1694 corpora

289 1723 582 1777 constituit
606 1739 729 1778 esse
757 1725 1019 1793 animata,
1052 1729 1096 1781 si
1158 1730 1353 1784 animae
1414 1730 1555 1784 hanc
1600 1727 1974 1797 praestantiam
2001 1729 2350 1798 assignasset,
2383 1734 2571 1781 etnon
2623 1725 2862 1795 corpori,
2922 1736 3024 1778 nec
3086 1724 3262 1793 ipsum
3320 1734 3415 1787 per
3480 1732 3539 1772 se

266 1829 505 1887 suaque
530 1817 584 1871 vi
620 1816 931 1874 immortale
958 1834 1102 1875 novo
1141 1825 1375 1886 quodam
1402 1824 1565 1876 modo
1583 1820 1850 1876 tinxisset.

883 1911 1131 1965 ΚΕΦΔΛ.
1166 1911 1269 1966 ιε’.

362 1995 574 2062 Γελοϊος
610 1999 656 2053 δ’
687 2000 803 2053 ἐστὶ
839 2002 934 2055 καὶ
962 2002 1075 2067 ζῶα
1123 2005 1222 2073 μὲν
1265 2002 1543 2073 τιθέμενος
1568 2005 1635 2058 τὰ
1667 2004 1863 2071 ἄστραο

293 2093 428 2160 φησι
472 2093 581 2164 γάρ
609 2109 711 2145 που
746 2092 941 2161 λέγων,
986 2096 1177 2165 Ἦμεῐς
1217 2095 1264 2149 δ’
1295 2095 1371 2159 ὡς
1417 2096 1543 2167 περὶ
1572 2093 1728 2159 ζώων
1754 2096 1862 2148 αὑ-

293 2182 402 2236 τῶν
427 2183 804 2254 διανοούμεθα·
823 2184 1015 2239 ἔπειτα
1034 2187 1267 2255 ἀκίνητα
1292 2187 1391 2253 μὲν
1414 2187 1552 2239 αὐτὰ
1578 2187 1699 2240 καθ’
1724 2187 1864 2240 αὑτὰ

294 2274 463 2339 ἀξιῶν
494 2272 660 2345 εἶναι,
694 2278 798 2331 ὑπὸ
845 2276 904 2330 δὲ
946 2281 1194 2350 σφαιρῶν
1236 2281 1400 2349 μόνον
1451 2278 1860 2347 ἀνελιττόμενα.

294 2370 439 2422 Τίνα
493 2369 559 2441 δὴ
612 2370 706 2423 καὶ
753 2370 929 2440 ψυχὴν
970 2372 1110 2425 αὐτὰ
1135 2371 1279 2441 ἔχειν
1310 2369 1554 2437 ἀξιώσει,
1593 2370 1642 2423 εί
1669 2370 1764 2423 τόν
1798 2385 1873 2438 γε.

294 2462 508 2514 ἅπαντα
530 2461 718 2532 χρόνον
738 2462 965 2531 ἀκίνητα
985 2462 1136 2531 μένει
1155 2479 1172 2530 ;
1196 2462 1257 2515 οὐ
1283 2462 1388 2531 γὰρ
1410 2460 1475 2532 δὴ
1499 2462 1600 2531 τὴν
1620 2459 1862 2530 ὀστρεώ-

291 2551 378 2621 δη.
1323 2551 1326 2554 ’

2589 1902 2741 1959 CAP.
2788 1900 2905 1957 XV.

2043 2001 2231 2056 Risum
2288 2014 2505 2068 quoque
2576 1996 2733 2051 nobis
2788 1996 2918 2051 facit
2994 1994 3334 2054 Aristoteles.
3394 1991 3541 2059 quod

1968 2105 2112 2149 astra
2140 2089 2361 2161 quidem
2411 2089 2662 2144 concedit
2689 2102 2810 2143 esse
2867 2088 3124 2150 animata,
3153 2082 3205 2137 id
3255 2080 3399 2152 quod
3436 2080 3539 2134 ali-

1967 2184 2090 2239 cubi
2121 2182 2380 2246 amrmat,
2403 2181 2592 2236 dicens
2622 2195 2682 2235 se
2705 2178 2893 2235 eodem
2926 2178 3046 2232 loco
3093 2186 3261 2240 astra,
3293 2188 3402 2243 quo
3426 2175 3542 2226 ani-

1970 2276 2130 2330 malia
2159 2276 2398 2329 habere:
2437 2273 2623 2327 eadem
2658 2285 2786 2327 vero
2812 2280 2999 2339 postea
3061 2283 3154 2336 per
3185 2281 3245 2321 se
3266 2279 3387 2320 esse
3422 2262 3544 2320 ivn-

1971 2368 2221 2423 mobilia.
2262 2366 2562 2429 existimat,
2623 2372 2677 2418 et
2739 2363 2902 2417 motis
2975 2362 3238 2417 duntaxat
3290 2356 3540 2419 orbibus,

1971 2460 2171 2528 quibus
2223 2469 2352 2512 sunt
2409 2457 2596 2523 infixa,
2630 2456 2863 2510 moveri.
2904 2452 3024 2520 Quo
3094 2452 3291 2521 posito,
3334 2462 3541 2517 quteso,

1972 2553 2315 2621 qualemnam
2370 2552 2608 2605 animam
2661 2551 2842 2606 inesse
2895 2550 3027 2617 ipsis
3086 2543 3443 2607 existimabit,
3496 2540 3543 2595 si

294 2648 550 2701 nimirum
582 2660 728 2701 omni
768 2656 1009 2716 tempore
1058 2658 1311 2703 maneant
1337 2648 1637 2703 immobilia
1664 2648 1688 2701 ?
1719 2662 1846 2701 num
1888 2661 2004 2701 eam
2035 2646 2306 2710 fortassis,
2338 2648 2555 2712 qualem
2589 2647 2789 2701 ostreis
2859 2655 2913 2698 ct
2963 2640 3190 2698 conchis
3248 2636 3547 2694 attribucre

290 2742 536 2796 solemus

850 2835 1124 2893 .KE‘I’AA.
1161 2833 1279 2899 lC.".

363 2922 485 2985 Πῶς
516 2924 574 2978 δὲ
607 2926 705 2979 καὶ
751 2926 780 2978 ὁ
803 2925 954 2995 ἣλιος
987 2926 1135 2995 αὐτῷ
1163 2927 1224 2978 οὐ
1253 2925 1350 2993 τῆς
1379 2925 1595 2993 φύσεως
1623 2926 1690 2993 τῇ
1729 2922 1861 2993 θερ-

293 3017 487 3085 μότητι
524 3015 861 3086 θερμαίνει,
914 3018 1051 3078 ἀλλὰ
1100 3019 1168 3087 τῇ
1224 3019 1458 3086 κινήσει,
1505 3016 1603 3085 τῆς
1633 3014 1866 3084 σελήνης

288 3109 353 3160 οὐ
403 3110 796 3179 παραπλησίως
848 3112 916 3180 τῇ
975 3126 1039 3176 γε
1096 3109 1311 3179 κινήσει
1341 3104 1766 3179 θερμαινοὺσηςδ
1807 3109 1855 3157 εί

292 3201 521 3269 γὰρκαὶ
549 3200 728 3271 πολλῷ
757 3203 822 3272 τῇ
871 3202 1019 3273 ἡλίου
1077 3204 1109 3270 ἠ
1163 3202 1393 3272 σελήνης
1422 3201 1640 3269 κίνησις
1669 3198 1866 3270 βραδυ-

2577 2826 2733 2881 CAP.
2780 2823 2895 2878 XVI

2043 2921 2160 2978 Jam
2189 2934 2315 2975 vero
2346 2918 2510 2975 etiam
2571 2918 2738 2973 solem
2791 2932 2899 2970 non
2970 2926 3178 2971 naturae
3226 2914 3579 2990 calliditatet

1974 3015 2067 3070 sed
2094 3019 2242 3066 motu
2299 3012 2538 3067 calorem
2573 3012 2731 3065 terris
2778 3009 3057 3077 impertire
3078 3009 3336 3072 allirmat,
3360 3008 3546 3062 lunam

1975 3121 2103 3159 vero
2139 3114 2297 3174 negat
2348 3102 2601 3158 similiter
2640 3108 2790 3157 motu
2850 3101 3170 3158 calefacere.
3201 3101 3373 3167 Quam
3418 3116 3546 3153 vero

1975 3198 2081 3252 hoc
2111 3196 2406 3251 absurdum
2436 3186 2566 3250 est?
2617 3193 2843 3248 Etiamsi
2879 3194 3023 3248 enim
3080 3194 3223 3247 lunae
3250 3204 3435 3246 motus
3475 3191 3549 3246 sit

289 3296 452 3364 τέρα,
481 3294 618 3347 ἀλλὰ
651 3295 747 3347 καὶ
778 3288 1052 3363 ὲγγυτέρα
1103 3293 1171 3347 ἂν
1221 3296 1288 3363 τῇ
1331 3291 1490 3363 ἡμῶν
1524 3290 1725 3362 πολλῷ.
1757 3291 1862 3344 Πέ-

1976 3288 2186 3343 tardior
2217 3296 2369 3340 motu
2406 3287 2561 3351 solis,
2600 3287 2717 3354 ipsa
2772 3298 2950 3342 tamen
2985 3287 3136 3341 sidus
3188 3294 3269 3340 est
3319 3284 3549 3340 novissi-

291 3401 434 3453 φυκε
462 3387 520 3440 δὲ
566 3387 635 3440 τὰ
686 3386 914 3456 δύναμίν
944 3403 1066 3439 τινα
1101 3385 1294 3457 ἔχοντα
1350 3384 1448 3439 τοῦ
1505 3384 1684 3439 ὁτιοῦν
1731 3385 1863 3456 δρᾷν

290 3480 404 3533 τῶν
440 3480 708 3548 σωμάτων
733 3518 749 3543 ,
803 3478 1036 3548 ἐγγύθεν
1082 3480 1283 3547 μᾶλλον
1324 3478 1458 3534 αὐτὸ
1507 3478 1662 3549 δρᾷν.
1702 3478 1864 3530 Ὥστε

1971 3395 2143 3443 mum,
2182 3378 2453 3448 terrisque
2506 3378 3019 3433 lantiliarissimum.
3071 3377 3258 3434 Solent
3300 3393 3432 3433 vero
3480 3391 3543 3431 ea

1968 3486 2219 3540 corpora.
2242 3486 2366 3540 quae
2394 3470 2647 3524 virtutem
2674 3468 2877 3524 habent
2902 3470 3141 3540 aliquam
3164 3470 3230 3525 ad
3253 3469 3547 3540 agendnm,

292 3568 389 3623 καὶ
418 3569 620 3637 ταύτην
652 3570 753 3638 τῆς
777 3564 1048 3639 κινήσεως
1076 3562 1411 3638 βραδύτητα,
1442 3567 1520 3637 τῷ
1556 3568 1733 3637 μείονι
1767 3567 1861 3619 τοῦ

1976 3563 2217 3632 proxime
2273 3562 2443 3630 ιιιιείε
2497 3562 2646 3617 illam
2680 3576 2951 3627 exserere,
3007 3575 3063 3618 ut
3117 3563 3192 3618 ita
3246 3565 3550 3633 oportuerit

291 3661 683 3730 ἀποστήματος
738 3660 1261 3731 ἀνταναπληροῦσαν
1286 3699 1302 3724 ,
1348 3658 1750 3731 παραπλησίως
1788 3656 1862 3728 τῷ

1976 3657 2132 3711 etiam
2188 3654 2349 3709 istam
2418 3664 2597 3715 motus
2668 3653 2975 3708 tarditatem
3026 3654 3225 3709 minori
3287 3656 3545 3712 distantia

292 3752 430 3822 ἡλίῳ
482 3750 820 3823 θερμαίνειν,
848 3754 898 3805 εί
939 3751 1004 3822 δὴ
1038 3753 1072 3821 ἡ
1122 3751 1337 3821 κίνησις
1387 3746 1477 3821 ἦν,
1521 3750 1618 3803 καὶ
1668 3750 1729 3803 οὐ
1767 3748 1862 3817 τῆς

1976 3747 2337 3817 eompensari,
2377 3747 2684 3816 lunamque
2717 3746 2966 3801 similiter
2998 3755 3163 3817 atque
3196 3748 3363 3802 solem
3408 3749 3567 3804 cale-'

292 3845 512 3913 φύσεως
558 3844 593 3915 ἡ
627 3842 900 3914 θερμότης
941 3844 976 3913 ή
1033 3841 1421 3911 θερμαίνουσα.
1470 3839 1611 3894 Ἀλλ’
1647 3839 1722 3903 ὡς
1770 3839 1868 3908 μὲν

293 3935 422 4002 είκῆ
449 3934 597 4004 αὐτῷ
631 3934 691 3987 τὸ
721 3935 971 4003 πέμπτον
1002 3932 1177 3987 τοῦτο’
1202 3934 1360 4002 σῶμα
1385 3931 1864 4001 κεκαινολόγηται,

291 4022 580 4077 δέδεικται.

889 4285 1138 4341 ΚΕΦΑΛ.
1181 4284 1280 4340 ιΖ’.

368 4383 485 4439 Οὐκ
504 4380 744 4452 ἀφεκτέα
773 4379 830 4434 δὲ
856 4378 976 4432 οὐδὲ
1017 4383 1076 4431 ὲν
1105 4381 1169 4448 τῇ
1193 4378 1399 4447 φυσικῇ
1432 4376 1580 4447 αὑτῷ
1607 4376 1867 4445 ἀκροάσει

1972 3835 2174 3901 facere,
2200 3836 2244 3890 si
2277 3837 2536 3891 nimirum
2574 3852 2661 3891 res
2698 3836 2772 3891 ita
2805 3837 3048 3903 haberet,
3071 3848 3128 3892 ut
3157 3847 3340 3893 motus
3364 3840 3546 3907 porins

1970 3943 2132 3997 quam
2193 3926 2462 3982 calliditas
2522 3941 2796 3984 astrorum
2847 3931 3079 3984 calorem
3131 3930 3383 3984 ediceret.
3443 3932 3549 3985 Sed

1967 4019 2079 4089 jam
2142 4019 2603 4084 demonstratum,
2661 4022 2804 4089 quod
2862 4031 3065 4076 temere
3113 4030 3168 4076 et
3240 4021 3548 4077 inconsulto

1970 4120 2167 4181 praeter
2194 4110 2425 4165 aliorum
2455 4110 2792 4179 Opinionem,
2833 4111 3079 4182 quintam
3115 4123 3367 4168 naturam
3408 4115 3548 4170 ctelo

1976 4204 2306 4257 attribuerit.

2566 4298 2728 4353 CAP.
2760 4296 2923 4351 XVII.

2042 4388 2230 4459 Neque
2260 4390 2387 4445 illud
2413 4390 2629 4445 silentio
2659 4390 2937 4457 praeterire
2971 4406 3207 4459 possum,
3241 4395 3382 4463 quod
3407 4394 3545 4449 idem

295 4474 533 4544 μάλιστα
584 4473 651 4544 δὴ
704 4471 765 4524 οὐ
822 4469 1004 4533 καλῶς
1032 4470 1241 4522 ἐκείνου
1285 4469 1600 4538 εἰρημένου.
1630 4469 1862 4520 Ἄτοπον

1980 4481 2303 4538 Aristoteles
2329 4483 2382 4537 in
2411 4483 2645 4538 naturali
2688 4485 3084 4538 auscultatione
3145 4486 3369 4538 omnino
3410 4487 3551 4540 niale

289 4566 401 4634 γάρ
430 4580 562 4631 φησι
588 4563 649 4617 τὸ
675 4562 750 4632 μὴ
780 4559 987 4615 οἴεσθαι
1015 4560 1177 4613 ἕνεκά
1205 4558 1300 4612 τού
1319 4577 1372 4612 τι
1399 4559 1667 4629 γίνεσθαι,
1694 4561 1759 4614 ἂν
1792 4560 1862 4630 μὴ

1976 4572 2154 4634 docet,
2180 4572 2267 4627 ubi
2311 4573 2606 4627 absurdum
2650 4583 2756 4637 est,
2803 4573 3001 4642 inquit,
3056 4587 3162 4625 non
3233 4573 3551 4627 existimare

291 4658 441 4708 ἴδωσι
480 4655 538 4708 τὸ
568 4653 753 4707 ποιοῦν
784 4653 1239 4723 βουλευσάμενον.
1282 4652 1481 4705 Καίτοι
1514 4654 1607 4705 καὶ
1642 4656 1673 4722 ὴ
1700 4653 1862 4721 τέχνη

1976 4664 2115 4731 quod
2148 4662 2222 4726 tit,
2259 4662 2373 4717 tieri
2401 4673 2620 4733 propter
2661 4661 2888 4731 aliquid,
2921 4662 3022 4715 nisi
3077 4661 3265 4714 videas
3300 4661 3349 4713 id
3401 4662 3549 4731 quod

287 4750 348 4801 οὐ
373 4747 705 4819 βουλεύεται,
728 4746 910 4815 φησίν.
933 4747 995 4813 El
1021 4746 1128 4815 γὰρ
1161 4743 1230 4816 ἦν
1253 4746 1311 4799 ὲν
1343 4745 1420 4814 τῷ
1444 4744 1584 4815 ξύλῳ
1616 4747 1647 4814 ἡ
1684 4745 1866 4814 τέχνη,

286 4842 388 4893 οὐκ
436 4838 501 4892 ἂν
526 4838 862 4904 ὲὸουλεύετο,
896 4838 988 4891 κοιλ⁸
1021 4838 1140 4901 πῶς
1172 4836 1239 4891 ἂν
1267 4839 1432 4907 τέχνη
1462 4836 1542 4888 ἔτι
1568 4836 1781 4906 ἔμεινεν
1802 4838 1861 4889 οὐ

291 4930 398 4982 τῶν
456 4928 630 5000 ἔργων
686 4930 1201 5000 προϐουλευομένη;
1248 4930 1280 5000 ἦ
1333 4928 1385 4981 τί
1417 4927 1544 4982 ἄλλο
1575 4928 1632 4981 τὸ
1670 4928 1866 4999 τέχνην

295 5022 532 5090 μάλιστα
560 5022 842 5087 συνιστῶν,
874 5022 907 5092 ἦ
943 5023 1001 5074 τὸ
1033 5021 1416 5091 βουλεύεσθαι,
1455 5021 1482 5074 ὃ
1522 5022 1588 5091 ῆν
1620 5038 1702 5085 τις
1735 5023 1866 5089 ἀφέ-

156 5156 167 5161 -
236 5176 239 5177 ν
295 5114 439 5165 λοιτο
461 5111 651 5181 αὐτῆς,
678 5110 788 5164 οὐδ’
817 5110 881 5165 ἂν
904 5113 1067 5182 τέχνη
1092 5114 1172 5164 ἔτι
1201 5113 1421 5177 μείνειε·
1452 5112 1569 5175 πῶς
1596 5112 1640 5165 δ’
1677 5113 1742 5164 ἂν
1774 5112 1864 5163 καὶ

297 5202 387 5255 ὲπί
417 5220 471 5256 τι
500 5204 648 5267 τέλος
666 5204 843 5256 ὁτιοῦν
877 5204 1122 5272 ἐνεχθείη
1154 5204 1228 5273 μή
1250 5221 1395 5267 τινος
1424 5203 1515 5256 νοῦ
1544 5202 1709 5257 αὑτοῦ
1735 5221 1867 5275 προ·

297 5295 711 5364 ϐουλευομένου,
740 5296 834 5347 καὶ
861 5294 922 5348 τὸ
945 5296 1096 5358 τέλος
1126 5298 1299 5349 ἐκεῖνο
1322 5298 1377 5349 ἐν
1411 5297 1584 5367 ἑαυτῷ
1610 5297 1673 5367 δὴ
1705 5296 1867 5365 μάλι-

298 5404 400 5440 στα
431 5385 855 5456 προειληφότος;
886 5386 948 5438 Εἰ
975 5387 1083 5458 γὰρ
1117 5387 1211 5439 καὶ
1240 5388 1273 5456 ἡ
1300 5388 1459 5457 τέχνη
1493 5389 1742 5457 μιμεῖται
1776 5388 1867 5439 καὶ

296 5479 417 5531 κατ’
463 5477 627 5532 αὑτὸν
686 5479 1027 5550 Ἀριστοτέλη
1084 5480 1181 5548 τὴν
1227 5479 1412 5546 φύσιν,
1452 5481 1512 5532 οὐ
1560 5479 1659 5551 τὴν
1704 5479 1867 5547 φύσιν

294 5571 399 5623 ἔδει
423 5572 520 5642 τῆς
548 5571 745 5641 τέχνης
769 5560 1198 5636 ὑπολείπεσθαι,
1258 5572 1394 5625 ἀλλὰ
1426 5574 1486 5624 τὸ
1520 5572 1759 5639 μάλιστα
1804 5573 1867 5642 δὴ

293 5659 447 5714 τοῦτο
475 5662 572 5730 τὴν
607 5663 799 5733 τέχνην
828 5663 1112 5728 συνιστῶν,
1138 5662 1318 5733 πολλῷ
1346 5663 1609 5735 πρότερον
1636 5665 1734 5734 τὴν
1765 5664 1863 5733 φύ-

294 5767 372 5802 σιν
399 5751 538 5819 ἔχειν
575 5756 667 5808 καὶ
703 5756 1140 5825 μεγαλειότερον.
1176 5758 1233 5809 Εἰ
1261 5757 1315 5810 δέ
1343 5774 1396 5810 τι
1452 5759 1548 5811 καὶ
1579 5759 1637 5810 ἐν
1664 5758 1732 5827 τῇ
1772 5758 1861 5809 τέ-

1976 4763 2153 4807 mmet
2181 4754 2502 4807 eilicientem
2548 4766 2790 4814 causam,
2819 4752 3053 4816 euertisse
3106 4749 3419 4806 consilium.
3458 4750 3552 4805 Est

1970 4846 2140 4925 enim,
2166 4845 2265 4906 ait,
2316 4843 2691 4913 perspicuum,
2730 4841 2876 4913 quod
2913 4856 3003 4897 ars
3055 4856 3274 4911 quoque
3326 4856 3551 4895 movens

1970 4952 2033 4990 ea
2058 4952 2177 5005 quae
2208 4936 2344 4988 Iiunt
2375 4950 2442 4988 ex
2475 4936 2613 5003 ipsa,
2658 4950 2766 4987 non
2796 4935 2968 4999 capiat
3002 4934 3314 4987 consilium.
3336 4932 3549 4987 Etenim

1970 5030 2014 5084 si
2066 5041 2211 5083 esset
2269 5029 2324 5080 in
2376 5027 2523 5096 ligno
2577 5042 2688 5092 ars,
2732 5027 2963 5096 exempli
3019 5026 3189 5097 gratia
3243 5025 3549 5081 fabricandi

1977 5136 2160 5187 naves,
2186 5120 2458 5189 quomodo
2500 5129 2581 5173 est
2632 5120 2683 5172 in
2728 5120 2793 5173 iis
2846 5135 2965 5188 quae
2997 5131 3187 5174 natura
3252 5121 3407 5184 fiunt,
3461 5135 3552 5172 ars

1977 5212 2177 5266 faceret
2199 5210 2449 5265 similiter
2468 5219 2629 5279 atque
2648 5221 2862 5273 natura,
2888 5226 2984 5265 nec
3007 5221 3220 5279 raperet
3240 5210 3549 5265 consilium.

1976 5302 2056 5356 Ad
2083 5317 2202 5370 quae
2237 5317 2335 5355 nos
2374 5301 2611 5356 breviter
2673 5302 3086 5367 respondemus,
3140 5302 3547 5370 interrogando,

1976 5409 2212 5463 quanam
2248 5393 2460 5447 ratione
2506 5408 2596 5447 ars
2647 5395 2876 5463 posthac
2933 5394 3188 5463 appellari
3231 5394 3423 5463 possit,
3466 5408 3550 5459 ea,

1975 5501 2096 5554 qua:
2121 5502 2225 5538 non
2260 5485 2498 5539 consulit
2534 5500 2631 5540 nec
2685 5486 2952 5540 deliberat
3007 5485 3074 5539 de
3114 5486 3417 5554 operibus?
3465 5486 3547 5539 An

1976 5576 2173 5643 aliquid
2211 5577 2355 5630 aliud
2403 5586 2574 5630 artem
2608 5575 2781 5645 magis
2804 5575 3108 5648 constituit,
3156 5589 3320 5644 quam
3348 5591 3546 5645 capere

1975 5670 2266 5724 consilium
2297 5670 2319 5723 ἲ
2369 5668 2525 5736 Quod
2560 5684 2691 5724 sane
2725 5669 2771 5722 si
2817 5669 2940 5738 quis
2970 5669 3038 5722 ab
3092 5680 3209 5724 arte
3245 5670 3545 5739 exceperit,

1972 5760 2120 5816 nullo
2154 5760 2314 5816 modo
2342 5761 2475 5816 artis
2495 5760 2912 5831 appellationem
2942 5761 3216 5818 retinebit.
3253 5760 3541 5830 Quomodo
