3920 6454
442 304 541 371 9η

1649 299 1988 364 GEORGII

2114 299 2465 362 .ETHONIS
2911 281 2918 290 ’
2969 324 2974 330 ·
3544 313 3624 377 912

442 429 626 475 autem
666 418 829 474 etiam
896 417 962 474 ad
1014 415 1252 489 aliquem
1309 415 1471 472 tinem
1536 414 1744 477 tendet,
1789 427 2008 484 eumqui

2129 430 2231 488 χνῃ
2281 418 2536 486 φαίνηται
2589 416 2648 468 οὐ
2687 415 3078 486 βουλευόμενον
3135 413 3244 472 οἷον
3282 417 3636 495 onmem“;

444 519 789 579 assequetur,
827 509 908 564 vel
933 523 1045 572 ars,
1077 508 1160 562 vel
1183 516 1380 563 natura
1413 507 1461 563 si
1491 505 1642 561 nulla
1670 507 1814 561 adsit
1843 521 2018 572 mens,

443 617 564 673 qum
592 604 744 673 prius
765 601 946 672 capiat
972 601 1291 666 consilium,
1322 609 1375 655 et
1397 600 1557 654 tinent
1590 598 1742 653 illum
1762 599 1814 652 in
1841 597 2022 666 seipso

442 696 796 764 conceperit?
843 693 1106 750 Praeterea
1132 693 1178 747 si
1226 706 1339 755 ars,
1374 699 1513 746 teste
1539 689 1856 750 Aristotele,
1895 687 2022 742 imi-

444 797 590 842 tatur
639 794 915 851 naturam,
967 784 1215 851 profecto
1251 784 1425 852 ipsam
1485 797 1594 837 non
1645 780 1919 852 oportebit
1952 779 2021 834 ab

440 887 558 931 arte
587 876 857 947 superari,
888 876 980 932 sed
1011 877 1062 930 id
1090 875 1236 946 quod
1266 877 1498 928 maxime
1519 883 1690 927 artem
1711 871 2016 938 constituit,

439 976 650 1022 natura:
676 967 845 1022 multo
873 968 1024 1037 prius
1076 975 1132 1022 et
1153 961 1524 1020 excellentius
1565 963 1750 1018 inesse
1777 970 2016 1032 oportet.

439 1057 596 1124 Quod
649 1059 694 1114 si
747 1059 952 1129 aliquid
983 1059 1147 1113 etiam
1193 1057 1247 1112 in
1285 1065 1405 1111 arte
1429 1064 1677 1127 apparet,
1721 1053 1865 1124 quod
1909 1068 2016 1106 non

438 1148 726 1215 deliberat,
767 1159 826 1204 ut
867 1162 950 1206 est
997 1151 1446 1212 instrumentum,
1475 1156 1569 1202 aut
1618 1145 1888 1208 minister,
1943 1144 2015 1196 ibi

437 1242 744 1307 sciendum,
777 1257 890 1296 non
936 1243 990 1296 in
1044 1241 1150 1296 illis
1206 1251 1381 1295 artem
1449 1239 1542 1294 sed
1598 1239 1652 1292 in
1717 1237 2018 1291 architecto

434 1334 594 1390 sitim
625 1334 856 1389 esse.lta
879 1346 1096 1403 quoque
1114 1333 1157 1388 si
1176 1332 1471 1402 quidquam
1491 1330 1544 1384 in
1573 1341 1764 1384 natum
1793 1327 2018 1383 rationis

434 1441 630 1496 expers
663 1427 1090 1496 conspiciamus,
1147 1439 1257 1480 non
1307 1425 1498 1494 utique
1529 1423 1580 1476 in
1609 1421 1702 1476 illo
1738 1431 2013 1480 naturam,

434 1533 555 1587 quae
593 1534 732 1589 opus
780 1518 964 1581 eliicit,
1018 1519 1373 1572 collocamus.
1430 1517 1528 1571 Est
1578 1516 1720 1572 enim
1790 1527 2012 1580 natura,

2124 509 2393 572 διάκονος,
2448 507 2565 564 ἀλλ’
2597 508 2698 563 οὐκ
2753 512 2812 562 ὲν
2864 512 3061 581 ἐκείνῳ
3096 514 3130 581 ἠ
3160 513 3338 584 τέχνη.
3365 513 3464 567 ἀλλ’
3497 517 3542 569 ὲν
3580 521 3638 592 τῷ

2124 601 2490 672 ἀρχιτέκτονι.
2527 601 2660 657 Οὐδέ
2717 619 2782 671 γε
2835 605 2885 656 si
2919 604 2976 657 ιν
3029 606 3098 674 τῇ
3143 605 3300 672 φύσει
3356 608 3636 674 φαίνεταίτι

2122 693 2340 760 ἄλογον,
2371 695 2430 747 ὲν
2458 696 2650 762 ἐκείνῳ
2686 697 2718 765 ἡ
2777 694 3016 763 μάλιστα
3049 696 3114 766 δὴ
3137 695 3366 766 τοῦργον
3389 698 3546 767 δρῶσα
3564 703 3642 769 φύ-

2124 799 2229 847 σις.
2259 784 2324 836 Ἥ
2350 785 2458 854 γὰρ
2493 786 2655 854 φύσις
2685 783 2823 840 θεοῦ
2859 787 3063 856 θεσμός
3095 790 3234 842 ἐστι.
3253 788 3382 842 Θεοῦ
3408 790 3456 843 δὲ
3483 791 3642 862 θεσμὸς

2122 876 2222 929 οὐκ
2255 875 2474 943 ἄλογος.
2532 877 2908 950 Ἀριστοτέλης
2935 879 2994 933 δέ
3028 897 3122 950 μοι
3153 880 3304 933 δοκεῖ
3331 880 3429 933 τῶν
3453 884 3542 951 πρὸ
3569 888 3643 938 οὐ·

2120 965 2214 1019 τοῦ
2237 966 2294 1020 εν
2318 984 2381 1035 γι
2411 969 2525 1032 τοῖς
2560 968 2761 1038 λόγοις,
2809 971 3180 1040 Ἀναξαγόραν
3230 971 3450 1042 μάλιστα
3476 975 3639 1044 ἐζηλω-

2120 1059 2297 1113 κέναι.
2338 1057 2576 1124 Ἐκεῖνός
2630 1079 2687 1113 τε
2723 1062 2833 1132 γὰρ
2881 1061 3006 1116 νοῦν
3039 1063 3139 1132 μὲν
3169 1066 3283 1125 τοῖς
3315 1064 3442 1128 ὅλοις
3463 1068 3638 1136 ἐφίστη,

2123 1152 2328 1220 προῖὼν
2372 1151 2429 1205 δὲ
2473 1152 2581 1204 τῶν
2623 1153 2795 1222 λόγων
2842 1155 2901 1206 ού
2962 1155 3108 1210 πάνυ
3157 1172 3242 1209 τοι
3274 1157 3502 1224 ἐφαίνετο
3526 1163 3640 1232 αὐτῷ

2121 1244 2425 1314 χρώμενος,
2457 1244 2570 1298 ἀλλ’
2624 1247 2682 1309 ἒς
2714 1245 2982 1314 ἀθεότητα
3013 1247 3218 1317 μᾶλλον
3275 1249 3640 1320 ὑποφερόμενος.

2121 1336 2230 1391 Καὶ
2272 1337 2649 1409 Ἀριστοτέλης
2682 1341 2840 1403 θεοὺς
2883 1341 2984 1410 μέν
3013 1359 3170 1406 τινας
3197 1343 3336 1412 τῷδε
3374 1345 3444 1415 τῷ
3467 1346 3641 1415 οὐρανῷ

2119 1428 2427 1498 ἐφίστησιν,
2467 1432 2524 1484 ὲν
2579 1433 2762 1500 μέντοι
2812 1433 2924 1486 τῶν
2989 1433 3164 1502 λόγων
3192 1433 3360 1489 αὑτοῦ
3407 1438 3501 1497 τοῖς
3530 1437 3646 1489 πλεί-

2120 1535 2267 1582 στοις
2326 1521 2385 1574 ού
2424 1523 2564 1576 πάνυ
2599 1539 2682 1575 τοι
2712 1523 2789 1593 τῷ
2820 1524 2946 1594 Θείῳ
2970 1525 3253 1595 χρώμενος
3281 1527 3528 1594 φαίνεται,
3556 1530 3642 1582 ἀλλ’

435 1610 528 1663 Dei
559 1611 646 1663 Iex
697 1620 750 1664 et
779 1609 1113 1664 instizutum.
1157 1609 1317 1678 Atqui
1353 1607 1448 1662 Dei
1500 1609 1584 1662 lex
1621 1615 1674 1661 ct
1709 1607 2008 1662 institutum

2117 1610 2174 1671 ὲς
2204 1609 2472 1680 ἀθεότητα
2525 1613 2747 1680 μᾶλλον.
2781 1616 3012 1668 καθόσον
3041 1611 3156 1679 οἷός
3188 1617 3254 1668 τέ
3297 1620 3438 1671 ἐστιν
3463 1621 3645 1673 ἀποκὶὶ-

431 1702 646 1755 ratione
674 1717 782 1756 non
823 1711 993 1754 caret.
1029 1700 1227 1754 Verum
1260 1701 1402 1754 enim
1455 1714 1586 1754 vero
1612 1699 1744 1753 mihi
1801 1699 2008 1752 videtur

2117 1720 2242 1756 νων.
2281 1704 2422 1757 Ἀλλ’
2455 1705 2572 1775 ούχὶ
2605 1707 2829 1762 Πλάτων
2883 1708 3048 1774 οὕτω,
3095 1708 3218 1764 οὔτε
3249 1710 3429 1765 ἄλλοθι
3475 1712 3566 1765 τῶν
3587 1713 3649 1765 λό-

431 1794 777 1848 Aristotclem
816 1795 867 1848 in
921 1794 1080 1847 libris
1120 1793 1236 1848 suis
1281 1804 1392 1846 ttttn
1445 1794 1580 1848 alios
1637 1791 2005 1861 antiquiores,

2114 1814 2248 1865 των,
2307 1797 2423 1850 οὔτ’
2493 1774 2552 1852 ιν
2605 1799 2754 1868 αύτῷ
2801 1799 2974 1872 τούτῳ
3026 1802 3154 1872 περὶ
3205 1801 3266 1856 οὖ
3303 1803 3427 1872 ἡμῖν
3464 1805 3649 1872 ὁ,λόγοῖ.

434 1897 546 1942 tum
574 1889 808 1942 maxime
844 1891 1224 1955 Anaxagoram
1262 1887 1528 1939 imitatum
1552 1901 1694 1939 esse.
1725 1884 1816 1937 Ille
1848 1897 2007 1936 nam-

2122 1891 2288 1943 Ἀλλά
2317 1891 2411 1945 δύο
2441 1893 2636 1960 τέχνας
2669 1893 2916 1965 διαιρῶν,
2950 1895 3049 1964 τὴν
3076 1894 3178 1962 μὲν
3206 1895 3386 1963 θείαν,
3413 1898 3503 1966 τὴν
3522 1898 3559 1950 δ’
3577 1899 3650 1950 ἁνο

431 1993 538 2048 que
589 1990 822 2030 utentem
878 1976 1096 2045 quidem
1157 1976 1313 2029 initio
1381 1974 1650 2028 orationis
1713 1987 1827 2027 sua:
1881 1971 2008 2026 huic

2114 1980 2414 2052 θρωπίνην,
2447 1981 2524 2051 νῷ
2551 1982 2721 2050 ἄμφω
2760 1985 3052 2054 χρωμένω,
3127 1989 3194 2056 τῇ
3240 1985 3346 2054 μὲν
3393 1985 3654 2057 ἀνθρωπίνῃ

419 2062 686 2123 'universo
741 2067 998 2138 praefecit,
1067 2069 1118 2121 itt
1193 2081 1488 2136 pregressn
1545 2079 1677 2119 vero
1738 2064 2006 2133 ejusdem,

428 2162 630 2218 nullam
664 2177 887 2230 prorsus
919 2161 1063 2215 illius
1095 2159 1223 2213 facit
1276 2159 1638 2221 mentionem,
1673 2155 1768 2212 sed
1811 2157 1876 2218 ad
1908 2159 2006 2210 im-

428 2257 683 2327 pietatein
718 2259 922 2325 potius,
945 2271 1052 2325 qua
1087 2254 1232 2309 Deus
1280 2255 1508 2309 omnino
1539 2251 2004 2322 negatur,dcﬂcc-

2113 2071 2173 2124 τὸ
2204 2073 2502 2128 σκευαστὸν
2532 2077 2639 2128 πᾶν
2686 2075 2971 2146 ἀπονέμει,
3026 2079 3090 2147 τῇ
3151 2079 3208 2130 δὲ
3254 2078 3398 2149 θείᾳ,
3426 2081 3484 2147 τῇ
3526 2080 3650 2146 φύσει

2119 2165 2296 2216 πάντα
2345 2167 2626 2237 γινόμενα.
2665 2167 2900 2238 Ἀριστα
2936 2168 2994 2222 δὲ
3050 2170 3144 2222 καὶ
3197 2170 3458 2240 Πίνδαρος
3509 2171 3648 2222 εἰπεῖν

2118 2255 2318 2321 ἔδοξεν,
2352 2261 2741 2332 ἀριστοτέχναν
2767 2262 2859 2315 τον
2889 2261 3022 2316 Θεὸν
3058 2265 3396 2333 προσειπών.

429 2354 514 2410 tit.
557 2355 755 2410 Eodem
790 2357 949 2408 modo
1001 2351 1166 2407 etiam
1220 2351 1541 2406 Artstotcles
1592 2348 1998 2418 Deos.quidem
2039 2350 2256 2421 aliquos
2324 2353 2454 2409 facit
2484 2355 2642 2426 hujus
2667 2358 2790 2412 caeli
2854 2359 3129 2428 pra‘sides,
3207 2361 3442 2418 maxima
3506 2367 3650 2415 autem

429 2461 584 2523 parte
615 2467 842 2506 suorum
903 2465 1130 2520 operum
1155 2463 1384 2519 prorsus
1417 2447 1623 2501 nullam
1681 2448 1894 2500 videtur
1955 2446 2261 2502 divinitatis
2319 2429 2636 2505 memoriam
2699 2454 3011 2518 retinuisse,
3049 2458 3142 2511 sed
3203 2457 3272 2511 ad
3332 2458 3468 2512 illam
3503 2459 3650 2528 potius

427 2548 763 2614 Anaxagorae
824 2543 1158 2614 impietatem
1211 2541 1392 2610 quoad
1454 2541 1576 2608 ejus
1639 2540 1752 2593 licri
1813 2547 2012 2609 potest,
2089 2541 2416 2597 declinasse.
2484 2541 2538 2600 Id
2580 2546 2727 2615 quod
2779 2545 2848 2602 de
2894 2546 3119 2605 Platone
3170 2550 3282 2606 dici
3337 2566 3438 2606 non
3488 2560 3648 2621 potest,

427 2644 607 2712 ipsum
643 2638 837 2695 Iccisse
885 2638 967 2692 vel
1019 2636 1073 2692 in
1109 2635 1234 2690 aliis
1283 2632 1772 2701 disputationibus,
1808 2632 1888 2686 rel
1947 2632 2000 2686 in
2045 2631 2154 2688 hac
2187 2635 2329 2702 ipsa,
2372 2649 2532 2706 quam
2561 2653 2706 2694 nunc
2736 2643 2985 2695 oratione
3011 2652 3334 2700 tractamus.
3398 2642 3483 2698 Ille
3537 2659 3656 2698 nam-

427 2753 535 2810 que
561 2736 700 2792 duas
735 2734 867 2789 facit
896 2741 1064 2796 artes,
1136 2746 1302 2785 unam
1373 2730 1596 2799 quidem
1647 2728 1916 2794 divinam,
1991 2731 2220 2784 alteram
2295 2747 2424 2787 vero
2481 2733 2772 2789 humanam
2824 2738 3126 2806 appellans,
3176 2755 3409 2809 quarum
3465 2750 3656 2803 utraque

429 2844 612 2890 mente
638 2833 980 2900 consilioque
1012 2839 1200 2885 utatur
1231 2842 1294 2882 ac
1321 2829 1574 2882 huntanze
1603 2826 1822 2892 quidem
1845 2840 2009 2880 omne
2049 2826 2317 2883 factitinm
2349 2845 2487 2899 opus
2519 2849 2532 2885 :
2589 2833 2788 2887 divina:
2829 2843 3033 2898 autem,
3062 2851 3122 2890 ea
3184 2853 3312 2906 qua:
3381 2837 3657 2891 naturaliter

427 2930 584 2998 fiunt,
651 2927 935 2984 adscribit.
995 2923 1212 2995 Optime
1264 2930 1447 2978 autem
1508 2919 1671 2976 etiam
1730 2918 2002 2974 I’indarus
2041 2921 2250 2977 dixisse
2301 2927 2533 2990 videtur,
2573 2927 2666 2995 qui
2721 2924 2889 2980 Deum
2955 2931 3462 2998 przcstantissimum
3521 2929 3657 2986 artifi-

385 3073 390 3082 .
427 3044 544 3085 cem
575 3024 828 3098 appellat.

1026 3116 1180 3173 CAP.
1211 3113 1400 3171 XVIII.

496 3216 741 3272 Transeo
767 3221 946 3267 autem
979 3209 1143 3265 etiam
1179 3208 1245 3261 ad
1280 3205 1576 3276 illudquod
1610 3205 1663 3259 in
1725 3203 2004 3273 metaplty-

426 3309 557 3364 sicis
627 3304 868 3360 omnium
940 3300 1176 3372 pessime
1234 3297 1391 3352 dixit.
1452 3295 1589 3350 Cum
1651 3295 1800 3350 enim
1859 3299 2008 3346 esset

426 3396 678 3468 quaestio,
719 3406 904 3448 utrum
937 3389 1122 3444 omnia
1156 3383 1472 3442 necessario
1502 3383 1656 3446 Iiant,
1693 3391 1788 3437 aut
1816 3383 2008 3436 flerent

425 3490 630 3559 aliqua,
653 3501 776 3558 qua:
810 3499 916 3538 non
948 3483 1139 3536 fierent
1175 3477 1510 3534 necessario.
1573 3477 1639 3530 Et
1670 3476 1705 3530 ii
1761 3474 2005 3544 quidem,

425 3582 520 3651 qui
555 3577 867 3634 necessario
893 3575 1074 3630 omnia
1116 3572 1232 3627 tleri
1263 3579 1586 3636 statuerent,
1629 3568 1850 3622 duobus
1884 3581 2009 3635 pro-

422 3672 626 3743 quuiis
655 3671 1032 3744 demonstrare
1060 3665 1298 3734 idlpsum
1361 3670 1653 3726 conentur,
1689 3659 1830 3713 inter
1885 3669 2008 3725 quas

427 3765 661 3836 primum
697 3762 932 3826 esthoc,
986 3758 1133 3828 quod
1186 3771 1350 3812 omne
1371 3760 1516 3824 quod
1551 3753 1629 3818 fit,
1699 3751 1767 3806 ab
1824 3751 2006 3818 aliqua

424 3873 589 3913 causa
626 3869 848 3911 necesse
875 3855 946 3909 sit
983 3852 1126 3918 fieri,
1183 3851 1412 3904 alterum
1469 3861 1594 3900 vero
1648 3844 1815 3909 istud,
1861 3842 2006 3913 quod

423 3952 604 4007 omnis
627 3965 792 4006 causa
817 3961 940 4017 qua:
972 3945 1182 4016 aliquid
1209 3943 1359 4006 facit,
1387 3941 1626 4010 idipsnm
1659 3947 1713 3993 et
1757 3951 2005 3990 necessa-

424 4046 507 4099 rio
534 4055 585 4100 et
613 4053 761 4099 certa
801 4042 1058 4109 linitaque
1084 4039 1296 4093 ratione
1329 4034 1511 4099 faciat,
1538 4032 1609 4085 ibi
1641 4046 1772 4086 sane
1794 4030 2005 4084 Aristo-

425 4135 560 4189 teles
587 4149 712 4189 cum
741 4133 969 4192 videret,
1002 4130 1048 4185 si
1088 4129 1197 4184 duo
1246 4129 1360 4180 lm-c
1409 4124 1800 4188 concedantur,
1851 4120 2006 4190 sequi

423 4227 804 4288 infallibiliter,
833 4233 892 4278 ut
917 4222 1098 4276 omnia
1120 4235 1242 4289 quae
1273 4221 1408 4272 liunt
1427 4219 1478 4270 in
1501 4231 1677 4270 rerum
1709 4225 1922 4276 natura,
1942 4228 2004 4267 ca

425 4337 493 4377 ex
527 4319 850 4374 necessitate
882 4315 1118 4384 quadam
1152 4311 1588 4382 proficiscantur,
1615 4309 1804 4375 ne,ltoc
1831 4309 2006 4376 ipsum

427 4410 768 4473 concederet,
802 4408 1032 4460 alterum
1073 4401 1527 4458 contradictionis
1583 4400 1890 4454 membrum
1918 4411 2008 4451 as-

2033 3131 2083 3192 (Ξ

2701 3114 2956 3170 ΚΕΦΔΛ.
2997 3115 3106 3168 lﬂ'.

2180 3203 2415 3274 Μέτειμι
2459 3204 2515 3257 δὲ
2547 3203 2644 3258 καὶ
2695 3207 2780 3258 ἐπ’
2812 3209 2988 3260 ἐκεῖνο
3016 3209 3078 3260 τὴ
3109 3208 3168 3260 ὲν
3213 3211 3284 3280 τῇ
3318 3212 3453 3279 μετά
3491 3212 3549 3265 τὶ
3577 3231 3657 3278 φυ-

2109 3297 2237 3350 σικά
2265 3298 2620 3369 πραγματείᾳ
2651 3299 2872 3352 πάντων
2898 3317 3000 3352 που
3027 3302 3348 3368 φαυλότατα
3381 3306 3654 3372 εἰρημένον.

2113 3390 2305 3454 Ὀντος
2333 3392 2444 3459 γὰρ
2477 3389 2816 3460 ζητήματος.
2845 3391 3053 3461 πότερα
3102 3394 3322 3447 ἅπαντα
3366 3393 3425 3460 ἐξ
3452 3396 3659 3462 ἀνάγκης

2109 3481 2380 3550 γίγνεται,
2416 3482 2448 3550 ἢ
2494 3482 2642 3534 ἔστιν
2671 3481 2706 3536 ἃ
2749 3484 2843 3536 καὶ
2891 3484 2989 3536 οὐκ
3020 3487 3076 3551 ἐξ
3108 3486 3362 3556 ἀνάγκης
3391 3491 3656 3556 γιγνόμενα

2107 3572 2218 3625 τῶν
2245 3572 2603 3640 γιγνομένων.
2638 3573 2748 3627 Καὶ
2781 3573 2891 3625 τῶν
2929 3574 2987 3640 ἐξ
3020 3577 3270 3648 ἀνάγκης
3305 3579 3518 3632 ἃπαντα
3545 3579 3661 3632 τιθε-

2112 3665 2289 3732 μένων
2316 3666 2599 3731 γίγνεσθαι
2629 3666 2693 3717 ὲκ
2718 3665 2868 3718 δυοῖν
2891 3667 3071 3720 αὐτῶν
3111 3670 3444 3739 ἀξιωμάτων
3476 3671 3656 3724 δεικνύ-

2108 3773 2197 3810 ναι
2220 3758 2596 3825 πειρωμένων,
2641 3760 2757 3821 ἑνὸς
2791 3759 2894 3826 μὲν
2946 3759 3042 3812 τοῦ
3105 3763 3250 3815 ἅπαν
3280 3763 3343 3816 τὸ
3373 3764 3661 3833 γιγνόμενον

2109 3850 2202 3901 ὑπ’
2228 3849 2403 3902 αίτίου
2430 3850 2576 3913 τινὸς
2603 3851 2899 3917 ἀναγκαῖον
2922 3847 3068 3904 εἶναι
3115 3853 3386 3917 γίνεσθαι,
3424 3855 3595 3921 ἐτέρου
3613 3851 3658 3902 δὲ

2106 3939 2204 3994 τοῦ
2257 3940 2403 3993 ἅπαν
2436 3939 2606 3991 αἴτιον
2656 3941 2683 3992 ὃ
2715 3922 3068 4011 τι’ἃν’δρῴη,
3113 3943 3328 4013 ἀνάγκῃ
3363 3961 3422 3996 τε
3445 3943 3531 3995 καὶ
3555 3942 3663 4008 ὡρι-

2109 4033 2322 4102 σμένως
2352 4031 2486 4085 αὐτὸ
2523 4032 2679 4103 δρᾷν,
2711 4031 3088 4103 Ἀριστοτέλης
3115 4036 3361 4104 συνορῶν
3392 4036 3488 4106 τὴν
3519 4034 3666 4098 ivit:-

2109 4124 2397 4196 κην’τοῦ,
2460 4125 2672 4178 τούτοιν
2730 4125 3024 4192 κειμένοιν,
3070 4127 3290 4180 ἅπαντα
3348 4128 3409 4192 ἐξ
3451 4126 3664 4193 ἀνάγκης

2109 4219 2414 4288 γίγνεσθαι,
2449 4217 2946 4288 σύμ-περαίνεσθαι,
2979 4219 3069 4272 ἴνα
3102 4219 3176 4288 μὴ
3207 4218 3376 4272 τοῦτο
3412 4219 3661 4287 συγχωρή-

2112 4329 2202 4382 σῃ,
2235 4311 2460 4381 θάτερον
2493 4312 2587 4379 τῆς
2617 4311 2956 4378 ἀντιφάσεως
2980 4315 3168 4381 μόριον
3201 4311 3502 4381 λαμϐάνων
3522 4311 3586 4371 ὡς
3610 4307 3664 4377 δὴ

2111 4403 2363 4473 ἔμπεδον,
2410 4405 2506 4456 καὶ
2537 4403 2701 4466 τιθεὶς
2747 4399 2890 4457 εῖναι
2933 4403 3081 4456 ἔστιν
3123 4403 3158 4457 ἀ
3216 4404 3331 4456 τῶν
3361 4401 3665 4471 γιγνομένων

425 4506 615 4569 sumit,
678 4515 834 4572 quasr
891 4497 1024 4553 satis
1085 4497 1327 4561 firmum,
1382 4502 1434 4548 et
1491 4490 1769 4552 concedit,
1822 4489 2001 4558 aliqua

2114 4500 2206 4550 mi,
2231 4497 2290 4560 ἐξ
2319 4497 2562 4565 ἀνάγκης·
2590 4498 2910 4563 γιγνόμενα,
2949 4496 3089 4548 κατὰ
3132 4496 3369 4564 Θατέρου
3395 4498 3505 4547 τοῖν
3534 4492 3670 4557 ἀξιω-

426 4611 616 4653 eorum
645 4609 766 4665 qua:
799 4591 955 4652 fiunt,
990 4587 1308 4645 necessario
1338 4585 1479 4649 fieri,
1510 4593 1677 4654 atque
1705 4583 1778 4636 ita
1815 4582 1880 4637 ad
1919 4583 2001 4637 al-

425 4703 600 4746 terunt
626 4687 842 4742 axioma
867 4682 1231 4755 progreditur,
1267 4691 1320 4736 et
1357 4681 1488 4734 illud
1551 4679 1795 4749 quidem,
1859 4680 2002 4747 quod

425 4782 606 4837 omnis
630 4793 794 4836 causa
833 4775 1096 4848 quidquid
1151 4774 1243 4828 illa
1303 4772 1433 4826 facit
1498 4781 1553 4826 et
1601 4770 1910 4824 necessario
1953 4777 2008 4824 et

427 4884 578 4931 certo
605 4873 757 4935 facit,
792 4887 897 4925 non
924 4868 1084 4924 tollit.
1111 4865 1222 4922 Hoc
1255 4880 1494 4934 namque
1547 4864 1840 4933 proloquio
1888 4861 1999 4929 iam

413 4980 556 5024 ante
575 4969 780 5021 abusus
803 4962 903 5017 fuit
926 4962 980 5016 in
1009 4960 1380 5028 disputatione
1415 4959 1482 5013 de
1513 4957 1851 5027 sempiterno
1885 4971 2004 5010 mo-

429 5070 511 5124 tu,
543 5072 704 5127 quem
745 5055 934 5121 utique
996 5051 1442 5107 manifestissime
1511 5049 1895 5112 subvertisset,
1959 5049 2004 5104 si

428 5151 562 5205 illud
600 5149 702 5204 hoc
737 5148 858 5202 loco
892 5153 1163 5216 negasset.
1189 5144 1432 5199 Deﬂectit
1460 5144 1628 5214 igitur
1653 5144 1719 5198 ad
1771 5144 2003 5197 alterum

425 5250 480 5294 et
503 5239 756 5306 afﬁrmat,
782 5238 962 5306 aliqua
993 5251 1182 5290 eorum
1207 5253 1324 5306 quae
1345 5237 1500 5298 fiunt,
1532 5237 1649 5289 sine
1675 5251 1839 5289 causa
1866 5235 2004 5298 lieri,

423 5332 623 5387 tollens
665 5333 767 5386 hoc
796 5332 957 5387 modo
987 5332 1289 5393 notionem,
1326 5345 1486 5398 quam
1519 5330 1700 5384 nullus
1765 5345 2004 5398 unquam

423 5424 509 5478 vel
539 5424 758 5492 Sapiens
823 5423 907 5476 vel
939 5420 1180 5492 plebeius
1229 5435 1326 5489 pro
1392 5420 1600 5473 incerta
1652 5419 2005 5489 ambiguitate

426 5516 637 5579 habuit,
665 5525 1046 5584 przeterquam,
1108 5523 1165 5566 ut
1196 5521 1425 5581 apparet
1461 5511 1804 5565 Aristoteles.
1841 5511 2004 5579 Atqui

424 5609 590 5662 etiam
618 5609 735 5676 ipse
765 5606 1089 5660 Aristoteles
1121 5604 1334 5664 statuit,
1359 5617 1518 5655 omne
1553 5602 1695 5670 quod
1734 5614 2005 5668 movetur,

421 5707 493 5758 ab
523 5705 627 5756 alio
645 5703 868 5756 moveri.
895 5702 1005 5771 Ego
1038 5716 1164 5755 νε·το
1188 5701 1289 5753 Itoc
1315 5699 1488 5766 ipsum
1511 5697 1723 5751 axioma
1754 5712 2010 5765 quamnu-

425 5811 534 5866 que
565 5796 816 5851 videlicet
849 5803 1156 5860 morentur,
1221 5793 1288 5847 ab
1348 5792 1454 5846 alio
1506 5790 1736 5854 moveri,
1789 5799 2005 5859 propter

2113 4590 2304 4656 μάτοιν
2331 4591 2519 4657 χωρεῖ,
2551 4588 2643 4640 καὶ
2669 4587 2731 4639 τὸ
2779 4587 2876 4655 μὲν
2913 4585 3057 4640 amv
3083 4585 3254 4639 αἴτιον
3285 4588 3314 4640 ὅ
3349 4605 3402 4638 τι
3433 4586 3495 4638 ἂν
3523 4583 3667 4651 δρῴη.

2106 4683 2320 4750 ἀνάγκῃ
2351 4696 2410 4733 τε.
2440 4682 2532 4732 καὶ
2557 4678 2882 4749 ὡρισμένως
2931 4678 3090 4749 δρᾷν,
3122 4678 3222 4730 οὐκ
3277 4677 3515 4746 ἀναιρεῖ.
3551 4672 3667 4740 Ἤδη

2106 4773 2214 4840 γὰρ
2245 4770 2391 4842 αὐτῷ
2419 4771 2628 4838 φθάσας
2660 4769 3071 4838 κατακέχρηται
3121 4769 3181 4820 ὲν
3211 4770 3328 4828 τοῖς
3355 4783 3422 4818 πε
3433 4769 3489 4836 ρ).
3520 4763 3666 4816 ἀϊδίου

2107 4865 2371 4932 κινήσεως
2401 4863 2601 4930 λόγοις.
2633 4862 2805 4924 Αὐτὸς
2835 4857 2928 4914 οὖν
2958 4860 3025 4914 ἃν
3058 4860 3223 4920 αὑτὸν
3253 4860 3670 4928 περιφανέστατα

2109 4959 2470 5023 περιέτρεπον
2503 4956 2550 5006 εί
2582 4953 2738 5006 τοῦτο
2769 4952 2962 5023 ἀνῄρει
2983 4968 2998 4983 ο
3034 4953 3174 5005 κατά
3206 4949 3262 5004 δὲ
3291 4952 3359 5020 δὴ
3381 4951 3476 5002 τοῦ
3505 4943 3670 5000 λοιποῦ

2108 5050 2297 5119 χωρεῖ,
2330 5049 2424 5101 καὶ
2453 5047 2594 5113 ἀξιοῖ
2629 5046 2915 5114 γίγνεσθαι
2940 5045 3048 5097 τῶν
3075 5042 3422 5112 γιγνομένων
3452 5040 3567 5093 τινὰ
3593 5035 3670 5088 καὶ

2109 5143 2283 5197 αίτίου
2319 5146 2508 5211 χωρὶς,
2541 5142 2759 5211 ἀξίωμα
2787 5140 3026 5206 ἀναιρῶν
3056 5139 3231 5192 οὖδενὶ
3266 5138 3400 5200 ὅτῳ,
3428 5137 3488 5188 οὗ
3519 5130 3664 5199 σοφῷ»

2108 5237 2207 5289 οὐκ
2241 5235 2443 5306 ἰδιώτῃ.
2480 5235 2540 5286 οὗ
2574 5236 2773 5295 παντὸς
2800 5233 3001 5301 μᾶὶλον
3034 5231 3264 5300 ἔμπεδον
3311 5224 3456 5282 εἶναι
3485 5224 3670 5284 δοκοῦν,

2111 5329 2250 5399 πλήν
2281 5345 2342 5396 τε
2379 5328 2442 5396 δὴ
2470 5326 2657 5392 αὑτοῦ,
2684 5326 2759 5388 ὼς
2806 5325 3002 5385 ἔοικεν.
3049 5322 3479 5392 Ἀριστοτέλους.
3509 5319 3671 5371 Καίτοι

2109 5421 2268 5482 αὐτὸς
2307 5419 2686 5488 Ἀριστοτέλης
2733 5417 2896 5483 ἀξιοῖ.
2930 5416 3075 5470 iam
3128 5419 3189 5467 τδ
3217 5413 3542 5482 κινούμενον
3588 5405 3674 5460 ὑπό

2109 5532 2253 5576 τινος
2304 5513 2594 5566 κινεῖσθαι.
2667 5511 2809 5578 Ἐγὼ
2854 5510 2899 5563 δ’
2927 5508 3085 5580 ᾤμην
3119 5511 3207 5560 καὶ
3249 5505 3418 5559 τοῦτο
3451 5503 3494 5555 δ’
3527 5502 3674 5554 ἐκεῖνο

2114 5605 2318 5674 ἰσχύειν
2357 5602 2636 5673 μᾶλλον,ἢ
2674 5603 2807 5654 αὐτὸ
2846 5600 2915 5651 δι’
2967 5602 3120 5652 αὑτό.
3169 5599 3327 5650 Ἐπεὶ
3362 5601 3470 5665 γᾶρ
3503 5596 3596 5646 πᾶν
3622 5587 3672 5639 τὸ

2111 5695 2430 5764 κινούμεννιν
2463 5695 2706 5760 γίγνεται
2740 5691 2912 5762 ταύτῃ
3028 5694 3256 5742 κινεῖται
3297 5690 3547 5758 (ἕκαστον
3583 5685 3672 5749 γὰρ

2110 5789 2220 5840 τῶν
2285 5789 2341 5840 ἐν
2398 5785 2475 5856 τῷ
2539 5784 2844 5855 κινουμένῳ
2920 5784 3232 5853 κινημάτων
3298 5779 3514 5849 γένεσίς
3565 5777 3669 5840 τις).
