3920 6454
295 438 399 497 913

984 442 1082 502 DE
1125 441 1546 504 PLATONICA
1591 442 1688 502 ET
1729 438 2292 503 ARISTOTELICA
2324 435 2871 501 PHILOSOPHUM

3430 433 3561 499 91$”

287 562 432 611 ἅπαν
494 558 549 611 δὲ
608 557 665 610 τὸ
699 560 1020 627 γιγνόμενον
1062 561 1151 614 ὑπ’
1179 561 1354 614 αίτίου
1386 562 1529 623 τινὸς
1589 560 1837 626 γίγνεται

1970 554 2101 608 illud
2132 552 2362 606 alterum
2399 550 2579 604 valere
2612 549 2784 620 magis
2810 561 2973 617 quam
2998 547 3169 616 ipsum
3208 562 3300 616 per
3328 563 3385 601 se
3417 548 3533 599 exi.

288 651 378 703 καὶ
435 650 581 703 ἅπαν
611 651 671 703 τὸ
732 650 1051 719 κινούμενον
1100 652 1205 705 ὑπό
1234 668 1377 715 τινος
1412 653 1585 705 αίτίου
1648 654 1850 705 κινοῖτο

283 742 366 796 ἄν.
412 742 470 793 '0
504 741 560 794 δὲ
598 744 774 795 ἐκεῖνο
812 743 1069 812 ἀναιρῶν,
1105 743 1249 796 τοῦτ’
1276 743 1513 812 ἔμπεδον
1549 743 1722 795 οἴεται
1772 742 1851 795 ἔτι

283 833 461 902 ἑαυτῷ
495 832 734 888 ἔσεσθαι.
775 833 884 888 Καὶ
912 835 974 888 οὐ
1021 837 1222 905 συνορᾷ
1254 828 1369 889 διαὶ
1421 836 1519 904 τὴν
1579 834 1673 887 τοῦ
1707 833 1851 887 Θείου

281 925 458 988 δόξαν,
481 923 672 978 τούτου
703 924 798 978 τοῦ
830 923 1139 994 ἀξιώματος
1167 926 1587 996 ἀναιρουμένου,
1623 926 1849 979 ἀσθενε-

284 1016 480 1081 στέραν
507 1016 857 1083 γιγνομένην.
877 1017 1035 1084 Δῆλοι
1067 1019 1175 1087 γάρ
1202 1020 1340 1070 εἰσιν
1371 1018 1419 1069 oi
1462 1016 1739 1087 ἄνθρωποι
1768 1016 1855 1069 διὰ

279 1105 469 1157 τούτου
505 1105 600 1158 τοῦ
631 1106 943 1177 ἀξιώματος
973 1110 1070 1177 τὴν
1098 1110 1320 1180 πρώτην
1354 1112 1447 1164 καὶ¹
1498 1113 1854 1181 προχειροτά-

277 1213 376 1266 την
404 1197 496 1250 τοῦ
531 1199 676 1253 θείου
703 1200 860 1267 δόξαν
905 1202 1292 1271 λαμϐάνοντες.
1334 1203 1487 1257 Ἐπεὶ
1524 1205 1632 1274 γὰρ
1669 1205 1855 1272 φαίνε-

276 1304 366 1340 ται
400 1287 547 1343 ἔστιν
575 1290 610 1344 ἃ
663 1292 772 1344 τῶν
825 1293 882 1345 ὲν
910 1293 1044 1363 τῷδε
1093 1295 1171 1364 τῷ
1199 1294 1413 1366 οὐρανῷ
1450 1298 1758 1366 γιγνόμενα
1794 1298 1853 1352 οὐ

276 1379 376 1442 τάς
406 1396 469 1447 γε
509 1382 689 1445 αίτίας
739 1383 980 1454 φανερὰς
1030 1384 1246 1454 ἔχοντα,
1308 1388 1359 1439 οί
1419 1388 1717 1457 ἄνθρωποι,
1759 1391 1853 1443 ἆτε

277 1469 430 1523 ἅπαν
479 1472 801 1543 γιγνόμενον
850 1476 942 1528 ὑπ’
973 1476 1150 1529 αίτίου
1191 1480 1338 1541 τινὲς
1367 1478 1611 1545 γίνεσθαι
1644 1478 1855 1545 ἀξιοῦν-

275 1577 389 1639 τες,
420 1560 510 1613 ἐπὶ
537 1561 633 1631 τὴν
664 1562 758 1617 τοῦ
785 1564 930 1618 θείου
950 1565 1105 1631 δόξαν
1121 1568 1501 1638 ἀναφέρονται.
1525 1569 1671 1622 Ἔδει
1701 1570 1745 1623 δ’
1772 1572 1856 1621 ὲν-

274 1650 552 1715 δείξασθαι
598 1656 970 1727 Ἀριστοτέλη,
1001 1659 1097 1712 καὶ
1127 1658 1177 1711 τί
1211 1676 1340 1712 ποτε
1371 1661 1477 1729 ἄρα
1511 1662 1657 1715 ἐστὶν
1680 1663 1855 1715 ἐκεῖνο

273 1742 337 1793 τὸ
369 1741 497 1795 ἄνευ
529 1744 702 1797 αἰτίου
730 1746 1075 1814 γιγνόμενον,
1107 1748 1203 1801 καὶ
1242 1750 1316 1820 μὴ
1362 1750 1550 1813 ἁπλῶς
1572 1750 1746 1813 οὕτως
1777 1753 1855 1804 εί⁴

1958 643 2318 699 stimaveritu.
2358 640 2494 696 Cum
2528 642 2670 694 enim
2702 654 2866 694 omne
2893 638 3037 708 quod
3074 649 3344 706 movetur,
3410 639 3535 694 inde

1957 735 2049 789 tiat
2075 736 2191 790 sive
2247 736 2499 801 exsistat,
2565 736 2706 791 unde
2768 737 2943 805 ipsum
3006 743 3253 790 movetur
3312 734 3530 804 (singuli

1955 830 2101 884 enim
2136 838 2323 884 motus
2348 830 2757 898 quodaminodo
2786 831 3158 900 producuntur
3186 831 3240 884 in
3267 845 3354 894 eo,
3387 831 3530 897 quod

1956 921 2251 992 movetur),
2279 937 2438 977 omne
2482 930 2660 977 autem
2684 922 2825 990 quod
2853 923 2927 989 lit,
2958 921 3008 976 id
3040 923 3131 976 liat
3165 937 3193 975 a
3232 936 3395 976 causa
3429 923 3531 976 ali-

1956 1030 2085 1085 qua,
2113 1023 2374 1084 sequetur
2406 1013 2552 1079 inde,
2574 1014 2715 1083 quod
2738 1014 2897 1068 etiam
2913 1029 3073 1068 omne
3092 1014 3234 1081 quod
3264 1026 3526 1075 movetur,

1956 1111 2025 1163 ab
2050 1109 2238 1176 aliqua
2273 1123 2438 1164 causa
2471 1122 2703 1162 necesse
2735 1108 2804 1163 sit
2834 1107 3061 1161 moveri.
3093 1109 3161 1160 At
3218 1106 3307 1161 ille
3357 1107 3531 1175 posito

1957 1202 2061 1258 hoc
2084 1217 2181 1270 pro
2209 1204 2559 1265 conﬁrmato,
2624 1202 2928 1269 aliquarum
2956 1201 3166 1257 scilicet
3192 1217 3368 1255 rerum
3398 1217 3531 1255 cau-

1964 1308 2078 1346 sam
2110 1308 2232 1347 esse
2258 1292 2487 1356 nullam,
2537 1291 2892 1347 nihilominus
2936 1298 3117 1345 tamen
3180 1290 3307 1345 illud
3353 1290 3532 1344 adhuc

1959 1383 2177 1438 ﬁrmum
2209 1382 2328 1437 fore
2361 1384 2641 1452 Opinatur,
2672 1384 2810 1452 quod
2846 1383 2912 1437 ah
2943 1382 3148 1451 aliquo,
3197 1396 3532 1451 quacunque

1957 1486 2268 1537 maventur,
2298 1475 2501 1530 moveri
2544 1477 2615 1531 sit
2676 1490 2920 1530 neceSse.
2953 1474 3060 1528 Nec
3120 1474 3524 1537 animadvertit,

1958 1567 2102 1638 quod
2136 1568 2351 1622 sublata
2378 1567 2683 1635 aliquarum
2718 1581 2902 1619 rerum
2961 1580 3082 1634 quae
3140 1565 3272 1619 ﬁunt
3340 1580 3527 1627 causa,

1957 1658 2118 1713 etiam
2150 1658 2339 1728 opinio
2368 1673 2488 1725 quae
2523 1657 2755 1711 habetur
2779 1656 2848 1711 de
2878 1656 2985 1709 Deo
3018 1657 3250 1711 debilior
3290 1656 3531 1709 imbecil-

1961 1750 2167 1820 liorque
2195 1749 2305 1804 ﬁat.
2360 1748 2703 1804 Manifestum
2759 1758 2842 1803 est
2892 1749 3058 1813 ριιὶιη,
3118 1750 3262 1818 quod
3309 1746 3527 1818 quidam

176 1822 181 1827 ⁷
275 1834 419 1885 πεῖν.
460 1834 607 1913 ῘΑλλ’
642 1836 758 1905 ἐρεῖ
813 1854 896 1900 τις
937 1836 1068 1898 ἴσως
1097 1841 1158 1891 τὸ
1191 1838 1562 1907 βουλεύεσθαι,
1598 1840 1737 1894 οὕτω
1762 1842 1848 1895 καὶ

1960 1852 2178 1913 propter
2207 1843 2348 1898 hanc
2375 1843 2652 1898 notionem
2682 1856 2805 1912 qua
2835 1842 3019 1906 habet,
3078 1843 3210 1896 nihil
3263 1843 3380 1897 sine
3433 1856 3527 1895 sua

274 1922 445 1976 αὑτοῦ
490 1912 901 1993 Ἀριστοτέλους
951 1927 1015 1997 ὲν
1038 1928 1153 1991 τοῖς
1188 1929 1317 1997 περὶ
1343 1930 1640 1999 ἑρμηνείας
1684 1931 1846 1984 αὑτοῦ

276 2013 500 2083 pisum;
531 2015 1120 2089 φάσκοντος.⁹ορὦμεν
1144 2018 1251 2089 γὰρ
1284 2019 1358 2083 ὡς
1394 2020 1541 2074 1ἔστιν
1570 2022 1714 2092 ἀρχὴ
1740 2022 1847 2076 τῶν

273 2102 552 2171 ἐσομένων
607 2105 699 2158 καὶ
748 2105 858 2159 ἀπὸ
903 2106 998 2161 τοῦ
1057 2106 1408 2177 βουλεύεσθαι
1467 2110 1562 2163 καὶ
1594 2112 1701 2164 ἀπὸ
1752 2111 1846 2165 τοῦ

275 2194 482 2263 πρᾶξαί
511 2212 584 2250 τι.
634 2196 796 2250 Ἀλλὰ
851 2199 952 2251 κάν
984 2199 1162 2272 τούτῳ
1188 2200 1443 2271 ψεύδεται
1493 2203 1807 2273 περιφανῶς
1829 2219 1857 2263 ·,

273 2284 336 2338 οὐ
360 2287 467 2357 γὰρ
496 2288 638 2359 ἀρχὴ
666 2290 727 2342 τὺ
759 2289 1111 2360 βουλεύεσθαι
1151 2294 1258 2347 τῶν
1289 2296 1587 2365 ισομένων,
1616 2295 1733 2350 ἀλλ’
1765 2300 1847 2351 αῖ-

272 2393 388 2429 τιον
419 2379 518 2446 μέν
551 2397 654 2432 που
686 2380 833 2435 ἐστιν
861 2376 955 2448 ὧν,
992 2383 1137 2455 ἁρχὴ
1167 2384 1214 2439 δ’
1254 2385 1321 2439 ἂν
1348 2387 1481 2439 αὐτὸ
1509 2388 1568 2441 τὸ
1597 2387 1849 2458 βουλεύε-

273 2469 399 2523 σθαι
424 2473 484 2524 οὐ
512 2476 651 2526 πάνυ
689 2492 793 2538 τοι,
830 2479 1173 2545 φαινομένων
1202 2480 1299 2533 καὶ
1333 2480 1524 2534 τούτου
1565 2482 1847 2552 προτέρων

270 2562 480 2630 αἰτιῶν,
512 2565 620 2617 τῶν
667 2571 1105 2637 περιισταμένων
1131 2572 1278 2643 ἡμᾶς
1311 2576 1674 2644 πραγμάτων.
1700 2575 1846 2645 Δῆλα

269 2654 381 2722 γὰρ
406 2656 491 2722 δὴ,
515 2657 595 2709 ὅτι
625 2659 700 2727 μὴ
728 2660 1099 2726 περιστάντων
1129 2663 1277 2732 ἡμᾶς
1300 2666 1643 2733 πραγμάτων
1671 2666 1847 2719 τοιού-

273 2762 385 2798 των
416 2748 600 2812 τινῶν,
654 2749 779 2801 οἴων
807 2751 964 2817 δόξαν
1001 2753 1135 2823 ἡμῖν
1157 2753 1232 2817 ὡς
1274 2753 1565 2823 βουλευτέα
1598 2756 1686 2827 εἴη
1740 2775 1846 2810 πα-

278 2840 566 2907 ραστῆσαι,
605 2842 713 2894 οὐδ’
746 2842 811 2895 ἂν
842 2843 1295 2915 βουλευσαίμεθα.
1334 2846 1493 2901 Ἀλλὰ
1541 2848 1698 2901 τοῦτο
1747 2849 1847 2917 μὲν

270 2931 420 2997 αὖτῷ
445 2935 706 2989 τοιοῦτον.
746 2936 911 3005 Ἡμῖν
939 2938 995 2991 δὲ
1036 2939 1276 2994 δεικτέον
1303 2942 1395 2995 καὶ
1445 2942 1504 2994 ἔν
1532 2942 1726 2995 τούτου
1754 2942 1844 2996 τοῦ

220 3080 223 3083 _
266 3022 583 3091 ἀξιώματος
642 3028 707 3097 τῇ
764 3029 1039 3099 ἀναιρέσει
1101 3030 1445 3102 Ἀριστοτέλη
1500 3033 1651 3086 οὐδὲν
1684 3028 1845 3107 ἦττον

269 3114 433 3165 αὐτὸν
472 3114 561 3182 ὑφ’
592 3114 760 3171 αὑτοῦ
819 3119 1311 3187 περιτρεπόμενον.
1370 3122 1641 3189 Οὑδεμίαν
1694 3125 1845 3191 ἐνέρ-

264 3223 424 3303 γειαν
450 3208 515 3260 ἐκ
547 3207 826 3277 δυνάμεως
861 3212 1217 3280 μεταϐάλλειν
1272 3214 1649 3287 Ἀριστοτέλης
1672 3217 1837 3281 ἀξιοῖ,
1870 3244 1914 3303 c

271 3297 347 3366 μὴ
379 3298 570 3367 ἐτέρας
632 3298 800 3369 αὐτὴν
848 3302 1118 3371 προτέρας
1147 3305 1429 3373 ἐνεργείας
1491 3306 1626 3375 πρὸς
1675 3306 1833 3361 τοῦτο

265 3392 648 3461 κεκινηκυίας,
704 3393 795 3445 καὶ
824 3394 995 3465 τούτῳ
1026 3413 1087 3447 τε
1135 3397 1420 3467 χρώμενος
1462 3400 1519 3453 ὲν
1547 3404 1660 3464 τοῖς
1705 3408 1836 3473 περὶ

266 3482 441 3535 άῖδίου
474 3484 736 3554 κινήσεως
768 3485 945 3554 λόγοις
975 3485 1051 3556 τῷ
1076 3487 1345 3556 ἀξιώματι
1376 3493 1466 3542 καὶ
1491 3491 1724 3563 θατέρῳ,
1756 3496 1834 3565 τῷ

265 3572 416 3626 ἅπαν
456 3574 627 3625 αἴτιον
682 3574 895 3645 ἀνάγκῃ
956 3575 1088 3647 δρᾷν
1136 3578 1165 3630 ὃ
1199 3595 1248 3631 τι
1289 3581 1355 3633 ἂν
1406 3581 1551 3653 δρῴη
1580 3582 1846 3651 ἀξιοῦντι,

263 3666 369 3731 τὴν
390 3664 555 3718 ἀΐδιον
577 3664 791 3731 κίνησιν
814 3669 1197 3737 συμπεραίνει.
1252 3671 1460 3725 Οὐκοῦν
1493 3676 1546 3727 ετ
1569 3691 1621 3727 τι
1647 3675 1852 3743 γίγνοι-

264 3776 330 3810 το
366 3758 475 3808 τῶν
503 3759 839 3826 γιγνομένων
896 3762 960 3814 ὲκ
1008 3759 1290 3830 δυνάμεώς
1340 3779 1444 3815 που
1482 3767 1539 3828 ἐς
1568 3768 1850 3835 ἐνέργειαν

267 3851 585 3921 μεταϐαλεῖ,
635 3855 716 3915 εἰς
765 3851 835 3923 ἢν
881 3851 1067 3906 οὔποτ’
1130 3854 1197 3908 ἂν
1248 3857 1597 3924 μεταϐάλλοι,
1642 3860 1717 3930 μὴ
1752 3861 1851 3932 οὐχ

264 3944 464 4016 ἑτέρας
498 3944 769 4013 προτέρας
825 3943 1106 4015 ἐνεργείας
1135 3946 1340 4017 ταύτην
1369 3949 1518 4019 αὑτῷ
1551 3949 1650 4019 τὴν
1678 3969 1848 4021 μετα·

264 4035 433 4106 ϐολὴν
465 4035 914 4107 ἀπειργασμένη,
934 4050 951 4066 ⁶
981 4037 1013 4107 ἢ
1040 4036 1103 4107 δὴ
1148 4037 1242 4089 καὶ
1285 4037 1382 4107 τῆς
1405 4040 1672 4106 γενέσεως
1696 4041 1847 4112 αὐτῷ

264 4129 425 4181 ἔσται
448 4128 619 4183 αίτία.
670 4128 782 4183 Καὶ
811 4126 954 4182 οὕτω
993 4128 1269 4184 οὐδοτιοῦν
1323 4131 1390 4185 ἂν
1429 4132 1639 4200 γένοιτο
1673 4134 1848 4187 αίτίου

263 4219 459 4290 χωρίς.
489 4222 599 4274 Καὶ
632 4220 791 4288 δῆλός
830 4222 976 4274 ἐστιν
1005 4220 1380 4292 Ἀριστοτέλης
1423 4224 1478 4275 ιν
1499 4226 1565 4293 τῇ
1600 4224 1670 4277 τὰ
1711 4227 1851 4293 μετὰ

261 4313 339 4364 τὰ
363 4311 565 4378 φυσικά
593 4312 740 4383 αὐτῷ
786 4314 1140 4384 πραγματείᾳ
1176 4316 1278 4376 τὰς
1333 4314 1531 4380 πολλὰς
1586 4316 1694 4369 τῶν
1724 4319 1851 4371 ἐαυ-

261 4401 365 4456 τοῦ
426 4402 680 4473 ἀμαϐιῶν
710 4406 1096 4475 συμφορήσας,
1151 4404 1310 4460 τοῦτό
1360 4423 1463 4460 που
1514 4410 1849 4477 φαυλότατον

268 4504 496 4555 πάντων
529 4502 787 4573 εἰρηκώς.

1958 1948 2120 1987 causa
2155 1932 2294 1999 ﬂeri,
2342 1935 2669 2004 praecipuam
2726 1942 2780 1987 et
2822 1932 3255 2003 vulgarissin'tam
3302 1933 3369 1987 de
3421 1934 3531 1985 Deo

1944 2025 2283 2101 sententiam
2338 2026 2760 2095 amplectantur.
2814 2024 2948 2079 Nam
3012 2025 3232 2095 quando
3283 2026 3531 2080 videntur

1955 2117 2159 2185 aliqua,
2187 2131 2310 2186 qua:
2333 2115 2468 2171 ﬁunt
2504 2117 2556 2171 in
2592 2117 2696 2172 hoc
2729 2119 3157 2191 mundo,_eaque
3212 2118 3533 2172 manifestas

1955 2224 2063 2262 non
2093 2208 2297 2263 habent
2317 2224 2531 2273 causas,
2568 2219 2679 2264 tum
2711 2211 2979 2272 homines,
3032 2210 3125 2278 qui
3167 2223 3333 2263 omne
3383 2208 3529 2276 quod

1956 2301 2039 2363 ﬁt.
2059 2302 2125 2355 ab
2155 2302 2340 2370 aliqua
2385 2316 2552 2356 causa
2617 2300 2731 2356 fleri
2785 2310 3122 2371 compertum
3177 2300 3400 2369 habent,
3465 2300 3533 2354 ad

1955 2402 2163 2449 natura:
2220 2392 2420 2448 divinae
2478 2392 2850 2464 cognitionem
2909 2392 3179 2446 feruntur.
3237 2390 3537 2460 Oportebat

1957 2495 2139 2539 autem
2192 2484 2596 2549 demonstrare,
2636 2499 2670 2539 ο
2723 2484 3066 2545 Aristoteles,
3118 2483 3404 2554 qualenam
3464 2485 3535 2538 sit

1959 2576 2107 2639 illud,
2132 2578 2276 2642 quod
2304 2576 2423 2630 sine
2453 2590 2619 2630 causa
2650 2576 2824 2639 ﬂeret,
2852 2591 3030 2645 neque
3086 2575 3159 2629 ita
3214 2575 3533 2643 simpliciter

1953 2684 2065 2723 rem
2091 2668 2379 2722 aﬂlrmare.
2406 2668 2474 2721 At
2503 2669 2646 2722 dicet
2675 2666 2904 2723 fortasse
2932 2667 3132 2733 alijuis
3168 2668 3510 2720 deliberatio-

1953 2775 2076 2813 nem
2102 2774 2223 2814 esse
2259 2774 2324 2813 ex
2356 2772 2420 2812 eo
2445 2774 2662 2828 genere,
2692 2758 2743 2813 id
2778 2760 2924 2828 quod
2975 2759 3090 2827 ipse
3131 2758 3449 2813 Aristoteles
3477 2759 3530 2811 in

1954 2852 2109 2906 libris
2132 2851 2199 2906 de
2239 2850 2687 2921 interpretatione
2735 2851 2946 2905 videtur
3015 2850 3216 2905 dicere.
3272 2848 3531 2903 Videmus

1954 2960 2210 3015 namque,
2241 2945 2333 3010 ait,
2367 2942 2692 3014 principium
2723 2941 3030 2995 futurorum
3054 2956 3175 2995 eum
3211 2955 3239 2994 a
3263 2938 3531 2993 delibera-

1955 3040 2120 3098 tione.
2186 3046 2296 3092 tum
2334 3037 2401 3090 ab
2453 3035 2668 3091 actione
2718 3032 2834 3102 ipsa
2891 3032 3175 3087 exsistere.
3236 3030 3338 3085 Sed
3391 3031 3442 3083 in
3466 3045 3531 3084 eo

1956 3127 2111 3195 plane
2140 3128 2305 3180 errat.
2337 3123 2522 3193 Neque
2551 3122 2696 3177 enim
2731 3121 3055 3175 deliberatio
3085 3130 3168 3176 est
3197 3120 3526 3191 principium

1954 3218 2282 3285 futurorum,
2315 3213 2526 3271 tametsi
2552 3213 2845 3284 aliquando
2874 3214 2943 3267 sit
2971 3227 3157 3269 causa.
3189 3211 3320 3282 Ejus
3345 3221 3527 3267 autem

1953 3311 2055 3377 rei,
2089 3312 2154 3365 de
2179 3325 2288 3379 qua
2341 3307 2644 3364 deliberant
2708 3306 2978 3370 homines,
3038 3306 3154 3375 ipsa
3211 3306 3526 3374 neutiquam

1952 3402 2284 3475 principium
2317 3387 2401 3458 est
2433 3399 2772 3464 deliberatio,
2800 3397 3240 3468 quandoquidem
3307 3397 3533 3466 hujusce

1953 3497 2126 3567 ipsius
2154 3495 2273 3549 alim
2300 3500 2563 3564 apparent
2622 3492 2833 3561 priores
2857 3500 2910 3546 et
2944 3490 3282 3560 antiquiores
3329 3504 3526 3546 cattsze.

1951 3604 2016 3643 ea
2040 3586 2291 3642 videlicet
2318 3599 2437 3654 qua:
2464 3598 2564 3637 nos
2604 3582 2973 3636 circumstant
3008 3579 3242 3649 negotia.
3274 3578 3330 3631 Id
3387 3579 3530 3646 quod

1953 3680 2079 3733 inde
2103 3677 2315 3749 liquido
2343 3685 2509 3747 patet,
2535 3675 2803 3744 siquidem
2830 3673 2936 3727 nisi
2967 3687 3067 3726 nos
3086 3672 3266 3741 aliqua
3296 3671 3533 3724 circum-

1953 3778 2097 3825 stent
2146 3767 2383 3838 negotia,
2440 3767 2507 3822 de
2557 3766 2760 3835 quibus
2818 3763 3238 3819 consultandum
3301 3762 3532 3821 videtur,

1953 3875 2051 3914 nos
2074 3874 2352 3927 nunquam
2407 3856 2757 3912 deliberaturi
2807 3870 3073 3910 essemus.
3133 3853 3238 3907 Sed
3285 3862 3533 3906 transea-

1953 3967 2095 4015 mus,
2121 3950 2333 4019 ipsique
2383 3947 2663 4002 Aristoteli
2725 3948 2827 4001 hoc
2882 3947 3078 4014 dogma
3128 3944 3527 4013 relinquamus.

1949 4041 2222 4097 Jamvn-ro
2252 4040 2464 4093 sublato
2499 4041 2600 4093 hoc
2660 4040 2935 4091 axiomate
2990 4052 3004 4091 :
3047 4037 3291 4090 omnium
3348 4050 3531 4088 rerum

1952 4151 2074 4191 esse
2124 4135 2361 4203 aliquam
2443 4147 2701 4193 causam,
2768 4130 3111 4184 Aristotelem
3173 4127 3534 4182 nihilominus

1952 4227 2171 4296 sibiipsi
2225 4240 2349 4281 esse
2402 4224 2736 4278 contrarium
2798 4222 3169 4278 ostendemus.
3231 4220 3378 4274 Nihil
3441 4220 3532 4274 ille

1952 4321 2332 4393 arbitraturex
2393 4316 2642 4386 potentia
2702 4314 2755 4368 in
2817 4322 2996 4369 actum
3046 4327 3353 4382 erumpere,
3423 4312 3529 4367 nisi

1954 4416 2093 4469 alius
2122 4412 2341 4482 quidem
2379 4409 2666 4465 antecedat
2693 4418 2869 4472 actus.
2905 4408 2998 4478 qui
3033 4408 3286 4462 latentem
3343 4408 3531 4462 occul-

1955 4519 2183 4578 tamque
2205 4506 2352 4560 illam
2375 4506 2487 4559 vim
2522 4504 2634 4559 sive
2667 4501 2967 4573 potentiam
2998 4501 3063 4555 ad
3097 4499 3352 4555 affectum
3415 4501 3535 4555 sivo

182 4588 185 4589 ν
260 4614 449 4655 actum
477 4600 740 4669 impellat,
769 4612 822 4654 et
849 4604 1183 4669 promoveat.
1216 4598 1327 4656 Hoc
1394 4601 1571 4670 ipsum
1614 4601 1828 4657 axioma
1883 4602 1938 4657 in
1979 4604 2352 4673 disputatione
2419 4601 2484 4655 de
2516 4601 2848 4669 sempiterno
2920 4608 3068 4651 motu
3126 4609 3417 4663 usurpans,
3474 4599 3530 4649 et

261 4701 496 4755 alterum
529 4698 681 4764 illud,
737 4713 952 4752 omnem
1009 4713 1229 4756 causam
1292 4699 1607 4754 necessario
1690 4714 1873 4766 agere,
1920 4702 2007 4754 'id
2070 4698 2215 4770 quod
2288 4699 2419 4770 agit,
2484 4695 2971 4768 sempiternitatem
3050 4705 3231 4751 motus
3298 4704 3531 4747 conatur

255 4799 663 4855 demonstrare.
692 4795 927 4852 Proinde
964 4796 1008 4852 si
1033 4797 1162 4867 quid
1194 4797 1287 4851 liat
1315 4813 1378 4851 ex
1416 4797 1483 4851 iis
1508 4812 1629 4867 quae
1679 4796 1837 4861 fiunt,
1880 4798 1932 4851 id
1965 4798 2141 4869 ipsum
2167 4814 2231 4853 ex
2259 4797 2498 4867 potentia
2535 4797 2585 4847 in
2611 4794 2785 4848 lucem
2821 4791 3047 4861 produci
3116 4805 3338 4845 necesse
3402 4787 3529 4851 erit,
3584 4810 3589 4817 ·

260 4892 319 4945 in
343 4905 503 4958 quam
531 4905 695 4959 porro
732 4905 1004 4959 nunquam
1038 4891 1390 4961 producctur,
1419 4892 1522 4947 nisi
1550 4892 1688 4947 alius
1717 4892 1937 4961 quidam
1970 4894 2256 4949 antecedat
2284 4901 2462 4955 actus,
2523 4890 2615 4958 qui
2674 4887 2831 4940 talem
2888 4886 3247 4939 mutationem
3311 4884 3525 4940 eﬂlciat.

260 4982 437 5048 Quem
474 4984 659 5051 utique
713 4983 871 5035 etiam
924 4984 1289 5053 generationis
1330 4985 1707 5056 cujuscunque
1765 4986 1841 5040 rei
1883 4996 2160 5042 auctorem
2192 4994 2245 5041 et
2278 4997 2500 5038 causam
2567 4978 2827 5035 constitui
2894 4986 3130 5045 oportet.
3198 4980 3373 5049 Atque
3426 4981 3529 5034 hoc

262 5078 428 5129 modo
460 5075 590 5128 nihil
624 5090 863 5144 unquam
902 5076 1230 5140 invenietur,
1289 5078 1433 5148 quod
1501 5080 1618 5134 sine
1663 5094 1826 5135 causa
1870 5080 1984 5135 tieri
2046 5080 2152 5135 dici
2227 5078 2421 5145 possit.
2462 5075 2673 5141 Quibus
2713 5075 3100 5132 demonstratis
3129 5085 3355 5144 apparet
3417 5078 3529 5131 evi«

260 5167 584 5222 dentissime
614 5167 954 5222 Aristotelem
979 5169 1030 5221 in
1056 5183 1121 5222 eo
1143 5186 1325 5239 opere.
1355 5173 1499 5241 quod
1528 5173 1594 5226 de
1618 5174 1681 5228 iis
1711 5190 1835 5242 qua:
1876 5188 1963 5228 res
2000 5174 2254 5243 pltysiCas
2283 5179 2704 5241 consequuntur
2729 5170 2948 5225 inscribi
2976 5170 3135 5234 solet,
3176 5171 3316 5224 inter
3387 5170 3527 5227 alios

263 5261 468 5315 multos
495 5274 632 5331 quos
664 5261 937 5330 congessit
966 5275 1180 5315 errores
1214 5265 1267 5315 tn
1302 5264 1402 5317 hac
1438 5278 1495 5317 re
1524 5265 1838 5334 turpissime
1876 5265 2092 5333 lapsum
2125 5278 2266 5319 esse.

875 5354 1128 5409 ΚΕΦΑΛ.
1158 5355 1278 5411 ιε’..
1612 5328 1630 5334 ’

2585 5328 2887 5413 εΑρζχιΧ.

340 5447 551 5519 Εὖηοες
569 5447 614 5501 δ’
638 5447 805 5502 αὑτοῦ
842 5447 937 5501 καὶ
981 5448 1041 5500 τὸ
1071 5450 1135 5519 τῇ
1174 5453 1379 5519 φυσικῇ
1424 5453 1621 5518 ἐκεῖνο,
1653 5453 1715 5505 τὸ
1747 5453 1847 5523 τὴν

273 5541 493 5611 κίνησιν
527 5539 605 5612 μὴ
644 5541 977 5611 συγχωρεῖν,
1011 5539 1196 5611 διττήν
1226 5558 1284 5595 τε
1316 5536 1454 5595 εἶναι
1496 5544 1589 5596 καὶ
1636 5542 1854 5613 ὁμώνυ-

267 5650 393 5704 μον,
434 5631 531 5701 τὴν
569 5632 669 5701 μὶν
708 5633 1014 5703 δραστικὴν
1056 5633 1117 5686 τέ
1166 5651 1288 5688 τινα
1323 5636 1418 5689 καὶ
1459 5636 1516 5687 ὲν
1547 5635 1623 5706 τῷ
1668 5653 1850 5688 κινου-

268 5725 440 5793 μένῳ.
464 5724 658 5777 Καίτοι
675 5722 783 5777 τῶν
812 5741 875 5793 γε
903 5725 1189 5795 δυνάμεων
1209 5726 1317 5779 τῶν
1334 5728 1461 5796 περὶ
1491 5727 1708 5797 κίνησιν
1740 5728 1848 5782 διτ-

264 5814 451 5884 τὼνὴ
504 5814 602 5884 μὲν
656 5816 910 5885 κινητικὴ
977 5817 1068 5869 καὶ
1124 5818 1178 5868 ιν
1229 5816 1307 5884 τῷ
1355 5819 1659 5882 κινήσοντι,
1708 5820 1739 5886 ἠ
1788 5817 1844 5870 δὲ

273 5907 554 5975 παθητικὴ
607 5911 698 5960 καὶ
754 5910 810 5962 ὲν
860 5908 936 5977 τῷ
990 5908 1407 5979 κινηοησομένῳ
1475 5910 1583 5963 δέοι
1634 5910 1695 5962 ἂν
1744 5912 1836 5963 καὶ

2030 5452 2213 5522 Neque
2246 5451 2378 5507 illud
2411 5452 2691 5513 sapientia:
2726 5451 3007 5517 cujusdam
3051 5450 3211 5503 habet
3262 5449 3523 5515 speciem,

1954 5546 2099 5613 quod
2136 5544 2276 5600 idem
2306 5542 2628 5599 Aristotcles
2668 5542 2721 5597 in
2759 5542 2997 5613 physicis
3049 5541 3230 5605 docet,
3267 5542 3357 5594 ubi
3405 5557 3521 5597 mo-

1952 5644 2063 5688 tum
2112 5649 2218 5687 non
2255 5633 2506 5688 concedit
2563 5648 2684 5688 esse
2742 5633 3009 5701 duplicem
3042 5640 3095 5685 et
3152 5634 3516 5702 acquivocum,

1950 5728 2114 5780 alium
2136 5726 2351 5796 quidem
2371 5729 2606 5781 activum
2630 5725 2721 5794 qui
2739 5733 2822 5779 est
2845 5724 2895 5778 in
2920 5736 3185 5789 movente,
3207 5726 3371 5779 alium
3392 5743 3523 5783 vero

1952 5819 2250 5887 passivum,
2272 5818 2363 5887 qui
2388 5830 2471 5874 cst
2497 5817 2549 5871 in
2577 5832 2640 5871 eo
2664 5816 2806 5887 quod
2844 5826 3113 5872 movetur.
3163 5818 3328 5888 Atqui
3392 5835 3516 5874 cum

1948 5912 2053 5966 sint
2089 5910 2343 5979 potentia:
2372 5910 2515 5967 circa
2574 5919 2778 5965 motum
2829 5909 3090 5982 duplices,
3128 5928 3233 5968 uua
3294 5912 3519 5982 quidem
