3920 6454
455 391 562 454 9ἳὸ

1693 401 2023 461 GEORGII
2057 399 2498 460 PLE'I'IIONIS
3569 400 3649 462 916

452 507 651 562 mativa
683 522 802 577 qua:
828 518 912 562 est
969 507 1023 561 in
1073 522 1138 562 eo
1185 508 1332 578 quod
1383 509 1642 574 movebit,
1689 510 1792 565 alia
1845 519 2027 565 autem

2137 511 2414 580 ἐνέργειαν
2447 510 2672 564 ταύταιν
2713 509 2955 580 ἑκατέρᾳ
3007 510 3344 580 κατάλληλον
3375 511 3650 576 ἀποδιδόναι,

453 596 686 662 passiva,
722 612 843 664 qua:
869 607 952 652 est
1006 597 1060 651 in
1114 612 1178 652 eo
1228 598 1371 667 quod
1423 599 1748 667 movebitur,
1813 610 2027 671 oportet

451 683 694 753 profecto
727 688 891 738 etiam
924 695 1102 741 actum
1141 687 1405 742 constitui
1433 688 1703 758 duplicem
1742 691 1837 758 qui
1895 691 2028 744 utri-

451 792 553 845 que
585 777 838 846 potentiaa
863 777 1308 850 correspondeat,
1346 781 1562 836 motive:
1585 781 1804 852 quidem
1831 791 2026 852 poten-

452 872 559 936 tiae,
625 871 860 926 activum
917 884 1147 937 motum,
1199 875 1356 929 alteri
1422 885 1600 928 autem
1652 890 1773 944 quae
1820 875 2024 930 moveri

453 965 643 1019 idonea
667 973 766 1030 est,
806 967 1104 1034 passivum.
1142 964 1244 1022 Sed
1275 967 1564 1022 timuitille
1593 982 1660 1021 ne
1688 968 1774 1021 hic
1815 967 2024 1023 activus

453 1066 653 1121 motus,
683 1068 862 1111 motus
891 1073 1014 1112 cum
1068 1059 1162 1120 sit,
1224 1059 1518 1129 aliquando
1562 1074 1669 1114 non
1722 1069 2024 1116 moveatur.

451 1148 521 1201 At
557 1151 737 1204 timuit
779 1149 887 1215 ille,
916 1152 1059 1221 quod
1082 1151 1304 1204 minime
1323 1152 1619 1206 timendum
1649 1150 1862 1206 fuisset.
1885 1150 2026 1217 Quid

451 1241 593 1294 enim
625 1243 874 1311 prohibet
905 1243 1148 1297 activum
1177 1242 1328 1298 illum
1381 1253 1588 1298 motum
1644 1255 1698 1299 et
1751 1260 1874 1298 eum
1935 1245 2024 1314 qui

454 1342 654 1398 movet,
675 1350 784 1388 non
812 1336 1018 1390 moveri
1041 1336 1206 1392 ?cum
1247 1337 1294 1390 is
1317 1337 1411 1406 qui
1439 1347 1644 1402 movet,
1697 1339 2026 1409 quandoque

451 1425 523 1478 sit
559 1425 871 1482 immobilis.
907 1426 981 1481 De
1000 1430 1220 1497 passivo
1239 1429 1383 1483 enim
1433 1440 1582 1483 motu
1630 1430 1829 1498 palam,
1878 1431 2024 1500 quod

454 1515 631 1585 ipsius
655 1533 764 1571 non
808 1518 1090 1573 siteadetn
1117 1520 1278 1573 ratio.
1307 1521 1383 1573 Ac
1443 1519 1510 1573 de
1579 1518 1758 1572 activo
1814 1518 1908 1573 illo
1963 1533 2031 1572 ne

2135 608 2200 676 τῇ
2236 604 2334 674 μὲν
2359 607 2614 677 κινητικῇ
2644 605 2873 676 δυνάμει
2900 606 3000 675 τὴν
3029 605 3325 674 δραστικὴν
3375 607 3583 678 κίνησιν,
3602 615 3650 681 τῇ

2132 699 2191 751 δὲ
2245 700 2445 768 κινηκῇ
2510 699 2608 768 τὴν
2668 697 3003 767 παθητικήν.
3071 697 3233 750 Ἀ).λά
3298 698 3488 763 δέδιεν,
3531 700 3653 774 μὴη

2131 790 2397 860 δραστικὴ
2439 789 2578 859 αῦτη
2597 789 2811 859 κίνησις
2844 784 2979 842 οὖσα
3013 787 3128 841 ξοδ*
3155 789 3244 858 ore
3291 794 3351 842 οὐ
3391 791 3650 860 κινήσηται.

2145 882 2324 946 mea;
2351 881 2397 933 δ’
2419 880 2494 944 ώς
2516 880 2702 944 δεδιώς
2726 897 2743 950 ;
2769 881 2834 934 Τί
2867 882 2974 952 γὰρ
3004 880 3065 934 τὸ
3091 879 3334 934 κωλῦσον
3363 880 3454 951 τὴν
3479 881 3655 952 δραστι-

2135 974 2237 1044 κὴν
2269 974 2474 1044 ταύτην
2507 974 2722 1042 κίνησιν
2761 975 2856 1028 καὶ
2891 975 3152 1028 κινοῦσαν
3203 974 3368 1045 αὐτὴν
3410 973 3478 1044 μὴ
3517 978 3652 1029 att-isi.

2136 1066 2294 1129 σθαι;
2327 1065 2482 1128 δντος
2511 1065 2642 1119 ποτὶ
2672 1065 2767 1119 τοῦ
2795 1066 3075 1129 κινοῦντος
3113 1066 3374 1135 ἀκινήτου
3406 1082 3421 1131 ;
3455 1064 3551 1136 Τὴν
3579 1069 3654 1137 μὲν

2133 1157 2245 1226 γὰρ
2275 1155 2592 1227 παθητικὴν
2625 1159 2722 1228 οὐχ
2748 1156 2862 1212 οἶόν
2896 1175 2978 1211 τε.
3011 1157 3090 1229 τῇ
3114 1158 3170 1212 δὲ
3197 1157 3455 1228 δραστικῇ
3475 1159 3520 1211 τί
3536 1158 3655 1212 ἔσται

2133 1249 2194 1302 τὸ
2228 1248 2502 1319 ἐμποδών.
2539 1250 2624 1302 Ἐν
2654 1252 2866 1316 τούτοις
2897 1252 3059 1321 ἡμεῖς
3089 1249 3432 1321 Ἀριστοτέλη
3459 1249 3656 1320 ἀμαθαί-

2133 1360 2298 1398 νοντα
2327 1344 2711 1413 ἀποφαίνομεν
2741 1346 2801 1398 οὑ
2835 1344 3019 1399 πάντα
3060 1342 3252 1408 αὑτοῦ,
3287 1343 3357 1396 τὰ
3385 1342 3438 1396 δὶ
3467 1342 3657 1411 μέγιστα

2132 1434 2227 1486 καὶ
2258 1435 2582 1505 κυριώτατα
2609 1429 2684 1489 ὦν
2731 1436 2868 1507 πρὸς
2903 1435 3175 1490 Πλάτωνά
3199 1450 3261 1488 τε
3293 1433 3389 1488 καὶ
3412 1433 3526 1496 τοὺς
3557 1433 3658 1503 περὶ

2138 1526 2403 1581 Πλάτωνα
2431 1528 2779 1600 διαφέρεται,
2803 1528 3149 1593 ἐκλέξαντες.

458 1613 779 1678 aﬂirmetur,
809 1612 942 1668 nihil
977 1613 1326 1682 impcdit.Ac
1396 1613 1450 1668 in
1515 1612 1602 1668 his
1638 1612 1857 1681 quidem
1925 1614 2235 1675 Aristotelis
2303 1622 2671 1692 ignorantiam
2721 1623 3052 1688 deteximus,
3099 1639 3206 1679 non
3267 1622 3448 1678 omnia
3487 1629 3659 1685 tamen,

456 1707 550 1763 sed
585 1709 824 1760 maxima
854 1717 909 1762 et
948 1708 1217 1776 praecipua
1267 1715 1601 1774 exponentes
1653 1707 1707 1759 in
1753 1706 1955 1775 quibus
1998 1722 2028 1760 a
2068 1707 2296 1766 Platone
2315 1723 2371 1768 et
2410 1713 2478 1769 iis
2509 1715 2606 1784 qui
2676 1712 2958 1769 Platonem
3006 1721 3335 1784 sequuntur,
3389 1710 3605 1767 discedit.

1092 1801 1242 1857 CAP.
1276 1799 1393 1855 XX.

2738 1811 2990 1864 ΚΕΦΔΔ.
3025 1811 3110 1864 K'.

531 1892 908 1964 Discrepantia
966 1895 1277 1951 Aristotelis
1318 1903 1372 1949 et
1430 1893 1674 1951 Platonis
1700 1896 1753 1950 in
1790 1896 1858 1952 iis
1913 1911 2031 1966 qua:

2210 1904 2412 1966 Λοιπὸς
2437 1902 2494 1956 δὲ
2522 1902 2587 1973 δὴ
2617 1905 2752 1973 ημῖν
2777 1903 2889 1956 τῶν
2915 1902 3192 1972 μεγίστων
3218 1903 3322 1955 καὶ
3346 1903 3375 1955 δ
3396 1902 3516 1971 περὶ
3537 1900 3664 1955 είδῶν

456 1987 521 2042 ad
561 1987 766 2040 formas
788 1996 842 2040 et
866 1987 1076 2054 species
1097 1986 1462 2056 sempiternas
1493 1987 1746 2041 attinent.

531 2077 817 2147 Reliquum
848 2078 961 2148 jam
1011 2086 1113 2142 est,
1149 2090 1207 2135 ut
1257 2078 1322 2133 de
1375 2079 1664 2148 speciebus
1721 2063 2034 2136 sermonem

456 2173 832 2235 instituamus,
885 2171 952 2227 de
1002 2172 1202 2242 quibus
1257 2172 1494 2227 maxima
1549 2172 1690 2227 solet
1757 2173 2035 2228 contentio

457 2266 684 2321 moveri.
727 2263 784 2318 In
823 2265 910 2320 his
941 2279 1070 2317 vero
1120 2278 1226 2318 non
1297 2265 1520 2333 quidem
1553 2264 1768 2319 Platoni
1795 2279 2032 2320 consen-

463 2360 687 2422 tiemus,
716 2358 809 2412 sed
853 2356 1204 2412 Aristotelem
1251 2356 1412 2411 etiam
1464 2357 1656 2412 hacin
1703 2364 1858 2425 parte
1895 2355 2038 2410 male

459 2451 877 2513 eoutradixisse.
916 2461 970 2504 et
993 2449 1048 2503 in
1077 2449 1201 2504 aliis
1225 2450 1438 2519 quidem
1483 2449 1877 2520 sycophantam
1906 2463 2034 2517 age-

459 2561 540 2606 re.
567 2545 620 2598 in
650 2544 772 2597 aliis
807 2556 937 2598 vero
963 2557 1069 2596 non
1109 2542 1161 2595 id
1186 2542 1452 2597 conﬁcere
1491 2543 1635 2612 quod
1698 2541 1892 2607 voluit,
1943 2541 2036 2596 de-

459 2636 905 2699 nionstrabimus,
925 2634 1088 2701 idque
1127 2635 1287 2690 nobis
1341 2633 1473 2689 vitio
1543 2635 1864 2688 vertendum
1926 2646 2033 2687 non

457 2731 580 2790 erit,
614 2727 886 2795 siquidem
927 2727 1088 2781 etiam
1139 2726 1192 2779 in
1237 2724 1510 2795 prioribus
1535 2735 1663 2779 sunt
1698 2725 1902 2793 aliqua,
1941 2724 2033 2778 ubi

458 2820 668 2874 Platoni
722 2833 830 2873 non
895 2820 1328 2885 consentientes,
1407 2818 1768 2874 nihilominus
1815 2818 2032 2872 Aristo-

458 2913 616 2967 telem
707 2913 882 2980 ipsum
959 2927 988 2966 a
1059 2911 1240 2980 seipso
1314 2909 1580 2966 dissidere
1670 2910 2031 2964 ostendimus.

456 3007 535 3062 Ac
574 3007 809 3076 primum
842 3005 1060 3075 quidem
1093 3002 1224 3056 illud
1269 3001 1700 3071 reprehensione
1720 3016 1825 3054 non
1858 3007 2030 3064 caret,

457 3099 601 3167 quod
651 3097 938 3154 manifeste
997 3096 1212 3151 veritati
1271 3103 1537 3163 repugnat
1585 3094 1674 3148 uhi
1733 3100 1855 3162 post
1936 3090 2035 3144 So-

459 3200 665 3246 cratem
713 3191 829 3254 ait,
877 3190 1081 3258 primos
1132 3189 1431 3251 exstitisse,
1469 3188 1562 3258 qui
1619 3197 1928 3242 sermonem
1965 3183 2034 3238 de

467 3283 752 3351 speciebus
783 3286 837 3335 in
863 3280 1080 3336 scholas
1108 3255 1558 3349 philosOphorum
1601 3279 2032 3342 introduxerint,
2062 3255 2104 3314 θ

465 3376 740 3430 Platonem
774 3373 1034 3428 nimirum
1089 3372 1414 3440 intelligens.
1447 3370 1668 3426 Certum
1717 3379 1898 3424 autem
1950 3379 2037 3423 est

461 3468 624 3521 etiam
659 3464 1070 3534 Pythagoricos,
1110 3463 1205 3532 qui
1254 3471 1380 3516 ante
1411 3462 1686 3515 Platonem
1719 3461 1978 3514 vixerunt
2017 3497 2032 3521 .

463 3561 530 3614 de
561 3560 667 3613 hac
699 3573 756 3610 re
787 3555 1113 3611 disseruisse
1141 3594 1155 3616 .
1192 3556 1334 3608 sicut
1365 3569 1432 3608 ex
1461 3569 1526 3608 eo
1551 3568 1718 3622 opere
1747 3551 1990 3605 Platonis
2015 3591 2032 3614 ,

461 3651 606 3718 quod
649 3631 912 3704 Timaeum
949 3646 1178 3702 Locrum
1211 3645 1477 3711 nominat,
1509 3653 1754 3715 apparet.
1784 3642 1859 3697 lbi
1885 3658 2036 3698 nam-

463 3759 569 3812 que
602 3743 708 3797 hoc
741 3742 943 3796 celum
995 3741 1086 3795 ille
1113 3755 1176 3795 es
1212 3738 1553 3809 intelligibili°
1587 3737 1834 3806 exemplo
1864 3734 2036 3790 dedu-

461 3849 612 3898 cens,
643 3832 865 3888 alterius
895 3831 1103 3895 mundi,
1135 3845 1296 3901 quem
1357 3828 1631 3884 idanicum
1673 3835 1849 3889 vocat,
1899 3825 2038 3878 ima-

463 3928 644 3994 ginem
679 3925 831 3980 facit.
877 3924 1057 3994 Atque
1105 3925 1207 3980 hoc
1237 3922 1457 3992 quidem
1491 3929 1575 3976 est
1607 3917 1941 3989 huiusmodi.
1977 3916 2034 3971 In

459 4036 525 4074 eo
563 4028 742 4073 autem
779 4018 1053 4086 quomodo
1084 4033 1188 4071 non
1225 4016 1386 4071 infert
1414 4013 1712 4085 iniuriam?
1745 4010 1880 4066 Cum
1917 4008 2036 4064 Pla-

461 4113 626 4167 tonici
653 4111 921 4166 suasillas
955 4111 1188 4180 species,
1220 4109 1386 4163 rebus
1412 4105 1596 4162 sensui
1634 4103 1894 4173 subjectis
1927 4117 2034 4156 non

460 4219 804 4276 synonymas,
837 4204 930 4257 sed
965 4203 1273 4272 aequivocas
1302 4216 1425 4256 esse
1463 4199 1665 4254 velint.
1698 4197 1811 4266 ipse
1844 4205 2037 4264 praeter

463 4298 678 4352 illorum
707 4296 1017 4366 opinionem
1045 4305 1100 4349 et
1139 4294 1471 4348 voluntatem
1500 4303 1835 4361 synonymas
1863 4301 2032 4341 cona-

464 4401 552 4444 tur
576 4390 882 4452 ostendere,
921 4388 1078 4456 idque
1105 4387 1208 4443 hoc
1251 4386 1434 4440 modo.
1471 4385 1561 4439 Ait
1590 4385 1735 4437 cnim
1769 4397 1875 4436 non
1909 4395 2028 4434 eam

461 4484 530 4534 ob
561 4495 805 4543 causam,
849 4478 992 4549 quod
1039 4478 1144 4532 illa:
1189 4486 1320 4532 sunt
1370 4476 1735 4545 sempiternae,
1789 4474 1871 4526 lim
1905 4485 2035 4526 vero

2136 1996 2314 2064 λόγος.
2347 1996 2485 2066 Περὶ
2515 1989 2591 2051 ὧν
2618 1997 2680 2049 οὐ
2713 1997 2963 2052 Πλάτωνι
2995 1998 3297 2060 συνειπεῖν,
3312 1995 3424 2048 ἀλλ’
3459 1996 3664 2064 Ἀριστοο

2136 2085 2267 2156 τέλη
2307 2086 2402 2139 καὶ
2435 2086 2493 2138 ἂν
2532 2085 2746 2149 τούτοις
2774 2085 3057 2152 ἀποδεῖξαι
3084 2085 3310 2153 φαύλως
3337 2085 3662 2152 ἀντιλέγοντα,

2137 2177 2234 2230 καὶ
2286 2176 2358 2230 τὰ
2407 2175 2506 2248 μὲν
2540 2175 3013 2246 συκοφαντοῦντα,
3052 2177 3123 2230 τά
3173 2176 3218 2230 δ’
3246 2176 3313 2229 οὐ
3363 2176 3664 2246 περαίνοντα,

2136 2270 2498 2338 ἀνεμέσητον,
2539 2269 2663 2322 επεὶ
2693 2268 2788 2322 καὶ
2821 2270 2877 2321 έν
2923 2270 3033 2321 τῶν
3078 2267 3392 2336 εἰρημένων
3435 2266 3565 2320 ἔστιν
3604 2261 3668 2327 οἷς

2137 2363 2292 2416 οὐδὲν
2327 2361 2574 2415 Πλάτωνι
2619 2361 3003 2431 συνειρηκότες
3043 2360 3396 2430 Ἀριστοτέλη
3435 2360 3559 2420 τέως
3593 2358 3665 2409 σὺ·

2137 2456 2229 2510 τδν
2260 2456 2353 2524 ὑφ’
2379 2451 2544 2508 αὑτοῦ
2579 2454 3052 2524 περιτρεπόμενον
3091 2451 3520 2520 ἐπιδεδείχαμεν.
3546 2446 3667 2517 11ρῶ-

2136 2565 2229 2602 τον
2261 2547 2362 2616 μὲν
2391 2542 2484 2600 οὗν
2511 2549 2688 2600 έκεῖνο
2719 2545 3012 2614 ελεγκτέον
3045 2543 3385 2613 ψευδόμενον
3417 2539 3581 2604 αὑτὸν,
3603 2539 3667 2591 ὃτι

2136 2640 2201 2710 δὴ
2235 2639 2486 2709 πρώτους
2521 2637 2660 2708 μετὰ
2692 2636 2962 2706 Σωκράτη
2997 2636 3166 2704 φησὶν
3215 2634 3384 2703 ἄρξαι
3437 2630 3525 2686 τοῦ
3569 2629 3668 2698 περὶ

2137 2732 2295 2786 εἰδῶν
2326 2729 2521 2786 τούτου
2562 2729 2746 2796 λόγου,
2780 2729 2875 2782 τδν
2911 2728 3181 2781 Πλάτωνα
3213 2726 3459 2796 δηλονότι
3506 2722 3666 2790 λέγων.

2135 2825 2425 2878 ⁴Ιδσλνονται
2490 2822 2545 2876 δὲ
2596 2821 2693 2874 καὶ
2755 2820 2864 2890 πρὸ
2914 2820 3199 2882 Πλάτωνος
3257 2819 3310 2870 οἱ
3359 2815 3670 2886 Πυθαγόρειοι

2137 2915 2310 2987 ταύτῃ
2352 2915 2626 2986 χρώμενοι
2669 2915 2736 2982 τῇ
2785 2913 2935 2983 δόξῃ,
2986 2911 3062 2974 ὡς
3115 2913 3179 2964 ἑκ
3219 2908 3320 2962 τοῦ
3355 2907 3569 2978 Τιμαίου
3598 2904 3670 2957 τοῦ

2137 3007 2349 3077 Λοκροῦ
2381 3006 2592 3074 βιϐλίου
2621 3005 2737 3058 ιστι
2768 3003 2978 3057 λαϐεῖν.
3007 3001 3112 3055 Τὸν
3164 3003 3276 3070 γὰρ
3307 2999 3527 3069 οὐρανὸν
3551 2995 3672 3050 τόνδε

2138 3101 2424 3169 συνίστησι
2466 3096 2658 3166 νοητοῦ
2708 3095 3156 3167 παραδείγματος
3203 3093 3302 3147 τοῦ
3356 3089 3574 3146 ίδανικοῦ
3599 3088 3672 3140 x6-

2139 3209 2276 3260 σμου
2307 3192 2511 3244 εἰκόνα.
2537 3189 2648 3243 Καὶ
2672 3189 2832 3241 τοῦτο
2878 3189 2977 3255 μὲν
3025 3185 3190 3240 οὕτω.
3245 3185 3456 3238 Ἐκεῖνο
3486 3183 3538 3235 δὲ
3580 3179 3674 3242 πῶς

2140 3285 2240 3338 οῦκ
2274 3283 2482 3345 ἀδικεῖς
2518 3281 2578 3334 ού
2611 3279 2907 3349 συνώνυμα
2932 3279 3062 3348 τᾶλλ’
3087 3277 3364 3348 ὁμώνυμα
3388 3278 3494 3337 τοῖς
3518 3273 3675 3340 αίσθη-

2140 3381 2253 3439 τοῖς
2285 3375 2354 3429 τὰ
2391 3375 2506 3443 είδη
2534 3373 2838 3444 τιθεμένων
2865 3371 2974 3426 τῶν
3000 3388 3066 3439 γε
3093 3369 3209 3439 είδη
3245 3369 3541 3434 ἀξιούντων
3564 3361 3676 3419 εἶναι

2141 3469 2302 3530 αὐτὸς
2345 3467 2668 3537 βιαζόμενος
2702 3464 2998 3534 συνώνυμα
3030 3462 3358 3530 ἀποφαίνει.
3389 3461 3462 3516 Οὐ
3486 3459 3587 3527 γὰρ
3615 3454 3674 3523 τῷ

2139 3561 2210 3614 τὰ
2239 3561 2338 3630 μὶν
2365 3562 2513 3615 ἀΐδια
2543 3553 2706 3620 εἷναι,
2734 3557 2891 3627 φησὶ,
2913 3556 2979 3608 τά
3007 3556 3062 3608 δὲ
3085 3555 3308 3624 φθαρτά
3328 3554 3389 3606 οὐ
3421 3551 3676 3618 συνώνυμα

2141 3654 2314 3717 ἔσται,
2337 3654 2461 3705 ἐπεὶ
2487 3652 2660 3705 καὶτὸ
2691 3649 3044 3720 πολυχρόνιον
3077 3647 3270 3700 λευκὸν
3310 3646 3391 3717 τῷ
3426 3643 3675 3713 ὲφημερξῳ

2139 3745 2292 3799 οἰδὲν
2319 3761 2382 3812 γε
2409 3739 2573 3816 ἦττον
2627 3741 2962 3811 συνώνυμον.
2991 3739 3065 3794 Εὖ
3115 3756 3202 3806 γε,
3233 3733 3280 3792 ὦ
3322 3733 3674 3807 Ἀριστότελες,

2140 3841 2188 3892 εί
2239 3837 2318 3906 τῷ
2364 3838 2650 3905 ἑφημερίῳ
2683 3832 2865 3902 λευκῷ
2898 3833 2959 3885 τὸ
2989 3833 3349 3900 πολυχρόνιον
3389 3829 3506 3898 μιν,
3538 3840 3676 3878 πεπι-

2141 3931 2424 4004 ρασμένην
2455 3928 2502 3982 δ’
2531 3930 2680 3991 ὅπως
2703 3926 2907 3997 δήποτε
2941 3925 3067 3995 ἔχον
3093 3924 3195 3994 τὴν
3230 3923 3474 3991 ὕπαρξιν
3501 3921 3584 3973 καὶ
3607 3918 3678 3971 διὰ

2138 4021 2296 4076 τοῦτο
2351 4017 2668 4088 συμδλητὴν
2709 4017 3049 4085 συνώνυμον,
3107 4015 3252 4068 κατὰ
3311 4013 3471 4067 τοῦτο
3513 4011 3596 4064 καὶ
3630 4008 3678 4060 τδ

2139 4111 2380 4183 φθαρτὸν
2416 4110 2494 4179 τῷ
2526 4111 2791 4179 ἀφθάρτῳ
2823 4107 2921 4161 καὶ
2953 4106 3168 4177 οὐδαμῆ
3202 4104 3500 4178 συμϐλητῷ
3530 4100 3674 4156 συνώ-

2139 4223 2306 4276 νυμον
2331 4205 2507 4259 ῑσται.
2554 4203 2664 4256 Καὶ
2694 4202 2810 4264 πῶς
2853 4219 2937 4254 σοι
2965 4202 3027 4254 τὸ
3062 4199 3305 4254 τοιοῦτον
3339 4197 3676 4267 συμπεραίνε·

2137 4314 2228 4350 ται
2253 4313 2268 4361 ;
2308 4293 2472 4348 πόθεν
2497 4293 2541 4346 δ’
2576 4291 2779 4362 ἐμαθες
2817 4290 3108 4360 συμϐλητά
3135 4291 3510 4360 ἀσυμδλήτοις
3531 4301 3677 4354 παρα-ε

2137 4388 2379 4450 ϐάλλειν,
2411 4385 2651 4439 κάπειτα
2680 4383 2741 4436 τὸ
2773 4381 3095 4452 συμϐαῖνον,
3130 4384 3225 4434 ἐπὶ
3253 4383 3367 4434 τῶν
3390 4379 3679 4451 συμϐλητῶν

2138 4477 2276 4530 κάπὶ
2305 4477 2415 4528 τών
2465 4473 2831 4542 ἀσυμϐλήτων
2864 4471 3073 4536 ἀξιοῦν,
3121 4473 3477 4541 συμϐαίνεινς
3508 4474 3554 4524 εί
3592 4470 3679 4538 γάρ

462 4569 797 4639 corruptioni
832 4569 1111 4638 subjectae,
1144 4584 1247 4624 non
1289 4569 1480 4624 ambas
1505 4581 1627 4620 esse
1663 4576 2031 4635 synonymas;

2139 4584 2222 4630 τις
2255 4567 2482 4619 ἐκείνων
2514 4564 2822 4624 ἀκούσειεν,
2869 4554 2948 4616 ὧν
2982 4565 3043 4616 ὲν
3076 4563 3531 4637 τῇυάποδεικτικῇ
3575 4564 3680 4627 περὶ

463 4665 730 4734 siquidem
771 4666 935 4718 etiam
988 4664 1128 4732 longi
1184 4661 1443 4731 temporis
1482 4658 1701 4722 albedo.
1735 4657 1924 4712 eadem
1961 4655 2034 4709 sit

463 4757 821 4814 nihilominus
849 4764 903 4811 et
936 4757 1168 4811 univoca
1212 4752 1448 4810 albedini
1485 4755 1648 4808 unius
1698 4750 1832 4805 diei.
1866 4747 2032 4804 Recte

462 4865 612 4914 sane,
647 4864 680 4903 ο
706 4849 1042 4912 Aristoteles,
1075 4849 1121 4903 si
1148 4846 1382 4901 albedini
1417 4845 1578 4899 unius
1611 4844 1754 4906 diei,
1785 4841 1888 4898 alia
1917 4839 2037 4910 qui-

463 4945 611 5004 dem,
641 4951 699 4995 at
727 4941 934 4995 ﬁnitam
965 4949 1145 4996 tamen
1181 4940 1268 4994 illa
1295 4940 1462 4994 etiam
1501 4935 1909 5009 quodammodo
1938 4936 2035 4988 ba-

465 5035 597 5087 bens
625 5032 1032 5087 sulisistentiam
1063 5042 1112 5086 et
1146 5040 1428 5101 prapterea
1458 5044 1581 5084 cum
1615 5028 1784 5082 altera
1814 5039 2035 5094 compa-

464 5126 568 5180 rari
603 5125 816 5189 idonea,
845 5125 916 5180 sit
938 5140 1235 5197 synonyma
1264 5124 1455 5180 eodem
1479 5124 1642 5179 etiam
1678 5122 1842 5177 modo
1885 5136 2035 5176 mor-

465 5219 572 5273 tale
622 5219 940 5281 immortali.
991 5219 1078 5276 cui
1137 5219 1268 5271 illttd
1326 5217 1475 5273 nullo
1523 5217 1684 5271 modo
1723 5213 2031 5284 comparari

463 5320 663 5383 potest,
699 5312 802 5367 erit
839 5327 1220 5383 synonytnutn.
1243 5311 1308 5364 Et
1340 5326 1599 5380 quanam,
1625 5325 1834 5376 quaeso,
1862 5308 2037 5361 fronte

467 5408 624 5458 talem
661 5404 833 5458 nectis
855 5403 1260 5458 conclusionem
1285 5400 1306 5452 ?
1336 5407 1389 5453 et
1418 5400 1562 5454 unde
1609 5399 1850 5454 didicisti
1883 5413 2033 5478 rotn-

469 5496 730 5567 parabilia
777 5510 900 5550 cum
955 5492 1480 5564 iucomparabilibus
1529 5489 1800 5556 conferre,
1837 5489 2037 5556 illaque

470 5590 553 5644 his
583 5587 782 5660 similig
816 5587 1013 5651 facere,
1050 5594 1107 5639 ut
1135 5585 1215 5639 sic
1241 5585 1498 5651 deinceps
1540 5581 1593 5636 id
1625 5582 1767 5651 quod
1818 5595 2038 5649 compa-

473 5681 740 5733 rabilibus
783 5675 1004 5740 accidit,
1039 5675 1324 5729 existimes
1353 5670 2035 5740 incomparabilibusitem

471 5767 826 5840 contingere?
857 5767 1148 5822 Enimvero
1169 5765 1439 5837 quispiam
1465 5776 1586 5818 tuas
1615 5763 1734 5816 illas
1759 5763 1903 5832 leges
1929 5778 2034 5815 non

473 5862 766 5917 audivisset
797 5900 810 5925 ,
857 5874 990 5929 quas
1031 5860 1145 5927 ipse
1177 5857 1232 5912 in
1270 5855 1550 5924 analylicis
1594 5854 1659 5910 de
1692 5854 1896 5908 ratione
1928 5852 2008 5908 tle-

2141 4659 2474 4725 ἀποδείξεως
2494 4657 2848 4729 ἀκριϐολογῇ,
2871 4654 2932 4708 οὔ
2965 4656 3085 4708 ποτ’
3111 4657 3176 4711 ἀν
3199 4672 3258 4710 σε
3288 4655 3520 4726 οίηθείη,
3536 4653 3678 4714 οὕτως

2136 4748 2364 4820 ψυχρῶς
2390 4747 2556 4800 αὑτὸν
2587 4746 2683 4799 καὶ⁵
2723 4745 2941 4815 φαύλως
2972 4743 3260 4811 ἀνέξεσθαι
3285 4744 3555 4798 δεικνύναι
3576 4740 3681 4810 περὶ

2137 4845 2263 4898 δτου
2298 4843 2366 4895 ἂν
2404 4839 2646 4911 πρόθοιο.
2683 4838 2876 4906 Ἡμεῖς
2907 4837 2964 4890 δέ
2994 4853 3057 4906 γε
3126 4839 3282 4906 ίσμεν
3317 4837 3420 4907 μιν
3450 4835 3679 4906 ὁμώνυμα

2137 4938 2252 4998 τοῖς
2309 4931 2590 5001 αίσθητοῖς
2647 4931 2772 4992 τοῦς
2810 4930 2879 4981 τά
2929 4927 3047 4999 είδη
3096 4927 3419 4996 τιθεμένους
3464 4924 3593 4981 εἶναί
3633 4938 3681 4975 τε

2138 5025 2426 5094 ἀξιοῦντας
2459 5023 2556 5078 καὶ
2582 5019 2908 5082 καλοῦντας.
2935 5021 3011 5072 Ού
3039 5019 3146 5091 μὴν
3174 5019 3310 5074 ἀλλά
3346 5021 3440 5074 καὶ
3461 5018 3678 5083 δείξομεν

2137 5121 2249 5176 οὐδ’
2276 5119 2450 5181 ἄλλως
2496 5115 2614 5170 ινδν
2663 5113 2803 5167 αὐτὰ
2837 5111 3086 5165 τίθεσθαι
3123 5111 3183 5179 te
3203 5105 3389 5183 ὦνπερ
3429 5108 3678 5165 ὑποτίθεν-

2139 5230 2252 5266 ται.
2303 5208 2734 5280 Παραδείγματα
2762 5207 2870 5275 γὰρ
2902 5207 3127 5260 εἰκόνων
3158 5205 3268 5258 τῶν
3327 5202 3595 5275 αίςιθητῶν
3623 5198 3678 5250 τὰ

2139 5303 2305 5372 νοητά
2355 5300 2724 5354 ὑποτίθενται.
2777 5299 2975 5350 Είκόνα
3029 5298 3086 5350 δὲ
3135 5298 3540 5370 παραδείγματι
3584 5289 3678 5349 πῶς

2139 5394 2206 5448 ἄν
2236 5409 2322 5455 τις
2377 5389 2689 5459 συνώνυμον
2744 5385 2886 5441 εἶναι
2929 5387 3233 5453 ἀξιώσειεν,
3283 5390 3336 5440 εί
3389 5386 3467 5456 μὴ
3491 5384 3578 5438 καὶ
3603 5381 3678 5432 τὸν

2140 5481 2436 5552 ἀνδριάντα
2469 5481 2560 5533 τὸν
2591 5478 2906 5548 Λυσάνδρου
2935 5479 3013 5548 τῷ
3057 5477 3358 5546 Λυσάνδρῳ
3397 5478 3680 5541 συνώνυμον

2139 5571 2282 5626 εῖναι
2314 5572 2588 5638 ἀξιώσειε,
2617 5572 2712 5623 καὶ
2761 5572 2853 5623 τὸν
2895 5569 3231 5640 Ἡρακλέους
3272 5569 3350 5640 τῷ
3410 5563 3673 5638 Ἡρακλεῖς

2155 5665 2328 5730 Ἀλλὰ,
2361 5666 2529 5734 φησὶν
2547 5661 2950 5733 Ἀριστοτέλης,
2977 5661 3119 5717 κατά
3145 5679 3208 5730 γε
3241 5663 3350 5731 γὰρ
3379 5662 3501 5721 τοὺς
3516 5657 3676 5724 λόγους

2142 5757 2266 5820 τοὺς
2301 5757 2406 5808 τῶν
2432 5753 2782 5824 ἐπιστημῶν,
2827 5753 2981 5805 ἔσται
3014 5752 3126 5821 εἴδη
3173 5755 3390 5806 πάντων
3432 5752 3563 5804 ὅσων
3593 5760 3674 5810 περ

2144 5852 2235 5904 καὶ
2261 5846 2561 5917 ἐπιστῆμαί
2593 5847 2720 5912 εἱσι,
2754 5845 2847 5898 καὶ
2883 5843 3024 5898 κατὰ
3057 5845 3114 5898 τὸ
3153 5845 3321 5898 Evt-.1
3355 5841 3574 5906 πολλῶν,
3600 5837 3672 5890 κεί
