3920 6454
241 386 345 443 ιη’]

934 393 1032 453 DE
1065 394 1489 457 PLATONICA
1528 398 1622 459 ET
1659 401 2224 467 ABISTOTELICA
2267 406 2818 470 PHILOSOPHIA.

3390 406 3493 469 918

240 495 347 547 τῶν
401 496 755 565 ἀποφάσεων.
794 501 954 556 Κατὰ
998 503 1055 556 δὲ
1093 504 1153 558 τδ
1194 508 1336 559 νοεῖν
1373 525 1448 573 τι,
1488 509 1813 580 φθαρέντος,

1923 517 2265 572 monstrandi
2309 527 2417 573 tam
2446 519 2669 573 curiose
2700 516 3100 587 praescripsisti,
3137 533 3245 571 non
3276 518 3492 587 quidem

240 588 347 642 τῶν
378 591 655 661 φθαρτῶν.
677 593 863 647 Ταῦτα
887 596 1114 665 ἀσαφῶς
1140 598 1241 667 μέν
1271 616 1386 660 πως
1418 600 1634 671 εἴρηται
1668 604 1815 673 Ἀρι-

241 679 498 737 στοτέλει.
530 685 622 737 Δεῖ
647 683 703 738 δὲ
737 687 884 756 ἡμᾶς
910 688 979 741 τὰ
1008 688 1111 742 ὐπὸ
1146 690 1255 743 τῶν
1281 692 1349 746 τὰ
1369 693 1485 762 είδη
1515 694 1816 764 τιθεμένων

236 772 510 843 λεγόμενα
550 776 820 847 πρότερον
856 780 1212 850 ὲκθεμένους,
1246 783 1391 838 οὕτω
1434 788 1533 856 την
1567 785 1813 857 Ἄριστος

237 864 425 929 τέλους
459 866 702 922 διάνοιαν
737 870 884 942 σαφῆ
921 874 1290 943 καταστῆσαι.
1322 876 1436 947 Τὴν
1479 876 1661 946 ψυχήν
1710 894 1816 944 φα-

239 974 323 1010 σιν
351 960 402 1011 οἰ
436 960 504 1013 τὰ
529 962 645 1033 είδη
680 963 953 1034 τιθέμενοι
1005 967 1497 1037 ἀναλαμϐάνουσαν
1526 970 1582 1033 ἐς
1604 987 1666 1037 γε
1696 970 1818 1023 ἐπι·

238 1053 455 1123 στήμην
498 1055 623 1117 τοὺς
660 1058 773 1119 τοῖς
828 1058 1109 1129 αἰσθητοῖς
1162 1060 1378 1127 λόγους,
1422 1061 1817 1133 ἀκριϐέστερον

236 1145 441 1211 αὐτοὺς
489 1148 715 1217 ἔχοντας
748 1154 845 1207 καὶ
889 1153 1222 1225 τελεώτερον
1256 1154 1315 1207 ἐν
1348 1156 1517 1226 ἑαυτῆ
1573 1155 1749 1226 ἰσχὺν,
1783 1156 1816 1228 ἢ

237 1239 298 1290 ὲν
327 1241 440 1302 τοῖς
468 1241 751 1310 αἰσθητοῖς
804 1244 1010 1314 ἔχουσι.
1060 1247 1134 1300 Τὸ
1177 1246 1270 1301 οὖν
1302 1247 1634 1319 τελεώτερον
1660 1248 1819 1303 τοῦτο

235 1331 334 1385 καὶ
367 1333 766 1406 ἀκριϐέστερον
797 1339 899 1391 οὐκ
933 1340 999 1392 ἄν
1035 1340 1144 1393 ἀπὸ
1172 1342 1282 1394 τῶν
1328 1341 1605 1410 αἰσθητῶν
1644 1343 1818 1412 ἴσχειν

232 1424 337 1493 τὴν
359 1426 542 1496 ψυχὴν
565 1430 591 1482 δ
622 1446 683 1496 γε
720 1432 794 1502 μὴ
830 1432 983 1487 ἔστιν
1024 1437 1083 1488 ὲν
1114 1434 1320 1498 αὐτοῖς.
1357 1436 1482 1491 Οὐδ’
1531 1431 1598 1491 αὖ
1648 1438 1819 1506 μηδα-

237 1516 344 1586 μοῦ
377 1519 562 1573 ἄλλοθι
596 1520 656 1575 δν
682 1523 831 1593 αὐτῷ
858 1524 916 1589 ἐξ
940 1527 1112 1596 αὐτῆς
1134 1528 1490 1583 διανοεῖσθαι.
1523 1529 1659 1582 Οὐδὲ
1705 1529 1818 1599 γὰρ

233 1613 545 1681 πεφυκέναι
572 1615 671 1686 τὴν
700 1616 878 1688 ψυχὴν
902 1622 1128 1689 μηδαμῆ
1163 1621 1223 1675 δν
1251 1640 1303 1675 τι
1338 1624 1689 1676 διανοεῖσθαιο
1720 1623 1818 1683 τὰς

232 1706 347 1777 γὰρ
379 1707 600 1776 ψευδεῖς
631 1709 743 1763 τῶν
768 1710 939 1778 δοξῶν
971 1714 1091 1784 οὐχὶ
1138 1715 1212 1785 μὴ
1259 1714 1449 1775 δντων,
1493 1715 1608 1769 ἀλλ’
1650 1715 1817 1769 ὅντων

238 1799 361 1867 μὲν,
394 1798 571 1853 ἄλλων
597 1800 654 1854 δὲ
689 1802 811 1855 κατ’
837 1803 1012 1857 ἄλλων
1071 1804 1211 1860 εἶναι
1260 1808 1540 1872 συνθέσεις
1569 1808 1724 1872 τινὰς
1756 1808 1815 1861 οὐ

235 1891 384 1946 κατὰ
415 1895 475 1946 τὸ
505 1893 665 1960 ὀρθὸν
710 1898 1031 1965 γινομένας.
1074 1898 1378 1953 Λείπεσθαι
1416 1900 1473 1953 δὲ
1504 1901 1597 1970 ἀφ’
1623 1902 1819 1972 ἑτέρας

234 1985 389 2048 τινὸς
418 1985 633 2054 φύσεως
671 1989 850 2060 πολλῷ
901 1991 981 2043 ἔτι
1031 1991 1347 2062 κρείττονός
1392 2009 1452 2045 τε
1499 1993 1593 2046 καὶ
1623 1994 1821 2047 τελεω-

233 2080 405 2149 τέρας
432 2078 670 2151 ἀφήκειν
700 2085 763 2153 τῇ
804 2082 950 2153 ψυχῇ
982 2083 1043 2138 τδ
1071 2083 1404 2157 τελεώτερον
1427 2084 1589 2139 τοῦτο
1610 2087 1720 2140 τῶν
1761 2088 1818 2139 ἐν

231 2175 349 2235 τοῖς
382 2173 658 2243 αἰσθητοῖς
687 2175 883 2243 λόγων.
913 2176 1056 2248 Πρὸς
1102 2176 1274 2232 ταῦτα
1315 2179 1711 2248 Ἀριστοτέλης,
1757 2180 1819 2233 Εἰ

233 2263 379 2317 κατὰ
408 2264 537 2327 τοὺς
595 2265 940 2334 ἐπιστημῶν,
991 2269 1147 2338 φησι,
1183 2266 1376 2336 λόγους
1428 2267 1503 2331 ὡς
1531 2269 1595 2340 δὴ
1630 2269 1739 2322 τῶν
1763 2271 1820 2322 ὲν

181 2398 190 2407 .
228 2356 350 2418 τοῖς
375 2356 658 2426 αἰσθητοῖς
689 2357 1177 2429 τελεωτέρου;,δεῖ
1210 2354 1351 2413 εἶναι
1380 2359 1446 2413 τὰ
1489 2360 1626 2430 εἴδη,
1662 2360 1819 2415 ἔσται

232 2448 333 2500 καλ⁸
371 2449 589 2501 πάντων
627 2450 764 2503 ὅσων
821 2467 929 2521 περ
987 2452 1080 2505 καὶ
1134 2452 1442 2521 ἐπιστῆμαί
1489 2454 1647 2517 εἰσιν,
1678 2453 1816 2524 εἴδη.

233 2540 396 2593 Κατὰ
424 2540 478 2592 δὲ
511 2540 571 2592 τὸ
600 2545 739 2595 νοεῖν
762 2559 813 2595 τι
848 2544 974 2611 περί
1014 2561 1161 2607 τινος
1200 2545 1525 2616 φθαρέντος,
1562 2549 1616 2600 ετ
1644 2564 1706 2613 γε
1744 2546 1819 2616 μὴ

230 2633 416 2685 ἔνεστι
444 2638 508 2702 τῇ
540 2634 684 2704 ψυχῇ
731 2636 804 2707 μὴ
835 2636 895 2688 δν
933 2654 984 2688 τι
1022 2638 1188 2697 νοεῖν,
1232 2636 1387 2689 ἔσται
1437 2638 1532 2689 καὶ
1582 2638 1816 2691 ἑκάστου

228 2723 344 2774 τῶν
375 2724 628 2793 φθαρτῶν
652 2726 782 2779 ίδιον
802 2725 962 2788 εἶδος.
990 2727 1065 2779 Τὸ
1087 2727 1142 2779 δὲ
1163 2727 1349 2781 λοιπὸν
1384 2728 1814 2797 ’Δριστοτέλους,

227 2815 295 2868 τὸ
343 2815 485 2869 κατὰ
538 2816 598 2867 τὸ
638 2814 695 2868 ἓν
750 2816 842 2868 ἐπὶ
898 2816 1135 2881 πολλῶν,
1185 2817 1420 2870 καὶτῶν
1454 2819 1811 2887 ἀποφάσεων,

230 2913 490 2980 βούλεται
522 2912 665 2966 τόδε.
708 2914 820 2983 Οὐχ
852 2907 964 2965 οἷόν
1002 2930 1061 2965 τε
1117 2908 1280 2976 εἶναι,
1309 2914 1477 2979 φασιν
1517 2914 1566 2966 οἰ
1607 2914 1671 2966 τὰ
1703 2913 1817 2984 εἴδη

228 3002 537 3065 τιθέμενοι,
562 3001 782 3064 πολλοῖς
816 3001 873 3054 ἓν
908 3020 959 3054 τι
982 3002 1077 3055 καὶ
1115 3003 1313 3055 ταυτὸν
1343 3002 1552 3072 έχουσι,
1577 3002 1636 3055 τὸ
1653 3002 1820 3055 ταυτδ

224 3094 394 3149 τοῦτο
425 3095 609 3157 αὐτοῖς
644 3095 752 3147 ἀπὸ
793 3093 887 3146 τοῦ
926 3095 1238 3163 αὐτομάτου
1290 3090 1454 3148 εἶναι.
1504 3094 1578 3148 Οὐ
1615 3094 1724 3163 γὰρ
1755 3093 1821 3147 ἂν

224 3184 347 3242 οἷόν
375 3205 433 3241 τε
467 3182 610 3240 εἶναι
654 3187 918 3255 τετάχθαι
970 3186 1106 3239 ἄττα
1166 3184 1453 3250 ὡσαύτως,
1486 3186 1606 3257 ἢτοι
1640 3187 1748 3249 ἀεὶ,
1782 3186 1813 3254 ἢ

225 3281 330 3335 καὶ
359 3281 433 3342 ὡς
456 3279 524 3333 τὰ
555 3279 726 3332 πολλᾶ
778 3279 884 3330 ἀπὸ
937 3278 1030 3331 τοῦ
1062 3278 1403 3347 αὐτομάτου.
1434 3278 1569 3343 ξΔέοι
1599 3276 1665 3330 ἂν
1709 3276 1817 3346 ἄρα

225 3374 489 3436 ἑκάστοις
522 3372 580 3425 ἓν
617 3389 668 3426 τι
699 3372 795 3424 καὶ
832 3370 1029 3423 ταυτὸν
1061 3370 1184 3422 καθ’
1214 3369 1348 3423 αὐτὸ
1395 3371 1581 3439 έχουσι
1622 3368 1718 3421 καὶ
1753 3369 1815 3421 οὐ

222 3467 376 3522 κατὰ
424 3464 794 3534 συμϐεϐηκὸς.
844 3463 903 3515 ἓν
956 3480 1007 3515 τι
1062 3461 1346 3531 ἐξαίρετον
1391 3462 1714 3524 ἐφεστάναι,
1757 3460 1817 3513 τὸ

222 3564 347 3623 τοῖς
381 3558 591 3621 πολλοῖς
643 3558 705 3610 τὸ
751 3557 871 3610 κατ’
922 3555 1087 3609 αὐτὸν
1142 3555 1398 3625 παρέξον.
1458 3555 1606 3624 Πρὸς
1656 3553 1817 3607 τοῦτο

217 3648 649 3720 ⁸·Αριστοτέλης,
680 3649 774 3700 καὶ
814 3646 956 3699 κατὰ
1010 3645 1070 3698 τὸ
1104 3646 1183 3700 ἓν.
1217 3648 1403 3715 φησιν,
1432 3645 1526 3697 ἐπὶ
1577 3644 1815 3709 πολλῶν,

221 3744 328 3798 καὶ
354 3742 463 3795 τῶν
494 3741 846 3809 ἀποφάσεων.
875 3738 1114 3809 Δηλαδὴ,
1145 3738 1194 3790 εἰ
1227 3739 1370 3791 κατὰ
1408 3739 1467 3791 τὸ
1493 3740 1552 3791 ἓν
1578 3756 1629 3790 τι
1674 3734 1816 3791 εἶναι

218 3838 347 3899 τοῖς
382 3835 693 3906 ἀνθρώποις
722 3834 823 3903 τὴν
856 3832 1287 3903 ἀνθρωπότητα,
1319 3833 1401 3885 δεῖ
1451 3850 1503 3885 τι
1534 3828 1676 3885 εἰναι
1722 3832 1819 3885 καὶ

222 3932 288 3985 ἓν
344 3927 629 4000 ἐξαίρετον
678 3926 739 3979 τὸ
778 3926 878 3996 τὴν
910 3924 1315 3996 ἀνθρωπὸτητα
1364 3923 1552 3985 αὐτοῖς
1608 3925 1816 3992 ταύτην

220 4023 492 4093 παρέξον,
516 4020 632 4073 δέον
666 4019 731 4072 ἂν
758 4019 855 4070 καὶ
883 4020 996 4079 τοῖς
1026 4016 1125 4069 οὐκ
1153 4016 1464 4083 ἀνθρώποις
1494 4011 1637 4069 εἷναί
1671 4032 1723 4068 τι
1757 4014 1817 4067 ἐν

219 4117 288 4171 τὸ
319 4116 420 4185 τὴν
453 4114 554 4167 οὐκ
591 4109 991 4181 ἁνθρωπότητα
1030 4110 1216 4170 αὐτοῖς
1255 4107 1516 4178 παρέξον.
1557 4108 1666 4162 Καὶ
1706 4108 1817 4179 γὰρ

220 4211 326 4263 καὶ
360 4206 573 4268 τούτοις
607 4204 666 4257 ἓν
721 4221 774 4255 τι
816 4203 913 4255 καὶ
943 4202 976 4270 ἡ
1010 4200 1113 4254 οὐκ
1180 4199 1543 4271 ἀνθρωπότης
1597 4198 1818 4260 πολλοῖς

219 4317 292 4368 γε
361 4296 534 4359 οὖσιν,
591 4294 782 4362 ῶσπερ
842 4293 939 4345 καὶ
986 4294 1099 4356 τοῖς
1167 4290 1482 4361 ἀνθρώποις
1514 4291 1549 4360 ἡ
1600 4289 1816 4359 ἀνθρω-

219 4392 426 4460 πότης.
462 4387 652 4442 Ταῦτα
717 4386 818 4455 μὲν
873 4378 968 4438 οὖν
1039 4384 1106 4436 τὰ
1167 4382 1619 4451 Ἀριστοτέλους·
1681 4383 1817 4449 ἡμῖν

218 4486 268 4538 δ’
306 4483 525 4553 ἀνάγκη
555 4475 646 4554 οἷᾴ
678 4498 737 4533 τε
784 4479 855 4532 τὰ
905 4478 1023 4546 εἴδη
1056 4477 1152 4531 καὶ
1174 4477 1322 4537 ὅπως
1353 4474 1549 4544 ἔχοντα
1584 4476 1632 4527 οἰ
1674 4474 1815 4528 τιθέο

1919 608 2251 666 existimatio
2293 619 2527 665 mentem
2573 610 2858 680 obreperet
2887 619 2997 664 tam
3051 608 3245 677 frigide
3278 618 3497 679 tamque

1920 716 2172 770 perverse
2204 702 2435 771 teipsum
2470 702 2652 759 conari
2701 703 2815 756 haec
2846 704 3247 763 demonstrare,
3281 698 3347 753 de
3376 699 3499 765 qui-

1918 792 2021 847 bus
2047 794 2154 862 jam
2185 795 2532 850 disserimus.
2565 793 2672 849 Nos
2698 810 2827 849 vero
2857 794 3061 849 scimus
3088 803 3255 854 certo,
3274 791 3342 844 ab
3363 789 3495 849 illis.

1918 887 2010 957 qui
2059 880 2270 956 species
2296 888 2715 958 amplectuntur,
2757 887 2969 957 species
2999 900 3105 939 non
3140 898 3492 957 synonymas,

1919 976 2013 1032 sed
2034 978 2390 1047 cognomines
2420 978 2538 1034 sive
2564 978 2873 1047 aequivocas
2918 977 3083 1033 rebus
3132 976 3319 1031 sensui
3371 972 3498 1027 sub-

1918 1066 2078 1135 jectis
2114 1075 2168 1121 et
2198 1068 2501 1125 existimari
2536 1076 2587 1122 et
2620 1068 2905 1138 appellari.
2936 1065 3203 1123 Caeterum
3247 1064 3496 1121 ostende-

1921 1174 2042 1213 mus
2073 1159 2222 1216 nullo
2270 1161 2431 1215 modo
2483 1176 2604 1217 esse
2652 1170 2910 1229 cognatas
2957 1161 3073 1216 sive
3118 1172 3495 1230 synonymas,

1919 1249 2273 1319 ejusdemque
2302 1266 2526 1321 prorsus
2554 1262 2784 1319 natum,
2814 1267 2878 1307 ex
2913 1250 2981 1307 iis
3019 1250 3331 1321 ρτὶηεὶιιῖῖεν
3366 1247 3494 1318 ψιῖο

1920 1344 2022 1401 [ras
2048 1344 2123 1400 illi
2168 1354 2417 1401 utuntur.
2459 1345 2827 1416 lntelligibiiia
2864 1359 3099 1414 namque
3167 1345 3278 1408 illa,
3315 1358 3496 1396 rerum

1919 1438 2104 1493 sensui
2140 1440 2506 1508 subjectarum
2538 1449 2799 1509 tanquam
2829 1439 3121 1504 imaginem
3161 1432 3489 1513 exemplaria

1924 1528 2153 1586 faciunt.
2200 1530 2495 1601 Imaginem
2557 1540 2738 1587 autem
2816 1546 3053 1599 quanam
3095 1530 3245 1599 quis~
3289 1514 3500 1581 ratione

1921 1621 2217 1692 exemplari
2248 1633 2529 1694 cognatam
2566 1624 2680 1678 sive
2709 1623 2996 1677 univocam
3050 1635 3175 1676 esse
3213 1618 3498 1674 existima-

1922 1714 2083 1777 verit,
2116 1712 2222 1768 nisi
2264 1713 2404 1770 forte
2437 1715 2580 1771 idem
2605 1715 2771 1770 etiam
2808 1722 3043 1768 statuam
3094 1711 3363 1783 Lysandri
3402 1725 3498 1765 eo-

1921 1818 2139 1877 gnatam
2165 1807 2281 1863 sive
2308 1807 2591 1863 univocam
2611 1806 2895 1880 Lysandro
2916 1815 2969 1861 et
2990 1804 3496 1861 Herculisstatuam

1925 1896 2147 1954 Herculi
2179 1915 2537 1970 synonymam
2570 1900 2825 1971 appellet.
2862 1897 3055 1953 Verum
3093 1898 3371 1952 enimvero
3416 1896 3501 1951 his

1923 1989 2244 2045 Aristoteles
2267 1991 2440 2045 utitur
2460 1991 2771 2046 rationibus
2789 1998 2844 2044 et
2868 1989 2947 2044 sic
2977 1988 3175 2058 inquit,
3198 1986 3501 2041 secundum

1925 2097 2163 2153 namque
2198 2084 2458 2148 rationes,
2486 2100 2607 2154 quae
2657 2099 2722 2138 ex
2774 2078 3042 2145 scientiis,
3083 2082 3291 2150 species
3342 2086 3505 2133 erunt

1923 2177 2193 2241 omnium,
2229 2191 2463 2246 quorum
2527 2180 2769 2233 scicntia:
2821 2186 2969 2241 sunt,
3006 2177 3308 2233 secundum
3369 2188 3503 2227 vero

1927 2282 2092 2320 unum
2126 2266 2180 2320 in
2215 2267 2404 2324 multis
2435 2277 2487 2322 et
2511 2269 2889 2339 negationum.
2922 2272 2990 2324 At
3020 2268 3324 2325 secundum
3353 2264 3501 2334 quod

1922 2359 2243 2427 intelligitur
2277 2361 2583 2431 quippiam,
2615 2377 2680 2417 eo
2705 2370 2987 2432 corrupto,
3014 2362 3181 2416 etiam
3222 2357 3502 2427 corrupti-

1923 2450 2140 2506 bilium.
2188 2451 2312 2508 Haec
2366 2454 2586 2523 quidem
2649 2454 2883 2510 obscure
2918 2452 3324 2525 quodammodo
3358 2450 3502 2504 dicta

1922 2554 2054 2600 sunt
2088 2545 2154 2599 ab
2182 2544 2494 2601 Aristotele.
2521 2547 2752 2617 Oportet
2784 2549 2965 2617 itaque
3004 2563 3102 2601 nos
3148 2545 3301 2615 prius
3333 2542 3502 2611 expli-

1922 2648 2049 2688 care
2080 2634 2169 2687 illa
2215 2652 2336 2705 quas
2365 2637 2531 2691 abiis
2571 2637 2853 2704 dicuntur,
2893 2637 2983 2705 qui
3031 2636 3242 2706 species
3291 2632 3505 2688 cons:i-

1926 2732 2115 2789 tuum,
2149 2737 2312 2793 atque
2364 2728 2444 2781 sic
2477 2729 2735 2797 deinceps
2769 2729 3082 2784 Aristotelis
3116 2737 3351 2781 nierttem
3389 2726 3505 2794 pla-

1924 2831 2049 2870 nam
2102 2816 2302 2873 facere.
2355 2819 2433 2873 Illi
2472 2819 2654 2890 itaque
2687 2820 2987 2874 formarum
3026 2820 3143 2874 sive
3190 2819 3502 2889 specierum

1925 2919 2181 2965 auctores
2210 2915 2538 2982 patronique
2568 2913 2744 2978 aiunt,
2778 2914 2923 2982 quod
2952 2914 2996 2967 si
3040 2912 3281 2967 rationes
3320 2927 3501 2966 rerum

1927 3003 2184 3056 sensibus
2238 3003 2610 3072 subiectarum
2667 3004 2741 3059 ita
2790 3005 2977 3059 animo
3009 3002 3409 3071 concipiantur,
3446 3012 3505 3056 ιιι

1927 3088 2047 3145 illas
2078 3093 2299 3148 animus
2332 3094 2562 3152 scientia
2596 3096 2899 3159 contineat,
2954 3102 3068 3148 tum
3119 3093 3359 3148 rationes
3398 3093 3503 3147 illa:

1926 3185 2238 3241 accuratius
2286 3201 2347 3241 se
2378 3186 2576 3242 habent
2605 3186 3011 3256 perfectiusque
3045 3185 3099 3239 iu
3133 3184 3328 3254 seipsis
3360 3201 3497 3240 con-

1924 3278 2148 3337 sistunt,
2184 3292 2347 3346 quam
2391 3278 2442 3331 in
2480 3279 2645 3333 rebus
2675 3294 2734 3333 se
2769 3279 2993 3343 habent,
3032 3293 3152 3349 quae
3190 3294 3353 3334 sensu
3383 3295 3507 3348 per-

1921 3370 2221 3440 cipiunlur.
2253 3372 2560 3428 Perfectius
2593 3373 2777 3442 itaque
2808 3373 2938 3428 illud
2990 3381 3155 3441 atque
3190 3373 3505 3428 accuratius

1920 3478 2031 3519 non
2063 3479 2093 3517 a
2122 3463 2287 3518 rebus
2315 3464 2499 3519 sensui
2523 3465 2783 3533 subjectis
2810 3465 3081 3520 obtinebit
3106 3465 3323 3519 animus
3346 3464 3490 3533 quod

1920 3555 2142 3623 quidem
2178 3571 2285 3610 non
2315 3566 2400 3612 est
2430 3556 2482 3609 in
2515 3554 2670 3625 ipsis,
2700 3572 2877 3626 neque
2903 3572 3091 3611 rursus
3118 3556 3170 3610 id
3200 3557 3340 3626 quod
3370 3556 3499 3608 alibi

1921 3661 2191 3714 nusquam
2223 3646 2473 3711 exsistat,
2500 3647 2717 3702 animus
2758 3662 2822 3701 ex
2857 3649 3037 3717 scipso
3074 3646 3371 3716 concipiet.
3401 3645 3508 3699 Nc-

1920 3753 2028 3808 que
2049 3738 2192 3791 enim
2219 3737 2358 3793 solet
2387 3737 2604 3792 animus
2636 3738 2686 3792 id
2716 3738 2859 3807 quod
2891 3753 3164 3807 nusquam
3196 3748 3299 3802 est,
3326 3738 3506 3807 aliqua

1918 3846 1985 3885 ex
2018 3832 2171 3898 parte
2195 3829 2486 3897 concipere
2525 3847 2539 3886 :
2580 3829 2625 3884 si
2658 3830 2879 3899 quidem
2906 3829 3194 3884 mendaces
3218 3829 3504 3898 Opiniones

1922 3934 2032 3977 tum
2070 3922 2472 3990 concipiuntur,
2504 3924 2726 3991 quando
2759 3939 2864 3976 non
2890 3937 2953 3976 ca
2979 3923 3221 3992 quidem,
3246 3939 3367 3993 quae
3390 3939 3497 3976 non

1920 4022 2069 4081 ειιιιι,
2115 4017 2207 4068 sel
2233 4028 2297 4068 ea
2326 4029 2447 4082 quae
2478 4024 2606 4068 sunt
2639 4015 2745 4067 alia
2779 4014 2901 4069 aliis
2937 4030 3045 4069 non
3084 4025 3227 4068 recte
3276 4016 3505 4082 conjun-

1919 4113 2138 4179 guntnr.
2165 4105 2306 4160 Hinc
2337 4106 2506 4174 igitur
2532 4106 2688 4177 sequi
2720 4107 2900 4171 aiunt,
2933 4115 2992 4161 ut
3024 4106 3092 4160 ab
3121 4106 3224 4161 alia
3264 4107 3500 4178 quadam

1919 4197 2098 4251 adhuc
2139 4197 2516 4265 praeStantiore
2570 4205 2625 4250 et
2676 4195 3005 4265 perfectiore
3052 4203 3271 4261 natura,
3325 4194 3506 4265 perfe-

1918 4289 2060 4345 ctius
2093 4290 2223 4345 illud
2257 4305 2443 4344 earum
2479 4289 2752 4345 rationnm
2781 4330 2797 4354 ,
2844 4305 2968 4361 qua
2998 4291 3053 4345 in
3106 4292 3266 4345 rebus
3316 4291 3504 4346 sensui

1919 4381 2186 4451 subjectis
2226 4391 2373 4445 sunt,
2430 4380 2649 4436 animus
2700 4382 3057 4450 adipiscatur.
3092 4379 3211 4436 Jam
3242 4382 3507 4437 adversus

1922 4474 2035 4527 liaac
2064 4474 2389 4529 Aristoteles
2427 4475 2625 4542 inquit,
2661 4476 2705 4529 si
2738 4476 3038 4529 secundum
3070 4476 3337 4541 rationes,
3379 4491 3501 4543 qua:

223 4594 393 4650 μενοι
440 4573 688 4642 ἀξιοῦσιν
751 4569 895 4626 εἶναι
952 4571 1222 4641 πρότερον
1275 4568 1620 4638 ὲκθεμένοις,
1674 4568 1816 4620 οὕτω

1921 4580 1987 4619 ex
2029 4565 2305 4631 scientiis,
2340 4576 2528 4635 utpote
2560 4581 2625 4621 ex
2664 4566 2730 4621 iis
2766 4582 2887 4636 quae
2922 4578 3047 4621 sunt
3094 4568 3451 4634 perfectiores
3488 4605 3500 4627 ,

219 4669 368 4739 πρὸς
397 4666 464 4720 τὰ
524 4664 931 4736 Ἀριστοτέλους
963 4664 1211 4732 ἀπαντᾷν
1233 4702 1247 4723 ,
1280 4660 1424 4713 οὕτω
1465 4661 1575 4728 γὰρ
1618 4660 1684 4714 ἂν
1720 4676 1815 4712 σα-

218 4761 477 4830 φέστατα
509 4756 816 4827 ἐλεγχθείη,
844 4756 913 4809 τὰ
950 4755 1051 4826 μὲν
1082 4752 1460 4821 συκοφαντῶν,
1489 4753 1557 4807 τὰ
1584 4752 1628 4805 δ’
1662 4752 1815 4832 οὐδὲν
1858 4800 1861 4801 ,

220 4852 538 4922 περαίνων.
574 4853 648 4905 Οὐ
674 4850 831 4904 τοῦδε
865 4849 960 4904 τοῦ
995 4849 1228 4920 οὐρανοῦ
1268 4847 1607 4918 δημιουργὸν
1646 4863 1817 4917 προσ-

219 4947 336 5018 εχῆ
391 4945 483 4998 τὸν
527 4946 713 5015 ἄκρως
764 4943 970 5012 ἀγαθὸν
994 4942 1129 4997 Θεδν
1182 4944 1230 4995 οἰ
1271 4942 1341 4995 τὰ
1389 4942 1505 5011 εῐδη
1537 4940 1814 5009 τιθέμενοι

216 5039 481 5106 ἀξιοῦσιν
514 5035 674 5103 εἶναι,
726 5037 843 5091 ἀλλ’
883 5038 1075 5108 ἑτέρας
1130 5037 1399 5107 πρότερον
1454 5035 1673 5104 φύσεως
1721 5036 1816 5089 καὶ

213 5132 414 5195 οὐσίας
448 5130 628 5201 ἑαυτῷ
658 5148 716 5184 τε
752 5128 1188 5198 συγγενεστέρας
1218 5130 1311 5181 καὶ
1350 5127 1574 5189 αἰωνίας
1622 5126 1708 5181 ἀεί
1756 5144 1814 5180 τε

215 5221 485 5276 καὶ.κατ’
523 5221 662 5275 αὐτὰ
721 5219 984 5282 ὡσαύτως
1043 5218 1298 5289 ἐχούσης,
1341 5219 1433 5273 τὸν
1486 5218 1529 5272 δ’
1582 5219 1814 5288 οὐρανὸν

214 5313 382 5368 τόνδε
418 5312 487 5367 δι’
518 5315 736 5383 ὲκείνης
772 5313 871 5384 ἤδη
901 5312 1001 5383 τῆς
1031 5312 1223 5374 οὐσίας
1264 5313 1358 5364 καὶ
1384 5311 1445 5364 οὐ
1499 5312 1621 5363 κατ’
1644 5309 1812 5363 αὐτὸν

211 5407 292 5462 δι’
317 5406 484 5459 αὐτοῦ
516 5408 1079 5479 δεδημιουργηκέναι.
1123 5404 1375 5477 Ἐκείνην
1402 5421 1462 5458 τε
1496 5405 1596 5476 τὴν
1623 5405 1815 5457 οὐσίαν

214 5501 280 5560 ἐς
321 5497 417 5550 ἕνα
447 5514 506 5550 τε
539 5500 730 5566 νοητὸν
783 5498 991 5567 κόσμον
1045 5498 1379 5559 συνιστᾶσιν,
1410 5496 1470 5549 δν
1516 5499 1546 5549 ὁ
1592 5495 1803 5565 Λοκρὸς

211 5591 461 5660 Τίμαιος
523 5592 760 5646 ίδανικδν
824 5575 1017 5657 καλεῖ,
1057 5590 1258 5661 δηλαδή
1314 5590 1539 5646 εἰδικόν.
1600 5590 1709 5643 Καὶ
1751 5590 1815 5641 ἐκ

212 5682 455 5735 πάντων
494 5698 553 5734 τε
607 5684 707 5738 καὶ
759 5681 1033 5734 παντοίων
1061 5680 1219 5733 εἱδῶν
1251 5679 1593 5743 συντιθέντες
1622 5680 1729 5732 νῶν
1757 5695 1815 5731 τε

211 5774 341 5827 τῶν
370 5773 571 5837 αὐτῶν,
627 5773 725 5825 ἕνα
779 5771 856 5841 τῷ
900 5771 1007 5841 ὅλῳ
1040 5772 1232 5843 κόσμῳ
1271 5771 1447 5841 τούτῳ
1482 5770 1689 5841 νοητῷ,
1724 5770 1816 5824 τὸν

220 5861 566 5919 τελεώτατον
620 5865 872 5934 ἐφιστᾶσι
920 5863 1070 5929 γοῦν,
1104 5864 1170 5919 τὰ
1206 5863 1489 5935 δευτερεῖα
1523 5863 1620 5932 τῆς
1671 5853 1827 5919 κατα’

1924 4672 2085 4727 quam
2121 4672 2200 4713 ea:
2230 4673 2351 4728 qua:
2379 4672 2507 4713 sunt
2535 4658 2589 4712 in
2623 4659 2787 4713 rebus
2823 4662 3007 4713 sensui
3040 4658 3321 4725 subjectis,
3344 4674 3505 4727 Opor-

1923 4758 2002 4805 tet
2029 4766 2153 4806 esse
2174 4752 2389 4821 species
2412 4753 2525 4806 sive
2553 4750 2780 4815 formas,
2811 4761 2920 4804 tum
2945 4760 3104 4805 erunt
3125 4751 3287 4804 etiam
3314 4749 3504 4805 forma:

1921 4840 2167 4895 omnium
2203 4856 2411 4903 rerum,
2447 4855 2792 4909 qumcunque
2847 4838 3075 4895 Scientia
3122 4840 3502 4897 continentur.

1917 4932 1987 4987 At
2020 4936 2319 4987 secundum
2350 4932 2494 5001 quod
2528 4931 2844 5001 intelligitur
2879 4930 3181 5002 quippiam,
3221 4933 3515 5003 quodjam

1919 5024 2211 5090 interierit,
2244 5024 2289 5079 si
2319 5023 2479 5079 modo
2501 5024 2718 5077 animus
2745 5025 2795 5078 id
2817 5022 2963 5094 quod
2996 5039 3104 5079 non
3132 5025 3356 5081 exsistit
3391 5042 3499 5081 non

1917 5117 2213 5185 concipiat.
2247 5115 2599 5186 intelligatve,
2628 5125 2789 5170 erunt
2815 5116 2979 5171 etia'n
3014 5118 3353 5189 singulorum
3380 5132 3503 5172 cor-

1916 5209 2251 5279 ruptibilium
2281 5209 2515 5279 proprie
2546 5209 2929 5278 formamnod
2962 5212 3208 5283 sequitur
3239 5212 3293 5267 in
3320 5213 3517 5268 verbis

1913 5301 2251 5367 Aristotelis,
2308 5301 2404 5355 ubi
2458 5301 2629 5366 dicit,
2686 5306 2989 5359 secundum
3042 5320 3174 5361 vero
3225 5320 3393 5358 unum
3445 5305 3501 5359 in

1923 5395 2134 5471 multis,
2161 5405 2216 5449 et
2248 5395 2624 5465 negationem,
2658 5395 2806 5451 hunc
2842 5398 3005 5451 habet
3053 5412 3302 5452 sensum.
3335 5394 3506 5449 Aiunt

1918 5491 2007 5560 qui
2058 5489 2207 5545 ideas
2254 5489 2579 5551 defendunt.
2637 5505 2742 5544 non
2791 5504 2952 5560 posse
3005 5490 3142 5551 ﬁeri,
3196 5497 3256 5543 ut
3314 5489 3504 5545 multis

1922 5597 2091 5636 unum
2118 5592 2173 5636 et
2207 5581 2350 5636 idem
2383 5581 2663 5653 quidpiam
2697 5581 3047 5646 habentibus,
3071 5580 3202 5635 illud
3234 5581 3371 5635 idem
3402 5594 3503 5634 sua

1918 5685 2113 5747 sponte
2142 5684 2197 5730 et
2229 5681 2437 5731 temere
2462 5674 2762 5741 contingat.
2790 5671 2975 5743 Neque
3004 5673 3146 5727 enim
3173 5687 3333 5742 posse
3358 5672 3497 5737 ﬁeri,

1921 5780 1980 5824 ut
2029 5767 2213 5838 aliqua
2255 5777 2349 5822 aut
2403 5783 2619 5842 semper
2673 5780 2759 5820 aut
2807 5775 2864 5820 ut
2921 5766 3217 5835 plurimum
3264 5766 3500 5835 ,εθιιυίιο

1920 5859 2160 5934 quodam
2214 5875 2347 5917 casu
2402 5857 2651 5916 eutndcm
2690 5867 2905 5916 servent
2952 5858 3223 5914 ordinem.
3267 5860 3515 5931 Oportet»

3898 5248 3901 5305 Α

3895 5410 3899 5455 ι

3895 5600 3899 5653 φ

3895 5680 3897 5757 l

3895 5776 3897 5870 ἶ
