3920 6454
468 295 570 359 9i9

1692 293 2018 356 GEORGII
2051 292 2486 358 PLETHONIS
3566 305 3644 368 920

468 411 655 480 itaque
687 412 918 480 singulis
948 427 1043 482 per
1075 430 1135 470 se
1164 424 1216 470 et
1257 431 1362 470 non
1412 431 1504 486 per
1556 415 1810 471 accidens
1864 431 2032 470 unum

2141 415 2359 468 πάντων
2417 413 2718 484 ἡγεμονίας
2778 416 2919 482 μετά
2985 415 3075 469 τὸν
3122 415 3320 486 ἀγαθὸν
3369 420 3488 474 Θεὸν
3532 424 3644 493 σὺτῷ

468 517 630 574 atque
661 506 802 559 idem
830 507 1112 576 quidpiam
1139 525 1429 564 commune
1446 509 1838 574 obtinentibus,
1867 525 2034 564 unum

2147 505 2537 576 προνέμοντες.
2590 505 2794 559 Τοῦτον
2853 507 2945 561 τὸν
2995 507 3122 561 νοῦν
3178 509 3548 580 παραδείγματι
3590 515 3647 584 τῷ

463 597 746 665 quidpiam
782 599 1045 654 eximium
1087 609 1252 670 atque
1302 602 1560 656 selectum
1611 616 1864 670 praeesse,
1893 603 2034 670 quod

2147 597 2272 650 καῡ’
2304 597 2498 650 ἑαυτὸν
2528 598 2703 668 νοητῷ
2743 599 2936 669 κόσμῳ
2968 600 3328 670 κεχρημένον,
3357 602 3438 654 τδν
3465 603 3646 674 οὐρανὸν

462 687 648 744 multis
673 689 802 744 illud
838 706 1006 745 unum
1039 703 1204 761 atque
1246 693 1386 749 idem
1443 694 1734 765 impertiat.
1767 694 2034 750 Adversu:

460 779 572 832 haec
607 782 948 849 Aristoteles,
973 793 1026 838 et
1053 785 1353 841 secundum
1387 802 1557 841 unum
1585 786 1782 857 inquit,
1812 787 1866 840 in
1896 786 2037 840 mul-

457 871 526 924 tis
551 873 1004 944 etnegationum.
1058 874 1270 948 Quippe
1321 879 1367 934 si
1419 879 1715 934 secundum
1783 879 1836 932 id
1890 877 2034 948 quod

458 979 623 1016 umtm
657 965 936 1036 quippiam
970 967 1099 1022 insit
1133 970 1366 1039 exempli
1401 969 1573 1042 gratia
1622 969 1806 1026 multis
1855 969 2035 1024 humi—

457 1054 641 1120 nibus,
669 1056 982 1113 humanitas
1003 1059 1282 1127 videlicet,
1315 1072 1530 1131 oportet
1562 1079 1729 1117 unum
1755 1062 2031 1132 quidpiam

456 1148 719 1203 eximium
753 1152 1114 1219 constituere,
1150 1155 1296 1224 quod
1331 1155 1441 1211 iflis
1475 1156 1615 1210 hanc
1639 1156 2031 1210 humanitatem

456 1243 748 1308 impertiat,
772 1247 1048 1314 oportebit
1087 1249 1250 1304 etiam
1301 1265 1468 1303 unum
1532 1249 1819 1320 quippiam
1868 1264 2030 1309 essu"

456 1333 600 1402 quod
638 1336 896 1392 omnibus
926 1354 1033 1392 non
1067 1341 1403 1406 hominibus,
1439 1341 1708 1396 rationem
1749 1357 1893 1405 eam,
1926 1357 2030 1409 qua

456 1439 564 1478 non
615 1437 743 1482 sunt
793 1427 1081 1491 homines.
1136 1429 1420 1502 largiatur.
1451 1431 1684 1496 .Etenim
1733 1432 1895 1486 etiam
1955 1433 2032 1486 illi

457 1531 624 1570 unum
660 1519 942 1588 quippiam
999 1519 1200 1575 habent
1231 1537 1543 1586 commune,
1574 1531 1632 1577 ut
1663 1521 1772 1578 sint
1800 1539 1904 1578 non
1935 1523 2034 1577 ho-

457 1607 660 1671 mines.
691 1611 1156 1678 quemadmodum
1215 1613 1291 1668 illi
1326 1614 1420 1683 qui
1471 1625 1602 1669 sunt
1651 1614 1902 1670 homines
1934 1616 2032 1668 hu-

457 1698 774 1752 manitatem
824 1715 1167 1756 communem
1211 1703 1488 1758 obtinent.
1544 1702 1815 1758 Hactenus
1849 1705 2030 1774 itaque

2148 686 2300 740 τόνδε
2330 689 2426 740 καὶ
2457 688 2664 758 κόσμον
2694 689 2961 760 αἰσθητὸν
2983 690 3507 761 δεδημιουργηκέναι.
3533 689 3650 748 Εἶναί

2142 797 2200 834 τε
2239 779 2331 832 τὸν
2383 779 2644 849 αἰσθητὸν
2698 781 2849 835 τόνδε
2890 783 3094 853 κόσμον
3139 783 3233 836 τοῦ
3282 785 3460 854 νοητοῦ
3487 788 3649 853 εἰκόνα,

2145 875 2287 926 κατὰ
2349 874 2412 926 τὸ
2468 875 2588 928 ὄὶον
2632 876 2727 929 καὶ
2761 878 2905 946 μέρη
2935 876 3088 932 οὐδὲν
3128 877 3210 931 ὅτι
3254 880 3348 932 καὶ
3371 878 3460 931 οὐκ
3490 881 3650 934 ἐκεῖθεν

2143 967 2336 1035 ἔχοντα
2395 967 2504 1021 τῶν
2557 969 2735 1021 αἰτίου
2797 969 3094 1040 δεομένων.
3157 969 3377 1023 Δεῖσϐαι
3433 972 3474 1024 δ’
3516 974 3650 1026 αἰτίου

2143 1059 2359 1113 ἅπαντα
2400 1062 2470 1112 τὰ
2512 1060 2643 1116 ὄντα
2685 1078 2744 1114 τε
2801 1062 2896 1114 καὶ
2953 1061 3275 1132 γιγνόμενα.
3329 1063 3587 1132 Στερήσεις
3611 1067 3652 1119 δί

2141 1151 2234 1205 καὶ
2267 1152 2662 1222 ἀποτεύγματα
2711 1155 2808 1208 καὶ
2860 1149 2888 1209 ὃ
2923 1173 2974 1209 τι
3005 1155 3076 1210 ἂν
3129 1155 3265 1224 πρὸς
3296 1155 3356 1207 τδ
3393 1155 3461 1225 μὴ
3488 1155 3538 1208 δν
3577 1158 3653 1228 ήδη

2141 1243 2427 1314 ἀποπίπτῃ
2469 1244 2580 1296 οὐδ’
2615 1245 2791 1298 αἰτίου
2855 1246 3089 1300 δεῖσθαι.
3127 1245 3268 1298 Ἀλλ’
3298 1246 3460 1298 αἰτίου
3499 1247 3656 1315 μᾶλλον

2141 1335 2426 1396 ἀπολείψει
2465 1337 2695 1391 τοιαῦτα
2734 1338 3079 1394 ἀποϐαίνειν.
3108 1338 3244 1392 Οὐδὲ
3273 1339 3338 1408 δὴ
3365 1339 3455 1402 τὰς
3490 1340 3655 1408 ἀποφά-

2142 1442 2275 1488 σεις.
2310 1427 2399 1496 Τῷ
2432 1427 2539 1498 γὰρ
2573 1429 2666 1480 τοῦ
2701 1429 2810 1482 τῶν
2843 1428 3208 1497 καταφάσεων
3241 1430 3354 1482 τῶν
3382 1447 3440 1498 γε
3467 1431 3654 1484 ἀντικει-

2143 1518 2320 1584 μένων
2353 1518 2528 1571 αἰτίου
2567 1520 2661 1571 καὶ
2705 1518 2910 1584 ταύτας
2943 1521 3364 1585 ἀπολείπεσθαι,
3409 1525 3656 1592 ἀποφάσεις

2139 1609 2477 1665 ἀποϐαίνειν.
2520 1609 2656 1664 Οὐδέ
2688 1628 2752 1680 γε
2803 1612 2914 1666 τῶν
2997 1612 3140 1666 κατὰ
3187 1613 3518 1684 συμϐεϐηκὸς
3563 1619 3657 1685 τῇδε

2140 1702 2477 1770 γιγνομένων
2501 1702 2560 1755 ’ἐν
2583 1721 2637 1758 τι
2661 1705 2778 1758 ἐκεῖ
2809 1705 2984 1759 αῖτιον
3020 1703 3185 1761 εῖναι.
3221 1708 3334 1760 Καὶ
3361 1709 3460 1779 γὰρ
3483 1709 3587 1778 τῇδε
3609 1711 3658 1763 τὰ

453 1788 795 1846 Aristotcles.
837 1789 947 1846 Nos
977 1808 1102 1850 vero
1139 1809 1319 1864 operae
1350 1796 1584 1865 pretium
1634 1812 1735 1851 nos
1789 1794 2027 1853 facturos

2140 1795 2351 1848 τοιαῦτα
2376 1796 2638 1850 πλειόνων
2665 1798 2857 1851 αἰτίων
2883 1799 3085 1867 συνόδῳ
3115 1799 3451 1864 ἀποϐαίνειν,
3469 1796 3535 1854 ὧν
3563 1804 3662 1856 lata.

454 1877 715 1932 arbitram
728 1882 871 1944 ur,si
900 1881 1217 1953 priusquam
1243 1884 1310 1938 ad
1341 1884 1514 1956 ipsius
1537 1886 1777 1942 rationes
1802 1900 2029 1954 respon-

454 1969 680 2026 deamus
710 1973 1066 2042 explunemus
1118 1977 1356 2046 primum
1391 1979 1713 2048 qualesnam
1755 1988 1809 2034 et
1844 1978 2030 2043 cujus-

453 2061 596 2142 mog‘i
637 2078 757 2118 esse
786 2079 915 2120 suas
955 2067 1172 2136 species
1204 2069 1318 2123 sive
1360 2069 1568 2126 formas
1590 2070 1900 2125 existiment
1933 2070 2029 2133 illi,

453 2147 731 2222 quiipsas
762 2154 1120 2224 constituunt,
1150 2159 1348 2227 quibus
1370 2160 1632 2230 expositis
1663 2160 1876 2215 tandem
1906 2159 2034 2216 Ari-

454 2243 720 2298 stolelicis
768 2255 1077 2314 Opportune
1130 2263 1489 2304 occurremus
1539 2252 1866 2306 rationibus.
1919 2250 2034 2306 llac

453 2348 690 2403 namque
722 2335 934 2391 ratione
964 2342 1312 2407 apertissime
1369 2342 1764 2397 convincemus
1799 2343 1946 2397 illum
1975 2343 2033 2399 in

452 2424 783 2492 quibusdam
818 2429 1039 2498 quidem
1089 2431 1485 2488 calumniatum
1537 2450 1679 2496 esse.
1712 2435 1762 2489 in
1799 2435 2030 2506 quibus-

452 2516 577 2570 dam
642 2533 774 2574 vero
845 2537 953 2577 non
1014 2523 1066 2578 id
1130 2524 1402 2581 coniicere
1459 2529 1606 2596 quod
1655 2527 1901 2596 optabat.
1951 2526 2028 2582 Illi

455 2609 638 2680 itaque
661 2615 754 2683 qui
783 2614 949 2672 idaeas
977 2615 1298 2685 defendunt,
1328 2617 1481 2674 aiunt
1512 2619 1680 2674 Deum
1716 2619 1862 2675 illum
1894 2622 2035 2691 opti-

458 2719 606 2758 mum
643 2708 943 2763 maximum
980 2709 1072 2782 qui
1102 2727 1315 2766 summa
1349 2713 1586 2781 quadam
1631 2712 2056 2792 excellenlique

457 2797 706 2854 bonitate
751 2811 836 2856 est
885 2803 1146 2872 praeditus
1187 2804 1562 2859 immediatum
1600 2821 1707 2860 non
1761 2821 1884 2862 esse
1923 2805 2029 2859 hu-

2137 1903 2261 1938 στον
2291 1887 2471 1939 ἐκεῖσε
2505 1887 2902 1958 ἀναφέρεσθαι,
2939 1889 3036 1940 καὶ
3073 1888 3174 1958 οὐχ
3207 1889 3271 1940 ἓν
3323 1905 3376 1942 τι
3419 1886 3549 1942 εἰναι
3575 1892 3661 1944 ἐκεῖ

2130 1978 2190 2032 τὸ
2223 1979 2331 2032 τῶν
2371 1978 2628 2032 τοιούτων
2671 1979 2864 2034 αἴτιον.
2914 1980 3048 2033 Οὐδέ
3081 1999 3144 2049 γε
3169 1982 3283 2035 τῶν
3315 1982 3536 2051 ἀπείρων
3561 1985 3604 2036 ἓν
3624 2001 3662 2052 τι

2131 2069 2466 2124 καοέκαστον
2497 2072 2614 2125 ἐκεῖ
2658 2069 2800 2125 εἰναι
2833 2071 3032 2138 αἴτιον,
3053 2072 3167 2125 ἀλλ’
3195 2072 3257 2126 ἓν
3283 2087 3336 2125 τι
3359 2074 3553 2127 πάντων
3581 2074 3662 2127 τῶν

2133 2162 2257 2232 τῇδε
2284 2164 2342 2225 ές
2387 2163 2646 2231 ἀπειρίαν
2678 2163 2780 2235 ήδη
2814 2165 3192 2217 ἐκπιπτόντων
3222 2167 3343 2218 ἐκεῖ
3373 2161 3504 2218 εἰναι
3529 2165 3578 2217 τὺ
3598 2165 3661 2217 αῖ-

2131 2267 2245 2303 τιον
2286 2245 2447 2315 εἰδος.
2500 2253 2726 2322 Οὐδαμῆ
2761 2255 2868 2324 γὰρ
2891 2255 3150 2324 ἀπειρίας
3178 2255 3283 2324 τῆς
3311 2256 3444 2310 κατά
3464 2255 3514 2308 τὸ
3532 2256 3658 2307 ποσὸν

2129 2343 2245 2402 τοῖς
2303 2342 2422 2394 ἐκεῖ
2476 2345 2741 2410 μετεῖναι.
2787 2344 2948 2399 Ἀλλὰ
2982 2345 3061 2415 τῷ
3111 2346 3212 2414 μὲν
3263 2344 3550 2416 ὐπερουσίῳ
3573 2344 3662 2414 Θεῷ

2129 2435 2238 2487 οὐδ’
2270 2435 2406 2498 ὅλως
2438 2434 2696 2506 πλήθους.
2742 2437 2963 2507 ’Δκρως
2997 2435 3107 2507 γὰρ
3142 2436 3205 2504 δὴ
3240 2437 3301 2489 ἐν
3332 2437 3482 2490 αὐτὸν
3526 2431 3656 2486 εἶναι·

2133 2527 2208 2598 τῷ
2233 2529 2291 2582 δὲ
2344 2527 2519 2598 νοητῷ
2559 2531 2732 2600 τούτῳ
2762 2529 3041 2601 διακόσμῳ
3097 2529 3306 2599 πλῆθος
3360 2530 3453 2599 μὲν
3488 2529 3662 2592 ἐνεῖναι,

2133 2623 2556 2688 πεπερασμένον
2583 2620 2627 2673 δ’
2653 2620 2782 2674 αὐτὸ
2801 2616 2937 2674 εἶναι
2961 2622 3054 2674 καὶ
3087 2622 3306 2691 οὐδαμῆ
3330 2622 3551 2690 ἄπειρον,
3574 2619 3666 2672 οὐτε

2131 2713 2362 2783 δυνάμει
2429 2712 2554 2767 οὐτε
2607 2714 2778 2785 ἔργῳ.
2827 2715 2917 2782 Τῷ
2962 2713 3007 2768 δ’
3037 2715 3286 2785 αἰσθητῷ
3343 2715 3468 2784 τῷδε
3518 2714 3669 2784 κόσμῳ

2137 2804 2237 2873 τὴν
2268 2804 2526 2874 ἀπειρίαν
2556 2806 2656 2877 ἤδη
2687 2808 2762 2870 ὡς
2789 2806 3063 2876 ἐνδέχεται
3100 2807 3450 2875 ἐγγεγονέναι
3483 2805 3560 2858 διὰ
3595 2806 3666 2870 τὴν

453 2889 761 2959 Ῑιιεεοιιαιίἰ
795 2896 1072 2965 opillcem,
1129 2897 1224 2953 sed
1279 2898 1432 2969 prius
1481 2899 1711 2954 alterius
1746 2897 2029 2969 cujusdam

2140 2896 2290 2968 ὕλην,
2327 2891 2360 2972 ᾖ
2388 2897 2618 2968 πρώτως
2680 2899 2741 2952 τὸ
2792 2899 3020 2967 ἄπειρον
3054 2899 3368 2969 πρόσεστιν,
3395 2896 3667 2965 ὲκεῖθενμὲν

453 2993 664 3040 natura:
697 2996 859 3057 atque
885 2991 1158 3056 essentize,
1190 3005 1313 3060 quae
1360 3000 1414 3044 et
1445 3006 1570 3045 cum
1612 2991 1731 3061 ipso
1764 2991 2029 3061 majorem

2140 2991 2231 3042 καὶ
2290 2987 2496 3060 ταύτην
2557 2989 2789 3060 ἔχουσαν
2853 2990 2952 3060 τὴν
3010 2992 3190 3043 αἰτίαν
3235 2991 3301 3043 οὐ
3331 2990 3428 3060 μέν
3453 3007 3526 3041 τοι
3547 2989 3671 3038 κάκεῖ

455 3075 655 3131 habeat
681 3081 1065 3147 cognationem
1091 3092 1147 3135 et
1178 3097 1301 3136 cum
1333 3082 1403 3137 sit
1436 3081 1792 3153 sempiterna,
1819 3099 2031 3153 semper

2140 3080 2368 3150 ἄπειρον
2412 3077 2595 3136 οὖσαν.
2657 3083 2791 3137 una
2821 3082 2929 3155 γὰρ
2985 3081 3094 3135 τῶν
3127 3081 3259 3152 τῇδε
3307 3081 3491 3149 λόγων,
3521 3080 3670 3146 diem

453 3170 664 3234 eadem,
709 3170 988 3240 similique
1022 3172 1235 3228 ratione
1264 3188 1322 3228 se
1377 3173 1594 3228 habeat.
1631 3171 1894 3228 Eumdem
1929 3175 2034 3228 ita-

2143 3176 2305 3228 κάκεῖ
2333 3169 2471 3227 εἶναι
2499 3175 2559 3227 τὸ
2585 3170 2745 3239 εἶδος,
2767 3174 2887 3227 οὐδέ
2921 3190 2984 3242 γε
3008 3173 3114 3226 τῶν
3139 3175 3494 3242 κινουμένων,
3531 3169 3671 3223 κινού·

455 3275 564 3327 que
593 3259 744 3315 illum
783 3261 952 3316 Deum
993 3279 1098 3317 non
1147 3279 1244 3334 per
1280 3265 1546 3336 seipsum,
1597 3266 1714 3319 sed.
1742 3281 1836 3335 per
1885 3266 2033 3320 illam

2148 3281 2326 3334 μενον.
2353 3264 2476 3318 Τῶν
2506 3280 2569 3333 γε
2607 3264 2716 3335 μὴν
2739 3262 2866 3336 τῇδε
2899 3263 3124 3326 οὐσῶν,
3153 3262 3263 3314 τῶν
3296 3280 3352 3314 τε
3379 3264 3487 3324 ταῖς
3511 3261 3675 3320 οὐσίαις

451 3351 565 3420 jam
594 3351 911 3422 productam
948 3355 1065 3410 sive
1112 3356 1405 3410 essentiam
1459 3356 1577 3412 sive
1628 3365 1880 3410 naturam
1936 3359 2038 3412 hu-

453 3446 611 3512 juscc
643 3444 768 3498 cadi
802 3444 966 3500 fuisse
994 3445 1406 3510 falnicatorem,
1439 3456 1604 3517 atque
1641 3447 1784 3502 illam
1817 3450 2034 3520 quidem

465 3537 764 3590 essentiam
801 3538 853 3591 in
897 3554 1065 3594 unum
1123 3537 1518 3609 intclligihilem
1569 3543 1835 3596 mundum
1879 3557 2040 3614 coag-

415 3657 420 3666 ι
459 3639 731 3699 rnentant,
763 3645 924 3701 quem
961 3631 1170 3688 Locrus
1213 3634 1303 3690 ille
1331 3633 1574 3690 Timmus
1621 3634 1897 3690 idanicum
1941 3652 2039 3706 ap-

461 3722 650 3793 pellat.
683 3738 747 3779 ac
778 3723 824 3778 si
854 3725 1019 3790 dicat,
1053 3725 1342 3795 specialem
1373 3729 1458 3781 vel
1491 3727 1862 3799 exemplarem
1882 3770 1896 3794 ,
1943 3727 2038 3798 qui

461 3816 725 3870 nimirum
778 3833 842 3872 ex
895 3818 1175 3884 omnibus,
1215 3818 1394 3886 iisque
1424 3820 1743 3877 multifariis
1787 3822 1858 3876 sit
1905 3838 2038 3876 con-

461 3916 708 3964 structus
741 3910 1052 3979 speciebus,
1078 3926 1217 3983 quas
1243 3911 1407 3967 etiam
1443 3921 1650 3968 mentes
1676 3922 1891 3968 vocant.
1919 3913 2040 3968 Tuti

461 4017 592 4058 vero
623 4003 750 4057 huic
784 4003 1110 4071 intelligibili
1139 4004 1351 4059 mundo
1382 4020 1544 4060 unam
1577 4006 1871 4076 quamdam
1923 4023 2034 4076 per-

2151 4005 2205 4058 δὲ
2249 4004 2406 4057 εἰδῶν
2455 4021 2516 4058 τε
2553 4006 2646 4056 καὶ
2681 4002 2788 4058 νῶν
2821 4001 3026 4055 τούτων
3082 4001 3176 4055 ἆτε
3221 4003 3322 4055 οὐκ
3353 4000 3534 4066 ἐκείνῳ
3559 4011 3681 4062 παρι-

464 4089 828 4150 feCtissimam
885 4095 1191 4166 praeﬁciunt
1239 4107 1516 4162 mentem,
1571 4100 1660 4154 cui
1710 4108 1835 4168 post
1893 4099 2034 4152 illuni

2155 4097 2464 4162 σουμέιων,
2499 4095 2770 4164 προσόντα
2800 4095 2900 4164 μὲν
2927 4094 3116 4156 οὐσίας
3155 4093 3542 4162 διακεκρίσθαι,
3567 4089 3683 4155 ἐνερ-

462 4191 640 4242 omnis
672 4188 796 4241 boni
827 4183 1105 4243 auctorem
1143 4200 1305 4258 atque
1345 4188 1550 4246 fontem
1580 4189 1742 4244 deum
1774 4193 2034 4247 secundas

2154 4190 2305 4258 γεξας
2326 4189 2381 4242 δὲ
2406 4188 2638 4258 δύναμιν
2661 4187 2892 4248 οὐδέπω,
2923 4185 3058 4240 ἀλλά
3088 4187 3199 4247 τοῖς
3230 4185 3356 4254 τῇδε
3384 4184 3481 4252 ἢδη
3502 4179 3614 4249 πρὸς
3635 4177 3682 4238 τῇ

466 4281 518 4332 in
557 4281 952 4347 gubernatione
1009 4281 1335 4352 imperiique
1370 4283 1613 4337 universi
1662 4294 1842 4352 partes
1875 4298 2034 4338 ascri-

2155 4283 2320 4353 ὲτέρᾳ
2352 4281 2446 4336 καὶ
2471 4281 2672 4349 ταύτην
2709 4281 2806 4350 τὴν
2841 4279 3113 4348 διάκρισιν
3141 4275 3506 4331 ἀποδίδοσθαι.
3565 4267 3683 4322 Ὠστ⁶

468 4372 625 4423 hunt.
669 4368 820 4424 lianc
853 4385 1017 4440 porro
1046 4382 1284 4426 mentem
1316 4373 1408 4428 illo
1441 4389 1538 4443 per
1573 4373 1812 4444 seipsum
1847 4375 2034 4430 intelli-

2158 4374 2228 4429 ἂν
2259 4374 2419 4428 τάκεῖ
2468 4374 2650 4442 μέσως
2672 4389 2787 4434 πως
2841 4370 2986 4438 ἔχειν
3012 4370 3105 4424 τοῦ
3138 4387 3196 4422 τε
3228 4367 3541 4440 ὐπερουσίου
3563 4363 3683 4422 ἐνὸς,

467 4464 618 4534 gibili
645 4466 867 4534 speciali
893 4466 1096 4521 mundo
1125 4482 1305 4533 usam,
1334 4467 1437 4524 hoc
1461 4469 1664 4524 nostris
1689 4470 2034 4540 conspicuun:

2159 4468 2254 4518 καὶ
2301 4465 2411 4518 τῶν
2466 4464 2591 4535 τῇδε
2637 4463 2732 4515 καὶ
2762 4461 3061 4532 αἰσθητῶν.
3090 4454 3191 4512 Οἷα
3226 4458 3326 4530 μὲν
3355 4453 3446 4512 οὖν
3470 4456 3552 4508 καὶ
3573 4453 3686 4506 ὅπως

469 4559 644 4614 oculis
696 4559 924 4626 cmlum,
986 4561 1365 4632 mundumque
1426 4561 1680 4617 sensibus
1739 4563 2032 4634 subjectun

2158 4557 2352 4628 ἔχοντα
2379 4557 2447 4610 τά
2473 4555 2616 4625 είδη,
2663 4557 2710 4607 οἰ
2745 4554 3020 4623 τιθέμενοι
3053 4551 3299 4617 ἀξιοῦσιν
3328 4546 3487 4610 εἰναι,
3512 4546 3683 4634 εἴρηται

468 4653 793 4709 fabricatum
822 4668 966 4709 esse.
1008 4651 1139 4709 Esse
1168 4654 1354 4724 itaque
1386 4653 1535 4710 hunc
1568 4653 1820 4711 sensibus
1849 4633 2034 4726 patent

2159 4652 2295 4720 ἡμῖν
2367 4648 2442 4712 ὡς
2501 4647 2590 4701 διὰ
2649 4646 3010 4718 βραχυτάτων
3047 4662 3106 4698 τε
3146 4645 3240 4696 καὶ
3297 4643 3357 4694 εν
3415 4633 3682 4736 κεφαλαίοις

472 4760 578 4804 tem
613 4749 876 4804 mundum
913 4749 1062 4804 illius
1093 4748 1457 4818 intelligibilis
1489 4748 1852 4804 simulacrum
1888 4760 2034 4821 atqm

2159 4744 2358 4796 εἰπεῖν.
2401 4742 2546 4812 Πρὸς
2576 4736 2668 4794 οὖν
2701 4741 2768 4792 τὰ.
2814 4736 3230 4808 Ἀριστοτέλους
3260 4734 3365 4806 ήδη
3397 4734 3686 4828 ἀπαντητέον

473 4841 786 4911 imaginem.
815 4841 1060 4912 nihilque
1091 4858 1155 4898 ex
1180 4843 1246 4897 iis
1271 4857 1392 4911 quae
1416 4843 1602 4896 causis
1628 4843 1746 4896 suis
1777 4841 2026 4910 indigent

2160 4837 2226 4892 ἂν
2257 4838 2366 4903 εῖη.
2402 4835 2559 4888 Κατά
2608 4851 2667 4888 τε
2709 4833 2816 4902 γὰρ
2847 4831 2972 4894 τοὺς
3016 4829 3208 4896 λόγους
3243 4827 3354 4879 τῶν
3395 4826 3685 4889 ἐπιστημῶν,

473 4941 585 4986 tam
628 4931 684 4986 in
716 4939 832 4988 toto
862 4946 1025 5003 quam
1055 4931 1112 4986 iu
1144 4932 1391 5002 partibus
1425 4931 1715 4995 exsistere,
1766 4930 1912 5000 quod
1947 4947 2034 4985 nor

2159 4930 2312 4982 ἕσται
2359 4929 2474 4998 εῖδη
2524 4927 2743 4980 πάντων
2792 4926 3041 4993 ὅσωνπερ
3070 4923 3166 4976 καὶ
3227 4917 3519 4987 ἐπιστῆμαί
3561 4913 3683 4970 εἰσιν,

473 5024 544 5077 :~b
581 5024 674 5078 illo
701 5024 874 5080 altero
907 5034 1090 5079 ortum
1128 5025 1331 5092 trahat,
1365 5024 1549 5078 causis
1599 5037 1726 5076 vero
1789 5022 2032 5093 indigere

2162 5020 2320 5088 εἰπερ
2354 5003 2655 5089 ἐπιστῆμαι
2677 5017 2782 5070 τῶν
2828 5014 2952 5069 καθ’
2981 5014 3123 5068 αὐτά
3153 5013 3240 5066 ἀεί
3266 5012 3395 5064 εἰσι.
3422 5007 3526 5062 Καὶ
3552 5003 3596 5102 si
3619 5018 3682 5104 τοι

473 5131 815 5188 quaecunque
863 5117 1104 5173 existant
1125 5118 1177 5170 iu
1211 5117 1393 5183 rebus,
1423 5130 1653 5182 qumque
1681 5113 1835 5178 ﬁant,
1865 5125 1919 5167 et
1945 5115 2034 5184 pri

2162 5114 2324 5168 πάλιν
2358 5114 2465 5166 τῶν
2496 5111 2621 5166 καθ’
2662 5109 2805 5164 αὐτά
2841 5109 3152 5178 προσόντων
3180 5105 3337 5162 εἰσιν,
3373 5103 3468 5171 οὐχ
3488 5099 3537 5150 οἵ
3561 5099 3612 5198 γε
3637 5099 3686 5142 τᾶ

477 5209 726 5266 vatiuncs
755 5218 810 5262 et
837 5208 1248 5273 frustrationes,
1275 5217 1328 5264 et
1353 5207 1617 5278 quidquid
1643 5205 1879 5272 denique
1904 5206 1967 5259 ad
1998 5205 2034 5260 ἱι

2166 5209 2280 5276 εἴδη
2312 5207 2592 5276 τιθέμενοι
2619 5205 2912 5272 ὀκνήσουσι
2947 5199 3022 5271 μὴ
3045 5199 3305 5253 ἁπάντων
3337 5195 3535 5295 τούτων
3556 5195 3686 5295 pars}:

475 5303 622 5372 quod
659 5317 927 5373 nusquam
963 5313 1073 5368 est,
1100 5302 1293 5356 recidit
1317 5300 1521 5354 nullam
1552 5299 1780 5354 omnino
1827 5312 2034 5350 causan

2166 5299 2311 5358 εἶναι
2335 5301 2472 5367 εἴδη,
2503 5299 2565 5351 οὐ
2594 5298 2696 5367 μέν
2733 5312 2817 5348 τοι
2845 5293 3114 5355 ὡσαύτως
3147 5292 3389 5345 πάντων.
3433 5281 3577 5339 ’Λλλά
3602 5290 3683 5329 των

479 5397 776 5466 postulare,
819 5395 930 5450 imo
959 5396 1141 5465 potius
1168 5393 1384 5450 defectu
1432 5408 1614 5449 causas
1662 5399 1860 5446 cuncta
1915 5391 2034 5460 ejus

2167 5393 2267 5463 μὲν
2317 5394 2373 5455 ἐς
2437 5388 2831 5459 πεπερασμένα
2884 5385 3000 5453 εῖδη
3039 5384 3106 5436 τὰ
3155 5381 3281 5453 τῇδε
3308 5371 3685 5476 διακρινομένων

481 5488 627 5544 modi
657 5491 994 5559 contingere,
1030 5503 1206 5557 neque
1234 5489 1360 5542 item
1388 5488 1726 5559 negationes.
1752 5490 1886 5546 Nam
1917 5505 2034 5559 quo.

2166 5485 2224 5538 ἓν
2258 5486 2345 5552 ἐφ’
2379 5485 2606 5553 ἑκάστῳ
2653 5481 2790 5549 εῐδη,
2841 5477 2952 5530 τῶν
2980 5476 3038 5528 δὲ
3091 5477 3148 5538 ἐς
3203 5473 3458 5544 ἀπειρίαν
3501 5467 3586 5574 ᾔδη
3615 5467 3686 5564 ἐξ.

480 5599 648 5640 causa
680 5586 971 5639 contraria:
1014 5582 1394 5638 allirmationis
1416 5583 1580 5651 desit,
1615 5598 1678 5638 ex
1714 5599 1780 5638 eo
1812 5600 1917 5638 una
1953 5585 2034 5639 ori

2166 5578 2503 5640 πιπτόντων,
2531 5575 2588 5628 ἓν
2621 5576 2713 5628 ἐπὶ
2745 5573 2884 5626 πᾶσι
2916 5573 3029 5632 τοῖς
3076 5570 3348 5638 ἀπείροις.
3388 5566 3575 5617 Αὐτίκα
3602 5566 3684 5619 γιρ

2211 5673 2232 5683 ·
2296 5671 2405 5690 me.
2483 5668 2597 5690 μη
2633 5667 2691 5690 γ.··.
2747 5666 2904 5690 __-._\
2962 5662 3048 5690 παι.
3104 5661 3207 5690 -a...
3266 5655 3511 5690 ἧηεοῆτηυ
3565 5640 3686 5690 ἓιίῖὸ

483 5690 570 5732 tur
611 5677 848 5748 negatio.
897 5675 1086 5745 Neque
1138 5678 1329 5740 etiam,
1380 5693 1502 5746 quae
1551 5693 1647 5748 per
1686 5679 1939 5753 accidens
1977 5678 2026 5731 hi

2166 5673 2244 5742 τῷ
2289 5671 2412 5741 τῇδε
2475 5667 2693 5739 ἀριθμῷ
2746 5666 2910 5718 παντὶ
2961 5662 3050 5716 διὰ
3104 5661 3207 5730 τὴν
3264 5655 3530 5723 ἀπειρίαν,
3566 5655 3612 5697 ἐν
3642 5659 3660 5690 t

2175 5769 2184 5774 ’
2269 5769 2286 5774 “
2347 5761 2396 5774 ’“
2497 5766 2506 5774 “
2667 5765 2688 5774 ’⁵
2817 5760 2829 5774 ⁸
2933 5757 2981 5774 "
3052 5771 3096 5774 η
3136 5756 3223 5774 -γμε
3261 5752 3382 5774 -.ΑΠ’
3424 5743 3662 5774 1.2.-..“

489 5769 833 5839 contingunt,
869 5784 1059 5825 corum
1097 5771 1260 5826 ullam
1318 5788 1537 5842 prorsus
1571 5771 1678 5826 illic
1715 5788 1932 5828 causam
1971 5775 2034 5826 ha

2170 5769 2286 5820 ἐκέῐ
2319 5761 2454 5829 εἶδος
2494 5765 2780 5832 sentiam
2814 5757 3013 5814 ὲνιαῖόν
3047 5771 3101 5808 τε
3135 5756 3228 5807 καὶ
3261 5752 3382 5806 καθ’
3423 5749 3475 5798 ἓν
3509 5749 3681 5796 iam“

2145 3359 2269 3414 καθ’
2291 3359 2430 3414 αὐτά
2452 3361 2765 3430 προσόντων
2785 3359 2880 3414 καὶ
2910 3359 3148 3428 σχέσεων
3179 3359 3299 3410 ἐκεῖ
3331 3352 3464 3410 εἶναι
3513 3359 3570 3408 τὰ
3590 3355 3676 3418 είδη

2145 3469 2204 3505 τε
2245 3453 2339 3506 καὶ
2379 3451 2804 3521 παραδείγματα
2829 3450 2937 3502 τῶν
2969 3449 3070 3518 μὲν
3101 3450 3365 3518 σχέσεων,
3403 3449 3479 3501 ὃτι
3503 3445 3605 3498 οὐδὲ
3626 3447 3676 3495 τι

2147 3544 2310 3599 κάκεῖ
2341 3543 2547 3614 ἄσχετα
2573 3545 2708 3614 πρὸς
2729 3542 2957 3611 ἄλληλα.
2976 3543 3096 3595 Τῶν
3122 3537 3217 3595 οὖν
3238 3543 3357 3595 ἐκεῖ
3383 3541 3593 3611 σχέσεων
3608 3539 3679 3598 τὰς

2147 3639 2274 3706 τῇδε
2325 3635 2405 3688 δεῖ
2436 3631 2576 3688 εἰναι
2606 3633 2844 3700 εἰκόνας,
2879 3633 2989 3687 τῶν
3049 3633 3105 3686 δὲ
3139 3635 3466 3703 προσόντων,
3502 3633 3573 3684 ὅτι
3597 3627 3677 3681 οὐδ’

2151 3729 2283 3784 ἄνευ
2354 3729 2667 3797 προσόντων
2726 3728 2908 3782 τάκεῖ.
2947 3727 3054 3780 Τοῦ
3093 3726 3191 3796 μὲν
3224 3727 3336 3796 γὰρ
3391 3722 3675 3796 ὐπερουσίου

2151 3823 2271 3885 ἐνὶς
2304 3821 2398 3875 ἆτε
2435 3820 2619 3892 ἄκρως
2651 3818 2767 3882 ἑνὸς
2792 3817 2945 3881 ὄντος
2971 3817 3094 3870 οὐτε
3122 3818 3336 3885 οὐσίαν,
3362 3815 3479 3869 οὐτε
3505 3813 3680 3884 προσὸν,

2151 3911 2278 3966 οὐτε
2340 3912 2650 3980 ἐνέργειαν,
2714 3909 2839 3963 οὐτε
2900 3909 3134 3978 δύναμιν
3192 3906 3573 3977 διακεκρίσθαι.
3593 3903 3682 3956 Τῶν
