3920 6454
243 358 341 423 921
909 340 1024 435 ’ΒΑΕ
1056 377 1488 443 PLATONICA
1529 386 1624 446 ET
1665 388 2235 456 ARISTOTELICA
2280 399 2809 461 PHILOSOPIIIA
3379 406 3486 467 i2?

244 476 600 585 nsptéxov‘ri
636 482 723 585 si}:
742 486 865 585 τῇδε
896 489 1114 560 άριθμῷ
1154 495 1588 569 διακεκριμένως
1619 521 1678 556 τε
1714 506 1791 559 κα“

1912 508 2049 564 beri.
2083 508 2363 580 Siquidem
2396 514 2668 581 ejusmodi
2723 517 2962 585 plurium
3021 533 3308 572 causarum
3353 537 3484 574 con-

243 564 537 660 καθῖαὐτὰ
574 572 969 640 συμϐαίνοντα.
1003 582 1114 635 Καὶ
1151 585 1243 638 ἐπὶ
1277 564 1387 641 τῶν
1408 564 1518 653 τοῖς
1551 595 1810 660 μεγέθεσι

242 658 649 753 συμϐαινόντων
678 663 939 731 ὡσαύτως
960 671 1045 739 ἂν,
1074 673 1132 728 ἓν
1152 677 1212 729 τὸ
1232 679 1350 732 ἐκεῖ
1362 676 1502 746 εἶδος
1527 658 1621 736 τοῦ
1636 658 1815 753 μεγέ-

241 748 388 848 6ους,
420 755 515 848 καὶ
548 756 775 825 ἀμερές.
809 759 929 829 Ἀφ’
954 759 1028 817 ὧν
1052 766 1151 837 τὴν
1183 769 1366 839 ψυχὴν
1389 748 1813 848 ἐλλαμπομένην

387 844 788 943 μαθηματικὸν,
851 855 1102 923 ἀριθμὸν,
1179 862 1278 914 καὶ
1307 840 1676 943 μαθηματικά
1717 840 1813 938 με·
1876 880 1881 885 ⁷

237 931 371 1030 γίθη
385 935 640 1030 μέκτάδ-ην
671 940 1031 1014 ὑποδέχεσθαι
1063 951 1222 1012 σκιάς
1255 931 1322 1005 τε.
1345 931 1656 1011 καὶ-εἴδωλα
1686 931 1811 1030 νοη-

236 1023 347 1075 τῶν
381 1025 511 1080 ὄντα
540 1022 575 1103 ᾖ
606 1031 673 1084 τὰ
705 1035 831 1102 τῇδε
874 1036 931 1091 ἔν
964 1056 1022 1091 τε
1066 1039 1252 1096 ὕδασιν
1291 1045 1484 1101 εἴδωλα
1522 1051 1617 1103 καὶ
1659 1022 1810 1107 σκιαὶ

234 1116 344 1217 τῶν
382 1118 656 1217 αίσθητῶν
684 1126 821 1195 πρὸς
854 1128 989 1183 αὐτὰ
1045 1133 1114 1185 τὰ
1155 1136 1418 1205 αἰσθητά.
1451 1142 1561 1194 Καὶ
1598 1142 1696 1212 μὲν
1743 1145 1807 1217 δὴ

236 1209 331 1261 καὶ
371 1209 440 1264 τά
477 1212 569 1265 ὐπ’
594 1215 901 1288 ἀνθρώπων
937 1228 1210 1281 σκευαστὰ
1261 1231 1434 1284 ταῦτα
1485 1235 1543 1288 ἐν
1586 1237 1663 1306 τῷ
1694 1240 1811 1292 ἐκεῖ

234 1316 402 1397 φασιν
429 1304 720 1375 ἀνθρώπου
754 1313 884 1366 είδει
940 1317 1063 1370 καθ’
1115 1319 1174 1374 ἓν
1218 1326 1601 1397 περιέχεσθαι.
1636 1304 1805 1384 ιὈθεν

232 1396 317 1492 τῇ-
334 1396 547 1471 διανοίᾳ
581 1403 706 1466 τοὺς
737 1405 1107 1480 δημιουργοὺς
1151 1414 1289 1469 ἀλλὰ
1327 1418 1520 1483 ἄλλους
1542 1423 1806 1492 ὑποδεχο-

243 1487 475 1553 μένους,
528 1492 623 1543 καὶ
676 1494 938 1565 διαιοητὰ
966 1504 1234 1574 πρότερον
1274 1508 1333 1561 ἐν
1356 1510 1572 1575 ἑαυτοῖς
1601 1514 1669 1567 τὰ

228 1579 445 1631 σκευῶν
472 1580 589 1651 εἴδη
615 1584 851 1642 ἕκαστον
903 1591 1460 1666 διαμεμορφωκότας,
1493 1602 1645 1658 οὕτω
1690 1610 1806 1671 τοῖς

226 1668 510 1766 αἰσθητοῖς
545 1677 836 1749 ἐγχειρεῖν.
887 1684 1024 1755 Περὶ
1050 1686 1106 1742 δὲ
1137 1689 1244 1743 τῶν
1275 1693 1420 1747 κατὰ
1457 1668 1805 1766 συμϐεϐηκὸς

232 1762 610 1830 γιγνομένων,
640 1768 825 1823 εῐποτε
850 1771 945 1826 καὶ
968 1774 1177 1830 τούτων
1207 1778 1486 1852 ἐπίστήμη
1512 1762 1595 1845 τις
1627 1762 1807 1852 γένοι-

226 1867 308 1919 το,
344 1854 532 1927 ἐπειδὴ
572 1858 641 1912 τὰ
670 1861 897 1917 τοιαῦτα
941 1864 1203 1923 πλειόνων
1232 1872 1422 1926 αἰτίων
1443 1851 1646 1944 συνόδῳ
1670 1877 1806 1931 ἀπο·
1840 1851 1880 1904 Β

156 1999 165 2005 ι
227 1944 432 2014 ϐαίνει,
467 1944 543 2002 ὧν
572 1952 641 2004 αὖ
682 1951 916 2010 ἕκαστον
947 1958 1128 2013 ἐκεῖσε
1172 1963 1566 2033 ἀναφέρεσθαι,
1596 1968 1805 2022 ἐκεῖθεν

227 2043 326 2094 καὶ
370 2043 499 2113 περὶ
530 2046 739 2102 τούτων
769 2050 869 2121 τὴν
892 2051 1071 2124 ψυχὴν
1090 2053 1513 2127 ἐλλαμπομένην
1544 2063 1800 2119 κτᾶσθαι.

225 2133 415 2187 Ταῦτα
457 2135 560 2205 μὲν
608 2135 700 2193 οὖν
733 2142 867 2212 πρὸς
901 2144 1033 2207 τοὺς
1064 2145 1174 2199 τῶν
1206 2146 1531 2219 ἐπιστημῶν
1568 2154 1803 2222 φήσουσι

226 2225 447 2293 λόγους.
494 2231 636 2299 Πρὸς
660 2232 712 2284 δὲ
746 2233 810 2285 τὸ
841 2235 985 2295 κατὰ
1018 2236 1080 2289 τὸ
1103 2236 1162 2289 ἓν
1197 2239 1289 2292 ἐπὶ
1321 2240 1534 2294 πολλῶν
1563 2244 1660 2296 καὶ
1694 2244 1802 2299 τῶν

223 2322 597 2389 ἀποφάσεων,
635 2325 788 2380 οὐδὲν
840 2327 1139 2395 ἀναγκαῖον
1191 2333 1664 2411 συμπεραίνεσθαι
1699 2338 1803 2405 φή-

225 2430 407 2469 σουσι.
437 2417 509 2469 Τὸ
550 2418 660 2489 γάρ
706 2437 792 2473 τοι
836 2421 1128 2490 ἀνθρώπου
1164 2425 1353 2478 ἐκεῖνο
1384 2422 1545 2494 εἶδος,
1586 2424 1668 2491 οἷς
1700 2430 1801 2499 μὲν

220 2504 292 2558 ἂν
352 2510 663 2581 προσνείμη
718 2513 912 2576 ἑαυτὸ,
951 2515 1163 2577 τούτοις
1197 2517 1298 2586 μὲν
1335 2519 1432 2571 τοῦ
1486 2521 1799 2591 ἀνθρώποις

220 2594 363 2652 εἶναι
398 2599 573 2654 αἴτιον
613 2598 776 2669 εἶναι,
812 2602 895 2668 οἷς
945 2608 992 2658 δ’
1023 2607 1091 2661 ἂν
1126 2608 1200 2679 μὴ
1260 2611 1419 2664 ἐαυτδ
1465 2615 1796 2687 προσνείμῃ,

218 2693 400 2747 ταῦτα
428 2694 472 2747 δ’
499 2696 944 2773 οὐκάνθρώποις
977 2702 1281 2758 λείπεσθαι.
1321 2706 1463 2774 Πρὸς
1499 2708 1555 2760 δὲ
1592 2709 1653 2761 τὸ
1688 2728 1801 2763 κα-

214 2786 441 2838 τανοεῖν
467 2802 520 2839 τι
550 2787 875 2856 φθαρέντος,
922 2792 1032 2844 τῶν
1066 2793 1344 2863 φθαρτῶν,
1380 2796 1566 2850 ίκανδν
1597 2800 1800 2869 φήσου-

215 2894 310 2930 σιν
356 2872 496 2932 εῐναι
530 2880 592 2933 τὸ
625 2880 688 2935 ἓν
733 2883 913 2937 ἐκεῖνο
944 2879 1086 2953 εἴδο,ς
1117 2886 1180 2939 τὸ
1215 2888 1307 2940 ἐπὶ
1331 2891 1469 2941 πᾶσι
1506 2892 1621 2952 τοίς
1648 2891 1707 2943 ἐν
1729 2893 1795 2962 τῇ

211 2968 356 3038 αὐτῇ
395 2969 507 3041 ίδέᾳ
532 2972 794 3041 φθαρτοῖς
825 2974 1017 3044 ὥσπερ
1047 2992 1151 3029 που
1191 2976 1265 3047 μὴ
1297 2978 1562 3049 πρότερον
1598 2979 1658 3033 ὃν
1690 2998 1798 3034 πα-

210 3060 391 3127 ρᾶγον
426 3060 677 3127 ἕκαστον,
717 3063 860 3118 οὕτω
908 3069 1005 3119 καὶ
1039 3068 1384 3137 ἐφθαρμένον
1430 3071 1667 3125 ἑκάστου
1721 3076 1799 3127 εί-

1915 615 2079 655 cursu
2123 604 2210 656 hic
2253 605 2549 669 eveniant,
2598 622 2832 675 quarum
2869 623 3208 680 unaquaeque
3256 613 3382 666 illuc
3416 616 3486 667 sit

1915 693 2219 760 referenda,
2251 705 2413 765 atque
2464 698 2574 752 illic
2605 700 2742 754 nihil
2781 716 2899 756 esse
2940 718 3164 771 prorsus
3191 745 3206 767 ,
3239 707 3379 774 quod
3414 709 3483 761 sit

1914 799 2077 839 causa
2144 803 2325 841 rerum
2375 793 2831 860 contingentium.
2864 795 2969 849 Sed
3022 811 3123 850 nec
3153 796 3481 853 inﬁnitarum

1918 893 2101 932 rerum
2148 880 2388 947 privatas
2432 883 2781 954 singulasque
2819 886 2931 940 illic
2977 889 3206 942 inveniri
3265 907 3481 956 causas,

1914 983 2105 1024 eorum
2135 985 2373 1040 namque
2407 975 2686 1038 omnium,
2732 992 2854 1046 quas
2908 978 2996 1032 hic
3043 980 3109 1033 ad
3160 980 3482 1036 inﬁnitatem

1911 1062 2201 1129 quamdam
2240 1064 2509 1125 recidunt.
2536 1066 2751 1120 unicam
2776 1068 2887 1121 illic
2916 1084 3039 1124 esse
3069 1072 3331 1138 speciem.
3363 1089 3485 1142 qua:

1911 1167 2092 1208 causa:
2138 1154 2407 1209 rationem
2460 1156 2710 1221 obttnet,
2760 1161 3200 1231 quandoquidem
3247 1179 3310 1217 ea
3361 1182 3483 1235 quae

1912 1247 2021 1303 illic
2049 1258 2199 1315 sunt,
2249 1249 2535 1306 inﬁnitatis
2563 1252 2700 1321 ejus.
2737 1269 2859 1322 quae
2900 1258 2966 1309 ad
3000 1259 3359 1325 quantitatem
3395 1277 3482 1316 re-

1910 1340 2106 1403 fertur.
2154 1344 2381 1398 omnino
2412 1346 2523 1401 sint
2567 1348 2832 1415 expertia,
2869 1352 2981 1407 imo
3025 1352 3188 1406 etiam
3236 1369 3483 1410 summus

1910 1433 2003 1489 ille
2040 1435 2182 1490 Deus
2208 1437 2303 1505 qui
2332 1439 2478 1491 omni
2517 1441 2753 1494 essentia
2787 1456 2854 1496 ac
2881 1450 3075 1495 natura
3114 1446 3367 1513 superior
3397 1456 3484 1500 est

1909 1541 1973 1582 ac
2002 1526 2311 1592 sublimior,
2337 1530 2406 1584 ab
2442 1530 2590 1585 omni
2625 1547 2851 1601 prorsus
2897 1530 3243 1589 multitudine
3286 1536 3486 1591 abhor-

1908 1628 2049 1681 reat,
2098 1635 2292 1689 nempe
2348 1623 2439 1691 qni
2492 1639 2632 1678 unus
2691 1624 2763 1679 sit
2825 1627 3271 1696 exquisitissime.
3336 1628 3475 1685 Huic

1909 1724 2041 1764 vero
2110 1712 2437 1782 intelligibiii
2500 1716 2703 1772 mundo
2772 1718 2889 1773 sive
2960 1720 3248 1788 apparatui
3316 1737 3474 1775 suam

1910 1803 2130 1870 quidem
2152 1804 2262 1868 jam
2300 1804 2480 1861 inesse
2498 1807 2897 1863 multitudinem
2922 1809 3013 1863 sed
3046 1810 3249 1863 ﬁnitam
3276 1818 3481 1875 tamen.

1908 1904 1965 1948 et
2003 1909 2123 1962 quae
2166 1895 2312 1950 nullo
2348 1896 2508 1951 modo
2544 1897 2811 1967 inﬁnitam
2842 1899 3013 1967 possit
3043 1900 3329 1966 appellari,
3359 1902 3480 1957 sive

1909 1985 2168 2052 potentia,
2213 1986 2327 2042 sive
2356 1996 2503 2042 actu.
2538 1988 2594 2042 Id
2627 1989 2772 2059 quod
2822 1991 2878 2046 in
2920 1992 3237 2060 conspicuo,
3293 1994 3475 2047 sensi-

1908 2072 2119 2141 busque
2181 2075 2426 2143 subjecto
2492 2078 2593 2134 hoc
2627 2079 2832 2134 mundo
2859 2081 3019 2135 aliter
3077 2096 3137 2137 se
3170 2083 3356 2146 habet.
3390 2086 3480 2149 qtti

1908 2162 2228 2220 inﬁnitatem
2276 2166 2389 2234 jam
2432 2169 2746 2238 quamdam,
2807 2177 3079 2238 quatenus
3137 2172 3283 2227 illam
3325 2189 3479 2228 com-

1913 2253 2080 2321 plecti
2125 2263 2329 2324 potest,
2391 2259 2635 2312 innatam
2688 2259 2851 2313 habet
2892 2270 3110 2329 propter
3171 2265 3475 2332 materiam,

1905 2343 1994 2398 cui
2056 2346 2275 2414 propria
2338 2349 2848 2415 quadam‘ratione
2908 2351 3153 2407 infinitas
3228 2356 3479 2423 quazdam

1904 2436 2168 2500 adhaeret,
2212 2454 2376 2508 quam
2411 2440 2585 2507 ipsam
2627 2443 2852 2495 materia
2882 2442 3101 2512 quidem
3135 2459 3242 2498 non
3262 2446 3479 2502 aliunde

1904 2544 2066 2597 quam
2099 2528 2248 2584 illinc
2275 2532 2457 2597 traxit,
2511 2532 2607 2587 sed
2642 2531 2757 2587 illic
2790 2544 2969 2587 tamen
2997 2534 3208 2589 inﬁnita
3244 2552 3348 2591 non
3385 2553 3479 2591 ex-

1904 2621 2074 2686 sistit,
2116 2636 2293 2691 neque
2330 2623 2474 2676 enim
2504 2625 2665 2677 etiam
2697 2641 2879 2679 rerum
2905 2628 3327 2691 irrationalium,
3357 2646 3479 2700 qua:

1901 2711 2301 2778 hicbabentur,
2364 2714 2571 2781 species
2595 2715 2702 2768 illic
2730 2716 3059 2771 irrationalis
3110 2717 3343 2773 habetur
3390 2724 3473 2777 vel

1902 2817 2091 2856 rerum
2121 2803 2210 2858 hic
2230 2804 2532 2870 mobilium,
2568 2806 2777 2874 species
2822 2807 2930 2861 illic
2963 2808 3195 2870 mobilis,
3227 2814 3476 2877 quamvis

1900 2894 2280 2958 essentiarum,
2304 2910 2425 2964 quae
2450 2896 2522 2950 ita
2553 2898 2641 2951 bic
2671 2898 3027 2967 appellantur,
3058 2910 3111 2954 et
3140 2915 3328 2957 eorum
3356 2920 3477 2973 quae

1901 2983 2154 3039 essentiis
2186 2998 2283 3053 per
2304 2999 2361 3038 se
2386 2985 2666 3040 adhaerent
2697 2995 2748 3041 et
2778 2988 3185 3055 babitndinum,
3222 2992 3332 3047 illic
3364 2994 3475 3047 sint

1900 3084 1955 3129 et
1984 3074 2195 3143 species
2255 3083 2308 3129 et
2363 3076 2696 3145 exemplaria
2770 3076 3167 3134 iiabitndinum
3225 3084 3473 3151 quidem,

162 3228 165 3229 ν
207 3151 350 3205 κύνα
395 3156 455 3207 ὲν
500 3156 621 3217 ταῖς
650 3155 762 3210 τῶν
812 3156 1077 3212 νοούντων
1105 3177 1158 3213 τι
1189 3159 1269 3213 ἔτι
1303 3162 1432 3232 περὶ
1462 3163 1652 3226 αὐτοῦ,
1692 3165 1791 3234 ψυ-

1903 3176 2213 3236 propterea,
2245 3166 2390 3236 quod
2465 3166 2553 3219 illa
2619 3183 2836 3237 quoque
2875 3187 2994 3239 qua!
3050 3172 3159 3227 illic
3203 3174 3475 3228 habentur

205 3246 335 3313 χαίς
361 3245 729 3312 άνακαινίζον.
758 3249 902 3319 Πρὸς
937 3252 1036 3317 μὲν
1068 3251 1162 3305 οὐν
1190 3252 1364 3307 ταῦτα
1403 3255 1512 3309 τῶν
1552 3255 1794 3325 ⁹Αριστοο

199 3336 406 3399 τέλους
478 3338 652 3393 ταῦτα
699 3342 747 3393 oi
784 3340 852 3395 τὰ
912 3340 1029 3413 εῑδη
1069 3344 1341 3413 τιθέμενοι
1370 3346 1658 3416 φήσουσιν,
1704 3349 1798 3401 ού-

199 3428 295 3483 δὲν
349 3430 554 3500 ἀπᾷδον
604 3431 714 3485 τῶν
764 3433 974 3487 ἑαυτῶν
1011 3435 1321 3490 ὑποθέσεων
1354 3437 1629 3503 λέγοντες.
1674 3440 1796 3494 Ἴω-

203 3540 311 3591 μεν
371 3523 428 3576 δὲ
480 3524 544 3592 δὴ
582 3526 673 3578 καὶ
708 3526 938 3581 ἐπὶτῶν
990 3528 1120 3604 ἐξῇς
1161 3530 1230 3584 τὰ
1262 3531 1421 3600 λόγου
1452 3535 1601 3595 τινὸς
1632 3533 1796 3599 ista?

201 3615 273 3667 Ἐ
319 3631 338 3666 ι
367 3615 655 3683 συμϐαίνει
684 3616 759 3688 μὴ
787 3620 883 3689 τὴν
909 3618 1073 3673 δυάδα
1098 3622 1322 3695 πρώτην
1348 3620 1509 3689 εἶναι,
1539 3625 1673 3678 ἀλλὰ
1701 3627 1793 3679 τὸν

194 3705 465 3776 ἀριθμόν.
499 3709 609 3762 Καὶ
654 3711 730 3774 τί,
762 3712 1023 3782 φήσουσι,
1074 3714 1330 3777 κωλύσει,
1380 3719 1474 3769 τὸν
1525 3717 1625 3783 μὲν
1672 3719 1791 3771 ἐκεῖ

192 3799 445 3867 ἀριθμὸν
471 3802 567 3853 καὶ
599 3802 801 3855 ἐνιαῐον
836 3804 931 3855 καὶ
962 3804 1135 3872 αὐτῆς
1165 3806 1263 3875 τῆς
1295 3806 1485 3865 δυάδος
1523 3809 1790 3878 πρότερον

194 3884 386 3954 εἷναις
414 3890 513 3961 τὴν
537 3890 594 3943 δὲ
617 3891 782 3944 δυάδα
809 3892 903 3944 τοῦ
938 3892 1064 3963 τῇδε
1100 3894 1335 3962 ἐκτάδην
1363 3895 1601 3965 ἀριθμοῦ
1638 3897 1789 3966 πρώ-

191 3995 333 4050 τηνς
356 3982 480 4034 Ἔτι
506 3980 690 4051 φησὶν,
717 3983 778 4034 Εἰ
805 3983 878 4052 μὴ
901 3985 1042 4036 κατὰ
1062 3984 1503 4062 συμϐεϐηκὸςξτά
1526 3986 1635 4057 εῐδη
1667 4004 1788 4056 μετ-

194 4075 416 4143 έχεται,
442 4072 554 4127 τῶν
580 4074 780 4129 οὐσιῶν
810 4074 876 4128 ἂν
898 4075 985 4145 εἴη
1015 4076 1214 4144 μόνων.
1262 4077 1402 4129 Ἀλλ’
1425 4078 1472 4130 εί
1503 4079 1577 4148 μὴ
1610 4080 1784 4131 ἄπαν-

189 4184 286 4231 τα,
332 4169 495 4236 φαῖεν
523 4167 612 4230 ἂν,
637 4168 756 4238 ἦτοι
781 4170 959 4221 οὐσίαι
992 4165 1153 4241 ἦσαν,
1188 4170 1220 4241 ἢ
1253 4170 1395 4223 κατὰ
1431 4173 1783 4243 συμϐεϐηκὸς

188 4265 319 4324 ταῖς
347 4259 563 4322 οὐσίαις
593 4261 1004 4329 προσεγίγνετο,
1032 4260 1176 4330 εἶχεν
1202 4262 1267 4315 ἄν
1296 4279 1419 4315 τινα
1445 4263 1575 4325 ἴσως
1599 4263 1783 4333 χώραν

190 4353 221 4407 δ
254 4355 390 4425 φῂς.
422 4351 538 4405 Νῦν
590 4351 636 4404 δ’
668 4351 837 4405 ὄντων
869 4351 1054 4416 τινῶν,
1086 4352 1122 4405 ἃ
1176 4353 1269 4405 καὶ
1329 4351 1455 4405 καθ’
1480 4352 1620 4406 αὐτὰ
1664 4354 1782 4416 ταῖς

188 4446 416 4506 οὐσίαις
447 4444 730 4511 πρόσεστι,
762 4441 814 4495 τί
843 4442 921 4496 ἐτι
950 4458 1031 4494 σοι
1053 4442 1280 4495 δύναται
1312 4444 1371 4496 τὸ
1399 4444 1776 4513 ἐπιχείρημα;

1904 3256 2107 3310 nullam
2150 3272 2258 3311 non
2293 3256 2527 3311 habeant
2607 3257 2750 3312 inter
2805 3276 2864 3314 se
2905 3262 3277 3317 habitudinem
3311 3260 3479 3333 atque

1900 3350 2336 3406 convenientiam
2365 3369 2377 3403 :
2406 3365 2592 3405 earum
2626 3350 2789 3422 igitur
2817 3369 2939 3423 qua!
2971 3355 3080 3409 illic
3110 3364 3256 3417 sunt,
3302 3355 3471 3410 babi—

1899 3450 2287 3515 tudinum,bas
2310 3450 2531 3513 alteras,
2569 3465 2689 3519 qua:
2744 3439 2833 3503 hic
2898 3456 3047 3510 sunt,
3089 3455 3303 3514 oportet
3351 3462 3475 3502 esse

1913 3542 2179 3611 imagines
2214 3550 2376 3611 atque
2410 3541 2726 3596 simulacra.
2758 3538 2976 3593 Illorum
3018 3553 3148 3591 vero
3197 3553 3319 3607 qua:
3375 3552 3472 3606 per

1895 3635 2223 3690 seessentiis
2286 3632 2565 3688 adhaerent
2604 3644 2725 3685 eam
2777 3630 2846 3685 ob
2872 3644 3123 3691 causam,
3183 3640 3470 3697 propterea

1892 3728 2035 3798 quod
2069 3742 2175 3781 non
2206 3726 2324 3781 sine
2351 3726 2467 3779 suis
2499 3722 2778 3793 adiunctis
2840 3728 3006 3789 atque
3053 3721 3336 3776 attributis
3399 3736 3466 3774 ea

1890 3832 2110 3885 quoque
2136 3830 2257 3885 qua:
2283 3814 2395 3869 illic
2422 3822 2554 3868 sunt
2612 3811 3012 3882 intelligantur.
3072 3810 3207 3864 Nam
3246 3813 3300 3864 in
3373 3813 3467 3865 illo

1890 3921 2021 3969 uno,
2074 3906 2219 3977 quod
2271 3913 2324 3959 et
2374 3919 2591 3959 omnem
2624 3903 2840 3957 excedit
2894 3903 3189 3961 essentiam
3215 3910 3268 3954 et
3297 3918 3464 3955 unum

1888 4001 1971 4046 est
2000 3991 2432 4060 exquisitissima
2464 3990 2703 4055 ratione,
2761 4004 2940 4056 neque
2969 3991 3261 4043 essentiam
3290 4005 3466 4057 neque

1886 4083 2206 4137 attributum
2234 4097 2411 4150 neque
2440 4095 2643 4149 actum,
2679 4096 2855 4145 neque
2871 4082 3169 4150 potentiam
3202 4081 3464 4135 discerni.

1885 4174 2164 4230 Informis
2220 4186 2401 4230 autem
2440 4185 2604 4244 atque
2663 4175 2938 4247 mentibus
2972 4174 3080 4229 illis
3137 4174 3205 4228 de
3262 4174 3469 4242 quibus

1888 4283 2193 4323 sermonem
2231 4266 2482 4331 facimus,
2520 4283 2641 4337 quas
2672 4267 2748 4321 illi
2789 4283 3005 4321 summo
3037 4282 3145 4320 non
3214 4275 3464 4336 suntpa-

1885 4375 1973 4413 res
2004 4358 2264 4413 attributa
2300 4359 2517 4429 quidem
2571 4361 2638 4414 ab
2678 4360 2915 4415 essentia
2952 4359 3230 4430 distingui,
3269 4367 3459 4427 putt-n-

1884 4451 2015 4504 tiam
2042 4464 2171 4505 vero
2196 4450 2265 4504 ab
2291 4458 2413 4504 actu
2445 4460 2814 4520 nequaquam.
2853 4450 2958 4505 Sed
3014 4450 3067 4502 in
3109 4450 3192 4504 bis
3227 4464 3347 4519 qua:
3374 4449 3467 4501 hic

188 4539 379 4592 καίτοι
438 4534 532 4588 καὶ
561 4536 611 4588 εί
643 4535 736 4590 καὶ
763 4535 945 4588 αὐτῶν
974 4537 1083 4589 τῶν
1128 4536 1267 4589 κατὰ
1308 4535 1657 4606 συμϐεϐηκὸς
1692 4553 1773 4604 γι-

1897 4543 2146 4598 labentur
2180 4544 2387 4598 naturis
2410 4559 2604 4599 cuncta
2642 4544 2730 4598 illa
2757 4560 2784 4594 a
2826 4559 2883 4599 se
2926 4543 3155 4597 invicem
3193 4541 3462 4610 separaui,

184 4629 477 4699 γνομένων
523 4628 771 4692 ἕκαστον,
804 4627 943 4698 πρὸς
999 4627 1099 4698 μὲν
1149 4627 1218 4679 τά
1263 4629 1506 4697 προσεχῆ
1552 4629 1615 4681 οὐ
1651 4628 1775 4681 καθ’

183 4722 338 4775 αὐτά
370 4722 541 4783 ἐστιν,
565 4721 701 4782 ὅλως
734 4721 916 4790 μέντοι
941 4720 1052 4774 τῶν
1080 4719 1204 4773 καθ’
1230 4720 1371 4774 αὐτὰ
1395 4721 1458 4773 οὐ
1487 4720 1775 4773 «avram-

182 4815 278 4868 σίν
314 4816 466 4866 ἐστιν
493 4811 839 4883 ἀπερρωγὸς,
869 4813 1100 4881 ἐπείπερ
1134 4810 1402 4864 πλειόνων
1429 4811 1619 4865 αἰτίων
1649 4827 1776 4862 συν⁶

181 4908 297 4979 ὁδῳ
329 4907 398 4959 τὰ
427 4905 657 4959 τοιαῦτα
694 4906 962 4973 γίγνεται.
1009 4905 1231 4958 Τούτων
1278 4904 1324 4957 δ’
1368 4904 1603 4958 ἕκαστον
1651 4903 1773 4957 καθ’

178 5000 328 5055 αὐτὸ
357 4998 458 5069 δρᾷ
485 4998 514 5051 ὅ
550 5014 603 5049 τι
635 4997 703 5051 ἂν
753 4996 925 5068 δρῴη,
950 4997 1064 5050 οὐδ’
1099 4996 1165 5050 ἂν
1201 4998 1264 5049 ἐκ
1292 4996 1499 5050 τωτων
1542 4995 1775 5049 ἀποϐαί-

178 5109 355 5148 νοντι
410 5092 506 5145 τοῦ
558 5090 680 5145 καθ’
714 5089 847 5144 αὐτὸ
899 5089 968 5143 ἂν
1019 5090 1366 5143 παντάπασιν
1407 5090 1774 5161 ἀπερρωγότα

180 5188 302 5257 εἴη.
331 5184 442 5238 οὐδ’
483 5183 824 5254 ἀκοινώνητα
864 5183 1102 5250 πάμπαν
1134 5183 1203 5236 τὰ
1240 5183 1382 5234 κατὰ
1427 5184 1775 5254 συμϐεϐηκὸς

177 5284 303 5344 τοῖς
354 5279 476 5333 καθ’
511 5281 674 5339 αὐτὰ,
728 5278 843 5332 ἀλλ’
878 5276 1104 5331 ἐκείνων
1159 5277 1255 5331 καὶ
1302 5276 1476 5330 ταῦτα
1514 5277 1770 5346 ἐχόμενα.

189 5374 458 5428 Ἐπειδὰν
482 5377 591 5445 γὰρ
625 5372 944 5441 Ὀλυμπίων
970 5370 1284 5424 ἐνεστώτων
1312 5371 1340 5423 ὁ
1365 5370 1518 5441 ἣλιος
1549 5368 1769 5438 ἐκλίπῃ,

174 5468 339 5520 κατὰ
377 5466 478 5535 μὲν
503 5466 565 5518 τδ
592 5464 661 5518 τά
696 5463 969 5534 Ὀλύμπια
1010 5462 1360 5531 ἐνεστηκέναι
1408 5464 1435 5514 ὁ
1476 5461 1629 5531 ἣλιος
1672 5461 1771 5513 οὐκ

173 5559 462 5624 ἐξέλιπεν,
490 5556 612 5610 οὐδέ
640 5571 704 5622 γε
735 5554 882 5607 κατὰ
913 5553 973 5608 τὸ
1002 5555 1095 5606 τὸν
1123 5552 1277 5623 ἥλιον
1301 5552 1677 5605 ἐκλελοιπέναι
1705 5552 1771 5605 τά

188 5649 482 5718 Ὀλύμπια
506 5649 719 5718 ἐνέστη·
772 5648 914 5702 ὥστε
947 5646 1121 5717 ταύτῃ
1172 5647 1291 5714 μὲν,
1325 5646 1386 5697 οὐ
1431 5644 1557 5697 καθ’
1590 5644 1722 5697 αὐτὸ
1745 5647 1771 5697 ὁ

170 5741 341 5810 ﬁlio;
374 5741 483 5792 τῶν
516 5756 577 5807 γε
620 5738 936 5807 Ὀλυμπίων
986 5736 1301 5790 ἐνεστώτων
1348 5735 1651 5800 ἐκλέλοιπε,
1703 5737 1768 5788 τά

180 5850 244 5904 γε
292 5831 403 5903 μὴν
435 5833 581 5886 αἴτια
611 5831 704 5886 τοῦ
734 5832 821 5886 τὸν
858 5831 1007 5902 ἥλιον
1052 5828 1295 5885 ἐκλιπεῖν
1330 5827 1453 5883 καθ’
1490 5829 1626 5883 αὐτὰ
1672 5831 1768 5899 τὴν

1884 4639 2049 4701 atque
2078 4632 2144 4688 ad
2163 4632 2310 4688 illam
2334 4633 2695 4702 superiorem,
2722 4632 2863 4685 hanc
2886 4647 3100 4701 quoque
3125 4631 3459 4700 proximam,

1885 4736 2009 4791 quae
2066 4724 2169 4777 fuit
2215 4723 2511 4785 mentibus,
2567 4722 2977 4777 distinctionem
3031 4720 3316 4775 accedere.
3390 4718 3464 4775 Ut

1878 4817 1993 4887 jam
2053 4817 2155 4871 hoc
2201 4825 2362 4887 pacto
2411 4831 2534 4886 quae
2596 4814 2709 4869 illic
2768 4823 2917 4877 sunt,
2990 4812 3171 4867 medio
3219 4811 3458 4881 quodam

1883 4910 2046 4967 modo
2075 4925 2134 4965 se
2164 4910 2421 4973 habeant,
2456 4909 2597 4962 inter
2637 4908 2765 4962 illud
2822 4921 3097 4962 summum
3154 4916 3321 4976 atque
3366 4922 3461 4961 su-

1882 5000 2234 5071 pernaturale
2268 5015 2459 5064 unum,
2490 5010 2545 5054 et
2572 4999 2690 5053 haec
2748 5012 2869 5068 quae
2894 4996 2983 5051 hic
3017 5006 3281 5066 apparent
3326 5012 3461 5053 sen-

1882 5094 2035 5147 sibus
2057 5091 2325 5161 potentia.
2356 5089 2475 5145 Jam
2506 5090 2674 5160 igitur
2696 5090 2884 5160 quales
2906 5094 2970 5143 ‘et
3006 5088 3310 5154 cuiusmodi
3335 5102 3463 5143 esse

1881 5185 2093 5255 species
2128 5183 2243 5239 sive
2276 5182 2503 5248 formas,
2540 5182 2578 5237 ii
2642 5182 2976 5246 existiment,
3010 5182 3105 5249 qui
3150 5196 3241 5235 eas
3259 5181 3462 5236 consti-

1882 5282 2065 5339 tuunt,
2092 5276 2449 5345 exposuimus
2482 5275 2798 5331 summatim
2826 5282 2881 5329 et
2920 5288 3086 5343 quam
3130 5273 3247 5328 ﬁeri
3280 5272 3461 5340 potuit

1880 5370 2217 5425 brevissime.
2252 5369 2406 5424 Nunc
2429 5378 2602 5423 restat
2658 5375 2715 5421 ut
2753 5367 2819 5422 iis
2868 5380 3221 5422 occurramus
3270 5364 3461 5432 objec-

1883 5463 2143 5527 tionibns,
2177 5463 2377 5531 quibus
2420 5460 2733 5516 Platonicos
2794 5464 3077 5529 oppugnat
3107 5456 3455 5512 Aristoteles.

1882 5552 2192 5608 Secundum
2235 5569 2469 5622 namque
2499 5553 2764 5617 rationes,
2800 5550 2994 5619 inquit,
3036 5564 3157 5618 qua:
3188 5564 3254 5602 ex
3279 5547 3460 5603 scien—

1882 5642 1992 5706 tiis,
2016 5643 2227 5711 species
2253 5653 2413 5696 erunt
2439 5642 2707 5705 omnium,
2740 5655 2971 5709 quorum
3033 5636 3280 5692 scientize
3304 5647 3456 5691 sunt.

1882 5733 2008 5787 Sive
2052 5734 2297 5788 scicntia:
2357 5732 2467 5787 sint
2505 5747 2715 5794 earum,
2764 5745 2887 5800 qua:
2952 5744 3168 5797 semper
3195 5738 3325 5781 sunt
3355 5744 3453 5797 per

1882 5827 2083 5893 seipsa,
2116 5826 2228 5882 sive
2266 5842 2456 5882 rursus
2505 5824 2614 5879 sint
2664 5838 2875 5890 earum,
2927 5838 3046 5892 quae
3108 5837 3202 5891 per
3265 5820 3445 5891 Scipsa

3904 5761 3916 6271 ἢ
