  <div class='ocr_page' id='page_1' title='image "/cluster/home/n/w/nwhite01/storage/ocr_20150623/160/hvd.32044036446961/551.png"; bbox 0 0 3920 6454; ppageno 0'>
   <div class='ocr_carea' id='block_1_1' title="bbox 422 343 530 403">
    <p class='ocr_par' dir='ltr' id='par_1_1' title="bbox 422 343 530 403">
     <span class='ocr_line' id='line_1_1' title="bbox 422 343 530 403; baseline 0.019 -3"><span class='ocrx_word' id='word_1_1' title='bbox 422 343 530 403; x_wconf 71' lang='lat'><strong>933</strong></span> 
     </span>
    </p>
   </div>
   <div class='ocr_carea' id='block_1_2' title="bbox 1636 339 2442 404">
    <p class='ocr_par' dir='ltr' id='par_1_2' title="bbox 1636 339 2442 404">
     <span class='ocr_line' id='line_1_2' title="bbox 1636 339 2442 404; baseline 0.001 -6"><span class='ocrx_word' id='word_1_2' title='bbox 1636 341 1962 404; x_wconf 77' lang='lat' dir='ltr'><strong>GEORGII</strong></span> <span class='ocrx_word' id='word_1_3' title='bbox 2009 339 2442 400; x_wconf 72' lang='lat' dir='ltr'><strong>FLETHONIS</strong></span> 
     </span>
    </p>
   </div>
   <div class='ocr_carea' id='block_1_3' title="bbox 3566 332 3663 395">
    <p class='ocr_par' dir='ltr' id='par_1_3' title="bbox 3566 332 3663 395">
     <span class='ocr_line' id='line_1_3' title="bbox 3566 332 3663 395; baseline 0.01 -1"><span class='ocrx_word' id='word_1_4' title='bbox 3566 332 3663 395; x_wconf 67' lang='lat'><strong>931</strong></span> 
     </span>
    </p>
   </div>
   <div class='ocr_carea' id='block_1_4' title="bbox 423 443 1998 518">
    <p class='ocr_par' dir='ltr' id='par_1_4' title="bbox 423 446 1986 518">
     <span class='ocr_line' id='line_1_4' title="bbox 423 446 1986 518; baseline -0.001 -13"><span class='ocrx_word' id='word_1_5' title='bbox 423 453 544 506; x_wconf 89' lang='lat' dir='ltr'><strong>aliis</strong></span> <span class='ocrx_word' id='word_1_6' title='bbox 566 449 869 510; x_wconf 67' lang='lat' dir='ltr'><strong>adhazrent,</strong></span> <span class='ocrx_word' id='word_1_7' title='bbox 897 447 1122 503; x_wconf 88' lang='lat' dir='ltr'><strong>minime</strong></span> <span class='ocrx_word' id='word_1_8' title='bbox 1155 462 1284 503; x_wconf 82' lang='lat' dir='ltr'><strong>sane</strong></span> <span class='ocrx_word' id='word_1_9' title='bbox 1317 446 1649 502; x_wconf 82' lang='lat' dir='ltr'><strong>verebuntur</strong></span> <span class='ocrx_word' id='word_1_10' title='bbox 1673 448 1708 502; x_wconf 94' lang='lat' dir='ltr'><strong>ii</strong></span> <span class='ocrx_word' id='word_1_11' title='bbox 1746 449 1838 518; x_wconf 86' lang='lat' dir='ltr'><strong>qui</strong></span> <span class='ocrx_word' id='word_1_12' title='bbox 1866 463 1986 516; x_wconf 88' lang='lat' dir='ltr'><strong>spe-</strong></span> 
     </span>
    </p>
   </div>
   <div class='ocr_carea' id='block_1_5' title="bbox 2103 443 3663 518">
    <p class='ocr_par' dir='ltr' id='par_1_5' title="bbox 2103 443 3663 516">
     <span class='ocr_line' id='line_1_5' title="bbox 2103 443 3663 516; baseline -0.001 -17"><span class='ocrx_word' id='word_1_13' title='bbox 2103 448 2333 516; x_wconf 77' lang='grc' dir='ltr'><strong>ίκλειψιν</strong></span> <span class='ocrx_word' id='word_1_14' title='bbox 2386 447 2676 515; x_wconf 85' lang='grc' dir='ltr'><strong>πεποίηκε.</strong></span> <span class='ocrx_word' id='word_1_15' title='bbox 2731 445 2841 499; x_wconf 78' lang='grc' dir='ltr'><strong>Καὶ</strong></span> <span class='ocrx_word' id='word_1_16' title='bbox 2893 446 2921 499; x_wconf 84' lang='grc' dir='ltr'><strong>ὁ</strong></span> <span class='ocrx_word' id='word_1_17' title='bbox 2973 445 3140 514; x_wconf 83' lang='grc' dir='ltr'><strong>νόμος</strong></span> <span class='ocrx_word' id='word_1_18' title='bbox 3195 443 3265 496; x_wconf 50' lang='grc' dir='ltr'><strong>δι’</strong></span> <span class='ocrx_word' id='word_1_19' title='bbox 3305 445 3331 498; x_wconf 78' lang='grc' dir='ltr'><strong>δ</strong></span> <span class='ocrx_word' id='word_1_20' title='bbox 3379 446 3509 512; x_wconf 75' lang='grc' dir='ltr'><strong>περὶ</strong></span> <span class='ocrx_word' id='word_1_21' title='bbox 3558 447 3663 499; x_wconf 80' lang='grc' dir='ltr'><strong>τῶν</strong></span> 
     </span>
    </p>
   </div>
   <div class='ocr_carea' id='block_1_6' title="bbox 423 539 1982 610">
    <p class='ocr_par' dir='ltr' id='par_1_6' title="bbox 423 539 1982 610">
     <span class='ocr_line' id='line_1_6' title="bbox 423 539 1982 610; baseline -0.001 -13"><span class='ocrx_word' id='word_1_22' title='bbox 423 543 536 597; x_wconf 82' lang='lat' dir='ltr'><strong>cies</strong></span> <span class='ocrx_word' id='word_1_23' title='bbox 587 541 925 595; x_wconf 89' lang='lat' dir='ltr'><strong>constituunt</strong></span> <span class='ocrx_word' id='word_1_24' title='bbox 991 539 1284 603; x_wconf 77' lang='lat' dir='ltr'><strong>aﬂlrmare,</strong></span> <span class='ocrx_word' id='word_1_25' title='bbox 1335 541 1466 610; x_wconf 91' lang='lat' dir='ltr'><strong>quin</strong></span> <span class='ocrx_word' id='word_1_26' title='bbox 1499 542 1693 594; x_wconf 87' lang='lat' dir='ltr'><strong>horum</strong></span> <span class='ocrx_word' id='word_1_27' title='bbox 1738 542 1982 596; x_wconf 89' lang='lat' dir='ltr'><strong>omnium</strong></span> 
     </span>
    </p>
   </div>
   <div class='ocr_carea' id='block_1_7' title="bbox 424 631 1986 699">
    <p class='ocr_par' dir='ltr' id='par_1_7' title="bbox 424 631 1986 699">
     <span class='ocr_line' id='line_1_7' title="bbox 424 631 1986 699; baseline 0 -11"><span class='ocrx_word' id='word_1_28' title='bbox 424 649 532 688; x_wconf 92' lang='lat' dir='ltr'><strong>non</strong></span> <span class='ocrx_word' id='word_1_29' title='bbox 571 632 680 688; x_wconf 89' lang='lat' dir='ltr'><strong>sint</strong></span> <span class='ocrx_word' id='word_1_30' title='bbox 706 631 939 699; x_wconf 83' lang='lat' dir='ltr'><strong>species,</strong></span> <span class='ocrx_word' id='word_1_31' title='bbox 972 646 1078 686; x_wconf 91' lang='lat' dir='ltr'><strong>non</strong></span> <span class='ocrx_word' id='word_1_32' title='bbox 1111 639 1290 686; x_wconf 89' lang='lat' dir='ltr'><strong>tamen</strong></span> <span class='ocrx_word' id='word_1_33' title='bbox 1320 632 1574 687; x_wconf 70' lang='lat' dir='ltr'><strong>similiter</strong></span> <span class='ocrx_word' id='word_1_34' title='bbox 1593 632 1860 696; x_wconf 89' lang='lat' dir='ltr'><strong>omnium,</strong></span> <span class='ocrx_word' id='word_1_35' title='bbox 1889 632 1986 688; x_wconf 89' lang='lat' dir='ltr'><strong>sed</strong></span> 
     </span>
    </p>
   </div>
   <div class='ocr_carea' id='block_1_8' title="bbox 425 721 1982 791">
    <p class='ocr_par' dir='ltr' id='par_1_8' title="bbox 425 721 1982 791">
     <span class='ocr_line' id='line_1_8' title="bbox 425 721 1982 791; baseline -0.001 -14"><span class='ocrx_word' id='word_1_36' title='bbox 425 737 611 777; x_wconf 88' lang='lat' dir='ltr'><strong>eorum</strong></span> <span class='ocrx_word' id='word_1_37' title='bbox 640 721 858 791; x_wconf 78' lang='lat' dir='ltr'><strong>quidem</strong></span> <span class='ocrx_word' id='word_1_38' title='bbox 933 737 1056 791; x_wconf 72' lang='lat' dir='ltr'><strong>qua:</strong></span> <span class='ocrx_word' id='word_1_39' title='bbox 1087 722 1174 776; x_wconf 88' lang='lat' dir='ltr'><strong>hic</strong></span> <span class='ocrx_word' id='word_1_40' title='bbox 1200 721 1254 776; x_wconf 92' lang='lat' dir='ltr'><strong>in</strong></span> <span class='ocrx_word' id='word_1_41' title='bbox 1274 723 1484 790; x_wconf 83' lang='lat' dir='ltr'><strong>species</strong></span> <span class='ocrx_word' id='word_1_42' title='bbox 1521 724 1698 778; x_wconf 74' lang='lat' dir='ltr'><strong>(initas</strong></span> <span class='ocrx_word' id='word_1_43' title='bbox 1723 723 1982 777; x_wconf 73' lang='lat' dir='ltr'><strong>dividunt-</strong></span> 
     </span>
    </p>
   </div>
   <div class='ocr_carea' id='block_1_9' title="bbox 431 813 1981 884">
    <p class='ocr_par' dir='ltr' id='par_1_9' title="bbox 431 813 1981 884">
     <span class='ocr_line' id='line_1_9' title="bbox 431 813 1981 884; baseline 0.001 -15"><span class='ocrx_word' id='word_1_44' title='bbox 431 825 538 878; x_wconf 88' lang='lat' dir='ltr'><strong>tur,</strong></span> <span class='ocrx_word' id='word_1_45' title='bbox 601 813 843 881; x_wconf 84' lang='lat' dir='ltr'><strong>singulas</strong></span> <span class='ocrx_word' id='word_1_46' title='bbox 881 828 1001 868; x_wconf 89' lang='lat' dir='ltr'><strong>esse</strong></span> <span class='ocrx_word' id='word_1_47' title='bbox 1043 815 1096 868; x_wconf 92' lang='lat' dir='ltr'><strong>in</strong></span> <span class='ocrx_word' id='word_1_48' title='bbox 1159 813 1390 883; x_wconf 76' lang='lat' dir='ltr'><strong>singulis</strong></span> <span class='ocrx_word' id='word_1_49' title='bbox 1416 815 1709 884; x_wconf 75' lang='lat' dir='ltr'><strong>generibus</strong></span> <span class='ocrx_word' id='word_1_50' title='bbox 1747 815 1981 884; x_wconf 75' lang='lat' dir='ltr'><strong>species,</strong></span> 
     </span>
    </p>
   </div>
   <div class='ocr_carea' id='block_1_10' title="bbox 428 902 1989 973">
    <p class='ocr_par' dir='ltr' id='par_1_10' title="bbox 428 902 1989 973">
     <span class='ocr_line' id='line_1_10' title="bbox 428 902 1989 973; baseline 0 -15"><span class='ocrx_word' id='word_1_51' title='bbox 428 918 614 958; x_wconf 90' lang='lat' dir='ltr'><strong>eorum</strong></span> <span class='ocrx_word' id='word_1_52' title='bbox 639 919 789 966; x_wconf 82' lang='lat' dir='ltr'><strong>vero,</strong></span> <span class='ocrx_word' id='word_1_53' title='bbox 825 918 945 973; x_wconf 76' lang='lat' dir='ltr'><strong>qua:</strong></span> <span class='ocrx_word' id='word_1_54' title='bbox 975 902 1041 957; x_wconf 83' lang='lat' dir='ltr'><strong>ad</strong></span> <span class='ocrx_word' id='word_1_55' title='bbox 1084 903 1404 957; x_wconf 88' lang='lat' dir='ltr'><strong>inllnitatem</strong></span> <span class='ocrx_word' id='word_1_56' title='bbox 1429 905 1718 973; x_wconf 78' lang='lat' dir='ltr'><strong>quamdam</strong></span> <span class='ocrx_word' id='word_1_57' title='bbox 1756 903 1866 973; x_wconf 86' lang='lat' dir='ltr'><strong>jam</strong></span> <span class='ocrx_word' id='word_1_58' title='bbox 1901 918 1989 958; x_wconf 83' lang='lat' dir='ltr'><strong>re-</strong></span> 
     </span>
    </p>
   </div>
   <div class='ocr_carea' id='block_1_11' title="bbox 427 991 1982 1059">
    <p class='ocr_par' dir='ltr' id='par_1_11' title="bbox 427 991 1982 1059">
     <span class='ocr_line' id='line_1_11' title="bbox 427 991 1982 1059; baseline 0 -13"><span class='ocrx_word' id='word_1_59' title='bbox 427 993 635 1057; x_wconf 86' lang='lat' dir='ltr'><strong>cidunt,</strong></span> <span class='ocrx_word' id='word_1_60' title='bbox 664 1008 826 1048; x_wconf 88' lang='lat' dir='ltr'><strong>unam</strong></span> <span class='ocrx_word' id='word_1_61' title='bbox 861 993 1123 1048; x_wconf 80' lang='lat' dir='ltr'><strong>dunlaxat</strong></span> <span class='ocrx_word' id='word_1_62' title='bbox 1156 993 1209 1046; x_wconf 91' lang='lat' dir='ltr'><strong>in</strong></span> <span class='ocrx_word' id='word_1_63' title='bbox 1235 993 1494 1049; x_wconf 87' lang='lat' dir='ltr'><strong>omnibus</strong></span> <span class='ocrx_word' id='word_1_64' title='bbox 1525 992 1774 1050; x_wconf 78' lang='lat' dir='ltr'><strong>inﬁnitis.</strong></span> <span class='ocrx_word' id='word_1_65' title='bbox 1807 991 1982 1059; x_wconf 87' lang='lat' dir='ltr'><strong>Quam</strong></span> 
     </span>
    </p>
   </div>
   <div class='ocr_carea' id='block_1_12' title="bbox 429 1084 1984 1154">
    <p class='ocr_par' dir='ltr' id='par_1_12' title="bbox 429 1084 1984 1154">
     <span class='ocr_line' id='line_1_12' title="bbox 429 1084 1984 1154; baseline 0.004 -20"><span class='ocrx_word' id='word_1_66' title='bbox 429 1085 662 1152; x_wconf 89' lang='lat' dir='ltr'><strong>primum</strong></span> <span class='ocrx_word' id='word_1_67' title='bbox 687 1084 852 1147; x_wconf 88' lang='lat' dir='ltr'><strong>enim,</strong></span> <span class='ocrx_word' id='word_1_68' title='bbox 880 1085 1113 1152; x_wconf 78' lang='lat' dir='ltr'><strong>exempli</strong></span> <span class='ocrx_word' id='word_1_69' title='bbox 1142 1085 1337 1153; x_wconf 88' lang='lat' dir='ltr'><strong>gratia,</strong></span> <span class='ocrx_word' id='word_1_70' title='bbox 1378 1086 1526 1139; x_wconf 91' lang='lat' dir='ltr'><strong>omni</strong></span> <span class='ocrx_word' id='word_1_71' title='bbox 1590 1087 1683 1154; x_wconf 90' lang='lat' dir='ltr'><strong>qni</strong></span> <span class='ocrx_word' id='word_1_72' title='bbox 1731 1085 1818 1139; x_wconf 90' lang='lat' dir='ltr'><strong>hic</strong></span> <span class='ocrx_word' id='word_1_73' title='bbox 1882 1095 1984 1150; x_wconf 90' lang='lat' dir='ltr'><strong>est,</strong></span> 
     </span>
    </p>
   </div>
   <div class='ocr_carea' id='block_1_13' title="bbox 432 1177 1992 1248">
    <p class='ocr_par' dir='ltr' id='par_1_13' title="bbox 432 1177 1992 1248">
     <span class='ocr_line' id='line_1_13' title="bbox 432 1177 1992 1248; baseline 0.004 -21"><span class='ocrx_word' id='word_1_74' title='bbox 432 1190 661 1229; x_wconf 90' lang='lat' dir='ltr'><strong>numero</strong></span> <span class='ocrx_word' id='word_1_75' title='bbox 710 1185 931 1246; x_wconf 85' lang='lat' dir='ltr'><strong>propter</strong></span> <span class='ocrx_word' id='word_1_76' title='bbox 989 1177 1335 1245; x_wconf 79' lang='lat' dir='ltr'><strong>inﬁnitatem,</strong></span> <span class='ocrx_word' id='word_1_77' title='bbox 1370 1193 1534 1233; x_wconf 82' lang='lat' dir='ltr'><strong>unam</strong></span> <span class='ocrx_word' id='word_1_78' title='bbox 1580 1193 1700 1248; x_wconf 77' lang='lat' dir='ltr'><strong>qua:</strong></span> <span class='ocrx_word' id='word_1_79' title='bbox 1753 1178 1864 1234; x_wconf 90' lang='lat' dir='ltr'><strong>illic</strong></span> <span class='ocrx_word' id='word_1_80' title='bbox 1907 1186 1992 1234; x_wconf 86' lang='lat' dir='ltr'><strong>est</strong></span> 
     </span>
    </p>
   </div>
   <div class='ocr_carea' id='block_1_14' title="bbox 432 1267 1988 1339">
    <p class='ocr_par' dir='ltr' id='par_1_14' title="bbox 432 1267 1988 1339">
     <span class='ocr_line' id='line_1_14' title="bbox 432 1267 1988 1339; baseline 0.004 -20"><span class='ocrx_word' id='word_1_81' title='bbox 432 1267 658 1320; x_wconf 82' lang='lat' dir='ltr'><strong>formam</strong></span> <span class='ocrx_word' id='word_1_82' title='bbox 693 1269 994 1337; x_wconf 69' lang='lat' dir='ltr'><strong>praeﬁciunt</strong></span> <span class='ocrx_word' id='word_1_83' title='bbox 1052 1285 1174 1338; x_wconf 62' lang='lat' dir='ltr'><strong>qua</strong></span> <span class='ocrx_word' id='word_1_84' title='bbox 1201 1279 1252 1325; x_wconf 88' lang='lat' dir='ltr'><strong>et</strong></span> <span class='ocrx_word' id='word_1_85' title='bbox 1286 1272 1354 1326; x_wconf 91' lang='lat' dir='ltr'><strong>sit</strong></span> <span class='ocrx_word' id='word_1_86' title='bbox 1386 1271 1563 1334; x_wconf 88' lang='lat' dir='ltr'><strong>unica,</strong></span> <span class='ocrx_word' id='word_1_87' title='bbox 1588 1279 1642 1324; x_wconf 87' lang='lat' dir='ltr'><strong>et</strong></span> <span class='ocrx_word' id='word_1_88' title='bbox 1676 1270 1988 1339; x_wconf 75' lang='lat' dir='ltr'><strong>singillatim</strong></span> 
     </span>
    </p>
   </div>
   <div class='ocr_carea' id='block_1_15' title="bbox 430 1359 1991 1432">
    <p class='ocr_par' dir='ltr' id='par_1_15' title="bbox 430 1359 1991 1432">
     <span class='ocr_line' id='line_1_15' title="bbox 430 1359 1991 1432; baseline 0.004 -23"><span class='ocrx_word' id='word_1_89' title='bbox 430 1359 1078 1426; x_wconf 85' lang='lat' dir='ltr'><strong>comprehendatomnia,</strong></span> <span class='ocrx_word' id='word_1_90' title='bbox 1119 1377 1455 1432; x_wconf 68' lang='lat' dir='ltr'><strong>quaecunque</strong></span> <span class='ocrx_word' id='word_1_91' title='bbox 1489 1377 1716 1416; x_wconf 89' lang='lat' dir='ltr'><strong>numero</strong></span> <span class='ocrx_word' id='word_1_92' title='bbox 1756 1361 1848 1432; x_wconf 92' lang='lat' dir='ltr'><strong>qui</strong></span> <span class='ocrx_word' id='word_1_93' title='bbox 1903 1361 1991 1416; x_wconf 77' lang='lat' dir='ltr'><strong>hic</strong></span> 
     </span>
    </p>
   </div>
   <div class='ocr_carea' id='block_1_16' title="bbox 430 1446 1986 1524">
    <p class='ocr_par' dir='ltr' id='par_1_16' title="bbox 430 1446 1986 1524">
     <span class='ocr_line' id='line_1_16' title="bbox 430 1446 1986 1524; baseline 0.006 -27"><span class='ocrx_word' id='word_1_94' title='bbox 430 1456 508 1500; x_wconf 74' lang='lat' dir='ltr'><strong>est</strong></span> <span class='ocrx_word' id='word_1_95' title='bbox 540 1446 833 1504; x_wconf 87' lang='lat' dir='ltr'><strong>distinctim</strong></span> <span class='ocrx_word' id='word_1_96' title='bbox 876 1459 929 1504; x_wconf 91' lang='lat' dir='ltr'><strong>et</strong></span> <span class='ocrx_word' id='word_1_97' title='bbox 955 1466 1050 1520; x_wconf 73' lang='lat' dir='ltr'><strong>per</strong></span> <span class='ocrx_word' id='word_1_98' title='bbox 1071 1468 1130 1506; x_wconf 87' lang='lat' dir='ltr'><strong>se</strong></span> <span class='ocrx_word' id='word_1_99' title='bbox 1159 1453 1501 1524; x_wconf 90' lang='lat' dir='ltr'><strong>contingunt.</strong></span> <span class='ocrx_word' id='word_1_100' title='bbox 1534 1452 1733 1508; x_wconf 86' lang='lat' dir='ltr'><strong>Eadem</strong></span> <span class='ocrx_word' id='word_1_101' title='bbox 1764 1468 1986 1520; x_wconf 87' lang='lat' dir='ltr'><strong>quoque</strong></span> 
     </span>
    </p>
   </div>
   <div class='ocr_carea' id='block_1_17' title="bbox 433 1540 1990 1611">
    <p class='ocr_par' dir='ltr' id='par_1_17' title="bbox 433 1540 1990 1611">
     <span class='ocr_line' id='line_1_17' title="bbox 433 1540 1990 1611; baseline 0.007 -22"><span class='ocrx_word' id='word_1_102' title='bbox 433 1547 515 1590; x_wconf 87' lang='lat' dir='ltr'><strong>est</strong></span> <span class='ocrx_word' id='word_1_103' title='bbox 545 1540 683 1594; x_wconf 81' lang='lat' dir='ltr'><strong>ratio</strong></span> <span class='ocrx_word' id='word_1_104' title='bbox 713 1555 924 1605; x_wconf 86' lang='lat' dir='ltr'><strong>eorum,</strong></span> <span class='ocrx_word' id='word_1_105' title='bbox 957 1557 1078 1611; x_wconf 66' lang='lat' dir='ltr'><strong>quae</strong></span> <span class='ocrx_word' id='word_1_106' title='bbox 1100 1544 1246 1598; x_wconf 88' lang='lat' dir='ltr'><strong>circa</strong></span> <span class='ocrx_word' id='word_1_107' title='bbox 1313 1553 1533 1598; x_wconf 84' lang='lat' dir='ltr'><strong>nostras</strong></span> <span class='ocrx_word' id='word_1_108' title='bbox 1583 1545 1990 1611; x_wconf 74' lang='lat' dir='ltr'><strong>magnitudines</strong></span> 
     </span>
    </p>
   </div>
   <div class='ocr_carea' id='block_1_18' title="bbox 433 1631 1996 1705">
    <p class='ocr_par' dir='ltr' id='par_1_18' title="bbox 433 1631 1996 1705">
     <span class='ocr_line' id='line_1_18' title="bbox 433 1631 1996 1705; baseline 0.004 -24"><span class='ocrx_word' id='word_1_109' title='bbox 433 1631 910 1702; x_wconf 88' lang='lat' dir='ltr'><strong>dimensionesque</strong></span> <span class='ocrx_word' id='word_1_110' title='bbox 935 1632 1212 1698; x_wconf 82' lang='lat' dir='ltr'><strong>accidunt,</strong></span> <span class='ocrx_word' id='word_1_111' title='bbox 1260 1645 1320 1689; x_wconf 91' lang='lat' dir='ltr'><strong>ut</strong></span> <span class='ocrx_word' id='word_1_112' title='bbox 1352 1635 1461 1688; x_wconf 86' lang='lat' dir='ltr'><strong>illic</strong></span> <span class='ocrx_word' id='word_1_113' title='bbox 1491 1634 1664 1689; x_wconf 84' lang='lat' dir='ltr'><strong>forma</strong></span> <span class='ocrx_word' id='word_1_114' title='bbox 1722 1639 1996 1705; x_wconf 83' lang='lat' dir='ltr'><strong>magnitu-</strong></span> 
     </span>
    </p>
   </div>
   <div class='ocr_carea' id='block_1_19' title="bbox 435 1718 1994 1793">
    <p class='ocr_par' dir='ltr' id='par_1_19' title="bbox 435 1718 1994 1793">
     <span class='ocr_line' id='line_1_19' title="bbox 435 1718 1994 1793; baseline 0.006 -23"><span class='ocrx_word' id='word_1_115' title='bbox 435 1718 577 1772; x_wconf 89' lang='lat' dir='ltr'><strong>dinis</strong></span> <span class='ocrx_word' id='word_1_116' title='bbox 605 1721 849 1775; x_wconf 76' lang='lat' dir='ltr'><strong>situnioa</strong></span> <span class='ocrx_word' id='word_1_117' title='bbox 887 1737 1057 1792; x_wconf 86' lang='lat' dir='ltr'><strong>eaque</strong></span> <span class='ocrx_word' id='word_1_118' title='bbox 1085 1723 1383 1780; x_wconf 88' lang='lat' dir='ltr'><strong>individua.</strong></span> <span class='ocrx_word' id='word_1_119' title='bbox 1416 1726 1496 1780; x_wconf 80' lang='lat' dir='ltr'><strong>Ab</strong></span> <span class='ocrx_word' id='word_1_120' title='bbox 1529 1725 1636 1779; x_wconf 89' lang='lat' dir='ltr'><strong>illis</strong></span> <span class='ocrx_word' id='word_1_121' title='bbox 1667 1739 1826 1793; x_wconf 88' lang='lat' dir='ltr'><strong>porro</strong></span> <span class='ocrx_word' id='word_1_122' title='bbox 1883 1724 1994 1780; x_wconf 80' lang='lat' dir='ltr'><strong>lor-</strong></span> 
     </span>
    </p>
   </div>
   <div class='ocr_carea' id='block_1_20' title="bbox 437 1809 1996 1888">
    <p class='ocr_par' dir='ltr' id='par_1_20' title="bbox 437 1809 1996 1888">
     <span class='ocr_line' id='line_1_20' title="bbox 437 1809 1996 1888; baseline 0.008 -30"><span class='ocrx_word' id='word_1_123' title='bbox 437 1809 538 1861; x_wconf 92' lang='lat' dir='ltr'><strong>mis</strong></span> <span class='ocrx_word' id='word_1_124' title='bbox 558 1810 794 1864; x_wconf 89' lang='lat' dir='ltr'><strong>animum</strong></span> <span class='ocrx_word' id='word_1_125' title='bbox 820 1822 1061 1866; x_wconf 91' lang='lat' dir='ltr'><strong>nostrum</strong></span> <span class='ocrx_word' id='word_1_126' title='bbox 1087 1814 1450 1888; x_wconf 86' lang='lat' dir='ltr'><strong>illuminatum</strong></span> <span class='ocrx_word' id='word_1_127' title='bbox 1505 1831 1762 1871; x_wconf 89' lang='lat' dir='ltr'><strong>numeros</strong></span> <span class='ocrx_word' id='word_1_128' title='bbox 1789 1817 1996 1871; x_wconf 88' lang='lat' dir='ltr'><strong>mathe-</strong></span> 
     </span>
    </p>
   </div>
   <div class='ocr_carea' id='block_1_21' title="bbox 438 1904 1995 1976">
    <p class='ocr_par' dir='ltr' id='par_1_21' title="bbox 438 1904 1995 1976">
     <span class='ocr_line' id='line_1_21' title="bbox 438 1904 1995 1976; baseline 0.009 -24"><span class='ocrx_word' id='word_1_129' title='bbox 438 1904 663 1957; x_wconf 88' lang='lat' dir='ltr'><strong>maticos</strong></span> <span class='ocrx_word' id='word_1_130' title='bbox 697 1911 750 1958; x_wconf 86' lang='lat' dir='ltr'><strong>et</strong></span> <span class='ocrx_word' id='word_1_131' title='bbox 776 1906 1176 1972; x_wconf 73' lang='lat' dir='ltr'><strong>magnitudines</strong></span> <span class='ocrx_word' id='word_1_132' title='bbox 1217 1909 1625 1964; x_wconf 71' lang='lat' dir='ltr'><strong>mathematicas</strong></span> <span class='ocrx_word' id='word_1_133' title='bbox 1677 1911 1995 1976; x_wconf 82' lang='lat' dir='ltr'><strong>explicatius</strong></span> 
     </span>
    </p>
   </div>
   <div class='ocr_carea' id='block_1_22' title="bbox 437 1994 2000 2070">
    <p class='ocr_par' dir='ltr' id='par_1_22' title="bbox 437 1994 2000 2070">
     <span class='ocr_line' id='line_1_22' title="bbox 437 1994 2000 2070; baseline 0.008 -25"><span class='ocrx_word' id='word_1_134' title='bbox 437 1994 753 2065; x_wconf 70' lang='lat' dir='ltr'><strong>intelligere,</strong></span> <span class='ocrx_word' id='word_1_135' title='bbox 785 2011 904 2064; x_wconf 76' lang='lat' dir='ltr'><strong>qua:</strong></span> <span class='ocrx_word' id='word_1_136' title='bbox 935 2007 1061 2068; x_wconf 79' lang='lat' dir='ltr'><strong>sunt</strong></span> <span class='ocrx_word' id='word_1_137' title='bbox 1103 1999 1285 2054; x_wconf 73' lang='lat' dir='ltr'><strong>multae</strong></span> <span class='ocrx_word' id='word_1_138' title='bbox 1313 2002 1558 2070; x_wconf 65' lang='lat' dir='ltr'><strong>quaedam</strong></span> <span class='ocrx_word' id='word_1_139' title='bbox 1594 2009 1648 2055; x_wconf 90' lang='lat' dir='ltr'><strong>et</strong></span> <span class='ocrx_word' id='word_1_140' title='bbox 1704 2003 2000 2057; x_wconf 86' lang='lat' dir='ltr'><strong>simulacra</strong></span> 
     </span>
    </p>
   </div>
   <div class='ocr_carea' id='block_1_23' title="bbox 437 2083 2000 2163">
    <p class='ocr_par' dir='ltr' id='par_1_23' title="bbox 437 2083 2000 2163">
     <span class='ocr_line' id='line_1_23' title="bbox 437 2083 2000 2163; baseline 0.008 -28"><span class='ocrx_word' id='word_1_141' title='bbox 437 2083 876 2154; x_wconf 76' lang='lat' dir='ltr'><strong>intelligihilium,</strong></span> <span class='ocrx_word' id='word_1_142' title='bbox 913 2093 1093 2160; x_wconf 85' lang='lat' dir='ltr'><strong>itaque</strong></span> <span class='ocrx_word' id='word_1_143' title='bbox 1133 2091 1200 2143; x_wconf 89' lang='lat' dir='ltr'><strong>ah</strong></span> <span class='ocrx_word' id='word_1_144' title='bbox 1259 2093 1341 2146; x_wconf 90' lang='lat' dir='ltr'><strong>his</strong></span> <span class='ocrx_word' id='word_1_145' title='bbox 1378 2094 1448 2148; x_wconf 86' lang='lat' dir='ltr'><strong>ita</strong></span> <span class='ocrx_word' id='word_1_146' title='bbox 1503 2094 1902 2163; x_wconf 69' lang='lat' dir='ltr'><strong>repraesentari,</strong></span> <span class='ocrx_word' id='word_1_147' title='bbox 1947 2101 2000 2148; x_wconf 83' lang='lat' dir='ltr'><strong>et</strong></span> 
     </span>
    </p>
   </div>
   <div class='ocr_carea' id='block_1_24' title="bbox 437 2177 1992 2253">
    <p class='ocr_par' dir='ltr' id='par_1_24' title="bbox 437 2177 1992 2253">
     <span class='ocr_line' id='line_1_24' title="bbox 437 2177 1992 2253; baseline 0.007 -25"><span class='ocrx_word' id='word_1_148' title='bbox 437 2177 502 2228; x_wconf 80' lang='lat' dir='ltr'><strong>ali</strong></span> <span class='ocrx_word' id='word_1_149' title='bbox 529 2177 614 2231; x_wconf 89' lang='lat' dir='ltr'><strong>his</strong></span> <span class='ocrx_word' id='word_1_150' title='bbox 676 2196 794 2247; x_wconf 70' lang='lat' dir='ltr'><strong>qum</strong></span> <span class='ocrx_word' id='word_1_151' title='bbox 822 2181 874 2233; x_wconf 91' lang='lat' dir='ltr'><strong>in</strong></span> <span class='ocrx_word' id='word_1_152' title='bbox 915 2181 1070 2250; x_wconf 86' lang='lat' dir='ltr'><strong>aquis</strong></span> <span class='ocrx_word' id='word_1_153' title='bbox 1115 2193 1241 2237; x_wconf 87' lang='lat' dir='ltr'><strong>sunt</strong></span> <span class='ocrx_word' id='word_1_154' title='bbox 1261 2185 1550 2238; x_wconf 82' lang='lat' dir='ltr'><strong>simulacra</strong></span> <span class='ocrx_word' id='word_1_155' title='bbox 1587 2193 1749 2253; x_wconf 85' lang='lat' dir='ltr'><strong>atque</strong></span> <span class='ocrx_word' id='word_1_156' title='bbox 1783 2186 1992 2239; x_wconf 70' lang='lat' dir='ltr'><strong>umbrae</strong></span> 
     </span>
    </p>
   </div>
   <div class='ocr_carea' id='block_1_25' title="bbox 437 2271 1999 2345">
    <p class='ocr_par' dir='ltr' id='par_1_25' title="bbox 437 2271 1999 2345">
     <span class='ocr_line' id='line_1_25' title="bbox 437 2271 1999 2345; baseline 0.01 -29"><span class='ocrx_word' id='word_1_157' title='bbox 437 2283 616 2321; x_wconf 85' lang='lat' dir='ltr'><strong>rerum</strong></span> <span class='ocrx_word' id='word_1_158' title='bbox 652 2271 834 2324; x_wconf 90' lang='lat' dir='ltr'><strong>sensui</strong></span> <span class='ocrx_word' id='word_1_159' title='bbox 867 2275 1311 2343; x_wconf 78' lang='lat' dir='ltr'><strong>perceptibilium.</strong></span> <span class='ocrx_word' id='word_1_160' title='bbox 1361 2277 1474 2345; x_wconf 79' lang='lat' dir='ltr'><strong>ipsa</strong></span> <span class='ocrx_word' id='word_1_161' title='bbox 1537 2276 1846 2332; x_wconf 80' lang='lat' dir='ltr'><strong>referuntur</strong></span> <span class='ocrx_word' id='word_1_162' title='bbox 1871 2291 1999 2331; x_wconf 80' lang='lat' dir='ltr'><strong>sen-</strong></span> 
     </span>
    </p>
   </div>
   <div class='ocr_carea' id='block_1_26' title="bbox 438 2360 2001 2439">
    <p class='ocr_par' dir='ltr' id='par_1_26' title="bbox 438 2360 2001 2439">
     <span class='ocr_line' id='line_1_26' title="bbox 438 2360 2001 2439; baseline 0.008 -27"><span class='ocrx_word' id='word_1_163' title='bbox 438 2360 633 2414; x_wconf 66' lang='lat' dir='ltr'><strong>sibilia.</strong></span> <span class='ocrx_word' id='word_1_164' title='bbox 670 2361 740 2414; x_wconf 87' lang='lat' dir='ltr'><strong>Ita</strong></span> <span class='ocrx_word' id='word_1_165' title='bbox 778 2379 997 2433; x_wconf 88' lang='lat' dir='ltr'><strong>quoque</strong></span> <span class='ocrx_word' id='word_1_166' title='bbox 1031 2382 1152 2436; x_wconf 61' lang='lat' dir='ltr'><strong>qua</strong></span> <span class='ocrx_word' id='word_1_167' title='bbox 1194 2368 1262 2421; x_wconf 87' lang='lat' dir='ltr'><strong>ab</strong></span> <span class='ocrx_word' id='word_1_168' title='bbox 1317 2369 1632 2424; x_wconf 83' lang='lat' dir='ltr'><strong>hominibus</strong></span> <span class='ocrx_word' id='word_1_169' title='bbox 1666 2384 1828 2422; x_wconf 89' lang='lat' dir='ltr'><strong>manu</strong></span> <span class='ocrx_word' id='word_1_170' title='bbox 1872 2384 2001 2439; x_wconf 50' lang='lat' dir='ltr'><strong>pos.</strong></span> 
     </span>
    </p>
   </div>
   <div class='ocr_carea' id='block_1_27' title="bbox 436 2456 2002 2519">
    <p class='ocr_par' dir='ltr' id='par_1_27' title="bbox 436 2456 2002 2519">
     <span class='ocr_line' id='line_1_27' title="bbox 436 2456 2002 2519; baseline 0.01 -17"><span class='ocrx_word' id='word_1_171' title='bbox 436 2463 563 2505; x_wconf 87' lang='lat' dir='ltr'><strong>sunt</strong></span> <span class='ocrx_word' id='word_1_172' title='bbox 587 2456 796 2519; x_wconf 79' lang='lat' dir='ltr'><strong>conﬁci,</strong></span> <span class='ocrx_word' id='word_1_173' title='bbox 821 2471 884 2510; x_wconf 85' lang='lat' dir='ltr'><strong>ea</strong></span> <span class='ocrx_word' id='word_1_174' title='bbox 917 2458 1102 2512; x_wconf 86' lang='lat' dir='ltr'><strong>dicunt</strong></span> <span class='ocrx_word' id='word_1_175' title='bbox 1133 2459 1186 2514; x_wconf 92' lang='lat' dir='ltr'><strong>in</strong></span> <span class='ocrx_word' id='word_1_176' title='bbox 1237 2459 1406 2515; x_wconf 80' lang='lat' dir='ltr'><strong>forma</strong></span> <span class='ocrx_word' id='word_1_177' title='bbox 1467 2463 1706 2518; x_wconf 79' lang='lat' dir='ltr'><strong>hominis</strong></span> <span class='ocrx_word' id='word_1_178' title='bbox 1737 2463 1840 2517; x_wconf 92' lang='lat' dir='ltr'><strong>illis</strong></span> <span class='ocrx_word' id='word_1_179' title='bbox 1889 2464 2002 2519; x_wconf 87' lang='lat' dir='ltr'><strong>sin-</strong></span> 
     </span>
    </p>
   </div>
   <div class='ocr_carea' id='block_1_28' title="bbox 438 2539 2001 2620">
    <p class='ocr_par' dir='ltr' id='par_1_28' title="bbox 438 2539 2001 2620">
     <span class='ocr_line' id='line_1_28' title="bbox 438 2539 2001 2620; baseline 0.011 -27"><span class='ocrx_word' id='word_1_180' title='bbox 438 2539 660 2608; x_wconf 75' lang='lat' dir='ltr'><strong>gillatim</strong></span> <span class='ocrx_word' id='word_1_181' title='bbox 692 2547 1095 2614; x_wconf 84' lang='lat' dir='ltr'><strong>comprehendi,</strong></span> <span class='ocrx_word' id='word_1_182' title='bbox 1116 2551 1253 2604; x_wconf 67' lang='lat' dir='ltr'><strong>unde</strong></span> <span class='ocrx_word' id='word_1_183' title='bbox 1275 2552 1495 2620; x_wconf 70' lang='lat' dir='ltr'><strong>Opim-es</strong></span> <span class='ocrx_word' id='word_1_184' title='bbox 1520 2554 1703 2607; x_wconf 88' lang='lat' dir='ltr'><strong>animo</strong></span> <span class='ocrx_word' id='word_1_185' title='bbox 1732 2554 1834 2608; x_wconf 85' lang='lat' dir='ltr'><strong>alia</strong></span> <span class='ocrx_word' id='word_1_186' title='bbox 1863 2554 2001 2610; x_wconf 87' lang='lat' dir='ltr'><strong>alios</strong></span> 
     </span>
    </p>
   </div>
   <div class='ocr_carea' id='block_1_29' title="bbox 441 2635 2004 2714">
    <p class='ocr_par' dir='ltr' id='par_1_29' title="bbox 441 2635 2004 2714">
     <span class='ocr_line' id='line_1_29' title="bbox 441 2635 2004 2714; baseline 0.011 -31"><span class='ocrx_word' id='word_1_187' title='bbox 441 2635 744 2702; x_wconf 82' lang='lat' dir='ltr'><strong>concipere,</strong></span> <span class='ocrx_word' id='word_1_188' title='bbox 781 2647 832 2690; x_wconf 86' lang='lat' dir='ltr'><strong>et</strong></span> <span class='ocrx_word' id='word_1_189' title='bbox 888 2639 1222 2710; x_wconf 85' lang='lat' dir='ltr'><strong>singulorum</strong></span> <span class='ocrx_word' id='word_1_190' title='bbox 1260 2643 1740 2698; x_wconf 68' lang='lat' dir='ltr'><strong>instrumentorum</strong></span> <span class='ocrx_word' id='word_1_191' title='bbox 1796 2647 2004 2714; x_wconf 85' lang='lat' dir='ltr'><strong>species</strong></span> 
     </span>
    </p>
   </div>
   <div class='ocr_carea' id='block_1_30' title="bbox 441 2726 2002 2802">
    <p class='ocr_par' dir='ltr' id='par_1_30' title="bbox 441 2726 2002 2802">
     <span class='ocr_line' id='line_1_30' title="bbox 441 2726 2002 2802; baseline 0.013 -29"><span class='ocrx_word' id='word_1_192' title='bbox 441 2726 588 2788; x_wconf 81' lang='lat' dir='ltr'><strong>prius</strong></span> <span class='ocrx_word' id='word_1_193' title='bbox 623 2727 892 2784; x_wconf 80' lang='lat' dir='ltr'><strong>intellectu</strong></span> <span class='ocrx_word' id='word_1_194' title='bbox 949 2734 1064 2798; x_wconf 81' lang='lat' dir='ltr'><strong>ipso</strong></span> <span class='ocrx_word' id='word_1_195' title='bbox 1095 2733 1148 2786; x_wconf 92' lang='lat' dir='ltr'><strong>in</strong></span> <span class='ocrx_word' id='word_1_196' title='bbox 1205 2737 1398 2802; x_wconf 57' lang='lat' dir='ltr'><strong>seipsis</strong></span> <span class='ocrx_word' id='word_1_197' title='bbox 1453 2736 1769 2802; x_wconf 79' lang='lat' dir='ltr'><strong>informare,</strong></span> <span class='ocrx_word' id='word_1_198' title='bbox 1802 2739 2002 2794; x_wconf 75' lang='lat' dir='ltr'><strong>deinde</strong></span> 
     </span>
    </p>
   </div>
   <div class='ocr_carea' id='block_1_31' title="bbox 443 2815 2000 2895">
    <p class='ocr_par' dir='ltr' id='par_1_31' title="bbox 443 2815 2000 2895">
     <span class='ocr_line' id='line_1_31' title="bbox 443 2815 2000 2895; baseline 0.012 -29"><span class='ocrx_word' id='word_1_199' title='bbox 443 2815 602 2868; x_wconf 85' lang='lat' dir='ltr'><strong>rebus</strong></span> <span class='ocrx_word' id='word_1_200' title='bbox 639 2817 790 2886; x_wconf 88' lang='lat' dir='ltr'><strong>ipsis,</strong></span> <span class='ocrx_word' id='word_1_201' title='bbox 827 2837 946 2889; x_wconf 74' lang='lat' dir='ltr'><strong>quze</strong></span> <span class='ocrx_word' id='word_1_202' title='bbox 968 2838 1132 2878; x_wconf 87' lang='lat' dir='ltr'><strong>sensu</strong></span> <span class='ocrx_word' id='word_1_203' title='bbox 1171 2826 1568 2895; x_wconf 86' lang='lat' dir='ltr'><strong>percipiuntur,</strong></span> <span class='ocrx_word' id='word_1_204' title='bbox 1627 2844 1845 2883; x_wconf 88' lang='lat' dir='ltr'><strong>manum</strong></span> <span class='ocrx_word' id='word_1_205' title='bbox 1904 2844 2000 2885; x_wconf 90' lang='lat' dir='ltr'><strong>ac-</strong></span> 
     </span>
    </p>
   </div>
   <div class='ocr_carea' id='block_1_32' title="bbox 440 2909 2006 2986">
    <p class='ocr_par' dir='ltr' id='par_1_32' title="bbox 440 2909 2006 2986">
     <span class='ocr_line' id='line_1_32' title="bbox 440 2909 2006 2986; baseline 0.01 -27"><span class='ocrx_word' id='word_1_206' title='bbox 440 2909 807 2964; x_wconf 84' lang='lat' dir='ltr'><strong>commodare.</strong></span> <span class='ocrx_word' id='word_1_207' title='bbox 869 2911 940 2966; x_wconf 86' lang='lat' dir='ltr'><strong>De</strong></span> <span class='ocrx_word' id='word_1_208' title='bbox 976 2914 1044 2968; x_wconf 92' lang='lat' dir='ltr'><strong>iis</strong></span> <span class='ocrx_word' id='word_1_209' title='bbox 1079 2930 1280 2980; x_wconf 83' lang='lat' dir='ltr'><strong>autem,</strong></span> <span class='ocrx_word' id='word_1_210' title='bbox 1305 2934 1425 2986; x_wconf 69' lang='lat' dir='ltr'><strong>qua!</strong></span> <span class='ocrx_word' id='word_1_211' title='bbox 1449 2934 1544 2986; x_wconf 86' lang='lat' dir='ltr'><strong>per</strong></span> <span class='ocrx_word' id='word_1_212' title='bbox 1567 2921 1823 2976; x_wconf 86' lang='lat' dir='ltr'><strong>accidens</strong></span> <span class='ocrx_word' id='word_1_213' title='bbox 1881 2937 2006 2976; x_wconf 78' lang='lat' dir='ltr'><strong>eve-</strong></span> 
     </span>
    </p>
   </div>
   <div class='ocr_carea' id='block_1_33' title="bbox 440 3001 2006 3079">
    <p class='ocr_par' dir='ltr' id='par_1_33' title="bbox 440 3001 2006 3079">
     <span class='ocr_line' id='line_1_33' title="bbox 440 3001 2006 3079; baseline 0.01 -29"><span class='ocrx_word' id='word_1_214' title='bbox 440 3001 617 3063; x_wconf 84' lang='lat' dir='ltr'><strong>niunt,</strong></span> <span class='ocrx_word' id='word_1_215' title='bbox 647 3001 690 3055; x_wconf 89' lang='lat' dir='ltr'><strong>si</strong></span> <span class='ocrx_word' id='word_1_216' title='bbox 725 3001 886 3056; x_wconf 80' lang='lat' dir='ltr'><strong>etiam</strong></span> <span class='ocrx_word' id='word_1_217' title='bbox 929 3004 997 3057; x_wconf 88' lang='lat' dir='ltr'><strong>sit</strong></span> <span class='ocrx_word' id='word_1_218' title='bbox 1050 3006 1275 3060; x_wconf 88' lang='lat' dir='ltr'><strong>scientia</strong></span> <span class='ocrx_word' id='word_1_219' title='bbox 1321 3010 1608 3078; x_wconf 71' lang='lat' dir='ltr'><strong>qutrpiam,</strong></span> <span class='ocrx_word' id='word_1_220' title='bbox 1665 3009 2006 3079; x_wconf 83' lang='lat' dir='ltr'><strong>quandoqui-</strong></span> 
     </span>
    </p>
   </div>
   <div class='ocr_carea' id='block_1_34' title="bbox 2085 537 3664 610">
    <p class='ocr_par' dir='ltr' id='par_1_34' title="bbox 2085 537 3664 610">
     <span class='ocr_line' id='line_1_34' title="bbox 2085 537 3664 610; baseline -0.001 -17"><span class='ocrx_word' id='word_1_221' title='bbox 2085 540 2403 610; x_wconf 77' lang='grc' dir='ltr'><strong>Ὀλυμπίων</strong></span> <span class='ocrx_word' id='word_1_222' title='bbox 2419 540 2539 594; x_wconf 83' lang='grc' dir='ltr'><strong>καθ’</strong></span> <span class='ocrx_word' id='word_1_223' title='bbox 2562 538 2724 592; x_wconf 75' lang='grc' dir='ltr'><strong>αὑτὸν</strong></span> <span class='ocrx_word' id='word_1_224' title='bbox 2746 539 2814 592; x_wconf 83' lang='grc' dir='ltr'><strong>τὰ</strong></span> <span class='ocrx_word' id='word_1_225' title='bbox 2843 538 3116 607; x_wconf 83' lang='grc' dir='ltr'><strong>Ὀλύμπια</strong></span> <span class='ocrx_word' id='word_1_226' title='bbox 3153 537 3538 606; x_wconf 76' lang='grc' dir='ltr'><strong>ἐνομοθέτησε.</strong></span> <span class='ocrx_word' id='word_1_227' title='bbox 3561 539 3664 593; x_wconf 78' lang='grc' dir='ltr'><strong>Καὶ</strong></span> 
     </span>
    </p>
   </div>
   <div class='ocr_carea' id='block_1_35' title="bbox 2090 630 3662 704">
    <p class='ocr_par' dir='ltr' id='par_1_35' title="bbox 2090 630 3662 704">
     <span class='ocr_line' id='line_1_35' title="bbox 2090 630 3662 704; baseline -0.001 -18"><span class='ocrx_word' id='word_1_228' title='bbox 2090 635 2190 704; x_wconf 71' lang='grc' dir='ltr'><strong>μὲν</strong></span> <span class='ocrx_word' id='word_1_229' title='bbox 2235 634 2300 704; x_wconf 81' lang='grc' dir='ltr'><strong>δὴ</strong></span> <span class='ocrx_word' id='word_1_230' title='bbox 2354 634 2446 686; x_wconf 79' lang='grc' dir='ltr'><strong>καὶ</strong></span> <span class='ocrx_word' id='word_1_231' title='bbox 2503 633 2596 686; x_wconf 79' lang='grc' dir='ltr'><strong>τοῦ</strong></span> <span class='ocrx_word' id='word_1_232' title='bbox 2642 634 2698 694; x_wconf 79' lang='grc' dir='ltr'><strong>ἒς</strong></span> <span class='ocrx_word' id='word_1_233' title='bbox 2745 633 2808 686; x_wconf 77' lang='grc' dir='ltr'><strong>τὺ</strong></span> <span class='ocrx_word' id='word_1_234' title='bbox 2844 631 2975 686; x_wconf 81' lang='grc' dir='ltr'><strong>αὐτὸ</strong></span> <span class='ocrx_word' id='word_1_235' title='bbox 3011 630 3476 701; x_wconf 69' lang='grc' dir='ltr'><strong>ωμπεπτωκέναι</strong></span> <span class='ocrx_word' id='word_1_236' title='bbox 3507 631 3576 686; x_wconf 80' lang='grc' dir='ltr'><strong>τά</strong></span> <span class='ocrx_word' id='word_1_237' title='bbox 3608 649 3662 684; x_wconf 83' lang='grc' dir='ltr'><strong>τε</strong></span> 
     </span>
    </p>
   </div>
   <div class='ocr_carea' id='block_1_36' title="bbox 2102 722 3664 800">
    <p class='ocr_par' dir='ltr' id='par_1_36' title="bbox 2102 722 3664 800">
     <span class='ocr_line' id='line_1_36' title="bbox 2102 722 3664 800; baseline -0.004 -20"><span class='ocrx_word' id='word_1_238' title='bbox 2102 725 2377 794; x_wconf 79' lang='grc' dir='ltr'><strong>Ὀλύμπια</strong></span> <span class='ocrx_word' id='word_1_239' title='bbox 2423 723 2516 776; x_wconf 77' lang='grc' dir='ltr'><strong>καὶ</strong></span> <span class='ocrx_word' id='word_1_240' title='bbox 2551 722 2797 791; x_wconf 74' lang='grc' dir='ltr'><strong>ἔκλειψιν</strong></span> <span class='ocrx_word' id='word_1_241' title='bbox 2829 723 2930 790; x_wconf 76' lang='grc' dir='ltr'><strong>τὴν</strong></span> <span class='ocrx_word' id='word_1_242' title='bbox 2958 723 3053 775; x_wconf 80' lang='grc' dir='ltr'><strong>τοῦ</strong></span> <span class='ocrx_word' id='word_1_243' title='bbox 3085 723 3241 792; x_wconf 76' lang='grc' dir='ltr'><strong>ἡλίου</strong></span> <span class='ocrx_word' id='word_1_244' title='bbox 3272 723 3333 800; x_wconf 78' lang='grc' dir='ltr'><strong>τό</strong></span> <span class='ocrx_word' id='word_1_245' title='bbox 3364 739 3429 788; x_wconf 88' lang='grc' dir='ltr'><strong>γε</strong></span> <span class='ocrx_word' id='word_1_246' title='bbox 3458 739 3664 790; x_wconf 89' lang='grc' dir='ltr'><strong>συμμε-</strong></span> 
     </span>
    </p>
   </div>
   <div class='ocr_carea' id='block_1_37' title="bbox 2088 811 3663 882">
    <p class='ocr_par' dir='ltr' id='par_1_37' title="bbox 2088 811 3663 882">
     <span class='ocr_line' id='line_1_37' title="bbox 2088 811 3663 882; baseline -0.003 -16"><span class='ocrx_word' id='word_1_247' title='bbox 2088 813 2337 882; x_wconf 71' lang='grc' dir='ltr'><strong>τρεῖσθαι</strong></span> <span class='ocrx_word' id='word_1_248' title='bbox 2399 812 2536 882; x_wconf 77' lang='grc' dir='ltr'><strong>πρὸς</strong></span> <span class='ocrx_word' id='word_1_249' title='bbox 2584 811 2836 881; x_wconf 76' lang='grc' dir='ltr'><strong>⁹ἀλλήλας</strong></span> <span class='ocrx_word' id='word_1_250' title='bbox 2895 813 2998 874; x_wconf 79' lang='grc' dir='ltr'><strong>τὰς</strong></span> <span class='ocrx_word' id='word_1_251' title='bbox 3051 811 3328 879; x_wconf 77' lang='grc' dir='ltr'><strong>ἑκατέρων</strong></span> <span class='ocrx_word' id='word_1_252' title='bbox 3381 811 3663 878; x_wconf 71' lang='grc' dir='ltr'><strong>περιόδους</strong></span> 
     </span>
    </p>
   </div>
   <div class='ocr_carea' id='block_1_38' title="bbox 2091 895 3662 973">
    <p class='ocr_par' dir='ltr' id='par_1_38' title="bbox 2091 895 3662 973">
     <span class='ocr_line' id='line_1_38' title="bbox 2091 895 3662 973; baseline -0.004 -14"><span class='ocrx_word' id='word_1_253' title='bbox 2091 906 2264 959; x_wconf 85' lang='grc' dir='ltr'><strong>αῐτιον</strong></span> <span class='ocrx_word' id='word_1_254' title='bbox 2313 904 2527 973; x_wconf 78' lang='grc' dir='ltr'><strong>γέγονε,</strong></span> <span class='ocrx_word' id='word_1_255' title='bbox 2555 906 2650 958; x_wconf 77' lang='grc' dir='ltr'><strong>καὶ</strong></span> <span class='ocrx_word' id='word_1_256' title='bbox 2697 901 2889 958; x_wconf 83' lang='grc' dir='ltr'><strong>τούτου</strong></span> <span class='ocrx_word' id='word_1_257' title='bbox 2941 899 3007 957; x_wconf 76' lang='grc' dir='ltr'><strong>αὖ</strong></span> <span class='ocrx_word' id='word_1_258' title='bbox 3055 902 3244 972; x_wconf 71' lang='grc' dir='ltr'><strong>ἕτερον</strong></span> <span class='ocrx_word' id='word_1_259' title='bbox 3290 904 3322 970; x_wconf 82' lang='grc' dir='ltr'>ἠ</span> <span class='ocrx_word' id='word_1_260' title='bbox 3363 902 3552 972; x_wconf 78' lang='grc' dir='ltr'><strong>ἑτέρα,</strong></span> <span class='ocrx_word' id='word_1_261' title='bbox 3591 895 3662 954; x_wconf 77' lang='grc' dir='ltr'><strong>ὧν</strong></span> 
     </span>
    </p>
   </div>
   <div class='ocr_carea' id='block_1_39' title="bbox 2091 994 3661 1065">
    <p class='ocr_par' dir='ltr' id='par_1_39' title="bbox 2091 994 3661 1065">
     <span class='ocr_line' id='line_1_39' title="bbox 2091 994 3661 1065; baseline -0.003 -15"><span class='ocrx_word' id='word_1_262' title='bbox 2091 997 2324 1051; x_wconf 74' lang='grc' dir='ltr'><strong>ικαστον</strong></span> <span class='ocrx_word' id='word_1_263' title='bbox 2353 996 2477 1050; x_wconf 79' lang='grc' dir='ltr'><strong>καθ’</strong></span> <span class='ocrx_word' id='word_1_264' title='bbox 2508 996 2642 1050; x_wconf 73' lang='grc' dir='ltr'><strong>αὐτὸ</strong></span> <span class='ocrx_word' id='word_1_265' title='bbox 2689 996 2953 1065; x_wconf 80' lang='grc' dir='ltr'><strong>προσεχὲς</strong></span> <span class='ocrx_word' id='word_1_266' title='bbox 2989 994 3352 1064; x_wconf 75' lang='grc' dir='ltr'><strong>ἀπεργάζοιτ’</strong></span> <span class='ocrx_word' id='word_1_267' title='bbox 3390 996 3478 1050; x_wconf 77' lang='grc' dir='ltr'><strong>ἄν.</strong></span> <span class='ocrx_word' id='word_1_268' title='bbox 3509 995 3661 1047; x_wconf 80' lang='grc' dir='ltr'><strong>Ὥστε</strong></span> 
     </span>
    </p>
   </div>
   <div class='ocr_carea' id='block_1_40' title="bbox 2093 1085 3660 1158">
    <p class='ocr_par' dir='ltr' id='par_1_40' title="bbox 2093 1085 3660 1158">
     <span class='ocr_line' id='line_1_40' title="bbox 2093 1085 3660 1158; baseline 0.002 -20"><span class='ocrx_word' id='word_1_269' title='bbox 2093 1088 2323 1149; x_wconf 83' lang='grc' dir='ltr'><strong>παῦσαι,</strong></span> <span class='ocrx_word' id='word_1_270' title='bbox 2355 1089 2531 1155; x_wconf 76' lang='grc' dir='ltr'><strong>φαῖεν,</strong></span> <span class='ocrx_word' id='word_1_271' title='bbox 2570 1086 2970 1158; x_wconf 76' lang='grc' dir='ltr'><strong>Ἀριστότελες,</strong></span> <span class='ocrx_word' id='word_1_272' title='bbox 3000 1085 3217 1140; x_wconf 73' lang='grc' dir='ltr'><strong>ἅπαντα</strong></span> <span class='ocrx_word' id='word_1_273' title='bbox 3248 1085 3367 1155; x_wconf 70' lang='grc' dir='ltr'><strong>ἦτοι</strong></span> <span class='ocrx_word' id='word_1_274' title='bbox 3395 1085 3660 1152; x_wconf 71' lang='grc' dir='ltr'><strong>οὐσίας.ἧ</strong></span> 
     </span>
    </p>
   </div>
   <div class='ocr_carea' id='block_1_41' title="bbox 2094 1175 3663 1248">
    <p class='ocr_par' dir='ltr' id='par_1_41' title="bbox 2094 1175 3663 1248">
     <span class='ocr_line' id='line_1_41' title="bbox 2094 1175 3663 1248; baseline -0.004 -15"><span class='ocrx_word' id='word_1_275' title='bbox 2094 1179 2238 1233; x_wconf 85' lang='grc' dir='ltr'><strong>κατὰ</strong></span> <span class='ocrx_word' id='word_1_276' title='bbox 2274 1179 2622 1248; x_wconf 74' lang='grc' dir='ltr'><strong>συμϐεϐηκὸς</strong></span> <span class='ocrx_word' id='word_1_277' title='bbox 2663 1178 2852 1241; x_wconf 76' lang='grc' dir='ltr'><strong>αὐταῖς</strong></span> <span class='ocrx_word' id='word_1_278' title='bbox 2887 1177 3296 1248; x_wconf 80' lang='grc' dir='ltr'><strong>προσγινόμενα</strong></span> <span class='ocrx_word' id='word_1_279' title='bbox 3345 1175 3663 1245; x_wconf 77' lang='grc' dir='ltr'><strong>βιαζόμενος</strong></span> 
     </span>
    </p>
   </div>
   <div class='ocr_carea' id='block_1_42' title="bbox 2095 1262 3665 1339">
    <p class='ocr_par' dir='ltr' id='par_1_42' title="bbox 2095 1262 3665 1339">
     <span class='ocr_line' id='line_1_42' title="bbox 2095 1262 3665 1339; baseline -0.004 -15"><span class='ocrx_word' id='word_1_280' title='bbox 2095 1271 2436 1338; x_wconf 81' lang='grc' dir='ltr'><strong>ἀποφαίνειν,</strong></span> <span class='ocrx_word' id='word_1_281' title='bbox 2465 1271 2562 1322; x_wconf 76' lang='grc' dir='ltr'><strong>καὶ</strong></span> <span class='ocrx_word' id='word_1_282' title='bbox 2593 1269 2660 1322; x_wconf 78' lang='grc' dir='ltr'><strong>τά</strong></span> <span class='ocrx_word' id='word_1_283' title='bbox 2698 1269 2842 1322; x_wconf 78' lang='grc' dir='ltr'><strong>κατὰ</strong></span> <span class='ocrx_word' id='word_1_284' title='bbox 2872 1269 3227 1339; x_wconf 70' lang='grc' dir='ltr'><strong>συμϐεϐηκὸς</strong></span> <span class='ocrx_word' id='word_1_285' title='bbox 3258 1262 3324 1320; x_wconf 77' lang='grc' dir='ltr'><strong>αὖ</strong></span> <span class='ocrx_word' id='word_1_286' title='bbox 3355 1267 3532 1320; x_wconf 81' lang='grc' dir='ltr'><strong>ταῦτα</strong></span> <span class='ocrx_word' id='word_1_287' title='bbox 3561 1267 3665 1319; x_wconf 80' lang='grc' dir='ltr'><strong>τῶν</strong></span> 
     </span>
    </p>
   </div>
   <div class='ocr_carea' id='block_1_43' title="bbox 2095 1359 3665 1432">
    <p class='ocr_par' dir='ltr' id='par_1_43' title="bbox 2095 1359 3665 1432">
     <span class='ocr_line' id='line_1_43' title="bbox 2095 1359 3665 1432; baseline -0.003 -18"><span class='ocrx_word' id='word_1_288' title='bbox 2095 1361 2216 1414; x_wconf 78' lang='grc' dir='ltr'><strong>καθ’</strong></span> <span class='ocrx_word' id='word_1_289' title='bbox 2239 1361 2378 1414; x_wconf 77' lang='grc' dir='ltr'><strong>αὐτὰ</strong></span> <span class='ocrx_word' id='word_1_290' title='bbox 2412 1363 2588 1416; x_wconf 81' lang='grc' dir='ltr'><strong>πάντα</strong></span> <span class='ocrx_word' id='word_1_291' title='bbox 2613 1361 2981 1432; x_wconf 76' lang='grc' dir='ltr'><strong>άπορῤηγνύς.</strong></span> <span class='ocrx_word' id='word_1_292' title='bbox 3019 1361 3140 1413; x_wconf 81' lang='grc' dir='ltr'><strong>Ἔτι</strong></span> <span class='ocrx_word' id='word_1_293' title='bbox 3175 1361 3363 1427; x_wconf 75' lang='grc' dir='ltr'><strong>φησὶν,</strong></span> <span class='ocrx_word' id='word_1_294' title='bbox 3390 1360 3452 1411; x_wconf 77' lang='lat' dir='ltr'><strong>El</strong></span> <span class='ocrx_word' id='word_1_295' title='bbox 3480 1359 3579 1427; x_wconf 85' lang='grc' dir='ltr'><strong>μὲν</strong></span> <span class='ocrx_word' id='word_1_296' title='bbox 3609 1359 3665 1410; x_wconf 67' lang='lat' dir='ltr'><strong>th</strong></span> 
     </span>
    </p>
   </div>
   <div class='ocr_carea' id='block_1_44' title="bbox 2096 1447 3665 1519">
    <p class='ocr_par' dir='ltr' id='par_1_44' title="bbox 2096 1447 3665 1519">
     <span class='ocr_line' id='line_1_44' title="bbox 2096 1447 3665 1519; baseline 0 -17"><span class='ocrx_word' id='word_1_297' title='bbox 2096 1449 2230 1503; x_wconf 77' lang='grc' dir='ltr'><strong>αὐτὸ</strong></span> <span class='ocrx_word' id='word_1_298' title='bbox 2259 1447 2396 1512; x_wconf 75' lang='grc' dir='ltr'><strong>εἶδος</strong></span> <span class='ocrx_word' id='word_1_299' title='bbox 2427 1451 2538 1503; x_wconf 85' lang='grc' dir='ltr'><strong>τῶν</strong></span> <span class='ocrx_word' id='word_1_300' title='bbox 2565 1468 2626 1505; x_wconf 78' lang='grc' dir='ltr'><strong>τε</strong></span> <span class='ocrx_word' id='word_1_301' title='bbox 2665 1450 2817 1505; x_wconf 71' lang='grc' dir='ltr'><strong>ἰδεῶν</strong></span> <span class='ocrx_word' id='word_1_302' title='bbox 2851 1452 2944 1504; x_wconf 73' lang='grc' dir='ltr'><strong>καὶ</strong></span> <span class='ocrx_word' id='word_1_303' title='bbox 2977 1450 3088 1503; x_wconf 83' lang='grc' dir='ltr'><strong>τῶν</strong></span> <span class='ocrx_word' id='word_1_304' title='bbox 3117 1450 3484 1519; x_wconf 75' lang='grc' dir='ltr'><strong>μετεχόντων,</strong></span> <span class='ocrx_word' id='word_1_305' title='bbox 3515 1450 3665 1502; x_wconf 68' lang='grc' dir='ltr'><strong>ἔσται</strong></span> 
     </span>
    </p>
   </div>
   <div class='ocr_carea' id='block_1_45' title="bbox 2095 1537 3663 1611">
    <p class='ocr_par' dir='ltr' id='par_1_45' title="bbox 2095 1537 3663 1611">
     <span class='ocr_line' id='line_1_45' title="bbox 2095 1537 3663 1611; baseline -0.001 -20"><span class='ocrx_word' id='word_1_306' title='bbox 2095 1557 2148 1591; x_wconf 86' lang='grc' dir='ltr'><strong>τι</strong></span> <span class='ocrx_word' id='word_1_307' title='bbox 2175 1541 2373 1594; x_wconf 80' lang='grc' dir='ltr'><strong>κοινόν.</strong></span> <span class='ocrx_word' id='word_1_308' title='bbox 2413 1542 2476 1594; x_wconf 84' lang='lat' dir='ltr'><strong>El</strong></span> <span class='ocrx_word' id='word_1_309' title='bbox 2499 1541 2556 1594; x_wconf 74' lang='grc' dir='ltr'><strong>δὲ</strong></span> <span class='ocrx_word' id='word_1_310' title='bbox 2586 1541 2661 1611; x_wconf 75' lang='grc' dir='ltr'><strong>μὴ</strong></span> <span class='ocrx_word' id='word_1_311' title='bbox 2685 1542 2748 1595; x_wconf 82' lang='grc' dir='ltr'><strong>τὸ</strong></span> <span class='ocrx_word' id='word_1_312' title='bbox 2783 1542 2915 1595; x_wconf 74' lang='grc' dir='ltr'><strong>αὐτὸ</strong></span> <span class='ocrx_word' id='word_1_313' title='bbox 2947 1537 3109 1604; x_wconf 72' lang='grc' dir='ltr'><strong>εἶδος,</strong></span> <span class='ocrx_word' id='word_1_314' title='bbox 3135 1542 3406 1607; x_wconf 76' lang='grc' dir='ltr'><strong>ὁμώνυμα</strong></span> <span class='ocrx_word' id='word_1_315' title='bbox 3450 1539 3520 1593; x_wconf 71' lang='grc' dir='ltr'><strong>ἂν</strong></span> <span class='ocrx_word' id='word_1_316' title='bbox 3563 1540 3663 1608; x_wconf 75' lang='grc' dir='ltr'><strong>εἴη,</strong></span> 
     </span>
    </p>
   </div>
   <div class='ocr_carea' id='block_1_46' title="bbox 2098 1631 3666 1702">
    <p class='ocr_par' dir='ltr' id='par_1_46' title="bbox 2098 1631 3666 1702">
     <span class='ocr_line' id='line_1_46' title="bbox 2098 1631 3666 1702; baseline 0.002 -21"><span class='ocrx_word' id='word_1_317' title='bbox 2098 1631 2191 1683; x_wconf 76' lang='grc' dir='ltr'><strong>καὶ</strong></span> <span class='ocrx_word' id='word_1_318' title='bbox 2237 1633 2339 1684; x_wconf 87' lang='grc' dir='ltr'><strong>οὐκ</strong></span> <span class='ocrx_word' id='word_1_319' title='bbox 2380 1632 2455 1686; x_wconf 69' lang='grc' dir='ltr'><strong>ἐτ’</strong></span> <span class='ocrx_word' id='word_1_320' title='bbox 2499 1633 2566 1686; x_wconf 72' lang='grc' dir='ltr'><strong>ἂν</strong></span> <span class='ocrx_word' id='word_1_321' title='bbox 2603 1633 2833 1702; x_wconf 78' lang='grc' dir='ltr'><strong>οὐδεμία</strong></span> <span class='ocrx_word' id='word_1_322' title='bbox 2864 1634 3120 1686; x_wconf 85' lang='grc' dir='ltr'><strong>κοινωνία</strong></span> <span class='ocrx_word' id='word_1_323' title='bbox 3155 1633 3239 1702; x_wconf 71' lang='grc' dir='ltr'><strong>εἴη</strong></span> <span class='ocrx_word' id='word_1_324' title='bbox 3278 1631 3486 1685; x_wconf 83' lang='grc' dir='ltr'><strong>αὐτῶν.</strong></span> <span class='ocrx_word' id='word_1_325' title='bbox 3533 1632 3666 1685; x_wconf 80' lang='grc' dir='ltr'><strong>Ἀλλ’</strong></span> 
     </span>
    </p>
   </div>
   <div class='ocr_carea' id='block_1_47' title="bbox 2097 1721 3665 1794">
    <p class='ocr_par' dir='ltr' id='par_1_47' title="bbox 2097 1721 3665 1794">
     <span class='ocr_line' id='line_1_47' title="bbox 2097 1721 3665 1794; baseline 0 -18"><span class='ocrx_word' id='word_1_326' title='bbox 2097 1722 2218 1776; x_wconf 77' lang='grc' dir='ltr'><strong>οὔτε</strong></span> <span class='ocrx_word' id='word_1_327' title='bbox 2250 1723 2343 1776; x_wconf 78' lang='grc' dir='ltr'><strong>τοῦ</strong></span> <span class='ocrx_word' id='word_1_328' title='bbox 2373 1723 2582 1794; x_wconf 74' lang='grc' dir='ltr'><strong>ἑτέρου,</strong></span> <span class='ocrx_word' id='word_1_329' title='bbox 2603 1721 2867 1794; x_wconf 78' lang='grc' dir='ltr'><strong>’φήσουσι,</strong></span> <span class='ocrx_word' id='word_1_330' title='bbox 2903 1725 3084 1778; x_wconf 77' lang='grc' dir='ltr'><strong>κοινοῦ</strong></span> <span class='ocrx_word' id='word_1_331' title='bbox 3127 1724 3210 1777; x_wconf 82' lang='grc' dir='ltr'><strong>δεῖ</strong></span> <span class='ocrx_word' id='word_1_332' title='bbox 3261 1724 3442 1786; x_wconf 75' lang='grc' dir='ltr'><strong>εἴδους</strong></span> <span class='ocrx_word' id='word_1_333' title='bbox 3491 1741 3665 1793; x_wconf 80' lang='grc' dir='ltr'><strong>παρα-</strong></span> 
     </span>
    </p>
   </div>
   <div class='ocr_carea' id='block_1_48' title="bbox 2098 1814 3668 1884">
    <p class='ocr_par' dir='ltr' id='par_1_48' title="bbox 2098 1814 3668 1884">
     <span class='ocr_line' id='line_1_48' title="bbox 2098 1814 3668 1884; baseline 0.001 -18"><span class='ocrx_word' id='word_1_334' title='bbox 2098 1814 2353 1884; x_wconf 78' lang='grc' dir='ltr'><strong>δείγματι</strong></span> <span class='ocrx_word' id='word_1_335' title='bbox 2386 1832 2447 1868; x_wconf 87' lang='grc' dir='ltr'><strong>τε</strong></span> <span class='ocrx_word' id='word_1_336' title='bbox 2488 1815 2583 1867; x_wconf 77' lang='grc' dir='ltr'><strong>καὶ</strong></span> <span class='ocrx_word' id='word_1_337' title='bbox 2612 1816 2802 1881; x_wconf 74' lang='grc' dir='ltr'><strong>εικόνι,</strong></span> <span class='ocrx_word' id='word_1_338' title='bbox 2831 1815 2954 1869; x_wconf 80' lang='grc' dir='ltr'><strong>οὕτε</strong></span> <span class='ocrx_word' id='word_1_339' title='bbox 2993 1818 3041 1868; x_wconf 85' lang='grc' dir='ltr'><strong>εί</strong></span> <span class='ocrx_word' id='word_1_340' title='bbox 3065 1814 3332 1884; x_wconf 81' lang='grc' dir='ltr'><strong>ὀμώνυμά</strong></span> <span class='ocrx_word' id='word_1_341' title='bbox 3362 1816 3536 1878; x_wconf 70' lang='grc' dir='ltr'><strong>ἐστιν,</strong></span> <span class='ocrx_word' id='word_1_342' title='bbox 3563 1815 3668 1868; x_wconf 81' lang='grc' dir='ltr'><strong>ὥσ-</strong></span> 
     </span>
    </p>
   </div>
   <div class='ocr_carea' id='block_1_49' title="bbox 2099 1903 3667 1975">
    <p class='ocr_par' dir='ltr' id='par_1_49' title="bbox 2099 1903 3667 1975">
     <span class='ocr_line' id='line_1_49' title="bbox 2099 1903 3667 1975; baseline -0.001 -16"><span class='ocrx_word' id='word_1_343' title='bbox 2099 1923 2208 1975; x_wconf 77' lang='grc' dir='ltr'><strong>περ</strong></span> <span class='ocrx_word' id='word_1_344' title='bbox 2249 1903 2344 1960; x_wconf 79' lang='grc' dir='ltr'><strong>οὖν</strong></span> <span class='ocrx_word' id='word_1_345' title='bbox 2367 1908 2464 1960; x_wconf 77' lang='grc' dir='ltr'><strong>καὶ</strong></span> <span class='ocrx_word' id='word_1_346' title='bbox 2497 1906 2667 1972; x_wconf 71' lang='grc' dir='ltr'><strong>εστιν,</strong></span> <span class='ocrx_word' id='word_1_347' title='bbox 2699 1908 2799 1960; x_wconf 84' lang='grc' dir='ltr'><strong>οὐκ</strong></span> <span class='ocrx_word' id='word_1_348' title='bbox 2827 1907 2901 1960; x_wconf 80' lang='grc' dir='ltr'><strong>ἐτ’</strong></span> <span class='ocrx_word' id='word_1_349' title='bbox 2941 1909 3008 1961; x_wconf 84' lang='grc' dir='ltr'><strong>ἃν</strong></span> <span class='ocrx_word' id='word_1_350' title='bbox 3035 1907 3256 1975; x_wconf 80' lang='grc' dir='ltr'><strong>οὐδεμία</strong></span> <span class='ocrx_word' id='word_1_351' title='bbox 3295 1907 3554 1963; x_wconf 82' lang='grc' dir='ltr'><strong>κοινωνία</strong></span> <span class='ocrx_word' id='word_1_352' title='bbox 3587 1908 3667 1973; x_wconf 70' lang='grc' dir='ltr'><strong>εἴη</strong></span> 
     </span>
    </p>
   </div>
   <div class='ocr_carea' id='block_1_50' title="bbox 2101 1992 3668 2067">
    <p class='ocr_par' dir='ltr' id='par_1_50' title="bbox 2101 1992 3668 2067">
     <span class='ocr_line' id='line_1_50' title="bbox 2101 1992 3668 2067; baseline -0.002 -15"><span class='ocrx_word' id='word_1_353' title='bbox 2101 1995 2299 2058; x_wconf 83' lang='grc' dir='ltr'><strong>αὐτῶν,</strong></span> <span class='ocrx_word' id='word_1_354' title='bbox 2357 1997 2391 2067; x_wconf 72' lang='grc' dir='ltr'>ἢ</span> <span class='ocrx_word' id='word_1_355' title='bbox 2438 1999 2524 2060; x_wconf 84' lang='grc' dir='ltr'><strong>σύ,</strong></span> <span class='ocrx_word' id='word_1_356' title='bbox 2563 1997 2852 2065; x_wconf 76' lang='grc' dir='ltr'><strong>φήσουσιν,</strong></span> <span class='ocrx_word' id='word_1_357' title='bbox 2898 1992 2944 2052; x_wconf 79' lang='grc' dir='ltr'><strong>ὦ</strong></span> <span class='ocrx_word' id='word_1_358' title='bbox 2999 1999 3401 2067; x_wconf 83' lang='grc' dir='ltr'><strong>Ἀριστότελες,</strong></span> <span class='ocrx_word' id='word_1_359' title='bbox 3446 2000 3518 2052; x_wconf 72' lang='grc' dir='ltr'><strong>τὰ</strong></span> <span class='ocrx_word' id='word_1_360' title='bbox 3549 2000 3668 2051; x_wconf 83' lang='grc' dir='ltr'><strong>δντα</strong></span> 
     </span>
    </p>
   </div>
   <div class='ocr_carea' id='block_1_51' title="bbox 2099 2085 3668 2161">
    <p class='ocr_par' dir='ltr' id='par_1_51' title="bbox 2099 2085 3668 2161">
     <span class='ocr_line' id='line_1_51' title="bbox 2099 2085 3668 2161; baseline 0.002 -19"><span class='ocrx_word' id='word_1_361' title='bbox 2099 2088 2370 2158; x_wconf 73' lang='grc' dir='ltr'><strong>ὁμώνυμα</strong></span> <span class='ocrx_word' id='word_1_362' title='bbox 2401 2089 2569 2155; x_wconf 75' lang='grc' dir='ltr'><strong>ἀξιῶν</strong></span> <span class='ocrx_word' id='word_1_363' title='bbox 2595 2085 2736 2143; x_wconf 74' lang='grc' dir='ltr'><strong>εἶναι</strong></span> <span class='ocrx_word' id='word_1_364' title='bbox 2782 2093 2874 2144; x_wconf 77' lang='grc' dir='ltr'><strong>καὶ</strong></span> <span class='ocrx_word' id='word_1_365' title='bbox 2915 2093 3173 2159; x_wconf 75' lang='grc' dir='ltr'><strong>οὐδεμίαν</strong></span> <span class='ocrx_word' id='word_1_366' title='bbox 3201 2093 3385 2155; x_wconf 78' lang='grc' dir='ltr'><strong>αὐτοῖς</strong></span> <span class='ocrx_word' id='word_1_367' title='bbox 3427 2092 3668 2161; x_wconf 78' lang='grc' dir='ltr'><strong>ἀλλήλων</strong></span> 
     </span>
    </p>
   </div>
   <div class='ocr_carea' id='block_1_52' title="bbox 2101 2174 3669 2251">
    <p class='ocr_par' dir='ltr' id='par_1_52' title="bbox 2101 2174 3669 2251">
     <span class='ocr_line' id='line_1_52' title="bbox 2101 2174 3669 2251; baseline 0.001 -21"><span class='ocrx_word' id='word_1_368' title='bbox 2101 2177 2387 2230; x_wconf 77' lang='grc' dir='ltr'><strong>κοινωνίαν</strong></span> <span class='ocrx_word' id='word_1_369' title='bbox 2411 2178 2668 2242; x_wconf 75' lang='grc' dir='ltr'><strong>ἀξιώσεις</strong></span> <span class='ocrx_word' id='word_1_370' title='bbox 2696 2174 2833 2231; x_wconf 79' lang='grc' dir='ltr'><strong>εἷναι</strong></span> <span class='ocrx_word' id='word_1_371' title='bbox 2856 2197 2870 2247; x_wconf 92' lang='grc'><strong>;</strong></span> <span class='ocrx_word' id='word_1_372' title='bbox 2915 2181 3057 2232; x_wconf 80' lang='grc' dir='ltr'><strong>Ἀλλ’</strong></span> <span class='ocrx_word' id='word_1_373' title='bbox 3087 2180 3181 2234; x_wconf 75' lang='grc' dir='ltr'><strong>ἆτε</strong></span> <span class='ocrx_word' id='word_1_374' title='bbox 3214 2183 3394 2251; x_wconf 81' lang='grc' dir='ltr'><strong>φήσας</strong></span> <span class='ocrx_word' id='word_1_375' title='bbox 3411 2184 3477 2234; x_wconf 72' lang='grc' dir='ltr'><strong>τὸ</strong></span> <span class='ocrx_word' id='word_1_376' title='bbox 3499 2181 3669 2234; x_wconf 83' lang='grc' dir='ltr'><strong>τοιοῦ-</strong></span> 
     </span>
    </p>
   </div>
   <div class='ocr_carea' id='block_1_53' title="bbox 2101 2268 3668 2341">
    <p class='ocr_par' dir='ltr' id='par_1_53' title="bbox 2101 2268 3668 2341">
     <span class='ocr_line' id='line_1_53' title="bbox 2101 2268 3668 2341; baseline 0.004 -22"><span class='ocrx_word' id='word_1_377' title='bbox 2101 2283 2192 2320; x_wconf 86' lang='grc' dir='ltr'><strong>τον</strong></span> <span class='ocrx_word' id='word_1_378' title='bbox 2220 2268 2478 2336; x_wconf 75' lang='grc' dir='ltr'><strong>οὐδαμοῦ,</strong></span> <span class='ocrx_word' id='word_1_379' title='bbox 2524 2270 2628 2322; x_wconf 85' lang='grc' dir='ltr'><strong>οὐκ</strong></span> <span class='ocrx_word' id='word_1_380' title='bbox 2672 2269 2737 2323; x_wconf 77' lang='grc' dir='ltr'><strong>ἄν</strong></span> <span class='ocrx_word' id='word_1_381' title='bbox 2779 2288 2909 2324; x_wconf 85' lang='grc' dir='ltr'><strong>ποτε</strong></span> <span class='ocrx_word' id='word_1_382' title='bbox 2953 2273 3142 2340; x_wconf 79' lang='grc' dir='ltr'><strong>φαίης,</strong></span> <span class='ocrx_word' id='word_1_383' title='bbox 3171 2273 3304 2326; x_wconf 69' lang='grc' dir='ltr'><strong>ἀλλὰ</strong></span> <span class='ocrx_word' id='word_1_384' title='bbox 3337 2272 3435 2325; x_wconf 81' lang='grc' dir='ltr'><strong>νῦν</strong></span> <span class='ocrx_word' id='word_1_385' title='bbox 3479 2291 3541 2341; x_wconf 85' lang='grc' dir='ltr'>γε</span> <span class='ocrx_word' id='word_1_386' title='bbox 3569 2274 3668 2326; x_wconf 69' lang='grc' dir='ltr'><strong>ὑπὸ</strong></span> 
     </span>
    </p>
   </div>
   <div class='ocr_carea' id='block_1_54' title="bbox 2105 2356 3667 2432">
    <p class='ocr_par' dir='ltr' id='par_1_54' title="bbox 2105 2356 3667 2432">
     <span class='ocr_line' id='line_1_54' title="bbox 2105 2356 3667 2432; baseline 0.004 -24"><span class='ocrx_word' id='word_1_387' title='bbox 2105 2356 2406 2423; x_wconf 76' lang='grc' dir='ltr'><strong>βασκανίας</strong></span> <span class='ocrx_word' id='word_1_388' title='bbox 2430 2359 2529 2427; x_wconf 82' lang='grc' dir='ltr'><strong>τῆς</strong></span> <span class='ocrx_word' id='word_1_389' title='bbox 2559 2359 2694 2428; x_wconf 77' lang='grc' dir='ltr'><strong>πρὸς</strong></span> <span class='ocrx_word' id='word_1_390' title='bbox 2721 2360 2869 2429; x_wconf 68' lang='grc' dir='ltr'><strong>ἡμᾶς</strong></span> <span class='ocrx_word' id='word_1_391' title='bbox 2897 2364 3168 2432; x_wconf 78' lang='grc' dir='ltr'><strong>προσποιῇ</strong></span> <span class='ocrx_word' id='word_1_392' title='bbox 3196 2363 3433 2429; x_wconf 80' lang='grc' dir='ltr'><strong>ἀγνοεῖν,</strong></span> <span class='ocrx_word' id='word_1_393' title='bbox 3467 2363 3542 2426; x_wconf 78' lang='grc' dir='ltr'><strong>ὡς</strong></span> <span class='ocrx_word' id='word_1_394' title='bbox 3565 2363 3667 2414; x_wconf 84' lang='grc' dir='ltr'><strong>τῶν</strong></span> 
     </span>
    </p>
   </div>
   <div class='ocr_carea' id='block_1_55' title="bbox 2101 2449 3664 2524">
    <p class='ocr_par' dir='ltr' id='par_1_55' title="bbox 2101 2449 3664 2524">
     <span class='ocr_line' id='line_1_55' title="bbox 2101 2449 3664 2524; baseline 0.005 -23"><span class='ocrx_word' id='word_1_395' title='bbox 2101 2449 2412 2517; x_wconf 78' lang='grc' dir='ltr'><strong>ὁμωνύμων</strong></span> <span class='ocrx_word' id='word_1_396' title='bbox 2444 2451 2514 2504; x_wconf 86' lang='grc' dir='ltr'><strong>τά</strong></span> <span class='ocrx_word' id='word_1_397' title='bbox 2547 2452 2644 2519; x_wconf 84' lang='grc' dir='ltr'><strong>μὲν</strong></span> <span class='ocrx_word' id='word_1_398' title='bbox 2693 2452 2752 2504; x_wconf 85' lang='grc' dir='ltr'><strong>οὐ</strong></span> <span class='ocrx_word' id='word_1_399' title='bbox 2802 2455 3048 2506; x_wconf 84' lang='grc' dir='ltr'><strong>κοινωνεῖ</strong></span> <span class='ocrx_word' id='word_1_400' title='bbox 3099 2454 3369 2522; x_wconf 76' lang='grc' dir='ltr'><strong>ἀλλήλοις,</strong></span> <span class='ocrx_word' id='word_1_401' title='bbox 3398 2457 3470 2509; x_wconf 75' lang='grc' dir='ltr'><strong>τὰ</strong></span> <span class='ocrx_word' id='word_1_402' title='bbox 3508 2455 3564 2508; x_wconf 83' lang='grc' dir='ltr'><strong>δέ</strong></span> <span class='ocrx_word' id='word_1_403' title='bbox 3596 2471 3664 2524; x_wconf 81' lang='grc' dir='ltr'><strong>πη</strong></span> 
     </span>
    </p>
   </div>
   <div class='ocr_carea' id='block_1_56' title="bbox 2104 2541 3669 2615">
    <p class='ocr_par' dir='ltr' id='par_1_56' title="bbox 2104 2541 3669 2615">
     <span class='ocr_line' id='line_1_56' title="bbox 2104 2541 3669 2615; baseline 0.004 -23"><span class='ocrx_word' id='word_1_404' title='bbox 2104 2541 2199 2593; x_wconf 73' lang='grc' dir='ltr'><strong>καὶ</strong></span> <span class='ocrx_word' id='word_1_405' title='bbox 2231 2544 2499 2606; x_wconf 85' lang='grc' dir='ltr'><strong>κοινωνεῖ,</strong></span> <span class='ocrx_word' id='word_1_406' title='bbox 2526 2543 2622 2596; x_wconf 81' lang='grc' dir='ltr'><strong>καὶ</strong></span> <span class='ocrx_word' id='word_1_407' title='bbox 2651 2544 2679 2596; x_wconf 82' lang='grc' dir='ltr'><strong><em>ὁ</em></strong></span> <span class='ocrx_word' id='word_1_408' title='bbox 2707 2544 2928 2613; x_wconf 78' lang='grc' dir='ltr'><strong>ἀνδριὰς</strong></span> <span class='ocrx_word' id='word_1_409' title='bbox 2959 2546 2987 2597; x_wconf 82' lang='grc' dir='ltr'>ὁ</span> <span class='ocrx_word' id='word_1_410' title='bbox 3014 2545 3328 2615; x_wconf 81' lang='grc' dir='ltr'><strong>Λυσάνδρου</strong></span> <span class='ocrx_word' id='word_1_411' title='bbox 3357 2546 3438 2615; x_wconf 82' lang='grc' dir='ltr'><strong>τῷ</strong></span> <span class='ocrx_word' id='word_1_412' title='bbox 3466 2547 3669 2600; x_wconf 80' lang='grc' dir='ltr'><strong>Λυσάν-</strong></span> 
     </span>
    </p>
   </div>
   <div class='ocr_carea' id='block_1_57' title="bbox 2103 2632 3672 2706">
    <p class='ocr_par' dir='ltr' id='par_1_57' title="bbox 2103 2632 3672 2706">
     <span class='ocr_line' id='line_1_57' title="bbox 2103 2632 3672 2706; baseline 0.004 -22"><span class='ocrx_word' id='word_1_413' title='bbox 2103 2632 2214 2700; x_wconf 83' lang='grc' dir='ltr'><strong>δρῳ</strong></span> <span class='ocrx_word' id='word_1_414' title='bbox 2247 2633 2347 2685; x_wconf 86' lang='grc' dir='ltr'><strong>οὐκ</strong></span> <span class='ocrx_word' id='word_1_415' title='bbox 2375 2632 2757 2703; x_wconf 77' lang='grc' dir='ltr'><strong>ἀκοινώνητος.</strong></span> <span class='ocrx_word' id='word_1_416' title='bbox 2788 2635 2909 2688; x_wconf 76' lang='grc' dir='ltr'><strong>οὐδέ</strong></span> <span class='ocrx_word' id='word_1_417' title='bbox 2932 2653 2994 2703; x_wconf 84' lang='grc' dir='ltr'><strong>γε</strong></span> <span class='ocrx_word' id='word_1_418' title='bbox 3021 2635 3186 2689; x_wconf 86' lang='grc' dir='ltr'><strong>είκὼν</strong></span> <span class='ocrx_word' id='word_1_419' title='bbox 3210 2637 3412 2706; x_wconf 79' lang='grc' dir='ltr'><strong>ἑκάστη</strong></span> <span class='ocrx_word' id='word_1_420' title='bbox 3445 2639 3524 2706; x_wconf 81' lang='grc' dir='ltr'><strong>τῷ</strong></span> <span class='ocrx_word' id='word_1_421' title='bbox 3553 2640 3672 2690; x_wconf 78' lang='grc' dir='ltr'><strong>ἑαυ-</strong></span> 
     </span>
    </p>
   </div>
   <div class='ocr_carea' id='block_1_58' title="bbox 2103 2718 3670 2797">
    <p class='ocr_par' dir='ltr' id='par_1_58' title="bbox 2103 2718 3670 2797">
     <span class='ocr_line' id='line_1_58' title="bbox 2103 2718 3670 2797; baseline 0.004 -21"><span class='ocrx_word' id='word_1_422' title='bbox 2103 2723 2202 2793; x_wconf 83' lang='grc' dir='ltr'><strong>τῆς</strong></span> <span class='ocrx_word' id='word_1_423' title='bbox 2228 2725 2653 2794; x_wconf 84' lang='grc' dir='ltr'><strong>παραδείγματι.</strong></span> <span class='ocrx_word' id='word_1_424' title='bbox 2687 2727 2808 2779; x_wconf 82' lang='grc' dir='ltr'><strong>Ἔτι</strong></span> <span class='ocrx_word' id='word_1_425' title='bbox 2838 2727 2890 2780; x_wconf 88' lang='grc' dir='ltr'><strong>τί</strong></span> <span class='ocrx_word' id='word_1_426' title='bbox 2936 2745 3088 2792; x_wconf 80' lang='grc' dir='ltr'><strong>ποτε,</strong></span> <span class='ocrx_word' id='word_1_427' title='bbox 3125 2718 3282 2797; x_wconf 62' lang='grc' dir='ltr'><strong>φησὶ,</strong></span> <span class='ocrx_word' id='word_1_428' title='bbox 3307 2730 3670 2796; x_wconf 82' lang='grc' dir='ltr'><strong>συμϐάλλεται</strong></span> 
     </span>
    </p>
   </div>
   <div class='ocr_carea' id='block_1_59' title="bbox 2103 2815 3673 2889">
    <p class='ocr_par' dir='ltr' id='par_1_59' title="bbox 2103 2815 3673 2889">
     <span class='ocr_line' id='line_1_59' title="bbox 2103 2815 3673 2889; baseline 0.002 -21"><span class='ocrx_word' id='word_1_429' title='bbox 2103 2816 2172 2868; x_wconf 88' lang='grc' dir='ltr'><strong>τὰ</strong></span> <span class='ocrx_word' id='word_1_430' title='bbox 2207 2815 2348 2885; x_wconf 86' lang='grc' dir='ltr'><strong>είδη,</strong></span> <span class='ocrx_word' id='word_1_431' title='bbox 2381 2816 2414 2884; x_wconf 82' lang='grc' dir='ltr'>ἢ</span> <span class='ocrx_word' id='word_1_432' title='bbox 2454 2818 2565 2878; x_wconf 77' lang='grc' dir='ltr'><strong>τοῖς</strong></span> <span class='ocrx_word' id='word_1_433' title='bbox 2595 2816 2784 2878; x_wconf 77' lang='grc' dir='ltr'><strong>ἀϊδίοις</strong></span> <span class='ocrx_word' id='word_1_434' title='bbox 2814 2816 2922 2869; x_wconf 86' lang='grc' dir='ltr'><strong>τῶν</strong></span> <span class='ocrx_word' id='word_1_435' title='bbox 2951 2818 3249 2888; x_wconf 79' lang='grc' dir='ltr'><strong>αἰσθητῶν,</strong></span> <span class='ocrx_word' id='word_1_436' title='bbox 3277 2819 3310 2889; x_wconf 83' lang='grc' dir='ltr'>ἢ</span> <span class='ocrx_word' id='word_1_437' title='bbox 3353 2820 3468 2880; x_wconf 84' lang='grc' dir='ltr'><strong>τοῖς</strong></span> <span class='ocrx_word' id='word_1_438' title='bbox 3498 2835 3673 2885; x_wconf 82' lang='grc' dir='ltr'><strong>γιγνο-</strong></span> 
     </span>
    </p>
   </div>
   <div class='ocr_carea' id='block_1_60' title="bbox 2110 2906 3676 2980">
    <p class='ocr_par' dir='ltr' id='par_1_60' title="bbox 2110 2906 3676 2980">
     <span class='ocr_line' id='line_1_60' title="bbox 2110 2906 3676 2980; baseline 0.003 -22"><span class='ocrx_word' id='word_1_439' title='bbox 2110 2908 2295 2975; x_wconf 68' lang='grc' dir='ltr'><strong>μένοις</strong></span> <span class='ocrx_word' id='word_1_440' title='bbox 2343 2923 2402 2959; x_wconf 83' lang='grc' dir='ltr'><strong>τε</strong></span> <span class='ocrx_word' id='word_1_441' title='bbox 2451 2908 2542 2960; x_wconf 80' lang='grc' dir='ltr'><strong>καὶ</strong></span> <span class='ocrx_word' id='word_1_442' title='bbox 2591 2906 3008 2978; x_wconf 67' lang='grc' dir='ltr'><strong>φθειρομένοιςς</strong></span> <span class='ocrx_word' id='word_1_443' title='bbox 3065 2909 3188 2962; x_wconf 83' lang='grc' dir='ltr'><strong>οὐτε</strong></span> <span class='ocrx_word' id='word_1_444' title='bbox 3245 2909 3356 2979; x_wconf 76' lang='grc' dir='ltr'><strong>γάρ</strong></span> <span class='ocrx_word' id='word_1_445' title='bbox 3410 2909 3676 2980; x_wconf 71' lang='grc' dir='ltr'><strong>κινήσεώς</strong></span> 
     </span>
    </p>
   </div>
   <div class='ocr_carea' id='block_1_61' title="bbox 2107 2999 3674 3073">
    <p class='ocr_par' dir='ltr' id='par_1_61' title="bbox 2107 2999 3674 3073">
     <span class='ocr_line' id='line_1_61' title="bbox 2107 2999 3674 3073; baseline -0.001 -17"><span class='ocrx_word' id='word_1_446' title='bbox 2107 3003 2277 3065; x_wconf 64' lang='grc' dir='ltr'><strong>ἐστιν,</strong></span> <span class='ocrx_word' id='word_1_447' title='bbox 2309 2999 2434 3054; x_wconf 77' lang='grc' dir='ltr'><strong>οὔτε</strong></span> <span class='ocrx_word' id='word_1_448' title='bbox 2479 3001 2782 3071; x_wconf 79' lang='grc' dir='ltr'><strong>μεταϐολῆς</strong></span> <span class='ocrx_word' id='word_1_449' title='bbox 2828 3003 3086 3073; x_wconf 81' lang='grc' dir='ltr'><strong>οὐδεμιᾶς</strong></span> <span class='ocrx_word' id='word_1_450' title='bbox 3136 3006 3284 3058; x_wconf 83' lang='grc' dir='ltr'><strong>αίτια</strong></span> <span class='ocrx_word' id='word_1_451' title='bbox 3315 3004 3522 3064; x_wconf 79' lang='grc' dir='ltr'><strong>αὐτοῖς.</strong></span> <span class='ocrx_word' id='word_1_452' title='bbox 3563 3005 3674 3058; x_wconf 83' lang='grc' dir='ltr'><strong>Ἐν-</strong></span> 
     </span>
    </p>
   </div>
   <div class='ocr_carea' id='block_1_62' title="bbox 437 3092 1998 3177">
    <p class='ocr_par' dir='ltr' id='par_1_62' title="bbox 437 3092 1998 3172">
     <span class='ocr_line' id='line_1_62' title="bbox 437 3092 1998 3172; baseline 0.009 -28"><span class='ocrx_word' id='word_1_453' title='bbox 437 3092 556 3145; x_wconf 82' lang='lat' dir='ltr'><strong>dem</strong></span> <span class='ocrx_word' id='word_1_454' title='bbox 577 3095 840 3163; x_wconf 84' lang='lat' dir='ltr'><strong>ejusmodi</strong></span> <span class='ocrx_word' id='word_1_455' title='bbox 863 3098 1094 3164; x_wconf 82' lang='lat' dir='ltr'><strong>plurium</strong></span> <span class='ocrx_word' id='word_1_456' title='bbox 1114 3114 1405 3155; x_wconf 81' lang='lat' dir='ltr'><strong>causarum</strong></span> <span class='ocrx_word' id='word_1_457' title='bbox 1429 3117 1696 3159; x_wconf 85' lang='lat' dir='ltr'><strong>concursu</strong></span> <span class='ocrx_word' id='word_1_458' title='bbox 1715 3105 1998 3172; x_wconf 88' lang='lat' dir='ltr'><strong>accidunt,</strong></span> 
     </span>
    </p>
   </div>
   <div class='ocr_carea' id='block_1_63' title="bbox 2103 3092 3674 3177">
    <p class='ocr_par' dir='ltr' id='par_1_63' title="bbox 2107 3093 3674 3175">
     <span class='ocr_line' id='line_1_63' title="bbox 2107 3093 3674 3175; baseline 0 -28"><span class='ocrx_word' id='word_1_459' title='bbox 2107 3093 2281 3175; x_wconf 66' lang='grc' dir='ltr'><strong>ταῦθα</strong></span> <span class='ocrx_word' id='word_1_460' title='bbox 2326 3094 2488 3162; x_wconf 81' lang='grc' dir='ltr'><strong>δῆλον</strong></span> <span class='ocrx_word' id='word_1_461' title='bbox 2546 3093 2850 3163; x_wconf 81' lang='grc' dir='ltr'><strong>πεποίηκεν</strong></span> <span class='ocrx_word' id='word_1_462' title='bbox 2892 3093 3289 3164; x_wconf 69' lang='grc' dir='ltr'><strong>Ἀριστοτέλης,</strong></span> <span class='ocrx_word' id='word_1_463' title='bbox 3341 3096 3468 3147; x_wconf 83' lang='grc' dir='ltr'><strong>ὅτου</strong></span> <span class='ocrx_word' id='word_1_464' title='bbox 3511 3095 3674 3148; x_wconf 73' lang='grc' dir='ltr'><strong>ἕνεκα</strong></span> 
     </span>
    </p>
   </div>
   <div class='ocr_carea' id='block_1_64' title="bbox 438 3194 1992 3261">
    <p class='ocr_par' dir='ltr' id='par_1_64' title="bbox 438 3194 1992 3261">
     <span class='ocr_line' id='line_1_64' title="bbox 438 3194 1992 3261; baseline 0.01 -25"><span class='ocrx_word' id='word_1_465' title='bbox 438 3201 667 3253; x_wconf 87' lang='lat' dir='ltr'><strong>quarum</strong></span> <span class='ocrx_word' id='word_1_466' title='bbox 691 3204 879 3243; x_wconf 83' lang='lat' dir='ltr'><strong>rursus</strong></span> <span class='ocrx_word' id='word_1_467' title='bbox 911 3207 1248 3261; x_wconf 66' lang='lat' dir='ltr'><strong>unaquaeque</strong></span> <span class='ocrx_word' id='word_1_468' title='bbox 1279 3194 1425 3260; x_wconf 88' lang='lat' dir='ltr'><strong>illuc,</strong></span> <span class='ocrx_word' id='word_1_469' title='bbox 1456 3195 1718 3261; x_wconf 79' lang='lat' dir='ltr'><strong>refertur,</strong></span> <span class='ocrx_word' id='word_1_470' title='bbox 1751 3198 1992 3252; x_wconf 91' lang='lat' dir='ltr'><strong>animum</strong></span> 
     </span>
    </p>
   </div>
   <div class='ocr_carea' id='block_1_65' title="bbox 439 3278 1996 3352">
    <p class='ocr_par' dir='ltr' id='par_1_65' title="bbox 439 3278 1996 3352">
     <span class='ocr_line' id='line_1_65' title="bbox 439 3278 1996 3352; baseline 0.01 -26"><span class='ocrx_word' id='word_1_471' title='bbox 439 3286 683 3331; x_wconf 83' lang='lat' dir='ltr'><strong>nostrum</strong></span> <span class='ocrx_word' id='word_1_472' title='bbox 743 3278 890 3334; x_wconf 81' lang='lat' dir='ltr'><strong>illiue</strong></span> <span class='ocrx_word' id='word_1_473' title='bbox 943 3281 1107 3333; x_wconf 80' lang='lat' dir='ltr'><strong>etiam</strong></span> <span class='ocrx_word' id='word_1_474' title='bbox 1163 3291 1388 3348; x_wconf 84' lang='lat' dir='ltr'><strong>accepto</strong></span> <span class='ocrx_word' id='word_1_475' title='bbox 1465 3282 1668 3339; x_wconf 91' lang='lat' dir='ltr'><strong>lumine</strong></span> <span class='ocrx_word' id='word_1_476' title='bbox 1730 3285 1996 3352; x_wconf 77' lang='lat' dir='ltr'><strong>ejusmodi</strong></span> 
     </span>
    </p>
   </div>
   <div class='ocr_carea' id='block_1_66' title="bbox 441 3369 2000 3441">
    <p class='ocr_par' dir='ltr' id='par_1_66' title="bbox 441 3369 2000 3441">
     <span class='ocr_line' id='line_1_66' title="bbox 441 3369 2000 3441; baseline 0.008 -21"><span class='ocrx_word' id='word_1_477' title='bbox 441 3369 721 3421; x_wconf 84' lang='lat' dir='ltr'><strong>scientiam</strong></span> <span class='ocrx_word' id='word_1_478' title='bbox 754 3371 1000 3438; x_wconf 89' lang='lat' dir='ltr'><strong>adipisci.</strong></span> <span class='ocrx_word' id='word_1_479' title='bbox 1029 3374 1154 3427; x_wconf 83' lang='lat' dir='ltr'><strong>H.ec</strong></span> <span class='ocrx_word' id='word_1_480' title='bbox 1210 3375 1392 3441; x_wconf 89' lang='lat' dir='ltr'><strong>itaque</strong></span> <span class='ocrx_word' id='word_1_481' title='bbox 1425 3378 1815 3441; x_wconf 85' lang='lat' dir='ltr'><strong>respOnderent</strong></span> <span class='ocrx_word' id='word_1_482' title='bbox 1847 3377 1912 3430; x_wconf 91' lang='lat' dir='ltr'><strong>ad</strong></span> <span class='ocrx_word' id='word_1_483' title='bbox 1940 3393 2000 3432; x_wconf 90' lang='lat' dir='ltr'><strong>ea</strong></span> 
     </span>
    </p>
   </div>
   <div class='ocr_carea' id='block_1_67' title="bbox 442 3460 2000 3531">
    <p class='ocr_par' dir='ltr' id='par_1_67' title="bbox 442 3460 2000 3531">
     <span class='ocr_line' id='line_1_67' title="bbox 442 3460 2000 3531; baseline 0.006 -23"><span class='ocrx_word' id='word_1_484' title='bbox 442 3473 562 3520; x_wconf 66' lang='lat' dir='ltr'><strong>quae</strong></span> <span class='ocrx_word' id='word_1_485' title='bbox 602 3460 919 3515; x_wconf 85' lang='lat' dir='ltr'><strong>Aristoteles</strong></span> <span class='ocrx_word' id='word_1_486' title='bbox 949 3461 1130 3531; x_wconf 77' lang='lat' dir='ltr'><strong>objicit</strong></span> <span class='ocrx_word' id='word_1_487' title='bbox 1151 3463 1216 3516; x_wconf 90' lang='lat' dir='ltr'><strong>de</strong></span> <span class='ocrx_word' id='word_1_488' title='bbox 1249 3467 1412 3518; x_wconf 79' lang='lat' dir='ltr'><strong>variis</strong></span> <span class='ocrx_word' id='word_1_489' title='bbox 1444 3466 1794 3520; x_wconf 87' lang='lat' dir='ltr'><strong>scientiarum</strong></span> <span class='ocrx_word' id='word_1_490' title='bbox 1829 3467 2000 3520; x_wconf 77' lang='lat' dir='ltr'><strong>ratio-</strong></span> 
     </span>
    </p>
   </div>
   <div class='ocr_carea' id='block_1_68' title="bbox 446 3550 2003 3623">
    <p class='ocr_par' dir='ltr' id='par_1_68' title="bbox 446 3550 2003 3623">
     <span class='ocr_line' id='line_1_68' title="bbox 446 3550 2003 3623; baseline 0.003 -20"><span class='ocrx_word' id='word_1_491' title='bbox 446 3551 626 3606; x_wconf 83' lang='lat' dir='ltr'><strong>nibns.</strong></span> <span class='ocrx_word' id='word_1_492' title='bbox 689 3550 770 3603; x_wconf 83' lang='lat' dir='ltr'><strong>Ad</strong></span> <span class='ocrx_word' id='word_1_493' title='bbox 819 3551 946 3605; x_wconf 91' lang='lat' dir='ltr'><strong>illud</strong></span> <span class='ocrx_word' id='word_1_494' title='bbox 1015 3561 1192 3607; x_wconf 85' lang='lat' dir='ltr'><strong>autem</strong></span> <span class='ocrx_word' id='word_1_495' title='bbox 1248 3554 1390 3620; x_wconf 85' lang='lat' dir='ltr'><strong>quod</strong></span> <span class='ocrx_word' id='word_1_496' title='bbox 1452 3554 1629 3623; x_wconf 87' lang='lat' dir='ltr'><strong>inquit</strong></span> <span class='ocrx_word' id='word_1_497' title='bbox 1685 3557 2003 3623; x_wconf 85' lang='lat' dir='ltr'><strong>(secundum</strong></span> 
     </span>
    </p>
   </div>
   <div class='ocr_carea' id='block_1_69' title="bbox 447 3640 2006 3714">
    <p class='ocr_par' dir='ltr' id='par_1_69' title="bbox 447 3640 2006 3714">
     <span class='ocr_line' id='line_1_69' title="bbox 447 3640 2006 3714; baseline 0.006 -23"><span class='ocrx_word' id='word_1_498' title='bbox 447 3657 575 3694; x_wconf 78' lang='lat' dir='ltr'><strong>vero</strong></span> <span class='ocrx_word' id='word_1_499' title='bbox 607 3658 770 3694; x_wconf 89' lang='lat' dir='ltr'><strong>unum</strong></span> <span class='ocrx_word' id='word_1_500' title='bbox 796 3640 847 3697; x_wconf 91' lang='lat' dir='ltr'><strong>in</strong></span> <span class='ocrx_word' id='word_1_501' title='bbox 879 3643 1062 3697; x_wconf 87' lang='lat' dir='ltr'><strong>multis</strong></span> <span class='ocrx_word' id='word_1_502' title='bbox 1091 3653 1144 3697; x_wconf 78' lang='lat' dir='ltr'><strong>et</strong></span> <span class='ocrx_word' id='word_1_503' title='bbox 1176 3649 1538 3714; x_wconf 72' lang='lat' dir='ltr'><strong>negationem)</strong></span> <span class='ocrx_word' id='word_1_504' title='bbox 1586 3645 1716 3700; x_wconf 88' lang='lat' dir='ltr'><strong>nihil</strong></span> <span class='ocrx_word' id='word_1_505' title='bbox 1755 3662 2006 3702; x_wconf 88' lang='lat' dir='ltr'><strong>necessa-</strong></span> 
     </span>
    </p>
   </div>
   <div class='ocr_carea' id='block_1_70' title="bbox 447 3732 2008 3806">
    <p class='ocr_par' dir='ltr' id='par_1_70' title="bbox 447 3732 2008 3806">
     <span class='ocr_line' id='line_1_70' title="bbox 447 3732 2008 3806; baseline 0.008 -23"><span class='ocrx_word' id='word_1_506' title='bbox 447 3732 584 3784; x_wconf 89' lang='lat' dir='ltr'><strong>rium</strong></span> <span class='ocrx_word' id='word_1_507' title='bbox 611 3733 854 3788; x_wconf 79' lang='lat' dir='ltr'><strong>concludi</strong></span> <span class='ocrx_word' id='word_1_508' title='bbox 887 3735 1289 3804; x_wconf 84' lang='lat' dir='ltr'><strong>responderent.</strong></span> <span class='ocrx_word' id='word_1_509' title='bbox 1327 3737 1471 3791; x_wconf 86' lang='lat' dir='ltr'><strong>illam</strong></span> <span class='ocrx_word' id='word_1_510' title='bbox 1504 3754 1735 3806; x_wconf 88' lang='lat' dir='ltr'><strong>namque</strong></span> <span class='ocrx_word' id='word_1_511' title='bbox 1773 3739 2008 3795; x_wconf 86' lang='lat' dir='ltr'><strong>hominis</strong></span> 
     </span>
    </p>
   </div>
   <div class='ocr_carea' id='block_1_71' title="bbox 445 3826 2010 3899">
    <p class='ocr_par' dir='ltr' id='par_1_71' title="bbox 445 3826 2010 3899">
     <span class='ocr_line' id='line_1_71' title="bbox 445 3826 2010 3899; baseline 0.006 -22"><span class='ocrx_word' id='word_1_512' title='bbox 445 3826 702 3893; x_wconf 85' lang='lat' dir='ltr'><strong>speciem,</strong></span> <span class='ocrx_word' id='word_1_513' title='bbox 763 3842 884 3894; x_wconf 61' lang='lat' dir='ltr'><strong>qum.</strong></span> <span class='ocrx_word' id='word_1_514' title='bbox 960 3827 1068 3880; x_wconf 89' lang='lat' dir='ltr'><strong>illic</strong></span> <span class='ocrx_word' id='word_1_515' title='bbox 1127 3829 1382 3894; x_wconf 79' lang='lat' dir='ltr'><strong>exsistit,</strong></span> <span class='ocrx_word' id='word_1_516' title='bbox 1447 3831 1868 3899; x_wconf 88' lang='lat' dir='ltr'><strong>quibuscunque</strong></span> <span class='ocrx_word' id='word_1_517' title='bbox 1947 3846 2010 3886; x_wconf 76' lang='lat' dir='ltr'><strong>ea</strong></span> 
     </span>
    </p>
   </div>
   <div class='ocr_carea' id='block_1_72' title="bbox 449 3919 2012 3990">
    <p class='ocr_par' dir='ltr' id='par_1_72' title="bbox 449 3919 2012 3990">
     <span class='ocr_line' id='line_1_72' title="bbox 449 3919 2012 3990; baseline 0.003 -18"><span class='ocrx_word' id='word_1_518' title='bbox 449 3919 680 3990; x_wconf 82' lang='lat' dir='ltr'><strong>scipsatn</strong></span> <span class='ocrx_word' id='word_1_519' title='bbox 720 3920 1094 3988; x_wconf 79' lang='lat' dir='ltr'><strong>impertiverit.</strong></span> <span class='ocrx_word' id='word_1_520' title='bbox 1131 3922 1237 3976; x_wconf 83' lang='lat' dir='ltr'><strong>illis</strong></span> <span class='ocrx_word' id='word_1_521' title='bbox 1293 3922 1549 3975; x_wconf 91' lang='lat' dir='ltr'><strong>nimirum</strong></span> <span class='ocrx_word' id='word_1_522' title='bbox 1614 3936 1838 3977; x_wconf 74' lang='lat' dir='ltr'><strong>causam</strong></span> <span class='ocrx_word' id='word_1_523' title='bbox 1897 3922 2012 3977; x_wconf 78' lang='lat' dir='ltr'><strong>fore</strong></span> 
     </span>
    </p>
   </div>
   <div class='ocr_carea' id='block_1_73' title="bbox 449 4010 2010 4084">
    <p class='ocr_par' dir='ltr' id='par_1_73' title="bbox 449 4010 2010 4084">
     <span class='ocr_line' id='line_1_73' title="bbox 449 4010 2010 4084; baseline 0.003 -21"><span class='ocrx_word' id='word_1_524' title='bbox 449 4019 507 4064; x_wconf 92' lang='lat' dir='ltr'><strong>nt</strong></span> <span class='ocrx_word' id='word_1_525' title='bbox 541 4010 650 4065; x_wconf 90' lang='lat' dir='ltr'><strong>sint</strong></span> <span class='ocrx_word' id='word_1_526' title='bbox 682 4012 948 4070; x_wconf 82' lang='lat' dir='ltr'><strong>homines.</strong></span> <span class='ocrx_word' id='word_1_527' title='bbox 982 4013 1402 4083; x_wconf 82' lang='lat' dir='ltr'><strong>quiliuscunque</strong></span> <span class='ocrx_word' id='word_1_528' title='bbox 1427 4022 1604 4069; x_wconf 85' lang='lat' dir='ltr'><strong>autem</strong></span> <span class='ocrx_word' id='word_1_529' title='bbox 1639 4015 1872 4084; x_wconf 83' lang='lat' dir='ltr'><strong>seipsam</strong></span> <span class='ocrx_word' id='word_1_530' title='bbox 1907 4031 2010 4068; x_wconf 86' lang='lat' dir='ltr'><strong>non</strong></span> 
     </span>
    </p>
   </div>
   <div class='ocr_carea' id='block_1_74' title="bbox 447 4103 2051 4176">
    <p class='ocr_par' dir='ltr' id='par_1_74' title="bbox 447 4103 2051 4176">
     <span class='ocr_line' id='line_1_74' title="bbox 447 4103 2051 4176; baseline 0.004 -22"><span class='ocrx_word' id='word_1_531' title='bbox 447 4103 818 4172; x_wconf 82' lang='lat' dir='ltr'><strong>impertiverit.</strong></span> <span class='ocrx_word' id='word_1_532' title='bbox 850 4121 912 4158; x_wconf 83' lang='lat' dir='ltr'><strong>ea</strong></span> <span class='ocrx_word' id='word_1_533' title='bbox 936 4106 1118 4158; x_wconf 89' lang='lat' dir='ltr'><strong>omnia</strong></span> <span class='ocrx_word' id='word_1_534' title='bbox 1162 4105 1214 4160; x_wconf 91' lang='lat' dir='ltr'><strong>in</strong></span> <span class='ocrx_word' id='word_1_535' title='bbox 1242 4105 1459 4161; x_wconf 85' lang='lat' dir='ltr'><strong>diverso</strong></span> <span class='ocrx_word' id='word_1_536' title='bbox 1523 4120 1721 4176; x_wconf 88' lang='lat' dir='ltr'><strong>genere</strong></span> <span class='ocrx_word' id='word_1_537' title='bbox 1751 4107 2008 4175; x_wconf 87' lang='lat' dir='ltr'><strong>relinqui,</strong></span> <span class='ocrx_word' id='word_1_538' title='bbox 2045 4163 2051 4168; x_wconf 72' lang='grc'><strong>,</strong></span> 
     </span>
    </p>
   </div>
   <div class='ocr_carea' id='block_1_75' title="bbox 447 4195 2007 4268">
    <p class='ocr_par' dir='ltr' id='par_1_75' title="bbox 447 4195 2007 4268">
     <span class='ocr_line' id='line_1_75' title="bbox 447 4195 2007 4268; baseline 0.007 -25"><span class='ocrx_word' id='word_1_539' title='bbox 447 4203 504 4246; x_wconf 83' lang='grc' dir='ltr'><strong>ιιι</strong></span> <span class='ocrx_word' id='word_1_540' title='bbox 531 4195 784 4247; x_wconf 88' lang='lat' dir='ltr'><strong>nimirum</strong></span> <span class='ocrx_word' id='word_1_541' title='bbox 833 4209 940 4249; x_wconf 90' lang='lat' dir='ltr'><strong>non</strong></span> <span class='ocrx_word' id='word_1_542' title='bbox 975 4195 1084 4250; x_wconf 87' lang='lat' dir='ltr'><strong>sint</strong></span> <span class='ocrx_word' id='word_1_543' title='bbox 1142 4197 1408 4250; x_wconf 84' lang='lat' dir='ltr'><strong>homines.</strong></span> <span class='ocrx_word' id='word_1_544' title='bbox 1444 4195 1685 4268; x_wconf 87' lang='lat' dir='ltr'><strong>Denique</strong></span> <span class='ocrx_word' id='word_1_545' title='bbox 1743 4197 1809 4252; x_wconf 82' lang='lat' dir='ltr'><strong>ad</strong></span> <span class='ocrx_word' id='word_1_546' title='bbox 1853 4198 2007 4265; x_wconf 89' lang='lat' dir='ltr'><strong>illud,</strong></span> 
     </span>
    </p>
   </div>
   <div class='ocr_carea' id='block_1_76' title="bbox 445 4283 2000 4373">
    <p class='ocr_par' dir='ltr' id='par_1_76' title="bbox 445 4283 2000 4373">
     <span class='ocr_line' id='line_1_76' title="bbox 445 4283 2000 4373; baseline 0.006 -38"><span class='ocrx_word' id='word_1_547' title='bbox 445 4283 590 4346; x_wconf 81' lang='lat' dir='ltr'><strong>quod</strong></span> <span class='ocrx_word' id='word_1_548' title='bbox 621 4285 716 4348; x_wconf 89' lang='lat' dir='ltr'><strong>ait,</strong></span> <span class='ocrx_word' id='word_1_549' title='bbox 755 4300 817 4339; x_wconf 80' lang='lat' dir='ltr'><strong>ac</strong></span> <span class='ocrx_word' id='word_1_550' title='bbox 839 4285 1134 4340; x_wconf 84' lang='lat' dir='ltr'><strong>secundum</strong></span> <span class='ocrx_word' id='word_1_551' title='bbox 1166 4286 1309 4356; x_wconf 92' lang='lat' dir='ltr'><strong>quod</strong></span> <span class='ocrx_word' id='word_1_552' title='bbox 1337 4287 1667 4358; x_wconf 78' lang='lat' dir='ltr'><strong>intelligetur</strong></span> <span class='ocrx_word' id='word_1_553' title='bbox 1694 4290 2000 4373; x_wconf 82' lang='lat' dir='ltr'><strong>quippiam,</strong></span> 
     </span>
    </p>
   </div>
   <div class='ocr_carea' id='block_1_77' title="bbox 448 4377 2003 4452">
    <p class='ocr_par' dir='ltr' id='par_1_77' title="bbox 448 4377 2003 4452">
     <span class='ocr_line' id='line_1_77' title="bbox 448 4377 2003 4452; baseline 0.008 -25"><span class='ocrx_word' id='word_1_554' title='bbox 448 4389 514 4427; x_wconf 83' lang='lat' dir='ltr'><strong>eo</strong></span> <span class='ocrx_word' id='word_1_555' title='bbox 568 4384 827 4445; x_wconf 91' lang='lat' dir='ltr'><strong>corrupto</strong></span> <span class='ocrx_word' id='word_1_556' title='bbox 857 4377 1020 4429; x_wconf 84' lang='lat' dir='ltr'><strong>etiam</strong></span> <span class='ocrx_word' id='word_1_557' title='bbox 1085 4378 1556 4447; x_wconf 87' lang='lat' dir='ltr'><strong>corruptibilium;</strong></span> <span class='ocrx_word' id='word_1_558' title='bbox 1597 4384 2003 4452; x_wconf 85' lang='lat' dir='ltr'><strong>respondebunt</strong></span> 
     </span>
    </p>
   </div>
   <div class='ocr_carea' id='block_1_78' title="bbox 2113 3180 3680 3252">
    <p class='ocr_par' dir='ltr' id='par_1_78' title="bbox 2113 3180 3680 3252">
     <span class='ocr_line' id='line_1_78' title="bbox 2113 3180 3680 3252; baseline 0.001 -19"><span class='ocrx_word' id='word_1_559' title='bbox 2113 3183 2224 3243; x_wconf 77' lang='grc' dir='ltr'><strong>τοῖς</strong></span> <span class='ocrx_word' id='word_1_560' title='bbox 2255 3181 2418 3234; x_wconf 85' lang='grc' dir='ltr'><strong>εῐδεσι</strong></span> <span class='ocrx_word' id='word_1_561' title='bbox 2449 3181 2692 3249; x_wconf 82' lang='grc' dir='ltr'><strong>πολεμεῖ.</strong></span> <span class='ocrx_word' id='word_1_562' title='bbox 2738 3180 2878 3234; x_wconf 80' lang='grc' dir='ltr'><strong>Ὑπὸ</strong></span> <span class='ocrx_word' id='word_1_563' title='bbox 2910 3183 3018 3249; x_wconf 81' lang='grc' dir='ltr'><strong>γὰρ</strong></span> <span class='ocrx_word' id='word_1_564' title='bbox 3043 3181 3138 3234; x_wconf 77' lang='grc' dir='ltr'><strong>τοῦ</strong></span> <span class='ocrx_word' id='word_1_565' title='bbox 3169 3183 3306 3252; x_wconf 87' lang='grc' dir='ltr'><strong>μήτε</strong></span> <span class='ocrx_word' id='word_1_566' title='bbox 3332 3182 3548 3236; x_wconf 79' lang='grc' dir='ltr'><strong>οίεσθαι</strong></span> <span class='ocrx_word' id='word_1_567' title='bbox 3582 3184 3680 3252; x_wconf 80' lang='grc' dir='ltr'><strong>μή·</strong></span> 
     </span>
    </p>
   </div>
   <div class='ocr_carea' id='block_1_79' title="bbox 2111 3268 3682 3342">
    <p class='ocr_par' dir='ltr' id='par_1_79' title="bbox 2111 3268 3682 3342">
     <span class='ocr_line' id='line_1_79' title="bbox 2111 3268 3682 3342; baseline 0 -17"><span class='ocrx_word' id='word_1_568' title='bbox 2111 3288 2170 3325; x_wconf 84' lang='grc' dir='ltr'><strong>τε</strong></span> <span class='ocrx_word' id='word_1_569' title='bbox 2196 3271 2480 3342; x_wconf 82' lang='grc' dir='ltr'><strong>βούλεσθαι</strong></span> <span class='ocrx_word' id='word_1_570' title='bbox 2509 3268 2645 3324; x_wconf 77' lang='grc' dir='ltr'><strong>εἷναί</strong></span> <span class='ocrx_word' id='word_1_571' title='bbox 2671 3289 2724 3324; x_wconf 90' lang='grc' dir='ltr'><strong>τι</strong></span> <span class='ocrx_word' id='word_1_572' title='bbox 2753 3274 2861 3335; x_wconf 78' lang='grc' dir='ltr'><strong>τοῖς</strong></span> <span class='ocrx_word' id='word_1_573' title='bbox 2887 3272 3080 3335; x_wconf 76' lang='grc' dir='ltr'><strong>ἀϊδίοις</strong></span> <span class='ocrx_word' id='word_1_574' title='bbox 3117 3274 3293 3326; x_wconf 68' lang='grc' dir='ltr'><strong>αἴτιον</strong></span> <span class='ocrx_word' id='word_1_575' title='bbox 3321 3272 3417 3326; x_wconf 80' lang='grc' dir='ltr'><strong>τοῦ</strong></span> <span class='ocrx_word' id='word_1_576' title='bbox 3458 3270 3599 3327; x_wconf 85' lang='grc' dir='ltr'><strong>είναί</strong></span> <span class='ocrx_word' id='word_1_577' title='bbox 3623 3271 3682 3325; x_wconf 75' lang='grc' dir='ltr'><strong>τε</strong></span> 
     </span>
    </p>
   </div>
   <div class='ocr_carea' id='block_1_80' title="bbox 2111 3362 3684 3434">
    <p class='ocr_par' dir='ltr' id='par_1_80' title="bbox 2111 3362 3684 3434">
     <span class='ocr_line' id='line_1_80' title="bbox 2111 3362 3684 3434; baseline 0.001 -17"><span class='ocrx_word' id='word_1_578' title='bbox 2111 3365 2205 3418; x_wconf 72' lang='grc' dir='ltr'><strong>καὶ</strong></span> <span class='ocrx_word' id='word_1_579' title='bbox 2231 3363 2552 3432; x_wconf 84' lang='grc' dir='ltr'><strong>ὑφεστάναι,</strong></span> <span class='ocrx_word' id='word_1_580' title='bbox 2600 3362 2740 3434; x_wconf 76' lang='grc' dir='ltr'><strong>πλήν</strong></span> <span class='ocrx_word' id='word_1_581' title='bbox 2769 3380 2833 3432; x_wconf 86' lang='grc' dir='ltr'><strong>γε</strong></span> <span class='ocrx_word' id='word_1_582' title='bbox 2859 3364 2926 3433; x_wconf 83' lang='grc' dir='ltr'><strong>δὴ</strong></span> <span class='ocrx_word' id='word_1_583' title='bbox 2951 3363 3046 3418; x_wconf 78' lang='grc' dir='ltr'><strong>τοῦ</strong></span> <span class='ocrx_word' id='word_1_584' title='bbox 3071 3366 3341 3420; x_wconf 75' lang='grc' dir='ltr'><strong>κινεῖσθαι</strong></span> <span class='ocrx_word' id='word_1_585' title='bbox 3374 3365 3544 3430; x_wconf 83' lang='grc' dir='ltr'><strong>μόνου</strong></span> <span class='ocrx_word' id='word_1_586' title='bbox 3577 3366 3684 3426; x_wconf 85' lang='grc' dir='ltr'><strong>τοῖς</strong></span> 
     </span>
    </p>
   </div>
   <div class='ocr_carea' id='block_1_81' title="bbox 2109 3455 3682 3526">
    <p class='ocr_par' dir='ltr' id='par_1_81' title="bbox 2109 3455 3682 3526">
     <span class='ocr_line' id='line_1_81' title="bbox 2109 3455 3682 3526; baseline 0.001 -18"><span class='ocrx_word' id='word_1_587' title='bbox 2109 3455 2273 3508; x_wconf 74' lang='grc' dir='ltr'><strong>εἴδεσι</strong></span> <span class='ocrx_word' id='word_1_588' title='bbox 2303 3455 2546 3524; x_wconf 76' lang='grc' dir='ltr'><strong>πολεμεῖ.</strong></span> <span class='ocrx_word' id='word_1_589' title='bbox 2569 3457 2638 3508; x_wconf 85' lang='grc' dir='ltr'><em>Ἢ</em></span> <span class='ocrx_word' id='word_1_590' title='bbox 2665 3455 2717 3507; x_wconf 87' lang='grc' dir='ltr'><strong>τί</strong></span> <span class='ocrx_word' id='word_1_591' title='bbox 2748 3472 2875 3509; x_wconf 82' lang='grc' dir='ltr'><strong>ποτε</strong></span> <span class='ocrx_word' id='word_1_592' title='bbox 2896 3456 3046 3526; x_wconf 85' lang='grc' dir='ltr'><strong>αὐτῷ</strong></span> <span class='ocrx_word' id='word_1_593' title='bbox 3073 3455 3320 3526; x_wconf 83' lang='grc' dir='ltr'><strong>βούλεται</strong></span> <span class='ocrx_word' id='word_1_594' title='bbox 3347 3457 3430 3523; x_wconf 82' lang='grc' dir='ltr'><strong>τό,</strong></span> <span class='ocrx_word' id='word_1_595' title='bbox 3467 3457 3534 3509; x_wconf 86' lang='grc' dir='ltr'><strong>Τί</strong></span> <span class='ocrx_word' id='word_1_596' title='bbox 3559 3474 3682 3509; x_wconf 82' lang='grc' dir='ltr'><strong>ποτε</strong></span> 
     </span>
    </p>
   </div>
   <div class='ocr_carea' id='block_1_82' title="bbox 2113 3546 3684 3619">
    <p class='ocr_par' dir='ltr' id='par_1_82' title="bbox 2113 3546 3684 3619">
     <span class='ocr_line' id='line_1_82' title="bbox 2113 3546 3684 3619; baseline 0.002 -20"><span class='ocrx_word' id='word_1_597' title='bbox 2113 3546 2481 3617; x_wconf 88' lang='grc' dir='ltr'><strong>συμϐάλλεται</strong></span> <span class='ocrx_word' id='word_1_598' title='bbox 2514 3547 2584 3600; x_wconf 80' lang='grc' dir='ltr'><strong>τὰ</strong></span> <span class='ocrx_word' id='word_1_599' title='bbox 2611 3547 2723 3617; x_wconf 78' lang='grc' dir='ltr'><strong>εἴδη</strong></span> <span class='ocrx_word' id='word_1_600' title='bbox 2756 3549 2789 3619; x_wconf 78' lang='grc' dir='ltr'>ἢ</span> <span class='ocrx_word' id='word_1_601' title='bbox 2820 3550 2935 3612; x_wconf 81' lang='grc' dir='ltr'><strong>τοῖς</strong></span> <span class='ocrx_word' id='word_1_602' title='bbox 2967 3549 3160 3611; x_wconf 72' lang='grc' dir='ltr'><strong>ἀϊδίοις</strong></span> <span class='ocrx_word' id='word_1_603' title='bbox 3185 3549 3294 3602; x_wconf 86' lang='grc' dir='ltr'><strong>τῶν</strong></span> <span class='ocrx_word' id='word_1_604' title='bbox 3323 3549 3621 3617; x_wconf 73' lang='grc' dir='ltr'><strong>αἰσθητῶν,</strong></span> <span class='ocrx_word' id='word_1_605' title='bbox 3653 3550 3684 3617; x_wconf 73' lang='grc' dir='ltr'><strong>ἢ</strong></span> 
     </span>
    </p>
   </div>
   <div class='ocr_carea' id='block_1_83' title="bbox 2110 3641 3688 3710">
    <p class='ocr_par' dir='ltr' id='par_1_83' title="bbox 2110 3641 3688 3710">
     <span class='ocr_line' id='line_1_83' title="bbox 2110 3641 3688 3710; baseline -0.001 -19"><span class='ocrx_word' id='word_1_606' title='bbox 2110 3643 2223 3702; x_wconf 78' lang='grc' dir='ltr'><strong>τοῖς</strong></span> <span class='ocrx_word' id='word_1_607' title='bbox 2248 3641 2596 3709; x_wconf 76' lang='grc' dir='ltr'><strong>γιγνομένοις</strong></span> <span class='ocrx_word' id='word_1_608' title='bbox 2625 3657 2684 3693; x_wconf 88' lang='grc' dir='ltr'><strong>τε</strong></span> <span class='ocrx_word' id='word_1_609' title='bbox 2714 3641 2810 3694; x_wconf 82' lang='grc' dir='ltr'><strong>καὶ</strong></span> <span class='ocrx_word' id='word_1_610' title='bbox 2846 3641 3262 3710; x_wconf 52' lang='grc' dir='ltr'><strong>φθειρομένοις</strong></span> <span class='ocrx_word' id='word_1_611' title='bbox 3295 3642 3434 3694; x_wconf 80' lang='grc' dir='ltr'><strong>οὐτε</strong></span> <span class='ocrx_word' id='word_1_612' title='bbox 3476 3641 3582 3708; x_wconf 71' lang='grc' dir='ltr'><strong>γὰρ</strong></span> <span class='ocrx_word' id='word_1_613' title='bbox 3609 3658 3688 3691; x_wconf 76' lang='grc' dir='ltr'><strong>ιιι-</strong></span> 
     </span>
    </p>
   </div>
   <div class='ocr_carea' id='block_1_84' title="bbox 2112 3730 3690 3803">
    <p class='ocr_par' dir='ltr' id='par_1_84' title="bbox 2112 3730 3690 3803">
     <span class='ocr_line' id='line_1_84' title="bbox 2112 3730 3690 3803; baseline 0.001 -20"><span class='ocrx_word' id='word_1_614' title='bbox 2112 3730 2322 3800; x_wconf 82' lang='grc' dir='ltr'><strong>νήσεὼς</strong></span> <span class='ocrx_word' id='word_1_615' title='bbox 2351 3734 2526 3797; x_wconf 68' lang='grc' dir='ltr'><strong>ἐστιν,</strong></span> <span class='ocrx_word' id='word_1_616' title='bbox 2560 3737 2685 3786; x_wconf 77' lang='grc' dir='ltr'><strong>οὐτε</strong></span> <span class='ocrx_word' id='word_1_617' title='bbox 2733 3732 3042 3803; x_wconf 85' lang='grc' dir='ltr'><strong>μεταϐολῆς</strong></span> <span class='ocrx_word' id='word_1_618' title='bbox 3093 3733 3351 3801; x_wconf 74' lang='grc' dir='ltr'><strong>οὐδεμιᾶς</strong></span> <span class='ocrx_word' id='word_1_619' title='bbox 3397 3731 3550 3785; x_wconf 87' lang='grc' dir='ltr'><strong>αῐτια</strong></span> <span class='ocrx_word' id='word_1_620' title='bbox 3595 3732 3690 3784; x_wconf 86' lang='grc' dir='ltr'><strong>αὐ-</strong></span> 
     </span>
    </p>
   </div>
   <div class='ocr_carea' id='block_1_85' title="bbox 2112 3822 3692 3894">
    <p class='ocr_par' dir='ltr' id='par_1_85' title="bbox 2112 3822 3692 3894">
     <span class='ocr_line' id='line_1_85' title="bbox 2112 3822 3692 3894; baseline -0.002 -18"><span class='ocrx_word' id='word_1_621' title='bbox 2112 3825 2261 3889; x_wconf 85' lang='grc' dir='ltr'><strong>τοίς;</strong></span> <span class='ocrx_word' id='word_1_622' title='bbox 2291 3825 2324 3889; x_wconf 73' lang='grc' dir='ltr'>ἢ</span> <span class='ocrx_word' id='word_1_623' title='bbox 2353 3822 2522 3892; x_wconf 77' lang='grc' dir='ltr'><strong>δῆλον,</strong></span> <span class='ocrx_word' id='word_1_624' title='bbox 2559 3824 2633 3886; x_wconf 83' lang='grc' dir='ltr'><strong>ὠς</strong></span> <span class='ocrx_word' id='word_1_625' title='bbox 2673 3824 2797 3877; x_wconf 64' lang='grc' dir='ltr'><strong>επεὶ</strong></span> <span class='ocrx_word' id='word_1_626' title='bbox 2834 3827 2947 3888; x_wconf 71' lang='grc' dir='ltr'><strong>τοῖς</strong></span> <span class='ocrx_word' id='word_1_627' title='bbox 2981 3825 3081 3894; x_wconf 81' lang='grc' dir='ltr'><strong>μὲν</strong></span> <span class='ocrx_word' id='word_1_628' title='bbox 3122 3825 3467 3894; x_wconf 76' lang='grc' dir='ltr'><strong>γιγνομένοις</strong></span> <span class='ocrx_word' id='word_1_629' title='bbox 3503 3841 3563 3876; x_wconf 86' lang='grc' dir='ltr'><strong>τε</strong></span> <span class='ocrx_word' id='word_1_630' title='bbox 3601 3825 3692 3876; x_wconf 73' lang='grc' dir='ltr'><strong>καὶ</strong></span> 
     </span>
    </p>
   </div>
   <div class='ocr_carea' id='block_1_86' title="bbox 2115 3913 3694 3984">
    <p class='ocr_par' dir='ltr' id='par_1_86' title="bbox 2115 3913 3694 3984">
     <span class='ocr_line' id='line_1_86' title="bbox 2115 3913 3694 3984; baseline 0 -20"><span class='ocrx_word' id='word_1_631' title='bbox 2115 3913 2488 3984; x_wconf 73' lang='grc' dir='ltr'><strong>φθειρομένοις</strong></span> <span class='ocrx_word' id='word_1_632' title='bbox 2536 3914 2644 3967; x_wconf 82' lang='grc' dir='ltr'><strong>τῶν</strong></span> <span class='ocrx_word' id='word_1_633' title='bbox 2663 3931 2722 3968; x_wconf 85' lang='grc' dir='ltr'><strong>τε</strong></span> <span class='ocrx_word' id='word_1_634' title='bbox 2754 3915 3013 3984; x_wconf 77' lang='grc' dir='ltr'><strong>ὁμοειδῶν</strong></span> <span class='ocrx_word' id='word_1_635' title='bbox 3046 3915 3114 3969; x_wconf 66' lang='grc' dir='ltr'><strong>τὰ</strong></span> <span class='ocrx_word' id='word_1_636' title='bbox 3145 3915 3446 3982; x_wconf 72' lang='grc' dir='ltr'><strong>γεννῶντα,</strong></span> <span class='ocrx_word' id='word_1_637' title='bbox 3477 3915 3570 3966; x_wconf 71' lang='grc' dir='ltr'><strong>καὶ</strong></span> <span class='ocrx_word' id='word_1_638' title='bbox 3603 3914 3694 3966; x_wconf 74' lang='grc' dir='ltr'><strong>τὸν</strong></span> 
     </span>
    </p>
   </div>
   <div class='ocr_carea' id='block_1_87' title="bbox 2116 3987 3692 4074">
    <p class='ocr_par' dir='ltr' id='par_1_87' title="bbox 2116 3987 3692 4074">
     <span class='ocr_line' id='line_1_87' title="bbox 2116 3987 3692 4074; baseline 0.003 -22"><span class='ocrx_word' id='word_1_639' title='bbox 2116 4003 2270 4074; x_wconf 69' lang='grc' dir='ltr'><strong>ἥλιον</strong></span> <span class='ocrx_word' id='word_1_640' title='bbox 2289 4003 2475 4058; x_wconf 79' lang='grc' dir='ltr'><strong>ίκανδν</strong></span> <span class='ocrx_word' id='word_1_641' title='bbox 2505 4004 2676 4058; x_wconf 86' lang='grc' dir='ltr'><strong>οίεται</strong></span> <span class='ocrx_word' id='word_1_642' title='bbox 2708 4005 2872 4068; x_wconf 78' lang='grc' dir='ltr'><strong>αὐτὸς</strong></span> <span class='ocrx_word' id='word_1_643' title='bbox 2901 4005 3050 4060; x_wconf 82' lang='grc' dir='ltr'><strong>αῐτια</strong></span> <span class='ocrx_word' id='word_1_644' title='bbox 3075 4006 3397 4070; x_wconf 77' lang='grc' dir='ltr'><strong>ἀποδώσειν,</strong></span> <span class='ocrx_word' id='word_1_645' title='bbox 3428 4005 3498 4058; x_wconf 74' lang='grc' dir='ltr'><strong>τὰ</strong></span> <span class='ocrx_word' id='word_1_646' title='bbox 3529 3987 3692 4058; x_wconf 61' lang='lat' dir='ltr'><strong>sat.</strong></span> 
     </span>
    </p>
   </div>
   <div class='ocr_carea' id='block_1_88' title="bbox 2117 4093 3692 4166">
    <p class='ocr_par' dir='ltr' id='par_1_88' title="bbox 2117 4093 3692 4166">
     <span class='ocr_line' id='line_1_88' title="bbox 2117 4093 3692 4166; baseline 0.001 -18"><span class='ocrx_word' id='word_1_647' title='bbox 2117 4095 2206 4148; x_wconf 89' lang='grc' dir='ltr'><strong>δια</strong></span> <span class='ocrx_word' id='word_1_648' title='bbox 2249 4095 2360 4148; x_wconf 84' lang='grc' dir='ltr'><strong>τῶν</strong></span> <span class='ocrx_word' id='word_1_649' title='bbox 2400 4093 2673 4165; x_wconf 74' lang='grc' dir='ltr'><strong>αἰσθητῶν</strong></span> <span class='ocrx_word' id='word_1_650' title='bbox 2705 4097 2973 4149; x_wconf 77' lang='grc' dir='ltr'><strong>κινεῖσθαι</strong></span> <span class='ocrx_word' id='word_1_651' title='bbox 2998 4096 3100 4164; x_wconf 64' lang='grc' dir='ltr'><strong>μιν</strong></span> <span class='ocrx_word' id='word_1_652' title='bbox 3125 4097 3290 4160; x_wconf 85' lang='grc' dir='ltr'><strong>αὐτὸς</strong></span> <span class='ocrx_word' id='word_1_653' title='bbox 3341 4095 3406 4150; x_wconf 74' lang='grc' dir='ltr'><strong>οὗ</strong></span> <span class='ocrx_word' id='word_1_654' title='bbox 3439 4115 3574 4166; x_wconf 83' lang='grc' dir='ltr'><strong>φησι</strong></span> <span class='ocrx_word' id='word_1_655' title='bbox 3605 4098 3692 4150; x_wconf 67' lang='grc' dir='ltr'><strong>διὰ</strong></span> 
     </span>
    </p>
   </div>
   <div class='ocr_carea' id='block_1_89' title="bbox 2121 4188 3694 4260">
    <p class='ocr_par' dir='ltr' id='par_1_89' title="bbox 2121 4188 3694 4260">
     <span class='ocr_line' id='line_1_89' title="bbox 2121 4188 3694 4260; baseline -0.001 -16"><span class='ocrx_word' id='word_1_656' title='bbox 2121 4190 2188 4244; x_wconf 73' lang='grc' dir='ltr'><strong>τὰ</strong></span> <span class='ocrx_word' id='word_1_657' title='bbox 2209 4190 2347 4258; x_wconf 72' lang='grc' dir='ltr'><strong>εἴδη,</strong></span> <span class='ocrx_word' id='word_1_658' title='bbox 2378 4192 2434 4254; x_wconf 68' lang='grc' dir='ltr'><strong>ἐς</strong></span> <span class='ocrx_word' id='word_1_659' title='bbox 2463 4189 2520 4243; x_wconf 64' lang='grc' dir='ltr'><strong>δὲ</strong></span> <span class='ocrx_word' id='word_1_660' title='bbox 2545 4191 2645 4260; x_wconf 78' lang='grc' dir='ltr'><strong>τὴν</strong></span> <span class='ocrx_word' id='word_1_661' title='bbox 2678 4191 2990 4252; x_wconf 79' lang='grc' dir='ltr'><strong>οὐσίανκαὶ</strong></span> <span class='ocrx_word' id='word_1_662' title='bbox 3022 4191 3084 4244; x_wconf 78' lang='grc' dir='ltr'><strong>τὸ</strong></span> <span class='ocrx_word' id='word_1_663' title='bbox 3105 4188 3243 4246; x_wconf 76' lang='grc' dir='ltr'><strong>εἶναι</strong></span> <span class='ocrx_word' id='word_1_664' title='bbox 3266 4192 3366 4246; x_wconf 84' lang='grc' dir='ltr'><strong>οὐκ</strong></span> <span class='ocrx_word' id='word_1_665' title='bbox 3394 4194 3571 4245; x_wconf 73' lang='grc' dir='ltr'><strong>οἴεται</strong></span> <span class='ocrx_word' id='word_1_666' title='bbox 3604 4193 3694 4244; x_wconf 77' lang='lat' dir='ltr'><strong>al-</strong></span> 
     </span>
    </p>
   </div>
   <div class='ocr_carea' id='block_1_90' title="bbox 2125 4281 3692 4353">
    <p class='ocr_par' dir='ltr' id='par_1_90' title="bbox 2125 4281 3692 4353">
     <span class='ocr_line' id='line_1_90' title="bbox 2125 4281 3692 4353; baseline 0 -18"><span class='ocrx_word' id='word_1_667' title='bbox 2125 4281 2241 4336; x_wconf 85' lang='grc' dir='ltr'><strong>τίου</strong></span> <span class='ocrx_word' id='word_1_668' title='bbox 2274 4282 2589 4337; x_wconf 80' lang='grc' dir='ltr'><strong>οὐδοτουοῦν</strong></span> <span class='ocrx_word' id='word_1_669' title='bbox 2614 4283 2840 4347; x_wconf 79' lang='grc' dir='ltr'><strong>δεῖσθαι,</strong></span> <span class='ocrx_word' id='word_1_670' title='bbox 2873 4283 2962 4338; x_wconf 75' lang='grc' dir='ltr'><strong>διὰ</strong></span> <span class='ocrx_word' id='word_1_671' title='bbox 3019 4282 3202 4349; x_wconf 82' lang='grc' dir='ltr'><strong>τοῦτο,</strong></span> <span class='ocrx_word' id='word_1_672' title='bbox 3234 4283 3300 4338; x_wconf 84' lang='lat' dir='ltr'><strong>Ti</strong></span> <span class='ocrx_word' id='word_1_673' title='bbox 3333 4300 3464 4338; x_wconf 83' lang='grc' dir='ltr'><strong>ποτε</strong></span> <span class='ocrx_word' id='word_1_674' title='bbox 3485 4322 3501 4346; x_wconf 88' lang='grc'><strong>,</strong></span> <span class='ocrx_word' id='word_1_675' title='bbox 3537 4285 3692 4353; x_wconf 77' lang='grc' dir='ltr'><strong>φησὶ,</strong></span> 
     </span>
    </p>
   </div>
   <div class='ocr_carea' id='block_1_91' title="bbox 2130 4375 3694 4446">
    <p class='ocr_par' dir='ltr' id='par_1_91' title="bbox 2130 4375 3694 4446">
     <span class='ocr_line' id='line_1_91' title="bbox 2130 4375 3694 4446; baseline 0 -19"><span class='ocrx_word' id='word_1_676' title='bbox 2130 4375 2496 4446; x_wconf 85' lang='grc' dir='ltr'><strong>συμϐάλλεται</strong></span> <span class='ocrx_word' id='word_1_677' title='bbox 2534 4376 2719 4438; x_wconf 75' lang='grc' dir='ltr'><strong>αὐτοῖς</strong></span> <span class='ocrx_word' id='word_1_678' title='bbox 2739 4375 2807 4428; x_wconf 77' lang='grc' dir='ltr'><strong>τὰ</strong></span> <span class='ocrx_word' id='word_1_679' title='bbox 2825 4375 2940 4446; x_wconf 85' lang='grc' dir='ltr'><strong>είδη</strong></span> <span class='ocrx_word' id='word_1_680' title='bbox 2968 4392 2982 4442; x_wconf 92' lang='grc'><strong>;</strong></span> <span class='ocrx_word' id='word_1_681' title='bbox 3026 4375 3186 4429; x_wconf 64' lang='grc' dir='ltr'><strong>Ἀλλὰ</strong></span> <span class='ocrx_word' id='word_1_682' title='bbox 3223 4375 3356 4444; x_wconf 78' lang='grc' dir='ltr'><strong>φαίη</strong></span> <span class='ocrx_word' id='word_1_683' title='bbox 3394 4377 3461 4430; x_wconf 77' lang='grc' dir='ltr'><strong>ἂν</strong></span> <span class='ocrx_word' id='word_1_684' title='bbox 3485 4393 3590 4438; x_wconf 83' lang='grc' dir='ltr'><strong>τις,</strong></span> <span class='ocrx_word' id='word_1_685' title='bbox 3617 4376 3694 4436; x_wconf 82' lang='grc' dir='ltr'><strong>ὡς</strong></span> 
     </span>
    </p>
   </div>
   <div class='ocr_carea' id='block_1_92' title="bbox 449 4465 1998 4543">
    <p class='ocr_par' dir='ltr' id='par_1_92' title="bbox 449 4465 1998 4543">
     <span class='ocr_line' id='line_1_92' title="bbox 449 4465 1998 4543; baseline 0.008 -26"><span class='ocrx_word' id='word_1_686' title='bbox 449 4479 611 4520; x_wconf 76' lang='lat' dir='ltr'><strong>unam</strong></span> <span class='ocrx_word' id='word_1_687' title='bbox 649 4465 791 4520; x_wconf 88' lang='lat' dir='ltr'><strong>illam</strong></span> <span class='ocrx_word' id='word_1_688' title='bbox 823 4469 1076 4534; x_wconf 85' lang='lat' dir='ltr'><strong>speciem,</strong></span> <span class='ocrx_word' id='word_1_689' title='bbox 1125 4485 1244 4539; x_wconf 62' lang='lat' dir='ltr'><strong>qua</strong></span> <span class='ocrx_word' id='word_1_690' title='bbox 1268 4471 1526 4525; x_wconf 86' lang='lat' dir='ltr'><strong>omnibus</strong></span> <span class='ocrx_word' id='word_1_691' title='bbox 1556 4475 1998 4543; x_wconf 85' lang='lat' dir='ltr'><strong>corruptibilibus</strong></span> 
     </span>
    </p>
   </div>
   <div class='ocr_carea' id='block_1_93' title="bbox 2103 4465 3694 4543">
    <p class='ocr_par' dir='ltr' id='par_1_93' title="bbox 2114 4465 3694 4536">
     <span class='ocr_line' id='line_1_93' title="bbox 2114 4465 3694 4536; baseline -0.001 -17"><span class='ocrx_word' id='word_1_692' title='bbox 2114 4467 2194 4535; x_wconf 82' lang='grc' dir='ltr'><strong>τῷ</strong></span> <span class='ocrx_word' id='word_1_693' title='bbox 2224 4465 2584 4536; x_wconf 77' lang='grc' dir='ltr'><strong>πρεσϐυτάτῳ</strong></span> <span class='ocrx_word' id='word_1_694' title='bbox 2621 4465 2741 4536; x_wconf 79' lang='grc' dir='ltr'><strong>Θεῷ</strong></span> <span class='ocrx_word' id='word_1_695' title='bbox 2777 4467 2923 4536; x_wconf 77' lang='grc' dir='ltr'><strong>μόνῳ</strong></span> <span class='ocrx_word' id='word_1_696' title='bbox 2952 4467 3124 4520; x_wconf 85' lang='grc' dir='ltr'><strong>οτεται</strong></span> <span class='ocrx_word' id='word_1_697' title='bbox 3154 4465 3358 4533; x_wconf 82' lang='grc' dir='ltr'><strong>ταύτην</strong></span> <span class='ocrx_word' id='word_1_698' title='bbox 3386 4467 3450 4520; x_wconf 74' lang='grc' dir='ltr'><strong>ἂν</strong></span> <span class='ocrx_word' id='word_1_699' title='bbox 3478 4467 3694 4536; x_wconf 79' lang='grc' dir='ltr'><strong>προσή-</strong></span> 
     </span>
    </p>
   </div>
   <div class='ocr_carea' id='block_1_94' title="bbox 446 4546 1998 4630">
    <p class='ocr_par' dir='ltr' id='par_1_94' title="bbox 446 4546 1998 4630">
     <span class='ocr_line' id='line_1_94' title="bbox 446 4546 1998 4630; baseline 0.006 -19"><span class='ocrx_word' id='word_1_700' title='bbox 446 4556 504 4630; x_wconf 87' lang='lat' dir='ltr'><strong>in</strong></span> <span class='ocrx_word' id='word_1_701' title='bbox 545 4546 650 4612; x_wconf 83' lang='lat' dir='ltr'><strong>una</strong></span> <span class='ocrx_word' id='word_1_702' title='bbox 698 4558 997 4629; x_wconf 83' lang='lat' dir='ltr'><strong>eademque</strong></span> <span class='ocrx_word' id='word_1_703' title='bbox 1045 4560 1161 4615; x_wconf 86' lang='lat' dir='ltr'><strong>idea</strong></span> <span class='ocrx_word' id='word_1_704' title='bbox 1212 4571 1422 4630; x_wconf 77' lang='lat' dir='ltr'><strong>praeest,</strong></span> <span class='ocrx_word' id='word_1_705' title='bbox 1473 4577 1580 4616; x_wconf 91' lang='lat' dir='ltr'><strong>non</strong></span> <span class='ocrx_word' id='word_1_706' title='bbox 1635 4564 1816 4620; x_wconf 84' lang='lat' dir='ltr'><strong>minus</strong></span> <span class='ocrx_word' id='word_1_707' title='bbox 1865 4568 1998 4620; x_wconf 76' lang='lat' dir='ltr'><strong>suill-</strong></span> 
     </span>
    </p>
   </div>
   <div class='ocr_carea' id='block_1_95' title="bbox 2103 4546 3694 4630">
    <p class='ocr_par' dir='ltr' id='par_1_95' title="bbox 2117 4557 3694 4628">
     <span class='ocr_line' id='line_1_95' title="bbox 2117 4557 3694 4628; baseline -0.003 -16"><span class='ocrx_word' id='word_1_708' title='bbox 2117 4575 2234 4612; x_wconf 86' lang='grc' dir='ltr'><strong>κειν</strong></span> <span class='ocrx_word' id='word_1_709' title='bbox 2266 4557 2362 4627; x_wconf 79' lang='grc' dir='ltr'><strong>τὴν</strong></span> <span class='ocrx_word' id='word_1_710' title='bbox 2384 4557 2584 4611; x_wconf 83' lang='grc' dir='ltr'><strong>αίτίαν.</strong></span> <span class='ocrx_word' id='word_1_711' title='bbox 2629 4557 2788 4610; x_wconf 75' lang='grc' dir='ltr'><strong>Ἀλλά</strong></span> <span class='ocrx_word' id='word_1_712' title='bbox 2824 4558 2984 4612; x_wconf 81' lang='grc' dir='ltr'><strong>τοῦτο</strong></span> <span class='ocrx_word' id='word_1_713' title='bbox 3021 4558 3166 4628; x_wconf 79' lang='grc' dir='ltr'><strong>ἄλλῳ</strong></span> <span class='ocrx_word' id='word_1_714' title='bbox 3197 4558 3296 4627; x_wconf 79' lang='grc' dir='ltr'><strong>μέν</strong></span> <span class='ocrx_word' id='word_1_715' title='bbox 3338 4574 3417 4626; x_wconf 87' lang='grc' dir='ltr'><strong>τῳ</strong></span> <span class='ocrx_word' id='word_1_716' title='bbox 3445 4557 3600 4626; x_wconf 78' lang='grc' dir='ltr'><strong>ἀνείη</strong></span> <span class='ocrx_word' id='word_1_717' title='bbox 3629 4561 3694 4609; x_wconf 76' lang='grc' dir='ltr'><strong>ἂν</strong></span> 
     </span>
    </p>
   </div>
   <div class='ocr_carea' id='block_1_96' title="bbox 445 4648 1998 4722">
    <p class='ocr_par' dir='ltr' id='par_1_96' title="bbox 445 4651 1998 4722">
     <span class='ocr_line' id='line_1_96' title="bbox 445 4651 1998 4722; baseline 0.006 -19"><span class='ocrx_word' id='word_1_718' title='bbox 445 4667 568 4706; x_wconf 81' lang='lat' dir='ltr'><strong>cere</strong></span> <span class='ocrx_word' id='word_1_719' title='bbox 614 4651 681 4704; x_wconf 89' lang='lat' dir='ltr'><strong>ad</strong></span> <span class='ocrx_word' id='word_1_720' title='bbox 733 4666 900 4705; x_wconf 91' lang='lat' dir='ltr'><strong>unum</strong></span> <span class='ocrx_word' id='word_1_721' title='bbox 969 4651 1198 4719; x_wconf 82' lang='lat' dir='ltr'><strong>quodvis</strong></span> <span class='ocrx_word' id='word_1_722' title='bbox 1226 4654 1373 4722; x_wconf 85' lang='lat' dir='ltr'><strong>prius</strong></span> <span class='ocrx_word' id='word_1_723' title='bbox 1405 4654 1824 4722; x_wconf 77' lang='lat' dir='ltr'><strong>uouexsisteus,</strong></span> <span class='ocrx_word' id='word_1_724' title='bbox 1865 4673 1998 4713; x_wconf 75' lang='lat' dir='ltr'><strong>nunc</strong></span> 
     </span>
    </p>
   </div>
   <div class='ocr_carea' id='block_1_97' title="bbox 2103 4648 3697 4722">
    <p class='ocr_par' dir='ltr' id='par_1_97' title="bbox 2115 4648 3697 4719">
     <span class='ocr_line' id='line_1_97' title="bbox 2115 4648 3697 4719; baseline -0.002 -16"><span class='ocrx_word' id='word_1_725' title='bbox 2115 4650 2312 4713; x_wconf 74' lang='grc' dir='ltr'><strong>εἰπεῖν,</strong></span> <span class='ocrx_word' id='word_1_726' title='bbox 2346 4648 2703 4719; x_wconf 74' lang='grc' dir='ltr'><strong>Ἀριστοτέλει</strong></span> <span class='ocrx_word' id='word_1_727' title='bbox 2733 4650 2778 4703; x_wconf 81' lang='grc' dir='ltr'><strong>δ’</strong></span> <span class='ocrx_word' id='word_1_728' title='bbox 2805 4651 2905 4704; x_wconf 81' lang='grc' dir='ltr'><strong>οὐκ</strong></span> <span class='ocrx_word' id='word_1_729' title='bbox 2932 4649 3080 4704; x_wconf 79' lang='grc' dir='ltr'><strong>ἐστιν</strong></span> <span class='ocrx_word' id='word_1_730' title='bbox 3108 4650 3301 4704; x_wconf 77' lang='grc' dir='ltr'><strong>εἰπεῖν.</strong></span> <span class='ocrx_word' id='word_1_731' title='bbox 3326 4649 3426 4702; x_wconf 76' lang='grc' dir='ltr'><strong>Διὰ</strong></span> <span class='ocrx_word' id='word_1_732' title='bbox 3450 4649 3506 4700; x_wconf 86' lang='grc' dir='ltr'><strong>τί</strong></span> <span class='ocrx_word' id='word_1_733' title='bbox 3525 4666 3542 4715; x_wconf 87' lang='lat'><strong><em>;</em></strong></span> <span class='ocrx_word' id='word_1_734' title='bbox 3571 4649 3697 4701; x_wconf 85' lang='grc' dir='ltr'><strong>Ὀτι</strong></span> 
     </span>
    </p>
   </div>
   <div class='ocr_carea' id='block_1_98' title="bbox 446 4741 1998 4813">
    <p class='ocr_par' dir='ltr' id='par_1_98' title="bbox 446 4741 1998 4812">
     <span class='ocr_line' id='line_1_98' title="bbox 446 4741 1998 4812; baseline 0.005 -17"><span class='ocrx_word' id='word_1_735' title='bbox 446 4744 664 4797; x_wconf 87' lang='lat' dir='ltr'><strong>demum</strong></span> <span class='ocrx_word' id='word_1_736' title='bbox 705 4746 758 4796; x_wconf 92' lang='lat' dir='ltr'><strong>in</strong></span> <span class='ocrx_word' id='word_1_737' title='bbox 805 4741 978 4798; x_wconf 90' lang='lat' dir='ltr'><strong>lucem</strong></span> <span class='ocrx_word' id='word_1_738' title='bbox 1033 4744 1468 4812; x_wconf 87' lang='lat' dir='ltr'><strong>producendum,</strong></span> <span class='ocrx_word' id='word_1_739' title='bbox 1501 4759 1663 4809; x_wconf 87' lang='lat' dir='ltr'><strong>quam</strong></span> <span class='ocrx_word' id='word_1_740' title='bbox 1692 4746 1852 4800; x_wconf 80' lang='lat' dir='ltr'><strong>etiam</strong></span> <span class='ocrx_word' id='word_1_741' title='bbox 1888 4763 1998 4802; x_wconf 36' lang='lat' dir='ltr'><strong>eor&#39;</strong></span> 
     </span>
    </p>
   </div>
   <div class='ocr_carea' id='block_1_99' title="bbox 2103 4741 3698 4813">
    <p class='ocr_par' dir='ltr' id='par_1_99' title="bbox 2117 4741 3698 4813">
     <span class='ocr_line' id='line_1_99' title="bbox 2117 4741 3698 4813; baseline -0.003 -17"><span class='ocrx_word' id='word_1_742' title='bbox 2117 4743 2284 4806; x_wconf 80' lang='grc' dir='ltr'><strong>αὐτὸς</strong></span> <span class='ocrx_word' id='word_1_743' title='bbox 2329 4741 2396 4797; x_wconf 72' lang='grc' dir='ltr'><strong>ἂν</strong></span> <span class='ocrx_word' id='word_1_744' title='bbox 2447 4742 2538 4811; x_wconf 75' lang='grc' dir='ltr'><strong>ὑφ’</strong></span> <span class='ocrx_word' id='word_1_745' title='bbox 2580 4741 2748 4796; x_wconf 80' lang='grc' dir='ltr'><strong>αὐτοῦ</strong></span> <span class='ocrx_word' id='word_1_746' title='bbox 2807 4743 3171 4813; x_wconf 81' lang='grc' dir='ltr'><strong>περιτραπείη</strong></span> <span class='ocrx_word' id='word_1_747' title='bbox 3227 4743 3276 4795; x_wconf 84' lang='grc' dir='ltr'>εί</span> <span class='ocrx_word' id='word_1_748' title='bbox 3322 4741 3482 4794; x_wconf 81' lang='grc' dir='ltr'><strong>τοῦτο</strong></span> <span class='ocrx_word' id='word_1_749' title='bbox 3527 4741 3698 4811; x_wconf 64' lang='lat' dir='ltr'><strong>siuet.</strong></span> 
     </span>
    </p>
   </div>
   <div class='ocr_carea' id='block_1_100' title="bbox 449 4831 1998 4907">
    <p class='ocr_par' dir='ltr' id='par_1_100' title="bbox 449 4836 1992 4907">
     <span class='ocr_line' id='line_1_100' title="bbox 449 4836 1992 4907; baseline 0.002 -18"><span class='ocrx_word' id='word_1_750' title='bbox 449 4844 609 4904; x_wconf 90' lang='lat' dir='ltr'><strong>rupto</strong></span> <span class='ocrx_word' id='word_1_751' title='bbox 665 4836 861 4898; x_wconf 85' lang='lat' dir='ltr'><strong>quovis</strong></span> <span class='ocrx_word' id='word_1_752' title='bbox 908 4849 1118 4901; x_wconf 86' lang='lat' dir='ltr'><strong>eorum,</strong></span> <span class='ocrx_word' id='word_1_753' title='bbox 1167 4852 1289 4906; x_wconf 68' lang='lat' dir='ltr'><strong>qua:</strong></span> <span class='ocrx_word' id='word_1_754' title='bbox 1361 4837 1608 4907; x_wconf 83' lang='lat' dir='ltr'><strong>quotidie</strong></span> <span class='ocrx_word' id='word_1_755' title='bbox 1668 4837 1992 4894; x_wconf 89' lang='lat' dir='ltr'><strong>dissolution</strong></span> 
     </span>
    </p>
   </div>
   <div class='ocr_carea' id='block_1_101' title="bbox 2103 4831 3702 4907">
    <p class='ocr_par' dir='ltr' id='par_1_101' title="bbox 2119 4831 3702 4903">
     <span class='ocr_line' id='line_1_101' title="bbox 2119 4831 3702 4903; baseline -0.001 -16"><span class='ocrx_word' id='word_1_756' title='bbox 2119 4832 2472 4903; x_wconf 78' lang='grc' dir='ltr'><strong>Πυνθάνομαι</strong></span> <span class='ocrx_word' id='word_1_757' title='bbox 2511 4831 2621 4902; x_wconf 81' lang='grc' dir='ltr'><strong>γὰρ</strong></span> <span class='ocrx_word' id='word_1_758' title='bbox 2647 4833 2713 4902; x_wconf 76' lang='grc' dir='ltr'><strong>δὴ</strong></span> <span class='ocrx_word' id='word_1_759' title='bbox 2742 4832 2999 4886; x_wconf 79' lang='grc' dir='ltr'><strong>τοσοῦτον</strong></span> <span class='ocrx_word' id='word_1_760' title='bbox 3027 4833 3136 4886; x_wconf 85' lang='grc' dir='ltr'><strong>τῶν</strong></span> <span class='ocrx_word' id='word_1_761' title='bbox 3175 4833 3327 4902; x_wconf 85' lang='grc' dir='ltr'><strong>αὐτῷ</strong></span> <span class='ocrx_word' id='word_1_762' title='bbox 3368 4833 3702 4902; x_wconf 80' lang='grc' dir='ltr'><strong>προσκειμέ-</strong></span> 
     </span>
    </p>
   </div>
   <div class='ocr_carea' id='block_1_102' title="bbox 449 4924 1998 5002">
    <p class='ocr_par' dir='ltr' id='par_1_102' title="bbox 449 4926 1998 5002">
     <span class='ocr_line' id='line_1_102' title="bbox 449 4926 1998 5002; baseline 0.003 -20"><span class='ocrx_word' id='word_1_763' title='bbox 449 4936 576 4982; x_wconf 84' lang='lat' dir='ltr'><strong>sunt</strong></span> <span class='ocrx_word' id='word_1_764' title='bbox 632 4926 894 4992; x_wconf 82' lang='lat' dir='ltr'><strong>obnoxia,</strong></span> <span class='ocrx_word' id='word_1_765' title='bbox 952 4927 1022 4982; x_wconf 84' lang='lat' dir='ltr'><strong>ad</strong></span> <span class='ocrx_word' id='word_1_766' title='bbox 1056 4928 1418 4984; x_wconf 80' lang='lat' dir='ltr'><strong>renovandam</strong></span> <span class='ocrx_word' id='word_1_767' title='bbox 1482 4930 1536 4984; x_wconf 90' lang='lat' dir='ltr'><strong>in</strong></span> <span class='ocrx_word' id='word_1_768' title='bbox 1573 4930 1772 4984; x_wconf 84' lang='lat' dir='ltr'><strong>animis</strong></span> <span class='ocrx_word' id='word_1_769' title='bbox 1807 4933 1998 5002; x_wconf 70' lang='lat' dir='ltr'><strong>aliquit</strong></span> 
     </span>
    </p>
   </div>
   <div class='ocr_carea' id='block_1_103' title="bbox 2103 4924 3702 5002">
    <p class='ocr_par' dir='ltr' id='par_1_103' title="bbox 2119 4924 3702 4996">
     <span class='ocr_line' id='line_1_103' title="bbox 2119 4924 3702 4996; baseline -0.002 -17"><span class='ocrx_word' id='word_1_770' title='bbox 2119 4944 2250 4991; x_wconf 87' lang='grc' dir='ltr'><strong>νων,</strong></span> <span class='ocrx_word' id='word_1_771' title='bbox 2281 4924 2334 4978; x_wconf 87' lang='grc' dir='ltr'><strong>τί</strong></span> <span class='ocrx_word' id='word_1_772' title='bbox 2362 4925 2425 4996; x_wconf 81' lang='grc' dir='ltr'><strong>δή</strong></span> <span class='ocrx_word' id='word_1_773' title='bbox 2453 4942 2587 4980; x_wconf 76' lang='grc' dir='ltr'><strong>ποτε</strong></span> <span class='ocrx_word' id='word_1_774' title='bbox 2615 4926 2676 4980; x_wconf 81' lang='grc' dir='ltr'><strong>οὐ</strong></span> <span class='ocrx_word' id='word_1_775' title='bbox 2717 4925 2794 4994; x_wconf 84' lang='grc' dir='ltr'><strong>τῷ</strong></span> <span class='ocrx_word' id='word_1_776' title='bbox 2825 4925 2976 4996; x_wconf 85' lang='grc' dir='ltr'><strong>αὐτῷ</strong></span> <span class='ocrx_word' id='word_1_777' title='bbox 3003 4924 3125 4996; x_wconf 85' lang='grc' dir='ltr'><strong>Θεῷ</strong></span> <span class='ocrx_word' id='word_1_778' title='bbox 3153 4924 3248 4987; x_wconf 80' lang='grc' dir='ltr'><strong>τὰς</strong></span> <span class='ocrx_word' id='word_1_779' title='bbox 3279 4924 3530 4994; x_wconf 81' lang='grc' dir='ltr'><strong>κινήσεις</strong></span> <span class='ocrx_word' id='word_1_780' title='bbox 3559 4925 3702 4978; x_wconf 58' lang='lat' dir='ltr'><strong>exd-</strong></span> 
     </span>
    </p>
   </div>
   <div class='ocr_carea' id='block_1_104' title="bbox 449 5016 1998 5092">
    <p class='ocr_par' dir='ltr' id='par_1_104' title="bbox 449 5018 1998 5092">
     <span class='ocr_line' id='line_1_104' title="bbox 449 5018 1998 5092; baseline 0.003 -20"><span class='ocrx_word' id='word_1_781' title='bbox 449 5019 516 5074; x_wconf 88' lang='lat' dir='ltr'><strong>de</strong></span> <span class='ocrx_word' id='word_1_782' title='bbox 552 5019 670 5087; x_wconf 85' lang='lat' dir='ltr'><strong>ipso</strong></span> <span class='ocrx_word' id='word_1_783' title='bbox 699 5018 1077 5086; x_wconf 80' lang='lat' dir='ltr'><strong>cegitantinm,</strong></span> <span class='ocrx_word' id='word_1_784' title='bbox 1121 5019 1364 5089; x_wconf 78' lang='lat' dir='ltr'><strong>ejusdem</strong></span> <span class='ocrx_word' id='word_1_785' title='bbox 1399 5020 1716 5092; x_wconf 87' lang='lat' dir='ltr'><strong>imaginem.</strong></span> <span class='ocrx_word' id='word_1_786' title='bbox 1753 5020 1872 5076; x_wconf 69' lang='lat' dir='ltr'><strong>llzec</strong></span> <span class='ocrx_word' id='word_1_787' title='bbox 1914 5022 1998 5076; x_wconf 38' lang='lat' dir='ltr'><strong>ita‘</strong></span> 
     </span>
    </p>
   </div>
   <div class='ocr_carea' id='block_1_105' title="bbox 2103 5016 3704 5092">
    <p class='ocr_par' dir='ltr' id='par_1_105' title="bbox 2123 5016 3704 5089">
     <span class='ocr_line' id='line_1_105' title="bbox 2123 5016 3704 5089; baseline -0.001 -20"><span class='ocrx_word' id='word_1_788' title='bbox 2123 5033 2224 5079; x_wconf 86' lang='grc' dir='ltr'><strong>σας</strong></span> <span class='ocrx_word' id='word_1_789' title='bbox 2253 5016 2354 5080; x_wconf 75' lang='grc' dir='ltr'><strong>τὰς</strong></span> <span class='ocrx_word' id='word_1_790' title='bbox 2385 5017 2506 5071; x_wconf 83' lang='grc' dir='ltr'><strong>κατ’</strong></span> <span class='ocrx_word' id='word_1_791' title='bbox 2528 5018 2754 5089; x_wconf 79' lang='grc' dir='ltr'><strong>οὐρανὸν</strong></span> <span class='ocrx_word' id='word_1_792' title='bbox 2781 5017 3102 5086; x_wconf 71' lang='grc' dir='ltr'><strong>ἀπένειμεν,</strong></span> <span class='ocrx_word' id='word_1_793' title='bbox 3127 5016 3244 5070; x_wconf 80' lang='grc' dir='ltr'><strong>ἀλλ’</strong></span> <span class='ocrx_word' id='word_1_794' title='bbox 3278 5017 3408 5070; x_wconf 77' lang='grc' dir='ltr'><strong>ἄλλο</strong></span> <span class='ocrx_word' id='word_1_795' title='bbox 3451 5017 3590 5085; x_wconf 73' lang='grc' dir='ltr'><strong>ἄλλῃ</strong></span> <span class='ocrx_word' id='word_1_796' title='bbox 3621 5034 3704 5068; x_wconf 84' lang='grc' dir='ltr'><strong>κι-</strong></span> 
     </span>
    </p>
   </div>
   <div class='ocr_carea' id='block_1_106' title="bbox 450 5105 1998 5181">
    <p class='ocr_par' dir='ltr' id='par_1_106' title="bbox 450 5107 1990 5181">
     <span class='ocr_line' id='line_1_106' title="bbox 450 5107 1990 5181; baseline 0.003 -19"><span class='ocrx_word' id='word_1_797' title='bbox 450 5124 558 5177; x_wconf 87' lang='lat' dir='ltr'><strong>que</strong></span> <span class='ocrx_word' id='word_1_798' title='bbox 595 5110 652 5171; x_wconf 89' lang='lat' dir='ltr'><strong>ii,</strong></span> <span class='ocrx_word' id='word_1_799' title='bbox 677 5107 767 5176; x_wconf 91' lang='lat' dir='ltr'><strong>qui</strong></span> <span class='ocrx_word' id='word_1_800' title='bbox 799 5107 1009 5177; x_wconf 87' lang='lat' dir='ltr'><strong>species</strong></span> <span class='ocrx_word' id='word_1_801' title='bbox 1038 5109 1401 5176; x_wconf 89' lang='lat' dir='ltr'><strong>constituunt,</strong></span> <span class='ocrx_word' id='word_1_802' title='bbox 1429 5109 1694 5180; x_wconf 85' lang='lat' dir='ltr'><strong>ejusmodi</strong></span> <span class='ocrx_word' id='word_1_803' title='bbox 1729 5129 1990 5181; x_wconf 76' lang='lat' dir='ltr'><strong>urgtttltrn</strong></span> 
     </span>
    </p>
   </div>
   <div class='ocr_carea' id='block_1_107' title="bbox 2103 5105 3702 5181">
    <p class='ocr_par' dir='ltr' id='par_1_107' title="bbox 2122 5105 3702 5178">
     <span class='ocr_line' id='line_1_107' title="bbox 2122 5105 3702 5178; baseline -0.003 -18"><span class='ocrx_word' id='word_1_804' title='bbox 2122 5107 2248 5160; x_wconf 85' lang='grc' dir='ltr'><strong>νοῦν</strong></span> <span class='ocrx_word' id='word_1_805' title='bbox 2279 5109 2489 5177; x_wconf 78' lang='grc' dir='ltr'><strong>κινήσει</strong></span> <span class='ocrx_word' id='word_1_806' title='bbox 2520 5109 2804 5178; x_wconf 66' lang='grc' dir='ltr'><strong>ἐφίστησιν</strong></span> <span class='ocrx_word' id='word_1_807' title='bbox 2827 5124 2843 5175; x_wconf 87' lang='grc'><strong>;</strong></span> <span class='ocrx_word' id='word_1_808' title='bbox 2882 5107 2916 5177; x_wconf 77' lang='grc' dir='ltr'><strong>ἢ</strong></span> <span class='ocrx_word' id='word_1_809' title='bbox 2947 5106 3105 5176; x_wconf 78' lang='grc' dir='ltr'><strong>δῆλον</strong></span> <span class='ocrx_word' id='word_1_810' title='bbox 3125 5107 3211 5176; x_wconf 80' lang='grc' dir='ltr'><strong>δὴ,</strong></span> <span class='ocrx_word' id='word_1_811' title='bbox 3238 5108 3320 5159; x_wconf 83' lang='grc' dir='ltr'><strong>ὅτι</strong></span> <span class='ocrx_word' id='word_1_812' title='bbox 3340 5107 3410 5160; x_wconf 81' lang='grc' dir='ltr'><strong>δι’</strong></span> <span class='ocrx_word' id='word_1_813' title='bbox 3445 5109 3624 5159; x_wconf 72' lang='grc' dir='ltr'><strong>ἐκεῖνο</strong></span> <span class='ocrx_word' id='word_1_814' title='bbox 3645 5105 3702 5156; x_wconf 74' lang='grc' dir='ltr'><strong>τὸ</strong></span> 
     </span>
    </p>
   </div>
   <div class='ocr_carea' id='block_1_108' title="bbox 454 5198 1998 5273">
    <p class='ocr_par' dir='ltr' id='par_1_108' title="bbox 454 5201 1991 5273">
     <span class='ocr_line' id='line_1_108' title="bbox 454 5201 1991 5273; baseline 0.003 -18"><span class='ocrx_word' id='word_1_815' title='bbox 454 5202 542 5266; x_wconf 90' lang='lat' dir='ltr'><strong>tis,</strong></span> <span class='ocrx_word' id='word_1_816' title='bbox 573 5201 771 5271; x_wconf 90' lang='lat' dir='ltr'><strong>quibus</strong></span> <span class='ocrx_word' id='word_1_817' title='bbox 832 5201 1150 5258; x_wconf 78' lang='lat' dir='ltr'><strong>Aristoteles</strong></span> <span class='ocrx_word' id='word_1_818' title='bbox 1197 5203 1339 5271; x_wconf 87' lang='lat' dir='ltr'><strong>ipsos</strong></span> <span class='ocrx_word' id='word_1_819' title='bbox 1367 5213 1666 5273; x_wconf 82' lang='lat' dir='ltr'><strong>oppugnat,</strong></span> <span class='ocrx_word' id='word_1_820' title='bbox 1723 5204 1991 5272; x_wconf 89' lang='lat' dir='ltr'><strong>responde</strong></span> 
     </span>
    </p>
   </div>
   <div class='ocr_carea' id='block_1_109' title="bbox 2103 5198 3705 5273">
    <p class='ocr_par' dir='ltr' id='par_1_109' title="bbox 2125 5198 3705 5269">
     <span class='ocr_line' id='line_1_109' title="bbox 2125 5198 3705 5269; baseline -0.002 -16"><span class='ocrx_word' id='word_1_821' title='bbox 2125 5200 2361 5269; x_wconf 79' lang='grc' dir='ltr'><strong>ἀξίωμα,</strong></span> <span class='ocrx_word' id='word_1_822' title='bbox 2389 5199 2493 5254; x_wconf 68' lang='grc' dir='ltr'><strong>κᾶν</strong></span> <span class='ocrx_word' id='word_1_823' title='bbox 2527 5201 2696 5254; x_wconf 86' lang='grc' dir='ltr'><strong>πλείω</strong></span> <span class='ocrx_word' id='word_1_824' title='bbox 2733 5202 2975 5254; x_wconf 74' lang='grc' dir='ltr'><strong>πλείοσιν</strong></span> <span class='ocrx_word' id='word_1_825' title='bbox 3009 5198 3200 5263; x_wconf 74' lang='grc' dir='ltr'><strong>οὔσαις</strong></span> <span class='ocrx_word' id='word_1_826' title='bbox 3229 5201 3353 5258; x_wconf 83' lang='grc' dir='ltr'><strong>ταῖς</strong></span> <span class='ocrx_word' id='word_1_827' title='bbox 3385 5199 3584 5261; x_wconf 80' lang='grc' dir='ltr'><strong>ἁῐδίαις</strong></span> <span class='ocrx_word' id='word_1_828' title='bbox 3610 5200 3705 5251; x_wconf 80' lang='grc' dir='ltr'><strong>οὐ-</strong></span> 
     </span>
    </p>
   </div>
   <div class='ocr_carea' id='block_1_110' title="bbox 454 5285 1998 5364">
    <p class='ocr_par' dir='ltr' id='par_1_110' title="bbox 454 5293 1991 5364">
     <span class='ocr_line' id='line_1_110' title="bbox 454 5293 1991 5364; baseline 0 -16"><span class='ocrx_word' id='word_1_829' title='bbox 454 5295 610 5356; x_wconf 87' lang='lat' dir='ltr'><strong>hnnt,</strong></span> <span class='ocrx_word' id='word_1_830' title='bbox 647 5293 1081 5364; x_wconf 85' lang='lat' dir='ltr'><strong>persolventque,</strong></span> <span class='ocrx_word' id='word_1_831' title='bbox 1115 5295 1382 5363; x_wconf 87' lang='lat' dir='ltr'><strong>inquibus</strong></span> <span class='ocrx_word' id='word_1_832' title='bbox 1406 5295 1540 5349; x_wconf 88' lang='lat' dir='ltr'><strong>nihil</strong></span> <span class='ocrx_word' id='word_1_833' title='bbox 1565 5309 1670 5348; x_wconf 90' lang='lat' dir='ltr'><strong>non</strong></span> <span class='ocrx_word' id='word_1_834' title='bbox 1691 5296 1991 5350; x_wconf 80' lang='lat' dir='ltr'><strong>couvcnicn</strong></span> 
     </span>
    </p>
   </div>
   <div class='ocr_carea' id='block_1_111' title="bbox 2103 5285 3706 5364">
    <p class='ocr_par' dir='ltr' id='par_1_111' title="bbox 2129 5285 3706 5360">
     <span class='ocr_line' id='line_1_111' title="bbox 2129 5285 3706 5360; baseline -0.001 -18"><span class='ocrx_word' id='word_1_835' title='bbox 2129 5290 2270 5353; x_wconf 91' lang='grc' dir='ltr'><strong>σίαις</strong></span> <span class='ocrx_word' id='word_1_836' title='bbox 2299 5289 2493 5360; x_wconf 70' lang='grc' dir='ltr'><strong>ἐφίστη</strong></span> <span class='ocrx_word' id='word_1_837' title='bbox 2540 5291 2609 5342; x_wconf 80' lang='grc' dir='ltr'><strong>τὰ</strong></span> <span class='ocrx_word' id='word_1_838' title='bbox 2651 5292 2992 5360; x_wconf 67' lang='grc' dir='ltr'><strong>παράγοντα,</strong></span> <span class='ocrx_word' id='word_1_839' title='bbox 3025 5291 3079 5343; x_wconf 84' lang='grc' dir='ltr'><strong>εί</strong></span> <span class='ocrx_word' id='word_1_840' title='bbox 3117 5305 3179 5357; x_wconf 82' lang='grc' dir='ltr'><strong>γε</strong></span> <span class='ocrx_word' id='word_1_841' title='bbox 3231 5285 3373 5342; x_wconf 79' lang='grc' dir='ltr'><strong>εἷναί</strong></span> <span class='ocrx_word' id='word_1_842' title='bbox 3423 5307 3478 5340; x_wconf 87' lang='grc' dir='ltr'><strong>τι</strong></span> <span class='ocrx_word' id='word_1_843' title='bbox 3521 5288 3706 5341; x_wconf 79' lang='grc' dir='ltr'><strong>αὐτῶν</strong></span> 
     </span>
    </p>
   </div>
   <div class='ocr_carea' id='block_1_112' title="bbox 457 5380 1998 5455">
    <p class='ocr_par' dir='ltr' id='par_1_112' title="bbox 457 5384 1995 5455">
     <span class='ocr_line' id='line_1_112' title="bbox 457 5384 1995 5455; baseline 0.002 -19"><span class='ocrx_word' id='word_1_844' title='bbox 457 5384 588 5437; x_wconf 85' lang='lat' dir='ltr'><strong>nihil</strong></span> <span class='ocrx_word' id='word_1_845' title='bbox 618 5400 726 5438; x_wconf 92' lang='lat' dir='ltr'><strong>non</strong></span> <span class='ocrx_word' id='word_1_846' title='bbox 757 5400 868 5439; x_wconf 69' lang='lat' dir='ltr'><strong>suae</strong></span> <span class='ocrx_word' id='word_1_847' title='bbox 896 5386 1133 5455; x_wconf 90' lang='lat' dir='ltr'><strong>ipsorum</strong></span> <span class='ocrx_word' id='word_1_848' title='bbox 1161 5384 1418 5440; x_wconf 73' lang='lat' dir='ltr'><strong>doctrina:</strong></span> <span class='ocrx_word' id='word_1_849' title='bbox 1440 5397 1865 5440; x_wconf 86' lang='lat' dir='ltr'><strong>consentaneum</strong></span> <span class='ocrx_word' id='word_1_850' title='bbox 1900 5401 1995 5455; x_wconf 89' lang='lat' dir='ltr'><strong>pro</strong></span> 
     </span>
    </p>
   </div>
   <div class='ocr_carea' id='block_1_113' title="bbox 2103 5380 3706 5455">
    <p class='ocr_par' dir='ltr' id='par_1_113' title="bbox 2125 5380 3706 5451">
     <span class='ocr_line' id='line_1_113' title="bbox 2125 5380 3706 5451; baseline 0 -17"><span class='ocrx_word' id='word_1_851' title='bbox 2125 5381 2262 5444; x_wconf 75' lang='grc' dir='ltr'><strong>ὅλως</strong></span> <span class='ocrx_word' id='word_1_852' title='bbox 2311 5380 2485 5436; x_wconf 75' lang='grc' dir='ltr'><strong>αἴτιον</strong></span> <span class='ocrx_word' id='word_1_853' title='bbox 2537 5380 2672 5451; x_wconf 77' lang='grc' dir='ltr'><strong>ᾤετο</strong></span> <span class='ocrx_word' id='word_1_854' title='bbox 2697 5398 2714 5448; x_wconf 86' lang='grc'>;</span> <span class='ocrx_word' id='word_1_855' title='bbox 2759 5384 2808 5434; x_wconf 83' lang='grc' dir='ltr'><strong>εί</strong></span> <span class='ocrx_word' id='word_1_856' title='bbox 2856 5381 2934 5443; x_wconf 66' lang='grc' dir='ltr'><strong>δὲ,</strong></span> <span class='ocrx_word' id='word_1_857' title='bbox 2965 5383 3048 5436; x_wconf 85' lang='grc' dir='ltr'><strong>δτι</strong></span> <span class='ocrx_word' id='word_1_858' title='bbox 3077 5382 3294 5444; x_wconf 79' lang='grc' dir='ltr'><strong>εἰκόνας</strong></span> <span class='ocrx_word' id='word_1_859' title='bbox 3326 5380 3534 5434; x_wconf 71' lang='grc' dir='ltr'><strong>ἑαυτῶν</strong></span> <span class='ocrx_word' id='word_1_860' title='bbox 3560 5396 3706 5446; x_wconf 70' lang='grc' dir='ltr'><strong>παρ’</strong></span> 
     </span>
    </p>
   </div>
   <div class='ocr_carea' id='block_1_114' title="bbox 457 5471 1998 5546">
    <p class='ocr_par' dir='ltr' id='par_1_114' title="bbox 457 5474 1998 5546">
     <span class='ocr_line' id='line_1_114' title="bbox 457 5474 1998 5546; baseline 0.002 -19"><span class='ocrx_word' id='word_1_861' title='bbox 457 5475 651 5529; x_wconf 82' lang='lat' dir='ltr'><strong>l&#39;erent.</strong></span> <span class='ocrx_word' id='word_1_862' title='bbox 678 5474 784 5530; x_wconf 86' lang='lat' dir='ltr'><strong>Sed</strong></span> <span class='ocrx_word' id='word_1_863' title='bbox 808 5476 918 5546; x_wconf 74' lang='lat' dir='ltr'><strong>jam</strong></span> <span class='ocrx_word' id='word_1_864' title='bbox 961 5477 1023 5529; x_wconf 81' lang='lat' dir='ltr'><strong>ad</strong></span> <span class='ocrx_word' id='word_1_865' title='bbox 1053 5492 1138 5540; x_wconf 84' lang='lat' dir='ltr'><strong>ea,</strong></span> <span class='ocrx_word' id='word_1_866' title='bbox 1171 5491 1292 5545; x_wconf 71' lang='lat' dir='ltr'><strong>qua:</strong></span> <span class='ocrx_word' id='word_1_867' title='bbox 1344 5486 1474 5531; x_wconf 87' lang='lat' dir='ltr'><strong>sunt</strong></span> <span class='ocrx_word' id='word_1_868' title='bbox 1509 5477 1665 5546; x_wconf 86' lang='lat' dir='ltr'><strong>digna</strong></span> <span class='ocrx_word' id='word_1_869' title='bbox 1701 5489 1998 5531; x_wconf 82' lang='lat' dir='ltr'><strong>memoratu</strong></span> 
     </span>
    </p>
   </div>
   <div class='ocr_carea' id='block_1_115' title="bbox 2103 5471 3709 5546">
    <p class='ocr_par' dir='ltr' id='par_1_115' title="bbox 2128 5471 3709 5543">
     <span class='ocr_line' id='line_1_115' title="bbox 2128 5471 3709 5543; baseline -0.002 -16"><span class='ocrx_word' id='word_1_870' title='bbox 2128 5473 2364 5541; x_wconf 87' lang='grc' dir='ltr'><strong>άγοντα;</strong></span> <span class='ocrx_word' id='word_1_871' title='bbox 2400 5473 2462 5526; x_wconf 89' lang='grc' dir='ltr'><strong>οὐ</strong></span> <span class='ocrx_word' id='word_1_872' title='bbox 2495 5473 2605 5543; x_wconf 78' lang='grc' dir='ltr'><strong>γὰρ</strong></span> <span class='ocrx_word' id='word_1_873' title='bbox 2632 5473 2697 5526; x_wconf 77' lang='grc' dir='ltr'><strong>ἂν</strong></span> <span class='ocrx_word' id='word_1_874' title='bbox 2737 5473 2970 5542; x_wconf 80' lang='grc' dir='ltr'><strong>πάμπαν</strong></span> <span class='ocrx_word' id='word_1_875' title='bbox 3011 5491 3072 5540; x_wconf 86' lang='grc' dir='ltr'><strong>γε</strong></span> <span class='ocrx_word' id='word_1_876' title='bbox 3105 5472 3402 5526; x_wconf 79' lang='grc' dir='ltr'><strong>ἀπεοικότα</strong></span> <span class='ocrx_word' id='word_1_877' title='bbox 3431 5472 3534 5524; x_wconf 77' lang='grc' dir='ltr'><strong>κᾶν</strong></span> <span class='ocrx_word' id='word_1_878' title='bbox 3565 5471 3709 5525; x_wconf 74' lang='grc' dir='ltr'><strong>αὐτὰ</strong></span> 
     </span>
    </p>
   </div>
   <div class='ocr_carea' id='block_1_116' title="bbox 459 5559 1998 5635">
    <p class='ocr_par' dir='ltr' id='par_1_116' title="bbox 459 5564 1998 5635">
     <span class='ocr_line' id='line_1_116' title="bbox 459 5564 1998 5635; baseline 0.001 -19"><span class='ocrx_word' id='word_1_879' title='bbox 459 5567 714 5635; x_wconf 81' lang='lat' dir='ltr'><strong>deinceps</strong></span> <span class='ocrx_word' id='word_1_880' title='bbox 782 5576 1143 5621; x_wconf 83' lang='lat' dir='ltr'><strong>transeamus.</strong></span> <span class='ocrx_word' id='word_1_881' title='bbox 1193 5564 1462 5620; x_wconf 64' lang='lat' dir='ltr'><strong>Praeterea</strong></span> <span class='ocrx_word' id='word_1_882' title='bbox 1521 5568 1743 5631; x_wconf 83' lang='lat' dir='ltr'><strong>accidit,</strong></span> <span class='ocrx_word' id='word_1_883' title='bbox 1809 5576 1866 5621; x_wconf 89' lang='lat' dir='ltr'><strong>ut</strong></span> <span class='ocrx_word' id='word_1_884' title='bbox 1916 5582 1998 5621; x_wconf 73' lang='lat' dir='ltr'><strong>nos</strong></span> 
     </span>
    </p>
   </div>
   <div class='ocr_carea' id='block_1_117' title="bbox 2103 5559 3709 5635">
    <p class='ocr_par' dir='ltr' id='par_1_117' title="bbox 2131 5559 3709 5635">
     <span class='ocr_line' id='line_1_117' title="bbox 2131 5559 3709 5635; baseline -0.001 -19"><span class='ocrx_word' id='word_1_885' title='bbox 2131 5562 2556 5632; x_wconf 78' lang='grc' dir='ltr'><strong>παραδείγματα</strong></span> <span class='ocrx_word' id='word_1_886' title='bbox 2614 5559 2683 5635; x_wconf 78' lang='grc' dir='ltr'><strong>ἦν</strong></span> <span class='ocrx_word' id='word_1_887' title='bbox 2736 5565 2946 5626; x_wconf 82' lang='grc' dir='ltr'><strong>αὐτοῖς.</strong></span> <span class='ocrx_word' id='word_1_888' title='bbox 2991 5565 3098 5616; x_wconf 81' lang='grc' dir='ltr'><strong>Καὶ</strong></span> <span class='ocrx_word' id='word_1_889' title='bbox 3143 5563 3316 5626; x_wconf 74' lang='grc' dir='ltr'><strong>οὕτως</strong></span> <span class='ocrx_word' id='word_1_890' title='bbox 3375 5565 3442 5616; x_wconf 80' lang='grc' dir='ltr'><strong>ἂν</strong></span> <span class='ocrx_word' id='word_1_891' title='bbox 3490 5562 3562 5630; x_wconf 80' lang='grc' dir='ltr'><strong>τῷ</strong></span> <span class='ocrx_word' id='word_1_892' title='bbox 3598 5562 3709 5614; x_wconf 81' lang='grc' dir='ltr'><strong>τῶν</strong></span> 
     </span>
    </p>
   </div>
   <div class='ocr_carea' id='block_1_118' title="bbox 463 5654 1998 5726">
    <p class='ocr_par' dir='ltr' id='par_1_118' title="bbox 463 5657 1998 5726">
     <span class='ocr_line' id='line_1_118' title="bbox 463 5657 1998 5726; baseline 0 -16"><span class='ocrx_word' id='word_1_893' title='bbox 463 5658 708 5711; x_wconf 85' lang='lat' dir='ltr'><strong>binarius</strong></span> <span class='ocrx_word' id='word_1_894' title='bbox 741 5658 808 5711; x_wconf 90' lang='lat' dir='ltr'><strong>sit</strong></span> <span class='ocrx_word' id='word_1_895' title='bbox 841 5657 1067 5726; x_wconf 86' lang='lat' dir='ltr'><strong>primus,</strong></span> <span class='ocrx_word' id='word_1_896' title='bbox 1099 5657 1190 5712; x_wconf 87' lang='lat' dir='ltr'><strong>sed</strong></span> <span class='ocrx_word' id='word_1_897' title='bbox 1220 5673 1502 5712; x_wconf 88' lang='lat' dir='ltr'><strong>numerus.</strong></span> <span class='ocrx_word' id='word_1_898' title='bbox 1527 5659 1710 5725; x_wconf 75' lang='lat' dir='ltr'><strong>Atqui,</strong></span> <span class='ocrx_word' id='word_1_899' title='bbox 1746 5659 1998 5722; x_wconf 78' lang='lat' dir='ltr'><strong>inquient</strong></span> 
     </span>
    </p>
   </div>
   <div class='ocr_carea' id='block_1_119' title="bbox 2103 5654 3708 5726">
    <p class='ocr_par' dir='ltr' id='par_1_119' title="bbox 2131 5654 3708 5725">
     <span class='ocr_line' id='line_1_119' title="bbox 2131 5654 3708 5725; baseline -0.002 -18"><span class='ocrx_word' id='word_1_900' title='bbox 2131 5654 2284 5708; x_wconf 76' lang='grc' dir='ltr'><strong>εἱδῶν</strong></span> <span class='ocrx_word' id='word_1_901' title='bbox 2313 5655 2458 5724; x_wconf 78' lang='grc' dir='ltr'><strong>λόγῳ</strong></span> <span class='ocrx_word' id='word_1_902' title='bbox 2487 5656 2583 5708; x_wconf 73' lang='grc' dir='ltr'><strong>καὶ</strong></span> <span class='ocrx_word' id='word_1_903' title='bbox 2609 5657 2771 5718; x_wconf 82' lang='grc' dir='ltr'><strong>αὐτὸς</strong></span> <span class='ocrx_word' id='word_1_904' title='bbox 2803 5655 3037 5710; x_wconf 82' lang='grc' dir='ltr'><strong>ἐνταῦθα</strong></span> <span class='ocrx_word' id='word_1_905' title='bbox 3065 5656 3197 5722; x_wconf 79' lang='grc' dir='ltr'><strong>γοῦν</strong></span> <span class='ocrx_word' id='word_1_906' title='bbox 3244 5656 3561 5725; x_wconf 84' lang='grc' dir='ltr'><strong>συνεχώρει.</strong></span> <span class='ocrx_word' id='word_1_907' title='bbox 3593 5655 3708 5707; x_wconf 70' lang='grc' dir='ltr'><strong>Νῦν</strong></span> 
     </span>
    </p>
   </div>
   <div class='ocr_carea' id='block_1_120' title="bbox 464 5744 1998 5820">
    <p class='ocr_par' dir='ltr' id='par_1_120' title="bbox 464 5747 1998 5820">
     <span class='ocr_line' id='line_1_120' title="bbox 464 5747 1998 5820; baseline 0.003 -21"><span class='ocrx_word' id='word_1_908' title='bbox 464 5747 594 5816; x_wconf 80' lang='lat' dir='ltr'><strong>quid</strong></span> <span class='ocrx_word' id='word_1_909' title='bbox 635 5749 935 5818; x_wconf 78' lang='lat' dir='ltr'><strong>prohibeat,</strong></span> <span class='ocrx_word' id='word_1_910' title='bbox 963 5765 1069 5818; x_wconf 87' lang='lat' dir='ltr'><strong>quo</strong></span> <span class='ocrx_word' id='word_1_911' title='bbox 1101 5750 1282 5805; x_wconf 88' lang='lat' dir='ltr'><strong>minus</strong></span> <span class='ocrx_word' id='word_1_912' title='bbox 1321 5765 1601 5817; x_wconf 86' lang='lat' dir='ltr'><strong>numerus,</strong></span> <span class='ocrx_word' id='word_1_913' title='bbox 1641 5753 1731 5820; x_wconf 87' lang='lat' dir='ltr'><strong>qui</strong></span> <span class='ocrx_word' id='word_1_914' title='bbox 1769 5751 1876 5806; x_wconf 80' lang='lat' dir='ltr'><strong>illic</strong></span> <span class='ocrx_word' id='word_1_915' title='bbox 1923 5761 1998 5806; x_wconf 71' lang='lat' dir='ltr'><strong>esl</strong></span> 
     </span>
    </p>
   </div>
   <div class='ocr_carea' id='block_1_121' title="bbox 2103 5744 3701 5820">
    <p class='ocr_par' dir='ltr' id='par_1_121' title="bbox 2133 5744 3701 5820">
     <span class='ocr_line' id='line_1_121' title="bbox 2133 5744 3701 5820; baseline -0.002 -20"><span class='ocrx_word' id='word_1_916' title='bbox 2133 5749 2189 5800; x_wconf 79' lang='grc' dir='ltr'><strong>δὲ</strong></span> <span class='ocrx_word' id='word_1_917' title='bbox 2218 5747 2370 5817; x_wconf 75' lang='grc' dir='ltr'><strong>δῆλός</strong></span> <span class='ocrx_word' id='word_1_918' title='bbox 2409 5749 2554 5800; x_wconf 73' lang='grc' dir='ltr'><strong>ἐστιν</strong></span> <span class='ocrx_word' id='word_1_919' title='bbox 2589 5748 2686 5801; x_wconf 74' lang='grc' dir='ltr'><strong>οὐκ</strong></span> <span class='ocrx_word' id='word_1_920' title='bbox 2727 5748 2967 5820; x_wconf 72' lang='grc' dir='ltr'><strong>οἰόμενος</strong></span> <span class='ocrx_word' id='word_1_921' title='bbox 3011 5744 3151 5804; x_wconf 82' lang='grc' dir='ltr'><strong>εἷναί</strong></span> <span class='ocrx_word' id='word_1_922' title='bbox 3195 5765 3244 5801; x_wconf 85' lang='grc' dir='ltr'><strong>τι</strong></span> <span class='ocrx_word' id='word_1_923' title='bbox 3299 5749 3472 5802; x_wconf 75' lang='grc' dir='ltr'><strong>αίτιον</strong></span> <span class='ocrx_word' id='word_1_924' title='bbox 3515 5749 3701 5801; x_wconf 77' lang='grc' dir='ltr'><strong>αὐτῶν</strong></span> 
     </span>
    </p>
   </div>
  </div>
