  <div class='ocr_page' id='page_1' title='image "/cluster/home/n/w/nwhite01/storage/ocr_20150623/160/hvd.32044036446961/552.png"; bbox 0 0 3920 6454; ppageno 0'>
   <div class='ocr_carea' id='block_1_1' title="bbox 178 404 3432 500">
    <p class='ocr_par' dir='ltr' id='par_1_1' title="bbox 178 404 3432 500">
     <span class='ocr_line' id='line_1_1' title="bbox 178 404 3432 500; baseline 0 -5"><span class='ocrx_word' id='word_1_1' title='bbox 178 433 282 496; x_wconf 71' lang='lat'><strong>925</strong></span> <span class='ocrx_word' id='word_1_2' title='bbox 852 431 950 492; x_wconf 86' lang='lat' dir='ltr'>DE</span> <span class='ocrx_word' id='word_1_3' title='bbox 989 430 1419 492; x_wconf 82' lang='lat' dir='ltr'><strong>PLATONICA</strong></span> <span class='ocrx_word' id='word_1_4' title='bbox 1455 433 1552 492; x_wconf 88' lang='lat' dir='ltr'><strong>ET</strong></span> <span class='ocrx_word' id='word_1_5' title='bbox 1583 432 2162 499; x_wconf 81' lang='lat' dir='ltr'><strong>ARISTOTELICA</strong></span> <span class='ocrx_word' id='word_1_6' title='bbox 2197 437 2734 500; x_wconf 60' lang='lat' dir='ltr'><strong>PlilLOSOPHIA.</strong></span> <span class='ocrx_word' id='word_1_7' title='bbox 2817 484 2820 486; x_wconf 36' lang='grc' dir='ltr'><strong>ν</strong></span> <span class='ocrx_word' id='word_1_8' title='bbox 2972 404 2977 407; x_wconf 50' lang='grc'><em>”</em></span> <span class='ocrx_word' id='word_1_9' title='bbox 3328 432 3432 498; x_wconf 76' lang='lat'><strong>926</strong></span> 
     </span>
    </p>
   </div>
   <div class='ocr_carea' id='block_1_2' title="bbox 179 545 1764 629">
    <p class='ocr_par' dir='ltr' id='par_1_2' title="bbox 179 545 1753 617">
     <span class='ocr_line' id='line_1_2' title="bbox 179 545 1753 617; baseline 0.001 -17"><span class='ocrx_word' id='word_1_10' title='bbox 179 546 531 617; x_wconf 82' lang='grc' dir='ltr'><strong>παραγωγδν,</strong></span> <span class='ocrx_word' id='word_1_11' title='bbox 564 546 679 601; x_wconf 83' lang='grc' dir='ltr'><strong>ἀλλ’</strong></span> <span class='ocrx_word' id='word_1_12' title='bbox 714 545 855 600; x_wconf 76' lang='grc' dir='ltr'><strong>οὕτω</strong></span> <span class='ocrx_word' id='word_1_13' title='bbox 890 565 947 601; x_wconf 89' lang='grc' dir='ltr'><strong>τε</strong></span> <span class='ocrx_word' id='word_1_14' title='bbox 979 547 1073 600; x_wconf 74' lang='grc' dir='ltr'><strong>καὶ</strong></span> <span class='ocrx_word' id='word_1_15' title='bbox 1107 548 1362 611; x_wconf 82' lang='grc' dir='ltr'><strong>τοιαύτας</strong></span> <span class='ocrx_word' id='word_1_16' title='bbox 1390 548 1497 601; x_wconf 84' lang='grc' dir='ltr'><strong>άπδ</strong></span> <span class='ocrx_word' id='word_1_17' title='bbox 1525 548 1619 604; x_wconf 88' lang='grc' dir='ltr'><strong>τοῦ</strong></span> <span class='ocrx_word' id='word_1_18' title='bbox 1655 549 1753 601; x_wconf 83' lang='grc' dir='ltr'><strong>αύ-</strong></span> 
     </span>
    </p>
   </div>
   <div class='ocr_carea' id='block_1_3' title="bbox 1867 545 3433 629">
    <p class='ocr_par' dir='ltr' id='par_1_3' title="bbox 1867 554 3433 629">
     <span class='ocr_line' id='line_1_3' title="bbox 1867 554 3433 629; baseline -0.006 -15"><span class='ocrx_word' id='word_1_19' title='bbox 1867 569 1971 614; x_wconf 80' lang='lat' dir='ltr'><strong>tum</strong></span> <span class='ocrx_word' id='word_1_20' title='bbox 2008 560 2077 616; x_wconf 91' lang='lat' dir='ltr'><strong>sit</strong></span> <span class='ocrx_word' id='word_1_21' title='bbox 2099 559 2394 629; x_wconf 75' lang='lat' dir='ltr'><strong>singularis</strong></span> <span class='ocrx_word' id='word_1_22' title='bbox 2416 568 2528 612; x_wconf 90' lang='lat' dir='ltr'><strong>tum</strong></span> <span class='ocrx_word' id='word_1_23' title='bbox 2559 558 2678 629; x_wconf 89' lang='lat' dir='ltr'><strong>ipso</strong></span> <span class='ocrx_word' id='word_1_24' title='bbox 2704 558 2917 613; x_wconf 87' lang='lat' dir='ltr'><strong>binario</strong></span> <span class='ocrx_word' id='word_1_25' title='bbox 2978 556 3128 626; x_wconf 87' lang='lat' dir='ltr'><strong>prior</strong></span> <span class='ocrx_word' id='word_1_26' title='bbox 3161 554 3433 609; x_wconf 73' lang='lat' dir='ltr'><strong>exsistat?</strong></span> 
     </span>
    </p>
   </div>
   <div class='ocr_carea' id='block_1_4' title="bbox 178 638 1757 710">
    <p class='ocr_par' dir='ltr' id='par_1_4' title="bbox 178 638 1757 710">
     <span class='ocr_line' id='line_1_4' title="bbox 178 638 1757 710; baseline 0 -17"><span class='ocrx_word' id='word_1_27' title='bbox 178 641 413 709; x_wconf 86' lang='grc' dir='ltr'><strong>τομάτου</strong></span> <span class='ocrx_word' id='word_1_28' title='bbox 443 638 753 710; x_wconf 79' lang='grc' dir='ltr'><strong>εὑρημένας</strong></span> <span class='ocrx_word' id='word_1_29' title='bbox 804 640 1074 693; x_wconf 83' lang='grc' dir='ltr'><strong>κινεῖσθαι</strong></span> <span class='ocrx_word' id='word_1_30' title='bbox 1129 641 1288 707; x_wconf 83' lang='grc' dir='ltr'><strong>μόνον</strong></span> <span class='ocrx_word' id='word_1_31' title='bbox 1341 640 1476 709; x_wconf 85' lang='grc' dir='ltr'><strong>πρός</strong></span> <span class='ocrx_word' id='word_1_32' title='bbox 1506 658 1559 693; x_wconf 91' lang='grc' dir='ltr'><strong>τι</strong></span> <span class='ocrx_word' id='word_1_33' title='bbox 1600 640 1757 704; x_wconf 80' lang='grc' dir='ltr'>τέλος</span> 
     </span>
    </p>
   </div>
   <div class='ocr_carea' id='block_1_5' title="bbox 179 731 1759 803">
    <p class='ocr_par' dir='ltr' id='par_1_5' title="bbox 179 731 1759 803">
     <span class='ocr_line' id='line_1_5' title="bbox 179 731 1759 803; baseline 0.001 -18"><span class='ocrx_word' id='word_1_34' title='bbox 179 734 271 799; x_wconf 74' lang='grc' dir='ltr'><strong>καὶ</strong></span> <span class='ocrx_word' id='word_1_35' title='bbox 298 732 392 786; x_wconf 84' lang='grc' dir='ltr'><strong>τὸν</strong></span> <span class='ocrx_word' id='word_1_36' title='bbox 415 731 571 784; x_wconf 86' lang='grc' dir='ltr'><strong>Θεόν.</strong></span> <span class='ocrx_word' id='word_1_37' title='bbox 610 732 772 785; x_wconf 80' lang='grc' dir='ltr'><strong>Ἀλλά</strong></span> <span class='ocrx_word' id='word_1_38' title='bbox 799 732 926 802; x_wconf 83' lang='grc' dir='ltr'><strong>μὴν,</strong></span> <span class='ocrx_word' id='word_1_39' title='bbox 958 735 1142 802; x_wconf 69' lang='grc' dir='ltr'><strong>φησὶν.</strong></span> <span class='ocrx_word' id='word_1_40' title='bbox 1176 731 1300 785; x_wconf 75' lang='grc' dir='ltr'><strong>οὗτε</strong></span> <span class='ocrx_word' id='word_1_41' title='bbox 1335 734 1473 802; x_wconf 82' lang='grc' dir='ltr'><strong>πρὸς</strong></span> <span class='ocrx_word' id='word_1_42' title='bbox 1498 734 1596 803; x_wconf 84' lang='grc' dir='ltr'><strong>τὴν</strong></span> <span class='ocrx_word' id='word_1_43' title='bbox 1635 734 1759 786; x_wconf 77' lang='grc' dir='ltr'><strong>ἐπι·</strong></span> 
     </span>
    </p>
   </div>
   <div class='ocr_carea' id='block_1_6' title="bbox 182 824 1758 895">
    <p class='ocr_par' dir='ltr' id='par_1_6' title="bbox 182 824 1758 895">
     <span class='ocr_line' id='line_1_6' title="bbox 182 824 1758 895; baseline 0.001 -17"><span class='ocrx_word' id='word_1_44' title='bbox 182 827 396 895; x_wconf 76' lang='grc' dir='ltr'><strong>στήμην</strong></span> <span class='ocrx_word' id='word_1_45' title='bbox 422 825 574 878; x_wconf 84' lang='grc' dir='ltr'><strong>ούδὲν</strong></span> <span class='ocrx_word' id='word_1_46' title='bbox 610 824 795 895; x_wconf 85' lang='grc' dir='ltr'><strong>βοηθεῖ</strong></span> <span class='ocrx_word' id='word_1_47' title='bbox 825 827 924 894; x_wconf 82' lang='grc' dir='ltr'><strong>τὴν</strong></span> <span class='ocrx_word' id='word_1_48' title='bbox 972 826 1074 879; x_wconf 76' lang='grc' dir='ltr'><strong>τῶν</strong></span> <span class='ocrx_word' id='word_1_49' title='bbox 1110 826 1304 891; x_wconf 65' lang='grc' dir='ltr'><strong>ἄλλων,</strong></span> <span class='ocrx_word' id='word_1_50' title='bbox 1353 827 1414 880; x_wconf 90' lang='grc' dir='ltr'><strong>ού</strong></span> <span class='ocrx_word' id='word_1_51' title='bbox 1465 827 1574 895; x_wconf 82' lang='grc' dir='ltr'><strong>γὰρ</strong></span> <span class='ocrx_word' id='word_1_52' title='bbox 1602 827 1758 880; x_wconf 79' lang='grc' dir='ltr'><strong>οὐσία</strong></span> 
     </span>
    </p>
   </div>
   <div class='ocr_carea' id='block_1_7' title="bbox 180 914 1758 987">
    <p class='ocr_par' dir='ltr' id='par_1_7' title="bbox 180 914 1758 987">
     <span class='ocr_line' id='line_1_7' title="bbox 180 914 1758 987; baseline 0.001 -20"><span class='ocrx_word' id='word_1_53' title='bbox 180 918 363 971; x_wconf 77' lang='grc' dir='ltr'><strong>ἐκεῖνα</strong></span> <span class='ocrx_word' id='word_1_54' title='bbox 399 916 628 969; x_wconf 87' lang='grc' dir='ltr'><strong>τούτων.</strong></span> <span class='ocrx_word' id='word_1_55' title='bbox 673 917 763 969; x_wconf 85' lang='grc' dir='ltr'><strong>Ἑν</strong></span> <span class='ocrx_word' id='word_1_56' title='bbox 796 916 1006 979; x_wconf 90' lang='grc' dir='ltr'><strong>τούτοις</strong></span> <span class='ocrx_word' id='word_1_57' title='bbox 1054 917 1163 987; x_wconf 78' lang='grc' dir='ltr'><strong>γὰρ</strong></span> <span class='ocrx_word' id='word_1_58' title='bbox 1198 918 1265 970; x_wconf 80' lang='grc' dir='ltr'><strong>ἂν</strong></span> <span class='ocrx_word' id='word_1_59' title='bbox 1294 914 1385 987; x_wconf 81' lang='grc' dir='ltr'><strong>ἦν,</strong></span> <span class='ocrx_word' id='word_1_60' title='bbox 1427 915 1542 969; x_wconf 80' lang='grc' dir='ltr'><strong>οὔτ’</strong></span> <span class='ocrx_word' id='word_1_61' title='bbox 1584 919 1665 979; x_wconf 90' lang='grc' dir='ltr'><strong>εἰς</strong></span> <span class='ocrx_word' id='word_1_62' title='bbox 1698 916 1758 969; x_wconf 77' lang='grc' dir='ltr'><strong>τὸ</strong></span> 
     </span>
    </p>
   </div>
   <div class='ocr_carea' id='block_1_8' title="bbox 180 1003 1759 1080">
    <p class='ocr_par' dir='ltr' id='par_1_8' title="bbox 180 1003 1759 1080">
     <span class='ocr_line' id='line_1_8' title="bbox 180 1003 1759 1080; baseline 0.001 -20"><span class='ocrx_word' id='word_1_63' title='bbox 180 1003 319 1062; x_wconf 74' lang='grc' dir='ltr'><strong>εἶναι</strong></span> <span class='ocrx_word' id='word_1_64' title='bbox 350 1007 425 1080; x_wconf 83' lang='grc' dir='ltr'><strong>μὴ</strong></span> <span class='ocrx_word' id='word_1_65' title='bbox 447 1007 822 1078; x_wconf 77' lang='grc' dir='ltr'><strong>ἐνυπάρχοντά</strong></span> <span class='ocrx_word' id='word_1_66' title='bbox 842 1024 907 1076; x_wconf 90' lang='grc' dir='ltr'><strong>γε</strong></span> <span class='ocrx_word' id='word_1_67' title='bbox 930 1011 1042 1073; x_wconf 87' lang='grc' dir='ltr'><strong>τοῖς</strong></span> <span class='ocrx_word' id='word_1_68' title='bbox 1068 1010 1374 1079; x_wconf 78' lang='grc' dir='ltr'><strong>μετέχουσι.</strong></span> <span class='ocrx_word' id='word_1_69' title='bbox 1403 1009 1500 1073; x_wconf 85' lang='grc' dir='ltr'><strong>Τίς</strong></span> <span class='ocrx_word' id='word_1_70' title='bbox 1525 1010 1642 1063; x_wconf 88' lang='grc' dir='ltr'><strong>ποτ’</strong></span> <span class='ocrx_word' id='word_1_71' title='bbox 1665 1004 1759 1063; x_wconf 83' lang='grc' dir='ltr'><strong>οὖν</strong></span> 
     </span>
    </p>
   </div>
   <div class='ocr_carea' id='block_1_9' title="bbox 186 1099 1758 1170">
    <p class='ocr_par' dir='ltr' id='par_1_9' title="bbox 186 1099 1758 1170">
     <span class='ocr_line' id='line_1_9' title="bbox 186 1099 1758 1170; baseline 0.001 -17"><span class='ocrx_word' id='word_1_72' title='bbox 186 1100 316 1170; x_wconf 79' lang='grc' dir='ltr'><strong>περί</strong></span> <span class='ocrx_word' id='word_1_73' title='bbox 348 1099 556 1161; x_wconf 89' lang='grc' dir='ltr'><strong>εἰκόνος</strong></span> <span class='ocrx_word' id='word_1_74' title='bbox 578 1100 803 1168; x_wconf 80' lang='grc' dir='ltr'><strong>ἄμεινον</strong></span> <span class='ocrx_word' id='word_1_75' title='bbox 823 1100 1180 1168; x_wconf 83' lang='grc' dir='ltr'><strong>διαγνώσεται</strong></span> <span class='ocrx_word' id='word_1_76' title='bbox 1203 1116 1218 1167; x_wconf 88' lang='grc'><strong>;</strong></span> <span class='ocrx_word' id='word_1_77' title='bbox 1251 1100 1316 1153; x_wconf 76' lang='grc' dir='ltr'>Ἀ</span> <span class='ocrx_word' id='word_1_78' title='bbox 1328 1103 1374 1169; x_wconf 88' lang='grc' dir='ltr'><strong>ρ’</strong></span> <span class='ocrx_word' id='word_1_79' title='bbox 1396 1101 1493 1170; x_wconf 89' lang='grc' dir='ltr'><strong>ούχ</strong></span> <span class='ocrx_word' id='word_1_80' title='bbox 1525 1103 1552 1155; x_wconf 84' lang='grc' dir='ltr'><strong>ό</strong></span> <span class='ocrx_word' id='word_1_81' title='bbox 1580 1102 1677 1155; x_wconf 76' lang='grc' dir='ltr'><strong>καὶ</strong></span> <span class='ocrx_word' id='word_1_82' title='bbox 1699 1100 1758 1155; x_wconf 81' lang='grc' dir='ltr'><strong>τὸ</strong></span> 
     </span>
    </p>
   </div>
   <div class='ocr_carea' id='block_1_10' title="bbox 181 1188 1758 1262">
    <p class='ocr_par' dir='ltr' id='par_1_10' title="bbox 181 1188 1758 1262">
     <span class='ocr_line' id='line_1_10' title="bbox 181 1188 1758 1262; baseline 0.003 -20"><span class='ocrx_word' id='word_1_83' title='bbox 181 1190 534 1259; x_wconf 84' lang='grc' dir='ltr'><strong>παράδειγμα</strong></span> <span class='ocrx_word' id='word_1_84' title='bbox 587 1188 740 1253; x_wconf 85' lang='grc' dir='ltr'><strong>εἰδώς</strong></span> <span class='ocrx_word' id='word_1_85' title='bbox 766 1207 782 1256; x_wconf 87' lang='grc'>;</span> <span class='ocrx_word' id='word_1_86' title='bbox 816 1191 1014 1262; x_wconf 85' lang='grc' dir='ltr'><strong>ού’γάρ</strong></span> <span class='ocrx_word' id='word_1_87' title='bbox 1041 1208 1146 1245; x_wconf 90' lang='grc' dir='ltr'><strong>που</strong></span> <span class='ocrx_word' id='word_1_88' title='bbox 1191 1194 1218 1246; x_wconf 91' lang='grc' dir='ltr'><strong>ό</strong></span> <span class='ocrx_word' id='word_1_89' title='bbox 1247 1193 1406 1246; x_wconf 87' lang='grc' dir='ltr'><strong>τοῦτο</strong></span> <span class='ocrx_word' id='word_1_90' title='bbox 1438 1192 1651 1259; x_wconf 80' lang='grc' dir='ltr'>ἀγνοῶν</span> <span class='ocrx_word' id='word_1_91' title='bbox 1680 1192 1758 1262; x_wconf 89' lang='grc' dir='ltr'>τῷ</span> 
     </span>
    </p>
   </div>
   <div class='ocr_carea' id='block_1_11' title="bbox 177 1282 1760 1356">
    <p class='ocr_par' dir='ltr' id='par_1_11' title="bbox 177 1282 1760 1356">
     <span class='ocr_line' id='line_1_11' title="bbox 177 1282 1760 1356; baseline 0.001 -21"><span class='ocrx_word' id='word_1_92' title='bbox 177 1299 242 1350; x_wconf 84' lang='grc' dir='ltr'><strong>γε</strong></span> <span class='ocrx_word' id='word_1_93' title='bbox 276 1282 440 1336; x_wconf 80' lang='grc' dir='ltr'><strong>εἰδότι</strong></span> <span class='ocrx_word' id='word_1_94' title='bbox 468 1282 526 1349; x_wconf 78' lang='grc' dir='ltr'><strong>ἐξ</strong></span> <span class='ocrx_word' id='word_1_95' title='bbox 559 1282 675 1336; x_wconf 76' lang='grc' dir='ltr'><strong>ἴσου</strong></span> <span class='ocrx_word' id='word_1_96' title='bbox 709 1284 837 1351; x_wconf 80' lang='grc' dir='ltr'><strong>περὶ</strong></span> <span class='ocrx_word' id='word_1_97' title='bbox 866 1286 966 1354; x_wconf 82' lang='grc' dir='ltr'><strong>τῆς</strong></span> <span class='ocrx_word' id='word_1_98' title='bbox 996 1284 1203 1348; x_wconf 81' lang='grc' dir='ltr'><strong>εἰκόνος</strong></span> <span class='ocrx_word' id='word_1_99' title='bbox 1232 1287 1478 1356; x_wconf 83' lang='grc' dir='ltr'><strong>διαγνοίη</strong></span> <span class='ocrx_word' id='word_1_100' title='bbox 1513 1286 1602 1340; x_wconf 75' lang='grc' dir='ltr'><strong>ἄν.</strong></span> <span class='ocrx_word' id='word_1_101' title='bbox 1636 1285 1760 1348; x_wconf 86' lang='grc' dir='ltr'><strong>Πῶς</strong></span> 
     </span>
    </p>
   </div>
   <div class='ocr_carea' id='block_1_12' title="bbox 178 1373 1758 1448">
    <p class='ocr_par' dir='ltr' id='par_1_12' title="bbox 178 1373 1758 1448">
     <span class='ocr_line' id='line_1_12' title="bbox 178 1373 1758 1448; baseline 0.001 -21"><span class='ocrx_word' id='word_1_102' title='bbox 178 1374 224 1427; x_wconf 84' lang='grc' dir='ltr'><strong>δ’</strong></span> <span class='ocrx_word' id='word_1_103' title='bbox 259 1374 436 1437; x_wconf 76' lang='grc' dir='ltr'><strong>οὐδεὶς</strong></span> <span class='ocrx_word' id='word_1_104' title='bbox 467 1375 528 1427; x_wconf 85' lang='grc' dir='ltr'><strong>τὸ</strong></span> <span class='ocrx_word' id='word_1_105' title='bbox 555 1373 697 1429; x_wconf 80' lang='grc' dir='ltr'><strong>εἰναι</strong></span> <span class='ocrx_word' id='word_1_106' title='bbox 745 1377 859 1440; x_wconf 82' lang='grc' dir='ltr'><strong>τοῖς</strong></span> <span class='ocrx_word' id='word_1_107' title='bbox 901 1375 1081 1438; x_wconf 82' lang='grc' dir='ltr'><strong>ἄλλοις</strong></span> <span class='ocrx_word' id='word_1_108' title='bbox 1118 1376 1286 1448; x_wconf 82' lang='grc' dir='ltr'><strong>βοηθῇ</strong></span> <span class='ocrx_word' id='word_1_109' title='bbox 1320 1377 1388 1431; x_wconf 78' lang='grc' dir='ltr'><strong>ἂν</strong></span> <span class='ocrx_word' id='word_1_110' title='bbox 1428 1380 1531 1433; x_wconf 89' lang='grc' dir='ltr'><strong>κᾶν</strong></span> <span class='ocrx_word' id='word_1_111' title='bbox 1568 1377 1643 1448; x_wconf 80' lang='grc' dir='ltr'><strong>μὴ</strong></span> <span class='ocrx_word' id='word_1_112' title='bbox 1673 1377 1758 1429; x_wconf 79' lang='grc' dir='ltr'><strong>ὲν-</strong></span> 
     </span>
    </p>
   </div>
   <div class='ocr_carea' id='block_1_13' title="bbox 178 1465 1758 1540">
    <p class='ocr_par' dir='ltr' id='par_1_13' title="bbox 178 1465 1758 1540">
     <span class='ocr_line' id='line_1_13' title="bbox 178 1465 1758 1540; baseline 0.003 -23"><span class='ocrx_word' id='word_1_113' title='bbox 178 1465 490 1535; x_wconf 78' lang='grc' dir='ltr'><strong>υπάρχῃ,εῖ</strong></span> <span class='ocrx_word' id='word_1_114' title='bbox 511 1482 575 1534; x_wconf 89' lang='grc' dir='ltr'><strong>γε</strong></span> <span class='ocrx_word' id='word_1_115' title='bbox 593 1466 742 1520; x_wconf 88' lang='grc' dir='ltr'><strong>αἰτία</strong></span> <span class='ocrx_word' id='word_1_116' title='bbox 779 1466 865 1537; x_wconf 74' lang='grc' dir='ltr'><strong>εἴη</strong></span> <span class='ocrx_word' id='word_1_117' title='bbox 900 1466 1108 1535; x_wconf 60' lang='lat' dir='ltr'><strong>abstine;</strong></span> <span class='ocrx_word' id='word_1_118' title='bbox 1137 1468 1256 1522; x_wconf 83' lang='grc' dir='ltr'><strong>Ἔτι</strong></span> <span class='ocrx_word' id='word_1_119' title='bbox 1285 1468 1467 1540; x_wconf 74' lang='grc' dir='ltr'><strong>φησὶν,</strong></span> <span class='ocrx_word' id='word_1_120' title='bbox 1496 1469 1570 1524; x_wconf 56' lang='lat' dir='ltr'><strong>Oi)</strong></span> <span class='ocrx_word' id='word_1_121' title='bbox 1598 1469 1758 1536; x_wconf 83' lang='grc' dir='ltr'><strong>μόνον</strong></span> 
     </span>
    </p>
   </div>
   <div class='ocr_carea' id='block_1_14' title="bbox 177 1555 1761 1628">
    <p class='ocr_par' dir='ltr' id='par_1_14' title="bbox 177 1555 1761 1628">
     <span class='ocr_line' id='line_1_14' title="bbox 177 1555 1761 1628; baseline 0.004 -21"><span class='ocrx_word' id='word_1_122' title='bbox 177 1555 291 1609; x_wconf 86' lang='grc' dir='ltr'><strong>τῶν</strong></span> <span class='ocrx_word' id='word_1_123' title='bbox 315 1555 591 1627; x_wconf 81' lang='grc' dir='ltr'><strong>αἰσθητῶν</strong></span> <span class='ocrx_word' id='word_1_124' title='bbox 641 1559 1062 1628; x_wconf 83' lang='grc' dir='ltr'><strong>παραδείγματα</strong></span> <span class='ocrx_word' id='word_1_125' title='bbox 1097 1559 1168 1612; x_wconf 78' lang='grc' dir='ltr'><strong>τὰ</strong></span> <span class='ocrx_word' id='word_1_126' title='bbox 1195 1558 1336 1628; x_wconf 83' lang='grc' dir='ltr'><strong>εῐδη,</strong></span> <span class='ocrx_word' id='word_1_127' title='bbox 1372 1558 1509 1613; x_wconf 73' lang='grc' dir='ltr'><strong>ἀλλὰ</strong></span> <span class='ocrx_word' id='word_1_128' title='bbox 1537 1562 1634 1614; x_wconf 75' lang='grc' dir='ltr'><strong>καὶ</strong></span> <span class='ocrx_word' id='word_1_129' title='bbox 1662 1562 1761 1614; x_wconf 86' lang='grc' dir='ltr'><strong>αύ-</strong></span> 
     </span>
    </p>
   </div>
   <div class='ocr_carea' id='block_1_15' title="bbox 178 1641 1759 1721">
    <p class='ocr_par' dir='ltr' id='par_1_15' title="bbox 178 1641 1759 1721">
     <span class='ocr_line' id='line_1_15' title="bbox 178 1641 1759 1721; baseline 0.003 -21"><span class='ocrx_word' id='word_1_130' title='bbox 178 1647 313 1712; x_wconf 87' lang='grc' dir='ltr'><strong>τῶν,</strong></span> <span class='ocrx_word' id='word_1_131' title='bbox 351 1641 464 1703; x_wconf 76' lang='grc' dir='ltr'><strong>οἷον</strong></span> <span class='ocrx_word' id='word_1_132' title='bbox 492 1650 555 1703; x_wconf 90' lang='grc' dir='ltr'><strong>τδ</strong></span> <span class='ocrx_word' id='word_1_133' title='bbox 601 1650 758 1717; x_wconf 82' lang='grc' dir='ltr'><strong>γένος</strong></span> <span class='ocrx_word' id='word_1_134' title='bbox 786 1650 898 1704; x_wconf 89' lang='grc' dir='ltr'><strong>τῶν</strong></span> <span class='ocrx_word' id='word_1_135' title='bbox 929 1650 1006 1716; x_wconf 83' lang='grc' dir='ltr'><strong>ὡς</strong></span> <span class='ocrx_word' id='word_1_136' title='bbox 1034 1652 1230 1721; x_wconf 85' lang='grc' dir='ltr'><strong>γένους</strong></span> <span class='ocrx_word' id='word_1_137' title='bbox 1280 1651 1459 1705; x_wconf 82' lang='grc' dir='ltr'><strong>εἰδῶν.</strong></span> <span class='ocrx_word' id='word_1_138' title='bbox 1495 1651 1660 1707; x_wconf 83' lang='grc' dir='ltr'><strong>Ὥστε</strong></span> <span class='ocrx_word' id='word_1_139' title='bbox 1699 1652 1759 1705; x_wconf 88' lang='grc' dir='ltr'><strong>τδ</strong></span> 
     </span>
    </p>
   </div>
   <div class='ocr_carea' id='block_1_16' title="bbox 179 1739 1785 1813">
    <p class='ocr_par' dir='ltr' id='par_1_16' title="bbox 179 1739 1785 1813">
     <span class='ocr_line' id='line_1_16' title="bbox 179 1739 1785 1813; baseline 0.002 -21"><span class='ocrx_word' id='word_1_140' title='bbox 179 1740 316 1793; x_wconf 79' lang='grc' dir='ltr'><strong>αὐτὸ</strong></span> <span class='ocrx_word' id='word_1_141' title='bbox 351 1739 504 1793; x_wconf 76' lang='grc' dir='ltr'><strong>ἔσται</strong></span> <span class='ocrx_word' id='word_1_142' title='bbox 533 1742 892 1812; x_wconf 86' lang='grc' dir='ltr'><strong>παράδειγμα</strong></span> <span class='ocrx_word' id='word_1_143' title='bbox 934 1742 1033 1795; x_wconf 73' lang='grc' dir='ltr'><strong>καὶ</strong></span> <span class='ocrx_word' id='word_1_144' title='bbox 1070 1742 1255 1797; x_wconf 85' lang='grc' dir='ltr'><strong>εἰκών.</strong></span> <span class='ocrx_word' id='word_1_145' title='bbox 1302 1742 1445 1796; x_wconf 81' lang='grc' dir='ltr'><strong>Ἀλλ’</strong></span> <span class='ocrx_word' id='word_1_146' title='bbox 1470 1743 1518 1795; x_wconf 85' lang='grc' dir='ltr'><strong>εἰ</strong></span> <span class='ocrx_word' id='word_1_147' title='bbox 1554 1743 1652 1813; x_wconf 81' lang='grc' dir='ltr'><strong>μὲν</strong></span> <span class='ocrx_word' id='word_1_148' title='bbox 1681 1741 1785 1812; x_wconf 87' lang='grc' dir='ltr'><strong>τῷ’</strong></span> 
     </span>
    </p>
   </div>
   <div class='ocr_carea' id='block_1_17' title="bbox 178 1828 1757 1905">
    <p class='ocr_par' dir='ltr' id='par_1_17' title="bbox 178 1828 1757 1905">
     <span class='ocr_line' id='line_1_17' title="bbox 178 1828 1757 1905; baseline 0.001 -21"><span class='ocrx_word' id='word_1_149' title='bbox 178 1831 335 1901; x_wconf 82' lang='grc' dir='ltr'><strong>αύτῷ</strong></span> <span class='ocrx_word' id='word_1_150' title='bbox 381 1831 477 1886; x_wconf 90' lang='grc' dir='ltr'><strong>τοῦ</strong></span> <span class='ocrx_word' id='word_1_151' title='bbox 528 1832 697 1886; x_wconf 85' lang='grc' dir='ltr'><strong>αὐτοῦ</strong></span> <span class='ocrx_word' id='word_1_152' title='bbox 744 1833 1154 1905; x_wconf 86' lang='grc' dir='ltr'><strong>παραδείγματί</strong></span> <span class='ocrx_word' id='word_1_153' title='bbox 1193 1851 1253 1887; x_wconf 89' lang='grc' dir='ltr'><strong>τε</strong></span> <span class='ocrx_word' id='word_1_154' title='bbox 1291 1834 1385 1888; x_wconf 79' lang='grc' dir='ltr'><strong>καί</strong></span> <span class='ocrx_word' id='word_1_155' title='bbox 1408 1834 1579 1888; x_wconf 88' lang='grc' dir='ltr'><strong>εἰκόνι</strong></span> <span class='ocrx_word' id='word_1_156' title='bbox 1617 1828 1757 1888; x_wconf 72' lang='grc' dir='ltr'><strong>εἶναι</strong></span> 
     </span>
    </p>
   </div>
   <div class='ocr_carea' id='block_1_18' title="bbox 1874 644 3433 718">
    <p class='ocr_par' dir='ltr' id='par_1_18' title="bbox 1874 644 3433 718">
     <span class='ocr_line' id='line_1_18' title="bbox 1874 644 3433 718; baseline -0.007 -12"><span class='ocrx_word' id='word_1_157' title='bbox 1874 651 2139 707; x_wconf 89' lang='lat' dir='ltr'><strong>Binarins</strong></span> <span class='ocrx_word' id='word_1_158' title='bbox 2191 660 2369 705; x_wconf 87' lang='lat' dir='ltr'><strong>autem</strong></span> <span class='ocrx_word' id='word_1_159' title='bbox 2428 651 2500 705; x_wconf 91' lang='lat' dir='ltr'><strong>sit</strong></span> <span class='ocrx_word' id='word_1_160' title='bbox 2553 644 2760 718; x_wconf 84' lang='lat' dir='ltr'><strong>primus</strong></span> <span class='ocrx_word' id='word_1_161' title='bbox 2802 649 2973 705; x_wconf 78' lang='lat' dir='ltr'><strong>nostri</strong></span> <span class='ocrx_word' id='word_1_162' title='bbox 3004 649 3163 717; x_wconf 82' lang='lat' dir='ltr'><strong>hujus</strong></span> <span class='ocrx_word' id='word_1_163' title='bbox 3194 646 3433 711; x_wconf 81' lang='lat' dir='ltr'><strong>numeri,</strong></span> 
     </span>
    </p>
   </div>
   <div class='ocr_carea' id='block_1_19' title="bbox 1866 740 3433 814">
    <p class='ocr_par' dir='ltr' id='par_1_19' title="bbox 1866 740 3433 814">
     <span class='ocr_line' id='line_1_19' title="bbox 1866 740 3433 814; baseline -0.004 -15"><span class='ocrx_word' id='word_1_164' title='bbox 1866 746 1956 814; x_wconf 89' lang='lat' dir='ltr'><strong>qui</strong></span> <span class='ocrx_word' id='word_1_165' title='bbox 1990 743 2205 797; x_wconf 88' lang='lat' dir='ltr'><strong>dilalari</strong></span> <span class='ocrx_word' id='word_1_166' title='bbox 2249 742 2583 810; x_wconf 67' lang='lat' dir='ltr'><strong>potestiAit</strong></span> <span class='ocrx_word' id='word_1_167' title='bbox 2613 743 2765 807; x_wconf 84' lang='lat' dir='ltr'><strong>item,</strong></span> <span class='ocrx_word' id='word_1_168' title='bbox 2796 742 2841 798; x_wconf 92' lang='lat' dir='ltr'><strong>si</strong></span> <span class='ocrx_word' id='word_1_169' title='bbox 2898 744 3106 812; x_wconf 77' lang='lat' dir='ltr'><strong>species</strong></span> <span class='ocrx_word' id='word_1_170' title='bbox 3138 757 3233 807; x_wconf 88' lang='lat' dir='ltr'><strong>per</strong></span> <span class='ocrx_word' id='word_1_171' title='bbox 3284 740 3433 795; x_wconf 89' lang='lat' dir='ltr'><strong>acci-</strong></span> 
     </span>
    </p>
   </div>
   <div class='ocr_carea' id='block_1_20' title="bbox 1864 835 3430 904">
    <p class='ocr_par' dir='ltr' id='par_1_20' title="bbox 1864 835 3430 904">
     <span class='ocr_line' id='line_1_20' title="bbox 1864 835 3430 904; baseline -0.005 -13"><span class='ocrx_word' id='word_1_172' title='bbox 1864 835 2000 891; x_wconf 82' lang='lat' dir='ltr'><strong>dens</strong></span> <span class='ocrx_word' id='word_1_173' title='bbox 2028 853 2133 890; x_wconf 91' lang='lat' dir='ltr'><strong>non</strong></span> <span class='ocrx_word' id='word_1_174' title='bbox 2165 836 2578 904; x_wconf 74' lang='lat' dir='ltr'><strong>participentur,</strong></span> <span class='ocrx_word' id='word_1_175' title='bbox 2611 836 2970 890; x_wconf 85' lang='lat' dir='ltr'><strong>essentiarnm</strong></span> <span class='ocrx_word' id='word_1_176' title='bbox 2994 837 3430 890; x_wconf 79' lang='lat' dir='ltr'><strong>duntaxaterunt</strong></span> 
     </span>
    </p>
   </div>
   <div class='ocr_carea' id='block_1_21' title="bbox 1866 926 3429 998">
    <p class='ocr_par' dir='ltr' id='par_1_21' title="bbox 1866 926 3429 998">
     <span class='ocr_line' id='line_1_21' title="bbox 1866 926 3429 998; baseline -0.003 -15"><span class='ocrx_word' id='word_1_177' title='bbox 1866 928 2095 998; x_wconf 86' lang='lat' dir='ltr'><strong>species.</strong></span> <span class='ocrx_word' id='word_1_178' title='bbox 2127 928 2204 981; x_wconf 86' lang='lat' dir='ltr'><strong>Ita</strong></span> <span class='ocrx_word' id='word_1_179' title='bbox 2224 928 2442 995; x_wconf 78' lang='lat' dir='ltr'><strong>quidem</strong></span> <span class='ocrx_word' id='word_1_180' title='bbox 2463 928 2877 993; x_wconf 90' lang='lat' dir='ltr'><strong>respondebunt</strong></span> <span class='ocrx_word' id='word_1_181' title='bbox 2925 927 3023 988; x_wconf 89' lang='lat' dir='ltr'><strong>illi,</strong></span> <span class='ocrx_word' id='word_1_182' title='bbox 3054 929 3096 981; x_wconf 88' lang='lat' dir='ltr'><strong>si</strong></span> <span class='ocrx_word' id='word_1_183' title='bbox 3134 926 3315 979; x_wconf 89' lang='lat' dir='ltr'><strong>omnia</strong></span> <span class='ocrx_word' id='word_1_184' title='bbox 3339 935 3429 979; x_wconf 89' lang='lat' dir='ltr'><strong>aut</strong></span> 
     </span>
    </p>
   </div>
   <div class='ocr_carea' id='block_1_22' title="bbox 1865 1018 3424 1088">
    <p class='ocr_par' dir='ltr' id='par_1_22' title="bbox 1865 1018 3424 1088">
     <span class='ocr_line' id='line_1_22' title="bbox 1865 1018 3424 1088; baseline -0.001 -15"><span class='ocrx_word' id='word_1_185' title='bbox 1865 1030 2050 1075; x_wconf 83' lang='lat' dir='ltr'><strong>essent</strong></span> <span class='ocrx_word' id='word_1_186' title='bbox 2101 1022 2379 1080; x_wconf 81' lang='lat' dir='ltr'><strong>essentiae.</strong></span> <span class='ocrx_word' id='word_1_187' title='bbox 2414 1028 2506 1074; x_wconf 86' lang='lat' dir='ltr'><strong>aut</strong></span> <span class='ocrx_word' id='word_1_188' title='bbox 2533 1036 2626 1088; x_wconf 89' lang='lat' dir='ltr'><strong>per</strong></span> <span class='ocrx_word' id='word_1_189' title='bbox 2660 1021 2913 1079; x_wconf 88' lang='lat' dir='ltr'><strong>accidens</strong></span> <span class='ocrx_word' id='word_1_190' title='bbox 2951 1020 3207 1076; x_wconf 87' lang='lat' dir='ltr'><strong>essentiis</strong></span> <span class='ocrx_word' id='word_1_191' title='bbox 3257 1018 3424 1081; x_wconf 56' lang='lat' dir='ltr'><strong>adhae-</strong></span> 
     </span>
    </p>
   </div>
   <div class='ocr_carea' id='block_1_23' title="bbox 1865 1109 3431 1182">
    <p class='ocr_par' dir='ltr' id='par_1_23' title="bbox 1865 1109 3431 1182">
     <span class='ocr_line' id='line_1_23' title="bbox 1865 1109 3431 1182; baseline -0.003 -16"><span class='ocrx_word' id='word_1_192' title='bbox 1865 1122 2075 1178; x_wconf 86' lang='lat' dir='ltr'><strong>rerent,</strong></span> <span class='ocrx_word' id='word_1_193' title='bbox 2145 1120 2259 1166; x_wconf 89' lang='lat' dir='ltr'><strong>lum</strong></span> <span class='ocrx_word' id='word_1_194' title='bbox 2287 1127 2417 1166; x_wconf 90' lang='lat' dir='ltr'><strong>vero</strong></span> <span class='ocrx_word' id='word_1_195' title='bbox 2440 1112 2620 1166; x_wconf 85' lang='lat' dir='ltr'><strong>locum</strong></span> <span class='ocrx_word' id='word_1_196' title='bbox 2654 1114 2885 1182; x_wconf 86' lang='lat' dir='ltr'><strong>aliquem</strong></span> <span class='ocrx_word' id='word_1_197' title='bbox 2929 1110 3161 1167; x_wconf 78' lang='lat' dir='ltr'><strong>fortasse</strong></span> <span class='ocrx_word' id='word_1_198' title='bbox 3211 1109 3431 1164; x_wconf 83' lang='lat' dir='ltr'><strong>haberet</strong></span> 
     </span>
    </p>
   </div>
   <div class='ocr_carea' id='block_1_24' title="bbox 1864 1192 3431 1271">
    <p class='ocr_par' dir='ltr' id='par_1_24' title="bbox 1864 1192 3431 1271">
     <span class='ocr_line' id='line_1_24' title="bbox 1864 1192 3431 1271; baseline -0.001 -14"><span class='ocrx_word' id='word_1_199' title='bbox 1864 1202 1919 1258; x_wconf 89' lang='lat' dir='ltr'><strong>id</strong></span> <span class='ocrx_word' id='word_1_200' title='bbox 1953 1203 2097 1271; x_wconf 91' lang='lat' dir='ltr'><strong>quod</strong></span> <span class='ocrx_word' id='word_1_201' title='bbox 2133 1192 2366 1271; x_wconf 75' lang='lat' dir='ltr'><strong>profers.</strong></span> <span class='ocrx_word' id='word_1_202' title='bbox 2398 1200 2553 1258; x_wconf 86' lang='lat' dir='ltr'><strong>Nunc</strong></span> <span class='ocrx_word' id='word_1_203' title='bbox 2580 1215 2754 1257; x_wconf 90' lang='lat' dir='ltr'><strong>autem</strong></span> <span class='ocrx_word' id='word_1_204' title='bbox 2787 1219 2907 1258; x_wconf 90' lang='lat' dir='ltr'><strong>cum</strong></span> <span class='ocrx_word' id='word_1_205' title='bbox 2960 1204 3013 1258; x_wconf 91' lang='lat' dir='ltr'><strong>in</strong></span> <span class='ocrx_word' id='word_1_206' title='bbox 3052 1204 3217 1258; x_wconf 66' lang='lat' dir='ltr'><strong>rebu!</strong></span> <span class='ocrx_word' id='word_1_207' title='bbox 3263 1198 3431 1256; x_wconf 68' lang='lat' dir='ltr'><strong>exsis«</strong></span> 
     </span>
    </p>
   </div>
   <div class='ocr_carea' id='block_1_25' title="bbox 1867 1295 3433 1365">
    <p class='ocr_par' dir='ltr' id='par_1_25' title="bbox 1867 1295 3433 1365">
     <span class='ocr_line' id='line_1_25' title="bbox 1867 1295 3433 1365; baseline -0.001 -16"><span class='ocrx_word' id='word_1_208' title='bbox 1867 1305 1985 1350; x_wconf 84' lang='lat' dir='ltr'><strong>tant</strong></span> <span class='ocrx_word' id='word_1_209' title='bbox 2015 1295 2217 1365; x_wconf 86' lang='lat' dir='ltr'><strong>aliqua,</strong></span> <span class='ocrx_word' id='word_1_210' title='bbox 2247 1309 2369 1363; x_wconf 71' lang='lat' dir='ltr'><strong>qua:</strong></span> <span class='ocrx_word' id='word_1_211' title='bbox 2424 1296 2587 1349; x_wconf 87' lang='lat' dir='ltr'><strong>etiam</strong></span> <span class='ocrx_word' id='word_1_212' title='bbox 2636 1310 2729 1365; x_wconf 90' lang='lat' dir='ltr'><strong>per</strong></span> <span class='ocrx_word' id='word_1_213' title='bbox 2760 1311 2818 1350; x_wconf 88' lang='lat' dir='ltr'><strong>se</strong></span> <span class='ocrx_word' id='word_1_214' title='bbox 2848 1296 3103 1352; x_wconf 87' lang='lat' dir='ltr'><strong>essentiis</strong></span> <span class='ocrx_word' id='word_1_215' title='bbox 3146 1296 3433 1360; x_wconf 66' lang='lat' dir='ltr'><strong>inhaerent,</strong></span> 
     </span>
    </p>
   </div>
   <div class='ocr_carea' id='block_1_26' title="bbox 1867 1381 3434 1455">
    <p class='ocr_par' dir='ltr' id='par_1_26' title="bbox 1867 1381 3434 1455">
     <span class='ocr_line' id='line_1_26' title="bbox 1867 1381 3434 1455; baseline -0.003 -16"><span class='ocrx_word' id='word_1_216' title='bbox 1867 1386 2059 1455; x_wconf 85' lang='lat' dir='ltr'><strong>quanti</strong></span> <span class='ocrx_word' id='word_1_217' title='bbox 2102 1384 2318 1440; x_wconf 91' lang='lat' dir='ltr'><strong>demum</strong></span> <span class='ocrx_word' id='word_1_218' title='bbox 2374 1385 2636 1441; x_wconf 89' lang='lat' dir='ltr'><strong>momenti</strong></span> <span class='ocrx_word' id='word_1_219' title='bbox 2696 1388 2797 1440; x_wconf 91' lang='lat' dir='ltr'><strong>erit</strong></span> <span class='ocrx_word' id='word_1_220' title='bbox 2840 1396 2930 1441; x_wconf 89' lang='lat' dir='ltr'><strong>tua</strong></span> <span class='ocrx_word' id='word_1_221' title='bbox 2985 1385 3073 1439; x_wconf 88' lang='lat' dir='ltr'><strong>illa</strong></span> <span class='ocrx_word' id='word_1_222' title='bbox 3106 1384 3282 1439; x_wconf 84' lang='lat' dir='ltr'><strong>ratio?</strong></span> <span class='ocrx_word' id='word_1_223' title='bbox 3331 1381 3434 1437; x_wconf 83' lang='lat' dir='ltr'><strong>Ta-</strong></span> 
     </span>
    </p>
   </div>
   <div class='ocr_carea' id='block_1_27' title="bbox 1866 1478 3434 1550">
    <p class='ocr_par' dir='ltr' id='par_1_27' title="bbox 1866 1478 3434 1550">
     <span class='ocr_line' id='line_1_27' title="bbox 1866 1478 3434 1550; baseline -0.004 -16"><span class='ocrx_word' id='word_1_224' title='bbox 1866 1481 2028 1536; x_wconf 89' lang='lat' dir='ltr'><strong>metsi</strong></span> <span class='ocrx_word' id='word_1_225' title='bbox 2063 1481 2211 1536; x_wconf 91' lang='lat' dir='ltr'><strong>enim</strong></span> <span class='ocrx_word' id='word_1_226' title='bbox 2264 1496 2475 1546; x_wconf 87' lang='lat' dir='ltr'><strong>eorum,</strong></span> <span class='ocrx_word' id='word_1_227' title='bbox 2522 1497 2643 1550; x_wconf 63' lang='lat' dir='ltr'><strong>qua:</strong></span> <span class='ocrx_word' id='word_1_228' title='bbox 2691 1495 2787 1550; x_wconf 86' lang='lat' dir='ltr'><strong>per</strong></span> <span class='ocrx_word' id='word_1_229' title='bbox 2848 1480 3101 1537; x_wconf 81' lang='lat' dir='ltr'><strong>accidens</strong></span> <span class='ocrx_word' id='word_1_230' title='bbox 3154 1478 3434 1540; x_wconf 89' lang='lat' dir='ltr'><strong>eveniunt,</strong></span> 
     </span>
    </p>
   </div>
   <div class='ocr_carea' id='block_1_28' title="bbox 1865 1571 3435 1642">
    <p class='ocr_par' dir='ltr' id='par_1_28' title="bbox 1865 1571 3435 1642">
     <span class='ocr_line' id='line_1_28' title="bbox 1865 1571 3435 1642; baseline -0.004 -16"><span class='ocrx_word' id='word_1_231' title='bbox 1865 1572 2305 1641; x_wconf 85' lang='lat' dir='ltr'><strong>unumquodque</strong></span> <span class='ocrx_word' id='word_1_232' title='bbox 2333 1572 2401 1627; x_wconf 88' lang='lat' dir='ltr'><strong>iis</strong></span> <span class='ocrx_word' id='word_1_233' title='bbox 2438 1572 2639 1642; x_wconf 82' lang='lat' dir='ltr'><strong>quibus</strong></span> <span class='ocrx_word' id='word_1_234' title='bbox 2658 1572 2907 1641; x_wconf 81' lang='lat' dir='ltr'><strong>proxime</strong></span> <span class='ocrx_word' id='word_1_235' title='bbox 2927 1571 3257 1633; x_wconf 87' lang='lat' dir='ltr'><strong>continetur,</strong></span> <span class='ocrx_word' id='word_1_236' title='bbox 3324 1582 3435 1621; x_wconf 90' lang='lat' dir='ltr'><strong>non</strong></span> 
     </span>
    </p>
   </div>
   <div class='ocr_carea' id='block_1_29' title="bbox 1866 1656 3512 1733">
    <p class='ocr_par' dir='ltr' id='par_1_29' title="bbox 1866 1656 3512 1733">
     <span class='ocr_line' id='line_1_29' title="bbox 1866 1656 3512 1733; baseline -0.004 -16"><span class='ocrx_word' id='word_1_237' title='bbox 1866 1663 2008 1717; x_wconf 86' lang='lat' dir='ltr'><strong>adsit</strong></span> <span class='ocrx_word' id='word_1_238' title='bbox 2038 1678 2134 1733; x_wconf 88' lang='lat' dir='ltr'><strong>per</strong></span> <span class='ocrx_word' id='word_1_239' title='bbox 2163 1678 2243 1726; x_wconf 85' lang='lat' dir='ltr'><strong>se,</strong></span> <span class='ocrx_word' id='word_1_240' title='bbox 2277 1678 2388 1719; x_wconf 90' lang='lat' dir='ltr'><strong>non</strong></span> <span class='ocrx_word' id='word_1_241' title='bbox 2432 1673 2612 1718; x_wconf 89' lang='lat' dir='ltr'><strong>tamen</strong></span> <span class='ocrx_word' id='word_1_242' title='bbox 2647 1666 2715 1719; x_wconf 87' lang='lat' dir='ltr'><strong>ab</strong></span> <span class='ocrx_word' id='word_1_243' title='bbox 2762 1664 2849 1726; x_wconf 89' lang='lat' dir='ltr'><strong>iis,</strong></span> <span class='ocrx_word' id='word_1_244' title='bbox 2880 1676 2999 1732; x_wconf 65' lang='lat' dir='ltr'><strong>quae</strong></span> <span class='ocrx_word' id='word_1_245' title='bbox 3031 1677 3129 1731; x_wconf 88' lang='lat' dir='ltr'><strong>per</strong></span> <span class='ocrx_word' id='word_1_246' title='bbox 3165 1674 3223 1713; x_wconf 86' lang='lat' dir='ltr'><strong>se</strong></span> <span class='ocrx_word' id='word_1_247' title='bbox 3258 1656 3437 1719; x_wconf 77' lang='lat' dir='ltr'><strong>exsis-</strong></span> <span class='ocrx_word' id='word_1_248' title='bbox 3509 1668 3512 1673; x_wconf 81' lang='lat'><strong><em>‘</em></strong></span> 
     </span>
    </p>
   </div>
   <div class='ocr_carea' id='block_1_30' title="bbox 1865 1746 3437 1824">
    <p class='ocr_par' dir='ltr' id='par_1_30' title="bbox 1865 1746 3437 1824">
     <span class='ocr_line' id='line_1_30' title="bbox 1865 1746 3437 1824; baseline -0.003 -18"><span class='ocrx_word' id='word_1_249' title='bbox 1865 1761 2006 1815; x_wconf 90' lang='lat' dir='ltr'><strong>tunt,</strong></span> <span class='ocrx_word' id='word_1_250' title='bbox 2033 1762 2117 1810; x_wconf 90' lang='lat' dir='ltr'><strong>est</strong></span> <span class='ocrx_word' id='word_1_251' title='bbox 2171 1769 2394 1823; x_wconf 84' lang='lat' dir='ltr'><strong>prorsus</strong></span> <span class='ocrx_word' id='word_1_252' title='bbox 2468 1755 2768 1818; x_wconf 88' lang='lat' dir='ltr'><strong>diversum,</strong></span> <span class='ocrx_word' id='word_1_253' title='bbox 2820 1755 3087 1824; x_wconf 86' lang='lat' dir='ltr'><strong>siquidem</strong></span> <span class='ocrx_word' id='word_1_254' title='bbox 3162 1746 3437 1821; x_wconf 85' lang='lat' dir='ltr'><strong>ejusmodi</strong></span> 
     </span>
    </p>
   </div>
   <div class='ocr_carea' id='block_1_31' title="bbox 1870 1846 3431 1917">
    <p class='ocr_par' dir='ltr' id='par_1_31' title="bbox 1870 1846 3431 1917">
     <span class='ocr_line' id='line_1_31' title="bbox 1870 1846 3431 1917; baseline -0.004 -16"><span class='ocrx_word' id='word_1_255' title='bbox 1870 1848 2049 1902; x_wconf 88' lang='lat' dir='ltr'><strong>omnia</strong></span> <span class='ocrx_word' id='word_1_256' title='bbox 2063 1847 2296 1917; x_wconf 84' lang='lat' dir='ltr'><strong>plurium</strong></span> <span class='ocrx_word' id='word_1_257' title='bbox 2314 1860 2602 1903; x_wconf 85' lang='lat' dir='ltr'><strong>causarum</strong></span> <span class='ocrx_word' id='word_1_258' title='bbox 2619 1861 2887 1903; x_wconf 89' lang='lat' dir='ltr'><strong>concursu</strong></span> <span class='ocrx_word' id='word_1_259' title='bbox 2908 1846 3178 1906; x_wconf 86' lang='lat' dir='ltr'><strong>eveniant,</strong></span> <span class='ocrx_word' id='word_1_260' title='bbox 3198 1855 3431 1912; x_wconf 87' lang='lat' dir='ltr'><strong>quarum</strong></span> 
     </span>
    </p>
   </div>
   <div class='ocr_carea' id='block_1_32' title="bbox 180 1913 1764 2008">
    <p class='ocr_par' dir='ltr' id='par_1_32' title="bbox 180 1922 1762 1995">
     <span class='ocr_line' id='line_1_32' title="bbox 180 1922 1762 1995; baseline 0.001 -20"><span class='ocrx_word' id='word_1_261' title='bbox 180 1923 523 1989; x_wconf 78' lang='grc' dir='ltr'><strong>συνέϐαινεν,</strong></span> <span class='ocrx_word' id='word_1_262' title='bbox 577 1925 634 1987; x_wconf 78' lang='grc' dir='ltr'><strong>ἔς</strong></span> <span class='ocrx_word' id='word_1_263' title='bbox 680 1925 880 1980; x_wconf 76' lang='grc' dir='ltr'><strong>ἄτοπον</strong></span> <span class='ocrx_word' id='word_1_264' title='bbox 926 1923 992 1979; x_wconf 81' lang='grc' dir='ltr'><strong>ἄν</strong></span> <span class='ocrx_word' id='word_1_265' title='bbox 1043 1941 1097 1977; x_wconf 91' lang='grc' dir='ltr'><strong>τι</strong></span> <span class='ocrx_word' id='word_1_266' title='bbox 1139 1922 1217 1995; x_wconf 84' lang='grc' dir='ltr'><strong>τῷ</strong></span> <span class='ocrx_word' id='word_1_267' title='bbox 1262 1925 1377 1979; x_wconf 85' lang='grc' dir='ltr'><strong>δντι</strong></span> <span class='ocrx_word' id='word_1_268' title='bbox 1442 1924 1688 1995; x_wconf 85' lang='grc' dir='ltr'><strong>ἀπήγετο</strong></span> <span class='ocrx_word' id='word_1_269' title='bbox 1733 1925 1762 1977; x_wconf 84' lang='grc' dir='ltr'><strong>δ</strong></span> 
     </span>
    </p>
   </div>
   <div class='ocr_carea' id='block_1_33' title="bbox 1867 1913 3435 2008">
    <p class='ocr_par' dir='ltr' id='par_1_33' title="bbox 1868 1913 3435 2008">
     <span class='ocr_line' id='line_1_33' title="bbox 1868 1913 3435 2008; baseline -0.004 -16"><span class='ocrx_word' id='word_1_270' title='bbox 1868 1913 2208 2007; x_wconf 65' lang='lat' dir='ltr'><strong>unaquaeque</strong></span> <span class='ocrx_word' id='word_1_271' title='bbox 2237 1951 2334 2006; x_wconf 88' lang='lat' dir='ltr'><strong>per</strong></span> <span class='ocrx_word' id='word_1_272' title='bbox 2357 1952 2415 1992; x_wconf 90' lang='lat' dir='ltr'><strong>se</strong></span> <span class='ocrx_word' id='word_1_273' title='bbox 2454 1936 2607 2003; x_wconf 80' lang='lat' dir='ltr'><strong>facit,</strong></span> <span class='ocrx_word' id='word_1_274' title='bbox 2630 1937 2891 2008; x_wconf 87' lang='lat' dir='ltr'><strong>quidquid</strong></span> <span class='ocrx_word' id='word_1_275' title='bbox 2928 1936 3076 2001; x_wconf 79' lang='lat' dir='ltr'><strong>facit,</strong></span> <span class='ocrx_word' id='word_1_276' title='bbox 3100 1948 3277 2002; x_wconf 85' lang='lat' dir='ltr'><strong>neque</strong></span> <span class='ocrx_word' id='word_1_277' title='bbox 3304 1945 3435 1986; x_wconf 85' lang='lat' dir='ltr'><strong>vero</strong></span> 
     </span>
    </p>
   </div>
   <div class='ocr_carea' id='block_1_34' title="bbox 178 2014 1763 2086">
    <p class='ocr_par' dir='ltr' id='par_1_34' title="bbox 178 2014 1763 2086">
     <span class='ocr_line' id='line_1_34' title="bbox 178 2014 1763 2086; baseline 0 -20"><span class='ocrx_word' id='word_1_278' title='bbox 178 2015 362 2081; x_wconf 81' lang='grc' dir='ltr'><strong>λόγος,</strong></span> <span class='ocrx_word' id='word_1_279' title='bbox 418 2014 606 2084; x_wconf 84' lang='grc' dir='ltr'><strong>ὥσπερ</strong></span> <span class='ocrx_word' id='word_1_280' title='bbox 653 2017 719 2069; x_wconf 80' lang='grc' dir='ltr'><strong>ἂν</strong></span> <span class='ocrx_word' id='word_1_281' title='bbox 760 2016 809 2069; x_wconf 89' lang='grc' dir='ltr'><strong>εἰ</strong></span> <span class='ocrx_word' id='word_1_282' title='bbox 851 2016 930 2086; x_wconf 84' lang='grc' dir='ltr'><strong>τῷ</strong></span> <span class='ocrx_word' id='word_1_283' title='bbox 996 2016 1143 2085; x_wconf 81' lang='grc' dir='ltr'><strong>αὐτῷ</strong></span> <span class='ocrx_word' id='word_1_284' title='bbox 1191 2016 1285 2070; x_wconf 89' lang='grc' dir='ltr'><strong>τοῦ</strong></span> <span class='ocrx_word' id='word_1_285' title='bbox 1336 2014 1501 2070; x_wconf 88' lang='grc' dir='ltr'><strong>αύτοῦ</strong></span> <span class='ocrx_word' id='word_1_286' title='bbox 1540 2014 1763 2085; x_wconf 74' lang='grc' dir='ltr'><strong>’μείζονί</strong></span> 
     </span>
    </p>
   </div>
   <div class='ocr_carea' id='block_1_35' title="bbox 178 2100 1765 2176">
    <p class='ocr_par' dir='ltr' id='par_1_35' title="bbox 178 2100 1765 2176">
     <span class='ocr_line' id='line_1_35' title="bbox 178 2100 1765 2176; baseline -0.003 -15"><span class='ocrx_word' id='word_1_287' title='bbox 178 2123 241 2161; x_wconf 86' lang='grc' dir='ltr'><strong>τε</strong></span> <span class='ocrx_word' id='word_1_288' title='bbox 289 2105 406 2176; x_wconf 75' lang='grc' dir='ltr'><strong>ἅμα</strong></span> <span class='ocrx_word' id='word_1_289' title='bbox 455 2102 594 2160; x_wconf 72' lang='grc' dir='ltr'><strong>εἶναι</strong></span> <span class='ocrx_word' id='word_1_290' title='bbox 643 2107 737 2159; x_wconf 81' lang='grc' dir='ltr'><strong>καί</strong></span> <span class='ocrx_word' id='word_1_291' title='bbox 764 2108 936 2176; x_wconf 85' lang='grc' dir='ltr'><strong>μείονι</strong></span> <span class='ocrx_word' id='word_1_292' title='bbox 972 2108 1307 2161; x_wconf 77' lang='grc' dir='ltr'><strong>συνέϐαινεν.</strong></span> <span class='ocrx_word' id='word_1_293' title='bbox 1340 2107 1452 2163; x_wconf 83' lang='grc' dir='ltr'><strong>Νῦν</strong></span> <span class='ocrx_word' id='word_1_294' title='bbox 1492 2106 1549 2160; x_wconf 78' lang='grc' dir='ltr'><strong>δὲ</strong></span> <span class='ocrx_word' id='word_1_295' title='bbox 1572 2100 1632 2159; x_wconf 84' lang='grc' dir='ltr'><strong>τί</strong></span> <span class='ocrx_word' id='word_1_296' title='bbox 1658 2122 1765 2157; x_wconf 63' lang='grc' dir='ltr'><strong>κως</strong></span> 
     </span>
    </p>
   </div>
   <div class='ocr_carea' id='block_1_36' title="bbox 179 2198 1763 2270">
    <p class='ocr_par' dir='ltr' id='par_1_36' title="bbox 179 2198 1763 2270">
     <span class='ocr_line' id='line_1_36' title="bbox 179 2198 1763 2270; baseline 0.002 -20"><span class='ocrx_word' id='word_1_297' title='bbox 179 2199 300 2251; x_wconf 88' lang='grc' dir='ltr'><strong>λύει</strong></span> <span class='ocrx_word' id='word_1_298' title='bbox 349 2198 408 2250; x_wconf 74' lang='grc' dir='ltr'><strong>τὸ</strong></span> <span class='ocrx_word' id='word_1_299' title='bbox 465 2198 597 2250; x_wconf 75' lang='grc' dir='ltr'><strong>αὐτὸ</strong></span> <span class='ocrx_word' id='word_1_300' title='bbox 643 2198 832 2268; x_wconf 78' lang='grc' dir='ltr'><strong>ἑτέρου</strong></span> <span class='ocrx_word' id='word_1_301' title='bbox 868 2200 967 2269; x_wconf 82' lang='grc' dir='ltr'><strong>μὲν</strong></span> <span class='ocrx_word' id='word_1_302' title='bbox 992 2200 1197 2263; x_wconf 80' lang='grc' dir='ltr'><strong>εἰκόνα,</strong></span> <span class='ocrx_word' id='word_1_303' title='bbox 1246 2201 1433 2270; x_wconf 75' lang='grc' dir='ltr'><strong>ἑτέρου</strong></span> <span class='ocrx_word' id='word_1_304' title='bbox 1476 2200 1533 2253; x_wconf 84' lang='grc' dir='ltr'><strong>δὲ</strong></span> <span class='ocrx_word' id='word_1_305' title='bbox 1582 2199 1763 2269; x_wconf 87' lang='grc' dir='ltr'><strong>παρά-</strong></span> 
     </span>
    </p>
   </div>
   <div class='ocr_carea' id='block_1_37' title="bbox 179 2286 1763 2363">
    <p class='ocr_par' dir='ltr' id='par_1_37' title="bbox 179 2286 1763 2363">
     <span class='ocr_line' id='line_1_37' title="bbox 179 2286 1763 2363; baseline 0.001 -19"><span class='ocrx_word' id='word_1_306' title='bbox 179 2293 385 2360; x_wconf 84' lang='grc' dir='ltr'><strong>δειγμα</strong></span> <span class='ocrx_word' id='word_1_307' title='bbox 439 2286 617 2358; x_wconf 85' lang='grc' dir='ltr'><strong>είναι;</strong></span> <span class='ocrx_word' id='word_1_308' title='bbox 649 2293 719 2344; x_wconf 83' lang='grc' dir='ltr'><strong>Ἣ</strong></span> <span class='ocrx_word' id='word_1_309' title='bbox 772 2292 875 2346; x_wconf 86' lang='grc' dir='ltr'><strong>οὐκ</strong></span> <span class='ocrx_word' id='word_1_310' title='bbox 905 2292 1221 2363; x_wconf 79' lang='grc' dir='ltr'><strong>ἀνδριάντος</strong></span> <span class='ocrx_word' id='word_1_311' title='bbox 1254 2293 1464 2357; x_wconf 87' lang='grc' dir='ltr'><strong>εἰκόνος</strong></span> <span class='ocrx_word' id='word_1_312' title='bbox 1497 2292 1651 2356; x_wconf 75' lang='grc' dir='ltr'><strong>ὄντος</strong></span> <span class='ocrx_word' id='word_1_313' title='bbox 1690 2294 1763 2346; x_wconf 86' lang='grc' dir='ltr'><strong>εἰ-</strong></span> 
     </span>
    </p>
   </div>
   <div class='ocr_carea' id='block_1_38' title="bbox 181 2382 1763 2456">
    <p class='ocr_par' dir='ltr' id='par_1_38' title="bbox 181 2382 1763 2456">
     <span class='ocr_line' id='line_1_38' title="bbox 181 2382 1763 2456; baseline 0.001 -20"><span class='ocrx_word' id='word_1_314' title='bbox 181 2386 321 2437; x_wconf 90' lang='grc' dir='ltr'><strong>κόνα</strong></span> <span class='ocrx_word' id='word_1_315' title='bbox 373 2382 665 2455; x_wconf 77' lang='grc' dir='ltr'><strong>ζωγράφος</strong></span> <span class='ocrx_word' id='word_1_316' title='bbox 717 2385 971 2456; x_wconf 78' lang='grc' dir='ltr'><strong>γράψειε,</strong></span> <span class='ocrx_word' id='word_1_317' title='bbox 1013 2388 1107 2440; x_wconf 76' lang='grc' dir='ltr'><strong>καὶ</strong></span> <span class='ocrx_word' id='word_1_318' title='bbox 1151 2385 1357 2455; x_wconf 87' lang='grc' dir='ltr'><strong>ταύτης</strong></span> <span class='ocrx_word' id='word_1_319' title='bbox 1386 2383 1467 2439; x_wconf 83' lang='grc' dir='ltr'><strong>έτι</strong></span> <span class='ocrx_word' id='word_1_320' title='bbox 1512 2386 1571 2438; x_wconf 77' lang='grc' dir='ltr'><strong>έν</strong></span> <span class='ocrx_word' id='word_1_321' title='bbox 1609 2385 1763 2438; x_wconf 80' lang='grc' dir='ltr'><strong>ὕδατι</strong></span> 
     </span>
    </p>
   </div>
   <div class='ocr_carea' id='block_1_39' title="bbox 181 2475 1761 2548">
    <p class='ocr_par' dir='ltr' id='par_1_39' title="bbox 181 2475 1761 2548">
     <span class='ocr_line' id='line_1_39' title="bbox 181 2475 1761 2548; baseline 0.002 -22"><span class='ocrx_word' id='word_1_322' title='bbox 181 2475 408 2530; x_wconf 72' lang='grc' dir='ltr'><strong>εἴδωλον</strong></span> <span class='ocrx_word' id='word_1_323' title='bbox 436 2477 503 2531; x_wconf 84' lang='grc' dir='ltr'><strong>άν</strong></span> <span class='ocrx_word' id='word_1_324' title='bbox 534 2494 587 2530; x_wconf 90' lang='grc' dir='ltr'><strong>τι</strong></span> <span class='ocrx_word' id='word_1_325' title='bbox 628 2477 1088 2545; x_wconf 62' lang='grc' dir='ltr'><strong>γένοιτο;,Ἀλλὰ</strong></span> <span class='ocrx_word' id='word_1_326' title='bbox 1116 2477 1276 2532; x_wconf 88' lang='grc' dir='ltr'><strong>τοῦτο</strong></span> <span class='ocrx_word' id='word_1_327' title='bbox 1309 2478 1409 2548; x_wconf 85' lang='grc' dir='ltr'><strong>μὲν</strong></span> <span class='ocrx_word' id='word_1_328' title='bbox 1446 2477 1761 2546; x_wconf 77' lang='grc' dir='ltr'><strong>Ἀριστοτέ-</strong></span> 
     </span>
    </p>
   </div>
   <div class='ocr_carea' id='block_1_40' title="bbox 182 2567 1764 2640">
    <p class='ocr_par' dir='ltr' id='par_1_40' title="bbox 182 2567 1764 2640">
     <span class='ocr_line' id='line_1_40' title="bbox 182 2567 1764 2640; baseline 0.003 -23"><span class='ocrx_word' id='word_1_329' title='bbox 182 2567 313 2628; x_wconf 85' lang='grc' dir='ltr'><strong>λους</strong></span> <span class='ocrx_word' id='word_1_330' title='bbox 332 2570 543 2621; x_wconf 89' lang='grc' dir='ltr'><strong>τοιοῦτο</strong></span> <span class='ocrx_word' id='word_1_331' title='bbox 562 2569 622 2622; x_wconf 79' lang='grc' dir='ltr'><strong>τὸ</strong></span> <span class='ocrx_word' id='word_1_332' title='bbox 645 2569 972 2639; x_wconf 84' lang='grc' dir='ltr'><strong>τερέτισμα.</strong></span> <span class='ocrx_word' id='word_1_333' title='bbox 1016 2570 1131 2637; x_wconf 81' lang='grc' dir='ltr'><strong>Ἐφ’</strong></span> <span class='ocrx_word' id='word_1_334' title='bbox 1152 2571 1340 2640; x_wconf 71' lang='grc' dir='ltr'><strong>ἕτερον</strong></span> <span class='ocrx_word' id='word_1_335' title='bbox 1369 2571 1413 2623; x_wconf 83' lang='grc' dir='ltr'><strong>δ’</strong></span> <span class='ocrx_word' id='word_1_336' title='bbox 1438 2571 1603 2624; x_wconf 84' lang='grc' dir='ltr'><strong>αὐτοῦ</strong></span> <span class='ocrx_word' id='word_1_337' title='bbox 1638 2586 1764 2639; x_wconf 87' lang='grc' dir='ltr'><strong>μετ-</strong></span> 
     </span>
    </p>
   </div>
   <div class='ocr_carea' id='block_1_41' title="bbox 185 2658 1766 2732">
    <p class='ocr_par' dir='ltr' id='par_1_41' title="bbox 185 2658 1766 2732">
     <span class='ocr_line' id='line_1_41' title="bbox 185 2658 1766 2732; baseline 0.003 -22"><span class='ocrx_word' id='word_1_338' title='bbox 185 2658 383 2727; x_wconf 78' lang='grc' dir='ltr'><strong>ίωμεν.</strong></span> <span class='ocrx_word' id='word_1_339' title='bbox 406 2659 528 2711; x_wconf 81' lang='grc' dir='ltr'><strong>Ἔτι</strong></span> <span class='ocrx_word' id='word_1_340' title='bbox 571 2663 721 2731; x_wconf 76' lang='grc' dir='ltr'><strong>φησί,</strong></span> <span class='ocrx_word' id='word_1_341' title='bbox 748 2660 870 2713; x_wconf 86' lang='grc' dir='ltr'><strong>Τῶν</strong></span> <span class='ocrx_word' id='word_1_342' title='bbox 898 2678 957 2714; x_wconf 85' lang='grc' dir='ltr'><strong>τε</strong></span> <span class='ocrx_word' id='word_1_343' title='bbox 998 2661 1152 2715; x_wconf 87' lang='grc' dir='ltr'><strong>εἰδῶν</strong></span> <span class='ocrx_word' id='word_1_344' title='bbox 1175 2660 1344 2716; x_wconf 80' lang='grc' dir='ltr'><strong>όντων</strong></span> <span class='ocrx_word' id='word_1_345' title='bbox 1367 2663 1517 2732; x_wconf 84' lang='grc' dir='ltr'><strong>ὅμως</strong></span> <span class='ocrx_word' id='word_1_346' title='bbox 1542 2662 1602 2715; x_wconf 86' lang='grc' dir='ltr'><strong>ού</strong></span> <span class='ocrx_word' id='word_1_347' title='bbox 1622 2664 1766 2730; x_wconf 69' lang='grc' dir='ltr'><strong>γίνεαι·</strong></span> 
     </span>
    </p>
   </div>
   <div class='ocr_carea' id='block_1_42' title="bbox 180 2747 1760 2823">
    <p class='ocr_par' dir='ltr' id='par_1_42' title="bbox 180 2747 1760 2823">
     <span class='ocr_line' id='line_1_42' title="bbox 180 2747 1760 2823; baseline 0.002 -22"><span class='ocrx_word' id='word_1_348' title='bbox 180 2765 275 2803; x_wconf 90' lang='grc' dir='ltr'><strong>ται</strong></span> <span class='ocrx_word' id='word_1_349' title='bbox 301 2750 372 2803; x_wconf 82' lang='grc' dir='ltr'><strong>τά</strong></span> <span class='ocrx_word' id='word_1_350' title='bbox 398 2751 657 2820; x_wconf 88' lang='grc' dir='ltr'><strong>γινόμενα</strong></span> <span class='ocrx_word' id='word_1_351' title='bbox 675 2751 742 2805; x_wconf 67' lang='grc' dir='ltr'><strong>ἂν</strong></span> <span class='ocrx_word' id='word_1_352' title='bbox 766 2747 893 2823; x_wconf 75' lang='grc' dir='ltr'><strong>μὴῇ</strong></span> <span class='ocrx_word' id='word_1_353' title='bbox 923 2756 983 2805; x_wconf 86' lang='grc' dir='ltr'><strong>τδ</strong></span> <span class='ocrx_word' id='word_1_354' title='bbox 1012 2753 1374 2818; x_wconf 73' lang='grc' dir='ltr'><strong>κινῆσον,’καὶ</strong></span> <span class='ocrx_word' id='word_1_355' title='bbox 1403 2752 1575 2806; x_wconf 80' lang='grc' dir='ltr'><strong>πολλὰ</strong></span> <span class='ocrx_word' id='word_1_356' title='bbox 1605 2752 1760 2821; x_wconf 79' lang='grc' dir='ltr'><strong>γίνε-</strong></span> 
     </span>
    </p>
   </div>
   <div class='ocr_carea' id='block_1_43' title="bbox 179 2836 1765 2913">
    <p class='ocr_par' dir='ltr' id='par_1_43' title="bbox 179 2836 1765 2913">
     <span class='ocr_line' id='line_1_43' title="bbox 179 2836 1765 2913; baseline 0.002 -20"><span class='ocrx_word' id='word_1_357' title='bbox 179 2858 277 2896; x_wconf 89' lang='grc' dir='ltr'><strong>ται</strong></span> <span class='ocrx_word' id='word_1_358' title='bbox 307 2841 491 2912; x_wconf 76' lang='grc' dir='ltr'><strong>ἕτερα,</strong></span> <span class='ocrx_word' id='word_1_359' title='bbox 532 2836 646 2895; x_wconf 70' lang='grc' dir='ltr'><strong>οἷον</strong></span> <span class='ocrx_word' id='word_1_360' title='bbox 704 2842 850 2895; x_wconf 81' lang='grc' dir='ltr'><strong>οἰκία</strong></span> <span class='ocrx_word' id='word_1_361' title='bbox 916 2842 1010 2896; x_wconf 78' lang='grc' dir='ltr'><strong>καὶ</strong></span> <span class='ocrx_word' id='word_1_362' title='bbox 1040 2844 1340 2909; x_wconf 87' lang='grc' dir='ltr'><strong>δακτύλιος,</strong></span> <span class='ocrx_word' id='word_1_363' title='bbox 1379 2837 1454 2899; x_wconf 84' lang='grc' dir='ltr'>ὧν</span> <span class='ocrx_word' id='word_1_364' title='bbox 1506 2844 1567 2897; x_wconf 78' lang='grc' dir='ltr'><strong>οῦ</strong></span> <span class='ocrx_word' id='word_1_365' title='bbox 1602 2860 1765 2913; x_wconf 86' lang='grc' dir='ltr'><strong>φασιν</strong></span> 
     </span>
    </p>
   </div>
   <div class='ocr_carea' id='block_1_44' title="bbox 180 2929 1765 3007">
    <p class='ocr_par' dir='ltr' id='par_1_44' title="bbox 180 2929 1765 3007">
     <span class='ocr_line' id='line_1_44' title="bbox 180 2929 1765 3007; baseline 0.001 -19"><span class='ocrx_word' id='word_1_366' title='bbox 180 2931 326 2988; x_wconf 74' lang='grc' dir='ltr'><strong>εἶναι</strong></span> <span class='ocrx_word' id='word_1_367' title='bbox 357 2934 496 3004; x_wconf 74' lang='grc' dir='ltr'><strong>εἴδη,</strong></span> <span class='ocrx_word' id='word_1_368' title='bbox 529 2935 672 2989; x_wconf 82' lang='grc' dir='ltr'><strong>ὥστε</strong></span> <span class='ocrx_word' id='word_1_369' title='bbox 738 2936 895 3006; x_wconf 82' lang='grc' dir='ltr'><strong>δῆλον</strong></span> <span class='ocrx_word' id='word_1_370' title='bbox 941 2938 1024 2990; x_wconf 83' lang='grc' dir='ltr'><strong>ὅτι</strong></span> <span class='ocrx_word' id='word_1_371' title='bbox 1078 2937 1354 3007; x_wconf 77' lang='grc' dir='ltr'><strong>ἐνδέχεται</strong></span> <span class='ocrx_word' id='word_1_372' title='bbox 1402 2938 1632 2991; x_wconf 79' lang='grc' dir='ltr'><strong>κάκεῖνα</strong></span> <span class='ocrx_word' id='word_1_373' title='bbox 1690 2929 1765 2990; x_wconf 83' lang='grc' dir='ltr'><strong>ὧν</strong></span> 
     </span>
    </p>
   </div>
   <div class='ocr_carea' id='block_1_45' title="bbox 183 3022 1765 3098">
    <p class='ocr_par' dir='ltr' id='par_1_45' title="bbox 183 3022 1765 3098">
     <span class='ocr_line' id='line_1_45' title="bbox 183 3022 1765 3098; baseline 0.003 -20"><span class='ocrx_word' id='word_1_374' title='bbox 183 3044 356 3096; x_wconf 69' lang='grc' dir='ltr'><strong>φασιν</strong></span> <span class='ocrx_word' id='word_1_375' title='bbox 413 3027 556 3087; x_wconf 80' lang='grc' dir='ltr'><strong>ἰδέας</strong></span> <span class='ocrx_word' id='word_1_376' title='bbox 597 3024 767 3095; x_wconf 80' lang='grc' dir='ltr'><strong>εῖναι,</strong></span> <span class='ocrx_word' id='word_1_377' title='bbox 829 3028 925 3082; x_wconf 68' lang='grc' dir='ltr'><strong>καλ⁸</strong></span> <span class='ocrx_word' id='word_1_378' title='bbox 985 3022 1125 3083; x_wconf 79' lang='grc' dir='ltr'><strong>εῖναι</strong></span> <span class='ocrx_word' id='word_1_379' title='bbox 1182 3031 1276 3085; x_wconf 77' lang='grc' dir='ltr'><strong>καὶ</strong></span> <span class='ocrx_word' id='word_1_380' title='bbox 1335 3029 1622 3098; x_wconf 81' lang='grc' dir='ltr'><strong>γίγνεσθαι</strong></span> <span class='ocrx_word' id='word_1_381' title='bbox 1676 3029 1765 3082; x_wconf 67' lang='grc' dir='ltr'><strong>διὰ</strong></span> 
     </span>
    </p>
   </div>
   <div class='ocr_carea' id='block_1_46' title="bbox 178 3117 1763 3191">
    <p class='ocr_par' dir='ltr' id='par_1_46' title="bbox 178 3117 1763 3191">
     <span class='ocr_line' id='line_1_46' title="bbox 178 3117 1763 3191; baseline -0.001 -19"><span class='ocrx_word' id='word_1_382' title='bbox 178 3118 440 3180; x_wconf 69' lang='grc' dir='ltr'><strong>τοιαύτας</strong></span> <span class='ocrx_word' id='word_1_383' title='bbox 493 3117 672 3180; x_wconf 82' lang='grc' dir='ltr'><strong>αἰτίας</strong></span> <span class='ocrx_word' id='word_1_384' title='bbox 726 3119 844 3181; x_wconf 83' lang='grc' dir='ltr'><strong>οῖας</strong></span> <span class='ocrx_word' id='word_1_385' title='bbox 888 3120 982 3173; x_wconf 72' lang='grc' dir='ltr'><strong>καὶ</strong></span> <span class='ocrx_word' id='word_1_386' title='bbox 1033 3120 1103 3173; x_wconf 83' lang='grc' dir='ltr'><strong>τὰ</strong></span> <span class='ocrx_word' id='word_1_387' title='bbox 1167 3118 1405 3191; x_wconf 81' lang='grc' dir='ltr'><strong>ρηθέντα</strong></span> <span class='ocrx_word' id='word_1_388' title='bbox 1478 3121 1595 3184; x_wconf 86' lang='grc' dir='ltr'><strong>νῦν,</strong></span> <span class='ocrx_word' id='word_1_389' title='bbox 1649 3118 1763 3172; x_wconf 81' lang='grc' dir='ltr'><strong>ἀλλ’</strong></span> 
     </span>
    </p>
   </div>
   <div class='ocr_carea' id='block_1_47' title="bbox 178 3210 1837 3312">
    <p class='ocr_par' dir='ltr' id='par_1_47' title="bbox 178 3210 1837 3312">
     <span class='ocr_line' id='line_1_47' title="bbox 178 3210 1837 3312; baseline -0.001 -48"><span class='ocrx_word' id='word_1_390' title='bbox 178 3212 243 3264; x_wconf 88' lang='grc' dir='ltr'><strong>ού</strong></span> <span class='ocrx_word' id='word_1_391' title='bbox 277 3211 365 3263; x_wconf 82' lang='grc' dir='ltr'><strong>διὰ</strong></span> <span class='ocrx_word' id='word_1_392' title='bbox 391 3211 457 3264; x_wconf 80' lang='grc' dir='ltr'><strong>τὰ</strong></span> <span class='ocrx_word' id='word_1_393' title='bbox 480 3210 612 3281; x_wconf 79' lang='grc' dir='ltr'><strong>εἴδη.</strong></span> <span class='ocrx_word' id='word_1_394' title='bbox 650 3211 795 3264; x_wconf 86' lang='grc' dir='ltr'><strong>Ἀλλ’</strong></span> <span class='ocrx_word' id='word_1_395' title='bbox 828 3212 949 3266; x_wconf 79' lang='grc' dir='ltr'><strong>οὐδὲ</strong></span> <span class='ocrx_word' id='word_1_396' title='bbox 979 3212 1149 3266; x_wconf 85' lang='grc' dir='ltr'><strong>ταῦτα</strong></span> <span class='ocrx_word' id='word_1_397' title='bbox 1182 3212 1449 3282; x_wconf 82' lang='grc' dir='ltr'><strong>φήσουσιν</strong></span> <span class='ocrx_word' id='word_1_398' title='bbox 1477 3213 1526 3263; x_wconf 91' lang='grc' dir='ltr'><strong>οἰ</strong></span> <span class='ocrx_word' id='word_1_399' title='bbox 1548 3213 1615 3265; x_wconf 78' lang='grc' dir='ltr'><strong>τὰ</strong></span> <span class='ocrx_word' id='word_1_400' title='bbox 1649 3210 1763 3279; x_wconf 83' lang='grc' dir='ltr'><strong>εῐδη</strong></span> <span class='ocrx_word' id='word_1_401' title='bbox 1794 3256 1837 3312; x_wconf 75' lang='lat' dir='ltr'><strong>C</strong></span> 
     </span>
    </p>
   </div>
   <div class='ocr_carea' id='block_1_48' title="bbox 178 3302 1763 3374">
    <p class='ocr_par' dir='ltr' id='par_1_48' title="bbox 178 3302 1763 3374">
     <span class='ocr_line' id='line_1_48' title="bbox 178 3302 1763 3374; baseline -0.003 -15"><span class='ocrx_word' id='word_1_402' title='bbox 178 3304 469 3372; x_wconf 81' lang='grc' dir='ltr'><strong>τιθέμενοι</strong></span> <span class='ocrx_word' id='word_1_403' title='bbox 507 3304 638 3358; x_wconf 78' lang='grc' dir='ltr'><strong>ἄνευ</strong></span> <span class='ocrx_word' id='word_1_404' title='bbox 670 3305 1134 3374; x_wconf 84' lang='grc' dir='ltr'><strong>παραδειγμάτων</strong></span> <span class='ocrx_word' id='word_1_405' title='bbox 1160 3303 1443 3372; x_wconf 86' lang='grc' dir='ltr'><strong>γίγνεσθαι</strong></span> <span class='ocrx_word' id='word_1_406' title='bbox 1480 3305 1528 3355; x_wconf 84' lang='grc' dir='ltr'><strong>εἰ</strong></span> <span class='ocrx_word' id='word_1_407' title='bbox 1561 3303 1652 3357; x_wconf 82' lang='grc' dir='ltr'><strong>καὶ</strong></span> <span class='ocrx_word' id='word_1_408' title='bbox 1688 3302 1763 3370; x_wconf 88' lang='grc' dir='ltr'><strong>μὴ</strong></span> 
     </span>
    </p>
   </div>
   <div class='ocr_carea' id='block_1_49' title="bbox 179 3394 1767 3466">
    <p class='ocr_par' dir='ltr' id='par_1_49' title="bbox 179 3394 1767 3466">
     <span class='ocr_line' id='line_1_49' title="bbox 179 3394 1767 3466; baseline -0.003 -15"><span class='ocrx_word' id='word_1_409' title='bbox 179 3395 312 3451; x_wconf 87' lang='grc' dir='ltr'><strong>καθ’</strong></span> <span class='ocrx_word' id='word_1_410' title='bbox 352 3397 521 3449; x_wconf 85' lang='grc' dir='ltr'><strong>ἑαυτά</strong></span> <span class='ocrx_word' id='word_1_411' title='bbox 552 3396 956 3466; x_wconf 79' lang='grc' dir='ltr'><strong>ὑφεστηκότων.</strong></span> <span class='ocrx_word' id='word_1_412' title='bbox 983 3397 1230 3464; x_wconf 85' lang='grc' dir='ltr'><strong>Γίγνεται</strong></span> <span class='ocrx_word' id='word_1_413' title='bbox 1261 3397 1369 3465; x_wconf 82' lang='grc' dir='ltr'><strong>γὰρ</strong></span> <span class='ocrx_word' id='word_1_414' title='bbox 1391 3394 1479 3449; x_wconf 79' lang='grc' dir='ltr'><strong>διὰ</strong></span> <span class='ocrx_word' id='word_1_415' title='bbox 1514 3394 1579 3448; x_wconf 74' lang='grc' dir='ltr'><strong>τὰ</strong></span> <span class='ocrx_word' id='word_1_416' title='bbox 1601 3395 1767 3463; x_wconf 76' lang='grc' dir='ltr'><strong>νοητὰ</strong></span> 
     </span>
    </p>
   </div>
   <div class='ocr_carea' id='block_1_50' title="bbox 177 3488 1767 3559">
    <p class='ocr_par' dir='ltr' id='par_1_50' title="bbox 177 3488 1767 3559">
     <span class='ocr_line' id='line_1_50' title="bbox 177 3488 1767 3559; baseline -0.003 -16"><span class='ocrx_word' id='word_1_417' title='bbox 177 3490 251 3543; x_wconf 77' lang='grc' dir='ltr'><strong>τὰ</strong></span> <span class='ocrx_word' id='word_1_418' title='bbox 284 3490 342 3540; x_wconf 72' lang='grc' dir='ltr'><strong>ἐν</strong></span> <span class='ocrx_word' id='word_1_419' title='bbox 368 3488 475 3541; x_wconf 88' lang='grc' dir='ltr'><strong>τῶν</strong></span> <span class='ocrx_word' id='word_1_420' title='bbox 501 3488 850 3558; x_wconf 83' lang='grc' dir='ltr'><strong>δημιουργῶν</strong></span> <span class='ocrx_word' id='word_1_421' title='bbox 899 3491 1020 3552; x_wconf 84' lang='grc' dir='ltr'><strong>ταῖς</strong></span> <span class='ocrx_word' id='word_1_422' title='bbox 1049 3488 1248 3559; x_wconf 81' lang='grc' dir='ltr'><strong>ψυχαῖς</strong></span> <span class='ocrx_word' id='word_1_423' title='bbox 1286 3490 1534 3542; x_wconf 81' lang='grc' dir='ltr'><strong>ἑκάστων</strong></span> <span class='ocrx_word' id='word_1_424' title='bbox 1585 3504 1767 3557; x_wconf 82' lang='grc' dir='ltr'><strong>παρα-</strong></span> 
     </span>
    </p>
   </div>
   <div class='ocr_carea' id='block_1_51' title="bbox 175 3580 1768 3652">
    <p class='ocr_par' dir='ltr' id='par_1_51' title="bbox 175 3580 1768 3652">
     <span class='ocr_line' id='line_1_51' title="bbox 175 3580 1768 3652; baseline -0.004 -16"><span class='ocrx_word' id='word_1_425' title='bbox 175 3582 473 3650; x_wconf 83' lang='grc' dir='ltr'><strong>δείγματα.</strong></span> <span class='ocrx_word' id='word_1_426' title='bbox 509 3583 600 3633; x_wconf 87' lang='grc' dir='ltr'><strong>Δεῖ</strong></span> <span class='ocrx_word' id='word_1_427' title='bbox 636 3582 692 3633; x_wconf 88' lang='grc' dir='ltr'><strong>δέ</strong></span> <span class='ocrx_word' id='word_1_428' title='bbox 722 3597 848 3647; x_wconf 86' lang='grc' dir='ltr'><strong>που,</strong></span> <span class='ocrx_word' id='word_1_429' title='bbox 879 3583 1136 3651; x_wconf 80' lang='grc' dir='ltr'><strong>φήσουσι,</strong></span> <span class='ocrx_word' id='word_1_430' title='bbox 1166 3581 1351 3634; x_wconf 78' lang='grc' dir='ltr'><strong>καὶτὰ</strong></span> <span class='ocrx_word' id='word_1_431' title='bbox 1374 3582 1436 3652; x_wconf 78' lang='grc' dir='ltr'><strong>δή</strong></span> <span class='ocrx_word' id='word_1_432' title='bbox 1462 3598 1565 3634; x_wconf 89' lang='grc' dir='ltr'><strong>που</strong></span> <span class='ocrx_word' id='word_1_433' title='bbox 1586 3580 1768 3647; x_wconf 78' lang='grc' dir='ltr'><strong>γιγνό-</strong></span> 
     </span>
    </p>
   </div>
   <div class='ocr_carea' id='block_1_52' title="bbox 182 3673 1767 3743">
    <p class='ocr_par' dir='ltr' id='par_1_52' title="bbox 182 3673 1767 3743">
     <span class='ocr_line' id='line_1_52' title="bbox 182 3673 1767 3743; baseline -0.001 -17"><span class='ocrx_word' id='word_1_434' title='bbox 182 3691 352 3743; x_wconf 87' lang='grc' dir='ltr'><strong>μενα,</strong></span> <span class='ocrx_word' id='word_1_435' title='bbox 380 3673 441 3725; x_wconf 86' lang='grc' dir='ltr'><strong>ού</strong></span> <span class='ocrx_word' id='word_1_436' title='bbox 470 3674 628 3743; x_wconf 86' lang='grc' dir='ltr'><strong>μόνον</strong></span> <span class='ocrx_word' id='word_1_437' title='bbox 659 3674 717 3725; x_wconf 86' lang='grc' dir='ltr'><strong>ού</strong></span> <span class='ocrx_word' id='word_1_438' title='bbox 745 3673 950 3742; x_wconf 84' lang='grc' dir='ltr'><strong>χείρονι</strong></span> <span class='ocrx_word' id='word_1_439' title='bbox 975 3674 1085 3726; x_wconf 90' lang='grc' dir='ltr'><strong>τῶν</strong></span> <span class='ocrx_word' id='word_1_440' title='bbox 1116 3674 1436 3727; x_wconf 87' lang='grc' dir='ltr'><strong>σκευαστῶν</strong></span> <span class='ocrx_word' id='word_1_441' title='bbox 1466 3673 1639 3743; x_wconf 84' lang='grc' dir='ltr'><strong>τούτῳ</strong></span> <span class='ocrx_word' id='word_1_442' title='bbox 1678 3674 1767 3726; x_wconf 81' lang='grc' dir='ltr'><strong>αἰ-</strong></span> 
     </span>
    </p>
   </div>
   <div class='ocr_carea' id='block_1_53' title="bbox 177 3763 1770 3837">
    <p class='ocr_par' dir='ltr' id='par_1_53' title="bbox 177 3763 1770 3837">
     <span class='ocr_line' id='line_1_53' title="bbox 177 3763 1770 3837; baseline -0.001 -18"><span class='ocrx_word' id='word_1_443' title='bbox 177 3766 277 3837; x_wconf 79' lang='grc' dir='ltr'><strong>τίᾳ</strong></span> <span class='ocrx_word' id='word_1_444' title='bbox 304 3763 564 3836; x_wconf 75' lang='grc' dir='ltr'><strong>χρώμενα</strong></span> <span class='ocrx_word' id='word_1_445' title='bbox 584 3764 892 3835; x_wconf 84' lang='grc' dir='ltr'><strong>γίγνεσθαι,</strong></span> <span class='ocrx_word' id='word_1_446' title='bbox 910 3766 1023 3821; x_wconf 87' lang='grc' dir='ltr'><strong>ἀλλ’</strong></span> <span class='ocrx_word' id='word_1_447' title='bbox 1045 3765 1173 3818; x_wconf 72' lang='grc' dir='ltr'><strong>οὐδὲ</strong></span> <span class='ocrx_word' id='word_1_448' title='bbox 1186 3765 1300 3836; x_wconf 72' lang='grc' dir='ltr'><strong>ἴσῃ,</strong></span> <span class='ocrx_word' id='word_1_449' title='bbox 1332 3763 1446 3817; x_wconf 82' lang='grc' dir='ltr'><strong>ἀλλ’</strong></span> <span class='ocrx_word' id='word_1_450' title='bbox 1470 3765 1564 3818; x_wconf 77' lang='grc' dir='ltr'><strong>ἅτε</strong></span> <span class='ocrx_word' id='word_1_451' title='bbox 1591 3765 1770 3834; x_wconf 79' lang='grc' dir='ltr'><strong>κρεῖτ-</strong></span> 
     </span>
    </p>
   </div>
   <div class='ocr_carea' id='block_1_54' title="bbox 180 3855 1765 3926">
    <p class='ocr_par' dir='ltr' id='par_1_54' title="bbox 180 3855 1765 3926">
     <span class='ocr_line' id='line_1_54' title="bbox 180 3855 1765 3926; baseline -0.001 -16"><span class='ocrx_word' id='word_1_452' title='bbox 180 3876 266 3911; x_wconf 83' lang='grc' dir='ltr'><strong>τω</strong></span> <span class='ocrx_word' id='word_1_453' title='bbox 302 3858 480 3911; x_wconf 76' lang='grc' dir='ltr'><strong>αὐτῶν</strong></span> <span class='ocrx_word' id='word_1_454' title='bbox 510 3859 700 3923; x_wconf 78' lang='grc' dir='ltr'><strong>ὄντων,</strong></span> <span class='ocrx_word' id='word_1_455' title='bbox 737 3857 1003 3926; x_wconf 73' lang='grc' dir='ltr'><strong>κρείττονι</strong></span> <span class='ocrx_word' id='word_1_456' title='bbox 1058 3860 1150 3910; x_wconf 78' lang='grc' dir='ltr'><strong>καὶ</strong></span> <span class='ocrx_word' id='word_1_457' title='bbox 1194 3859 1260 3925; x_wconf 82' lang='grc' dir='ltr'><strong>τῇ</strong></span> <span class='ocrx_word' id='word_1_458' title='bbox 1312 3857 1461 3926; x_wconf 72' lang='grc' dir='ltr'><strong>αἰτία</strong></span> <span class='ocrx_word' id='word_1_459' title='bbox 1506 3855 1765 3925; x_wconf 79' lang='grc' dir='ltr'><strong>χρῆσθαι.</strong></span> 
     </span>
    </p>
   </div>
   <div class='ocr_carea' id='block_1_55' title="bbox 193 3946 1768 4018">
    <p class='ocr_par' dir='ltr' id='par_1_55' title="bbox 193 3946 1768 4018">
     <span class='ocr_line' id='line_1_55' title="bbox 193 3946 1768 4018; baseline -0.002 -16"><span class='ocrx_word' id='word_1_460' title='bbox 193 3948 367 4002; x_wconf 74' lang='grc' dir='ltr'><strong>Ἀλλὰ</strong></span> <span class='ocrx_word' id='word_1_461' title='bbox 395 3948 527 4018; x_wconf 83' lang='grc' dir='ltr'><strong>φαίη</strong></span> <span class='ocrx_word' id='word_1_462' title='bbox 559 3948 624 4001; x_wconf 85' lang='grc' dir='ltr'><strong>ἂν</strong></span> <span class='ocrx_word' id='word_1_463' title='bbox 657 3948 787 4009; x_wconf 75' lang='grc' dir='ltr'><strong>ἴσως</strong></span> <span class='ocrx_word' id='word_1_464' title='bbox 826 3946 1228 4018; x_wconf 76' lang='grc' dir='ltr'><strong>Ἀριστοτέλης,</strong></span> <span class='ocrx_word' id='word_1_465' title='bbox 1261 3950 1318 4000; x_wconf 81' lang='grc' dir='ltr'><strong>ὲν</strong></span> <span class='ocrx_word' id='word_1_466' title='bbox 1367 3947 1448 4018; x_wconf 80' lang='grc' dir='ltr'><strong>τῷ</strong></span> <span class='ocrx_word' id='word_1_467' title='bbox 1490 3946 1641 4016; x_wconf 78' lang='grc' dir='ltr'><strong>ἡλίου</strong></span> <span class='ocrx_word' id='word_1_468' title='bbox 1691 3947 1768 4017; x_wconf 85' lang='grc' dir='ltr'>νῷ</span> 
     </span>
    </p>
   </div>
   <div class='ocr_carea' id='block_1_56' title="bbox 177 4037 1767 4108">
    <p class='ocr_par' dir='ltr' id='par_1_56' title="bbox 177 4037 1767 4108">
     <span class='ocr_line' id='line_1_56' title="bbox 177 4037 1767 4108; baseline -0.001 -15"><span class='ocrx_word' id='word_1_469' title='bbox 177 4039 515 4097; x_wconf 71' lang='grc' dir='ltr'><strong>καὶτούτων</strong></span> <span class='ocrx_word' id='word_1_470' title='bbox 562 4039 981 4108; x_wconf 83' lang='grc' dir='ltr'><strong>παραδείγματα</strong></span> <span class='ocrx_word' id='word_1_471' title='bbox 1035 4037 1359 4108; x_wconf 78' lang='grc' dir='ltr'><strong>ὑφεστάναι,</strong></span> <span class='ocrx_word' id='word_1_472' title='bbox 1413 4038 1510 4091; x_wconf 77' lang='grc' dir='ltr'><strong>καὶ</strong></span> <span class='ocrx_word' id='word_1_473' title='bbox 1547 4037 1645 4091; x_wconf 84' lang='grc' dir='ltr'><strong>οὐκ</strong></span> <span class='ocrx_word' id='word_1_474' title='bbox 1688 4038 1767 4091; x_wconf 87' lang='grc' dir='ltr'><strong>έτι</strong></span> 
     </span>
    </p>
   </div>
   <div class='ocr_carea' id='block_1_57' title="bbox 176 4126 1789 4199">
    <p class='ocr_par' dir='ltr' id='par_1_57' title="bbox 176 4126 1789 4199">
     <span class='ocr_line' id='line_1_57' title="bbox 176 4126 1789 4199; baseline -0.003 -14"><span class='ocrx_word' id='word_1_475' title='bbox 176 4132 297 4185; x_wconf 84' lang='grc' dir='ltr'><strong>δεῖν</strong></span> <span class='ocrx_word' id='word_1_476' title='bbox 330 4129 522 4199; x_wconf 81' lang='grc' dir='ltr'><strong>ἑτέρου</strong></span> <span class='ocrx_word' id='word_1_477' title='bbox 554 4128 999 4197; x_wconf 82' lang='grc' dir='ltr'><strong>παραδείγματος</strong></span> <span class='ocrx_word' id='word_1_478' title='bbox 1026 4126 1151 4181; x_wconf 81' lang='grc' dir='ltr'><strong>καθ’</strong></span> <span class='ocrx_word' id='word_1_479' title='bbox 1184 4127 1345 4181; x_wconf 77' lang='grc' dir='ltr'><strong>ἑαυτὸ</strong></span> <span class='ocrx_word' id='word_1_480' title='bbox 1402 4128 1789 4195; x_wconf 79' lang='grc' dir='ltr'><strong>ὑφεστηκότος</strong></span> 
     </span>
    </p>
   </div>
   <div class='ocr_carea' id='block_1_58' title="bbox 176 4219 1766 4290">
    <p class='ocr_par' dir='ltr' id='par_1_58' title="bbox 176 4219 1766 4290">
     <span class='ocr_line' id='line_1_58' title="bbox 176 4219 1766 4290; baseline -0.003 -13"><span class='ocrx_word' id='word_1_481' title='bbox 176 4222 402 4277; x_wconf 78' lang='grc' dir='ltr'><strong>οὐδένα.</strong></span> <span class='ocrx_word' id='word_1_482' title='bbox 434 4222 605 4289; x_wconf 83' lang='grc' dir='ltr'><strong>Δῆλον</strong></span> <span class='ocrx_word' id='word_1_483' title='bbox 628 4220 740 4290; x_wconf 76' lang='grc' dir='ltr'><strong>γὰρ</strong></span> <span class='ocrx_word' id='word_1_484' title='bbox 768 4220 843 4283; x_wconf 85' lang='grc' dir='ltr'><strong>ὡς</strong></span> <span class='ocrx_word' id='word_1_485' title='bbox 864 4220 953 4273; x_wconf 81' lang='grc' dir='ltr'><strong>τὸν</strong></span> <span class='ocrx_word' id='word_1_486' title='bbox 983 4220 1135 4290; x_wconf 83' lang='grc' dir='ltr'><strong>ἥλιον</strong></span> <span class='ocrx_word' id='word_1_487' title='bbox 1154 4219 1263 4273; x_wconf 89' lang='grc' dir='ltr'><strong>τῶν</strong></span> <span class='ocrx_word' id='word_1_488' title='bbox 1297 4220 1639 4289; x_wconf 80' lang='grc' dir='ltr'><strong>γιγνομένων</strong></span> <span class='ocrx_word' id='word_1_489' title='bbox 1666 4221 1766 4288; x_wconf 80' lang='grc' dir='ltr'><strong>τῆς</strong></span> 
     </span>
    </p>
   </div>
   <div class='ocr_carea' id='block_1_59' title="bbox 177 4307 1768 4382">
    <p class='ocr_par' dir='ltr' id='par_1_59' title="bbox 177 4307 1768 4382">
     <span class='ocr_line' id='line_1_59' title="bbox 177 4307 1768 4382; baseline -0.001 -16"><span class='ocrx_word' id='word_1_490' title='bbox 177 4314 462 4382; x_wconf 82' lang='grc' dir='ltr'><strong>γενέσεως</strong></span> <span class='ocrx_word' id='word_1_491' title='bbox 521 4312 906 4381; x_wconf 78' lang='grc' dir='ltr'><strong>Ἀριστοτέλης</strong></span> <span class='ocrx_word' id='word_1_492' title='bbox 957 4312 1133 4364; x_wconf 82' lang='grc' dir='ltr'><strong>αἰτιον</strong></span> <span class='ocrx_word' id='word_1_493' title='bbox 1183 4309 1413 4365; x_wconf 88' lang='grc' dir='ltr'><strong>τίθεται.</strong></span> <span class='ocrx_word' id='word_1_494' title='bbox 1471 4311 1618 4381; x_wconf 75' lang='grc' dir='ltr'><strong>Πρὸς</strong></span> <span class='ocrx_word' id='word_1_495' title='bbox 1674 4307 1768 4364; x_wconf 82' lang='grc' dir='ltr'><strong>οῦν</strong></span> 
     </span>
    </p>
   </div>
   <div class='ocr_carea' id='block_1_60' title="bbox 175 4401 1767 4473">
    <p class='ocr_par' dir='ltr' id='par_1_60' title="bbox 175 4401 1767 4473">
     <span class='ocr_line' id='line_1_60' title="bbox 175 4401 1767 4473; baseline -0.002 -15"><span class='ocrx_word' id='word_1_496' title='bbox 175 4405 360 4459; x_wconf 87' lang='grc' dir='ltr'><strong>ταῦτὰ</strong></span> <span class='ocrx_word' id='word_1_497' title='bbox 388 4422 490 4457; x_wconf 87' lang='grc' dir='ltr'><strong>που</strong></span> <span class='ocrx_word' id='word_1_498' title='bbox 512 4406 559 4456; x_wconf 89' lang='grc' dir='ltr'><strong>οἰ</strong></span> <span class='ocrx_word' id='word_1_499' title='bbox 586 4405 653 4456; x_wconf 80' lang='grc' dir='ltr'><strong>τὰ</strong></span> <span class='ocrx_word' id='word_1_500' title='bbox 673 4402 790 4470; x_wconf 85' lang='grc' dir='ltr'><strong>εῐδη</strong></span> <span class='ocrx_word' id='word_1_501' title='bbox 821 4402 1097 4473; x_wconf 83' lang='grc' dir='ltr'><strong>τιθέμενοι</strong></span> <span class='ocrx_word' id='word_1_502' title='bbox 1131 4402 1372 4472; x_wconf 78' lang='grc' dir='ltr'><strong>ἐροῦσιν,</strong></span> <span class='ocrx_word' id='word_1_503' title='bbox 1414 4401 1560 4455; x_wconf 80' lang='grc' dir='ltr'><strong>Ἀλλ’</strong></span> <span class='ocrx_word' id='word_1_504' title='bbox 1583 4403 1631 4454; x_wconf 86' lang='grc' dir='ltr'><strong>εἰ</strong></span> <span class='ocrx_word' id='word_1_505' title='bbox 1665 4403 1767 4471; x_wconf 82' lang='grc' dir='ltr'><strong>μὲν</strong></span> 
     </span>
    </p>
   </div>
   <div class='ocr_carea' id='block_1_61' title="bbox 179 4490 1769 4569">
    <p class='ocr_par' dir='ltr' id='par_1_61' title="bbox 179 4490 1769 4569">
     <span class='ocr_line' id='line_1_61' title="bbox 179 4490 1769 4569; baseline -0.004 -16"><span class='ocrx_word' id='word_1_506' title='bbox 179 4499 479 4569; x_wconf 67' lang='grc' dir='ltr'><strong>ἑωρῶμεν,</strong></span> <span class='ocrx_word' id='word_1_507' title='bbox 528 4490 574 4550; x_wconf 79' lang='grc' dir='ltr'>ὦ</span> <span class='ocrx_word' id='word_1_508' title='bbox 615 4495 1006 4564; x_wconf 83' lang='grc' dir='ltr'><strong>Ἀριστότελες,</strong></span> <span class='ocrx_word' id='word_1_509' title='bbox 1035 4494 1297 4559; x_wconf 83' lang='grc' dir='ltr'><strong>ὡσαύτως</strong></span> <span class='ocrx_word' id='word_1_510' title='bbox 1350 4494 1419 4548; x_wconf 86' lang='grc' dir='ltr'><strong>τά</strong></span> <span class='ocrx_word' id='word_1_511' title='bbox 1450 4511 1510 4548; x_wconf 84' lang='grc' dir='ltr'><strong>τε</strong></span> <span class='ocrx_word' id='word_1_512' title='bbox 1571 4512 1769 4548; x_wconf 77' lang='grc' dir='ltr'><strong>σκευα-</strong></span> 
     </span>
    </p>
   </div>
   <div class='ocr_carea' id='block_1_62' title="bbox 1866 2025 3435 2103">
    <p class='ocr_par' dir='ltr' id='par_1_62' title="bbox 1866 2025 3435 2103">
     <span class='ocr_line' id='line_1_62' title="bbox 1866 2025 3435 2103; baseline -0.004 -17"><span class='ocrx_word' id='word_1_513' title='bbox 1866 2031 2011 2097; x_wconf 89' lang='lat' dir='ltr'><strong>talia,</strong></span> <span class='ocrx_word' id='word_1_514' title='bbox 2029 2047 2149 2103; x_wconf 59' lang='lat' dir='ltr'><strong>qua:</strong></span> <span class='ocrx_word' id='word_1_515' title='bbox 2164 2048 2227 2088; x_wconf 76' lang='lat' dir='ltr'><strong>ex</strong></span> <span class='ocrx_word' id='word_1_516' title='bbox 2247 2031 2560 2099; x_wconf 81' lang='lat' dir='ltr'><strong>huiusmodi</strong></span> <span class='ocrx_word' id='word_1_517' title='bbox 2574 2031 2756 2085; x_wconf 86' lang='lat' dir='ltr'><strong>causis</strong></span> <span class='ocrx_word' id='word_1_518' title='bbox 2776 2029 3078 2099; x_wconf 88' lang='lat' dir='ltr'><strong>procedunt</strong></span> <span class='ocrx_word' id='word_1_519' title='bbox 3094 2027 3160 2082; x_wconf 90' lang='lat' dir='ltr'><strong>ab</strong></span> <span class='ocrx_word' id='word_1_520' title='bbox 3180 2028 3272 2082; x_wconf 88' lang='lat' dir='ltr'><strong>illo</strong></span> <span class='ocrx_word' id='word_1_521' title='bbox 3291 2025 3435 2096; x_wconf 86' lang='lat' dir='ltr'><strong>quod</strong></span> 
     </span>
    </p>
   </div>
   <div class='ocr_carea' id='block_1_63' title="bbox 1863 2120 3437 2191">
    <p class='ocr_par' dir='ltr' id='par_1_63' title="bbox 1863 2120 3437 2191">
     <span class='ocr_line' id='line_1_63' title="bbox 1863 2120 3437 2191; baseline -0.003 -14"><span class='ocrx_word' id='word_1_522' title='bbox 1863 2122 1934 2177; x_wconf 84' lang='lat' dir='ltr'><strong>sit</strong></span> <span class='ocrx_word' id='word_1_523' title='bbox 1973 2137 2067 2191; x_wconf 91' lang='lat' dir='ltr'><strong>per</strong></span> <span class='ocrx_word' id='word_1_524' title='bbox 2088 2137 2167 2185; x_wconf 91' lang='lat' dir='ltr'><strong>se,</strong></span> <span class='ocrx_word' id='word_1_525' title='bbox 2187 2122 2412 2177; x_wconf 91' lang='lat' dir='ltr'><strong>omnino</strong></span> <span class='ocrx_word' id='word_1_526' title='bbox 2431 2122 2758 2188; x_wconf 84' lang='lat' dir='ltr'><strong>discrepant.</strong></span> <span class='ocrx_word' id='word_1_527' title='bbox 2781 2121 3023 2175; x_wconf 83' lang='lat' dir='ltr'><strong>necitem</strong></span> <span class='ocrx_word' id='word_1_528' title='bbox 3043 2120 3087 2173; x_wconf 88' lang='lat' dir='ltr'><strong>si</strong></span> <span class='ocrx_word' id='word_1_529' title='bbox 3103 2133 3209 2187; x_wconf 90' lang='lat' dir='ltr'><strong>qua</strong></span> <span class='ocrx_word' id='word_1_530' title='bbox 3230 2133 3324 2188; x_wconf 91' lang='lat' dir='ltr'><strong>per</strong></span> <span class='ocrx_word' id='word_1_531' title='bbox 3345 2132 3437 2172; x_wconf 87' lang='lat' dir='ltr'><strong>ac-</strong></span> 
     </span>
    </p>
   </div>
   <div class='ocr_carea' id='block_1_64' title="bbox 1865 2209 3435 2281">
    <p class='ocr_par' dir='ltr' id='par_1_64' title="bbox 1865 2209 3435 2281">
     <span class='ocr_line' id='line_1_64' title="bbox 1865 2209 3435 2281; baseline -0.007 -10"><span class='ocrx_word' id='word_1_532' title='bbox 1865 2215 2052 2271; x_wconf 84' lang='lat' dir='ltr'><strong>cidens</strong></span> <span class='ocrx_word' id='word_1_533' title='bbox 2066 2215 2344 2277; x_wconf 89' lang='lat' dir='ltr'><strong>eveniunt,</strong></span> <span class='ocrx_word' id='word_1_534' title='bbox 2363 2228 2485 2266; x_wconf 88' lang='lat' dir='ltr'><strong>cum</strong></span> <span class='ocrx_word' id='word_1_535' title='bbox 2501 2212 2565 2266; x_wconf 86' lang='lat' dir='ltr'><strong>iis</strong></span> <span class='ocrx_word' id='word_1_536' title='bbox 2581 2228 2702 2281; x_wconf 70' lang='lat' dir='ltr'><strong>qua!</strong></span> <span class='ocrx_word' id='word_1_537' title='bbox 2719 2227 2813 2281; x_wconf 89' lang='lat' dir='ltr'><strong>per</strong></span> <span class='ocrx_word' id='word_1_538' title='bbox 2829 2227 2887 2265; x_wconf 88' lang='lat' dir='ltr'><strong>se</strong></span> <span class='ocrx_word' id='word_1_539' title='bbox 2903 2211 3058 2275; x_wconf 81' lang='lat' dir='ltr'><strong>ﬁunt,</strong></span> <span class='ocrx_word' id='word_1_540' title='bbox 3076 2209 3292 2279; x_wconf 89' lang='lat' dir='ltr'><strong>penitus</strong></span> <span class='ocrx_word' id='word_1_541' title='bbox 3312 2209 3435 2261; x_wconf 82' lang='lat' dir='ltr'><strong>nul-</strong></span> 
     </span>
    </p>
   </div>
   <div class='ocr_carea' id='block_1_65' title="bbox 1865 2300 3435 2369">
    <p class='ocr_par' dir='ltr' id='par_1_65' title="bbox 1865 2300 3435 2369">
     <span class='ocr_line' id='line_1_65' title="bbox 1865 2300 3435 2369; baseline -0.006 -9"><span class='ocrx_word' id='word_1_542' title='bbox 1865 2306 1972 2360; x_wconf 90' lang='lat' dir='ltr'><strong>lam</strong></span> <span class='ocrx_word' id='word_1_543' title='bbox 1997 2308 2194 2361; x_wconf 86' lang='lat' dir='ltr'><strong>habent</strong></span> <span class='ocrx_word' id='word_1_544' title='bbox 2224 2306 2694 2368; x_wconf 88' lang='lat' dir='ltr'><strong>communitatem,</strong></span> <span class='ocrx_word' id='word_1_545' title='bbox 2740 2304 2831 2359; x_wconf 89' lang='lat' dir='ltr'><strong>sed</strong></span> <span class='ocrx_word' id='word_1_546' title='bbox 2862 2302 2951 2356; x_wconf 84' lang='lat' dir='ltr'><strong>illa</strong></span> <span class='ocrx_word' id='word_1_547' title='bbox 2978 2303 3064 2355; x_wconf 92' lang='lat' dir='ltr'><strong>his</strong></span> <span class='ocrx_word' id='word_1_548' title='bbox 3091 2300 3221 2369; x_wconf 91' lang='lat' dir='ltr'><strong>ipsis</strong></span> <span class='ocrx_word' id='word_1_549' title='bbox 3255 2300 3435 2354; x_wconf 75' lang='lat' dir='ltr'><strong>conti-</strong></span> 
     </span>
    </p>
   </div>
   <div class='ocr_carea' id='block_1_66' title="bbox 1866 2393 3434 2466">
    <p class='ocr_par' dir='ltr' id='par_1_66' title="bbox 1866 2393 3434 2466">
     <span class='ocr_line' id='line_1_66' title="bbox 1866 2393 3434 2466; baseline -0.004 -13"><span class='ocrx_word' id='word_1_550' title='bbox 1866 2406 2266 2466; x_wconf 85' lang='lat' dir='ltr'><strong>nentur,atque</strong></span> <span class='ocrx_word' id='word_1_551' title='bbox 2291 2396 2527 2451; x_wconf 86' lang='lat' dir='ltr'><strong>invicem</strong></span> <span class='ocrx_word' id='word_1_552' title='bbox 2550 2396 2783 2464; x_wconf 87' lang='lat' dir='ltr'><strong>quadam</strong></span> <span class='ocrx_word' id='word_1_553' title='bbox 2814 2393 3075 2448; x_wconf 71' lang='lat' dir='ltr'><strong>afﬁnitate</strong></span> <span class='ocrx_word' id='word_1_554' title='bbox 3102 2393 3434 2462; x_wconf 77' lang='lat' dir='ltr'><strong>junguntur.</strong></span> 
     </span>
    </p>
   </div>
   <div class='ocr_carea' id='block_1_67' title="bbox 1865 2481 3435 2555">
    <p class='ocr_par' dir='ltr' id='par_1_67' title="bbox 1865 2481 3435 2555">
     <span class='ocr_line' id='line_1_67' title="bbox 1865 2481 3435 2555; baseline -0.003 -15"><span class='ocrx_word' id='word_1_555' title='bbox 1865 2485 2068 2551; x_wconf 88' lang='lat' dir='ltr'><strong>Quodsi</strong></span> <span class='ocrx_word' id='word_1_556' title='bbox 2094 2484 2238 2540; x_wconf 89' lang='lat' dir='ltr'><strong>enim</strong></span> <span class='ocrx_word' id='word_1_557' title='bbox 2260 2485 2387 2538; x_wconf 93' lang='lat' dir='ltr'><strong>dum</strong></span> <span class='ocrx_word' id='word_1_558' title='bbox 2411 2485 2518 2539; x_wconf 91' lang='lat' dir='ltr'><strong>ludi</strong></span> <span class='ocrx_word' id='word_1_559' title='bbox 2538 2483 2801 2555; x_wconf 83' lang='lat' dir='ltr'><strong>Olympici</strong></span> <span class='ocrx_word' id='word_1_560' title='bbox 2818 2484 3104 2545; x_wconf 85' lang='lat' dir='ltr'><strong>instarent,</strong></span> <span class='ocrx_word' id='word_1_561' title='bbox 3123 2483 3203 2537; x_wconf 90' lang='lat' dir='ltr'><strong>sol</strong></span> <span class='ocrx_word' id='word_1_562' title='bbox 3222 2481 3435 2536; x_wconf 82' lang='lat' dir='ltr'><strong>defece-</strong></span> 
     </span>
    </p>
   </div>
   <div class='ocr_carea' id='block_1_68' title="bbox 1866 2574 3436 2648">
    <p class='ocr_par' dir='ltr' id='par_1_68' title="bbox 1866 2574 3436 2648">
     <span class='ocr_line' id='line_1_68' title="bbox 1866 2574 3436 2648; baseline -0.002 -16"><span class='ocrx_word' id='word_1_563' title='bbox 1866 2580 1956 2641; x_wconf 87' lang='lat' dir='ltr'><strong>rit,</strong></span> <span class='ocrx_word' id='word_1_564' title='bbox 1977 2593 2081 2633; x_wconf 90' lang='lat' dir='ltr'><strong>non</strong></span> <span class='ocrx_word' id='word_1_565' title='bbox 2106 2590 2391 2648; x_wconf 80' lang='lat' dir='ltr'><strong>propterea</strong></span> <span class='ocrx_word' id='word_1_566' title='bbox 2417 2577 2558 2647; x_wconf 86' lang='lat' dir='ltr'><strong>quod</strong></span> <span class='ocrx_word' id='word_1_567' title='bbox 2577 2578 2651 2631; x_wconf 91' lang='lat' dir='ltr'><strong>illi</strong></span> <span class='ocrx_word' id='word_1_568' title='bbox 2677 2578 2966 2636; x_wconf 90' lang='lat' dir='ltr'><strong>instarent.</strong></span> <span class='ocrx_word' id='word_1_569' title='bbox 2988 2574 3311 2643; x_wconf 82' lang='lat' dir='ltr'><strong>soldefecit,</strong></span> <span class='ocrx_word' id='word_1_570' title='bbox 3337 2588 3436 2629; x_wconf 87' lang='lat' dir='ltr'><strong>nec</strong></span> 
     </span>
    </p>
   </div>
   <div class='ocr_carea' id='block_1_69' title="bbox 1866 2665 3438 2740">
    <p class='ocr_par' dir='ltr' id='par_1_69' title="bbox 1866 2665 3438 2740">
     <span class='ocr_line' id='line_1_69' title="bbox 1866 2665 3438 2740; baseline -0.004 -13"><span class='ocrx_word' id='word_1_571' title='bbox 1866 2673 1994 2727; x_wconf 88' lang='lat' dir='ltr'><strong>item</strong></span> <span class='ocrx_word' id='word_1_572' title='bbox 2017 2673 2158 2740; x_wconf 85' lang='lat' dir='ltr'><strong>quod</strong></span> <span class='ocrx_word' id='word_1_573' title='bbox 2182 2670 2261 2724; x_wconf 90' lang='lat' dir='ltr'><strong>sol</strong></span> <span class='ocrx_word' id='word_1_574' title='bbox 2282 2666 2559 2732; x_wconf 83' lang='lat' dir='ltr'><strong>defecerit,</strong></span> <span class='ocrx_word' id='word_1_575' title='bbox 2584 2665 2953 2737; x_wconf 88' lang='lat' dir='ltr'><strong>Olympiorum</strong></span> <span class='ocrx_word' id='word_1_576' title='bbox 2972 2676 3184 2736; x_wconf 89' lang='lat' dir='ltr'><strong>tempus</strong></span> <span class='ocrx_word' id='word_1_577' title='bbox 3200 2666 3438 2720; x_wconf 86' lang='lat' dir='ltr'><strong>instabat</strong></span> 
     </span>
    </p>
   </div>
   <div class='ocr_carea' id='block_1_70' title="bbox 1868 2754 3438 2828">
    <p class='ocr_par' dir='ltr' id='par_1_70' title="bbox 1868 2754 3438 2828">
     <span class='ocr_line' id='line_1_70' title="bbox 1868 2754 3438 2828; baseline -0.001 -15"><span class='ocrx_word' id='word_1_578' title='bbox 1868 2769 1928 2813; x_wconf 91' lang='lat' dir='ltr'><strong>ut</strong></span> <span class='ocrx_word' id='word_1_579' title='bbox 1957 2760 2056 2814; x_wconf 88' lang='lat' dir='ltr'><strong>hac</strong></span> <span class='ocrx_word' id='word_1_580' title='bbox 2077 2759 2294 2828; x_wconf 83' lang='lat' dir='ltr'><strong>quidem</strong></span> <span class='ocrx_word' id='word_1_581' title='bbox 2312 2759 2519 2811; x_wconf 83' lang='lat' dir='ltr'><strong>ratione</strong></span> <span class='ocrx_word' id='word_1_582' title='bbox 2540 2757 2620 2811; x_wconf 92' lang='lat' dir='ltr'><strong>sol</strong></span> <span class='ocrx_word' id='word_1_583' title='bbox 2640 2770 2746 2810; x_wconf 91' lang='lat' dir='ltr'><strong>non</strong></span> <span class='ocrx_word' id='word_1_584' title='bbox 2766 2770 2861 2825; x_wconf 90' lang='lat' dir='ltr'><strong>per</strong></span> <span class='ocrx_word' id='word_1_585' title='bbox 2878 2772 2936 2810; x_wconf 90' lang='lat' dir='ltr'><strong>se</strong></span> <span class='ocrx_word' id='word_1_586' title='bbox 2951 2771 3014 2809; x_wconf 91' lang='lat' dir='ltr'><strong>eo</strong></span> <span class='ocrx_word' id='word_1_587' title='bbox 3038 2756 3154 2823; x_wconf 90' lang='lat' dir='ltr'><strong>ipso</strong></span> <span class='ocrx_word' id='word_1_588' title='bbox 3176 2754 3438 2811; x_wconf 82' lang='lat' dir='ltr'><strong>defecerit</strong></span> 
     </span>
    </p>
   </div>
   <div class='ocr_carea' id='block_1_71' title="bbox 1870 2845 3438 2919">
    <p class='ocr_par' dir='ltr' id='par_1_71' title="bbox 1870 2845 3438 2919">
     <span class='ocr_line' id='line_1_71' title="bbox 1870 2845 3438 2919; baseline -0.001 -16"><span class='ocrx_word' id='word_1_589' title='bbox 1870 2858 2131 2919; x_wconf 90' lang='lat' dir='ltr'><strong>tempore,</strong></span> <span class='ocrx_word' id='word_1_590' title='bbox 2160 2862 2271 2919; x_wconf 92' lang='lat' dir='ltr'><strong>quo</strong></span> <span class='ocrx_word' id='word_1_591' title='bbox 2312 2847 2567 2903; x_wconf 90' lang='lat' dir='ltr'><strong>adessent</strong></span> <span class='ocrx_word' id='word_1_592' title='bbox 2607 2846 2875 2917; x_wconf 85' lang='lat' dir='ltr'><strong>Olympia.</strong></span> <span class='ocrx_word' id='word_1_593' title='bbox 2909 2845 3014 2901; x_wconf 84' lang='lat' dir='ltr'><strong>Sed</strong></span> <span class='ocrx_word' id='word_1_594' title='bbox 3041 2853 3222 2900; x_wconf 90' lang='lat' dir='ltr'><strong>tamen</strong></span> <span class='ocrx_word' id='word_1_595' title='bbox 3256 2861 3438 2901; x_wconf 61' lang='lat' dir='ltr'><strong>causa!</strong></span> 
     </span>
    </p>
   </div>
   <div class='ocr_carea' id='block_1_72' title="bbox 1867 2937 3435 3009">
    <p class='ocr_par' dir='ltr' id='par_1_72' title="bbox 1867 2937 3435 3009">
     <span class='ocr_line' id='line_1_72' title="bbox 1867 2937 3435 3009; baseline -0.001 -15"><span class='ocrx_word' id='word_1_596' title='bbox 1867 2940 1971 2995; x_wconf 69' lang='lat' dir='ltr'><strong>illa:</strong></span> <span class='ocrx_word' id='word_1_597' title='bbox 2004 2949 2226 3009; x_wconf 89' lang='lat' dir='ltr'><strong>propter</strong></span> <span class='ocrx_word' id='word_1_598' title='bbox 2252 2955 2390 3009; x_wconf 89' lang='lat' dir='ltr'><strong>quas</strong></span> <span class='ocrx_word' id='word_1_599' title='bbox 2431 2940 2512 2995; x_wconf 91' lang='lat' dir='ltr'><strong>sol</strong></span> <span class='ocrx_word' id='word_1_600' title='bbox 2534 2939 2715 2994; x_wconf 79' lang='lat' dir='ltr'><strong>deﬁcit</strong></span> <span class='ocrx_word' id='word_1_601' title='bbox 2737 2953 2833 3009; x_wconf 86' lang='lat' dir='ltr'><strong>per</strong></span> <span class='ocrx_word' id='word_1_602' title='bbox 2872 2953 2931 2993; x_wconf 90' lang='lat' dir='ltr'><strong>se</strong></span> <span class='ocrx_word' id='word_1_603' title='bbox 2949 2937 3217 2994; x_wconf 83' lang='lat' dir='ltr'><strong>defectum</strong></span> <span class='ocrx_word' id='word_1_604' title='bbox 3240 2938 3435 2994; x_wconf 79' lang='lat' dir='ltr'><strong>eii‘ece-</strong></span> 
     </span>
    </p>
   </div>
   <div class='ocr_carea' id='block_1_73' title="bbox 1866 3028 3439 3099">
    <p class='ocr_par' dir='ltr' id='par_1_73' title="bbox 1866 3028 3439 3099">
     <span class='ocr_line' id='line_1_73' title="bbox 1866 3028 3439 3099; baseline -0.001 -14"><span class='ocrx_word' id='word_1_605' title='bbox 1866 3039 2016 3095; x_wconf 88' lang='lat' dir='ltr'><strong>runt,</strong></span> <span class='ocrx_word' id='word_1_606' title='bbox 2031 3030 2180 3086; x_wconf 82' lang='lat' dir='ltr'><strong>etlex</strong></span> <span class='ocrx_word' id='word_1_607' title='bbox 2201 3031 2314 3085; x_wconf 83' lang='lat' dir='ltr'><strong>sive</strong></span> <span class='ocrx_word' id='word_1_608' title='bbox 2329 3030 2638 3085; x_wconf 87' lang='lat' dir='ltr'><strong>institutum</strong></span> <span class='ocrx_word' id='word_1_609' title='bbox 2661 3037 2813 3083; x_wconf 89' lang='lat' dir='ltr'><strong>vetus</strong></span> <span class='ocrx_word' id='word_1_610' title='bbox 2829 3030 2895 3083; x_wconf 93' lang='lat' dir='ltr'><strong>de</strong></span> <span class='ocrx_word' id='word_1_611' title='bbox 2912 3030 3250 3084; x_wconf 77' lang='lat' dir='ltr'><strong>celebrandis</strong></span> <span class='ocrx_word' id='word_1_612' title='bbox 3261 3028 3439 3099; x_wconf 85' lang='lat' dir='ltr'><strong>Olym-</strong></span> 
     </span>
    </p>
   </div>
   <div class='ocr_carea' id='block_1_74' title="bbox 1868 3120 3437 3191">
    <p class='ocr_par' dir='ltr' id='par_1_74' title="bbox 1868 3120 3437 3191">
     <span class='ocr_line' id='line_1_74' title="bbox 1868 3120 3437 3191; baseline 0 -17"><span class='ocrx_word' id='word_1_613' title='bbox 1868 3123 1972 3191; x_wconf 90' lang='lat' dir='ltr'><strong>piis</strong></span> <span class='ocrx_word' id='word_1_614' title='bbox 1997 3138 2090 3190; x_wconf 86' lang='lat' dir='ltr'><strong>per</strong></span> <span class='ocrx_word' id='word_1_615' title='bbox 2112 3138 2168 3177; x_wconf 90' lang='lat' dir='ltr'><strong>se</strong></span> <span class='ocrx_word' id='word_1_616' title='bbox 2187 3122 2320 3177; x_wconf 88' lang='lat' dir='ltr'><strong>tales</strong></span> <span class='ocrx_word' id='word_1_617' title='bbox 2343 3122 2502 3176; x_wconf 90' lang='lat' dir='ltr'><strong>ludos</strong></span> <span class='ocrx_word' id='word_1_618' title='bbox 2521 3121 2807 3175; x_wconf 89' lang='lat' dir='ltr'><strong>ordinavit.</strong></span> <span class='ocrx_word' id='word_1_619' title='bbox 2833 3120 2987 3186; x_wconf 85' lang='lat' dir='ltr'><strong>Quod</strong></span> <span class='ocrx_word' id='word_1_620' title='bbox 3020 3131 3199 3175; x_wconf 89' lang='lat' dir='ltr'><strong>autem</strong></span> <span class='ocrx_word' id='word_1_621' title='bbox 3217 3134 3437 3174; x_wconf 88' lang='lat' dir='ltr'><strong>unon-</strong></span> 
     </span>
    </p>
   </div>
   <div class='ocr_carea' id='block_1_75' title="bbox 1869 3210 3435 3285">
    <p class='ocr_par' dir='ltr' id='par_1_75' title="bbox 1869 3210 3435 3285">
     <span class='ocr_line' id='line_1_75' title="bbox 1869 3210 3435 3285; baseline -0.001 -18"><span class='ocrx_word' id='word_1_622' title='bbox 1869 3215 2097 3282; x_wconf 88' lang='lat' dir='ltr'><strong>demque</strong></span> <span class='ocrx_word' id='word_1_623' title='bbox 2115 3223 2356 3283; x_wconf 87' lang='lat' dir='ltr'><strong>tempore</strong></span> <span class='ocrx_word' id='word_1_624' title='bbox 2368 3223 2422 3269; x_wconf 90' lang='lat' dir='ltr'><strong>et</strong></span> <span class='ocrx_word' id='word_1_625' title='bbox 2439 3213 2701 3285; x_wconf 89' lang='lat' dir='ltr'><strong>Olympici</strong></span> <span class='ocrx_word' id='word_1_626' title='bbox 2720 3214 2827 3267; x_wconf 93' lang='lat' dir='ltr'><strong>ludi</strong></span> <span class='ocrx_word' id='word_1_627' title='bbox 2846 3210 3155 3267; x_wconf 80' lang='lat' dir='ltr'><strong>etdefectus</strong></span> <span class='ocrx_word' id='word_1_628' title='bbox 3170 3213 3300 3266; x_wconf 89' lang='lat' dir='ltr'><strong>solis</strong></span> <span class='ocrx_word' id='word_1_629' title='bbox 3315 3227 3435 3266; x_wconf 88' lang='lat' dir='ltr'><strong>eon-</strong></span> 
     </span>
    </p>
   </div>
   <div class='ocr_carea' id='block_1_76' title="bbox 1868 3305 3439 3374">
    <p class='ocr_par' dir='ltr' id='par_1_76' title="bbox 1868 3305 3439 3374">
     <span class='ocr_line' id='line_1_76' title="bbox 1868 3305 3439 3374; baseline -0.001 -16"><span class='ocrx_word' id='word_1_630' title='bbox 1868 3305 2107 3374; x_wconf 78' lang='lat' dir='ltr'><strong>tigerint,</strong></span> <span class='ocrx_word' id='word_1_631' title='bbox 2135 3306 2250 3372; x_wconf 68' lang='lat' dir='ltr'><strong>eius</strong></span> <span class='ocrx_word' id='word_1_632' title='bbox 2277 3306 2350 3361; x_wconf 79' lang='lat' dir='ltr'><strong>rei</strong></span> <span class='ocrx_word' id='word_1_633' title='bbox 2372 3320 2533 3360; x_wconf 89' lang='lat' dir='ltr'><strong>causa</strong></span> <span class='ocrx_word' id='word_1_634' title='bbox 2576 3305 2785 3361; x_wconf 85' lang='lat' dir='ltr'><strong>exstitit</strong></span> <span class='ocrx_word' id='word_1_635' title='bbox 2812 3305 3093 3374; x_wconf 65' lang='lat' dir='ltr'><strong>aequalitas</strong></span> <span class='ocrx_word' id='word_1_636' title='bbox 3145 3305 3259 3360; x_wconf 83' lang='lat' dir='ltr'><strong>sive</strong></span> <span class='ocrx_word' id='word_1_637' title='bbox 3292 3319 3439 3358; x_wconf 85' lang='lat' dir='ltr'><strong>com-</strong></span> 
     </span>
    </p>
   </div>
   <div class='ocr_carea' id='block_1_77' title="bbox 1868 3396 3435 3478">
    <p class='ocr_par' dir='ltr' id='par_1_77' title="bbox 1868 3396 3435 3478">
     <span class='ocr_line' id='line_1_77' title="bbox 1868 3396 3435 3478; baseline -0.003 -27"><span class='ocrx_word' id='word_1_638' title='bbox 1868 3400 2074 3453; x_wconf 91' lang='lat' dir='ltr'><strong>mensio</strong></span> <span class='ocrx_word' id='word_1_639' title='bbox 2118 3398 2353 3453; x_wconf 89' lang='lat' dir='ltr'><strong>ambitus</strong></span> <span class='ocrx_word' id='word_1_640' title='bbox 2380 3398 2694 3478; x_wconf 78' lang='lat' dir='ltr'><strong>reditusque</strong></span> <span class='ocrx_word' id='word_1_641' title='bbox 2760 3397 3044 3450; x_wconf 86' lang='lat' dir='ltr'><strong>amborum</strong></span> <span class='ocrx_word' id='word_1_642' title='bbox 3087 3396 3227 3449; x_wconf 88' lang='lat' dir='ltr'><strong>inter</strong></span> <span class='ocrx_word' id='word_1_643' title='bbox 3274 3409 3349 3459; x_wconf 78' lang='lat' dir='ltr'><strong>se,</strong></span> <span class='ocrx_word' id='word_1_644' title='bbox 3378 3399 3435 3448; x_wconf 87' lang='lat' dir='ltr'><strong>et</strong></span> 
     </span>
    </p>
   </div>
   <div class='ocr_carea' id='block_1_78' title="bbox 1867 3485 3432 3560">
    <p class='ocr_par' dir='ltr' id='par_1_78' title="bbox 1867 3485 3432 3560">
     <span class='ocr_line' id='line_1_78' title="bbox 1867 3485 3432 3560; baseline -0.004 -15"><span class='ocrx_word' id='word_1_645' title='bbox 1867 3492 2029 3560; x_wconf 87' lang='lat' dir='ltr'><strong>hujus</strong></span> <span class='ocrx_word' id='word_1_646' title='bbox 2049 3506 2236 3546; x_wconf 89' lang='lat' dir='ltr'><strong>rursus</strong></span> <span class='ocrx_word' id='word_1_647' title='bbox 2253 3490 2576 3560; x_wconf 85' lang='lat' dir='ltr'><strong>aequalitalis</strong></span> <span class='ocrx_word' id='word_1_648' title='bbox 2593 3488 2695 3543; x_wconf 88' lang='lat' dir='ltr'><strong>alia</strong></span> <span class='ocrx_word' id='word_1_649' title='bbox 2715 3488 2815 3542; x_wconf 82' lang='lat' dir='ltr'><strong>fuit</strong></span> <span class='ocrx_word' id='word_1_650' title='bbox 2835 3488 3138 3552; x_wconf 80' lang='lat' dir='ltr'><strong>causa,sive</strong></span> <span class='ocrx_word' id='word_1_651' title='bbox 3154 3485 3432 3554; x_wconf 63' lang='lat' dir='ltr'><strong>aliamtu-</strong></span> 
     </span>
    </p>
   </div>
   <div class='ocr_carea' id='block_1_79' title="bbox 1866 3579 3434 3651">
    <p class='ocr_par' dir='ltr' id='par_1_79' title="bbox 1866 3579 3434 3651">
     <span class='ocr_line' id='line_1_79' title="bbox 1866 3579 3434 3651; baseline -0.005 -11"><span class='ocrx_word' id='word_1_652' title='bbox 1866 3599 1988 3640; x_wconf 88' lang='lat' dir='ltr'><strong>rum</strong></span> <span class='ocrx_word' id='word_1_653' title='bbox 2023 3597 2359 3651; x_wconf 75' lang='lat' dir='ltr'><strong>unaqureque</strong></span> <span class='ocrx_word' id='word_1_654' title='bbox 2399 3597 2493 3650; x_wconf 90' lang='lat' dir='ltr'><strong>per</strong></span> <span class='ocrx_word' id='word_1_655' title='bbox 2519 3597 2577 3636; x_wconf 86' lang='lat' dir='ltr'><strong>se</strong></span> <span class='ocrx_word' id='word_1_656' title='bbox 2611 3581 2675 3637; x_wconf 81' lang='lat' dir='ltr'><strong>id</strong></span> <span class='ocrx_word' id='word_1_657' title='bbox 2700 3580 2843 3650; x_wconf 87' lang='lat' dir='ltr'><strong>quod</strong></span> <span class='ocrx_word' id='word_1_658' title='bbox 2883 3580 2947 3635; x_wconf 86' lang='lat' dir='ltr'><strong>ad</strong></span> <span class='ocrx_word' id='word_1_659' title='bbox 2994 3596 3053 3636; x_wconf 86' lang='lat' dir='ltr'><strong>se</strong></span> <span class='ocrx_word' id='word_1_660' title='bbox 3078 3580 3272 3635; x_wconf 83' lang='lat' dir='ltr'><strong>attinet</strong></span> <span class='ocrx_word' id='word_1_661' title='bbox 3307 3579 3434 3635; x_wconf 64' lang='lat' dir='ltr'><strong>etre-</strong></span> 
     </span>
    </p>
   </div>
   <div class='ocr_carea' id='block_1_80' title="bbox 1867 3671 3433 3742">
    <p class='ocr_par' dir='ltr' id='par_1_80' title="bbox 1867 3671 3433 3742">
     <span class='ocr_line' id='line_1_80' title="bbox 1867 3671 3433 3742; baseline -0.004 -12"><span class='ocrx_word' id='word_1_662' title='bbox 1867 3677 2026 3731; x_wconf 87' lang='lat' dir='ltr'><strong>cerit.</strong></span> <span class='ocrx_word' id='word_1_663' title='bbox 2064 3674 2413 3742; x_wconf 85' lang='lat' dir='ltr'><strong>Hincitaqne</strong></span> <span class='ocrx_word' id='word_1_664' title='bbox 2442 3679 2685 3741; x_wconf 85' lang='lat' dir='ltr'><strong>apparet,</strong></span> <span class='ocrx_word' id='word_1_665' title='bbox 2722 3686 2756 3725; x_wconf 88' lang='grc' dir='ltr'><strong>ο</strong></span> <span class='ocrx_word' id='word_1_666' title='bbox 2824 3671 3165 3736; x_wconf 83' lang='lat' dir='ltr'><strong>Aristoteles,</strong></span> <span class='ocrx_word' id='word_1_667' title='bbox 3204 3680 3255 3723; x_wconf 87' lang='lat' dir='ltr'><strong>te</strong></span> <span class='ocrx_word' id='word_1_668' title='bbox 3314 3671 3433 3724; x_wconf 81' lang='lat' dir='ltr'><strong>vio-</strong></span> 
     </span>
    </p>
   </div>
   <div class='ocr_carea' id='block_1_81' title="bbox 1867 3759 3438 3821">
    <p class='ocr_par' dir='ltr' id='par_1_81' title="bbox 1867 3759 3438 3821">
     <span class='ocr_line' id='line_1_81' title="bbox 1867 3759 3438 3821; baseline -0.004 -2"><span class='ocrx_word' id='word_1_669' title='bbox 1867 3766 2067 3819; x_wconf 85' lang='lat' dir='ltr'><strong>lentam</strong></span> <span class='ocrx_word' id='word_1_670' title='bbox 2099 3762 2277 3818; x_wconf 85' lang='lat' dir='ltr'><strong>l&#39;acere</strong></span> <span class='ocrx_word' id='word_1_671' title='bbox 2314 3762 2717 3817; x_wconf 87' lang='lat' dir='ltr'><strong>conclusionem</strong></span> <span class='ocrx_word' id='word_1_672' title='bbox 2752 3761 2882 3815; x_wconf 90' lang='lat' dir='ltr'><strong>dum</strong></span> <span class='ocrx_word' id='word_1_673' title='bbox 2959 3759 3218 3821; x_wconf 81' lang='lat' dir='ltr'><strong>aﬂirmas,</strong></span> <span class='ocrx_word' id='word_1_674' title='bbox 3252 3759 3438 3813; x_wconf 82' lang='lat' dir='ltr'><strong>omnia</strong></span> 
     </span>
    </p>
   </div>
   <div class='ocr_carea' id='block_1_82' title="bbox 1868 3850 3439 3924">
    <p class='ocr_par' dir='ltr' id='par_1_82' title="bbox 1868 3850 3439 3924">
     <span class='ocr_line' id='line_1_82' title="bbox 1868 3850 3439 3924; baseline -0.005 -13"><span class='ocrx_word' id='word_1_675' title='bbox 1868 3866 1964 3911; x_wconf 89' lang='lat' dir='ltr'><strong>aut</strong></span> <span class='ocrx_word' id='word_1_676' title='bbox 2016 3856 2288 3911; x_wconf 89' lang='lat' dir='ltr'><strong>essentias</strong></span> <span class='ocrx_word' id='word_1_677' title='bbox 2324 3853 2528 3918; x_wconf 82' lang='lat' dir='ltr'><strong>facere,</strong></span> <span class='ocrx_word' id='word_1_678' title='bbox 2576 3863 2667 3908; x_wconf 92' lang='lat' dir='ltr'><strong>aut</strong></span> <span class='ocrx_word' id='word_1_679' title='bbox 2720 3867 2816 3924; x_wconf 89' lang='lat' dir='ltr'><strong>per</strong></span> <span class='ocrx_word' id='word_1_680' title='bbox 2874 3852 3129 3907; x_wconf 87' lang='lat' dir='ltr'><strong>accidens</strong></span> <span class='ocrx_word' id='word_1_681' title='bbox 3181 3850 3439 3904; x_wconf 87' lang='lat' dir='ltr'><strong>essentiis</strong></span> 
     </span>
    </p>
   </div>
   <div class='ocr_carea' id='block_1_83' title="bbox 1868 3942 3439 4014">
    <p class='ocr_par' dir='ltr' id='par_1_83' title="bbox 1868 3942 3439 4014">
     <span class='ocr_line' id='line_1_83' title="bbox 1868 3942 3439 4014; baseline -0.004 -11"><span class='ocrx_word' id='word_1_682' title='bbox 1868 3948 2146 4008; x_wconf 88' lang='lat' dir='ltr'><strong>attributa,</strong></span> <span class='ocrx_word' id='word_1_683' title='bbox 2200 3953 2253 4000; x_wconf 89' lang='lat' dir='ltr'><strong>et</strong></span> <span class='ocrx_word' id='word_1_684' title='bbox 2299 3946 2386 3999; x_wconf 90' lang='lat' dir='ltr'><strong>illa</strong></span> <span class='ocrx_word' id='word_1_685' title='bbox 2421 3959 2631 4006; x_wconf 86' lang='lat' dir='ltr'><strong>rursus,</strong></span> <span class='ocrx_word' id='word_1_686' title='bbox 2684 3959 2804 4014; x_wconf 68' lang='lat' dir='ltr'><strong>qua:</strong></span> <span class='ocrx_word' id='word_1_687' title='bbox 2857 3952 2986 3998; x_wconf 87' lang='lat' dir='ltr'><strong>sunt</strong></span> <span class='ocrx_word' id='word_1_688' title='bbox 3051 3946 3148 4012; x_wconf 75' lang='lat' dir='ltr'><strong>per</strong></span> <span class='ocrx_word' id='word_1_689' title='bbox 3182 3942 3439 3996; x_wconf 87' lang='lat' dir='ltr'><strong>accidens</strong></span> 
     </span>
    </p>
   </div>
   <div class='ocr_carea' id='block_1_84' title="bbox 1868 4031 3438 4108">
    <p class='ocr_par' dir='ltr' id='par_1_84' title="bbox 1868 4031 3438 4108">
     <span class='ocr_line' id='line_1_84' title="bbox 1868 4031 3438 4108; baseline -0.005 -13"><span class='ocrx_word' id='word_1_690' title='bbox 1868 4042 1936 4095; x_wconf 90' lang='lat' dir='ltr'><strong>ab</strong></span> <span class='ocrx_word' id='word_1_691' title='bbox 1964 4041 2029 4094; x_wconf 87' lang='lat' dir='ltr'><strong>iis</strong></span> <span class='ocrx_word' id='word_1_692' title='bbox 2056 4055 2176 4108; x_wconf 58' lang='lat' dir='ltr'><strong>quae</strong></span> <span class='ocrx_word' id='word_1_693' title='bbox 2212 4046 2339 4092; x_wconf 89' lang='lat' dir='ltr'><strong>sunt</strong></span> <span class='ocrx_word' id='word_1_694' title='bbox 2369 4051 2462 4105; x_wconf 89' lang='lat' dir='ltr'><strong>per</strong></span> <span class='ocrx_word' id='word_1_695' title='bbox 2507 4051 2585 4099; x_wconf 90' lang='lat' dir='ltr'><strong>se,</strong></span> <span class='ocrx_word' id='word_1_696' title='bbox 2604 4036 2822 4105; x_wconf 88' lang='lat' dir='ltr'><strong>penitus</strong></span> <span class='ocrx_word' id='word_1_697' title='bbox 2860 4033 3159 4102; x_wconf 90' lang='lat' dir='ltr'><strong>abrumpis.</strong></span> <span class='ocrx_word' id='word_1_698' title='bbox 3206 4031 3438 4087; x_wconf 83' lang='lat' dir='ltr'><strong>Praeter-</strong></span> 
     </span>
    </p>
   </div>
   <div class='ocr_carea' id='block_1_85' title="bbox 1868 4123 3438 4201">
    <p class='ocr_par' dir='ltr' id='par_1_85' title="bbox 1868 4123 3438 4201">
     <span class='ocr_line' id='line_1_85' title="bbox 1868 4123 3438 4201; baseline -0.007 -12"><span class='ocrx_word' id='word_1_699' title='bbox 1868 4148 1931 4189; x_wconf 80' lang='lat' dir='ltr'><strong>ea</strong></span> <span class='ocrx_word' id='word_1_700' title='bbox 1985 4131 2186 4201; x_wconf 85' lang='lat' dir='ltr'><strong>inquis,</strong></span> <span class='ocrx_word' id='word_1_701' title='bbox 2222 4128 2279 4183; x_wconf 87' lang='lat' dir='ltr'><strong>Si</strong></span> <span class='ocrx_word' id='word_1_702' title='bbox 2336 4129 2523 4183; x_wconf 88' lang='lat' dir='ltr'><strong>eadem</strong></span> <span class='ocrx_word' id='word_1_703' title='bbox 2591 4127 2662 4182; x_wconf 90' lang='lat' dir='ltr'><strong>sit</strong></span> <span class='ocrx_word' id='word_1_704' title='bbox 2724 4125 2930 4195; x_wconf 88' lang='lat' dir='ltr'><strong>species</strong></span> <span class='ocrx_word' id='word_1_705' title='bbox 2988 4133 3042 4179; x_wconf 90' lang='lat' dir='ltr'><strong>et</strong></span> <span class='ocrx_word' id='word_1_706' title='bbox 3092 4123 3334 4179; x_wconf 88' lang='lat' dir='ltr'><strong>idearum</strong></span> <span class='ocrx_word' id='word_1_707' title='bbox 3384 4133 3438 4178; x_wconf 91' lang='lat' dir='ltr'><strong>et</strong></span> 
     </span>
    </p>
   </div>
   <div class='ocr_carea' id='block_1_86' title="bbox 1870 4217 3437 4292">
    <p class='ocr_par' dir='ltr' id='par_1_86' title="bbox 1870 4217 3437 4292">
     <span class='ocr_line' id='line_1_86' title="bbox 1870 4217 3437 4292; baseline -0.007 -10"><span class='ocrx_word' id='word_1_708' title='bbox 1870 4241 2075 4290; x_wconf 90' lang='lat' dir='ltr'><strong>rerum,</strong></span> <span class='ocrx_word' id='word_1_709' title='bbox 2127 4222 2328 4292; x_wconf 87' lang='lat' dir='ltr'><strong>quibus</strong></span> <span class='ocrx_word' id='word_1_710' title='bbox 2378 4220 2482 4274; x_wconf 79' lang='lat' dir='ltr'><strong>illa:</strong></span> <span class='ocrx_word' id='word_1_711' title='bbox 2542 4227 2671 4275; x_wconf 91' lang='lat' dir='ltr'><strong>sunt</strong></span> <span class='ocrx_word' id='word_1_712' title='bbox 2729 4217 3087 4288; x_wconf 71' lang='lat' dir='ltr'><strong>participatze,</strong></span> <span class='ocrx_word' id='word_1_713' title='bbox 3149 4217 3254 4271; x_wconf 88' lang='lat' dir='ltr'><strong>erit</strong></span> <span class='ocrx_word' id='word_1_714' title='bbox 3306 4230 3437 4271; x_wconf 87' lang='lat' dir='ltr'><strong>sane</strong></span> 
     </span>
    </p>
   </div>
   <div class='ocr_carea' id='block_1_87' title="bbox 1874 4309 3436 4390">
    <p class='ocr_par' dir='ltr' id='par_1_87' title="bbox 1874 4309 3436 4390">
     <span class='ocr_line' id='line_1_87' title="bbox 1874 4309 3436 4390; baseline -0.007 -17"><span class='ocrx_word' id='word_1_715' title='bbox 1874 4319 2141 4390; x_wconf 64' lang='lat' dir='ltr'><strong>quaepiam</strong></span> <span class='ocrx_word' id='word_1_716' title='bbox 2202 4315 2343 4369; x_wconf 88' lang='lat' dir='ltr'><strong>inter</strong></span> <span class='ocrx_word' id='word_1_717' title='bbox 2373 4314 2489 4382; x_wconf 89' lang='lat' dir='ltr'><strong>ipsa</strong></span> <span class='ocrx_word' id='word_1_718' title='bbox 2517 4309 2908 4366; x_wconf 88' lang='lat' dir='ltr'><strong>communitas.</strong></span> <span class='ocrx_word' id='word_1_719' title='bbox 2960 4310 3054 4363; x_wconf 87' lang='lat' dir='ltr'><strong>Sin</strong></span> <span class='ocrx_word' id='word_1_720' title='bbox 3092 4319 3276 4363; x_wconf 89' lang='lat' dir='ltr'><strong>autem</strong></span> <span class='ocrx_word' id='word_1_721' title='bbox 3328 4323 3436 4362; x_wconf 89' lang='lat' dir='ltr'><strong>non</strong></span> 
     </span>
    </p>
   </div>
   <div class='ocr_carea' id='block_1_88' title="bbox 1868 4400 3438 4475">
    <p class='ocr_par' dir='ltr' id='par_1_88' title="bbox 1868 4400 3438 4475">
     <span class='ocr_line' id='line_1_88' title="bbox 1868 4400 3438 4475; baseline -0.005 -11"><span class='ocrx_word' id='word_1_722' title='bbox 1868 4410 2056 4464; x_wconf 81' lang='lat' dir='ltr'><strong>cadent</strong></span> <span class='ocrx_word' id='word_1_723' title='bbox 2120 4406 2192 4461; x_wconf 90' lang='lat' dir='ltr'><strong>sit</strong></span> <span class='ocrx_word' id='word_1_724' title='bbox 2259 4405 2492 4475; x_wconf 85' lang='lat' dir='ltr'><strong>species,</strong></span> <span class='ocrx_word' id='word_1_725' title='bbox 2525 4410 2690 4457; x_wconf 87' lang='lat' dir='ltr'><strong>erunt</strong></span> <span class='ocrx_word' id='word_1_726' title='bbox 2753 4410 2900 4457; x_wconf 88' lang='lat' dir='ltr'><strong>certe</strong></span> <span class='ocrx_word' id='word_1_727' title='bbox 2962 4400 3265 4471; x_wconf 43' lang='lat' dir='ltr'><strong>aequivoca,</strong></span> <span class='ocrx_word' id='word_1_728' title='bbox 3339 4415 3438 4456; x_wconf 91' lang='lat' dir='ltr'><strong>nec</strong></span> 
     </span>
    </p>
   </div>
   <div class='ocr_carea' id='block_1_89' title="bbox 1867 4492 3434 4574">
    <p class='ocr_par' dir='ltr' id='par_1_89' title="bbox 1867 4492 3434 4574">
     <span class='ocr_line' id='line_1_89' title="bbox 1867 4492 3434 4574; baseline -0.004 -21"><span class='ocrx_word' id='word_1_729' title='bbox 1867 4503 1980 4574; x_wconf 81' lang='lat' dir='ltr'><strong>jam</strong></span> <span class='ocrx_word' id='word_1_730' title='bbox 2038 4498 2281 4567; x_wconf 88' lang='lat' dir='ltr'><strong>aliquam</strong></span> <span class='ocrx_word' id='word_1_731' title='bbox 2337 4495 2480 4549; x_wconf 89' lang='lat' dir='ltr'><strong>inter</strong></span> <span class='ocrx_word' id='word_1_732' title='bbox 2536 4510 2594 4549; x_wconf 86' lang='lat' dir='ltr'><strong>se</strong></span> <span class='ocrx_word' id='word_1_733' title='bbox 2622 4493 2902 4549; x_wconf 88' lang='lat' dir='ltr'><strong>habebunt</strong></span> <span class='ocrx_word' id='word_1_734' title='bbox 2956 4492 3434 4547; x_wconf 87' lang='lat' dir='ltr'><strong>communitatem.</strong></span> 
     </span>
    </p>
   </div>
   <div class='ocr_carea' id='block_1_90' title="bbox 180 4585 1764 4661">
    <p class='ocr_par' dir='ltr' id='par_1_90' title="bbox 180 4585 1764 4656">
     <span class='ocr_line' id='line_1_90' title="bbox 180 4585 1764 4656; baseline -0.004 -12"><span class='ocrx_word' id='word_1_735' title='bbox 180 4591 295 4644; x_wconf 74' lang='grc' dir='ltr'><strong>στὰ</strong></span> <span class='ocrx_word' id='word_1_736' title='bbox 315 4589 491 4643; x_wconf 82' lang='grc' dir='ltr'><strong>ταῦτα</strong></span> <span class='ocrx_word' id='word_1_737' title='bbox 525 4589 629 4641; x_wconf 77' lang='grc' dir='ltr'><strong>ύπδ</strong></span> <span class='ocrx_word' id='word_1_738' title='bbox 655 4586 766 4639; x_wconf 90' lang='grc' dir='ltr'><strong>τῶν</strong></span> <span class='ocrx_word' id='word_1_739' title='bbox 796 4586 1074 4656; x_wconf 82' lang='grc' dir='ltr'><strong>σφετέρων</strong></span> <span class='ocrx_word' id='word_1_740' title='bbox 1105 4585 1454 4656; x_wconf 88' lang='grc' dir='ltr'><strong>δημιουργῶν</strong></span> <span class='ocrx_word' id='word_1_741' title='bbox 1505 4586 1764 4656; x_wconf 84' lang='grc' dir='ltr'><strong>δημιουρ-</strong></span> 
     </span>
    </p>
   </div>
   <div class='ocr_carea' id='block_1_91' title="bbox 1867 4585 3441 4661">
    <p class='ocr_par' dir='ltr' id='par_1_91' title="bbox 1871 4585 3441 4661">
     <span class='ocr_line' id='line_1_91' title="bbox 1871 4585 3441 4661; baseline -0.009 -10"><span class='ocrx_word' id='word_1_742' title='bbox 1871 4594 1977 4651; x_wconf 86' lang='lat' dir='ltr'><strong>Sed</strong></span> <span class='ocrx_word' id='word_1_743' title='bbox 2060 4589 2471 4661; x_wconf 89' lang='lat' dir='ltr'><strong>respondebunt</strong></span> <span class='ocrx_word' id='word_1_744' title='bbox 2541 4586 2803 4643; x_wconf 71' lang='lat' dir='ltr'><strong>Platonici</strong></span> <span class='ocrx_word' id='word_1_745' title='bbox 2890 4602 3065 4656; x_wconf 89' lang='lat' dir='ltr'><strong>neque</strong></span> <span class='ocrx_word' id='word_1_746' title='bbox 3157 4585 3441 4653; x_wconf 83' lang='lat' dir='ltr'><strong>exemplar</strong></span> 
     </span>
    </p>
   </div>
   <div class='ocr_carea' id='block_1_92' title="bbox 177 4676 1759 4753">
    <p class='ocr_par' dir='ltr' id='par_1_92' title="bbox 177 4676 1759 4753">
     <span class='ocr_line' id='line_1_92' title="bbox 177 4676 1759 4753; baseline -0.006 -15"><span class='ocrx_word' id='word_1_747' title='bbox 177 4683 433 4753; x_wconf 86' lang='grc' dir='ltr'><strong>γούμενα</strong></span> <span class='ocrx_word' id='word_1_748' title='bbox 464 4680 560 4734; x_wconf 78' lang='grc' dir='ltr'><strong>καὶ</strong></span> <span class='ocrx_word' id='word_1_749' title='bbox 599 4679 667 4733; x_wconf 73' lang='grc' dir='ltr'><strong>τά</strong></span> <span class='ocrx_word' id='word_1_750' title='bbox 723 4676 884 4746; x_wconf 78' lang='grc' dir='ltr'><strong>φύσει</strong></span> <span class='ocrx_word' id='word_1_751' title='bbox 936 4687 1234 4745; x_wconf 80' lang='grc' dir='ltr'><strong>γιγνόμενα</strong></span> <span class='ocrx_word' id='word_1_752' title='bbox 1290 4677 1401 4729; x_wconf 82' lang='grc' dir='ltr'><strong>ύπὸ</strong></span> <span class='ocrx_word' id='word_1_753' title='bbox 1442 4676 1537 4730; x_wconf 92' lang='grc' dir='ltr'><strong>τοῦ</strong></span> <span class='ocrx_word' id='word_1_754' title='bbox 1584 4677 1759 4747; x_wconf 67' lang='grc' dir='ltr'><strong>⁴ἡλίου,</strong></span> 
     </span>
    </p>
   </div>
   <div class='ocr_carea' id='block_1_93' title="bbox 181 4763 1763 4840">
    <p class='ocr_par' dir='ltr' id='par_1_93' title="bbox 181 4763 1763 4840">
     <span class='ocr_line' id='line_1_93' title="bbox 181 4763 1763 4840; baseline -0.006 -16"><span class='ocrx_word' id='word_1_755' title='bbox 181 4770 609 4840; x_wconf 77' lang='grc' dir='ltr'><strong>συνεχωροῦμεν</strong></span> <span class='ocrx_word' id='word_1_756' title='bbox 641 4767 708 4821; x_wconf 77' lang='grc' dir='ltr'><strong>ἄν</strong></span> <span class='ocrx_word' id='word_1_757' title='bbox 746 4782 838 4819; x_wconf 89' lang='grc' dir='ltr'><strong>σου</strong></span> <span class='ocrx_word' id='word_1_758' title='bbox 863 4764 941 4833; x_wconf 86' lang='grc' dir='ltr'><strong>τῷ</strong></span> <span class='ocrx_word' id='word_1_759' title='bbox 1004 4764 1171 4835; x_wconf 84' lang='grc' dir='ltr'><strong>λόγῳ.</strong></span> <span class='ocrx_word' id='word_1_760' title='bbox 1228 4764 1367 4816; x_wconf 83' lang='grc' dir='ltr'><strong>Νυνί</strong></span> <span class='ocrx_word' id='word_1_761' title='bbox 1428 4764 1486 4816; x_wconf 78' lang='grc' dir='ltr'><strong>δὲ</strong></span> <span class='ocrx_word' id='word_1_762' title='bbox 1543 4763 1763 4834; x_wconf 82' lang='grc' dir='ltr'><strong>ὁρῶμεν</strong></span> 
     </span>
    </p>
   </div>
   <div class='ocr_carea' id='block_1_94' title="bbox 176 4855 1763 4931">
    <p class='ocr_par' dir='ltr' id='par_1_94' title="bbox 176 4855 1763 4931">
     <span class='ocr_line' id='line_1_94' title="bbox 176 4855 1763 4931; baseline -0.006 -12"><span class='ocrx_word' id='word_1_763' title='bbox 176 4866 258 4919; x_wconf 79' lang='grc' dir='ltr'><strong>τὰ</strong></span> <span class='ocrx_word' id='word_1_764' title='bbox 289 4862 391 4931; x_wconf 79' lang='grc' dir='ltr'><strong>μὲν</strong></span> <span class='ocrx_word' id='word_1_765' title='bbox 433 4858 713 4914; x_wconf 78' lang='grc' dir='ltr'><strong>σκευαστὰ</strong></span> <span class='ocrx_word' id='word_1_766' title='bbox 739 4858 933 4923; x_wconf 86' lang='grc' dir='ltr'><strong>ταῦτα,</strong></span> <span class='ocrx_word' id='word_1_767' title='bbox 962 4856 1067 4918; x_wconf 69' lang='grc' dir='ltr'><strong>ἕως</strong></span> <span class='ocrx_word' id='word_1_768' title='bbox 1101 4856 1203 4925; x_wconf 74' lang='grc' dir='ltr'><strong>μὲν</strong></span> <span class='ocrx_word' id='word_1_769' title='bbox 1236 4855 1306 4910; x_wconf 81' lang='grc' dir='ltr'><strong>ἂν</strong></span> <span class='ocrx_word' id='word_1_770' title='bbox 1358 4855 1464 4910; x_wconf 80' lang='grc' dir='ltr'><strong>ὑπὸ</strong></span> <span class='ocrx_word' id='word_1_771' title='bbox 1512 4856 1619 4910; x_wconf 90' lang='grc' dir='ltr'><strong>τῶν</strong></span> <span class='ocrx_word' id='word_1_772' title='bbox 1666 4856 1763 4926; x_wconf 88' lang='grc' dir='ltr'><strong>δη-</strong></span> 
     </span>
    </p>
   </div>
   <div class='ocr_carea' id='block_1_95' title="bbox 181 4949 1764 5024">
    <p class='ocr_par' dir='ltr' id='par_1_95' title="bbox 181 4949 1764 5024">
     <span class='ocr_line' id='line_1_95' title="bbox 181 4949 1764 5024; baseline -0.004 -16"><span class='ocrx_word' id='word_1_773' title='bbox 181 4952 475 5024; x_wconf 87' lang='grc' dir='ltr'><strong>μιουργῶν</strong></span> <span class='ocrx_word' id='word_1_774' title='bbox 499 4952 917 5023; x_wconf 83' lang='grc' dir='ltr'><strong>δημιουργεῖται</strong></span> <span class='ocrx_word' id='word_1_775' title='bbox 947 4950 1241 5019; x_wconf 83' lang='grc' dir='ltr'><strong>παρόντων</strong></span> <span class='ocrx_word' id='word_1_776' title='bbox 1293 4952 1386 5003; x_wconf 80' lang='grc' dir='ltr'><strong>καὶ</strong></span> <span class='ocrx_word' id='word_1_777' title='bbox 1440 4949 1764 5019; x_wconf 84' lang='grc' dir='ltr'><strong>ἁπτομένων</strong></span> 
     </span>
    </p>
   </div>
   <div class='ocr_carea' id='block_1_96' title="bbox 179 5041 1763 5117">
    <p class='ocr_par' dir='ltr' id='par_1_96' title="bbox 179 5041 1763 5117">
     <span class='ocr_line' id='line_1_96' title="bbox 179 5041 1763 5117; baseline -0.003 -16"><span class='ocrx_word' id='word_1_778' title='bbox 179 5047 302 5101; x_wconf 89' lang='grc' dir='ltr'><strong>τῶν</strong></span> <span class='ocrx_word' id='word_1_779' title='bbox 323 5046 498 5117; x_wconf 78' lang='grc' dir='ltr'><strong>ἔργων</strong></span> <span class='ocrx_word' id='word_1_780' title='bbox 520 5046 613 5097; x_wconf 80' lang='grc' dir='ltr'><strong>καί</strong></span> <span class='ocrx_word' id='word_1_781' title='bbox 643 5043 782 5098; x_wconf 76' lang='grc' dir='ltr'><strong>αὐτὰ</strong></span> <span class='ocrx_word' id='word_1_782' title='bbox 808 5041 1203 5113; x_wconf 82' lang='grc' dir='ltr'><strong>προχωροῦντα</strong></span> <span class='ocrx_word' id='word_1_783' title='bbox 1234 5044 1292 5105; x_wconf 72' lang='grc' dir='ltr'><strong>ἐς</strong></span> <span class='ocrx_word' id='word_1_784' title='bbox 1320 5043 1420 5114; x_wconf 78' lang='grc' dir='ltr'><strong>τὴν</strong></span> <span class='ocrx_word' id='word_1_785' title='bbox 1451 5044 1763 5114; x_wconf 86' lang='grc' dir='ltr'><strong>τελειότητα</strong></span> 
     </span>
    </p>
   </div>
   <div class='ocr_carea' id='block_1_97' title="bbox 181 5135 1763 5209">
    <p class='ocr_par' dir='ltr' id='par_1_97' title="bbox 181 5135 1763 5209">
     <span class='ocr_line' id='line_1_97' title="bbox 181 5135 1763 5209; baseline -0.004 -14"><span class='ocrx_word' id='word_1_786' title='bbox 181 5142 293 5209; x_wconf 83' lang='grc' dir='ltr'><strong>τὴν</strong></span> <span class='ocrx_word' id='word_1_787' title='bbox 316 5138 546 5199; x_wconf 77' lang='grc' dir='ltr'><strong>ἑαυτῶν,</strong></span> <span class='ocrx_word' id='word_1_788' title='bbox 582 5135 1018 5203; x_wconf 80' lang='grc' dir='ltr'><strong>καταλειφθέντα</strong></span> <span class='ocrx_word' id='word_1_789' title='bbox 1046 5136 1091 5189; x_wconf 86' lang='grc' dir='ltr'><strong>δ’</strong></span> <span class='ocrx_word' id='word_1_790' title='bbox 1120 5135 1352 5205; x_wconf 78' lang='grc' dir='ltr'><strong>ἡμιτελῆ</strong></span> <span class='ocrx_word' id='word_1_791' title='bbox 1382 5136 1488 5190; x_wconf 86' lang='grc' dir='ltr'><strong>ύπδ</strong></span> <span class='ocrx_word' id='word_1_792' title='bbox 1533 5136 1643 5190; x_wconf 90' lang='grc' dir='ltr'><strong>τῶν</strong></span> <span class='ocrx_word' id='word_1_793' title='bbox 1667 5137 1763 5206; x_wconf 86' lang='grc' dir='ltr'><strong>δη-</strong></span> 
     </span>
    </p>
   </div>
   <div class='ocr_carea' id='block_1_98' title="bbox 189 5226 1763 5301">
    <p class='ocr_par' dir='ltr' id='par_1_98' title="bbox 189 5226 1763 5301">
     <span class='ocr_line' id='line_1_98' title="bbox 189 5226 1763 5301; baseline -0.001 -19"><span class='ocrx_word' id='word_1_794' title='bbox 189 5229 626 5301; x_wconf 82' lang='grc' dir='ltr'><strong>μιουργούντων,</strong></span> <span class='ocrx_word' id='word_1_795' title='bbox 654 5227 754 5280; x_wconf 75' lang='grc' dir='ltr'><strong>οὐκ</strong></span> <span class='ocrx_word' id='word_1_796' title='bbox 793 5227 873 5279; x_wconf 81' lang='grc' dir='ltr'><strong>ἔτι</strong></span> <span class='ocrx_word' id='word_1_797' title='bbox 906 5226 1298 5297; x_wconf 85' lang='grc' dir='ltr'><strong>προχωροῦντα</strong></span> <span class='ocrx_word' id='word_1_798' title='bbox 1340 5228 1398 5288; x_wconf 85' lang='grc' dir='ltr'><strong>ὲς</strong></span> <span class='ocrx_word' id='word_1_799' title='bbox 1449 5226 1625 5293; x_wconf 75' lang='grc' dir='ltr'><strong>οὐδὲν,</strong></span> <span class='ocrx_word' id='word_1_800' title='bbox 1669 5228 1763 5281; x_wconf 79' lang='grc' dir='ltr'><strong>ἅτε</strong></span> 
     </span>
    </p>
   </div>
   <div class='ocr_carea' id='block_1_99' title="bbox 179 5316 1767 5390">
    <p class='ocr_par' dir='ltr' id='par_1_99' title="bbox 179 5316 1767 5390">
     <span class='ocr_line' id='line_1_99' title="bbox 179 5316 1767 5390; baseline -0.005 -13"><span class='ocrx_word' id='word_1_801' title='bbox 179 5323 303 5377; x_wconf 89' lang='grc' dir='ltr'><strong>τῶν</strong></span> <span class='ocrx_word' id='word_1_802' title='bbox 327 5319 807 5390; x_wconf 85' lang='grc' dir='ltr'><strong>δημιουργούντων</strong></span> <span class='ocrx_word' id='word_1_803' title='bbox 833 5318 896 5371; x_wconf 90' lang='grc' dir='ltr'><strong>ού</strong></span> <span class='ocrx_word' id='word_1_804' title='bbox 925 5318 1024 5380; x_wconf 79' lang='grc' dir='ltr'><strong>τὰς</strong></span> <span class='ocrx_word' id='word_1_805' title='bbox 1058 5319 1248 5387; x_wconf 88' lang='grc' dir='ltr'><strong>χεῖρας</strong></span> <span class='ocrx_word' id='word_1_806' title='bbox 1279 5316 1463 5385; x_wconf 87' lang='grc' dir='ltr'><strong>μόνον,</strong></span> <span class='ocrx_word' id='word_1_807' title='bbox 1496 5317 1632 5371; x_wconf 82' lang='grc' dir='ltr'><strong>ἀλλὰ</strong></span> <span class='ocrx_word' id='word_1_808' title='bbox 1673 5318 1767 5370; x_wconf 75' lang='grc' dir='ltr'><strong>καὶ</strong></span> 
     </span>
    </p>
   </div>
   <div class='ocr_carea' id='block_1_100' title="bbox 179 5412 1760 5484">
    <p class='ocr_par' dir='ltr' id='par_1_100' title="bbox 179 5412 1760 5484">
     <span class='ocr_line' id='line_1_100' title="bbox 179 5412 1760 5484; baseline -0.002 -15"><span class='ocrx_word' id='word_1_809' title='bbox 179 5418 257 5469; x_wconf 83' lang='grc' dir='ltr'><strong>τὰ</strong></span> <span class='ocrx_word' id='word_1_810' title='bbox 300 5414 721 5484; x_wconf 82' lang='grc' dir='ltr'><strong>παραδείγματα</strong></span> <span class='ocrx_word' id='word_1_811' title='bbox 778 5412 950 5464; x_wconf 64' lang='grc' dir='ltr'><strong>ταῦτα</strong></span> <span class='ocrx_word' id='word_1_812' title='bbox 1006 5413 1218 5474; x_wconf 78' lang='grc' dir='ltr'><strong>ἑαυτοῖς</strong></span> <span class='ocrx_word' id='word_1_813' title='bbox 1256 5412 1760 5481; x_wconf 76' lang='grc' dir='ltr'><strong>συναποφερόντων.</strong></span> 
     </span>
    </p>
   </div>
   <div class='ocr_carea' id='block_1_101' title="bbox 179 5504 1766 5576">
    <p class='ocr_par' dir='ltr' id='par_1_101' title="bbox 179 5504 1766 5576">
     <span class='ocr_line' id='line_1_101' title="bbox 179 5504 1766 5576; baseline -0.004 -13"><span class='ocrx_word' id='word_1_814' title='bbox 179 5510 314 5563; x_wconf 80' lang='grc' dir='ltr'><strong>Τῶν</strong></span> <span class='ocrx_word' id='word_1_815' title='bbox 336 5508 392 5561; x_wconf 83' lang='grc' dir='ltr'><strong>δὲ</strong></span> <span class='ocrx_word' id='word_1_816' title='bbox 425 5507 583 5576; x_wconf 87' lang='grc' dir='ltr'><strong>φύσει</strong></span> <span class='ocrx_word' id='word_1_817' title='bbox 632 5506 973 5575; x_wconf 83' lang='grc' dir='ltr'><strong>γιγνομένων</strong></span> <span class='ocrx_word' id='word_1_818' title='bbox 1002 5506 1072 5559; x_wconf 73' lang='grc' dir='ltr'><strong>τὰ</strong></span> <span class='ocrx_word' id='word_1_819' title='bbox 1122 5504 1349 5558; x_wconf 81' lang='grc' dir='ltr'><strong>πλεῖστα</strong></span> <span class='ocrx_word' id='word_1_820' title='bbox 1396 5504 1614 5574; x_wconf 81' lang='grc' dir='ltr'><strong>ὁρῶμεν</strong></span> <span class='ocrx_word' id='word_1_821' title='bbox 1670 5505 1766 5559; x_wconf 74' lang='grc' dir='ltr'><strong>καὶ</strong></span> 
     </span>
    </p>
   </div>
   <div class='ocr_carea' id='block_1_102' title="bbox 178 5595 1766 5670">
    <p class='ocr_par' dir='ltr' id='par_1_102' title="bbox 178 5595 1766 5670">
     <span class='ocr_line' id='line_1_102' title="bbox 178 5595 1766 5670; baseline -0.004 -15"><span class='ocrx_word' id='word_1_822' title='bbox 178 5599 287 5655; x_wconf 84' lang='grc' dir='ltr'><strong>τοῦ</strong></span> <span class='ocrx_word' id='word_1_823' title='bbox 317 5598 467 5670; x_wconf 81' lang='grc' dir='ltr'><strong>ἡλίου</strong></span> <span class='ocrx_word' id='word_1_824' title='bbox 499 5598 990 5667; x_wconf 81' lang='grc' dir='ltr'><strong>ἁποκεχωρηκότος</strong></span> <span class='ocrx_word' id='word_1_825' title='bbox 1021 5597 1158 5651; x_wconf 82' lang='grc' dir='ltr'><strong>αὐτὰ</strong></span> <span class='ocrx_word' id='word_1_826' title='bbox 1183 5597 1263 5650; x_wconf 76' lang='grc' dir='ltr'><strong>ἔτι</strong></span> <span class='ocrx_word' id='word_1_827' title='bbox 1287 5597 1345 5660; x_wconf 76' lang='grc' dir='ltr'><strong>ἐς</strong></span> <span class='ocrx_word' id='word_1_828' title='bbox 1375 5596 1476 5666; x_wconf 82' lang='grc' dir='ltr'><strong>τὴν</strong></span> <span class='ocrx_word' id='word_1_829' title='bbox 1492 5595 1766 5667; x_wconf 83' lang='grc' dir='ltr'><strong>τελειότη-</strong></span> 
     </span>
    </p>
   </div>
   <div class='ocr_carea' id='block_1_103' title="bbox 181 5688 1766 5763">
    <p class='ocr_par' dir='ltr' id='par_1_103' title="bbox 181 5688 1766 5763">
     <span class='ocr_line' id='line_1_103' title="bbox 181 5688 1766 5763; baseline -0.003 -15"><span class='ocrx_word' id='word_1_830' title='bbox 181 5711 262 5748; x_wconf 83' lang='grc' dir='ltr'><strong>τα</strong></span> <span class='ocrx_word' id='word_1_831' title='bbox 310 5694 410 5763; x_wconf 81' lang='grc' dir='ltr'><strong>τὴν</strong></span> <span class='ocrx_word' id='word_1_832' title='bbox 457 5691 667 5746; x_wconf 78' lang='grc' dir='ltr'><strong>ἑαυτῶν</strong></span> <span class='ocrx_word' id='word_1_833' title='bbox 728 5689 1142 5761; x_wconf 86' lang='grc' dir='ltr'><strong>προχωροῦντα,</strong></span> <span class='ocrx_word' id='word_1_834' title='bbox 1177 5689 1206 5743; x_wconf 83' lang='grc' dir='ltr'>ὃ</span> <span class='ocrx_word' id='word_1_835' title='bbox 1257 5689 1493 5758; x_wconf 84' lang='grc' dir='ltr'><strong>μάλιστα</strong></span> <span class='ocrx_word' id='word_1_836' title='bbox 1548 5688 1766 5758; x_wconf 75' lang='grc' dir='ltr'><strong>ἔνδηλον</strong></span> 
     </span>
    </p>
   </div>
   <div class='ocr_carea' id='block_1_104' title="bbox 180 5783 1766 5855">
    <p class='ocr_par' dir='ltr' id='par_1_104' title="bbox 180 5783 1766 5855">
     <span class='ocr_line' id='line_1_104' title="bbox 180 5783 1766 5855; baseline -0.003 -18"><span class='ocrx_word' id='word_1_837' title='bbox 180 5787 439 5855; x_wconf 82' lang='grc' dir='ltr'><strong>γίγνεται</strong></span> <span class='ocrx_word' id='word_1_838' title='bbox 500 5786 560 5837; x_wconf 73' lang='grc' dir='ltr'><strong>ὲν</strong></span> <span class='ocrx_word' id='word_1_839' title='bbox 616 5786 729 5847; x_wconf 86' lang='grc' dir='ltr'><strong>τοῖς</strong></span> <span class='ocrx_word' id='word_1_840' title='bbox 779 5783 917 5853; x_wconf 78' lang='grc' dir='ltr'><strong>ταχὺ</strong></span> <span class='ocrx_word' id='word_1_841' title='bbox 976 5783 1375 5852; x_wconf 84' lang='grc' dir='ltr'><strong>τελειουμένοις</strong></span> <span class='ocrx_word' id='word_1_842' title='bbox 1429 5784 1619 5851; x_wconf 86' lang='grc' dir='ltr'><strong>φυτοῖς</strong></span> <span class='ocrx_word' id='word_1_843' title='bbox 1677 5783 1766 5835; x_wconf 76' lang='grc' dir='ltr'><strong>καὶ</strong></span> 
     </span>
    </p>
   </div>
   <div class='ocr_carea' id='block_1_105' title="bbox 180 5872 1763 5947">
    <p class='ocr_par' dir='ltr' id='par_1_105' title="bbox 180 5872 1763 5947">
     <span class='ocr_line' id='line_1_105' title="bbox 180 5872 1763 5947; baseline -0.002 -16"><span class='ocrx_word' id='word_1_844' title='bbox 180 5878 444 5942; x_wconf 80' lang='grc' dir='ltr'><strong>καρποῖς.</strong></span> <span class='ocrx_word' id='word_1_845' title='bbox 485 5878 553 5933; x_wconf 83' lang='lat' dir='ltr'><strong>&quot;A</strong></span> <span class='ocrx_word' id='word_1_846' title='bbox 581 5878 673 5931; x_wconf 68' lang='grc' dir='ltr'><strong>καὶ</strong></span> <span class='ocrx_word' id='word_1_847' title='bbox 698 5875 914 5947; x_wconf 84' lang='grc' dir='ltr'><strong>νύκτωρ</strong></span> <span class='ocrx_word' id='word_1_848' title='bbox 965 5875 1115 5930; x_wconf 70' lang='grc' dir='ltr'><strong>οὐδὲν</strong></span> <span class='ocrx_word' id='word_1_849' title='bbox 1148 5872 1365 5947; x_wconf 80' lang='grc' dir='ltr'><strong>ἦττονῆ</strong></span> <span class='ocrx_word' id='word_1_850' title='bbox 1401 5874 1521 5946; x_wconf 83' lang='grc' dir='ltr'><strong>μεθ’</strong></span> <span class='ocrx_word' id='word_1_851' title='bbox 1553 5873 1763 5945; x_wconf 79' lang='grc' dir='ltr'><strong>ἡμέραν</strong></span> 
     </span>
    </p>
   </div>
   <div class='ocr_carea' id='block_1_106' title="bbox 1866 4677 3447 4753">
    <p class='ocr_par' dir='ltr' id='par_1_106' title="bbox 1866 4677 3447 4753">
     <span class='ocr_line' id='line_1_106' title="bbox 1866 4677 3447 4753; baseline -0.007 -11"><span class='ocrx_word' id='word_1_852' title='bbox 1866 4687 1982 4743; x_wconf 91' lang='lat' dir='ltr'><strong>sive</strong></span> <span class='ocrx_word' id='word_1_853' title='bbox 2049 4683 2341 4753; x_wconf 79' lang='lat' dir='ltr'><strong>imaginem</strong></span> <span class='ocrx_word' id='word_1_854' title='bbox 2411 4680 2653 4749; x_wconf 85' lang='lat' dir='ltr'><strong>indigere</strong></span> <span class='ocrx_word' id='word_1_855' title='bbox 2705 4678 2871 4733; x_wconf 88' lang='lat' dir='ltr'><strong>altera</strong></span> <span class='ocrx_word' id='word_1_856' title='bbox 2937 4677 3186 4747; x_wconf 88' lang='lat' dir='ltr'><strong>quapiam</strong></span> <span class='ocrx_word' id='word_1_857' title='bbox 3254 4677 3447 4746; x_wconf 81' lang='lat' dir='ltr'><strong>specie</strong></span> 
     </span>
    </p>
   </div>
   <div class='ocr_carea' id='block_1_107' title="bbox 1865 4767 3436 4840">
    <p class='ocr_par' dir='ltr' id='par_1_107' title="bbox 1865 4767 3436 4840">
     <span class='ocr_line' id='line_1_107' title="bbox 1865 4767 3436 4840; baseline -0.008 -8"><span class='ocrx_word' id='word_1_858' title='bbox 1865 4774 2164 4839; x_wconf 79' lang='lat' dir='ltr'><strong>communi,</strong></span> <span class='ocrx_word' id='word_1_859' title='bbox 2220 4786 2400 4840; x_wconf 89' lang='lat' dir='ltr'><strong>neque</strong></span> <span class='ocrx_word' id='word_1_860' title='bbox 2454 4770 2503 4825; x_wconf 88' lang='lat' dir='ltr'><strong>si</strong></span> <span class='ocrx_word' id='word_1_861' title='bbox 2554 4772 2664 4824; x_wconf 92' lang='lat' dir='ltr'><strong>sint</strong></span> <span class='ocrx_word' id='word_1_862' title='bbox 2717 4770 3017 4837; x_wconf 73' lang='lat' dir='ltr'><strong>aequivoca,</strong></span> <span class='ocrx_word' id='word_1_863' title='bbox 3068 4767 3211 4821; x_wconf 88' lang='lat' dir='ltr'><strong>sicut</strong></span> <span class='ocrx_word' id='word_1_864' title='bbox 3248 4780 3436 4821; x_wconf 85' lang='lat' dir='ltr'><strong>revera</strong></span> 
     </span>
    </p>
   </div>
   <div class='ocr_carea' id='block_1_108' title="bbox 1866 4858 3433 4934">
    <p class='ocr_par' dir='ltr' id='par_1_108' title="bbox 1866 4858 3433 4934">
     <span class='ocr_line' id='line_1_108' title="bbox 1866 4858 3433 4934; baseline -0.008 -10"><span class='ocrx_word' id='word_1_865' title='bbox 1866 4876 2017 4934; x_wconf 83' lang='lat' dir='ltr'><strong>sunt,</strong></span> <span class='ocrx_word' id='word_1_866' title='bbox 2058 4865 2260 4920; x_wconf 91' lang='lat' dir='ltr'><strong>nullam</strong></span> <span class='ocrx_word' id='word_1_867' title='bbox 2294 4862 2497 4917; x_wconf 89' lang='lat' dir='ltr'><strong>idcirco</strong></span> <span class='ocrx_word' id='word_1_868' title='bbox 2541 4860 2783 4929; x_wconf 91' lang='lat' dir='ltr'><strong>ipsorum</strong></span> <span class='ocrx_word' id='word_1_869' title='bbox 2818 4873 2938 4912; x_wconf 82' lang='lat' dir='ltr'><strong>esse</strong></span> <span class='ocrx_word' id='word_1_870' title='bbox 2967 4858 3433 4923; x_wconf 83' lang='lat' dir='ltr'><strong>communitatem,</strong></span> 
     </span>
    </p>
   </div>
   <div class='ocr_carea' id='block_1_109' title="bbox 1868 4948 3437 5021">
    <p class='ocr_par' dir='ltr' id='par_1_109' title="bbox 1868 4948 3437 5021">
     <span class='ocr_line' id='line_1_109' title="bbox 1868 4948 3437 5021; baseline -0.007 -6"><span class='ocrx_word' id='word_1_871' title='bbox 1868 4969 1962 5014; x_wconf 87' lang='lat' dir='ltr'><strong>aut</strong></span> <span class='ocrx_word' id='word_1_872' title='bbox 2012 4966 2160 5013; x_wconf 88' lang='lat' dir='ltr'><strong>certe</strong></span> <span class='ocrx_word' id='word_1_873' title='bbox 2208 4952 2626 5021; x_wconf 86' lang='lat' dir='ltr'><strong>interrogabunt</strong></span> <span class='ocrx_word' id='word_1_874' title='bbox 2683 4964 2946 5013; x_wconf 90' lang='lat' dir='ltr'><strong>curnam,</strong></span> <span class='ocrx_word' id='word_1_875' title='bbox 2989 4964 3022 5003; x_wconf 95' lang='lat' dir='ltr'><strong>o</strong></span> <span class='ocrx_word' id='word_1_876' title='bbox 3066 4948 3387 5004; x_wconf 80' lang='lat' dir='ltr'><strong>Aristoteles</strong></span> <span class='ocrx_word' id='word_1_877' title='bbox 3418 4988 3437 5015; x_wconf 89' lang='lat'><strong>,</strong></span> 
     </span>
    </p>
   </div>
   <div class='ocr_carea' id='block_1_110' title="bbox 1866 5041 3436 5121">
    <p class='ocr_par' dir='ltr' id='par_1_110' title="bbox 1866 5041 3436 5121">
     <span class='ocr_line' id='line_1_110' title="bbox 1866 5041 3436 5121; baseline -0.005 -15"><span class='ocrx_word' id='word_1_878' title='bbox 1866 5054 2011 5108; x_wconf 86' lang='lat' dir='ltr'><strong>entia</strong></span> <span class='ocrx_word' id='word_1_879' title='bbox 2047 5049 2261 5121; x_wconf 77' lang='lat' dir='ltr'><strong>iudicas</strong></span> <span class='ocrx_word' id='word_1_880' title='bbox 2294 5059 2413 5099; x_wconf 88' lang='lat' dir='ltr'><strong>esse</strong></span> <span class='ocrx_word' id='word_1_881' title='bbox 2440 5044 2744 5111; x_wconf 75' lang='lat' dir='ltr'><strong>:equivoca,</strong></span> <span class='ocrx_word' id='word_1_882' title='bbox 2779 5051 2834 5097; x_wconf 92' lang='lat' dir='ltr'><strong>et</strong></span> <span class='ocrx_word' id='word_1_883' title='bbox 2874 5041 3021 5096; x_wconf 90' lang='lat' dir='ltr'><strong>nulla</strong></span> <span class='ocrx_word' id='word_1_884' title='bbox 3050 5050 3227 5096; x_wconf 87' lang='lat' dir='ltr'><strong>tamen</strong></span> <span class='ocrx_word' id='word_1_885' title='bbox 3266 5044 3436 5099; x_wconf 85' lang='lat' dir='ltr'><strong>sentis</strong></span> 
     </span>
    </p>
   </div>
   <div class='ocr_carea' id='block_1_111' title="bbox 1867 5130 3434 5202">
    <p class='ocr_par' dir='ltr' id='par_1_111' title="bbox 1867 5130 3434 5202">
     <span class='ocr_line' id='line_1_111' title="bbox 1867 5130 3434 5202; baseline -0.005 -9"><span class='ocrx_word' id='word_1_886' title='bbox 1867 5141 2009 5195; x_wconf 90' lang='lat' dir='ltr'><strong>inter</strong></span> <span class='ocrx_word' id='word_1_887' title='bbox 2040 5153 2098 5193; x_wconf 90' lang='lat' dir='ltr'><strong>se</strong></span> <span class='ocrx_word' id='word_1_888' title='bbox 2125 5133 2621 5189; x_wconf 88' lang='lat' dir='ltr'><strong>communicatione</strong></span> <span class='ocrx_word' id='word_1_889' title='bbox 2648 5130 2883 5187; x_wconf 86' lang='lat' dir='ltr'><strong>sociari?</strong></span> <span class='ocrx_word' id='word_1_890' title='bbox 2912 5132 3023 5186; x_wconf 79' lang='lat' dir='ltr'><strong>Nec</strong></span> <span class='ocrx_word' id='word_1_891' title='bbox 3061 5132 3275 5202; x_wconf 89' lang='lat' dir='ltr'><strong>inquies</strong></span> <span class='ocrx_word' id='word_1_892' title='bbox 3320 5132 3434 5185; x_wconf 83' lang='lat' dir='ltr'><strong>for-</strong></span> 
     </span>
    </p>
   </div>
   <div class='ocr_carea' id='block_1_112' title="bbox 1868 5223 3434 5295">
    <p class='ocr_par' dir='ltr' id='par_1_112' title="bbox 1868 5223 3434 5295">
     <span class='ocr_line' id='line_1_112' title="bbox 1868 5223 3434 5295; baseline -0.006 -8"><span class='ocrx_word' id='word_1_893' title='bbox 1868 5244 2033 5295; x_wconf 89' lang='lat' dir='ltr'><strong>tasse,</strong></span> <span class='ocrx_word' id='word_1_894' title='bbox 2076 5238 2129 5284; x_wconf 83' lang='lat' dir='ltr'><strong>te</strong></span> <span class='ocrx_word' id='word_1_895' title='bbox 2166 5229 2268 5282; x_wconf 92' lang='lat' dir='ltr'><strong>hoc</strong></span> <span class='ocrx_word' id='word_1_896' title='bbox 2304 5225 2493 5280; x_wconf 86' lang='lat' dir='ltr'><strong>nullibi</strong></span> <span class='ocrx_word' id='word_1_897' title='bbox 2518 5223 2741 5279; x_wconf 83' lang='lat' dir='ltr'><strong>dixisse.</strong></span> <span class='ocrx_word' id='word_1_898' title='bbox 2767 5223 2824 5278; x_wconf 86' lang='lat' dir='ltr'><strong>Id</strong></span> <span class='ocrx_word' id='word_1_899' title='bbox 2852 5227 2993 5294; x_wconf 77' lang='grc' dir='ltr'><strong>(μιοά</strong></span> <span class='ocrx_word' id='word_1_900' title='bbox 3014 5226 3191 5295; x_wconf 79' lang='lat' dir='ltr'><strong>possis</strong></span> <span class='ocrx_word' id='word_1_901' title='bbox 3221 5236 3434 5295; x_wconf 87' lang='lat' dir='ltr'><strong>propter</strong></span> 
     </span>
    </p>
   </div>
   <div class='ocr_carea' id='block_1_113' title="bbox 1866 5316 3490 5389">
    <p class='ocr_par' dir='ltr' id='par_1_113' title="bbox 1866 5316 3490 5389">
     <span class='ocr_line' id='line_1_113' title="bbox 1866 5316 3490 5389; baseline -0.005 -12"><span class='ocrx_word' id='word_1_902' title='bbox 1866 5323 2051 5378; x_wconf 86' lang='lat' dir='ltr'><strong>odium</strong></span> <span class='ocrx_word' id='word_1_903' title='bbox 2089 5318 2231 5389; x_wconf 83' lang='lat' dir='ltr'><strong>quod</strong></span> <span class='ocrx_word' id='word_1_904' title='bbox 2265 5333 2389 5386; x_wconf 86' lang='lat' dir='ltr'><strong>erga</strong></span> <span class='ocrx_word' id='word_1_905' title='bbox 2422 5332 2520 5371; x_wconf 90' lang='lat' dir='ltr'><strong>nos</strong></span> <span class='ocrx_word' id='word_1_906' title='bbox 2547 5316 2846 5386; x_wconf 89' lang='lat' dir='ltr'><strong>concepisti</strong></span> <span class='ocrx_word' id='word_1_907' title='bbox 2882 5317 3253 5380; x_wconf 86' lang='lat' dir='ltr'><strong>dissimulare,</strong></span> <span class='ocrx_word' id='word_1_908' title='bbox 3288 5316 3430 5386; x_wconf 89' lang='lat' dir='ltr'><strong>quod</strong></span> <span class='ocrx_word' id='word_1_909' title='bbox 3481 5353 3490 5361; x_wconf 67' lang='grc' dir='ltr'><strong>ρ</strong></span> 
     </span>
    </p>
   </div>
   <div class='ocr_carea' id='block_1_114' title="bbox 1868 5406 3432 5478">
    <p class='ocr_par' dir='ltr' id='par_1_114' title="bbox 1868 5406 3432 5478">
     <span class='ocr_line' id='line_1_114' title="bbox 1868 5406 3432 5478; baseline -0.006 -11"><span class='ocrx_word' id='word_1_910' title='bbox 1868 5412 2123 5468; x_wconf 89' lang='lat' dir='ltr'><strong>nimirum</strong></span> <span class='ocrx_word' id='word_1_911' title='bbox 2165 5410 2442 5478; x_wconf 78' lang='lat' dir='ltr'><strong>:equivoca</strong></span> <span class='ocrx_word' id='word_1_912' title='bbox 2492 5408 2543 5461; x_wconf 91' lang='lat' dir='ltr'><strong>in</strong></span> <span class='ocrx_word' id='word_1_913' title='bbox 2584 5408 2910 5477; x_wconf 89' lang='lat' dir='ltr'><strong>quibusdam</strong></span> <span class='ocrx_word' id='word_1_914' title='bbox 2962 5424 3065 5461; x_wconf 93' lang='lat' dir='ltr'><strong>non</strong></span> <span class='ocrx_word' id='word_1_915' title='bbox 3127 5406 3432 5461; x_wconf 86' lang='lat' dir='ltr'><strong>communi-</strong></span> 
     </span>
    </p>
   </div>
   <div class='ocr_carea' id='block_1_115' title="bbox 1868 5498 3431 5568">
    <p class='ocr_par' dir='ltr' id='par_1_115' title="bbox 1868 5498 3431 5568">
     <span class='ocr_line' id='line_1_115' title="bbox 1868 5498 3431 5568; baseline -0.003 -10"><span class='ocrx_word' id='word_1_916' title='bbox 1868 5512 1991 5558; x_wconf 88' lang='lat' dir='ltr'><strong>cent</strong></span> <span class='ocrx_word' id='word_1_917' title='bbox 2034 5504 2179 5556; x_wconf 86' lang='lat' dir='ltr'><strong>inter</strong></span> <span class='ocrx_word' id='word_1_918' title='bbox 2231 5516 2309 5565; x_wconf 86' lang='lat' dir='ltr'><strong>se,</strong></span> <span class='ocrx_word' id='word_1_919' title='bbox 2364 5499 2419 5553; x_wconf 91' lang='lat' dir='ltr'><strong>in</strong></span> <span class='ocrx_word' id='word_1_920' title='bbox 2452 5499 2778 5568; x_wconf 78' lang='lat' dir='ltr'><strong>quibusdam</strong></span> <span class='ocrx_word' id='word_1_921' title='bbox 2826 5514 2957 5553; x_wconf 92' lang='lat' dir='ltr'><strong>vero</strong></span> <span class='ocrx_word' id='word_1_922' title='bbox 3003 5498 3431 5553; x_wconf 84' lang='lat' dir='ltr'><strong>communicent.</strong></span> 
     </span>
    </p>
   </div>
   <div class='ocr_carea' id='block_1_116' title="bbox 1866 5588 3436 5662">
    <p class='ocr_par' dir='ltr' id='par_1_116' title="bbox 1866 5588 3436 5662">
     <span class='ocr_line' id='line_1_116' title="bbox 1866 5588 3436 5662; baseline -0.003 -14"><span class='ocrx_word' id='word_1_923' title='bbox 1866 5593 2001 5648; x_wconf 87' lang='lat' dir='ltr'><strong>Nam</strong></span> <span class='ocrx_word' id='word_1_924' title='bbox 2060 5606 2233 5662; x_wconf 87' lang='lat' dir='ltr'><strong>neque</strong></span> <span class='ocrx_word' id='word_1_925' title='bbox 2281 5591 2547 5662; x_wconf 83' lang='lat' dir='ltr'><strong>Lysandri</strong></span> <span class='ocrx_word' id='word_1_926' title='bbox 2596 5599 2776 5647; x_wconf 90' lang='lat' dir='ltr'><strong>statua</strong></span> <span class='ocrx_word' id='word_1_927' title='bbox 2827 5606 2950 5645; x_wconf 90' lang='lat' dir='ltr'><strong>cum</strong></span> <span class='ocrx_word' id='word_1_928' title='bbox 2994 5591 3111 5660; x_wconf 89' lang='lat' dir='ltr'><strong>ipso</strong></span> <span class='ocrx_word' id='word_1_929' title='bbox 3154 5588 3436 5661; x_wconf 80' lang='lat' dir='ltr'><strong>Lysandro</strong></span> 
     </span>
    </p>
   </div>
   <div class='ocr_carea' id='block_1_117' title="bbox 1867 5681 3434 5753">
    <p class='ocr_par' dir='ltr' id='par_1_117' title="bbox 1867 5681 3434 5753">
     <span class='ocr_line' id='line_1_117' title="bbox 1867 5681 3434 5753; baseline -0.003 -13"><span class='ocrx_word' id='word_1_930' title='bbox 1867 5685 2068 5740; x_wconf 89' lang='lat' dir='ltr'><strong>nullam</strong></span> <span class='ocrx_word' id='word_1_931' title='bbox 2101 5697 2325 5751; x_wconf 88' lang='lat' dir='ltr'><strong>prorsus</strong></span> <span class='ocrx_word' id='word_1_932' title='bbox 2377 5683 2538 5736; x_wconf 84' lang='lat' dir='ltr'><strong>habet</strong></span> <span class='ocrx_word' id='word_1_933' title='bbox 2567 5681 3013 5736; x_wconf 86' lang='lat' dir='ltr'><strong>communitatem</strong></span> <span class='ocrx_word' id='word_1_934' title='bbox 3049 5697 3223 5751; x_wconf 90' lang='lat' dir='ltr'><strong>neque</strong></span> <span class='ocrx_word' id='word_1_935' title='bbox 3257 5682 3434 5753; x_wconf 82' lang='lat' dir='ltr'><strong>imago</strong></span> 
     </span>
    </p>
   </div>
   <div class='ocr_carea' id='block_1_118' title="bbox 1867 5772 3430 5844">
    <p class='ocr_par' dir='ltr' id='par_1_118' title="bbox 1867 5772 3430 5844">
     <span class='ocr_line' id='line_1_118' title="bbox 1867 5772 3430 5844; baseline -0.002 -12"><span class='ocrx_word' id='word_1_936' title='bbox 1867 5793 1989 5832; x_wconf 88' lang='lat' dir='ltr'><strong>cum</strong></span> <span class='ocrx_word' id='word_1_937' title='bbox 2012 5789 2110 5831; x_wconf 91' lang='lat' dir='ltr'><strong>suo</strong></span> <span class='ocrx_word' id='word_1_938' title='bbox 2132 5774 2304 5844; x_wconf 87' lang='lat' dir='ltr'><strong>ipsius</strong></span> <span class='ocrx_word' id='word_1_939' title='bbox 2326 5774 2716 5841; x_wconf 79' lang='lat' dir='ltr'><strong>exemplari.At</strong></span> <span class='ocrx_word' id='word_1_940' title='bbox 2739 5772 2941 5841; x_wconf 89' lang='lat' dir='ltr'><strong>inquis,</strong></span> <span class='ocrx_word' id='word_1_941' title='bbox 2964 5784 3242 5842; x_wconf 70' lang='lat' dir='ltr'><strong>praeterea,</strong></span> <span class='ocrx_word' id='word_1_942' title='bbox 3261 5772 3430 5840; x_wconf 71' lang='lat' dir='ltr'><strong>Quid~</strong></span> 
     </span>
    </p>
   </div>
   <div class='ocr_carea' id='block_1_119' title="bbox 1871 5864 3428 5940">
    <p class='ocr_par' dir='ltr' id='par_1_119' title="bbox 1871 5864 3428 5940">
     <span class='ocr_line' id='line_1_119' title="bbox 1871 5864 3428 5940; baseline -0.004 -15"><span class='ocrx_word' id='word_1_943' title='bbox 1871 5885 1993 5925; x_wconf 87' lang='lat' dir='ltr'><strong>nam</strong></span> <span class='ocrx_word' id='word_1_944' title='bbox 2029 5868 2147 5940; x_wconf 80' lang='lat' dir='ltr'><strong>Opis</strong></span> <span class='ocrx_word' id='word_1_945' title='bbox 2189 5865 2441 5923; x_wconf 81' lang='lat' dir='ltr'><strong>adferunt</strong></span> <span class='ocrx_word' id='word_1_946' title='bbox 2476 5865 2709 5936; x_wconf 73' lang='lat' dir='ltr'><strong>species</strong></span> <span class='ocrx_word' id='word_1_947' title='bbox 2748 5874 2840 5921; x_wconf 83' lang='lat' dir='ltr'><strong>aut</strong></span> <span class='ocrx_word' id='word_1_948' title='bbox 2871 5864 3032 5921; x_wconf 85' lang='lat' dir='ltr'><strong>rebus</strong></span> <span class='ocrx_word' id='word_1_949' title='bbox 3060 5864 3428 5935; x_wconf 86' lang='lat' dir='ltr'><strong>sempiternis,</strong></span> 
     </span>
    </p>
   </div>
   <div class='ocr_carea' id='block_1_120' title="bbox 3906 5994 3915 6239">
    <p class='ocr_par' dir='ltr' id='par_1_120' title="bbox 3906 6096 3915 6239">
     <span class='ocr_line' id='line_1_120' title="bbox 3906 6096 3915 6239; baseline 0 0"><span class='ocrx_word' id='word_1_950' title='bbox 3906 6096 3915 6239; x_wconf 71' lang='grc' dir='ltr'>ἓ</span> 
     </span>
    </p>
   </div>
  </div>
