3920 6454
457 400 560 461 9‘27

1691 379 2021 440 GEORGII
2065 382 2499 446 PLETIIUNIS

3627 385 3722 448 938

611 495 795 552 sensui
827 503 956 550 sunt
995 491 1274 564 subjectte.
1314 502 1407 549 aut
1448 493 1572 547 aliis
1617 493 2033 563 quibuseunque

2153 496 2399 562 φαίνεται
2430 500 2800 569 τελειούμενα.
2831 499 2934 554 Τὸν
2960 500 3060 570 μὲν
3093 498 3187 554 οῦν
3236 498 3391 570 ηλίου
3446 501 3577 552 νοῦν
3623 502 3712 554 οὒκ

461 606 583 661 qua:
629 599 681 642 et
721 596 1048 658 generantur
1079 597 1132 641 et
1183 587 1489 641 intereunt?
1535 601 1712 655 neque
1743 586 1884 639 enim
1918 585 2037 640 eiii-

461 682 634 741 ciunt,
667 689 726 733 ut
756 677 860 732 illa:
888 677 972 731 vel
1012 687 1352 740 moveantur,
1391 675 1473 730 vel
1509 684 1805 730 mutentur.
1842 672 1942 728 Hic
1983 690 2041 730 se

455 772 567 841 jam
614 772 791 841 prodit
819 769 1161 835 Aristoteles,
1209 768 1672 837 manifestumque
1722 765 1849 820 iacit
1877 781 2039 835 quam

461 864 534 919 ob
589 878 807 918 causam
865 864 1064 918 bellum
1119 863 1383 917 adversus
1433 861 1583 918 ideas
1641 861 1891 916 moverit.
1949 860 2043 915 llle

471 971 699 1024 iamque
749 970 852 1011 nec
911 956 1078 1010 sentit
1135 969 1236 1010 nec
1282 954 1432 1018 vult,
1489 953 1665 1007 inesse
1730 953 2040 1022 quampiam

468 1046 629 1102 rebus
677 1047 1028 1115 sempiternis
1081 1062 1302 1102 causam
1340 1047 1461 1116 ejus
1525 1043 1666 1114 quod
1720 1046 1830 1099 sint
1883 1053 2044 1112 atque

465 1137 760 1214 exsistat},
800 1149 996 1207 przeter
1028 1139 1079 1194 id
1112 1138 1260 1208 quod
1287 1149 1854 1204 moventur,-eamque
1879 1134 2043 1188 nimi-

465 1245 584 1283 rum
615 1231 686 1284 ob
719 1246 943 1286 causam
976 1247 1099 1285 cum
1131 1230 1426 1286 Platonicis
1457 1232 1749 1298 praliatur.
1786 1230 2041 1296 Alioquin

465 1323 596 1392 qttid
632 1324 732 1377 sibi
771 1323 946 1388 vellet,
1000 1324 1128 1377 dum
1177 1324 1370 1394 inquit,
1406 1324 1674 1390 Quidnam
1722 1323 1838 1392 opis
1891 1324 2044 1376 adfe-

465 1425 594 1469 runt
640 1418 852 1484 species
900 1425 993 1469 aut
1041 1419 1202 1472 rebus
1258 1418 1605 1486 sempiternis
1665 1431 1788 1486 qua:
1852 1417 2038 1471 sensui

466 1516 596 1562 sunt
649 1508 930 1576 subject.e,
987 1518 1081 1564 aut
1132 1509 1254 1564 aliis
1301 1509 1760 1580 qnibuscunque,
1817 1524 1939 1578 qua:
1985 1518 2040 1566 et

465 1610 795 1666 generantur
826 1609 880 1654 et
911 1601 1231 1656 intereunt?
1274 1616 1446 1669 neque
1475 1602 1621 1656 enim
1661 1599 1931 1663 efﬁciunt,
1983 1607 2039 1652 ut

469 1690 573 1744 illae
597 1690 682 1744 vel
723 1699 1050 1746 moveantur
1087 1691 1171 1746 vel
1204 1691 1519 1748 mutentur?
1550 1699 1644 1746 aut
1693 1699 1840 1745 certe
1888 1688 2039 1758 quod

471 1779 558 1833 ille
584 1780 650 1835 ad
683 1783 1085 1852 generationem
1121 1792 1174 1837 et
1216 1783 1622 1852 corruptionem
1660 1795 1841 1835 rerum
1888 1780 2040 1835 simi-

467 1871 570 1926 lem
619 1873 932 1928 habentium
966 1875 1201 1944 speciem
1231 1882 1290 1928 ut
1314 1873 1378 1928 iis
1400 1887 1522 1943 qua:
1549 1882 1812 1943 generant
1831 1882 1884 1927 et
1917 1873 2036 1942 ipso

467 1963 598 2025 sole,
636 1963 997 2030 sufﬁcientes,
1038 1965 1284 2034 satisque
1333 1964 1560 2019 idoneas
1598 1965 1874 2020 existimet
1902 1982 2037 2020 cau-

465 2064 555 2103 sas
580 2051 863 2116 constitui,-
893 2060 948 2104 at
972 2067 1059 2110 res
1092 2052 1453 2121 sempiternas
1482 2053 1735 2108 sensibus
1764 2053 2039 2121 subiectas

467 2143 670 2195 moveri
699 2143 916 2212 quidem
947 2160 1053 2197 non
1099 2145 1298 2198 sentiat
1328 2129 1548 2214 propter
1578 2146 1809 2216 species.
1840 2161 1938 2200 nec
1969 2148 2037 2202 ad

463 2234 753 2288 essentiam
796 2246 849 2289 et
899 2237 1310 2305 productionem
1363 2235 1598 2306 alicujus
1648 2237 1722 2291 rei
1767 2238 1872 2292 alia
1903 2255 2041 2308 qua.

463 2325 606 2392 piam
657 2341 782 2380 esse
845 2341 1032 2390 causa,
1091 2327 1294 2391 idcirco
1346 2328 1542 2397 inquit,
1599 2328 1866 2395 Quidnam
1921 2332 2038 2400 opis

463 2416 696 2471 all‘erunt
731 2417 863 2486 ipsis
891 2419 1143 2488 species?
1170 2419 1276 2473 Sed
1315 2419 1458 2474 dicet
1508 2419 1738 2474 fortasse
1765 2423 2035 2490 quispiam

411 2508 606 2576 Cluod
645 2508 918 2563 existimet
950 2519 1002 2562 et
1032 2509 1356 2564 Aristoteles
1390 2508 1497 2564 Deo
1533 2510 1631 2564 soli
1667 2511 1758 2580 qui
1791 2512 1862 2565 sit
1893 2513 2037 2567 anti-

464 2598 778 2664 quissimus,
812 2600 950 2653 hanc
974 2600 1268 2656 convenire
1295 2615 1536 2655 causam.
1568 2599 1648 2655 Ad
1681 2601 1784 2655 hoc
1811 2617 2038 2672 reSpnn-

462 2689 654 2745 demus
683 2690 748 2743 de
780 2690 884 2745 alio
913 2691 1130 2760 quidem
1165 2694 1416 2761 quopiam
1454 2694 1555 2748 hoc
1587 2693 1762 2762 ipsum
1813 2695 2040 2764 cogitari

464 2796 645 2849 posse,
666 2782 759 2836 sed
788 2782 1010 2838 minime
1028 2785 1092 2838 de
1108 2783 1399 2838 Aristotele
1415 2785 1502 2839 cui
1527 2784 1662 2838 nihil
1682 2784 1784 2838 tale
1807 2784 1860 2838 in
1893 2800 2039 2838 uten-

464 2880 570 2923 tem
605 2872 770 2924 venit.
801 2870 864 2924 Et
889 2885 1113 2926 curuam
1153 2873 1336 2928 istud?
1390 2874 1484 2928 Ille
1523 2888 1758 2944 namque
1797 2875 1901 2932 sibi
1936 2875 2038 2945 ipsi

459 2965 771 3018 contrarius
793 2965 948 3028 foret,
975 2965 1018 3018 si
1042 2965 1145 3019 hoc
1169 2967 1393 3020 diceret.
1431 2964 1776 3036 lnterrogabo
1795 2968 1938 3022 enim
1973 2968 2040 3024 ab

462 3049 593 3114 illis,
623 3053 714 3119 qui
748 3051 848 3105 hoc
882 3051 1140 3121 allingunl
1170 3053 1298 3122 ipsi,
1331 3070 1431 3109 cur
1467 3071 1572 3110 tton
1622 3057 1710 3112 ille
1747 3059 1891 3112 hunc
1936 3055 2038 3127 ipsi

2144 587 2213 641 ἃν
2237 589 2377 643 αὖτά
2409 590 2488 644 ἐτι
2538 591 2802 646 τελειοῦν.
2863 592 2940 645 Οὐ
2999 591 3108 662 γὰρ
3147 591 3213 646 ἀν
3253 592 3382 654 τοὺς
3433 591 3721 660 μεθεκτοῦς

2143 677 2366 741 τούτους
2387 680 2514 742 νοῦς
2539 681 2668 735 ἄνευ
2685 681 2794 734 τῶν
2820 683 2973 752 σφίσι
3012 683 3284 736 συνόντων
3311 685 3593 752 σωμάτων
3644 686 3724 737 οὖν

2144 766 2358 822 δοτιοῦν
2394 770 2528 840 δρᾷν
2559 771 2616 834 ἐς
2634 788 2696 839 γε
2743 770 2908 844 ἕτερα
2959 771 3208 840 σώματα.
3264 773 3347 826 Τά
3389 773 3450 825 δὲ
3509 773 3723 840 σώματα

2147 859 2324 911 πάντα
2355 862 2450 913 καὶ
2482 860 2683 925 οέσεώς
2713 879 2860 926 τινος
2907 861 3115 915 δεῖσθαι
3151 863 3244 916 καὶ
3275 865 3563 932 σχήματος
3599 866 3724 932 πρὸς

2144 952 2213 1005 τὰ
2266 953 2587 1022 πεισόμενα,
2648 954 2748 1008 ὅσα
2795 953 2904 1008 τότ’
2953 953 3020 1007 ἂν
3050 955 3140 1007 τὸν
3196 954 3346 1024 ἥλιον
3389 956 3528 1024 πρὸς
3594 958 3724 1010 αὐτὶ

2150 1045 2353 1115 μηκέτι
2378 1045 2548 1116 ἔχειν.
2575 1045 2742 1098 Ὥστε
2773 1047 2970 1115 μηκέτι
3003 1046 3108 1098 ὑπδ
3134 1045 3228 1098 τοῦ
3265 1047 3419 1115 ήλίου
3443 1047 3557 1098 τότ’
3577 1048 3643 1101 ἂν
3665 1049 3724 1101 τὶ

2145 1134 2370 1188 τοιαῦτα
2391 1134 2765 1204 τελειούμενα,
2783 1135 2894 1189 οὐδ’
2915 1125 2982 1189 ἂν
3015 1137 3154 1188 αὐτά
3181 1137 3250 1190 δι’
3277 1137 3419 1190 αὑτά
3449 1137 3722 1203 τελειοῖτο,

2145 1225 2403 1296 οὐδεμίαν
2435 1227 2542 1296 γὰρ
2572 1227 2802 1299 δύναμιν
2861 1229 2919 1292 ἐς
2951 1229 3234 1298 ἐνέργειαν
3289 1233 3606 1299 προχωρεῖν
3657 1235 3723 1299 μὴ

2144 1320 2243 1388 οὐχ
2268 1319 2359 1386 ὑφ’
2383 1321 2579 1388 ἑτέρας
2602 1320 2884 1390 ἐνεργείας
2921 1320 3416 1391 προόιεαζομένην.
3445 1323 3573 1376 Οὐδ’
3602 1325 3725 1376 αὐτὸ

2144 1408 2374 1480 δυνάμει
2396 1410 2603 1464 τέλειον
2659 1413 2754 1464 καὶ
2802 1411 2947 1481 ἔργῳ
2997 1412 3126 1464 ποτὲ
3179 1412 3386 1466 τέλειον
3443 1415 3724 1480 γίγνεσθαι

2148 1501 2225 1569 μὴ
2259 1501 2357 1572 οὐχ
2386 1502 2478 1571 ὑφ’
2501 1503 2691 1574 ἑτέρου
2721 1521 2813 1557 του
2857 1503 3006 1574 ἔργῳ
3035 1503 3366 1574 τελεωτέρου
3400 1505 3723 1574 προὸιόαςό·

2149 1609 2332 1663 μενον.
2369 1595 2468 1648 Διὰ
2525 1594 2705 1648 ταῦτα
2758 1596 2943 1665 ἡμεῖς,
3001 1597 3258 1663 φήσουσι,
3293 1596 3393 1662 τὴν
3447 1598 3720 1667 ἐνέργειαν

2145 1688 2356 1754 ταύτην
2382 1685 2481 1756 τήν
2514 1687 2637 1739 τότε
2670 1685 2734 1754 δή
2767 1686 2833 1740 τά
2890 1685 3115 1738 τοιαῦτα
3150 1685 3467 1739 τελειοῦσιν
3494 1688 3609 1749 τοῖς
3654 1686 3722 1739 είο

2145 1776 2260 1831 δεσι
2301 1777 2515 1840 τούτοις
2571 1776 2938 1847 ἀπονέμομεν.
2989 1779 3099 1832 Καὶ
3136 1779 3259 1848 διχῆ
3313 1779 3383 1832 τά
3435 1779 3718 1848 σύμπαντα

2137 1870 2378 1939 χωριστά
2406 1869 2519 1939 είδη
2554 1869 2883 1938 διαιροῦντες
2909 1869 2966 1932 ἐς
3003 1887 3061 1922 τε
3123 1869 3284 1922 ίκανά
3329 1870 3475 1923 αὐτὰ.
3529 1871 3602 1923 δι’
3634 1871 3720 1922 αὖ.

2140 1959 2349 2012 τῶντά
2411 1959 2550 2030 ἔργα
2601 1959 3016 2031 ὲξεργάζεσθαι,
3084 1960 3142 2025 ἔς
3203 1977 3263 2014 τε
3312 1962 3412 2031 οὐχ
3468 1962 3720 2026 ὡσαύτως

2141 2049 2324 2112 ἱκανὰ,
2357 2051 2540 2105 ἐκεῖνα
2572 2051 2672 2120 μὶν
2697 2053 2808 2115 τοῖς
2838 2051 2963 2122 τῇδε
3002 2052 3191 2114 ἀϊδίοις
3209 2053 3646 2124 παραδείγματά
3665 2072 3717 2108 τε

2141 2144 2235 2196 καὶ
2253 2144 2400 2197 αττια
2429 2144 2753 2213 ἑφίσταμεν,
2783 2143 2957 2198 ταῦτα
2997 2144 3055 2198 δὲ
3106 2146 3222 2208 τοῖς
3265 2145 3396 2215 τῇδε
3439 2147 3714 2218 φθαρτοῖς,

2139 2233 2370 2302 δεόμενα
2421 2233 2519 2305 μὶν
2548 2237 2644 2289 xui.
2688 2235 2788 2305 τῆς
2854 2235 3009 2304 ήλίου
3059 2237 3382 2307 συνεργείας
3435 2239 3537 2306 τὴν
3595 2239 3718 2308 ὕλην

2141 2327 2325 2391 αὐτοῖς
2377 2326 2763 2396 προσάξοντος,
2826 2327 3016 2398 ιπειδὴ
3051 2327 3107 2381 δὲ
3154 2327 3373 2383 λάϐοιτο
3427 2330 3528 2399 τῆς
3572 2329 3712 2400 ὕλης,

2139 2415 2350 2485 δρῶντα
2382 2418 2475 2470 καὶ
2508 2416 2649 2471 αὐτὰ
2674 2416 2744 2470 δι’
2769 2417 2948 2472 αὐτῶν
2997 2419 3078 2471 ἔτι
3134 2421 3192 2483 ις
3261 2422 3457 2488 αὐτήν.
3511 2423 3620 2476 Καὶ
3657 2423 3712 2474 οὐ

2141 2507 2586 2576 καινοποιοῦμεν,
2617 2508 2903 2578 φήσουσιν,
2926 2499 3036 2564 οὐδ’
3067 2511 3249 2572 αἰτίας
3279 2513 3474 2574 καινάς
3500 2555 3516 2578 ,
3549 2514 3624 2576 ὡς
3653 2514 3710 2564 σει

2143 2598 2271 2669 φῂς,
2335 2599 2754 2670 ἐφευρίσκομεν,
2810 2601 2948 2655 ἀλλά
3001 2602 3090 2654 τδν
3150 2602 3260 2655 τῶν
3319 2603 3513 2656 αίτιῶν
3567 2605 3711 2670 λόγον

2141 2689 2302 2757 ἡμεῖς
2336 2692 2436 2758 μὶν
2467 2691 2646 2761 πλήρη
2678 2693 2790 2754 τοῖς
2809 2691 2960 2748 οῦσιν
2985 2694 3331 2764 ἀποδίδομεν,
3361 2697 3426 2749 σὺ
3459 2694 3503 2748 δ’
3543 2695 3710 2764 ἐνδεῆ.

2142 2779 2343 2832 Διελὼν
2375 2783 2482 2852 γάρ
2507 2798 2607 2834 που
2659 2783 2753 2836 καὶ
2792 2784 2854 2836 σὺ
2872 2785 2930 2847 ἐς
2960 2785 3198 2856 τέτταρα.
3233 2786 3299 2838 τὰ
3365 2787 3476 2840 τῶν
3530 2786 3714 2839 αἰτιῶν

2141 2872 2278 2936 εἴδη,
2314 2873 2424 2936 τοῖς
2454 2872 2554 2942 μὲν
2586 2874 2733 2944 τρισὶ
2764 2875 2936 2946 φαίνῃ
2971 2875 3036 2947 δη
3075 2875 3169 2929 καὶ
3199 2876 3361 2940 αὐτὸς
3406 2877 3712 2948 χρώμενος,

2140 2963 2220 3034 τῷ
2246 2964 2464 3036 τελικῷ,
2498 2966 2595 3020 καὶ
2645 2965 2724 3036 τῷ
2755 2967 2853 3038 τῆς
2883 2968 3157 3037 κινήσεως
3196 2970 3432 3040 ἀρχικῷ,
3491 2973 3590 3025 καὶ
3639 2969 3715 3040 τῷ

2143 3057 2332 3128 ὑλικῷ,
2367 3057 2445 3128 τῷ
2472 3059 2527 3113 δέ
2557 3074 2622 3127 γε
2679 3058 2848 3128 λοιπῷ
2878 3058 2956 3128 τῷ
3013 3059 3200 3129 εἰδικῷ
3231 3044 3462 3114 οῠπάνυ
3493 3079 3600 3117 τοι.
3658 3065 3716 3116 ΕΞ

467 3143 576 3194 Deo
607 3156 824 3196 summo
849 3144 1339 3215 antiquissimoque
1373 3163 1564 3202 omnes
1606 3151 1848 3203 omnium
1880 3151 2033 3205 cade-

2141 3149 2252 3219 γάρ
2286 3167 2366 3204 τοι
2395 3149 2508 3204 τῶν
2543 3151 2819 3221 αίσθητῶν
2853 3152 3069 3221 ἑκάστῳ
3104 3151 3320 3221 φύσεως
3365 3147 3514 3219 εἶδος
3574 3156 3716 3208 τοῦτ’

460 3233 622 3288 stium
655 3237 865 3290 orbium
888 3246 1066 3292 motus
1090 3238 1467 3308 assignavet'it,
1487 3242 1577 3296 sed
1598 3242 1761 3296 alium
1789 3242 2031 3310 singilla-

457 3324 554 3377 tim
604 3325 692 3378 alii
745 3327 1078 3383 motuilaut
1118 3340 1266 3386 certe
1318 3331 1508 3402 liquet,
1547 3334 1723 3403 ipsum
1752 3335 2030 3404 dignitatis

457 3417 742 3483 cujusdam
775 3421 968 3489 gratia,
1022 3421 1224 3491 plures,
1259 3425 1606 3494 sempiternis
1639 3427 1746 3480 illis
1774 3427 2032 3484 essentiis

456 3520 582 3559 cum
638 3508 746 3562 sint
795 3510 997 3577 plures,
1052 3514 1356 3582 prmiecisse
1413 3528 1816 3586 propagatores,
1866 3529 2031 3587 atque

431 3607 434 3612 '
461 3596 620 3650 fateri
673 3598 816 3667 ipsos
846 3600 1082 3670 aliquam
1114 3605 1336 3660 omnino
1365 3605 1576 3661 illarum
1612 3622 1732 3662 esse
1759 3623 1980 3663 causam
2007 3609 2029 3662 ?

462 3688 570 3742 Aut
607 3701 750 3745 certe
785 3693 929 3763 quod
984 3695 1246 3767 imagines
1301 3699 1573 3766 putaverit
1623 3701 2028 3771 propagatriees

463 3781 546 3837 sui
578 3784 835 3852 ipsarum,
885 3801 1067 3857 neque
1097 3789 1239 3842 enim
1280 3791 1330 3843 id
1366 3792 1592 3846 omnino
1641 3799 1791 3847 esset
1843 3794 2030 3848 incon-

461 3885 808 3942 sentaneum,
862 3894 987 3932 cum
1036 3881 1328 3935 habuerint
1375 3882 1479 3937 illa:
1532 3898 1629 3938 sua
1673 3885 2025 3955 exemplaria.

459 3969 634 4037 Atque
668 3975 771 4025 ttoc
808 3972 1028 4037 quidem
1071 3973 1230 4027 modo
1261 3974 1422 4028 etiam
1461 3974 1548 4030 ille
1589 3978 1878 4032 sententia:
1910 3978 2029 4033 Pla-

461 4057 653 4111 tonicae
710 4061 776 4114 de
823 4059 962 4115 ideis
1004 4061 1352 4118 subscribere
1403 4064 1697 4130 videretur,
1732 4076 1786 4120 et
1826 4077 2029 4122 nostra:

459 4148 594 4212 parti
635 4149 904 4217 accipere.
951 4148 1107 4205 Nunc
1152 4161 1334 4206 autem
1387 4164 1537 4210 certo
1565 4165 1798 4218 constat,
1846 4157 2023 4226 ipsum

461 4255 568 4291 non
601 4239 806 4293 sentire
836 4241 1074 4310 aliquam
1107 4256 1228 4297 esse
1262 4243 1474 4296 illarum
1507 4257 1728 4300 causam
1751 4245 2028 4302 deduetri-

458 4343 603 4389 cem,
659 4329 752 4382 sed
786 4338 839 4383 et
867 4333 967 4383 hoc
999 4333 1162 4385 modo
1204 4332 1324 4388 illas
1355 4343 1408 4389 et
1459 4335 1613 4401 tales,
1645 4335 1831 4405 quales
1875 4349 2024 4406 sunt,

458 4433 488 4470 a
520 4418 713 4488 seipsis
745 4431 1066 4491 propagatas
1115 4426 1317 4478 moveri
1345 4433 1550 4479 tantum
1603 4427 1668 4482 ad
1721 4429 1882 4484 tinem
1923 4430 2025 4485 ali-

459 4524 646 4580 quem,
686 4519 738 4563 et
773 4511 946 4578 ipsum
1001 4510 1192 4567 Deum.
1251 4515 1318 4568 At
1378 4515 1543 4583 enim,
1597 4518 1793 4589 inquit,
1843 4536 2025 4592 neque

457 4600 524 4655 ad
579 4603 860 4657 scientiam
911 4604 1138 4658 aliarum
1189 4622 1367 4660 rerum
1395 4608 1688 4678 quidquam
1753 4616 2029 4683 prosunt?

461 4685 640 4762 neque
689 4696 834 4751 enim
893 4695 1023 4766 ipsa:
1075 4709 1203 4752 sunt
1262 4700 1500 4754 essentia
1561 4702 1797 4769 illarum,
1847 4717 2030 4763 essent

459 4790 603 4840 ettim
639 4788 689 4842 in
721 4788 824 4842 illis
876 4790 1032 4857 ipsis,
1088 4805 1263 4858 neque
1320 4789 1565 4861 easdem,
1603 4803 1663 4848 ut
1717 4794 1825 4850 sint
1875 4799 2031 4867 quid-

458 4893 620 4945 quam
651 4877 864 4947 juvant,
891 4879 1154 4949 siquidem
1189 4883 1239 4935 ltt
1289 4881 1358 4938 iis
1392 4899 1497 4938 non
1545 4895 1673 4941 sunt
1699 4888 1899 4956 quibus
1943 4907 2030 4946 sc-

462 4970 606 5034 ipsas
665 4970 1012 5038 participant.
1071 4971 1204 5038 Quis
1251 4974 1416 5043 igitur
1450 4975 1517 5030 de
1553 4976 1786 5048 imagine
1834 4982 2031 5038 melius

455 5059 721 5132 jndicabit
750 5061 773 5113 ί
799 5079 975 5118 nonne
1009 5063 1056 5119 is
1113 5067 1204 5134 qui
1230 5067 1393 5122 etiam
1420 5071 1698 5138 exemplar
1738 5071 1898 5128 habet
1935 5090 2031 5129 co-

460 5150 711 5217 gnitum?
740 5166 916 5220 neque
976 5153 1120 5207 enim
1158 5155 1203 5207 is
1223 5157 1313 5225 qui
1342 5159 1618 5228 exemplar
1639 5176 1745 5215 non
1777 5167 2031 5234 ceguovit

460 5241 649 5293 eodem
686 5241 844 5310 plane
872 5244 1032 5297 modo
1080 5257 1413 5316 perspectam
1445 5259 1605 5320 atque
1641 5262 1821 5307 notam
1860 5257 2026 5310 babe-

420 5325 540 5386 'bit
600 5335 916 5406 imaginem,
983 5352 1093 5406 quo
1150 5341 1307 5406 alter,
1365 5341 1456 5410 qui
1516 5343 1692 5412 ipsum
1753 5350 2028 5418 cognovit,

477 5433 737 5498 luomodo
789 5441 966 5484 autem
1007 5430 1128 5484 aliis
1179 5434 1266 5511 ad.
1296 5433 1396 5488 boc
1431 5444 1488 5488 ut
1530 5438 1660 5506 sint,
1701 5456 1807 5495 non
1859 5445 2030 5512 prosit

461 5523 759 5590 quippiam,
811 5534 870 5579 ut
916 5525 1130 5579 etiamsi
1187 5526 1240 5579 in
1300 5527 1405 5582 illis
1461 5528 1591 5598 ipsis
1631 5547 1740 5586 non
1788 5536 1879 5601 sit,
1934 5538 2028 5592 sed

463 5627 626 5666 causa
681 5623 858 5670 tamen
913 5619 983 5671 sit
1032 5617 1294 5672 illorum?
1339 5619 1602 5676 Practerea
1657 5625 1875 5695 inquit,
1911 5626 2027 5682 Non

463 5705 637 5758 solum
683 5722 865 5762 rerum
896 5712 1230 5765 sensibilium
1268 5715 1594 5782 exempiaria
1629 5727 1757 5772 sunt
1789 5721 2025 5788 species,

465 5797 555 5848 sed
599 5798 760 5854 etiam
807 5801 892 5856 sui
917 5801 1180 5871 ipsarum,
1216 5807 1356 5860 sicut
1384 5822 1554 5875 genus
1588 5825 1773 5863 carum
1822 5813 2028 5882 Specie—

2135 3235 2274 3292 εῐναί
2302 3256 2384 3293 σοι
2415 3239 2476 3294 τὸ
2524 3241 2764 3296 τοιοῦτον
2802 3241 2971 3296 αῐτιον
3013 3243 3178 3307 δοκεῖ,
3229 3241 3388 3296 τοῦτο
3445 3247 3550 3313 μέν
3609 3264 3714 3300 που

2136 3332 2452 3398 σαφέστατα
2486 3332 2589 3386 οὐκ
2619 3332 2769 3387 ἐστιν
2812 3333 3148 3395 αίτιον,άλλ’
3193 3333 3351 3406 ἔργον
3413 3335 3480 3390 ἂν
3531 3338 3714 3407 ἑτέρου

2133 3439 2227 3474 του
2261 3425 2347 3494 εἴη
2370 3425 2548 3479 αιτίου
2574 3427 2666 3479 καὶ
2702 3427 3072 3495 ἀποτέλεσμα,
3136 3425 3322 3497 ῶσπερ
3373 3444 3484 3481 που
3546 3434 3641 3482 καὶ
3685 3433 3716 3500 ή

2133 3515 2346 3586 ἑκάστῳ
2384 3515 2483 3588 ὕλη
2515 3518 2616 3588 τῆς
2649 3517 2742 3572 τοῦ
2775 3519 2974 3583 παντὸς
3000 3521 3236 3589 οὐρανοῦ
3287 3520 3422 3590 ὕλης
3482 3523 3718 3590 ἀπόκρι-

2135 3609 2212 3679 μά
2240 3625 2298 3662 τε
2322 3611 2416 3663 και
2465 3611 2838 3680 ἀποτέλεσμα.
2877 3609 3070 3679 Ἡμεῖς
3127 3610 3335 3680 μέντοι.
3373 3612 3587 3682 ἐροῦσι.
3636 3614 3713 3682 τῷ

2133 3700 2232 3769 μὲν
2263 3702 2480 3755 πάντων
2504 3702 2713 3772 βασιλεῖ
2746 3701 2865 3772 Θεῷ
2895 3702 2958 3754 τὸ
2981 3702 3193 3755 τελικόν
3214 3719 3270 3754 τε
3305 3704 3402 3756 καὶ
3425 3705 3719 3775 κράτιστον

2129 3795 2239 3846 τῶν
2270 3794 2465 3848 αίτιῶν
2495 3794 2841 3860 ἀποδιδόντες
2865 3791 3028 3861 εἶδος,
3057 3794 3158 3848 οὐκ
3180 3796 3274 3850 ἐπὶ
3307 3799 3430 3860 ταῖς
3459 3800 3716 3869 κινήσεσι

2133 3885 2292 3955 μόνον
2322 3885 2457 3942 ἀλλά
2485 3888 2578 3941 καὶ
2603 3891 2720 3952 ταῖς
2744 3890 2952 3955 οὐσίαις
3004 3891 3097 3946 καὶ
3123 3891 3235 3954 τοῖς
3267 3889 3386 3948 οὖσι
3443 3897 3602 3948 πᾶσι.
3639 3895 3718 3948 Td

2128 3976 2173 4029 δ’
2200 3976 2314 4048 εἴδη
2358 3977 2530 4033 ταῦτα
2562 3980 2982 4051 παραδείγματι
3025 3987 3137 4050 τοῖς
3169 3985 3320 4039 οῦσιν
3357 3987 3716 4054 ἐφιστάντες,

2134 4068 2194 4121 τὸ
2227 4067 2281 4122 δὲ
2305 4072 2404 4139 τῆς
2436 4072 2707 4141 κινήσεως
2748 4073 2976 4144 ἀρχικδν
3011 4079 3076 4146 τῇ
3111 4077 3258 4148 ψυχῇ
3296 4080 3362 4147 τῇ
3409 4077 3568 4130 τοῦδε
3622 4077 3718 4129 τοῦ

2128 4161 2364 4230 οὐρανοῦ
2430 4164 2712 4236 ἡγουμένῃ
2736 4166 3124 4238 ἀπονέμοντες,
3163 4171 3258 4223 καὶ
3301 4171 3364 4221 τὸ
3395 4170 3582 4224 ὑλικδν
3653 4173 3717 4241 τῇ

2128 4250 2223 4305 τοῦ
2242 4254 2438 4318 παντὸς
2477 4255 2627 4308 τοῦδε
2650 4257 2744 4309 τοῦ
2774 4257 3007 4325 οὐρανοῦ
3050 4259 3176 4333 ὕλῃ,
3209 4259 3356 4314 οὕτω
3383 4261 3576 4331 πλήρη
3606 4265 3719 4323 τοῖς

2129 4344 2249 4398 οὖσι
2286 4345 2354 4397 τὰ
2380 4345 2488 4398 τῶν
2537 4346 2727 4400 αἰτιῶν
2781 4349 2898 4418 εῐδη
2939 4350 3292 4422 ἀποδίδομεν.
3353 4353 3547 4406 Ταῦτα
3622 4356 3721 4421 μέν

2129 4454 2232 4490 που
2262 4437 2311 4489 οί
2346 4437 2414 4490 τὰ
2437 4436 2550 4508 εῐδη
2594 4439 2865 4507 τιθέμενοι
2915 4442 3147 4512 φήσουσι
3206 4443 3275 4496 τά
3335 4443 3436 4512 μὲν
3507 4444 3719 4496 ἑαυτῶν

2138 4529 2349 4600 συνῳδὰ
2375 4532 2496 4592 ταῖς
2523 4557 2530 4562 -
2556 4532 2852 4600 σφετέραις
2921 4531 3244 4588 ὑποθέσεσιν
3292 4537 3716 4603 ἀποφαίνοντες,

2147 4621 2488 4692 Ἀριστοτέλη
2519 4621 2574 4674 δὲ
2597 4622 2666 4675 τὰ
2717 4624 2816 4692 μὲν
2867 4625 3333 4694 συκοφαντοῦντα,
3369 4627 3442 4680 τὰ
3474 4627 3520 4681 δ’
3563 4629 3722 4681 οὐδὲν

2136 4713 2482 4782 περαίνοντα,
2511 4713 2581 4766 td
2602 4713 2658 4767 δὶ
2685 4715 2780 4768 καὶ
2812 4716 2941 4786 περὶ
2965 4717 3032 4772 τὰ
3062 4718 3313 4787 μεγίστά
3343 4720 3722 4788 ἀμαθαίνοντα

2135 4805 2467 4874 ἐλέγχοντες.
2503 4805 2627 4870 Πῶς
2652 4807 2763 4876 γὰρ
2800 4809 2861 4860 οὐ
2895 4809 3022 4881 περὶ
3076 4809 3146 4864 vd
3201 4814 3438 4878 μέγιστα
3499 4813 3722 4882 ἀμαθής

2148 4897 2565 4966 ’Δριστοτέλης,
2611 4899 2823 4969 συχνῶν
2854 4917 2912 4953 τε
2940 4900 3115 4953 ἄλλων
3165 4894 3240 4955 ῶν
3297 4902 3516 4971 ἔφαμεν
3553 4904 3721 4956 ἕνεκα

2137 4989 2230 5041 καὶ
2259 4989 2493 5058 μάλιστά
2518 5007 2576 5042 τε
2603 4990 2697 5043 τοῦ
2723 4993 2981 5058 μέγιστου
3025 4993 3126 5061 τῆς
3158 4992 3264 5046 τῶν
3288 4995 3478 5046 ἀϊδίων
3518 4994 3722 5049 οὗσιιῖιν

2135 5081 2195 5132 οὐ
2227 5083 2588 5151 παραγωγῆς,
2622 5082 2730 5134 οὐδ’
2772 5083 2860 5150 ἐφ’
2921 5082 3039 5146 ἐνὸς
3077 5083 3187 5136 τῶν
3235 5085 3453 5139 πάντων
3501 5085 3600 5139 τοῦ
3657 5103 3721 5154 γε

2136 5171 2273 5225 εἶναι
2307 5174 2467 5226 ἕνεκα
2489 5175 2783 5242 ἀναφορᾶς,
2813 5174 2911 5245 οὐχ
2956 5173 3142 5246 ῶσπερ
3175 5176 3400 5229 Πλάτων
3433 5195 3494 5230 τε
3529 5179 3628 5232 καὶ
3649 5161 3720 5230 ὀί

2138 5265 2268 5334 περὶ
2327 5264 2589 5317 Πλάτωνα
2645 5265 2736 5318 τὸν
2765 5267 2984 5319 πάντων
3007 5267 3233 5336 βασιλέα
3263 5267 3396 5320 Θεὸν
3423 5272 3537 5332 τοῖς
3565 5269 3722 5324 οὖσιν

2135 5357 2487 5424 ἐφιστάντες,
2528 5356 2716 5411 τοῦτον
2751 5359 3086 5428 παραγωγόν
3110 5376 3168 5411 τε
3213 5361 3568 5429 παραγωγῶν
3620 5363 3721 5413 καὶ

2135 5447 2465 5518 δημιουργὸν
2491 5449 2843 5520 δημιουργῶν
2874 5449 2942 5514 di
2965 5449 3119 5504 οὖσιν
3157 5448 3295 5504 εἶναι
3322 5451 3477 5506 οὐδὲν
3503 5454 3584 5506 ὅτι
3615 5453 3722 5506 οὐκ

2136 5539 2226 5590 ἐπ’
2279 5540 2490 5594 ἐκεῖνον
2531 5543 2918 5612 ἀναφέροντες.
2968 5544 3204 5596 Κάκεῖνο
3250 5543 3305 5596 δὲ
3366 5546 3564 5613 ῥητέον
3624 5547 3720 5596 ἐπὶ

2137 5633 2325 5696 πᾶσιν,
2356 5633 2432 5696 ὡς
2469 5631 2694 5687 Πλάτων
2741 5635 2842 5703 μὲν
2890 5635 2999 5687 τῶν
3041 5636 3149 5704 πρὸ
3218 5635 3384 5690 αὐτοῦ
3438 5640 3549 5700 τοῖς
3612 5640 3716 5707 μὲν

2138 5726 2420 5792 ἑπόμενος,
2454 5728 2564 5788 τοῖς
2589 5725 2632 5778 δ’
2661 5726 2966 5794 ἀντιλέγων
2998 5729 3275 5796 φαίνεται.
3323 5729 3713 5799 Ἀριστοτέλης

2135 5817 2191 5871 δὲ
2238 5818 2400 5870 πᾶσιν
2451 5819 2861 5889 ἐναντιούμενος
2909 5821 3001 5872 καὶ
3045 5821 3248 5884 πάντας
3311 5822 3566 5889 κολούων,
3612 5823 3710 5875 καὶ
