3920 6454
172 351 277 413 υἷε)

854 347 951 406 DE
976 347 1402 408 PLATONICA
1438 347 1532 406 ΕΤ
1561 347 2116 408 ARISTOTELICA
2158 343 2717 407 PHILOSOPHIA.

3312 343 3417 403 930

163 461 264 515 οὐδ’
305 462 371 513 ἂν
400 460 506 509 τῶν
537 475 646 512 τισι
674 457 783 510 τῶν
844 459 1112 528 πρότερον
1175 458 1482 528 εἰρημένων
1525 475 1726 528 κεχρη-

1842 457 1932 510 tali
1964 465 2206 526 tempore
2254 457 2469 511 adesse.
2523 453 2699 524 Atque
2748 453 2828 507 sic
2867 467 2952 507 res
3004 451 3416 521 eiusmodiquaa

166 557 319 621 μένος
340 551 449 619 εἴη,
482 550 699 617 ἑνδηλός
734 552 851 602 ἐστι
880 552 983 603 κάν
1012 550 1225 613 τούτοις
1262 551 1326 602 οὐ
1359 550 1501 604 πάνυ
1543 549 1731 619 βουλό-

165 658 321 711 μενος
367 643 601 711 φανερὸς
636 637 776 695 εἶναι
805 642 1016 712 ἑτέροις
1049 642 1369 710 εἰρημένοις
1424 640 1731 712 χρώμενος,

162 736 294 789 πάνυ
320 734 635 801 σοφιστικὸν
689 733 847 787 τοῦτο
881 732 1051 785 ποιῶν
1082 734 1176 786 καὶ
1212 734 1503 801 φιλοσόφου
1530 734 1732 803 τρόπου

160 823 603 895 ἅλλοτριὼτατον,
634 822 748 879 οἷον
769 828 862 879 καὶ
883 828 1057 879 ἐκεῖνο
1082 824 1251 880 αὐτοῦ
1276 826 1336 878 τὸ
1381 825 1474 878 ἐπὶ
1506 826 1731 897 τελευτῇ

158 917 261 972 τῶν
293 916 530 984 λογικῶν
558 917 854 987 αὐχοῦντός
882 934 941 971 τε
967 918 1043 979 ὼς
1073 917 1136 971 τὸ
1184 918 1293 972 πᾶν
1324 917 1490 970 αὐτοῦ
1520 916 1604 988 εἴη
1636 919 1735 987 τῆς

163 1011 384 1080 μεθόδου
413 1009 615 1079 ταύτης
678 1010 773 1063 καὶ
811 1009 1133 1076 ἐπάγοντος,
1163 1007 1238 1072 ὡς
1263 1008 1467 1079 ταύτης
1494 1009 1597 1079 τῆς
1640 1026 1736 1079 με·

160 1104 309 1157 οόδου
345 1105 408 1157 οὐ
434 1105 493 1157 τὸ
523 1104 623 1172 μὲν
650 1099 738 1173 ἦν,
765 1104 826 1156 τὸ
844 1103 890 1156 δ’
918 1106 1018 1156 οὐκ
1038 1097 1125 1172 ἦν,
1152 1102 1289 1156 ἀλλὰ
1326 1102 1607 1165 παντελῶς
1637 1102 1737 1155 οὐκ

158 1192 241 1265 ἦν.
286 1199 402 1250 Καὶ
454 1196 629 1250 ταῦτα
697 1195 963 1266 Ἀρχύτου
1020 1212 1082 1248 τε
1146 1195 1253 1265 πρὸ
1316 1194 1483 1248 αὑτοῦ
1541 1194 1735 1263 λογικὰ

161 1286 628 1356 συγγεγραφότος,
660 1280 736 1338 ὧν
792 1303 903 1339 τισι
933 1286 1028 1339 καὶ
1077 1287 1240 1348 αὐτὸς
1298 1284 1591 1354 κέχρηται,
1639 1286 1736 1339 καὶ

170 1382 459 1442 Πλάτωνος
486 1377 651 1432 αὐτοῦ
679 1376 840 1431 τοῦτο
865 1377 964 1446 μὲν
988 1374 1096 1428 τῶν
1142 1374 1378 1443 λογικῶν
1409 1374 1582 1443 ἀρχὰς
1631 1390 1735 1426 πα-

116 1508 119 1515 ι
162 1473 489 1541 ραδιδόντος,
518 1469 676 1524 τοῦτο
705 1469 762 1522 δὲ
793 1466 1071 1537 πανταχοῦ
1098 1471 1212 1529 τοῖς
1256 1467 1435 1534 λόγοις
1469 1466 1569 1518 οὐκ
1601 1467 1733 1522 ἄνευ

155 1565 359 1632 τέχνης
384 1560 691 1631 χρωμένου,
728 1561 824 1613 καὶ
853 1559 1028 1627 λόγων
1059 1559 1283 1628 μέθοδον
1312 1558 1605 1620 καλοῦντος
1660 1562 1736 1623 ὡς

1836 548 2096 617 quidem,
2168 548 2212 602 si
2272 548 2367 602 uni
2440 546 2725 615 eidemque
2771 545 3042 599 diceretur
3079 546 3417 612 contingere,

1838 650 1899 695 ut
1950 641 2113 696 unius
2167 639 2517 708 eiusdemque
2579 648 2722 693 esset
2785 648 2839 691 et
2892 638 3069 707 imago
3118 646 3169 691 et
3225 652 3411 691 exem-

1837 732 2000 803 plar,
2067 742 2182 786 tum
2252 742 2398 787 certe
2463 730 2758 786 absurdum
2797 729 2916 792 ,boc
2974 738 3139 789 esset.
3190 739 3245 783 et
3313 729 3411 782 mi-

1835 825 1982 880 nime
1999 823 2192 879 rationi
2215 830 2669 888 consentaneum,
2690 833 2945 891 tanquam
2975 822 3019 877 si
3045 836 3214 887 unum
3248 822 3414 876 idem-

1836 931 1943 985 que
2011 918 2221 972 dicatur
2279 930 2400 969 esse
2457 929 2564 969 una
2620 914 2919 983 eademque
2993 929 3052 968 re
3112 914 3279 968 simul
3360 923 3415 968 et

1838 1009 2014 1078 maj‘us
2048 1017 2101 1064 et
2130 1008 2309 1062 minus
2344 1024 2357 1061 :
2397 1022 2542 1062 nunc
2570 1017 2751 1062 autem
2792 1007 2921 1075 quid
2956 1006 3210 1076 prohibet
3244 1022 3413 1061 unum

1837 1098 2093 1166 idemque
2159 1096 2387 1152 alterius
2444 1111 2567 1151 esse
2621 1096 2939 1166 imaginem,
2997 1098 3222 1152 alterius
3282 1111 3413 1151 vero

1836 1188 2152 1258 exetnplar?
2186 1188 2378 1243 Annon
2415 1197 2608 1243 statua:
2641 1188 2946 1257 cuiuspiam
2974 1206 3095 1260 quae
3125 1176 3238 1258 ipsa
3274 1205 3414 1258 quo—

1836 1282 1942 1351 que
1966 1282 2144 1351 imago
2169 1291 2274 1343 est,
2309 1280 2468 1334 aliam
2497 1281 2621 1335 item
2646 1280 2936 1350 imaginem
2971 1283 3144 1351 pictor
3172 1282 3417 1337 elﬁciet?

1836 1369 1904 1425 Et
1929 1385 2106 1425 nonne
2132 1371 2375 1440 ejusdem
2429 1380 2623 1426 statuae
2650 1372 2703 1426 in
2738 1387 2876 1441 aqua
2908 1373 3260 1427 simulacrum
3307 1374 3414 1428 ali-

1836 1463 1980 1532 quod
2009 1462 2299 1518 reddetur?
2328 1463 2505 1533 Atque
2540 1464 2654 1519 haec
2690 1466 2906 1536 quidem
2957 1465 3257 1534 impostura
3289 1464 3415 1518 Ari-

1838 1554 2048 1612 Stotelis
2081 1564 2165 1610 est
2218 1555 2561 1624 huiusmodi.
2593 1557 2962 1612 Transeamus
2988 1572 3116 1612 vero
3151 1558 3217 1612 ad
3248 1557 3408 1611 aliam

159 1656 324 1708 οὖσάν
351 1672 415 1722 γε
443 1655 563 1723 οὐχὶ
600 1653 674 1723 μὴ
714 1651 880 1705 οὖσαν
910 1651 1031 1705 οὐδὲ
1062 1651 1137 1714 ὡς
1163 1650 1374 1706 οὐδέπω
1405 1651 1731 1720 εὑρημένην

1842 1646 2008 1714 ipsius
2033 1648 2323 1702 rationem.
2360 1647 2648 1714 l‘raaterea,
2685 1649 2877 1718 inquit,
2909 1649 3123 1704 etiamsi
3157 1650 3263 1704 sint
3294 1664 3417 1719 spe-

160 1746 297 1798 ἁλλὰ
322 1747 416 1798 καὶ
440 1746 581 1800 πάνυ
614 1746 677 1813 δὴ
708 1746 765 1797 ὲν
795 1745 994 1814 χρήσει
1023 1740 1209 1798 οὖσαν.
1245 1744 1310 1797 Τί
1333 1740 1426 1819 οὖν
1478 1744 1546 1797 ἂν
1599 1744 1732 1813 φαίη

1838 1738 1971 1798 cies.
2000 1754 2104 1794 non
2140 1750 2320 1793 tamen
2355 1739 2491 1793 liunt
2519 1754 2581 1795 ea
2615 1756 2736 1810 qua:
2761 1742 2919 1805 fiunt,
2952 1742 3058 1796 nisi
3090 1742 3162 1796 sit
3189 1741 3414 1809 aliquid,

158 1858 239 1899 τις
266 1856 281 1904 ;
314 1840 417 1891 οὐκ
440 1838 566 1902 ἄξια
592 1838 658 1891 τὰ
684 1836 1085 1906 Ἀριστοτέλους
1118 1835 1295 1906 βιϐλία
1322 1835 1589 1904 μετιέναιξ
1621 1836 1732 1889 Καὶ

1842 1832 1984 1900 quod
2015 1840 2249 1887 moveat.
2277 1830 2341 1886 Et
2368 1832 2534 1885 multa
2568 1834 2703 1887 ﬁunt
2755 1833 2882 1899 alia,
2914 1843 2973 1887 ut
3003 1834 3197 1888 domus
3222 1842 3277 1888 et
3315 1847 3417 1885 an-

162 1930 327 1991 πάνυ,
346 1927 452 1981 τῶν
464 1945 525 1995 γε
546 1928 604 1980 ιν
621 1927 801 1989 αὐτοῖς
820 1926 1104 1996 χρησιμων
1124 1926 1307 1988 ἕνεκα,
1326 1925 1533 1981 εἰδότας
1551 1926 1735 1993 μέντοι

109 2017 116 2023 ’
157 2022 234 2084 ὡς
262 2020 433 2089 συχνὰ
461 2019 644 2081 αὐτοῖς
672 2021 764 2071 καὶ
797 2016 977 2086 φαῦλα
1007 2014 1504 2086 ἐγκαταμέμικται.

159 2134 306 2183 rom,
345 2131 465 2185 quae
501 2131 691 2171 rursus
736 2114 913 2169 locum
974 2114 1222 2169 obtinent
1264 2112 1498 2180 generis.
1532 2110 1607 2165 lta
1667 2124 1731 2164 ea

158 2225 285 2278 quae
320 2223 461 2263 nunc
485 2208 627 2263 dicta
662 2217 811 2274 sunt,
843 2221 952 2261 non
986 2213 1164 2260 autem
1192 2213 1409 2274 propter
1440 2204 1584 2272 ipsas
1615 2216 1737 2270 spe-

158 2300 296 2356 cies.
326 2300 429 2355 Sed
468 2315 534 2353 ne
559 2300 659 2354 ista
682 2298 897 2368 quidem
935 2296 971 2352 ii
1002 2296 1094 2366 qui
1124 2296 1333 2365 species
1363 2294 1734 2356 constituunt,

160 2391 601 2447 concedentsine
622 2392 737 2445 suis
756 2389 1155 2459 exemplaribus
1180 2388 1290 2441 fieri
1322 2386 1537 2441 etiamsi
1561 2402 1654 2455 per
1680 2400 1738 2439 se

158 2498 275 2537 non
314 2482 633 2537 consistant.
666 2482 826 2536 Fiunt
854 2483 996 2535 enim
1037 2495 1129 2550 per
1161 2481 1271 2542 illa,
1302 2494 1424 2550 qua:
1453 2479 1507 2533 in
1538 2479 1738 2533 animis

157 2573 502 2645 singulorum
533 2573 785 2642 Opiﬁcum
818 2581 976 2628 antea
1001 2581 1128 2627 sunt
1155 2580 1441 2640 concepta,
1467 2569 1739 2638 exempla-

160 2665 272 2717 ria.
308 2662 427 2733 (Gr.
455 2664 552 2717 col.
580 2662 684 2717 925
708 2662 770 2733 C)
796 2663 1018 2732 Oportet
1041 2671 1244 2725 autem,
1272 2660 1473 2722 dicent,
1493 2661 1656 2715 etiam
1675 2675 1739 2713 ea

156 2769 291 2824 quae
320 2764 511 2808 natura
533 2753 662 2807 liunt
689 2768 793 2806 non
817 2753 991 2807 solum
1010 2768 1114 2807 non
1138 2753 1423 2807 deterioris
1445 2765 1620 2806 causae
1639 2765 1737 2804 usu

156 2846 601 2914 ministerioque,
630 2859 791 2914 quam
825 2844 1120 2899 artiﬁciosa
1150 2844 1340 2898 isthaec
1376 2842 1515 2906 fieri,
1550 2848 1738 2896 sedne

154 2938 396 3008 aequalis
422 2937 669 3007 quidem,
708 2937 817 2992 imo
847 2938 1048 3007 potius,
1077 2952 1199 3007 qua:
1248 2944 1376 2992 sunt
1407 2936 1739 3006 prmstantis-

154 3034 324 3087 sima:
366 3031 610 3086 melioris
654 3031 815 3085 etiam
852 3047 1032 3086 causre
1070 3046 1169 3085 usu
1216 3030 1410 3087 conﬁci
1443 3037 1741 3086 consenta-

155 3139 357 3178 neum.
414 3122 540 3190 Sed,
575 3122 719 3178 dicet
780 3122 1009 3179 forsitan
1063 3122 1406 3187 Aristoteles,
1447 3123 1502 3177 in
1563 3130 1742 3176 mente

1840 1923 2021 1986 nulus,
2065 1938 2299 1991 quorum
2329 1938 2449 1978 esse
2479 1924 2691 1993 species
2724 1936 2945 1994 negant,
2983 1935 3040 1978 ut
3079 1926 3152 1979 ita
3193 1926 3261 1980 sit
3294 1940 3411 1994 per-

1836 2017 2108 2083 spicuum,
2177 2013 2341 2070 licere
2391 2015 2556 2069 etiam
2610 2015 2700 2070 illa
2750 2031 2986 2085 quorum
3045 2032 3168 2073 esse
3223 2019 3414 2071 dicunt

1840 2112 1988 2166 ideas
2019 2119 2072 2166 et
2102 2126 2224 2167 esse
2253 2120 2307 2166 et
2337 2111 2451 2166 lleri
2480 2112 2781 2182 talibusde
2812 2115 3017 2178 causis,
3064 2114 3132 2168 de
3161 2113 3416 2182 qualibus
3455 2131 3462 2138 ·

1839 2204 2162 2260 naturaliter
2227 2204 2364 2259 fiunt
2417 2214 2582 2271 atque
2617 2220 2646 2259 a
2675 2206 2790 2260 sole
2838 2204 3055 2273 penitus
3089 2220 3197 2259 non
3236 2205 3418 2259 absol-

1838 2306 2060 2359 vuntur,
2090 2311 2157 2350 ne
2183 2311 2212 2349 a
2244 2296 2438 2366 seipsis
2487 2297 2707 2367 quidem
2746 2298 3127 2366 perficiuntur.
3198 2296 3411 2351 Nullam
3490 2328 3499 2339 ι

1840 2388 1983 2441 enim
2023 2388 2324 2457 potentiam
2352 2390 2405 2444 in
2442 2398 2624 2445 actum
2670 2390 2963 2459 procedere
2993 2390 3097 2444 nisi
3138 2389 3207 2444 ab
3243 2390 3416 2444 altero

1840 2480 2094 2550 quopiam
2124 2489 2245 2535 actu
2275 2480 2578 2552 vifquadam
2616 2481 2986 2550 protrudatur,
3016 2498 3083 2537 ne
3103 2497 3191 2547 iue
3224 2497 3414 2539 rursus
3473 2510 3485 2529 ε

1841 2572 1892 2625 id
1920 2572 2063 2641 quod
2095 2572 2209 2626 sola
2250 2572 2300 2627 vi
2337 2572 2539 2627 latente
2561 2572 2675 2628 sive
2705 2574 2942 2643 potentia
2972 2574 3281 2629 absolutum
3309 2587 3414 2636 est,

1841 2659 1895 2714 id
1926 2661 2088 2715 etiam
2122 2663 2300 2730 reipsa
2328 2662 2639 2717 absolutum
2678 2666 2926 2724 eradere.
2963 2664 3068 2717 nisi
3103 2665 3171 2719 ab
3235 2667 3410 2720 altero

1843 2753 2121 2821 quopiam,
2156 2756 2304 2824 quod
2350 2756 2421 2811 sit
2450 2755 2626 2825 reipsa
2655 2755 2969 2824 perfectius,
3004 2767 3409 2825 promoventur.

1846 2841 1940 2897 llis
1964 2843 2032 2898 de
2054 2845 2235 2901 causis
2262 2862 2382 2914 nos,
2415 2847 2529 2915 (Gr.
2562 2850 2664 2902 col.
2694 2848 2798 2904 928
2832 2848 2897 2915 A)
2931 2848 3201 2919 inquient,
3232 2859 3414 2904 actum

1844 2932 2020 3002 illum,
2046 2952 2156 3006 quo
2215 2940 2338 2993 talia
2368 2950 2496 2994 tunc.
2534 2940 2711 2996 solent
2750 2941 2959 3010 perlici,
2988 2942 3273 3012 speciebus
3308 2943 3419 2997 illis

1845 3037 2007 3096 atque
2031 3031 2457 3099 exemplaribus.
2495 3032 2560 3086 Et
2590 3033 2684 3087 has
2706 3048 2733 3086 a
2764 3032 2927 3088 rebus
2952 3034 3302 3090 sensibilibus
3326 3050 3418 3089 se-

1846 3131 2062 3189 paratas
2102 3122 2313 3191 species
2344 3122 2594 3178 bifariam
2635 3124 3051 3195 distinguentes,
3090 3135 3203 3180 tum
3238 3116 3295 3180 in
3327 3141 3420 3181 cas

152 3217 297 3272 solis
346 3215 509 3270 etiam
564 3214 812 3276 istarum,
875 3230 993 3279 qua:
1052 3224 1374 3274 nascuntur,
1410 3213 1739 3282 exemplaria
1771 3212 1814 3269 C
1845 3227 1967 3281 qua
1994 3226 2090 3280 per
2126 3225 2185 3267 se
2212 3213 2277 3267 ad
2305 3213 2583 3269 ellicienda
2606 3229 2771 3285 Opera
2795 3224 2923 3271 sunt
2953 3217 3185 3289 idoneze,
3213 3226 3326 3271 tum
3362 3217 3416 3272 in

151 3310 461 3373 contineri,
493 3324 588 3363 nec
619 3307 742 3363 ullis
761 3316 1018 3377 pratterea
1052 3293 1292 3379 indigere
1312 3306 1739 3393 exemplaribus,

148 3419 285 3471 41ηὶο
317 3417 410 3468 per
444 3403 620 3469 seipsa
651 3400 977 3455 consistant.
1006 3400 1233 3456 Constat
1263 3399 1408 3455 enim
1436 3399 1505 3454 ab
1536 3400 1747 3452 Aristo-

149 3498 267 3551 tclc
302 3496 474 3548 solem
508 3495 875 3564 generationis
922 3507 1112 3547 eorum
1150 3508 1269 3562 quae
1324 3491 1483 3558 fiunt,
1519 3505 1741 3545 causam

147 3586 449 3640 constitui.
485 3584 519 3638 Ιι
553 3585 734 3656 igitur,
765 3585 858 3655 qui
883 3587 1091 3653 species
1113 3583 1455 3639 constituunt
1479 3581 1741 3637 adversus

146 3679 291 3747 ista,
323 3678 426 3732 hoc
448 3676 647 3740 dicent,
679 3678 754 3731 lta
781 3678 1021 3747 quidem,
1045 3678 1090 3730 si
1114 3676 1439 3741 videremus,
1471 3689 1503 3729 o
1533 3674 1744 3730 Aristo-

146 3774 323 3835 tcles,
352 3772 463 3823 lucc
497 3770 790 3824 artiﬁciosa
820 3785 850 3823 a
882 3769 996 3822 suis
1024 3767 1327 3822 artificibus
1358 3767 1547 3822 eodem
1582 3767 1744 3821 modo

145 3868 308 3930 fieri,
342 3880 451 3934 quo
484 3864 569 3917 illa
605 3861 872 3919 naturalia
899 3875 928 3913 a
961 3860 1075 3915 sole
1108 3861 1425 3930 gignuntur,
1455 3868 1568 3912 tum
1606 3874 1741 3913 sane

144 3960 267 4014 tuis
305 3956 485 4011 verbis
512 3955 667 4010 tidem
715 3955 1040 4009 haberemus
1067 3969 1081 4018 ;
1112 3968 1255 4007 nunc
1286 3960 1464 4006 autem
1496 3952 1741 4006 videmus

141 4048 463 4105 artificiosa
489 4048 697 4113 iSIhaec,
729 4046 989 4116 quamdiu
1017 4054 1315 4116 praesentes
1349 4045 1551 4101 habent
1603 4048 1742 4101 arti-

143 4143 316 4207 fices,
366 4141 435 4194 ab
487 4140 791 4210 iisdemque
847 4153 1006 4192 manu
1060 4136 1427 4205 attinguntur,
1478 4136 1745 4205 tantisper

137 4222 472 4306 prolicere,
524 4244 576 4287 et
639 4232 706 4287 ad
775 4230 1165 4301 perfectionem
1224 4230 1742 4298 absolutionemque

138 4342 316 4381 suam
360 4324 601 4386 tendere,
631 4323 775 4393 quod
800 4323 844 4377 si
891 4320 1031 4378 forte
1080 4322 1353 4386 inchoata,
1410 4322 1742 4390 dimidiaque

136 4420 358 4474 saltem
393 4432 454 4470 ex
488 4426 640 4485 parte
691 4415 961 4479 absoluta,
998 4414 1380 4484 relinquantur
1412 4413 1480 4468 ab
1508 4414 1739 4468 artifici-

136 4512 281 4575 hus,
328 4524 435 4561 non
459 4508 567 4576 jam
596 4507 870 4576 acceptius
902 4506 1201 4574 quidquam
1237 4504 1567 4576 promoveri,
1624 4514 1741 4559 tan-
1772 4545 1816 4599 Β

136 4620 331 4674 quam
386 4598 774 4655 auferentitus.
838 4599 1038 4652 Eorum
1079 4607 1261 4652 autem
1316 4610 1492 4666 quaaa
1544 4605 1740 4650 natura

136 4702 298 4751 tiuut
335 4693 590 4762 pleraque
618 4676 864 4746 videmus
893 4692 1054 4745 etiam
1124 4690 1413 4745 recedente
1456 4689 1567 4744 sole
1609 4688 1744 4743 nihil

135 4785 527 4843 nihilominus
556 4783 737 4853 perlici
785 4792 840 4837 et
869 4783 934 4837 ad
967 4782 1364 4837 absolutionem
1429 4796 1582 4835 suam
1617 4796 1741 4850 pro-

130 4882 340 4950 gredi,
382 4877 431 4930 id
462 4877 605 4945 quod
632 4875 865 4928 maxime
898 4874 949 4928 in
987 4874 1052 4929 iis
1078 4881 1133 4928 et
1152 4874 1409 4928 arborum
1440 4882 1493 4927 et
1527 4872 1740 4940 frugum

1849 3302 2008 3368 alias,
2033 3305 2407 3373 qumidipsum
2445 3322 2551 3361 non
2613 3316 2845 3377 possunt
2908 3308 3180 3374 similiter,
3209 3309 3418 3378 prim-es

1848 3394 1969 3449 illas
1990 3396 2179 3449 harum
2207 3414 2387 3453 rerum
2414 3399 2869 3468 sempiternarum
2893 3417 3015 3471 qua:
3039 3407 3220 3458 sensui
3240 3404 3421 3472 solvjec

1847 3495 1949 3541 cla:
1971 3495 2101 3549 sunt
2129 3502 2321 3543 causas
2356 3499 2412 3545 et
2432 3491 2758 3561 exemplaria
2789 3492 3212 3548 constituimus:
3258 3495 3420 3549 hasce

1845 3596 1974 3636 vero
1996 3583 2320 3653 posteriores
2348 3597 2529 3638 rerum
2554 3599 2674 3654 quae
2693 3586 2778 3639 hic
2795 3595 2930 3640 sunt
2948 3586 3414 3653 corruptibilium,

1846 3677 2018 3746 ipsius
2048 3677 2269 3746 quidem
2312 3676 2442 3734 solis
2470 3692 2571 3746 ope
2601 3678 2919 3748 auxilioque
2949 3678 3276 3749 indigentes,
3321 3681 3414 3750 qui

1846 3769 1979 3837 ipsis
2036 3769 2318 3823 materiam
2363 3770 2669 3836 admoveat,
2720 3769 2813 3825 ubi
2869 3784 2997 3824 vero
3046 3768 3323 3826 materiam
3384 3786 3414 3824 a

1846 3863 1961 3916 sole
2001 3862 2331 3931 acceperint,
2380 3862 2529 3931 ipsas
2579 3875 2798 3932 quoque
2851 3878 2948 3932 per
2989 3877 3049 3918 se
3094 3863 3200 3916 vim
3254 3879 3412 3918 exer-

1845 3962 2032 4010 centes
2076 3952 2131 4007 in
2178 3954 2344 4008 illam.
2387 3952 2578 4023 Neque
2618 3968 2748 4009 vero
2808 3969 3007 4009 novum
3059 3955 3414 4026 philosophis

1846 4062 2019 4116 genus
2044 4045 2398 4114 iinducimus,
2452 4048 2720 4116 inquient,
2771 4062 2946 4117 neque
2985 4062 3154 4103 novas
3196 4063 3413 4114 causas,

1846 4147 1908 4194 ut
1948 4149 2004 4192 tu
2044 4138 2202 4204 dicis,
2234 4148 2567 4202 scrutamur,
2609 4139 2704 4194 sed
2736 4153 3022 4195 causarum
3072 4142 3255 4210 potius
3302 4142 3413 4210 ple.

1844 4242 1978 4281 num
2006 4228 2427 4297 absolutumque
2452 4242 2742 4283 numerum
2771 4229 2936 4284 rebus
2961 4243 3080 4298 quae
3104 4239 3231 4285 sunt
3256 4233 3413 4285 attri-

1845 4318 2079 4384 buimus,
2148 4334 2310 4388 quem
2385 4330 2441 4374 tu
2516 4320 2898 4389 imperfectum
2976 4322 3420 4395 diminutumqne

1843 4410 2045 4464 reddis.
2080 4410 2213 4465 Cum
2249 4411 2394 4464 enim
2424 4422 2478 4465 tu
2509 4411 2634 4465 item
2668 4426 2865 4467 causas
2887 4412 2940 4467 in
2969 4425 3205 4483 quatuor
3221 4432 3414 4484 genera

1844 4501 2074 4566 dividas,
2101 4502 2263 4557 trium
2299 4504 2517 4572 quidem
2545 4516 2709 4572 opera
2735 4503 2897 4559 etiam
2933 4508 3049 4575 ipse
3085 4507 3161 4561 uti
3191 4506 3413 4571 videris,

1849 4603 1961 4648 tum
2002 4594 2201 4657 ﬁnalis,
2246 4603 2360 4649 tum
2392 4595 2510 4663 eius
2533 4611 2655 4664 quae
2695 4594 2907 4649 initium
2934 4598 3181 4652 movendi
3214 4600 3416 4667 praebet

1847 4688 2164 4752 materialis,
2218 4687 2465 4744 formalis
2511 4697 2689 4743 autem
2724 4704 2845 4759 quae
2875 4690 3097 4761 ,reliqua
3136 4699 3240 4753 est,
3289 4706 3417 4745 nus-

1845 4795 2008 4849 quam
2055 4766 2301 4834 omnino.
2340 4779 2474 4833 Nam
2513 4780 2558 4833 si
2605 4779 2897 4848 cujuslibet
2943 4781 3018 4834 rei
3066 4782 3249 4835 sensui
3286 4782 3415 4837 sub-

1842 4870 2002 4941 jectae
2033 4870 2269 4939 speciem
2312 4870 2426 4924 sive
2455 4869 2710 4936 formam,
2741 4869 3008 4939 ejusmodi
3039 4886 3159 4927 esse
3190 4887 3412 4928 causam

1845 4962 2074 5024 dixeris,
2106 4963 2195 5015 illa
2222 4976 2353 5016 sane
2387 4960 2831 5016 manifestissime
2862 4976 2967 5015 non
2984 4970 3077 5016 test
3098 4977 3287 5029 causa,
3322 4967 3415 5020 sed

126 4968 455 5042 generibus
482 4974 701 5035 apparet
738 4980 857 5034 qut:
910 4964 1019 5019 cito
1050 4965 1425 5020 absolvuntur.
1474 4962 1550 5019 Ea
1596 4980 1747 5017 nam-

1846 5049 2069 5103 alterius
2089 5049 2391 5116 cuiuspiam
2417 5063 2595 5102 causae
2620 5048 2844 5103 ell‘ectus
2864 5050 2979 5105 sive
2998 5066 3154 5121 opus.
3172 5052 3283 5107 Nos
3298 5056 3419 5122 qui-

124 5076 254 5131 que
295 5071 411 5110 non
446 5055 625 5109 minus
659 5062 817 5107 noctu
870 5067 1033 5131 quam
1103 5051 1349 5105 interdiu
1383 5049 1632 5105 videmus
1664 5051 1745 5103 in-

120 5156 497 5208 crementum
525 5145 770 5213 accipere
793 5130 959 5211 atque
981 5142 1187 5211 perlici.
1224 5142 1373 5195 Illam
1402 5147 1585 5210 itaque
1610 5143 1742 5195 solis

122 5252 401 5300 mentem
438 5239 600 5302 huius
659 5234 1034 5303 perfectionis,
1067 5249 1186 5303 qua:
1219 5234 1309 5286 tali
1366 5235 1423 5285 lit
1476 5243 1739 5301 tempore,

120 5351 253 5391 non
323 5345 488 5400 posse
532 5343 751 5382 causam
818 5306 1103 5388 constitui,
1149 5339 1323 5392 neque
1382 5325 1527 5377 enim
1578 5323 1738 5377 etiam

114 5423 549 5498 participantcs
600 5421 719 5473 illas
771 5430 975 5472 mentes
1008 5417 1124 5471 sine
1156 5418 1272 5471 suis
1307 5432 1428 5485 quae
1461 5415 1569 5470 sibi
1611 5430 1743 5471 con-

1845 5142 1991 5207 dem,
2009 5142 2212 5206 dicent,
2242 5141 2391 5205 (ibid.
2411 5139 2471 5205 C)
2499 5143 2658 5195 linem
2679 5142 3036 5213 ipsum,quod
3065 5154 3147 5201 est
3173 5149 3414 5200 omnium

1845 5246 2136 5286 causarum
2200 5230 2709 5301 prmstantissimum
2773 5249 2946 5302 genus
3000 5250 3108 5288 non
3168 5244 3412 5289 motuum

1846 5322 2044 5387 solum,
2070 5322 2163 5377 sed
2197 5323 2358 5377 etiam
2390 5323 2750 5377 essentiarutn
2779 5334 2833 5379 et
2867 5326 3111 5380 omnium
3153 5342 3417 5396 quaecun-

1820 5429 1951 5482 ‘que
1977 5424 2126 5476 sunt,
2161 5429 2378 5470 summo
2406 5414 2480 5469 illi
2514 5431 2692 5471 rerum
2725 5419 2944 5483 prtesidi
2974 5426 3139 5486 atque
3172 5422 3277 5487 regi
3305 5417 3415 5472 Deo

1846 5507 2221 5573 attribuimus,
2253 5507 2464 5575 species
2489 5518 2668 5563 autem
2704 5508 2826 5563 illas
2855 5510 2971 5565 sive
2998 5510 3198 5563 formas
3233 5502 3415 5563 rerum

1843 5616 1964 5669 qua:
1980 5611 2107 5654 sunt
2130 5586 2460 5668 exemplaria
2482 5602 2903 5665 constituimus;
2931 5611 2987 5655 at
3021 5615 3242 5655 causam
3271 5601 3416 5654 illam

1843 5709 1963 5762 qua:
2012 5694 2263 5747 movi-udi
2300 5693 2512 5748 initium
2543 5696 2771 5764 praebet,
2800 5695 2996 5748 anima:
3031 5694 3105 5747 illi
3131 5700 3252 5762 quae
3290 5694 3417 5750 huic

1846 5786 1984 5840 cmio
2024 5785 2273 5855 prmfccta
2302 5796 2404 5853 cst,
2430 5785 2761 5841 materialcm
2793 5785 3046 5851 denique,
3083 5786 3320 5840 man-rite
3346 5799 3415 5841 ex

106 5521 341 5590 juncta
374 5512 590 5573 habent,
622 5508 944 5577 corporibus
975 5508 1271 5576 quidquam
1306 5506 1521 5561 elucere
1570 5521 1743 5575 posse

114 5615 180 5665 in
224 5606 460 5673 reliqua
489 5618 737 5672 corpora.
771 5601 999 5657 Cunctis
1032 5617 1176 5656 enim
1209 5602 1530 5671 corporibus
1557 5611 1609 5656 ct
1630 5608 1739 5656 situ

115 5704 347 5769 aliquo
372 5682 423 5749 ct
454 5699 622 5765 lignra
652 5711 788 5765 opus
827 5711 971 5758 esse,
1006 5711 1075 5750 au
1115 5711 1178 5750 ea
1204 5711 1325 5765 qua:
1353 5704 1477 5750 sunt
1512 5711 1740 5762 passura

112 5788 391 5864 aliquid,
430 5790 620 5842 horum
656 5800 833 5842 autem
868 5788 1002 5842 nihil
1035 5788 1139 5843 soli
1199 5787 1266 5843 ad
1319 5787 1409 5843 illa
1462 5789 1732 5843 naturalia
