3920 6454
493 367 593 432 921
1706 346 2041 413 GEORGII
2080 341 2520 405 PLETHONIS
3635 330 3728 393 932

496 492 603 545 qua
623 474 932 529 universum
952 462 2073 534 hocconstatcmlum,assignamus,atque
2100 456 2435 539 Aquosdam
2481 468 2546 506 es
2593 448 2868 506 veteribus
2916 457 3188 511 secutum,
3233 446 3564 516 quihusdam
3614 459 3728 498 vero

496 576 576 621 sic
593 565 757 620 rebus
776 577 896 632 qua!
917 570 1040 617 sunt
1063 560 1215 629 plena
1238 558 1512 613 reddimus
1529 570 1725 625 genera
1747 566 2064 608 causarum.

499 656 648 711 Talia
691 657 872 724 itaque
911 653 1092 707 dicent
1123 650 1238 721 (Gr.
1264 648 1493 704 col.928
1528 648 1590 716 ϐ)
1636 647 1673 700 ii
1727 648 1818 715 qui
1857 644 2067 714 species

500 749 840 803 constituunt
877 755 1223 801 occurrentes
1255 741 1654 813 objectionibus
1686 734 2069 800 Arietatelicis,

502 842 591 896 ubi
630 856 762 895 sane
804 854 833 893 a
869 838 987 894 suis
1016 839 1256 907 ipsorum
1291 833 1569 904 principiis
1601 846 1709 885 non
1749 831 2068 898 discrepant

502 933 820 1002 quidquam,
864 930 1207 984 Aristotelem
1264 937 1448 981 autem
1499 925 1833 978 convincunt
1874 921 2069 990 partim

502 1000 811 1085 calumniis,
844 1021 943 1088 uti,
969 1021 1162 1088 partim
1191 1032 1306 1086 non
1333 1016 1385 1071 id
1410 1015 1676 1071 coniicere
1714 1014 1859 1083 quod
1892 1000 2069 1076 vellet,

502 1126 618 1170 tum
664 1116 900 1168 maxime
952 1113 1127 1182 ipsum
1164 1112 1218 1165 in
1266 1109 1455 1165 multis
1503 1105 1867 1177 ignorantiam
1913 1116 2070 1158 suam

507 1206 757 1276 prodere.
802 1204 870 1258 Et
915 1217 1149 1272 quanam
1184 1201 1402 1255 tandem
1455 1199 1663 1254 ratione
1697 1193 2075 1265 reprehensio-

506 1311 627 1349 nem
661 1293 981 1362 ignorantiae
1009 1292 1228 1362 ellugiet
1253 1291 1573 1345 Aristoteles
1599 1289 1655 1343 in
1690 1290 1852 1343 rebus
1882 1285 2074 1340 maxi-

508 1387 612 1442 mis
642 1394 697 1442 et
742 1386 931 1440 ntttltis
970 1385 1112 1447 aliis,
1138 1388 1271 1454 (qua:
1296 1383 1411 1453 jam
1447 1381 1796 1437 recitavimus
1829 1388 1883 1433 et
1916 1392 2073 1432 cum.

506 1478 719 1547 primis,
776 1477 922 1546 quod
987 1475 1347 1545 sempiternis
1394 1475 1645 1529 essentiis
1698 1473 1811 1526 sive
1862 1470 2076 1525 naturis

510 1569 717 1622 nullum
793 1577 1071 1621 auctorem
1135 1568 1249 1621 sive
1328 1575 1739 1636 propagatorem
1810 1561 2074 1630 assignet,

510 1674 692 1728 neque
753 1658 876 1713 illas
942 1674 1007 1713 ex
1081 1659 1336 1711 omnibus
1395 1658 1673 1725 cuiquam,
1735 1654 1881 1723 quod
1946 1652 2075 1715 sint,

514 1758 795 1817 acceptum
848 1748 988 1803 ferre
1040 1749 1206 1803 velit?
1258 1749 1308 1802 id
1359 1747 1506 1817 quod
1563 1747 1716 1801 Plato
1769 1760 1875 1798 non
1926 1742 2074 1803 fecit,

2172 560 2281 600 non
2329 541 2608 598 assentiri.
2634 541 2702 595 At
2752 538 3090 602 Aristoteles,
3140 536 3267 590 licet
3310 534 3571 588 omnibus
3616 548 3726 600 pro-

2173 641 2383 695 miscue
2408 637 2770 701 contradicat,
2802 646 3103 701 omnesque
3126 629 3513 698 reprehendat,
3534 627 3725 681 nullum

2171 743 2353 788 tamen
2404 731 2670 793 nominat,
2702 726 2861 796 cujus
2890 739 2951 779 se
2985 723 3327 778 institutione
3347 719 3627 774 eruditum
3664 717 3729 770 la-

2174 833 2372 886 tcatur,
2420 835 2486 875 ex
2535 834 2645 889 quo
2680 806 2934 890 {apparet
2980 820 3178 886 ,ipsum
3224 829 3286 868 se
3332 811 3580 865 omnium
3626 824 3731 878 qua

2176 915 2396 984 scripsit
2426 911 2770 966 inventorem
2810 907 3051 962 voluisse
3092 906 3285 966 videri,
3313 904 3367 957 id
3396 902 3545 969 quod
3589 901 3733 968 plane

2174 1016 2259 1062 est
2281 1005 2639 1073 sopbisticum
2669 1011 2725 1057 et
2750 1002 2988 1054 alienum
3019 1011 3051 1051 a
3077 993 3324 1049 moribus
3354 993 3466 1045 veri
3499 991 3733 1061 philoso-

2177 1099 2290 1170 plti,
2333 1113 2441 1168 quo
2471 1097 2637 1152 etiam
2667 1093 2798 1149 illud
2830 1090 3086 1161 pertinet,
3123 1085 3268 1156 quod
3310 1086 3365 1137 in
3402 1091 3511 1137 tlne
3550 1081 3737 1150 logico-

2178 1206 2297 1245 rum
2347 1190 2614 1259 gloriatur
2657 1200 2819 1239 suum
2856 1196 2980 1237 esse
3021 1189 3193 1234 totum
3220 1192 3355 1247 opus
3388 1177 3458 1231 de
3496 1173 3738 1229 methodo

2176 1280 2488 1344 dialectica,
2515 1285 2569 1333 et
2591 1276 2761 1340 addit,
2799 1273 2946 1328 illius
2974 1270 3213 1325 methodi
3248 1284 3355 1323 non
3381 1268 3498 1322 haec
3531 1265 3737 1336 quidem

2176 1386 2307 1441 pars
2338 1379 2457 1424 erat
2493 1368 2796 1438 explorata,
2824 1364 2914 1417 illa
2947 1377 3080 1416 vero
3128 1375 3237 1414 non
3280 1367 3421 1420 erat,
3475 1357 3573 1411 sed
3606 1359 3741 1411 nulla

2178 1476 2406 1531 prorsus
2432 1468 2570 1514 erat.
2608 1460 2677 1511 At
2720 1463 2936 1512 constat
2979 1452 3271 1522 Archytam
3302 1446 3430 1504 ante
3471 1450 3647 1519 ipsum
3678 1449 3744 1502 lo-

2180 1555 2355 1625 gicam
2407 1561 2579 1605 artem
2640 1546 3024 1611 contexuisse,
3088 1543 3244 1611 cujus
3296 1541 3589 1611 praeceptis
3642 1542 3746 1610 ipse

2181 1643 2504 1699 Aristoteles
2557 1654 2689 1694 usus
2754 1637 2878 1699 luit,
2936 1634 3070 1707 quin
3124 1634 3290 1689 etiam
3348 1632 3508 1686 Plato
3564 1633 3743 1701 partim

2184 1730 2451 1800 principia
2488 1726 2913 1796 disciplinarum
2955 1723 3253 1793 logicarum
3284 1720 3531 1784 tradidit,
3565 1721 3745 1786 partim

515 1856 689 1908 neque
739 1840 815 1893 illi
855 1840 947 1909 qui
973 1839 1252 1893 Platonem
1299 1814 1625 1908 sequuntur,
1662 1835 1753 1905 qui
1796 1834 2075 1895 nimirum,
2111 1843 2152 1898 Β
2181 1825 2349 1880 etiam
2396 1823 2466 1877 iis
2521 1821 2657 1891 ipsis
2700 1834 2809 1873 non
2857 1817 2977 1872 sine
3020 1824 3138 1869 arte
3174 1814 3229 1868 in
3260 1815 3378 1868 suis
3427 1814 3651 1882 scriptis
3678 1821 3749 1868 est

514 1928 815 1995 principem
859 1928 1007 1981 illum
1059 1927 1416 1996 omniumque
1464 1942 1643 1994 regem
1698 1925 1863 1980 Deum
1921 1923 2085 1977 rebus

517 2032 636 2083 quae
683 2027 813 2072 sunt
855 2017 1233 2085 praalicicntes,
1274 2017 1418 2071 hunc
1464 2017 1640 2085 ipsum
1676 2015 1920 2069 omnium
1952 2013 2088 2067 alio-

520 2123 662 2170 rum,
709 2124 829 2174 qua:
861 2108 1068 2177 possint
1101 2108 1303 2178 aliquid
1335 2122 1595 2177 generare
1638 2115 1846 2175 patrem
1875 2102 1929 2158 et
1962 2117 2089 2173 pro-

519 2208 819 2251 creatorem
851 2201 1095 2253 omnium
1126 2212 1467 2267 quaecunque
1495 2197 1724 2252 consilio
1753 2204 1905 2249 certo
1929 2193 2088 2261 quip-

521 2287 664 2356 piam
704 2287 939 2341 eﬂiciant
978 2287 1317 2342 conditorem
1354 2296 1517 2355 atque
1544 2285 1850 2340 effectorem
1881 2283 2087 2338 consti-

524 2386 700 2443 tuunt,
744 2379 986 2446 nihilque
1034 2381 1191 2447 plane
1231 2393 1446 2442 eorum,
1513 2394 1633 2448 quae
1679 2386 1828 2441 sunt,
1863 2391 1971 2430 non
2019 2375 2088 2429 ad

524 2469 675 2522 illum
704 2469 963 2524 referunt.
1000 2470 1134 2525 Illud
1163 2484 1377 2540 quoque
1403 2470 1623 2525 silentio
1673 2469 2091 2540 praetermittere

528 2576 633 2614 non
684 2574 905 2630 possum
954 2558 1236 2615 Platonem
1277 2561 1332 2615 in
1383 2561 1603 2631 scriptis
1659 2561 1776 2617 suis
1817 2558 1973 2614 fateri
2031 2573 2090 2614 se

549 2770 3605 2799 ___________________________________._____————

1090 2946 1478 3037 INDEX
1581 2938 2109 3033 CAPITUM

2186 1932 2344 1979 usus,
2375 1924 2428 1968 et
2460 1922 2632 1967 artem
2666 1910 2897 1979 Iogicam
2930 1915 3088 1962 vocat
3118 1915 3376 1975 tanquam
3414 1904 3748 1974 exploratam

2187 2011 2280 2065 sed
2334 2004 2576 2060 nondum
2625 2002 2990 2071 exploratam,
3045 2010 3226 2066 neque
3266 2006 3449 2049 tamen
3502 2005 3748 2063 tanquam

2191 2113 2419 2170 prorsus
2453 2111 2562 2150 non
2596 2094 2871 2151 inventam
2895 2089 2989 2144 sed
3014 2087 3126 2158 jam
3161 2088 3389 2141 omnino
3419 2086 3617 2151 in,usu
3647 2100 3752 2139 ver-

2188 2202 2421 2247 santem.
2468 2186 2608 2253 Quid
2634 2184 2799 2254 igitur
2843 2181 2989 2236 dicat
3035 2178 3342 2247 quispiam?
3387 2192 3499 2232 non
3529 2192 3650 2232 esse
3686 2178 3752 2230 di-

2197 2297 2335 2355 gnos
2359 2278 2667 2334 Aristotelis
2694 2276 2869 2329 libros
2900 2272 2993 2339 qui
3025 2271 3313 2339 legantur;
3348 2271 3519 2323 etiam
3543 2272 3752 2323 omnino

2200 2381 2420 2444 propter
2446 2369 2602 2423 utilia
2632 2382 2753 2433 qua:
2806 2365 2861 2419 in
2908 2363 2975 2417 iis
3024 2362 3158 2431 ipsis
3183 2360 3560 2423 continentur,
3612 2362 3752 2415 modo

2197 2462 2374 2516 simus
2428 2470 2699 2514 memores
2748 2453 2950 2508 multos
2997 2463 3116 2509 esse
3167 2450 3357 2505 iisdem
3397 2464 3618 2505 errores
3644 2465 3752 2520 per-

2196 2554 2413 2631 mistos.

2203 2940 2431 3028 HUJ
2456 2936 2590 3028 US
2683 2931 3203 3022 LIBELLI.

599 3324 886 3379 PBEFATIO
914 3321 967 3373 in
993 3333 1101 3387 qua
1130 3315 1416 3371 disseritur
1442 3314 1510 3369 de
1534 3311 1940 3382 comparatione
1972 3308 2095 3365 Pla-
2120 3337 2166 3400 ο
2198 3314 2322 3364 sum
2346 3325 2480 3375 esse,
2498 3311 2580 3362 hic
2601 3314 2853 3377 quantum
2878 3313 3096 3372 possunt
3116 3304 3232 3373 ejus
3256 3304 3490 3355 rationes
3511 3310 3765 3355 terrarum

533 3422 678 3475 tonis
698 3427 755 3472 et
784 3414 1114 3475 Aristotelis,
1153 3410 1454 3465 secundum
1477 3407 1743 3479 judicium
1777 3414 2019 3459 veterum
2046 3411 2100 3458 et

536 3511 926 3568 recentiorum.
966 3504 1083 3560 Non
1115 3518 1337 3574 possum
1369 3510 1550 3556 autem
1594 3499 1682 3555 hic
1713 3514 1819 3554 non
1853 3512 2099 3552 comme-

535 3618 754 3659 morare
789 3600 1030 3670 quaatlam
1056 3613 1178 3667 qua:
1205 3596 1272 3649 de
1293 3595 1399 3649 vita
1422 3593 1774 3662 moribusque
1797 3588 2104 3645 Aristmelis

536 3696 891 3767 prodiderunt
923 3691 1141 3763 quidam
1166 3688 1372 3760 antiqui
1415 3694 1469 3741 et
1511 3685 1849 3741 celeberrimi
1875 3684 2104 3750 scripto-

536 3804 645 3853 res,
666 3803 775 3857 quo
801 3784 1105 3841 evidentius
1125 3790 1386 3852 appareat
1404 3795 1510 3836 non
1534 3794 1721 3835 omnes
1743 3777 1908 3847 hujus
1932 3781 2107 3850 philo-

530 3881 692 3949 scphi
729 3878 1129 3946 assumptiones
1152 3890 1249 3945 pro
1278 3874 1422 3929 veris
1442 3888 1656 3944 semper
1681 3873 2108 3942 amplectendas,

540 3975 777 4041 ideoque
804 3988 833 4023 a
866 3966 1112 4024 Gemisto
1147 3981 1253 4021 non
1278 3977 1479 4022 temere
1505 3967 1802 4022 confutari.
1836 3964 1972 4019 Nam
2000 3976 2110 4034 quo

528 4065 730 4120 snelior
764 4063 845 4116 vir
881 4062 1006 4132 quis
1056 4069 1299 4129 putatur,
1371 4059 1475 4114 hoc
1520 4057 1785 4113 similiora
1838 4072 1969 4113 vero
2033 4058 2111 4109 vi-

526 4163 739 4212 tientur
773 4171 895 4226 qua:
935 4154 1123 4210 sentit.

611 4246 989 4302 Tueodoretus
1011 4243 1269 4318 Cyrensis
1291 4241 1743 4313 episcopus‘libro
1765 4250 1953 4297 contra
1986 4256 2117 4312 gen-

541 4340 665 4393 tiles
697 4338 918 4393 Grazcos
951 4336 1277 4392 duodecimo
1330 4336 1403 4390 ita
1437 4336 1628 4391 scribit
1686 4353 1699 4389 :
1758 4334 1957 4389 Morem
1997 4350 2114 4387 eum

544 4431 706 4498 fuisse
728 4429 996 4483 Aristoteli
1023 4437 1079 4482 ut
1105 4430 1277 4482 oleum
1306 4426 1543 4481 uenderet
1566 4443 1667 4495 quo
1695 4426 1868 4479 calido
1893 4442 1947 4480 se
1970 4428 2115 4494 prius

542 4523 897 4590 perttnxisset.
923 4519 1154 4589 Cumque
1179 4521 1221 4572 is
1244 4519 1370 4572 olim
1392 4520 1444 4571 in
1466 4517 1770 4572 Chalcidem
1796 4519 2114 4588 navigasset,

540 4613 850 4684 publicanos
879 4607 1155 4678 explorato
1186 4609 1300 4677 ejus
1325 4609 1536 4677 navigio
1558 4607 1815 4660 invenisse
1848 4606 1981 4660 ollas
2003 4607 2115 4675 ejus

534 4705 643 4760 olei
682 4714 911 4774 quatuor
948 4712 996 4756 et
1032 4700 1364 4768 septuaginta
1396 4698 1474 4752 vel
1520 4706 1576 4751 ut
1604 4699 1697 4752 alii
1729 4698 1959 4766 referunt
2007 4708 2109 4752 tre—
2142 4700 2192 4761 Ι)

534 4806 744 4852 uittas.

614 4888 760 4941 Idem
797 4885 935 4940 libro
965 4882 1196 4953 quinto:
1222 4880 1532 4936 Aristoteles
1560 4890 1731 4933 autem
1764 4878 1980 4933 Platoni
2013 4880 2118 4932 ad-

540 4985 644 5034 huc
678 4979 863 5032 visenti
888 4976 1164 5043 manifeste
1188 4974 1551 5029 adversarium
1586 4989 1639 5026 se
1670 4972 1893 5041 praebuit
1926 4982 2112 5024 contra

546 5071 886 5128 Academiam
910 5070 1044 5122 bello
1075 5078 1335 5134 suscepto,
1362 5082 1523 5134 neque
1554 5066 1816 5120 doctrina:
1852 5058 1931 5117 illi
1957 5065 2117 5117 Itono-

546 5179 654 5216 rem
686 5161 852 5214 ullum
880 5159 1134 5227 rependit,
1158 5174 1318 5227 quam
1359 5157 1731 5211 liberalissime
1781 5155 1904 5209 olim
1942 5172 2120 5223 perce-

544 5258 643 5323 pit,
670 5267 826 5316 neque
843 5249 1160 5303 celeberrimi
1190 5249 1289 5300 viri
1318 5248 1542 5317 gloriam
1562 5257 1635 5299 est
1662 5249 1934 5309 reveritus,
1961 5260 2121 5314 neque

536 5344 837 5397 Platonica:
870 5340 1177 5409 eloquentia:
1210 5340 1311 5392 vim
1357 5339 1648 5407 pertimuit,
1678 5339 1768 5391 sed
1799 5339 2124 5406 impudenter

538 5434 627 5489 illi
665 5433 1027 5488 adversarium
1073 5447 1128 5485 se
1158 5431 1359 5501 gessit,
1390 5447 1512 5482 cum
1563 5442 1738 5481 tamen
1794 5445 2121 5498 nequaquam

546 5530 823 5581 meliorum
842 5531 1170 5591 ilogmatum,
1196 5523 1285 5576 sed
1310 5521 1474 5573 multo
1498 5521 1735 5589 pejorum
1760 5536 1917 5588 quant
1942 5520 2120 5581 Plato,

540 5621 660 5687 ipse
687 5630 874 5671 auctor
905 5616 1189 5670 exstiterit.
1224 5612 1365 5665 Nam
1392 5629 1509 5664 cum
1543 5613 1628 5665 ille
1661 5615 1893 5667 animam
1927 5614 2122 5666 dixerit

551 5709 926 5770 immortalem,
962 5709 1045 5761 hic
1097 5723 1207 5760 esse
1243 5707 1519 5757 mortalem
1561 5706 1693 5757 dixit
1726 5744 1740 5767 ,
1774 5720 1995 5771 cumque
2028 5704 2120 5757 ille

545 5804 744 5861 dixerit
789 5803 950 5857 Deum
1000 5818 1080 5855 res
1119 5815 1294 5853 omnes
1333 5798 1669 5864 providentur
1711 5814 1836 5851 cura
1891 5799 2117 5866 comple-

2200 3403 2375 3457 orbem
2408 3403 2600 3455 divina:
2637 3397 2978 3469 providentia:
3000 3407 3266 3450 exsortem
3292 3396 3450 3465 facit.

2255 3514 2584 3571 ‘Subscribit
2628 3513 2969 3566 Theodoreto
3002 3508 3326 3563 Laurentius
3356 3509 3509 3564 Valla
3560 3509 3770 3578 prologo

2205 3612 2258 3666 in
2286 3609 2631 3664 Dialecticam
2665 3620 2841 3660 suam.
2870 3603 3001 3669 Qum
3022 3602 3291 3670 eompilat,
3320 3601 3516 3669 inquit,
3546 3617 3651 3654 non
3677 3602 3769 3652 illis

2207 3705 2365 3773 refert
2398 3709 2610 3767 accepta
2652 3717 2683 3752 a
2718 3698 2905 3768 quibus
2936 3694 3189 3763 sumpsit.
3220 3694 3311 3748 sed
3339 3694 3440 3747 sibi
3469 3695 3700 3746 vindicat
3727 3690 3771 3743 {t

2208 3796 2501 3863 ubicunque
2533 3791 2741 3847 eosdem
2766 3803 3007 3858 peccasse
3031 3787 3299 3854 opinatur,
3325 3786 3482 3838 citius
3512 3787 3769 3837 ardentes!

2208 3890 2479 3957 ﬂammam
2512 3900 2603 3940 ore
2638 3882 2903 3937 continere
2933 3895 3084 3949 posse
3128 3894 3287 3947 quam
3332 3894 3437 3931 non
3481 3878 3770 3931 nominare.

2279 3977 2462 4032 Camn
2498 3975 2538 4030 Ι.
2569 3971 2709 4040 Quid
2748 3970 2899 4025 Plato
2942 3969 3010 4024 de
3054 3967 3163 4024 Deo
3210 3980 3263 4023 ct
3313 3983 3495 4022 rerum
3541 3971 3773 4021 omniun

2214 4069 2509 4133 creatione,
2561 4066 2707 4135 quod
2753 4063 3077 4119 Aristoteles
3125 4061 3378 4117 senserit.
3424 4059 3549 4127 Quo
3582 4058 3635 4113 in
3672 4058 3776 4111 loco

2214 4160 2376 4214 etiam
2413 4158 2739 4227 explicatur,
2768 4156 3047 4225 quomodo
3085 4150 3239 4209 Plato
3270 4149 3777 4221 animam.genitatn

2215 4261 2269 4306 et
2304 4250 2604 4317 ingenitam
2636 4246 3009 4318 appellaverit.

2287 4366 2468 4421 Carus
2501 4362 2565 4420 ll.
2606 4361 3042 4431 chrehenditur
3088 4357 3409 4414 Aristoteles
3434 4357 3585 4424 quod
3616 4354 3776 4409 Deum

2219 4474 2492 4515 summum
2528 4456 2772 4512 omnium
2822 4453 3107 4524 prmsidem
3151 4464 3215 4504 ac
3266 4463 3447 4520 regem
3496 4462 3669 4502 unum
3720 4443 3777 4496 ad

2221 4551 2484 4605 movenda
2517 4547 2702 4603 omnia
2752 4546 3005 4599 idoneum
3040 4558 3148 4597 non
3183 4547 3437 4603 censeat,
3470 4552 3663 4591 verum
3709 4535 3779 4588 illi

2222 4644 2401 4699 socias
2432 4637 2688 4695 movendi
2729 4637 2866 4691 alias
2892 4633 3155 4705 quasdam
3195 4641 3408 4686 mentes
3431 4628 3708 4699 adiungat.

2289 4755 2470 4809 Carus
2497 4750 2586 4806 Ill.
2618 4749 2847 4804 Illumne
2894 4747 2963 4802 sit
2992 4759 3165 4815 genus
3192 4743 3437 4798 omnium
3480 4754 3671 4795 earum
3696 4753 3780 4793 re-

2217 4869 2338 4909 rum
2371 4854 2664 4921 quaa'sunt,
2688 4847 2739 4901 ld
2767 4855 2852 4901 est
2874 4861 2941 4899 an
2965 4860 3061 4899 ens
3088 4842 3158 4896 sit
3189 4841 3297 4896 tale
3320 4841 3620 4910 quippiam,
3645 4835 3778 4908 quod

2221 4947 2410 5000 decem
2446 4944 2619 5012 prima
2653 4952 2850 5010 genera
2887 4941 3119 4991 univoce
3169 4948 3277 4988 non
3326 4933 3610 5001 mquivoce
3645 4944 3781 4983 com-

2225 5038 2516 5109 plectatur.

2297 5130 2474 5185 Caeur
2510 5127 2594 5182 IV.
2634 5124 2824 5181 Utrum
2858 5122 3179 5178 Aristoteles
3232 5134 3431 5190 genera
3476 5128 3531 5173 et
3584 5115 3787 5186 species

2230 5232 2378 5278 recte
2410 5218 2682 5276 secundas
2711 5233 2727 5271 :
2762 5216 3048 5271 individua
3077 5227 3207 5268 vero
3233 5212 3436 5281 primas
3462 5207 3789 5264 substantias

2230 5313 2610 5383 appellaverit,
2657 5310 2760 5364 hoc
2794 5317 2897 5365 est.
2930 5321 2998 5361 an
3049 5320 3247 5375 genera
3275 5314 3328 5359 et
3362 5302 3576 5372 species
3620 5298 3791 5353 minus

2225 5408 2335 5461 sint
2365 5420 2528 5475 quam
2566 5402 2892 5472 singularia,
2926 5409 2982 5453 et
3032 5398 3273 5453 secundo
3300 5396 3420 5451 loco
3449 5397 3516 5448 ad
3543 5390 3787 5449 essentia

2227 5500 2494 5553 rationem
2534 5497 2843 5565 pertineant
2879 5505 2948 5545 an
2976 5499 3191 5546 contra.

2299 5612 2484 5665 CAPUT
2517 5610 2577 5664 V.
2630 5606 2822 5662 Utrum
2869 5606 3186 5658 universum
3237 5602 3507 5657 rationem
3557 5601 3787 5656 obtineat

2230 5704 2492 5765 materim,
2518 5702 2705 5756 formae
2729 5712 2908 5754 autem
2940 5712 3088 5767 pars,
3113 5696 3165 5749 id
3195 5703 3297 5758 est,
3324 5709 3393 5749 an
3417 5695 3484 5749 ad
3516 5692 3781 5749 materiam

2233 5806 2438 5865 spectet
2475 5796 2789 5851 universum
2824 5793 3004 5863 potius
3036 5804 3199 5859 quam
3229 5804 3374 5857 pars.
