3920 6454
238 321 329 380 933
908 332 1005 392 DE
1038 334 1463 403 PMTONICA
1511 337 1606 397 ET
1643 339 2205 403 ARISTOTELICA
2252 346 2797 409 PIIILOSOPHIA.

3367 349 3471 409 934

304 438 485 494 Cum
520 438 606 494 VI.
645 439 899 498 Sensune
947 446 1228 515 antiquius
1268 449 1341 504 sit
1379 451 1430 504 id
1460 452 1604 518 quod
1633 468 1798 507 sensu
1823 469 1873 530 Α
1974 458 2155 512 Cum
2194 456 2284 513 XI.
2317 460 2512 514 Anima
2547 463 2692 533 sitne
2725 461 3052 518 inmortalis
3083 462 3224 530 apud
3253 462 3470 519 Aristo-

236 546 347 596 l[ISO
384 532 589 602 percipi
618 544 811 602 potest,
841 538 985 606 quod
1014 549 1209 595 vocant
1234 543 1493 598 sensibile
1528 559 1594 599 an
1640 545 1800 600 simul

234 628 520 690 atrumque
551 631 766 681 natura.
802 626 922 692 Quo
953 628 1007 683 in
1048 629 1168 687 loco
1206 631 1555 689 reIativorum
1604 645 1801 692 natura

232 712 394 767 simul
427 714 761 773 declaratur.

295 806 477 861 Carm
519 807 628 862 VII.
661 810 959 870 lndelinitaz
989 817 1377 887 propositionis
1406 830 1601 877 natura
1637 834 1801 895 atque

229 898 532 966 proprietas
561 896 877 959 declaratur
902 914 955 960 et
978 912 1246 977 quaeritur
1269 927 1532 969 verumne
1558 916 1630 970 sit
1653 917 1798 986 quod

227 985 458 1040 docetur
490 989 632 1057 apud
671 990 1090 1063 Peripateticos,
1123 1001 1370 1054 eamdem
1420 1003 1569 1058 illam
1613 985 1798 1061 veram

225 1083 337 1130 tam
368 1076 727 1136 afﬁrmantem
766 1099 929 1153 quam
956 1101 1244 1158 negantem
1277 1093 1509 1150 inveniri
1540 1112 1721 1167 posse.

293 1170 478 1227 Carur
509 1174 645 1235 VIII.
677 1175 817 1233 Num
859 1183 1172 1239 necessaria
1200 1185 1487 1243 conclusio
1530 1199 1796 1257 sequatur

224 1277 289 1315 ex
320 1263 536 1320 duobus
566 1270 882 1337 praemissis,
907 1287 1138 1342 quarum
1172 1276 1342 1331 altera
1366 1277 1435 1332 sit
1460 1282 1795 1347 necessaria,

221 1354 394 1408 altera
422 1356 681 1427 simplex,
726 1374 795 1415 an
830 1377 960 1419 vero
987 1364 1217 1435 simplex
1249 1367 1534 1424 duntaxat.
1573 1370 1678 1425 Ubi
1715 1374 1792 1427 si-

221 1445 337 1498 mul
384 1455 579 1501 natura
633 1450 799 1505 medii
851 1455 1070 1510 termini
1109 1467 1164 1511 et
1205 1459 1618 1529 proloquiorum
1675 1463 1791 1518 sive

221 1537 632 1603 praemissarum
657 1543 1024 1599 examinatur.

291 1624 477 1680 Carm
512 1625 605 1683 IX.
636 1629 939 1687 Discrimen
974 1634 1090 1699 Dei,
1120 1638 1384 1692 mentium
1432 1639 1548 1695 sive
1594 1640 1790 1697 intelli-

207 1697 526 1786 ‘gentiarum
555 1727 610 1774 et
658 1721 855 1778 anima:
913 1726 1242 1792 declaratur,
1275 1737 1329 1783 et
1373 1730 1434 1783 τὸ
1467 1731 1788 1802 ὐπερούσιον

1908 549 2103 615 telem,
2141 560 2196 604 ct
2235 566 2365 605 num
2410 552 2591 623 aliqua
2627 554 2770 613 bona
2817 562 2942 623 post
2981 563 3208 610 mortem
3256 569 3464 610 (εοηδιιο

1907 638 2105 693 tuenda
2135 639 2266 693 sint.

1971 728 2157 785 CAPUT
2187 729 2306 789 XII.
2344 730 2486 788 Num
2514 733 2744 789 virtutes
2774 734 3035 804 qualitate
3076 744 3131 791 et
3164 736 3467 806 quantitate

1901 822 2013 877 sint
2066 822 2355 879 metienda:
2422 832 2475 880 et
2524 840 2594 881 an
2649 826 3057 884 mediocritates
3103 828 3377 893 dicendae,
3412 837 3469 882 ut

1899 915 2182 969 contendit
2210 915 2553 972 Aristoteles.

1969 1025 2155 1081 CAPUT
2186 1025 2323 1080 XIII.
2365 1026 2522 1093 Quod
2569 1026 2640 1082 sit
2683 1041 2959 1083 summum
3027 1026 3232 1083 bonum
3280 1034 3337 1081 et
3395 1041 3464 1081 an

1900 1117 2221 1173 Aristoteles
2253 1127 2399 1174 recte
2431 1132 2700 1174 summam
2730 1119 3049 1175 felicitatem
3094 1120 3150 1173 in
3192 1117 3466 1188 voluptate

1897 1209 2313 1279 contemplativa
2343 1210 2713 1267 collocaverit.

1967 1323 2145 1379 CAPUT
2172 1322 2314 1378 XIV.
2357 1323 2567 1379 Caelum
2601 1340 2725 1380 esse
2775 1325 2945 1395 igneae
3006 1334 3216 1380 natum
3247 1334 3302 1380 et
3345 1324 3462 1379 dari

1896 1430 2004 1470 non
2039 1424 2290 1485 oportere
2319 1418 2569 1486 quintum
2603 1417 2873 1488 quoddam
2907 1431 3111 1488 corpus
3138 1417 3463 1501 pretende-

1895 1517 2079 1562 menta
2113 1517 2373 1577 quatuor.

1967 1618 2150 1675 CAPUT
2192 1620 2308 1675 XV.
2352 1622 2425 1677 De
2478 1621 2856 1676 immobilitate
2899 1622 3141 1676 siderum
3194 1630 3246 1675 et
3299 1635 3460 1691 quam

1896 1721 2044 1771 recte
2072 1712 2394 1769 Aristoteles
2424 1727 2658 1785 corpora
2687 1713 2933 1770 cmlestia
2972 1712 3212 1769 animata
3251 1714 3463 1767 consti-

219 1810 445 1878 quidem
476 1826 596 1867 esse
636 1814 957 1883 simpliciter
988 1834 1179 1886 unum,
1207 1820 1307 1877 hoc
1327 1832 1429 1887 est,
1461 1834 1521 1879 ut
1542 1840 1793 1898 supremo
1824 1830 1866 1883 Β
1898 1810 2033 1857 tua"

224 1903 339 1956 Deo
362 1911 416 1957 et
434 1894 564 1965 esise
594 1915 647 1960 et
673 1922 834 1977 posse
865 1918 920 1965 et
944 1910 1178 1991 efﬁcere,
1223 1915 1339 1970 sive
1368 1920 1537 1986 magis
1580 1921 1789 1986 placet,

215 1996 513 2050 essentiam
546 2003 841 2067 potentiam
876 2012 930 2056 et
957 2013 1136 2057 actum
1174 2007 1321 2062 nullo
1350 2010 1508 2063 modo
1532 2011 1788 2066 distincta

217 2087 433 2156 haberi,
470 2089 572 2144 hoc
604 2100 690 2145 est
718 2100 775 2145 ut
812 2093 947 2149 alias
977 2095 1072 2161 sit,
1109 2098 1246 2153 alias
1292 2100 1489 2167 possit,
1519 2102 1652 2157 alias
1674 2102 1787 2157 elli-

213 2178 350 2240 ciat,
378 2180 473 2235 sed
510 2191 567 2236 ut
598 2183 762 2238 simul
792 2195 849 2240 et
881 2188 952 2241 sit
994 2199 1047 2243 et
1078 2191 1248 2258 possit
1296 2200 1350 2245 et
1379 2194 1595 2248 elliciat.
1631 2194 1787 2252 Unde

211 2280 406 2338 postea
439 2274 855 2343 reprehenditur
882 2278 1223 2353 Aristoteles,
1250 2282 1342 2352 qui
1378 2286 1614 2339 animam
1649 2287 1785 2341 defi-

210 2365 415 2418 niverit
445 2380 568 2421 esse
602 2377 778 2422 actum
810 2386 827 2437 ;
877 2370 943 2425 de
986 2387 1088 2441 qua
1114 2388 1171 2428 re
1221 2374 1351 2429 libet
1384 2378 1544 2430 etiam
1595 2374 1785 2434 Jacobi

210 2453 448 2526 Ziegleri
474 2456 576 2511 viri
598 2458 746 2513 docti
769 2476 1055 2516 censuram
1084 2463 1399 2520 adscribere
1420 2467 1513 2537 qtti
1546 2469 1625 2523 sic
1653 2472 1785 2524 seri-

208 2545 295 2598 bit
323 2545 559 2614 quodam
590 2548 642 2602 in
680 2550 801 2604 loco
831 2567 844 2605 :
882 2552 985 2606 Sed
1012 2570 1171 2620 quam
1203 2567 1437 2610 sectatur
1462 2576 1587 2629 rogo
1613 2562 1786 2629 (intel-

205 2638 777 2710 ligens-Aristotelem)
816 2639 1331 2700 demonstrationum
1378 2654 1741 2706 necessitatem
1767 2692 1781 2717 ,

208 2729 306 2795 qui
332 2745 363 2780 a
397 2730 603 2797 scriptis
638 2732 747 2784 suis
777 2732 911 2785 sicut
946 2733 1149 2787 libitum
1180 2746 1255 2790 est
1293 2739 1532 2797 discedit.
1558 2743 1786 2811 Auﬁde-

206 2820 404 2888 ﬁniens
441 2821 710 2889 animam,
753 2824 1214 2892 {demonstratione
1258 2845 1381 2885 usus
1432 2833 1556 2885 est?
1606 2837 1785 2889 anima

209 2909 436 2981 (inquit)
468 2924 541 2964 est
574 2922 722 2966 actus
748 2918 980 2983 corporis
1005 2920 1240 2987 organici
1267 2922 1487 2991 physici,
1520 2925 1676 2977 vitam
1698 2928 1785 2978 Ita-

206 3002 381 3055 bentis
409 3001 461 3053 in
491 3006 746 3071 potentia.
777 3005 917 3075 Ergo
954 3009 1094 3063 alius
1127 3020 1333 3065 secutus
1360 3016 1654 3084 exemplum
1692 3020 1781 3072 dc-

204 3094 393 3161 ﬁniat,
424 3096 610 3163 auriga
651 3105 728 3149 est
756 3110 904 3152 actor
935 3102 1189 3154 curriculi
1224 3114 1419 3158 motum
1463 3109 1697 3163 habentis
1729 3113 1783 3165 in

1963 1916 2142 1973 CAPUT
2170 1916 2311 1974 XVI.
2345 1919 2481 1973 Num
2520 1919 3030 1989 coelestia‘corpora
3077 1920 3127 1973 vi
3169 1927 3224 1973 et
3268 1925 3461 1971 natura

1894 2010 2047 2079 ignea
2076 2010 2394 2065 calefaciunt
2426 2012 2540 2065 haec
2570 2010 2848 2073 inferiora,
2883 2024 2952 2062 an
2987 2021 3137 2063 motu
3175 2009 3461 2064 duntaxat.

1960 2122 2134 2178 CAPUT
2171 2124 2333 2179 XVII.
2390 2127 2582 2180 Utrum
2627 2141 2718 2180 ars
2764 2135 2819 2180 et
2866 2134 3062 2179 natura
3112 2124 3415 2179 deliberent
3444 2162 3457 2185 ,

1890 2213 2019 2268 dum
2057 2216 2257 2283 aliquid
2304 2227 2495 2286 agunt.

1958 2327 2139 2383 Cum"
2167 2327 2352 2384 XVIII.
2384 2327 2576 2383 Utrum
2606 2345 2725 2398 quae
2758 2330 2894 2385 fiunt
2921 2333 3103 2386 omnia
3129 2372 3143 2397 ,
3178 2330 3313 2384 ﬁant
3372 2344 3462 2382 ne-

1889 2421 2152 2484 cessario,
2192 2434 2257 2472 an
2291 2429 2345 2474 et
2372 2421 2548 2489 aliqua
2584 2422 2983 2489 contingenter,
3024 2433 3075 2477 et
3113 2434 3293 2479 utrum
3324 2425 3465 2479 dan-

1888 2513 2015 2569 dum
2050 2514 2124 2569 sit
2163 2514 2370 2584 aliquid
2415 2516 2469 2568 in
2513 2514 2579 2569 iis
2624 2530 2742 2584 qua:
2774 2516 2909 2569 liunt
2951 2518 3092 2585 quod
3128 2535 3235 2572 non
3267 2518 3462 2576 habeat

1889 2621 2113 2662 causam
2150 2608 2233 2662 sui
2264 2623 2408 2663 esse.
2442 2606 2574 2660 'I‘ale
2613 2622 2743 2660 vero
2794 2617 2986 2661 tractat
3018 2619 3132 2663 toto
3163 2615 3340 2680 capite
3371 2632 3462 2666 ar-

1888 2706 2206 2766 gumentum
2236 2697 2534 2762 Getnistus,
2565 2700 2705 2765 quod
2737 2700 2783 2754 si
2816 2702 2937 2768 quis
2962 2700 3015 2754 in
3046 2712 3337 2771 conspectu
3368 2708 3461 2759 ha-

1887 2787 2028 2851 beat,
2070 2803 2185 2844 rem
2223 2791 2509 2859 perspicue
2553 2791 2837 2861 intelliget.

1957 2901 2128 2956 Omne
2154 2904 2293 2971 quod
2326 2903 2382 2958 Iit
2411 2904 2477 2958 ab
2508 2904 2681 2974 aliqua
2713 2920 2877 2961 causa
2906 2944 2920 2966 .
2956 2922 3181 2963 necesse
3208 2919 3288 2963 est
3319 2912 3455 2966 litari.

1890 2988 1993 3043 Sed
2021 2992 2201 3044 omnis
2227 3007 2391 3046 causa
2424 3007 2546 3061 quae
2583 2992 2785 3062 aliquid
2832 2994 2981 3059 facit,
3018 2997 3251 3067 idipsum
3279 3008 3331 3052 et
3364 3017 3459 3053 ne-

1889 3084 2128 3137 ccssario
2146 3092 2198 3138 et
2216 3094 2365 3138 certo
2390 3084 2541 3138 facit.
2569 3084 2708 3155 Ergo
2739 3086 2919 3139 omnia
2960 3087 3095 3141 fiunt
3120 3094 3453 3147 necessario.

200 3185 471 3251 patenum
501 3184 639 3238 Nam
666 3188 753 3240 me
780 3205 896 3257 qua,
925 3190 992 3241 ad
1022 3192 1371 3249 substantiam
1400 3198 1627 3254 hominis
1657 3192 1784 3255 aut;
1810 3178 1852 3236 (ι
1888 3169 2149 3226 Minorem
2178 3173 2663 3241 conceditquitlem
2702 3175 3046 3239 Aristotcles,
3072 3178 3165 3231 sed
3194 3184 3455 3247 majorem

201 3272 426 3335 nebant,
450 3274 566 3327 dico
590 3292 750 3345 genus
776 3289 823 3331 et
857 3282 1207 3349 di/ferentiam
1228 3290 1578 3358 essentialem,
1603 3310 1633 3345 a
1661 3298 1779 3363 qui-

199 3364 306 3418 bus
336 3365 540 3419 desumi
573 3367 924 3435 deﬁnitionem
961 3377 1257 3444 oportebat,
1292 3383 1494 3449 attigit.

275 3455 460 3512 CAPUT
511 3457 578 3511 X.
639 3459 988 3518 Platonicum
1042 3468 1238 3537 dogma
1291 3471 1621 3540 defenditur,
1667 3495 1778 3548 quo

199 3548 443 3603 docetur
488 3552 697 3605 animas
748 3569 777 3608 e
827 3556 966 3611 cmlo
1012 3563 1403 3620 descendentes
1466 3567 1771 3625 hauriendo

199 3643 549 3697 oblivionem
611 3662 792 3702 rerum
844 3649 1196 3719 divinarum,
1250 3675 1477 3728 quarum
1526 3664 1578 3717 in
1636 3667 1776 3722 caelo

195 3744 372 3791 erant
421 3738 675 3802 consciae,
717 3740 851 3796 alias
894 3759 1023 3798 vero
1072 3748 1263 3814 magis,
1303 3752 1437 3806 alias
1477 3756 1683 3824 minus,
1718 3752 1771 3813 in

197 3830 374 3883 terris
416 3846 523 3885 non
560 3832 771 3889 discere
804 3839 896 3891 sed
945 3840 1259 3907 reminisci,
1300 3845 1446 3915 quod
1488 3848 1599 3909 illic
1646 3862 1771 3907 ante

194 3923 588 3992 cognoverint.

1353 4027 1385 4053 Ι

1892 3263 2107 3328 Innilat,
2142 3263 2286 3317 unde
2323 3278 2351 3316 a
2396 3263 2642 3319 Getnisto
2675 3267 3111 3335 reprehenditur.

1957 3373 2139 3430 CAPUT
2180 3375 2319 3430 XIX.
2373 3376 2574 3432 Motum
2634 3378 2687 3431 in
2738 3378 2900 3433 rebus
2951 3383 3288 3439 naturalibus
3333 3401 3453 3443 esse

1888 3469 2223 3534 mquivocum
2282 3477 2337 3524 et
2388 3486 2555 3524 unum
2616 3472 2847 3543 agendo,
2907 3474 3136 3529 alterum
3203 3479 3457 3546 patiendo

1887 3560 2024 3615 fieri.

1961 3674 2143 3730 CAPUT
2177 3676 2293 3731 XX.
2342 3678 2417 3733 De
2462 3678 2597 3735 ideis
2633 3693 2650 3735 :
2688 3680 2867 3736 sintne
2933 3681 3105 3752 ideas;
3156 3692 3266 3738 tum
3327 3686 3455 3754 quid

1886 3768 2018 3831 sint,
2056 3782 2109 3823 et
2143 3771 2472 3839 cuiusmodi,
2505 3782 2559 3827 et
2602 3775 2801 3843 quibus
2844 3777 3146 3831 rationibus
3190 3777 3309 3832 illas
3339 3778 3457 3831 Pla-

1889 3862 2057 3914 tonici
2088 3864 2348 3920 adversus
2377 3864 2720 3922 Aristotelem
2753 3867 3125 3922 adversarium
3161 3884 3322 3923 suum
3359 3870 3458 3924 de-

1888 3952 2129 4007 fendant.
