3920 6454
541 361 642 426 921

1755 340 2090 406 GEORGII
2129 334 2569 399 PLETHONIS

3625 333 3704 394 932

545 485 652 540 qua
673 467 981 523 universum
1000 463 1102 517 hoc
1117 455 2122 527 constatcmlum,assignamus,atque
2149 475 2196 533 Α
2221 449 2484 518 quosdam
2530 461 2595 500 ex
2642 442 2917 500 veteribus
2965 450 3236 505 secutum,
3279 439 3572 509 quibusdam
3610 459 3704 499 vero

545 569 625 615 sic
642 559 806 614 rebus
825 571 945 626 quae
965 564 1089 610 sunt
1112 553 1264 623 plena
1287 551 1561 606 reddimus
1577 563 1774 619 genera
1796 560 2112 602 causarum.

548 650 697 704 Talia
741 651 922 718 itaque
961 647 1142 701 dicent
1172 643 1288 715 (Gr.
1313 642 1542 698 col.928
1576 639 1639 710 C)
1685 641 1722 694 ii
1775 641 1868 708 qui
1905 637 2116 707 species

549 743 889 797 constituunt
925 748 1272 794 occurrentes
1304 735 1703 806 objectionibus
1735 727 2118 793 Arist0telicis,

551 835 640 890 ubi
679 849 812 888 sane
853 847 883 887 a
918 831 1036 887 suis
1065 833 1305 901 ipsorum
1339 826 1618 897 principiis
1649 839 1758 878 non
1798 824 2118 891 discrepant

551 927 870 996 quidquam,
913 924 1256 978 Aristotelem
1313 930 1498 975 autem
1548 918 1882 972 convincunt
1922 914 2118 996 partim

551 992 860 1079 calumniis,
893 1014 992 1082 uti,
1018 1013 1212 1082 partim
1250 1025 1356 1066 non
1381 1010 1434 1064 id
1459 1008 1726 1064 conlicere
1763 1007 1909 1076 quod
1940 992 2118 1070 vellet,

551 1119 667 1164 tum
713 1109 949 1162 maxime
1001 1107 1177 1176 ipsum
1213 1105 1268 1158 in
1314 1103 1504 1158 multis
1551 1098 1916 1170 ignorantiam
1961 1109 2119 1151 suam

556 1200 806 1270 prodere.
851 1198 920 1252 Et
965 1211 1199 1266 quanam
1233 1194 1452 1248 tandem
1504 1192 1712 1247 ratione
1745 1186 2124 1259 reprehensio-

556 1305 676 1343 nem
710 1287 1031 1356 ignorantiae
1059 1285 1278 1356 eﬂugiet
1302 1283 1622 1339 Aristoteles
1649 1283 1704 1336 in
1739 1283 1900 1336 rebus
1931 1279 2123 1334 maxi-

557 1380 662 1435 mis
691 1388 747 1436 et
791 1381 980 1434 multis
1019 1379 1162 1441 aliis,
1187 1383 1320 1448 lqua‘.
1345 1377 1461 1446 jam
1496 1375 1845 1430 recitarimus
1877 1381 1932 1427 et
1963 1385 2122 1426 cum-

556 1472 770 1541 primis,
825 1471 972 1539 quod
1037 1469 1396 1540 sempiternis
1443 1468 1695 1523 essentiis
1747 1467 1860 1520 sive
1911 1463 2126 1518 naturis

559 1563 768 1616 nullum
843 1571 1121 1616 auctorem
1184 1561 1298 1615 sive
1377 1569 1788 1629 propagatorem
1859 1554 2123 1623 assignet,

559 1667 742 1722 neque
803 1651 926 1707 illas
991 1667 1056 1706 ex
1130 1651 1385 1705 omnibus
1445 1651 1722 1718 cuiquam,
1784 1647 1930 1717 quod
1995 1646 2124 1709 sint,

563 1752 845 1811 acceptum
898 1742 1038 1797 ferre
1089 1742 1256 1796 velit?
1307 1743 1357 1796 id
1408 1740 1555 1810 quod
1611 1740 1765 1794 Plato
1818 1753 1924 1791 non
1975 1735 2123 1796 fecit,

2221 553 2330 593 non
2378 534 2656 592 assentiri.
2682 533 2751 588 At
2801 531 3138 594 Aristoteles,
3188 528 3312 583 licet
3353 529 3578 584 omnibus
3613 547 3704 597 pro-

2221 635 2431 688 miscue
2457 629 2819 694 contradicat,
2851 638 3153 695 omnesque
3175 622 3534 690 reprehendat,
3550 624 3704 678 nullum

2219 736 2401 781 tamen
2453 723 2719 786 nominat,
2751 720 2910 788 cujus
2939 733 2999 773 se
3033 715 3370 771 institutione
3389 714 3625 768 eruditur
3656 715 3708 768 la-

2223 826 2421 879 teatur,
2469 828 2536 868 ex
2584 827 2694 881 quo
2729 799 2983 882 iapparet
3029 812 3228 879 ,ipsum
3271 821 3332 861 se
3375 805 3589 859 omnium
3625 821 3710 875 qua

2225 907 2445 977 scripsit
2475 904 2819 958 inventorem
2859 900 3101 955 voluisse
3141 899 3331 958 videri.
3357 897 3411 950 id
3435 896 3563 963 quod
3597 897 3713 964 plane

2223 1009 2308 1054 est
2329 997 2688 1067 sophisticam
2718 1003 2774 1051 et
2799 994 3036 1047 alienum
3068 1003 3100 1044 a
3126 987 3369 1042 moribus
3397 987 3499 1040 veri
3527 987 3712 1055 philoso-

2225 1092 2339 1163 plii,
2381 1106 2490 1161 quo
2520 1089 2686 1145 etiam
2716 1085 2848 1142 illud
2879 1083 3136 1153 pertinet,
3171 1078 3316 1148 quod
3357 1078 3410 1130 in
3443 1084 3538 1131 ttae
3567 1077 3717 1146 logico-

2226 1199 2346 1238 rum
2396 1183 2663 1252 gloriatur
2706 1192 2869 1232 suum
2905 1188 3030 1230 esse
3069 1183 3242 1227 totum
3269 1185 3402 1240 opus
3431 1171 3493 1224 de
3525 1170 3717 1224 methodo

2225 1273 2537 1338 dialectica,
2564 1278 2619 1326 et
2639 1269 2810 1333 addit,
2849 1266 2995 1321 illius
3023 1262 3262 1318 methodi
3296 1276 3403 1316 non
3426 1261 3528 1316 haec
3555 1261 3717 1330 quidem

2225 1379 2357 1434 pars
2388 1372 2506 1418 erat
2542 1361 2846 1431 explorata,
2873 1357 2963 1410 illa
2995 1369 3130 1409 vero
3177 1367 3287 1407 non
3329 1360 3462 1414 erat.
3511 1352 3590 1406 sed
3616 1355 3721 1405 nulla

2227 1469 2455 1524 prorsus
2481 1461 2619 1508 erat.
2657 1453 2726 1504 At
2769 1455 2985 1505 constat
3028 1445 3323 1515 Archytam
3353 1453 3472 1498 ante
3508 1443 3650 1512 ipsum
3671 1443 3724 1497 lo-

2229 1548 2404 1618 gicam
2456 1554 2628 1598 artem
2689 1539 3074 1604 contexuisse,
3137 1536 3293 1604 cujus
3347 1535 3606 1605 praeceptis
3645 1536 3725 1604 ipse

2230 1636 2553 1692 Aristoteles
2605 1647 2738 1687 usus
2804 1629 2928 1692 fuit,
2985 1627 3120 1700 quin
3173 1627 3342 1682 etiam
3398 1625 3540 1679 Plato
3583 1626 3724 1694 partim

2233 1723 2500 1794 principia
2537 1719 2962 1789 disciplinarum
3004 1716 3304 1786 logicarum
3336 1712 3559 1777 tradidit,
3587 1714 3726 1779 partim

564 1806 739 1902 neque
789 1833 864 1887 illi
905 1834 998 1903 qui
1021 1832 1301 1887 Platonem
1349 1806 1674 1901 sequuntur,
1711 1829 1802 1899 qui
1844 1827 2124 1888 nimirum,
2160 1836 2201 1892 Β
2230 1819 2398 1873 etiam
2445 1816 2515 1870 iis
2571 1814 2706 1884 ipsis
2750 1827 2858 1866 non
2907 1809 3027 1866 sine
3070 1817 3186 1862 arte
3223 1806 3277 1860 in
3311 1808 3427 1861 suis
3472 1807 3654 1875 scriptis
3675 1814 3729 1860 est

563 1922 865 1989 principem
908 1921 1056 1975 illum
1108 1920 1466 1990 omniumque
1512 1935 1692 1988 regem
1747 1918 1913 1973 Deum
1970 1917 2134 1970 rebus

566 2025 686 2077 qua;
733 2021 863 2065 sunt
905 2011 1282 2080 praelicientes,
1323 2009 1468 2065 hunc
1513 2011 1689 2079 ipsum
1725 2008 1969 2063 omnium
2001 2007 2137 2060 alio-

568 2117 712 2164 rum,
758 2117 879 2168 quae
911 2101 1118 2171 possint
1149 2101 1352 2171 aliquid
1385 2115 1645 2171 generare
1689 2109 1895 2169 patrem
1924 2095 1978 2151 et
2011 2110 2137 2166 pro-

569 2202 868 2246 creatorem
901 2194 1144 2246 omnium
1175 2205 1517 2261 quacunque
1544 2190 1774 2246 consilio
1803 2197 1954 2241 certo
1977 2187 2136 2254 quip-

570 2281 714 2350 piam
754 2281 989 2334 elliciant
1027 2280 1367 2336 conditorem
1403 2289 1566 2348 atque
1593 2278 1900 2334 eﬂectoretn
1930 2276 2136 2332 consti-

573 2380 750 2436 tuunt,
793 2372 1036 2439 nihilque
1082 2374 1241 2441 plane
1280 2386 1496 2435 eorum,
1562 2387 1683 2441 qua:
1728 2379 1877 2434 sunt,
1912 2385 2020 2424 non
2068 2368 2138 2422 ad

573 2463 725 2517 illum
753 2463 1012 2518 referunt.
1049 2463 1184 2518 Illud
1213 2477 1426 2533 quoque
1453 2463 1673 2518 silentio
1723 2462 2140 2533 praeteritiittere

577 2570 682 2608 non
733 2568 955 2624 possum
1003 2552 1286 2608 Platonem
1326 2554 1382 2608 in
1433 2554 1653 2624 scriptis
1708 2553 1826 2610 suis
1867 2551 2022 2606 fateri
2080 2566 2140 2607 se

598 2761 3626 2793 _______________________.____._____________.——

1139 2939 1527 3031 INDEX
1631 2931 2159 3026 CAPITUM

647 3318 935 3372 Pulcra-no
963 3314 1016 3367 in
1043 3327 1150 3381 qua
1179 3309 1465 3365 disseritur
1491 3307 1559 3363 de
1583 3305 1990 3376 comparatione
2022 3302 2145 3358 Pla-
2170 3330 2216 3394 ο

581 3415 728 3469 tonis
747 3421 804 3466 et
833 3408 1164 3468 Aristotelis.
1203 3404 1504 3460 secundum
1527 3401 1793 3473 judicium
1826 3408 2069 3453 veterum
2095 3404 2150 3452 et

585 3505 976 3562 recentiorum.
1015 3498 1132 3553 Non
1164 3511 1386 3568 possum
1418 3503 1600 3550 autem
1644 3493 1732 3548 hic
1763 3507 1868 3547 non
1902 3505 2148 3546 comme-

584 3611 803 3653 morare
839 3594 1080 3664 quaedam
1105 3606 1228 3661 quae
1254 3590 1322 3643 de
1342 3589 1449 3643 vita
1471 3587 1824 3655 moribusque
1847 3581 2154 3639 Aristotelis

585 3689 940 3761 prodiderunt
973 3685 1192 3756 quidam
1215 3682 1422 3753 antiqui
1465 3687 1518 3735 et
1561 3678 1900 3734 celeberrimi
1924 3678 2154 3744 scripto-

583 3797 695 3847 res,
716 3797 825 3851 quo
851 3778 1155 3835 evidentius
1175 3784 1436 3846 appareat
1453 3789 1559 3829 non
1583 3787 1771 3829 omnes
1793 3771 1958 3841 hujus
1982 3774 2156 3844 philo-

579 3875 742 3943 .soplii
777 3872 1180 3941 assumptiones
1202 3883 1299 3938 pro
1327 3867 1472 3923 veris
1491 3882 1705 3938 semper
1730 3867 2158 3936 amplectemlas,

581 3969 827 4035 ideoque
854 3982 883 4017 a
915 3960 1162 4018 Gcmisto
1197 3975 1304 4016 non
1327 3971 1529 4016 temere
1555 3960 1852 4016 confutari.
1885 3957 2022 4014 Nam
2050 3971 2160 4028 quo

577 4059 780 4113 melior
813 4057 895 4110 vir
931 4056 1056 4126 quis
1106 4063 1349 4123 putatur,
1421 4053 1525 4108 hoc
1569 4051 1835 4107 similiora
1888 4066 2019 4106 vero
2083 4052 2160 4103 vi-

575 4155 789 4206 dentur
822 4164 945 4220 qua:
985 4149 1173 4205 sentit.

661 4240 1040 4296 'l‘neodoretus
1061 4237 1319 4311 Cyrensis
1341 4235 1792 4307 episcopns'libro
1815 4244 2002 4291 contra
2035 4249 2166 4306 gen-

591 4333 715 4387 tiles
747 4331 968 4386 Graecos
1001 4330 1328 4386 duodecimo
1379 4329 1453 4383 ita
1487 4329 1678 4385 scribit
1736 4346 1749 4383 :
1807 4327 2006 4382 Morem
2046 4344 2164 4382 eum

593 4425 756 4492 fuisse
777 4422 1046 4476 Aristoteli
1073 4431 1128 4475 ut
1155 4423 1327 4476 oleum
1356 4420 1592 4474 uenderet
1615 4436 1716 4489 quo
1744 4420 1917 4474 calido
1942 4435 1996 4474 se
2019 4421 2164 4487 prius

591 4517 947 4584 pertraxisset.
973 4513 1204 4583 Cumque
1229 4514 1271 4566 is
1294 4513 1420 4565 olim
1442 4513 1494 4564 in
1515 4510 1820 4566 Chalcidem
1846 4511 2163 4581 nauigasset,

591 4607 901 4678 publicanos
929 4601 1205 4672 explorato
1235 4602 1351 4670 ejus
1375 4602 1586 4670 navigio
1609 4600 1865 4654 invenisse
1897 4599 2031 4654 ollas
2052 4601 2165 4669 ejus

583 4699 694 4754 olei
731 4707 962 4767 quatuor
997 4705 1046 4749 et
1081 4694 1414 4762 septuaginta
1445 4692 1524 4746 uel
1570 4699 1626 4744 ut
1654 4691 1746 4746 alii
1778 4691 2010 4760 referunt
2057 4701 2160 4745 tre-
2191 4693 2242 4754 ι)

585 4800 795 4846 cantas.

663 4881 810 4935 Idem
846 4879 985 4933 libro
1015 4876 1246 4946 quinto:
1271 4873 1582 4929 Aristoteles
1609 4883 1781 4927 autem
1814 4871 2029 4927 Platoni
2062 4873 2168 4926 ad-

588 4978 694 5029 huc
728 4972 914 5026 uiuenti
937 4970 1214 5037 manifeste
1237 4967 1602 5022 aduersarium
1635 4983 1689 5020 se
1720 4965 1944 5035 prwbuit
1975 4975 2162 5018 contra

596 5065 936 5122 Academiam
959 5063 1094 5116 bello
1125 5071 1384 5128 suscepto,
1412 5075 1573 5128 neque
1603 5059 1866 5114 doctrina:
1901 5051 1981 5111 illi
2006 5058 2166 5110 Itono-

590 5173 704 5210 rem
736 5154 904 5208 ullum
929 5152 1184 5220 rependit,
1209 5167 1368 5220 quam
1408 5151 1781 5204 liberalissime
1830 5149 1954 5203 olim
1991 5165 2169 5217 perce-

593 5250 694 5318 pit,
721 5261 876 5310 neque
893 5242 1210 5296 celeberrimi
1240 5242 1339 5294 uiri
1369 5241 1592 5310 gloriam
1612 5250 1685 5293 est
1711 5242 1984 5302 reveritus,
2011 5254 2171 5307 neque

585 5338 887 5394 Platonica:
921 5333 1227 5404 eloquentia:
1260 5334 1362 5386 vim
1407 5332 1698 5402 pertimuit,
1728 5332 1818 5385 sed
1847 5332 2174 5400 impudenter

583 5429 677 5483 illi
715 5427 1077 5481 adversarium
1123 5441 1178 5479 se
1208 5425 1409 5495 gessit,
1439 5441 1561 5476 cum
1612 5435 1788 5475 tamen
1844 5438 2172 5492 nequaquam

597 5524 874 5575 meliorum
892 5524 1220 5584 dogmatum,
1246 5517 1335 5569 sed
1359 5514 1524 5568 multo
1548 5515 1784 5584 pejorum
1810 5530 1967 5583 quam
1991 5513 2171 5575 Plato,

591 5614 712 5682 ipse
737 5623 924 5665 auctor
955 5609 1239 5664 exstiterit.
1273 5606 1415 5660 Nam
1442 5622 1559 5658 cum
1593 5607 1678 5660 ille
1711 5609 1944 5661 animam
1977 5607 2172 5660 dixerit

601 5702 976 5764 immortalem,
1012 5702 1096 5754 hic
1147 5716 1257 5754 esse
1293 5700 1569 5751 mortalem
1611 5700 1744 5751 dixit
1776 5738 1790 5761 ,
1824 5715 2046 5766 cumque
2078 5698 2170 5752 ille

595 5797 794 5855 dixerit
839 5796 1000 5850 Deum
1050 5810 1131 5848 res
1169 5808 1345 5846 omnes
1382 5792 1718 5857 providentia:
1754 5808 1886 5844 cura
1941 5793 2168 5860 comple-

2235 1925 2394 1973 usus,
2425 1916 2477 1961 et
2509 1915 2682 1960 artem
2715 1903 2946 1972 logicam
2979 1908 3138 1954 vocat
3167 1909 3427 1968 tanquam
3461 1897 3728 1967 exploratam

2235 2003 2329 2058 sed
2383 1996 2626 2053 nondum
2675 1995 3040 2064 exploratam,
3095 2003 3274 2059 neque
3319 1999 3494 2042 tamen
3536 1997 3728 2056 tanquam

2239 2105 2468 2164 prorsus
2501 2104 2612 2144 non
2645 2086 2920 2141 inventam
2943 2082 3039 2136 sed
3063 2080 3176 2151 jam
3211 2081 3440 2134 omnino
3466 2079 3630 2144 inusu
3652 2092 3733 2131 ver-

2237 2195 2471 2240 santem.
2517 2178 2658 2247 Quid
2683 2177 2849 2247 igitur
2891 2174 3039 2228 dicat
3084 2171 3396 2241 quispiam?
3437 2184 3656 2224 nouesse
3682 2169 3733 2221 di-

2246 2290 2384 2348 gnos
2407 2271 2716 2327 Aristotelis
2743 2269 2918 2322 libros
2950 2265 3043 2333 qui
3074 2263 3368 2332 legantur;
3403 2263 3553 2316 etiam
3573 2264 3736 2315 omnino

2249 2375 2470 2437 propter
2495 2362 2653 2417 utilia
2681 2375 2803 2426 quae
2856 2359 2911 2412 in
2957 2356 3024 2410 iis
3073 2355 3208 2425 ipsis
3231 2353 3588 2414 continentur,
3627 2353 3736 2405 modo

2246 2455 2424 2510 simus
2477 2463 2748 2508 memores
2798 2446 2999 2502 multos
3047 2457 3166 2502 esse
3216 2443 3412 2498 iisdem
3447 2457 3634 2498 errores
3655 2456 3740 2512 per-

2245 2547 2463 2624 mistos.

2252 2929 2640 3022 HUJUS
2733 2925 3254 3015 LIBELLI.

2248 3306 2372 3358 :c'um
2395 3318 2529 3368 esse,
2547 3303 2630 3356 hic
2651 3307 2903 3370 quantum
2929 3306 3145 3365 possunt
3165 3297 3285 3366 ejus
3311 3297 3535 3350 rationes
3553 3301 3747 3346 terrarum

2250 3396 2425 3450 orbem
2457 3395 2650 3449 divina.-
2686 3390 3028 3462 proaidentia
3049 3401 3320 3443 exsortem
3347 3389 3500 3459 facit.

2304 3507 2634 3564 ‘Snbscribit
2677 3505 3020 3560 Theodoreto
3053 3501 3382 3556 Laurentius
3411 3502 3553 3557 Valla
3593 3498 3750 3569 prologo

2254 3605 2308 3660 in
2336 3602 2680 3657 Dialecticam
2715 3613 2891 3654 suam.
2920 3596 3051 3662 Quae
3072 3596 3346 3664 eompt'lat,
3375 3595 3560 3663 inquit,
3584 3607 3666 3646 non
3685 3589 3753 3641 illis

2256 3698 2415 3766 refert
2448 3703 2660 3761 accepta
2702 3710 2733 3746 a
2768 3691 2956 3762 quibus
2986 3688 3240 3756 sumpsit.
3272 3688 3366 3742 sed
3394 3687 3492 3741 sibi
3518 3685 3701 3738 vindicat
3721 3677 3753 3730 αἰ

2257 3789 2552 3857 ubicunque
2583 3784 2792 3840 eosdem
2816 3796 3058 3852 peccasse
3081 3781 3354 3848 opinatur,
3380 3780 3532 3832 citius
3557 3775 3754 3828 ardentia

2258 3883 2528 3951 ﬂammam
2562 3893 2653 3934 ore
2688 3875 2954 3930 continere
2984 3888 3134 3942 posse
3178 3888 3341 3940 quant
3388 3887 3490 3925 non
3531 3866 3754 3922 nominari.

2328 3971 2512 4026 Carur
2547 3968 2588 4023 I.
2619 3965 2759 4034 Quid
2797 3963 2950 4019 Plato
2992 3962 3061 4018 de
3105 3960 3214 4018 Deo
3261 3974 3316 4017 et
3369 3976 3545 4016 rerum
3581 3957 3758 4012 omniuu

2263 4062 2559 4128 creatione,
2611 4059 2757 4129 quod
2803 4057 3127 4113 Aristoteles
3175 4054 3434 4110 senserit.
3479 4052 3588 4118 Quo
3614 4048 3657 4102 in
3683 4045 3759 4097 loco

2263 4154 2425 4207 etiam
2463 4151 2789 4221 explicatur,
2818 4149 3098 4219 quomodo
3135 4143 3292 4203 Plato
3323 4137 3762 4211 animam,genitatn

2264 4254 2318 4299 et
2353 4244 2654 4312 ingenitam
2685 4240 3060 4312 appellaverit.

2337 4359 2517 4415 Carur
2551 4355 2615 4414 ll.
2655 4354 3092 4425 Reprehenditur
3139 4351 3463 4407 Aristoteles
3488 4346 3620 4418 quod
3645 4342 3762 4398 Deum

2268 4467 2542 4508 summum
2578 4449 2822 4506 omnium
2872 4447 3156 4518 praesidem
3201 4457 3267 4498 ac
3317 4456 3499 4514 regem
3544 4449 3684 4493 unum
3721 4426 3762 4480 ad

2270 4545 2534 4599 movenda
2566 4541 2752 4597 omnia
2802 4539 3056 4593 idoneum
3089 4551 3198 4590 non
3233 4540 3491 4596 censeat,
3522 4540 3682 4583 verum
3715 4517 3764 4574 illi

2271 4637 2451 4692 socias
2481 4631 2738 4689 movendi
2779 4630 2916 4685 alias
2942 4627 3204 4700 quasdam
3245 4635 3461 4680 mentes
3484 4619 3716 4689 adjnngal.

2338 4749 2520 4803 Carur
2547 4744 2636 4800 lll.
2668 4743 2898 4798 Illumne
2943 4741 3014 4797 sit
3043 4753 3216 4809 genus
3242 4736 3491 4792 omnium
3531 4741 3691 4787 earum
3710 4737 3764 4778 re-

2267 4863 2388 4904 rum
2420 4848 2714 4914 qum'sunt,
2738 4840 2788 4895 id
2817 4849 2902 4895 est
2924 4854 2991 4894 an
3015 4854 3111 4894 ens
3138 4836 3209 4891 sit
3239 4834 3348 4891 tale
3371 4832 3650 4904 quippiam,
3669 4817 3763 4893 quod

2270 4940 2460 4994 decem
2495 4936 2669 5006 prima
2702 4946 2900 5004 genera
2936 4935 3170 4985 univoce
3220 4943 3327 4982 non
3379 4925 3642 4995 tequivoce
3668 4928 3767 4969 com-

2274 5031 2566 5103 plectatur.

2347 5124 2524 5179 Carur
2560 5121 2644 5177 IV.
2684 5118 2874 5175 Utrum
2908 5115 3230 5172 Aristoteles
3282 5127 3483 5184 genera
3525 5119 3576 5164 et
3621 5097 3772 5172 spetics

2280 5226 2429 5272 recte
2460 5212 2732 5270 secundas
2761 5227 2777 5265 :
2812 5209 3099 5266 individua
3127 5221 3258 5262 vero
3281 5205 3488 5276 primas
3513 5190 3773 5255 subitam.“s

2281 5306 2660 5377 appellaverit,
2707 5304 2810 5358 lioe
2843 5311 2948 5358 est.
2980 5315 3048 5355 an
3099 5313 3297 5368 genera
3323 5307 3380 5351 et
3415 5293 3614 5366 Species
3649 5283 3776 5339 minus
3856 5343 3857 5356 χ

2275 5373 2385 5456 sint
2415 5413 2578 5469 quam
2603 5395 2943 5466 singularia,
2975 5402 3033 5448 et
3082 5391 3321 5447 secundo
3349 5389 3472 5444 loco
3499 5387 3560 5440 ad
3584 5373 3774 5436 essenlii

2277 5494 2544 5547 rationem
2584 5490 2894 5560 pertineant
2930 5499 2998 5539 an
3027 5493 3241 5539 contra.

2348 5605 2534 5659 Carur
2567 5603 2627 5658 V.
2679 5600 2872 5656 Utrum
2919 5599 3237 5652 universum
3286 5595 3550 5650 rationem
3594 5585 3774 5642 obtineat

2281 5697 2543 5761 materiae,
2568 5695 2755 5750 formae
2778 5705 2958 5748 autem
2990 5705 3139 5761 pars.
3164 5690 3216 5744 id
3245 5697 3346 5752 est,
3375 5701 3444 5742 an
3467 5685 3530 5741 ad
3557 5675 3772 5738 materiam

2283 5799 2488 5859 spectet
2525 5790 2839 5844 universum
2875 5786 3054 5857 potius
3086 5798 3248 5853 quam
3279 5796 3425 5851 pars.
