3920 6454
225 308 316 367 923
894 320 991 380 DE
1024 322 1448 389 PLATONICA
1498 326 1591 386 ΕΤ
1628 328 2193 393 ARISTOTELICA
2238 337 2783 399 PIIILOSOI’HIA.

3352 342 3457 419 sat

291 425 471 480 CAPUT
507 424 592 481 Vl.
631 426 885 486 Scnsune
933 435 1213 503 antiquius
1254 438 1326 492 sit
1365 440 1415 493 id
1445 440 1590 507 quod
1619 457 1784 496 sensu
1809 458 1859 520 Α
1960 448 2141 502 Caper
2180 447 2269 503 XI.
2303 450 2498 505 Anima
2533 454 2678 523 sitne
2710 452 3038 510 immortalis
3069 454 3209 522 apud
3238 454 3455 512 Aristo-

222 533 332 582 tpso
370 520 574 589 percipi
604 531 797 589 potest,
827 525 971 593 quod
1000 537 1195 583 vocant
1219 531 1478 587 sensibile
1513 548 1580 587 an
1625 534 1786 590 simul

220 616 505 678 atrumque
536 618 751 668 natura.
788 613 907 679 Quo
938 615 992 670 in
1034 617 1153 675 Ioco
1191 618 1540 677 relativorum
1590 634 1786 681 natura

218 699 379 754 simul
411 700 746 760 declaratur.

281 792 462 848 Cum
504 794 613 849 Vll.
646 798 945 857 Indeﬁnitre
974 805 1363 874 propositionis
1391 818 1587 866 natura
1622 822 1786 884 atque

215 885 517 952 proprietas
546 883 862 946 declaratur
887 902 940 947 et
963 900 1231 965 quaeritur
1254 916 1517 957 verumne
1543 904 1615 959 sit
1638 883 1783 975 quod

214 972 443 1026 docetur
474 977 617 1044 apud
656 978 1075 1050 Peripateticos,
1108 988 1355 1043 eamdem
1405 991 1554 1047 illam
1597 972 1782 1050 veram

211 1070 320 1117 tam
353 1063 712 1123 afﬁrmantem
750 1086 914 1141 quam
941 1089 1228 1146 negantem
1262 1082 1494 1139 inveniri
1524 1101 1706 1156 posse.

278 1157 462 1215 Carur
494 1160 628 1223 Vlll.
662 1162 802 1221 Num
843 1171 1156 1226 necessaria
1184 1173 1472 1232 conclusio
1515 1188 1781 1247 sequatur

211 1263 273 1302 ex
303 1244 520 1307 duobus
551 1257 866 1325 praemissis,
891 1275 1122 1330 quarum
1156 1263 1326 1319 altera
1350 1265 1419 1321 sit
1444 1272 1779 1336 necessaria,

207 1340 378 1395 altera
406 1343 665 1414 simplex,
710 1362 779 1403 an
814 1364 944 1407 vero
971 1353 1201 1423 simplex
1233 1355 1518 1412 duntaxat.
1557 1359 1662 1414 Ubi
1699 1363 1777 1416 si-

208 1432 321 1484 mul
368 1442 562 1488 natura
616 1438 782 1492 medii
836 1443 1054 1497 termini
1092 1455 1147 1500 et
1189 1448 1602 1518 proloquiorum
1660 1452 1775 1507 sive

207 1523 616 1590 przetnissarum
641 1531 1008 1587 examinator.

274 1610 461 1666 Cum
496 1612 588 1671 IX.
620 1616 922 1675 Discrimen
957 1621 1074 1687 Dei,
1103 1626 1368 1681 mentium
1416 1628 1531 1684 sive
1577 1628 1774 1686 intelli-

194 1683 509 1772 ‘gentiarutu
538 1714 593 1761 et
641 1708 839 1765 animae
897 1714 1225 1780 declaratur,
1258 1726 1312 1771 et
1357 1719 1418 1771 τὸ
1450 1720 1772 1791 ὐπερούσιον

1894 538 2089 605 telcm,
2126 550 2183 594 ct
2220 556 2351 595 num
2396 542 2577 613 aliqua
2612 545 2755 604 bona
2803 553 2927 615 post
2966 555 3193 602 mortem
3241 552 3449 601 COAISII-

1893 628 2091 682 tuenda
2120 630 2251 684 sint.

1956 717 2143 776 CAPUT
2172 719 2292 779 XII.
2328 721 2471 778 Num
2499 724 2730 780 virtutes
2759 725 3021 795 qualitate
3061 735 3116 783 et
3149 728 3452 797 quantitate

1886 811 1998 866 sint
2051 813 2340 870 metienda:
2406 823 2461 871 et
2509 830 2579 872 an
2634 816 3042 875 mediocritates
3088 820 3361 885 dicendae,
3397 829 3453 874 ut

1884 905 2168 959 contendit
2195 906 2537 963 Aristoteles.

1954 1014 2139 1071 CAPUT
2171 1015 2308 1071 XIII.
2350 1017 2507 1083 Quod
2554 1017 2625 1073 sit
2667 1033 2943 1074 summum
3012 1017 3216 1075 bonum
3264 1026 3321 1073 et
3379 1033 3448 1073 an

1884 1107 2205 1163 Aristoteles
2238 1117 2384 1164 recte
2416 1123 2684 1164 summam
2714 1110 3034 1166 felicitatem
3078 1111 3134 1165 in
3176 1108 3449 1180 voluptate

1881 1199 2297 1269 contemplativa
2327 1201 2697 1257 collocaverit.

1951 1312 2129 1369 Carur
2156 1312 2299 1368 XIV.
2341 1314 2552 1370 Caelum
2586 1330 2709 1371 esse
2759 1317 2928 1386 ignea:
2990 1326 3199 1371 natura!
3231 1326 3286 1372 et
3329 1316 3446 1371 dari

1880 1419 1988 1460 non
2023 1414 2274 1475 oportere
2303 1408 2553 1476 quintum
2587 1408 2857 1478 quoddam
2891 1422 3094 1479 corpus
3122 1409 3447 1493 prater‘elc-

1879 1506 2063 1551 menta
2097 1507 2357 1567 quatuor.

1950 1608 2135 1665 CAPUT
2176 1610 2291 1664 XV.
2335 1612 2408 1667 De
2462 1612 2839 1667 immobilitate
2883 1613 3124 1667 siderum
3177 1622 3229 1668 et
3283 1627 3444 1682 quam

1880 1711 2027 1760 recte
2056 1702 2377 1760 Aristotele5
2408 1717 2642 1775 corpora
2671 1704 2916 1761 cmlestia
2956 1704 3195 1760 animata
3235 1706 3447 1759 consti-

205 1796 428 1865 qnidem
459 1813 579 1854 esse
619 1801 941 1871 simpliciter
971 1822 1162 1874 unum,
1190 1808 1291 1865 hoc
1310 1820 1413 1876 est,
1444 1822 1503 1868 ut
1525 1828 1776 1886 supremo
1807 1819 1850 1872 Β
1881 1799 2017 1846 ωδε·

210 1888 321 1942 Deo
345 1898 399 1944 et
422 1880 547 1947 esse
577 1902 630 1947 et
656 1908 817 1964 posse
848 1906 904 1953 et
927 1897 1161 1979 elﬁcere,
1206 1903 1322 1958 sive
1352 1908 1521 1975 magis
1563 1910 1772 1975 placet,

200 1982 496 2037 essentiam
528 1990 824 2053 putentiam
859 2000 913 2043 et
940 2000 1119 2045 actum
1157 1995 1303 2050 nullo
1333 1999 1491 2052 modo
1515 1999 1772 2055 distincta

203 2073 415 2143 haberi,
453 2076 555 2131 hoc
587 2088 672 2132 est
701 2088 758 2133 ut
795 2080 930 2136 alias
960 2083 1055 2150 sit,
1092 2086 1229 2142 alias
1274 2089 1471 2156 possit,
1502 2091 1635 2145 alias
1657 2091 1770 2146 elli-

200 2165 331 2227 ciat,
360 2167 455 2222 sed
492 2178 550 2223 ut
581 2170 744 2225 simul
775 2182 832 2228 et
863 2175 935 2229 sit
976 2187 1030 2230 et
1060 2179 1230 2246 possit
1278 2189 1333 2234 et
1361 2182 1577 2237 elliciat.
1614 2183 1770 2241 Unde

199 2267 388 2325 postea
421 2261 838 2330 reprehenditur
865 2264 1205 2341 AriStoteIes,
1232 2271 1325 2341 qui
1360 2275 1597 2328 animam
1631 2276 1768 2330 deli-

197 2351 397 2404 niverit
427 2366 550 2407 esse
584 2364 760 2409 actum
793 2374 810 2424 ;
859 2358 925 2413 de
968 2375 1070 2429 qua
1097 2376 1153 2416 re
1202 2363 1333 2417 libet
1365 2366 1526 2419 etiam
1577 2364 1768 2423 Jacobi

198 2439 430 2513 Ziegleri
456 2443 558 2499 viri
582 2446 728 2501 docti
751 2463 1037 2504 censuram
1066 2452 1381 2509 adscribere
1402 2456 1495 2525 qni
1528 2458 1607 2511 sic
1635 2461 1767 2513 scri-

195 2531 277 2584 bit
304 2532 541 2601 quodam
571 2535 625 2590 in
662 2538 783 2591 loco
813 2555 826 2592 :
864 2539 967 2594 Sed
993 2558 1153 2608 quam
1185 2555 1419 2599 sectatur
1444 2565 1569 2618 rogo
1595 2551 1768 2619 (intel-

194 2624 759 2698 ligens-Aristotelem)
797 2627 1313 2689 demonstrationum
1360 2643 1723 2696 necessitatem
1749 2682 1763 2707 ,

196 2716 345 2781 quia
378 2718 584 2784 scriptis
620 2719 728 2772 suis
759 2720 893 2774 sicut
927 2721 1130 2776 libitum
1162 2735 1237 2779 est
1275 2728 1514 2786 discedit.
1540 2733 1767 2799 Augde-

195 2806 386 2875 ﬁniens
422 2809 691 2876 animam,
735 2812 1196 2880 idemonstratione
1239 2834 1362 2873 usus
1414 2822 1537 2875 est?
1588 2827 1766 2878 anima

197 2896 417 2968 (inquit)
449 2911 521 2951 est
555 2910 703 2954 actus
729 2906 961 2971 corporis
986 2908 1221 2976 organici
1248 2911 1468 2980 physici,
1502 2915 1657 2967 vitam
1680 2918 1766 2968 Ita-

195 2988 363 3041 bezttis
390 2988 441 3040 in
472 2993 727 3059 potentia.
758 2992 899 3063 Ergo
936 2997 1075 3051 alius
1108 3009 1314 3054 secutus
1341 3006 1636 3073 exemplum
1673 3009 1762 3062 de-

193 3080 373 3148 ﬁciat,
404 3083 591 3151 auriga
632 3093 709 3136 est
737 3097 885 3140 actor
916 3090 1170 3143 curriculi
1204 3103 1400 3147 motum
1443 3099 1678 3153 habentis
1710 3103 1765 3154 in

1947 1906 2125 1962 Carur
2154 1906 2295 1965 XVI.
2328 1909 2464 1963 Num
2503 1910 3013 1979 ctelestiacorpora
3059 1912 3110 1965 vi
3152 1918 3207 1965 et
3250 1917 3444 1963 natura

1877 2000 2030 2068 ignea
2059 2000 2378 2055 calefaciant
2409 2003 2523 2056 Ilaec
2553 2001 2832 2065 inferiora,
2866 2016 2934 2054 an
2970 2012 3119 2055 motu
3157 2001 3443 2055 duntaxat.

1943 2112 2118 2169 CAPUT
2154 2114 2316 2170 XVII.
2373 2117 2565 2171 Utrum
2610 2132 2701 2171 ars
2747 2126 2802 2171 et
2849 2125 3044 2171 natura
3095 2115 3398 2171 deliberent
3426 2154 3440 2177 ,

1873 2203 2002 2258 dum
2041 2206 2241 2273 aliquid
2287 2217 2477 2277 agunt.

1941 2317 2121 2373 Caper
2149 2317 2335 2373 XVIII.
2367 2317 2559 2375 Utrum
2589 2336 2707 2388 quae
2741 2321 2876 2377 ﬁunt
2904 2324 3085 2377 omnia
3111 2364 3125 2388 ,
3160 2321 3295 2376 ﬁant
3354 2336 3444 2374 ne-

1871 2410 2135 2474 cessario,
2174 2424 2240 2462 an
2274 2419 2327 2464 et
2354 2410 2531 2479 aliqua
2566 2414 2966 2481 contingenter,
3006 2425 3057 2469 et
3095 2426 3274 2471 utrum
3306 2417 3447 2471 dan-

1871 2503 1997 2558 dum
2032 2504 2106 2559 sit
2146 2504 2353 2575 aliquid
2397 2506 2451 2558 in
2495 2505 2561 2560 iis
2606 2521 2724 2575 qua:
2756 2507 2891 2560 liunt
2933 2510 3074 2577 quod
3109 2526 3217 2564 non
3249 2510 3444 2568 habeat

1871 2610 2095 2652 causam
2132 2598 2215 2652 sui
2246 2613 2390 2653 esse.
2425 2596 2555 2651 'l‘ale
2595 2612 2724 2651 vero
2776 2608 2969 2652 tractat
3000 2610 3114 2655 toto
3145 2606 3323 2672 capite
3353 2624 3443 2659 ar-

1870 2696 2188 2756 gumentum
2219 2687 2516 2752 Getnistus,
2546 2691 2687 2757 quod
2719 2690 2765 2745 si
2798 2693 2918 2759 quis
2944 2691 2997 2745 in
3027 2704 3319 2763 conspectu
3350 2699 3442 2751 lla-

1868 2777 2009 2841 beat,
2052 2793 2166 2834 rem
2205 2782 2490 2849 perspicue
2534 2781 2818 2851 intelliget.

1939 2891 2109 2946 Omne
2135 2894 2275 2962 quod
2307 2894 2363 2949 [it
2393 2894 2458 2948 ab
2489 2894 2663 2965 aliqua
2695 2911 2858 2952 causa
2887 2936 2902 2957 ,
2938 2914 3162 2955 necesse
3189 2911 3269 2955 est
3300 2904 3436 2958 ﬁeri.

1871 2978 1974 3033 Sed
2002 2983 2182 3034 omnis
2208 2998 2372 3035 causa
2406 2997 2528 3052 qua:
2564 2984 2767 3053 aliquid
2813 2985 2962 3050 facit,
2999 2989 3232 3059 idipsnm
3260 3001 3312 3045 et
3345 3010 3440 3046 nc-

1870 3074 2109 3127 cessario
2127 3083 2179 3128 et
2198 3084 2346 3129 certo
2371 3074 2522 3128 facit.
2550 3074 2689 3146 Ergo
2720 3078 2900 3131 omnia
2940 3078 3076 3133 littnt
3101 3086 3434 3139 necessario.

190 3172 451 3237 potentia.
482 3171 621 3225 Nam
647 3176 735 3227 me
760 3193 877 3245 qua,
906 3179 973 3231 ad
1002 3180 1352 3238 substantiam
1380 3187 1607 3243 hominis
1638 3182 1765 3245 om;
1790 3168 1833 3226 ο
1868 3159 2131 3216 Minorem
2159 3164 2644 3232 conceditquidem
2683 3166 3026 3231 Aristoteles,
3053 3170 3145 3223 sed
3174 3175 3436 3239 majorem

191 3259 406 3322 nebant.
431 3262 546 3314 dico
571 3280 731 3333 genus
756 3277 803 3319 et
838 3270 1188 3337 differentiam
1209 3279 1559 3348 essentialem,
1583 3299 1614 3335 a
1641 3287 1760 3352 qui-
1786 3344 1789 3345 ν

188 3351 285 3405 bus
316 3352 521 3406 desumi
553 3354 905 3423 deﬁnitionem
941 3366 1237 3432 oportebat,
1271 3372 1474 3438 attigit.

257 3442 440 3499 CAPUT
491 3444 559 3499 X.
620 3447 968 3506 l'latoniettm
1023 3457 1218 3526 dogma
1272 3459 1601 3530 defenditur,
1648 3484 1759 3538 quo

188 3535 422 3591 dot-ctur
468 3540 677 3593 animas
727 3557 757 3597 e
808 3544 946 3599 coelo
992 3551 1383 3609 descendentes
1446 3557 1751 3615 hauriendo

189 3630 529 3685 oblivionem
591 3649 772 3690 rerum
825 3637 1175 3708 divinarum,
1230 3664 1457 3717 quarum
1506 3654 1558 3706 in
1616 3657 1756 3712 caelo

186 3732 351 3777 erant
401 3725 654 3790 consciae,
696 3728 831 3784 alias
874 3748 1002 3787 vero
1052 3738 1242 3803 magis,
1282 3741 1416 3796 alias
1457 3746 1663 3814 minus,
1697 3744 1751 3803 in

187 3817 353 3870 terris
396 3833 503 3872 non
540 3819 751 3877 discere
784 3827 876 3879 sed
924 3829 1239 3896 reminisci,
1280 3835 1426 3903 quod
1468 3838 1579 3901 illic
1626 3851 1750 3897 ante

184 3910 568 3979 cognoverint.

1333 4016 1364 4043 κ

1874 3253 2087 3318 lnilitat,
2122 3252 2267 3308 unde
2304 3269 2331 3307 a
2377 3254 2622 3310 Gemisto
2656 3259 3091 3327 reprelienditur.

1938 3363 2120 3420 CAPUT
2160 3365 2299 3420 XIX.
2353 3366 2555 3422 Motum
2614 3369 2668 3422 in
2718 3370 2880 3425 rebus
2931 3375 3268 3432 naturalibus
3313 3394 3433 3436 esse

1868 3459 2203 3524 militivoetttn
2262 3468 2317 3515 et
2368 3476 2535 3515 unmn
2596 3464 2827 3534 agendo,
2887 3465 3116 3520 alterum
3183 3472 3437 3538 patiendo

1867 3550 2005 3604 ﬁeri.

1942 3664 2123 3720 Cum
2156 3666 2273 3722 XX.
2322 3669 2397 3724 De
2441 3670 2577 3727 ideis
2613 3684 2630 3726 :
2667 3671 2847 3727 sintne
2913 3672 3085 3743 idem;
3136 3684 3246 3730 tum
3307 3678 3435 3747 quid

1866 3758 1997 3821 sint,
2036 3772 2088 3813 et
2122 3761 2452 3830 cuiusmodi,
2485 3772 2538 3818 et
2582 3766 2780 3835 quibus
2823 3768 3126 3823 rationibus
3169 3769 3289 3825 illas
3318 3771 3437 3823 Pla-

1869 3852 2036 3905 tonici
2067 3854 2328 3910 adversus
2357 3855 2699 3913 Aristotelem
2733 3858 3105 3914 adversarium
3140 3876 3301 3916 suum
3338 3862 3438 3916 de-

1868 3942 2108 3997 tendant.
