3920 6454
1534 143 1600 158 Ino-
1612 141 1658 151 ⁶-·-
1667 145 1684 153 ι

420 283 529 350 945

1344 292 1733 356 LAUDATIO
1776 289 2170 352 FUNEBRIS
2211 291 2527 352 CLEOPAE
2573 293 2750 358 AUG.

3569 283 3674 384 936

488 400 813 475 Γενναιότης
841 407 955 480 δέή
990 411 1118 481 περὶ
1140 410 1316 465 ταῦτα
1356 413 1534 468 πάντα
1571 413 1851 484 καμάτους
1896 413 1984 467 καλ

2162 407 2508 466 Generositas
2541 422 2717 467 autem
2758 401 2922 464 animi
2997 410 3109 466 haec
3131 405 3270 464 erat‘
3301 418 3358 461 ut
3389 421 3452 462 ea
3491 409 3674 461 omnia

421 491 615 558 πόνους
638 496 701 549 ού
730 498 967 566 φαύλους
995 499 1188 571 ἔχοντα
1209 502 1311 557 οὐκ
1343 504 1582 570 ἔκλυσις.

486 674 647 732 Οὕτω
675 677 732 730 δέ
763 678 857 731 καὶ
882 678 1018 748 μετά
1039 679 1298 736 τοιούτων
1327 683 1776 756 ἐπιτηδευμάτων
1799 688 1991 757 βιοῦσα

416 769 510 821 καὶ
555 769 730 823 ταῦτα
782 771 1027 826 ἀσκοῦσα
1070 775 1164 828 καὶ
1214 776 1498 843 μελετῶσα
1545 779 1688 833 καλά
1716 797 1776 833 τε
1806 781 1990 847 καλοῖς

415 861 502 912 ἀεὶ
554 861 934 932 προστιθεῖσα,
967 864 1060 920 ἐπὶ
1114 867 1443 940 θυγατριδίῳ
1497 870 1648 940 καλῷ
1704 889 1764 925 τε
1813 873 1990 942 κάγα-

416 950 494 1020 θῷ
530 951 622 1004 καὶ
650 953 762 1006 τῶν
795 954 1000 1020 γονέων
1032 955 1187 1029 ἀξίῳ,
1243 961 1302 1013 ἐν
1336 961 1473 1032 αὐτῇ
1525 965 1589 1033 τῇ
1639 965 1740 1034 τῆς
1773 965 1991 1036 ἡλικίας

413 1040 592 1111 ἀκμῇ,
624 1044 922 1117 προσθείην
948 1047 992 1100 δ’
1026 1050 1113 1116 ἀν,
1147 1051 1228 1104 ὃτι
1272 1053 1365 1106 καὶ
1409 1053 1520 1108 τῶν
1551 1055 1838 1126 ἡμετέρων
1872 1059 1993 1127 ἐορ-

413 1132 523 1185 τῶν
569 1150 629 1186 τε
668 1135 764 1188 καὶ
812 1137 976 1208 ίερῶν
1037 1143 1152 1206 τοῖς
1195 1143 1519 1212 ἁγιωτάτοις
1568 1145 1692 1218 ἀρτι
1735 1149 1844 1220 (14)
1895 1151 1990 1205 τοῦ

415 1226 728 1291 ἀγιωτάτου
778 1231 888 1286 τῶν
929 1235 1218 1306 ἡμετέρων
1259 1239 1620 1310 μετειληφυῖα
1650 1244 1988 1314 μυστηρίων,

416 1318 557 1388 νόσῳ
587 1337 646 1374 τε
675 1321 930 1396 ὀξυτάτῃ,
971 1327 1065 1382 καὶ
1108 1330 1380 1399 κρείττονι
1409 1333 1590 1402 πάσης
1625 1335 1873 1407 ίατρικῆς
1903 1341 1991 1406 ἐγ-

417 1409 718 1479 χειρήσεως
750 1413 847 1467 τοῦ
877 1415 1004 1485 τῇδε
1038 1417 1156 1486 βίου
1187 1419 1520 1492 ύπεκχωρεῖ.
1569 1423 1656 1486 Ὠς
1683 1426 1777 1478 καὶ
1811 1427 1992 1480 ἐντεῦ-

415 1497 508 1552 θεν
541 1502 764 1576 θεοφιλῆ
791 1507 903 1576 (l5)
941 1509 1008 1563 ἀν
1043 1512 1270 1577 είκότως
1309 1514 1507 1579 δοκεῖν,
1543 1518 1599 1569 ἐν
1632 1518 1860 1586 τοιούτῳ
1894 1520 1990 1574 τοῦ

414 1589 608 1660 καιροῦ
661 1593 768 1647 ύπδ
825 1595 962 1650 Θεοῦ
1020 1601 1447 1674 ἀνειλημμένην,
1489 1606 1692 1677 πολλὴν
1737 1611 1837 1680 μὲν
1877 1616 1991 1678 τοῖς

415 1684 680 1754 ὑπηκόοις
706 1690 1029 1760 κατήφειαν,
1064 1693 1321 1764 πλείστην
1354 1699 1408 1750 δὲ
1435 1698 1510 1770 τῷ
1541 1699 1807 1776 θειοτάτῳ
1831 1707 1988 1776 ἡμῶν

414 1777 648 1918 ἓγὶεὶμόνι
702 1779 1063 1839 ἀπολιποῦσα
1100 1787 1338 1859 ἀθυμίαν
1385 1791 1476 1844 ἐπὶ
1523 1795 1586 1864 τῇ
1621 1795 1821 1868 ἐαυτῆς
1849 1799 1988 1854 ἀπο..

449 1885 479 1918 Ο
553 1907 569 1918 .
621 1913 625 1916 .

449 1868 569 1938 om.
621 1913 625 1916 .

417 2007 422 2018 ,
497 1959 638 2014 Ἀλλ’
670 1963 719 2016 εί
757 1963 859 2034 μὲν
889 1967 1058 2037 μηδέν
1094 1989 1144 2024 τι
1175 1967 1242 2045 ἦν
1274 1976 1332 2028 ἐν
1357 1977 1434 2047 τῷ
1475 1979 1750 2052 ἀνθρώπῳ
1783 1983 1989 2037 ἀθάνα-

412 2066 542 2146 τον,Δ
582 2053 886 2146 ἀνήκεστον
915 2060 983 2113 ἂν
1013 2055 1083 2133 ἦν
1123 2066 1269 2118 κατά
1315 2067 1376 2120 τὸ
1416 2071 1564 2134 είκὸς
1603 2072 1695 2126 καὶ
1728 2075 1756 2141 ἠ
1791 2075 1886 2128 ἐπὶ
1915 2076 1990 2146 τῷ

413 2141 631 2236 θανάτῳ
658 2144 865 2216 ἀθυμία
890 2165 906 2183 ·
957 2149 1054 2204 νῦν
1088 2153 1204 2224 (l6)
1235 2155 1282 2207 δ’
1308 2157 1336 2210 ὅ
1376 2177 1428 2212 τι
1473 2162 1672 2232 φαμὲν,
1708 2166 1768 2217 τὸ
1815 2168 1914 2236 μέν
1937 2141 1988 2221 τί

415 2233 572 2302 ἡμῶν
625 2237 819 2307 θνητὸν
872 2239 1034 2310 εἶναι,
1074 2245 1135 2297 τὸ
1186 2245 1232 2298 δ’
1261 2248 1546 2318 ἀθάνατον,
1591 2253 1730 2322 δῆλα
1764 2233 1850 2324 δή,
1906 2260 1988 2314 δτι

412 2325 556 2379 τοῦτ’
594 2327 660 2382 ἂν
705 2330 766 2383 τὸ
799 2335 1138 2402 κυριώτατον
1183 2339 1342 2409 ἡμῶν
1397 2344 1490 2398 καὶ
1533 2345 1561 2397 ὃ
1613 2347 1849 2416 μάλιστα
1891 2352 1986 2406 ἇν-

413 2419 631 2512 θρωπος
673 2424 756 2493 εἴη
803 2425 864 2478 τὸ
898 2427 1184 2494 ἀθάνατον,
1221 2433 1280 2485 τὸ
1311 2434 1367 2488 δέ
1411 2435 1604 2507 θνητὸν
1647 2443 1798 2495 τουτὶ
1827 2461 1992 2512 χιτω-

411 2511 527 2569 νίου
560 2514 704 2656 ’ἓινὸς
729 2513 906 2587 δίκην,
944 2520 1022 2590 τῷ
1051 2521 1307 2593 ἀθανάτῳ
1344 2526 1412 2580 ἂν
1437 2530 1594 2597 ἡμῶν
1628 2533 1713 2600 εἴη
1747 2511 1988 2606 προσηρ-

415 2618 564 2656 μοσυ.
599 2621 710 2656 νον.

415 2618 710 2672 μοσμενον.

486 2782 580 2873 "ll;
611 2802 712 2873 που
747 2787 852 2841 κᾶν
874 2787 987 2860 ἔχοι
1017 2782 1219 2860 καλῶς,
1255 2799 1344 2851 ἐπὶ
1376 2803 1439 2870 τῇ
1472 2802 1565 2854 τοῦ
1591 2807 1840 2873 χιτωκίου
1869 2810 1987 2863 τοῦ-

409 2868 466 2920 δε
501 2870 765 2944 ἀποϐολῇ,
793 2875 912 2928 οὗθ’
934 2878 1074 2944 ύπὲρ
1103 2883 1264 2952 ἡμῶν
1294 2868 1494 2955 αὑτῶν,
1525 2868 1650 2946 οὔτε
1682 2897 1788 2948 τῶν
1817 2898 1986 2966 φίλων

413 2966 619 3036 σφόδρα
647 2986 701 3020 τι
723 2969 979 3042 ἀθυμεῖν,
1011 2975 1115 3039 ἕως
1153 2978 1220 3032 ἂν
1248 2979 1308 3033 τὸ
1340 2985 1677 3053 κυριώτατον
1703 2991 1858 3058 ἡμῶν
1890 2995 1984 3047 καὶ

2091 513 2210 568 (ιιιω
2275 501 2490 556 labores
2553 518 2659 557 non
2716 502 2957 557 modicos
3012 510 3066 556 et
3139 486 3669 570 defatigationeslia-

2093 591 2221 646 bent
2281 608 2388 646 non
2437 592 2708 648 deliceret.
3536 653 3542 659 _

2163 681 2455 753 Postquam
2499 699 2624 738 eum
2665 683 2732 738 ad
2773 679 2988 737 modum
3017 691 3070 737 et
3101 682 3300 736 talibus
3319 696 3441 735 eum
3470 678 3669 734 studiis

2095 775 2322 830 vixisset
2349 783 2404 829 et
2435 776 2518 831 his
2547 777 2784 832 exercita
2821 778 2970 832 curis
3007 779 3146 830 bona
3183 774 3336 829 bonis
3365 774 3670 828 addidisset

2092 866 2336 930 assidue,
2390 878 2514 936 post
2549 868 2802 922 tenellam
2843 868 3038 930 tiliam,
3076 867 3358 937 pulchram
3399 881 3552 936 atque
3601 879 3664 918 ac

2105 957 2304 1012 bonam
2335 957 2666 1028 dignamque
2698 959 3039 1029 parentibus,
3074 959 3127 1013 in
3155 958 3272 1026 ipso
3302 958 3477 1012 artatis
3513 956 3664 1020 ﬂore,

2092 1057 2167 1115 et,
2195 1058 2254 1103 ut
2312 1050 2362 1104 id
2399 1065 2620 1120 quoque
2659 1051 2983 1118 addiderim,
3048 1050 3318 1121 perceptis
3361 1066 3534 1122 nuper
3575 1065 3664 1104 sa-

2094 1142 2442 1196 cratissimas
2470 1142 2616 1196 intra
2653 1143 3026 1199 solemnitates
3053 1157 3270 1199 nosnas
3307 1150 3361 1196 et
3388 1143 3669 1212 augustis-
3717 1209 3742 1222 ﬂ

2093 1233 2230 1289 sima
2293 1233 2560 1289 sacriﬁcia
2602 1235 2964 1290 sanctissimis
3003 1235 3293 1306 mysteriis,
3353 1234 3674 1288 acutissimo

2097 1323 2286 1379 morbo
2327 1325 2417 1393 qui
2453 1340 2668 1378 οιιιιιοιιι
2714 1323 3000 1379 medicinae
3057 1324 3430 1394 operationem
3501 1336 3669 1392 supe-

2093 1425 2243 1472 raret
2280 1417 2569 1480 exstincta,
2606 1432 2671 1472 ex
2714 1417 2816 1472 hac
2851 1417 2958 1471 vita
2986 1415 3245 1470 decessit.
3300 1413 3376 1469 Ita
3414 1425 3474 1469 ut
3497 1414 3664 1488 etiam

2098 1509 2226 1564 inde
2259 1523 2289 1562 a
2315 1507 2422 1564 Deo
2467 1509 2662 1563 dilecta
2692 1509 2884 1563 merito
2933 1517 3222 1563 censeatur
3283 1522 3404 1576 qua:
3443 1507 3688 1575 abiipso

2095 1599 2149 1653 in
2184 1599 2276 1653 tali
2304 1601 2566 1668 temporis
2639 1599 3048 1670 opportunitate
3075 1583 3146 1653 sit
3184 1606 3490 1666 assumpta,
3530 1596 3674 1650 mul-

2097 1698 2209 1744 tum
2278 1691 2496 1759 quidem
2556 1679 2786 1756 subditis
2844 1702 3157 1753 maerorem,
3216 1685 3508 1756 plurimam
3587 1699 3676 1738 ve-

2096 1798 2156 1838 ro
2178 1781 2524 1838 divinissimo
2552 1779 2782 1852 principi
2807 1790 2991 1836 nostro
3011 1765 3289 1835 tristitiam
3328 1778 3662 1848 relinquens.

2166 1959 2324 2026 Quod
2363 1958 2409 2012 si
2460 1973 2587 2013 vero
2627 1959 2760 2012 nihil
2815 1965 2960 2011 esset
2994 1955 3298 2010 immortale
3335 1956 3387 2008 in
3429 1955 3669 2019 homine,
3759 2005 3772 2014 ,

2094 2055 2516 2110 irrcmediabilis
2557 2065 2704 2111 esset
2751 2055 2874 2126 jure
2916 2055 3110 2108 merito
3144 2053 3210 2107 de
3245 2063 3419 2106 morte
3461 2053 3674 2107 moesti~

2093 2148 2187 2202 tia.
2215 2148 2369 2204 Nunc
2414 2156 2593 2202 autem
2637 2147 2749 2218 (15)
2777 2146 2921 2214 quod
2963 2147 3278 2213 profitemur
3323 2153 3528 2214 partem
3567 2161 3669 2198 no—

2096 2241 2196 2297 SIri
2268 2241 2493 2294 alteram
2546 2254 2667 2293 esse
2723 2237 3031 2299 mortalem,
3101 2236 3465 2291 immortalem
3509 2223 3660 2289 vero

2073 2327 2341 2396 'alteram,
2376 2330 2658 2384 evidenter
2687 2329 3045 2397 consequitur
3071 2326 3124 2380 id
3160 2326 3312 2400 quod
3356 2326 3666 2380 immortale

2090 2425 2423 2497 praecipuam
2461 2423 2631 2478 nostri
2674 2435 2798 2476 esse
2855 2430 3064 2488 partem
3124 2429 3178 2472 et
3229 2416 3444 2486 proprie
3491 2417 3668 2471 homi-

2090 2503 2237 2579 nem,
2263 2519 2363 2570 hoc
2387 2524 2567 2568 autem
2607 2511 2749 2580 quod
2789 2520 2870 2564 est
2911 2507 3161 2567 mortale.
3191 2508 3444 2562 tuniculze
3470 2508 3662 2576 cujus-

2089 2607 2213 2661 dam
2292 2608 2487 2670 instar,
2541 2605 2606 2657 ad
2678 2603 2728 2656 id
2779 2601 2925 2670 (ιιιοά
2995 2610 3079 2655 est
3120 2599 3172 2652 in
3237 2599 3396 2655 nobis
3460 2601 3659 2654 mortis

2089 2698 2334 2752 nescium
2393 2697 2706 2764 adaptatum
2755 2707 2896 2746 esse.

2167 2787 2359 2857 Itaque
2419 2787 2555 2840 bene
2605 2800 2664 2838 se
2701 2800 2785 2838 res
2825 2784 3040 2848 haheat,
3100 2784 3169 2849 si,
3222 2782 3430 2851 abiecta
3495 2783 3662 2838 haece

2090 2881 2354 2943 tunicula,
2385 2893 2561 2946 neque
2590 2876 2656 2932 de
2691 2877 2850 2929 nobis
2881 2875 3012 2944 ipsis
3063 2885 3237 2944 neque
3266 2877 3332 2930 de
3379 2877 3520 2930 caris
3574 2890 3672 2928 no.

2091 2973 2225 3028 stris
2249 2972 2604 3025 vehementer
2631 2969 2937 3036 lugeamus,
2966 2967 3406 3038 quandoquidem
3436 2960 3580 3038 quod
3603 2967 3658 3022 in

409 3057 438 3111 ὃ
464 3058 528 3130 δὴ
561 3061 712 3114 αὐτοί
743 3065 931 3133 ἐσμεν,
975 3068 1036 3119 ού
1093 3069 1254 3138 μόνον
1287 3081 1608 3146 συνεστήκοι
1653 3057 1730 3134 τε
1753 3087 1847 3138 καὶ
1887 3086 1984 3138 σώ-

2096 3064 2246 3117 nohis
2277 3071 2358 3116 est
2391 3062 2717 3130 praecipuum
2775 3068 2825 3114 ct
2853 3059 2996 3128 quod
3042 3059 3144 3129 ipsi
3180 3074 3369 3114 sumus
3427 3073 3535 3112 non
3569 3073 3659 3112 so‘

411 3151 577 3244 ζοιτο,
615 3153 750 3210 ἀλλά
803 3158 897 3211 καὶ
944 3160 1078 3227 πρὸς
1120 3163 1370 3230 ἀμείνοσι
1421 3168 1726 3241 διατριϐαῖς
1766 3179 1990 3244 γεγονὸς

409 3243 496 3311 εἴη
524 3244 631 3296 τῶν
663 3247 785 3316 τῇδε
811 3261 825 3278 ⁵
893 3247 989 3302 ἅτε
1023 3251 1246 3319 ἄμεινόν
1283 3271 1341 3306 τε
1389 3258 1484 3308 καὶ
1529 3260 1990 3330 εἰλικρινέστατον

408 3338 475 3402 τῇ
507 3335 598 3388 τοῦ
627 3339 824 3408 θνητοῦ
851 3341 944 3393 καὶ
973 3343 1209 3409 γεώδους
1233 3346 1387 3400 τοῦδε
1423 3351 1832 3422 περιδλήματος
1853 3359 1988 3412 ἀπο-

411 3426 558 3479 θέσει
600 3428 977 3497 ἐφαπτόμενόν
1005 3448 1064 3484 τε
1102 3435 1208 3488 τῶν
1238 3437 1398 3490 θείων
1435 3441 1532 3494 καὶ
1557 3443 1849 3502 ἀπολαῦον.
1879 3451 1988 3503 Καὶ

415 3515 650 3608 μάλιστα
674 3517 826 3590 είτῴ
851 3537 934 3585 τις
964 3523 1058 3576 καὶ
1089 3525 1341 3580 ἐντεῦθεν
1373 3531 1570 3601 μελέτη
1601 3536 1690 3588 καὶ
1727 3539 1987 3608 συνήθεια

409 3607 497 3676 είη
524 3610 659 3677 πρὸς
683 3610 845 3677 αὐτὰ,
869 3613 1000 3667 οἴων
1027 3617 1120 3667 καὶ
1141 3617 1240 3688 τὴν
1271 3621 1368 3672 νῦν
1389 3622 1677 3695 οἰχομένην
1699 3607 1985 3696 τεύξεσθαι

410 3698 720 3769 ἐλπεζομεν,
751 3703 812 3792 ei:
858 3705 958 3774 μὲν
1013 3706 1369 3776 βεδιωκυῖαν,
1414 3713 1474 3767 εῦ
1506 3717 1563 3770 δέ
1593 3719 1726 3772 Θεὸν
1759 3723 1984 3792 τεθεραο

411 3793 697 3857 πευκυῖαν,
735 3791 796 3845 εὖ
844 3794 900 3846 δὲ
959 3797 1094 3866 πρὸς
1137 3799 1234 3863 τὰς
1269 3803 1451 3856 ἐκεῖσε
1481 3806 1768 3878 διατριϐὰς
1817 3791 1988 3884 παρε-

409 3886 810 3955 σκευασμένην.

489 3975 548 4028 '0
597 3975 655 4028 δέ
696 3993 760 4042 γε
811 3977 1061 4033 ἐντεῦθεν
1109 3982 1334 4038 ἐκείνων
1380 3985 1715 4060 ἀμελέτητος
1756 3993 1986 4060 εἰκότως

407 4066 586 4118 ἐκεῖσε
613 4067 946 4137 ἀφικόμενος
973 4069 1222 4143 ίλιγγιῴη
1255 4090 1314 4126 τε
1345 4074 1410 4128 ἂν
1445 4077 1537 4130 κάὶ
1561 4079 1981 4154 ἀποστρέφοιτο,

405 4157 502 4210 ἆτε
538 4159 839 4228 ἀλλοτρίοις
867 4179 927 4214 τε
963 4163 1049 4217 ειά
1073 4163 1174 4235 τὴν
1204 4165 1465 4236 ἀλήθειαν
1501 4173 1594 4224 καὶ
1632 4173 1693 4225 ού
1729 4178 1868 4230 πάνυ
1901 4195 1982 4233 τοι

405 4250 585 4321 ἐαυτῷ
655 4255 998 4324 προσήκουσι
1061 4259 1384 4329 πράγμασιν
1451 4264 1820 4336 ἐντυγχάνων.
1880 4275 1982 4326 Λο-

402 4345 619 4409 γιστέον
647 4343 690 4396 δ’
718 4344 785 4398 ἀν
829 4344 917 4416 εἴη
967 4349 1095 4418 περὶ
1137 4349 1233 4402 τοῦ
1263 4351 1520 4421 θανάτου,
1554 4358 1803 4429 καθάπερ
1835 4362 1900 4415 ἀν
1932 4367 1988 4418 εί

400 4437 533 4504 περὶ
555 4437 864 4508 ἀποδημίας
900 4443 1154 4512 μακρᾶς,
1173 4443 1268 4498 καὶ
1293 4446 1500 4516 ταύτης
1528 4451 1623 4502 ἐπὶ
1657 4452 1789 4506 πολὺ
1818 4455 1982 4524 ἀμεί-

401 4543 548 4578 νοσν
578 4527 643 4579 ἀν
675 4527 859 4581 ἐλπίσι
907 4533 1256 4603 γιγιομένης.
1289 4535 1493 4607 Οί’γάρ
1526 4539 1710 4594 πολλοὶ
1751 4543 1842 4596 καὶ
1891 4545 1984 4598 δα-

401 4617 664 4687 κρύουσιν
688 4621 1114 4690 ἀποδημούντων
1142 4625 1253 4679 τῶν
1279 4626 1639 4698 φιλουμένων,
1671 4634 1978 4703 ἐννοοῦντες

397 4709 570 4780 δήπου
599 4712 701 4784 τὴν
731 4715 788 4766 ἐν
812 4713 886 4784 τῷ
918 4716 1146 4786 παρόντι
1178 4717 1425 4790 ἀλλήλων
1447 4721 1749 4780 διάστασιν.
1787 4729 1978 4798 Ὅμως

401 4802 588 4869 μέντοι
624 4801 985 4874 λογιζόμενοι,
1019 4807 1106 4878 ἐφ’
1130 4809 1268 4873 οἵαις
1309 4800 1505 4865 ἐκεῖνοι
1551 4817 1864 4872 στέλλονται
1896 4821 1979 4872 ἐλ-

399 4896 537 4954 πίσι,
566 4895 662 4948 καὶ
685 4899 1076 4968 συγχαίρουσιν
1097 4917 1110 4932 ⁸
1145 4903 1221 4967 ὡς
1253 4904 1404 4970 δῆλοι
1435 4906 1712 4977 γίγνονται
1743 4911 1820 4980 τῷ
1851 4915 1980 4967 συλ-

398 4985 698 5054 λαμϐάνειν
742 4989 890 5044 ἔστιν
931 4992 1020 5044 ὅτε
1053 4993 1259 5059 αὐτοῖς,
1307 4999 1435 5066 περὶ
1476 5002 1646 5070 συχνά
1693 5003 1803 5057 τῶν
1839 5005 1978 5074 πρὸς

399 5076 712 5146 ἀποδημίαν
746 5081 1040 5149 φερόντων.
1079 5081 1237 5135 Οὕτω
1277 5083 1342 5154 δὴ
1367 5085 1462 5139 καὶ
1492 5088 1586 5140 ἐπὶ
1611 5089 1699 5141 τοῦ
1745 5091 1976 5144 θανάτου

399 5169 506 5220 τῶν
558 5170 900 5240 φιλουμένων
946 5171 1208 5242 ἄχθεσθαι
1266 5176 1367 5242 μὲν
1411 5179 1560 5248 ἡμᾶς
1590 5181 1725 5251 πρὸς
1769 5181 1972 5249 ὀλίγον,

399 5261 621 5315 ἐκείνων
655 5263 1185 5333 ἀπολελειμμένους,
1215 5265 1302 5318 ἐπ’
1322 5268 1460 5340 αὐτῇ
1485 5274 1550 5339 τῇ
1573 5271 1878 5340 ἀπολείψει,
1910 5274 1970 5325 οὐ

399 5353 539 5406 πάνυ
571 5373 622 5408 τι
654 5355 720 5408 ἀν
761 5356 844 5426 εἴη
882 5356 1121 5410 ἄτοπον·
1150 5358 1535 5431 λογιζομένους
1579 5363 1786 5433 μέντοι,
1825 5367 1972 5417 ἐκεί-

472 5510 586 5577 (ιι)
614 5512 838 5566 Sacram
874 5515 1123 5568 missam.

471 5581 867 5658 usti-im;qu
893 5585 1272 5658 leligbeatus,
1292 5586 1357 5639 de
1379 5602 1464 5649 eo.
1485 5588 1575 5655 qui
1600 5597 1743 5642 res-le
1766 5593 1973 5658 agendo

400 5654 775 5730 κατορθοῦται.
805 5654 953 5730 _l_.‘nle
996 5656 1226 5720 θάνατος
1271 5654 1676 5729 Θεοφιλέστιρος
1731 5654 1824 5730 ιιιὶῖ
1869 5664 1972 5718 Xe-

400 5725 564 5793 ttoph.
607 5725 761 5778 Mem.
804 5725 890 5790 ιν,
929 5727 983 5792 8,
1015 5729 1066 5780 ὖ.
1379 5725 1385 5727 ‘
1590 5725 1599 5729 '
1767 5725 1791 5733 --

2097 3160 2207 3213 lum
2236 3157 2500 3211 consistat
2523 3166 2577 3208 et
2607 3162 2873 3216 servetur,
2900 3151 2994 3206 sed
3031 3161 3084 3207 et
3119 3153 3184 3207 ad
3243 3152 3466 3207 meliora
3504 3167 3670 3222 quam

2094 3266 2215 3320 quae
2247 3247 2335 3301 hic
2369 3244 2788 3301 suuttransieril
2819 3261 2832 3297 :
2892 3243 3089 3298 melius
3135 3244 3338 3314 quippe
3375 3253 3428 3299 et
3480 3244 3663 3299 since-

2090 3341 2228 3400 rius.
2258 3339 2508 3405 deposito
2569 3335 2784 3390 mortali
2827 3334 2933 3390 hoc
2991 3344 3044 3389 et
3077 3336 3321 3391 terrestri
3353 3336 3664 3398 involucro.
3707 3367 3724 3378 ~-

2089 3433 2274 3488 divina
2297 3430 2513 3500 attingit
2539 3428 2732 3492 hisque
2763 3426 2986 3490 fruitur,
3027 3428 3072 3482 si
3103 3428 3192 3481 cui
3229 3428 3666 3498 praesertimjam

2087 3534 2142 3579 et
2201 3527 2326 3578 hinc
2374 3520 2688 3576 exercitatio
2733 3517 2897 3572 fuerit
2945 3529 3000 3574 et
3064 3520 3404 3574 consuetudo
3473 3522 3540 3574 ad
3601 3535 3663 3573 ca

2093 3616 2273 3688 qualia
2294 3625 2716 3670 consecuturam
2746 3626 2867 3665 esse
2899 3624 3183 3678 speramus
3211 3627 3330 3666 eam
3364 3627 3486 3681 qua:
3511 3613 3671 3665 modo

2087 3708 2340 3765 defuncta
2407 3715 2510 3771 est,
2573 3717 2802 3773 quaeque
2829 3705 3032 3771 optime
3085 3705 3241 3769 vixit,
3293 3704 3500 3774 optime
3551 3704 3666 3758 Deo

2087 3799 2340 3854 servierit
2384 3810 2438 3851 et
2479 3796 2686 3866 optime
2718 3807 2966 3862 supernae
3006 3793 3083 3848 illi
3114 3793 3522 3850 conversationi
3547 3808 3671 3850 sene

2088 3891 2434 3961 praeparavit.

2158 3977 2260 4043 Qui
2282 3987 2464 4033 autem
2503 3977 2724 4044 hieillis
2755 3979 2810 4033 in
2844 3979 3008 4033 rebus
3035 3975 3199 4030 fuerit
3235 3973 3658 4039 inexercitatus,

2087 4071 2217 4128 illuc
2247 4088 2370 4126 cum
2396 4073 2723 4147 pervenerit,
2757 4072 3046 4140 vertigine,
3078 4079 3140 4124 ut
3176 4084 3275 4140 par
3312 4077 3419 4136 est,
3453 4068 3666 4124 tenebi-

2087 4175 2176 4221 tur
2207 4165 2678 4234 aversabiturque,
2710 4174 2769 4218 ut
2803 4165 2897 4233 qui
2933 4165 2998 4220 ad
3026 4163 3206 4218 aliena
3237 4158 3366 4216 itere
3429 4170 3486 4216 et
3513 4161 3668 4217 nullo

2088 4256 2250 4312 modo
2287 4257 2354 4311 ad
2381 4271 2440 4310 se
2471 4255 2797 4326 pertinentia
2819 4255 3146 4312 occurrerit.
3186 4253 3462 4308 Porro~de
3489 4264 3668 4310 morte

2087 4349 2164 4406 ita
2191 4349 2533 4404 sentiendum
2565 4348 2728 4404 fuerit
2750 4350 2904 4419 quasi
2932 4348 3003 4402 de
3025 4349 3326 4418 longinqua
3349 4346 3668 4418 peregrina-

2095 4443 2262 4508 tione,
2306 4458 2426 4511 quae
2458 4443 2524 4496 ad
2550 4457 2678 4512 spes
2714 4444 2884 4496 multo
2903 4442 3158 4496 meliores
3194 4441 3389 4496 initur.
3423 4439 3562 4494 Nam
3609 4449 3666 4494 et

2093 4533 2366 4604 plerique,
2403 4533 2880 4604 proﬁciscentibus
2915 4534 3131 4594 aulicis,
3168 4531 3564 4600 laeryniantur,
3611 4530 3664 4584 in

2083 4625 2343 4696 prwsenti
2380 4627 2570 4693 utique
2609 4635 2862 4678 mutuam
2881 4623 3286 4692 .separatiouem
3319 4622 3505 4676 animo
3545 4624 3664 4676 vol-

2083 4726 2292 4772 ventes.
2324 4715 2512 4785 Neque
2540 4731 2604 4770 eo
2628 4717 2830 4775 minus,
2866 4721 3185 4780 reputantes
3242 4726 3379 4781 quas
3409 4712 3479 4766 ob
3535 4727 3664 4782 spes

2083 4811 2150 4862 ad
2174 4809 2277 4862 iter
2303 4821 2425 4861 sese
2458 4809 2740 4873 accingaut
2781 4803 2881 4866 illi,
2919 4803 3290 4871 congaudent,
3355 4802 3504 4872 quod
3534 4803 3661 4872 qui-

2081 4899 2202 4954 dem
2238 4905 2387 4968 patet
2415 4897 2545 4950 dum
2572 4896 2639 4948 iis
2679 4895 3018 4950 collaboraut
3053 4893 3346 4958 aliquando
3375 4894 3428 4948 in
3489 4893 3660 4959 multa

2081 5008 2201 5061 qua:
2235 4993 2303 5044 ad
2354 4987 2846 5059 peregrinationem
2900 4987 3205 5042 conferunt.
3269 4987 3362 5041 Sic
3421 4987 3586 5055 igitur
3607 4995 3662 5038 et

2080 5100 2181 5139 nos
2227 5085 2292 5138 de
2326 5091 2500 5136 morte
2529 5082 2824 5134 charorum
2859 5080 3040 5133 dolere
3087 5071 3155 5134 ab
3188 5077 3292 5134 illis
3341 5079 3654 5142 derelictos,

2083 5176 2186 5230 sub
2209 5173 2382 5244 ipsam
2421 5170 2853 5233 derelictionem,
2889 5187 3230 5242 nequaquam
3263 5169 3656 5225 incont'euiens

2084 5266 2268 5321 fuerit.
2297 5264 2721 5320 Considerantes
2751 5274 2926 5316 tamen
2947 5266 3138 5332 quales
3159 5267 3224 5316 ad
3270 5265 3432 5317 sedes
3461 5263 3658 5331 migra-

2083 5361 2259 5417 veriut
2288 5359 2376 5414 isti
2411 5367 2467 5412 et
2500 5359 2752 5412 meliores
2781 5359 3209 5426 divinioresque,
3263 5372 3472 5427 nosque
3506 5357 3656 5426 ipsos

2161 5516 2274 5586 (l6)
2307 5516 2380 5568 Τὸ
2421 5513 2743 5581 ὑπολειφθὲν
2777 5513 2958 5586 σῶμα,
2997 5509 3402 5586 γεξῦδες-δνῗκαὶ
3438 5513 3654 5582 ἄλογον,

2081 5589 2180 5640 οὐκ
2217 5581 2364 5640 ἔστιν
2393 5591 2420 5638 ὁ
2453 5587 2759 5655 ἄνθρωπος.
2800 5581 2993 5655 Ἡμεῖς
3024 5581 3122 5655 μὲν
3151 5583 3256 5650 γάρ
3289 5585 3454 5653 ἐσμεν
3480 5585 3654 5654 ψυχὴ,

2083 5659 2222 5720 ζῶον
2286 5653 2576 5718 ἀθάνατον,
2639 5656 2694 5707 ἐν
2730 5654 2909 5723 θνητῷ
2958 5653 3355 5726 καθειργμένον
3391 5653 3654 5728 φρουρίῳ.

2085 5728 2334 5785 .Esehin.
2371 5727 2499 5782 Dial.
2531 5741 2607 5787 nt,
