  <div class='ocr_page' id='page_1' title='image "/cluster/home/n/w/nwhite01/storage/ocr_20150623/160/hvd.32044036446961/566.png"; bbox 0 0 3920 6454; ppageno 0'>
   <div class='ocr_carea' id='block_1_1' title="bbox 258 329 369 394">
    <p class='ocr_par' dir='ltr' id='par_1_1' title="bbox 258 329 369 394">
     <span class='ocr_line' id='line_1_1' title="bbox 258 329 369 394; baseline 0.009 -1"><span class='ocrx_word' id='word_1_1' title='bbox 258 329 369 394; x_wconf 69' lang='lat'><strong>949</strong></span> 
     </span>
    </p>
   </div>
   <div class='ocr_carea' id='block_1_2' title="bbox 1210 326 2612 393">
    <p class='ocr_par' dir='ltr' id='par_1_2' title="bbox 1210 326 2612 393">
     <span class='ocr_line' id='line_1_2' title="bbox 1210 326 2612 393; baseline 0.003 -4"><span class='ocrx_word' id='word_1_2' title='bbox 1210 326 1608 389; x_wconf 75' lang='lat' dir='ltr'><strong>LAUDATIO</strong></span> <span class='ocrx_word' id='word_1_3' title='bbox 1646 326 2038 388; x_wconf 80' lang='lat' dir='ltr'><strong>FUNEBRIS</strong></span> <span class='ocrx_word' id='word_1_4' title='bbox 2078 326 2384 391; x_wconf 62' lang='lat' dir='ltr'><strong>CLEOP‘IE</strong></span> <span class='ocrx_word' id='word_1_5' title='bbox 2432 334 2612 393; x_wconf 85' lang='lat' dir='ltr'><strong>AUG.</strong></span> 
     </span>
    </p>
   </div>
   <div class='ocr_carea' id='block_1_3' title="bbox 3427 326 3539 390">
    <p class='ocr_par' dir='ltr' id='par_1_3' title="bbox 3427 326 3539 390">
     <span class='ocr_line' id='line_1_3' title="bbox 3427 326 3539 390; baseline -0.027 0"><span class='ocrx_word' id='word_1_6' title='bbox 3427 326 3539 390; x_wconf 69' lang='lat'><strong>950</strong></span> 
     </span>
    </p>
   </div>
   <div class='ocr_carea' id='block_1_4' title="bbox 258 414 1863 517">
    <p class='ocr_par' dir='ltr' id='par_1_4' title="bbox 258 414 1844 512">
     <span class='ocr_line' id='line_1_4' title="bbox 258 414 1844 512; baseline 0 -17"><span class='ocrx_word' id='word_1_7' title='bbox 258 424 421 510; x_wconf 53' lang='grc' dir='ltr'>φύσιν</span> <span class='ocrx_word' id='word_1_8' title='bbox 443 442 629 506; x_wconf 76' lang='grc' dir='ltr'>ἀτελὲς</span> <span class='ocrx_word' id='word_1_9' title='bbox 658 443 723 497; x_wconf 86' lang='grc' dir='ltr'>ἂν</span> <span class='ocrx_word' id='word_1_10' title='bbox 748 443 1038 497; x_wconf 75' lang='grc' dir='ltr'><strong>ἀπολιπεῖν</strong></span> <span class='ocrx_word' id='word_1_11' title='bbox 1070 414 1163 496; x_wconf 81' lang='grc' dir='ltr'><strong>τὸν</strong></span> <span class='ocrx_word' id='word_1_12' title='bbox 1190 442 1346 505; x_wconf 78' lang='grc' dir='ltr'>Θεὸν,</span> <span class='ocrx_word' id='word_1_13' title='bbox 1379 442 1517 496; x_wconf 81' lang='grc' dir='ltr'>ἀλλὰ</span> <span class='ocrx_word' id='word_1_14' title='bbox 1539 442 1844 512; x_wconf 73' lang='grc' dir='ltr'><strong>τελεσφόρα</strong></span> 
     </span>
    </p>
   </div>
   <div class='ocr_carea' id='block_1_5' title="bbox 1970 414 3537 517">
    <p class='ocr_par' dir='ltr' id='par_1_5' title="bbox 1970 446 3537 517">
     <span class='ocr_line' id='line_1_5' title="bbox 1970 446 3537 517; baseline 0.001 -19"><span class='ocrx_word' id='word_1_15' title='bbox 1970 459 2016 498; x_wconf 68' lang='grc' dir='ltr'><strong>ει</strong></span> <span class='ocrx_word' id='word_1_16' title='bbox 2042 446 2373 502; x_wconf 79' lang='lat' dir='ltr'><strong>necessitate</strong></span> <span class='ocrx_word' id='word_1_17' title='bbox 2407 447 2511 503; x_wconf 84' lang='lat' dir='ltr'><strong>sibi</strong></span> <span class='ocrx_word' id='word_1_18' title='bbox 2570 448 2802 503; x_wconf 80' lang='lat' dir='ltr'><strong>invicem</strong></span> <span class='ocrx_word' id='word_1_19' title='bbox 2838 448 3019 517; x_wconf 81' lang='lat' dir='ltr'><strong>aliqua</strong></span> <span class='ocrx_word' id='word_1_20' title='bbox 3053 447 3266 500; x_wconf 77' lang='lat' dir='ltr'><strong>ratione</strong></span> <span class='ocrx_word' id='word_1_21' title='bbox 3304 455 3537 507; x_wconf 69' lang='lat' dir='ltr'><strong>cognata</strong></span> 
     </span>
    </p>
   </div>
   <div class='ocr_carea' id='block_1_6' title="bbox 257 533 1847 609">
    <p class='ocr_par' dir='ltr' id='par_1_6' title="bbox 257 533 1847 609">
     <span class='ocr_line' id='line_1_6' title="bbox 257 533 1847 609; baseline -0.001 -21"><span class='ocrx_word' id='word_1_22' title='bbox 257 555 313 589; x_wconf 88' lang='grc' dir='ltr'><strong>τε</strong></span> <span class='ocrx_word' id='word_1_23' title='bbox 348 536 530 589; x_wconf 80' lang='grc' dir='ltr'>πάντα</span> <span class='ocrx_word' id='word_1_24' title='bbox 573 536 746 589; x_wconf 79' lang='grc' dir='ltr'>ποιεῖν</span> <span class='ocrx_word' id='word_1_25' title='bbox 775 533 917 591; x_wconf 82' lang='grc' dir='ltr'>κατὰ</span> <span class='ocrx_word' id='word_1_26' title='bbox 946 534 1009 587; x_wconf 75' lang='grc' dir='ltr'>τὸ</span> <span class='ocrx_word' id='word_1_27' title='bbox 1043 534 1337 609; x_wconf 42' lang='grc' dir='ltr'>είκδςηκαὶ</span> <span class='ocrx_word' id='word_1_28' title='bbox 1388 534 1444 587; x_wconf 79' lang='grc' dir='ltr'><strong>εἰ·</strong></span> <span class='ocrx_word' id='word_1_29' title='bbox 1471 551 1522 587; x_wconf 89' lang='grc' dir='ltr'><strong>τι</strong></span> <span class='ocrx_word' id='word_1_30' title='bbox 1562 533 1847 603; x_wconf 81' lang='grc' dir='ltr'>προσῆκον</span> 
     </span>
    </p>
   </div>
   <div class='ocr_carea' id='block_1_7' title="bbox 238 626 1842 697">
    <p class='ocr_par' dir='ltr' id='par_1_7' title="bbox 238 626 1842 697">
     <span class='ocr_line' id='line_1_7' title="bbox 238 626 1842 697; baseline -0.001 -16"><span class='ocrx_word' id='word_1_31' title='bbox 238 631 468 690; x_wconf 75' lang='grc' dir='ltr'>’ἐαυτοῖς</span> <span class='ocrx_word' id='word_1_32' title='bbox 500 626 675 697; x_wconf 73' lang='grc' dir='ltr'>πέρας</span> <span class='ocrx_word' id='word_1_33' title='bbox 701 628 855 681; x_wconf 79' lang='grc' dir='ltr'>ἐσαεὶ</span> <span class='ocrx_word' id='word_1_34' title='bbox 904 626 938 696; x_wconf 75' lang='grc' dir='ltr'>ἢ</span> <span class='ocrx_word' id='word_1_35' title='bbox 978 626 1061 691; x_wconf 82' lang='grc' dir='ltr'><strong>ὡς</strong></span> <span class='ocrx_word' id='word_1_36' title='bbox 1104 626 1400 682; x_wconf 73' lang='grc' dir='ltr'>ἐπιτοπολὺ</span> <span class='ocrx_word' id='word_1_37' title='bbox 1446 627 1577 693; x_wconf 83' lang='grc' dir='ltr'>γοῦν</span> <span class='ocrx_word' id='word_1_38' title='bbox 1608 627 1842 679; x_wconf 73' lang='grc' dir='ltr'>ἀποσαίο</span> 
     </span>
    </p>
   </div>
   <div class='ocr_carea' id='block_1_8' title="bbox 257 718 1850 790">
    <p class='ocr_par' dir='ltr' id='par_1_8' title="bbox 257 718 1850 790">
     <span class='ocr_line' id='line_1_8' title="bbox 257 718 1850 790; baseline 0 -19"><span class='ocrx_word' id='word_1_39' title='bbox 257 737 437 774; x_wconf 84' lang='grc' dir='ltr'>νοντα.</span> <span class='ocrx_word' id='word_1_40' title='bbox 474 719 632 774; x_wconf 80' lang='grc' dir='ltr'>Ὠστ’</span> <span class='ocrx_word' id='word_1_41' title='bbox 660 720 728 773; x_wconf 81' lang='grc' dir='ltr'>ἂν</span> <span class='ocrx_word' id='word_1_42' title='bbox 763 721 856 774; x_wconf 81' lang='grc' dir='ltr'>καὶ</span> <span class='ocrx_word' id='word_1_43' title='bbox 905 721 1029 773; x_wconf 77' lang='grc' dir='ltr'>κατ’</span> <span class='ocrx_word' id='word_1_44' title='bbox 1060 719 1231 789; x_wconf 75' lang='grc' dir='ltr'>ἄμφω</span> <span class='ocrx_word' id='word_1_45' title='bbox 1263 718 1464 785; x_wconf 83' lang='grc' dir='ltr'>τούτω,</span> <span class='ocrx_word' id='word_1_46' title='bbox 1503 722 1605 790; x_wconf 79' lang='grc' dir='ltr'>τήν</span> <span class='ocrx_word' id='word_1_47' title='bbox 1635 736 1695 772; x_wconf 85' lang='grc' dir='ltr'><strong>τε</strong></span> <span class='ocrx_word' id='word_1_48' title='bbox 1746 719 1850 772; x_wconf 72' lang='grc' dir='ltr'>τοῦ</span> 
     </span>
    </p>
   </div>
   <div class='ocr_carea' id='block_1_9' title="bbox 257 810 1848 882">
    <p class='ocr_par' dir='ltr' id='par_1_9' title="bbox 257 810 1848 882">
     <span class='ocr_line' id='line_1_9' title="bbox 257 810 1848 882; baseline -0.001 -17"><span class='ocrx_word' id='word_1_49' title='bbox 257 813 418 865; x_wconf 86' lang='grc' dir='ltr'>Θείου</span> <span class='ocrx_word' id='word_1_50' title='bbox 449 812 630 877; x_wconf 76' lang='grc' dir='ltr'>δόξαν,</span> <span class='ocrx_word' id='word_1_51' title='bbox 663 813 763 881; x_wconf 84' lang='grc' dir='ltr'>τήν</span> <span class='ocrx_word' id='word_1_52' title='bbox 805 828 862 864; x_wconf 85' lang='grc' dir='ltr'><strong>τε</strong></span> <span class='ocrx_word' id='word_1_53' title='bbox 913 813 1014 881; x_wconf 74' lang='grc' dir='ltr'>τῆς</span> <span class='ocrx_word' id='word_1_54' title='bbox 1044 812 1354 882; x_wconf 77' lang='grc' dir='ltr'>ἀῖδιότητος</span> <span class='ocrx_word' id='word_1_55' title='bbox 1392 810 1713 877; x_wconf 77' lang='grc' dir='ltr'>ἐπιθυμίαν,</span> <span class='ocrx_word' id='word_1_56' title='bbox 1762 812 1848 864; x_wconf 83' lang='grc' dir='ltr'><strong>ἀΐ-</strong></span> 
     </span>
    </p>
   </div>
   <div class='ocr_carea' id='block_1_10' title="bbox 256 897 1847 973">
    <p class='ocr_par' dir='ltr' id='par_1_10' title="bbox 256 897 1847 973">
     <span class='ocr_line' id='line_1_10' title="bbox 256 897 1847 973; baseline -0.002 -18"><span class='ocrx_word' id='word_1_57' title='bbox 256 903 368 955; x_wconf 87' lang='grc' dir='ltr'>διον</span> <span class='ocrx_word' id='word_1_58' title='bbox 400 901 467 955; x_wconf 83' lang='grc' dir='ltr'>ἂν</span> <span class='ocrx_word' id='word_1_59' title='bbox 494 903 596 971; x_wconf 80' lang='grc' dir='ltr'>τήν</span> <span class='ocrx_word' id='word_1_60' title='bbox 622 918 685 970; x_wconf 88' lang='grc' dir='ltr'><strong>γε</strong></span> <span class='ocrx_word' id='word_1_61' title='bbox 726 900 1078 973; x_wconf 75' lang='grc' dir='ltr'><strong>ἀνθρωπίνην</strong></span> <span class='ocrx_word' id='word_1_62' title='bbox 1124 897 1263 955; x_wconf 78' lang='grc' dir='ltr'>εῖναι</span> <span class='ocrx_word' id='word_1_63' title='bbox 1308 901 1506 972; x_wconf 69' lang='grc' dir='ltr'>ψυχὴν,</span> <span class='ocrx_word' id='word_1_64' title='bbox 1543 902 1623 955; x_wconf 81' lang='grc' dir='ltr'>ἔτι</span> <span class='ocrx_word' id='word_1_65' title='bbox 1655 903 1710 955; x_wconf 89' lang='grc' dir='ltr'><strong>δέ</strong></span> <span class='ocrx_word' id='word_1_66' title='bbox 1745 900 1847 955; x_wconf 84' lang='grc' dir='ltr'>κᾶν</span> 
     </span>
    </p>
   </div>
   <div class='ocr_carea' id='block_1_11' title="bbox 256 992 1842 1063">
    <p class='ocr_par' dir='ltr' id='par_1_11' title="bbox 256 992 1842 1063">
     <span class='ocr_line' id='line_1_11' title="bbox 256 992 1842 1063; baseline -0.001 -15"><span class='ocrx_word' id='word_1_67' title='bbox 256 994 366 1048; x_wconf 74' lang='grc' dir='ltr'><strong>ἀπὸ</strong></span> <span class='ocrx_word' id='word_1_68' title='bbox 398 994 509 1047; x_wconf 80' lang='grc' dir='ltr'>τῶν</span> <span class='ocrx_word' id='word_1_69' title='bbox 551 993 898 1063; x_wconf 82' lang='grc' dir='ltr'><strong>αὐθαιρέτων</strong></span> <span class='ocrx_word' id='word_1_70' title='bbox 943 992 1193 1047; x_wconf 81' lang='grc' dir='ltr'><strong>θανάτων</strong></span> <span class='ocrx_word' id='word_1_71' title='bbox 1228 992 1385 1046; x_wconf 81' lang='grc' dir='ltr'>τοῦτό</span> <span class='ocrx_word' id='word_1_72' title='bbox 1417 1012 1499 1057; x_wconf 88' lang='grc' dir='ltr'><strong>τις</strong></span> <span class='ocrx_word' id='word_1_73' title='bbox 1544 993 1842 1062; x_wconf 79' lang='grc' dir='ltr'>λογίσαιτο.</span> 
     </span>
    </p>
   </div>
   <div class='ocr_carea' id='block_1_12' title="bbox 259 1084 1847 1154">
    <p class='ocr_par' dir='ltr' id='par_1_12' title="bbox 259 1084 1847 1154">
     <span class='ocr_line' id='line_1_12' title="bbox 259 1084 1847 1154; baseline 0.001 -17"><span class='ocrx_word' id='word_1_74' title='bbox 259 1085 431 1138; x_wconf 79' lang='grc' dir='ltr'>υὺδὲν</span> <span class='ocrx_word' id='word_1_75' title='bbox 463 1084 707 1154; x_wconf 77' lang='grc' dir='ltr'>γὰρ’τῶν</span> <span class='ocrx_word' id='word_1_76' title='bbox 738 1084 954 1151; x_wconf 80' lang='grc' dir='ltr'>ἀλόγων</span> <span class='ocrx_word' id='word_1_77' title='bbox 987 1085 1119 1139; x_wconf 81' lang='grc' dir='ltr'>αὐτὸ</span> <span class='ocrx_word' id='word_1_78' title='bbox 1153 1084 1331 1153; x_wconf 71' lang='grc' dir='ltr'>(αὐτὸ)</span> <span class='ocrx_word' id='word_1_79' title='bbox 1356 1085 1604 1154; x_wconf 80' lang='grc' dir='ltr'>φαίνεται</span> <span class='ocrx_word' id='word_1_80' title='bbox 1636 1088 1847 1139; x_wconf 84' lang='grc' dir='ltr'>κτεῖνον</span> 
     </span>
    </p>
   </div>
   <div class='ocr_carea' id='block_1_13' title="bbox 257 1178 1847 1248">
    <p class='ocr_par' dir='ltr' id='par_1_13' title="bbox 257 1178 1847 1248">
     <span class='ocr_line' id='line_1_13' title="bbox 257 1178 1847 1248; baseline 0 -18"><span class='ocrx_word' id='word_1_81' title='bbox 257 1180 322 1230; x_wconf 81' lang='grc' dir='ltr'><strong>ἐκ</strong></span> <span class='ocrx_word' id='word_1_82' title='bbox 359 1178 618 1247; x_wconf 75' lang='grc' dir='ltr'>προνοίας</span> <span class='ocrx_word' id='word_1_83' title='bbox 654 1179 790 1248; x_wconf 75' lang='grc' dir='ltr'>(Ιθι.</span> <span class='ocrx_word' id='word_1_84' title='bbox 815 1179 936 1232; x_wconf 81' lang='grc' dir='ltr'><strong>Τῶν</strong></span> <span class='ocrx_word' id='word_1_85' title='bbox 960 1179 1003 1232; x_wconf 83' lang='grc' dir='ltr'><strong>δ’</strong></span> <span class='ocrx_word' id='word_1_86' title='bbox 1028 1178 1334 1247; x_wconf 82' lang='grc' dir='ltr'>ἀνθρώπων</span> <span class='ocrx_word' id='word_1_87' title='bbox 1359 1182 1517 1243; x_wconf 69' lang='grc' dir='ltr'>εἰσὶν,</span> <span class='ocrx_word' id='word_1_88' title='bbox 1541 1179 1591 1232; x_wconf 85' lang='grc' dir='ltr'>οἳ</span> <span class='ocrx_word' id='word_1_89' title='bbox 1617 1179 1847 1239; x_wconf 77' lang='grc' dir='ltr'>ἑαυτοὺς</span> 
     </span>
    </p>
   </div>
   <div class='ocr_carea' id='block_1_14' title="bbox 257 1269 1846 1339">
    <p class='ocr_par' dir='ltr' id='par_1_14' title="bbox 257 1269 1846 1339">
     <span class='ocr_line' id='line_1_14' title="bbox 257 1269 1846 1339; baseline 0.001 -17"><span class='ocrx_word' id='word_1_90' title='bbox 257 1270 698 1325; x_wconf 76' lang='grc' dir='ltr'>ἀποκτείνουσιν.</span> <span class='ocrx_word' id='word_1_91' title='bbox 741 1270 807 1325; x_wconf 77' lang='lat' dir='ltr'><strong>Ei</strong></span> <span class='ocrx_word' id='word_1_92' title='bbox 845 1270 901 1324; x_wconf 78' lang='grc' dir='ltr'><strong>δὲ</strong></span> <span class='ocrx_word' id='word_1_93' title='bbox 932 1271 1103 1339; x_wconf 79' lang='grc' dir='ltr'>μηδέν</span> <span class='ocrx_word' id='word_1_94' title='bbox 1140 1273 1311 1332; x_wconf 80' lang='grc' dir='ltr'>ἐστιν,</span> <span class='ocrx_word' id='word_1_95' title='bbox 1345 1271 1373 1325; x_wconf 82' lang='grc' dir='ltr'><strong>δ</strong></span> <span class='ocrx_word' id='word_1_96' title='bbox 1404 1270 1472 1325; x_wconf 82' lang='grc' dir='ltr'>ἂν</span> <span class='ocrx_word' id='word_1_97' title='bbox 1508 1270 1605 1325; x_wconf 80' lang='grc' dir='ltr'><strong>τοῦ</strong></span> <span class='ocrx_word' id='word_1_98' title='bbox 1650 1269 1846 1325; x_wconf 84' lang='grc' dir='ltr'>ἐαυτοῦ</span> 
     </span>
    </p>
   </div>
   <div class='ocr_carea' id='block_1_15' title="bbox 256 1360 1849 1433">
    <p class='ocr_par' dir='ltr' id='par_1_15' title="bbox 256 1360 1849 1433">
     <span class='ocr_line' id='line_1_15' title="bbox 256 1360 1849 1433; baseline 0 -20"><span class='ocrx_word' id='word_1_99' title='bbox 256 1360 483 1430; x_wconf 81' lang='grc' dir='ltr'>ὀλέθρου</span> <span class='ocrx_word' id='word_1_100' title='bbox 517 1363 747 1428; x_wconf 81' lang='grc' dir='ltr'>ἐφίοιτο,</span> <span class='ocrx_word' id='word_1_101' title='bbox 775 1362 844 1417; x_wconf 74' lang='grc' dir='ltr'>τὰ</span> <span class='ocrx_word' id='word_1_102' title='bbox 877 1363 986 1432; x_wconf 81' lang='grc' dir='ltr'>γὰρ</span> <span class='ocrx_word' id='word_1_103' title='bbox 1016 1361 1213 1431; x_wconf 73' lang='grc' dir='ltr'>ἄλογα,</span> <span class='ocrx_word' id='word_1_104' title='bbox 1245 1363 1303 1414; x_wconf 75' lang='grc' dir='ltr'><strong>εί</strong></span> <span class='ocrx_word' id='word_1_105' title='bbox 1322 1363 1421 1417; x_wconf 58' lang='grc' dir='ltr'>καὶ</span> <span class='ocrx_word' id='word_1_106' title='bbox 1442 1363 1518 1433; x_wconf 72' lang='grc' dir='ltr'>μὴ</span> <span class='ocrx_word' id='word_1_107' title='bbox 1547 1362 1849 1432; x_wconf 76' lang='grc' dir='ltr'>ἀϊδιότητος</span> 
     </span>
    </p>
   </div>
   <div class='ocr_carea' id='block_1_16' title="bbox 258 1450 1848 1522">
    <p class='ocr_par' dir='ltr' id='par_1_16' title="bbox 258 1450 1848 1522">
     <span class='ocr_line' id='line_1_16' title="bbox 258 1450 1848 1522; baseline 0.001 -21"><span class='ocrx_word' id='word_1_108' title='bbox 258 1451 479 1518; x_wconf 80' lang='grc' dir='ltr'>ἐφίεται</span> <span class='ocrx_word' id='word_1_109' title='bbox 525 1451 615 1505; x_wconf 81' lang='grc' dir='ltr'>διὰ</span> <span class='ocrx_word' id='word_1_110' title='bbox 648 1451 708 1505; x_wconf 82' lang='grc' dir='ltr'>τὸ</span> <span class='ocrx_word' id='word_1_111' title='bbox 746 1451 820 1522; x_wconf 82' lang='grc' dir='ltr'>μὴ</span> <span class='ocrx_word' id='word_1_112' title='bbox 863 1452 1111 1506; x_wconf 66' lang='grc' dir='ltr'>συνιέναι</span> <span class='ocrx_word' id='word_1_113' title='bbox 1141 1450 1538 1517; x_wconf 71' lang='grc' dir='ltr'>τοῦιτοιούτου,</span> <span class='ocrx_word' id='word_1_114' title='bbox 1590 1451 1707 1505; x_wconf 74' lang='grc' dir='ltr'>ἀλλ’</span> <span class='ocrx_word' id='word_1_115' title='bbox 1736 1450 1848 1504; x_wconf 69' lang='grc' dir='ltr'><strong>οὐδ’</strong></span> 
     </span>
    </p>
   </div>
   <div class='ocr_carea' id='block_1_17' title="bbox 258 1541 1850 1613">
    <p class='ocr_par' dir='ltr' id='par_1_17' title="bbox 258 1541 1850 1613">
     <span class='ocr_line' id='line_1_17' title="bbox 258 1541 1850 1613; baseline 0.002 -20"><span class='ocrx_word' id='word_1_116' title='bbox 258 1543 355 1594; x_wconf 71' lang='grc' dir='ltr'><strong>ἐπὶ</strong></span> <span class='ocrx_word' id='word_1_117' title='bbox 380 1544 469 1595; x_wconf 61' lang='grc' dir='ltr'>τῖν</span> <span class='ocrx_word' id='word_1_118' title='bbox 494 1542 691 1596; x_wconf 81' lang='grc' dir='ltr'>ἐαυτοῦ</span> <span class='ocrx_word' id='word_1_119' title='bbox 723 1543 948 1613; x_wconf 76' lang='grc' dir='ltr'>ὄλεθρον</span> <span class='ocrx_word' id='word_1_120' title='bbox 977 1543 1195 1597; x_wconf 80' lang='grc' dir='ltr'><strong>σπεύδει</strong></span> <span class='ocrx_word' id='word_1_121' title='bbox 1220 1544 1415 1597; x_wconf 85' lang='grc' dir='ltr'>ἐκόντα</span> <span class='ocrx_word' id='word_1_122' title='bbox 1450 1541 1625 1597; x_wconf 77' lang='grc' dir='ltr'>εἶναι’</span> <span class='ocrx_word' id='word_1_123' title='bbox 1656 1543 1757 1597; x_wconf 84' lang='grc' dir='ltr'>οὐκ</span> <span class='ocrx_word' id='word_1_124' title='bbox 1783 1542 1850 1597; x_wconf 84' lang='grc' dir='ltr'>ἂν</span> 
     </span>
    </p>
   </div>
   <div class='ocr_carea' id='block_1_18' title="bbox 183 1633 1846 1709">
    <p class='ocr_par' dir='ltr' id='par_1_18' title="bbox 183 1633 1846 1709">
     <span class='ocr_line' id='line_1_18' title="bbox 183 1633 1846 1709; baseline 0.002 -25"><span class='ocrx_word' id='word_1_125' title='bbox 183 1646 191 1654; x_wconf 79' lang='grc'><em>’</em></span> <span class='ocrx_word' id='word_1_126' title='bbox 258 1633 356 1686; x_wconf 79' lang='grc' dir='ltr'>οὖν</span> <span class='ocrx_word' id='word_1_127' title='bbox 386 1635 498 1689; x_wconf 83' lang='grc' dir='ltr'><strong>οὐδ’</strong></span> <span class='ocrx_word' id='word_1_128' title='bbox 531 1638 561 1707; x_wconf 72' lang='grc' dir='ltr'>ἡ</span> <span class='ocrx_word' id='word_1_129' title='bbox 601 1636 804 1709; x_wconf 74' lang='grc' dir='ltr'>ψυχὴὴ</span> <span class='ocrx_word' id='word_1_130' title='bbox 835 1636 1156 1708; x_wconf 80' lang='grc' dir='ltr'>ἀνθρωπίνη</span> <span class='ocrx_word' id='word_1_131' title='bbox 1185 1638 1280 1691; x_wconf 82' lang='grc' dir='ltr'><strong>ἐπί</strong></span> <span class='ocrx_word' id='word_1_132' title='bbox 1307 1655 1360 1690; x_wconf 91' lang='grc' dir='ltr'><strong>τι</strong></span> <span class='ocrx_word' id='word_1_133' title='bbox 1388 1637 1633 1690; x_wconf 83' lang='grc' dir='ltr'>τοιοῦτον</span> <span class='ocrx_word' id='word_1_134' title='bbox 1664 1636 1846 1706; x_wconf 76' lang='grc' dir='ltr'>ὥρμα,</span> 
     </span>
    </p>
   </div>
   <div class='ocr_carea' id='block_1_19' title="bbox 258 1727 1850 1800">
    <p class='ocr_par' dir='ltr' id='par_1_19' title="bbox 258 1727 1850 1800">
     <span class='ocr_line' id='line_1_19' title="bbox 258 1727 1850 1800; baseline 0.001 -22"><span class='ocrx_word' id='word_1_135' title='bbox 258 1727 317 1780; x_wconf 81' lang='grc' dir='ltr'>ετ</span> <span class='ocrx_word' id='word_1_136' title='bbox 360 1743 423 1794; x_wconf 86' lang='grc' dir='ltr'><strong>γε</strong></span> <span class='ocrx_word' id='word_1_137' title='bbox 475 1730 575 1782; x_wconf 76' lang='grc' dir='ltr'><strong>καὶ</strong></span> <span class='ocrx_word' id='word_1_138' title='bbox 624 1730 763 1800; x_wconf 81' lang='grc' dir='ltr'>αὐτῇ</span> <span class='ocrx_word' id='word_1_139' title='bbox 821 1729 1053 1799; x_wconf 75' lang='grc' dir='ltr'>ὄλεθρον-</span> <span class='ocrx_word' id='word_1_140' title='bbox 1090 1733 1279 1800; x_wconf 81' lang='grc' dir='ltr'>φερειν</span> <span class='ocrx_word' id='word_1_141' title='bbox 1324 1728 1390 1782; x_wconf 62' lang='grc' dir='ltr'><strong>ἃ»)</strong></span> <span class='ocrx_word' id='word_1_142' title='bbox 1417 1730 1444 1781; x_wconf 86' lang='grc' dir='ltr'><strong>ό</strong></span> <span class='ocrx_word' id='word_1_143' title='bbox 1471 1728 1569 1783; x_wconf 68' lang='grc' dir='ltr'>τοῦ</span> <span class='ocrx_word' id='word_1_144' title='bbox 1594 1727 1850 1797; x_wconf 48' lang='grc' dir='ltr'>σώματος</span> 
     </span>
    </p>
   </div>
   <div class='ocr_carea' id='block_1_20' title="bbox 1952 535 3537 610">
    <p class='ocr_par' dir='ltr' id='par_1_20' title="bbox 1952 535 3537 610">
     <span class='ocr_line' id='line_1_20' title="bbox 1952 535 3537 610; baseline -0.001 -19"><span class='ocrx_word' id='word_1_145' title='bbox 1952 549 2109 600; x_wconf 82' lang='lat' dir='ltr'><strong>esse,</strong></span> <span class='ocrx_word' id='word_1_146' title='bbox 2141 552 2341 607; x_wconf 86' lang='lat' dir='ltr'><strong>neque,</strong></span> <span class='ocrx_word' id='word_1_147' title='bbox 2369 547 2656 610; x_wconf 74' lang='lat' dir='ltr'><strong>postquam</strong></span> <span class='ocrx_word' id='word_1_148' title='bbox 2713 539 3144 595; x_wconf 79' lang='lat' dir='ltr'><strong>immortalitatis</strong></span> <span class='ocrx_word' id='word_1_149' title='bbox 3204 535 3537 592; x_wconf 80' lang='lat' dir='ltr'><strong>desiderium</strong></span> 
     </span>
    </p>
   </div>
   <div class='ocr_carea' id='block_1_21' title="bbox 1956 618 3539 699">
    <p class='ocr_par' dir='ltr' id='par_1_21' title="bbox 1956 618 3539 699">
     <span class='ocr_line' id='line_1_21' title="bbox 1956 618 3539 699; baseline 0.001 -18"><span class='ocrx_word' id='word_1_150' title='bbox 1956 618 2179 682; x_wconf 80' lang='lat' dir='ltr'><strong>homini</strong></span> <span class='ocrx_word' id='word_1_151' title='bbox 2200 627 2342 686; x_wconf 85' lang='lat' dir='ltr'><strong>Dens</strong></span> <span class='ocrx_word' id='word_1_152' title='bbox 2376 631 2691 699; x_wconf 85' lang='lat' dir='ltr'><strong>ingesserit,</strong></span> <span class='ocrx_word' id='word_1_153' title='bbox 2721 632 2857 685; x_wconf 88' lang='lat' dir='ltr'><strong>illud</strong></span> <span class='ocrx_word' id='word_1_154' title='bbox 2880 630 3078 685; x_wconf 76' lang='lat' dir='ltr'><strong>deinde</strong></span> <span class='ocrx_word' id='word_1_155' title='bbox 3143 629 3406 684; x_wconf 75' lang='lat' dir='ltr'><strong>infectum</strong></span> <span class='ocrx_word' id='word_1_156' title='bbox 3442 643 3539 682; x_wconf 85' lang='lat' dir='ltr'><strong>va-</strong></span> 
     </span>
    </p>
   </div>
   <div class='ocr_carea' id='block_1_22' title="bbox 1951 714 3543 803">
    <p class='ocr_par' dir='ltr' id='par_1_22' title="bbox 1951 714 3543 803">
     <span class='ocr_line' id='line_1_22' title="bbox 1951 714 3543 803; baseline -0.001 -27"><span class='ocrx_word' id='word_1_157' title='bbox 1951 738 2195 793; x_wconf 86' lang='lat' dir='ltr'><strong>numque</strong></span> <span class='ocrx_word' id='word_1_158' title='bbox 2223 725 2619 779; x_wconf 75' lang='lat' dir='ltr'><strong>destituturum‘</strong></span> <span class='ocrx_word' id='word_1_159' title='bbox 2643 738 2765 780; x_wconf 87' lang='lat' dir='ltr'><strong>esse</strong></span> <span class='ocrx_word' id='word_1_160' title='bbox 2795 741 2811 792; x_wconf 89' lang='lat'><strong>;</strong></span> <span class='ocrx_word' id='word_1_161' title='bbox 2836 738 2945 803; x_wconf 79' lang='lat' dir='ltr'><strong>nec</strong></span> <span class='ocrx_word' id='word_1_162' title='bbox 2975 724 3119 778; x_wconf 86' lang='lat' dir='ltr'><strong>enim</strong></span> <span class='ocrx_word' id='word_1_163' title='bbox 3189 723 3360 777; x_wconf 82' lang='lat' dir='ltr'><strong>ullum</strong></span> <span class='ocrx_word' id='word_1_164' title='bbox 3393 714 3543 776; x_wconf 79' lang='lat' dir='ltr'><strong>aliud</strong></span> 
     </span>
    </p>
   </div>
   <div class='ocr_carea' id='block_1_23' title="bbox 1911 818 3540 888">
    <p class='ocr_par' dir='ltr' id='par_1_23' title="bbox 1911 818 3540 888">
     <span class='ocr_line' id='line_1_23' title="bbox 1911 818 3540 888; baseline -0.002 -15"><span class='ocrx_word' id='word_1_165' title='bbox 1911 832 2015 873; x_wconf 69' lang='grc' dir='ltr'><strong>,εκ</strong></span> <span class='ocrx_word' id='word_1_166' title='bbox 2043 818 2135 880; x_wconf 89' lang='lat' dir='ltr'><strong>iis,</strong></span> <span class='ocrx_word' id='word_1_167' title='bbox 2168 834 2289 888; x_wconf 74' lang='lat' dir='ltr'><strong>qute</strong></span> <span class='ocrx_word' id='word_1_168' title='bbox 2317 834 2513 887; x_wconf 73' lang='lat' dir='ltr'><strong>magna</strong></span> <span class='ocrx_word' id='word_1_169' title='bbox 2575 828 2705 876; x_wconf 87' lang='lat' dir='ltr'><strong>sunt</strong></span> <span class='ocrx_word' id='word_1_170' title='bbox 2772 829 2827 875; x_wconf 88' lang='lat' dir='ltr'><strong>et</strong></span> <span class='ocrx_word' id='word_1_171' title='bbox 2889 818 3195 874; x_wconf 88' lang='lat' dir='ltr'><strong>secundum</strong></span> <span class='ocrx_word' id='word_1_172' title='bbox 3260 825 3540 880; x_wconf 87' lang='lat' dir='ltr'><strong>naturam,</strong></span> 
     </span>
    </p>
   </div>
   <div class='ocr_carea' id='block_1_24' title="bbox 1954 906 3541 977">
    <p class='ocr_par' dir='ltr' id='par_1_24' title="bbox 1954 906 3541 977">
     <span class='ocr_line' id='line_1_24' title="bbox 1954 906 3541 977; baseline -0.001 -16"><span class='ocrx_word' id='word_1_173' title='bbox 1954 906 2217 962; x_wconf 81' lang='lat' dir='ltr'><strong>infectum</strong></span> <span class='ocrx_word' id='word_1_174' title='bbox 2277 923 2307 961; x_wconf 91' lang='lat' dir='ltr'><strong>a</strong></span> <span class='ocrx_word' id='word_1_175' title='bbox 2349 907 2462 963; x_wconf 86' lang='lat' dir='ltr'><strong>Deo</strong></span> <span class='ocrx_word' id='word_1_176' title='bbox 2524 924 2765 977; x_wconf 81' lang='lat' dir='ltr'><strong>unquam</strong></span> <span class='ocrx_word' id='word_1_177' title='bbox 2829 907 3155 976; x_wconf 86' lang='lat' dir='ltr'><strong>dercliuqui,</strong></span> <span class='ocrx_word' id='word_1_178' title='bbox 3207 907 3300 962; x_wconf 88' lang='lat' dir='ltr'><strong>sed</strong></span> <span class='ocrx_word' id='word_1_179' title='bbox 3356 907 3426 960; x_wconf 89' lang='lat' dir='ltr'><strong>ab</strong></span> <span class='ocrx_word' id='word_1_180' title='bbox 3474 921 3541 960; x_wconf 89' lang='lat' dir='ltr'><strong>eo</strong></span> 
     </span>
    </p>
   </div>
   <div class='ocr_carea' id='block_1_25' title="bbox 1953 998 3537 1071">
    <p class='ocr_par' dir='ltr' id='par_1_25' title="bbox 1953 998 3537 1071">
     <span class='ocr_line' id='line_1_25' title="bbox 1953 998 3537 1071; baseline -0.003 -16"><span class='ocrx_word' id='word_1_181' title='bbox 1953 1002 2160 1064; x_wconf 87' lang='lat' dir='ltr'><strong>omnia,</strong></span> <span class='ocrx_word' id='word_1_182' title='bbox 2190 1010 2250 1055; x_wconf 93' lang='lat' dir='ltr'><strong>ut</strong></span> <span class='ocrx_word' id='word_1_183' title='bbox 2286 1016 2383 1071; x_wconf 77' lang='lat' dir='ltr'><strong>par</strong></span> <span class='ocrx_word' id='word_1_184' title='bbox 2414 1010 2516 1062; x_wconf 84' lang='lat' dir='ltr'><strong>est,</strong></span> <span class='ocrx_word' id='word_1_185' title='bbox 2545 1001 2767 1056; x_wconf 75' lang='lat' dir='ltr'><strong>aﬂectui</strong></span> <span class='ocrx_word' id='word_1_186' title='bbox 2802 1011 2926 1071; x_wconf 90' lang='lat' dir='ltr'><strong>apta</strong></span> <span class='ocrx_word' id='word_1_187' title='bbox 2986 1000 3125 1061; x_wconf 84' lang='lat' dir='ltr'><strong>tieri,</strong></span> <span class='ocrx_word' id='word_1_188' title='bbox 3189 1008 3243 1052; x_wconf 88' lang='lat' dir='ltr'><strong>et</strong></span> <span class='ocrx_word' id='word_1_189' title='bbox 3300 999 3344 1053; x_wconf 88' lang='lat' dir='ltr'><strong>si</strong></span> <span class='ocrx_word' id='word_1_190' title='bbox 3413 998 3537 1066; x_wconf 86' lang='lat' dir='ltr'><strong>quis</strong></span> 
     </span>
    </p>
   </div>
   <div class='ocr_carea' id='block_1_26' title="bbox 1938 1087 3544 1171">
    <p class='ocr_par' dir='ltr' id='par_1_26' title="bbox 1938 1087 3544 1171">
     <span class='ocr_line' id='line_1_26' title="bbox 1938 1087 3544 1171; baseline 0 -29"><span class='ocrx_word' id='word_1_191' title='bbox 1938 1099 2035 1171; x_wconf 58' lang='lat' dir='ltr'><strong>est</strong></span> <span class='ocrx_word' id='word_1_192' title='bbox 2067 1092 2189 1146; x_wconf 85' lang='lat' dir='ltr'><strong>ﬁnis</strong></span> <span class='ocrx_word' id='word_1_193' title='bbox 2217 1092 2349 1159; x_wconf 89' lang='lat' dir='ltr'><strong>ipsis</strong></span> <span class='ocrx_word' id='word_1_194' title='bbox 2376 1092 2627 1154; x_wconf 83' lang='lat' dir='ltr'><strong>idoneus,</strong></span> <span class='ocrx_word' id='word_1_195' title='bbox 2662 1108 2899 1161; x_wconf 87' lang='lat' dir='ltr'><strong>semper,</strong></span> <span class='ocrx_word' id='word_1_196' title='bbox 2946 1101 3041 1145; x_wconf 89' lang='lat' dir='ltr'><strong>aut</strong></span> <span class='ocrx_word' id='word_1_197' title='bbox 3069 1099 3216 1145; x_wconf 88' lang='lat' dir='ltr'><strong>certe</strong></span> <span class='ocrx_word' id='word_1_198' title='bbox 3258 1098 3317 1143; x_wconf 87' lang='lat' dir='ltr'><strong>ut</strong></span> <span class='ocrx_word' id='word_1_199' title='bbox 3368 1087 3544 1157; x_wconf 88' lang='lat' dir='ltr'><strong>pluri-</strong></span> 
     </span>
    </p>
   </div>
   <div class='ocr_carea' id='block_1_27' title="bbox 1953 1177 3545 1250">
    <p class='ocr_par' dir='ltr' id='par_1_27' title="bbox 1953 1177 3545 1250">
     <span class='ocr_line' id='line_1_27' title="bbox 1953 1177 3545 1250; baseline -0.003 -16"><span class='ocrx_word' id='word_1_200' title='bbox 1953 1196 2122 1243; x_wconf 90' lang='lat' dir='ltr'><strong>mum,</strong></span> <span class='ocrx_word' id='word_1_201' title='bbox 2166 1195 2289 1234; x_wconf 90' lang='lat' dir='ltr'><strong>eum</strong></span> <span class='ocrx_word' id='word_1_202' title='bbox 2325 1182 2486 1235; x_wconf 86' lang='lat' dir='ltr'><strong>ﬁnem</strong></span> <span class='ocrx_word' id='word_1_203' title='bbox 2543 1182 2918 1250; x_wconf 83' lang='lat' dir='ltr'><strong>asscquentia,</strong></span> <span class='ocrx_word' id='word_1_204' title='bbox 2951 1182 3193 1250; x_wconf 80' lang='lat' dir='ltr'><strong>adeoque</strong></span> <span class='ocrx_word' id='word_1_205' title='bbox 3248 1179 3389 1233; x_wconf 85' lang='lat' dir='ltr'><strong>haud</strong></span> <span class='ocrx_word' id='word_1_206' title='bbox 3423 1177 3545 1231; x_wconf 82' lang='lat' dir='ltr'><strong>irri-</strong></span> 
     </span>
    </p>
   </div>
   <div class='ocr_carea' id='block_1_28' title="bbox 1955 1270 3543 1343">
    <p class='ocr_par' dir='ltr' id='par_1_28' title="bbox 1955 1270 3543 1343">
     <span class='ocr_line' id='line_1_28' title="bbox 1955 1270 3543 1343; baseline -0.004 -14"><span class='ocrx_word' id='word_1_207' title='bbox 1955 1285 2066 1329; x_wconf 89' lang='lat' dir='ltr'><strong>tum</strong></span> <span class='ocrx_word' id='word_1_208' title='bbox 2099 1276 2355 1329; x_wconf 83' lang='lat' dir='ltr'><strong>essehoc</strong></span> <span class='ocrx_word' id='word_1_209' title='bbox 2381 1288 2698 1343; x_wconf 87' lang='lat' dir='ltr'><strong>utrumque,</strong></span> <span class='ocrx_word' id='word_1_210' title='bbox 2725 1290 2843 1327; x_wconf 80' lang='lat' dir='ltr'><strong>eam</strong></span> <span class='ocrx_word' id='word_1_211' title='bbox 2902 1288 3096 1340; x_wconf 83' lang='lat' dir='ltr'><strong>nempe</strong></span> <span class='ocrx_word' id='word_1_212' title='bbox 3152 1287 3274 1341; x_wconf 73' lang='lat' dir='ltr'><strong>qute</strong></span> <span class='ocrx_word' id='word_1_213' title='bbox 3335 1279 3421 1326; x_wconf 90' lang='lat' dir='ltr'><strong>est</strong></span> <span class='ocrx_word' id='word_1_214' title='bbox 3472 1270 3543 1325; x_wconf 84' lang='lat' dir='ltr'><strong>de</strong></span> 
     </span>
    </p>
   </div>
   <div class='ocr_carea' id='block_1_29' title="bbox 1952 1362 3541 1433">
    <p class='ocr_par' dir='ltr' id='par_1_29' title="bbox 1952 1362 3541 1433">
     <span class='ocr_line' id='line_1_29' title="bbox 1952 1362 3541 1433; baseline -0.004 -11"><span class='ocrx_word' id='word_1_215' title='bbox 1952 1367 2137 1422; x_wconf 84' lang='lat' dir='ltr'><strong>divino</strong></span> <span class='ocrx_word' id='word_1_216' title='bbox 2188 1368 2410 1422; x_wconf 85' lang='lat' dir='ltr'><strong>numine</strong></span> <span class='ocrx_word' id='word_1_217' title='bbox 2472 1367 2628 1422; x_wconf 83' lang='lat' dir='ltr'><strong>[idem</strong></span> <span class='ocrx_word' id='word_1_218' title='bbox 2666 1378 2723 1421; x_wconf 84' lang='lat' dir='ltr'><strong>et</strong></span> <span class='ocrx_word' id='word_1_219' title='bbox 2749 1364 3173 1420; x_wconf 81' lang='lat' dir='ltr'><strong>immortalitatis</strong></span> <span class='ocrx_word' id='word_1_220' title='bbox 3221 1362 3541 1433; x_wconf 88' lang='lat' dir='ltr'><strong>appetitum.</strong></span> 
     </span>
    </p>
   </div>
   <div class='ocr_carea' id='block_1_30' title="bbox 1953 1452 3543 1515">
    <p class='ocr_par' dir='ltr' id='par_1_30' title="bbox 1953 1452 3543 1515">
     <span class='ocr_line' id='line_1_30' title="bbox 1953 1452 3543 1515; baseline -0.003 -3"><span class='ocrx_word' id='word_1_221' title='bbox 1953 1454 2017 1512; x_wconf 83' lang='lat' dir='ltr'><strong>Et</strong></span> <span class='ocrx_word' id='word_1_222' title='bbox 2076 1474 2207 1513; x_wconf 85' lang='lat' dir='ltr'><strong>vero</strong></span> <span class='ocrx_word' id='word_1_223' title='bbox 2267 1456 2815 1513; x_wconf 78' lang='lat' dir='ltr'><strong>itmuot&#39;taleut’esse</strong></span> <span class='ocrx_word' id='word_1_224' title='bbox 2878 1454 3118 1509; x_wconf 75' lang='lat' dir='ltr'><strong>hominis</strong></span> <span class='ocrx_word' id='word_1_225' title='bbox 3174 1456 3440 1515; x_wconf 87' lang='lat' dir='ltr'><strong>animum,</strong></span> <span class='ocrx_word' id='word_1_226' title='bbox 3487 1452 3543 1507; x_wconf 83' lang='lat' dir='ltr'><strong>id</strong></span> 
     </span>
    </p>
   </div>
   <div class='ocr_carea' id='block_1_31' title="bbox 1955 1544 3541 1618">
    <p class='ocr_par' dir='ltr' id='par_1_31' title="bbox 1955 1544 3541 1618">
     <span class='ocr_line' id='line_1_31' title="bbox 1955 1544 3541 1618; baseline -0.005 -13"><span class='ocrx_word' id='word_1_227' title='bbox 1955 1550 2119 1605; x_wconf 88' lang='lat' dir='ltr'><strong>etiam</strong></span> <span class='ocrx_word' id='word_1_228' title='bbox 2148 1566 2214 1605; x_wconf 84' lang='lat' dir='ltr'><strong>ex</strong></span> <span class='ocrx_word' id='word_1_229' title='bbox 2237 1551 2560 1605; x_wconf 75' lang='lat' dir='ltr'><strong>voluntariis</strong></span> <span class='ocrx_word' id='word_1_230' title='bbox 2585 1551 2856 1603; x_wconf 76' lang='lat' dir='ltr'><strong>mortibus</strong></span> <span class='ocrx_word' id='word_1_231' title='bbox 2894 1563 3125 1618; x_wconf 77' lang='lat' dir='ltr'><strong>arguere</strong></span> <span class='ocrx_word' id='word_1_232' title='bbox 3146 1546 3295 1600; x_wconf 86' lang='lat' dir='ltr'><strong>licet.</strong></span> <span class='ocrx_word' id='word_1_233' title='bbox 3320 1544 3541 1599; x_wconf 86' lang='lat' dir='ltr'><strong>Nullum</strong></span> 
     </span>
    </p>
   </div>
   <div class='ocr_carea' id='block_1_32' title="bbox 1955 1636 3609 1710">
    <p class='ocr_par' dir='ltr' id='par_1_32' title="bbox 1955 1636 3609 1710">
     <span class='ocr_line' id='line_1_32' title="bbox 1955 1636 3609 1710; baseline -0.003 -12"><span class='ocrx_word' id='word_1_234' title='bbox 1955 1646 2099 1698; x_wconf 88' lang='lat' dir='ltr'><strong>enim</strong></span> <span class='ocrx_word' id='word_1_235' title='bbox 2132 1644 2275 1697; x_wconf 89' lang='lat' dir='ltr'><strong>inter</strong></span> <span class='ocrx_word' id='word_1_236' title='bbox 2309 1643 2646 1698; x_wconf 75' lang='lat' dir='ltr'><strong>irrationalia</strong></span> <span class='ocrx_word' id='word_1_237' title='bbox 2675 1642 2865 1696; x_wconf 87' lang='lat' dir='ltr'><strong>videas</strong></span> <span class='ocrx_word' id='word_1_238' title='bbox 2881 1640 3027 1710; x_wconf 86' lang='lat' dir='ltr'><strong>quod</strong></span> <span class='ocrx_word' id='word_1_239' title='bbox 3048 1640 3291 1706; x_wconf 88' lang='lat' dir='ltr'><strong>scipsum</strong></span> <span class='ocrx_word' id='word_1_240' title='bbox 3321 1636 3545 1691; x_wconf 86' lang='lat' dir='ltr'><strong>consul—</strong></span> <span class='ocrx_word' id='word_1_241' title='bbox 3603 1689 3609 1693; x_wconf 85' lang='lat'><strong><em>.</em></strong></span> 
     </span>
    </p>
   </div>
   <div class='ocr_carea' id='block_1_33' title="bbox 1955 1728 3545 1798">
    <p class='ocr_par' dir='ltr' id='par_1_33' title="bbox 1955 1728 3545 1798">
     <span class='ocr_line' id='line_1_33' title="bbox 1955 1728 3545 1798; baseline -0.003 -11"><span class='ocrx_word' id='word_1_242' title='bbox 1955 1743 2015 1788; x_wconf 87' lang='lat' dir='ltr'><strong>to</strong></span> <span class='ocrx_word' id='word_1_243' title='bbox 2033 1736 2248 1790; x_wconf 76' lang='lat' dir='ltr'><strong>occidat</strong></span> <span class='ocrx_word' id='word_1_244' title='bbox 2372 1753 2386 1790; x_wconf 90' lang='lat'><strong>:</strong></span> <span class='ocrx_word' id='word_1_245' title='bbox 2425 1750 2491 1788; x_wconf 82' lang='lat' dir='ltr'><strong>ex</strong></span> <span class='ocrx_word' id='word_1_246' title='bbox 2518 1734 2837 1788; x_wconf 76' lang='lat' dir='ltr'><strong>hominibus</strong></span> <span class='ocrx_word' id='word_1_247' title='bbox 2858 1742 3043 1787; x_wconf 78' lang='lat' dir='ltr'><strong>autem</strong></span> <span class='ocrx_word' id='word_1_248' title='bbox 3064 1741 3190 1786; x_wconf 89' lang='lat' dir='ltr'><strong>sunt</strong></span> <span class='ocrx_word' id='word_1_249' title='bbox 3214 1728 3308 1798; x_wconf 84' lang='lat' dir='ltr'><strong>qui</strong></span> <span class='ocrx_word' id='word_1_250' title='bbox 3332 1729 3545 1797; x_wconf 87' lang='lat' dir='ltr'><strong>seipsos</strong></span> 
     </span>
    </p>
   </div>
   <div class='ocr_carea' id='block_1_34' title="bbox 256 1815 1863 1895">
    <p class='ocr_par' dir='ltr' id='par_1_34' title="bbox 256 1818 1854 1894">
     <span class='ocr_line' id='line_1_34' title="bbox 256 1818 1854 1894; baseline 0.001 -23"><span class='ocrx_word' id='word_1_251' title='bbox 256 1818 457 1894; x_wconf 76' lang='grc' dir='ltr'>ιμελλε</span> <span class='ocrx_word' id='word_1_252' title='bbox 483 1820 734 1886; x_wconf 83' lang='grc' dir='ltr'>θάνατος,</span> <span class='ocrx_word' id='word_1_253' title='bbox 776 1821 920 1874; x_wconf 82' lang='grc' dir='ltr'>Ἀλλ’</span> <span class='ocrx_word' id='word_1_254' title='bbox 947 1822 1166 1876; x_wconf 81' lang='grc' dir='ltr'>ἐπειδὰν</span> <span class='ocrx_word' id='word_1_255' title='bbox 1195 1821 1390 1890; x_wconf 86' lang='grc' dir='ltr'>μηκέτ’</span> <span class='ocrx_word' id='word_1_256' title='bbox 1410 1821 1477 1875; x_wconf 80' lang='grc' dir='ltr'>ἄν</span> <span class='ocrx_word' id='word_1_257' title='bbox 1503 1821 1671 1891; x_wconf 81' lang='grc' dir='ltr'>ἑαυτῇ</span> <span class='ocrx_word' id='word_1_258' title='bbox 1700 1821 1854 1873; x_wconf 85' lang='grc' dir='ltr'>λυσι-</span> 
     </span>
    </p>
   </div>
   <div class='ocr_carea' id='block_1_35' title="bbox 1970 1815 3538 1895">
    <p class='ocr_par' dir='ltr' id='par_1_35' title="bbox 1979 1824 3538 1895">
     <span class='ocr_line' id='line_1_35' title="bbox 1979 1824 3538 1895; baseline -0.004 -15"><span class='ocrx_word' id='word_1_259' title='bbox 1979 1828 2299 1883; x_wconf 86' lang='lat' dir='ltr'><strong>nterimunt.</strong></span> <span class='ocrx_word' id='word_1_260' title='bbox 2326 1827 2496 1883; x_wconf 87' lang='lat' dir='ltr'><strong>Porro</strong></span> <span class='ocrx_word' id='word_1_261' title='bbox 2533 1828 2576 1882; x_wconf 92' lang='lat' dir='ltr'><strong>si</strong></span> <span class='ocrx_word' id='word_1_262' title='bbox 2641 1827 2776 1881; x_wconf 86' lang='lat' dir='ltr'><strong>nihil</strong></span> <span class='ocrx_word' id='word_1_263' title='bbox 2826 1827 2897 1881; x_wconf 91' lang='lat' dir='ltr'><strong>sit</strong></span> <span class='ocrx_word' id='word_1_264' title='bbox 2945 1824 3088 1895; x_wconf 86' lang='lat' dir='ltr'><strong>quod</strong></span> <span class='ocrx_word' id='word_1_265' title='bbox 3143 1825 3246 1878; x_wconf 86' lang='lat' dir='ltr'><strong>sibi</strong></span> <span class='ocrx_word' id='word_1_266' title='bbox 3304 1831 3538 1879; x_wconf 86' lang='lat' dir='ltr'><strong>mortem</strong></span> 
     </span>
    </p>
   </div>
   <div class='ocr_carea' id='block_1_36' title="bbox 258 1911 1852 1985">
    <p class='ocr_par' dir='ltr' id='par_1_36' title="bbox 258 1911 1852 1985">
     <span class='ocr_line' id='line_1_36' title="bbox 258 1911 1852 1985; baseline 0.001 -22"><span class='ocrx_word' id='word_1_267' title='bbox 258 1911 439 1964; x_wconf 71' lang='grc' dir='ltr'>τεὶείν</span> <span class='ocrx_word' id='word_1_268' title='bbox 466 1911 558 1965; x_wconf 74' lang='grc' dir='ltr'><strong>τὸν</strong></span> <span class='ocrx_word' id='word_1_269' title='bbox 593 1913 731 1983; x_wconf 81' lang='grc' dir='ltr'>μετὰ</span> <span class='ocrx_word' id='word_1_270' title='bbox 761 1912 856 1967; x_wconf 83' lang='grc' dir='ltr'><strong>τοῦ</strong></span> <span class='ocrx_word' id='word_1_271' title='bbox 890 1914 1144 1983; x_wconf 82' lang='grc' dir='ltr'>σώματος</span> <span class='ocrx_word' id='word_1_272' title='bbox 1178 1913 1383 1985; x_wconf 79' lang='grc' dir='ltr'>νομίσῃ</span> <span class='ocrx_word' id='word_1_273' title='bbox 1413 1913 1551 1982; x_wconf 86' lang='grc' dir='ltr'>βίον,</span> <span class='ocrx_word' id='word_1_274' title='bbox 1590 1913 1852 1966; x_wconf 78' lang='grc' dir='ltr'>κτείνασα</span> 
     </span>
    </p>
   </div>
   <div class='ocr_carea' id='block_1_37' title="bbox 258 2001 1849 2074">
    <p class='ocr_par' dir='ltr' id='par_1_37' title="bbox 258 2001 1849 2074">
     <span class='ocr_line' id='line_1_37' title="bbox 258 2001 1849 2074; baseline 0.001 -20"><span class='ocrx_word' id='word_1_275' title='bbox 258 2001 448 2065; x_wconf 76' lang='grc' dir='ltr'>τοῦτο,</span> <span class='ocrx_word' id='word_1_276' title='bbox 482 2003 660 2074; x_wconf 26' lang='grc' dir='ltr'>ἢνκαὶ</span> <span class='ocrx_word' id='word_1_277' title='bbox 708 2008 824 2069; x_wconf 80' lang='grc' dir='ltr'>τοῖς</span> <span class='ocrx_word' id='word_1_278' title='bbox 885 2006 1096 2060; x_wconf 88' lang='grc' dir='ltr'>κτεῖναι</span> <span class='ocrx_word' id='word_1_279' title='bbox 1154 2005 1220 2059; x_wconf 84' lang='grc' dir='ltr'>ἂν</span> <span class='ocrx_word' id='word_1_280' title='bbox 1262 2006 1508 2058; x_wconf 77' lang='grc' dir='ltr'>ἐθέλουσι</span> <span class='ocrx_word' id='word_1_281' title='bbox 1548 2005 1849 2074; x_wconf 83' lang='grc' dir='ltr'>προεμένη,</span> 
     </span>
    </p>
   </div>
   <div class='ocr_carea' id='block_1_38' title="bbox 261 2094 1853 2166">
    <p class='ocr_par' dir='ltr' id='par_1_38' title="bbox 261 2094 1853 2166">
     <span class='ocr_line' id='line_1_38' title="bbox 261 2094 1853 2166; baseline 0.001 -20"><span class='ocrx_word' id='word_1_282' title='bbox 261 2094 416 2163; x_wconf 80' lang='grc' dir='ltr'>ὑπὲρ</span> <span class='ocrx_word' id='word_1_283' title='bbox 469 2094 565 2148; x_wconf 81' lang='grc' dir='ltr'><strong>τοῦ</strong></span> <span class='ocrx_word' id='word_1_284' title='bbox 618 2096 786 2166; x_wconf 85' lang='grc' dir='ltr'>μηδέν</span> <span class='ocrx_word' id='word_1_285' title='bbox 832 2113 886 2150; x_wconf 90' lang='grc' dir='ltr'><strong>τι</strong></span> <span class='ocrx_word' id='word_1_286' title='bbox 942 2096 1051 2150; x_wconf 85' lang='grc' dir='ltr'><strong>τῶν</strong></span> <span class='ocrx_word' id='word_1_287' title='bbox 1095 2097 1339 2166; x_wconf 76' lang='grc' dir='ltr'>αἰσχρῶν</span> <span class='ocrx_word' id='word_1_288' title='bbox 1390 2098 1483 2149; x_wconf 70' lang='grc' dir='ltr'>καὶ</span> <span class='ocrx_word' id='word_1_289' title='bbox 1535 2096 1742 2166; x_wconf 79' lang='grc' dir='ltr'>βλάϐην</span> <span class='ocrx_word' id='word_1_290' title='bbox 1785 2096 1853 2149; x_wconf 75' lang='grc' dir='ltr'>ἂν</span> 
     </span>
    </p>
   </div>
   <div class='ocr_carea' id='block_1_39' title="bbox 264 2186 1853 2261">
    <p class='ocr_par' dir='ltr' id='par_1_39' title="bbox 264 2186 1853 2261">
     <span class='ocr_line' id='line_1_39' title="bbox 264 2186 1853 2261; baseline 0.003 -23"><span class='ocrx_word' id='word_1_291' title='bbox 264 2188 437 2257; x_wconf 74' lang='grc' dir='ltr'>ἑαυτῇ</span> <span class='ocrx_word' id='word_1_292' title='bbox 467 2188 728 2244; x_wconf 73' lang='grc' dir='ltr'>οἰσόντων</span> <span class='ocrx_word' id='word_1_293' title='bbox 784 2189 1168 2261; x_wconf 82' lang='grc' dir='ltr'>συγχωρῆσαι,</span> <span class='ocrx_word' id='word_1_294' title='bbox 1220 2188 1359 2260; x_wconf 83' lang='grc' dir='ltr'>αὐτὴ</span> <span class='ocrx_word' id='word_1_295' title='bbox 1399 2186 1601 2256; x_wconf 73' lang='grc' dir='ltr'>δηλαδὴ</span> <span class='ocrx_word' id='word_1_296' title='bbox 1643 2188 1853 2258; x_wconf 75' lang='grc' dir='ltr'>οἴχεται</span> 
     </span>
    </p>
   </div>
   <div class='ocr_carea' id='block_1_40' title="bbox 264 2295 527 2335">
    <p class='ocr_par' dir='ltr' id='par_1_40' title="bbox 264 2295 527 2335">
     <span class='ocr_line' id='line_1_40' title="bbox 264 2295 527 2335; baseline 0.015 -4"><span class='ocrx_word' id='word_1_297' title='bbox 264 2295 527 2335; x_wconf 66' lang='grc' dir='ltr'>απιουσα.</span> 
     </span>
    </p>
   </div>
   <div class='ocr_carea' id='block_1_41' title="bbox 1957 1910 3546 1987">
    <p class='ocr_par' dir='ltr' id='par_1_41' title="bbox 1957 1910 3546 1987">
     <span class='ocr_line' id='line_1_41' title="bbox 1957 1910 3546 1987; baseline -0.005 -15"><span class='ocrx_word' id='word_1_298' title='bbox 1957 1926 2179 1987; x_wconf 87' lang='lat' dir='ltr'><strong>appetat</strong></span> <span class='ocrx_word' id='word_1_299' title='bbox 2207 1917 2291 1985; x_wconf 89' lang='lat' dir='ltr'><strong>(ea</strong></span> <span class='ocrx_word' id='word_1_300' title='bbox 2321 1916 2479 1971; x_wconf 73' lang='lat' dir='ltr'><strong>enim.</strong></span> <span class='ocrx_word' id='word_1_301' title='bbox 2502 1932 2624 1987; x_wconf 80' lang='lat' dir='ltr'><strong>qua:</strong></span> <span class='ocrx_word' id='word_1_302' title='bbox 2663 1918 2885 1971; x_wconf 85' lang='lat' dir='ltr'><strong>ratione</strong></span> <span class='ocrx_word' id='word_1_303' title='bbox 2915 1914 3403 1975; x_wconf 71' lang='lat' dir='ltr'><strong>carentatiimalia,</strong></span> <span class='ocrx_word' id='word_1_304' title='bbox 3441 1910 3546 1966; x_wconf 87' lang='lat' dir='ltr'><strong>etsi</strong></span> 
     </span>
    </p>
   </div>
   <div class='ocr_carea' id='block_1_42' title="bbox 1960 1997 3549 2075">
    <p class='ocr_par' dir='ltr' id='par_1_42' title="bbox 1960 1997 3549 2075">
     <span class='ocr_line' id='line_1_42' title="bbox 1960 1997 3549 2075; baseline -0.006 -15"><span class='ocrx_word' id='word_1_305' title='bbox 1960 2022 2069 2060; x_wconf 91' lang='lat' dir='ltr'><strong>non</strong></span> <span class='ocrx_word' id='word_1_306' title='bbox 2104 2005 2819 2075; x_wconf 89' lang='lat' dir='ltr'><strong>cupiantimmortalitatem</strong></span> <span class='ocrx_word' id='word_1_307' title='bbox 2874 2012 3157 2073; x_wconf 89' lang='lat' dir='ltr'><strong>propterea</strong></span> <span class='ocrx_word' id='word_1_308' title='bbox 3194 1998 3339 2069; x_wconf 88' lang='lat' dir='ltr'><strong>quod</strong></span> <span class='ocrx_word' id='word_1_309' title='bbox 3410 1997 3549 2054; x_wconf 86' lang='lat' dir='ltr'><strong>nihil</strong></span> 
     </span>
    </p>
   </div>
   <div class='ocr_carea' id='block_1_43' title="bbox 1961 2090 3545 2166">
    <p class='ocr_par' dir='ltr' id='par_1_43' title="bbox 1961 2090 3545 2166">
     <span class='ocr_line' id='line_1_43' title="bbox 1961 2090 3545 2166; baseline -0.006 -14"><span class='ocrx_word' id='word_1_310' title='bbox 1961 2112 2024 2152; x_wconf 89' lang='lat' dir='ltr'><strong>ea</strong></span> <span class='ocrx_word' id='word_1_311' title='bbox 2052 2099 2116 2152; x_wconf 89' lang='lat' dir='ltr'><strong>de</strong></span> <span class='ocrx_word' id='word_1_312' title='bbox 2149 2113 2207 2151; x_wconf 85' lang='lat' dir='ltr'><strong>re</strong></span> <span class='ocrx_word' id='word_1_313' title='bbox 2240 2095 2568 2166; x_wconf 84' lang='lat' dir='ltr'><strong>intelligant,</strong></span> <span class='ocrx_word' id='word_1_314' title='bbox 2602 2110 2884 2165; x_wconf 85' lang='lat' dir='ltr'><strong>nunquam</strong></span> <span class='ocrx_word' id='word_1_315' title='bbox 2922 2104 3103 2148; x_wconf 89' lang='lat' dir='ltr'><strong>tamen</strong></span> <span class='ocrx_word' id='word_1_316' title='bbox 3160 2092 3227 2147; x_wconf 86' lang='lat' dir='ltr'><strong>ad</strong></span> <span class='ocrx_word' id='word_1_317' title='bbox 3265 2090 3545 2161; x_wconf 88' lang='lat' dir='ltr'><strong>proprittm</strong></span> 
     </span>
    </p>
   </div>
   <div class='ocr_carea' id='block_1_44' title="bbox 1960 2186 3549 2258">
    <p class='ocr_par' dir='ltr' id='par_1_44' title="bbox 1960 2186 3549 2258">
     <span class='ocr_line' id='line_1_44' title="bbox 1960 2186 3549 2258; baseline -0.007 -13"><span class='ocrx_word' id='word_1_318' title='bbox 1960 2190 2247 2246; x_wconf 87' lang='lat' dir='ltr'><strong>interitum</strong></span> <span class='ocrx_word' id='word_1_319' title='bbox 2276 2189 2423 2244; x_wconf 89' lang='lat' dir='ltr'><strong>ultro</strong></span> <span class='ocrx_word' id='word_1_320' title='bbox 2460 2189 2716 2243; x_wconf 83' lang='lat' dir='ltr'><strong>videntur</strong></span> <span class='ocrx_word' id='word_1_321' title='bbox 2743 2186 3083 2258; x_wconf 87' lang='lat' dir='ltr'><strong>properare),</strong></span> <span class='ocrx_word' id='word_1_322' title='bbox 3110 2200 3174 2241; x_wconf 83' lang='lat' dir='ltr'><strong>ex</strong></span> <span class='ocrx_word' id='word_1_323' title='bbox 3207 2196 3549 2250; x_wconf 80' lang='lat' dir='ltr'><strong>consequen-</strong></span> 
     </span>
    </p>
   </div>
   <div class='ocr_carea' id='block_1_45' title="bbox 1960 2274 3551 2349">
    <p class='ocr_par' dir='ltr' id='par_1_45' title="bbox 1960 2274 3551 2349">
     <span class='ocr_line' id='line_1_45' title="bbox 1960 2274 3551 2349; baseline -0.009 -13"><span class='ocrx_word' id='word_1_324' title='bbox 1960 2283 2024 2347; x_wconf 88' lang='lat' dir='ltr'><strong>ti,</strong></span> <span class='ocrx_word' id='word_1_325' title='bbox 2056 2296 2233 2349; x_wconf 88' lang='lat' dir='ltr'><strong>neque</strong></span> <span class='ocrx_word' id='word_1_326' title='bbox 2260 2281 2443 2335; x_wconf 88' lang='lat' dir='ltr'><strong>anima</strong></span> <span class='ocrx_word' id='word_1_327' title='bbox 2475 2280 2719 2334; x_wconf 87' lang='lat' dir='ltr'><strong>humana</strong></span> <span class='ocrx_word' id='word_1_328' title='bbox 2754 2279 2821 2331; x_wconf 84' lang='lat' dir='ltr'><strong>ad</strong></span> <span class='ocrx_word' id='word_1_329' title='bbox 2876 2288 3108 2332; x_wconf 88' lang='lat' dir='ltr'><strong>mortem</strong></span> <span class='ocrx_word' id='word_1_330' title='bbox 3170 2274 3336 2343; x_wconf 80' lang='lat' dir='ltr'><strong>huius</strong></span> <span class='ocrx_word' id='word_1_331' title='bbox 3387 2283 3551 2341; x_wconf 76' lang='lat' dir='ltr'><strong>gene-</strong></span> 
     </span>
    </p>
   </div>
   <div class='ocr_carea' id='block_1_46' title="bbox 264 2366 3546 2448">
    <p class='ocr_par' dir='ltr' id='par_1_46' title="bbox 264 2366 3546 2448">
     <span class='ocr_line' id='line_1_46' title="bbox 264 2366 3546 2448; baseline -0.003 -19"><span class='ocrx_word' id='word_1_332' title='bbox 264 2374 348 2430; x_wconf 85' lang='lat' dir='ltr'><strong>ris</strong></span> <span class='ocrx_word' id='word_1_333' title='bbox 370 2384 672 2445; x_wconf 87' lang='lat' dir='ltr'><strong>spontaneo</strong></span> <span class='ocrx_word' id='word_1_334' title='bbox 697 2378 899 2448; x_wconf 89' lang='lat' dir='ltr'><strong>impetu</strong></span> <span class='ocrx_word' id='word_1_335' title='bbox 936 2385 1139 2440; x_wconf 88' lang='lat' dir='ltr'><strong>rueret,</strong></span> <span class='ocrx_word' id='word_1_336' title='bbox 1173 2375 1222 2432; x_wconf 88' lang='lat' dir='ltr'><strong>si</strong></span> <span class='ocrx_word' id='word_1_337' title='bbox 1279 2382 1333 2432; x_wconf 90' lang='lat' dir='ltr'><strong>et</strong></span> <span class='ocrx_word' id='word_1_338' title='bbox 1395 2376 1496 2444; x_wconf 85' lang='lat' dir='ltr'><strong>ipsi</strong></span> <span class='ocrx_word' id='word_1_339' title='bbox 1550 2374 1835 2430; x_wconf 87' lang='lat' dir='ltr'><strong>interitum</strong></span> <span class='ocrx_word' id='word_1_340' title='bbox 1876 2377 2127 2447; x_wconf 90' lang='lat' dir='ltr'><strong>corporis</strong></span> <span class='ocrx_word' id='word_1_341' title='bbox 2177 2376 2385 2432; x_wconf 81' lang='lat' dir='ltr'><strong>uccisio</strong></span> <span class='ocrx_word' id='word_1_342' title='bbox 2447 2383 2592 2430; x_wconf 86' lang='lat' dir='ltr'><strong>esset</strong></span> <span class='ocrx_word' id='word_1_343' title='bbox 2661 2374 2898 2429; x_wconf 86' lang='lat' dir='ltr'><strong>illatura.</strong></span> <span class='ocrx_word' id='word_1_344' title='bbox 2930 2371 3067 2427; x_wconf 84' lang='lat' dir='ltr'><strong>Cum</strong></span> <span class='ocrx_word' id='word_1_345' title='bbox 3115 2385 3244 2424; x_wconf 82' lang='lat' dir='ltr'><strong>vero</strong></span> <span class='ocrx_word' id='word_1_346' title='bbox 3269 2381 3375 2423; x_wconf 88' lang='lat' dir='ltr'><strong>non</strong></span> <span class='ocrx_word' id='word_1_347' title='bbox 3431 2366 3546 2435; x_wconf 76' lang='lat' dir='ltr'><strong>jam</strong></span> 
     </span>
    </p>
   </div>
   <div class='ocr_carea' id='block_1_47' title="bbox 267 2451 3548 2538">
    <p class='ocr_par' dir='ltr' id='par_1_47' title="bbox 267 2451 3548 2538">
     <span class='ocr_line' id='line_1_47' title="bbox 267 2451 3548 2538; baseline -0.002 -17"><span class='ocrx_word' id='word_1_348' title='bbox 267 2468 570 2536; x_wconf 83' lang='lat' dir='ltr'><strong>quidquam</strong></span> <span class='ocrx_word' id='word_1_349' title='bbox 600 2451 851 2524; x_wconf 69' lang='lat' dir='ltr'><strong>utilitatis</strong></span> <span class='ocrx_word' id='word_1_350' title='bbox 873 2468 979 2524; x_wconf 89' lang='lat' dir='ltr'><strong>sibi</strong></span> <span class='ocrx_word' id='word_1_351' title='bbox 1048 2468 1193 2523; x_wconf 91' lang='lat' dir='ltr'><strong>hanc</strong></span> <span class='ocrx_word' id='word_1_352' title='bbox 1241 2483 1367 2523; x_wconf 91' lang='lat' dir='ltr'><strong>cum</strong></span> <span class='ocrx_word' id='word_1_353' title='bbox 1404 2483 1637 2538; x_wconf 89' lang='lat' dir='ltr'><strong>corpore</strong></span> <span class='ocrx_word' id='word_1_354' title='bbox 1688 2468 1854 2523; x_wconf 82' lang='lat' dir='ltr'><strong>vitam</strong></span> <span class='ocrx_word' id='word_1_355' title='bbox 1896 2469 2148 2525; x_wconf 82' lang='lat' dir='ltr'><strong>conferre</strong></span> <span class='ocrx_word' id='word_1_356' title='bbox 2190 2469 2604 2530; x_wconf 79' lang='lat' dir='ltr'><strong>existimaverit,</strong></span> <span class='ocrx_word' id='word_1_357' title='bbox 2671 2467 2773 2522; x_wconf 90' lang='lat' dir='ltr'><strong>hoc</strong></span> <span class='ocrx_word' id='word_1_358' title='bbox 2839 2463 3130 2519; x_wconf 79' lang='lat' dir='ltr'><strong>interfecto</strong></span> <span class='ocrx_word' id='word_1_359' title='bbox 3197 2462 3278 2517; x_wconf 96' lang='lat' dir='ltr'><strong>vel</strong></span> <span class='ocrx_word' id='word_1_360' title='bbox 3330 2460 3397 2516; x_wconf 88' lang='lat' dir='ltr'><strong>iis</strong></span> <span class='ocrx_word' id='word_1_361' title='bbox 3455 2454 3548 2527; x_wconf 77' lang='lat' dir='ltr'><strong>qui</strong></span> 
     </span>
    </p>
   </div>
   <div class='ocr_carea' id='block_1_48' title="bbox 268 2551 3551 2633">
    <p class='ocr_par' dir='ltr' id='par_1_48' title="bbox 268 2551 3551 2633">
     <span class='ocr_line' id='line_1_48' title="bbox 268 2551 3551 2633; baseline -0.004 -16"><span class='ocrx_word' id='word_1_362' title='bbox 268 2561 524 2617; x_wconf 89' lang='lat' dir='ltr'><strong>occidere</strong></span> <span class='ocrx_word' id='word_1_363' title='bbox 550 2561 819 2617; x_wconf 86' lang='lat' dir='ltr'><strong>voluerint</strong></span> <span class='ocrx_word' id='word_1_364' title='bbox 840 2560 1108 2633; x_wconf 87' lang='lat' dir='ltr'><strong>projecto,</strong></span> <span class='ocrx_word' id='word_1_365' title='bbox 1138 2575 1208 2615; x_wconf 82' lang='lat' dir='ltr'><strong>ne</strong></span> <span class='ocrx_word' id='word_1_366' title='bbox 1228 2560 1522 2630; x_wconf 82' lang='lat' dir='ltr'><strong>quid-quod</strong></span> <span class='ocrx_word' id='word_1_367' title='bbox 1551 2569 1647 2615; x_wconf 82' lang='lat' dir='ltr'><strong>aut</strong></span> <span class='ocrx_word' id='word_1_368' title='bbox 1675 2560 1939 2632; x_wconf 87' lang='lat' dir='ltr'><strong>pud0rem</strong></span> <span class='ocrx_word' id='word_1_369' title='bbox 1969 2561 2164 2617; x_wconf 79' lang='lat' dir='ltr'><strong>afferat</strong></span> <span class='ocrx_word' id='word_1_370' title='bbox 2193 2571 2293 2616; x_wconf 82' lang='lat' dir='ltr'><strong>aut</strong></span> <span class='ocrx_word' id='word_1_371' title='bbox 2348 2567 2757 2615; x_wconf 49' lang='lat' dir='ltr'><strong>nocumrntumv</strong></span> <span class='ocrx_word' id='word_1_372' title='bbox 2803 2555 3090 2621; x_wconf 79' lang='lat' dir='ltr'><strong>concedat,</strong></span> <span class='ocrx_word' id='word_1_373' title='bbox 3178 2554 3291 2623; x_wconf 89' lang='lat' dir='ltr'><strong>ipsa</strong></span> <span class='ocrx_word' id='word_1_374' title='bbox 3360 2551 3551 2622; x_wconf 87' lang='lat' dir='ltr'><strong>utique</strong></span> 
     </span>
    </p>
   </div>
   <div class='ocr_carea' id='block_1_49' title="bbox 272 2660 743 2728">
    <p class='ocr_par' dir='ltr' id='par_1_49' title="bbox 272 2660 743 2728">
     <span class='ocr_line' id='line_1_49' title="bbox 272 2660 743 2728; baseline -0.002 -15"><span class='ocrx_word' id='word_1_375' title='bbox 272 2660 427 2714; x_wconf 85' lang='lat' dir='ltr'><strong>abire</strong></span> <span class='ocrx_word' id='word_1_376' title='bbox 465 2664 743 2728; x_wconf 83' lang='lat' dir='ltr'><strong>prOperat.</strong></span> 
     </span>
    </p>
   </div>
   <div class='ocr_carea' id='block_1_50' title="bbox 349 2794 1866 2866">
    <p class='ocr_par' dir='ltr' id='par_1_50' title="bbox 349 2794 1866 2866">
     <span class='ocr_line' id='line_1_50' title="bbox 349 2794 1866 2866; baseline -0.001 -18"><span class='ocrx_word' id='word_1_377' title='bbox 349 2798 459 2849; x_wconf 73' lang='grc' dir='ltr'><strong>Καὶ</strong></span> <span class='ocrx_word' id='word_1_378' title='bbox 483 2797 612 2865; x_wconf 65' lang='grc' dir='ltr'>περὶ</span> <span class='ocrx_word' id='word_1_379' title='bbox 647 2796 750 2866; x_wconf 81' lang='grc' dir='ltr'>μὲν</span> <span class='ocrx_word' id='word_1_380' title='bbox 774 2794 981 2850; x_wconf 75' lang='grc' dir='ltr'>τούτων</span> <span class='ocrx_word' id='word_1_381' title='bbox 1011 2796 1076 2850; x_wconf 89' lang='grc' dir='ltr'><strong>ἐκ</strong></span> <span class='ocrx_word' id='word_1_382' title='bbox 1111 2795 1370 2850; x_wconf 83' lang='grc' dir='ltr'>πλειόνων</span> <span class='ocrx_word' id='word_1_383' title='bbox 1398 2812 1456 2848; x_wconf 86' lang='grc' dir='ltr'><strong>τε</strong></span> <span class='ocrx_word' id='word_1_384' title='bbox 1483 2796 1576 2850; x_wconf 78' lang='grc' dir='ltr'>καὶ</span> <span class='ocrx_word' id='word_1_385' title='bbox 1601 2796 1866 2865; x_wconf 80' lang='grc' dir='ltr'>μειζόνων</span> 
     </span>
    </p>
   </div>
   <div class='ocr_carea' id='block_1_51' title="bbox 274 2888 1865 2960">
    <p class='ocr_par' dir='ltr' id='par_1_51' title="bbox 274 2888 1865 2960">
     <span class='ocr_line' id='line_1_51' title="bbox 274 2888 1865 2960; baseline 0 -18"><span class='ocrx_word' id='word_1_386' title='bbox 274 2891 456 2957; x_wconf 85' lang='grc' dir='ltr'>λόγων</span> <span class='ocrx_word' id='word_1_387' title='bbox 483 2892 644 2944; x_wconf 83' lang='grc' dir='ltr'>ἱκανὰ</span> <span class='ocrx_word' id='word_1_388' title='bbox 670 2892 766 2943; x_wconf 78' lang='grc' dir='ltr'>καὶ</span> <span class='ocrx_word' id='word_1_389' title='bbox 790 2889 963 2944; x_wconf 83' lang='grc' dir='ltr'>ταῦτα</span> <span class='ocrx_word' id='word_1_390' title='bbox 998 2889 1056 2943; x_wconf 73' lang='grc' dir='ltr'><strong>ἐν</strong></span> <span class='ocrx_word' id='word_1_391' title='bbox 1081 2906 1143 2958; x_wconf 87' lang='grc' dir='ltr'><strong>γε</strong></span> <span class='ocrx_word' id='word_1_392' title='bbox 1174 2890 1255 2959; x_wconf 78' lang='grc' dir='ltr'>τῷ</span> <span class='ocrx_word' id='word_1_393' title='bbox 1280 2890 1538 2960; x_wconf 87' lang='grc' dir='ltr'>παρόντι.</span> <span class='ocrx_word' id='word_1_394' title='bbox 1571 2889 1796 2960; x_wconf 76' lang='grc' dir='ltr'>Ταύτης</span> <span class='ocrx_word' id='word_1_395' title='bbox 1820 2888 1865 2942; x_wconf 83' lang='grc' dir='ltr'><strong>δ’</strong></span> 
     </span>
    </p>
   </div>
   <div class='ocr_carea' id='block_1_52' title="bbox 276 2982 1867 3054">
    <p class='ocr_par' dir='ltr' id='par_1_52' title="bbox 276 2982 1867 3054">
     <span class='ocr_line' id='line_1_52' title="bbox 276 2982 1867 3054; baseline 0 -17"><span class='ocrx_word' id='word_1_396' title='bbox 276 2984 414 3050; x_wconf 72' lang='grc' dir='ltr'>ἡμῖν</span> <span class='ocrx_word' id='word_1_397' title='bbox 452 2984 817 3054; x_wconf 75' lang='grc' dir='ltr'>ὑποκειμένης</span> <span class='ocrx_word' id='word_1_398' title='bbox 849 2982 1073 3051; x_wconf 76' lang='grc' dir='ltr'>βεδαίας</span> <span class='ocrx_word' id='word_1_399' title='bbox 1114 2984 1213 3049; x_wconf 70' lang='grc' dir='ltr'><strong>τῆς</strong></span> <span class='ocrx_word' id='word_1_400' title='bbox 1253 2983 1432 3051; x_wconf 79' lang='grc' dir='ltr'>δόξης,</span> <span class='ocrx_word' id='word_1_401' title='bbox 1478 2984 1553 3048; x_wconf 84' lang='grc' dir='ltr'>ὡς</span> <span class='ocrx_word' id='word_1_402' title='bbox 1594 2983 1867 3048; x_wconf 82' lang='grc' dir='ltr'>ἀθάνατος</span> 
     </span>
    </p>
   </div>
   <div class='ocr_carea' id='block_1_53' title="bbox 274 3074 1864 3146">
    <p class='ocr_par' dir='ltr' id='par_1_53' title="bbox 274 3074 1864 3146">
     <span class='ocr_line' id='line_1_53' title="bbox 274 3074 1864 3146; baseline 0.001 -19"><span class='ocrx_word' id='word_1_403' title='bbox 274 3076 438 3145; x_wconf 76' lang='grc' dir='ltr'>ἡμῶν</span> <span class='ocrx_word' id='word_1_404' title='bbox 470 3078 618 3129; x_wconf 80' lang='grc' dir='ltr'>ἐστιν</span> <span class='ocrx_word' id='word_1_405' title='bbox 657 3076 690 3146; x_wconf 84' lang='grc' dir='ltr'><strong>ἡ</strong></span> <span class='ocrx_word' id='word_1_406' title='bbox 718 3074 887 3146; x_wconf 77' lang='grc' dir='ltr'>ψυχὴ,</span> <span class='ocrx_word' id='word_1_407' title='bbox 925 3074 994 3127; x_wconf 80' lang='grc' dir='ltr'>τά</span> <span class='ocrx_word' id='word_1_408' title='bbox 1024 3091 1084 3128; x_wconf 86' lang='grc' dir='ltr'><strong>τε</strong></span> <span class='ocrx_word' id='word_1_409' title='bbox 1114 3074 1249 3129; x_wconf 73' lang='grc' dir='ltr'>ἄλλα</span> <span class='ocrx_word' id='word_1_410' title='bbox 1272 3076 1639 3145; x_wconf 82' lang='grc' dir='ltr'>γενναιότεροι</span> <span class='ocrx_word' id='word_1_411' title='bbox 1670 3075 1736 3130; x_wconf 82' lang='grc' dir='ltr'>ἂν</span> <span class='ocrx_word' id='word_1_412' title='bbox 1768 3076 1864 3129; x_wconf 73' lang='grc' dir='ltr'>καὶ</span> 
     </span>
    </p>
   </div>
   <div class='ocr_carea' id='block_1_54' title="bbox 273 3166 1865 3237">
    <p class='ocr_par' dir='ltr' id='par_1_54' title="bbox 273 3166 1865 3237">
     <span class='ocr_line' id='line_1_54' title="bbox 273 3166 1865 3237; baseline -0.001 -16"><span class='ocrx_word' id='word_1_413' title='bbox 273 3168 540 3237; x_wconf 79' lang='grc' dir='ltr'>ἀμείνους</span> <span class='ocrx_word' id='word_1_414' title='bbox 594 3167 809 3237; x_wconf 75' lang='grc' dir='ltr'>εἴημεν,</span> <span class='ocrx_word' id='word_1_415' title='bbox 862 3166 958 3222; x_wconf 73' lang='grc' dir='ltr'>καὶ</span> <span class='ocrx_word' id='word_1_416' title='bbox 1006 3167 1106 3231; x_wconf 81' lang='grc' dir='ltr'><strong>τὰς</strong></span> <span class='ocrx_word' id='word_1_417' title='bbox 1158 3167 1372 3220; x_wconf 76' lang='grc' dir='ltr'>τοιάσδε</span> <span class='ocrx_word' id='word_1_418' title='bbox 1438 3168 1730 3237; x_wconf 70' lang='grc' dir='ltr'>συμφορὰς</span> <span class='ocrx_word' id='word_1_419' title='bbox 1787 3167 1865 3230; x_wconf 83' lang='grc' dir='ltr'><strong>ὡς</strong></span> 
     </span>
    </p>
   </div>
   <div class='ocr_carea' id='block_1_55' title="bbox 274 3260 976 3331">
    <p class='ocr_par' dir='ltr' id='par_1_55' title="bbox 274 3260 976 3331">
     <span class='ocr_line' id='line_1_55' title="bbox 274 3260 976 3331; baseline 0.001 -18"><span class='ocrx_word' id='word_1_420' title='bbox 274 3261 570 3331; x_wconf 75' lang='grc' dir='ltr'>πραότατα</span> <span class='ocrx_word' id='word_1_421' title='bbox 599 3260 665 3313; x_wconf 84' lang='grc' dir='ltr'>ἂν</span> <span class='ocrx_word' id='word_1_422' title='bbox 690 3261 976 3330; x_wconf 82' lang='grc' dir='ltr'>φέροιμεν.</span> 
     </span>
    </p>
   </div>
   <div class='ocr_carea' id='block_1_56' title="bbox 350 3369 1864 3441">
    <p class='ocr_par' dir='ltr' id='par_1_56' title="bbox 350 3369 1864 3441">
     <span class='ocr_line' id='line_1_56' title="bbox 350 3369 1864 3441; baseline -0.002 -15"><span class='ocrx_word' id='word_1_423' title='bbox 350 3371 527 3437; x_wconf 84' lang='grc' dir='ltr'>”Ωστ⁹,</span> <span class='ocrx_word' id='word_1_424' title='bbox 557 3370 603 3425; x_wconf 86' lang='grc' dir='ltr'>ὦ</span> <span class='ocrx_word' id='word_1_425' title='bbox 650 3370 895 3425; x_wconf 81' lang='grc' dir='ltr'>θειότατε</span> <span class='ocrx_word' id='word_1_426' title='bbox 943 3370 1100 3440; x_wconf 82' lang='grc' dir='ltr'>ἡμῶν</span> <span class='ocrx_word' id='word_1_427' title='bbox 1132 3370 1358 3441; x_wconf 70' lang='grc' dir='ltr'>ήγεμὸν,</span> <span class='ocrx_word' id='word_1_428' title='bbox 1393 3369 1605 3435; x_wconf 81' lang='grc' dir='ltr'>τούτοις</span> <span class='ocrx_word' id='word_1_429' title='bbox 1643 3388 1702 3424; x_wconf 86' lang='grc' dir='ltr'><strong>τε</strong></span> <span class='ocrx_word' id='word_1_430' title='bbox 1751 3372 1864 3434; x_wconf 80' lang='grc' dir='ltr'>τοῖς</span> 
     </span>
    </p>
   </div>
   <div class='ocr_carea' id='block_1_57' title="bbox 270 3462 1866 3533">
    <p class='ocr_par' dir='ltr' id='par_1_57' title="bbox 270 3462 1866 3533">
     <span class='ocr_line' id='line_1_57' title="bbox 270 3462 1866 3533; baseline -0.002 -14"><span class='ocrx_word' id='word_1_431' title='bbox 270 3467 461 3533; x_wconf 77' lang='grc' dir='ltr'>λόγοις</span> <span class='ocrx_word' id='word_1_432' title='bbox 493 3464 693 3518; x_wconf 74' lang='grc' dir='ltr'>σαυτὸν</span> <span class='ocrx_word' id='word_1_433' title='bbox 727 3462 1221 3533; x_wconf 80' lang='grc' dir='ltr'>παραμυθούμενος</span> <span class='ocrx_word' id='word_1_434' title='bbox 1249 3463 1311 3517; x_wconf 76' lang='grc' dir='ltr'><strong>τὸ</strong></span> <span class='ocrx_word' id='word_1_435' title='bbox 1348 3462 1483 3517; x_wconf 84' lang='grc' dir='ltr'>πολὺ</span> <span class='ocrx_word' id='word_1_436' title='bbox 1510 3464 1609 3532; x_wconf 81' lang='grc' dir='ltr'><strong>τῆς</strong></span> <span class='ocrx_word' id='word_1_437' title='bbox 1628 3462 1866 3532; x_wconf 76' lang='grc' dir='ltr'>ἀθυμίας</span> 
     </span>
    </p>
   </div>
   <div class='ocr_carea' id='block_1_58' title="bbox 271 3557 1865 3631">
    <p class='ocr_par' dir='ltr' id='par_1_58' title="bbox 271 3557 1865 3631">
     <span class='ocr_line' id='line_1_58' title="bbox 271 3557 1865 3631; baseline -0.003 -16"><span class='ocrx_word' id='word_1_438' title='bbox 271 3561 531 3631; x_wconf 62' lang='grc' dir='ltr'>ἀφαίρει,</span> <span class='ocrx_word' id='word_1_439' title='bbox 570 3563 663 3613; x_wconf 71' lang='grc' dir='ltr'>καὶ</span> <span class='ocrx_word' id='word_1_440' title='bbox 693 3560 774 3612; x_wconf 76' lang='grc' dir='ltr'>ἔτι</span> <span class='ocrx_word' id='word_1_441' title='bbox 815 3560 995 3612; x_wconf 70' lang='grc' dir='ltr'>ἐκεῖνο</span> <span class='ocrx_word' id='word_1_442' title='bbox 1043 3558 1413 3628; x_wconf 80' lang='grc' dir='ltr'>λογιζόμενος,</span> <span class='ocrx_word' id='word_1_443' title='bbox 1442 3557 1518 3620; x_wconf 83' lang='grc' dir='ltr'><strong>ὡς</strong></span> <span class='ocrx_word' id='word_1_444' title='bbox 1557 3559 1616 3612; x_wconf 84' lang='grc' dir='ltr'>σὲ</span> <span class='ocrx_word' id='word_1_445' title='bbox 1653 3558 1734 3612; x_wconf 83' lang='grc' dir='ltr'>δεῖ</span> <span class='ocrx_word' id='word_1_446' title='bbox 1763 3557 1865 3629; x_wconf 63' lang='grc' dir='ltr'><strong>ἤδη</strong></span> 
     </span>
    </p>
   </div>
   <div class='ocr_carea' id='block_1_59' title="bbox 271 3648 1885 3722">
    <p class='ocr_par' dir='ltr' id='par_1_59' title="bbox 271 3648 1885 3722">
     <span class='ocr_line' id='line_1_59' title="bbox 271 3648 1885 3722; baseline -0.002 -16"><span class='ocrx_word' id='word_1_447' title='bbox 271 3654 421 3722; x_wconf 74' lang='grc' dir='ltr'>πρὸς</span> <span class='ocrx_word' id='word_1_448' title='bbox 443 3655 553 3716; x_wconf 82' lang='grc' dir='ltr'>τοῖς</span> <span class='ocrx_word' id='word_1_449' title='bbox 588 3652 878 3721; x_wconf 82' lang='grc' dir='ltr'>πράγμασι</span> <span class='ocrx_word' id='word_1_450' title='bbox 910 3653 1195 3719; x_wconf 85' lang='grc' dir='ltr'>γινόμενον</span> <span class='ocrx_word' id='word_1_451' title='bbox 1220 3651 1415 3716; x_wconf 72' lang='grc' dir='ltr'>σώζειν</span> <span class='ocrx_word' id='word_1_452' title='bbox 1445 3651 1512 3705; x_wconf 72' lang='grc' dir='ltr'><strong>τὰ</strong></span> <span class='ocrx_word' id='word_1_453' title='bbox 1547 3650 1723 3714; x_wconf 70' lang='grc' dir='ltr'>κοινὰ,</span> <span class='ocrx_word' id='word_1_454' title='bbox 1755 3651 1789 3720; x_wconf 81' lang='grc' dir='ltr'><strong>ἠ</strong></span> <span class='ocrx_word' id='word_1_455' title='bbox 1821 3648 1885 3702; x_wconf 85' lang='grc' dir='ltr'><strong>δ”</strong></span> 
     </span>
    </p>
   </div>
   <div class='ocr_carea' id='block_1_60' title="bbox 271 3741 1865 3814">
    <p class='ocr_par' dir='ltr' id='par_1_60' title="bbox 271 3741 1865 3814">
     <span class='ocr_line' id='line_1_60' title="bbox 271 3741 1865 3814; baseline -0.003 -15"><span class='ocrx_word' id='word_1_456' title='bbox 271 3746 488 3814; x_wconf 77' lang='grc' dir='ltr'>ἀθυμία</span> <span class='ocrx_word' id='word_1_457' title='bbox 519 3745 737 3811; x_wconf 81' lang='grc' dir='ltr'>μάλιστ’</span> <span class='ocrx_word' id='word_1_458' title='bbox 764 3743 829 3797; x_wconf 86' lang='grc' dir='ltr'>ἂν</span> <span class='ocrx_word' id='word_1_459' title='bbox 862 3741 1117 3810; x_wconf 82' lang='grc' dir='ltr'>ἐμποδὼν</span> <span class='ocrx_word' id='word_1_460' title='bbox 1144 3744 1224 3811; x_wconf 85' lang='grc' dir='ltr'>τῷ</span> <span class='ocrx_word' id='word_1_461' title='bbox 1263 3743 1491 3813; x_wconf 81' lang='grc' dir='ltr'>τοιούτῳ</span> <span class='ocrx_word' id='word_1_462' title='bbox 1523 3743 1611 3795; x_wconf 69' lang='lat' dir='ltr'><strong>tisi.</strong></span> <span class='ocrx_word' id='word_1_463' title='bbox 1656 3742 1865 3810; x_wconf 78' lang='grc' dir='ltr'>γίγνοιο</span> 
     </span>
    </p>
   </div>
   <div class='ocr_carea' id='block_1_61' title="bbox 268 3826 1867 3904">
    <p class='ocr_par' dir='ltr' id='par_1_61' title="bbox 268 3826 1867 3904">
     <span class='ocr_line' id='line_1_61' title="bbox 268 3826 1867 3904; baseline 0.001 -20"><span class='ocrx_word' id='word_1_464' title='bbox 268 3851 362 3887; x_wconf 83' lang='grc' dir='ltr'>το.</span> <span class='ocrx_word' id='word_1_465' title='bbox 402 3833 567 3903; x_wconf 75' lang='grc' dir='ltr'>Ὁρᾷς</span> <span class='ocrx_word' id='word_1_466' title='bbox 616 3833 743 3904; x_wconf 75' lang='grc' dir='ltr'>γὰρ,</span> <span class='ocrx_word' id='word_1_467' title='bbox 770 3826 841 3885; x_wconf 74' lang='grc' dir='ltr'><strong>οἷ’</strong></span> <span class='ocrx_word' id='word_1_468' title='bbox 865 3833 999 3902; x_wconf 76' lang='grc' dir='ltr'>ἡμῖν</span> <span class='ocrx_word' id='word_1_469' title='bbox 1031 3831 1099 3886; x_wconf 80' lang='grc' dir='ltr'>τὰ</span> <span class='ocrx_word' id='word_1_470' title='bbox 1128 3832 1276 3885; x_wconf 77' lang='grc' dir='ltr'>δεινὰ</span> <span class='ocrx_word' id='word_1_471' title='bbox 1318 3830 1740 3901; x_wconf 81' lang='grc' dir='ltr'>προκεχώρηκε,</span> <span class='ocrx_word' id='word_1_472' title='bbox 1772 3831 1867 3885; x_wconf 79' lang='grc' dir='ltr'>καὶ</span> 
     </span>
    </p>
   </div>
   <div class='ocr_carea' id='block_1_62' title="bbox 269 3922 1869 3994">
    <p class='ocr_par' dir='ltr' id='par_1_62' title="bbox 269 3922 1869 3994">
     <span class='ocr_line' id='line_1_62' title="bbox 269 3922 1869 3994; baseline -0.003 -15"><span class='ocrx_word' id='word_1_473' title='bbox 269 3927 360 3989; x_wconf 83' lang='grc' dir='ltr'>ὡς</span> <span class='ocrx_word' id='word_1_474' title='bbox 410 3928 466 3979; x_wconf 85' lang='grc' dir='ltr'><strong>ἐν</strong></span> <span class='ocrx_word' id='word_1_475' title='bbox 499 3924 725 3994; x_wconf 79' lang='grc' dir='ltr'>μεγάλῳ</span> <span class='ocrx_word' id='word_1_476' title='bbox 755 3924 987 3994; x_wconf 55' lang='lat' dir='ltr'><strong>mam;</strong></span> <span class='ocrx_word' id='word_1_477' title='bbox 1015 3923 1083 3977; x_wconf 80' lang='grc' dir='ltr'>τὰ</span> <span class='ocrx_word' id='word_1_478' title='bbox 1109 3922 1357 3994; x_wconf 62' lang='grc' dir='ltr'>ἡμέτετά</span> <span class='ocrx_word' id='word_1_479' title='bbox 1389 3923 1528 3986; x_wconf 82' lang='grc' dir='ltr'>ἐστι,</span> <span class='ocrx_word' id='word_1_480' title='bbox 1568 3924 1662 3975; x_wconf 74' lang='grc' dir='ltr'>καὶ</span> <span class='ocrx_word' id='word_1_481' title='bbox 1697 3923 1869 3992; x_wconf 83' lang='grc' dir='ltr'>μεγά-</span> 
     </span>
    </p>
   </div>
   <div class='ocr_carea' id='block_1_63' title="bbox 270 4014 1870 4087">
    <p class='ocr_par' dir='ltr' id='par_1_63' title="bbox 270 4014 1870 4087">
     <span class='ocr_line' id='line_1_63' title="bbox 270 4014 1870 4087; baseline -0.003 -15"><span class='ocrx_word' id='word_1_482' title='bbox 270 4019 384 4081; x_wconf 83' lang='grc' dir='ltr'><strong>λης</strong></span> <span class='ocrx_word' id='word_1_483' title='bbox 415 4018 498 4071; x_wconf 84' lang='grc' dir='ltr'><strong>δεῖ</strong></span> <span class='ocrx_word' id='word_1_484' title='bbox 522 4018 620 4087; x_wconf 82' lang='grc' dir='ltr'>τῆς</span> <span class='ocrx_word' id='word_1_485' title='bbox 651 4016 992 4086; x_wconf 81' lang='grc' dir='ltr'>ἐπιμελείας.</span> <span class='ocrx_word' id='word_1_486' title='bbox 1027 4016 1158 4070; x_wconf 83' lang='grc' dir='ltr'>ὥστ’</span> <span class='ocrx_word' id='word_1_487' title='bbox 1195 4017 1261 4071; x_wconf 84' lang='grc' dir='ltr'>ἂν</span> <span class='ocrx_word' id='word_1_488' title='bbox 1294 4015 1531 4086; x_wconf 82' lang='grc' dir='ltr'>σωθῆναὶ</span> <span class='ocrx_word' id='word_1_489' title='bbox 1553 4033 1611 4069; x_wconf 85' lang='grc' dir='ltr'><strong>τε</strong></span> <span class='ocrx_word' id='word_1_490' title='bbox 1635 4016 1730 4069; x_wconf 76' lang='grc' dir='ltr'>καὶ</span> <span class='ocrx_word' id='word_1_491' title='bbox 1766 4014 1870 4068; x_wconf 84' lang='grc' dir='ltr'><strong>σὼ-</strong></span> 
     </span>
    </p>
   </div>
   <div class='ocr_carea' id='block_1_64' title="bbox 275 4105 1867 4177">
    <p class='ocr_par' dir='ltr' id='par_1_64' title="bbox 275 4105 1867 4177">
     <span class='ocr_line' id='line_1_64' title="bbox 275 4105 1867 4177; baseline -0.003 -13"><span class='ocrx_word' id='word_1_492' title='bbox 275 4111 502 4176; x_wconf 79' lang='grc' dir='ltr'>ζεσθαι.</span> <span class='ocrx_word' id='word_1_493' title='bbox 550 4112 640 4162; x_wconf 81' lang='grc' dir='ltr'>Ἐν</span> <span class='ocrx_word' id='word_1_494' title='bbox 666 4110 722 4163; x_wconf 83' lang='grc' dir='ltr'>δέ</span> <span class='ocrx_word' id='word_1_495' title='bbox 759 4127 843 4163; x_wconf 93' lang='grc' dir='ltr'><strong>σοι</strong></span> <span class='ocrx_word' id='word_1_496' title='bbox 883 4108 945 4162; x_wconf 88' lang='grc' dir='ltr'>τὸ</span> <span class='ocrx_word' id='word_1_497' title='bbox 977 4108 1218 4163; x_wconf 80' lang='grc' dir='ltr'>τοιοῦτόν</span> <span class='ocrx_word' id='word_1_498' title='bbox 1265 4109 1403 4173; x_wconf 77' lang='grc' dir='ltr'>ἐστι,</span> <span class='ocrx_word' id='word_1_499' title='bbox 1444 4108 1538 4161; x_wconf 73' lang='grc' dir='ltr'>καὶ</span> <span class='ocrx_word' id='word_1_500' title='bbox 1577 4105 1672 4160; x_wconf 84' lang='grc' dir='ltr'>σοῦ</span> <span class='ocrx_word' id='word_1_501' title='bbox 1705 4108 1867 4177; x_wconf 80' lang='grc' dir='ltr'>μόνου</span> 
     </span>
    </p>
   </div>
   <div class='ocr_carea' id='block_1_65' title="bbox 275 4200 1870 4271">
    <p class='ocr_par' dir='ltr' id='par_1_65' title="bbox 275 4200 1870 4271">
     <span class='ocr_line' id='line_1_65' title="bbox 275 4200 1870 4271; baseline -0.003 -14"><span class='ocrx_word' id='word_1_502' title='bbox 275 4202 726 4271; x_wconf 79' lang='grc' dir='ltr'>ἐπιμελουμένου</span> <span class='ocrx_word' id='word_1_503' title='bbox 757 4219 814 4254; x_wconf 90' lang='grc' dir='ltr'><strong>τε</strong></span> <span class='ocrx_word' id='word_1_504' title='bbox 847 4201 934 4268; x_wconf 82' lang='grc' dir='ltr'>ἄν,</span> <span class='ocrx_word' id='word_1_505' title='bbox 970 4202 1045 4263; x_wconf 84' lang='grc' dir='ltr'>ὡς</span> <span class='ocrx_word' id='word_1_506' title='bbox 1076 4202 1174 4265; x_wconf 81' lang='grc' dir='ltr'>δεῖ,</span> <span class='ocrx_word' id='word_1_507' title='bbox 1203 4201 1420 4253; x_wconf 76' lang='grc' dir='ltr'>ἕποιντο</span> <span class='ocrx_word' id='word_1_508' title='bbox 1454 4200 1564 4271; x_wconf 81' lang='grc' dir='ltr'><strong>γὰρ</strong></span> <span class='ocrx_word' id='word_1_509' title='bbox 1597 4200 1665 4253; x_wconf 86' lang='grc' dir='ltr'>ἂν</span> <span class='ocrx_word' id='word_1_510' title='bbox 1695 4201 1790 4255; x_wconf 78' lang='grc' dir='ltr'>καὶ</span> <span class='ocrx_word' id='word_1_511' title='bbox 1819 4200 1870 4253; x_wconf 81' lang='grc' dir='ltr'>οἱ</span> 
     </span>
    </p>
   </div>
   <div class='ocr_carea' id='block_1_66' title="bbox 277 4291 1872 4364">
    <p class='ocr_par' dir='ltr' id='par_1_66' title="bbox 277 4291 1872 4364">
     <span class='ocr_line' id='line_1_66' title="bbox 277 4291 1872 4364; baseline -0.004 -13"><span class='ocrx_word' id='word_1_512' title='bbox 277 4298 440 4351; x_wconf 83' lang='grc' dir='ltr'>ἄλλοι</span> <span class='ocrx_word' id='word_1_513' title='bbox 473 4296 697 4360; x_wconf 76' lang='grc' dir='ltr'>πάντες,</span> <span class='ocrx_word' id='word_1_514' title='bbox 725 4294 1062 4364; x_wconf 78' lang='grc' dir='ltr'>σωξοίμεθα,</span> <span class='ocrx_word' id='word_1_515' title='bbox 1088 4295 1183 4348; x_wconf 76' lang='grc' dir='ltr'>ἐὰν</span> <span class='ocrx_word' id='word_1_516' title='bbox 1235 4294 1329 4346; x_wconf 77' lang='grc' dir='ltr'>καὶ</span> <span class='ocrx_word' id='word_1_517' title='bbox 1379 4291 1515 4356; x_wconf 78' lang='grc' dir='ltr'>Θεὸς</span> <span class='ocrx_word' id='word_1_518' title='bbox 1559 4291 1687 4358; x_wconf 85' lang='grc' dir='ltr'><strong>διδῷ</strong></span> <span class='ocrx_word' id='word_1_519' title='bbox 1714 4306 1728 4321; x_wconf 83' lang='lat'>&#39;</span> <span class='ocrx_word' id='word_1_520' title='bbox 1775 4292 1872 4345; x_wconf 77' lang='grc' dir='ltr'>καὶ</span> 
     </span>
    </p>
   </div>
   <div class='ocr_carea' id='block_1_67' title="bbox 279 4381 1870 4461">
    <p class='ocr_par' dir='ltr' id='par_1_67' title="bbox 279 4381 1870 4461">
     <span class='ocr_line' id='line_1_67' title="bbox 279 4381 1870 4461; baseline -0.004 -20"><span class='ocrx_word' id='word_1_521' title='bbox 279 4389 713 4461; x_wconf 71' lang='grc' dir='ltr'>ρᾳθυμήσαντος</span> <span class='ocrx_word' id='word_1_522' title='bbox 757 4385 823 4439; x_wconf 81' lang='grc' dir='ltr'>ἂν</span> <span class='ocrx_word' id='word_1_523' title='bbox 886 4385 1090 4454; x_wconf 82' lang='grc' dir='ltr'>μείζων</span> <span class='ocrx_word' id='word_1_524' title='bbox 1139 4387 1168 4438; x_wconf 87' lang='grc' dir='ltr'>ὁ</span> <span class='ocrx_word' id='word_1_525' title='bbox 1209 4383 1479 4446; x_wconf 81' lang='grc' dir='ltr'>κίνδυνος.</span> <span class='ocrx_word' id='word_1_526' title='bbox 1517 4381 1750 4451; x_wconf 81' lang='grc' dir='ltr'>Λογίζου</span> <span class='ocrx_word' id='word_1_527' title='bbox 1790 4381 1870 4447; x_wconf 84' lang='grc' dir='ltr'><strong>δέ,</strong></span> 
     </span>
    </p>
   </div>
   <div class='ocr_carea' id='block_1_68' title="bbox 278 4473 1871 4548">
    <p class='ocr_par' dir='ltr' id='par_1_68' title="bbox 278 4473 1871 4548">
     <span class='ocr_line' id='line_1_68' title="bbox 278 4473 1871 4548; baseline -0.006 -13"><span class='ocrx_word' id='word_1_528' title='bbox 278 4482 384 4535; x_wconf 65' lang='grc' dir='ltr'>καὶ</span> <span class='ocrx_word' id='word_1_529' title='bbox 408 4483 513 4544; x_wconf 85' lang='grc' dir='ltr'>ὅτι,</span> <span class='ocrx_word' id='word_1_530' title='bbox 548 4480 612 4534; x_wconf 84' lang='grc' dir='ltr'>ἄν</span> <span class='ocrx_word' id='word_1_531' title='bbox 637 4480 696 4532; x_wconf 82' lang='grc' dir='ltr'><strong>τέ</strong></span> <span class='ocrx_word' id='word_1_532' title='bbox 721 4496 773 4532; x_wconf 79' lang='grc' dir='ltr'><strong>τι</strong></span> <span class='ocrx_word' id='word_1_533' title='bbox 798 4478 1005 4546; x_wconf 69' lang='grc' dir='ltr'>φαῦλον</span> <span class='ocrx_word' id='word_1_534' title='bbox 1036 4478 1239 4548; x_wconf 69' lang='grc' dir='ltr'>ἀποϐῇ,</span> <span class='ocrx_word' id='word_1_535' title='bbox 1278 4475 1307 4529; x_wconf 85' lang='grc' dir='ltr'><strong>ὃ</strong></span> <span class='ocrx_word' id='word_1_536' title='bbox 1348 4475 1422 4546; x_wconf 85' lang='grc' dir='ltr'>μὴ</span> <span class='ocrx_word' id='word_1_537' title='bbox 1447 4475 1679 4542; x_wconf 88' lang='grc' dir='ltr'>γένοιτο,</span> <span class='ocrx_word' id='word_1_538' title='bbox 1703 4476 1784 4536; x_wconf 85' lang='grc' dir='ltr'><strong>είς</strong></span> <span class='ocrx_word' id='word_1_539' title='bbox 1812 4473 1871 4525; x_wconf 82' lang='grc' dir='ltr'>σὲ</span> 
     </span>
    </p>
   </div>
   <div class='ocr_carea' id='block_1_69' title="bbox 277 4565 1872 4643">
    <p class='ocr_par' dir='ltr' id='par_1_69' title="bbox 277 4565 1872 4643">
     <span class='ocr_line' id='line_1_69' title="bbox 277 4565 1872 4643; baseline -0.006 -16"><span class='ocrx_word' id='word_1_540' title='bbox 277 4576 348 4627; x_wconf 79' lang='grc' dir='ltr'>τὸ</span> <span class='ocrx_word' id='word_1_541' title='bbox 380 4574 631 4627; x_wconf 80' lang='grc' dir='ltr'>πλεῖστον</span> <span class='ocrx_word' id='word_1_542' title='bbox 657 4572 754 4643; x_wconf 81' lang='grc' dir='ltr'>τῆς</span> <span class='ocrx_word' id='word_1_543' title='bbox 786 4573 964 4634; x_wconf 77' lang='grc' dir='ltr'>αἰτίας</span> <span class='ocrx_word' id='word_1_544' title='bbox 991 4571 1229 4632; x_wconf 75' lang='grc' dir='ltr'>ἅπαντες</span> <span class='ocrx_word' id='word_1_545' title='bbox 1271 4567 1580 4623; x_wconf 85' lang='grc' dir='ltr'>ἀνοίσουσιν</span> <span class='ocrx_word' id='word_1_546' title='bbox 1606 4582 1621 4597; x_wconf 82' lang='grc'><em>’</em></span> <span class='ocrx_word' id='word_1_547' title='bbox 1649 4566 1703 4619; x_wconf 76' lang='grc' dir='ltr'><strong>εί</strong></span> <span class='ocrx_word' id='word_1_548' title='bbox 1729 4565 1787 4619; x_wconf 80' lang='grc' dir='ltr'><strong><em>τὲ</em></strong></span> <span class='ocrx_word' id='word_1_549' title='bbox 1819 4583 1872 4617; x_wconf 91' lang='grc' dir='ltr'><strong>τι</strong></span> 
     </span>
    </p>
   </div>
   <div class='ocr_carea' id='block_1_70' title="bbox 2038 2782 3553 2863">
    <p class='ocr_par' dir='ltr' id='par_1_70' title="bbox 2038 2782 3553 2863">
     <span class='ocr_line' id='line_1_70' title="bbox 2038 2782 3553 2863; baseline -0.011 -14"><span class='ocrx_word' id='word_1_550' title='bbox 2038 2794 2105 2849; x_wconf 88' lang='lat' dir='ltr'><strong>Et</strong></span> <span class='ocrx_word' id='word_1_551' title='bbox 2128 2793 2305 2850; x_wconf 80' lang='lat' dir='ltr'><strong>dehis</strong></span> <span class='ocrx_word' id='word_1_552' title='bbox 2328 2791 2545 2863; x_wconf 86' lang='lat' dir='ltr'><strong>quidem</strong></span> <span class='ocrx_word' id='word_1_553' title='bbox 2580 2804 2641 2842; x_wconf 77' lang='lat' dir='ltr'><strong>ex</strong></span> <span class='ocrx_word' id='word_1_554' title='bbox 2671 2788 2923 2858; x_wconf 86' lang='lat' dir='ltr'><strong>pluribus</strong></span> <span class='ocrx_word' id='word_1_555' title='bbox 2951 2796 3003 2838; x_wconf 90' lang='lat' dir='ltr'><strong>et</strong></span> <span class='ocrx_word' id='word_1_556' title='bbox 3025 2782 3360 2838; x_wconf 77' lang='lat' dir='ltr'><strong>firmioribus</strong></span> <span class='ocrx_word' id='word_1_557' title='bbox 3383 2796 3553 2851; x_wconf 76' lang='lat' dir='ltr'><strong>argu-</strong></span> 
     </span>
    </p>
   </div>
   <div class='ocr_carea' id='block_1_71' title="bbox 1965 2873 3549 2954">
    <p class='ocr_par' dir='ltr' id='par_1_71' title="bbox 1965 2873 3549 2954">
     <span class='ocr_line' id='line_1_71' title="bbox 1965 2873 3549 2954; baseline -0.013 -11"><span class='ocrx_word' id='word_1_558' title='bbox 1965 2887 2165 2943; x_wconf 78' lang='lat' dir='ltr'><strong>mentis</strong></span> <span class='ocrx_word' id='word_1_559' title='bbox 2190 2884 2282 2940; x_wconf 91' lang='lat' dir='ltr'><strong>illa</strong></span> <span class='ocrx_word' id='word_1_560' title='bbox 2317 2881 2807 2954; x_wconf 66' lang='lat' dir='ltr'><strong>impraesentiarum</strong></span> <span class='ocrx_word' id='word_1_561' title='bbox 2837 2876 3134 2933; x_wconf 83' lang='lat' dir='ltr'><strong>sulllciant.</strong></span> <span class='ocrx_word' id='word_1_562' title='bbox 3157 2873 3336 2940; x_wconf 85' lang='lat' dir='ltr'><strong>Quum</strong></span> <span class='ocrx_word' id='word_1_563' title='bbox 3367 2880 3549 2925; x_wconf 80' lang='lat' dir='ltr'><strong>autem</strong></span> 
     </span>
    </p>
   </div>
   <div class='ocr_carea' id='block_1_72' title="bbox 1963 2962 3552 3045">
    <p class='ocr_par' dir='ltr' id='par_1_72' title="bbox 1963 2962 3552 3045">
     <span class='ocr_line' id='line_1_72' title="bbox 1963 2962 3552 3045; baseline -0.014 -11"><span class='ocrx_word' id='word_1_564' title='bbox 1963 2978 2126 3034; x_wconf 89' lang='lat' dir='ltr'><strong>nobis</strong></span> <span class='ocrx_word' id='word_1_565' title='bbox 2148 2970 2818 3045; x_wconf 80' lang='lat' dir='ltr'><strong>suppetatt‘undalissima</strong></span> <span class='ocrx_word' id='word_1_566' title='bbox 2846 2968 2965 3022; x_wconf 58' lang='lat' dir='ltr'><strong>hac</strong></span> <span class='ocrx_word' id='word_1_567' title='bbox 3022 2964 3209 3034; x_wconf 82' lang='lat' dir='ltr'><strong>Opinio</strong></span> <span class='ocrx_word' id='word_1_568' title='bbox 3258 2962 3552 3015; x_wconf 78' lang='lat' dir='ltr'><strong>immorta-</strong></span> 
     </span>
    </p>
   </div>
   <div class='ocr_carea' id='block_1_73' title="bbox 1959 3050 3551 3126">
    <p class='ocr_par' dir='ltr' id='par_1_73' title="bbox 1959 3050 3551 3126">
     <span class='ocr_line' id='line_1_73' title="bbox 1959 3050 3551 3126; baseline -0.013 0"><span class='ocrx_word' id='word_1_569' title='bbox 1959 3072 2066 3126; x_wconf 89' lang='lat' dir='ltr'><strong>lem</strong></span> <span class='ocrx_word' id='word_1_570' title='bbox 2102 3076 2339 3124; x_wconf 86' lang='lat' dir='ltr'><strong>nostram</strong></span> <span class='ocrx_word' id='word_1_571' title='bbox 2358 3081 2481 3121; x_wconf 89' lang='lat' dir='ltr'><strong>esse</strong></span> <span class='ocrx_word' id='word_1_572' title='bbox 2496 3062 2758 3126; x_wconf 78' lang='lat' dir='ltr'><strong>animam,</strong></span> <span class='ocrx_word' id='word_1_573' title='bbox 2778 3070 2829 3115; x_wconf 88' lang='lat' dir='ltr'><strong>et</strong></span> <span class='ocrx_word' id='word_1_574' title='bbox 2855 3060 2908 3112; x_wconf 90' lang='lat' dir='ltr'><strong>in</strong></span> <span class='ocrx_word' id='word_1_575' title='bbox 2924 3065 3151 3112; x_wconf 65' lang='lat' dir='ltr'><strong>cancros</strong></span> <span class='ocrx_word' id='word_1_576' title='bbox 3173 3050 3551 3126; x_wconf 80' lang='lat' dir='ltr'><strong>generosiores</strong></span> 
     </span>
    </p>
   </div>
   <div class='ocr_carea' id='block_1_74' title="bbox 1960 3148 3550 3224">
    <p class='ocr_par' dir='ltr' id='par_1_74' title="bbox 1960 3148 3550 3224">
     <span class='ocr_line' id='line_1_74' title="bbox 1960 3148 3550 3224; baseline -0.013 -7"><span class='ocrx_word' id='word_1_577' title='bbox 1960 3172 2013 3217; x_wconf 89' lang='lat' dir='ltr'><strong>et</strong></span> <span class='ocrx_word' id='word_1_578' title='bbox 2048 3161 2301 3215; x_wconf 90' lang='lat' dir='ltr'><strong>meliores</strong></span> <span class='ocrx_word' id='word_1_579' title='bbox 2353 3159 2552 3223; x_wconf 88' lang='lat' dir='ltr'><strong>simus,</strong></span> <span class='ocrx_word' id='word_1_580' title='bbox 2590 3156 2799 3224; x_wconf 74' lang='lat' dir='ltr'><strong>hasque</strong></span> <span class='ocrx_word' id='word_1_581' title='bbox 2834 3151 2973 3205; x_wconf 88' lang='lat' dir='ltr'><strong>tales</strong></span> <span class='ocrx_word' id='word_1_582' title='bbox 3012 3148 3353 3203; x_wconf 85' lang='lat' dir='ltr'><strong>calamitates</strong></span> <span class='ocrx_word' id='word_1_583' title='bbox 3388 3156 3550 3213; x_wconf 89' lang='lat' dir='ltr'><strong>quant</strong></span> 
     </span>
    </p>
   </div>
   <div class='ocr_carea' id='block_1_75' title="bbox 1891 3248 2636 3343">
    <p class='ocr_par' dir='ltr' id='par_1_75' title="bbox 1891 3248 2636 3343">
     <span class='ocr_line' id='line_1_75' title="bbox 1891 3248 2636 3343; baseline -0.012 -34"><span class='ocrx_word' id='word_1_584' title='bbox 1891 3282 1936 3343; x_wconf 68' lang='grc' dir='ltr'>ο</span> <span class='ocrx_word' id='word_1_585' title='bbox 1967 3252 2338 3309; x_wconf 86' lang='lat' dir='ltr'><strong>libentissime</strong></span> <span class='ocrx_word' id='word_1_586' title='bbox 2370 3248 2636 3303; x_wconf 80' lang='lat' dir='ltr'><strong>feramus.</strong></span> 
     </span>
    </p>
   </div>
   <div class='ocr_carea' id='block_1_76' title="bbox 2043 3348 3552 3436">
    <p class='ocr_par' dir='ltr' id='par_1_76' title="bbox 2043 3348 3552 3436">
     <span class='ocr_line' id='line_1_76' title="bbox 2043 3348 3552 3436; baseline -0.014 -15"><span class='ocrx_word' id='word_1_587' title='bbox 2043 3366 2249 3436; x_wconf 88' lang='lat' dir='ltr'><strong>Itaque,</strong></span> <span class='ocrx_word' id='word_1_588' title='bbox 2280 3362 2624 3419; x_wconf 88' lang='lat' dir='ltr'><strong>divinissime</strong></span> <span class='ocrx_word' id='word_1_589' title='bbox 2658 3359 2913 3430; x_wconf 84' lang='lat' dir='ltr'><strong>princeps</strong></span> <span class='ocrx_word' id='word_1_590' title='bbox 2948 3363 3159 3420; x_wconf 85' lang='lat' dir='ltr'><strong>noster,</strong></span> <span class='ocrx_word' id='word_1_591' title='bbox 3186 3353 3342 3408; x_wconf 85' lang='lat' dir='ltr'><strong>hisce</strong></span> <span class='ocrx_word' id='word_1_592' title='bbox 3380 3348 3552 3403; x_wconf 84' lang='lat' dir='ltr'><strong>ratio-</strong></span> 
     </span>
    </p>
   </div>
   <div class='ocr_carea' id='block_1_77' title="bbox 1968 3443 3555 3528">
    <p class='ocr_par' dir='ltr' id='par_1_77' title="bbox 1968 3443 3555 3528">
     <span class='ocr_line' id='line_1_77' title="bbox 1968 3443 3555 3528; baseline -0.013 -11"><span class='ocrx_word' id='word_1_593' title='bbox 1968 3462 2132 3517; x_wconf 90' lang='lat' dir='ltr'><strong>nibus</strong></span> <span class='ocrx_word' id='word_1_594' title='bbox 2164 3459 2382 3528; x_wconf 83' lang='lat' dir='ltr'><strong>teipsun</strong></span> <span class='ocrx_word' id='word_1_595' title='bbox 2413 3454 2625 3510; x_wconf 79' lang='lat' dir='ltr'><strong>solatus</strong></span> <span class='ocrx_word' id='word_1_596' title='bbox 2663 3452 2886 3506; x_wconf 87' lang='lat' dir='ltr'><strong>nimiam</strong></span> <span class='ocrx_word' id='word_1_597' title='bbox 2924 3450 3083 3504; x_wconf 86' lang='lat' dir='ltr'><strong>istam</strong></span> <span class='ocrx_word' id='word_1_598' title='bbox 3143 3443 3397 3501; x_wconf 62' lang='lat' dir='ltr'><strong>inueniris</strong></span> <span class='ocrx_word' id='word_1_599' title='bbox 3429 3457 3555 3513; x_wconf 83' lang='lat' dir='ltr'><strong>par-</strong></span> 
     </span>
    </p>
   </div>
   <div class='ocr_carea' id='block_1_78' title="bbox 1970 3533 3550 3612">
    <p class='ocr_par' dir='ltr' id='par_1_78' title="bbox 1970 3533 3550 3612">
     <span class='ocr_line' id='line_1_78' title="bbox 1970 3533 3550 3612; baseline -0.014 -5"><span class='ocrx_word' id='word_1_600' title='bbox 1970 3560 2076 3607; x_wconf 86' lang='lat' dir='ltr'><strong>tem</strong></span> <span class='ocrx_word' id='word_1_601' title='bbox 2102 3564 2262 3612; x_wconf 82' lang='lat' dir='ltr'><strong>exue,</strong></span> <span class='ocrx_word' id='word_1_602' title='bbox 2298 3555 2353 3603; x_wconf 87' lang='lat' dir='ltr'><strong>et</strong></span> <span class='ocrx_word' id='word_1_603' title='bbox 2381 3544 2513 3602; x_wconf 86' lang='lat' dir='ltr'><strong>illud</strong></span> <span class='ocrx_word' id='word_1_604' title='bbox 2547 3547 2770 3612; x_wconf 84' lang='lat' dir='ltr'><strong>insuper</strong></span> <span class='ocrx_word' id='word_1_605' title='bbox 2801 3542 2987 3597; x_wconf 90' lang='lat' dir='ltr'><strong>animo</strong></span> <span class='ocrx_word' id='word_1_606' title='bbox 3047 3545 3246 3609; x_wconf 87' lang='lat' dir='ltr'><strong>reputa</strong></span> <span class='ocrx_word' id='word_1_607' title='bbox 3311 3535 3390 3590; x_wconf 91' lang='lat' dir='ltr'><strong>tui</strong></span> <span class='ocrx_word' id='word_1_608' title='bbox 3437 3533 3550 3603; x_wconf 80' lang='lat' dir='ltr'><strong>jam</strong></span> 
     </span>
    </p>
   </div>
   <div class='ocr_carea' id='block_1_79' title="bbox 1966 3616 3553 3705">
    <p class='ocr_par' dir='ltr' id='par_1_79' title="bbox 1966 3616 3553 3705">
     <span class='ocr_line' id='line_1_79' title="bbox 1966 3616 3553 3705; baseline -0.013 -9"><span class='ocrx_word' id='word_1_609' title='bbox 1966 3656 2090 3697; x_wconf 89' lang='lat' dir='ltr'><strong>esse</strong></span> <span class='ocrx_word' id='word_1_610' title='bbox 2119 3638 2281 3694; x_wconf 82' lang='lat' dir='ltr'><strong>ollicii</strong></span> <span class='ocrx_word' id='word_1_611' title='bbox 2312 3616 2536 3692; x_wconf 70' lang='lat' dir='ltr'><strong>uttotus</strong></span> <span class='ocrx_word' id='word_1_612' title='bbox 2568 3634 2804 3705; x_wconf 81' lang='lat' dir='ltr'><strong>negotiis</strong></span> <span class='ocrx_word' id='word_1_613' title='bbox 2839 3632 3088 3686; x_wconf 84' lang='lat' dir='ltr'><strong>intentus</strong></span> <span class='ocrx_word' id='word_1_614' title='bbox 3123 3644 3236 3684; x_wconf 87' lang='lat' dir='ltr'><strong>rem</strong></span> <span class='ocrx_word' id='word_1_615' title='bbox 3278 3625 3553 3695; x_wconf 89' lang='lat' dir='ltr'><strong>publicam</strong></span> 
     </span>
    </p>
   </div>
   <div class='ocr_carea' id='block_1_80' title="bbox 1969 3712 3556 3794">
    <p class='ocr_par' dir='ltr' id='par_1_80' title="bbox 1969 3712 3556 3794">
     <span class='ocr_line' id='line_1_80' title="bbox 1969 3712 3556 3794; baseline -0.017 -6"><span class='ocrx_word' id='word_1_616' title='bbox 1969 3748 2175 3794; x_wconf 85' lang='lat' dir='ltr'><strong>serves,</strong></span> <span class='ocrx_word' id='word_1_617' title='bbox 2210 3729 2487 3785; x_wconf 89' lang='lat' dir='ltr'><strong>tristitiam</strong></span> <span class='ocrx_word' id='word_1_618' title='bbox 2526 3740 2651 3779; x_wconf 89' lang='lat' dir='ltr'><strong>vero</strong></span> <span class='ocrx_word' id='word_1_619' title='bbox 2679 3739 2841 3794; x_wconf 88' lang='lat' dir='ltr'><strong>quam</strong></span> <span class='ocrx_word' id='word_1_620' title='bbox 2902 3721 3141 3775; x_wconf 77' lang='lat' dir='ltr'><strong>maximo</strong></span> <span class='ocrx_word' id='word_1_621' title='bbox 3175 3717 3266 3771; x_wconf 88' lang='lat' dir='ltr'><strong>tali</strong></span> <span class='ocrx_word' id='word_1_622' title='bbox 3323 3712 3556 3768; x_wconf 88' lang='lat' dir='ltr'><strong>admini—</strong></span> 
     </span>
    </p>
   </div>
   <div class='ocr_carea' id='block_1_81' title="bbox 1970 3808 3553 3895">
    <p class='ocr_par' dir='ltr' id='par_1_81' title="bbox 1970 3808 3553 3895">
     <span class='ocr_line' id='line_1_81' title="bbox 1970 3808 3553 3895; baseline -0.019 -7"><span class='ocrx_word' id='word_1_623' title='bbox 1970 3828 2225 3889; x_wconf 86' lang='lat' dir='ltr'><strong>strationi</strong></span> <span class='ocrx_word' id='word_1_624' title='bbox 2284 3825 2678 3895; x_wconf 86' lang='lat' dir='ltr'><strong>impedimento</strong></span> <span class='ocrx_word' id='word_1_625' title='bbox 2763 3834 2886 3875; x_wconf 86' lang='lat' dir='ltr'><strong>esse</strong></span> <span class='ocrx_word' id='word_1_626' title='bbox 2939 3816 3139 3871; x_wconf 86' lang='lat' dir='ltr'><strong>solere.</strong></span> <span class='ocrx_word' id='word_1_627' title='bbox 3190 3809 3356 3865; x_wconf 78' lang='lat' dir='ltr'><strong>Vides</strong></span> <span class='ocrx_word' id='word_1_628' title='bbox 3406 3808 3553 3861; x_wconf 90' lang='lat' dir='ltr'><strong>cnim</strong></span> 
     </span>
    </p>
   </div>
   <div class='ocr_carea' id='block_1_82' title="bbox 1970 3905 3556 3995">
    <p class='ocr_par' dir='ltr' id='par_1_82' title="bbox 1970 3905 3556 3995">
     <span class='ocr_line' id='line_1_82' title="bbox 1970 3905 3556 3995; baseline -0.02 -15"><span class='ocrx_word' id='word_1_629' title='bbox 1970 3935 2259 3995; x_wconf 86' lang='lat' dir='ltr'><strong>quousque</strong></span> <span class='ocrx_word' id='word_1_630' title='bbox 2310 3919 2470 3974; x_wconf 87' lang='lat' dir='ltr'><strong>nobis</strong></span> <span class='ocrx_word' id='word_1_631' title='bbox 2534 3915 2761 3969; x_wconf 82' lang='lat' dir='ltr'><strong>adversa</strong></span> <span class='ocrx_word' id='word_1_632' title='bbox 2815 3905 3192 3979; x_wconf 87' lang='lat' dir='ltr'><strong>processerint</strong></span> <span class='ocrx_word' id='word_1_633' title='bbox 3247 3911 3301 3955; x_wconf 84' lang='lat' dir='ltr'><strong>et</strong></span> <span class='ocrx_word' id='word_1_634' title='bbox 3348 3906 3556 3967; x_wconf 88' lang='lat' dir='ltr'><strong>quanto</strong></span> 
     </span>
    </p>
   </div>
   <div class='ocr_carea' id='block_1_83' title="bbox 1971 3990 3558 4080">
    <p class='ocr_par' dir='ltr' id='par_1_83' title="bbox 1971 3990 3558 4080">
     <span class='ocr_line' id='line_1_83' title="bbox 1971 3990 3558 4080; baseline -0.022 -7"><span class='ocrx_word' id='word_1_635' title='bbox 1971 3990 2299 4072; x_wconf 13' lang='lat' dir='ltr'><strong>nostrarsint</strong></span> <span class='ocrx_word' id='word_1_636' title='bbox 2330 4012 2382 4064; x_wconf 92' lang='lat' dir='ltr'><strong>in</strong></span> <span class='ocrx_word' id='word_1_637' title='bbox 2410 4006 2654 4080; x_wconf 78' lang='lat' dir='ltr'><strong>periculo</strong></span> <span class='ocrx_word' id='word_1_638' title='bbox 2689 4010 3161 4072; x_wconf 74' lang='lat' dir='ltr'><strong>quautaqtteOpus</strong></span> <span class='ocrx_word' id='word_1_639' title='bbox 3186 3994 3259 4049; x_wconf 90' lang='lat' dir='ltr'><strong>sit</strong></span> <span class='ocrx_word' id='word_1_640' title='bbox 3288 3990 3558 4047; x_wconf 84' lang='lat' dir='ltr'><strong>sollicitu-</strong></span> 
     </span>
    </p>
   </div>
   <div class='ocr_carea' id='block_1_84' title="bbox 1981 4083 3557 4163">
    <p class='ocr_par' dir='ltr' id='par_1_84' title="bbox 1981 4083 3557 4163">
     <span class='ocr_line' id='line_1_84' title="bbox 1981 4083 3557 4163; baseline -0.018 0"><span class='ocrx_word' id='word_1_641' title='bbox 1981 4107 2112 4163; x_wconf 87' lang='lat' dir='ltr'><strong>dine</strong></span> <span class='ocrx_word' id='word_1_642' title='bbox 2144 4116 2203 4159; x_wconf 92' lang='lat' dir='ltr'><strong>ut</strong></span> <span class='ocrx_word' id='word_1_643' title='bbox 2234 4103 2368 4158; x_wconf 89' lang='lat' dir='ltr'><strong>salvi</strong></span> <span class='ocrx_word' id='word_1_644' title='bbox 2409 4109 2463 4153; x_wconf 87' lang='lat' dir='ltr'><strong>et</strong></span> <span class='ocrx_word' id='word_1_645' title='bbox 2490 4096 2794 4150; x_wconf 85' lang='lat' dir='ltr'><strong>incolumes</strong></span> <span class='ocrx_word' id='word_1_646' title='bbox 2823 4093 3021 4147; x_wconf 88' lang='lat' dir='ltr'><strong>simus.</strong></span> <span class='ocrx_word' id='word_1_647' title='bbox 3053 4087 3113 4141; x_wconf 86' lang='lat' dir='ltr'><strong>In</strong></span> <span class='ocrx_word' id='word_1_648' title='bbox 3150 4095 3203 4141; x_wconf 88' lang='lat' dir='ltr'><strong>te</strong></span> <span class='ocrx_word' id='word_1_649' title='bbox 3232 4093 3414 4139; x_wconf 89' lang='lat' dir='ltr'><strong>aulem</strong></span> <span class='ocrx_word' id='word_1_650' title='bbox 3452 4083 3557 4135; x_wconf 83' lang='lat' dir='ltr'><strong>hoc</strong></span> 
     </span>
    </p>
   </div>
   <div class='ocr_carea' id='block_1_85' title="bbox 1974 4182 3555 4263">
    <p class='ocr_par' dir='ltr' id='par_1_85' title="bbox 1974 4182 3555 4263">
     <span class='ocr_line' id='line_1_85' title="bbox 1974 4182 3555 4263; baseline -0.019 -9"><span class='ocrx_word' id='word_1_651' title='bbox 1974 4208 2147 4254; x_wconf 86' lang='lat' dir='ltr'><strong>totum</strong></span> <span class='ocrx_word' id='word_1_652' title='bbox 2177 4203 2263 4250; x_wconf 87' lang='lat' dir='ltr'><strong>est</strong></span> <span class='ocrx_word' id='word_1_653' title='bbox 2295 4204 2455 4263; x_wconf 81' lang='lat' dir='ltr'><strong>teque</strong></span> <span class='ocrx_word' id='word_1_654' title='bbox 2481 4205 2593 4245; x_wconf 85' lang='lat' dir='ltr'><strong>uno</strong></span> <span class='ocrx_word' id='word_1_655' title='bbox 2629 4202 2819 4242; x_wconf 86' lang='lat' dir='ltr'><strong>curant</strong></span> <span class='ocrx_word' id='word_1_656' title='bbox 2858 4192 3079 4255; x_wconf 80' lang='lat' dir='ltr'><strong>gerente</strong></span> <span class='ocrx_word' id='word_1_657' title='bbox 3108 4194 3271 4250; x_wconf 88' lang='lat' dir='ltr'><strong>quam</strong></span> <span class='ocrx_word' id='word_1_658' title='bbox 3299 4182 3555 4244; x_wconf 82' lang='lat' dir='ltr'><strong>oportet;</strong></span> 
     </span>
    </p>
   </div>
   <div class='ocr_carea' id='block_1_86' title="bbox 1976 4270 3557 4354">
    <p class='ocr_par' dir='ltr' id='par_1_86' title="bbox 1976 4270 3557 4354">
     <span class='ocr_line' id='line_1_86' title="bbox 1976 4270 3557 4354; baseline -0.016 -9"><span class='ocrx_word' id='word_1_659' title='bbox 1976 4301 2026 4346; x_wconf 89' lang='lat' dir='ltr'><strong>tc</strong></span> <span class='ocrx_word' id='word_1_660' title='bbox 2040 4289 2185 4344; x_wconf 86' lang='lat' dir='ltr'><strong>enim</strong></span> <span class='ocrx_word' id='word_1_661' title='bbox 2213 4286 2404 4354; x_wconf 86' lang='lat' dir='ltr'><strong>reliqui</strong></span> <span class='ocrx_word' id='word_1_662' title='bbox 2428 4297 2619 4336; x_wconf 91' lang='lat' dir='ltr'><strong>omnes</strong></span> <span class='ocrx_word' id='word_1_663' title='bbox 2641 4287 2962 4349; x_wconf 84' lang='lat' dir='ltr'><strong>sequentur,</strong></span> <span class='ocrx_word' id='word_1_664' title='bbox 2980 4287 3033 4329; x_wconf 87' lang='lat' dir='ltr'><strong>et</strong></span> <span class='ocrx_word' id='word_1_665' title='bbox 3057 4275 3101 4328; x_wconf 89' lang='lat' dir='ltr'><strong>si</strong></span> <span class='ocrx_word' id='word_1_666' title='bbox 3133 4272 3272 4326; x_wconf 88' lang='lat' dir='ltr'><strong>Deus</strong></span> <span class='ocrx_word' id='word_1_667' title='bbox 3289 4270 3557 4337; x_wconf 59' lang='lat' dir='ltr'><strong>benignus</strong></span> 
     </span>
    </p>
   </div>
   <div class='ocr_carea' id='block_1_87' title="bbox 1975 4362 3557 4442">
    <p class='ocr_par' dir='ltr' id='par_1_87' title="bbox 1975 4362 3557 4442">
     <span class='ocr_line' id='line_1_87' title="bbox 1975 4362 3557 4442; baseline -0.015 -7"><span class='ocrx_word' id='word_1_668' title='bbox 1975 4380 2208 4442; x_wconf 87' lang='lat' dir='ltr'><strong>dederit,</strong></span> <span class='ocrx_word' id='word_1_669' title='bbox 2264 4376 2398 4433; x_wconf 87' lang='lat' dir='ltr'><strong>salvi</strong></span> <span class='ocrx_word' id='word_1_670' title='bbox 2451 4376 2659 4428; x_wconf 87' lang='lat' dir='ltr'><strong>erimus</strong></span> <span class='ocrx_word' id='word_1_671' title='bbox 2712 4388 2729 4427; x_wconf 85' lang='lat'>:</span> <span class='ocrx_word' id='word_1_672' title='bbox 2788 4370 2832 4424; x_wconf 88' lang='lat' dir='ltr'><strong>si</strong></span> <span class='ocrx_word' id='word_1_673' title='bbox 2888 4382 3013 4422; x_wconf 82' lang='lat' dir='ltr'><strong>vero</strong></span> <span class='ocrx_word' id='word_1_674' title='bbox 3076 4364 3298 4435; x_wconf 84' lang='lat' dir='ltr'><strong>segnius</strong></span> <span class='ocrx_word' id='word_1_675' title='bbox 3360 4362 3557 4432; x_wconf 56' lang='grc' dir='ltr'>(δίδοι-ξε,</span> 
     </span>
    </p>
   </div>
   <div class='ocr_carea' id='block_1_88' title="bbox 1980 4452 3557 4540">
    <p class='ocr_par' dir='ltr' id='par_1_88' title="bbox 1980 4452 3557 4540">
     <span class='ocr_line' id='line_1_88' title="bbox 1980 4452 3557 4540; baseline -0.015 -15"><span class='ocrx_word' id='word_1_676' title='bbox 1980 4471 2160 4540; x_wconf 86' lang='lat' dir='ltr'><strong>majus</strong></span> <span class='ocrx_word' id='word_1_677' title='bbox 2195 4468 2301 4524; x_wconf 90' lang='lat' dir='ltr'><strong>erit</strong></span> <span class='ocrx_word' id='word_1_678' title='bbox 2337 4464 2661 4537; x_wconf 88' lang='lat' dir='ltr'><strong>periculum.</strong></span> <span class='ocrx_word' id='word_1_679' title='bbox 2696 4460 2749 4514; x_wconf 89' lang='lat' dir='ltr'><strong>ld</strong></span> <span class='ocrx_word' id='word_1_680' title='bbox 2775 4475 2995 4530; x_wconf 87' lang='lat' dir='ltr'><strong>quoque</strong></span> <span class='ocrx_word' id='word_1_681' title='bbox 3054 4456 3317 4526; x_wconf 77' lang='lat' dir='ltr'><strong>recogita,</strong></span> <span class='ocrx_word' id='word_1_682' title='bbox 3350 4454 3395 4508; x_wconf 84' lang='lat' dir='ltr'><strong>si</strong></span> <span class='ocrx_word' id='word_1_683' title='bbox 3432 4452 3557 4521; x_wconf 75' lang='lat' dir='ltr'><strong>qui!</strong></span> 
     </span>
    </p>
   </div>
   <div class='ocr_carea' id='block_1_89' title="bbox 1980 4547 3557 4628">
    <p class='ocr_par' dir='ltr' id='par_1_89' title="bbox 1980 4547 3557 4628">
     <span class='ocr_line' id='line_1_89' title="bbox 1980 4547 3557 4628; baseline -0.013 -10"><span class='ocrx_word' id='word_1_684' title='bbox 1980 4562 2113 4618; x_wconf 89' lang='lat' dir='ltr'><strong>mali</strong></span> <span class='ocrx_word' id='word_1_685' title='bbox 2146 4559 2433 4624; x_wconf 81' lang='lat' dir='ltr'><strong>acciderit,</strong></span> <span class='ocrx_word' id='word_1_686' title='bbox 2460 4556 2605 4628; x_wconf 88' lang='lat' dir='ltr'><strong>quod</strong></span> <span class='ocrx_word' id='word_1_687' title='bbox 2638 4556 2807 4619; x_wconf 88' lang='lat' dir='ltr'><strong>absit,</strong></span> <span class='ocrx_word' id='word_1_688' title='bbox 2838 4551 3168 4624; x_wconf 59' lang='lat' dir='ltr'><strong>praecipuam</strong></span> <span class='ocrx_word' id='word_1_689' title='bbox 3223 4560 3445 4601; x_wconf 79' lang='lat' dir='ltr'><strong>causam</strong></span> <span class='ocrx_word' id='word_1_690' title='bbox 3507 4547 3557 4597; x_wconf 92' lang='lat' dir='ltr'><strong>iu</strong></span> 
     </span>
    </p>
   </div>
   <div class='ocr_carea' id='block_1_90' title="bbox 280 4638 1863 4736">
    <p class='ocr_par' dir='ltr' id='par_1_90' title="bbox 280 4657 1863 4736">
     <span class='ocr_line' id='line_1_90' title="bbox 280 4657 1863 4736; baseline -0.007 -16"><span class='ocrx_word' id='word_1_691' title='bbox 280 4669 385 4721; x_wconf 72' lang='grc' dir='ltr'>καὶ</span> <span class='ocrx_word' id='word_1_692' title='bbox 413 4667 680 4736; x_wconf 74' lang='grc' dir='ltr'>σωτήριον</span> <span class='ocrx_word' id='word_1_693' title='bbox 710 4664 975 4733; x_wconf 81' lang='grc' dir='ltr'>γίγνοιτο,</span> <span class='ocrx_word' id='word_1_694' title='bbox 1006 4662 1071 4717; x_wconf 78' lang='grc' dir='ltr'>σὺ</span> <span class='ocrx_word' id='word_1_695' title='bbox 1121 4663 1218 4716; x_wconf 86' lang='grc' dir='ltr'><strong>καί</strong></span> <span class='ocrx_word' id='word_1_696' title='bbox 1252 4661 1443 4715; x_wconf 80' lang='grc' dir='ltr'>τούτου</span> <span class='ocrx_word' id='word_1_697' title='bbox 1492 4659 1615 4730; x_wconf 80' lang='grc' dir='ltr'>οἴσῃ</span> <span class='ocrx_word' id='word_1_698' title='bbox 1648 4658 1746 4723; x_wconf 79' lang='grc' dir='ltr'>τὴν</span> <span class='ocrx_word' id='word_1_699' title='bbox 1784 4657 1863 4710; x_wconf 86' lang='grc' dir='ltr'><strong>δό-</strong></span> 
     </span>
    </p>
   </div>
   <div class='ocr_carea' id='block_1_91' title="bbox 1970 4638 3558 4736">
    <p class='ocr_par' dir='ltr' id='par_1_91' title="bbox 1983 4638 3558 4717">
     <span class='ocr_line' id='line_1_91' title="bbox 1983 4638 3558 4717; baseline -0.017 -5"><span class='ocrx_word' id='word_1_700' title='bbox 1983 4668 2034 4713; x_wconf 91' lang='lat' dir='ltr'><strong>te</strong></span> <span class='ocrx_word' id='word_1_701' title='bbox 2063 4668 2253 4710; x_wconf 90' lang='lat' dir='ltr'><strong>omnes</strong></span> <span class='ocrx_word' id='word_1_702' title='bbox 2276 4653 2593 4713; x_wconf 81' lang='lat' dir='ltr'><strong>collaturus,</strong></span> <span class='ocrx_word' id='word_1_703' title='bbox 2615 4658 2669 4705; x_wconf 89' lang='lat' dir='ltr'><strong>et</strong></span> <span class='ocrx_word' id='word_1_704' title='bbox 2695 4647 2739 4702; x_wconf 90' lang='lat' dir='ltr'><strong>si</strong></span> <span class='ocrx_word' id='word_1_705' title='bbox 2770 4645 2923 4717; x_wconf 87' lang='lat' dir='ltr'><strong>quid,</strong></span> <span class='ocrx_word' id='word_1_706' title='bbox 2947 4642 3091 4713; x_wconf 88' lang='lat' dir='ltr'><strong>quod</strong></span> <span class='ocrx_word' id='word_1_707' title='bbox 3114 4641 3205 4703; x_wconf 82' lang='lat' dir='ltr'><strong>sit,</strong></span> <span class='ocrx_word' id='word_1_708' title='bbox 3228 4639 3294 4694; x_wconf 91' lang='lat' dir='ltr'><strong>ad</strong></span> <span class='ocrx_word' id='word_1_709' title='bbox 3325 4638 3558 4691; x_wconf 85' lang='lat' dir='ltr'><strong>salutem</strong></span> 
     </span>
    </p>
   </div>
   <div class='ocr_carea' id='block_1_92' title="bbox 280 4750 1874 4828">
    <p class='ocr_par' dir='ltr' id='par_1_92' title="bbox 280 4750 1874 4828">
     <span class='ocr_line' id='line_1_92' title="bbox 280 4750 1874 4828; baseline -0.008 -13"><span class='ocrx_word' id='word_1_710' title='bbox 280 4762 411 4828; x_wconf 79' lang='grc' dir='ltr'>ξαν.</span> <span class='ocrx_word' id='word_1_711' title='bbox 448 4760 539 4821; x_wconf 81' lang='grc' dir='ltr'>Ὠς</span> <span class='ocrx_word' id='word_1_712' title='bbox 573 4755 667 4812; x_wconf 71' lang='grc' dir='ltr'>οὖν</span> <span class='ocrx_word' id='word_1_713' title='bbox 701 4758 863 4821; x_wconf 77' lang='grc' dir='ltr'>αὐτὸς</span> <span class='ocrx_word' id='word_1_714' title='bbox 892 4759 992 4825; x_wconf 86' lang='grc' dir='ltr'>τὴν</span> <span class='ocrx_word' id='word_1_715' title='bbox 1034 4754 1298 4825; x_wconf 81' lang='grc' dir='ltr'>μεγίστην</span> <span class='ocrx_word' id='word_1_716' title='bbox 1338 4752 1425 4806; x_wconf 78' lang='grc' dir='ltr'><strong>ἐπ’</strong></span> <span class='ocrx_word' id='word_1_717' title='bbox 1450 4751 1739 4821; x_wconf 68' lang='grc' dir='ltr'>ἀμφότερα</span> <span class='ocrx_word' id='word_1_718' title='bbox 1784 4750 1874 4803; x_wconf 89' lang='grc' dir='ltr'>δό-</span> 
     </span>
    </p>
   </div>
   <div class='ocr_carea' id='block_1_93' title="bbox 284 4845 1875 4922">
    <p class='ocr_par' dir='ltr' id='par_1_93' title="bbox 284 4845 1875 4922">
     <span class='ocr_line' id='line_1_93' title="bbox 284 4845 1875 4922; baseline -0.008 -15"><span class='ocrx_word' id='word_1_719' title='bbox 284 4856 391 4920; x_wconf 68' lang='grc' dir='ltr'>ξαν</span> <span class='ocrx_word' id='word_1_720' title='bbox 419 4853 724 4922; x_wconf 68' lang='grc' dir='ltr'>οἰσόμενος,</span> <span class='ocrx_word' id='word_1_721' title='bbox 756 4850 872 4920; x_wconf 77' lang='grc' dir='ltr'>ἅμα</span> <span class='ocrx_word' id='word_1_722' title='bbox 896 4850 951 4903; x_wconf 81' lang='grc' dir='ltr'><strong>δὲ</strong></span> <span class='ocrx_word' id='word_1_723' title='bbox 978 4852 1071 4903; x_wconf 74' lang='grc' dir='ltr'>καὶ</span> <span class='ocrx_word' id='word_1_724' title='bbox 1098 4850 1213 4917; x_wconf 76' lang='grc' dir='ltr'><strong>3εῷ</strong></span> <span class='ocrx_word' id='word_1_725' title='bbox 1239 4845 1397 4902; x_wconf 81' lang='grc' dir='ltr'>τοῦτο</span> <span class='ocrx_word' id='word_1_726' title='bbox 1424 4845 1680 4916; x_wconf 77' lang='grc' dir='ltr'>ὀφείλων,</span> <span class='ocrx_word' id='word_1_727' title='bbox 1703 4845 1761 4908; x_wconf 80' lang='grc' dir='ltr'>ὃς</span> <span class='ocrx_word' id='word_1_728' title='bbox 1794 4861 1875 4895; x_wconf 84' lang='grc' dir='ltr'><strong>σοι</strong></span> 
     </span>
    </p>
   </div>
   <div class='ocr_carea' id='block_1_94' title="bbox 283 4939 1875 5015">
    <p class='ocr_par' dir='ltr' id='par_1_94' title="bbox 283 4939 1875 5015">
     <span class='ocr_line' id='line_1_94' title="bbox 283 4939 1875 5015; baseline -0.008 -15"><span class='ocrx_word' id='word_1_729' title='bbox 283 4951 394 5014; x_wconf 72' lang='grc' dir='ltr'>τὴν</span> <span class='ocrx_word' id='word_1_730' title='bbox 428 4946 706 5015; x_wconf 75' lang='grc' dir='ltr'>ἡμετέραν</span> <span class='ocrx_word' id='word_1_731' title='bbox 741 4944 899 5013; x_wconf 84' lang='grc' dir='ltr'>τήνδε</span> <span class='ocrx_word' id='word_1_732' title='bbox 926 4943 1247 4996; x_wconf 77' lang='grc' dir='ltr'>ἐπίστευσεν</span> <span class='ocrx_word' id='word_1_733' title='bbox 1270 4941 1593 5011; x_wconf 85' lang='grc' dir='ltr'>ἡγεμονίαν,</span> <span class='ocrx_word' id='word_1_734' title='bbox 1624 4939 1875 5010; x_wconf 52' lang='lat' dir='ltr'><strong>appone.</strong></span> 
     </span>
    </p>
   </div>
   <div class='ocr_carea' id='block_1_95' title="bbox 285 5030 1874 5108">
    <p class='ocr_par' dir='ltr' id='par_1_95' title="bbox 285 5030 1874 5108">
     <span class='ocr_line' id='line_1_95' title="bbox 285 5030 1874 5108; baseline -0.008 -16"><span class='ocrx_word' id='word_1_735' title='bbox 285 5038 553 5108; x_wconf 77' lang='grc' dir='ltr'>νέστερόν</span> <span class='ocrx_word' id='word_1_736' title='bbox 589 5054 646 5090; x_wconf 86' lang='grc' dir='ltr'><strong>τε</strong></span> <span class='ocrx_word' id='word_1_737' title='bbox 678 5036 773 5090; x_wconf 75' lang='grc' dir='ltr'>καὶ</span> <span class='ocrx_word' id='word_1_738' title='bbox 801 5035 1224 5105; x_wconf 77' lang='grc' dir='ltr'>ἐπιμελέστερον</span> <span class='ocrx_word' id='word_1_739' title='bbox 1257 5035 1365 5087; x_wconf 84' lang='grc' dir='ltr'>τῶν</span> <span class='ocrx_word' id='word_1_740' title='bbox 1395 5032 1590 5087; x_wconf 80' lang='grc' dir='ltr'>κοινῶν</span> <span class='ocrx_word' id='word_1_741' title='bbox 1635 5030 1874 5101; x_wconf 81' lang='grc' dir='ltr'>πρόστη-</span> 
     </span>
    </p>
   </div>
   <div class='ocr_carea' id='block_1_96' title="bbox 286 5120 1881 5197">
    <p class='ocr_par' dir='ltr' id='par_1_96' title="bbox 286 5120 1881 5197">
     <span class='ocr_line' id='line_1_96' title="bbox 286 5120 1881 5197; baseline -0.011 -9"><span class='ocrx_word' id='word_1_742' title='bbox 286 5136 375 5188; x_wconf 88' lang='grc' dir='ltr'><strong>οι.</strong></span> <span class='ocrx_word' id='word_1_743' title='bbox 412 5130 521 5185; x_wconf 81' lang='grc' dir='ltr'><strong>Καί</strong></span> <span class='ocrx_word' id='word_1_744' title='bbox 558 5149 640 5184; x_wconf 84' lang='grc' dir='ltr'><strong>σοι</strong></span> <span class='ocrx_word' id='word_1_745' title='bbox 666 5129 799 5192; x_wconf 79' lang='grc' dir='ltr'>θεὸς</span> <span class='ocrx_word' id='word_1_746' title='bbox 823 5126 996 5197; x_wconf 73' lang='grc' dir='ltr'>διδοίη</span> <span class='ocrx_word' id='word_1_747' title='bbox 1024 5127 1249 5190; x_wconf 74' lang='grc' dir='ltr'>σώζοντι</span> <span class='ocrx_word' id='word_1_748' title='bbox 1293 5126 1362 5179; x_wconf 72' lang='grc' dir='ltr'>τὶι</span> <span class='ocrx_word' id='word_1_749' title='bbox 1392 5125 1551 5178; x_wconf 72' lang='grc' dir='ltr'>κοινὰ</span> <span class='ocrx_word' id='word_1_750' title='bbox 1593 5120 1881 5193; x_wconf 81' lang='grc' dir='ltr'>ἐπιμελείᾳ</span> 
     </span>
    </p>
   </div>
   <div class='ocr_carea' id='block_1_97' title="bbox 379 5307 1879 5382">
    <p class='ocr_par' dir='ltr' id='par_1_97' title="bbox 379 5307 1879 5382">
     <span class='ocr_line' id='line_1_97' title="bbox 379 5307 1879 5382; baseline -0.005 -17"><span class='ocrx_word' id='word_1_751' title='bbox 379 5311 490 5382; x_wconf 88' lang='grc'><strong>(19)</strong></span> <span class='ocrx_word' id='word_1_752' title='bbox 526 5309 657 5365; x_wconf 76' lang='lat' dir='ltr'><strong>Mira</strong></span> <span class='ocrx_word' id='word_1_753' title='bbox 720 5327 850 5366; x_wconf 90' lang='lat' dir='ltr'><strong>sane</strong></span> <span class='ocrx_word' id='word_1_754' title='bbox 911 5307 1334 5382; x_wconf 79' lang='lat' dir='ltr'><strong>argumentatio,</strong></span> <span class='ocrx_word' id='word_1_755' title='bbox 1395 5322 1523 5382; x_wconf 88' lang='lat' dir='ltr'><strong>qua_</strong></span> <span class='ocrx_word' id='word_1_756' title='bbox 1561 5307 1879 5382; x_wconf 69' lang='lat' dir='ltr'><strong>Apostolius</strong></span> 
     </span>
    </p>
   </div>
   <div class='ocr_carea' id='block_1_98' title="bbox 288 5378 1881 5454">
    <p class='ocr_par' dir='ltr' id='par_1_98' title="bbox 288 5378 1881 5454">
     <span class='ocr_line' id='line_1_98' title="bbox 288 5378 1881 5454; baseline 0 -25"><span class='ocrx_word' id='word_1_757' title='bbox 288 5378 521 5454; x_wconf 76' lang='lat' dir='ltr'><strong>quoque</strong></span> <span class='ocrx_word' id='word_1_758' title='bbox 573 5384 791 5439; x_wconf 89' lang='lat' dir='ltr'><strong>utitur:</strong></span> <span class='ocrx_word' id='word_1_759' title='bbox 841 5378 1004 5454; x_wconf 71' lang='lat' dir='ltr'><strong>quam</strong></span> <span class='ocrx_word' id='word_1_760' title='bbox 1059 5378 1565 5454; x_wconf 60' lang='lat' dir='ltr'><strong>nimirummescio</strong></span> <span class='ocrx_word' id='word_1_761' title='bbox 1595 5393 1663 5431; x_wconf 91' lang='lat' dir='ltr'><strong>an</strong></span> <span class='ocrx_word' id='word_1_762' title='bbox 1721 5378 1881 5454; x_wconf 79' lang='lat' dir='ltr'><strong>hodie</strong></span> 
     </span>
    </p>
   </div>
   <div class='ocr_carea' id='block_1_99' title="bbox 288 5448 1880 5523">
    <p class='ocr_par' dir='ltr' id='par_1_99' title="bbox 288 5448 1880 5523">
     <span class='ocr_line' id='line_1_99' title="bbox 288 5448 1880 5523; baseline -0.005 -16"><span class='ocrx_word' id='word_1_763' title='bbox 288 5448 447 5523; x_wconf 64' lang='lat' dir='ltr'><strong>«ius</strong></span> <span class='ocrx_word' id='word_1_764' title='bbox 476 5454 698 5521; x_wconf 88' lang='lat' dir='ltr'><strong>impune</strong></span> <span class='ocrx_word' id='word_1_765' title='bbox 732 5484 795 5495; x_wconf 83' lang='lat'><strong>--</strong></span> <span class='ocrx_word' id='word_1_766' title='bbox 825 5448 973 5523; x_wconf 84' lang='lat' dir='ltr'><strong>quod</strong></span> <span class='ocrx_word' id='word_1_767' title='bbox 1017 5466 1124 5504; x_wconf 88' lang='lat' dir='ltr'><strong>non</strong></span> <span class='ocrx_word' id='word_1_768' title='bbox 1155 5449 1222 5504; x_wconf 81' lang='lat' dir='ltr'><strong>de</strong></span> <span class='ocrx_word' id='word_1_769' title='bbox 1259 5448 1622 5523; x_wconf 80' lang='lat' dir='ltr'><strong>philosophis,</strong></span> <span class='ocrx_word' id='word_1_770' title='bbox 1661 5448 1783 5523; x_wconf 20' lang='lat' dir='ltr'><strong>sed,</strong></span> <span class='ocrx_word' id='word_1_771' title='bbox 1812 5449 1880 5499; x_wconf 85' lang='lat' dir='ltr'><strong>de</strong></span> 
     </span>
    </p>
   </div>
   <div class='ocr_carea' id='block_1_100' title="bbox 293 5517 1883 5591">
    <p class='ocr_par' dir='ltr' id='par_1_100' title="bbox 293 5517 1883 5591">
     <span class='ocr_line' id='line_1_100' title="bbox 293 5517 1883 5591; baseline -0.004 -17"><span class='ocrx_word' id='word_1_772' title='bbox 293 5517 573 5591; x_wconf 57' lang='lat' dir='ltr'><strong>t&#39;lteuIOgis</strong></span> <span class='ocrx_word' id='word_1_773' title='bbox 618 5517 857 5576; x_wconf 77' lang='lat' dir='ltr'><strong>maxime</strong></span> <span class='ocrx_word' id='word_1_774' title='bbox 886 5522 1010 5576; x_wconf 88' lang='lat' dir='ltr'><strong>dico</strong></span> <span class='ocrx_word' id='word_1_775' title='bbox 1049 5550 1117 5559; x_wconf 94' lang='lat'><strong><em>—</em></strong></span> <span class='ocrx_word' id='word_1_776' title='bbox 1150 5520 1395 5589; x_wconf 79' lang='lat' dir='ltr'><strong>proferre</strong></span> <span class='ocrx_word' id='word_1_777' title='bbox 1426 5518 1612 5591; x_wconf 69' lang='lat' dir='ltr'><strong>possit.</strong></span> <span class='ocrx_word' id='word_1_778' title='bbox 1647 5517 1883 5591; x_wconf 64' lang='lat' dir='ltr'><strong>Aelii-o-</strong></span> 
     </span>
    </p>
   </div>
   <div class='ocr_carea' id='block_1_101' title="bbox 290 5588 1882 5664">
    <p class='ocr_par' dir='ltr' id='par_1_101' title="bbox 290 5588 1882 5664">
     <span class='ocr_line' id='line_1_101' title="bbox 290 5588 1882 5664; baseline -0.006 -16"><span class='ocrx_word' id='word_1_779' title='bbox 290 5595 448 5648; x_wconf 67' lang='lat' dir='ltr'><strong>lecto</strong></span> <span class='ocrx_word' id='word_1_780' title='bbox 470 5588 607 5663; x_wconf 65' lang='lat' dir='ltr'><strong>quid</strong></span> <span class='ocrx_word' id='word_1_781' title='bbox 639 5592 895 5664; x_wconf 84' lang='lat' dir='ltr'><strong>ineptius,</strong></span> <span class='ocrx_word' id='word_1_782' title='bbox 917 5606 1081 5661; x_wconf 84' lang='lat' dir='ltr'><strong>quam</strong></span> <span class='ocrx_word' id='word_1_783' title='bbox 1113 5607 1178 5647; x_wconf 77' lang='lat' dir='ltr'><strong>ex</strong></span> <span class='ocrx_word' id='word_1_784' title='bbox 1214 5604 1301 5654; x_wconf 89' lang='lat' dir='ltr'><strong>co,</strong></span> <span class='ocrx_word' id='word_1_785' title='bbox 1329 5588 1473 5658; x_wconf 85' lang='lat' dir='ltr'><strong>quod</strong></span> <span class='ocrx_word' id='word_1_786' title='bbox 1504 5588 1747 5642; x_wconf 88' lang='lat' dir='ltr'><strong>nonnulli</strong></span> <span class='ocrx_word' id='word_1_787' title='bbox 1786 5588 1882 5639; x_wconf 81' lang='lat' dir='ltr'><strong>Ito-</strong></span> 
     </span>
    </p>
   </div>
   <div class='ocr_carea' id='block_1_102' title="bbox 1980 4739 3556 4817">
    <p class='ocr_par' dir='ltr' id='par_1_102' title="bbox 1980 4739 3556 4817">
     <span class='ocr_line' id='line_1_102' title="bbox 1980 4739 3556 4817; baseline -0.011 -15"><span class='ocrx_word' id='word_1_788' title='bbox 1980 4746 2306 4817; x_wconf 73' lang='lat' dir='ltr'><strong>coutigerit,</strong></span> <span class='ocrx_word' id='word_1_789' title='bbox 2336 4743 2501 4811; x_wconf 91' lang='lat' dir='ltr'><strong>hujus</strong></span> <span class='ocrx_word' id='word_1_790' title='bbox 2572 4750 2624 4794; x_wconf 87' lang='lat' dir='ltr'><strong>te</strong></span> <span class='ocrx_word' id='word_1_791' title='bbox 2672 4739 2900 4810; x_wconf 81' lang='lat' dir='ltr'><strong>gloriam</strong></span> <span class='ocrx_word' id='word_1_792' title='bbox 2966 4750 3087 4788; x_wconf 81' lang='lat' dir='ltr'><strong>esse</strong></span> <span class='ocrx_word' id='word_1_793' title='bbox 3130 4739 3556 4801; x_wconf 85' lang='lat' dir='ltr'><strong>reportaturum.</strong></span> 
     </span>
    </p>
   </div>
   <div class='ocr_carea' id='block_1_103' title="bbox 1983 4824 3558 4908">
    <p class='ocr_par' dir='ltr' id='par_1_103' title="bbox 1983 4824 3558 4908">
     <span class='ocr_line' id='line_1_103' title="bbox 1983 4824 3558 4908; baseline -0.015 -14"><span class='ocrx_word' id='word_1_794' title='bbox 1983 4841 2121 4894; x_wconf 80' lang='lat' dir='ltr'><strong>Cum</strong></span> <span class='ocrx_word' id='word_1_795' title='bbox 2154 4838 2322 4908; x_wconf 83' lang='lat' dir='ltr'><strong>igitur</strong></span> <span class='ocrx_word' id='word_1_796' title='bbox 2359 4833 2628 4904; x_wconf 68' lang='lat' dir='ltr'><strong>praecipua</strong></span> <span class='ocrx_word' id='word_1_797' title='bbox 2654 4830 2907 4898; x_wconf 83' lang='lat' dir='ltr'><strong>utrinque</strong></span> <span class='ocrx_word' id='word_1_798' title='bbox 2944 4825 3131 4894; x_wconf 83' lang='lat' dir='ltr'><strong>Opinio</strong></span> <span class='ocrx_word' id='word_1_799' title='bbox 3160 4824 3228 4879; x_wconf 89' lang='lat' dir='ltr'><strong>ad</strong></span> <span class='ocrx_word' id='word_1_800' title='bbox 3256 4835 3304 4877; x_wconf 89' lang='lat' dir='ltr'><strong>te</strong></span> <span class='ocrx_word' id='word_1_801' title='bbox 3330 4832 3558 4892; x_wconf 81' lang='lat' dir='ltr'><strong>spectet,</strong></span> 
     </span>
    </p>
   </div>
   <div class='ocr_carea' id='block_1_104' title="bbox 1980 4918 3562 5001">
    <p class='ocr_par' dir='ltr' id='par_1_104' title="bbox 1980 4918 3562 5001">
     <span class='ocr_line' id='line_1_104' title="bbox 1980 4918 3562 5001; baseline -0.01 -14"><span class='ocrx_word' id='word_1_802' title='bbox 1980 4932 2260 5001; x_wconf 79' lang='lat' dir='ltr'><strong>simulque</strong></span> <span class='ocrx_word' id='word_1_803' title='bbox 2292 4928 2425 4982; x_wconf 85' lang='lat' dir='ltr'><strong>illud</strong></span> <span class='ocrx_word' id='word_1_804' title='bbox 2460 4928 2569 4980; x_wconf 88' lang='lat' dir='ltr'><strong>Deo</strong></span> <span class='ocrx_word' id='word_1_805' title='bbox 2599 4924 2799 4977; x_wconf 79' lang='lat' dir='ltr'><strong>debeas</strong></span> <span class='ocrx_word' id='word_1_806' title='bbox 2835 4920 2926 4990; x_wconf 89' lang='lat' dir='ltr'><strong>qui</strong></span> <span class='ocrx_word' id='word_1_807' title='bbox 2989 4919 3082 4973; x_wconf 87' lang='lat' dir='ltr'><strong>tibi</strong></span> <span class='ocrx_word' id='word_1_808' title='bbox 3146 4918 3293 4974; x_wconf 90' lang='lat' dir='ltr'><strong>hunc</strong></span> <span class='ocrx_word' id='word_1_809' title='bbox 3348 4918 3402 4971; x_wconf 92' lang='lat' dir='ltr'><strong>in</strong></span> <span class='ocrx_word' id='word_1_810' title='bbox 3460 4931 3562 4971; x_wconf 89' lang='lat' dir='ltr'><strong>nos</strong></span> 
     </span>
    </p>
   </div>
   <div class='ocr_carea' id='block_1_105' title="bbox 1980 5011 3561 5094">
    <p class='ocr_par' dir='ltr' id='par_1_105' title="bbox 1980 5011 3561 5094">
     <span class='ocr_line' id='line_1_105' title="bbox 1980 5011 3561 5094; baseline -0.009 -15"><span class='ocrx_word' id='word_1_811' title='bbox 1980 5023 2343 5094; x_wconf 88' lang='lat' dir='ltr'><strong>principatum</strong></span> <span class='ocrx_word' id='word_1_812' title='bbox 2389 5015 2691 5075; x_wconf 90' lang='lat' dir='ltr'><strong>commisit,</strong></span> <span class='ocrx_word' id='word_1_813' title='bbox 2725 5013 2808 5068; x_wconf 88' lang='lat' dir='ltr'><strong>l&#39;ac</strong></span> <span class='ocrx_word' id='word_1_814' title='bbox 2861 5014 2937 5069; x_wconf 87' lang='lat' dir='ltr'><strong>rei</strong></span> <span class='ocrx_word' id='word_1_815' title='bbox 2995 5012 3272 5067; x_wconf 88' lang='lat' dir='ltr'><strong>communi</strong></span> <span class='ocrx_word' id='word_1_816' title='bbox 3329 5011 3561 5066; x_wconf 85' lang='lat' dir='ltr'><strong>validius</strong></span> 
     </span>
    </p>
   </div>
   <div class='ocr_carea' id='block_1_106' title="bbox 1981 5105 3559 5183">
    <p class='ocr_par' dir='ltr' id='par_1_106' title="bbox 1981 5105 3559 5183">
     <span class='ocr_line' id='line_1_106' title="bbox 1981 5105 3559 5183; baseline -0.013 -8"><span class='ocrx_word' id='word_1_817' title='bbox 1981 5116 2379 5183; x_wconf 86' lang='lat' dir='ltr'><strong>sollicitiusque</strong></span> <span class='ocrx_word' id='word_1_818' title='bbox 2412 5108 2717 5182; x_wconf 87' lang='lat' dir='ltr'><strong>provideas.</strong></span> <span class='ocrx_word' id='word_1_819' title='bbox 2758 5107 2965 5178; x_wconf 84' lang='lat' dir='ltr'><strong>Detque</strong></span> <span class='ocrx_word' id='word_1_820' title='bbox 2993 5106 3088 5161; x_wconf 89' lang='lat' dir='ltr'><strong>tibi</strong></span> <span class='ocrx_word' id='word_1_821' title='bbox 3116 5105 3259 5159; x_wconf 86' lang='lat' dir='ltr'><strong>Deus</strong></span> <span class='ocrx_word' id='word_1_822' title='bbox 3283 5118 3378 5173; x_wconf 88' lang='lat' dir='ltr'><strong>per</strong></span> <span class='ocrx_word' id='word_1_823' title='bbox 3414 5113 3559 5157; x_wconf 75' lang='lat' dir='ltr'><strong>tuam</strong></span> 
     </span>
    </p>
   </div>
   <div class='ocr_carea' id='block_1_107' title="bbox 1986 5289 3561 5368">
    <p class='ocr_par' dir='ltr' id='par_1_107' title="bbox 1986 5289 3561 5368">
     <span class='ocr_line' id='line_1_107' title="bbox 1986 5289 3561 5368; baseline -0.01 -12"><span class='ocrx_word' id='word_1_824' title='bbox 1986 5304 2183 5364; x_wconf 89' lang='lat' dir='ltr'><strong>mines,</strong></span> <span class='ocrx_word' id='word_1_825' title='bbox 2219 5298 2397 5356; x_wconf 88' lang='lat' dir='ltr'><strong>insani</strong></span> <span class='ocrx_word' id='word_1_826' title='bbox 2435 5300 2782 5368; x_wconf 87' lang='lat' dir='ltr'><strong>plerumque,</strong></span> <span class='ocrx_word' id='word_1_827' title='bbox 2830 5309 2888 5368; x_wconf 85' lang='lat' dir='ltr'><strong>se</strong></span> <span class='ocrx_word' id='word_1_828' title='bbox 2919 5289 3412 5368; x_wconf 53' lang='lat' dir='ltr'><strong>ipsiiliterﬁciant.</strong></span> <span class='ocrx_word' id='word_1_829' title='bbox 3460 5289 3561 5341; x_wconf 83' lang='lat' dir='ltr'><strong>im-</strong></span> 
     </span>
    </p>
   </div>
   <div class='ocr_carea' id='block_1_108' title="bbox 1986 5360 3559 5436">
    <p class='ocr_par' dir='ltr' id='par_1_108' title="bbox 1986 5360 3559 5436">
     <span class='ocr_line' id='line_1_108' title="bbox 1986 5360 3559 5436; baseline -0.01 -8"><span class='ocrx_word' id='word_1_830' title='bbox 1986 5360 2372 5428; x_wconf 85' lang='lat' dir='ltr'><strong>mortalitatem</strong></span> <span class='ocrx_word' id='word_1_831' title='bbox 2398 5360 2568 5425; x_wconf 79' lang='lat' dir='ltr'><strong>animi</strong></span> <span class='ocrx_word' id='word_1_832' title='bbox 2597 5360 2734 5423; x_wconf 82' lang='lat' dir='ltr'><strong>velle</strong></span> <span class='ocrx_word' id='word_1_833' title='bbox 2764 5360 2994 5436; x_wconf 74' lang='lat' dir='ltr'><strong>probare</strong></span> <span class='ocrx_word' id='word_1_834' title='bbox 3016 5362 3209 5436; x_wconf 14' lang='lat' dir='ltr'><strong>?ATalia</strong></span> <span class='ocrx_word' id='word_1_835' title='bbox 3242 5360 3559 5436; x_wconf 81' lang='lat' dir='ltr'><strong>neutiquam</strong></span> 
     </span>
    </p>
   </div>
   <div class='ocr_carea' id='block_1_109' title="bbox 1985 5431 3564 5497">
    <p class='ocr_par' dir='ltr' id='par_1_109' title="bbox 1985 5431 3564 5497">
     <span class='ocr_line' id='line_1_109' title="bbox 1985 5431 3564 5497; baseline -0.007 0"><span class='ocrx_word' id='word_1_836' title='bbox 1985 5453 2184 5497; x_wconf 89' lang='lat' dir='ltr'><strong>curant</strong></span> <span class='ocrx_word' id='word_1_837' title='bbox 2216 5445 2298 5497; x_wconf 82' lang='lat' dir='ltr'><strong>sui</strong></span> <span class='ocrx_word' id='word_1_838' title='bbox 2354 5441 2734 5496; x_wconf 76' lang='lat' dir='ltr'><strong>interfectores</strong></span> <span class='ocrx_word' id='word_1_839' title='bbox 2767 5431 2789 5491; x_wconf 74' lang='grc' dir='ltr'><strong>ἐ</strong></span> <span class='ocrx_word' id='word_1_840' title='bbox 2845 5451 2966 5488; x_wconf 86' lang='lat' dir='ltr'><strong>nam</strong></span> <span class='ocrx_word' id='word_1_841' title='bbox 3010 5434 3055 5486; x_wconf 77' lang='lat' dir='ltr'><strong>si</strong></span> <span class='ocrx_word' id='word_1_842' title='bbox 3108 5439 3384 5495; x_wconf 87' lang='lat' dir='ltr'><strong>curarent,</strong></span> <span class='ocrx_word' id='word_1_843' title='bbox 3425 5431 3564 5486; x_wconf 86' lang='lat' dir='ltr'><strong>hanc</strong></span> 
     </span>
    </p>
   </div>
   <div class='ocr_carea' id='block_1_110' title="bbox 1987 5503 3565 5581">
    <p class='ocr_par' dir='ltr' id='par_1_110' title="bbox 1987 5503 3565 5581">
     <span class='ocr_line' id='line_1_110' title="bbox 1987 5503 3565 5581; baseline -0.008 -14"><span class='ocrx_word' id='word_1_844' title='bbox 1987 5514 2161 5581; x_wconf 85' lang='lat' dir='ltr'><strong>ipsam</strong></span> <span class='ocrx_word' id='word_1_845' title='bbox 2198 5513 2383 5569; x_wconf 80' lang='lat' dir='ltr'><strong>vitam.</strong></span> <span class='ocrx_word' id='word_1_846' title='bbox 2417 5518 2470 5565; x_wconf 88' lang='lat' dir='ltr'><strong>iu</strong></span> <span class='ocrx_word' id='word_1_847' title='bbox 2502 5527 2607 5580; x_wconf 81' lang='lat' dir='ltr'><strong>qua</strong></span> <span class='ocrx_word' id='word_1_848' title='bbox 2641 5510 2881 5563; x_wconf 78' lang='lat' dir='ltr'><strong>futuram</strong></span> <span class='ocrx_word' id='word_1_849' title='bbox 2913 5506 3109 5558; x_wconf 87' lang='lat' dir='ltr'><strong>mereri</strong></span> <span class='ocrx_word' id='word_1_850' title='bbox 3137 5503 3425 5566; x_wconf 85' lang='lat' dir='ltr'><strong>docentur,</strong></span> <span class='ocrx_word' id='word_1_851' title='bbox 3458 5516 3565 5556; x_wconf 89' lang='lat' dir='ltr'><strong>non</strong></span> 
     </span>
    </p>
   </div>
   <div class='ocr_carea' id='block_1_111' title="bbox 1986 5582 2418 5651">
    <p class='ocr_par' dir='ltr' id='par_1_111' title="bbox 1986 5582 2418 5651">
     <span class='ocr_line' id='line_1_111' title="bbox 1986 5582 2418 5651; baseline -0.005 -13"><span class='ocrx_word' id='word_1_852' title='bbox 1986 5586 2282 5651; x_wconf 84' lang='lat' dir='ltr'><strong>abjiccrent</strong></span> <span class='ocrx_word' id='word_1_853' title='bbox 2317 5582 2418 5651; x_wconf 13' lang='lat' dir='ltr'><strong>(at).</strong></span> 
     </span>
    </p>
   </div>
   <div class='ocr_carea' id='block_1_112' title="bbox 379 5738 3330 5853">
    <p class='ocr_par' dir='ltr' id='par_1_112' title="bbox 379 5738 3330 5853">
     <span class='ocr_line' id='line_1_112' title="bbox 379 5738 3330 5853; baseline -0.006 -20"><span class='ocrx_word' id='word_1_854' title='bbox 379 5786 453 5853; x_wconf 80' lang='grc' dir='ltr'><strong>(α)</strong></span> <span class='ocrx_word' id='word_1_855' title='bbox 486 5782 711 5850; x_wconf 77' lang='lat' dir='ltr'><strong>Confer,</strong></span> <span class='ocrx_word' id='word_1_856' title='bbox 748 5781 792 5837; x_wconf 78' lang='lat' dir='ltr'><strong>si</strong></span> <span class='ocrx_word' id='word_1_857' title='bbox 830 5754 1004 5846; x_wconf 82' lang='lat' dir='ltr'><strong>lubet,</strong></span> <span class='ocrx_word' id='word_1_858' title='bbox 1051 5778 1115 5835; x_wconf 77' lang='lat' dir='ltr'><strong>cl.</strong></span> <span class='ocrx_word' id='word_1_859' title='bbox 1156 5778 1228 5833; x_wconf 88' lang='lat' dir='ltr'><strong>De</strong></span> <span class='ocrx_word' id='word_1_860' title='bbox 1259 5775 1462 5832; x_wconf 82' lang='lat' dir='ltr'><strong>Bonald</strong></span> <span class='ocrx_word' id='word_1_861' title='bbox 1493 5738 1546 5830; x_wconf 79' lang='lat' dir='ltr'><strong>in</strong></span> <span class='ocrx_word' id='word_1_862' title='bbox 1581 5790 1742 5846; x_wconf 80' lang='lat' dir='ltr'><strong>opere</strong></span> <span class='ocrx_word' id='word_1_863' title='bbox 1778 5771 1922 5843; x_wconf 77' lang='lat' dir='ltr'><strong>quod</strong></span> <span class='ocrx_word' id='word_1_864' title='bbox 1965 5768 2304 5827; x_wconf 73' lang='lat' dir='ltr'><strong>iusetibitur.</strong></span> <span class='ocrx_word' id='word_1_865' title='bbox 2345 5765 2658 5822; x_wconf 66' lang='lat' dir='ltr'><strong>Rcchcrclacs</strong></span> <span class='ocrx_word' id='word_1_866' title='bbox 2694 5762 3137 5838; x_wconf 62' lang='lat' dir='ltr'><strong>philosophiqucs.</strong></span> <span class='ocrx_word' id='word_1_867' title='bbox 3172 5758 3330 5816; x_wconf 78' lang='grc' dir='ltr'>Εωτ.</span> 
     </span>
    </p>
   </div>
  </div>
