3918 6452
248 370 253 375 ρ
280 322 387 387 953

1024 326 1413 389 LAUDATIO
1445 324 1826 389 FUNEBRIS

1951 326 2198 391 ELEN/E
2234 332 2323 391 PA
2338 331 2645 394 L/EOLOG
2657 330 2827 392 lNlE.

3410 322 3528 389 "954

279 435 353 487 Τὸ
386 432 441 484 δὲ
472 449 675 503 μουσας
706 435 879 506 τιμῶν
908 436 1059 501 ἔθνος
1090 440 1189 494 οὐκ
1222 440 1487 508 ἄμουσον,
1520 442 1640 495 οὐδὲ
1685 440 1847 494 ἀπαί-

1961 448 2134 504 musis
2166 465 2509 521 nequaquam
2539 446 2715 506 aliena
2763 454 2879 503 erat
2912 446 3263 516 animumque
3294 442 3366 500 ob
3390 443 3526 500 insi-

277 528 462 581 δευτον
501 527 623 581 οὐδέ
654 546 719 597 γε
776 530 835 583 τὸ
873 530 1049 602 ψυχῆς
1080 531 1427 602 ἀνθρωπίνης
1462 534 1528 601 τῇ
1576 533 1847 603 ἀθανασίᾳ

287 618 510 686 νομίζον
549 619 765 687 ἀγενές.
798 619 1003 673 Τούτου
1042 620 1135 673 τοῦ
1186 621 1398 689 γένους,
1431 626 1458 676 ὁ
1488 625 1587 691 τῆς
1612 623 1738 693 ἄρτι
1784 621 1848 693 δὴ

282 710 685 782 μετηλλαχυίας
710 713 800 765 τὸν
829 712 941 782 βίον
984 712 1257 783 βασιλίδος
1279 715 1463 786 πατὴρ
1487 708 1555 786 ἦν
1584 714 1764 786 χώρας
1789 731 1849 767 τε

280 804 465 872 ἄρχων
490 803 552 855 οὐ
573 804 722 876 παρά
762 803 937 871 Ἀξιὸν
964 806 1227 875 ποταμὸν,
1247 799 1308 860 οὐ
1333 808 1393 859 τὸ
1426 806 1569 877 ὕδωρ
1601 810 1657 860 ἐν
1686 824 1847 861 ποτα-

284 895 454 962 μείων
512 894 721 949 ὑδάτων
771 899 881 958 τοῖς
930 894 1247 967 κρατίστοις
1304 899 1399 952 καὶ
1455 898 1847 967 ὑγιεινοτάτοις

279 986 455 1039 πίνειν
481 986 618 1052 ἐστὶ,
652 985 745 1038 καὶ
783 985 944 1047 αὐτὸς
981 988 1038 1040 ἔν
1067 986 1277 1057 ἀνδρῶν
1301 991 1415 1052 τοῖς
1445 990 1847 1059 ἀνδρειοτάτοις

279 1077 374 1129 καὶ
428 1076 791 1151 δικαιοτάτοις
830 1080 1133 1149 τυγχάνων,
1180 1083 1275 1134 καὶ
1322 1083 1390 1135 τά
1439 1098 1501 1149 γε
1552 1083 1687 1150 πρὸς
1720 1084 1849 1148 τοὺς

280 1168 470 1237 φίλους
502 1172 841 1232 πιστότατος.
876 1171 1133 1225 Τοιούτου
1178 1172 1236 1227 δὲ
1274 1174 1489 1242 ’πατρὸς
1524 1178 1781 1242 γεγονυῖα
1813 1176 1847 1246 ἡ

279 1258 390 1311 τῶν
434 1260 722 1330 ἡμετέρων
777 1260 1047 1329 βασιλέων
1100 1280 1161 1315 τε
1215 1265 1310 1318 καὶ
1364 1265 1648 1333 ἡγεμόνων
1706 1265 1846 1337 αὐτη

286 1350 495 1421 μήτηρ,
524 1351 603 1421 τῷ
628 1349 837 1405 τούτων
872 1354 1044 1424 πατρὶ
1074 1355 1326 1424 ἐγήματο
1359 1355 1539 1425 πολλῷ
1574 1358 1846 1428 κρείττονι

277 1444 381 1513 τήν
405 1461 463 1496 τε
507 1443 663 1508 ἀξίαν
693 1446 862 1517 τύχην
891 1446 924 1518 ἢ
962 1446 1103 1500 κατὰ
1133 1451 1261 1511 τοὺς
1290 1449 1488 1519 ἑαυτῆς
1534 1450 1725 1518 γονέας
1751 1451 1847 1503 καὶ

278 1536 431 1606 αὐτῷ
475 1553 537 1589 τε
587 1536 738 1607 καλῷ
787 1537 1017 1607 κάγαθῷ
1075 1539 1312 1609 βασιλεῖ,
1358 1542 1454 1594 καὶ
1508 1541 1607 1594 οὐκ
1650 1540 1847 1609 ὀλίγων

277 1628 549 1687 τοιούτων,
592 1628 861 1700 βασιλέων
922 1630 1177 1702 ἀπογόνῳ
1243 1631 1584 1702 βασιλεύοντί
1639 1651 1697 1688 τε
1751 1636 1844 1687 τοῦ

276 1721 551 1791 ἡμετέρου
581 1721 769 1776 τούτου
798 1722 891 1775 τοῦ
942 1722 1227 1793 Ῥωμαίων
1258 1724 1470 1792 γένους,
1501 1719 1562 1779 οὗ
1593 1726 1721 1796 περὶ
1746 1724 1846 1796 τῆς

279 1813 452 1869 πάλαι
492 1814 747 1886 εὐτυχίας
777 1831 836 1867 τε
871 1814 988 1885 ἅμα
1027 1816 1119 1868 καὶ
1144 1818 1201 1879 ἔς
1244 1817 1414 1870 πλείω
1454 1817 1847 1889 διακεκριμένη

276 1904 451 1973 γένει,
480 1905 637 1976 ἡμῶν
678 1907 776 1976 μὲν
802 1906 1092 1977 κρείττων,
1120 1907 1336 1961 ἐκείνου
1386 1908 1440 1961 δέ
1473 1925 1525 1961 τι
1563 1910 1702 1964 πάνυ
1740 1910 1848 1964 λει-

279 1999 517 2069 πομένη.
549 1998 661 2051 Οὐκ
707 1998 855 2051 ἔστιν
896 1995 961 2052 αὖ
989 1997 1047 2061 ὃς
1077 1998 1140 2051 οὐ
1189 1999 1286 2053 καὶ
1327 1999 1484 2052 τοῦτο
1535 2002 1737 2070 νομιεῖ.
1767 2001 1841 2055 Οὐ

276 2090 388 2161 γάρ
432 2090 655 2156 ἀξιώσει
699 2107 781 2153 τις
814 2089 924 2145 τῶν
952 2089 1047 2143 τοῦ
1076 2089 1211 2144 Θεοῦ
1248 2091 1427 2161 ἔργων
1457 2090 1516 2143 τὸ
1554 2092 1848 2161 κράτιστον

277 2181 429 2250 ἡμᾶς
462 2198 518 2233 τε
544 2175 704 2247 εἶναι,
728 2180 929 2245 ταύτας
946 2179 1011 2252 δὴ
1034 2181 1131 2244 τάς
1157 2182 1314 2252 ἡμῶν
1341 2181 1626 2251 κρείττους
1657 2182 1848 2250 φύσεις

278 2271 451 2337 οὐδεὶς
505 2272 655 2336 ὅστις
706 2274 768 2326 οὐ
812 2271 937 2336 νοῦς
986 2272 1051 2326 ἂν
1089 2274 1221 2345 φαίη
1279 2271 1418 2329 εἶναι
1449 2274 1479 2343 ἢ
1514 2276 1608 2328 καὶ
1669 2275 1845 2346 ψυχάς

276 2380 429 2425 τινας
484 2363 593 2416 τῶν
650 2364 941 2436 ἡμετέρων
999 2365 1321 2435 κρείττους·
1383 2368 1430 2420 εί
1479 2365 1535 2418 δὲ
1598 2366 1845 2420 τοιαῦται

279 2455 488 2509 ἐκεῖναι
518 2454 729 2524 φύσεις,
759 2456 813 2508 τί
849 2456 915 2510 ἀν
942 2455 1073 2510 ἀλλο
1097 2456 1277 2511 αὐτῶν
1307 2458 1365 2511 τὸ
1397 2459 1730 2529 κυριώτατον
1756 2460 1841 2527 εἴη

278 2545 441 2615 ἔργον
476 2547 570 2601 καὶ
607 2546 870 2617 πρᾶξιςῆ
917 2548 952 2618 ἠ
1001 2548 1109 2600 τῶν
1149 2548 1322 2600 δντιιιν
1355 2548 1577 2619 θεωρία,
1613 2557 1706 2603 καὶ
1760 2550 1843 2603 ἐπ’

277 2640 417 2709 αὐτῇ
461 2641 495 2710 ἠ
528 2638 622 2691 τοῦ
663 2639 773 2692 τῶν
815 2640 954 2691 ὅλων
990 2640 1338 2709 Δημιουργοῦ
1388 2641 1587 2707 ἔννοια,
1639 2637 1707 2715 ἧς
1738 2644 1851 2707 τοῖς

279 2730 577 2799 τυγχάνειν
602 2730 928 2798 πεφυκόσιν,
960 2730 1186 2800 οὐδεμία
1223 2748 1306 2794 τις
1354 2730 1419 2785 ἂν
1456 2730 1589 2801 ἄλλη
1640 2732 1855 2800 γένοιτο

280 2822 551 2894 κρείττων
583 2820 782 2893 πρᾶξις
814 2821 933 2876 οὐδὲ
968 2823 1389 2893 μακαριωτέρα,
1420 2817 1487 2894 ἧς
1516 2824 1608 2874 καὶ
1641 2822 1853 2893 ἀνθρωο

279 2931 380 2975 πος
425 2914 559 2983 πρὸς
600 2912 666 2984 τῇ
716 2913 848 2987 ἄλλῃ
881 2915 988 2968 τῶν
1017 2915 1187 2969 ὄντων
1221 2915 1448 2986 θεωρίᾳ,
1502 2916 1593 2967 καὶ
1646 2914 1851 2984 ταύτης

278 3004 439 3073 δῆλός
480 3005 594 3058 ἔστι
618 3006 929 3075 τυγχάνων.
963 3006 1172 3060 Οὐκοῦν
1205 3008 1265 3060 οὐ
1310 3008 1470 3077 μόνον
1502 3008 1615 3068 τοῖς
1649 3007 1853 3078 θηρίων

1877 1773 1927 1834 Β

1955 551 2066 595 tam
2105 542 2574 599 immortalitatem
2618 543 2841 614 plurimi
2876 536 3525 607 faciebat.lmpcratricis

1949 643 2130 689 autem
2196 645 2399 690 nostrae
2454 651 2577 705 quae
2618 650 2764 690 nunc
2818 633 3053 689 maxime
3114 638 3362 687 emortua
3416 639 3521 694 est,

1947 733 2101 795 pater
2126 726 2399 797 regionem
2436 743 2545 783 non
2609 726 2772 782 vilem
2848 740 3014 795 prOpe
3068 724 3266 778 Axium
3320 720 3521 776 ﬂumen

1947 819 2191 889 regebat,
2217 820 2376 889 cujus
2426 806 2567 890 aqua
2603 818 2995 890 potabilissima
3026 816 3216 871 eadem
3269 825 3325 869 et
3375 811 3523 867 salu-

1946 908 2182 965 berrima
2230 918 2503 966 censetur.
2540 910 2656 967 Rex
2702 912 2817 981 ipse
2857 909 3187 965 fortissimus
3209 902 3521 975 etjustissi-

1951 1017 2072 1057 mus
2108 1002 2350 1057 virorum
2391 1012 2447 1056 et
2474 1017 2602 1073 erga
2632 1003 2839 1058 amicos
2899 1000 3197 1056 fidissimus
3224 995 3345 1052 fuit.
3374 994 3522 1050 Talis

1949 1090 2113 1161 igitur
2140 1092 2381 1160 parentis
2439 1091 2547 1145 ﬂlia
2603 1092 2990 1161 imperatorum
3048 1104 3111 1144 ac
3165 1089 3362 1143 ducum
3424 1101 3525 1139 no-

1948 1191 2187 1237 strorum
2222 1193 2416 1250 mater,
2451 1184 2642 1239 horum
2684 1184 2913 1252 genitori
2942 1190 3201 1252 nupserat
3232 1180 3323 1251 qui
3359 1193 3519 1246 gene-

1949 1272 2024 1327 ris
2065 1273 2348 1329 nobilitate
2398 1284 2452 1330 et
2501 1275 2733 1330 fortunae
2769 1274 2963 1344 opibus
3022 1274 3192 1327 multo
3234 1268 3434 1325 clarior
3466 1274 3525 1321 ut

1947 1376 2002 1422 et
2029 1368 2288 1422 virtutum
2312 1368 2485 1438 gloria
2517 1368 2572 1423 in
2602 1368 2947 1422 Romaeorum
2974 1366 3173 1435 populo
3200 1363 3521 1424 excellebat,

1947 1459 2195 1528 quamvis
2225 1458 2467 1514 inferiori
2499 1459 2616 1529 ipsa
2655 1459 2771 1514 loco
2819 1458 3049 1513 oriunda
3094 1465 3260 1520 esset,
3292 1455 3343 1508 id
3379 1452 3520 1521 quod

1949 1552 2093 1606 inter
2149 1564 2338 1606 omnes
2382 1558 2615 1606 constat.
2673 1549 2995 1619 Quicunque
3049 1547 3193 1602 enim
3250 1544 3521 1600 hominem

1949 1640 2461 1708 praestantissimum
2486 1640 2756 1696 Creatoris
2797 1653 2935 1710 Opus
2969 1637 3267 1699 existimat,
3302 1633 3525 1689 minime

1954 1731 2166 1787 animas
2196 1732 2408 1801 aliquas
2437 1732 2641 1787 nostris
2671 1732 2926 1787 meliores
2946 1744 3069 1786 esse
3103 1725 3339 1798 negabit.
3373 1723 3526 1791 Quod

1953 1822 2003 1879 si
2034 1824 2105 1878 ita
2154 1832 2258 1889 est,
2284 1823 2413 1893 quid
2440 1824 2719 1893 antiquius
2775 1836 2899 1878 esse
2942 1828 3119 1891 potest
3151 1833 3313 1889 quam
3344 1817 3527 1885 Opinio

1952 1928 2074 1985 qua:
2100 1929 2164 1970 ex
2199 1926 2379 1969 rerum
2414 1924 2722 1969 ereatarum
2774 1911 3212 1969 consideratione
3244 1907 3437 1971 oritur,
3472 1914 3527 1960 et

1952 2006 2059 2060 fine
2081 2021 2243 2075 quem
2269 2005 2506 2061 universi
2536 2006 2787 2061 conditor
2803 2005 2909 2061 sibi
2933 2001 3231 2075 proposuit,
3257 2012 3363 2069 quo
3391 1996 3527 2051 nihil

1953 2099 2171 2165 melius,
2202 2099 2279 2154 nil
2315 2101 2527 2156 beatius
2563 2099 2789 2170 cogitari
2828 2105 3027 2169 potest,
3067 2104 3120 2151 et
3149 2094 3304 2164 cujus
3362 2090 3528 2144 homo

1954 2192 2070 2261 ipse
2125 2190 2414 2246 manifeste
2463 2192 2731 2259 particeps
2759 2199 2862 2246 est.
2889 2188 3054 2261 Igitur
3085 2202 3192 2242 non
3227 2193 3436 2237 tantum
3468 2190 3528 2234 ut

1957 2291 2146 2336 caetera
2175 2281 2430 2335 animalia
2459 2290 2779 2352 operaretur
2812 2282 2999 2342 homo,
3029 2277 3127 2332 scd
3152 2271 3527 2360 nobilissimae

1957 2390 2075 2429 rum
2104 2374 2267 2429 simul
2294 2388 2462 2444 penes
2492 2389 2593 2429 nos
2626 2386 2885 2443 generum
2941 2367 3250 2438 exemplum
3300 2365 3354 2419 in
3396 2378 3530 2432 ope-

1954 2466 2125 2519 rando
2174 2472 2229 2521 et
2273 2479 2398 2519 cum
2455 2463 2579 2519 aliis
2606 2461 2952 2520 subsistendo
2994 2468 3335 2530 sequeretur.
3368 2454 3527 2508 Rela-

1957 2555 2159 2611 tionem
2224 2555 2371 2608 enim
2429 2563 2632 2609 certam
2711 2551 3044 2606 intercedere
3105 2555 3322 2617 oportet
3386 2544 3531 2598 inter

1952 2646 2331 2701 exsistentiam
2380 2653 2436 2699 et
2489 2642 2684 2714 agendi
2724 2643 3040 2698 facultatem
3094 2649 3165 2713 et.
3203 2640 3319 2693 vice
3351 2648 3525 2691 versa.

1954 2737 2109 2802 Quod
2145 2736 2191 2791 si
2235 2735 2358 2805 quis
2419 2735 2696 2790 hominem
2757 2732 3137 2804 quabestiam
3193 2728 3525 2792 considerat,

1954 2828 2237 2883 bestialem
2263 2842 2393 2882 sane
2426 2827 2474 2883 ei
2510 2836 2764 2881 naturam
2823 2839 2946 2879 esse
3004 2822 3286 2887 fatebitur,
3320 2834 3420 2874 nec
3447 2827 3528 2873 ta-

1914 2968 1931 2979 ,
1955 2934 2078 2973 men
2134 2918 2376 2973 melioris
2410 2933 2533 2973 eum
2562 2927 2772 2972 natura:
2815 2923 3118 2985 compotem
3158 2913 3397 2984 negabit,
3429 2927 3530 2967 nec

1957 3009 2246 3065 mirabitur
2293 3010 2438 3080 quod
2473 3024 2637 3077 opera
2679 3022 2886 3064 natura:
2936 3024 3050 3064 suae
3096 3021 3337 3077 congrua
3380 3004 3527 3059 facit.

281 3097 466 3166 ἔργοις
493 3098 742 3177 κοινωνοῖ
762 3096 830 3151 ἀν
860 3097 1145 3168 ἄνθρωπος
1179 3100 1274 3151 καὶ
1302 3099 1373 3150 τὰ
1400 3099 1566 3167 θηρία
1599 3098 1847 3165 πράττοι,

1958 3101 2101 3157 Duas
2124 3101 2268 3156 enim
2292 3100 2499 3157 homini
2530 3101 2801 3157 essentias
2830 3101 3011 3157 inesse
3031 3100 3133 3155 sibi
3154 3099 3528 3170 persuadebit,

279 3192 422 3247 ἀλλά
460 3193 553 3247 καὶ
594 3194 708 3255 τοῖς
748 3192 858 3245 τῶν
895 3191 1223 3263 κρειττόνων
1278 3192 1433 3263 ἡμῶν
1466 3192 1639 3262 γενῶν
1677 3195 1725 3245 εί
1751 3193 1851 3262 τῆς

279 3284 455 3349 αὐτῆς
478 3285 661 3346 αὐτοῖς
687 3284 921 3354 θεωρίας
953 3286 1009 3346 ἐς
1033 3282 1267 3353 δύναμιν
1297 3284 1388 3336 καὶ
1411 3283 1574 3346 αὐτὸς
1597 3270 1863 3350 ἅπτεται,¹

274 3378 347 3431 τὰ
391 3377 450 3431 δὲ
501 3377 864 3431 κοινωνοῦντα
916 3380 1029 3439 τοῖς
1083 3378 1287 3447 ἔργοις,
1326 3377 1419 3431 καὶ
1458 3378 1579 3438 ταῖς
1638 3376 1851 3438 οὐσίαις

279 3466 499 3538 ἀνάγκη
549 3470 848 3521 κοινωνεῖν.
898 3468 1187 3536 ’Δνάλογον
1222 3467 1328 3535 γὰρ
1368 3467 1450 3520 δεῖ
1489 3466 1634 3536 ἔχειν
1664 3466 1851 3530 οὐσίας

274 3577 335 3613 τε
367 3561 572 3630 ἔργοις,
629 3561 722 3613 καὶ
767 3558 905 3631 ἔργα
946 3560 1175 3623 οὐσίαις,
1226 3558 1412 3629 ὥσπερ
1468 3557 1559 3611 οὖν
1607 3576 1689 3619 τις
1738 3560 1850 3619 τοῖς

276 3650 487 3722 θηρίων
512 3648 692 3722 ἔργοις
724 3651 1083 3705 κοινωνοῦντα
1116 3651 1404 3719 ἄνθρωπον
1458 3651 1622 3719 ὀρῶν,
1659 3650 1849 3703 οὐσίαν

275 3746 341 3814 τῇ
395 3741 603 3812 θηρίων
643 3740 1033 3813 παραπλησίαν
1066 3741 1276 3793 τίθεται
1317 3740 1481 3806 αύτδν
1524 3740 1844 3810 κεκτῆσθαι,

273 3834 463 3898 καλῶς
492 3833 661 3898 ἀξιῶν
694 3834 787 3885 καὶ
832 3833 945 3896 τοῖς
978 3831 1084 3885 τῶν
1121 3832 1444 3902 κρειττόνων
1487 3832 1645 3900 ἡμῶν
1674 3832 1849 3899 γενῶν

273 3927 639 3981 κοινωνοῦντα
673 3925 816 3994 ὁρῶν
858 3923 1041 3995 ἔργοις
1079 3924 1173 3976 καὶ
1222 3922 1411 3976 οὐσίαν
1460 3921 1848 3994 παραπλησίαν

270 4022 338 4091 τῇ
371 4016 602 4071 ἐκείνων
635 4016 748 4087 ἔχει
790 4014 1043 4081 ἀξιούτω,
1066 4014 1142 4078 ὡς
1180 4016 1279 4084 οὐχ
1309 4009 1420 4067 οἶόν
1451 4030 1508 4066 τε
1535 4013 1595 4066 ὃν
1629 4013 1704 4085 μὴ
1749 4013 1848 4067 οὐκ

270 4117 382 4169 ἀπὸ
424 4115 829 4186 παραπλησίων
872 4114 973 4182 τῆς
1027 4110 1215 4176 οὐσίας
1255 4113 1616 4184 παραπλήσια
1653 4112 1749 4165 καὶ
1781 4111 1850 4164 τά

271 4209 413 4279 ἔργα
441 4204 601 4269 εἶναι,
635 4210 730 4261 καὶ
766 4209 831 4259 ὲκ
863 4206 1011 4259 δυοῖν
1040 4205 1231 4259 οὐσίαν
1258 4198 1348 4258 τδν
1379 4205 1668 4275 ἄνθρωπον
1695 4220 1849 4274 νομι-

269 4300 416 4364 ζέτω
465 4297 861 4358 συντεθεῖσθαι,
923 4296 1021 4366 τῆς
1078 4296 1176 4366 μὲν
1233 4295 1383 4359 Θείας
1428 4295 1591 4359 τινος,
1639 4295 1737 4364 τῆς
1789 4294 1847 4347 δὲ

269 4389 600 4463 θηριώδους,
647 4389 741 4441 καὶ
792 4387 995 4454 ταύτης
1048 4388 1145 4455 μὲν
1198 4387 1421 4457 θνητῆς,
1463 4388 1563 4456 τῆς
1600 4386 1657 4439 δὲ
1695 4386 1846 4450 θείας

1952 3193 2194 3248 divinam
2255 3192 2753 3262 immortalemque,
2827 3202 2883 3248 et
2962 3192 3243 3248 bestialem
3300 3204 3529 3261 eamque

1952 3284 2260 3339 mortalem.
2293 3285 2533 3353 Cogita'ri
2586 3286 2731 3340 enim
2770 3299 3053 3355 nunquam
3112 3290 3291 3353 potest
3358 3282 3526 3336 Deum

1951 3376 2164 3431 inﬂuite
2194 3376 2395 3432 bonum
2427 3386 2482 3431 et
2511 3386 2663 3433 extra
2710 3392 2927 3432 omnem
2958 3376 3215 3432 invidiam
3270 3375 3528 3444 positum,

1952 3485 2059 3524 non
2094 3479 2309 3539 partem,
2358 3469 2594 3538 aliquam
2658 3469 2855 3524 divinae
2923 3477 3133 3524 natura:
3184 3468 3528 3533 mortalibus,

1950 3558 2415 3614 immortalitatem
2448 3559 2680 3625 scilicet,
2730 3559 3013 3616 indidisse.
3045 3558 3333 3629 Nunquam
3383 3568 3530 3615 certe

1950 3649 2094 3719 quod
2157 3650 2386 3705 mortale
2432 3659 2515 3705 est
2564 3651 3027 3706 immortalitatem
3081 3652 3428 3706 nanciscetur
3458 3649 3531 3705 ob

1950 3742 2167 3810 limites}
2196 3750 2401 3797 naturae
2451 3743 2701 3799 ltutnanae
2736 3743 2962 3812 positos,
2995 3744 3089 3812 qui
3129 3758 3228 3798 nos
3259 3742 3531 3811 perfectos
3562 3744 3581 3751 ’

1948 3849 2069 3889 esse
2120 3849 2230 3889 non
2281 3836 2490 3902 sinunt,
2534 3836 2635 3891 etsi
2688 3851 2789 3890 nos
2825 3838 2972 3905 ipsos
3027 3844 3246 3905 propter
3304 3849 3528 3889 causam

1948 3928 2184 3997 aliquam
2244 3936 2337 3981 aut
2386 3928 2506 3984 sine
2562 3944 2728 3985 causa
2766 3929 3162 3994 iuterimamus,
3200 3942 3306 3998 qua
3359 3928 3424 3982 de
3471 3941 3532 3981 re

1950 4032 2095 4073 nunc
2134 4018 2285 4088 loqui
2328 4019 2657 4088 superﬂuum
2709 4031 2856 4077 esset
2889 4035 3078 4075 coram
3113 4029 3194 4076 tot
3225 4020 3354 4073 viris
3406 4019 3527 4088 ejus

1952 4110 2096 4164 haud
2131 4111 2362 4182 ignaris.
2391 4110 2547 4164 Nunc
2578 4100 2706 4165 uero
2736 4110 2853 4180 ejus
2886 4112 2960 4166 rei
2982 4113 3309 4165 mentionem
3349 4111 3529 4165 facere

1953 4203 2100 4257 haud
2133 4202 2470 4259 fastidiosum
2526 4204 2652 4269 erit,
2687 4205 2957 4273 siquidem
2986 4219 3047 4259 ex
3091 4215 3164 4259 tot
3200 4221 3320 4272 qua.-
3348 4208 3526 4273 quon-

1949 4295 2074 4351 dam
2109 4294 2342 4350 ﬂoruere
2370 4296 2692 4353 civitatibus
2734 4296 2951 4354 diﬂicile
3000 4298 3245 4353 invenias
3277 4297 3526 4359 alteram,

1949 4387 2004 4441 in
2067 4402 2174 4457 qua
2226 4389 2402 4443 virtus
2466 4398 2521 4444 et
2591 4391 2811 4445 fortuna
2867 4390 3097 4446 feliciori
3157 4404 3321 4459 quam
3386 4390 3527 4458 apud

269 4459 433 4555 ἡμῶν
459 4484 753 4547 ἀθανάτου,
791 4479 846 4533 εί
887 4498 951 4548 γε
993 4480 1087 4533 καὶ
1118 4480 1151 4550 ἡ
1186 4479 1294 4533 τῶν
1327 4481 1653 4548 κρειττόνων
1684 4480 1845 4550 ἡμῶν

1951 4477 2203 4535 Romaeos
2239 4482 2439 4536 unione
2474 4484 2781 4553 gaudebant
2811 4499 2876 4540 ac
2908 4484 3112 4539 diutius
3138 4484 3455 4537 ﬂoruerunt.

269 4576 449 4646 γενῶν
480 4575 747 4636 ἀθάνατος
771 4590 785 4604 ·
830 4571 1042 4642 οὐδαμῆ
1074 4573 1183 4643 γὰρ
1214 4572 1280 4625 ἀν
1329 4571 1568 4646 εὔλογον
1591 4575 1699 4639 εἴη,
1730 4574 1915 4642 ἄκρως
1948 4574 2172 4643 ἀγαθῶν
2205 4574 2334 4628 ὄντα
2357 4574 2447 4628 τὸν
2477 4576 2610 4631 Θεὸν
2642 4580 2738 4631 καὶ
2767 4578 2962 4646 φθόνου
2991 4577 3096 4642 ἔξω
3125 4576 3325 4636 παντὸς
3350 4576 3425 4643 μὴ
3463 4575 3527 4626 οὐ

272 4644 413 4739 πρὸς
467 4671 581 4730 τοῖς
633 4667 814 4729 ἄλλοις
859 4682 911 4717 τι
941 4666 1241 4728 ἀθανάτους
1292 4668 1392 4729 τὰς
1425 4644 1707 4733 ἐγγυτέρω
1748 4668 1943 4722 ἑαυτοῦ
2001 4668 2188 4731 οὐσίας
2252 4673 2599 4738 παραγαγεῖν
2634 4687 2649 4702 ο
2702 4672 2752 4723 εί
2780 4644 2789 4646 _
2817 4672 2864 4723 δ’
2896 4668 3391 4723 ὲκεῖναιὰθάνατοι
3425 4667 3528 4721 κᾶν

268 4768 300 4835 ὴ
312 4764 432 4834 μῶν
458 4764 581 4817 ὅσον
608 4764 703 4832 τῆς
728 4760 914 4823 οὐσίας
936 4759 1128 4823 αὐταῖς
1165 4754 1572 4830 παραπλήσιον,
1604 4762 1870 4817 ἀθάνατον
1905 4763 1991 4834 εἴη
2018 4781 2031 4794 ·
2064 4763 2187 4816 ἐπεὶ
2219 4764 2329 4815 οὐδ’
2354 4762 2420 4818 ἀν
2445 4780 2574 4816 ποτε
2604 4764 2812 4831 γένοιτο
2840 4763 3031 4832 θνητὸν
3056 4764 3310 4831 ἀθανάτῳ
3343 4780 3521 4830 παρκ-

270 4862 503 4931 πλήσιον
525 4858 631 4913 οὐδ’
656 4858 738 4925 ἐφ’
757 4854 999 4918 όσονοῦν,
1031 4853 1091 4906 τὸ
1116 4855 1543 4925 πεπερασμένην
1574 4871 1637 4920 γε
1666 4854 1789 4924 ἔχον
1810 4857 1907 4926 τὴν
1931 4856 2027 4911 τοῦ
2058 4854 2199 4911 εἶναι
2229 4856 2460 4927 δύναμιν
2485 4857 2579 4908 καὶ
2602 4856 3013 4920 ἐπιλείπουσαν,
3036 4856 3113 4920 τῷ
3134 4858 3524 4913 ἀνεπίλειπτον

268 4958 450 5027 ἔχοντι
483 4952 578 5005 καὶ
609 4938 835 5019 ἄπειρον
862 4964 876 4979 ·
916 4952 1009 5003 καὶ
1044 4951 1143 5023 μὲν
1172 4952 1235 5020 δὴ
1264 4951 1366 5003 κᾶν
1396 4950 1444 5002 οῖ
1472 4949 1626 5002 αὐτοὶ
1651 4950 1849 5015 αὐτοὺς
1878 4950 2298 5014 ἀποκτιννύντες
2327 4953 2439 5004 εἴτε
2484 4949 2692 5019 ἀρετῆς
2740 4952 3036 5021 περίεργον
3084 4953 3151 5007 ἀν
3201 4954 3285 5022 εἴη
3341 4952 3525 5021 λέγειν

269 5047 602 5119 παμπόλλων
657 5043 907 5097 εἰδότων·
946 5044 1082 5097 ἀλλα
1124 5043 1377 5095 τοσοῦτον
1431 5043 1605 5096 είπεῖν
1658 5043 1716 5095 ἔν
1758 5043 1836 5112 τῷ
1883 5046 2114 5115 παρόντι
2175 5046 2234 5098 οὐ
2272 5046 2553 5115 φορτικόν,
2607 5046 2689 5098 ὅτι
2745 5043 2954 5099 πολλῶν
2998 5048 3289 5100 πολιτειῶν
3327 5062 3387 5099 τε
3425 5048 3520 5099 καὶ

268 5142 561 5214 βασιλειῶν
614 5138 909 5208 γεγονυιῶν
956 5139 1012 5190 ἐν
1065 5138 1227 5191 παντὶ
1268 5137 1342 5206 τῷ
1390 5138 1446 5189 ὲν
1503 5139 1690 5209 μνήμῃ
1735 5139 1912 5210 χρόνῳ
1946 5138 2182 5207 χαλεπὸν
2218 5141 2365 5192 ἔστιν
2399 5139 2603 5208 εὑρεῖν,
2637 5138 2772 5192 ὃπου
2815 5140 2983 5209 ἀρετὴ
3036 5156 3094 5193 τε
3146 5141 3242 5191 κα)⁸
3296 5138 3523 5207 εὐτυχία

266 5241 356 5292 ἐπ’
388 5235 522 5299 αὐτὸ
550 5229 998 5301 συνεληλυθέτην,
1020 5229 1094 5293 ὼς
1130 5234 1186 5284 ὲν
1217 5233 1285 5301 τῇ
1314 5229 1479 5283 παλαι
1513 5232 1801 5302 Ῥωμαίων
1834 5231 2097 5302 πολιτείᾳ,
2122 5230 2238 5300 ἅμα
2264 5231 2319 5284 δὲ
2344 5232 2438 5285 καὶ
2460 5233 2551 5285 ἐπὶ
2586 5232 2722 5285 πολὺ
2753 5232 2848 5286 τοῦ
2882 5234 3078 5303 χρόνου
3108 5233 3422 5301 διαρκέσαν.

340 5332 420 5399 Τῇ
482 5329 539 5382 δὲ
592 5328 687 5380 νῦν
744 5323 1058 5396 ὑμνουμέκσῃ
1126 5323 1358 5393 βασιλίδι
1413 5324 1572 5377 τοῦτο
1622 5326 1839 5396 πρῶτον

269 5421 493 5490 εὐτυχὲς
528 5416 738 5487 ὑπῆρξε
766 5417 825 5469 τὸ
862 5416 979 5486 ἅμα
1030 5414 1127 5484 μὲν
1156 5414 1213 5480 ἐξ
1244 5414 1467 5482 ἀγαθῶν
1498 5414 1615 5483 ἅμα
1646 5415 1692 5468 δ’
1743 5416 1842 5468 οὐκ

269 5513 499 5583 ἀσήμων
524 5510 720 5580 φῦσαν,
750 5508 961 5562 πολλῶν
987 5506 1295 5576 κρείττονος
1323 5505 1355 5575 ἢ
1383 5506 1504 5558 καθ’
1533 5506 1729 5575 ἑαυτὴν
1748 5505 1842 5559 τοῦ

266 5605 451 5672 γάμου
511 5604 697 5671 τυχεῖν
753 5599 962 5669 βασιλεῖ
1012 5598 1295 5666 Ῥωμαίων
1342 5598 1638 5667 γημαμένη
1669 5614 1681 5627 ’
1716 5598 1840 5666 ἄρτι

266 5696 367 5764 τὴν
403 5692 678 5762 βασιλείαν
709 5692 846 5761 μετά
876 5690 974 5760 τὴν
997 5688 1091 5741 τοῦ
1115 5690 1319 5757 πατρὶς
1351 5689 1610 5758 τελευτὴν
1647 5707 1840 5759 παρειο

265 5786 482 5857 ληφότι,
514 5785 581 5839 τὰ
620 5784 675 5837 δὲ
720 5783 855 5856 μετά
906 5781 1077 5835 ταῦτα
1109 5782 1208 5836 οὐκ
1239 5781 1455 5852 ἀμιγεῖς
1485 5783 1540 5835 αἱ
1592 5784 1836 5851 εὐτυχίαι

2026 5322 2163 5379 ιιυίο
2216 5335 2412 5379 nostra:
2438 5324 2652 5393 quidem
2685 5325 3015 5393 imperatrici
3047 5324 3193 5380 felici
3230 5338 3359 5379 casu
3385 5323 3523 5377 obti-

1952 5418 2030 5487 git
2082 5427 2140 5473 ut
2182 5418 2339 5472 bonis
2396 5418 2573 5484 iisque
2628 5418 2899 5473 nobilibus
2954 5424 3235 5486 procreata
3286 5415 3524 5486 parenti-

1950 5510 2053 5565 bus
2098 5509 2439 5565 Romazorum
2484 5512 2801 5580 imperatori
2850 5524 3046 5579 genere
3098 5508 3349 5564 nobiliori
3399 5518 3524 5563 nato

1951 5604 2217 5668 nuberet;
2256 5604 2347 5674 qui
2376 5604 2517 5672 patri
2550 5605 2805 5660 defuncto
2837 5603 3125 5670 successit,
3154 5602 3319 5672 inque
3354 5619 3522 5668 regno

1948 5708 2049 5748 suo
2090 5709 2213 5750 cum
2278 5695 2423 5749 varia
2469 5694 2684 5748 fortuna
2746 5693 2960 5765 luctans
3016 5692 3326 5748 invasiones
3391 5692 3522 5745 Bar-

1946 5784 2197 5842 barorum
2246 5802 2307 5843 ac
2357 5784 2705 5843 obsessioncs
2747 5781 2957 5839 urbium
2999 5791 3249 5843 expertus
3285 5793 3367 5841 est
3411 5798 3518 5839 non
