3918 6452
343 259 477 322 1005
561 283 564 287 λ

1012 261 1312 322 CONTRA
1349 260 1773 322 SCIIOLARII
1817 260 2378 322 DEFENSIONEM
2408 263 2939 327 ARISTOTELIS.

3470 265 3602 332 3006

338 376 530 444 ἔχοντα
565 373 730 425 αὐτοῦ
766 375 822 426 ἐν
857 392 918 442 γε
949 377 1060 437 τοῖς
1087 375 1311 444 φαύλοις
1344 375 1439 429 καὶ
1469 377 1723 445 σμικροῖς
1743 375 1832 428 διὰ
1853 375 1914 428 τὸ
1947 386 1988 439 Α
2018 379 2166 442 νείας
2219 381 2516 454 ἀλλοτριῶν
2547 384 2702 453 δῆλός
2750 384 2918 448 ἐστιν,
2973 382 3092 454 ἦτοι
3141 381 3452 436 παντάπασι
3501 384 3602 453 τὴν

337 467 432 535 τῆς
466 466 708 528 διανοίας
741 467 907 520 αὑτοῦ
941 471 1076 538 πρδς
1100 469 1231 534 γοῦν
1261 469 1328 520 τά
1354 467 1582 522 τοιαῦτα
1602 467 1913 538 ὀξυδερκὲς,

337 559 381 611 εἰ
424 559 516 610 καὶ
549 560 683 629 προς
744 561 811 612 τά
848 561 1021 631 μείζω
1069 561 1408 630 ἀμϐλυωπὸν
1431 578 1444 592 ·
1482 563 1564 614 ὅτι
1617 561 1661 613 δ’
1691 563 1918 632 ἀνόητόν

337 653 452 704 ἐστι
483 654 542 704 τι
575 653 676 721 μὲν
719 654 881 706 ἕνεκά
909 673 1002 707 του
1035 657 1208 709 ποιεῖν
1235 656 1336 726 τὴν
1377 656 1543 724 φύσιν
1585 656 1919 726 συγχωρεῖν,

337 742 462 796 νοῦν
493 745 537 796 δ’
570 747 708 817 αὐτῇ
737 747 810 818 μὴ
857 748 1174 816 ἐφεστάναι,
1203 748 1424 802 ἐνθένδε
1449 748 1631 818 δῆλον.
1658 748 1740 800 Τά
1764 747 1916 815 τέλη,

336 837 420 904 ἐφ’
451 839 486 890 ὃ.
533 838 642 890 τῶν
684 837 847 906 φύσει
889 840 1231 910 γιγνομένων
1283 839 1493 895 ’έκαστα
1544 841 1708 906 ἵεται,
1736 840 1796 892 οὐ
1825 842 1920 893 καὶ

335 931 438 998 τὴν
492 931 666 1001 ἀρχὴν
703 933 870 996 εὐθὺς
927 935 1210 1004 φυομένην
1241 935 1510 1005 πάρεστιν
1546 937 1756 998 αὐτοῖς,
1801 932 1920 986 ἀλλ’

337 1022 542 1076 ὕστατα
579 1024 751 1095 δήπου
807 1029 1230 1096 παραγίγνεται.
1263 1029 1564 1096 Σκοπῶμεν
1595 1029 1640 1081 δ’
1672 1029 1806 1082 αὐτὸ
1833 1029 1919 1097 ἐφ’

337 1114 454 1176 ἑνὸς
489 1114 663 1171 τοῦδε.
711 1117 788 1187 Τῇ
827 1118 1074 1186 ἀμπέλου
1104 1119 1244 1172 ἕλικι
1276 1119 1426 1176 τέλος
1468 1122 1585 1174 ἐστὶ
1617 1120 1694 1190 τῷ
1727 1121 1918 1191 ἐτέρου

337 1204 508 1270 φυτοῦ
539 1204 760 1276 πτόρθῳ
821 1207 1259 1277 περιελιχθεῖσαν
1293 1211 1490 1281 ἐκείνῳ
1541 1211 1639 1282 τὴν
1677 1211 1922 1278 ἄμπελον

337 1297 599 1364 ἀναδῆσαι
633 1301 708 1370 τῷ
744 1301 922 1371 φυτῷ,
961 1303 1167 1373 ταύτην
1204 1304 1261 1354 ἐν
1296 1307 1409 1368 τοῖς
1448 1307 1636 1373 φυτοῖς
1669 1305 1767 1376 τὴν
1821 1303 1920 1374 φύ-

340 1405 423 1440 σιν
446 1391 730 1460 εἰληχυῖαν
753 1395 1159 1449 έπαλλόκαυλον
1189 1394 1328 1450 εῖναι
1346 1412 1361 1428 ⁶
1395 1397 1592 1451 οὐκοῦν
1625 1399 1703 1469 τῷ
1729 1399 1918 1467 ἐτέρου

339 1479 507 1548 φυτοῦ
539 1484 757 1554 πτόρθῳ
793 1485 892 1554 τὴν
939 1487 1100 1542 ἕλικα
1155 1490 1602 1562 περιελιχθεῖσαν
1657 1493 1922 1563 ἀναδῆσαι

335 1575 436 1645 τὴν
485 1576 733 1646 ἄμπελον
783 1580 910 1633 οὔτε
967 1585 1032 1652 τῇ
1096 1584 1332 1655 ἀμπέλῳ
1374 1587 1641 1658 φυομένῃ,
1675 1585 1799 1640 οὔτε
1855 1589 1920 1656 τῇ

338 1667 480 1721 ἐλικι
508 1671 670 1732 εὐθὺς
699 1672 980 1742 πάρεστιν,
1017 1675 1136 1728 ἀλλ’
1174 1676 1402 1730 ὑστατόν
1433 1696 1496 1746 γε
1530 1681 1920 1750 παραγίνεται.

339 1763 509 1816 Οὐδὲν
547 1765 737 1834 μέντοι
773 1761 938 1839 ἦττον
975 1769 1068 1822 τοῦ
1103 1771 1338 1836 φύεσθαι
1363 1772 1498 1837 ὅλως
1529 1773 1687 1828 ἕλικα
1717 1777 1784 1845 τῇ
1813 1775 1923 1845 ἀμ-

340 1855 488 1926 πέλῳ
517 1859 690 1912 αίτιον
713 1860 928 1914 τελικὸν
970 1864 1001 1933 ἠ
1026 1864 1113 1932 ἐφ’
1144 1864 1316 1932 ἑτέρῳ
1352 1868 1505 1935 φυτῴ
1535 1869 1787 1931 ἁνάδεσις
1823 1870 1922 1922 αὑ-

338 1948 439 2017 τῆς
469 1953 641 2004 ἐστιν.
681 1952 992 2024 Ἀμήχανον
1032 1955 1088 2010 δὲ
1118 1957 1179 2010 τὸ
1217 1958 1444 2027 μηδέπω
1477 1958 1535 2012 ὃν
1571 1959 1694 2031 μηδ’
1721 1961 1780 2013 ἐν
1811 1963 1922 2019 τοῖς

339 2039 459 2096 οὑσι
509 2048 844 2116 τεταγμένον
893 2049 1046 2114 ὄντος
1084 2068 1176 2104 του
1231 2053 1331 2125 ἤδη
1389 2055 1564 2108 αἴτιον
1597 2037 1920 2124 γίγνεσθαιο

339 2127 480 2186 εἶναι
514 2137 621 2205 γάρ
645 2135 727 2190 δεῖ
748 2137 807 2190 τὸ
829 2137 1003 2191 αίτιόν
1023 2156 1118 2194 του
1138 2142 1482 2210 γιγνόμενον,
1517 2143 1640 2212 οὐχὶ
1666 2143 1740 2212 μὴ
1760 2140 1922 2200 εἴναι.

341 2214 716 2296 Προειλῆφθαι
748 2230 859 2301 ἄρα
889 2231 972 2284 δεῖ
1021 2232 1080 2284 ἐν
1113 2251 1217 2287 τινι
1251 2236 1327 2304 νῷ
1375 2235 1472 2304 τὴν
1521 2236 1618 2304 τῆς
1673 2235 1924 2305 ἀμπέλου

339 2319 428 2388 ἐφ’
457 2322 636 2390 ἐξέριρ
664 2324 814 2392 φυτῷ
844 2323 1116 2390 ἀνάδεσιν,
1145 2325 1203 2389 ὃς
1230 2327 1710 2397 αύτῇέπιστατών
1731 2326 1925 2399 ὥσπερ

340 2411 673 2485 δημιουργὸς
719 2417 859 2488 ἀνὴρ
895 2423 1218 2484 σκευαστοῖς
1271 2421 1361 2473 καὶ
1411 2422 1508 2486 τὴν
1538 2422 1694 2476 ἕλικα
1752 2423 1924 2490 αὐτὴν

339 2505 441 2578 τῆς
469 2509 728 2580 τοιαύτης
754 2511 918 2566 ἕνεκα
964 2513 1270 2578 άναδέσεως
1303 2513 1484 2582 φύσει,
1514 2517 1547 2587 ἢ
1580 2517 1676 2568 καὶ
1709 2514 1924 2584 θαυμα-

343 2603 496 2667 σίως,
532 2605 626 2655 ἐὰν
660 2603 758 2672 μὲν
793 2603 962 2673 μηδέν
990 2621 1042 2657 τι
1077 2606 1219 2676 αὐτῇ
1252 2608 1493 2660 τοιοῦτον
1549 2607 1922 2678 παρακέηται,

345 2692 444 2763 οίῳ
496 2696 935 2767 περιελιχθῆναι,
970 2697 1061 2750 ἐπ’
1115 2698 1246 2751 εὐθύ
1307 2717 1422 2762 πως
1455 2701 1709 2768 φαίνεται
1766 2718 1927 2771 φερο-

347 2788 508 2856 μένη,
538 2789 632 2840 ἐὰν
660 2789 715 2840 δὲ
748 2790 982 2859 πτόρθος
1014 2807 1099 2854 τις
1131 2795 1305 2860 παρῇ,
1347 2792 1510 2856 εὐθὺς
1543 2793 1883 2864 περιειλίχθη
1911 2811 1924 2824 ⁸

342 2878 457 2932 οὔτ’
488 2876 581 2932 οὖν
613 2883 710 2950 τὴν
745 2882 904 2937 έλικα
948 2885 1014 2952 τῇ
1063 2884 1295 2955 ἀμπέλῳ
1329 2886 1404 2956 μὴ
1447 2886 1509 2938 οὐ
1540 2886 1730 2941 τούτου
1764 2887 1928 2940 ἓνεκα

343 2972 597 3040 φύεσθαι,
633 2974 780 3038 ὅπως
815 2975 986 3048 ἐτέρῳ
1041 2977 1215 3045 αὐτὴν
1267 2979 1424 3048 φυτῷ
1480 2979 1747 3052 ἁναδήσῃ,
1800 2981 1927 3034 νοῦν

2023 471 2118 525 τοῦ
2152 474 2295 527 θείου
2330 476 2589 546 πρόνοιαν
2614 477 2894 531 ἐκϐάλλων
2916 475 3025 528 τῶν
3052 493 3114 542 γε
3147 474 3530 544 ἀνθρωπίνων,
3564 475 3599 547 ἦ

2023 565 2105 618 ὅτι
2133 565 2416 635 ἐλάχιστον
2435 569 2605 637 αὐτῆς
2625 569 2850 637 λείπων,
2945 567 3036 622 καὶ
3069 569 3125 618 ἐν
3159 566 3284 638 δίκῃ
3317 567 3378 621 τὸ
3412 586 3603 640 μικρο-

2023 656 2183 723 λόγον
2215 657 2381 712 αὐτοῦ
2427 659 2557 728 περὶ
2609 658 2710 726 τῆς
2745 661 2998 730 προνοίας
3031 659 3496 730 διακωμῳδεῖται.
3537 659 3601 712 Οἱ

2029 751 2129 818 μὲν
2159 751 2267 822 γὰρ
2306 752 2459 821 σοφοί
2483 769 2541 806 τε
2591 752 2794 818 πάντες
2839 755 2932 806 καὶ
2963 755 3070 806 τῶν
3092 754 3267 808 ἄλλων
3297 755 3346 808 οί
3391 754 3458 808 τά
3483 753 3607 824 βελ-

2022 843 2122 896 τίω
2157 843 2481 913 φρονοῦντες
2533 845 2749 900 ἆπαντα
2794 848 2914 917 μὲν,
2951 845 3124 900 ὁπόσα
3176 848 3243 900 ἂν
3289 847 3604 916 ἀνθρώποις

2025 937 2366 1007 κατορθοίτο,
2392 940 2459 1008 τῇ
2493 937 2613 1010 θεία
2659 941 2888 1012 προνοίᾳ
2935 942 3216 1010 νέμοντες,
3251 941 3348 1009 τῆς
3377 940 3433 992 δέ
3473 957 3606 1010 προ-

2024 1031 2171 1094 νοίας
2217 1029 2377 1084 τοῦτο
2407 1032 2532 1085 ὅσον
2594 1032 2669 1099 μὴ
2707 1033 2840 1101 παρ’
2875 1033 3022 1102 ἡμᾶς
3074 1032 3211 1102 μηδὲ
3261 1033 3330 1086 δι’
3357 1032 3515 1104 ἡμῶν
3546 1033 3608 1085 τὸ

2025 1123 2325 1195 κατορθοῦν
2350 1124 2484 1193 ἡμῖν
2513 1122 2834 1194 παρέχεται,
2867 1124 3038 1196 τύχην
3079 1141 3140 1176 τε
3173 1123 3469 1184 καλοῦντες
3511 1128 3608 1176 κα)⁸

2026 1213 2182 1268 θείαν
2216 1215 2408 1285 τύχην,
2454 1215 2531 1280 ὡς
2563 1216 2622 1268 οὐ
2659 1216 2790 1286 παρ’
2839 1217 2985 1287 ἡμᾶς
3035 1215 3156 1269 οὐδὲ
3211 1216 3280 1270 δι’
3327 1216 3607 1286 ἡμετέραν

2026 1305 2253 1376 ἀρετὴν,
2285 1305 2421 1359 ἀλλὰ
2451 1306 2540 1360 διὰ
2579 1307 2750 1376 μόνην
2801 1305 2955 1359 θείαν
2988 1305 3052 1376 δὴ
3083 1307 3264 1360 αἰτίαν
3288 1307 3606 1371 ἀπεϐιῖνον,

2026 1397 2176 1464 δῆλοί
2209 1399 2316 1452 εἰσι
2347 1401 2412 1470 τῇ
2450 1399 2569 1469 θεία
2603 1400 2832 1470 προνοίᾳ
2877 1400 2971 1452 καὶ
3005 1397 3104 1470 τὴν
3133 1399 3304 1470 τύχην
3342 1416 3609 1453 συνοικει-

2029 1492 2237 1557 οῦντες.
2273 1495 2657 1566 Ἀριστοτέλης
2693 1495 2737 1548 δ’
2763 1495 2837 1556 ὡς
2862 1497 2962 1566 τὴν
2992 1496 3164 1566 τύχην
3198 1497 3292 1566 τῆς
3319 1495 3414 1548 τοῦ
3457 1495 3604 1547 θείου

2029 1585 2287 1656 προνοίας
2318 1587 2612 1658 ἀλλοτριοῖ,
2646 1588 2740 1641 καὶ
2789 1587 2948 1653 αὐτὸ,
2983 1587 3018 1642 ἃ.
3051 1589 3113 1642 σὺ
3159 1589 3289 1658 περὶ
3317 1587 3497 1658 ψυχῆς
3533 1585 3609 1650 ὡς

2029 1679 2094 1750 δὴ
2117 1680 2485 1734 εὑσεσέπατα
2523 1679 2674 1748 αὑτῷ
2712 1681 2976 1751 εἰρημένα
3005 1682 3063 1734 ἐν
3092 1681 3220 1751 τῇδέ
3256 1699 3351 1734 σου
3379 1683 3443 1752 τῇ
3472 1697 3608 1747 συγ-

2029 1775 2211 1843 γραφῇ
2249 1773 2584 1841 ἐκτέθεισαι,
2607 1773 2780 1844 δηλοῖ,
2816 1791 2834 1824 ι
2885 1772 2942 1826 ἸΙ
2975 1774 3030 1826 δὲ
3079 1773 3216 1844 τύχη
3256 1774 3351 1826 καὶ
3385 1774 3453 1827 τά
3499 1774 3607 1827 ἀπ’»

2027 1865 2197 1935 τύχης
2231 1865 2306 1930 ὡς
2360 1865 2596 1936 ἀληθῶς,
2627 1867 2702 1930 ὡς
2730 1867 2796 1920 ἂν
2846 1867 2999 1938 τύχοι
3058 1867 3308 1937 γίγνεται
3334 1881 3347 1896 ’
3381 1869 3428 1920 εί
3462 1867 3519 1920 δέ
3546 1884 3610 1936 γε

2028 1959 2107 2027 τῷ
2141 1958 2260 2030 Θεῷ
2287 1960 2347 2013 τὸ
2399 1960 2646 2014 τοιοῦτον
2705 1960 3105 2031 ἀπονέμοιμεν,
3167 1961 3372 2030 φαῦλον
3417 1961 3611 2032 κριτήν

2030 2051 2194 2104 αὑτὸν
2223 2053 2526 2124 ποιήσομεν
2550 2053 2582 2124 ἥ
2613 2053 2671 2106 οὑ
2707 2053 2916 2108 δίκαιον
2936 2067 2948 2084 ·
2975 2053 3136 2108 τοῦτο
3169 2054 3216 2108 δ’
3241 2055 3302 2109 οὑ
3333 2057 3614 2127 προσῆκίν

2029 2145 2145 2196 ἐστι
2200 2145 2320 2214 Θεῷ
2369 2144 2472 2212 (2).
2525 2163 2543 2196 ι
2588 2143 2770 2198 Ταῦτα
2826 2143 2934 2218 γάρ
2997 2163 3164 2215 φησιν
3228 2148 3610 2218 Ἀριστοτέλης

2029 2237 2242 2299 ἀγνοῶν
2272 2236 2370 2307 τὴν
2399 2235 2552 2290 θείαν
2585 2237 2954 2310 δικαιοσύνην,
2981 2239 3087 2308 ὅπη
3129 2238 3194 2292 τά
3222 2239 3449 2305 τοιαῦτα
3473 2240 3608 2293 ἐκά-

2031 2351 2141 2405 στῳ
2177 2335 2393 2404 τε-ᾶμα
2421 2335 2477 2396 ἐς
2515 2333 2747 2402 δύναμιν
2777 2334 2843 2384 ἐκ
2890 2333 2985 2385 τοῦ
3025 2334 3225 2396 παντὸς
3269 2335 3335 2405 τῇ
3373 2334 3614 2404 ἁρμονίᾳ

2031 2427 2438 2498 συμφορώτατά
2469 2444 2526 2481 τε
2558 2427 2874 2491 ἀποδίδωσι,
2899 2427 2960 2479 τδ
2995 2429 3088 2481 τοῦ
3115 2429 3236 2479 ὅλου
3272 2425 3358 2480 ἀεὶ
3403 2426 3611 2496 ἀγαθὸν

2031 2521 2124 2575 τοῦ
2149 2523 2242 2574 τοῦ
2277 2521 2478 2590 μέρους
2501 2520 2642 2573 κατά
2667 2519 2725 2573 τὸ
2753 2519 3099 2573 δικα-ότατον
3134 2519 3481 2590 προτιμῶσα.
3511 2521 3613 2574 Δια

2028 2615 2092 2684 δὴ
2127 2615 2298 2668 ταῦτα
2329 2616 2504 2668 πάντα
2537 2614 2632 2688 καὶ
2666 2615 2827 2684 ἡμεῖς
2861 2613 3096 2680 μάλιστα
3140 2614 3231 2667 τὸν
3257 2613 3425 2684 ἄνδρα
3475 2630 3609 2684 προ--

2032 2707 2255 2776 ήγμεθα
2311 2706 2581 2776 ἐλέγχειν,
2631 2706 2719 2758 ἵνα
2773 2707 2845 2775 μή
2889 2725 2973 2770 τις
3009 2706 3242 2779 ’Λϐερόῃ
3269 2705 3612 2774 πειθόμενος,

2030 2799 2220 2870 ὥσπερ
2277 2799 2372 2851 καὶ
2432 2797 2543 2850 τῶν
2592 2796 2730 2867 πρὸς
2793 2797 3036 2866 ἑσπέραν
3075 2799 3122 2850 οἱ
3172 2795 3382 2860 πολλοὶ,
3415 2795 3610 2858 καίὡς

2032 2894 2209 2947 πάντα
2243 2890 2391 2960 σοφῷ
2427 2891 2575 2960 αὑτῴ
2612 2889 2899 2960 προσέχων
2946 2889 3064 2959 ἅμα
3101 2890 3197 2942 καὶ
3232 2889 3342 2940 τῶν
3369 2890 3424 2952 ἐς
3455 2887 3612 2940 ἀθεό-

2031 3005 2172 3056 τητα
2227 2985 2377 3057 αὐτῷ
2437 2981 2726 3054 φερουσῶν
2784 2981 2954 3050 δοξῶν
3017 2981 3158 3054 λάθῃ
3210 2979 3611 3051 ἀναπλησθεὶς,

343 3065 458 3136 ἔχει
491 3067 551 3118 ἐδ
599 3068 676 3138 μὴ
708 3067 916 3134 ἀξιοῦν,
949 3069 1074 3124 οὗτε
1108 3072 1170 3123 τὸ
1230 3074 1306 3142 μὴ
1339 3071 1465 3126 νοῦν
1516 3075 1626 3137 τοῖς
1661 3073 1926 3138 τοιούτοις
1952 3104 1998 3164 c
2032 3081 2150 3135 ἀλλ’
2173 3079 2330 3142 εἰδὼς
2363 3075 2530 3132 αὐτοῦ
2564 3079 2678 3140 τοῖς
2734 3075 3135 3146 συγγράμμασι
3182 3074 3352 3142 συχνά
3401 3073 3502 3140 μέν
3546 3071 3613 3124 τὰ

344 3159 632 3228 ἐφιστάναι
665 3159 778 3231 έχοι
815 3161 880 3216 ἂν
915 3161 1011 3217 καὶ
1060 3164 1302 3219 ὁντινοῦν
1331 3165 1508 3232 λόγον.
1546 3167 1773 3220 Πλάτων
1829 3168 1929 3238 μὲν

344 3252 438 3305 οῦν
468 3253 536 3305 τά
566 3253 680 3324 εἴδη
723 3252 846 3318 νοῦς
887 3255 1058 3309 ποιιτιν
1097 3256 1272 3311 ταῦτα
1315 3259 1602 3328 προσεχεῖς
1643 3258 1928 3330 ἐφίστησιν

345 3342 600 3409 ἑκάστοις
623 3345 732 3400 τῶν
765 3347 930 3415 φύσει
960 3348 1304 3418 γιγνομένων
1333 3347 1458 3412 νοῦς
1479 3365 1494 3380 ο
1527 3350 1699 3420 ἐχρῆν
1728 3351 1784 3404 δὲ
1833 3351 1928 3404 καὶ

355 3436 727 3508 Ἀριστοτέλη,
780 3439 830 3491 εί
885 3438 960 3509 μὴ
1013 3440 1225 3504 τούτοις
1277 3440 1531 3494 ἐϐούλετο
1595 3445 1925 3513 συγχωρεῖν,

339 3529 502 3584 ἄλλον
527 3530 656 3597 γοῦν
689 3548 812 3584 τινα
845 3531 1047 3602 τρόπον
1091 3533 1215 3586 νοῦν
1271 3533 1458 3596 αὐτοῖς
1497 3535 1792 3602 ἐφιστάναι
1834 3535 1929 3588 καὶ

343 3624 420 3694 μὴ
454 3622 628 3686 οὕτως
666 3624 1088 3689 καταγελάστως
1117 3625 1266 3694 αὐτῷ
1307 3625 1468 3680 αὑτὸν
1501 3626 1806 3698 ἰατρεύοντι
1863 3629 1930 3680 τὰ

340 3715 506 3784 φύσει
537 3717 836 3786 γιγνόμενα
867 3718 1109 3781 εἰκάζειν
1129 3717 1228 3788 (Ι),
1261 3719 1395 3789 δῆλα
1415 3719 1479 3789 δὴ
1512 3720 1584 3784 ὡς
1609 3721 1802 3775 οὐδένα
1832 3722 1929 3775 αὑ·

338 3811 454 3871 τοῖς
478 3808 604 3862 νοῦν
629 3809 832 3874 ἔξωθεν
858 3811 1222 3880 ἐφεστηκότα.
1246 3812 1318 3865 Σὺ
1345 3811 1444 3881 μὲν
1478 3809 1573 3866 οὖν
1600 3812 1760 3868 ἄθεον
1785 3815 1929 3883 ἡμᾶς

339 3903 570 3972 φάσκων
634 3905 986 3975 Ἀριστοτέλη
1054 3909 1436 3974 συκοφαντεῖν,
1503 3907 1668 3970 αὐτὸς
1721 3907 1930 3977 μᾶλλον

334 4002 492 4069 ἡμᾶς
521 4003 882 4070 συκοφαντεῖς
905 4017 922 4035 ’
960 4001 1024 4054 οὐ
1055 4002 1167 4072 γάρ
1192 4001 1352 4056 ἄθεον
1375 4002 1540 4070 ἡμεῖς
1576 4000 1928 4072 Ἀριστοτέλη

333 4093 456 4148 οὐτ’
489 4095 702 4164 ἔφαμεν
732 4093 855 4146 οὐτε
886 4094 1090 4164 φαμὲν,
1121 4094 1278 4158 θεοὺς
1307 4094 1447 4158 ὅλως
1473 4094 1549 4163 τῷ
1574 4094 1790 4166 οὐρανῷ
1814 4095 1932 4163 ἐφι-

336 4189 568 4250 στάντα,
626 4187 742 4240 ἀ).λ⁹
775 4189 831 4252 ἐς
871 4187 1142 4256 ἀθεότητα
1194 4185 1356 4240 αὐτὸν
1386 4187 1702 4241 ἀποκλίνειν
1749 4188 1932 4257 φαμέν

336 4299 402 4336 τε
454 4281 547 4334 καὶ
577 4281 790 4351 ἔφαμεν
847 4282 943 4335 καὶ
977 4281 1122 4350 μάλα
1177 4281 1237 4333 ἐν
1276 4280 1425 4351 δίκῃ.
1467 4279 1528 4335 Ὀ
1559 4281 1669 4350 γὰρ
1712 4281 1930 4352 πρῶτον

346 4375 448 4444 μὲν
474 4374 564 4426 τὸν
598 4373 737 4427 θεῶν
772 4373 881 4427 τῶν
912 4367 1090 4427 ἄλλων
1123 4372 1433 4443 ἡγούμενον
1457 4373 1591 4428 Θεὸν
1621 4373 1681 4426 οὑ
1717 4375 1809 4428 καὶ
1859 4375 1926 4446 τῇ

2036 3174 2284 3245 μοχθηρά
2344 3168 2901 3240 ἐγκαταμεμιγμὲνα,
2959 3167 3058 3220 οὑκ
3106 3167 3264 3236 ὀλίγα
3312 3165 3370 3220 δὲ
3407 3162 3500 3218 καὶ
3542 3164 3613 3217 τά

2032 3267 2268 3337 χρηστὰ,
2306 3265 2378 3318 τὰ
2402 3263 2615 3335 χρηστά
2641 3261 2708 3330 δὴ
2737 3259 2912 3317 ταῦτα
2943 3259 3341 3331 ἀναλεγόμενος
3366 3256 3614 3329 φυλάττῃ

2029 3361 2100 3415 τὰ
2133 3360 2310 3430 μοχθη
2323 3357 2411 3429 ρά.

2108 3473 2126 3503 ι
2161 3453 2226 3506 Et
2255 3469 2308 3504 τι
2341 3451 2398 3504 δὲ
2432 3449 2528 3504 καὶ
2580 3448 2698 3502 ἔνια
2737 3447 2845 3500 τῶν
2881 3445 3219 3516 γιγνομένων
3257 3444 3384 3497 ἄνευ
3431 3442 3611 3496 αἰτίου

2031 3545 2321 3617 γίγνεσθαι
2353 3544 2524 3610 λέγει,
2557 3541 2617 3595 τὸ
2647 3541 2747 3612 μὲν
2780 3540 2953 3593 αἴτιον
3001 3537 3146 3592 κατά
3176 3539 3272 3609 τὴν
3301 3537 3618 3606 ὡρισμένην

2034 3641 2268 3700 ἔννοιαν,
2296 3638 2356 3692 τὸ
2381 3639 2438 3692 δὲ
2469 3634 2752 3705 γίγνεσθαι
2778 3634 2916 3687 κατά
2941 3631 3038 3702 τὴν
3067 3631 3328 3702 ὁλοσχερῆ
3363 3630 3457 3684 καὶ
3491 3643 3622 3696 συγς

2033 3731 2340 3804 κεχυμένην
2365 3730 2466 3801 ἤδη
2500 3727 2790 3798 λαμὸάνει.
2834 3745 2854 3778 ι

2106 3827 2278 3880 Ὅταν
2322 3841 2374 3876 τι
2418 3822 2528 3875 τῶν
2574 3818 2981 3890 Ἀριστοτέλους
3009 3815 3422 3886 ὑπολαμϐλνῃς,
3453 3817 3620 3886 ἐχρῆν

2033 3936 2093 3972 σε
2127 3919 2376 3977 σκοπεῖν,
2421 3915 2516 3967 καὶ
2544 3914 2593 3965 εί
2627 3911 2706 3981 τῷ
2735 3908 3084 3978 ὑποκειμένῳ
3118 3909 3224 3978 ὅλῳ
3254 3909 3441 3978 χωρίῳ
3473 3925 3617 3975 συμ-

2034 4011 2209 4064 ϐαίνει
2261 4028 2315 4064 τι
2374 4009 2407 4076 ἠ
2444 4007 2510 4076 σὴ
2543 4004 2833 4074 ὑπόληψις,
2867 4002 2956 4056 ἵνα
2989 4001 3062 4071 μὴ
3104 4003 3287 4054 εἰκαῖα
3323 4002 3496 4068 λέγων
3529 4001 3622 4053 καὶ.

2031 4104 2145 4162 τοῖς
2167 4102 2346 4165 λόγοις
2373 4101 2488 4161 τοῖς
2523 4094 2906 4166 ὑποκειμένοις
2933 4093 3056 4146 κατ’
3085 4093 3238 4146 οὐδὲν
3271 4092 3622 4164 προσαρμότ-

2031 4210 2192 4248 τοντα
2229 4193 2571 4262 ἀσχημονῇς.
2617 4188 2774 4242 Οὕτω
2824 4187 2932 4255 γὰρ
2978 4185 3383 4255 Ἀριστοτέλους
3427 4173 3616 4253 λέγον-

2031 4302 2144 4346 τος,
2194 4301 2213 4335 ι
2243 4285 2480 4336 ’Δτοπον
2513 4281 2570 4334 δέ
2618 4279 2714 4333 καὶ
2764 4278 2824 4332 τὸ
2865 4278 3082 4346 γένεσιν
3114 4279 3288 4330 ποιεῖν
3323 4276 3507 4330 ἀϊδίων
3537 4275 3625 4328 δν-

2032 4397 2142 4432 των
2165 4379 2267 4448 (5),
2309 4397 2328 4429 ι
2367 4379 2431 4430 σὺ
2462 4376 2560 4445 τὴν
2591 4374 2805 4437 γένεσιν
2837 4374 2928 4426 ἐπὶ
2958 4371 3060 4441 τῆς
3092 4370 3349 4443 χρονικῆς
3374 4369 3624 4435 ὑπολαμ-

343 4470 565 4538 θεότητι
601 4467 882 4537 ἐξαίρετον
911 4467 1223 4537 τιθέμενος,
1263 4468 1456 4538 ὥσπερ
1489 4467 1718 4520 Πλάτων
1749 4483 1809 4520 τε
1834 4467 1930 4520 καὶ
1967 4453 2010 4509 ί)
2040 4473 2220 4526 ῦάνων
2245 4470 2340 4524 καὶ
2362 4469 2421 4523 οὐ
2452 4469 2554 4538 τῆς
2583 4465 2707 4520 κατ’
2737 4466 2934 4528 αἰτίαν,
2956 4464 3228 4536 ἠλέγχθης
3259 4463 3335 4532 τῷ
3364 4463 3499 4532 πρὸς
3521 4462 3622 4527 τὴν

341 4563 394 4614 οἰ
422 4563 530 4614 ἀπὸ
561 4563 917 4632 Ζωροάστρου
968 4563 1193 4629 πάντες,
1226 4561 1362 4616 ἀλλὰ
1397 4561 1785 4632 παραπλησίας
1816 4561 1929 4624 τοῖς

343 4656 528 4718 ἄλλοις
558 4654 767 4716 οὐσίας,
800 4653 943 4722 εἴγε
989 4654 1198 4716 πάντας
1231 4670 1290 4706 τε
1337 4652 1601 4715 ὡσαύτως
1639 4653 1838 4716 αὐτοὺς
1861 4650 1930 4704 δι’

344 4749 543 4812 αὐτοὺς
569 4748 728 4810 ὄντας
758 4750 918 4812 ποιεῖ,
948 4748 1200 4800 κάκεῖνον
1225 4745 1585 4816 ἀντιμερίτην
1605 4748 1720 4807 τοῖς
1750 4743 1931 4806 ἄλλοις

346 4841 408 4892 ἐν
433 4841 499 4908 τῇ
532 4838 638 4890 τῶν
673 4837 922 4908 σφαιρῶν
959 4837 1213 4906 διανομῇ,
1252 4836 1444 4890 ἔπειτα
1474 4836 1530 4889 δὲ
1563 4836 1658 4889 καὶ
1705 4834 1806 4904 τῆς
1836 4833 1930 4888 τοῦ

345 4932 582 5002 οὐρανοῦ
619 4931 806 4994 οὐσίας
843 4929 968 4983 οὔτε
1000 4931 1190 4982 τοῦτον
1229 4929 1352 4983 οὔτε
1383 4931 1540 4984 ἄλλον
1569 4929 1761 4982 οὐδένα
1791 4927 1932 4980 θεῶν

346 5028 685 5097 δημιουργδν
739 5027 929 5092 ποιῶν,
965 5025 1158 5096 ὥσπερ
1197 5026 1250 5079 οἵ
1291 5042 1349 5078 τε
1405 5025 1559 5093 σοφοὶ
1609 5025 1809 5086 πάντες
1843 5023 1936 5076 καὶ

347 5123 460 5178 τῶν
516 5123 740 5176 ἰδιωτῶν
793 5123 853 5175 τὸ
888 5121 1169 5184 πλεῖστον,
1203 5125 1338 5191 πρὸς
1388 5121 1444 5173 δὲ
1496 5121 1738 5182 καὶτοῖς
1773 5117 1935 5184 φύσει

349 5219 698 5286 γιγνομένοις
749 5216 964 5278 τούτοις
1013 5217 1208 5268 οὐδένα
1261 5215 1385 5267 νοῦν
1434 5215 1578 5266 θεῖον
1623 5213 1768 5266 κατά
1828 5210 1934 5263 τῶν

351 5307 564 5378 ἀνδρῶν
589 5309 714 5370 τούς
746 5297 1196 5377 θεοσεϐέστέρους
1254 5303 1503 5373 ἐφιστάς,
1534 5305 1563 5354 ὁ
1600 5302 1670 5354 τά
1710 5298 1939 5354 τοιαῦτα

352 5402 569 5455 ἅπαντα
610 5400 782 5453 νοσῶν
840 5400 957 5462 πῶς
1019 5400 1120 5452 οὐκ
1178 5400 1235 5460 ἐς
1289 5396 1556 5466 ἀθεότητα
1619 5393 1935 5448 ἀποκλίνων

351 5495 502 5564 ἐστίς
531 5495 639 5550 Καὶ
688 5497 787 5565 μὲν
825 5494 890 5566 δὴ
933 5495 1028 5549 καὶ
1058 5495 1155 5563 τὴν
1196 5493 1367 5565 τύχην
1397 5496 1495 5564 τῆς
1528 5509 1591 5560 γε
1622 5490 1772 5553 θείας
1807 5505 1940 5560 προ-

429 5705 506 5770 (1)
542 5701 702 5772 I’hys.
743 5716 802 5766 ιι,
833 5700 900 5772 5,
922 5696 975 5752 8.

429 5765 505 5844 (2)
535 5774 606 5829 De
624 5765 754 5826 ἓοειο
786 5786 844 5838 ιι,
878 5771 943 5838 4;
982 5767 1145 5838 Phys.
1180 5781 1244 5830 ιι,
1282 5765 1338 5821 5.

2039 4567 2168 4635 ὃλην
2197 4563 2455 4618 ὑπόθεσιν
2483 4563 2545 4613 οὐ
2584 4538 2885 4630 συμϐαῖνόἶι
2915 4575 2967 4610 τι
2999 4555 3182 4624 λέγειν
3205 4572 3221 4587 ο
3249 4555 3392 4607 οὑτω
3420 4554 3479 4605 τὸ
3507 4553 3628 4624 βου-

2039 4658 2296 4712 λεύεσθαι
2347 4656 2412 4708 σὺ
2458 4655 2550 4707 ἐπὶ
2589 4652 2684 4705 τοῦ
2719 4651 2936 4719 ἀγνοεῖν
2969 4648 3070 4717 μὲν
3102 4646 3287 4716 ζητεῖν
3319 4645 3376 4698 δὲ
3409 4647 3502 4696 καὶ
3534 4645 3628 4696 τοῦ

2040 4753 2175 4816 ὅλως
2222 4748 2537 4816 λογίζεσθαι
2599 4743 3004 4814 ὑπολαμϐάνων
3061 4739 3137 4810 τῷ
3185 4737 3514 4810 ἀναρμόστῳ
3562 4737 3628 4789 αὖ

2043 4843 2326 4900 κάνταῦθα
2375 4841 2511 4911 πρὸς
2546 4840 2636 4891 τὶν
2669 4835 3028 4903 ὑποκείμενον
3067 4833 3226 4901 λόγον
3256 4831 3627 4902 ἐξελήλεγξαι.

2057 4937 2219 4990 Ἀλλὰ
2249 4933 2423 4987 ταῦτα
2456 4933 2554 5002 μὲν
2577 4933 2677 5001 τήν
2713 4945 2771 4980 τε
2819 4929 3036 4996 γένεσιν
3067 4927 3127 4979 τό
3165 4941 3225 4978 τε
3277 4923 3634 4994 βουλεύεσθαι

2045 5033 2103 5084 ἐν
2128 5030 2240 5082 ἔθει
2265 5028 2394 5081 ὄντα
2422 5024 2516 5078 καὶ
2541 5023 2817 5093 πλεοναχῆ
2838 5021 3091 5088 λέγεσθαι
3114 5019 3266 5072 οὐδὲν
3290 5017 3634 5088 θαυμαστὸν,

2045 5127 2094 5179 εἰ
2132 5123 2207 5186 ὼς
2240 5120 2456 5191 έρμαίῳ
2490 5120 2554 5172 σὺ
2618 5115 2928 5188 περιτυχὼν
2975 5117 3040 5185 τῇ
3098 5113 3412 5183 ὁμωνυμία,
3569 5111 3633 5160 σὺ

2046 5217 2157 5288 ῷου
2182 5215 2319 5286 πρὸς
2346 5213 2437 5265 τὸν
2468 5213 2624 5279 λόγον
2652 5229 2701 5262 τι
2727 5209 3110 5278 λυσιτελήσειν
3134 5203 3544 5274 ὑπελάμὸανες,
3571 5202 3633 5253 οὐ

2049 5306 2414 5381 συνεωρακὼς
2447 5305 2556 5359 ἀπὸ
2587 5304 2905 5367 ἀσυνεσίας,
2933 5301 3007 5365 ὡς
3051 5300 3128 5368 τῷ
3169 5315 3232 5366 γε
3266 5297 3327 5350 οὐ
3365 5294 3502 5364 πρὸς
3536 5295 3634 5362 τὴν

2049 5401 2419 5470 ὑποκειμένην
2453 5397 2808 5468 συμῦαίνεντι
2843 5394 3106 5446 ὑπύθεσιν
3151 5389 3340 5460 ἁλὼσῃ
3378 5384 3445 5440 αὖ
3481 5385 3635 5438 οὐδὲν

2051 5495 2203 5563 ὑγιές
2229 5491 2656 5563 ὑπολαμϐάνων.
2697 5487 2918 5544 Ἐνθάδε
2954 5503 3017 5554 γε
3053 5485 3158 5555 μὴν
3187 5482 3249 5536 τὸ
3285 5481 3458 5536 αίτιον
3480 5478 3635 5533 οὐδέ-

2125 5689 2200 5760 ('5)
2228 5687 2466 5758 Metaph.
2503 5701 2619 5754 xm,
2653 5686 2720 5756 ὃς
2750 5684 2824 5740 De
2845 5682 2960 5738 c021.
2997 5697 3060 5750 ιι,
3087 5681 3140 5735 ’5.
