3918 6452
198 302 302 368 1061

1175 297 1675 358 LAMENTATIO
1701 298 1796 357 DE
1835 293 2059 356 CPOLI
2085 294 2339 355 CAPTA.

3257 284 3398 346 1062

192 419 414 487 κημούμενα
443 414 628 484 μόνον,
671 414 809 470 ἀλλὰ
862 415 955 468 καὶ
1004 416 1064 468 τὸ
1096 411 1257 482 σῶμα
1289 413 1581 476 κόπτοντα,
1621 412 1710 467 καὶ

1817 409 2196 467 acerbissima.
2249 407 2383 462 Nam
2416 405 2636 461 visurus
2688 414 2804 462 erat
2843 413 2990 460 certe
3039 403 3151 469 illa,
3187 418 3308 473 quae
3343 413 3396 455 et

188 510 369 577 μυρίαις
426 507 557 560 αὐτὸ
605 504 1008 576 ταλαιπωρίαις
1060 502 1566 567 καθυποὸἁλλοντα,
1622 503 1716 556 νύ-

187 618 304 670 κτωρ
326 599 408 653 καὶ
443 598 786 669 μεθημέραν.
813 597 888 653 Οὐ
919 598 984 668 δὴ
1011 597 1194 668 θρηνῶ
1225 614 1328 667 μου
1356 596 1445 648 τὸν
1475 597 1712 667 πατέρα,
1753 612 1758 615 ‘

184 688 279 759 ἅμα
308 689 392 759 μὲν
432 687 652 757 πατρίδι
701 685 1101 753 συνεαλωκότα,
1153 687 1249 739 καὶ
1303 685 1512 740 δούλιον
1558 682 1715 758 ἦμαρ

184 783 350 844 ἰδόντα,
372 782 672 850 ποιητικῶς
707 780 904 843 εἰπεῖν,
939 778 1056 848 ἅμα
1099 779 1155 832 δὲ
1193 782 1260 849 τῇ
1311 778 1562 850 αἰσθήσει
1612 779 1711 846 τῆς

181 875 406 943 ἀδοκήτου
462 873 555 926 καὶ
593 872 988 943 χαλεπωτάτης
1027 871 1241 941 ἐκείνης
1274 871 1518 934 δουλείας
1555 872 1715 924 πολε-

183 967 266 1039 μίᾳ
316 966 449 1036 χειρὶ
491 965 551 1017 τὸ
616 963 718 1034 ζῇν
768 963 1186 1030 ἀπολελοιπότα,
1221 963 1358 1035 πρὶν
1419 961 1527 1016 τῶν
1577 962 1716 1032 μετά

176 1057 324 1111 ταῦτα
355 1059 547 1125 πεῖραν
581 1057 771 1110 λαϐεῖν
821 1057 1034 1120 δεινῶν,
1081 1056 1366 1124 ἑπομένων
1412 1055 1626 1108 πολλῶν
1657 1072 1713 1108 τε

176 1152 256 1203 καὶ
286 1149 547 1219 μεγάλων·
592 1147 728 1202 ἀλλά
761 1149 856 1202 καὶ
887 1147 1242 1220 παραμυθίας
1281 1147 1412 1202 αὐτὸ
1441 1148 1506 1218 δὴ
1554 1149 1716 1203 τοῦτο

180 1243 402 1310 ποιοῦμαι
426 1221 682 1294 ὑπόθεσιν
709 1243 767 1294 ὲν
798 1241 917 1303 ταῖς
946 1239 1362 1310 κατειληφυίαις
1389 1242 1539 1311 ἡμᾶς
1576 1258 1716 1311 συμ-

177 1335 358 1403 φοραῖς.
387 1335 448 1386 Εἰ
478 1333 532 1386 δέ
555 1351 633 1404 τῳ
663 1333 861 1402 πικρὸν
889 1335 1036 1387 δοκεῖ
1088 1334 1148 1389 τὸ
1184 1334 1277 1405 βίᾳ
1305 1334 1403 1403 τῆς
1429 1335 1716 1404 παρούσης

176 1426 297 1495 ζωῆς
322 1425 645 1497 ὑπεξελθεῖν,
666 1423 830 1498 [forte
860 1424 1186 1498 πολεμίους]
1205 1426 1476 1495 πολεμούς
1498 1443 1558 1479 τε
1587 1426 1715 1479 ἰδεῖν

175 1517 522 1586 ἐσπασμένους
559 1516 856 1588 μαχαίρας,
901 1515 1121 1586 φονικὸν
1167 1517 1266 1570 καὶ
1318 1516 1580 1578 πνέοντας
1619 1517 1716 1570 καὶ

173 1611 403 1678 ὁρῶντας,
423 1610 518 1661 καὶ
537 1610 751 1678 πληγάς
772 1609 1128 1677 ἐντείνοντας,
1152 1609 1184 1679 ἢ
1209 1610 1347 1664 κατά
1363 1610 1470 1664 τῶν
1486 1628 1714 1682 καιριω-

171 1703 344 1768 τάτων,
377 1702 466 1756 ἵνα
487 1702 552 1773 δὴ
580 1702 772 1756 θᾶττον
793 1703 1036 1774 ἀπολίπῃ
1075 1703 1134 1756 τὸ
1161 1703 1260 1774 ζῇν
1287 1705 1316 1757 δ
1345 1704 1714 1776 πληττόμενος

1819 499 1942 554 aliis
2000 497 2332 563 acciderent,
2363 506 2415 551 et
2447 497 2494 552 ei
2523 497 2626 565 ipsi
2657 495 2980 552 sustinenda
3018 494 3274 559 fuissent,
3301 509 3390 547 su-

1819 591 1932 648 bito
1992 590 2046 645 itt
2075 600 2282 644 tantam
2307 589 2430 643 vita:
2450 588 2938 643 commutationem
2976 586 3344 656 pramipitatns
3376 601 3390 639 τ

1817 700 1938 755 qua;
1970 683 2106 738 mala
2131 698 2238 737 non
2271 683 2336 736 ad
2365 682 2610 736 animum
2642 682 2818 736 solum
2858 687 3182 750 perventura
3209 688 3392 739 erant,

1816 776 1912 833 sed
1939 790 2143 845 corpus
2186 775 2348 830 etiam
2377 773 2666 839 alllictura,
2700 784 2753 828 et
2781 771 3086 827 innumeris
3132 769 3391 824 (erumnis

1817 873 2156 942 subiectura,
2179 870 2344 941 idque
2378 869 2494 924 dies
2529 876 2582 922 et
2611 876 2819 921 noctes.
2856 864 2974 920 Non
3003 862 3167 936 igitur
3204 862 3389 940 lugeo,

1817 965 2064 1036 inquam,
2107 973 2313 1034 patrem
2348 976 2550 1026 meum,
2573 958 2718 1028 quod
2755 973 2859 1012 una
2895 957 3110 1026 quidem
3143 971 3265 1009 cum
3301 969 3393 1024 pa-

1818 1057 1919 1114 tria
1942 1065 2156 1126 captus,
2180 1051 2460 1110 servitutis
2483 1052 2696 1107 initium
2722 1048 2950 1105 viderit:
2983 1047 3165 1102 statim
3186 1052 3391 1110 autem,

1818 1160 1875 1205 ut
1944 1149 2277 1217 inepinatam
2338 1145 2485 1200 illam
2547 1143 3003 1211 durissimamque
3066 1139 3392 1196 servitutem

1816 1257 1980 1300 sensu
2017 1239 2282 1311 percepit,
2322 1237 2505 1293 hostili
2539 1235 2719 1306 gladio
2777 1235 3142 1305 interemptus
3201 1232 3389 1298 fuerit,

1817 1333 2134 1404 priusquam
2161 1338 2490 1387 consecutas
2511 1329 2710 1384 exinde
2729 1341 3003 1382 aerumnas
3022 1325 3390 1397 experiretur,

1817 1427 2016 1482 multas
2045 1438 2100 1481 et
2137 1439 2363 1493 magnas
2396 1439 2412 1478 :
2444 1422 2538 1477 sed
2594 1422 2696 1477 hoc
2723 1421 2840 1491 ipso
2861 1461 2874 1482 ,
2906 1435 3007 1490 pro
3065 1428 3392 1487 argumento

1815 1516 2206 1574 consolationis
2230 1523 2375 1580 utor,
2406 1515 2534 1570 dum
2558 1514 2623 1569 ad
2654 1513 3085 1584 magnitudinem
3113 1512 3394 1567 involven-

1820 1610 1957 1665 tium
1989 1625 2092 1665 nos
2121 1608 2494 1665 calamitatum
2551 1606 2784 1677 respicio
2855 1603 3008 1672 Quod
3036 1606 3082 1660 si
3115 1605 3202 1660 cui
3231 1620 3390 1660 acer-

1816 1703 1942 1758 butn
1976 1701 2210 1764 videtur,
2239 1699 2475 1754 violenta
2503 1707 2679 1753 morte
2708 1713 2775 1754 ex
2809 1697 2911 1753 hac
2945 1697 3054 1752 vita
3088 1698 3390 1762 discedere,

170 1794 196 1863 ἢ
228 1793 320 1846 τῶν
346 1787 501 1864 ἦττον
527 1792 807 1860 τοιούτων,
834 1792 900 1847 ἵν’
933 1795 1189 1849 ὲπιπλέον
1229 1795 1619 1866 αἰσθανόμενος
1647 1795 1709 1850 τὸ

1811 1809 1936 1850 cum
1966 1793 2149 1849 hostes
2169 1792 2350 1848 videat
2399 1791 2597 1862 aliquis
2653 1791 2866 1847 eductis
2925 1790 3146 1861 gladiis,
3186 1778 3388 1845 caedem

167 1886 417 1956 θνήσκειν,
445 1885 835 1958 ὀδυνηρότερον
865 1888 1086 1956 γίνοιτο,
1117 1887 1527 1958 φιλανθρωπίας
1561 1891 1660 1960 μὲν
1682 1892 1710 1943 ὁ

167 1977 377 2041 τοιοῦτος
399 1978 679 2049 λογισμὸς,
711 1979 805 2033 καὶ
828 1980 917 2032 τὸν
947 1979 1174 2034 τοιαῦτα
1205 1979 1592 2049 διανοούμενον
1608 1981 1710 2050 τῆς

166 2072 286 2142 πρὸς
315 2071 404 2143 τήν
426 2071 588 2138 φύσιν
641 2071 973 2143 ἀποδέχομαι
1009 2073 1381 2142 συμπαθείας.
1418 2074 1492 2128 Τὸ
1523 2075 1708 2141 μέντοι

161 2165 251 2217 οὐκ
295 2164 538 2234 ἄμισθον,
566 2164 674 2218 οὐδ’
726 2165 954 2237 ἀκερδὲς
1014 2165 1109 2220 τοῦ
1165 2168 1414 2221 τοιούτου
1452 2167 1708 2234 θανάτου,

160 2256 337 2322 πείθει,
377 2256 450 2328 μὴ
495 2257 696 2326 μᾶλλον
741 2257 1029 2329 ὀδύρεσθαι
1077 2257 1271 2326 ταῦτα,
1318 2258 1350 2329 ἢ
1400 2261 1589 2327 πράιυς
1623 2261 1713 2330 φέ-

160 2367 283 2418 ρειν,
313 2343 452 2425 ᾗπερ
494 2349 642 2413 εἰκὸς
682 2349 1078 2421 μεταχωρῆσαι
1117 2351 1211 2405 τὸν
1236 2350 1381 2406 οὕτω
1413 2352 1512 2422 τῆς
1562 2353 1711 2420 ζωῆς

158 2442 483 2495 ὑπεκστάντα
529 2440 934 2513 διανοούμενον,
973 2443 1066 2497 καὶ
1109 2444 1380 2514 μάλιστα,
1413 2445 1462 2498 εί
1506 2445 1708 2514 μετιὼν

154 2533 437 2606 ἐτύγχανεν
496 2536 700 2605 ἀρετήν
741 2536 837 2588 καὶ
868 2536 997 2607 παρ’
1039 2536 1159 2591 ὅλον
1189 2536 1280 2591 τὶν
1313 2537 1464 2608 αύτῷ
1505 2555 1710 2609 μετρη-

155 2627 307 2679 θέντα
346 2627 458 2695 βίον
502 2627 669 2697 αὐτὴν
718 2627 866 2697 αὐτῷ
922 2627 1394 2698 προστησάμενος.
1437 2626 1561 2692 Οἷός
1617 2646 1709 2700 μοι

152 2718 176 2768 ὁ
207 2716 378 2784 πατὴρ
418 2715 589 2798 μυρία
617 2715 968 2786 συνεσχηκὼς
991 2717 1185 2787 ἀρετῇ,
1222 2719 1315 2770 καὶ
1345 2718 1487 2787 μετά
1507 2718 1711 2789 ταύτης

147 2808 447 2862 ἀποθανὼν.
481 2807 657 2861 Πολλά
685 2809 742 2862 δὲ
768 2808 917 2878 αύτῷ
943 2809 1041 2879 τῆς
1066 2810 1268 2880 ἀρετῆς
1295 2811 1362 2865 τά
1396 2812 1706 2883 μαρτύρια,

148 2898 371 2961 καὶτοῖς
409 2897 569 2952 αὐτὸν
593 2898 757 2953 εἰδόσι
802 2899 1059 2968 γνώριμα
1101 2899 1297 2954 πάντα.
1333 2902 1443 2956 Καί
1477 2919 1566 2972 μοι
1601 2919 1704 2956 πε-

144 2988 358 3056 ρίεργον
379 2987 815 3058 ἀπαριθμείσθαι
855 2988 1031 3043 πάντα
1063 2990 1163 3044 ὅσα
1196 3007 1253 3043 τε
1286 2991 1343 3044 ὲν
1397 3008 1707 3063 πτωχοτρο-

139 3080 307 3147 φίαις,
332 3078 432 3132 ὃσα
461 3081 518 3133 ὲν
545 3079 778 3152 ὑποδοχῇ
829 3082 1022 3149 ξένων,
1065 3083 1382 3155 συμπαθείᾳ
1407 3084 1703 3155 δεομένων,

138 3173 229 3224 καὶ
286 3172 427 3241 άπερ
476 3171 660 3236 ἁπλῶς
693 3173 786 3226 τὸν
839 3175 1106 3245 ἐλεήμονα
1152 3176 1574 3247 χαρακτηρίζει,
1613 3181 1707 3233 καὶ

132 3264 363 3327 δίκαιον,
420 3263 803 3336 εὐλαϐουμένῳ
844 3268 904 3320 τὸ
956 3268 1134 3322 δοκεῖν
1165 3270 1232 3323 τά
1261 3272 1438 3324 οίκετα
1486 3271 1704 3343 θαυμὰ‹

130 3354 264 3419 ζειν,
314 3356 362 3408 εί
410 3356 676 3426 πατρικὸν
721 3357 810 3410 διὰ
855 3359 1068 3429 μακροῦ
1101 3361 1428 3432 διεξέλθοιμι
1458 3362 1703 3419 ἔπαινον.

127 3449 258 3518 (Καὶ
285 3443 451 3517 εἶχεν
470 3447 559 3502 ἐτι
584 3447 882 3520 ἐγκώμιον
905 3446 1055 3517 εἶτα,
1084 3452 1176 3507 ὅτι
1223 3455 1419 3523 ἱερεὺς
1444 3451 1520 3526 ἦν
1554 3457 1704 3510 Θεοῦ

122 3540 296 3607 ἄξιος
325 3558 336 3568 ·
366 3542 498 3611 μεθ’
551 3542 608 3610 ἂ,
657 3543 749 3598 ὅτι
807 3546 909 3599 καί
933 3561 1092 3613 τινες
1139 3547 1401 3613 ἀναξίως
1433 3549 1705 3618 ἐτόλμων

119 3633 417 3702 (quidam,
453 3637 551 3690 καί
606 3637 981 3708 λειτουργεῖν
1017 3637 1161 3706 Θεῷ,
1199 3639 1300 3694 καὶ
1339 3640 1593 3711 ἔλεγενο
1638 3643 1702 3697 Ὀ

120 3727 264 3796 πρὸς
295 3728 407 3792 τοῖς
434 3727 616 3792 ἄλλοις
668 3732 990 3800 άτοπήμασι
1049 3731 1266 3796 πολλοῖς
1303 3733 1396 3786 καὶ
1442 3734 1702 3802 μεγάλοις

110 3819 398 3888 ὑπάρξασι
448 3823 589 3887 τότε,
621 3821 773 3875 οὐδὲν
804 3818 988 3894 ἧττον,
1022 3825 1068 3877 εί
1097 3823 1174 3895 μὴ
1207 3827 1299 3878 καὶ
1343 3825 1567 3892 μᾶλλον,
1598 3826 1700 3897 τὴν

107 3911 352 3980 σιδηρᾶν
387 3912 517 3982 ήμίν
543 3912 618 3976 ὡς
669 3914 958 3987 ἀστραπὴν
990 3913 1277 3985 παρώξυνέ
1315 3932 1373 3968 τε
1426 3916 1520 3970 καὶ
1579 3919 1699 3970 ἀνε-

1818 1886 2062 1943 trucibus
2090 1883 2266 1941 oculis
2290 1884 2636 1949 anhelantes,
2670 1892 2724 1939 et
2775 1885 2998 1940 vulnera
3057 1885 3389 1954 inﬂigentes.

1813 1993 1988 2048 eaque
2042 1977 2125 2034 vel
2155 1976 2486 2048 opportunis
2518 1976 2764 2046 partibus
2794 1976 3138 2046 corporibus,
3193 1978 3395 2046 quibus

1813 2070 2112 2140 percussis.
2141 2071 2247 2126 cita
2274 2086 2419 2125 mors
2444 2070 2709 2140 sequitur;
2736 2072 2815 2124 vel
2843 2080 2900 2126 et
2927 2071 3048 2125 aliis
3090 2070 3276 2126 minus
3304 2087 3395 2139 pe-

1815 2163 2089 2229 riculosis,
2132 2170 2190 2217 ut
2252 2178 2451 2219 sensus
2513 2163 2718 2218 doloris
2776 2161 3096 2217 diuturnior
3158 2170 3386 2216 tnortem

1812 2261 2002 2317 aﬂerat
2045 2261 2384 2317 acerbiorem
2447 2261 2863 2321 :humanitatis
2933 2261 3184 2331 equidem
3261 2261 3388 2315 talis

1815 2360 1902 2408 est
1933 2352 2196 2422 cOgitatio
2229 2370 2243 2407 :
2275 2368 2515 2423 eumque
2541 2355 2634 2424 qui
2665 2353 2768 2408 hoc
2803 2353 2986 2408 animo
3040 2363 3146 2420 est,
3198 2351 3386 2415 laudo,

1811 2447 1958 2518 quod
2013 2447 2263 2502 humana:
2299 2455 2509 2502 natura:
2538 2447 3020 2502 commiseratione
3070 2445 3335 2501 adiciatur
3375 2463 3389 2500 :

1810 2538 1904 2594 sed
1929 2548 2131 2601 tamen,
2155 2539 2281 2608 quia
2339 2553 2488 2594 mors
2545 2539 2856 2608 huiusmodi
2916 2554 3019 2593 suo
3067 2539 3290 2608 prazmio
3336 2546 3393 2592 et

1817 2630 1973 2687 lucro
2028 2647 2137 2685 non
2189 2642 2361 2696 caret,
2391 2646 2498 2685 non
2532 2639 2639 2686 tam
2671 2631 2735 2686 ad
2794 2633 3199 2686 lamentandum
3224 2646 3388 2702 quam

1812 2727 1878 2780 ad
1911 2725 2188 2779 moderate
2237 2723 2351 2778 haec
2377 2722 2658 2779 ferendum
2693 2723 2957 2787 adducor,
2993 2723 3121 2776 dum
3173 2738 3384 2778 mecum

1811 2817 2087 2887 perpendo
2147 2816 2513 2872 conditionem
2549 2831 2699 2886 :qua
2750 2815 2879 2870 hinc
2908 2814 3228 2871 discessisse
3257 2831 3389 2886 pro-

1813 2910 1988 2964 babile
2021 2920 2104 2964 est
2127 2924 2250 2965 eum
2281 2909 2371 2978 qui
2395 2910 2476 2965 sic
2510 2911 2675 2964 vitam
2712 2907 2969 2978 reliquit;
3027 2909 3264 2965 maxime
3314 2915 3387 2975 si,

1810 2999 2030 3055 virtutis
2078 3000 2258 3055 studio
2308 3001 2552 3066 deditus,
2611 3017 2731 3057 eam
2774 3002 2876 3058 sibi
2928 3017 3026 3072 per
3062 3011 3235 3058 totum
3269 3005 3395 3058 vitae

1811 3091 2281 3148 suascurriculum
2341 3094 2672 3163 sequendam
2745 3093 2919 3148 duxit.
2979 3093 3126 3150 Talis
3203 3105 3392 3148 autem

1811 3199 1967 3238 meus
2005 3193 2157 3254 pater
2192 3185 2428 3247 exstitit,
2452 3186 2546 3256 qui
2591 3186 2898 3241 indivulsus
2935 3187 3156 3242 virtutis
3213 3197 3390 3242 secta-

1811 3288 1894 3332 tor
1924 3275 2029 3330 fuit
2065 3287 2118 3331 et
2149 3276 2276 3332 huic
2313 3279 2638 3333 immortuus
2667 3286 2770 3332 est.
2801 3278 2990 3349 Itaque
3013 3280 3183 3334 multa
3205 3296 3388 3335 rerum

1808 3369 2163 3423 laudabilium
2203 3369 2530 3424 documenta
2588 3371 2782 3426 dedit:
2819 3383 2947 3427 nota
2995 3372 3122 3438 illis,
3187 3373 3394 3442 quibus

1807 3469 1971 3515 notus
2002 3460 2124 3525 fuit,
2150 3460 2352 3515 omnia.
2376 3461 2485 3516 Nec
2517 3461 2649 3516 mihi
2681 3476 2908 3519 necesse
2929 3473 3034 3530 est,
3061 3477 3392 3517 enumerare

1805 3569 1928 3623 quae
1959 3555 2041 3609 vel
2074 3557 2125 3609 in
2186 3569 2453 3624 pauperes
2499 3557 2768 3626 erogavit,
2835 3556 2915 3611 vel
2946 3556 2998 3609 in
3053 3555 3390 3625 recipiendis

1805 3647 2132 3718 hospitibus,
2180 3647 2807 3719 misericordiaeindigis,
2841 3648 3072 3718 benigne
3101 3647 3233 3704 fecit
3298 3647 3384 3701 vel

1805 3741 1894 3795 illa
1921 3741 2122 3811 quibus
2190 3740 2390 3811 aliquis
2415 3742 2768 3811 cognoscitur
2812 3742 2891 3794 vir
2922 3741 3099 3795 bonus
3130 3750 3186 3795 et
3219 3741 3387 3795 mise-

1805 3834 2000 3888 ricors.
2063 3830 2265 3886 Vereor
2316 3834 2485 3896 enim,
2521 3848 2588 3888 ne
2647 3847 2763 3887 mea
2806 3833 2989 3887 videar
3015 3832 3294 3898 admirari,
3330 3834 3378 3885 si

1805 3939 2064 3995 paternas
2093 3925 2247 3995 Iunga
2280 3925 2530 3978 oratione
2570 3939 2918 3994 percenseam
2956 3925 3165 3979 laudes.
3193 3925 3258 3978 Et
3283 3927 3382 3978 ad-

105 4003 387 4056 στίλὸωσε
425 4005 644 4074 ράὀδον,
681 4007 773 4059 ἐπὶ
805 4007 946 4060 ἔθνει
988 4008 1232 4079 ἀσυνέτῳ
1264 4008 1702 4079 παροργίσαντος

1810 4020 2060 4071 debentur
2082 4017 2237 4087 plura
2293 4019 2346 4070 in
2381 4016 2560 4070 eadem
2589 4017 2833 4086 epistola,
2873 4017 2941 4070 ad
3000 4017 3207 4070 laudem
3235 4017 3390 4071 illius

98 4097 260 4164 ἡμᾶς
294 4097 584 4165 τοῦιΘεοῦ,
621 4100 712 4152 καὶ
739 4099 839 4171 τὴν
866 4100 977 4154 τῶν
1020 4101 1261 4171 ἀνομιῶν
1289 4103 1445 4173 ήμῶν
1477 4103 1701 4157 ὲπίσκε-

1810 4111 1901 4165 υἰνί
1932 4125 1950 4163 :
1985 4119 2064 4173 ut,
2099 4107 2237 4175 quod
2271 4109 2518 4161 sacerdos
2573 4107 2759 4177 fuisset
2817 4106 2923 4160 Deo
2978 4106 3190 4174 dignus.
3249 4106 3388 4160 Huic

94 4186 202 4257 ιζ,ιί
264 4191 655 4259 ἐργασαμένου
708 4194 768 4245 ἐν
819 4192 1095 4263 μάστιξιν,
1133 4193 1614 4266 δτιὲξεκαύθημεν
1641 4197 1699 4250 ἐν

1810 4204 1919 4256 loco
1959 4200 2203 4253 additum
2233 4201 2496 4270 quosdam
2537 4215 2615 4265 se,
2641 4216 2766 4254 cum
2801 4199 2951 4270 digni
3014 4213 3122 4252 non
3174 4209 3382 4264 essent,

91 4282 225 4343 ταῖς
280 4281 612 4353 ἐπιθυμίαις
643 4285 826 4355 ήμῶν,
876 4287 970 4338 καὶ
1023 4285 1347 4356 ἀπέστημεν
1401 4287 1496 4340 τοῦ
1531 4289 1696 4358 μόνου

1810 4295 1855 4347 in
1881 4293 2176 4348 sacerdotii
2206 4293 2527 4363 dignitatem
2561 4294 2880 4363 ingessisse,
2927 4303 2982 4348 et
3044 4307 3199 4346 sacra
3235 4291 3380 4345 cele-

86 4372 417 4442 δυναμένου
445 4375 641 4439 σώζειν
667 4379 836 4448 ἡμᾶς.
863 4377 975 4434 Kal
995 4374 1144 4445 εἶτα,
1170 4380 1321 4449 μετὰ
1341 4380 1408 4434 τὸ
1429 4379 1700 4445 ἐξειπεῖν

1810 4387 2010 4440 υιεδεο.
2049 4385 2151 4460 Ubi
2214 4387 2443 4440 addebat
2484 4403 2502 4441 :
2539 4385 2652 4441 Hoc
2678 4387 2842 4441 etiam
2904 4394 3102 4455 praeter
3149 4386 3254 4438 alia
3287 4387 3388 4438 ah-

83 4465 197 4518 καὶ
234 4465 407 4519 ἄλλα
437 4469 572 4536 περὶ
600 4469 706 4523 τοῦ
740 4471 968 4539 πατρὸς
999 4471 1183 4537 αὐτῷ,
1216 4470 1444 4542 ἐπάτει·

1810 4481 1993 4546 surda,
2029 4496 2154 4550 qua:
2181 4481 2350 4538 multa
2386 4496 2692 4551 magnaque
2725 4491 2854 4536 tunc
2888 4482 3234 4544 exstiterunt,
3269 4493 3380 4532 non

81 4567 288 4620 minus
315 4564 450 4630 illis,
511 4565 622 4620 imo
678 4566 853 4619 multo
910 4567 1107 4636 magis,
1170 4567 1402 4622 ferream
1466 4571 1694 4641 virgam,
1731 4580 1985 4644 tanquam
2019 4577 2218 4646 fulgur,
2248 4578 2304 4632 in
2367 4594 2466 4635 nos
2500 4579 2732 4634 irritavit
2801 4587 2854 4632 et
2907 4578 3196 4633 vibravit:
3269 4584 3388 4630 sto-

72 4663 262 4719 lidam
325 4663 444 4717 Deo
467 4673 682 4731 gentem
750 4661 888 4718 irate
931 4665 983 4717 in
1013 4665 1483 4743 nosimmittente,
1512 4666 1850 4740 ﬂagellisque
1883 4684 2100 4731 nostras
2175 4677 2496 4747 iniquitates
2560 4680 2836 4743 visitante,
2903 4679 3049 4747 quod
3109 4675 3381 4744 cupidita-

73 4762 246 4814 tibus
283 4761 501 4816 nostris
551 4776 957 4824 exarseramus,
993 4761 1064 4816 ab
1128 4760 1332 4831 illoque
1396 4761 1490 4832 qui
1552 4763 1703 4818 solus
1766 4779 2096 4825 conservare
2159 4785 2260 4826 nos
2296 4781 2530 4841 poterat,
2587 4770 2990 4825 defeceramus.
3036 4769 3130 4823 llis
3187 4769 3262 4824 ita
3313 4770 3383 4822 de

59 4865 244 4925 patre
273 4854 462 4921 dictis,
496 4865 545 4909 et
570 4857 690 4908 aliis
717 4855 1076 4925 superadditis
1107 4853 1268 4922 infert
1291 4871 1310 4909 .°

145 4949 434 5002 Ἰόιούτου
465 4949 646 5002 τοίνυν
686 4948 839 5009 ὄντος
871 4965 964 5017 μοι
997 4946 1091 5000 τοῦ
1118 4946 1323 5017 πατρός
1350 4963 1365 4979 ο
1392 4948 1440 5000 εί
1464 4949 1696 5017 σφαγεὶς

53 5042 287 5113 ᾤχετο,
365 5045 417 5095 εί
467 5042 676 5112 ἄταφος
737 5043 1016 5110 ἔρριπται,
1078 5043 1125 5093 εἰ
1176 5042 1253 5111 μὴ
1321 5042 1418 5111 τῆς
1481 5057 1694 5111 νενομι-

48 5137 304 5207 σμένης
341 5135 650 5205 τετύχηκεν
693 5136 869 5199 ὁσίας,
905 5134 952 5186 εί
991 5136 1065 5203 μὴ
1097 5134 1164 5186 τά
1215 5135 1402 5188 είκότα
1429 5135 1692 5206 τεθρήνη-

47 5249 187 5295 ται,
225 5223 516 5298 ταῦτα’δὴ
539 5228 608 5283 τά
630 5227 739 5280 τῶν
771 5227 1110 5297 μικρολόγων
1154 5229 1250 5279 καὶ
1298 5227 1679 5297 μικροψύχων,

41 5329 106 5381 τί
177 5326 304 5396 τῆς
363 5327 516 5389 θείας
563 5326 785 5394 ἐκείνης
840 5323 1020 5394 ψυχῆς
1077 5323 1175 5375 καὶ
1228 5323 1686 5394 μεγαλοψυχίαςς

36 5417 301 5473 Οὔκουν
371 5417 482 5470 οὐδ’
510 5417 711 5488 ἠκουσέ
776 5415 877 5483 μού
915 5432 1021 5479 τις,
1073 5415 1185 5467 οὐδ’
1232 5414 1548 5481 ἀκούσεται,
1593 5415 1686 5468 τὸν

29 5510 331 5565 τοιοῦτον
393 5510 750 5580 ὀδυρομένου,
795 5508 906 5561 οὐδ’
949 5511 1006 5560 ὲν
1059 5505 1220 5577 δεινῷ
1263 5506 1552 5577 τιθεμένου
1595 5510 1688 5561 τὸν

27 5605 280 5673 τρόπον
345 5604 453 5673 τῆς
505 5602 787 5674 τελευτῆς.
836 5601 978 5655 Ἀλλ’
1039 5602 1246 5654 ἐκεῖνον
1270 5601 1369 5671 μὲν
1401 5602 1496 5654 ἐπὶ
1546 5605 1682 5657 πᾶσι

25 5695 330 5766 ἡγοῦμαί
376 5713 434 5748 τε
488 5698 582 5748 καὶ
636 5693 891 5764 ὀνομάζω
950 5696 1242 5764 μακάριον,
1296 5694 1388 5746 καὶ
1454 5696 1678 5764 μνήμης

24 5789 452 5861 μαρτυρικῆς
486 5787 641 5854 ἀξιῶ,
677 5789 850 5852 οὕτως
897 5788 1036 5857 ὑπὲρ
1066 5785 1349 5849 εὐσεϐείας
1397 5787 1678 5841 ἀπολελοι-

1872 4951 2020 5008 Talis
2053 4951 2220 5022 igitur
2262 4966 2386 5006 cum
2460 4950 2590 5004 ntihi
2658 4947 2820 5003 fuerit
2877 4956 3074 5019 pater:
3109 4947 3155 5004 si
3211 4947 3381 5002 etiam

1800 5044 2103 5100 trucidatus
2130 5042 2317 5112 periit,
2359 5044 2404 5096 si
2442 5043 2756 5096 inhumatus
2811 5040 3089 5111 projectus
3133 5040 3256 5106 fuit,
3332 5044 3383 5095 si

1792 5135 1958 5206 justis
2012 5135 2288 5204 exsequiis
2346 5134 2546 5198 caruit,
2587 5132 2634 5188 si
2667 5148 2777 5187 non
2849 5132 2916 5186 de
2948 5147 3099 5186 more
3150 5132 3379 5187 deﬂetus

1794 5238 1898 5294 est,
1933 5228 2063 5298 quid
2095 5227 2231 5292 haec,
2268 5241 2391 5297 quae
2421 5227 2672 5281 homines
2697 5227 2749 5280 in
2785 5227 2966 5297 parvis
3000 5229 3164 5282 rebus
3210 5241 3379 5281 occu-

1792 5324 1928 5394 pati,
1969 5332 2024 5377 et
2059 5321 2255 5391 pusillo
2313 5321 2503 5375 animo
2560 5321 2796 5390 prmditi,
2857 5331 3115 5390 reputare
3176 5321 3379 5384 solent,

1791 5418 1858 5472 ad
1897 5417 2045 5471 illam
2109 5415 2280 5470 divini
2317 5415 2484 5470 animi
2540 5416 2886 5470 altitudinem
2917 5411 3192 5469 attinent?
3225 5415 3359 5479 Qun-

1790 5507 1934 5561 eirca
1972 5520 2071 5560 nec
2101 5504 2288 5560 audita
2313 5514 2398 5560 est
2429 5521 2528 5559 vox
2559 5520 2676 5559 mea
2699 5503 2768 5558 ab
2803 5504 2936 5569 ullo,
2966 5518 3062 5558 nec
3095 5503 3374 5568 audietur,

1792 5599 1940 5653 hunc
1974 5598 2130 5652 talem
2163 5598 2499 5668 deplorantis
2537 5609 2590 5652 et
2651 5598 2899 5650 dolenter
2956 5595 3147 5650 mortis
3199 5611 3376 5664 genus

1787 5689 2034 5746 ferentis.
2069 5691 2349 5756 Quinimo,
2387 5692 2438 5745 in
2481 5690 2566 5744 his
2593 5689 2846 5743 omnibus
2869 5688 3022 5742 illum
3051 5700 3100 5740 et
3122 5687 3380 5742 existimo

1787 5796 1842 5841 et
1872 5787 2096 5840 nomino
2126 5786 2343 5840 beatum
2380 5799 2394 5836 :
2432 5784 2658 5855 parique
2711 5797 2834 5838 cum
2875 5781 3208 5853 martyribus
3258 5796 3373 5837 mc-
