3918 6452
82 303 214 366 εΟδῙ

1116 297 1617 359 LAMENTATIO
1643 298 1738 357 DE
1777 294 2000 356 CPOLI
2026 294 2281 355 CAPTA.

3198 285 3340 346 1062

82 420 356 488 ιιούμενα
385 415 570 486 μόνον,
612 414 750 470 ἀλλά
803 416 896 469 καὶ
945 417 1006 468 τὸ
1037 412 1198 482 σῶμα
1231 414 1523 477 κόπτοντα,
1563 413 1647 467 καὶ

1759 410 2136 467 acerbissima.
2190 407 2325 462 Nam
2358 405 2578 461 visurus
2629 414 2746 462 erat
2785 412 2932 460 certe
2981 403 3093 469 illa,
3129 418 3250 473 quae
3285 413 3338 455 ut

82 511 302 577 ιυρίαις
367 507 499 560 αὐτὸ
547 505 949 577 ταλαιπωρίαις
1002 503 1508 568 καθυποϐἀλλοντα,
1564 504 1658 556 νύ-

82 620 221 671 ;τωρ
251 601 350 653 καὶ
385 599 727 670 μεθημέραν.
754 597 830 653 Οὐ
861 599 926 668 δὴ
953 598 1136 668 θρηνῶ
1167 615 1270 668 μου
1297 596 1386 649 τὸν
1417 598 1654 667 πατέρα,
1695 612 1700 615 ‘

82 707 189 759 ιμα
228 690 332 760 μὲν
374 688 594 757 πατρίδι
643 686 1042 754 συνεαλωκότα,
1095 687 1191 740 καὶ
1245 686 1454 740 δούλιον
1500 682 1656 758 ἦμαρ

82 784 282 845 δόντα,
308 782 614 851 ποιητικῶς
649 781 846 844 είπεῖνυ
881 778 997 849 ἅμα
1041 779 1097 832 δὲ
1135 782 1202 850 τῇ
1253 779 1504 850 αἰσθήσει
1554 779 1653 846 τῆς

82 876 348 943 ιδοκήτου
404 874 496 927 καὶ
535 872 930 944 χαλεπωτάτης
969 871 1182 942 ἐκείνης
1216 872 1460 935 δουλείας
1497 873 1656 924 πολε-

82 967 176 1039 ιίᾳ
241 967 390 1036 χειρὶ
433 966 493 1018 τὸ
558 965 660 1034 ζῇν
710 964 1128 1030 ἀπολελοιπότα,
1164 964 1300 1036 πρὶν
1361 963 1469 1017 τῶν
1519 963 1658 1033 μετά

91 1058 250 1111 αὕτα
289 1059 488 1126 πεῖραν
523 1057 712 1110 λαϐεῖν
763 1057 977 1121 δεινῶν,
1023 1056 1309 1125 ἑπομένων
1354 1056 1567 1110 πολλῶν
1599 1073 1656 1108 τε

82 1153 166 1203 ιαὶ
205 1150 489 1220 μεγάλωνο
534 1147 670 1229 ἀλλά
702 1150 798 1202 καὶ
829 1147 1184 1220 παραμυθίας
1223 1148 1354 1203 αὐτὸ
1383 1149 1449 1218 δὴ
1496 1149 1657 1203 τοῦτο

82 1243 344 1310 τοιοῦμαι
369 1242 624 1294 ὑπόθεσιν
651 1243 708 1294 ἐν
740 1241 859 1304 ταῖς
887 1240 1305 1311 κατειληφυίαις
1331 1243 1480 1311 ἡμᾶς
1518 1259 1658 1311 συμ-

82 1336 294 1404 ›οραῖς.
329 1335 390 1386 Ei
420 1334 475 1386 δέ
497 1352 575 1404 τῳ
605 1333 804 1402 πικρὸν
832 1335 979 1388 δοκεῖ
1029 1335 1091 1390 τὸ
1126 1334 1219 1406 βίᾳ
1247 1334 1346 1404 τῆς
1372 1335 1658 1405 παρούσης

82 1429 220 1495 ’ωῆς
251 1425 587 1498 ὑπεξελθεῖν,
608 1424 772 1499 [forte
803 1424 1128 1498 πολεμίους]
1147 1426 1419 1496 πολεμούς
1440 1443 1500 1480 τε
1528 1426 1657 1480 ἰδεῖν

95 1518 464 1586 σπασμένους
501 1517 798 1589 μαχαίρας,
844 1516 1064 1586 φονικὸν
1110 1518 1208 1571 καὶ
1261 1517 1522 1579 πνέοντας
1561 1517 1658 1570 καὶ

82 1612 345 1679 ηρῶντας,
366 1611 460 1662 καὶ
479 1611 693 1679 πληγὰς
715 1609 1070 1678 ἑντείνοντας,
1094 1609 1126 1680 ἢ
1152 1611 1290 1664 κατά
1305 1610 1412 1664 τῶν
1429 1628 1655 1682 καιριω-

82 1704 279 1769 ’ἀτων,
317 1703 408 1758 ἴνα
429 1703 494 1774 δὴ
522 1703 714 1757 θᾶττον
736 1704 978 1774 ἀπολίπῃ
1017 1704 1076 1757 τὸ
1103 1704 1202 1775 ζῇν
1229 1705 1258 1758 ὁ
1288 1704 1655 1776 πληττόμενος

1760 499 1884 555 aliis
1941 497 2274 563 acciderent,
2304 506 2356 552 et
2389 497 2436 552 ei
2464 497 2567 566 ipsi
2599 495 2921 552 sustinenda
2960 494 3215 559 fuissent,
3242 509 3332 547 su-

1761 591 1874 648 bito
1934 591 1988 645 in
2017 600 2224 644 tantam
2248 589 2372 643 vita:
2391 588 2880 643 commutationem
2918 586 3286 656 prmeipitatns
3317 601 3332 639 τ

1759 700 1880 755 quae
1912 684 2048 738 mala
2073 698 2179 738 non
2212 683 2278 736 ad
2307 683 2552 736 animum
2584 682 2760 736 solum
2799 688 3123 750 perventura
3151 688 3333 739 erant.

1758 776 1854 834 sed
1881 791 2085 846 corpus
2128 776 2289 830 etiam
2319 773 2608 840 atllictura,
2641 784 2694 828 et
2723 771 3028 827 innumeris
3074 769 3333 823 (erumnis

1759 873 2097 942 subiectura,
2121 871 2286 941 idque
2319 869 2436 924 dies
2471 876 2524 923 et
2553 876 2760 921 noctes.
2798 864 2916 920 Non
2945 862 3109 936 igitur
3146 862 3331 940 lugeo,

1759 966 2006 1036 inquam,
2048 973 2255 1034 patrem
2290 976 2492 1025 meum,
2514 957 2660 1028 quod
2697 973 2801 1012 una
2837 957 3052 1026 quidem
3085 971 3208 1009 cum
3243 969 3334 1023 pa-

1760 1058 1860 1114 tria
1884 1066 2098 1126 captus,
2122 1052 2402 1111 servitutis
2424 1051 2638 1107 initium
2664 1048 2892 1105 viderit:
2925 1047 3107 1102 statim
3128 1052 3333 1110 autem,

1760 1161 1818 1206 ut
1886 1149 2218 1217 inopinatam
2280 1146 2427 1200 illam
2488 1142 2944 1210 durissimamque
3008 1139 3333 1195 servitutem

1757 1257 1922 1300 sensu
1959 1239 2223 1311 percepit,
2264 1236 2446 1293 hostili
2480 1235 2661 1306 gladio
2718 1234 3084 1305 interemptus
3143 1231 3331 1297 fuerit,

1759 1333 2076 1405 priusquam
2103 1338 2432 1387 consecutas
2452 1328 2651 1384 exinde
2671 1340 2945 1382 aerumnas
2964 1324 3332 1396 experiretur,

1759 1427 1958 1482 multas
1986 1438 2042 1481 et
2079 1439 2304 1493 magnas
2337 1439 2354 1478 :
2386 1422 2480 1478 sed
2535 1422 2638 1477 hoc
2665 1421 2781 1492 ipso
2803 1461 2816 1482 ,
2848 1434 2948 1490 pro
3007 1428 3334 1487 argumento

1757 1516 2148 1575 consolationis
2172 1524 2317 1581 utor,
2347 1515 2476 1570 dum
2499 1515 2566 1569 ad
2595 1512 3026 1585 magnitudinem
3055 1512 3336 1567 involven-

1762 1610 1899 1666 tium
1932 1625 2033 1666 nos
2063 1609 2435 1665 calamitatum
2492 1607 2726 1677 respicio
2798 1603 2950 1672 Quod
2978 1606 3024 1660 si
3058 1605 3143 1660 cui
3173 1619 3332 1659 acer-

1758 1703 1884 1758 butn
1917 1701 2151 1764 videtur,
2181 1700 2417 1755 violenta
2445 1707 2621 1753 morte
2650 1713 2716 1754 ex
2750 1697 2853 1753 hac
2887 1698 2997 1752 vita
3030 1698 3332 1762 discedere,

82 1815 89 1863 ι
133 1794 252 1847 τῶν
282 1788 443 1866 ἦττον
468 1793 749 1861 τοιούτων,
776 1793 842 1848 ἶν’
875 1795 1132 1850 ὲπιπλέον
1171 1795 1561 1866 αἰσθανόμενος
1589 1795 1647 1850 τὸ

1754 1809 1878 1850 cum
1908 1793 2090 1849 ltosws
2111 1792 2291 1848 videat
2341 1792 2539 1862 aliquis
2595 1791 2808 1847 eductis
2866 1790 3088 1862 gladiis,
3127 1778 3330 1844 eaedem

82 1888 360 1956 ινήσκειν,
387 1887 777 1958 ὀδυνηρότερον
807 1889 1028 1957 γίνοιτο,
1059 1888 1470 1959 φιλανθρωπίας
1503 1891 1602 1961 μὲν
1624 1892 1652 1944 δ

82 1978 320 2042 ποιοῦτος
341 1978 621 2050 λογισμὸς,
654 1980 748 2034 καὶ
770 1981 860 2034 τὸν
889 1981 1117 2034 τοιαῦτα
1147 1980 1534 2049 διανοούμενον
1550 1981 1652 2051 τῆς

82 2073 214 2143 πρὸς
249 2072 346 2144 τὴν
368 2072 530 2139 φύσιν
583 2073 915 2144 ἀποδέχομαι
951 2074 1323 2143 συμπαθείας.
1360 2075 1435 2129 Τὸ
1466 2075 1650 2141 μέντοι

82 2167 171 2218 »ὐκ
227 2165 616 2236 ἀμισθον,οὑδ’
668 2165 897 2237 ἀκερδὲς
956 2166 1051 2220 τοῦ
1107 2169 1356 2221 τοιούτου
1394 2167 1650 2234 θανάτου,

82 2258 275 2323 τείθει,
319 2257 393 2328 μὴ
437 2258 638 2328 μᾶλλον
683 2258 972 2330 ὀδύρεσθαι
1020 2258 1213 2327 ταῦτα,
1260 2258 1292 2330 ἦ
1343 2261 1531 2328 πράιυς
1565 2260 1656 2330 φέ-

82 2369 215 2417 ιειν,
249 2345 394 2426 ᾗπερ
437 2349 585 2414 εἰκὸς
624 2350 1020 2422 μεταχωρῆσαι
1059 2351 1153 2406 τὸν
1179 2350 1324 2406 οὕτω
1356 2352 1454 2422 τῆς
1505 2353 1653 2420 ζωῆς

82 2443 426 2496 ιπεκστάντα
472 2441 876 2514 διανοούμενον,
916 2443 1008 2497 καὶ
1063 2444 1322 2514 μάλιστα,
1355 2445 1404 2498 εί
1448 2445 1650 2515 μετιὼν

82 2534 380 2607 ητύγχανκεν
438 2537 643 2606 ἀρετὴν
684 2537 780 2589 καὶ
810 2536 939 2607 παρ’
981 2537 1101 2592 ὅλον
1132 2537 1223 2591 τδν
1256 2537 1406 2608 αὐτῷ
1447 2555 1653 2610 μετρη-

82 2629 244 2680 ιέντα
287 2628 400 2696 βίον
445 2627 612 2697 αὐτὴν
660 2628 808 2698 αὐτῷ
864 2628 1337 2699 προστησάμενος.
1379 2626 1504 2692 Οἷός
1560 2646 1652 2700 μοι

82 2745 87 2765 .
126 2717 320 2785 πατὴρ
360 2716 532 2786 μυρία
559 2715 910 2787 συνεσχηκὼς
934 2717 1127 2787 ἀρετῇ,
1164 2719 1258 2770 καὶ
1287 2719 1430 2788 μετὰ
1450 2718 1653 2789 ταύτης

82 2809 390 2862 ιντοθανὼν.
424 2789 599 2861 Πολλὰ
627 2809 684 2862 δὲ
711 2809 859 2879 αὐτῷ
885 2809 983 2879 τῆς
1009 2811 1210 2881 ἀρετῆς
1237 2811 1305 2865 τά
1338 2812 1648 2882 μαρτύρια,

82 2900 166 2952 ιαὶ
199 2899 313 2961 τοῖς
352 2898 512 2953 αὐτὸν
536 2898 699 2953 εἰδόσι
744 2899 1002 2969 γνώριμα
1043 2900 1239 2954 πάντα.
1276 2903 1385 2956 Καί
1419 2919 1508 2972 μοι
1543 2919 1646 2956 πε-

82 2990 299 3057 ,ίεργον
321 2987 758 3058 ἀπαριθμείσθαι
797 2989 974 3043 πάντα
1006 2991 1106 3044 ὅσα
1139 3007 1196 3043 τε
1228 2991 1286 3044 ὲν
1339 3008 1649 3063 πτωχοτρο-

82 3083 249 3145 ;ίαις,
274 3079 374 3133 ὅσα
404 3082 460 3133 ἐν
487 3080 721 3152 ὑποδοχῇ
771 3082 964 3149 ξένων,
1008 3083 1324 3155 συμπαθείᾳ
1349 3084 1645 3155 δεομένων,

82 3175 160 3225 εαὶ
227 3173 369 3242 ἀπερ
419 3171 603 3236 ἁπλῶς
636 3173 728 3226 τὸν
781 3175 1048 3244 ἐλεήμονα
1095 3176 1516 3247 χαρακτηρίζει,
1556 3181 1650 3233 καὶ

82 3267 306 3327 ιίκαεον,
362 3263 745 3336 εὐλαϐουμένῳ
786 3268 846 3321 τὸ
899 3269 1076 3322 δοκεῖν
1108 3270 1175 3323 τὰ
1203 3272 1380 3325 οίκεῐα
1428 3271 1646 3343 θαυμά-

82 3360 202 3420 ἐιν,
257 3356 304 3408 εί
353 3356 618 3426 πατρικὸν
663 3357 753 3410 διά
797 3359 1011 3429 μακροῦ
1044 3361 1371 3431 διεξέλθοιμι
1400 3362 1645 3418 ἔπαινον.

82 3451 196 3504 Καὶ
227 3443 392 3518 εἶχεν
413 3447 502 3502 ἔτι
527 3447 822 3520 ἐγκώμιον
847 3447 998 3517 εἶτα,
1027 3452 1118 3508 ὅτι
1165 3454 1362 3523 ἱερεὺς
1387 3451 1462 3526 ἦν
1496 3457 1646 3511 Θεοῦ

82 3543 239 3608 ῐξιος
268 3559 280 3569 ·
309 3543 440 3612 μεθ’
493 3543 552 3610 d,
600 3544 692 3598 ὅτι
750 3547 852 3600 καί
875 3562 1035 3613 τινες
1081 3546 1344 3614 ἀναξίως
1376 3549 1648 3618 ἐτόλμων

82 3635 360 3704 δρᾶσθαι,
396 3637 494 3690 καί
548 3638 924 3708 λειτουργεῖν
960 3638 1104 3706 Θεῷ,
1142 3640 1243 3694 καὶ
1283 3640 1535 3711 ἔλεγενο
1580 3643 1644 3697 Ὀ

82 3730 204 3798 ιρδς
238 3729 350 3792 τοῖς
376 3728 559 3793 ἀλλοις
611 3732 932 3800 ἀτοπήμασι
991 3731 1208 3796 πολλοῖς
1245 3734 1339 3787 καὶ
1385 3735 1645 3803 μεγάλοις

82 3821 342 3890 ιπάρξασι
390 3823 532 3888 τότε,
563 3823 716 3876 οὐδὲν
746 3819 930 3895 ἦττον,
965 3825 1011 3877 εί
1039 3825 1117 3895 μὴ
1150 3827 1242 3878 καὶ
1285 3825 1510 3893 μᾶλλον,
1541 3826 1642 3898 τὴν

93 3913 297 3982 ιδηρᾶν
331 3913 460 3984 ἡμῖν
485 3913 561 3977 ὡς
611 3915 900 3988 ἀστραπὴν
933 3914 1219 3986 παρώξυνέ
1258 3933 1315 3969 τε
1369 3917 1462 3970 καὶ
1521 3919 1642 3970 ἀνε-

90 4006 331 4058 τί).6ωσε
367 4005 586 4074 ράΰδον,
623 4007 715 4060 ἐπὶ
747 4007 888 4062 ἔθνει
931 4009 1175 4080 ἀσυνέτῳ
1206 4009 1644 4079 παροργίσαντος

93 4099 203 4166 μᾶς
238 4098 527 4165 τοῦαθεοῦ,
564 4101 654 4153 καὶ
682 4100 781 4172 τὴν
809 4100 920 4154 τῶν
963 4102 1204 4171 ἀνομιῶν
1231 4103 1388 4173 ἡμῶν
1419 4103 1643 4157 ἐπίσκε-

82 4209 147 4242 ιιν
208 4193 598 4261 ἐργασαμένου
651 4194 711 4246 ἐν
762 4193 1038 4264 μάστιξιν,
1075 4195 1156 4247 ὅτι
1182 4194 1556 4266 ὲξεκαύθημεν
1584 4198 1642 4250 ἐν

1760 1887 2004 1943 trucibus
2032 1883 2208 1942 ocu|is
2232 1885 2578 1949 anhelantes,
2612 1892 2666 1939 et
2717 1885 2940 1940 vulnera
2999 1885 3331 1954 inﬂigentes.

1756 1994 1931 2048 eaque
1983 1977 2067 2034 vel
2097 1976 2428 2048 opportunis
2460 1976 2706 2046 partibus
2736 1976 3080 2046 corporibus,
3134 1977 3337 2046 quibus

1756 2070 2054 2140 percussis,
2083 2071 2189 2126 cita
2217 2085 2361 2125 mors
2386 2070 2651 2141 sequitur;
2678 2071 2756 2124 vel
2784 2080 2842 2126 et
2869 2071 2990 2124 aliis
3032 2070 3218 2125 minus
3246 2087 3338 2139 pe-

1757 2163 2031 2229 riculosis,
2074 2171 2132 2217 ut
2193 2177 2393 2219 sensus
2455 2163 2660 2218 doloris
2719 2161 3038 2216 diuturnior
3099 2169 3328 2216 tnortem

1755 2261 1945 2317 aﬂ‘erat
1988 2260 2327 2316 acerbiorem
2389 2260 2805 2321 :humanitatis
2876 2260 3127 2330 equidem
3203 2261 3330 2314 talis

1757 2360 1844 2409 est
1875 2352 2138 2422 cositatio
2171 2370 2185 2407 :
2217 2368 2457 2423 eumque
2483 2355 2576 2423 qui
2607 2353 2710 2408 hoc
2745 2353 2928 2408 animo
2983 2363 3088 2419 est,
3141 2352 3328 2414 laudo,

1753 2446 1901 2518 quod
1955 2447 2205 2502 humana:
2242 2455 2451 2502 natura:
2481 2447 2962 2502 commiseratione
3012 2445 3277 2501 atlieiatur
3317 2463 3331 2499 :

1753 2539 1846 2594 sed
1871 2548 2074 2601 tamen,
2097 2539 2224 2608 quia
2282 2554 2430 2594 mors
2488 2538 2799 2608 huiusmodi
2859 2554 2962 2593 suo
3009 2539 3233 2608 prmmio
3278 2546 3336 2590 et

1759 2630 1915 2687 luero
1971 2647 2080 2684 non
2132 2641 2304 2695 caret,
2333 2646 2441 2685 non
2475 2639 2581 2685 tam
2613 2631 2678 2685 ad
2736 2633 3142 2686 lamentandum
3167 2645 3331 2702 quam

1754 2726 1821 2780 ad
1854 2724 2130 2778 moderate
2179 2723 2294 2778 haec
2319 2722 2599 2779 ferendum
2635 2722 2899 2787 adducor,
2935 2722 3064 2776 dum
3115 2738 3327 2778 meeum

1753 2817 2030 2887 perpendo
2089 2815 2455 2871 conditionem
2491 2831 2642 2886 :qua
2693 2814 2822 2870 hinc
2851 2813 3171 2871 discessisse
3199 2830 3331 2886 pro-

1756 2910 1930 2964 babile
1964 2920 2046 2964 est
2069 2923 2192 2965 eum
2223 2909 2314 2977 qui
2339 2910 2419 2965 sic
2453 2910 2617 2963 vitam
2654 2907 2912 2977 reliquit;
2970 2908 3206 2964 maxime
3257 2915 3329 2974 si,

1752 2999 1973 3055 virtutis
2021 3000 2201 3055 studio
2251 3001 2494 3065 deditus,
2553 3016 2673 3056 eam
2716 3002 2819 3057 sibi
2871 3017 2968 3072 per
3005 3010 3177 3057 totum
3212 3004 3338 3057 vitae

1754 3105 1866 3146 suae
1889 3091 2224 3147 curriculum
2283 3093 2614 3163 sequendam
2688 3093 2862 3147 duxit.
2921 3092 3070 3150 Talis
3145 3105 3334 3148 autem

1754 3199 1910 3238 meus
1948 3193 2100 3254 pater
2135 3184 2370 3246 exstitit,
2394 3185 2489 3255 qui
2533 3185 2841 3241 indivulsus
2877 3187 3099 3242 virtutis
3155 3196 3334 3241 secta-

1753 3288 1837 3332 tor
1866 3275 1971 3330 fuit
2007 3287 2060 3331 et
2091 3276 2219 3332 buic
2255 3278 2581 3333 immortuus
2609 3286 2713 3332 est.
2745 3277 2932 3348 Itaque
2956 3279 3126 3333 multa
3147 3295 3331 3334 rerum

1751 3369 2105 3423 laudabilium
2146 3369 2472 3424 documenta
2530 3370 2725 3425 dedit:
2762 3382 2890 3426 nota
2937 3371 3065 3436 illis,
3129 3371 3337 3441 quibus

1750 3469 1913 3515 notus
1944 3460 2066 3525 fuit,
2092 3460 2294 3515 omnia.
2319 3460 2428 3516 Nec
2459 3461 2591 3516 mihi
2623 3475 2850 3518 necesse
2871 3472 2978 3528 est,
3003 3476 3335 3516 enumerare

1748 3569 1870 3623 quae
1902 3555 1984 3609 vel
2017 3556 2068 3608 in
2129 3569 2396 3624 pauperes
2441 3557 2710 3626 erogavit,
2777 3555 2858 3610 vel
2889 3556 2941 3608 in
2996 3554 3333 3624 recipiendis

1748 3647 2074 3717 hospitibus,
2122 3647 2750 3718 misericordi-.eindigis,
2783 3647 3016 3717 benigne
3044 3646 3176 3703 fecit
3241 3646 3328 3700 vel

1747 3741 1836 3795 illa
1864 3741 2064 3810 quibus
2133 3740 2333 3810 aliquis
2358 3742 2710 3811 cognoscitur
2755 3741 2834 3793 vir
2865 3741 3042 3795 bonus
3073 3749 3129 3794 et
3162 3740 3330 3794 mise-

1748 3834 1943 3888 ricors.
2005 3830 2208 3886 Vereor
2259 3833 2428 3895 enim,
2464 3848 2531 3887 ne
2590 3847 2706 3887 mea
2749 3832 2931 3886 videar
2958 3831 3237 3897 admirari,
3273 3833 3320 3884 si

1747 3939 2006 3995 paternas
2036 3925 2190 3994 longa
2224 3925 2473 3978 oratione
2513 3939 2860 3994 percenseam
2898 3924 3107 3979 laudes.
3136 3924 3201 3976 Et
3226 3926 3325 3977 ad-

1744 4020 2003 4072 debantur
2024 4017 2180 4087 plura
2236 4018 2289 4070 in
2324 4017 2503 4070 eadem
2532 4017 2776 4085 epistola,
2815 4017 2884 4070 ad
2942 4016 3149 4070 laudent
3177 4016 3333 4070 illius

1743 4111 1844 4165 viri
1875 4124 1893 4163 :
1927 4118 2006 4173 ut,
2041 4107 2180 4175 quod
2215 4109 2461 4161 sacerdos
2516 4107 2701 4177 fuisset
2759 4105 2866 4160 Deo
2920 4105 3133 4174 dignus.
3192 4105 3333 4158 Huic

1747 4204 1862 4256 loco
1901 4200 2146 4253 additum
2175 4201 2440 4270 quosdam
2479 4215 2558 4264 se,
2584 4215 2708 4254 cum
2744 4198 2893 4270 digni
2956 4212 3065 4252 non
3117 4209 3326 4262 essent,

84 4284 171 4345 αῖς
225 4282 554 4353 ἐπιθυμίαις
586 4285 769 4356 ημῶν,
818 4287 912 4339 καὶ
966 4286 1290 4357 ἀπέστημεν
1343 4287 1438 4341 τοῦ
1473 4289 1638 4358 μόνου

84 4393 180 4426 uva
191 4376 360 4443 μένου
387 4376 584 4440 σώζειν
610 4379 780 4448 ἡμᾶς.
806 4378 918 4434 Καί
937 4375 1086 4445 εἶτα,
1113 4380 1264 4449 μετὰ
1284 4381 1350 4435 τὸ
1372 4380 1642 4446 ἐξειπεῖν

82 4467 151 4518 ;αὶ
185 4467 350 4521 ἄλλα
379 4470 515 4537 περὶ
543 4469 649 4524 τοῦ
683 4472 911 4540 πατρὸς
942 4471 1126 4537 αὐτῷ,
1159 4471 1386 4542 ἐπάγει·

1746 4295 1797 4347 in
1823 4293 2118 4348 sacerdotii
2149 4293 2470 4363 dignitatem
2504 4294 2822 4363 ingessisse,
2869 4302 2924 4348 et
2987 4307 3142 4345 saera
3177 4290 3324 4345 cele-

1744 4386 1952 4440 brasse.
1992 4385 2094 4460 Ubi
2157 4387 2386 4440 addebat
2427 4403 2445 4441 :
2482 4384 2595 4441 Hoc
2621 4386 2784 4441 etiam
2847 4394 3044 4455 praeter
3093 4385 3197 4438 alia
3230 4386 3332 4437 ab-

1670 4471 1716 4526 Ι)
1744 4481 1936 4546 surda,
1973 4496 2097 4550 qua:
2124 4482 2293 4538 multa
2329 4496 2634 4551 magnaque
2668 4490 2797 4536 tunc
2830 4482 3177 4543 exstiterunt,
3212 4492 3322 4531 non

82 4569 238 4622 uinus
264 4565 392 4631 illis,
455 4566 564 4620 imo
621 4567 796 4620 multo
853 4568 1049 4637 magis,
1113 4568 1345 4623 ferream
1408 4571 1637 4641 virgam,
1673 4575 1928 4644 tanquam
1962 4577 2160 4647 fulgur,
2191 4578 2246 4632 in
2310 4594 2409 4635 nos
2443 4579 2674 4634 irritavit
2745 4587 2797 4632 et
2849 4577 3139 4632 vibravit:
3212 4583 3330 4629 sto-

82 4668 216 4720 tdam
274 4665 386 4718 Deo
410 4673 624 4731 gentem
693 4662 832 4718 irate
873 4665 926 4718 in
955 4665 1793 4743 nosimmittente,ﬂagellisque
1827 4684 2043 4731 nostras
2117 4677 2439 4747 iniquitates
2502 4679 2778 4743 visitante,
2845 4679 2992 4746 quod
3052 4674 3324 4743 cupidita-

82 4763 204 4816 ibus
237 4762 444 4816 nostris
493 4777 900 4824 exarseramus,
936 4762 1006 4816 ab
1071 4761 1275 4832 illoque
1339 4762 1432 4832 qui
1494 4763 1646 4818 solus
1709 4779 2038 4825 conservare
2102 4785 2204 4825 nos
2239 4781 2472 4841 poterat,
2530 4769 2932 4825 defeceramus.
2979 4768 3073 4822 llis
3130 4769 3205 4823 ita
3255 4769 3326 4822 de

86 4867 203 4908 atre
229 4856 405 4922 dictis,
439 4865 488 4910 et
513 4857 634 4910 aliis
660 4855 1019 4926 superadditis
1050 4853 1252 4923 infert:

118 4951 377 5004 Τοιούτου
408 4949 589 5003 τοίνυν
629 4949 782 5010 ὕντος
814 4965 908 5018 μοι
940 4947 1034 5001 τοῦ
1061 4947 1265 5018 πατρός
1293 4963 1308 4980 ο
1334 4949 1382 5001 εί
1407 4949 1639 5017 σφαγεὶς

82 5061 244 5112 ιχετο,
313 5045 360 5096 εί
410 5043 619 5114 ἄταφος
679 5044 959 5111 ἔρριπται,
1021 5044 1068 5093 εἰ
1119 5043 1196 5112 μὴ
1263 5043 1361 5111 τῆς
1424 5057 1637 5111 νενομι-

88 5138 260 5208 μένης
293 5136 592 5206 τετύχηκεν
637 5137 812 5200 ὁσίας,
847 5135 896 5186 εί
935 5137 1008 5204 μὴ
1040 5135 1107 5187 τὰ
1158 5135 1345 5188 εἰκότα
1371 5135 1636 5206 τεθρήνη-

82 5248 162 5294 αι,
194 5223 459 5299 ταῦτα’δὴ
483 5228 552 5283 τὰ
574 5228 682 5281 τῶν
715 5227 1052 5298 μικρολόγων
1097 5229 1192 5279 καὶ
1241 5227 1622 5298 μικροψύχων,

86 5327 99 5376 ἰ
157 5327 261 5396 τῆς
310 5327 460 5390 θείας
506 5326 728 5395 ἐκείνης
783 5324 962 5393 ψυχῆς
1020 5324 1117 5376 καὶ
1171 5323 1629 5394 μεγαλοψυχίαςς

82 5415 260 5472 ’ὕκουν
317 5417 425 5471 οὐδ’
453 5418 654 5488 ἢκουσέ
719 5415 820 5483 μού
859 5432 964 5479 τις,
1017 5415 1128 5468 οὐδ’
1175 5415 1492 5481 ἀκούσεται,
1536 5415 1629 5469 τὸν

82 5509 285 5563 οιοῦτον
337 5510 693 5580 ὀδυρομένου,
738 5509 849 5561 οὐδ’
892 5511 949 5561 ἐν
1002 5506 1162 5577 δεινῷ
1207 5506 1495 5577 τιθεμένου
1537 5510 1631 5561 τὸν

82 5602 244 5667 ρόπον
297 5604 396 5674 τῆς
448 5603 730 5674 τελευτῆς.
779 5601 921 5655 Ἀλλ’
981 5601 1189 5654 ἐκεῖνον
1213 5601 1311 5671 μὲν
1344 5603 1439 5654 ἐπὶ
1489 5605 1625 5657 πᾶσι

84 5692 286 5762 γοῦμαί
320 5713 377 5749 τε
430 5699 525 5748 καὶ
579 5694 834 5765 ὀνομάζω
894 5697 1186 5764 μακάριον,
1239 5694 1330 5746 καὶ
1397 5696 1620 5764 μνήμης

82 5789 395 5859 αρτυρικῆς
429 5788 584 5854 ἀξιῶ,
620 5789 793 5852 οὕτως
839 5788 979 5857 ὑπὲρ
1009 5785 1292 5850 εὐσεϐείας
1340 5787 1621 5841 ἀπολελοι-

1815 4951 1963 5007 Talis
1996 4951 2162 5022 igitur
2205 4965 2329 5006 cum
2403 4949 2533 5003 mihi
2601 4946 2763 5002 fuerit
2820 4955 3016 5018 pater:
3052 4947 3098 5003 si
3153 4946 3324 5001 etiam

1743 5044 2045 5099 trucidatus
2073 5042 2260 5112 periit.
2301 5043 2346 5096 si
2385 5042 2698 5096 inhumatus
2754 5040 3032 5111 proiectus
3077 5039 3200 5105 fuit,
3275 5043 3325 5095 si

1735 5135 1900 5206 justis
1955 5134 2232 5204 exsequiis
2289 5133 2489 5198 caruit,
2529 5131 2577 5187 si
2609 5147 2720 5186 non
2791 5132 2859 5185 de
2890 5146 3042 5186 more
3093 5131 3322 5186 deﬂetus

1737 5238 1842 5294 est,
1876 5228 2006 5298 quid
2039 5227 2174 5292 hac,
2211 5240 2333 5297 quas
2365 5226 2614 5280 homines
2640 5227 2692 5280 in
2728 5227 2909 5296 parvis
2943 5228 3107 5281 rebus
3153 5240 3322 5280 occu-

1735 5323 1870 5394 pati,
1912 5331 1966 5376 et
2001 5320 2198 5391 pusillo
2256 5321 2446 5374 animo
2503 5320 2739 5390 praediti,
2800 5331 3058 5389 reputare
3119 5320 3322 5383 solent,

1734 5417 1800 5471 ad
1839 5417 1988 5470 illam
2052 5415 2222 5470 divini
2261 5414 2428 5469 animi
2482 5415 2830 5469 altitudinem
2860 5411 3135 5468 attinent?
3169 5414 3302 5478 Quo-

1732 5506 1878 5561 circa
1915 5520 2014 5560 nec
2044 5504 2231 5560 audita
2257 5513 2341 5560 est
2373 5520 2471 5558 vox
2502 5519 2619 5558 mea
2641 5503 2711 5558 ab
2746 5503 2880 5568 ullo,
2909 5518 3005 5557 nec
3039 5503 3317 5567 audietur,

1735 5599 1883 5653 hunc
1917 5599 2073 5652 talem
2107 5597 2442 5668 deplorantis
2480 5608 2532 5652 et
2595 5597 2842 5650 dolenter
2899 5595 3090 5649 mortis
3143 5610 3320 5664 genus

1730 5689 1977 5746 ferentis.
2012 5691 2292 5756 Quiuimo,
2329 5691 2381 5744 in
2424 5690 2509 5744 Itis
2536 5688 2789 5743 omnibus
2813 5687 2966 5741 illum
2995 5699 3045 5740 et
3066 5686 3324 5742 existimo

1731 5796 1785 5840 et
1815 5787 2039 5840 nomino
2069 5786 2286 5841 beatum
2324 5799 2337 5836 :
2375 5783 2601 5854 parique
2655 5797 2777 5838 cum
2819 5781 3151 5852 martyribus
3201 5795 3316 5836 utc-
