  <div class='ocr_page' id='page_1' title='image "/cluster/home/n/w/nwhite01/storage/ocr_20150623/160/hvd.32044036446961/646.png"; bbox 0 0 3918 6452; ppageno 0'>
   <div class='ocr_carea' id='block_1_1' title="bbox 210 311 329 376">
    <p class='ocr_par' dir='ltr' id='par_1_1' title="bbox 210 311 329 376">
     <span class='ocr_line' id='line_1_1' title="bbox 210 311 329 376; baseline -0.034 1"><span class='ocrx_word' id='word_1_1' title='bbox 210 311 329 376; x_wconf 86' lang='grc'><strong>1065</strong></span> 
     </span>
    </p>
   </div>
   <div class='ocr_carea' id='block_1_2' title="bbox 1212 284 2388 366">
    <p class='ocr_par' dir='ltr' id='par_1_2' title="bbox 1212 284 2388 366">
     <span class='ocr_line' id='line_1_2' title="bbox 1212 284 2388 366; baseline -0.006 0"><span class='ocrx_word' id='word_1_2' title='bbox 1212 284 1709 366; x_wconf 76' lang='lat' dir='ltr'><strong>LAMENTATIO</strong></span> <span class='ocrx_word' id='word_1_3' title='bbox 1734 302 1832 363; x_wconf 91' lang='lat' dir='ltr'>DE</span> <span class='ocrx_word' id='word_1_4' title='bbox 1861 301 2082 362; x_wconf 76' lang='lat' dir='ltr'><strong>ceou</strong></span> <span class='ocrx_word' id='word_1_5' title='bbox 2122 301 2388 362; x_wconf 82' lang='lat' dir='ltr'><strong>CAPTA.</strong></span> 
     </span>
    </p>
   </div>
   <div class='ocr_carea' id='block_1_3' title="bbox 3316 298 3448 367">
    <p class='ocr_par' dir='ltr' id='par_1_3' title="bbox 3316 298 3448 367">
     <span class='ocr_line' id='line_1_3' title="bbox 3316 298 3448 367; baseline 0.045 -6"><span class='ocrx_word' id='word_1_6' title='bbox 3316 298 3448 367; x_wconf 82' lang='lat'><strong>1066</strong></span> 
     </span>
    </p>
   </div>
   <div class='ocr_carea' id='block_1_4' title="bbox 205 412 1781 496">
    <p class='ocr_par' dir='ltr' id='par_1_4' title="bbox 205 417 1765 496">
     <span class='ocr_line' id='line_1_4' title="bbox 205 417 1765 496; baseline -0.003 -19"><span class='ocrx_word' id='word_1_7' title='bbox 205 423 513 496; x_wconf 75' lang='grc' dir='ltr'><strong>τηλικαύτη,</strong></span> <span class='ocrx_word' id='word_1_8' title='bbox 542 422 762 495; x_wconf 64' lang='grc' dir='ltr'>πατρίςθ</span> <span class='ocrx_word' id='word_1_9' title='bbox 800 422 834 493; x_wconf 80' lang='grc' dir='ltr'><strong>ἡ</strong></span> <span class='ocrx_word' id='word_1_10' title='bbox 877 419 1169 490; x_wconf 87' lang='grc' dir='ltr'>Ῥωμαίων</span> <span class='ocrx_word' id='word_1_11' title='bbox 1202 417 1446 474; x_wconf 70' lang='grc' dir='ltr'>ἐκποδὼν</span> <span class='ocrx_word' id='word_1_12' title='bbox 1498 418 1765 490; x_wconf 78' lang='grc' dir='ltr'>βασιλεὶα⁶</span> 
     </span>
    </p>
   </div>
   <div class='ocr_carea' id='block_1_5' title="bbox 1884 412 3452 496">
    <p class='ocr_par' dir='ltr' id='par_1_5' title="bbox 1884 412 3452 485">
     <span class='ocr_line' id='line_1_5' title="bbox 1884 412 3452 485; baseline -0.003 -16"><span class='ocrx_word' id='word_1_13' title='bbox 1884 416 2079 471; x_wconf 84' lang='lat' dir='ltr'><strong>nemini</strong></span> <span class='ocrx_word' id='word_1_14' title='bbox 2114 432 2219 470; x_wconf 89' lang='lat' dir='ltr'><strong>non</strong></span> <span class='ocrx_word' id='word_1_15' title='bbox 2235 414 2455 485; x_wconf 88' lang='lat' dir='ltr'><strong>gloriari</strong></span> <span class='ocrx_word' id='word_1_16' title='bbox 2486 413 2775 479; x_wconf 87' lang='lat' dir='ltr'><strong>licebat,in</strong></span> <span class='ocrx_word' id='word_1_17' title='bbox 2808 427 2916 484; x_wconf 87' lang='lat' dir='ltr'><strong>qua</strong></span> <span class='ocrx_word' id='word_1_18' title='bbox 2948 413 3122 470; x_wconf 79' lang='lat' dir='ltr'><strong>civem</strong></span> <span class='ocrx_word' id='word_1_19' title='bbox 3152 412 3452 483; x_wconf 78' lang='lat' dir='ltr'><strong>ascriptum</strong></span> 
     </span>
    </p>
   </div>
   <div class='ocr_carea' id='block_1_6' title="bbox 209 512 1765 587">
    <p class='ocr_par' dir='ltr' id='par_1_6' title="bbox 209 512 1765 587">
     <span class='ocr_line' id='line_1_6' title="bbox 209 512 1765 587; baseline -0.002 -18"><span class='ocrx_word' id='word_1_20' title='bbox 209 516 453 587; x_wconf 75' lang='grc' dir='ltr'>βασιλεία,</span> <span class='ocrx_word' id='word_1_21' title='bbox 486 514 548 569; x_wconf 81' lang='grc' dir='ltr'>τὸ</span> <span class='ocrx_word' id='word_1_22' title='bbox 578 514 774 584; x_wconf 64' lang='grc' dir='ltr'>σεμνὶν</span> <span class='ocrx_word' id='word_1_23' title='bbox 802 514 897 567; x_wconf 79' lang='grc' dir='ltr'><strong>καὶ</strong></span> <span class='ocrx_word' id='word_1_24' title='bbox 937 514 1170 585; x_wconf 82' lang='grc' dir='ltr'>πρᾶγμα</span> <span class='ocrx_word' id='word_1_25' title='bbox 1205 514 1299 567; x_wconf 74' lang='grc' dir='ltr'>καὶ</span> <span class='ocrx_word' id='word_1_26' title='bbox 1344 513 1535 583; x_wconf 70' lang='grc' dir='ltr'>ὄνομα.</span> <span class='ocrx_word' id='word_1_27' title='bbox 1568 512 1642 566; x_wconf 78' lang='grc' dir='ltr'>Τὸ</span> <span class='ocrx_word' id='word_1_28' title='bbox 1666 512 1765 582; x_wconf 81' lang='grc' dir='ltr'>τῆς</span> 
     </span>
    </p>
   </div>
   <div class='ocr_carea' id='block_1_7' title="bbox 218 604 1765 677">
    <p class='ocr_par' dir='ltr' id='par_1_7' title="bbox 218 604 1765 677">
     <span class='ocr_line' id='line_1_7' title="bbox 218 604 1765 677; baseline -0.003 -15"><span class='ocrx_word' id='word_1_29' title='bbox 218 606 533 677; x_wconf 82' lang='grc' dir='ltr'>Ἐκκλησίας</span> <span class='ocrx_word' id='word_1_30' title='bbox 588 605 771 660; x_wconf 75' lang='grc' dir='ltr'>ἔνθεὸν</span> <span class='ocrx_word' id='word_1_31' title='bbox 826 623 886 660; x_wconf 88' lang='grc' dir='ltr'><strong>τε</strong></span> <span class='ocrx_word' id='word_1_32' title='bbox 948 607 1044 660; x_wconf 75' lang='grc' dir='ltr'>καὶ</span> <span class='ocrx_word' id='word_1_33' title='bbox 1100 604 1307 676; x_wconf 77' lang='grc' dir='ltr'>ὑψηλὸν</span> <span class='ocrx_word' id='word_1_34' title='bbox 1361 605 1765 675; x_wconf 79' lang='grc' dir='ltr'>καταϐέϐληται</span> 
     </span>
    </p>
   </div>
   <div class='ocr_carea' id='block_1_8' title="bbox 209 696 1766 769">
    <p class='ocr_par' dir='ltr' id='par_1_8' title="bbox 209 696 1766 769">
     <span class='ocr_line' id='line_1_8' title="bbox 209 696 1766 769; baseline -0.003 -16"><span class='ocrx_word' id='word_1_35' title='bbox 209 701 396 769; x_wconf 75' lang='grc' dir='ltr'>σχῆμα·</span> <span class='ocrx_word' id='word_1_36' title='bbox 431 700 459 751; x_wconf 87' lang='grc' dir='ltr'><strong>ό</strong></span> <span class='ocrx_word' id='word_1_37' title='bbox 507 699 615 751; x_wconf 84' lang='grc' dir='ltr'><strong>ἀπὸ</strong></span> <span class='ocrx_word' id='word_1_38' title='bbox 646 698 750 767; x_wconf 81' lang='grc' dir='ltr'><strong>γῆς</strong></span> <span class='ocrx_word' id='word_1_39' title='bbox 786 697 956 767; x_wconf 80' lang='grc' dir='ltr'>ὕμνος</span> <span class='ocrx_word' id='word_1_40' title='bbox 996 696 1114 765; x_wconf 82' lang='grc' dir='ltr'><strong>Θεῷ</strong></span> <span class='ocrx_word' id='word_1_41' title='bbox 1163 696 1647 766; x_wconf 71' lang='grc' dir='ltr'><strong>ἀναπεμπόμενος,</strong></span> <span class='ocrx_word' id='word_1_42' title='bbox 1698 696 1766 766; x_wconf 74' lang='grc' dir='ltr'>τῇ</span> 
     </span>
    </p>
   </div>
   <div class='ocr_carea' id='block_1_9' title="bbox 209 786 1764 860">
    <p class='ocr_par' dir='ltr' id='par_1_9' title="bbox 209 786 1764 860">
     <span class='ocr_line' id='line_1_9' title="bbox 209 786 1764 860; baseline -0.003 -18"><span class='ocrx_word' id='word_1_43' title='bbox 209 788 459 858; x_wconf 81' lang='grc' dir='ltr'>ἀγτελικῇ</span> <span class='ocrx_word' id='word_1_44' title='bbox 500 786 1028 860; x_wconf 84' lang='grc' dir='ltr'>προσαμιλλώμενος</span> <span class='ocrx_word' id='word_1_45' title='bbox 1069 788 1315 858; x_wconf 76' lang='grc' dir='ltr'><strong>πολιτείᾳ</strong></span> <span class='ocrx_word' id='word_1_46' title='bbox 1362 787 1457 840; x_wconf 60' lang='grc' dir='ltr'><strong>καὶ⁸</strong></span> <span class='ocrx_word' id='word_1_47' title='bbox 1507 786 1764 857; x_wconf 80' lang='grc' dir='ltr'>μελῳδίᾳ,</span> 
     </span>
    </p>
   </div>
   <div class='ocr_carea' id='block_1_10' title="bbox 208 877 1769 949">
    <p class='ocr_par' dir='ltr' id='par_1_10' title="bbox 208 877 1769 949">
     <span class='ocr_line' id='line_1_10' title="bbox 208 877 1769 949; baseline -0.001 -18"><span class='ocrx_word' id='word_1_48' title='bbox 208 879 589 949; x_wconf 77' lang='grc' dir='ltr'>κατεσιγάσθη.</span> <span class='ocrx_word' id='word_1_49' title='bbox 634 881 697 933; x_wconf 83' lang='grc' dir='ltr'><strong>Οἱ</strong></span> <span class='ocrx_word' id='word_1_50' title='bbox 751 881 870 932; x_wconf 69' lang='grc' dir='ltr'>ναοὶ</span> <span class='ocrx_word' id='word_1_51' title='bbox 913 880 962 933; x_wconf 78' lang='grc' dir='ltr'>οἱ</span> <span class='ocrx_word' id='word_1_52' title='bbox 1013 878 1146 933; x_wconf 83' lang='grc' dir='ltr'>θεῖοι</span> <span class='ocrx_word' id='word_1_53' title='bbox 1178 877 1662 948; x_wconf 81' lang='grc' dir='ltr'>κατεστράφησαν,</span> <span class='ocrx_word' id='word_1_54' title='bbox 1700 878 1769 930; x_wconf 81' lang='grc' dir='ltr'>τά</span> 
     </span>
    </p>
   </div>
   <div class='ocr_carea' id='block_1_11' title="bbox 210 970 1767 1044">
    <p class='ocr_par' dir='ltr' id='par_1_11' title="bbox 210 970 1767 1044">
     <span class='ocr_line' id='line_1_11' title="bbox 210 970 1767 1044; baseline 0 -19"><span class='ocrx_word' id='word_1_55' title='bbox 210 972 558 1044; x_wconf 84' lang='grc' dir='ltr'>θυσιαστήρια</span> <span class='ocrx_word' id='word_1_56' title='bbox 592 972 985 1044; x_wconf 85' lang='grc' dir='ltr'>βεϐεϐήλωται,</span> <span class='ocrx_word' id='word_1_57' title='bbox 1010 971 1365 1042; x_wconf 78' lang='grc' dir='ltr'><strong>κατεπατήθη</strong></span> <span class='ocrx_word' id='word_1_58' title='bbox 1412 970 1481 1024; x_wconf 80' lang='grc' dir='ltr'><strong>τὰ</strong></span> <span class='ocrx_word' id='word_1_59' title='bbox 1516 971 1659 1040; x_wconf 86' lang='grc' dir='ltr'>ίερά.</span> <span class='ocrx_word' id='word_1_60' title='bbox 1704 971 1767 1025; x_wconf 87' lang='grc' dir='ltr'>Ἤ</span> 
     </span>
    </p>
   </div>
   <div class='ocr_carea' id='block_1_12' title="bbox 208 1062 1769 1137">
    <p class='ocr_par' dir='ltr' id='par_1_12' title="bbox 208 1062 1769 1137">
     <span class='ocr_line' id='line_1_12' title="bbox 208 1062 1769 1137; baseline -0.001 -20"><span class='ocrx_word' id='word_1_61' title='bbox 208 1064 355 1118; x_wconf 88' lang='grc' dir='ltr'>πολιά</span> <span class='ocrx_word' id='word_1_62' title='bbox 388 1066 895 1137; x_wconf 80' lang='grc' dir='ltr'><strong>καταπεφρόνηται,</strong></span> <span class='ocrx_word' id='word_1_63' title='bbox 939 1066 973 1137; x_wconf 74' lang='grc' dir='ltr'><strong>η</strong></span> <span class='ocrx_word' id='word_1_64' title='bbox 1022 1064 1214 1134; x_wconf 83' lang='grc' dir='ltr'><strong>νεότης</strong></span> <span class='ocrx_word' id='word_1_65' title='bbox 1248 1063 1599 1133; x_wconf 82' lang='grc' dir='ltr'>διέφθαρται.</span> <span class='ocrx_word' id='word_1_66' title='bbox 1648 1062 1769 1117; x_wconf 86' lang='grc' dir='ltr'><strong>Τῶν</strong></span> 
     </span>
    </p>
   </div>
   <div class='ocr_carea' id='block_1_13' title="bbox 204 1155 1771 1229">
    <p class='ocr_par' dir='ltr' id='par_1_13' title="bbox 204 1155 1771 1229">
     <span class='ocr_line' id='line_1_13' title="bbox 204 1155 1771 1229; baseline -0.001 -20"><span class='ocrx_word' id='word_1_67' title='bbox 204 1158 261 1211; x_wconf 76' lang='grc' dir='ltr'>ἐν</span> <span class='ocrx_word' id='word_1_68' title='bbox 284 1155 465 1228; x_wconf 67' lang='grc' dir='ltr'>ἡλικία</span> <span class='ocrx_word' id='word_1_69' title='bbox 497 1157 558 1211; x_wconf 82' lang='grc' dir='ltr'>τὸ</span> <span class='ocrx_word' id='word_1_70' title='bbox 590 1159 750 1211; x_wconf 76' lang='grc' dir='ltr'>πλέον</span> <span class='ocrx_word' id='word_1_71' title='bbox 783 1158 1060 1229; x_wconf 76' lang='grc' dir='ltr'>μαχαίρας</span> <span class='ocrx_word' id='word_1_72' title='bbox 1113 1155 1237 1229; x_wconf 82' lang='grc' dir='ltr'>(φεῦ</span> <span class='ocrx_word' id='word_1_73' title='bbox 1262 1155 1301 1229; x_wconf 85' lang='grc' dir='ltr'><strong>ί)</strong></span> <span class='ocrx_word' id='word_1_74' title='bbox 1336 1156 1499 1226; x_wconf 72' lang='grc' dir='ltr'>ἔργου</span> <span class='ocrx_word' id='word_1_75' title='bbox 1541 1155 1771 1224; x_wconf 82' lang='grc' dir='ltr'>γεγόνα-</span> 
     </span>
    </p>
   </div>
   <div class='ocr_carea' id='block_1_14' title="bbox 206 1248 1771 1322">
    <p class='ocr_par' dir='ltr' id='par_1_14' title="bbox 206 1248 1771 1322">
     <span class='ocr_line' id='line_1_14' title="bbox 206 1248 1771 1322; baseline -0.002 -19"><span class='ocrx_word' id='word_1_76' title='bbox 206 1256 303 1303; x_wconf 86' lang='grc' dir='ltr'>σιν·</span> <span class='ocrx_word' id='word_1_77' title='bbox 336 1250 385 1303; x_wconf 76' lang='lat' dir='ltr'><strong>oi</strong></span> <span class='ocrx_word' id='word_1_78' title='bbox 412 1250 468 1302; x_wconf 77' lang='grc' dir='ltr'><strong>δὲ</strong></span> <span class='ocrx_word' id='word_1_79' title='bbox 498 1248 714 1322; x_wconf 81' lang='grc' dir='ltr'>δουλείᾳ</span> <span class='ocrx_word' id='word_1_80' title='bbox 741 1249 1203 1320; x_wconf 83' lang='grc' dir='ltr'><strong>διακαρτεροῦσιν</strong></span> <span class='ocrx_word' id='word_1_81' title='bbox 1234 1250 1457 1320; x_wconf 74' lang='grc' dir='ltr'>αἰσχρᾷ.</span> <span class='ocrx_word' id='word_1_82' title='bbox 1491 1250 1556 1303; x_wconf 81' lang='grc' dir='ltr'><strong>Αἱ</strong></span> <span class='ocrx_word' id='word_1_83' title='bbox 1583 1250 1771 1317; x_wconf 77' lang='grc' dir='ltr'>γυναῖ-</span> 
     </span>
    </p>
   </div>
   <div class='ocr_carea' id='block_1_15' title="bbox 205 1341 1773 1413">
    <p class='ocr_par' dir='ltr' id='par_1_15' title="bbox 205 1341 1773 1413">
     <span class='ocr_line' id='line_1_15' title="bbox 205 1341 1773 1413; baseline 0 -18"><span class='ocrx_word' id='word_1_84' title='bbox 205 1359 316 1406; x_wconf 87' lang='grc' dir='ltr'>κες,</span> <span class='ocrx_word' id='word_1_85' title='bbox 348 1344 404 1395; x_wconf 72' lang='grc' dir='ltr'>ἰν</span> <span class='ocrx_word' id='word_1_86' title='bbox 434 1343 664 1413; x_wconf 77' lang='grc' dir='ltr'><strong>ἀτιμίᾳ·</strong></span> <span class='ocrx_word' id='word_1_87' title='bbox 695 1345 806 1396; x_wconf 63' lang='grc' dir='ltr'><strong>τῶν</strong></span> <span class='ocrx_word' id='word_1_88' title='bbox 832 1342 1057 1409; x_wconf 73' lang='grc' dir='ltr'>παίδων,</span> <span class='ocrx_word' id='word_1_89' title='bbox 1083 1342 1143 1395; x_wconf 72' lang='grc' dir='ltr'>οὗ</span> <span class='ocrx_word' id='word_1_90' title='bbox 1181 1342 1242 1395; x_wconf 80' lang='grc' dir='ltr'><strong>τὸ</strong></span> <span class='ocrx_word' id='word_1_91' title='bbox 1271 1342 1405 1411; x_wconf 76' lang='grc' dir='ltr'>θῆλυ</span> <span class='ocrx_word' id='word_1_92' title='bbox 1434 1342 1618 1409; x_wconf 90' lang='grc' dir='ltr'>μόνον,</span> <span class='ocrx_word' id='word_1_93' title='bbox 1639 1341 1773 1395; x_wconf 82' lang='grc' dir='ltr'>ἀλλὰ</span> 
     </span>
    </p>
   </div>
   <div class='ocr_carea' id='block_1_16' title="bbox 205 1433 1775 1513">
    <p class='ocr_par' dir='ltr' id='par_1_16' title="bbox 205 1433 1775 1513">
     <span class='ocr_line' id='line_1_16' title="bbox 205 1433 1775 1513; baseline 0.001 -25"><span class='ocrx_word' id='word_1_94' title='bbox 205 1434 295 1488; x_wconf 81' lang='grc' dir='ltr'><strong>καὶ</strong></span> <span class='ocrx_word' id='word_1_95' title='bbox 318 1434 447 1486; x_wconf 80' lang='grc' dir='ltr'>αὐτὸ</span> <span class='ocrx_word' id='word_1_96' title='bbox 477 1434 538 1486; x_wconf 83' lang='grc' dir='ltr'>τὺ</span> <span class='ocrx_word' id='word_1_97' title='bbox 565 1436 755 1505; x_wconf 70' lang='grc' dir='ltr'>ἄρρεν,</span> <span class='ocrx_word' id='word_1_98' title='bbox 789 1434 1197 1513; x_wconf 54' lang='grc' dir='ltr'>ἀνασελγαίνειν</span> <span class='ocrx_word' id='word_1_99' title='bbox 1231 1433 1380 1503; x_wconf 64' lang='grc' dir='ltr'>αὐτῷ</span> <span class='ocrx_word' id='word_1_100' title='bbox 1410 1434 1775 1504; x_wconf 71' lang='grc' dir='ltr'>τοῦςβςιρϐἀ-</span> 
     </span>
    </p>
   </div>
   <div class='ocr_carea' id='block_1_17' title="bbox 208 1528 1772 1601">
    <p class='ocr_par' dir='ltr' id='par_1_17' title="bbox 208 1528 1772 1601">
     <span class='ocr_line' id='line_1_17' title="bbox 208 1528 1772 1601; baseline 0 -19"><span class='ocrx_word' id='word_1_101' title='bbox 208 1547 327 1601; x_wconf 92' lang='grc' dir='ltr'>ρους</span> <span class='ocrx_word' id='word_1_102' title='bbox 350 1530 648 1584; x_wconf 79' lang='grc' dir='ltr'>ὲκδέδοται.</span> <span class='ocrx_word' id='word_1_103' title='bbox 682 1530 755 1582; x_wconf 81' lang='grc' dir='ltr'>Τὸ</span> <span class='ocrx_word' id='word_1_104' title='bbox 787 1530 844 1583; x_wconf 75' lang='grc' dir='ltr'><strong>δὲ</strong></span> <span class='ocrx_word' id='word_1_105' title='bbox 877 1531 973 1583; x_wconf 67' lang='grc' dir='ltr'><strong>καλ¹</strong></span> <span class='ocrx_word' id='word_1_106' title='bbox 1005 1530 1138 1600; x_wconf 81' lang='grc' dir='ltr'>πρὸς</span> <span class='ocrx_word' id='word_1_107' title='bbox 1166 1528 1265 1597; x_wconf 80' lang='grc' dir='ltr'><strong>τὴν</strong></span> <span class='ocrx_word' id='word_1_108' title='bbox 1291 1528 1552 1582; x_wconf 68' lang='grc' dir='ltr'>ἀσέϐειαν</span> <span class='ocrx_word' id='word_1_109' title='bbox 1602 1529 1772 1582; x_wconf 76' lang='grc' dir='ltr'>ἐλεει-</span> 
     </span>
    </p>
   </div>
   <div class='ocr_carea' id='block_1_18' title="bbox 1866 507 3455 578">
    <p class='ocr_par' dir='ltr' id='par_1_18' title="bbox 1866 507 3455 578">
     <span class='ocr_line' id='line_1_18' title="bbox 1866 507 3455 578; baseline -0.001 -15"><span class='ocrx_word' id='word_1_110' title='bbox 1866 522 2008 571; x_wconf 88' lang='lat' dir='ltr'><strong>esse,</strong></span> <span class='ocrx_word' id='word_1_111' title='bbox 2042 523 2149 562; x_wconf 90' lang='lat' dir='ltr'><strong>non</strong></span> <span class='ocrx_word' id='word_1_112' title='bbox 2172 523 2363 578; x_wconf 90' lang='lat' dir='ltr'><strong>parum</strong></span> <span class='ocrx_word' id='word_1_113' title='bbox 2432 507 2733 578; x_wconf 77' lang='lat' dir='ltr'><strong>argumenti</strong></span> <span class='ocrx_word' id='word_1_114' title='bbox 2794 507 2860 562; x_wconf 88' lang='lat' dir='ltr'><strong>ad</strong></span> <span class='ocrx_word' id='word_1_115' title='bbox 2924 508 3455 564; x_wconf 77' lang='lat' dir='ltr'><strong>commendationem</strong></span> 
     </span>
    </p>
   </div>
   <div class='ocr_carea' id='block_1_19' title="bbox 1866 600 3454 673">
    <p class='ocr_par' dir='ltr' id='par_1_19' title="bbox 1866 600 3454 673">
     <span class='ocr_line' id='line_1_19' title="bbox 1866 600 3454 673; baseline 0.002 -20"><span class='ocrx_word' id='word_1_116' title='bbox 1866 601 2207 673; x_wconf 75' lang='lat' dir='ltr'><strong>gloriamque</strong></span> <span class='ocrx_word' id='word_1_117' title='bbox 2242 602 2497 657; x_wconf 82' lang='lat' dir='ltr'><strong>habebat.</strong></span> <span class='ocrx_word' id='word_1_118' title='bbox 2528 600 2621 658; x_wconf 92' lang='lat' dir='ltr'><strong>llla</strong></span> <span class='ocrx_word' id='word_1_119' title='bbox 2659 601 2825 670; x_wconf 84' lang='lat' dir='ltr'><strong>igitur</strong></span> <span class='ocrx_word' id='word_1_120' title='bbox 2855 603 2977 659; x_wconf 89' lang='lat' dir='ltr'><strong>talis</strong></span> <span class='ocrx_word' id='word_1_121' title='bbox 3008 618 3071 657; x_wconf 90' lang='lat' dir='ltr'><strong>ac</strong></span> <span class='ocrx_word' id='word_1_122' title='bbox 3099 612 3247 657; x_wconf 87' lang='lat' dir='ltr'><strong>tanta</strong></span> <span class='ocrx_word' id='word_1_123' title='bbox 3283 602 3454 671; x_wconf 87' lang='lat' dir='ltr'><strong>patria</strong></span> 
     </span>
    </p>
   </div>
   <div class='ocr_carea' id='block_1_20' title="bbox 1868 692 3452 764">
    <p class='ocr_par' dir='ltr' id='par_1_20' title="bbox 1868 692 3452 764">
     <span class='ocr_line' id='line_1_20' title="bbox 1868 692 3452 764; baseline 0 -17"><span class='ocrx_word' id='word_1_124' title='bbox 1868 702 2055 749; x_wconf 86' lang='lat' dir='ltr'><strong>nostra</strong></span> <span class='ocrx_word' id='word_1_125' title='bbox 2087 702 2242 764; x_wconf 88' lang='lat' dir='ltr'><strong>capta</strong></span> <span class='ocrx_word' id='word_1_126' title='bbox 2276 702 2398 749; x_wconf 86' lang='lat' dir='ltr'><strong>est:</strong></span> <span class='ocrx_word' id='word_1_127' title='bbox 2433 692 2806 748; x_wconf 77' lang='lat' dir='ltr'><strong>Romanorum</strong></span> <span class='ocrx_word' id='word_1_128' title='bbox 2833 693 3110 748; x_wconf 88' lang='lat' dir='ltr'><strong>sublatum</strong></span> <span class='ocrx_word' id='word_1_129' title='bbox 3139 704 3222 748; x_wconf 87' lang='lat' dir='ltr'><strong>est</strong></span> <span class='ocrx_word' id='word_1_130' title='bbox 3280 694 3452 764; x_wconf 84' lang='lat' dir='ltr'><strong>impc-</strong></span> 
     </span>
    </p>
   </div>
   <div class='ocr_carea' id='block_1_21' title="bbox 1870 784 3452 855">
    <p class='ocr_par' dir='ltr' id='par_1_21' title="bbox 1870 784 3452 855">
     <span class='ocr_line' id='line_1_21' title="bbox 1870 784 3452 855; baseline 0.001 -16"><span class='ocrx_word' id='word_1_131' title='bbox 1870 784 2012 839; x_wconf 91' lang='lat' dir='ltr'><strong>rium</strong></span> <span class='ocrx_word' id='word_1_132' title='bbox 2042 803 2057 840; x_wconf 89' lang='lat'><strong>:</strong></span> <span class='ocrx_word' id='word_1_133' title='bbox 2084 785 2298 855; x_wconf 90' lang='lat' dir='ltr'><strong>imperii</strong></span> <span class='ocrx_word' id='word_1_134' title='bbox 2326 784 2515 850; x_wconf 86' lang='lat' dir='ltr'><strong>decus,</strong></span> <span class='ocrx_word' id='word_1_135' title='bbox 2548 794 2600 840; x_wconf 90' lang='lat' dir='ltr'><strong>et</strong></span> <span class='ocrx_word' id='word_1_136' title='bbox 2628 790 2686 839; x_wconf 85' lang='lat' dir='ltr'><strong>re</strong></span> <span class='ocrx_word' id='word_1_137' title='bbox 2715 792 2770 838; x_wconf 91' lang='lat' dir='ltr'><strong>et</strong></span> <span class='ocrx_word' id='word_1_138' title='bbox 2816 786 3038 840; x_wconf 89' lang='lat' dir='ltr'><strong>nomine</strong></span> <span class='ocrx_word' id='word_1_139' title='bbox 3059 788 3452 841; x_wconf 81' lang='lat' dir='ltr'><strong>venerandum.</strong></span> 
     </span>
    </p>
   </div>
   <div class='ocr_carea' id='block_1_22' title="bbox 1869 876 3455 950">
    <p class='ocr_par' dir='ltr' id='par_1_22' title="bbox 1869 876 3455 950">
     <span class='ocr_line' id='line_1_22' title="bbox 1869 876 3455 950; baseline 0.001 -19"><span class='ocrx_word' id='word_1_140' title='bbox 1869 876 2129 933; x_wconf 70' lang='lat' dir='ltr'><strong>Ecclesiae</strong></span> <span class='ocrx_word' id='word_1_141' title='bbox 2157 877 2342 932; x_wconf 83' lang='lat' dir='ltr'><strong>divina</strong></span> <span class='ocrx_word' id='word_1_142' title='bbox 2370 887 2424 932; x_wconf 90' lang='lat' dir='ltr'><strong>et</strong></span> <span class='ocrx_word' id='word_1_143' title='bbox 2476 878 2729 933; x_wconf 84' lang='lat' dir='ltr'><strong>sublimis</strong></span> <span class='ocrx_word' id='word_1_144' title='bbox 2786 877 2993 950; x_wconf 87' lang='lat' dir='ltr'><strong>dejecta</strong></span> <span class='ocrx_word' id='word_1_145' title='bbox 3051 887 3137 933; x_wconf 89' lang='lat' dir='ltr'><strong>est</strong></span> <span class='ocrx_word' id='word_1_146' title='bbox 3194 879 3455 947; x_wconf 85' lang='lat' dir='ltr'><strong>species:</strong></span> 
     </span>
    </p>
   </div>
   <div class='ocr_carea' id='block_1_23' title="bbox 1869 970 3453 1041">
    <p class='ocr_par' dir='ltr' id='par_1_23' title="bbox 1869 970 3453 1041">
     <span class='ocr_line' id='line_1_23' title="bbox 1869 970 3453 1041; baseline -0.001 -18"><span class='ocrx_word' id='word_1_147' title='bbox 1869 970 2130 1041; x_wconf 88' lang='lat' dir='ltr'><strong>hymnus,</strong></span> <span class='ocrx_word' id='word_1_148' title='bbox 2167 971 2259 1041; x_wconf 89' lang='lat' dir='ltr'><strong>qui</strong></span> <span class='ocrx_word' id='word_1_149' title='bbox 2283 986 2313 1026; x_wconf 92' lang='lat' dir='ltr'><strong>e</strong></span> <span class='ocrx_word' id='word_1_150' title='bbox 2342 979 2486 1025; x_wconf 90' lang='lat' dir='ltr'><strong>terra</strong></span> <span class='ocrx_word' id='word_1_151' title='bbox 2518 985 2735 1025; x_wconf 82' lang='lat' dir='ltr'><strong>sursum</strong></span> <span class='ocrx_word' id='word_1_152' title='bbox 2771 970 2836 1025; x_wconf 91' lang='lat' dir='ltr'><strong>ad</strong></span> <span class='ocrx_word' id='word_1_153' title='bbox 2875 970 3040 1026; x_wconf 90' lang='lat' dir='ltr'><strong>Deum</strong></span> <span class='ocrx_word' id='word_1_154' title='bbox 3112 970 3453 1036; x_wconf 77' lang='lat' dir='ltr'><strong>mittebatur,</strong></span> 
     </span>
    </p>
   </div>
   <div class='ocr_carea' id='block_1_24' title="bbox 1870 1064 3457 1135">
    <p class='ocr_par' dir='ltr' id='par_1_24' title="bbox 1870 1064 3457 1135">
     <span class='ocr_line' id='line_1_24' title="bbox 1870 1064 3457 1135; baseline 0.001 -18"><span class='ocrx_word' id='word_1_155' title='bbox 1870 1073 2077 1118; x_wconf 88' lang='lat' dir='ltr'><strong>etcum</strong></span> <span class='ocrx_word' id='word_1_156' title='bbox 2114 1065 2357 1135; x_wconf 84' lang='lat' dir='ltr'><strong>angelica</strong></span> <span class='ocrx_word' id='word_1_157' title='bbox 2388 1065 2631 1120; x_wconf 79' lang='lat' dir='ltr'><strong>certabat</strong></span> <span class='ocrx_word' id='word_1_158' title='bbox 2663 1067 2773 1119; x_wconf 81' lang='lat' dir='ltr'><strong>vita</strong></span> <span class='ocrx_word' id='word_1_159' title='bbox 2824 1072 2878 1119; x_wconf 89' lang='lat' dir='ltr'><strong>et</strong></span> <span class='ocrx_word' id='word_1_160' title='bbox 2936 1073 3124 1131; x_wconf 88' lang='lat' dir='ltr'><strong>cantu,</strong></span> <span class='ocrx_word' id='word_1_161' title='bbox 3180 1064 3457 1120; x_wconf 86' lang='lat' dir='ltr'><strong>consiluit.</strong></span> 
     </span>
    </p>
   </div>
   <div class='ocr_carea' id='block_1_25' title="bbox 1872 1157 3549 1229">
    <p class='ocr_par' dir='ltr' id='par_1_25' title="bbox 1872 1157 3549 1229">
     <span class='ocr_line' id='line_1_25' title="bbox 1872 1157 3549 1229; baseline 0 -17"><span class='ocrx_word' id='word_1_162' title='bbox 1872 1157 2097 1228; x_wconf 86' lang='lat' dir='ltr'><strong>Templa</strong></span> <span class='ocrx_word' id='word_1_163' title='bbox 2131 1157 2226 1212; x_wconf 90' lang='lat' dir='ltr'><strong>Dei</strong></span> <span class='ocrx_word' id='word_1_164' title='bbox 2259 1173 2449 1213; x_wconf 81' lang='lat' dir='ltr'><strong>eversa</strong></span> <span class='ocrx_word' id='word_1_165' title='bbox 2480 1166 2629 1223; x_wconf 90' lang='lat' dir='ltr'><strong>sunt,</strong></span> <span class='ocrx_word' id='word_1_166' title='bbox 2689 1157 2884 1212; x_wconf 89' lang='lat' dir='ltr'><strong>altaria</strong></span> <span class='ocrx_word' id='word_1_167' title='bbox 2933 1157 3244 1228; x_wconf 83' lang='lat' dir='ltr'><strong>profanata,</strong></span> <span class='ocrx_word' id='word_1_168' title='bbox 3303 1173 3460 1214; x_wconf 85' lang='lat' dir='ltr'><strong>sacra</strong></span> <span class='ocrx_word' id='word_1_169' title='bbox 3540 1225 3549 1229; x_wconf 27' lang='grc' dir='ltr'><strong>ν</strong></span> 
     </span>
    </p>
   </div>
   <div class='ocr_carea' id='block_1_26' title="bbox 1873 1250 3463 1322">
    <p class='ocr_par' dir='ltr' id='par_1_26' title="bbox 1873 1250 3463 1322">
     <span class='ocr_line' id='line_1_26' title="bbox 1873 1250 3463 1322; baseline -0.001 -16"><span class='ocrx_word' id='word_1_170' title='bbox 1873 1250 2475 1307; x_wconf 80' lang='lat' dir='ltr'><strong>conculcata.Canities</strong></span> <span class='ocrx_word' id='word_1_171' title='bbox 2496 1259 2804 1320; x_wconf 86' lang='lat' dir='ltr'><strong>contempta</strong></span> <span class='ocrx_word' id='word_1_172' title='bbox 2835 1260 2936 1313; x_wconf 86' lang='lat' dir='ltr'><strong>est,</strong></span> <span class='ocrx_word' id='word_1_173' title='bbox 2958 1251 3220 1319; x_wconf 81' lang='lat' dir='ltr'><strong>juventus</strong></span> <span class='ocrx_word' id='word_1_174' title='bbox 3250 1251 3463 1322; x_wconf 81' lang='lat' dir='ltr'><strong>dispcr~</strong></span> 
     </span>
    </p>
   </div>
   <div class='ocr_carea' id='block_1_27' title="bbox 1874 1330 3457 1415">
    <p class='ocr_par' dir='ltr' id='par_1_27' title="bbox 1874 1330 3457 1415">
     <span class='ocr_line' id='line_1_27' title="bbox 1874 1330 3457 1415; baseline -0.003 -19"><span class='ocrx_word' id='word_1_175' title='bbox 1874 1341 2010 1396; x_wconf 92' lang='lat' dir='ltr'><strong>dita.</strong></span> <span class='ocrx_word' id='word_1_176' title='bbox 2040 1342 2143 1409; x_wconf 81' lang='lat' dir='ltr'><strong>Qui</strong></span> <span class='ocrx_word' id='word_1_177' title='bbox 2177 1357 2271 1412; x_wconf 85' lang='lat' dir='ltr'><strong>per</strong></span> <span class='ocrx_word' id='word_1_178' title='bbox 2292 1342 2467 1397; x_wconf 79' lang='lat' dir='ltr'><strong>aetatis</strong></span> <span class='ocrx_word' id='word_1_179' title='bbox 2502 1343 2744 1413; x_wconf 79' lang='lat' dir='ltr'><strong>vigorem</strong></span> <span class='ocrx_word' id='word_1_180' title='bbox 2779 1358 2930 1396; x_wconf 89' lang='lat' dir='ltr'><strong>arma</strong></span> <span class='ocrx_word' id='word_1_181' title='bbox 2967 1343 3110 1400; x_wconf 78' lang='lat' dir='ltr'><strong>ferre</strong></span> <span class='ocrx_word' id='word_1_182' title='bbox 3140 1330 3457 1415; x_wconf 73' lang='lat' dir='ltr'><strong>potuerunt,</strong></span> 
     </span>
    </p>
   </div>
   <div class='ocr_carea' id='block_1_28' title="bbox 1878 1433 3463 1505">
    <p class='ocr_par' dir='ltr' id='par_1_28' title="bbox 1878 1433 3463 1505">
     <span class='ocr_line' id='line_1_28' title="bbox 1878 1433 3463 1505; baseline 0.001 -16"><span class='ocrx_word' id='word_1_183' title='bbox 1878 1451 2065 1489; x_wconf 82' lang='lat' dir='ltr'><strong>eorum</strong></span> <span class='ocrx_word' id='word_1_184' title='bbox 2098 1450 2226 1505; x_wconf 85' lang='lat' dir='ltr'><strong>pars</strong></span> <span class='ocrx_word' id='word_1_185' title='bbox 2258 1434 2434 1503; x_wconf 85' lang='lat' dir='ltr'><strong>major</strong></span> <span class='ocrx_word' id='word_1_186' title='bbox 2468 1433 2612 1491; x_wconf 81' lang='lat' dir='ltr'><strong>ferro</strong></span> <span class='ocrx_word' id='word_1_187' title='bbox 2644 1436 2863 1491; x_wconf 80' lang='lat' dir='ltr'><strong>concisa</strong></span> <span class='ocrx_word' id='word_1_188' title='bbox 2895 1435 3059 1505; x_wconf 83' lang='lat' dir='ltr'><strong>jacet,</strong></span> <span class='ocrx_word' id='word_1_189' title='bbox 3096 1437 3190 1491; x_wconf 90' lang='lat' dir='ltr'><strong>alii</strong></span> <span class='ocrx_word' id='word_1_190' title='bbox 3228 1440 3463 1493; x_wconf 79' lang='lat' dir='ltr'><strong>servitu-</strong></span> 
     </span>
    </p>
   </div>
   <div class='ocr_carea' id='block_1_29' title="bbox 1878 1526 3462 1596">
    <p class='ocr_par' dir='ltr' id='par_1_29' title="bbox 1878 1526 3462 1596">
     <span class='ocr_line' id='line_1_29' title="bbox 1878 1526 3462 1596; baseline 0.002 -14"><span class='ocrx_word' id='word_1_191' title='bbox 1878 1536 1984 1582; x_wconf 92' lang='lat' dir='ltr'><strong>tem</strong></span> <span class='ocrx_word' id='word_1_192' title='bbox 2061 1537 2273 1596; x_wconf 86' lang='lat' dir='ltr'><strong>turpem</strong></span> <span class='ocrx_word' id='word_1_193' title='bbox 2344 1527 2595 1583; x_wconf 87' lang='lat' dir='ltr'><strong>tolerant.</strong></span> <span class='ocrx_word' id='word_1_194' title='bbox 2652 1526 2912 1583; x_wconf 60' lang='lat' dir='ltr'><strong>Matronae</strong></span> <span class='ocrx_word' id='word_1_195' title='bbox 2970 1528 3327 1586; x_wconf 73' lang='lat' dir='ltr'><strong>dedecoratae.</strong></span> <span class='ocrx_word' id='word_1_196' title='bbox 3382 1531 3462 1585; x_wconf 82' lang='lat' dir='ltr'><strong>Ex</strong></span> 
     </span>
    </p>
   </div>
   <div class='ocr_carea' id='block_1_30' title="bbox 204 1618 1781 1692">
    <p class='ocr_par' dir='ltr' id='par_1_30' title="bbox 204 1619 1775 1692">
     <span class='ocr_line' id='line_1_30' title="bbox 204 1619 1775 1692; baseline -0.002 -18"><span class='ocrx_word' id='word_1_197' title='bbox 204 1623 304 1685; x_wconf 84' lang='grc' dir='ltr'><strong>νῶς</strong></span> <span class='ocrx_word' id='word_1_198' title='bbox 338 1621 740 1690; x_wconf 72' lang='grc' dir='ltr'>μετατίθειται.</span> <span class='ocrx_word' id='word_1_199' title='bbox 767 1621 848 1674; x_wconf 83' lang='grc' dir='ltr'>Τά</span> <span class='ocrx_word' id='word_1_200' title='bbox 877 1621 1055 1674; x_wconf 85' lang='grc' dir='ltr'>πάντα</span> <span class='ocrx_word' id='word_1_201' title='bbox 1098 1623 1155 1673; x_wconf 86' lang='grc' dir='ltr'>ὲν</span> <span class='ocrx_word' id='word_1_202' title='bbox 1187 1619 1455 1691; x_wconf 75' lang='grc' dir='ltr'>ἀπωλείᾳ,</span> <span class='ocrx_word' id='word_1_203' title='bbox 1489 1621 1546 1674; x_wconf 83' lang='grc' dir='ltr'>ὲν</span> <span class='ocrx_word' id='word_1_204' title='bbox 1578 1621 1775 1692; x_wconf 58' lang='grc' dir='ltr'><strong>ἀτιμίᾳ⁴</strong></span> 
     </span>
    </p>
   </div>
   <div class='ocr_carea' id='block_1_31' title="bbox 1884 1618 3491 1692">
    <p class='ocr_par' dir='ltr' id='par_1_31' title="bbox 1884 1618 3491 1689">
     <span class='ocr_line' id='line_1_31' title="bbox 1884 1618 3491 1689; baseline 0.009 -19"><span class='ocrx_word' id='word_1_205' title='bbox 1884 1618 2050 1688; x_wconf 84' lang='lat' dir='ltr'><strong>prole,</strong></span> <span class='ocrx_word' id='word_1_206' title='bbox 2084 1634 2191 1673; x_wconf 92' lang='lat' dir='ltr'><strong>non</strong></span> <span class='ocrx_word' id='word_1_207' title='bbox 2227 1618 2442 1674; x_wconf 69' lang='lat' dir='ltr'><strong>fetnina:</strong></span> <span class='ocrx_word' id='word_1_208' title='bbox 2473 1629 2708 1683; x_wconf 77' lang='lat' dir='ltr'><strong>tantum,</strong></span> <span class='ocrx_word' id='word_1_209' title='bbox 2744 1621 2835 1677; x_wconf 84' lang='lat' dir='ltr'><strong>sed</strong></span> <span class='ocrx_word' id='word_1_210' title='bbox 2865 1622 3091 1678; x_wconf 87' lang='lat' dir='ltr'><strong>masculi</strong></span> <span class='ocrx_word' id='word_1_211' title='bbox 3125 1625 3313 1689; x_wconf 85' lang='lat' dir='ltr'><strong>etiam,</strong></span> <span class='ocrx_word' id='word_1_212' title='bbox 3338 1625 3491 1684; x_wconf 86' lang='lat' dir='ltr'><strong>libi-.</strong></span> 
     </span>
    </p>
   </div>
   <div class='ocr_carea' id='block_1_32' title="bbox 144 1711 1781 1787">
    <p class='ocr_par' dir='ltr' id='par_1_32' title="bbox 144 1711 1774 1785">
     <span class='ocr_line' id='line_1_32' title="bbox 144 1711 1774 1785; baseline 0.013 -20"><span class='ocrx_word' id='word_1_213' title='bbox 144 1711 149 1717; x_wconf 77' lang='lat'><em>‘</em></span> <span class='ocrx_word' id='word_1_214' title='bbox 194 1715 269 1769; x_wconf 52' lang='lat' dir='ltr'><strong>1rd</strong></span> <span class='ocrx_word' id='word_1_215' title='bbox 287 1715 465 1785; x_wconf 72' lang='grc' dir='ltr'>τίμια.</span> <span class='ocrx_word' id='word_1_216' title='bbox 512 1713 572 1767; x_wconf 81' lang='grc' dir='ltr'><strong>ὀ</strong></span> <span class='ocrx_word' id='word_1_217' title='bbox 603 1713 889 1785; x_wconf 77' lang='grc' dir='ltr'><strong>βοηθήσων</strong></span> <span class='ocrx_word' id='word_1_218' title='bbox 921 1713 1119 1776; x_wconf 70' lang='grc' dir='ltr'><strong>οὐδείς·</strong></span> <span class='ocrx_word' id='word_1_219' title='bbox 1160 1713 1228 1766; x_wconf 81' lang='grc' dir='ltr'><strong><em>Ἠ</em></strong></span> <span class='ocrx_word' id='word_1_220' title='bbox 1265 1712 1532 1782; x_wconf 76' lang='grc' dir='ltr'>σύμπασα</span> <span class='ocrx_word' id='word_1_221' title='bbox 1562 1714 1774 1784; x_wconf 75' lang='grc' dir='ltr'>πλήρης</span> 
     </span>
    </p>
   </div>
   <div class='ocr_carea' id='block_1_33' title="bbox 1884 1711 3463 1787">
    <p class='ocr_par' dir='ltr' id='par_1_33' title="bbox 1884 1711 3463 1787">
     <span class='ocr_line' id='line_1_33' title="bbox 1884 1711 3463 1787; baseline 0.004 -21"><span class='ocrx_word' id='word_1_222' title='bbox 1884 1712 1993 1767; x_wconf 87' lang='lat' dir='ltr'><strong>dini</strong></span> <span class='ocrx_word' id='word_1_223' title='bbox 2035 1711 2391 1767; x_wconf 83' lang='lat' dir='ltr'><strong>barbarorum</strong></span> <span class='ocrx_word' id='word_1_224' title='bbox 2424 1712 2615 1769; x_wconf 90' lang='lat' dir='ltr'><strong>dediti.</strong></span> <span class='ocrx_word' id='word_1_225' title='bbox 2654 1712 2860 1768; x_wconf 82' lang='lat' dir='ltr'><strong>Horum</strong></span> <span class='ocrx_word' id='word_1_226' title='bbox 2915 1715 3071 1770; x_wconf 87' lang='lat' dir='ltr'><strong>multi</strong></span> <span class='ocrx_word' id='word_1_227' title='bbox 3135 1732 3346 1787; x_wconf 89' lang='lat' dir='ltr'><strong>quoque</strong></span> <span class='ocrx_word' id='word_1_228' title='bbox 3396 1718 3463 1773; x_wconf 86' lang='lat' dir='ltr'><strong>ad</strong></span> 
     </span>
    </p>
   </div>
   <div class='ocr_carea' id='block_1_34' title="bbox 201 1780 1781 1877">
    <p class='ocr_par' dir='ltr' id='par_1_34' title="bbox 201 1780 1775 1877">
     <span class='ocr_line' id='line_1_34' title="bbox 201 1780 1775 1877; baseline -0.001 -15"><span class='ocrx_word' id='word_1_229' title='bbox 201 1809 306 1864; x_wconf 81' lang='grc' dir='ltr'><strong>τῶν</strong></span> <span class='ocrx_word' id='word_1_230' title='bbox 343 1780 415 1861; x_wconf 28' lang='grc' dir='ltr'><strong>*ἐκ</strong></span> <span class='ocrx_word' id='word_1_231' title='bbox 465 1807 565 1877; x_wconf 83' lang='grc' dir='ltr'>τῆς</span> <span class='ocrx_word' id='word_1_232' title='bbox 598 1780 878 1877; x_wconf 59' lang='grc' dir='ltr'>ἢμετέρας</span> <span class='ocrx_word' id='word_1_233' title='bbox 924 1804 1134 1868; x_wconf 87' lang='grc' dir='ltr'>πόλεως</span> <span class='ocrx_word' id='word_1_234' title='bbox 1181 1780 1775 1876; x_wconf 44' lang='grc' dir='ltr'>προσαιτοῦντωνξκαὶ</span> 
     </span>
    </p>
   </div>
   <div class='ocr_carea' id='block_1_35' title="bbox 1884 1780 3464 1877">
    <p class='ocr_par' dir='ltr' id='par_1_35' title="bbox 1884 1804 3464 1875">
     <span class='ocr_line' id='line_1_35' title="bbox 1884 1804 3464 1875; baseline 0.002 -16"><span class='ocrx_word' id='word_1_235' title='bbox 1884 1806 2111 1875; x_wconf 81' lang='lat' dir='ltr'><strong>impium</strong></span> <span class='ocrx_word' id='word_1_236' title='bbox 2181 1804 2471 1860; x_wconf 77' lang='lat' dir='ltr'><strong>Maliometi</strong></span> <span class='ocrx_word' id='word_1_237' title='bbox 2530 1806 2737 1861; x_wconf 83' lang='lat' dir='ltr'><strong>cultum</strong></span> <span class='ocrx_word' id='word_1_238' title='bbox 2798 1808 3075 1864; x_wconf 73' lang='lat' dir='ltr'><strong>conversi.</strong></span> <span class='ocrx_word' id='word_1_239' title='bbox 3131 1807 3342 1864; x_wconf 88' lang='lat' dir='ltr'><strong>Cuncta</strong></span> <span class='ocrx_word' id='word_1_240' title='bbox 3395 1812 3464 1863; x_wconf 82' lang='lat' dir='ltr'><strong>a-l</strong></span> 
     </span>
    </p>
   </div>
   <div class='ocr_carea' id='block_1_36' title="bbox 203 1899 1775 1970">
    <p class='ocr_par' dir='ltr' id='par_1_36' title="bbox 203 1899 1775 1970">
     <span class='ocr_line' id='line_1_36' title="bbox 203 1899 1775 1970; baseline -0.003 -14"><span class='ocrx_word' id='word_1_241' title='bbox 203 1903 364 1957; x_wconf 79' lang='grc' dir='ltr'>πᾶσιν</span> <span class='ocrx_word' id='word_1_242' title='bbox 411 1904 469 1953; x_wconf 69' lang='grc' dir='ltr'>ιν</span> <span class='ocrx_word' id='word_1_243' title='bbox 501 1899 796 1969; x_wconf 71' lang='grc' dir='ltr'><strong>ὀφθαλμοῖς</strong></span> <span class='ocrx_word' id='word_1_244' title='bbox 845 1901 978 1970; x_wconf 78' lang='grc' dir='ltr'>ἡμῖν</span> <span class='ocrx_word' id='word_1_245' title='bbox 1026 1900 1095 1952; x_wconf 79' lang='grc' dir='ltr'>τὰ</span> <span class='ocrx_word' id='word_1_246' title='bbox 1124 1899 1311 1952; x_wconf 83' lang='grc' dir='ltr'>δεινά.</span> <span class='ocrx_word' id='word_1_247' title='bbox 1362 1900 1572 1962; x_wconf 67' lang='grc' dir='ltr'>Πάντες</span> <span class='ocrx_word' id='word_1_248' title='bbox 1620 1899 1775 1969; x_wconf 78' lang='grc' dir='ltr'>ἡμῶν</span> 
     </span>
    </p>
   </div>
   <div class='ocr_carea' id='block_1_37' title="bbox 199 1991 1777 2063">
    <p class='ocr_par' dir='ltr' id='par_1_37' title="bbox 199 1991 1777 2063">
     <span class='ocr_line' id='line_1_37' title="bbox 199 1991 1777 2063; baseline -0.003 -13"><span class='ocrx_word' id='word_1_249' title='bbox 199 1996 294 2058; x_wconf 77' lang='grc' dir='ltr'>τὰς</span> <span class='ocrx_word' id='word_1_250' title='bbox 329 1994 615 2063; x_wconf 65' lang='grc' dir='ltr'>συμφορὰς</span> <span class='ocrx_word' id='word_1_251' title='bbox 645 1992 946 2056; x_wconf 73' lang='grc' dir='ltr'>ἐλεοῦντες,</span> <span class='ocrx_word' id='word_1_252' title='bbox 981 1991 1287 2060; x_wconf 76' lang='grc' dir='ltr'>ὀδύρονταιο</span> <span class='ocrx_word' id='word_1_253' title='bbox 1341 1992 1402 2044; x_wconf 81' lang='grc' dir='ltr'><strong>οὐ</strong></span> <span class='ocrx_word' id='word_1_254' title='bbox 1450 1991 1673 2045; x_wconf 78' lang='grc' dir='ltr'>δύναται</span> <span class='ocrx_word' id='word_1_255' title='bbox 1721 1991 1777 2046; x_wconf 79' lang='grc' dir='ltr'><strong>δὲ</strong></span> 
     </span>
    </p>
   </div>
   <div class='ocr_carea' id='block_1_38' title="bbox 203 2084 1777 2160">
    <p class='ocr_par' dir='ltr' id='par_1_38' title="bbox 203 2084 1777 2160">
     <span class='ocr_line' id='line_1_38' title="bbox 203 2084 1777 2160; baseline -0.002 -18"><span class='ocrx_word' id='word_1_256' title='bbox 203 2086 694 2160; x_wconf 72' lang='grc' dir='ltr'>παραμυθήσεσθαι</span> <span class='ocrx_word' id='word_1_257' title='bbox 717 2086 867 2155; x_wconf 83' lang='grc' dir='ltr'>ὅμως</span> <span class='ocrx_word' id='word_1_258' title='bbox 898 2084 1094 2148; x_wconf 79' lang='grc' dir='ltr'>οὐδείς.</span> <span class='ocrx_word' id='word_1_259' title='bbox 1132 2084 1539 2155; x_wconf 84' lang='grc' dir='ltr'>Ἐπιχαίρουσιν</span> <span class='ocrx_word' id='word_1_260' title='bbox 1572 2086 1620 2137; x_wconf 79' lang='lat' dir='ltr'><strong>oi</strong></span> <span class='ocrx_word' id='word_1_261' title='bbox 1646 2085 1777 2155; x_wconf 76' lang='grc' dir='ltr'><strong>βάρ-</strong></span> 
     </span>
    </p>
   </div>
   <div class='ocr_carea' id='block_1_39' title="bbox 200 2173 1778 2251">
    <p class='ocr_par' dir='ltr' id='par_1_39' title="bbox 200 2173 1778 2251">
     <span class='ocr_line' id='line_1_39' title="bbox 200 2173 1778 2251; baseline -0.003 -17"><span class='ocrx_word' id='word_1_262' title='bbox 200 2181 356 2251; x_wconf 82' lang='grc' dir='ltr'>ϐαροι</span> <span class='ocrx_word' id='word_1_263' title='bbox 388 2181 453 2250; x_wconf 77' lang='grc' dir='ltr'>τῇ</span> <span class='ocrx_word' id='word_1_264' title='bbox 479 2178 725 2250; x_wconf 78' lang='grc' dir='ltr'><strong>ἀπωλείᾳ</strong></span> <span class='ocrx_word' id='word_1_265' title='bbox 755 2178 934 2249; x_wconf 78' lang='grc' dir='ltr'>ἡμῶν·</span> <span class='ocrx_word' id='word_1_266' title='bbox 958 2176 1170 2247; x_wconf 84' lang='grc' dir='ltr'>τρυφὴν</span> <span class='ocrx_word' id='word_1_267' title='bbox 1195 2173 1476 2230; x_wconf 78' lang='grc' dir='ltr'>ποωῦντάι</span> <span class='ocrx_word' id='word_1_268' title='bbox 1500 2177 1599 2239; x_wconf 83' lang='grc' dir='ltr'>τὰς</span> <span class='ocrx_word' id='word_1_269' title='bbox 1622 2176 1778 2248; x_wconf 71' lang='grc' dir='ltr'>ἡμῶν</span> 
     </span>
    </p>
   </div>
   <div class='ocr_carea' id='block_1_40' title="bbox 203 2269 1779 2343">
    <p class='ocr_par' dir='ltr' id='par_1_40' title="bbox 203 2269 1779 2343">
     <span class='ocr_line' id='line_1_40' title="bbox 203 2269 1779 2343; baseline -0.004 -16"><span class='ocrx_word' id='word_1_270' title='bbox 203 2274 525 2343; x_wconf 71' lang='grc' dir='ltr'>συμφοράς’</span> <span class='ocrx_word' id='word_1_271' title='bbox 558 2271 940 2341; x_wconf 81' lang='grc' dir='ltr'>ἑγκαυχῶνται</span> <span class='ocrx_word' id='word_1_272' title='bbox 996 2272 1060 2340; x_wconf 83' lang='grc' dir='ltr'>τῇ</span> <span class='ocrx_word' id='word_1_273' title='bbox 1112 2270 1322 2324; x_wconf 73' lang='grc' dir='ltr'>ἑαυτῶν</span> <span class='ocrx_word' id='word_1_274' title='bbox 1374 2269 1631 2339; x_wconf 74' lang='grc' dir='ltr'>ἀσεϐείᾳ·</span> <span class='ocrx_word' id='word_1_275' title='bbox 1680 2269 1779 2340; x_wconf 86' lang='grc' dir='ltr'>τῆς</span> 
     </span>
    </p>
   </div>
   <div class='ocr_carea' id='block_1_41' title="bbox 199 2361 1778 2437">
    <p class='ocr_par' dir='ltr' id='par_1_41' title="bbox 199 2361 1778 2437">
     <span class='ocr_line' id='line_1_41' title="bbox 199 2361 1778 2437; baseline 0 -22"><span class='ocrx_word' id='word_1_276' title='bbox 199 2367 475 2437; x_wconf 70' lang='grc' dir='ltr'>ἡμετέρας</span> <span class='ocrx_word' id='word_1_277' title='bbox 499 2363 783 2427; x_wconf 82' lang='grc' dir='ltr'>εὐσεϐείας</span> <span class='ocrx_word' id='word_1_278' title='bbox 830 2361 1360 2426; x_wconf 75' lang='grc' dir='ltr'>κατεξανίστανταιο</span> <span class='ocrx_word' id='word_1_279' title='bbox 1402 2361 1778 2431; x_wconf 73' lang='grc' dir='ltr'>ἐνυϐρίζουσιν</span> 
     </span>
    </p>
   </div>
   <div class='ocr_carea' id='block_1_42' title="bbox 204 2451 1779 2525">
    <p class='ocr_par' dir='ltr' id='par_1_42' title="bbox 204 2451 1779 2525">
     <span class='ocr_line' id='line_1_42' title="bbox 204 2451 1779 2525; baseline -0.002 -17"><span class='ocrx_word' id='word_1_280' title='bbox 204 2453 359 2525; x_wconf 76' lang='grc' dir='ltr'>ἡμῶν</span> <span class='ocrx_word' id='word_1_281' title='bbox 387 2456 503 2518; x_wconf 83' lang='grc' dir='ltr'>τοῖς</span> <span class='ocrx_word' id='word_1_282' title='bbox 534 2455 776 2524; x_wconf 87' lang='grc' dir='ltr'>σεμνοῖς.</span> <span class='ocrx_word' id='word_1_283' title='bbox 820 2452 894 2506; x_wconf 87' lang='grc' dir='ltr'>Τὸ</span> <span class='ocrx_word' id='word_1_284' title='bbox 926 2452 1021 2506; x_wconf 89' lang='grc' dir='ltr'><strong>τοῦ</strong></span> <span class='ocrx_word' id='word_1_285' title='bbox 1053 2451 1190 2505; x_wconf 84' lang='grc' dir='ltr'>Θεοῦ</span> <span class='ocrx_word' id='word_1_286' title='bbox 1220 2452 1308 2507; x_wconf 79' lang='grc' dir='ltr'><strong>διὰ</strong></span> <span class='ocrx_word' id='word_1_287' title='bbox 1349 2452 1447 2521; x_wconf 81' lang='grc' dir='ltr'>τὴν</span> <span class='ocrx_word' id='word_1_288' title='bbox 1492 2451 1650 2522; x_wconf 77' lang='grc' dir='ltr'>ἡμῶν</span> <span class='ocrx_word' id='word_1_289' title='bbox 1684 2469 1779 2505; x_wconf 86' lang='grc' dir='ltr'>κα-</span> 
     </span>
    </p>
   </div>
   <div class='ocr_carea' id='block_1_43' title="bbox 204 2532 1780 2614">
    <p class='ocr_par' dir='ltr' id='par_1_43' title="bbox 204 2532 1780 2614">
     <span class='ocr_line' id='line_1_43' title="bbox 204 2532 1780 2614; baseline -0.001 -17"><span class='ocrx_word' id='word_1_290' title='bbox 204 2546 323 2598; x_wconf 84' lang='grc' dir='ltr'>κίαν</span> <span class='ocrx_word' id='word_1_291' title='bbox 366 2532 539 2614; x_wconf 73' lang='grc' dir='ltr'>ὄνομα</span> <span class='ocrx_word' id='word_1_292' title='bbox 585 2544 1017 2613; x_wconf 82' lang='grc' dir='ltr'>βλασφημεῖται.</span> <span class='ocrx_word' id='word_1_293' title='bbox 1080 2541 1434 2607; x_wconf 76' lang='grc' dir='ltr'>Ἀλαλάζουσι</span> <span class='ocrx_word' id='word_1_294' title='bbox 1487 2542 1631 2596; x_wconf 86' lang='grc' dir='ltr'>κατά</span> <span class='ocrx_word' id='word_1_295' title='bbox 1678 2542 1780 2613; x_wconf 80' lang='grc' dir='ltr'>τῆς</span> 
     </span>
    </p>
   </div>
   <div class='ocr_carea' id='block_1_44' title="bbox 202 2629 1780 2706">
    <p class='ocr_par' dir='ltr' id='par_1_44' title="bbox 202 2629 1780 2706">
     <span class='ocr_line' id='line_1_44' title="bbox 202 2629 1780 2706; baseline -0.001 -19"><span class='ocrx_word' id='word_1_296' title='bbox 202 2636 475 2705; x_wconf 52' lang='grc' dir='ltr'><strong>⁴ἡμετέρας</strong></span> <span class='ocrx_word' id='word_1_297' title='bbox 507 2635 825 2706; x_wconf 83' lang='grc' dir='ltr'>θρησκείας.</span> <span class='ocrx_word' id='word_1_298' title='bbox 851 2629 928 2689; x_wconf 69' lang='grc'><strong>0⁷5</strong></span> <span class='ocrx_word' id='word_1_299' title='bbox 966 2634 1045 2704; x_wconf 79' lang='grc' dir='ltr'><strong>τῷ</strong></span> <span class='ocrx_word' id='word_1_300' title='bbox 1073 2633 1318 2704; x_wconf 89' lang='grc' dir='ltr'>ἀληθινῷ</span> <span class='ocrx_word' id='word_1_301' title='bbox 1343 2633 1463 2704; x_wconf 87' lang='grc' dir='ltr'><strong>Θεῷ</strong></span> <span class='ocrx_word' id='word_1_302' title='bbox 1517 2633 1617 2703; x_wconf 84' lang='grc' dir='ltr'>τὴν</span> <span class='ocrx_word' id='word_1_303' title='bbox 1645 2632 1780 2705; x_wconf 87' lang='grc' dir='ltr'>ἀλη-</span> 
     </span>
    </p>
   </div>
   <div class='ocr_carea' id='block_1_45' title="bbox 203 2725 1780 2799">
    <p class='ocr_par' dir='ltr' id='par_1_45' title="bbox 203 2725 1780 2799">
     <span class='ocr_line' id='line_1_45' title="bbox 203 2725 1780 2799; baseline -0.001 -18"><span class='ocrx_word' id='word_1_304' title='bbox 203 2726 353 2797; x_wconf 82' lang='grc' dir='ltr'>θινὴν</span> <span class='ocrx_word' id='word_1_305' title='bbox 404 2725 662 2799; x_wconf 79' lang='grc' dir='ltr'>λατρείαν</span> <span class='ocrx_word' id='word_1_306' title='bbox 720 2726 1051 2796; x_wconf 78' lang='grc' dir='ltr'>ὲκτελοῦμεν</span> <span class='ocrx_word' id='word_1_307' title='bbox 1106 2728 1315 2796; x_wconf 73' lang='grc' dir='ltr'>ἡμεῖς,</span> <span class='ocrx_word' id='word_1_308' title='bbox 1387 2725 1618 2780; x_wconf 72' lang='grc' dir='ltr'>ἐνταῦθα</span> <span class='ocrx_word' id='word_1_309' title='bbox 1686 2725 1780 2779; x_wconf 85' lang='grc' dir='ltr'><strong>νῦν</strong></span> 
     </span>
    </p>
   </div>
   <div class='ocr_carea' id='block_1_46' title="bbox 201 2818 1779 2889">
    <p class='ocr_par' dir='ltr' id='par_1_46' title="bbox 201 2818 1779 2889">
     <span class='ocr_line' id='line_1_46' title="bbox 201 2818 1779 2889; baseline 0 -15"><span class='ocrx_word' id='word_1_310' title='bbox 201 2820 374 2884; x_wconf 65' lang='grc' dir='ltr'>ἑστὼς</span> <span class='ocrx_word' id='word_1_311' title='bbox 408 2819 468 2872; x_wconf 67' lang='grc' dir='ltr'>τὸ</span> <span class='ocrx_word' id='word_1_312' title='bbox 512 2821 609 2889; x_wconf 80' lang='grc' dir='ltr'>τῆς</span> <span class='ocrx_word' id='word_1_313' title='bbox 641 2818 976 2889; x_wconf 78' lang='grc' dir='ltr'><strong>ἐρημώσεως</strong></span> <span class='ocrx_word' id='word_1_314' title='bbox 1021 2819 1298 2888; x_wconf 80' lang='grc' dir='ltr'><strong>βδέλυγμα</strong></span> <span class='ocrx_word' id='word_1_315' title='bbox 1345 2819 1664 2887; x_wconf 77' lang='grc' dir='ltr'>καθορᾶται.</span> <span class='ocrx_word' id='word_1_316' title='bbox 1715 2819 1779 2874; x_wconf 83' lang='grc' dir='ltr'><strong>Ἦ</strong></span> 
     </span>
    </p>
   </div>
   <div class='ocr_carea' id='block_1_47' title="bbox 199 2909 1783 2981">
    <p class='ocr_par' dir='ltr' id='par_1_47' title="bbox 199 2909 1783 2981">
     <span class='ocr_line' id='line_1_47' title="bbox 199 2909 1783 2981; baseline -0.002 -16"><span class='ocrx_word' id='word_1_317' title='bbox 199 2911 541 2980; x_wconf 79' lang='grc' dir='ltr'>Χριστιανῶν</span> <span class='ocrx_word' id='word_1_318' title='bbox 612 2910 765 2973; x_wconf 83' lang='grc' dir='ltr'>πόλις</span> <span class='ocrx_word' id='word_1_319' title='bbox 810 2910 911 2981; x_wconf 66' lang='grc' dir='ltr'><strong>ἤδη</strong></span> <span class='ocrx_word' id='word_1_320' title='bbox 965 2910 1075 2964; x_wconf 88' lang='grc' dir='ltr'><strong>τῶν</strong></span> <span class='ocrx_word' id='word_1_321' title='bbox 1131 2909 1382 2963; x_wconf 85' lang='grc' dir='ltr'>ἀσεϐῶν·</span> <span class='ocrx_word' id='word_1_322' title='bbox 1418 2910 1518 2963; x_wconf 82' lang='grc' dir='ltr'><strong>οὐκ</strong></span> <span class='ocrx_word' id='word_1_323' title='bbox 1561 2910 1641 2964; x_wconf 71' lang='grc' dir='ltr'>ἔτι</span> <span class='ocrx_word' id='word_1_324' title='bbox 1688 2926 1783 2981; x_wconf 81' lang='grc' dir='ltr'>με-</span> 
     </span>
    </p>
   </div>
   <div class='ocr_carea' id='block_1_48' title="bbox 200 3002 1775 3073">
    <p class='ocr_par' dir='ltr' id='par_1_48' title="bbox 200 3002 1775 3073">
     <span class='ocr_line' id='line_1_48' title="bbox 200 3002 1775 3073; baseline 0.007 -25"><span class='ocrx_word' id='word_1_325' title='bbox 200 3004 341 3073; x_wconf 81' lang='grc' dir='ltr'>γάλη</span> <span class='ocrx_word' id='word_1_326' title='bbox 401 3003 491 3056; x_wconf 75' lang='grc' dir='ltr'><strong>ἐπ’</strong></span> <span class='ocrx_word' id='word_1_327' title='bbox 550 3003 813 3071; x_wconf 78' lang='grc' dir='ltr'>ἀγαθοῖς,</span> <span class='ocrx_word' id='word_1_328' title='bbox 859 3002 996 3057; x_wconf 84' lang='grc' dir='ltr'><strong>ἀλλά</strong></span> <span class='ocrx_word' id='word_1_329' title='bbox 1043 3002 1274 3072; x_wconf 77' lang='grc' dir='ltr'>μεγίστη</span> <span class='ocrx_word' id='word_1_330' title='bbox 1326 3003 1384 3054; x_wconf 70' lang='grc' dir='ltr'>ἰν</span> <span class='ocrx_word' id='word_1_331' title='bbox 1443 3005 1775 3073; x_wconf 73' lang='grc' dir='ltr'>συμφοραῖς.</span> 
     </span>
    </p>
   </div>
   <div class='ocr_carea' id='block_1_49' title="bbox 200 3090 1853 3182">
    <p class='ocr_par' dir='ltr' id='par_1_49' title="bbox 200 3090 1853 3182">
     <span class='ocr_line' id='line_1_49' title="bbox 200 3090 1853 3182; baseline -0.001 -33"><span class='ocrx_word' id='word_1_332' title='bbox 200 3095 355 3167; x_wconf 82' lang='grc' dir='ltr'><strong>Ὂσῳ</strong></span> <span class='ocrx_word' id='word_1_333' title='bbox 389 3095 750 3167; x_wconf 76' lang='grc' dir='ltr'>λαμπροτέρα</span> <span class='ocrx_word' id='word_1_334' title='bbox 781 3090 872 3166; x_wconf 73' lang='grc' dir='ltr'>ἦν,</span> <span class='ocrx_word' id='word_1_335' title='bbox 906 3095 1145 3166; x_wconf 66' lang='grc' dir='ltr'>τοσούτῳ</span> <span class='ocrx_word' id='word_1_336' title='bbox 1174 3094 1271 3148; x_wconf 90' lang='grc' dir='ltr'><strong>νῦν</strong></span> <span class='ocrx_word' id='word_1_337' title='bbox 1314 3095 1475 3149; x_wconf 79' lang='grc' dir='ltr'>ἀθλία</span> <span class='ocrx_word' id='word_1_338' title='bbox 1516 3096 1782 3166; x_wconf 85' lang='grc' dir='ltr'>καθέστη-</span> <span class='ocrx_word' id='word_1_339' title='bbox 1810 3123 1853 3182; x_wconf 77' lang='lat' dir='ltr'><strong>C</strong></span> 
     </span>
    </p>
   </div>
   <div class='ocr_carea' id='block_1_50' title="bbox 197 3184 1783 3255">
    <p class='ocr_par' dir='ltr' id='par_1_50' title="bbox 197 3184 1783 3255">
     <span class='ocr_line' id='line_1_50' title="bbox 197 3184 1783 3255; baseline -0.001 -15"><span class='ocrx_word' id='word_1_340' title='bbox 197 3202 319 3241; x_wconf 81' lang='grc' dir='ltr'>κεν.</span> <span class='ocrx_word' id='word_1_341' title='bbox 370 3185 538 3239; x_wconf 78' lang='grc' dir='ltr'>Οὐδὲν</span> <span class='ocrx_word' id='word_1_342' title='bbox 578 3184 751 3255; x_wconf 78' lang='grc' dir='ltr'>αὐτῆς</span> <span class='ocrx_word' id='word_1_343' title='bbox 806 3186 1227 3254; x_wconf 84' lang='grc' dir='ltr'>μακαριώτερον</span> <span class='ocrx_word' id='word_1_344' title='bbox 1267 3186 1567 3255; x_wconf 87' lang='grc' dir='ltr'>πρότερον,</span> <span class='ocrx_word' id='word_1_345' title='bbox 1630 3185 1783 3239; x_wconf 74' lang='grc' dir='ltr'>οὐδὲν</span> 
     </span>
    </p>
   </div>
   <div class='ocr_carea' id='block_1_51' title="bbox 195 3278 1781 3349">
    <p class='ocr_par' dir='ltr' id='par_1_51' title="bbox 195 3278 1781 3349">
     <span class='ocr_line' id='line_1_51' title="bbox 195 3278 1781 3349; baseline -0.004 -13"><span class='ocrx_word' id='word_1_346' title='bbox 195 3282 567 3349; x_wconf 62' lang='grc' dir='ltr'>ἐλεεινότερον</span> <span class='ocrx_word' id='word_1_347' title='bbox 599 3280 695 3333; x_wconf 89' lang='grc' dir='ltr'><strong>νῦν</strong></span> <span class='ocrx_word' id='word_1_348' title='bbox 725 3279 853 3348; x_wconf 80' lang='grc' dir='ltr'><strong>ὲξῆν</strong></span> <span class='ocrx_word' id='word_1_349' title='bbox 876 3279 1048 3349; x_wconf 74' lang='grc' dir='ltr'>αὐτὴν</span> <span class='ocrx_word' id='word_1_350' title='bbox 1099 3280 1197 3333; x_wconf 78' lang='grc' dir='ltr'>καὶ</span> <span class='ocrx_word' id='word_1_351' title='bbox 1246 3278 1462 3349; x_wconf 81' lang='grc' dir='ltr'>οὐρανῷ</span> <span class='ocrx_word' id='word_1_352' title='bbox 1498 3280 1781 3348; x_wconf 67' lang='grc' dir='ltr'>παραϐάλ-</span> 
     </span>
    </p>
   </div>
   <div class='ocr_carea' id='block_1_52' title="bbox 195 3369 1783 3444">
    <p class='ocr_par' dir='ltr' id='par_1_52' title="bbox 195 3369 1783 3444">
     <span class='ocr_line' id='line_1_52' title="bbox 195 3369 1783 3444; baseline -0.002 -16"><span class='ocrx_word' id='word_1_353' title='bbox 195 3374 337 3428; x_wconf 83' lang='grc' dir='ltr'>λειν·</span> <span class='ocrx_word' id='word_1_354' title='bbox 362 3373 437 3436; x_wconf 86' lang='grc' dir='ltr'>ὡς</span> <span class='ocrx_word' id='word_1_355' title='bbox 465 3373 642 3444; x_wconf 72' lang='grc' dir='ltr'>ἣλιον,</span> <span class='ocrx_word' id='word_1_356' title='bbox 671 3373 766 3426; x_wconf 72' lang='grc' dir='ltr'><strong>καὶ</strong></span> <span class='ocrx_word' id='word_1_357' title='bbox 791 3372 1046 3443; x_wconf 81' lang='grc' dir='ltr'>σελήνην,</span> <span class='ocrx_word' id='word_1_358' title='bbox 1066 3372 1160 3424; x_wconf 73' lang='grc' dir='ltr'><strong>καὶ</strong></span> <span class='ocrx_word' id='word_1_359' title='bbox 1187 3369 1445 3442; x_wconf 82' lang='grc' dir='ltr'>ἀστέρας,</span> <span class='ocrx_word' id='word_1_360' title='bbox 1472 3372 1539 3424; x_wconf 81' lang='grc' dir='ltr'>τὰ</span> <span class='ocrx_word' id='word_1_361' title='bbox 1564 3371 1783 3425; x_wconf 78' lang='grc' dir='ltr'>ποικίλα</span> 
     </span>
    </p>
   </div>
   <div class='ocr_carea' id='block_1_53' title="bbox 192 3463 1839 3534">
    <p class='ocr_par' dir='ltr' id='par_1_53' title="bbox 192 3463 1839 3534">
     <span class='ocr_line' id='line_1_53' title="bbox 192 3463 1839 3534; baseline -0.005 -11"><span class='ocrx_word' id='word_1_362' title='bbox 192 3467 314 3523; x_wconf 69' lang='grc' dir='ltr'><strong>τῶν</strong></span> <span class='ocrx_word' id='word_1_363' title='bbox 345 3465 512 3530; x_wconf 88' lang='grc' dir='ltr'>ναῶν,</span> <span class='ocrx_word' id='word_1_364' title='bbox 547 3464 637 3518; x_wconf 73' lang='grc' dir='ltr'>καὶ</span> <span class='ocrx_word' id='word_1_365' title='bbox 670 3464 781 3516; x_wconf 88' lang='grc' dir='ltr'><strong>τῶν</strong></span> <span class='ocrx_word' id='word_1_366' title='bbox 824 3464 1003 3519; x_wconf 84' lang='grc' dir='ltr'>ἀλλων</span> <span class='ocrx_word' id='word_1_367' title='bbox 1052 3463 1431 3533; x_wconf 75' lang='grc' dir='ltr'>περιϐλέπτων</span> <span class='ocrx_word' id='word_1_368' title='bbox 1464 3463 1786 3534; x_wconf 69' lang='grc' dir='ltr'>οἰκημάτων</span> <span class='ocrx_word' id='word_1_369' title='bbox 1830 3494 1839 3503; x_wconf 63' lang='grc' dir='ltr'><strong>ς</strong></span> 
     </span>
    </p>
   </div>
   <div class='ocr_carea' id='block_1_54' title="bbox 196 3555 1785 3629">
    <p class='ocr_par' dir='ltr' id='par_1_54' title="bbox 196 3555 1785 3629">
     <span class='ocr_line' id='line_1_54' title="bbox 196 3555 1785 3629; baseline -0.004 -15"><span class='ocrx_word' id='word_1_370' title='bbox 196 3559 656 3629; x_wconf 72' lang='grc' dir='ltr'>προϐαλλομένην</span> <span class='ocrx_word' id='word_1_371' title='bbox 683 3557 856 3627; x_wconf 80' lang='grc' dir='ltr'>κάλλη</span> <span class='ocrx_word' id='word_1_372' title='bbox 886 3574 944 3608; x_wconf 83' lang='grc' dir='ltr'><strong>τε</strong></span> <span class='ocrx_word' id='word_1_373' title='bbox 974 3556 1070 3608; x_wconf 68' lang='grc' dir='ltr'><strong>καὶ</strong></span> <span class='ocrx_word' id='word_1_374' title='bbox 1108 3556 1337 3626; x_wconf 79' lang='grc' dir='ltr'>μεγέθη,</span> <span class='ocrx_word' id='word_1_375' title='bbox 1367 3555 1582 3609; x_wconf 79' lang='grc' dir='ltr'>πάντων</span> <span class='ocrx_word' id='word_1_376' title='bbox 1615 3556 1785 3624; x_wconf 86' lang='grc' dir='ltr'>ἀσύγ-</span> 
     </span>
    </p>
   </div>
   <div class='ocr_carea' id='block_1_55' title="bbox 194 3642 1785 3722">
    <p class='ocr_par' dir='ltr' id='par_1_55' title="bbox 194 3642 1785 3722">
     <span class='ocr_line' id='line_1_55' title="bbox 194 3642 1785 3722; baseline -0.004 -16"><span class='ocrx_word' id='word_1_377' title='bbox 194 3667 366 3722; x_wconf 88' lang='grc' dir='ltr'>κριτα</span> <span class='ocrx_word' id='word_1_378' title='bbox 416 3649 614 3704; x_wconf 84' lang='grc' dir='ltr'>ἀλλων.</span> <span class='ocrx_word' id='word_1_379' title='bbox 673 3647 834 3700; x_wconf 81' lang='grc' dir='ltr'>Ἀλλὰ</span> <span class='ocrx_word' id='word_1_380' title='bbox 868 3645 963 3699; x_wconf 86' lang='grc' dir='ltr'><strong>νῦν</strong></span> <span class='ocrx_word' id='word_1_381' title='bbox 998 3648 1097 3699; x_wconf 75' lang='grc' dir='ltr'><strong>οὐκ</strong></span> <span class='ocrx_word' id='word_1_382' title='bbox 1132 3642 1249 3710; x_wconf 78' lang='grc' dir='ltr'>οἷδ’,</span> <span class='ocrx_word' id='word_1_383' title='bbox 1304 3647 1331 3698; x_wconf 86' lang='grc' dir='ltr'><strong>ὃ</strong></span> <span class='ocrx_word' id='word_1_384' title='bbox 1378 3664 1430 3697; x_wconf 90' lang='grc' dir='ltr'>τι</span> <span class='ocrx_word' id='word_1_385' title='bbox 1481 3663 1563 3710; x_wconf 88' lang='grc' dir='ltr'><strong>τις</strong></span> <span class='ocrx_word' id='word_1_386' title='bbox 1617 3647 1785 3717; x_wconf 76' lang='grc' dir='ltr'>αὐτὴν</span> 
     </span>
    </p>
   </div>
   <div class='ocr_carea' id='block_1_56' title="bbox 192 3739 1785 3809">
    <p class='ocr_par' dir='ltr' id='par_1_56' title="bbox 192 3739 1785 3809">
     <span class='ocr_line' id='line_1_56' title="bbox 192 3739 1785 3809; baseline -0.003 -11"><span class='ocrx_word' id='word_1_387' title='bbox 192 3743 396 3808; x_wconf 72' lang='grc' dir='ltr'>εἰπὼν,</span> <span class='ocrx_word' id='word_1_388' title='bbox 430 3744 531 3796; x_wconf 85' lang='grc' dir='ltr'><strong>οὐκ</strong></span> <span class='ocrx_word' id='word_1_389' title='bbox 556 3739 993 3809; x_wconf 82' lang='grc' dir='ltr'>ἀπενεχθήσεται</span> <span class='ocrx_word' id='word_1_390' title='bbox 1033 3739 1128 3791; x_wconf 87' lang='grc' dir='ltr'><strong>τοῦ</strong></span> <span class='ocrx_word' id='word_1_391' title='bbox 1176 3740 1568 3808; x_wconf 76' lang='grc' dir='ltr'>προσήκοντος.</span> <span class='ocrx_word' id='word_1_392' title='bbox 1602 3741 1785 3794; x_wconf 74' lang='grc' dir='ltr'>Πάντα</span> 
     </span>
    </p>
   </div>
   <div class='ocr_carea' id='block_1_57' title="bbox 193 3828 1785 3906">
    <p class='ocr_par' dir='ltr' id='par_1_57' title="bbox 193 3828 1785 3906">
     <span class='ocr_line' id='line_1_57' title="bbox 193 3828 1785 3906; baseline -0.004 -16"><span class='ocrx_word' id='word_1_393' title='bbox 193 3838 313 3906; x_wconf 76' lang='grc' dir='ltr'>γὰρ</span> <span class='ocrx_word' id='word_1_394' title='bbox 344 3835 483 3903; x_wconf 79' lang='grc' dir='ltr'><strong>αὐτῇ</strong></span> <span class='ocrx_word' id='word_1_395' title='bbox 519 3832 707 3885; x_wconf 67' lang='grc' dir='ltr'>λοιπον</span> <span class='ocrx_word' id='word_1_396' title='bbox 737 3831 976 3899; x_wconf 76' lang='grc' dir='ltr'>ἁρμόζει</span> <span class='ocrx_word' id='word_1_397' title='bbox 1009 3830 1075 3881; x_wconf 84' lang='grc' dir='ltr'>τά</span> <span class='ocrx_word' id='word_1_398' title='bbox 1107 3830 1299 3899; x_wconf 84' lang='grc' dir='ltr'>χείρω.</span> <span class='ocrx_word' id='word_1_399' title='bbox 1337 3830 1576 3899; x_wconf 84' lang='grc' dir='ltr'>Ἀμείνω</span> <span class='ocrx_word' id='word_1_400' title='bbox 1602 3832 1668 3885; x_wconf 81' lang='grc' dir='ltr'><strong>ἂν</strong></span> <span class='ocrx_word' id='word_1_401' title='bbox 1693 3828 1785 3903; x_wconf 76' lang='grc' dir='ltr'>ἦν,</span> 
     </span>
    </p>
   </div>
   <div class='ocr_carea' id='block_1_58' title="bbox 194 3922 1786 3997">
    <p class='ocr_par' dir='ltr' id='par_1_58' title="bbox 194 3922 1786 3997">
     <span class='ocr_line' id='line_1_58' title="bbox 194 3922 1786 3997; baseline -0.003 -15"><span class='ocrx_word' id='word_1_402' title='bbox 194 3929 253 3982; x_wconf 73' lang='grc' dir='ltr'>εἰ</span> <span class='ocrx_word' id='word_1_403' title='bbox 307 3928 421 3997; x_wconf 82' lang='grc' dir='ltr'><strong>πῦρ</strong></span> <span class='ocrx_word' id='word_1_404' title='bbox 469 3925 639 3993; x_wconf 79' lang='grc' dir='ltr'>αὐτὴν</span> <span class='ocrx_word' id='word_1_405' title='bbox 694 3922 1067 3992; x_wconf 74' lang='grc' dir='ltr'>κατενεμήθη,</span> <span class='ocrx_word' id='word_1_406' title='bbox 1114 3922 1145 3993; x_wconf 78' lang='grc' dir='ltr'>ἢ</span> <span class='ocrx_word' id='word_1_407' title='bbox 1185 3922 1328 3990; x_wconf 78' lang='grc' dir='ltr'>ὓδωρ</span> <span class='ocrx_word' id='word_1_408' title='bbox 1373 3923 1699 3989; x_wconf 66' lang='grc' dir='ltr'>ἑπέκλυσεν,</span> <span class='ocrx_word' id='word_1_409' title='bbox 1753 3925 1786 3995; x_wconf 70' lang='grc' dir='ltr'>ἢ</span> 
     </span>
    </p>
   </div>
   <div class='ocr_carea' id='block_1_59' title="bbox 194 4015 1787 4090">
    <p class='ocr_par' dir='ltr' id='par_1_59' title="bbox 194 4015 1787 4090">
     <span class='ocr_line' id='line_1_59' title="bbox 194 4015 1787 4090; baseline -0.004 -15"><span class='ocrx_word' id='word_1_410' title='bbox 194 4020 430 4090; x_wconf 57' lang='grc' dir='ltr'>σεισμός</span> <span class='ocrx_word' id='word_1_411' title='bbox 472 4018 863 4085; x_wconf 74' lang='grc' dir='ltr'>κατηδάφισεν,</span> <span class='ocrx_word' id='word_1_412' title='bbox 919 4016 1103 4078; x_wconf 78' lang='grc' dir='ltr'>αὐτοῖς</span> <span class='ocrx_word' id='word_1_413' title='bbox 1157 4015 1427 4081; x_wconf 80' lang='grc' dir='ltr'>πολίταις,</span> <span class='ocrx_word' id='word_1_414' title='bbox 1478 4020 1572 4069; x_wconf 81' lang='grc' dir='ltr'><strong>καὶ</strong></span> <span class='ocrx_word' id='word_1_415' title='bbox 1619 4019 1787 4070; x_wconf 81' lang='grc' dir='ltr'>πᾶσιν</span> 
     </span>
    </p>
   </div>
   <div class='ocr_carea' id='block_1_60' title="bbox 190 4106 1787 4181">
    <p class='ocr_par' dir='ltr' id='par_1_60' title="bbox 190 4106 1787 4181">
     <span class='ocr_line' id='line_1_60' title="bbox 190 4106 1787 4181; baseline -0.004 -14"><span class='ocrx_word' id='word_1_416' title='bbox 190 4112 321 4181; x_wconf 73' lang='grc' dir='ltr'><strong>ἅμα</strong></span> <span class='ocrx_word' id='word_1_417' title='bbox 355 4111 557 4180; x_wconf 75' lang='grc' dir='ltr'>τιμίοις</span> <span class='ocrx_word' id='word_1_418' title='bbox 588 4126 645 4161; x_wconf 86' lang='grc' dir='ltr'><strong>τε</strong></span> <span class='ocrx_word' id='word_1_419' title='bbox 674 4108 769 4162; x_wconf 75' lang='grc' dir='ltr'>καὶ</span> <span class='ocrx_word' id='word_1_420' title='bbox 797 4107 1036 4174; x_wconf 80' lang='grc' dir='ltr'>σεμνοῖς,</span> <span class='ocrx_word' id='word_1_421' title='bbox 1074 4106 1106 4177; x_wconf 71' lang='grc' dir='ltr'>ἢ</span> <span class='ocrx_word' id='word_1_422' title='bbox 1149 4106 1440 4175; x_wconf 77' lang='grc' dir='ltr'>σωζομένη</span> <span class='ocrx_word' id='word_1_423' title='bbox 1472 4123 1531 4159; x_wconf 91' lang='grc' dir='ltr'>τε</span> <span class='ocrx_word' id='word_1_424' title='bbox 1564 4106 1667 4172; x_wconf 78' lang='grc' dir='ltr'>ἔτι,</span> <span class='ocrx_word' id='word_1_425' title='bbox 1692 4108 1787 4161; x_wconf 63' lang='grc' dir='ltr'>καὶ</span> 
     </span>
    </p>
   </div>
   <div class='ocr_carea' id='block_1_61' title="bbox 191 4193 1785 4273">
    <p class='ocr_par' dir='ltr' id='par_1_61' title="bbox 191 4193 1785 4273">
     <span class='ocr_line' id='line_1_61' title="bbox 191 4193 1785 4273; baseline -0.005 -14"><span class='ocrx_word' id='word_1_426' title='bbox 191 4205 300 4260; x_wconf 65' lang='grc' dir='ltr'><strong>ἰπὶ</strong></span> <span class='ocrx_word' id='word_1_427' title='bbox 332 4203 437 4273; x_wconf 80' lang='grc' dir='ltr'><strong>γῆς</strong></span> <span class='ocrx_word' id='word_1_428' title='bbox 467 4202 742 4273; x_wconf 74' lang='grc' dir='ltr'>ὁρωμένη,</span> <span class='ocrx_word' id='word_1_429' title='bbox 790 4200 918 4254; x_wconf 87' lang='grc' dir='ltr'>ἀνευ</span> <span class='ocrx_word' id='word_1_430' title='bbox 953 4193 1026 4253; x_wconf 82' lang='grc' dir='ltr'><strong>ὧν</strong></span> <span class='ocrx_word' id='word_1_431' title='bbox 1058 4194 1171 4266; x_wconf 77' lang='grc' dir='ltr'>εἶχε</span> <span class='ocrx_word' id='word_1_432' title='bbox 1220 4198 1420 4265; x_wconf 69' lang='grc' dir='ltr'>τιμίων</span> <span class='ocrx_word' id='word_1_433' title='bbox 1453 4215 1510 4252; x_wconf 70' lang='grc' dir='ltr'><strong>τε</strong></span> <span class='ocrx_word' id='word_1_434' title='bbox 1557 4197 1652 4252; x_wconf 79' lang='grc' dir='ltr'><strong>καὶ</strong></span> <span class='ocrx_word' id='word_1_435' title='bbox 1682 4215 1785 4253; x_wconf 84' lang='grc' dir='ltr'><strong>κα-</strong></span> 
     </span>
    </p>
   </div>
   <div class='ocr_carea' id='block_1_62' title="bbox 190 4290 1787 4364">
    <p class='ocr_par' dir='ltr' id='par_1_62' title="bbox 190 4290 1787 4364">
     <span class='ocr_line' id='line_1_62' title="bbox 190 4290 1787 4364; baseline -0.004 -12"><span class='ocrx_word' id='word_1_436' title='bbox 190 4298 333 4352; x_wconf 74' lang='grc' dir='ltr'>λῶν.</span> <span class='ocrx_word' id='word_1_437' title='bbox 366 4295 517 4362; x_wconf 75' lang='grc' dir='ltr'>Μέγα</span> <span class='ocrx_word' id='word_1_438' title='bbox 551 4294 898 4364; x_wconf 82' lang='grc' dir='ltr'>Χριστιανοίς</span> <span class='ocrx_word' id='word_1_439' title='bbox 929 4290 1154 4355; x_wconf 75' lang='grc' dir='ltr'>ὄνειδος,</span> <span class='ocrx_word' id='word_1_440' title='bbox 1186 4291 1296 4361; x_wconf 80' lang='grc' dir='ltr'>ὅσῳ</span> <span class='ocrx_word' id='word_1_441' title='bbox 1343 4290 1475 4360; x_wconf 73' lang='grc' dir='ltr'>πρὶν</span> <span class='ocrx_word' id='word_1_442' title='bbox 1508 4292 1787 4361; x_wconf 84' lang='grc' dir='ltr'>φιλοτιμία</span> 
     </span>
    </p>
   </div>
   <div class='ocr_carea' id='block_1_63' title="bbox 196 4382 1789 4462">
    <p class='ocr_par' dir='ltr' id='par_1_63' title="bbox 196 4382 1789 4462">
     <span class='ocr_line' id='line_1_63' title="bbox 196 4382 1789 4462; baseline -0.004 -19"><span class='ocrx_word' id='word_1_443' title='bbox 196 4388 444 4462; x_wconf 79' lang='grc' dir='ltr'>μεγάλη.</span> <span class='ocrx_word' id='word_1_444' title='bbox 483 4385 672 4456; x_wconf 86' lang='grc' dir='ltr'>Πάσης</span> <span class='ocrx_word' id='word_1_445' title='bbox 723 4383 1007 4446; x_wconf 76' lang='grc' dir='ltr'>ἐλπίζουσι</span> <span class='ocrx_word' id='word_1_446' title='bbox 1055 4382 1526 4452; x_wconf 82' lang='grc' dir='ltr'>καταδραμείσθαι</span> <span class='ocrx_word' id='word_1_447' title='bbox 1566 4384 1666 4452; x_wconf 83' lang='grc' dir='ltr'><strong>τῆς</strong></span> <span class='ocrx_word' id='word_1_448' title='bbox 1713 4384 1789 4437; x_wconf 76' lang='lat' dir='ltr'><strong>ol-</strong></span> 
     </span>
    </p>
   </div>
   <div class='ocr_carea' id='block_1_64' title="bbox 1880 1898 3466 1970">
    <p class='ocr_par' dir='ltr' id='par_1_64' title="bbox 1880 1898 3466 1970">
     <span class='ocr_line' id='line_1_64' title="bbox 1880 1898 3466 1970; baseline 0.002 -17"><span class='ocrx_word' id='word_1_449' title='bbox 1880 1898 2156 1953; x_wconf 87' lang='lat' dir='ltr'><strong>iuteritum</strong></span> <span class='ocrx_word' id='word_1_450' title='bbox 2222 1899 2435 1952; x_wconf 81' lang='lat' dir='ltr'><strong>redacta</strong></span> <span class='ocrx_word' id='word_1_451' title='bbox 2516 1899 2581 1953; x_wconf 90' lang='lat' dir='ltr'><strong>ad</strong></span> <span class='ocrx_word' id='word_1_452' title='bbox 2641 1898 3110 1970; x_wconf 78' lang='lat' dir='ltr'><strong>ignominiamque</strong></span> <span class='ocrx_word' id='word_1_453' title='bbox 3200 1902 3466 1956; x_wconf 83' lang='lat' dir='ltr'><strong>honorata</strong></span> 
     </span>
    </p>
   </div>
   <div class='ocr_carea' id='block_1_65' title="bbox 1879 1990 3472 2062">
    <p class='ocr_par' dir='ltr' id='par_1_65' title="bbox 1879 1990 3472 2062">
     <span class='ocr_line' id='line_1_65' title="bbox 1879 1990 3472 2062; baseline 0.004 -17"><span class='ocrx_word' id='word_1_454' title='bbox 1879 2001 2055 2055; x_wconf 81' lang='lat' dir='ltr'><strong>erant,</strong></span> <span class='ocrx_word' id='word_1_455' title='bbox 2084 2005 2184 2045; x_wconf 87' lang='lat' dir='ltr'><strong>nec</strong></span> <span class='ocrx_word' id='word_1_456' title='bbox 2223 1990 2313 2059; x_wconf 85' lang='lat' dir='ltr'><strong>qui</strong></span> <span class='ocrx_word' id='word_1_457' title='bbox 2334 2000 2620 2046; x_wconf 77' lang='lat' dir='ltr'><strong>succurrat</strong></span> <span class='ocrx_word' id='word_1_458' title='bbox 2653 1992 2976 2062; x_wconf 86' lang='lat' dir='ltr'><strong>quisquam.</strong></span> <span class='ocrx_word' id='word_1_459' title='bbox 2999 1992 3293 2048; x_wconf 87' lang='lat' dir='ltr'><strong>Terrarum</strong></span> <span class='ocrx_word' id='word_1_460' title='bbox 3315 1994 3472 2051; x_wconf 69' lang='lat' dir='ltr'><strong>orbis</strong></span> 
     </span>
    </p>
   </div>
   <div class='ocr_carea' id='block_1_66' title="bbox 1879 2084 3465 2156">
    <p class='ocr_par' dir='ltr' id='par_1_66' title="bbox 1879 2084 3465 2156">
     <span class='ocr_line' id='line_1_66' title="bbox 1879 2084 3465 2156; baseline 0.001 -18"><span class='ocrx_word' id='word_1_461' title='bbox 1879 2084 2164 2139; x_wconf 80' lang='lat' dir='ltr'><strong>hominum</strong></span> <span class='ocrx_word' id='word_1_462' title='bbox 2200 2098 2266 2139; x_wconf 86' lang='lat' dir='ltr'><strong>ex</strong></span> <span class='ocrx_word' id='word_1_463' title='bbox 2297 2093 2482 2139; x_wconf 85' lang='lat' dir='ltr'><strong>nostra</strong></span> <span class='ocrx_word' id='word_1_464' title='bbox 2514 2084 2733 2139; x_wconf 81' lang='lat' dir='ltr'><strong>civitate</strong></span> <span class='ocrx_word' id='word_1_465' title='bbox 2762 2084 3138 2156; x_wconf 89' lang='lat' dir='ltr'><strong>dispersorum</strong></span> <span class='ocrx_word' id='word_1_466' title='bbox 3198 2094 3253 2142; x_wconf 91' lang='lat' dir='ltr'><strong>et</strong></span> <span class='ocrx_word' id='word_1_467' title='bbox 3310 2102 3465 2141; x_wconf 90' lang='lat' dir='ltr'><strong>meu-</strong></span> 
     </span>
    </p>
   </div>
   <div class='ocr_carea' id='block_1_67' title="bbox 1880 2175 3509 2249">
    <p class='ocr_par' dir='ltr' id='par_1_67' title="bbox 1880 2175 3509 2249">
     <span class='ocr_line' id='line_1_67' title="bbox 1880 2175 3509 2249; baseline 0.002 -18"><span class='ocrx_word' id='word_1_468' title='bbox 1880 2176 2115 2231; x_wconf 84' lang='lat' dir='ltr'><strong>dicando</strong></span> <span class='ocrx_word' id='word_1_469' title='bbox 2150 2175 2353 2230; x_wconf 79' lang='lat' dir='ltr'><strong>victum</strong></span> <span class='ocrx_word' id='word_1_470' title='bbox 2389 2177 2748 2244; x_wconf 62' lang='lat' dir='ltr'><strong>quaerentium</strong></span> <span class='ocrx_word' id='word_1_471' title='bbox 2809 2177 3001 2247; x_wconf 90' lang='lat' dir='ltr'><strong>plenus</strong></span> <span class='ocrx_word' id='word_1_472' title='bbox 3033 2195 3049 2246; x_wconf 85' lang='lat'><strong>;</strong></span> <span class='ocrx_word' id='word_1_473' title='bbox 3112 2178 3166 2233; x_wconf 89' lang='lat' dir='ltr'><strong>in</strong></span> <span class='ocrx_word' id='word_1_474' title='bbox 3218 2180 3468 2234; x_wconf 90' lang='lat' dir='ltr'><strong>omnium</strong></span> <span class='ocrx_word' id='word_1_475' title='bbox 3504 2244 3509 2249; x_wconf 11' lang='grc' dir='ltr'><strong>ἡ</strong></span> 
     </span>
    </p>
   </div>
   <div class='ocr_carea' id='block_1_68' title="bbox 1880 2265 3468 2337">
    <p class='ocr_par' dir='ltr' id='par_1_68' title="bbox 1880 2265 3468 2337">
     <span class='ocr_line' id='line_1_68' title="bbox 1880 2265 3468 2337; baseline 0.003 -18"><span class='ocrx_word' id='word_1_476' title='bbox 1880 2276 2129 2321; x_wconf 87' lang='lat' dir='ltr'><strong>nostrum</strong></span> <span class='ocrx_word' id='word_1_477' title='bbox 2162 2265 2337 2322; x_wconf 92' lang='lat' dir='ltr'><strong>oculis</strong></span> <span class='ocrx_word' id='word_1_478' title='bbox 2360 2280 2618 2320; x_wconf 61' lang='lat' dir='ltr'><strong>rerumnre</strong></span> <span class='ocrx_word' id='word_1_479' title='bbox 2651 2266 2861 2337; x_wconf 65' lang='lat' dir='ltr'><strong>positae.</strong></span> <span class='ocrx_word' id='word_1_480' title='bbox 2903 2266 3129 2335; x_wconf 87' lang='lat' dir='ltr'><strong>Omnes,</strong></span> <span class='ocrx_word' id='word_1_481' title='bbox 3190 2269 3468 2324; x_wconf 79' lang='lat' dir='ltr'><strong>excidium</strong></span> 
     </span>
    </p>
   </div>
   <div class='ocr_carea' id='block_1_69' title="bbox 1881 2356 3469 2425">
    <p class='ocr_par' dir='ltr' id='par_1_69' title="bbox 1881 2356 3469 2425">
     <span class='ocr_line' id='line_1_69' title="bbox 1881 2356 3469 2425; baseline 0.003 -15"><span class='ocrx_word' id='word_1_482' title='bbox 1881 2365 2130 2412; x_wconf 87' lang='lat' dir='ltr'><strong>nostrum</strong></span> <span class='ocrx_word' id='word_1_483' title='bbox 2171 2358 2518 2419; x_wconf 88' lang='lat' dir='ltr'><strong>miserantes,</strong></span> <span class='ocrx_word' id='word_1_484' title='bbox 2553 2356 2788 2425; x_wconf 86' lang='lat' dir='ltr'><strong>plorant,</strong></span> <span class='ocrx_word' id='word_1_485' title='bbox 2819 2357 2918 2413; x_wconf 90' lang='lat' dir='ltr'><strong>sed</strong></span> <span class='ocrx_word' id='word_1_486' title='bbox 2976 2372 3137 2414; x_wconf 90' lang='lat' dir='ltr'><strong>nemo</strong></span> <span class='ocrx_word' id='word_1_487' title='bbox 3190 2360 3469 2416; x_wconf 90' lang='lat' dir='ltr'><strong>consolari</strong></span> 
     </span>
    </p>
   </div>
   <div class='ocr_carea' id='block_1_70' title="bbox 1882 2446 3472 2522">
    <p class='ocr_par' dir='ltr' id='par_1_70' title="bbox 1882 2446 3472 2522">
     <span class='ocr_line' id='line_1_70' title="bbox 1882 2446 3472 2522; baseline 0.003 -20"><span class='ocrx_word' id='word_1_488' title='bbox 1882 2448 2137 2503; x_wconf 85' lang='lat' dir='ltr'><strong>miserias</strong></span> <span class='ocrx_word' id='word_1_489' title='bbox 2177 2456 2379 2518; x_wconf 88' lang='lat' dir='ltr'><strong>potest.</strong></span> <span class='ocrx_word' id='word_1_490' title='bbox 2426 2446 2696 2502; x_wconf 81' lang='lat' dir='ltr'><strong>lnsultant</strong></span> <span class='ocrx_word' id='word_1_491' title='bbox 2758 2448 2979 2504; x_wconf 87' lang='lat' dir='ltr'><strong>barbari</strong></span> <span class='ocrx_word' id='word_1_492' title='bbox 3036 2460 3237 2506; x_wconf 87' lang='lat' dir='ltr'><strong>nostrae</strong></span> <span class='ocrx_word' id='word_1_493' title='bbox 3286 2451 3472 2522; x_wconf 75' lang='lat' dir='ltr'><strong>perni-</strong></span> 
     </span>
    </p>
   </div>
   <div class='ocr_carea' id='block_1_71' title="bbox 1883 2540 3472 2607">
    <p class='ocr_par' dir='ltr' id='par_1_71' title="bbox 1883 2540 3472 2607">
     <span class='ocr_line' id='line_1_71' title="bbox 1883 2540 3472 2607; baseline 0.002 -11"><span class='ocrx_word' id='word_1_494' title='bbox 1883 2540 2010 2605; x_wconf 89' lang='lat' dir='ltr'><strong>ciei,</strong></span> <span class='ocrx_word' id='word_1_495' title='bbox 2035 2540 2195 2594; x_wconf 89' lang='lat' dir='ltr'><strong>ludos</strong></span> <span class='ocrx_word' id='word_1_496' title='bbox 2227 2540 2434 2594; x_wconf 82' lang='lat' dir='ltr'><strong>faciunt</strong></span> <span class='ocrx_word' id='word_1_497' title='bbox 2476 2550 2693 2595; x_wconf 85' lang='lat' dir='ltr'><strong>nostras</strong></span> <span class='ocrx_word' id='word_1_498' title='bbox 2722 2540 3083 2607; x_wconf 85' lang='lat' dir='ltr'><strong>calamitates,</strong></span> <span class='ocrx_word' id='word_1_499' title='bbox 3121 2543 3174 2596; x_wconf 91' lang='lat' dir='ltr'><strong>in</strong></span> <span class='ocrx_word' id='word_1_500' title='bbox 3219 2560 3315 2599; x_wconf 86' lang='lat' dir='ltr'><strong>sua</strong></span> <span class='ocrx_word' id='word_1_501' title='bbox 3366 2545 3472 2599; x_wconf 85' lang='lat' dir='ltr'><strong>im-</strong></span> 
     </span>
    </p>
   </div>
   <div class='ocr_carea' id='block_1_72' title="bbox 1883 2632 3471 2706">
    <p class='ocr_par' dir='ltr' id='par_1_72' title="bbox 1883 2632 3471 2706">
     <span class='ocr_line' id='line_1_72' title="bbox 1883 2632 3471 2706; baseline 0.004 -21"><span class='ocrx_word' id='word_1_502' title='bbox 1883 2634 2084 2703; x_wconf 86' lang='lat' dir='ltr'><strong>pietate</strong></span> <span class='ocrx_word' id='word_1_503' title='bbox 2119 2632 2449 2703; x_wconf 79' lang='lat' dir='ltr'><strong>gloriantur,</strong></span> <span class='ocrx_word' id='word_1_504' title='bbox 2484 2633 2539 2687; x_wconf 92' lang='lat' dir='ltr'><strong>in</strong></span> <span class='ocrx_word' id='word_1_505' title='bbox 2577 2633 2903 2703; x_wconf 78' lang='lat' dir='ltr'><strong>religionem</strong></span> <span class='ocrx_word' id='word_1_506' title='bbox 2934 2642 3180 2689; x_wconf 83' lang='lat' dir='ltr'><strong>nostram</strong></span> <span class='ocrx_word' id='word_1_507' title='bbox 3218 2636 3360 2706; x_wconf 90' lang='lat' dir='ltr'><strong>piam</strong></span> <span class='ocrx_word' id='word_1_508' title='bbox 3387 2638 3471 2691; x_wconf 88' lang='lat' dir='ltr'><strong>in-</strong></span> 
     </span>
    </p>
   </div>
   <div class='ocr_carea' id='block_1_73' title="bbox 1886 2724 3473 2794">
    <p class='ocr_par' dir='ltr' id='par_1_73' title="bbox 1886 2724 3473 2794">
     <span class='ocr_line' id='line_1_73' title="bbox 1886 2724 3473 2794; baseline 0.002 -15"><span class='ocrx_word' id='word_1_509' title='bbox 1886 2735 2144 2794; x_wconf 77' lang='lat' dir='ltr'><strong>surgunt,</strong></span> <span class='ocrx_word' id='word_1_510' title='bbox 2179 2724 2525 2779; x_wconf 89' lang='lat' dir='ltr'><strong>contumeliis</strong></span> <span class='ocrx_word' id='word_1_511' title='bbox 2557 2725 2609 2778; x_wconf 91' lang='lat' dir='ltr'><strong>in</strong></span> <span class='ocrx_word' id='word_1_512' title='bbox 2672 2734 2888 2781; x_wconf 90' lang='lat' dir='ltr'><strong>nostras</strong></span> <span class='ocrx_word' id='word_1_513' title='bbox 2950 2741 3042 2782; x_wconf 90' lang='lat' dir='ltr'><strong>res</strong></span> <span class='ocrx_word' id='word_1_514' title='bbox 3101 2728 3361 2784; x_wconf 86' lang='lat' dir='ltr'><strong>honestas</strong></span> <span class='ocrx_word' id='word_1_515' title='bbox 3417 2738 3473 2783; x_wconf 89' lang='lat' dir='ltr'><strong>et</strong></span> 
     </span>
    </p>
   </div>
   <div class='ocr_carea' id='block_1_74' title="bbox 1887 2816 3473 2891">
    <p class='ocr_par' dir='ltr' id='par_1_74' title="bbox 1887 2816 3473 2891">
     <span class='ocr_line' id='line_1_74' title="bbox 1887 2816 3473 2891; baseline 0.003 -19"><span class='ocrx_word' id='word_1_516' title='bbox 1887 2827 2106 2873; x_wconf 85' lang='lat' dir='ltr'><strong>sanctas</strong></span> <span class='ocrx_word' id='word_1_517' title='bbox 2141 2816 2494 2873; x_wconf 82' lang='lat' dir='ltr'><strong>invehuntur.</strong></span> <span class='ocrx_word' id='word_1_518' title='bbox 2535 2817 2794 2872; x_wconf 82' lang='lat' dir='ltr'><strong>Smctnm</strong></span> <span class='ocrx_word' id='word_1_519' title='bbox 2834 2816 2924 2872; x_wconf 88' lang='lat' dir='ltr'><strong>Dei</strong></span> <span class='ocrx_word' id='word_1_520' title='bbox 2967 2834 3189 2884; x_wconf 88' lang='lat' dir='ltr'><strong>nomen,</strong></span> <span class='ocrx_word' id='word_1_521' title='bbox 3255 2832 3473 2891; x_wconf 80' lang='lat' dir='ltr'><strong>propter</strong></span> 
     </span>
    </p>
   </div>
   <div class='ocr_carea' id='block_1_75' title="bbox 1884 2910 3474 2976">
    <p class='ocr_par' dir='ltr' id='par_1_75' title="bbox 1884 2910 3474 2976">
     <span class='ocr_line' id='line_1_75' title="bbox 1884 2910 3474 2976; baseline 0.003 -12"><span class='ocrx_word' id='word_1_522' title='bbox 1884 2910 2236 2964; x_wconf 83' lang='lat' dir='ltr'><strong>vitiositatem</strong></span> <span class='ocrx_word' id='word_1_523' title='bbox 2316 2920 2583 2976; x_wconf 87' lang='lat' dir='ltr'><strong>nostram,</strong></span> <span class='ocrx_word' id='word_1_524' title='bbox 2646 2910 2788 2964; x_wconf 84' lang='lat' dir='ltr'><strong>male</strong></span> <span class='ocrx_word' id='word_1_525' title='bbox 2852 2910 3026 2965; x_wconf 89' lang='lat' dir='ltr'><strong>audit.</strong></span> <span class='ocrx_word' id='word_1_526' title='bbox 3090 2911 3474 2968; x_wconf 79' lang='lat' dir='ltr'><strong>Vociferantur</strong></span> 
     </span>
    </p>
   </div>
   <div class='ocr_carea' id='block_1_76' title="bbox 1886 2986 3549 3072">
    <p class='ocr_par' dir='ltr' id='par_1_76' title="bbox 1886 2986 3549 3072">
     <span class='ocr_line' id='line_1_76' title="bbox 1886 2986 3549 3072; baseline -0.001 -15"><span class='ocrx_word' id='word_1_527' title='bbox 1886 3014 2075 3057; x_wconf 87' lang='lat' dir='ltr'><strong>contra</strong></span> <span class='ocrx_word' id='word_1_528' title='bbox 2110 2986 2358 3059; x_wconf 78' lang='lat' dir='ltr'><strong>nostram</strong></span> <span class='ocrx_word' id='word_1_529' title='bbox 2415 3003 2756 3072; x_wconf 80' lang='lat' dir='ltr'><strong>religionem.</strong></span> <span class='ocrx_word' id='word_1_530' title='bbox 2804 3001 3012 3069; x_wconf 83' lang='lat' dir='ltr'><strong>Quibus</strong></span> <span class='ocrx_word' id='word_1_531' title='bbox 3054 3003 3110 3058; x_wconf 91' lang='lat' dir='ltr'><strong>in</strong></span> <span class='ocrx_word' id='word_1_532' title='bbox 3161 3004 3300 3059; x_wconf 90' lang='lat' dir='ltr'><strong>locis</strong></span> <span class='ocrx_word' id='word_1_533' title='bbox 3342 3021 3473 3060; x_wconf 81' lang='lat' dir='ltr'><strong>vero</strong></span> <span class='ocrx_word' id='word_1_534' title='bbox 3535 3035 3549 3055; x_wconf 60' lang='grc' dir='ltr'><strong>κ</strong></span> 
     </span>
    </p>
   </div>
   <div class='ocr_carea' id='block_1_77' title="bbox 1889 3092 3474 3163">
    <p class='ocr_par' dir='ltr' id='par_1_77' title="bbox 1889 3092 3474 3163">
     <span class='ocr_line' id='line_1_77' title="bbox 1889 3092 3474 3163; baseline 0.004 -17"><span class='ocrx_word' id='word_1_535' title='bbox 1889 3092 2000 3148; x_wconf 90' lang='lat' dir='ltr'><strong>Deo</strong></span> <span class='ocrx_word' id='word_1_536' title='bbox 2025 3109 2210 3147; x_wconf 84' lang='lat' dir='ltr'><strong>verum</strong></span> <span class='ocrx_word' id='word_1_537' title='bbox 2242 3108 2342 3148; x_wconf 88' lang='lat' dir='ltr'><strong>nos</strong></span> <span class='ocrx_word' id='word_1_538' title='bbox 2370 3095 2576 3148; x_wconf 84' lang='lat' dir='ltr'><strong>cultum</strong></span> <span class='ocrx_word' id='word_1_539' title='bbox 2597 3096 3014 3163; x_wconf 51' lang='lat' dir='ltr'><strong>praestabamus,</strong></span> <span class='ocrx_word' id='word_1_540' title='bbox 3038 3095 3111 3150; x_wconf 89' lang='lat' dir='ltr'><strong>ibi</strong></span> <span class='ocrx_word' id='word_1_541' title='bbox 3143 3112 3288 3151; x_wconf 78' lang='lat' dir='ltr'><strong>nunc</strong></span> <span class='ocrx_word' id='word_1_542' title='bbox 3310 3095 3474 3154; x_wconf 90' lang='lat' dir='ltr'><strong>deso-</strong></span> 
     </span>
    </p>
   </div>
   <div class='ocr_carea' id='block_1_78' title="bbox 1888 3182 3474 3256">
    <p class='ocr_par' dir='ltr' id='par_1_78' title="bbox 1888 3182 3474 3256">
     <span class='ocr_line' id='line_1_78' title="bbox 1888 3182 3474 3256; baseline 0.005 -19"><span class='ocrx_word' id='word_1_543' title='bbox 1888 3182 2112 3239; x_wconf 85' lang='lat' dir='ltr'><strong>lationis</strong></span> <span class='ocrx_word' id='word_1_544' title='bbox 2179 3184 2517 3239; x_wconf 85' lang='lat' dir='ltr'><strong>abominatio</strong></span> <span class='ocrx_word' id='word_1_545' title='bbox 2586 3194 2739 3239; x_wconf 87' lang='lat' dir='ltr'><strong>stans</strong></span> <span class='ocrx_word' id='word_1_546' title='bbox 2792 3186 3152 3256; x_wconf 73' lang='lat' dir='ltr'><strong>conspicitur.</strong></span> <span class='ocrx_word' id='word_1_547' title='bbox 3201 3187 3474 3245; x_wconf 84' lang='lat' dir='ltr'><strong>Christia-</strong></span> 
     </span>
    </p>
   </div>
   <div class='ocr_carea' id='block_1_79' title="bbox 1887 3277 3473 3347">
    <p class='ocr_par' dir='ltr' id='par_1_79' title="bbox 1887 3277 3473 3347">
     <span class='ocr_line' id='line_1_79' title="bbox 1887 3277 3473 3347; baseline 0.006 -17"><span class='ocrx_word' id='word_1_548' title='bbox 1887 3290 2081 3330; x_wconf 89' lang='lat' dir='ltr'><strong>norum</strong></span> <span class='ocrx_word' id='word_1_549' title='bbox 2107 3286 2264 3331; x_wconf 83' lang='lat' dir='ltr'><strong>antea</strong></span> <span class='ocrx_word' id='word_1_550' title='bbox 2299 3277 2429 3332; x_wconf 87' lang='lat' dir='ltr'><strong>urbs</strong></span> <span class='ocrx_word' id='word_1_551' title='bbox 2493 3293 2638 3333; x_wconf 90' lang='lat' dir='ltr'><strong>nunc</strong></span> <span class='ocrx_word' id='word_1_552' title='bbox 2693 3280 2985 3347; x_wconf 90' lang='lat' dir='ltr'><strong>impiorum</strong></span> <span class='ocrx_word' id='word_1_553' title='bbox 3032 3280 3162 3335; x_wconf 88' lang='lat' dir='ltr'><strong>urbs</strong></span> <span class='ocrx_word' id='word_1_554' title='bbox 3208 3291 3291 3335; x_wconf 88' lang='lat' dir='ltr'><strong>est</strong></span> <span class='ocrx_word' id='word_1_555' title='bbox 3321 3300 3334 3337; x_wconf 94' lang='lat'><strong>:</strong></span> <span class='ocrx_word' id='word_1_556' title='bbox 3364 3297 3473 3340; x_wconf 89' lang='lat' dir='ltr'><strong>non</strong></span> 
     </span>
    </p>
   </div>
   <div class='ocr_carea' id='block_1_80' title="bbox 1882 3364 3475 3441">
    <p class='ocr_par' dir='ltr' id='par_1_80' title="bbox 1882 3364 3475 3441">
     <span class='ocr_line' id='line_1_80' title="bbox 1882 3364 3475 3441; baseline 0.005 -18"><span class='ocrx_word' id='word_1_557' title='bbox 1882 3369 1996 3439; x_wconf 92' lang='lat' dir='ltr'><strong>jam</strong></span> <span class='ocrx_word' id='word_1_558' title='bbox 2035 3371 2274 3440; x_wconf 88' lang='lat' dir='ltr'><strong>amplius</strong></span> <span class='ocrx_word' id='word_1_559' title='bbox 2310 3364 2501 3441; x_wconf 76' lang='lat' dir='ltr'><strong>magna</strong></span> <span class='ocrx_word' id='word_1_560' title='bbox 2543 3373 2707 3427; x_wconf 82' lang='lat' dir='ltr'><strong>rebus</strong></span> <span class='ocrx_word' id='word_1_561' title='bbox 2735 3374 2894 3428; x_wconf 92' lang='lat' dir='ltr'><strong>bonls</strong></span> <span class='ocrx_word' id='word_1_562' title='bbox 2924 3384 2979 3429; x_wconf 91' lang='lat' dir='ltr'><strong>et</strong></span> <span class='ocrx_word' id='word_1_563' title='bbox 3010 3374 3173 3438; x_wconf 67' lang='lat' dir='ltr'><strong>ltetis,</strong></span> <span class='ocrx_word' id='word_1_564' title='bbox 3206 3376 3301 3432; x_wconf 89' lang='lat' dir='ltr'><strong>sed</strong></span> <span class='ocrx_word' id='word_1_565' title='bbox 3323 3377 3475 3431; x_wconf 82' lang='lat' dir='ltr'><strong>cala-</strong></span> 
     </span>
    </p>
   </div>
   <div class='ocr_carea' id='block_1_81' title="bbox 1889 3463 3470 3536">
    <p class='ocr_par' dir='ltr' id='par_1_81' title="bbox 1889 3463 3470 3536">
     <span class='ocr_line' id='line_1_81' title="bbox 1889 3463 3470 3536; baseline 0.003 -17"><span class='ocrx_word' id='word_1_566' title='bbox 1889 3464 2169 3521; x_wconf 84' lang='lat' dir='ltr'><strong>mitatibus</strong></span> <span class='ocrx_word' id='word_1_567' title='bbox 2204 3473 2255 3519; x_wconf 90' lang='lat' dir='ltr'><strong>ct</strong></span> <span class='ocrx_word' id='word_1_568' title='bbox 2288 3463 2525 3520; x_wconf 87' lang='lat' dir='ltr'><strong>miseriis</strong></span> <span class='ocrx_word' id='word_1_569' title='bbox 2557 3466 2814 3520; x_wconf 76' lang='lat' dir='ltr'><strong>maxima.</strong></span> <span class='ocrx_word' id='word_1_570' title='bbox 2837 3466 2957 3532; x_wconf 84' lang='lat' dir='ltr'><strong>Quo</strong></span> <span class='ocrx_word' id='word_1_571' title='bbox 2980 3469 3318 3536; x_wconf 77' lang='lat' dir='ltr'><strong>splendidior</strong></span> <span class='ocrx_word' id='word_1_572' title='bbox 3339 3469 3470 3525; x_wconf 88' lang='lat' dir='ltr'><strong>olim</strong></span> 
     </span>
    </p>
   </div>
   <div class='ocr_carea' id='block_1_82' title="bbox 1886 3559 3475 3628">
    <p class='ocr_par' dir='ltr' id='par_1_82' title="bbox 1886 3559 3475 3628">
     <span class='ocr_line' id='line_1_82' title="bbox 1886 3559 3475 3628; baseline 0.004 -15"><span class='ocrx_word' id='word_1_573' title='bbox 1886 3567 2024 3622; x_wconf 87' lang='lat' dir='ltr'><strong>erat,</strong></span> <span class='ocrx_word' id='word_1_574' title='bbox 2062 3567 2213 3613; x_wconf 90' lang='lat' dir='ltr'><strong>tanto</strong></span> <span class='ocrx_word' id='word_1_575' title='bbox 2241 3572 2383 3611; x_wconf 90' lang='lat' dir='ltr'><strong>nunc</strong></span> <span class='ocrx_word' id='word_1_576' title='bbox 2421 3559 2675 3613; x_wconf 80' lang='lat' dir='ltr'><strong>miserior</strong></span> <span class='ocrx_word' id='word_1_577' title='bbox 2714 3561 2932 3614; x_wconf 81' lang='lat' dir='ltr'><strong>redacta</strong></span> <span class='ocrx_word' id='word_1_578' title='bbox 2966 3567 3070 3616; x_wconf 87' lang='lat' dir='ltr'><strong>est.</strong></span> <span class='ocrx_word' id='word_1_579' title='bbox 3105 3560 3475 3628; x_wconf 82' lang='lat' dir='ltr'><strong>Quemadmo-</strong></span> 
     </span>
    </p>
   </div>
   <div class='ocr_carea' id='block_1_83' title="bbox 1887 3650 3472 3717">
    <p class='ocr_par' dir='ltr' id='par_1_83' title="bbox 1887 3650 3472 3717">
     <span class='ocr_line' id='line_1_83' title="bbox 1887 3650 3472 3717; baseline 0.005 -13"><span class='ocrx_word' id='word_1_580' title='bbox 1887 3650 2016 3704; x_wconf 89' lang='lat' dir='ltr'><strong>dum</strong></span> <span class='ocrx_word' id='word_1_581' title='bbox 2054 3650 2186 3705; x_wconf 86' lang='lat' dir='ltr'><strong>nihil</strong></span> <span class='ocrx_word' id='word_1_582' title='bbox 2217 3651 2305 3704; x_wconf 88' lang='lat' dir='ltr'><strong>illa</strong></span> <span class='ocrx_word' id='word_1_583' title='bbox 2336 3650 2546 3705; x_wconf 83' lang='lat' dir='ltr'><strong>beatius</strong></span> <span class='ocrx_word' id='word_1_584' title='bbox 2574 3662 2753 3717; x_wconf 89' lang='lat' dir='ltr'><strong>antea,</strong></span> <span class='ocrx_word' id='word_1_585' title='bbox 2789 3651 2859 3705; x_wconf 87' lang='lat' dir='ltr'><strong>ita</strong></span> <span class='ocrx_word' id='word_1_586' title='bbox 2892 3663 3081 3707; x_wconf 88' lang='lat' dir='ltr'><strong>contra</strong></span> <span class='ocrx_word' id='word_1_587' title='bbox 3133 3656 3268 3709; x_wconf 85' lang='lat' dir='ltr'><strong>nihil</strong></span> <span class='ocrx_word' id='word_1_588' title='bbox 3324 3673 3472 3712; x_wconf 80' lang='lat' dir='ltr'><strong>nunc</strong></span> 
     </span>
    </p>
   </div>
   <div class='ocr_carea' id='block_1_84' title="bbox 1887 3740 3468 3832">
    <p class='ocr_par' dir='ltr' id='par_1_84' title="bbox 1887 3740 3468 3832">
     <span class='ocr_line' id='line_1_84' title="bbox 1887 3740 3468 3832; baseline 0.005 -38"><span class='ocrx_word' id='word_1_589' title='bbox 1887 3741 2076 3794; x_wconf 88' lang='lat' dir='ltr'><strong>eadem</strong></span> <span class='ocrx_word' id='word_1_590' title='bbox 2113 3740 2388 3795; x_wconf 88' lang='lat' dir='ltr'><strong>miserius.</strong></span> <span class='ocrx_word' id='word_1_591' title='bbox 2424 3740 2643 3794; x_wconf 79' lang='lat' dir='ltr'><strong>Poterat</strong></span> <span class='ocrx_word' id='word_1_592' title='bbox 2673 3741 2788 3805; x_wconf 78' lang='lat' dir='ltr'><strong>ipsa</strong></span> <span class='ocrx_word' id='word_1_593' title='bbox 2819 3741 2902 3796; x_wconf 79' lang='lat' dir='ltr'><strong>vel</strong></span> <span class='ocrx_word' id='word_1_594' title='bbox 2927 3746 3068 3798; x_wconf 67' lang='lat' dir='ltr'><strong>cado</strong></span> <span class='ocrx_word' id='word_1_595' title='bbox 3134 3748 3468 3832; x_wconf 47' lang='lat' dir='ltr'><strong>comparari,</strong></span> 
     </span>
    </p>
   </div>
   <div class='ocr_carea' id='block_1_85' title="bbox 1890 3833 3473 3902">
    <p class='ocr_par' dir='ltr' id='par_1_85' title="bbox 1890 3833 3473 3902">
     <span class='ocr_line' id='line_1_85' title="bbox 1890 3833 3473 3902; baseline 0.006 -17"><span class='ocrx_word' id='word_1_596' title='bbox 1890 3841 2078 3901; x_wconf 84' lang='lat' dir='ltr'><strong>utpote</strong></span> <span class='ocrx_word' id='word_1_597' title='bbox 2117 3847 2239 3901; x_wconf 72' lang='lat' dir='ltr'><strong>qua:</strong></span> <span class='ocrx_word' id='word_1_598' title='bbox 2296 3842 2555 3901; x_wconf 88' lang='lat' dir='ltr'><strong>tanquam</strong></span> <span class='ocrx_word' id='word_1_599' title='bbox 2589 3833 2702 3887; x_wconf 88' lang='lat' dir='ltr'><strong>sole</strong></span> <span class='ocrx_word' id='word_1_600' title='bbox 2735 3843 2787 3887; x_wconf 88' lang='lat' dir='ltr'><strong>et</strong></span> <span class='ocrx_word' id='word_1_601' title='bbox 2819 3834 2943 3888; x_wconf 85' lang='lat' dir='ltr'><strong>luna</strong></span> <span class='ocrx_word' id='word_1_602' title='bbox 2990 3846 3042 3890; x_wconf 84' lang='lat' dir='ltr'><strong>et</strong></span> <span class='ocrx_word' id='word_1_603' title='bbox 3090 3837 3285 3902; x_wconf 85' lang='lat' dir='ltr'><strong>stellis,</strong></span> <span class='ocrx_word' id='word_1_604' title='bbox 3322 3841 3473 3894; x_wconf 78' lang='lat' dir='ltr'><strong>varia</strong></span> 
     </span>
    </p>
   </div>
   <div class='ocr_carea' id='block_1_86' title="bbox 1890 3923 3471 3998">
    <p class='ocr_par' dir='ltr' id='par_1_86' title="bbox 1890 3923 3471 3998">
     <span class='ocr_line' id='line_1_86' title="bbox 1890 3923 3471 3998; baseline 0.006 -23"><span class='ocrx_word' id='word_1_605' title='bbox 1890 3923 2218 3991; x_wconf 81' lang='lat' dir='ltr'><strong>templorum</strong></span> <span class='ocrx_word' id='word_1_606' title='bbox 2271 3933 2325 3977; x_wconf 91' lang='lat' dir='ltr'><strong>et</strong></span> <span class='ocrx_word' id='word_1_607' title='bbox 2371 3924 2602 3978; x_wconf 89' lang='lat' dir='ltr'><strong>aliorum</strong></span> <span class='ocrx_word' id='word_1_608' title='bbox 2661 3924 3013 3980; x_wconf 66' lang='lat' dir='ltr'><strong>aedificiorum</strong></span> <span class='ocrx_word' id='word_1_609' title='bbox 3065 3929 3471 3998; x_wconf 58' lang='lat' dir='ltr'><strong>splendalorum</strong></span> 
     </span>
    </p>
   </div>
   <div class='ocr_carea' id='block_1_87' title="bbox 1891 4014 3473 4086">
    <p class='ocr_par' dir='ltr' id='par_1_87' title="bbox 1891 4014 3473 4086">
     <span class='ocr_line' id='line_1_87' title="bbox 1891 4014 3473 4086; baseline 0.007 -20"><span class='ocrx_word' id='word_1_610' title='bbox 1891 4016 2294 4084; x_wconf 88' lang='lat' dir='ltr'><strong>pulchritudine</strong></span> <span class='ocrx_word' id='word_1_611' title='bbox 2340 4025 2395 4071; x_wconf 86' lang='lat' dir='ltr'><strong>et</strong></span> <span class='ocrx_word' id='word_1_612' title='bbox 2445 4016 2825 4086; x_wconf 67' lang='lat' dir='ltr'><strong>amplitudine,</strong></span> <span class='ocrx_word' id='word_1_613' title='bbox 2854 4014 3112 4074; x_wconf 86' lang='lat' dir='ltr'><strong>omnibus</strong></span> <span class='ocrx_word' id='word_1_614' title='bbox 3165 4022 3291 4083; x_wconf 82' lang='lat' dir='ltr'><strong>aliis</strong></span> <span class='ocrx_word' id='word_1_615' title='bbox 3319 4031 3473 4077; x_wconf 79' lang='lat' dir='ltr'><strong>extra</strong></span> 
     </span>
    </p>
   </div>
   <div class='ocr_carea' id='block_1_88' title="bbox 1890 4109 3474 4177">
    <p class='ocr_par' dir='ltr' id='par_1_88' title="bbox 1890 4109 3474 4177">
     <span class='ocr_line' id='line_1_88' title="bbox 1890 4109 3474 4177; baseline 0.005 -16"><span class='ocrx_word' id='word_1_616' title='bbox 1890 4122 2107 4161; x_wconf 85' lang='lat' dir='ltr'><strong>onmem</strong></span> <span class='ocrx_word' id='word_1_617' title='bbox 2149 4109 2576 4177; x_wconf 73' lang='lat' dir='ltr'><strong>wmparalionis</strong></span> <span class='ocrx_word' id='word_1_618' title='bbox 2606 4109 2777 4164; x_wconf 82' lang='lat' dir='ltr'><strong>aleam</strong></span> <span class='ocrx_word' id='word_1_619' title='bbox 2804 4119 3133 4177; x_wconf 73' lang='lat' dir='ltr'><strong>antestaret.</strong></span> <span class='ocrx_word' id='word_1_620' title='bbox 3156 4111 3310 4167; x_wconf 85' lang='lat' dir='ltr'><strong>Nunc</strong></span> <span class='ocrx_word' id='word_1_621' title='bbox 3344 4129 3474 4169; x_wconf 75' lang='lat' dir='ltr'><strong>vero</strong></span> 
     </span>
    </p>
   </div>
   <div class='ocr_carea' id='block_1_89' title="bbox 1892 4201 3472 4273">
    <p class='ocr_par' dir='ltr' id='par_1_89' title="bbox 1892 4201 3472 4273">
     <span class='ocr_line' id='line_1_89' title="bbox 1892 4201 3472 4273; baseline 0.005 -19"><span class='ocrx_word' id='word_1_622' title='bbox 1892 4201 2075 4255; x_wconf 83' lang='lat' dir='ltr'><strong>nescio</strong></span> <span class='ocrx_word' id='word_1_623' title='bbox 2104 4201 2232 4269; x_wconf 84' lang='lat' dir='ltr'><strong>quid</strong></span> <span class='ocrx_word' id='word_1_624' title='bbox 2270 4202 2337 4256; x_wconf 90' lang='lat' dir='ltr'><strong>de</strong></span> <span class='ocrx_word' id='word_1_625' title='bbox 2369 4202 2481 4271; x_wconf 83' lang='lat' dir='ltr'><strong>ipsa</strong></span> <span class='ocrx_word' id='word_1_626' title='bbox 2511 4202 2615 4256; x_wconf 81' lang='lat' dir='ltr'><strong>dici</strong></span> <span class='ocrx_word' id='word_1_627' title='bbox 2644 4212 2809 4273; x_wconf 88' lang='lat' dir='ltr'><strong>queat</strong></span> <span class='ocrx_word' id='word_1_628' title='bbox 2860 4212 2914 4258; x_wconf 89' lang='lat' dir='ltr'><strong>ut</strong></span> <span class='ocrx_word' id='word_1_629' title='bbox 2965 4220 3070 4258; x_wconf 89' lang='lat' dir='ltr'><strong>non</strong></span> <span class='ocrx_word' id='word_1_630' title='bbox 3118 4206 3403 4261; x_wconf 81' lang='lat' dir='ltr'><strong>aberretur</strong></span> <span class='ocrx_word' id='word_1_631' title='bbox 3441 4223 3472 4261; x_wconf 72' lang='grc' dir='ltr'>α</span> 
     </span>
    </p>
   </div>
   <div class='ocr_carea' id='block_1_90' title="bbox 1890 4292 3471 4368">
    <p class='ocr_par' dir='ltr' id='par_1_90' title="bbox 1890 4292 3471 4368">
     <span class='ocr_line' id='line_1_90' title="bbox 1890 4292 3471 4368; baseline 0.004 -22"><span class='ocrx_word' id='word_1_632' title='bbox 1890 4306 2041 4346; x_wconf 81' lang='lat' dir='ltr'><strong>vero.</strong></span> <span class='ocrx_word' id='word_1_633' title='bbox 2075 4292 2285 4347; x_wconf 88' lang='lat' dir='ltr'><strong>Cuncta</strong></span> <span class='ocrx_word' id='word_1_634' title='bbox 2320 4308 2555 4363; x_wconf 86' lang='lat' dir='ltr'><strong>namque</strong></span> <span class='ocrx_word' id='word_1_635' title='bbox 2603 4293 2873 4349; x_wconf 84' lang='lat' dir='ltr'><strong>deteriora</strong></span> <span class='ocrx_word' id='word_1_636' title='bbox 2932 4296 3188 4368; x_wconf 77' lang='lat' dir='ltr'><strong>deinceps</strong></span> <span class='ocrx_word' id='word_1_637' title='bbox 3244 4297 3294 4352; x_wconf 88' lang='lat' dir='ltr'><strong>in</strong></span> <span class='ocrx_word' id='word_1_638' title='bbox 3350 4313 3471 4353; x_wconf 80' lang='lat' dir='ltr'><strong>eam</strong></span> 
     </span>
    </p>
   </div>
   <div class='ocr_carea' id='block_1_91' title="bbox 1891 4382 3470 4459">
    <p class='ocr_par' dir='ltr' id='par_1_91' title="bbox 1891 4382 3470 4459">
     <span class='ocr_line' id='line_1_91' title="bbox 1891 4382 3470 4459; baseline 0.006 -24"><span class='ocrx_word' id='word_1_639' title='bbox 1891 4383 2188 4454; x_wconf 79' lang='lat' dir='ltr'><strong>quadram.</strong></span> <span class='ocrx_word' id='word_1_640' title='bbox 2258 4382 2551 4439; x_wconf 66' lang='lat' dir='ltr'><strong>Prmstarct</strong></span> <span class='ocrx_word' id='word_1_641' title='bbox 2612 4400 2729 4439; x_wconf 88' lang='lat' dir='ltr'><strong>eam</strong></span> <span class='ocrx_word' id='word_1_642' title='bbox 2783 4387 3033 4443; x_wconf 87' lang='lat' dir='ltr'><strong>incendio</strong></span> <span class='ocrx_word' id='word_1_643' title='bbox 3092 4400 3470 4459; x_wconf 83' lang='lat' dir='ltr'><strong>consumptam</strong></span> 
     </span>
    </p>
   </div>
   <div class='ocr_carea' id='block_1_92' title="bbox 191 4470 1781 4551">
    <p class='ocr_par' dir='ltr' id='par_1_92' title="bbox 191 4474 1781 4550">
     <span class='ocr_line' id='line_1_92' title="bbox 191 4474 1781 4550; baseline -0.004 -15"><span class='ocrx_word' id='word_1_644' title='bbox 191 4481 481 4550; x_wconf 74' lang='grc' dir='ltr'>κουμένης</span> <span class='ocrx_word' id='word_1_645' title='bbox 510 4479 561 4531; x_wconf 76' lang='grc' dir='ltr'><strong>οἱ</strong></span> <span class='ocrx_word' id='word_1_646' title='bbox 596 4477 803 4547; x_wconf 78' lang='grc' dir='ltr'>ταύτην</span> <span class='ocrx_word' id='word_1_647' title='bbox 830 4474 1388 4546; x_wconf 73' lang='grc' dir='ltr'>ἐκπολιορκήσαντες,</span> <span class='ocrx_word' id='word_1_648' title='bbox 1412 4476 1505 4528; x_wconf 74' lang='grc' dir='ltr'><strong>καὶ</strong></span> <span class='ocrx_word' id='word_1_649' title='bbox 1536 4475 1781 4539; x_wconf 84' lang='grc' dir='ltr'>είκότως.</span> 
     </span>
    </p>
   </div>
   <div class='ocr_carea' id='block_1_93' title="bbox 1884 4470 3473 4551">
    <p class='ocr_par' dir='ltr' id='par_1_93' title="bbox 1892 4470 3473 4551">
     <span class='ocr_line' id='line_1_93' title="bbox 1892 4470 3473 4551; baseline 0.005 -21"><span class='ocrx_word' id='word_1_650' title='bbox 1892 4491 2035 4537; x_wconf 81' lang='lat' dir='ltr'><strong>esse,</strong></span> <span class='ocrx_word' id='word_1_651' title='bbox 2073 4487 2167 4529; x_wconf 90' lang='lat' dir='ltr'><strong>aut</strong></span> <span class='ocrx_word' id='word_1_652' title='bbox 2201 4477 2558 4533; x_wconf 81' lang='lat' dir='ltr'><strong>inundatione</strong></span> <span class='ocrx_word' id='word_1_653' title='bbox 2586 4493 2854 4547; x_wconf 86' lang='lat' dir='ltr'><strong>aquarum</strong></span> <span class='ocrx_word' id='word_1_654' title='bbox 2879 4470 3179 4551; x_wconf 77' lang='lat' dir='ltr'><strong>abreptam,</strong></span> <span class='ocrx_word' id='word_1_655' title='bbox 3214 4492 3306 4536; x_wconf 89' lang='lat' dir='ltr'><strong>aut</strong></span> <span class='ocrx_word' id='word_1_656' title='bbox 3360 4492 3473 4538; x_wconf 85' lang='lat' dir='ltr'><strong>ter-</strong></span> 
     </span>
    </p>
   </div>
   <div class='ocr_carea' id='block_1_94' title="bbox 200 4554 1784 4639">
    <p class='ocr_par' dir='ltr' id='par_1_94' title="bbox 200 4554 1784 4639">
     <span class='ocr_line' id='line_1_94' title="bbox 200 4554 1784 4639; baseline -0.004 -14"><span class='ocrx_word' id='word_1_657' title='bbox 200 4570 315 4625; x_wconf 77' lang='lat' dir='ltr'><strong>‘llv</strong></span> <span class='ocrx_word' id='word_1_658' title='bbox 347 4570 416 4639; x_wconf 78' lang='grc' dir='ltr'>γά</span> <span class='ocrx_word' id='word_1_659' title='bbox 426 4587 457 4639; x_wconf 88' lang='grc' dir='ltr'>ρ</span> <span class='ocrx_word' id='word_1_660' title='bbox 486 4569 655 4639; x_wconf 88' lang='grc' dir='ltr'>μόνην</span> <span class='ocrx_word' id='word_1_661' title='bbox 680 4565 749 4621; x_wconf 82' lang='grc' dir='ltr'><strong>δι’</strong></span> <span class='ocrx_word' id='word_1_662' title='bbox 769 4565 965 4627; x_wconf 81' lang='grc' dir='ltr'>αίῶνυς</span> <span class='ocrx_word' id='word_1_663' title='bbox 989 4564 1223 4635; x_wconf 81' lang='grc' dir='ltr'>ἡγοῦντο</span> <span class='ocrx_word' id='word_1_664' title='bbox 1250 4564 1523 4619; x_wconf 81' lang='grc' dir='ltr'>ἀνάλωτον</span> <span class='ocrx_word' id='word_1_665' title='bbox 1544 4554 1784 4630; x_wconf 78' lang='grc' dir='ltr'>ἔσεσθαι,</span> 
     </span>
    </p>
   </div>
   <div class='ocr_carea' id='block_1_95' title="bbox 191 4656 1788 4732">
    <p class='ocr_par' dir='ltr' id='par_1_95' title="bbox 191 4656 1788 4732">
     <span class='ocr_line' id='line_1_95' title="bbox 191 4656 1788 4732; baseline -0.009 -13"><span class='ocrx_word' id='word_1_666' title='bbox 191 4664 277 4726; x_wconf 85' lang='grc' dir='ltr'>ὡς</span> <span class='ocrx_word' id='word_1_667' title='bbox 324 4657 627 4732; x_wconf 79' lang='grc' dir='ltr'>κρείττωῆ</span> <span class='ocrx_word' id='word_1_668' title='bbox 679 4659 821 4712; x_wconf 88' lang='grc' dir='ltr'>κατά</span> <span class='ocrx_word' id='word_1_669' title='bbox 864 4657 963 4720; x_wconf 67' lang='grc' dir='ltr'>τὰς</span> <span class='ocrx_word' id='word_1_670' title='bbox 999 4658 1055 4710; x_wconf 76' lang='grc' dir='ltr'>ὲν</span> <span class='ocrx_word' id='word_1_671' title='bbox 1104 4659 1173 4726; x_wconf 83' lang='grc' dir='ltr'>γῇ</span> <span class='ocrx_word' id='word_1_672' title='bbox 1215 4656 1395 4721; x_wconf 83' lang='grc' dir='ltr'>πόλεις</span> <span class='ocrx_word' id='word_1_673' title='bbox 1431 4657 1670 4720; x_wconf 78' lang='grc' dir='ltr'>ἁπάσας,</span> <span class='ocrx_word' id='word_1_674' title='bbox 1722 4658 1788 4721; x_wconf 81' lang='grc' dir='ltr'>ἃς</span> 
     </span>
    </p>
   </div>
   <div class='ocr_carea' id='block_1_96' title="bbox 198 4744 1787 4822">
    <p class='ocr_par' dir='ltr' id='par_1_96' title="bbox 198 4744 1787 4822">
     <span class='ocr_line' id='line_1_96' title="bbox 198 4744 1787 4822; baseline -0.006 -13"><span class='ocrx_word' id='word_1_675' title='bbox 198 4752 532 4822; x_wconf 80' lang='grc' dir='ltr'>ἀνθρωπίνη</span> <span class='ocrx_word' id='word_1_676' title='bbox 581 4749 703 4820; x_wconf 77' lang='grc' dir='ltr'>χεὶρ</span> <span class='ocrx_word' id='word_1_677' title='bbox 752 4749 999 4817; x_wconf 68' lang='grc' dir='ltr'>ἦγειρεν,</span> <span class='ocrx_word' id='word_1_678' title='bbox 1048 4746 1097 4798; x_wconf 85' lang='grc' dir='ltr'><strong>εί</strong></span> <span class='ocrx_word' id='word_1_679' title='bbox 1151 4744 1291 4816; x_wconf 82' lang='grc' dir='ltr'>αῦτη</span> <span class='ocrx_word' id='word_1_680' title='bbox 1327 4748 1420 4799; x_wconf 84' lang='grc' dir='ltr'><strong>νῦν</strong></span> <span class='ocrx_word' id='word_1_681' title='bbox 1456 4746 1639 4810; x_wconf 81' lang='grc' dir='ltr'>αὐτοῖς</span> <span class='ocrx_word' id='word_1_682' title='bbox 1684 4747 1787 4818; x_wconf 73' lang='grc' dir='ltr'><strong>ήδη</strong></span> 
     </span>
    </p>
   </div>
   <div class='ocr_carea' id='block_1_97' title="bbox 199 4838 1791 4919">
    <p class='ocr_par' dir='ltr' id='par_1_97' title="bbox 199 4838 1791 4919">
     <span class='ocr_line' id='line_1_97' title="bbox 199 4838 1791 4919; baseline -0.004 -19"><span class='ocrx_word' id='word_1_683' title='bbox 199 4846 368 4918; x_wconf 74' lang='grc' dir='ltr'>ποιρά</span> <span class='ocrx_word' id='word_1_684' title='bbox 425 4845 606 4897; x_wconf 77' lang='grc' dir='ltr'>πᾶσαν</span> <span class='ocrx_word' id='word_1_685' title='bbox 655 4841 847 4893; x_wconf 73' lang='grc' dir='ltr'>ἐλπίδα</span> <span class='ocrx_word' id='word_1_686' title='bbox 898 4840 1293 4919; x_wconf 83' lang='grc' dir='ltr'>πεπόρθηται,</span> <span class='ocrx_word' id='word_1_687' title='bbox 1348 4839 1400 4892; x_wconf 91' lang='grc' dir='ltr'><strong>τί</strong></span> <span class='ocrx_word' id='word_1_688' title='bbox 1444 4838 1631 4891; x_wconf 56' lang='grc' dir='ltr'>λοιπον</span> <span class='ocrx_word' id='word_1_689' title='bbox 1680 4841 1791 4894; x_wconf 87' lang='grc' dir='ltr'><strong>τῶν</strong></span> 
     </span>
    </p>
   </div>
   <div class='ocr_carea' id='block_1_98' title="bbox 202 4930 1790 5002">
    <p class='ocr_par' dir='ltr' id='par_1_98' title="bbox 202 4930 1790 5002">
     <span class='ocr_line' id='line_1_98' title="bbox 202 4930 1790 5002; baseline -0.005 -9"><span class='ocrx_word' id='word_1_690' title='bbox 202 4940 438 4993; x_wconf 74' lang='grc' dir='ltr'>πάντων</span> <span class='ocrx_word' id='word_1_691' title='bbox 472 4937 831 4999; x_wconf 82' lang='grc' dir='ltr'>ἀνέλπιστον;</span> <span class='ocrx_word' id='word_1_692' title='bbox 882 4932 1047 4985; x_wconf 83' lang='grc' dir='ltr'>Ὀθεν</span> <span class='ocrx_word' id='word_1_693' title='bbox 1097 4931 1191 4984; x_wconf 78' lang='grc' dir='ltr'>καὶ</span> <span class='ocrx_word' id='word_1_694' title='bbox 1227 4931 1367 5002; x_wconf 85' lang='grc' dir='ltr'>μέγα</span> <span class='ocrx_word' id='word_1_695' title='bbox 1394 4930 1536 4984; x_wconf 83' lang='grc' dir='ltr'>κατά</span> <span class='ocrx_word' id='word_1_696' title='bbox 1569 4931 1790 4986; x_wconf 84' lang='grc' dir='ltr'>πάντων</span> 
     </span>
    </p>
   </div>
   <div class='ocr_carea' id='block_1_99' title="bbox 205 5023 1792 5104">
    <p class='ocr_par' dir='ltr' id='par_1_99' title="bbox 205 5023 1792 5104">
     <span class='ocr_line' id='line_1_99' title="bbox 205 5023 1792 5104; baseline -0.005 -19"><span class='ocrx_word' id='word_1_697' title='bbox 205 5029 501 5104; x_wconf 82' lang='grc' dir='ltr'>φρονοῦσι,</span> <span class='ocrx_word' id='word_1_698' title='bbox 537 5028 629 5082; x_wconf 78' lang='grc' dir='ltr'>καὶ</span> <span class='ocrx_word' id='word_1_699' title='bbox 661 5025 798 5096; x_wconf 82' lang='grc' dir='ltr'><strong>μετά</strong></span> <span class='ocrx_word' id='word_1_700' title='bbox 824 5025 1172 5098; x_wconf 74' lang='grc' dir='ltr'>φρονήματος</span> <span class='ocrx_word' id='word_1_701' title='bbox 1226 5025 1463 5092; x_wconf 83' lang='grc' dir='ltr'>μεγάλου</span> <span class='ocrx_word' id='word_1_702' title='bbox 1495 5023 1589 5077; x_wconf 76' lang='grc' dir='ltr'>καὶ</span> <span class='ocrx_word' id='word_1_703' title='bbox 1619 5026 1792 5094; x_wconf 66' lang='grc' dir='ltr'>φορᾶς</span> 
     </span>
    </p>
   </div>
   <div class='ocr_carea' id='block_1_100' title="bbox 198 5115 1791 5184">
    <p class='ocr_par' dir='ltr' id='par_1_100' title="bbox 198 5115 1791 5184">
     <span class='ocr_line' id='line_1_100' title="bbox 198 5115 1791 5184; baseline -0.003 -11"><span class='ocrx_word' id='word_1_704' title='bbox 198 5121 544 5180; x_wconf 75' lang='grc' dir='ltr'>ἀνυποίστου</span> <span class='ocrx_word' id='word_1_705' title='bbox 578 5119 747 5171; x_wconf 76' lang='grc' dir='ltr'>πᾶσιν</span> <span class='ocrx_word' id='word_1_706' title='bbox 799 5116 1034 5168; x_wconf 74' lang='grc' dir='ltr'>ἐπίασιν.</span> <span class='ocrx_word' id='word_1_707' title='bbox 1078 5116 1140 5167; x_wconf 82' lang='lat' dir='ltr'><strong>&#39;ll</strong></span> <span class='ocrx_word' id='word_1_708' title='bbox 1190 5115 1393 5184; x_wconf 81' lang='grc' dir='ltr'>ταύτης</span> <span class='ocrx_word' id='word_1_709' title='bbox 1445 5117 1791 5179; x_wconf 80' lang='grc' dir='ltr'>κατάπτωσις</span> 
     </span>
    </p>
   </div>
   <div class='ocr_carea' id='block_1_101' title="bbox 194 5207 1793 5278">
    <p class='ocr_par' dir='ltr' id='par_1_101' title="bbox 194 5207 1793 5278">
     <span class='ocr_line' id='line_1_101' title="bbox 194 5207 1793 5278; baseline -0.006 -9"><span class='ocrx_word' id='word_1_710' title='bbox 194 5216 264 5268; x_wconf 79' lang='grc' dir='ltr'>τὸ</span> <span class='ocrx_word' id='word_1_711' title='bbox 305 5213 527 5267; x_wconf 73' lang='grc' dir='ltr'>πάντων</span> <span class='ocrx_word' id='word_1_712' title='bbox 558 5207 936 5276; x_wconf 77' lang='grc' dir='ltr'>καταϐέϐληκε</span> <span class='ocrx_word' id='word_1_713' title='bbox 972 5207 1247 5276; x_wconf 82' lang='grc' dir='ltr'>φρόνημα’</span> <span class='ocrx_word' id='word_1_714' title='bbox 1286 5208 1376 5258; x_wconf 73' lang='grc' dir='ltr'><strong>καὶ</strong></span> <span class='ocrx_word' id='word_1_715' title='bbox 1407 5209 1537 5278; x_wconf 76' lang='grc' dir='ltr'>περὶ</span> <span class='ocrx_word' id='word_1_716' title='bbox 1580 5209 1793 5260; x_wconf 81' lang='grc' dir='ltr'>ἑαυτῶν</span> 
     </span>
    </p>
   </div>
   <div class='ocr_carea' id='block_1_102' title="bbox 204 5298 1793 5369">
    <p class='ocr_par' dir='ltr' id='par_1_102' title="bbox 204 5298 1793 5369">
     <span class='ocr_line' id='line_1_102' title="bbox 204 5298 1793 5369; baseline -0.004 -9"><span class='ocrx_word' id='word_1_717' title='bbox 204 5306 407 5360; x_wconf 80' lang='grc' dir='ltr'>λοιπὸν</span> <span class='ocrx_word' id='word_1_718' title='bbox 459 5302 665 5356; x_wconf 83' lang='grc' dir='ltr'>δεδίασι</span> <span class='ocrx_word' id='word_1_719' title='bbox 719 5302 941 5361; x_wconf 78' lang='grc' dir='ltr'>πάντες.</span> <span class='ocrx_word' id='word_1_720' title='bbox 992 5298 1190 5350; x_wconf 72' lang='grc' dir='ltr'>Οὐκέτι</span> <span class='ocrx_word' id='word_1_721' title='bbox 1245 5298 1419 5360; x_wconf 67' lang='grc' dir='ltr'>οὐδεὶς</span> <span class='ocrx_word' id='word_1_722' title='bbox 1472 5301 1538 5369; x_wconf 78' lang='grc' dir='ltr'>τῇ</span> <span class='ocrx_word' id='word_1_723' title='bbox 1600 5300 1793 5353; x_wconf 79' lang='grc' dir='ltr'>ἑαυτοῦ</span> 
     </span>
    </p>
   </div>
   <div class='ocr_carea' id='block_1_103' title="bbox 201 5389 1794 5467">
    <p class='ocr_par' dir='ltr' id='par_1_103' title="bbox 201 5389 1794 5467">
     <span class='ocr_line' id='line_1_103' title="bbox 201 5389 1794 5467; baseline -0.004 -16"><span class='ocrx_word' id='word_1_724' title='bbox 201 5395 506 5466; x_wconf 67' lang='grc' dir='ltr'>ἐλευθερία</span> <span class='ocrx_word' id='word_1_725' title='bbox 539 5395 756 5467; x_wconf 77' lang='grc' dir='ltr'>θαρρεῖ·</span> <span class='ocrx_word' id='word_1_726' title='bbox 798 5392 997 5453; x_wconf 83' lang='grc' dir='ltr'>πάντες</span> <span class='ocrx_word' id='word_1_727' title='bbox 1027 5389 1223 5454; x_wconf 77' lang='grc' dir='ltr'>αὐτοὺς</span> <span class='ocrx_word' id='word_1_728' title='bbox 1260 5390 1674 5460; x_wconf 74' lang='grc' dir='ltr'>ὲπιδραμείσθαι</span> <span class='ocrx_word' id='word_1_729' title='bbox 1704 5398 1794 5445; x_wconf 85' lang='grc' dir='ltr'><strong>τὸν</strong></span> 
     </span>
    </p>
   </div>
   <div class='ocr_carea' id='block_1_104' title="bbox 203 5481 1796 5561">
    <p class='ocr_par' dir='ltr' id='par_1_104' title="bbox 203 5481 1796 5561">
     <span class='ocr_line' id='line_1_104' title="bbox 203 5481 1796 5561; baseline -0.009 -16"><span class='ocrx_word' id='word_1_730' title='bbox 203 5489 498 5561; x_wconf 79' lang='grc' dir='ltr'>βάρϐαρον</span> <span class='ocrx_word' id='word_1_731' title='bbox 531 5484 924 5557; x_wconf 86' lang='grc' dir='ltr'>προσδοκῶσιν.</span> <span class='ocrx_word' id='word_1_732' title='bbox 960 5481 1125 5536; x_wconf 80' lang='grc' dir='ltr'>Ὅθεν</span> <span class='ocrx_word' id='word_1_733' title='bbox 1176 5483 1270 5535; x_wconf 76' lang='grc' dir='ltr'>καὶ</span> <span class='ocrx_word' id='word_1_734' title='bbox 1325 5482 1374 5534; x_wconf 77' lang='grc' dir='ltr'><strong>οἱ</strong></span> <span class='ocrx_word' id='word_1_735' title='bbox 1431 5483 1529 5551; x_wconf 84' lang='grc' dir='ltr'><strong>μὲν</strong></span> <span class='ocrx_word' id='word_1_736' title='bbox 1560 5484 1633 5552; x_wconf 79' lang='grc' dir='ltr'>τῷ</span> <span class='ocrx_word' id='word_1_737' title='bbox 1686 5483 1796 5537; x_wconf 80' lang='grc' dir='ltr'>δέει</span> 
     </span>
    </p>
   </div>
   <div class='ocr_carea' id='block_1_105' title="bbox 202 5570 1797 5649">
    <p class='ocr_par' dir='ltr' id='par_1_105' title="bbox 202 5570 1797 5649">
     <span class='ocr_line' id='line_1_105' title="bbox 202 5570 1797 5649; baseline -0.01 -16"><span class='ocrx_word' id='word_1_738' title='bbox 202 5581 423 5649; x_wconf 73' lang='grc' dir='ltr'>φόρους</span> <span class='ocrx_word' id='word_1_739' title='bbox 449 5574 696 5631; x_wconf 82' lang='grc' dir='ltr'>τελοῦσιν</span> <span class='ocrx_word' id='word_1_740' title='bbox 725 5572 895 5641; x_wconf 75' lang='grc' dir='ltr'>αὐτῷ,</span> <span class='ocrx_word' id='word_1_741' title='bbox 927 5572 1035 5626; x_wconf 69' lang='grc' dir='ltr'><strong>οὐδ’</strong></span> <span class='ocrx_word' id='word_1_742' title='bbox 1061 5570 1203 5625; x_wconf 74' lang='grc' dir='ltr'>οὕτω</span> <span class='ocrx_word' id='word_1_743' title='bbox 1231 5572 1373 5626; x_wconf 78' lang='grc' dir='ltr'>πάνυ</span> <span class='ocrx_word' id='word_1_744' title='bbox 1404 5572 1627 5643; x_wconf 74' lang='grc' dir='ltr'>θαρρεῖν</span> <span class='ocrx_word' id='word_1_745' title='bbox 1650 5571 1797 5643; x_wconf 64' lang='grc' dir='ltr'>ἔχειν.</span> 
     </span>
    </p>
   </div>
   <div class='ocr_carea' id='block_1_106' title="bbox 201 5665 1799 5740">
    <p class='ocr_par' dir='ltr' id='par_1_106' title="bbox 201 5665 1799 5740">
     <span class='ocr_line' id='line_1_106' title="bbox 201 5665 1799 5740; baseline -0.004 -14"><span class='ocrx_word' id='word_1_746' title='bbox 201 5689 328 5735; x_wconf 80' lang='grc' dir='ltr'>τες·</span> <span class='ocrx_word' id='word_1_747' title='bbox 366 5672 416 5724; x_wconf 85' lang='grc' dir='ltr'><strong>οί</strong></span> <span class='ocrx_word' id='word_1_748' title='bbox 457 5670 502 5724; x_wconf 83' lang='grc' dir='ltr'><strong>δ’</strong></span> <span class='ocrx_word' id='word_1_749' title='bbox 529 5670 739 5738; x_wconf 72' lang='grc' dir='ltr'>ἕτοιμοι</span> <span class='ocrx_word' id='word_1_750' title='bbox 774 5665 934 5719; x_wconf 83' lang='grc' dir='ltr'>τοῦτο</span> <span class='ocrx_word' id='word_1_751' title='bbox 968 5667 1171 5739; x_wconf 61' lang='grc' dir='ltr'>ποιεῖν,</span> <span class='ocrx_word' id='word_1_752' title='bbox 1221 5666 1269 5719; x_wconf 89' lang='grc' dir='ltr'><strong>εί</strong></span> <span class='ocrx_word' id='word_1_753' title='bbox 1326 5667 1399 5735; x_wconf 78' lang='grc' dir='ltr'>μὴ</span> <span class='ocrx_word' id='word_1_754' title='bbox 1443 5683 1799 5740; x_wconf 76' lang='grc' dir='ltr'>προαναρπα·</span> 
     </span>
    </p>
   </div>
   <div class='ocr_carea' id='block_1_107' title="bbox 204 5755 1796 5837">
    <p class='ocr_par' dir='ltr' id='par_1_107' title="bbox 204 5755 1796 5837">
     <span class='ocr_line' id='line_1_107' title="bbox 204 5755 1796 5837; baseline -0.004 -18"><span class='ocrx_word' id='word_1_755' title='bbox 204 5763 397 5820; x_wconf 76' lang='grc' dir='ltr'>ςθεῖεν</span> <span class='ocrx_word' id='word_1_756' title='bbox 428 5763 526 5834; x_wconf 82' lang='grc' dir='ltr'>τῆς</span> <span class='ocrx_word' id='word_1_757' title='bbox 556 5760 680 5830; x_wconf 78' lang='grc' dir='ltr'>γῆς.</span> <span class='ocrx_word' id='word_1_758' title='bbox 723 5759 810 5822; x_wconf 84' lang='grc' dir='ltr'>Ὠς</span> <span class='ocrx_word' id='word_1_759' title='bbox 846 5755 1017 5828; x_wconf 73' lang='grc' dir='ltr'>πυρὸς</span> <span class='ocrx_word' id='word_1_760' title='bbox 1047 5757 1259 5837; x_wconf 76' lang='grc' dir='ltr'>ῥύμην,</span> <span class='ocrx_word' id='word_1_761' title='bbox 1287 5757 1419 5829; x_wconf 79' lang='grc' dir='ltr'>ὓλην</span> <span class='ocrx_word' id='word_1_762' title='bbox 1464 5759 1663 5831; x_wconf 75' lang='grc' dir='ltr'>πολλὴν</span> <span class='ocrx_word' id='word_1_763' title='bbox 1705 5761 1796 5813; x_wconf 69' lang='grc' dir='ltr'>καὶ</span> 
     </span>
    </p>
   </div>
   <div class='ocr_carea' id='block_1_108' title="bbox 502 5854 1147 5919">
    <p class='ocr_par' dir='ltr' id='par_1_108' title="bbox 502 5854 1147 5919">
     <span class='ocr_line' id='line_1_108' title="bbox 502 5854 1147 5919; baseline -0.014 0"><span class='ocrx_word' id='word_1_764' title='bbox 502 5859 750 5919; x_wconf 57' lang='lat' dir='ltr'><strong>Parum.</strong></span> <span class='ocrx_word' id='word_1_765' title='bbox 822 5855 936 5913; x_wconf 76' lang='lat' dir='ltr'><strong>Gn.</strong></span> <span class='ocrx_word' id='word_1_766' title='bbox 982 5854 1147 5917; x_wconf 77' lang='lat' dir='ltr'><strong>CLX.</strong></span> 
     </span>
    </p>
   </div>
   <div class='ocr_carea' id='block_1_109' title="bbox 1893 4567 3475 4642">
    <p class='ocr_par' dir='ltr' id='par_1_109' title="bbox 1893 4567 3475 4642">
     <span class='ocr_line' id='line_1_109' title="bbox 1893 4567 3475 4642; baseline 0.006 -21"><span class='ocrx_word' id='word_1_767' title='bbox 1893 4583 1967 4621; x_wconf 75' lang='lat' dir='ltr'><strong>ra:</strong></span> <span class='ocrx_word' id='word_1_768' title='bbox 1985 4576 2131 4621; x_wconf 89' lang='lat' dir='ltr'><strong>motu</strong></span> <span class='ocrx_word' id='word_1_769' title='bbox 2165 4567 2314 4621; x_wconf 90' lang='lat' dir='ltr'><strong>humi</strong></span> <span class='ocrx_word' id='word_1_770' title='bbox 2357 4579 2706 4638; x_wconf 87' lang='lat' dir='ltr'><strong>prostratam,</strong></span> <span class='ocrx_word' id='word_1_771' title='bbox 2742 4588 2904 4642; x_wconf 87' lang='lat' dir='ltr'><strong>quam</strong></span> <span class='ocrx_word' id='word_1_772' title='bbox 2945 4573 3122 4627; x_wconf 89' lang='lat' dir='ltr'><strong>adhuc</strong></span> <span class='ocrx_word' id='word_1_773' title='bbox 3154 4584 3389 4638; x_wconf 77' lang='lat' dir='ltr'><strong>exstare,</strong></span> <span class='ocrx_word' id='word_1_774' title='bbox 3419 4583 3475 4630; x_wconf 85' lang='lat' dir='ltr'><strong>et</strong></span> 
     </span>
    </p>
   </div>
   <div class='ocr_carea' id='block_1_110' title="bbox 1893 4657 3472 4734">
    <p class='ocr_par' dir='ltr' id='par_1_110' title="bbox 1893 4657 3472 4734">
     <span class='ocr_line' id='line_1_110' title="bbox 1893 4657 3472 4734; baseline 0.004 -24"><span class='ocrx_word' id='word_1_775' title='bbox 1893 4657 1945 4711; x_wconf 89' lang='lat' dir='ltr'><strong>in</strong></span> <span class='ocrx_word' id='word_1_776' title='bbox 1973 4664 2114 4712; x_wconf 91' lang='lat' dir='ltr'><strong>terra</strong></span> <span class='ocrx_word' id='word_1_777' title='bbox 2145 4660 2407 4727; x_wconf 75' lang='lat' dir='ltr'><strong>conspici,</strong></span> <span class='ocrx_word' id='word_1_778' title='bbox 2440 4660 2706 4729; x_wconf 86' lang='lat' dir='ltr'><strong>dignitate</strong></span> <span class='ocrx_word' id='word_1_779' title='bbox 2738 4677 2836 4716; x_wconf 90' lang='lat' dir='ltr'><strong>sua</strong></span> <span class='ocrx_word' id='word_1_780' title='bbox 2864 4671 2918 4715; x_wconf 89' lang='lat' dir='ltr'><strong>et</strong></span> <span class='ocrx_word' id='word_1_781' title='bbox 2950 4667 3292 4718; x_wconf 87' lang='lat' dir='ltr'><strong>ornamentis</strong></span> <span class='ocrx_word' id='word_1_782' title='bbox 3343 4680 3472 4734; x_wconf 77' lang='lat' dir='ltr'><strong>spo-</strong></span> 
     </span>
    </p>
   </div>
   <div class='ocr_carea' id='block_1_111' title="bbox 1894 4750 3473 4827">
    <p class='ocr_par' dir='ltr' id='par_1_111' title="bbox 1894 4750 3473 4827">
     <span class='ocr_line' id='line_1_111' title="bbox 1894 4750 3473 4827; baseline 0.006 -22"><span class='ocrx_word' id='word_1_783' title='bbox 1894 4752 2099 4806; x_wconf 89' lang='lat' dir='ltr'><strong>liatam.</strong></span> <span class='ocrx_word' id='word_1_784' title='bbox 2123 4750 2313 4821; x_wconf 78' lang='lat' dir='ltr'><strong>Magna</strong></span> <span class='ocrx_word' id='word_1_785' title='bbox 2335 4754 2656 4809; x_wconf 84' lang='lat' dir='ltr'><strong>Christiano</strong></span> <span class='ocrx_word' id='word_1_786' title='bbox 2686 4754 2894 4807; x_wconf 88' lang='lat' dir='ltr'><strong>nomini</strong></span> <span class='ocrx_word' id='word_1_787' title='bbox 2933 4756 3230 4824; x_wconf 87' lang='lat' dir='ltr'><strong>ignominia</strong></span> <span class='ocrx_word' id='word_1_788' title='bbox 3263 4773 3327 4812; x_wconf 82' lang='lat' dir='ltr'><strong>ex</strong></span> <span class='ocrx_word' id='word_1_789' title='bbox 3353 4761 3473 4827; x_wconf 88' lang='lat' dir='ltr'><strong>ejus</strong></span> 
     </span>
    </p>
   </div>
   <div class='ocr_carea' id='block_1_112' title="bbox 1892 4844 3473 4920">
    <p class='ocr_par' dir='ltr' id='par_1_112' title="bbox 1892 4844 3473 4920">
     <span class='ocr_line' id='line_1_112' title="bbox 1892 4844 3473 4920; baseline 0.006 -22"><span class='ocrx_word' id='word_1_790' title='bbox 1892 4844 2189 4899; x_wconf 89' lang='lat' dir='ltr'><strong>amissione</strong></span> <span class='ocrx_word' id='word_1_791' title='bbox 2210 4844 2428 4909; x_wconf 86' lang='lat' dir='ltr'><strong>accidit,</strong></span> <span class='ocrx_word' id='word_1_792' title='bbox 2457 4857 2663 4916; x_wconf 89' lang='lat' dir='ltr'><strong>quanto</strong></span> <span class='ocrx_word' id='word_1_793' title='bbox 2694 4847 2897 4900; x_wconf 88' lang='lat' dir='ltr'><strong>scilicet</strong></span> <span class='ocrx_word' id='word_1_794' title='bbox 2932 4856 3092 4900; x_wconf 82' lang='lat' dir='ltr'><strong>antea</strong></span> <span class='ocrx_word' id='word_1_795' title='bbox 3145 4848 3293 4905; x_wconf 79' lang='lat' dir='ltr'><strong>salua</strong></span> <span class='ocrx_word' id='word_1_796' title='bbox 3350 4851 3473 4920; x_wconf 86' lang='lat' dir='ltr'><strong>ejus</strong></span> 
     </span>
    </p>
   </div>
   <div class='ocr_carea' id='block_1_113' title="bbox 1896 4937 3470 5013">
    <p class='ocr_par' dir='ltr' id='par_1_113' title="bbox 1896 4937 3470 5013">
     <span class='ocr_line' id='line_1_113' title="bbox 1896 4937 3470 5013; baseline 0.006 -23"><span class='ocrx_word' id='word_1_797' title='bbox 1896 4937 2090 5007; x_wconf 83' lang='lat' dir='ltr'><strong>majori</strong></span> <span class='ocrx_word' id='word_1_798' title='bbox 2119 4937 2306 5007; x_wconf 77' lang='lat' dir='ltr'><strong>gloria:</strong></span> <span class='ocrx_word' id='word_1_799' title='bbox 2338 4948 2478 4992; x_wconf 86' lang='lat' dir='ltr'><strong>erat.</strong></span> <span class='ocrx_word' id='word_1_800' title='bbox 2516 4937 2633 4992; x_wconf 85' lang='lat' dir='ltr'><strong>Non</strong></span> <span class='ocrx_word' id='word_1_801' title='bbox 2668 4938 2781 5008; x_wconf 91' lang='lat' dir='ltr'><strong>jam</strong></span> <span class='ocrx_word' id='word_1_802' title='bbox 2815 4938 3089 5005; x_wconf 82' lang='lat' dir='ltr'><strong>dubitant,</strong></span> <span class='ocrx_word' id='word_1_803' title='bbox 3143 4944 3236 5010; x_wconf 83' lang='lat' dir='ltr'><strong>qui</strong></span> <span class='ocrx_word' id='word_1_804' title='bbox 3296 4943 3470 5013; x_wconf 84' lang='lat' dir='ltr'><strong>ipsam</strong></span> 
     </span>
    </p>
   </div>
   <div class='ocr_carea' id='block_1_114' title="bbox 1892 5034 3478 5099">
    <p class='ocr_par' dir='ltr' id='par_1_114' title="bbox 1892 5034 3478 5099">
     <span class='ocr_line' id='line_1_114' title="bbox 1892 5034 3478 5099; baseline 0.005 -16"><span class='ocrx_word' id='word_1_805' title='bbox 1892 5040 2362 5099; x_wconf 72' lang='lat' dir='ltr'><strong>expugnaverunt,</strong></span> <span class='ocrx_word' id='word_1_806' title='bbox 2400 5034 2452 5084; x_wconf 85' lang='lat' dir='ltr'><strong>in</strong></span> <span class='ocrx_word' id='word_1_807' title='bbox 2482 5039 2655 5084; x_wconf 87' lang='lat' dir='ltr'><strong>totum</strong></span> <span class='ocrx_word' id='word_1_808' title='bbox 2708 5041 2976 5086; x_wconf 82' lang='lat' dir='ltr'><strong>terrarum</strong></span> <span class='ocrx_word' id='word_1_809' title='bbox 3046 5036 3232 5088; x_wconf 82' lang='lat' dir='ltr'><strong>orbem</strong></span> <span class='ocrx_word' id='word_1_810' title='bbox 3284 5053 3478 5091; x_wconf 72' lang='lat' dir='ltr'><strong>excur-</strong></span> 
     </span>
    </p>
   </div>
   <div class='ocr_carea' id='block_1_115' title="bbox 1894 5120 3473 5193">
    <p class='ocr_par' dir='ltr' id='par_1_115' title="bbox 1894 5120 3473 5193">
     <span class='ocr_line' id='line_1_115' title="bbox 1894 5120 3473 5193; baseline 0.004 -16"><span class='ocrx_word' id='word_1_811' title='bbox 1894 5122 2077 5177; x_wconf 85' lang='lat' dir='ltr'><strong>siones</strong></span> <span class='ocrx_word' id='word_1_812' title='bbox 2094 5120 2271 5177; x_wconf 77' lang='lat' dir='ltr'><strong>facere</strong></span> <span class='ocrx_word' id='word_1_813' title='bbox 2293 5138 2527 5191; x_wconf 87' lang='lat' dir='ltr'><strong>eumque</strong></span> <span class='ocrx_word' id='word_1_814' title='bbox 2552 5122 2843 5191; x_wconf 79' lang='lat' dir='ltr'><strong>subjicere.</strong></span> <span class='ocrx_word' id='word_1_815' title='bbox 2872 5128 3044 5193; x_wconf 76' lang='lat' dir='ltr'><strong>Quam</strong></span> <span class='ocrx_word' id='word_1_816' title='bbox 3076 5128 3273 5183; x_wconf 79' lang='lat' dir='ltr'><strong>etenim</strong></span> <span class='ocrx_word' id='word_1_817' title='bbox 3303 5133 3473 5185; x_wconf 78' lang='lat' dir='ltr'><strong>solam</strong></span> 
     </span>
    </p>
   </div>
   <div class='ocr_carea' id='block_1_116' title="bbox 1895 5215 3475 5286">
    <p class='ocr_par' dir='ltr' id='par_1_116' title="bbox 1895 5215 3475 5286">
     <span class='ocr_line' id='line_1_116' title="bbox 1895 5215 3475 5286; baseline 0.006 -19"><span class='ocrx_word' id='word_1_818' title='bbox 1895 5215 1949 5267; x_wconf 87' lang='lat' dir='ltr'><strong>in</strong></span> <span class='ocrx_word' id='word_1_819' title='bbox 1973 5230 2133 5269; x_wconf 85' lang='lat' dir='ltr'><strong>omne</strong></span> <span class='ocrx_word' id='word_1_820' title='bbox 2159 5216 2417 5270; x_wconf 62' lang='lat' dir='ltr'><strong>satculum</strong></span> <span class='ocrx_word' id='word_1_821' title='bbox 2455 5217 2711 5271; x_wconf 67' lang='lat' dir='ltr'><strong>invictam</strong></span> <span class='ocrx_word' id='word_1_822' title='bbox 2740 5220 3152 5286; x_wconf 75' lang='lat' dir='ltr'><strong>existimabant,</strong></span> <span class='ocrx_word' id='word_1_823' title='bbox 3184 5232 3240 5273; x_wconf 92' lang='lat' dir='ltr'><strong>ut</strong></span> <span class='ocrx_word' id='word_1_824' title='bbox 3265 5224 3475 5277; x_wconf 66' lang='lat' dir='ltr'><strong>ueteris</strong></span> 
     </span>
    </p>
   </div>
   <div class='ocr_carea' id='block_1_117' title="bbox 1866 5306 3475 5381">
    <p class='ocr_par' dir='ltr' id='par_1_117' title="bbox 1866 5306 3475 5381">
     <span class='ocr_line' id='line_1_117' title="bbox 1866 5306 3475 5381; baseline 0.004 -22"><span class='ocrx_word' id='word_1_825' title='bbox 1866 5306 1950 5359; x_wconf 89' lang='lat' dir='ltr'><strong>-in</strong></span> <span class='ocrx_word' id='word_1_826' title='bbox 1991 5319 2133 5363; x_wconf 84' lang='lat' dir='ltr'><strong>terra</strong></span> <span class='ocrx_word' id='word_1_827' title='bbox 2159 5309 2386 5363; x_wconf 86' lang='lat' dir='ltr'><strong>urbibus</strong></span> <span class='ocrx_word' id='word_1_828' title='bbox 2419 5310 2653 5362; x_wconf 82' lang='lat' dir='ltr'><strong>humana</strong></span> <span class='ocrx_word' id='word_1_829' title='bbox 2689 5325 2851 5365; x_wconf 91' lang='lat' dir='ltr'><strong>manu</strong></span> <span class='ocrx_word' id='word_1_830' title='bbox 2889 5314 3183 5367; x_wconf 76' lang='lat' dir='ltr'><strong>exstructis</strong></span> <span class='ocrx_word' id='word_1_831' title='bbox 3253 5315 3475 5381; x_wconf 55' lang='lat' dir='ltr'><strong>przecels</strong></span> 
     </span>
    </p>
   </div>
   <div class='ocr_carea' id='block_1_118' title="bbox 1894 5398 3476 5474">
    <p class='ocr_par' dir='ltr' id='par_1_118' title="bbox 1894 5398 3476 5474">
     <span class='ocr_line' id='line_1_118' title="bbox 1894 5398 3476 5474; baseline 0.006 -23"><span class='ocrx_word' id='word_1_832' title='bbox 1894 5398 2095 5452; x_wconf 85' lang='lat' dir='ltr'><strong>lentem</strong></span> <span class='ocrx_word' id='word_1_833' title='bbox 2130 5400 2402 5463; x_wconf 80' lang='lat' dir='ltr'><strong>omnibus,</strong></span> <span class='ocrx_word' id='word_1_834' title='bbox 2455 5416 2580 5453; x_wconf 91' lang='lat' dir='ltr'><strong>cum</strong></span> <span class='ocrx_word' id='word_1_835' title='bbox 2642 5402 2757 5456; x_wconf 60' lang='lat' dir='ltr'><strong>haec</strong></span> <span class='ocrx_word' id='word_1_836' title='bbox 2807 5402 2919 5471; x_wconf 87' lang='lat' dir='ltr'><strong>jam</strong></span> <span class='ocrx_word' id='word_1_837' title='bbox 2977 5404 3046 5458; x_wconf 91' lang='lat' dir='ltr'><strong>ab</strong></span> <span class='ocrx_word' id='word_1_838' title='bbox 3093 5404 3226 5471; x_wconf 83' lang='lat' dir='ltr'><strong>ipsis</strong></span> <span class='ocrx_word' id='word_1_839' title='bbox 3282 5414 3476 5474; x_wconf 68' lang='lat' dir='ltr'><strong>praeter</strong></span> 
     </span>
    </p>
   </div>
   <div class='ocr_carea' id='block_1_119' title="bbox 1896 5495 3476 5569">
    <p class='ocr_par' dir='ltr' id='par_1_119' title="bbox 1896 5495 3476 5569">
     <span class='ocr_line' id='line_1_119' title="bbox 1896 5495 3476 5569; baseline 0.008 -26"><span class='ocrx_word' id='word_1_840' title='bbox 1896 5505 2112 5544; x_wconf 87' lang='lat' dir='ltr'><strong>omnem</strong></span> <span class='ocrx_word' id='word_1_841' title='bbox 2141 5506 2290 5560; x_wconf 62' lang='lat' dir='ltr'><strong>spem</strong></span> <span class='ocrx_word' id='word_1_842' title='bbox 2338 5502 2490 5561; x_wconf 85' lang='lat' dir='ltr'><strong>capta</strong></span> <span class='ocrx_word' id='word_1_843' title='bbox 2537 5500 2592 5548; x_wconf 78' lang='lat' dir='ltr'><strong>et</strong></span> <span class='ocrx_word' id='word_1_844' title='bbox 2638 5495 2847 5564; x_wconf 75' lang='lat' dir='ltr'><strong>direpta</strong></span> <span class='ocrx_word' id='word_1_845' title='bbox 2900 5495 2990 5560; x_wconf 79' lang='lat' dir='ltr'><strong>sit,</strong></span> <span class='ocrx_word' id='word_1_846' title='bbox 3034 5496 3165 5564; x_wconf 87' lang='lat' dir='ltr'><strong>quid</strong></span> <span class='ocrx_word' id='word_1_847' title='bbox 3215 5496 3476 5569; x_wconf 65' lang='lat' dir='ltr'><strong>deinceps</strong></span> 
     </span>
    </p>
   </div>
   <div class='ocr_carea' id='block_1_120' title="bbox 1899 5586 3479 5661">
    <p class='ocr_par' dir='ltr' id='par_1_120' title="bbox 1899 5586 3479 5661">
     <span class='ocr_line' id='line_1_120' title="bbox 1899 5586 3479 5661; baseline 0.006 -24"><span class='ocrx_word' id='word_1_848' title='bbox 1899 5586 2142 5637; x_wconf 88' lang='lat' dir='ltr'><strong>omnium</strong></span> <span class='ocrx_word' id='word_1_849' title='bbox 2173 5598 2232 5637; x_wconf 86' lang='lat' dir='ltr'><strong>se</strong></span> <span class='ocrx_word' id='word_1_850' title='bbox 2263 5600 2368 5638; x_wconf 87' lang='lat' dir='ltr'><strong>non</strong></span> <span class='ocrx_word' id='word_1_851' title='bbox 2402 5586 2729 5641; x_wconf 75' lang='lat' dir='ltr'><strong>Subacturos</strong></span> <span class='ocrx_word' id='word_1_852' title='bbox 2753 5590 3016 5657; x_wconf 76' lang='lat' dir='ltr'><strong>sperent?</strong></span> <span class='ocrx_word' id='word_1_853' title='bbox 3049 5587 3201 5644; x_wconf 85' lang='lat' dir='ltr'><strong>Unde</strong></span> <span class='ocrx_word' id='word_1_854' title='bbox 3255 5607 3479 5661; x_wconf 81' lang='lat' dir='ltr'><strong>quoque</strong></span> 
     </span>
    </p>
   </div>
   <div class='ocr_carea' id='block_1_121' title="bbox 1902 5677 3480 5749">
    <p class='ocr_par' dir='ltr' id='par_1_121' title="bbox 1902 5677 3480 5749">
     <span class='ocr_line' id='line_1_121' title="bbox 1902 5677 3480 5749; baseline 0.007 -21"><span class='ocrx_word' id='word_1_855' title='bbox 1902 5690 2122 5744; x_wconf 82' lang='lat' dir='ltr'><strong>magnos</strong></span> <span class='ocrx_word' id='word_1_856' title='bbox 2147 5686 2512 5744; x_wconf 83' lang='lat' dir='ltr'><strong>conceperunt</strong></span> <span class='ocrx_word' id='word_1_857' title='bbox 2535 5677 2771 5743; x_wconf 73' lang='lat' dir='ltr'><strong>animos,</strong></span> <span class='ocrx_word' id='word_1_858' title='bbox 2809 5679 3094 5749; x_wconf 86' lang='lat' dir='ltr'><strong>minasque</strong></span> <span class='ocrx_word' id='word_1_859' title='bbox 3120 5693 3307 5737; x_wconf 85' lang='lat' dir='ltr'><strong>contra</strong></span> <span class='ocrx_word' id='word_1_860' title='bbox 3357 5686 3480 5739; x_wconf 83' lang='lat' dir='ltr'><strong>nui-</strong></span> 
     </span>
    </p>
   </div>
   <div class='ocr_carea' id='block_1_122' title="bbox 1901 5765 3481 5839">
    <p class='ocr_par' dir='ltr' id='par_1_122' title="bbox 1901 5765 3481 5839">
     <span class='ocr_line' id='line_1_122' title="bbox 1901 5765 3481 5839; baseline 0.006 -19"><span class='ocrx_word' id='word_1_861' title='bbox 1901 5779 2087 5821; x_wconf 82' lang='lat' dir='ltr'><strong>vcrsos</strong></span> <span class='ocrx_word' id='word_1_862' title='bbox 2120 5765 2348 5835; x_wconf 80' lang='lat' dir='ltr'><strong>spirant,</strong></span> <span class='ocrx_word' id='word_1_863' title='bbox 2379 5775 2432 5819; x_wconf 89' lang='lat' dir='ltr'><strong>et</strong></span> <span class='ocrx_word' id='word_1_864' title='bbox 2466 5781 2658 5835; x_wconf 82' lang='lat' dir='ltr'><strong>magna</strong></span> <span class='ocrx_word' id='word_1_865' title='bbox 2697 5771 3103 5839; x_wconf 81' lang='lat' dir='ltr'><strong>contemptione</strong></span> <span class='ocrx_word' id='word_1_866' title='bbox 3130 5787 3319 5826; x_wconf 86' lang='lat' dir='ltr'><strong>eorum</strong></span> <span class='ocrx_word' id='word_1_867' title='bbox 3375 5774 3481 5830; x_wconf 88' lang='lat' dir='ltr'><strong>im-</strong></span> 
     </span>
    </p>
   </div>
   <div class='ocr_carea' id='block_1_123' title="bbox 3091 5863 3165 5925">
    <p class='ocr_par' dir='ltr' id='par_1_123' title="bbox 3091 5863 3165 5925">
     <span class='ocr_line' id='line_1_123' title="bbox 3091 5863 3165 5925; baseline 0.041 -3"><span class='ocrx_word' id='word_1_868' title='bbox 3091 5863 3165 5925; x_wconf 66' lang='grc'><strong>34</strong></span> 
     </span>
    </p>
   </div>
  </div>
