3918 6452
205 317 324 382 1065

1206 287 1705 371 LAMENTATlO
1729 307 1827 367 DE
1857 305 2077 367 crou
2117 306 2383 366 CAPTA.

3311 302 3443 370 1066

200 429 508 501 τηλικαύτη,
538 427 757 501 πατρίς·
795 428 829 498 ἠ
873 425 1164 496 Ῥωμαίων
1197 423 1441 479 ἐκποδὼν
1494 424 1761 495 βασιλεία·

1882 421 2074 476 memini
2109 419 2449 489 nongloriari
2482 418 2769 483 licebat,in
2803 431 2911 489 qua
2943 417 3116 473 civem
3147 416 3447 487 ascriptum

203 521 449 593 βασιλεία,
481 520 544 574 τὺ
574 519 769 590 σεμνξν
797 520 892 572 καὶ
932 520 1166 590 πρᾶγμα
1200 519 1294 572 καὶ
1339 518 1530 587 ὄνομα.
1563 517 1637 570 To
1661 517 1760 587 τῆς

213 612 528 683 Ἐκκλησίας
583 611 767 666 ἔνθεὸν
821 628 881 666 τε
944 612 1040 665 καὶ
1095 609 1303 681 ὑψηλὸν
1357 610 1761 680 καταϐέϐληται

204 707 392 775 σχῆμαο
427 706 455 757 ὁ
503 704 611 757 ἀπὸ
642 703 746 773 γῆς
781 702 951 773 ὕμνος
991 701 1110 770 Θεῷ
1158 701 1643 771 ἀναπεμπόμενος,
1693 701 1761 771 τῇ

204 794 455 864 ἀγγελικῇ
496 791 1023 866 προσαμιλλώμενος
1064 793 1310 863 πολιτεία
1358 791 1453 845 καὶ
1502 791 1759 861 μελῳδίᾳ,

203 885 585 955 κατεσιγάσθη.
630 886 693 938 Οί
747 887 865 938 ναοὶ
909 884 957 939 oi
1009 883 1142 938 θεῖοι
1174 882 1658 952 κατεστράφησαν,
1696 882 1764 935 τά

170 1004 174 1008 Α
205 977 554 1049 θυσιαστήρια
588 977 981 1049 βεϐεϐήλωται,
1006 976 1361 1047 κατεπατήθη
1408 975 1477 1028 τὰ
1512 976 1655 1044 ίερά.
1700 975 1763 1030 Ἢ

202 1070 351 1124 πολιὰ
384 1071 891 1143 καταπεφρόνηται,
935 1071 969 1142 ὴ
1018 1069 1209 1139 νεότης
1244 1068 1595 1139 διέφθαρται.
1644 1067 1765 1121 Τῶν

199 1163 256 1216 ἐν
280 1161 461 1233 ἡλικίᾳ
493 1162 554 1216 τὸ
586 1164 746 1217 πλέον
779 1163 1056 1235 μαχαίρας
1109 1161 1233 1235 (φεῦ
1258 1160 1297 1234 ί)
1332 1161 1495 1231 ἔργου
1538 1160 1768 1229 γεγόνα-

202 1262 299 1309 σιν·
332 1256 380 1308 ol
409 1255 464 1308 δὲ
494 1254 709 1327 δουλείᾳ
737 1254 1199 1325 διακαρτεροῦσιν
1230 1255 1453 1325 αίσχρᾷ.
1487 1255 1552 1307 Δί
1580 1254 1767 1322 γυναί-

201 1365 313 1412 κες,
344 1350 400 1401 ἐν
430 1348 660 1419 ἀτιμίαι
691 1350 801 1401 τῶν
828 1346 1053 1413 παίδων,
1079 1348 1140 1400 οὗ
1177 1347 1238 1400 τὸ
1267 1346 1401 1415 θῆλυ
1431 1347 1614 1413 μόνον,
1636 1346 1770 1400 ἀλλὰ

201 1440 291 1494 καὶ
314 1439 443 1492 αὐτὸ
473 1439 534 1491 τὺ
561 1441 751 1511 ἄρρεν,
785 1439 1193 1519 ἐνασελγαίνειν
1228 1438 1376 1508 αὑτῷ
1407 1438 1771 1508 τοὺςβῖιρϐἀ-

205 1553 323 1607 ρους
347 1535 644 1590 ὲκδέδοται.
679 1536 751 1587 Τὸ
784 1535 840 1589 δὲ
873 1536 969 1588 καὶ
1001 1535 1134 1605 πρὸς
1163 1534 1262 1603 τὴν
1288 1533 1549 1587 ἀσέϐειαν
1598 1534 1768 1587 ἐλεει-

200 1629 301 1691 νῶς
334 1626 736 1697 μετατέθειται.
764 1627 844 1680 Τὰ
873 1626 1052 1680 πάντα
1094 1628 1152 1679 ἐν
1184 1624 1452 1696 ἀπωλείᾳ,
1486 1626 1542 1679 ἐν
1574 1625 1771 1696 ἀτιμία

140 1716 145 1723 ’
188 1721 265 1775 .τά
283 1721 461 1791 τίμια.
508 1719 568 1773 Ὀ
600 1718 885 1791 βοηθήσων
918 1719 1115 1782 οὐδείς.
1157 1718 1224 1771 Ἦ
1262 1717 1529 1787 σύμπασα
1559 1718 1771 1789 πλήρης

1861 526 2003 575 esse,
2037 527 2144 566 non
2168 528 2359 583 parum
2427 511 2735 582 argumenti
2789 511 2856 565 ad
2919 512 3450 567 commendationem

1861 606 2203 678 gloriamque
2237 606 2493 662 habebat.
2522 605 2616 661 llla
2654 605 2820 674 igitur
2850 606 2971 662 talis
3004 622 3065 661 ac
3094 616 3242 661 tanta
3278 605 3449 675 patria

1863 707 2051 754 nostra
2083 706 2238 769 capta
2271 706 2393 754 est:
2428 696 2802 752 Romanorum
2828 697 3105 752 sublatum
3134 708 3217 752 cst
3275 698 3447 768 impe-

1865 789 2007 843 rium
2038 808 2052 845 τ
2079 789 2293 859 imperii
2321 788 2510 854 decus,
2543 798 2596 844 et
2624 803 2681 843 re
2711 797 2766 842 et
2811 790 3033 843 nomine
3054 791 3447 844 venerandum.

1865 881 2125 937 Ecclesiae
2153 881 2337 936 divina
2366 890 2419 936 et
2471 881 2724 937 sublimis
2782 881 2988 953 dejecta
3047 890 3132 937 est
3190 882 3450 951 species:

1865 974 2125 1045 hymnus,
2162 974 2254 1045 qui
2279 990 2309 1030 e
2338 983 2482 1029 terra
2514 989 2730 1029 sursum
2766 974 2832 1029 ad
2870 974 3035 1030 Deum
3108 973 3448 1039 mittebatur,

1866 1077 1921 1122 et
1949 1084 2072 1123 cum
2109 1069 2353 1139 angelica
2383 1069 2627 1124 certabat
2659 1071 2769 1123 vita
2820 1077 2874 1122 et
2932 1077 3120 1135 cantu,
3176 1068 3452 1124 consilnit.

1868 1161 2093 1233 Templa
2126 1162 2221 1216 Dei
2255 1177 2444 1217 eversa
2476 1170 2625 1227 sunt,
2685 1161 2880 1216 altaria
2929 1160 3239 1231 profanata,
3298 1176 3455 1218 sacra
3536 1228 3545 1232 _

1870 1254 2470 1311 conculcata.Canities
2492 1263 2800 1323 contempta
2830 1264 2932 1317 est,
2954 1255 3216 1323 juventus
3246 1255 3458 1325 disper—

1870 1346 2006 1401 dita.
2037 1346 2139 1413 Qui
2172 1362 2267 1417 per
2288 1347 2463 1401 aetatis
2498 1347 2740 1417 vigorem
2774 1362 2926 1400 arma
2963 1347 3106 1404 l'erre
3136 1332 3453 1419 petu‘erunt,

1874 1455 2062 1493 eorum
2094 1454 2222 1509 pars
2254 1438 2429 1507 major
2464 1437 2608 1495 ferro
2640 1440 2858 1495 concisa
2891 1439 3055 1509 jacet,
3092 1441 3187 1495 alii
3224 1443 3459 1497 servitu-

1875 1541 1980 1587 tem
2057 1542 2269 1601 turpem
2340 1531 2591 1587 tolerant.
2648 1530 2908 1587 Matronae
2966 1532 3323 1590 dedecoratae.
3378 1534 3457 1589 Ex

1874 1623 2047 1692 prole,
2080 1638 2187 1677 non
2223 1622 2438 1678 feminm
2469 1630 2704 1687 tantum,
2740 1625 2831 1680 sed
2862 1626 3087 1682 masculi
3121 1628 3309 1693 etiam,
3334 1628 3489 1688 libi-.

1876 1717 1989 1771 dini
2031 1715 2387 1771 barbarorum
2421 1717 2611 1773 dediti.
2650 1716 2856 1773 Horum
2911 1718 3067 1774 inulti
3130 1736 3342 1791 quoque
3392 1721 3459 1777 ad

184 1815 302 1871 τῶν
338 1784 411 1867 ⁷ἐκ
461 1812 561 1883 τῆς
594 1784 875 1883 ημετέρας
920 1810 1130 1873 πόλεως
1177 1784 1771 1881 προσαιτοῦντωνξκαὶ

1882 1810 2107 1880 impium
2177 1808 2467 1865 Mabometi
2527 1810 2733 1865 cultum
2794 1812 3071 1867 conversi.
3127 1811 3338 1867 Cuncta
3391 1816 3459 1867 all

200 1908 361 1963 πᾶσιν
407 1910 466 1959 ἐν
497 1905 792 1975 ὀφθαλμοῖς
841 1907 974 1976 ἡμῖν
1023 1905 1092 1957 τὰ
1120 1904 1307 1957 δεινά.
1359 1905 1570 1967 Πάντες
1616 1904 1772 1973 ἡμῶν

195 2003 291 2063 τὰς
326 2000 611 2069 συμφορὰς
642 1998 943 2061 ἐλεοῦντες,
978 1997 1283 2066 ὀδύρονταιο
1338 1997 1399 2049 οὐ
1446 1996 1669 2050 δύναται
1718 1995 1773 2051 δέ

200 2092 690 2166 παραμυθὴσεσθαι
713 2092 863 2161 ὅμως
894 2089 1090 2153 οὐδείς.
1129 2089 1537 2160 Ἐπιχαίρουσιν
1568 2091 1616 2142 οί
1642 2090 1774 2161 βαρ-

197 2187 353 2257 ϐαροι
385 2187 450 2256 τῇ
475 2184 722 2256 ἀπωλείᾳ
752 2183 931 2255 ἡμῶν
954 2181 1167 2252 τρυφὴν
1192 2178 1473 2236 ποιοῦντὰι
1497 2183 1595 2244 τὰς
1619 2181 1774 2253 ἡμῶν

199 2280 521 2350 συμφοράς·
554 2276 937 2347 ἐγκαυχῶνται
992 2278 1056 2345 τῇ
1109 2275 1319 2329 ἑαυτῶν
1370 2274 1628 2345 ἀσεϐείᾳ·
1676 2274 1776 2345 τῆς

196 2372 471 2442 ἡμετέρας
496 2368 779 2433 εὐσεϐείας
826 2366 1357 2432 κατεξανίστανται·
1399 2366 1775 2436 ἐνυϐρίζουσιν

201 2459 357 2531 ἡμῶν
384 2462 500 2523 τοῖς
530 2461 773 2530 σεμνοῖς.
817 2457 891 2511 Τὸ
922 2458 1017 2511 τοῦ
1050 2456 1187 2511 Θεοῦ
1217 2457 1304 2511 διὰ
1346 2457 1444 2526 τὴν
1490 2456 1648 2527 ἡμῶν
1681 2474 1776 2510 κα-

200 2551 320 2604 κίαν
364 2536 537 2620 ὄνομα
582 2549 1013 2619 βλασφημεῖται.
1077 2546 1431 2612 Ἀλαλάζουσι
1484 2547 1628 2601 κατά
1676 2547 1777 2618 τῆς

200 2642 472 2711 ἡμετέρας
505 2640 822 2712 θρησκείας.
847 2634 924 2695 Οὗ
963 2639 1042 2710 τῷ
1070 2638 1315 2709 ἀληθινῷ
1340 2638 1460 2708 Θεῷ
1514 2638 1614 2707 τὴν
1642 2637 1777 2709 ἀλη-

200 2732 351 2802 θινὴν
401 2731 659 2804 λατρείαν
717 2732 1048 2802 ἐκτελοῦμεν
1103 2733 1312 2802 ἡμεῖς,
1384 2729 1615 2784 ἐνταῦθα
1683 2730 1778 2784 νῦν

198 2826 371 2889 ἐστὼς
405 2825 466 2877 τὸ
510 2826 605 2895 τῆς
638 2823 973 2895 ἐρημώσεως
1019 2824 1295 2893 βδέλυγμα
1342 2824 1661 2892 καθορᾶται.
1713 2824 1776 2878 Ἣ

196 2916 538 2986 Χριστιανῶν
609 2916 761 2979 πόλις
807 2915 908 2986 ἠδη
962 2915 1072 2969 τῶν
1128 2914 1380 2968 ἀσεϐῶν
1416 2916 1516 2968 οὐκ
1559 2915 1638 2969 ἔτι
1686 2931 1781 2986 με-

197 3010 338 3079 γάλη
399 3009 488 3061 ἐπ’
547 3008 810 3077 ἀγαθοῖς,
856 3008 993 3062 ἀλλά
1040 3008 1272 3077 μεγίστη
1323 3008 1382 3059 ἐν
1441 3010 1773 3078 συμφοραῖς.

196 3101 353 3173 ’Ὁσῳ
386 3101 747 3172 λαμπροτέρα
778 3095 869 3172 ἦν,
903 3100 1143 3172 τοσούτῳ
1171 3100 1268 3154 νῦν
1311 3100 1473 3154 ἀθλία
1513 3101 1779 3170 καθέστη-
1807 3128 1850 3186 c

194 3208 316 3247 κεν.
367 3191 535 3244 Οὐδὲν
576 3190 749 3260 αὐτῆς
804 3191 1224 3260 μακαριώτερον
1264 3191 1564 3260 πρότερον,
1627 3190 1780 3243 οὐδὲν

192 3288 564 3355 ἐλεεινότερον
596 3285 693 3339 νῦν
723 3284 851 3353 ἐξῆν
874 3285 1046 3354 αὐτὴν
1096 3285 1194 3338 καὶ
1243 3283 1460 3354 οὐρανῷ
1496 3284 1779 3353 παραϐάλ-

193 3380 334 3434 λειν·
359 3379 434 3442 ὡς
462 3379 640 3450 ἥλιον,
668 3379 763 3431 καὶ
789 3377 1043 3448 σελήνην,
1064 3376 1157 3429 καὶ
1184 3375 1443 3447 ἀστέρας,
1470 3376 1536 3429 τά
1562 3376 1781 3430 ποικίλα

191 3472 312 3528 τῶν
343 3471 510 3535 ναῶν,
545 3470 635 3523 καὶ
668 3469 778 3522 τῶν
822 3469 1000 3525 ἄλλων
1049 3468 1429 3539 περιϐλέπτων
1461 3468 1783 3539 οἰκημάτων
1828 3500 1837 3509 ~

194 3565 653 3635 προϐαλλομένην
681 3562 854 3633 κάλλη
884 3579 942 3614 τε
972 3561 1067 3614 καὶ
1106 3561 1335 3631 μεγέθη,
1365 3561 1579 3615 πάντων
1613 3561 1782 3629 ἀσύγ-

192 3673 364 3728 κριτα
414 3655 611 3710 ἀλλων.
672 3653 832 3706 Ἀλλὰ
866 3651 960 3704 νῦν
996 3653 1095 3705 οὐκ
1130 3648 1247 3716 οἷδ’,
1302 3653 1329 3703 ὃ
1376 3669 1428 3703 τι
1479 3669 1561 3715 τις
1615 3652 1783 3723 αὐτὴν

190 3749 393 3814 εἰπὼν,
428 3750 528 3803 οὐκ
554 3745 990 3815 ἀπενεχθήσεται
1031 3745 1125 3797 τοῦ
1174 3745 1566 3813 προσήκοντος.
1599 3746 1783 3799 Πάντα

191 3843 312 3912 γὰρ
342 3841 481 3909 αὐτῇ
517 3838 705 3891 λοιπὸν
735 3837 973 3905 ἁρμόζει
1007 3836 1073 3887 τὰ
1105 3836 1297 3905 χείρω.
1335 3835 1575 3904 Ἀμείνω
1600 3836 1666 3890 ἂν
1691 3833 1783 3908 ἦν,

192 3935 251 3989 εί
306 3934 419 4003 πῦρ
467 3931 637 4000 αὐτὴν
692 3928 1065 3998 κατενεμήθη,
1112 3928 1143 3999 ἢ
1183 3928 1326 3995 ὓδωρ
1371 3928 1697 3994 ἐπέκλυσεν,
1751 3931 1784 4001 ἢ

192 4026 428 4096 σεισμδς
470 4023 861 4092 κατηδὰφισεν,
917 4021 1101 4085 αὐτοῖς
1155 4021 1425 4086 πολίταις,
1476 4024 1570 4074 καὶ
1618 4023 1785 4075 πᾶσιν

190 4118 319 4187 ἅμα
354 4117 555 4187 τιμίοις
586 4132 643 4167 τε
672 4114 767 4168 καὶ
796 4113 1034 4180 σεμνοῖς,
1147 4111 1439 4181 σωζομένη
1471 4128 1530 4164 τε
1563 4111 1666 4177 ἔτι,
1691 4113 1786 4166 καὶ

190 4212 299 4266 ἐπὶ
331 4210 436 4278 γῆς
465 4208 741 4279 ὁρωμένη,
789 4206 916 4260 ἄνευ
951 4199 1024 4258 ὧν
1056 4199 1170 4272 εἶχε
1218 4203 1419 4271 τιμίων
1451 4220 1509 4256 τε
1555 4203 1650 4257 καὶ
1680 4220 1784 4258 κα-

190 4304 332 4358 λῶν.
364 4301 516 4368 Μέγα
549 4300 897 4371 Χριστιανοῐς
927 4296 1152 4361 ὄνειδος,
1184 4297 1295 4366 ὅσῳ
1341 4296 1474 4365 πρὶν
1506 4298 1785 4366 φιλοτιμία

195 4394 443 4468 μεγάλη.
481 4392 670 4462 Πάσης
721 4389 1005 4452 ἐλπίζουσι
1053 4388 1524 4458 καταδραμεῖσθαι
1565 4389 1664 4457 τῆς
1712 4389 1788 4441 ol-

1876 1902 2152 1958 iutcritum
2218 1903 2432 1957 redacta
2512 1903 2577 1956 ad
2637 1902 3106 1973 ignominiamque
3196 1906 3462 1959 henorata

1876 2006 2051 2059 erant,
2080 2009 2181 2050 nec
2220 1995 2310 2063 qui
2330 2005 2617 2051 succurrat
2649 1997 2972 2066 quisquam.
2996 1996 3289 2051 Terrarum
3311 1998 3467 2054 orbis

1876 2088 2161 2144 hominum
2197 2102 2263 2143 ex
2294 2096 2479 2143 nostra
2510 2089 2729 2143 civitate
2759 2089 3134 2160 dispersorum
3194 2098 3249 2145 et
3305 2106 3461 2145 men-

1877 2181 2111 2236 dicando
2147 2180 2349 2235 victum
2386 2181 2744 2248 quaerentium
2806 2181 2998 2251 plenus
3029 2198 3045 2250 ;
3109 2182 3163 2237 in
3215 2184 3464 2238 omnium
3500 2248 3505 2253 η

1877 2280 2126 2325 nostrum
2159 2270 2334 2326 oculis
2357 2284 2615 2325 azrumnae
2648 2270 2858 2341 posita}.
2900 2270 3125 2340 Omnes,
3187 2272 3464 2328 excidium

1878 2370 2127 2417 nostrum
2168 2362 2515 2424 miserantes,
2550 2360 2785 2429 plorant,
2815 2361 2914 2417 sed
2973 2377 3135 2418 nemo
3186 2364 3466 2420 consolari

1879 2453 2134 2508 miserias
2174 2460 2375 2523 potest.
2422 2450 2693 2507 insultant
2754 2452 2976 2508 barbari
3033 2463 3234 2510 nostrae
3283 2455 3468 2526 perni-

1880 2545 2006 2609 ciei,
2032 2544 2191 2599 ludos
2224 2545 2431 2599 faciant
2473 2554 2691 2599 nostras
2719 2544 3080 2611 calamitates,
3119 2547 3171 2601 in
3216 2563 3312 2603 sua
3363 2549 3469 2603 im-

1881 2639 2081 2709 pietate
2116 2637 2446 2708 gloriantur,
2481 2638 2536 2691 in
2574 2637 2900 2708 religionem
2932 2646 3176 2694 nostram
3215 2640 3357 2710 piam
3384 2642 3468 2694 in-

1884 2739 2141 2799 surgunt,
2176 2729 2522 2784 contumeliis
2554 2730 2606 2783 in
2669 2739 2885 2786 nostras
2947 2745 3039 2786 res
3098 2732 3358 2788 honestas
3414 2742 3470 2787 et

1885 2832 2103 2877 sanctas
2138 2821 2491 2877 invehuntur.
2532 2822 2792 2876 Smctum
2831 2821 2921 2876 Dei
2964 2838 3186 2889 nomen,
3253 2835 3483 2894 propter

1882 2914 2233 2969 vitiositatem
2314 2924 2580 2980 nostram,
2644 2915 2786 2968 male
2850 2914 3024 2969 audit.
3087 2915 3471 2972 Vociferantur

1884 3018 2072 3062 c0utra
2107 2991 2355 3063 nostram
2413 3008 2754 3076 religionem.
2801 3006 3009 3073 Quibus
3051 3007 3107 3062 in
3158 3008 3296 3063 locis
3339 3024 3470 3064 vero
3532 3039 3545 3059 κ

1886 3096 1998 3153 Deo
2022 3113 2208 3151 verum
2240 3112 2340 3153 nos
2368 3099 2573 3152 cultum
2594 3100 3011 3168 praestabamus,
3035 3099 3108 3153 ibi
3140 3116 3285 3155 nunc
3308 3098 3471 3158 deso-

1886 3187 2110 3243 lationis
2177 3188 2514 3243 abominatio
2584 3198 2737 3244 stans
2790 3190 3150 3260 conspicitur.
3198 3191 3471 3248 Christia-

1884 3294 2079 3335 norum
2105 3290 2262 3335 antea
2297 3282 2427 3336 urbs
2490 3297 2636 3336 nunc
2690 3284 2982 3352 impiorum
3029 3284 3160 3339 urbs
3205 3295 3288 3339 est
3318 3304 3331 3341 :
3361 3300 3471 3343 non

1880 3368 1993 3444 jam
2032 3375 2273 3445 amplius
2308 3370 2499 3445 magna
2541 3376 2704 3431 rebus
2733 3378 2891 3432 bonis
2921 3388 2977 3432 et
3007 3377 3170 3442 lanis,
3204 3379 3299 3435 sed
3320 3380 3473 3434 cala-

1887 3460 2168 3525 mitatibus
2202 3478 2254 3523 et
2286 3468 2523 3524 miseriis
2555 3469 2811 3524 maxima.
2835 3470 2955 3536 Quo
2978 3472 3315 3540 splendidior
3337 3473 3467 3528 olim

1884 3571 2022 3627 erat,
2060 3572 2211 3618 tanto
2239 3576 2382 3615 nunc
2419 3562 2673 3617 miserior
2712 3565 2930 3617 redacta
2964 3571 3067 3619 est.
3102 3563 3472 3631 Quemadmo-

1885 3654 2014 3709 dum
2052 3655 2184 3709 nihil
2215 3656 2303 3709 illa
2333 3654 2544 3710 beatius
2573 3666 2751 3721 antea,
2787 3654 2857 3709 ita
2890 3666 3079 3711 contra
3131 3660 3265 3712 nihil
3321 3676 3469 3715 ttuuc

1885 3746 2073 3799 eadem
2111 3745 2386 3799 miserius.
2423 3745 2642 3798 Poterat
2671 3745 2786 3809 ipsa
2817 3744 2900 3800 vel
2925 3749 3065 3801 cado
3132 3751 3466 3835 cmuparari,

1888 3846 2076 3905 utpote
2116 3852 2237 3906 quae
2294 3847 2553 3906 tanquam
2587 3837 2700 3891 sole
2734 3847 2785 3891 et
2817 3838 2940 3891 luna
2988 3849 3040 3893 et
3088 3841 3282 3905 stellis,
3320 3844 3471 3897 varia

1889 3928 2216 3996 templorum
2270 3938 2323 3982 et
2369 3928 2600 3982 aliorum
2659 3928 3011 3984 aediﬁciorum
3062 3933 3469 4001 splendeornnt

1889 4020 2292 4089 pulchritudine
2339 4029 2393 4075 et
2444 4020 2823 4090 amplitudine,
2852 4016 3109 4078 omnibus
3163 4025 3289 4087 aliis
3317 4034 3471 4081 extra

1889 4127 2106 4167 omnem
2147 4113 2575 4182 comparationis
2604 4113 2775 4168 aleam
2803 4123 3131 4181 anteSIaret.
3154 4114 3308 4170 Nunc
3342 4133 3472 4172 vero

1890 4206 2073 4260 nescio
2103 4206 2231 4274 quid
2269 4206 2335 4260 tle
2367 4207 2479 4276 ipsa
2509 4206 2613 4260 dici
2642 4216 2807 4277 queat
2858 4216 2913 4261 ut
2963 4223 3068 4262 non
3116 4209 3401 4265 aberretur
3439 4226 3470 4265 a

1889 4311 2039 4351 vero.
2073 4296 2283 4351 Cuncta
2319 4312 2553 4367 namque
2601 4297 2872 4353 deteriora
2931 4300 3186 4372 deinceps
3242 4301 3293 4355 in
3348 4317 3470 4357 eant

1890 4388 2186 4459 quadram.
2256 4386 2549 4443 Przrstaret
2610 4404 2727 4443 eam
2781 4391 3032 4446 incendio
3091 4404 3468 4463 consumptam

191 4506 299 4542 κου
312 4487 480 4556 μένης
509 4485 559 4537 οἱ
595 4483 801 4553 ταύτην
829 4480 1386 4551 ἐκπολιορκήσαντες,
1410 4482 1503 4533 καὶ
1534 4480 1779 4544 εἰκότως.

1891 4495 2034 4543 esse,
2072 4492 2166 4535 aut
2199 4482 2556 4537 inundatione
2584 4498 2852 4552 aquarum
2877 4474 3177 4554 abreptam,
3212 4496 3305 4539 aut
3359 4496 3472 4541 ter-

199 4576 314 4631 ἺΙν
346 4576 415 4645 γά
424 4592 455 4645 ρ
484 4575 653 4645 μόνην
678 4570 747 4626 δι’
767 4571 963 4633 αίῶνος
987 4569 1222 4640 ἡγοῦντο
1248 4569 1521 4623 ἀνάλωτον
1543 4560 1783 4635 ἔσεσθαι,

191 4671 276 4732 ὡς
323 4664 625 4739 κρείττωῆ
678 4665 819 4718 κατά
863 4663 961 4725 τὰς
997 4663 1053 4715 ἐν
1103 4664 1171 4732 γῇ
1213 4661 1394 4726 πόλεις
1429 4662 1669 4725 ἁπάσας,
1721 4663 1787 4726 ἃς

197 4758 530 4829 ἀνθρωπίνη
580 4755 702 4825 χεὶρ
750 4754 998 4823 ἧγειρεν,
1047 4751 1095 4803 εί
1149 4749 1289 4821 αῦτη
1325 4753 1419 4803 νῦν
1454 4751 1638 4815 αὐτοῖς
1683 4752 1785 4823 ἤδη

199 4852 367 4924 παρά
424 4851 604 4903 πᾶσαν
654 4847 845 4899 ἐλπίδα
897 4846 1291 4924 πεπόρθηται,
1347 4844 1399 4897 τί
1443 4843 1630 4897 λοιπδν
1680 4847 1790 4899 τῶν

202 4946 437 4999 πάντων
470 4942 830 5004 ἀνέλπιστον;
881 4937 1045 4990 Ὅθεν
1095 4936 1189 4989 καὶ
1226 4936 1366 5007 μέγα
1393 4936 1535 4989 κατὰ
1568 4936 1789 4991 πάντων

205 5035 500 5110 φρονοῦσι,
536 5033 628 5088 καὶ
660 5030 797 5101 μετά
822 5030 1171 5103 φρονήματος
1225 5030 1462 5096 μεγάλου
1495 5029 1588 5082 καὶ
1619 5031 1791 5099 φορᾶς

198 5126 543 5186 ἀνυποίστου
576 5125 746 5176 πᾶσιν
798 5121 1033 5173 ἐπίασιν.
1077 5120 1139 5171 'll
1189 5120 1393 5189 ταύτης
1444 5122 1791 5184 κατάπτωσις

195 5222 263 5274 τὸ
304 5218 526 5272 πάντων
557 5212 935 5281 καταϐέϐληκε
971 5211 1246 5281 φρόνημα”
1285 5213 1375 5263 καὶ
1406 5214 1536 5284 περὶ
1580 5214 1792 5265 ἑαυτῶν

203 5311 406 5366 λοιπὸν
458 5308 664 5362 δεδίασι
718 5307 940 5366 πάντες.
992 5304 1189 5356 Οὐκέτι
1245 5303 1419 5366 οὐδεὶς
1472 5306 1537 5373 τῇ
1600 5305 1792 5357 ἑαυτοῦ

201 5401 504 5472 ἐλευθερίᾳ
539 5400 755 5472 θαρρεῖ’
797 5397 996 5458 πάντες
1026 5395 1222 5460 αὐτοὺς
1260 5395 1673 5465 ἐπιδραμείσθαι
1702 5402 1793 5450 τὸν

202 5494 497 5567 βάρϐαρον
530 5489 923 5562 προσδοκῶσιν.
959 5486 1124 5541 Ὅθεν
1175 5488 1270 5540 καὶ
1324 5488 1374 5539 oi
1430 5488 1528 5556 μὲν
1558 5488 1632 5556 τῷ
1685 5488 1796 5542 δέει

202 5587 423 5655 φόρους
448 5580 695 5636 τελοῦσιν
724 5576 894 5647 αὐτῷ,
927 5578 1035 5631 οὐδ’
1060 5576 1203 5631 οὓτω
1230 5578 1372 5632 πάνυ
1403 5577 1627 5648 θαρῤεἰν
1649 5576 1796 5648 Exuv-

201 5695 327 5741 τες·
364 5678 415 5730 el
456 5675 501 5731 δ’
528 5675 739 5744 ἕτοιμοι
773 5670 934 5725 τοῦτο
968 5672 1171 5745 ποιεῖν,
1220 5671 1269 5723 εί
1325 5672 1399 5740 μὴ
1443 5688 1799 5745 προαναρπαο

203 5769 396 5826 ςθείεν
428 5769 526 5840 τῆς
555 5766 680 5835 γῆς.
722 5765 809 5827 Ὠς
845 5761 1017 5833 πυρὸς
1047 5762 1261 5841 ῥύμην,
1286 5762 1419 5834 ὓλην
1463 5764 1663 5837 πολλὴν
1705 5766 1796 5818 καὶ

502 5865 750 5925 ΡΑτιιυι,
822 5861 935 5919 Gn.
981 5860 1147 5922 CLX.

1892 4588 1965 4626 ra:
1984 4581 2129 4625 motu
2164 4572 2313 4625 humi
2356 4584 2704 4642 prostratam,
2740 4592 2902 4646 quam
2944 4577 3121 4631 adhuc
3152 4588 3387 4641 exstare,
3418 4586 3473 4633 et

1891 4662 1944 4715 in
1972 4669 2113 4717 terra
2144 4664 2405 4732 conspici,
2439 4665 2705 4733 dignitate
2736 4682 2834 4720 sua
2863 4674 2917 4719 et
2949 4671 3291 4722 ornamentis
3342 4683 3471 4737 spo-

1892 4757 2097 4811 liatam.
2122 4754 2312 4825 Magna
2334 4757 2654 4812 Christiano
2684 4758 2892 4811 nomini
2932 4760 3229 4828 ignominia
3262 4776 3325 4814 ex
3351 4764 3471 4830 ejus

1891 4848 2187 4903 amissione
2209 4849 2427 4914 accidit,
2456 4861 2661 4920 quanto
2692 4851 2896 4904 scilicet
2930 4860 3090 4904 antea
3143 4852 3292 4908 salus
3348 4854 3472 4923 ejus

1894 4941 2088 5011 majori
2119 4941 2305 5011 gloria:
2338 4952 2477 4997 erat.
2514 4941 2632 4995 Non
2667 4942 2780 5012 jam
2814 4942 3087 5009 dubitant,
3142 4948 3234 5014 qui
3295 4947 3468 5017 ipsam

1891 5044 2360 5103 expugnaverunt,
2399 5037 2452 5088 in
2481 5043 2653 5088 totum
2708 5046 2974 5090 terrarum
3045 5040 3230 5091 orbem
3283 5056 3476 5095 excur-

1893 5127 2076 5181 siones
2093 5124 2269 5181 facere
2292 5142 2526 5195 eumque
2551 5126 2841 5194 subjicere.
2871 5131 3042 5196 Quam
3075 5132 3272 5187 etc-nim
3302 5136 3472 5188 solum

1894 5220 1948 5272 in
1972 5234 2132 5273 omne
2158 5220 2416 5274 saeculum
2454 5220 2710 5274 invictam
2739 5222 3151 5289 existimabant,
3183 5235 3239 5276 ut
3264 5227 3474 5280 caneris

1864 5310 1950 5364 in
1990 5323 2132 5367 terra
2158 5314 2385 5368 urbibus
2418 5314 2652 5366 humana
2688 5328 2849 5367 manu
2888 5316 3182 5370 exstructis
3253 5317 3475 5384 praecel:

1893 5403 2094 5456 lentem
2129 5405 2401 5467 omnibus,
2454 5420 2578 5457 cum
2641 5405 2756 5458 haec
2806 5405 2918 5473 jam
2976 5406 3045 5461 ab
3092 5406 3226 5474 ipsis
3281 5416 3475 5477 praater

1896 5510 2111 5549 omnem
2140 5510 2289 5565 spem
2336 5506 2489 5565 capta
2536 5503 2591 5551 et
2636 5497 2846 5566 direpta
2898 5498 2989 5561 sit,
3033 5499 3165 5567 quid
3215 5499 3476 5571 deinceps

1898 5590 2141 5641 omnium
2172 5603 2231 5642 se
2262 5604 2367 5642 non
2401 5590 2727 5644 subacturos
2751 5592 3016 5659 sperent?
3048 5590 3201 5647 Unde
3255 5610 3478 5664 quoque

1901 5695 2121 5749 magnos
2146 5690 2511 5748 eoneeperunt
2534 5680 2770 5746 animos,
2808 5682 3094 5753 minasque
3120 5696 3307 5739 contra
3357 5690 3480 5742 uui-

1901 5784 2086 5825 vcrsos
2118 5769 2347 5839 spirant,
2378 5779 2431 5823 et
2464 5785 2656 5839 magna
2695 5774 3103 5842 contemptione
3130 5790 3319 5829 eorum
3375 5778 3481 5833 im-

3091 5866 3165 5927 34
