3918 6452
261 303 278 364 i
290 305 395 366 059

1285 252 1774 362 ίιΛΜΕΝΤΛΤΙΟ
1803 295 1904 356 DE
1935 295 2154 356 CPOLI
2183 297 2440 359 CAPTA.

3377 297 3506 364 10Ἷο

259 419 461 490 σφξδρα
522 417 696 489 νεαρῷ
750 416 850 488 τῆς
891 415 1126 488 ἡλικίας,
1183 418 1278 471 καὶ
1326 417 1488 472 ἄλλου
1529 415 1664 488 ἄλλῃ
1696 391 1833 467 ἀπεχ-

1947 412 1991 465 in
2025 412 2332 468 calamitate
2365 415 2522 470 fidem
2555 414 2934 470 adolescentia:
2957 415 3245 484 lragil‘.tate
3281 415 3506 485 relique-

258 513 560 584 νεχθέντος,
596 512 748 583 μόλις
773 506 855 576 εἷς
889 529 979 580 μοι
1011 509 1438 580 περισέσωσται,
1469 508 1629 572 ὤνιος
1659 509 1831 579 ἀργυ-

261 607 420 675 ρίοις,
477 605 571 657 καὶ
624 603 974 675 ταλαιπωρίᾳ
1009 602 1201 673 πολλῇ·
1243 601 1343 654 οὐκ
1379 601 1444 654 ἂν
1493 600 1625 666 ἴσως
1673 597 1832 652 τοῦτο

262 698 478 766 συμϐὰν
507 698 703 764 οὕτως,
735 697 785 752 εί
809 699 838 752 '6
865 696 1046 768 πατὴρ
1085 695 1184 764 μὲν
1211 696 1420 760 αὐτοῖς,
1441 695 1568 765 ἐμοὶ
1595 691 1656 746 δὲ
1673 693 1832 746 ἀδελ-

261 787 358 856 φὺς
390 791 610 860 περιῆν.
637 789 787 860 Ταχὺ
812 785 927 858 γὰρ
953 785 1019 842 ἂν
1047 785 1243 849 αὐτοὺς
1274 784 1621 856 ἁναζήτήσας
1649 799 1836 852 περιε-

260 879 494 943 σώσατο,
522 879 617 934 τοῦ
644 881 806 933 πόνου
839 897 931 950 μοι
965 879 1364 948 συναράμενος.
1389 876 1504 930 Νῦν
1529 875 1586 929 δὲ
1607 875 1668 929 τὸ
1693 875 1835 929 ἐκεί-

258 989 384 1035 νους
418 973 517 1042 μὲν
549 973 606 1039 ἐξ
630 972 937 1044 ἀνθρώπων
970 970 1250 1040 γενέσθαι,
1283 969 1383 1040 ἐμὲ
1411 969 1468 1022 δὲ
1505 963 1667 1038 μδνον
1693 965 1832 1039 πρὸς

259 1065 435 1118 πάντα
474 1065 549 1137 μὴ
589 1065 875 1134 ἐξαρκεῖν,
927 1064 1102 1126 ἄλλως
1153 1080 1213 1116 τε
1272 1061 1367 1116 καὶ
1426 1062 1832 1136 ἀπραγμοσύνῃ

260 1157 599 1228 ουνεζηκότα
655 1156 824 1229 πολλῇ
881 1156 971 1228 (δι’
1011 1156 1080 1226 ἢν
1124 1155 1263 1224 πρὸς
1302 1156 1478 1209 πάντα
1527 1153 1687 1206 πόνον
1739 1155 1835 1208 καὶ

259 1248 479 1318 πρᾶξιν,
515 1248 657 1320 πλὴν
703 1250 797 1306 τοῦ
850 1249 991 1303 κατὰ
1050 1248 1178 1312 τούς
1239 1248 1471 1316 λόγους,
1521 1247 1832 1301 συνέϐαινεν

259 1341 406 1410 ἔχειν
433 1341 697 1413 ἀπείρως)
729 1342 904 1396 αἴτιον
935 1341 1125 1405 αὐτοῖς
1171 1340 1269 1410 τῆς
1313 1340 1572 1411 τοιαύτης
1604 1342 1833 1409 μεταδο-

191 1433 196 1438 ’
259 1433 379 1504 λῆς.
421 1431 562 1486 Οὐτε
603 1433 712 1505 γὰρ
763 1435 943 1504 εὑρεῖν
974 1433 1190 1498 αὐτοὺς,
1221 1434 1329 1502 ὅπη
1376 1433 1501 1503 γῆς,
1532 1432 1714 1504 ῥᾴδιον
1746 1429 1832 1501 ἦν,

259 1527 382 1582 οὐδὲ
415 1527 523 1580 τῶν
557 1515 732 1581 ἄλλων
761 1525 954 1580 οὐδένα
988 1526 1290 1594 συγγενῶν,
1333 1526 1550 1580 πάντων
1587 1524 1834 1589 ἐλεεινῶς

260 1621 366 1682 τοῖς
405 1613 700 1690 βαρῦάροις
742 1618 836 1671 ἀπ’
867 1617 1118 1688 ἀλλήλων
1147 1617 1568 1687 γεγενημένων,
1617 1617 1710 1669 καὶ
1743 1617 1836 1671 ἄλ-

259 1711 354 1764 λου
393 1710 528 1781 ἄλλῃ
551 1709 970 1780 ἀπενεχθέντος
1000 1707 1094 1761 καὶ
1116 1708 1144 1761 ὁ
1165 1707 1428 1760 ἑκάστοτε
1451 1707 1508 1761 δὲ
1541 1708 1640 1760 σὺν
1663 1707 1832 1776 πολλῇ

261 1803 614 1874 ταλαιπωρίᾳ
652 1819 742 1873 μοι
793 1799 1182 1871 εὑρισκόμενος
1215 1793 1367 1852 εἷλκε
1425 1799 1563 1868 πρὸς
1617 1799 1836 1854 ἑαυτόν.

263 1894 486 1966 Πρῶτον
523 1893 616 1947 οὖν
645 1892 1028 1961 περιτυγχάνω
1051 1893 1116 1958 τῇ
1153 1889 1377 1958 ἀδελφῇ,
1415 1884 1536 1941 εἶτα
1561 1891 1626 1956 τῇ
1665 1889 1844 1958 μητρΐ

264 1986 520 2054 ἀλλαχοῦ,
543 1985 624 2056 τῷ
647 1975 911 2054 ἀδελφιδῷ
937 1982 1182 2053 ὕστερον·
1211 1982 1306 2036 καὶ
1336 1980 1546 2045 τούτοις
1567 1979 1666 2050 τὴν
1689 1979 1840 2032 ἐλευ-

264 2079 452 2150 θερίαν
475 2078 582 2132 ὑπδ
611 2077 730 2149 Θεῷ
763 2077 921 2148 αἰτίῳ
946 2073 1362 2148 περιποιοῦμαι,
1387 2074 1541 2140 τάξιν
1565 2073 1838 2144 ὑπηρέτου

268 2169 458 2237 σώζων
493 2172 675 2236 αὐτδς,
719 2173 816 2225 καὶ
849 2170 908 2224 τδ
960 2167 1162 2238 σφόδρα
1196 2167 1434 2239 χαλεπὸν
1477 2167 1579 2237 τῆς
1619 2168 1726 2220 τῶν
1753 2166 1842 2219 λύ-

265 2277 409 2334 τρων
445 2265 738 2336 εὐρέσεως’
772 2263 838 2333 ἢν
887 2262 1022 2331 ἐλέῳ
1055 2261 1200 2334 μόνῳ
1239 2260 1376 2313 Θεοῦ
1424 2258 1734 2330 ὲκτὼμεθα,
1771 2259 1838 2313 δι’

272 2358 338 2426 ἣν
363 2356 472 2410 τῶν
500 2355 858 2426 παρεχδντων
912 2355 1009 2407 καὶ
1034 2353 1326 2406 ἐλεούντων
1358 2354 1390 2423 ἡ
1423 2352 1540 2405 Θεία
1576 2349 1843 2416 ἀντίδοσις

273 2447 673 2520 μυριοπλασίας
717 2444 1133 2518 ἀποδοθήσεται.
1171 2443 1350 2500 Μόνον
1380 2443 1475 2499 νῦν
1523 2445 1663 2515 είμι,
1715 2461 1846 2514 συγ-

271 2540 450 2606 γενέσι
483 2537 697 2603 πολλοῖς
725 2538 974 2607 πολλαχῆ
1003 2537 1450 2606 διεσπαρμένοις,
1486 2539 1579 2590 καὶ
1605 2535 1843 2605 οὐδαμοῦ

271 2629 393 2684 οὐδὲ
426 2629 619 2684 σύνδυο
657 2623 1096 2701 εὑρισκομένοις,
1153 2631 1212 2684 ἐν
1257 2623 1461 2699 ἀπορίᾳ
1521 2629 1690 2698 πολλῇ
1749 2631 1845 2682 καὶ

270 2717 618 2789 ταλαιπωρίᾳ
647 2713 888 2790 μεγάλῃ.
942 2711 1112 2772 Τοῦτό
1169 2736 1238 2789 με
1291 2721 1381 2772 καὶ
1431 2719 1551 2772 λίαν
1599 2719 1844 2786 ἀλγύνει,

271 2797 432 2862 τοῦτο
455 2801 599 2862 ποιεί
627 2799 688 2862 τδ
718 2810 818 2880 ζῇν
847 2809 1238 2880 ἀπολέγεσθαι.
1272 2809 1421 2880 Αὕτη
1451 2826 1541 2879 μοι
1573 2810 1848 2880 συμςςορὰ,

273 2889 634 2973 παραμυθίας
671 2891 929 2956 ὑπόθεσιν
962 2903 1224 2972 οὐδεμίαν
1259 2904 1672 2972 ὑποφαίνουσα.
1735 2903 1850 2956 Μία

276 3013 369 3063 μοι
406 2995 568 3064 μόνον
602 2995 952 3066 παραμυθία,
987 2995 1048 3048 τὸ
1082 2996 1210 3056 τοὺς
1259 2995 1572 3066 ἀδελφιδοῦς
1619 2995 1852 3064 ἀνακλη-

1933 504 2063 570 rint,
2091 504 2340 576 aliusque
2365 506 2474 562 alio
2501 507 2812 563 abstractus
2844 509 2938 573 sit,
2965 507 3052 562 vix
3085 522 3228 561 unus
3263 506 3397 561 mihi
3428 522 3508 562 re-

1933 607 2064 665 stat,
2095 609 2320 672 argento
2379 601 2610 668 venalis,
2672 613 2869 674 magna
2918 600 3240 658 difficultate
3289 599 3512 656 conflic

1933 699 2097 746 tans:
2133 691 2275 774 quod
2309 689 2541 747 fortasse
2569 701 2677 747 ηοιι
2710 687 3032 758 accidisset,
3067 693 3110 747 si
3176 701 3327 763 pater
3342 692 3511 774 'ipsis,

1933 792 1987 839 et
2023 785 2151 840 mihi
2181 771 2370 850 frater,
2395 797 2722 856 superesset.
2755 787 2913 842 Brevi
2932 788 3075 843 enim
3099 801 3194 842 eos
3231 771 3514 856 requirens

1934 889 2330 943 conservasset,
2361 877 2566 936 laboris
2606 867 2737 934 mihi
2779 881 2984 938 socius.
3019 880 3177 935 Nunc
3209 883 3355 943 vero,
3407 879 3516 934 illis

1934 965 2003 1021 de
2032 967 2139 1022 vita
2165 971 2442 1024 communi
2471 973 2724 1031 sublatis.
2750 987 2984 1039 quorum
3018 987 3184 1042 opera
3218 972 3349 1026 milii
3377 985 3511 1042 opus
3552 1005 3559 1012 -

1937 1069 2074 1123 erat.
2095 1075 2218 1116 cum
2251 1076 2351 1134 ego
2391 1063 2540 1120 solus
2571 1064 2718 1119 omni
2756 1065 2929 1120 labori
2952 1065 3173 1120 ferendo
3194 1081 3298 1120 non
3313 1079 3512 1126 essem.

1937 1154 2234 1224 praesertim
2267 1163 2424 1210 mtate
2457 1157 2510 1210 in
2543 1157 2656 1212 otio
2680 1159 2987 1225 litterisque
3035 1167 3156 1215 aeta
3214 1156 3385 1230 (unde
3448 1157 3513 1212 ad

1936 1260 2156 1301 onmem
2188 1248 2427 1303 laborem
2446 1263 2490 1304 ei
2520 1251 2809 1312 actionem,
2831 1259 3192 1320 praaterqnam
3212 1251 3277 1304 ad
3313 1248 3515 1312 studia,

1938 1339 2092 1395 rudis
2121 1349 2175 1396 ει
2203 1341 2420 1410 ineptus
2447 1342 2616 1412 sum),
2655 1351 2818 1398 cauSa
2862 1343 2974 1399 bare
3010 1343 3115 1398 illis
3149 1351 3310 1396 tanta:
3347 1345 3516 1396 muta-

1941 1435 2104 1492 tionis
2133 1435 2348 1490 accidit.
2378 1433 2566 1503 Neque
2599 1436 2766 1500 enim,
2815 1437 3034 1491 ubinam
3094 1434 3194 1505 ipsi
3247 1445 3516 1488 terrarum

1937 1519 2140 1590 essent,
2170 1534 2387 1595 repertu
2423 1527 2606 1581 faciles
2621 1536 2808 1580 erant:
2841 1541 3016 1595 neque
3041 1535 3359 1580 caeterorum
3384 1539 3518 1579 con-
3619 1586 3624 1594 _

1941 1619 2361 1688 sanguineorum
2423 1619 2566 1673 ullus
2612 1637 2623 1672 :
2677 1619 2822 1688 quod
2875 1617 3075 1689 singuli
3138 1615 3520 1672 miserabiliter

1943 1724 1970 1761 ιι
2019 1711 2262 1766 barbaris
2295 1709 2543 1766 distracti
2583 1726 2612 1764 a
2643 1726 2702 1766 se
2730 1710 2960 1766 invicem
3021 1717 3223 1773 essent,
3271 1709 3520 1778 aliusque

1942 1803 2048 1857 alio
2081 1803 2380 1872 abreptus:
2408 1803 2481 1857 ita
2510 1812 2562 1856 ιιι
2597 1805 2831 1874 quisque
2858 1805 3125 1872 ipsorum,
3167 1802 3254 1855 vix
3300 1805 3440 1870 aegre
3487 1814 3518 1852 a

1943 1891 2490 1949 incdiversoinloco
2529 1899 2794 1960 repertus,
2855 1893 2940 1946 me
3000 1891 3055 1945 in
3110 1906 3168 1945 se
3227 1888 3543 1961 quaerendo

1945 1993 2268 2054 occupatum
2321 1993 2548 2039 teneret.
2582 1983 2762 2039 Primo
2795 1983 2980 2054 itaque
3037 1983 3328 2037 nanciscor
3373 1993 3524 2036 soro-

1945 2091 2080 2138 rem.
2111 2063 2308 2132 deinde
2346 2085 2576 2132 matrem
2615 2077 2722 2132 alio
2759 2077 2811 2130 in
2849 2076 2988 2144 loco,
3047 2077 3159 2130 tum
3219 2075 3401 2130 fratris
3464 2073 3526 2127 ll-

1945 2170 2076 2223 lium
2115 2188 2128 2223 ι
2163 2169 2362 2240 quibus
2389 2169 2722 2232 libertatem,
2756 2166 3130 2236 Deojuvante.
3169 2166 3384 2238 peperi:
3413 2168 3528 2235 ipse

1948 2262 2308 2318 ministerium
2358 2277 2520 2317 omne
2578 2262 2790 2325 obiens,
2839 2259 3261 2329 dilIicillimeque
3295 2258 3529 2329 pretium

1947 2355 2250 2423 redimendi
2291 2369 2588 2425 corrogans
2627 2371 2641 2408 :
2685 2353 2827 2422 quod
2862 2352 2976 2408 sola
3008 2352 3102 2408 Dei
3143 2349 3520 2407 misericordia

1948 2445 2228 2500 consecuti
2255 2459 2446 2499 sumus
2482 2459 2619 2514 :pro
2636 2459 2744 2514 quo
2767 2443 2875 2499 illis
2893 2442 3100 2513 qui,no
3134 2451 3274 2496 trum
3297 2440 3529 2514 iniserti,

1949 2538 2508 2604 contu!erum,divina
2527 2537 2827 2606 benignitas
2848 2533 3280 2591 cumulatissime
3301 2533 3532 2605 gratiam

1912 2695 1914 2697 ,
1951 2637 2171 2689 referet.
2220 2630 2379 2686 Nunc
2412 2632 2561 2684 solos
2617 2645 2784 2686 sum:
2823 2627 3264 2696 consanguineis,
3297 2641 3533 2695 quorum

1955 2737 2182 2792 magnus
2213 2737 2498 2786 numerus,
2527 2722 2579 2773 in
2605 2720 2752 2774 varia
2778 2720 2893 2774 loca
2921 2719 3206 2789 dispersis,
3233 2733 3303 2772 ne
3323 2717 3534 2774 duobus

1951 2817 2169 2886 quidem
2203 2816 2412 2884 uspiam
2449 2829 2556 2868 una
2577 2812 2949 2874 manentibus,
2977 2811 3032 2865 in
3067 2825 3261 2880 magna
3292 2819 3537 2879 egestate

1949 2918 2006 2964 et
2025 2909 2307 2964 aerumnis.
2344 2907 2453 2960 lloc
2478 2907 2656 2974 ipsum
2681 2912 2784 2967 est,
2823 2902 2969 2972 quod
3002 2901 3160 2956 valde
3188 2915 3274 2956 me
3324 2899 3536 2955 diseru-

1953 3003 2078 3064 ciet,
2110 3003 2212 3056 hoc
2241 3001 2486 3054 animum
2521 3009 2578 3052 ut
2605 2997 2972 3068 despondeam
3023 2982 3171 3058 facit,
3233 2993 3347 3048 luce
3390 2993 3537 3048 calaé

275 3073 470 3151 Θέντας
511 3087 660 3152 ίδείν,
702 3087 798 3141 καὶ
851 3092 987 3158 πρὸς
1039 3087 1102 3141 τὸ
1137 3088 1366 3158 πάτριον
1417 3086 1585 3150 σέϐας
1625 3085 1842 3142 ἐπανελ-

1961 3096 2120 3150 mitas
2159 3095 2336 3150 solatii
2393 3094 2660 3148 rationem
2713 3092 2922 3146 nullam
2984 3088 3249 3145 ostendit.
3301 3085 3537 3142 Unicum

276 3181 492 3246 ϐάντας.
527 3181 592 3234 Ὃ
633 3180 866 3250 γένοιτο,
899 3182 994 3235 καὶ
1028 3183 1218 3252 μεῖζον
1242 3182 1323 3245 είς
1359 3181 1717 3250 παραμυθίας
1765 3195 1855 3250 μοι

274 3273 432 3343 λόγον
464 3274 664 3345 οὐδὲνῆ
699 3276 794 3328 καὶ
824 3274 915 3328 τοῦ
949 3274 1049 3345 ζῇν
1072 3275 1178 3342 ἔξω
1207 3275 1492 3346 γενοίμην,
1523 3275 1608 3329 ἵνα
1638 3273 1732 3328 καὶ
1759 3273 1853 3327 τοῦ

274 3367 479 3437 ἀλγεῖν.
521 3367 688 3424 Ἀλλά
740 3369 975 3434 δέδοικα,
1035 3368 1110 3439 μὴ
1147 3368 1240 3421 καὶ
1291 3367 1483 3422 τούτου
1541 3367 1853 3438 γινομένου,

279 3461 544 3532 μειζόνως
572 3461 797 3534 ἀλγήσω
829 3463 860 3533 ἢ
893 3462 1032 3515 κατὰ
1066 3461 1163 3534 τὴν
1195 3461 1290 3514 νῦν
1349 3463 1658 3532 συμφορὰν,
1699 3461 1859 3513 κολα-

278 3567 430 3606 σεσιν
463 3552 845 3623 ἀτελευτήτοις
877 3552 1226 3624 ὑποὸληθεὶς,
1259 3553 1326 3605 δι’
1350 3552 1408 3606 ὃν
1445 3553 1730 3622 ὲπίκειμαι
1760 3553 1857 3620 τῆς

275 3643 454 3717 ψυχῆς
486 3647 788 3715 μολυσμύν.
831 3647 992 3700 Ἀλλὰ
1019 3648 1114 3701 καὶ
1139 3645 1249 3700 τῶν
1285 3647 1380 3700 νῦν
1419 3646 1740 3718 συμφορῶν,
1765 3645 1858 3698 καὶ

276 3735 384 3788 τῶν
409 3737 488 3795 εἰς
518 3736 579 3786 τὸ
629 3734 824 3803 μέλλον
856 3733 1232 3805 ἀπαλλαγείήν
1265 3735 1560 3802 κολάσεων,
1590 3735 1686 3788 τοῦ
1717 3733 1856 3788 Θεοῦ

279 3841 371 3896 μοι
409 3826 538 3880 om
597 3825 694 3879 νῦν
737 3825 959 3890 ἰδόντος,
991 3825 1086 3880 καὶ
1126 3827 1205 3896 τῷ
1255 3825 1425 3897 πατρὶ
1487 3827 1859 3896 συγγενοίμην

278 3920 373 3972 καὶ
421 3919 660 3989 ἀδελφῷ,
699 3919 750 3972 εί
815 3918 910 3971 καὶ
971 3919 1046 3989 μὴ
1094 3919 1195 3987 τῆς
1249 3919 1621 3989 καθαρότητος
1674 3918 1858 3981 αὐτοῖς

280 3999 545 4065 κοινωνῶ.
583 4011 708 4064 Εἴθε
743 4011 800 4064 δὲ
830 4012 863 4083 ἡ
897 4009 1137 4082 Χριστοῦ
1168 4009 1328 4081 χάρις
1358 4013 1421 4080 τῇ
1451 4011 1574 4078 ἐμοὶ
1603 4011 1860 4080 μετανο’ᾳ

282 4103 378 4157 καὶ
415 4093 554 4175 ῥοπῇ
587 4105 652 4175 τῇ
683 4104 822 4174 πρδς
862 4102 930 4156 τὰ
963 4101 1104 4157 καλᾶ
1149 4102 1258 4155 τῶν
1314 4104 1492 4154 ἐκεῖσε
1529 4101 1860 4166 anausim

281 4197 675 4267 κολαστηρίων,
710 4198 803 4250 τὸν
834 4195 942 4250 τῶν
982 4193 1172 4249 παθῶν
1203 4195 1394 4265 ἐσμὸν,
1423 4194 1483 4248 ὃν
1512 4195 1858 4266 περίκειμαι,

1960 3191 2090 3246 mibi
2120 3190 2371 3244 solatium
2407 3196 2597 3253 restat,
2625 3187 2668 3243 si
2699 3195 2925 3256 nepotes
2946 3200 3007 3238 ex
3037 3183 3206 3237 fratre
3244 3189 3537 3249 recupera-

1960 3291 2046 3338 tos
2071 3283 2305 3346 videam,
2369 3293 2423 3336 et
2479 3281 2546 3335 ad
2600 3280 2829 3349 patriam
2887 3276 3203 3346 religimicin
3259 3273 3539 3328 reductos.

1961 3375 2178 3430 Utinam
2213 3377 2314 3429 hoc
2350 3375 2478 3428 fiat!
2538 3372 2710 3442 major
2768 3369 2898 3424 mihi
2963 3372 3029 3424 ad
3083 3366 3338 3422 solatium
3405 3366 3542 3420 ratio

1959 3469 2104 3522 nulla
2141 3467 2256 3520 dari
2289 3475 2488 3536 potest.
2524 3466 2632 3517 Ant
2663 3478 2792 3518 sane
2813 3477 2877 3516 ex
2903 3461 3008 3514 vita
3028 3459 3542 3536 quoque_discet'e:e

1959 3562 2258 3630 continget,
2298 3558 2466 3614 utsic
2495 3557 2660 3614 etiam
2726 3553 3046 3626 aegritudine
3101 3552 3267 3605 animi
3325 3551 3544 3605 liberer.

1960 3655 2142 3709 Metuo
2167 3664 2348 3706 tamen
2377 3667 2464 3718 ne,
2499 3651 2544 3706 si
2578 3649 2679 3704 hoc
2708 3648 2912 3704 factum
2951 3647 3138 3712 fuerit,
3203 3647 3275 3720 in.
3315 3646 3545 3714 majores

1959 3747 2218 3808 incidam,
2240 3757 2402 3814 quam
2437 3745 2668 3812 quantos
2687 3757 2750 3795 ex
2782 3739 3144 3812 praesentibus
3173 3737 3330 3792 malis
3350 3738 3546 3796 sentio.

1961 3835 2199 3900 dolores,
2236 3833 2574 3888 Cruciatibus
2607 3831 2832 3886 aeternis
2869 3837 3093 3899 propter
3143 3825 3338 3882 animae
3414 3844 3548 3882 mea:

1962 3926 2372 3995 inquinamenta
2401 3923 2714 3978 mandatus.
2752 3921 2856 3976 Sed
2893 3921 3098 3975 utinam
3153 3931 3207 3974 et
3262 3917 3548 3988 (ii-menti-

1967 4015 2068 4071 bus
2091 4015 2350 4080 miseriis,
2376 4026 2429 4070 ct
2463 4013 2662 4068 futurae
2697 4015 2817 4068 vitm
2848 4015 3050 4085 ptrnis.
3092 4013 3201 4066 Deo
3233 4028 3321 4067 me
3365 4015 3548 4083 pmpi-

1970 4107 2056 4159 liis
2089 4105 2265 4160 oculis
2292 4104 2614 4174 aspiciente,
2661 4104 2881 4168 liberer,
2937 4103 3323 4171 consorziuqne
3383 4106 3549 4172 patris

1967 4210 2020 4254 et
2051 4198 2234 4254 fratris
2264 4199 2434 4264 fruar,
2474 4199 2601 4254 licet
2631 4213 2737 4252 non
2770 4212 2832 4254 ea
2858 4193 3114 4268 puritate,
3145 4212 3250 4266 qua
3279 4198 3400 4266 ipsi,
3421 4201 3548 4252 sim.

283 4293 608 4363 παριδοῦσα.
647 4289 899 4362 Ζὴσομαι
926 4289 1128 4353 τοίνυν,
1165 4287 1271 4352 ἓως
1301 4289 1366 4341 ἃν
1395 4287 1488 4360 ἐξῇ
1529 4287 1652 4360 ζῇν,
1684 4288 1842 4355 ἀλγῶε

1947 4269 2107 4362 κΟριο
2134 4307 2264 4346 vero
2293 4289 2495 4345 Christi
2521 4291 2775 4360 gratiam,
2808 4300 2865 4344 ut
2898 4306 2962 4345 ea
2993 4305 3100 4351 me,
3133 4290 3450 4360 paenitentia
3484 4291 3552 4344 ad

282 4389 376 4440 καὶ
427 4386 683 4458 δακρύων
737 4386 787 4438 εί
842 4384 916 4454 μή
959 4401 1010 4439 τι
1036 4383 1400 4455 χρηστότερον
1431 4381 1492 4444 ἐξ
1523 4382 1842 4437 ἁιελπίστωε

1969 4384 2143 4438 bonas
2168 4381 2420 4438 actiones
2451 4383 2908 4454 propendentem,
2972 4380 3277 4436 inferorum
3344 4383 3553 4436 crucia-

283 4479 585 4551 ἀναφανείη
611 4477 796 4543 ποθὲν,
825 4475 995 4548 τιμὴν
1029 4476 1250 4529 ἅπασαν
1285 4474 1568 4544 τιθέμενος
1615 4473 1744 4544 παρ’
1773 4473 1842 4526 οὐ·

1971 4475 2172 4530 mentis
2203 4475 2418 4541 liberet,
2441 4451 2776 4530 non'ltabito
2801 4490 3089 4545 pravorum
3159 4475 3452 4530 allectuum
3500 4485 3555 4530 et

283 4575 372 4628 δὲν
403 4575 508 4629 τῶν
551 4576 655 4629 οὐκ
703 4575 792 4643 ἐφ’
817 4565 973 4646 ’ἡμῖν
1004 4565 1192 4637 οὖσαν,
1225 4573 1320 4626 καὶ
1363 4570 1518 4623 οὐδὲν
1566 4571 1838 4639 πρὸς¹ὲμέ

1973 4574 2343 4636 peccatorum,
2383 4583 2620 4639 quorum
2676 4569 2931 4624 satellitio
2983 4573 3217 4639 stipatus
3269 4584 3416 4630 sum,
3464 4583 3555 4632 re-

284 4666 385 4721 κᾶν
403 4685 544 4731 τινες
569 4665 832 4721 τάναντία
854 4664 1200 4736 ψηφίζοιντο,
1218 4660 1398 4731 κάμοῦ
1432 4661 1680 4730 μέλλοιεν
1704 4661 1836 4729 ἐσλοὶ

1973 4667 2184 4730 spectu.
2219 4658 2410 4715 Vivam
2441 4662 2622 4732 igitur,
2654 4662 2836 4731 quoiid
2893 4661 3074 4717 vivere
3116 4665 3462 4726 concedetur,
3498 4661 3555 4715 in

284 4775 384 4828 την
419 4757 856 4828 καταγινώσκειν
892 4754 1252 4826 ἁδελτηρίαν,
1299 4751 1458 4805 τοῦτό
1492 4767 1556 4820 γε
1593 4751 1777 4816 αὐτοῖς
1801 4753 1842 4804 οι

1973 4753 2165 4810 dolore
2215 4761 2270 4809 et
2315 4753 2593 4822 lacrymis.
2661 4756 2763 4809 nisi
2811 4753 2942 4822 quid
2997 4754 3276 4822 insperato
3313 4754 3557 4808 melioris

286 4853 626 4924 ουνᾴδοντος.

1974 4848 2205 4903 fortuna:
2225 4848 2476 4904 alicunde
2507 4862 2592 4901 me
2625 4849 2926 4914 respexerit
2956 4863 2970 4900 :
3003 4861 3221 4900 omnem
3261 4846 3424 4916 hujus
3454 4862 3559 4901 sae-

287 4944 397 5000 culi
423 4948 680 5003 honorem
717 4962 814 5018 pro
836 4947 1006 5002 nihilo
1047 4955 1268 5016 puta-ns,
1297 4958 1422 4998 cum
1454 4943 1500 4997 is
1525 4956 1635 4996 non
1691 4940 1764 4996 sit
1807 4941 1862 4994 in
1940 4949 2214 5012 potestate
2237 4951 2448 5007 nostra,
2517 4957 2616 4994 nec
2675 4941 2742 4993 ad
2811 4955 2897 4995 me
2943 4941 3173 4995 attineat
3230 4941 3554 5010 quidquam,

282 5041 538 5112 quamvis
563 5040 729 5110 aliqui
768 5042 821 5094 in
855 5041 1126 5095 contraria
1154 5039 1266 5094 sint
1294 5039 1588 5102 sententia,
1649 5035 1879 5105 ideoque
1917 5053 2025 5103 me,
2061 5038 2278 5108 quodin
2312 5037 2415 5089 hoc
2449 5037 2580 5105 ipsis
2641 5051 2748 5089 non
2790 5037 3077 5102 assentiar,
3141 5046 3397 5093 extrema:
3463 5039 3559 5093 dc-

289 5136 501 5192 mentim
537 5135 760 5191 nomine
782 5135 1008 5190 condein
1018 5143 1145 5189 natu
1157 5134 1223 5188 ri.
1765 5141 1774 5151 '
