3918 6452
905 399 1078 414 -μυυ-..Α
1095 403 1858 414 -υ--ι--ν-*ιην--τ-ι--ι--ρος
1889 407 1894 409 -
1913 405 2214 414 --μ--υ--οο-

1006 585 1886 772 MARCUS
2012 589 3268 814 EUGENICUS‘

1589 1017 1600 1032 Ι
1659 934 2002 993 EPHESIUS
2054 933 2571 992 METROPOLITA.

761 1349 774 1364 .
882 1263 1396 1390 NOTITIA
1514 1262 2175 1356 HISTORICA
2281 1266 2308 1353 1

1798 1262 2175 1356 ‘ORICA
2281 1265 2434 1354 ET
2559 1261 3345 1355 LITTERARIA.

1499 1455 1715 1517 (Fabric.
1735 1452 1972 1508 Bibliotb.
1996 1455 2084 1506 Gr.
2115 1454 2196 1505 ed.
2245 1452 2445 1515 liarles,
2477 1455 2600 1503 tom.
2635 1453 2717 1515 Χ.)

556 1757 773 1814 Marcus
803 1757 1136 1828 Eugenicus,
1176 1759 1370 1830 Ephesi
1407 1760 1773 1831 metropolita,
1803 1760 2120 1816 Latinorum
2156 1760 2208 1815 in
2242 1761 2500 1824 concilio,
2550 1760 2638 1815 cui
2690 1775 2796 1815 non
2843 1758 3195 1830 subscripsit,
3222 1759 3552 1828 Florentino,
3581 1776 3694 1817 anno

487 1847 646 1911 H59.
683 1859 848 1918 atque
883 1849 1141 1919 deinceps
1173 1849 1239 1904 ad
1285 1850 1493 1903 obitum
1531 1865 1704 1919 usque
1738 1849 2094 1905 adversarius
2125 1851 2452 1916 acerrimus,
2483 1850 2836 1920 unionisque,
2871 1864 3032 1920 quam
3091 1863 3217 1904 cum
3274 1848 3384 1905 illis
3415 1864 3696 1919 componere

483 1931 722 1990 Joannes
751 1937 1090 2005 i‘alteologus
1127 1937 1256 2006 imp.
1293 1936 1637 2001 instituebat,
1678 1949 1875 2006 magna
1912 1950 2127 1990 remora
2157 1953 2172 2001 ;
2207 1952 2383 1994 novus
2434 1938 2557 1992 ideo
2604 1937 2834 1991 Pbotius
2866 1937 3048 1992 dictus
3084 1935 3310 1990 Horatio
3335 1935 3621 1990 Iustiniano
3651 1937 3691 1990 in

483 2023 635 2077 Actis
665 2022 886 2076 concilii
917 2021 1064 2078 Flor.
1089 2040 1103 2090 ;
1133 2022 1274 2078 idem
1307 2039 1453 2078 anno
1483 2022 1641 2084 Hi7,
1673 2023 1833 2078 morti
1865 2022 2109 2090 vicinus,
2134 2022 2366 2096 Georgio
2401 2024 2688 2080 Scholario
2719 2023 2920 2079 tuenda
2962 2023 3167 2079 Graeca:
3199 2022 3459 2079 Ecclesia:
3486 2025 3693 2095 dogmata

484 2121 538 2164 et
564 2109 819 2165 unionem
851 2109 1159 2182 fugiendam
1188 2111 1525 2182 gravissimis
1575 2110 1754 2165 verbis
1784 2109 2189 2165 commendavit
2236 2129 2250 2167 :
2293 2111 2562 2184 Georgius
2613 2112 2804 2175 etiam,
2833 2113 2962 2178 Deo,
2996 2113 3204 2181 angelis
3256 2123 3312 2166 et
3343 2111 3629 2167 hominibus
3653 2111 3692 2165 in

484 2197 857 2252 testimonium
887 2198 1191 2262 advocatis,
1223 2199 1324 2253 hoc
1371 2213 1430 2252 se
1488 2197 1903 2252 observaturum
1961 2206 2150 2252 sancte
2194 2198 2423 2266 juravit.
2483 2198 2907 2268 observavitque
2957 2198 3153 2254 deinde
3202 2198 3694 2268 diligentissime,ct

484 2285 726 2341 Marcum
789 2287 1065 2342 doctorem
1106 2302 1264 2341 suum
1327 2285 1646 2340 defunctum
1692 2300 1790 2353 pro
1848 2285 2046 2368 funere.
2094 2284 2360 2341 laudavit.
2411 2285 2626 2356 Scripta
2676 2287 2795 2356 ejus
2851 2297 3246 2357 oppugnarunt
3313 2286 3484 2341 Gnaei
3525 2286 3693 2337 λατινό-

482 2390 680 2444 φρονες
721 2372 992 2446 Josepbus
1047 2373 1439 2437 Methonensis.
1469 2373 1767 2445 Gregorius
1801 2374 2262 2430 liieromonacbus
2293 2375 2752 2445 protosyncellus,
2786 2373 3035 2430 Bessario
3063 2383 3116 2430 et
3145 2373 3240 2444 qui
3269 2371 3459 2428 Latine
3486 2373 3691 2444 scripsit,

482 2463 728 2518 Andreas
754 2462 1122 2519 Colossensis.
1155 2462 1288 2529 Ejus
1312 2467 1512 2533 scripta
1544 2465 1661 2520 lucc
1696 2463 1825 2517 mihi
1856 2464 2145 2521 innutuere
2182 2481 2197 2518 :

555 2552 606 2605 1.
636 2551 875 2620 Epistula
918 2554 985 2605 arl
1043 2551 1302 2605 Joannem
1356 2549 1744 2622 Palazofogum,
1801 2551 1995 2618 incipit
2029 2553 2102 2609 :d

2146 2550 2263 2620 ipdv
2288 2569 2367 2605 τοι
2405 2549 2564 2604 τοῦτο
2616 2550 2832 2620 μικρόν.
2889 2549 3102 2606 Citalur
3152 2551 3222 2605 ab
3266 2550 3466 2605 Allatio
3517 2549 3577 2603 de
3621 2561 3693 2618 sy-

484 2640 630 2693 nodo
655 2653 769 2704 vtn,
801 2655 921 2710 pag.
977 2639 1100 2694 515.
1140 2638 1314 2694 Pun.
1350 2639 1586 2710 ﬂosque
1620 2642 1672 2694 in
1724 2639 1848 2694 cod.
1887 2653 2031 2710 synoi

2144 2633 2254 2705 593,
2307 2637 2373 2692 ad
2409 2635 2608 2691 Joann.
2657 2635 3042 2707 Palmoiogum,
3097 2640 3464 2709 ἀπορήσαντα
3498 2637 3594 2706 πρὸ
3619 2633 3691 2688 τοῦ

483 2727 805 2798 λατινισμοῦ
827 2745 842 2760 ο
876 2729 984 2784 inc.
1030 2730 1100 2782 Σὺ
1139 2729 1259 2798 μὲν,
1292 2722 1336 2782 ὧ
1367 2729 1612 2783 Θειότατι
1636 2728 1856 2800 βασιλεῦ
1878 2743 1893 2758 ⁶
1930 2759 2001 2770 -

2146 2729 2280 2781 titur
2311 2725 2556 2796 ejusdem
2600 2726 2892 2796 explicatio
2945 2731 3045 2797 τῆς
3088 2727 3555 2798 ἐκκλησιαστικῆς
3593 2725 3693 2776 ἁκο-

399 2825 402 2834 ’
481 2815 703 2877 λουθίας
724 2831 739 2846 ο
774 2816 896 2871 init.
925 2816 1074 2870 Ἔδει
1107 2817 1206 2884 μιν
1230 2817 1372 2870 κατὰ
1398 2818 1498 2886 τὴν
1524 2816 1876 2872 κελεύουσαν.
1907 2814 1946 2868 ν

2142 2815 2237 2869 haei
2265 2811 2434 2870 Notit.
2479 2813 2640 2870 codd.
2675 2811 2771 2868 Gr.
2807 2811 2987 2885 Mosq.
3038 2830 3093 2885 p.
3125 2815 3256 2879 249,
3291 2831 3348 2870 ιι.
3382 2815 3433 2879 1,
3468 2815 3520 2880 2,
3548 2813 3689 2868 Paria.

481 2905 536 2959 in
562 2905 695 2959 bibl.
731 2905 882 2975 pubi.
915 2920 1106 2960 novem
1134 2905 1296 2961 codd.
1325 2915 1543 2962 exstant
1566 2906 1733 2961 Marci
1760 2904 2019 2977 Eugenici
2059 2902 2335 2972 Epistulae.
2382 2900 2444 2956 V.
2481 2901 2652 2958 Indic.
2687 2903 2752 2957 ad
2818 2904 2926 2959 vol.
2962 2902 3004 2958 ii
3033 2904 3154 2958 Cat.
3180 2919 3320 2960 mss.
3351 2903 3522 2958 Paris.
3554 2902 3691 2971 Regg.

482 2990 838 3059 Singulorum
892 2993 1038 3048 enim
1069 2992 1232 3048 codd.
1291 2993 1750 3049 commemoratio
1783 2994 2009 3048 molesta
2068 2989 2565 3048 foret.—Addam
2619 2991 2984 3060 quorumdam
3036 2992 3275 3047 aliorum
3335 2991 3545 3063 Ephesii
3590 2991 3693 3046 libr.

480 3080 666 3135 minus
693 3081 931 3134 dilucide
971 3080 1333 3135 iudicatorum
1380 3080 1638 3135 Notitiam
1676 3081 1967 3138 :Venetiis
2030 3081 2083 3135 in
2141 3079 2276 3135 bibl.
2321 3077 2615 3133 Justinian.
2647 3078 2812 3132 Marci
2869 3078 3126 3148 Ephesini
3179 3094 3348 3150 opera
3395 3080 3559 3144 varia,
3586 3088 3693 3134 tcSle

479 3167 776 3224 Ilontfauc.
810 3166 952 3223 Bibl.
991 3167 1235 3223 biblioth.
1261 3184 1390 3224 mas.
1430 3183 1484 3231 ι).
1517 3169 1622 3223 483
1659 3167 1725 3224 D.
1753 3197 1824 3208 —
1856 3167 1992 3223 Ibid.
2026 3184 2080 3239 p.
2138 3167 2246 3222 7⁸72
2300 3166 2363 3221 Ε.
2400 3166 2578 3221 Paris.
2611 3168 2666 3220 in
2701 3165 2824 3220 cod.
2877 3166 3099 3221 cardiu.
3141 3167 3448 3238 Radulphi,
3481 3166 3691 3236 quaedam

478 3256 642 3312 Marci
665 3255 906 3327 Ephesii.
935 3287 1007 3298 --
1036 3256 1170 3313 ibid.
1207 3271 1262 3327 p.
1295 3257 1432 3312 1526
1454 3256 1523 3314 D.
1553 3257 1607 3311 in
1640 3257 1774 3312 bibl.
1802 3257 1871 3312 de
1899 3256 2097 3312 Mesme
2123 3255 2343 3326 Ephesii
2369 3254 2598 3309 scholia.
2622 3281 2690 3292 —
2717 3252 2951 3322 Mosquzn
2980 3255 3032 3307 in
3063 3254 3183 3308 cod.
3211 3255 3412 3326 synod.
3446 3256 3543 3310 355
3571 3271 3616 3308 ιι.
3637 3254 3690 3319 l;

477 3345 653 3415 ejusd.
688 3345 935 3410 Διάλεξις
979 3347 1116 3414 μετὰ
1147 3345 1258 3398 τῶν
1287 3345 1572 3416 πρέσϐεων
1605 3344 1698 3398 τοῦ
1752 3345 1912 3398 πὰπα
1935 3361 1948 3375 ·
1981 3360 2024 3400 c:

2181 3345 2340 3398 initio
2365 3358 2380 3395 :
2407 3352 2462 3398 et
2494 3359 2548 3396 ιι.
2587 3342 2676 3408 12,
2704 3342 2909 3412 sylloge
2960 3343 3215 3413 χρήσεων
3243 3343 3536 3414 γριφικῶν
3563 3357 3691 3409 mo-

476 3435 599 3486 νυῐα
634 3433 788 3504 παρὰ
833 3433 929 3487 τοῦ
968 3433 1217 3502 Ἐφέσου,
1253 3434 1319 3487 tie
1372 3433 1724 3502 processione
1769 3430 2009 3502 Spiritus

2142 3432 2242 3486 ricti
2303 3447 2370 3486 ex
2423 3431 2539 3487 solo
2601 3428 2784 3486 Patre.
2854 3429 2972 3486 inc.
3019 3430 3242 3502 Ἐπειδὴ
3315 3432 3456 3500 μετὰ
3503 3431 3591 3502 τῆς
3615 3427 3689 3483 τοῦ

477 3522 714 3588 κόσμου’
757 3520 816 3574 ν.
849 3517 1098 3574 Matt/uri
1129 3520 1164 3576 i.
1198 3535 1249 3574 c.
1285 3536 1338 3592 p.
1359 3519 1467 3574 254
1489 3529 1539 3574 et
1569 3520 1695 3574 235.
1729 3518 1901 3574 Hann.

543 3607 598 3663 2.
631 3607 910 3664 Orationes
940 3611 1058 3663 dum
1087 3608 1145 3662 de
1169 3609 1498 3678 purgatorio,
1532 3606 1796 3664 Ferrariae
1821 3607 2039 3676 scriptae
2058 3615 2111 3662 et
2135 3608 2315 3662 adhuc
2342 3607 2578 3662 ineditat.
2597 3605 2733 3664 Vide
2759 3607 3042 3669 Aliatium,
3064 3607 3144 3662 De
3165 3610 3498 3680 purgator-io,
3523 3606 3688 3678 p.24l,

474 3703 528 3748 et
560 3693 716 3750 llieb.
751 3693 1053 3761 Simonem,
1086 3703 1217 3751 tom.
1251 3692 1319 3747 IV
1353 3693 1496 3750 Bibl.
1527 3696 1748 3760 eriticw,
1810 3711 1932 3766 pag.
1965 3697 2056 3750 21.
2091 3695 2262 3758 infra,
2295 3712 2352 3752 ιι.
2394 3696 2480 3750 lli.
2517 3693 2683 3750 Fusa.
2731 3695 3024 3755 Medioiani
3060 3697 3113 3750 in
3145 3697 3287 3752 bibl.
3319 3697 3569 3752 Ambros.
3596 3709 3691 3765 qua:

476 3793 607 3838 sunt
639 3798 766 3854 opp.
795 3784 971 3854 ejusd.
1008 3784 1082 3838 ita
1116 3797 1146 3838 a
1193 3781 1492 3839 Moulfauc.
1528 3783 1581 3838 in
1639 3783 1779 3838 Bibl.
1829 3785 2068 3840 biblioth.
2119 3802 2249 3840 mas.
2302 3799 2354 3855 p.
2389 3784 2484 3838 50l
2523 3783 2589 3849 ι),
2650 3795 3026 3840 memorantur
3062 3803 3077 3841 :
3107 3785 3278 3840 Marci
3330 3784 3689 3856 archiepiscopi

477 3869 757 3938 liphesini,
792 3871 928 3924 alias
955 3870 1208 3926 monachi
1240 3880 1293 3927 et
1355 3871 1568 3926 abbatis
1625 3873 2066 3942 congregationis
2119 3874 2460 3928 Cassincnsis
2494 3873 2551 3927 S.
2580 3870 2809 3928 Justinar
2861 3872 2930 3929 de
2970 3873 3175 3936 Padua,
3235 3889 3428 3944 opera,
3459 3874 3493 3928 i.
3517 3888 3564 3928 e.
3593 3885 3692 3926 ora-

475 3960 552 4010 tiu
586 3958 764 4012 habita
791 3960 858 4013 de
899 3961 1217 4030 purgatorio
1271 3961 1323 4014 in
1378 3958 1623 4029 synodo;
1655 3988 1725 3999 —
1753 3958 2060 4029 Responsio
2111 3963 2178 4016 ad
2233 3962 2544 4033 propositas
2587 3961 2998 4028 dubitationes;
3027 3961 3420 4019 —Confessio
3465 3961 3598 4018 edita
3647 3960 3688 4012 in

474 4045 707 4100 concilio
735 4045 1056 4101 Florentino
1081 4061 1097 4115 ;
1126 4077 1192 4087 —
1220 4045 1410 4117 Capita
1440 4047 1688 4115 quaedam
1725 4058 1916 4100 contra
1955 4045 2222 4112 Latinos;
2253 4076 2320 4088 —
2359 4047 2618 4117 Apologia
2677 4046 2847 4110 dicta,
2883 4047 2938 4101 in
2983 4048 3100 4118 ejus
3145 4058 3354 4116 morte;
3384 4077 3456 4090 -ρ
3485 4045 3687 4116 Epistula

474 4135 538 4188 ad
579 4135 960 4202 Sebolarium;
991 4165 1060 4176 —-
1091 4135 1399 4206 Responsio
1429 4135 1497 4189 ad
1528 4133 1789 4205 quasdam
1824 4135 2233 4200 dubitationes;
2269 4165 2334 4176 —
2366 4135 2621 4190 Catmncs
2653 4135 3050 4202 astronomiei;
3088 4164 3153 4176 —-
3195 4137 3400 4206 Opusc.
3437 4140 3498 4192 de
3524 4147 3689 4191 conse-

473 4226 715 4277 cratione
753 4224 1310 4279 altarium—Marci
1366 4223 1621 4293 Engenici
1675 4224 2077 4292 Sp-cnlatizmes
2133 4222 2189 4275 in
2256 4239 2546 4278 numerum
2600 4225 2932 4278 talentorum
2987 4233 3040 4278 ct
3099 4227 3391 4294 parabolas
3445 4218 3686 4290 Evangelii

453 4311 638 4386 '(conf.
665 4311 730 4365 ad
757 4327 811 4365 ιι.
845 4313 921 4381 7).
951 4341 1022 4352 --
1055 4310 1236 4366 Paris.
1263 4313 1316 4366 in
1348 4311 1480 4366 bibl.
1515 4310 1662 4380 pubi.
1699 4311 1820 4366 cod.
1863 4312 2020 4376 1218,
2055 4312 2403 4367 continentur
2433 4313 2612 4381 plura,
2648 4329 2770 4382 quae
2829 4312 2936 4366 huc
2972 4313 3270 4383 pertinent,
3313 4327 3502 4383 opera,
3541 4309 3689 4366 brevi-

474 4401 602 4452 tatis
628 4398 811 4453 studio
856 4399 1018 4454 simul
1067 4401 1420 4454 memoranda
1457 4415 1470 4452 :
1506 4402 1652 4462 scih,
1709 4415 1763 4453 ιι.
1799 4401 1851 4464 1,
1877 4399 2143 4471 Anonymi
2200 4400 2375 4454 oratio
2411 4400 2655 4454 funebris
2695 4400 2747 4454 in
2803 4400 3019 4455 laudem
3054 4400 3223 4455 Marci
3251 4401 3534 4471 Eugenici.
3559 4427 3619 4438 ——
3642 4395 3685 4462 Ξ)

409 4517 412 4520 ~
475 4486 650 4558 liujus
675 4486 910 4542 Iiomilia
940 4490 1114 4558 prima
1139 4488 1206 4543 de
1240 4487 1581 4558 purgatorio,
1619 4485 1886 4542 Ferrarizc
1913 4489 2094 4543 habita
2129 4504 2314 4543 coram
2345 4505 2561 4545 summo
2592 4490 2872 4559 pontiﬁce,
2902 4471 3275 4558 cardinalilius
3314 4501 3370 4546 et
3395 4490 3514 4545 aliis
3534 4487 3686 4544 Eccle-

473 4577 566 4631 size
595 4574 717 4630 Lat.
755 4574 1102 4631 Ductoribus.
1129 4574 1242 4630 inc.
1285 4572 1505 4644 Ἐπειδὴ
1537 4575 1676 4639 μετὰ
1726 4574 1974 4645 ἀγάπης.
2005 4605 2020 4616 -

2134 4575 2152 4646 )
2191 4575 2380 4643 Ejusd.
2437 4575 2670 4631 Homilia
2726 4579 2967 4633 secunda
2998 4577 3065 4633 de
3118 4580 3308 4634 eodem
3344 4586 3680 4650 argumento:

472 4665 585 4720 Inc.
617 4663 827 4734 Πολλῆς
860 4665 962 4735 μὲν
984 4663 1059 4728 ὡς
1081 4662 1318 4735 ἀληθῶς.
1353 4662 1498 4733 -ι)
1531 4662 1659 4732 Ejus
1705 4663 1994 4731 responsio

2136 4666 2479 4736 ,ibjcctioncs,
2512 4667 2713 4736 quibus
2746 4682 2845 4722 sua
2880 4666 2948 4722 de
2979 4667 3108 4739 igne
3150 4669 3470 4739 purgatorio
3497 4675 3683 4723 senten-

473 4757 568 4821 tia,
597 4769 720 4809 cnm
753 4770 782 4808 a
814 4753 1184 4809 cardinalibus
1217 4764 1329 4807 tum
1356 4752 1424 4806 ab
1455 4751 1714 4807 Ecclesia
1760 4749 1878 4804 Lat.
1910 4753 2020 4805 thet

2135 4753 2177 4806 is
2220 4764 2532 4823 Oppugnata
2567 4753 2746 4808 fuerat
2777 4773 2791 4810 :
2822 4755 2935 4811 inc.
2985 4756 3212 4827 Ἐπειδὴ
3251 4757 3602 4824 σαφέστερον.
3631 4780 3682 4791 -

473 4843 534 4896 Ν.
569 4843 602 4897 9
625 4853 710 4898 cst
737 4845 960 4898 secund.
989 4843 1236 4897 ordinem
1291 4841 1510 4898 Fabric.
1543 4857 1598 4898 ιι.
1633 4842 1720 4895 15.
1747 4873 1814 4884 -
1843 4840 1911 4898 Ν.
1941 4842 2020 4905 10,

2132 4841 2208 4895 »υίι
2240 4840 2457 4897 Fabric.
2488 4843 2651 4897 etiam
2703 4860 2758 4898 ιι.
2795 4843 2884 4898 10.
2918 4873 2991 4883 —
3017 4841 3080 4898 N.
3128 4843 3213 4910 11,
3251 4843 3560 4898 Solutiones
3599 4841 3679 4893 du-

474 4933 689 4986 biorum
719 4930 1102 5000 quorumdam,
1140 4931 1236 5000 ipsi
1272 4931 1674 5000 propOsitorum
1708 4947 1721 4984 :
1756 4933 1878 4985 init.
1912 4930 1973 4984 '0

2137 4949 2161 4994 ς
2197 4931 2388 5001 σχῆμα
2427 4931 2526 4984 οὐκ
2563 4933 2698 5002 ἔχει.
2745 4961 2814 4975 -
2843 4932 2931 4986 12.
2969 4933 3042 4987 De
3097 4933 3372 4988 additione
3423 4946 3452 4985 a
3509 4929 3679 4984 Latinis

473 5015 1004 5090 Symboloinserta:
1038 5034 1153 5073 acc.
1189 5018 1255 5072 ad
1313 5020 1612 5088 marginem
1668 5021 1877 5075 scholia
1932 5035 2018 5073 ani

2134 5022 2290 5075 sima.
2325 5022 2438 5076 inc.
2497 5021 2795 5092 Θαυμάζω,
2843 5021 2963 5084 πῶς
3005 5023 3140 5092 ἡμῖν
3165 5022 3239 5092 (v.
3275 5022 3343 5076 ad
3375 5037 3433 5078 ιι.
3471 5020 3506 5074 5
3556 5027 3679 5072 nota-

471 5109 631 5176 tum).
658 5136 728 5146 —
756 5107 822 5161 Ν.
851 5106 940 5170 26,
964 5107 1032 5160 27
1055 5117 1102 5159 et
1132 5107 1223 5172 28,
1256 5109 1496 5162 citantur
1519 5108 1585 5162 ad
1620 5105 1897 5173 Fabricio,
1935 5126 1989 5162 n.

2132 5113 2137 5159 ἱ
2168 5120 2222 5164 et
2258 5113 2340 5166 li.
2371 5141 2440 5152 --
2472 5111 2609 5166 ibid.
2649 5111 2703 5164 in
2733 5111 2856 5165 cod.
2893 5111 3059 5175 1261,
3093 5127 3147 5164 ιι.
3191 5110 3242 5164 1.
3271 5107 3572 5180 Responsio
3595 5106 3679 5160 du-

467 5196 588 5266 plex
624 5198 688 5250 de
719 5195 840 5264 igne
873 5197 1209 5265 purgatorio.
1237 5225 1306 5235 —
1333 5195 1392 5250 in
1426 5195 1548 5251 cod.
1583 5196 1745 5263 1286,
1784 5214 1838 5251 ιι.
1874 5199 1926 5262 1,
1950 5212 2011 5252 es

2129 5197 2229 5268 pttd
2262 5196 2477 5252 Fabric.
2592 5197 2648 5251 7.
2678 5227 2748 5237 —
2783 5198 2844 5252 Ν.
2877 5196 2928 5261 8,
2987 5196 3150 5251 Marci
3187 5193 3676 5268 Epitesitii,Juiiatti,

465 5289 698 5344 Andreae
718 5286 940 5354 Rhodii,
973 5287 1314 5343 Bessarionis
1345 5297 1399 5343 et
1425 5291 1657 5344 aliorum
1697 5291 1965 5361 Disputat.
2001 5293 2199 5347 habita:
2252 5292 2306 5348 in
2360 5292 2594 5347 concilio
2638 5289 2980 5346 Florentino.
3009 5321 3076 5330 —
3106 5289 3170 5346 Ν.
3211 5291 3292 5358 10,
3323 5292 3466 5361 apud
3494 5288 3676 5342 Fabric.

465 5389 543 5433 est
583 5393 640 5432 ιι.
672 5376 726 5433 6.
751 5375 908 5432 —-N.
950 5377 1035 5445 12,
1071 5375 1222 5448 Opus
1271 5379 1538 5434 adversus
1596 5378 1844 5436 Latinos.
1889 5382 1978 5436 ubi
2034 5381 2100 5436 de
2149 5381 2384 5450 Spiritus
2416 5380 2592 5435 sancti
2626 5383 3002 5449 ριὀῒτθδειοιιε,
3030 5378 3098 5433 de
3140 5379 3368 5450 azymis.
3399 5379 3464 5432 de
3487 5370 3674 5429 Sabbati

459 5467 696 5537 jejunio,
723 5467 791 5523 de
817 5468 938 5537 igne
999 5467 1330 5537 purgator-io,
1383 5469 1449 5525 de
1476 5471 1757 5535 beatitate,
1797 5472 1863 5526 de
1897 5470 2154 5541 baptismi
2189 5470 2369 5523 verbis
2421 5478 2474 5523 ct
2502 5469 2706 5537 nuptiis
2741 5469 3105 5532 sacerdotum,
3160 5467 3228 5522 de
3277 5479 3483 5536 quarta:
3513 5462 3603 5517 dici
3634 5464 3677 5511 ιι

465 5546 1057 5626 l’arasccvcsjéjuniis,
1100 5555 1250 5610 etde
1288 5558 1461 5610 tribus
1486 5559 1944 5629 quadragesiniis.
1973 5561 2008 5611 l.

2124 5559 2448 5628 Παράκλητε
2478 5557 2671 5624 Κύριε.
2697 5587 2769 5598 -
2793 5557 2856 5610 Ν.
2897 5558 2983 5619 ll),
3034 5573 3082 5610 v.
3123 5558 3282 5621 infra,
3313 5571 3373 5609 ιι.
3423 5554 3509 5614 28,
3538 5568 3586 5604 ιι.
3615 5546 3670 5601 20

461 5643 590 5708 e12,
621 5654 751 5700 sunt
784 5660 876 5714 ap.
929 5643 1148 5700 Fabric.
1196 5663 1250 5699 ιι.
1289 5645 1374 5698 16.
1403 5646 1630 5700 —ihid.
1669 5650 1717 5699 in
1766 5651 1886 5701 coJ.
1925 5648 2083 5711 13-27,
2127 5665 2184 5701 ιι.
2215 5648 2303 5707 51,
2341 5646 2508 5714 Epist.
2567 5645 2844 5715 encycliea
2891 5645 2958 5700 de
2998 5644 3209 5716 synodo
3243 5642 3551 5698 Florentina
3585 5649 3672 5690 non

459 5735 811 5794 suscipienda
845 5734 1054 5793 (forsan
1097 5753 1151 5794 ιι.
1193 5736 1245 5799 5,
1275 5737 1415 5800 apud
1443 5734 1802 5800 Fabricium).
1850 5767 1913 5777 —
2050 5737 2138 5799 52,
2185 5735 2424 5799 Epistula
2451 5733 2518 5788 ad
2551 5732 2846 5798 Georgium
2876 5732 3220 5790 Scholarium
3257 5742 3448 5788 contra
3485 5730 3604 5784 ritus
3628 5729 3672 5776 ει
