3918 6452
202 486 328 543 1013
1184 484 1502 543 MARCUS
1534 481 1749 543 EPHE:

1897 483 1943 542 Ξ.
1982 506 2051 516 -
2080 480 2339 542 ΝΟΤΙΤΙ
2356 482 2420 543 Λ.
3309 475 3444 541 1074

199 593 454 651 sacriiicia
485 594 745 652 Romanae
773 598 1150 657 EcclesiteJ-
1186 599 1251 655 N.
1280 602 1369 665 33,
1396 601 1464 655 ad
1500 599 1754 656 eumdem
1790 599 2034 669 Epistula
2095 600 2479 672 gratulatoria,
2510 598 2653 670 quod
2706 613 2734 653 a
2784 597 2994 653 Latinis
3025 597 3333 653 desciverit.
3376 632 3448 642 -—

200 681 255 735 N.
286 682 373 742 54,
407 692 491 737 est
514 699 602 753 ap.
639 682 857 742 Fabric.
894 704 951 742 ιι.
989 688 1077 743 17.
1119 716 1188 729 —-
1227 687 1293 743 Ν.
1324 690 1416 755 55,
1444 688 1509 743 ad
1542 688 1747 743 Latium

1898 688 2102 758 :ponsio
2138 689 2203 745 de
2246 689 2368 757 igne
2405 687 2742 757 purgatorio.
2771 717 2835 731 —
2865 686 3003 740 Ibid.
3040 686 3092 739 iu
3124 686 3247 739 cod.
3288 685 3445 747 1372,

200 788 248 824 ιι.
283 771 334 834 3,
362 770 529 827 Marci
562 773 849 844 Eugenici,
883 777 976 846 qui
1008 778 1245 833 concilio
1296 777 1618 833 Florentino
1673 778 1947 840 interfuit,
2000 790 2139 846 opus
2200 777 2268 829 de
2325 774 2449 844 igne
2500 774 2840 845 purgatorio.
2878 775 3147 829 adversus
3195 773 3447 835 Latinus,

199 858 493 925 ineditum;
549 877 603 914 ιι.
637 863 693 926 4,
723 861 1025 933 Expositio,
1060 868 1202 935 apud
1235 865 1454 921 Fabric.
1480 883 1534 921 ιι.
1570 868 1655 921 14.
1706 898 1746 911 ο-

1900 865 1936 919 l.
1973 865 2027 918 in
2065 862 2193 919 cod.
2238 864 2397 926 1389,
2447 878 2504 916 ιι.
2533 863 2589 916 2.
2625 862 2780 917 Orat.
2820 862 2941 916 time
2985 862 3052 916 de
3087 862 3214 931 igne
3244 876 3447 929 purga-

199 948 349 1009 turio,
376 947 602 1014 caulem,
633 964 752 1017 quae
786 968 839 1006 ιι.
875 953 962 1020 16,
991 969 1079 1023 ap.
1109 954 1271 1009 Fabr.
1298 972 1312 1020 ;
1346 962 1399 1009 et
1448 970 1508 1011 ιι.
1540 954 1595 1019 5,
1640 954 1746 1023 Exp

1898 969 1921 1007 o
1952 954 2005 1007 in
2068 966 2288 1007 sacram
2324 950 2653 1020 Liturgiam.
2682 978 2754 990 κ-
2790 950 2849 1004 in
2901 950 3025 1004 cod.
3056 949 3284 1004 Cuislin.
3319 948 3445 1010 289,

200 1032 423 1088 llomilia
458 1035 604 1092 dicta
639 1037 901 1095 Ferrarire
928 1042 992 1096 ad
1026 1042 1334 1099 cardinales
1373 1053 1427 1099 et
1477 1044 1718 1112 reliquos
1752 1043 2075 1097 Latinorum
2105 1040 2361 1095 doctores
2398 1039 2530 1108 περὶ
2570 1038 2667 1091 τοῦ
2697 1038 3063 1115 cogatcogat»)
3099 1037 3231 1106 παρ’
3264 1038 3450 1097 αὐτοῖς

198 1122 488 1190 καθαρσίου
530 1125 703 1196 πυρός
772 1131 876 1198 (est
896 1131 1039 1199 apud
1068 1130 1229 1187 Fabr.
1262 1149 1317 1187 ιι.
1356 1132 1442 1198 16,
1468 1131 1617 1203 prior
1650 1146 1738 1186 res

1899 1130 1991 1199 io).
2041 1127 2106 1184 V.
2139 1127 2328 1184 Monti.
2366 1125 2504 1181 Bibl.
2541 1125 2704 1181 Coisl.
2745 1142 2799 1195 p.
2837 1126 2963 1183 406.
2998 1125 3217 1179 --Scc.
3256 1123 3446 1179 Monii.

200 1211 247 1263 in
277 1210 416 1266 Bibl.
456 1212 697 1272 biblioth.
748 1233 878 1272 mss.
910 1235 962 1287 p.
998 1221 1155 1286 1332,
1214 1228 1432 1277 exstant
1481 1223 1535 1275 in
1598 1220 1734 1276 Cod.
1780 1216 2124 1277 Mazar.121
2163 1233 2176 1270 :
2224 1232 2281 1269 η.
2324 1215 2373 1281 1,
2430 1214 2621 1269 Oratio
2658 1213 2922 1268 Ferrariae
2952 1212 3137 1267 habita
3187 1213 3252 1266 ad
3284 1212 3446 1266 (Iard.

199 1300 435 1371 aliosque
463 1301 687 1360 Latinos
719 1307 786 1362 de
810 1309 933 1377 igne
960 1312 1299 1379 purgatorio.
1331 1340 1405 1352 —
1438 1308 1504 1365 N.
1533 1309 1588 1373 2,
1620 1309 2025 1377 Responsiones
2058 1307 2125 1363 ad
2155 1306 2496 1377 obiectiones
2528 1306 2577 1359 ei
2612 1304 2808 1359 factas.
2838 1331 2908 1344 --
2938 1301 3003 1359 N.
3033 1303 3087 1365 6,
3118 1303 3267 1374 quod
3307 1303 3448 1356 idem

198 1398 296 1450 est,
334 1405 396 1445 ac
432 1390 648 1448 Fabric.
706 1410 761 1450 ιι.
796 1396 863 1451 15
912 1399 1084 1466 citat;
1117 1428 1187 1442 -—
1213 1398 1282 1456 N.
1332 1400 1388 1464 7,
1421 1398 1652 1455 Joannis
1708 1395 1970 1467 Eugenici
2036 1396 2303 1450 adversus
2336 1393 2707 1448 deﬁnitionem
2754 1390 2972 1446 concilii
3009 1391 3350 1458 Florentini;
3382 1420 3452 1429 —

91 1543 107 1551 -
197 1474 259 1529 Ν.
298 1478 385 1544 15,
412 1480 607 1548 synodi
639 1486 988 1552 praesentium
1021 1487 1181 1543 CPoli
1214 1490 1600 1558 episcoporum
1627 1486 1897 1556 apologia,
1936 1485 2084 1555 quod
2125 1483 2498 1538 Florentinam
2542 1481 2814 1553 synodum
2864 1497 2970 1534 non
3002 1481 3305 1550 receperint
3337 1496 3350 1546 ;
3381 1508 3451 1520 -—

196 1560 260 1617 Ν.
304 1565 391 1627 15,
424 1566 589 1622 Marci
627 1569 844 1641 Ephesii
900 1574 1164 1631 adversus
1202 1575 1574 1640 scholarium;
1606 1605 1677 1615 υ·
1704 1590 1759 1627 ιι.
1790 1574 1875 1638 16,
1910 1573 2190 1628 Adversus
2248 1572 2496 1633 Latinos,
2523 1571 2703 1639 capita
2748 1570 3085 1641 syllogistica
3112 1569 3260 1639 (add.
3298 1585 3352 1623 ιι.
3393 1569 3447 1631 7,

198 1667 281 1722 ap.
312 1653 575 1728 Fabric.).
602 1689 672 1701 —
698 1662 964 1733 Apologia
998 1679 1097 1733 pro
1127 1666 1351 1731 unione,
1381 1666 1517 1721 citra
1555 1664 1675 1735 ejus
1743 1664 2076 1718 sententiam
2145 1660 2438 1716 Florentiae
2486 1661 2668 1715 habita
2697 1676 2711 1726 ;
2744 1667 2800 1714 et
2858 1675 2911 1713 ιι.
2948 1657 3038 1722 19,
3072 1658 3249 1726 ejusd.
3303 1657 3452 1713 Con-

198 1736 383 1803 fessio,
413 1742 467 1796 in
505 1746 712 1814 synodo
747 1746 1064 1806 Flurentina
1097 1752 1244 1807 edita
1272 1750 1523 1807 Barlaam
1558 1752 1838 1815 monachi,
1867 1750 2166 1821 procedere
2214 1750 2478 1818 Spiritum
2513 1756 2767 1804 sanctum
2802 1763 2873 1803 ex
2926 1749 3042 1802 solo
3072 1746 3253 1801 Patre.
3289 1745 3450 1800 Cuni.

198 1841 357 1894 Supra
391 1830 443 1884 iu
470 1833 525 1888 h.
559 1834 669 1889 vol.
695 1850 751 1903 p.
777 1837 905 1902 468,
939 1855 1076 1907 un,
1115 1848 1170 1894 et
1198 1840 1265 1895 de
1295 1841 1418 1910 igne
1448 1835 1789 1911 purgatorio,
1814 1850 1921 1895 etc.
1948 1869 2019 1881 —
2053 1838 2109 1894 In
2142 1838 2529 1908 Baumgarten.
2562 1837 2881 1891 Nachricht.
2918 1854 3015 1891 von
3080 1835 3451 1903 merkwﬁrdig.

197 1912 455 1984 Bait-hem,
492 1929 624 1977 tom.
658 1923 746 1990 Vl,
775 1940 826 1994 p.
866 1927 996 1992 451,
1032 1927 1217 1993 ibique
1246 1939 1357 1986 not.
1394 1930 1436 1985 i.
1475 1927 1644 1984 iisan.

266 2004 319 2061 3.
356 2003 738 2078 Responsiones
772 2016 842 2067 ad
875 2021 1191 2085 quwstiones
1215 2018 1595 2083 cardinatium,
1629 2036 1758 2073 mss.
1784 2017 1843 2071 In
1870 2018 2059 2073 codice
2082 2017 2252 2089 Regio
2289 2016 2463 2071 Paris.
2493 2016 2623 2071 250.
2661 2017 2821 2080 1218,
2846 2018 2898 2071 in
2947 2016 3078 2072 bibl.
3118 2016 3272 2086 pubi.
3307 2033 3361 2072 ιι.
3397 2019 3451 2084 1,

198 2104 249 2147 et
279 2110 328 2158 ν,
361 2098 425 2152 ad
459 2114 515 2152 ιι.
549 2099 603 2162 2,
630 2099 808 2157 ιρίάιε
837 2105 983 2160 inter
1011 2108 1138 2161 cod.
1186 2105 1439 2164 Vossian.
1475 2125 1526 2163 ν.
1558 2107 1732 2163 Catal.

1189 2105 1439 2164 Vussian.
1475 2125 1526 2163 ν.
1558 2107 1732 2163 Calai.
1761 2106 1893 2161 bibi.
1928 2104 2083 2159 Leid.
2118 2121 2171 2175 p.
2204 2105 2328 2171 597,
2352 2122 2410 2159 ιι.
2446 2105 2534 2161 37.
2566 2106 2736 2160 ΙΙΑιιι..

263 2182 316 2237 4.
357 2184 562 2243 Salutio
588 2189 820 2246 duarum
852 2196 1202 2263 quaestionum
1231 2197 1384 2267 παρὰ
1417 2198 1513 2249 τοῦ
1545 2196 1809 2266 βασιλέως

1903 2197 1915 2245 i
1960 2196 2282 2262 imperatore
2315 2194 2549 2260 (Joanne
2578 2192 2910 2263 Palmologo)
2944 2194 3357 2261 propositarum.
3393 2193 3450 2246 lu

197 2274 382 2359 codice
406 2275 575 2347 Regio
599 2279 940 2345 2016,'teste
986 2283 1201 2339 Labbeo
1232 2301 1355 2355 pag.
1388 2284 1456 2341 88
1504 2284 1640 2341 bibl.
1677 2298 1830 2340 novae.
1891 2297 2022 2338 mss.
2065 2281 2248 2354 [Couﬁ
2315 2281 2441 2337 cod.
2498 2280 2826 2359 llilosquens.
2878 2282 3003 2347 555,
3029 2283 3117 2347 41,
3151 2292 3204 2337 et
3243 2283 3296 2335 in
3326 2280 3452 2337 cud.

199 2358 465 2420 [ποι-ἰαί.
502 2380 625 2422 mox
659 2369 878 2425 citanda
912 2380 1110 2427 exstat.
1142 2372 1321 2429 iisan.

266 2451 319 2508 5.
349 2452 592 2523 Epistola
625 2462 888 2531 encyclit-a
919 2463 989 2516 ad
1012 2480 1188 2518 omnes
1216 2463 1556 2519 Christianos
1588 2462 1655 2517 de
1697 2459 1908 2532 synodo
1946 2457 2260 2512 Florentina
2317 2471 2424 2511 non
2473 2456 2853 2524 suscipienda,
2906 2473 3028 2528 quze
3076 2474 3200 2513 cum
3232 2457 3452 2526 Iosephi

202 2538 566 2599 ilctboueusis
590 2550 946 2616 responsione
972 2551 1173 2619 legitur
1201 2562 1325 2621 post
1350 2562 1467 2606 acta
1494 2549 1711 2605 concilii
1748 2547 1899 2602 Flor.
1951 2556 2084 2601 tum.
2122 2543 2263 2610 Xlll,
2300 2545 2524 2610 Labbei,
2558 2560 2681 2613 pag.
2732 2545 2872 2612 677;
2911 2557 2965 2601 et
3016 2558 3148 2601 tom.
3176 2546 3280 2612 IX;
3318 2547 3455 2600 "ur-

198 2628 349 2682 duin.
398 2646 519 2699 pag.
554 2632 676 2688 549.
735 2635 978 2704 Incipit:
1024 2636 1166 2705 Ἐγὼ
1223 2638 1432 2708 sum
1464 2636 1733 2705 ἐπιταγὴν

1920 2634 2018 2704 τὴν
2052 2636 2263 2704 χρείαν.
2328 2634 2515 2688 Grtrce
2567 2642 2620 2687 et
2662 2633 2854 2687 Latine
2905 2651 3029 2688 cum
3083 2636 3340 2689 versione
3366 2634 3451 2691 .iu,

200 2714 434 2771 Mattha‘i
470 2719 820 2793 CaryOphyii.
853 2722 1020 2778 FABR.
1058 2724 1261 2779 Matriti
1318 2726 1372 2779 in
1409 2724 1531 2779 cod.
1572 2723 1740 2793 Regio
1778 2723 1870 2789 77,
1933 2722 2028 2776 fol.
2086 2722 2210 2782 309,
2246 2730 2561 2791 sequuntur
2607 2721 3122 2788 ejusd.’Professio
3162 2724 3308 2786 ﬁdei,
3362 2742 3454 2793 ap.

197 2802 411 2860 Fabric.
451 2822 508 2861 n.
543 2807 631 2863 17.
660 2838 728 2850 —
753 2810 1081 2880 Excerptum
1133 2814 1294 2868 breve
1342 2828 1408 2867 ex
1462 2812 1584 2881 ejus
1636 2827 1758 2879 cap.
1809 2809 2162 2879 syllogisticis
2199 2809 2280 2879 (ιι.
2330 2809 2382 2872 7,
2417 2826 2506 2878 ap.
2538 2807 2875 2876 Fabric.)—
2901 2812 3040 2866 'l‘um
3104 2814 3455 2882 opusculum,

196 2892 341 2962 quod
367 2900 451 2950 est
480 2910 572 2964 ap.
603 2895 815 2953 Fabric.
850 2916 907 2955 ιι.
943 2901 1030 2957 15.
1064 2931 1136 2942 -ο
1175 2901 1309 2955 Dein
1343 2916 1532 2969 Opusc.
1584 2899 1749 2969 cujus
1795 2899 2075 2953 rarissime
2108 2900 2167 2954 fit
2207 2900 2413 2953 mentio
2452 2899 2519 2953 de
2566 2900 2802 2953 terminis
2833 2902 2957 2954 vim:
3020 2902 3130 2971 (est
3183 2912 3362 2957 tamen
3400 2905 3453 2956 in

196 2980 317 3036 cod.
354 2982 616 3039 Escorial.
677 2997 729 3042 et
759 2986 812 3041 in
851 2989 971 3042 cod.
1039 2988 1353 3059 Mosqueusi
1392 2989 1519 3054 594,
1568 3005 1625 3043 n.
1672 2988 1740 3041 12

1906 2985 2141 3041 Matthwi
2172 2986 2207 3040 1.
2243 3001 2291 3039 c.
2327 3001 2380 3056 p.
2413 2985 2566 3051 232).
2609 2986 2722 3041 inc.
2756 2986 2880 3039 Obt’
2917 2990 3082 3053 αὐτὸς
3126 2991 3376 3061 ἠπόρεις,
3409 2986 3453 3044 ὦ

197 3072 437 3139 μακάριε
470 3074 729 3140 δέσποτα,
766 3076 863 3129 τοῦ
895 3076 1236 3146 ζητουμένου
1264 3078 1365 3148 τὴν
1386 3078 1542 3131 λύσιν
1573 3077 1744 3147 ὲξευρι

1950 3076 2044 3127 καὶ
2080 3074 2399 3130 ἀποδοῦναι.
2430 3103 2498 3113 ——
2529 3075 2769 3144 Epistula
2801 3077 2867 3131 ad
2904 3077 3200 3147 Georgium
3253 3080 3334 3150 (ιι.
3366 3080 3456 3144 11,

196 3172 281 3223 ap.
318 3157 585 3229 Fabric.).
615 3192 683 3202 —
713 3163 831 3217 Alia
874 3165 938 3217 ad
973 3165 1222 3219 eumdem
1255 3174 1308 3220 et
1343 3166 1532 3220 eadem
1567 3180 1690 3221 esse
1726 3164 1959 3226 videtur,
1997 3179 2116 3232 qua:
2145 3175 2228 3219 cst
2285 3177 2370 3231 ap.
2422 3162 2584 3217 Fabr.
2624 3179 2681 3218 ιι.
2736 3163 2819 3231 10,
2854 3174 2908 3219 et
2933 3182 3096 3235 quam
3126 3166 3364 3238 Cangius
3398 3170 3451 3221 in

196 3244 439 3301 Glussar.
467 3247 561 3302 Gr.
588 3251 695 3305 vol.
728 3250 794 3316 ll,
826 3253 930 3308 col.
964 3253 1127 3317 1281,
1169 3255 1319 3308 velut
1354 3253 1615 3309 ineditam
1681 3263 1971 3316 memorat,
2011 3263 2384 3323 provocatque
2415 3253 2481 3306 ad
2524 3253 2647 3308 cml.
2678 3254 2808 3308 bibl.
2851 3254 3028 3310 Paris.
3075 3257 3259 3325 Regia:
3285 3257 3452 3321 3118,

196 3335 288 3405 qui
320 3335 372 3389 in
411 3337 575 3393 catal.
607 3354 737 3394 mss.
777 3339 911 3395 bibl.
955 3344 1106 3411 pubi.
1162 3341 1337 3399 Paris.
1400 3351 1724 3397 numeratur
1760 3340 1920 3406 1218,
1963 3341 2056 3395 ubi
2111 3341 2291 3396 locum
2322 3350 2557 3410 Occupat
2608 3340 2903 3396 decimum.
2949 3343 3025 3397 De
3084 3344 3167 3397 his
3200 3345 3458 3401 omnibus

196 3423 349 3490 plura
392 3423 636 3493 disputat
670 3425 862 3483 iriarte
887 3429 941 3483 in
969 3429 1091 3485 Cat.
1128 3431 1287 3485 codd.
1330 3430 1424 3486 Gr.
1459 3430 1661 3485 Matrit.
1689 3446 1745 3499 p.
1780 3428 1885 3486 285
1916 3446 2033 3501 seq.
2079 3461 2140 3471 —
2186 3430 2242 3483 lu
2276 3429 2437 3485 codd.
2475 3428 2966 3494 Escorialeusibus,
3002 3433 3060 3487 in
3086 3433 3293 3501 quibus
3325 3447 3455 3490 sunt

194 3512 440 3578 uumdam
469 3529 499 3568 a
527 3513 779 3569 Fabricio
810 3530 918 3571 non
953 3518 1241 3573 observata
1269 3517 1361 3589 (ν.
1390 3517 1570 3572 Piucri
1596 3518 1852 3573 ltinerar.
1884 3535 1978 3588 per
2027 3519 2257 3587 Hispan.
2291 3535 2344 3588 p.
2398 3517 2545 3587 180),
2585 3529 2939 3575 asservantur
2976 3520 3139 3577 Marci
3198 3522 3457 3592 Eugcnici

197 3599 436 3669 Epistoia
472 3603 541 3656 at
573 3602 891 3659 orthodoxos
920 3604 1274 3672 Christianos,
1330 3608 1534 3677 ubique
1593 3608 1839 3676 gentium
1890 3617 1943 3662 et
1998 3607 2304 3663 insularum
2363 3607 2623 3676 degentes
2653 3621 2668 3674 ;
2704 3637 2773 3648 —
2799 3607 2866 3661 de
2899 3610 3310 3665 resurrectione
3333 3654 3349 3679 ,
3388 3640 3462 3653 --

198 3690 267 3742 de
300 3689 551 3746 terminis
586 3693 707 3746 vitze
733 3693 800 3747 ad
830 3691 1140 3759 lsidorum;
1182 3725 1244 3735 —
1270 3696 1335 3749 ad
1372 3696 1508 3765 imp.
1536 3694 1741 3750 Joann.
1776 3693 2174 3769 Paizeoiogum,
2208 3697 2551 3752 dubitantem
2592 3695 2660 3750 de
2714 3696 3034 3753 Latinorum
3079 3700 3211 3763 ritu,
3241 3717 3453 3757 sermo-

198 3793 297 3833 nes
323 3778 465 3841 tluo;
497 3809 568 3822 —
592 3778 826 3836 Humilia
860 3782 914 3835 in
946 3782 1332 3838 dormitioncm
1386 3782 1447 3837 S.
1485 3783 1700 3838 Macarii
1761 3785 1991 3840 Comum
2025 3784 2199 3856 (conf.
2227 3785 2294 3840 ad
2347 3800 2403 3839 ιι.
2436 3787 2487 3854 7)
2519 3803 2531 3849 ;
2562 3815 2630 3825 —
2659 3784 3123 3854 luterrogationes
3157 3789 3223 3841 ad
3263 3806 3458 3858 quem-

197 3867 324 3921 dam
356 3868 735 3938 dubitantem;
761 3870 1140 3927 —Confessio
1166 3882 1328 3925 recta:
1360 3872 1481 3925 tiJci
1519 3871 1811 3927 Florentia:
1850 3873 2014 3937 facta,
2050 3872 2355 3929 secundum
2393 3871 2664 3942 synodum
2710 3870 3030 3927 Latinorum
3060 3891 3184 3928 cum
3221 3875 3459 3947 Chryso-

196 3966 415 4021 stomo;
451 3984 519 3996 -—
561 3957 723 4014 Marci
754 3957 1011 4028 Epistolas
1042 3959 1163 4013 duae
1199 3958 1265 4013 ad
1325 3961 1680 4029 praepositum
1722 3963 1776 4014 in
1816 3960 1873 4015 S.
1912 3970 2096 4014 monte
2156 3959 2532 4021 habitationis,
2574 3957 2931 4028 Batopedium
2974 3960 3016 4015 l.
3047 3991 3115 4003 --
3145 3963 3222 4015 Ad
3264 3979 3458 4032 qucrn-

197 4042 324 4096 dam
367 4042 711 4101 Scbularium
750 4048 1157 4117 phiIOSOpbum,
1197 4048 1388 4102 altera.
1419 4078 1486 4089 —
1522 4047 1733 4104 Monac.
1770 4050 1822 4104 in
1859 4051 1983 4105 cod.
2038 4050 2232 4104 Bavar.
2268 4048 2390 4103 115.
2427 4048 2525 4102 fol.
2564 4047 2691 4111 188,
2724 4048 2816 4101 ubi
2859 4061 3166 4117 sequuntur
3195 4051 3460 4121 Profcsaio

197 4131 367 4201 (apud
396 4131 611 4188 Fabric.
647 4150 702 4190 ιι.
744 4135 824 4203 10)
855 4143 968 4190 tum
1024 4137 1194 4191 altera
1240 4138 1403 4203 epist.
1436 4137 1712 4209 encyclica
1773 4140 1871 4206 (ib.
1917 4155 1970 4192 ιι.
2015 4138 2096 4209 6).
2128 4169 2199 4179 --
2236 4136 2493 4209 Dialogus
2524 4135 2699 4191 Grreci
2733 4145 2787 4192 et
2825 4135 3029 4202 Latini,
3064 4155 3159 4194 seu
3197 4141 3263 4194 de
3301 4144 3460 4195 mirfi-

197 4231 341 4274 ttone
363 4221 415 4273 in
450 4220 689 4290 symbolo
718 4237 738 4277 :
769 4223 937 4293 incip.
964 4222 1245 4295 Θαυμάζω
1270 4224 1386 4287 πῶς
1417 4226 1550 4294 ἡμῖν
1584 4227 1744 4294 ἑγκιι)

1939 4226 1992 4279 in
2023 4226 2127 4279 iiue
2157 4231 2401 4290 notatur,
2433 4223 2701 4292 scriptum
2724 4238 2849 4278 esse
2877 4241 2949 4278 ιιι.
2980 4228 3152 4295 April.
3174 4244 3260 4281 au.
3294 4229 3455 4295 6951,

197 4325 298 4364 seu
336 4324 444 4365 aera
473 4318 660 4366 nostra
694 4311 851 4377 1445,
884 4312 1075 4367 indiet.
1108 4329 1181 4367 v1.
1221 4310 1376 4367 ilunc
1400 4312 1675 4383 dialogum
1724 4314 1883 4368 etiam
1922 4311 2110 4365 omisit
2161 4310 2464 4376 Fabricius,
2500 4308 2606 4362 nisi
2655 4309 2747 4378 sit,
2782 4310 3043 4381 opinante
3070 4311 3319 4377 llarltiu,
3362 4333 3460 4369 ex-

197 4408 443 4468 cerptum
471 4401 709 4469 capitum
737 4401 1008 4472 syllogist.
1039 4401 1140 4471 (a).
1185 4431 1255 4443 —
1289 4401 1558 4469 Posthac,
1592 4401 1756 4457 Marci
1776 4401 1978 4471 Ephes.
2011 4408 2243 4469 metrop.
2278 4400 2341 4453 ad
2364 4415 2555 4456 omnes
2593 4403 2791 4471 ubique
2826 4412 3099 4459 terrarum
3162 4412 3216 4459 et
3252 4406 3461 4460 insula-

200 4503 329 4541 rum
381 4489 722 4544 orthodoxos
777 4489 1124 4545 Christianos
1160 4508 1173 4545 :
1213 4490 1373 4559 cujus
1425 4492 1648 4560 quidem
1686 4490 1747 4560 Et

1909 4504 1939 4542 ιε
1997 4488 2213 4543 initium
2268 4497 2351 4542 est
2385 4505 2401 4542 :
2438 4489 2566 4552 Τοῖς
2627 4492 2944 4563 ἅπανταχοῦ
2985 4493 3087 4563 τῆς
3121 4494 3224 4563 γῆς
3250 4510 3266 4526 ο
3312 4494 3456 4547 illam

200 4574 504 4645 Epistulam
541 4578 742 4647 excipit
764 4579 1024 4649 Apologia
1053 4579 1302 4647 Gregorii
1335 4579 1744 4635 hieromonachi
1773 4587 1826 4633 et
1855 4580 2271 4651 protosyucelli,
2304 4592 2492 4650 postea
2532 4583 2882 4650 patriarchas,
2916 4583 3105 4639 Rom:e
3134 4584 3354 4653 sepulti,
3399 4586 3452 4636 in

199 4662 457 4735 Ephesini
485 4665 767 4733 epistolam
792 4681 821 4720 e
867 4666 1032 4721 variis
1064 4669 1268 4721 sanctis
1301 4683 1316 4719 :
1349 4667 1472 4723 init.
1508 4668 1582 4719 Τὸ
1616 4668 1713 4737 μὲν

1915 4685 2040 4736 μιον
2069 4668 2166 4721 τοῦ
2194 4669 2502 4739 αἱδεσίμου.
2534 4699 2606 4711 --
2628 4671 2766 4726 Ibid.
2798 4671 2849 4723 in
2903 4670 3027 4724 cod.
3056 4670 3150 4732 51,
3178 4670 3299 4724 cad.
3333 4670 3459 4740 Epi-

195 4752 343 4808 srola
376 4768 498 4806 cum
535 4752 797 4821 Apologia
823 4761 930 4808 etc.
976 4754 1136 4810 Conl.
1165 4755 1234 4809 cl.
1270 4753 1460 4810 liardt.
1498 4755 1551 4810 in
1600 4754 1805 4810 Aretini
1833 4754 2164 4825 Beytraagcn,
2200 4765 2307 4811 etc.
2360 4772 2451 4810 an.
2499 4756 2658 4820 1804,
2698 4766 2841 4826 part.
2871 4756 2958 4821 10,
2995 4771 3118 4826 pag.
3151 4757 3217 4811 i9
3242 4772 3364 4827 sqq.
3406 4769 3461 4812 ct

195 4848 342 4910 part.
380 4856 417 4902 I,
453 4856 504 4906 p.
543 4840 613 4894 23
641 4855 757 4911 seq.
796 4870 863 4881 —
887 4841 1086 4897 Eadem
1141 4843 1369 4912 epistola
1417 4857 1542 4897 cum
1577 4842 1828 4914 Gregorii
1866 4845 2114 4914 apologia
2178 4845 2230 4898 in
2268 4846 2391 4899 cod.
2426 4844 2742 4915 Mosquensi
2793 4845 2990 4916 synod.
3043 4844 3173 4909 552,
3211 4860 3265 4899 ιι.
3303 4846 3357 4900 5.
3395 4845 3459 4904 ν.

195 4927 448 4982 Μαιιιιωί
480 4937 593 4983 not.
622 4927 715 4983 cit.
748 4943 800 4997 p.
832 4929 940 4985 228
977 4946 1122 4999 seq.,
1159 4941 1321 5001 atquc
1346 4946 1401 5000 ι).
1433 4933 1560 4995 232,
1596 4946 1651 4987 ιι.
1690 4931 1742 4985 2Ξ

1909 4933 1938 4985 l.
1982 4933 2109 4998 594,
2145 4932 2373 5000 epistola
2429 4932 2732 5000 encyclica.
2769 4961 2832 5006 -έ-
2879 4930 3169 4987 Floreutiaa
3230 4933 3284 4987 in
3323 4934 3456 4989 bibl.

194 5010 522 5070 mouasﬁrii
559 5015 1033 5071 Benedictinorum
1065 5016 1126 5071 Β.
1161 5019 1362 5083 Mariae,
1388 5019 1636 5089 Josephi,
1668 5020 1912 5089 episcopi
1968 5020 2269 5085 Metltoncs,
2304 5019 2551 5091 apuIOgia
2601 5020 2667 5075 ad
2704 5019 2947 5075 libellum
2975 5020 3141 5075 Marci
3172 5020 3457 5092 Ephesini.

197 5102 267 5158 ν.
300 5103 596 5159 Montiaue.
626 5103 766 5157 Bibl.
803 5104 1049 5159 biblioth.
1080 5121 1215 5161 mss.
1252 5123 1305 5175 p.
1344 5107 1448 5162 415
1477 5106 1536 5171 C,
1579 5119 1631 5162 et
1667 5107 1734 5159 atl

581 5143 596 5159 .
626 5103 766 5157 Bibl.
803 5104 1049 5159 biblioth.
1080 5121 1215 5161 mss.
1252 5123 1305 5175 p.
1344 5107 1448 5162 415
1477 5106 1536 5171 C,
1579 5119 1631 5162 et
1667 5107 1734 5159 ad
1767 5123 1823 5161 ιι.
1855 5108 1907 5162 7.
1949 5106 2123 5161 lianc.

269 5189 326 5244 6.
370 5189 614 5258 Epistola
646 5189 913 5257 encyclica
936 5192 1004 5244 ad
1029 5209 1206 5247 omnes
1230 5194 1418 5262 ubique
1446 5205 1709 5249 terrarum
1739 5202 2000 5263 degentes,
2035 5195 2103 5249 de
2144 5194 2335 5249 eodem
2365 5208 2709 5266 argumento,
2746 5213 2868 5267 quas
2908 5214 3031 5255 eum
3093 5201 3454 5269 rcSpousiune

194 5278 450 5348 Gregorii
482 5277 876 5351 Protosyncelli
910 5289 1087 5335 exstat
1121 5290 1253 5336 tom.
1289 5282 1405 5336 Xlll
1436 5283 1640 5338 Concil.
1670 5282 1892 5345 Labbei,
1919 5298 2039 5351 pag.
2078 5283 2200 5342 740.
2244 5292 2299 5338 et
2328 5294 2461 5339 tum.
2504 5284 2573 5337 IX
2638 5284 2928 5355 Harduin.,
2961 5303 3017 5355 p.
3053 5287 3179 5342 601.
3211 5288 3407 5354 incipit
3441 5306 3455 5339 :

194 5366 265 5421 Οἱ
301 5368 406 5438 τὴν
445 5369 622 5438 κακὴν
653 5370 801 5439 ἡμᾶς
826 5368 1211 5437 αἰχμαλωσίαν
1244 5372 1737 5440 αἰχμαλωτεύσαντ

1906 5387 2045 5427 raece
2084 5382 2138 5427 et
2178 5370 2371 5427 Latine
2411 5390 2539 5429 cmn
2585 5376 2835 5431 versione
2867 5378 3217 5447 Garyopliyli,
3245 5393 3298 5444 p.
3330 5377 3453 5429 610.

194 5452 369 5509 Faen.
428 5455 560 5511 Mss.
589 5455 829 5526 Mosqnae
856 5458 910 5512 in
935 5458 1094 5512 cedd.
1127 5459 1322 5527 synod.
1352 5459 1418 5512 13
1448 5466 1501 5512 et
1534 5458 1659 5524 554,
1702 5476 1757 5512 ιι.
1791 5460 1845 5513 5.
1878 5457 1941 5513 V.
1974 5461 2237 5515 Matthxi
2283 5459 2455 5515 Notit.
2490 5465 2590 5517 cit.
2623 5479 2674 5532 p.
2712 5464 2782 5518 50
2817 5474 2868 5518 et
2901 5465 3027 5519 232.
3066 5493 3136 5503 ——-
3167 5464 3458 5517 Mcdiulzmi

193 5558 252 5596 In
280 5543 416 5598 bibl.
454 5542 708 5600 Ambros.
743 5544 984 5601 estliber
1008 5546 1265 5616 anonymi
1301 5546 1579 5602 Adversus
1608 5556 2013 5617 argumentum,
2043 5564 2153 5619 quo
2194 5549 2248 5604 iu
2285 5551 2480 5619 primis
2514 5552 2590 5604 uti
2624 5553 2835 5607 solebat
2863 5552 3127 5606 adversus
3152 5553 3457 5607 catholicus

193 5628 444 5697 Marcus,
475 5632 834 5703 Ephesiorum
867 5634 1117 5691 antistes.
1144 5634 1210 5691 V.
1245 5635 1542 5692 lloutfaue.
1574 5636 1713 5691 Bibi.
1742 5635 1989 5692 biblioth.
2027 5653 2162 5693 mss.
2190 5653 2250 5709 p.
2292 5640 2418 5695 519.
2452 5639 2514 5695 C.
2550 5669 2619 5680 -—
2656 5642 2793 5696 Add.
2825 5656 2991 5710 supra
3047 5642 3112 5694 ad
3151 5658 3204 5696 ιι.
3238 5641 3272 5693 2
3310 5650 3361 5693 et
3388 5642 3457 5702 κεί,

189 5921 207 5938 ο
273 5855 358 5921 ia)
389 5857 531 5912 Idem
553 5869 734 5938 tamen
753 5878 941 5929 opusc.
961 5866 1307 5938 cumeodem
1349 5865 1615 5937 principio
1662 5882 1736 5921 ex:

1919 5869 2075 5925 etiam
2106 5866 2157 5921 in
2219 5866 2340 5922 cod.
2385 5866 2513 5921 bibl.
2612 5867 2757 5937 pubi.
2814 5866 2987 5922 Paris.
3046 5867 3180 5923 1218
3229 5885 3281 5922 ιι.
3372 5866 3466 5933 12,

189 5932 309 5996 iam
333 5944 494 6000 supra
524 5932 1024 6005 animadvertimus,
1048 5935 1111 5991 ad
1145 5952 1197 5991 n.
1230 5934 1282 5992 2.
1352 5932 1361 5935 ⁷
1530 5932 1543 5937 ⁷
1836 5946 1853 5957 ’
2346 5945 2353 5953 '
