3918 6452
505 448 641 511 1075
1443 454 1754 518 MARCUS
1777 454 2052 517 EPHESJ
2065 456 2162 516 US
2183 453 2754 518 METROPOLITA.
3567 455 3673 523 ιοιιι

501 568 551 612 ct
577 557 803 614 Sclnoei
823 558 892 612 kli
933 556 1075 614 Hist.
1111 558 1314 616 Ercles.
1343 561 1636 618 Christian.
1667 575 1808 634 part.
1837 581 2024 629 xxxiv,
2062 579 2118 635 p.
2164 565 2429 624 591-417.
2456 598 2527 610 -
2557 567 2782 636 Joscplii
2826 564 3201 621 Hemonensis
3231 576 3286 619 et
3331 565 3548 635 Gregorii
3577 571 3678 624 Hie-

503 660 646 700 rom.
674 644 1082 717 Responsiones
1108 649 1173 706 ad
1209 665 1294 720 cp.
1347 650 1511 706 Marci
1548 652 1794 722 Ephesii,
1829 653 1950 708 Lat.
1980 654 2034 707 in
2067 663 2270 708 sanctas
2324 657 2600 727 generalis
2659 654 2990 710 Florentius:
3051 652 3246 724 synodi
3296 661 3419 710 tom.
3446 653 3504 720 II,
3527 672 3573 726 p.
3596 657 3676 715 271

507 749 665 804 seqq.
705 733 767 794 V.
808 734 1196 806 Baumgarten,
1229 739 1325 794 cit.
1378 736 1758 808 Nachrlchten,
1797 749 1932 797 tom.
1970 739 2054 808 Vl,

988 747 1196 806 garten.
1229 739 1325 794 cit.
1378 736 1758 808 Nachrlchten,
1797 749 1932 797 tom.
1970 739 2056 808 Vl,
2097 755 2152 809 ι).
2189 741 2316 802 152.
2361 745 2535 800 ΗΑιιι..

572 826 628 879 7.
660 827 852 895 Capita
873 827 1196 898 syllogistica
1213 839 1396 886 contra
1417 830 1631 886 Latinos
1645 832 1708 884 de
1731 832 2062 899 processione
2079 828 2307 898 Spiritus
2329 829 2415 896 8.,
2438 832 2710 897 κεφάλαια
2729 828 3140 898 cohortandi,
3157 845 3280 899 qum
3299 845 3468 898 usque.
3481 833 3537 884 ad
3557 845 3683 902 caput

503 914 571 970 17
601 913 900 987 Gregorius
964 915 1422 990 Protosyncellus,
1455 930 1650 976 cetera
1683 919 1931 976 Bcssario
1989 934 2050 976 co

2134 920 2320 975 litavit.
2377 919 2574 991 Incipit
2604 937 2618 974 :
2662 917 2956 990 Ἐρώμεῦα
2988 920 3122 979 τοὺς
3157 918 3432 979 Λατίνους.
3459 917 3681 990 [Floreat

505 1005 560 1058 in
593 1007 714 1060 cod.
749 1005 1009 1070 Laurent.
1034 1005 1175 1074 XIV,
1206 1023 1260 1063 ιι.
1292 1009 1378 1073 Id,
1414 1008 1550 1078 plut.
1590 1008 1678 1064 I0.
1707 1006 1772 1063 γ.
1805 1008 2036 1066 Bandin.
2072 1009 2194 1066 Cat.
2229 1008 2390 1064 codd.
2428 1009 2526 1064 Gr.
2551 1006 2720 1064 Laur.
2747 1007 2789 1071 I,
2827 1022 2881 1076 p,
2915 1004 3070 1076 ιδι]
3105 1006 3178 1062 De
3202 1005 3388 1062 eodem
3422 1020 3683 1077 argumento

505 1093 613 1148 alia
649 1095 815 1150 Marci
857 1092 1116 1166 Ephesini
1147 1097 1324 1167 capita
1363 1096 1695 1169 syllogistica
1724 1107 1990 1156 memorat

2138 1097 2368 1152 mbecius
2407 1095 2538 1162 VII,
2583 1111 2636 1168 p.
2669 1097 2704 1152 3
2731 1095 2830 1168 (ιι).
2863 1096 2938 1150 Τὸ
2973 1094 3200 1164 Πνεῦμα
3253 1095 3314 1148 τὸ
3347 1095 3491 1162 ἅγιον
3527 1098 3583 1148 ἑκ
3606 1101 3685 1151 lia-

503 1181 655 1247 τρός.
698 1182 856 1238 Aliud
911 1185 1040 1238 ilem
1069 1185 1335 1254 scriptum
1373 1183 1434 1240 Υ.
1469 1201 1521 1254 p.
1566 1183 1693 1242 227.
1749 1186 1920 1255 Incip.
1957 1187 2050 1240 Kc:

2163 1187 2246 1250 τις
2303 1187 2454 1240 ἐστιν
2485 1185 2561 1248 ὡς
2615 1183 2852 1255 άληθῶς.
2911 1182 3066 1242 Adde
3134 1182 3394 1239 eumdem
3425 1181 3486 1247 Ἴ,
3516 1200 3562 1252 p.
3589 1185 3682 1240 256.

503 1257 665 1324 Fm.
701 1268 756 1324 S.
790 1286 843 1340 p.
867 1271 994 1326 467.
1029 1271 1241 1327 Kollar.
1291 1271 1417 1327 cod.
1470 1272 1600 1330 280.
1633 1302 1704 1313 -
1737 1273 1817 1328 Ib.
1859 1289 1912 1344 p.
1947 1273 2050 1330 510

2151 1313 2164 1327 .
2205 1273 2261 1339 6,
2315 1272 2604 1329 ροι1.291.
2662 1271 2826 1328 Marci
2879 1269 3271 1343 Fragmentum
3334 1272 3685 1328 schismaticum

502 1366 696 1416 contra
731 1359 954 1424 Latinos
987 1359 1054 1416 de
1082 1362 1430 1430 processionc
1454 1360 1602 1431 Spir.
1635 1363 1848 1426 sancti;
1881 1362 2004 1417 init.
2038 1363 2049 1418 Ι

2136 1363 2182 1418 5t
2215 1362 2424 1416 καὶοτδν
2465 1363 2642 1433 μέγαν
2676 1360 2951 1431 Κύριλλον
2984 1362 3314 1430 συνηγορεῖν
3346 1361 3518 1423 αὐτοῖς
3537 1361 3683 1429 λέγου-

506 1460 592 1498 σιν
626 1446 842 1502 Ἰταλοί.
880 1475 949 1488 -
976 1446 1238 1519 uosque,
1277 1449 1330 1504 in
1359 1450 1486 1506 cod.
1525 1450 1716 1522 synod.
1755 1449 1880 1512 394,
1913 1467 1968 1504 ιι.
2003 1451 2053 1514 1,

2147 1450 2271 1506 dem
2329 1465 2490 1521 capp.
2521 1465 2646 1504 cum
2686 1450 3048 1518 responsione
3084 1447 3333 1518 Gregorii
3364 1447 3617 1502 Sebolarii.
3639 1479 3689 1489 —

504 1530 569 1586 N.
594 1532 648 1595 3,
693 1531 859 1600 Marci
899 1533 1159 1606 Eugenici
1191 1534 1258 1590 In
1285 1552 1558 1592 numerum
1592 1537 1913 1592 talentorum
1943 1539 1995 1592 in
2031 1537 2051 1592 Ε

2145 1539 2287 1609 ngel.
2319 1538 2575 1609 parabole
2613 1537 2868 1607 Empta;
2913 1537 3023 1592 inc.
3100 1535 3164 1589 '0
3199 1535 3272 1588 τὰ
3299 1536 3454 1588 πέντε
3481 1537 3685 1591 τάλαντα.

506 1619 686 1690 (Cunl'.
715 1622 780 1674 ad
821 1637 877 1677 ιι.
903 1623 985 1690 2.)
1015 1654 1086 1667 -
1115 1621 1180 1680 Ν.
1213 1623 1265 1688 ι.
1307 1623 1487 1694 cjusd.
1521 1625 1724 1695 ἀπορία
1754 1627 1895 1694 μετὰ
1926 1625 2053 1679 hinc

2153 1644 2169 1693 ;
2209 1628 2328 1683 init.
2364 1628 2427 1681 Ei
2459 1628 2553 1684 καὶ
2582 1629 2615 1695 ἡ
2651 1627 2995 1696 σμικροτᾶτη
3054 1626 3266 1688 πίστις.
3319 1653 3387 1666 -
3433 1623 3492 1679 Ν.
3517 1626 3564 1689 9,
3587 1623 3690 1679 Grc-

505 1708 665 1773 goni,
707 1711 1032 1782 patriarcha:
1057 1711 1221 1768 ενοι.
1257 1713 1507 1783 apologis
1539 1723 1732 1768 contra
1800 1713 2058 1780 Ephesini
2118 1716 2507 1786 liomologiam.
2540 1745 2609 1756 -—
2643 1712 2710 1770 N.
2749 1715 2837 1778 15,
2890 1714 3058 1770 Marci
3111 1713 3374 1785 Eugenici
3429 1711 3626 1766 Hostilia
3655 1716 3694 1765 in

502 1797 872 1855 dormitionem
908 1801 964 1856 S.
1000 1799 1228 1856 Macarii
1251 1801 1346 1856 τοῦ
1377 1803 1638 1872 Κορωνίο
1669 1803 1780 1856 inc.
1828 1804 1966 1872 Ὀδῷ
2003 1821 2049 1856 τι

2159 1803 2337 1856 ἔοικεν
2379 1802 2547 1870 (conf.
2583 1803 2648 1858 ad
2679 1820 2733 1856 ιι.
2783 1803 2866 1870 5).
2902 1831 2974 1843 —-
3000 1800 3066 1856 Ν.
3120 1801 3207 1864 16,
3263 1800 3442 1870 ψει.
3476 1800 3592 1868 Περὶ
3616 1798 3695 1849 τῶν

508 1887 908 1958 ἐμφερομένων
937 1893 1003 1961 τῇ
1035 1890 1154 1961 θείᾳ
1188 1891 1327 1963 εὐχῇ
1360 1891 1649 1961 ῥημάτων,
1692 1893 1861 1961 ῆγουν
1891 1891 2009 1954 τοῦ,
2044 1891 2216 1963 Κύριε
2253 1893 2436 1962 Ἰησοῦ
2465 1891 2696 1960 Χριστὲ,
2722 1891 2820 1944 Υἱδ
2845 1890 2940 1944 τοῦ
2983 1890 3142 1955 Θεοῦ,
3173 1890 3437 1959 tunam;
3473 1890 3566 1942 inc.
3591 1888 3697 1955 Ὂση

508 1984 607 2052 μὶν
646 1986 677 2052 ἡ
715 1984 816 2052 τῆς
841 1985 1035 2054 εὐχῆς.
1087 2015 1156 2028 -
1193 1983 1259 2040 Ν.
1290 1987 1382 2051 20,
1444 1988 1618 2057 ciusti.
1654 1989 2016 2043 ὲπιτελεύτιοι
2065 1988 2276 2058 ὁμιλίαι
2339 1988 2627 2059 παρούσης
2679 1987 2778 2057 τῆς
2813 1987 2924 2043 τῶν
2957 1986 3262 2058 ὀρθοδόξων
3309 1986 3581 2050 συνάξξως.
3615 1994 3694 2040 etc.

506 2073 625 2126 iuit.
665 2070 939 2141 Βούλομαι
974 2073 1315 2146 πλατύτερον
1344 2075 1442 2144 τὴν
1487 2078 1658 2144 ἐμήν,
1696 2077 1878 2146 (Coni.
1914 2078 1978 2130 ad
2015 2093 2045 2132 ιι

2150 2077 2204 2146 7)
2250 2085 2303 2131 et
2335 2093 2391 2131 ιι.
2444 2077 2508 2132 21
2543 2095 2558 2130 :
2621 2075 2894 2131 Scholarii
2948 2073 3268 2143 ἐπικήδειος
3305 2073 3528 2141 μονῳδία
3556 2075 3697 2139 tanta

505 2160 758 2230 κοιμήσει
781 2159 840 2214 S.
879 2157 1076 2228 Marci,
1107 2165 1348 2235 archiep.
1387 2166 1606 2236 Ephesi.
1633 2161 1953 2234 ἀνεγνῶτθη
1984 2167 2052 2218 si:

2151 2165 2180 2234 ς›
2204 2166 2264 2218 ὲν
2283 2165 2364 2236 τῷ
2393 2166 2636 2234 λειψάνφ
2661 2166 2799 2231 ναῷ,
2827 2164 2934 2217 inc.
2975 2160 3089 2216 Φιῦ
3134 2162 3257 2225 νῦν,
3293 2155 3340 2216 ὦ
3366 2164 3624 2231 παρόντες.
3651 2157 3698 2212 Υ.

505 2246 695 2304 Matth.
721 2250 886 2328 nolit.
925 2253 1018 2306 cit.
1054 2267 1104 2321 p.
1133 2253 1259 2315 '250,
1290 2268 1414 2322 sqq.
1446 2286 1511 2294 —
1545 2253 1672 2308 Par.
1708 2253 1762 2307 in
1789 2254 1920 2308 bibl.
1957 2254 2104 2323 publ.
2140 2255 2302 2312 codd.
2344 2254 2504 2319 1218,
2535 2255 2695 2309 1261.
2726 2253 2907 2309 Oson.
2952 2255 3005 2306 in
3042 2247 3422 2308 bib|.'Bodlci.
3448 2252 3561 2306 cod.
3584 2252 3702 2317 78,8

503 2353 625 2406 sqq.
657 2336 802 2393 Guil.
829 2338 1023 2398 Laudi.
1063 2355 1110 2394 ε.
1149 2357 1206 2394 ιι.
1241 2341 1362 2400 720.
1396 2341 1517 2396 Cal.
1552 2358 1684 2397 mss.
1713 2341 1918 2412 Anglia.-
1946 2343 2202 2404 elc.,vol.
2233 2342 2275 2408 Ι,
2307 2342 2471 2398 Marci
2503 2343 2707 2413 Eugeu.
2741 2341 2958 2396 Belatio
2985 2343 3053 2394 de
3077 2343 3290 2410 synodo
3317 2338 3704 2403 Florentino;—

506 2425 678 2496 Epist.
710 2428 776 2481 ad
810 2427 1100 2498 Georgiu'n
1143 2430 1432 2498 quemdam
1469 2431 1846 2502 presbyterum
1880 2433 1934 2484 in
1969 2429 2278 2487 Iietlioncrn
2333 2431 2536 2496 missa;
2567 2461 2636 2472 —
2665 2429 2910 2500 Epistula
2940 2428 3006 2483 ad
3056 2429 3446 2494 Scliolarinm;
3476 2426 3704 2482 Confessio

504 2516 931 2584 extemporaria,
961 2517 1063 2570 sub
1097 2528 1324 2572 mortem
1364 2518 1539 2582 facta;
1567 2520 1632 2574 ad
1683 2520 2028 2574 Schnlarium
2065 2521 2405 2582 arcliontern,
2456 2519 2726 2588 Imjnsqne
2787 2517 3137 2584 Responsio;
3195 2515 3504 2586 δεηθείςιηί
3558 2525 3711 2592 contra

506 2597 732 2658 Latinos
764 2605 828 2658 de
857 2606 1207 2673 proccssione
1230 2607 1470 2676 Spiritus
1504 2610 1677 2663 sancti
1709 2623 1830 2664 Cum
1874 2609 2254 2674 Responsione
2279 2607 2544 2662 Gennailii
2581 2607 2871 2661 Scliolarii.
2899 2636 2970 2646 -—
2999 2605 3244 2661 Venetiis
3277 2605 3332 2659 in
3365 2606 3481 2660 cod.
3510 2602 3706 2658 Naniano

513 2692 638 2756 127,
665 2707 721 2746 n.
748 2692 802 2756 ι,
829 2695 1165 2764 syllogistica
1197 2711 1316 2765 cap.
1351 2697 1456 2751 inc.
1489 2695 1564 2749 Τὸ
1593 2698 1818 2766 Πνεῦμα
1845 2698 1906 2750 τὸ
1939 2696 2060 2764 ἆγιο

2155 2726 2209 2736 -
2239 2693 2302 2747 Ν.
2341 2695 2394 2758 5,
2420 2693 2658 2748 Thcoria
2705 2693 2757 2746 in
2808 2694 3084 2764 parabolae
3115 2694 3442 2762 euaugvlica:
3471 2704 3702 2744 numerum

509 2783 858 2838 talentorum.
891 2813 932 2823 -
986 2782 1046 2836 N.
1077 2784 1133 2849 6,
1173 2785 1245 2840 De
1303 2787 1485 2841 anima
1523 2788 1808 2842 brutorum
1857 2787 2085 2854 qua‘stio
2127 2795 2184 2839 et
2225 2782 2532 2852 responsio.
2583 2781 2746 2835 Cani.
2798 2791 2906 2836 cat.
2967 2781 3126 2836 codd.
3162 2779 3264 2835 Gr.
3293 2780 3430 2839 Nan.
3457 2780 3632 2846 p.280.
3659 2807 3709 2816 —

509 2867 722 2924 Monac.
757 2871 810 2924 in
846 2872 968 2926 cod.
1011 2870 1204 2928 Bavar.
1233 2874 1324 2939 27,
1361 2874 1524 2928 Marci
1568 2876 1698 2942 Eug.
1737 2875 1906 2943 Capp.
1945 2873 2276 2945 syllogistica
2297 2887 2421 2928 cum
2452 2861 2669 2939 Georgii
2698 2869 2968 2922 Scholarii
3009 2869 3482 2923 conlutationibus
3518 2873 3706 2936 priurum

509 2970 670 3026 capp.
695 2955 854 3021 XVII,
882 2968 938 3012 et
970 2957 1308 3014 Bcssarionis
1344 2961 1614 3016 confiunt.
1643 2978 1672 3015 a
1726 2977 1848 3030 cap.
1885 2962 1966 3015 l8.
1999 2960 2065 3015 V.
2109 2961 2276 3016 llardt
2322 2961 2374 3014 in
2419 2960 2632 3014 Aretini
2663 2958 2991 3028 Beytrargen.
3023 2969 3130 3013 etc.
3159 2974 3292 3012 ann.
3327 2959 3482 3017 1803.
3509 2966 3629 3026 part.
3655 2971 3708 3018 ir,

508 3061 561 3124 p.
601 3047 670 3099 12
704 3062 824 3114 seq.
863 3057 916 3101 et
950 3063 1116 3117 supra
1154 3048 1204 3100 in
1244 3049 1346 3104 hoc
1379 3050 1485 3103 vol.
1526 3066 1575 3118 p.
1610 3051 1736 3114 ⁸572,
1785 3059 1921 3106 sect.
1952 3051 2008 3114 Ξ,
2049 3061 2102 3104 et
2133 3066 2188 3117 p.
2215 3048 2341 3103 591.
2380 3057 2518 3103 sect.
2552 3048 2604 3101 4.
2631 3077 2700 3086 -
2730 3045 3046 3101 Secundum
3096 3056 3205 3102 cat.
3262 3049 3424 3100 codd.
3450 3045 3605 3099 ϐιαιο.
3635 3042 3711 3096 Ba-

507 3149 626 3186 var.
657 3149 709 3204 p.
744 3136 813 3190 50
841 3152 921 3205 sq.
951 3136 1004 3189 in
1041 3137 1163 3192 cod.
1191 3137 1312 3200 118,
1345 3139 1435 3197 (ab
1477 3139 1698 3193 Ilnrdtio
1756 3149 2054 3193 numeralm

2160 3138 2234 3202 56,
2274 3135 2371 3192 sed
2401 3137 2550 3190 illam
2581 3134 2745 3188 libri:
2773 3133 2978 3188 Aretini
3014 3134 3307 3205 Beytrarge,
3363 3144 3489 3196 εις..
3528 3142 3707 3202 partem,

511 3225 566 3278 iu
605 3239 711 3293 qua
752 3225 842 3279 ille
871 3224 995 3279 cod.
1034 3237 1375 3288 recensctur,
1405 3227 1646 3282 nondum
1689 3229 1863 3282 habeo
1903 3228 1955 3282 iu
1991 3224 2269 3292 manibus)
2296 3234 2424 3280 sunt
2479 3223 2645 3278 Marci
2675 3220 2900 3292 Ephesii
2940 3223 3012 3276 ad.
3035 3221 3330 3292 Georgium
3367 3223 3709 3292 presbyterum,

509 3313 730 3382 quando
763 3311 938 3368 Latini
966 3314 1268 3369 deieceriut
1309 3330 1339 3369 ιι
1369 3326 1516 3370 reita
1548 3316 1688 3382 ﬁde;
1717 3317 1893 3387 ejusd.
1938 3316 2274 3388 syllogistica
2304 3330 2467 3386 capp.
2493 3321 2686 3369 contra
2719 3310 2946 3367 Latinos
2991 3321 3047 3368 et
3097 3311 3247 3367 varia
3277 3311 3537 3383 opuscula
3565 3317 3712 3365 contra

510 3397 757 3468 Latinos,
787 3401 914 3456 add.
979 3402 1048 3456 ad
1073 3419 1126 3456 ιι.
1159 3402 1214 3457 2.
1247 3401 1417 3458 11Αιιι..

582 3491 637 3546 8.
679 3491 942 3560 Apologia
975 3492 1037 3546 de
1063 3491 1196 3560 fuga
1227 3509 1350 3546 sua.
1389 3491 1606 3546 Citatur
1635 3507 1661 3544 s
1696 3489 1816 3546 Nic.
1845 3491 2127 3547 Comneno

1696 3489 1816 3546 Nic.
1845 3491 2127 3547 Coinneuo
2160 3507 2286 3563 pag.
2322 3490 2451 3560 525,
2485 3491 2888 3562 praenotiouum
2921 3498 3225 3561 mystagog.

578 3579 635 3636 9.
671 3575 874 3644 Contra
909 3579 1232 3648 encyclicam
1267 3579 1624 3646 Bessariouis,
1659 3581 1734 3636 id.
1771 3597 1824 3650 p.
1857 3581 1980 3636 172.

582 3667 673 3722 10.
709 3666 951 3737 Epistola
993 3667 1063 3722 ad
1114 3667 1392 3739 Georgium
1425 3666 1787 3733 Scholarinm,
1812 3684 1918 3738 qua
1973 3685 2097 3724 cum
2131 3668 2499 3740 reprehendit,
2539 3669 2686 3739 quod
2719 3669 2788 3724 ad
2828 3667 3056 3724 Latinos
3110 3661 3420 3723 deﬂexerit.
3445 3665 3506 3720 ν.
3533 3665 3591 3719 ad
3610 3682 3654 3718 ιι.
3675 3663 3716 3724 2.

512 3755 548 3813 5
580 3766 637 3814 et
669 3757 724 3824 7,
753 3773 920 3827 supra
954 3756 1006 3812 iu
1043 3756 1144 3812 hoc
1169 3759 1277 3811 vol.
1315 3771 1370 3824 p.
1424 3757 1552 3820 572,
1592 3766 1726 3812 sect.
1762 3759 1816 3811 5.
1845 3785 1914 3798 —-
1945 3756 2126 3814 Paris.
2155 3760 2206 3813 in
2250 3760 2389 3816 bibl.
2456 3761 2609 3830 pubi.
2647 3762 2778 3815 cod.
2845 3758 2984 3813 1218
3027 3759 3106 3827 (in
3147 3774 3256 3828 quo
3313 3759 3437 3814 cod.
3468 3759 3604 3829 plura
3627 3769 3718 3811 esse

512 3843 678 3906 Marci
713 3843 916 3916 Eugen.
952 3845 1234 3914 opuscula,
1263 3845 1375 3915 jam
1410 3857 1568 3900 antea
1602 3847 2064 3915 observavimus),
2101 3863 2156 3901 ιι.
2191 3849 2282 3905 10.
2309 3846 2698 3905 -ιιἸοιριιιίαι
2743 3848 2796 3902 in
2847 3848 2970 3902 cod.
3026 3847 3288 3902 Laurent.
3345 3846 3480 3907 XIII.
3509 3863 3559 3900 ιι.
3585 3846 3656 3908 13,
3679 3851 3717 3895 et

511 3950 569 3992 tt.
607 3935 816 3998 4'2,cst
877 3935 1053 4004 ejus'l.
1109 3934 1260 4003 εὐχὴ,
1325 3933 1513 3990 Oratio
1574 3935 1683 3990 inc.
1713 3934 2058 4004 ‘EOaupaoco

2204 3939 2235 4007 ἡ
2293 3937 2496 4005 γνῶσις
2529 3953 2624 3992 σου
2654 3935 2711 4002 ιε
2749 3934 2906 4006 ἐμοῦ.
2946 3933 3013 3988 γ.
3051 3933 3287 3990 Bandin.
3321 3935 3445 3990 Cat.
3476 3933 3628 3990 Codd.
3660 3946 3716 4000 gr.

513 4021 680 4084 Laur.
722 4021 806 4082 Ill.
837 4040 888 4092 p.
923 4023 1046 4078 110.
1077 4053 1143 4062 ——
1171 4023 1396 4078 'I‘aurin.
1431 4024 1484 4080 in
1518 4025 1641 4078 cod.
1668 4023 1801 4093 Reg.
1837 4025 1959 4090 161,
1990 4026 2160 4095 Epist.
2193 4025 2257 4078 ad
2286 4025 2484 4095 Georg.
2529 4025 2780 4080 Scliolar.
2817 4023 2884 4080 Υ.
2920 4025 3039 4080 Cat.
3070 4024 3228 4078 codd.
3273 4040 3358 4094 gr.
3389 4023 3548 4078 'I‘aur.
3573 4039 3618 4090 p.
3643 4019 3719 4074 215

513 4127 633 4182 seq.
659 4110 770 4166 luc.
811 4113 993 4181 Ὅσης
1031 4114 1176 4182 ἡμᾶς
1211 4109 1516 4181 ἐνέπλησας
1543 4111 1758 4181 ἡδονῆς.
1795 4110 1992 4166 Eadem
2023 4127 2060 4166 οι

2173 4113 2335 4165 icod.
2363 4110 2674 4182 Mosqnensi
2707 4121 2915 4183 typogr.
2949 4112 3148 4182 synod.
3201 4111 3299 4179 21,
3342 4128 3402 4168 ιι.
3438 4112 3523 4175 II,
3551 4113 3606 4165 ad
3627 4107 3720 4180 phi-

515 4202 730 4272 losopli.
758 4203 1047 4272 quemdam
1085 4203 1463 4264 Scliolarium;
1519 4217 1575 4255 ν.
1600 4201 1858 4262 Matthxi.
1887 4201 1927 4255 Ι.
1964 4215 2016 4255 c.
2054 4217 2062 4270 ι

934 4203 1047 4270 dam
1085 4203 1463 4264 Scliolarium;
1519 4217 1575 4255 ν.
1600 4201 1858 4262 Μοιιιιῖοὶ,
1887 4201 1927 4255 Ι.
1964 4215 2016 4255 c.
2054 4217 2110 4270 p:
2141 4200 2267 4256 511.
2311 4200 2481 4255 Hann.

592 4291 676 4344 11.
715 4290 956 4358 Epistola
980 4295 1047 4344 ad
1071 4289 1354 4360 Georgium
1387 4290 1748 4361 presbyterum
1777 4290 2170 4360 (Scliolarium)
2197 4298 2384 4342 contra
2413 4291 2544 4340 ritus
2577 4297 2627 4341 et
2658 4288 2930 4356 sacriﬁcia
2949 4286 3203 4343 Romana:
3223 4285 3499 4355 Ecclesia,
3535 4285 3721 4356 incipit:

515 4379 630 4450 τὴν
659 4381 878 4449 γραφήν
909 4397 1003 4432 σου
1035 4380 1349 4446 δεξάμενος.
1391 4379 1540 4432 lianc
1573 4378 1904 4449 oppugnavit
1933 4377 2062 4432 And:

2174 4375 2550 4431 sCoInsscnsis
2589 4375 2643 4428 in
2677 4376 2894 4445 dialogo
2925 4375 2996 4430 ad
3026 4377 3170 4429 cives
3199 4377 3592 4437 Methouenses.
3619 4383 3721 4428 teste

515 4468 738 4527 Allaiio.
764 4483 817 4534 p.
866 4466 984 4520 162.
1016 4476 1209 4520 contra
1234 4465 1638 4535 Crcyghtonum
1695 4474 1748 4519 et
1786 4464 1856 4519 de
1896 4479 2192 4528 consensu,
2227 4481 2281 4535 p.
2312 4464 2442 4520 955.
2482 4462 2650 4518 anu.
2689 4461 2810 4516 Vid.
2849 4464 2916 4519 ad
2970 4479 3028 4518 ιι.
3075 4463 3126 4529 7,
3167 4475 3221 4518 et
3265 4464 3491 4520 Gcrium
3511 4465 3570 4518 ad
3595 4459 3721 4517 (Σινοί

515 4556 656 4612 Ilist.
690 4558 794 4609 litt.
831 4552 933 4611 SS.
972 4552 1086 4610 EE.
1124 4555 1159 4606 Ι.
1187 4569 1236 4608 c.
1280 4569 1334 4624 p.
1372 4553 1495 4608 158.
1544 4552 1712 4608 ﬂant.
3253 4573 3258 4576 -

588 4645 674 4698 12.
713 4643 1124 4698 Antirrheticum
1151 4650 1338 4696 contra
1368 4640 1634 4694 Andream
1664 4638 2045 4694 Golossensem.
2081 4636 2292 4694 Citatur
2321 4655 2352 4694 a
2379 4637 2502 4692 Nic.
2535 4637 2823 4701 Gomneno,
2852 4655 2907 4709 p.
2941 4638 3032 4702 12,
3065 4639 3190 4703 ³556,
3224 4640 3354 4694 120.

587 4733 676 4786 13.
709 4734 832 4784 Ὅτι.
867 4733 926 4786 οὐ
962 4731 1124 4800 μόνον
1153 4729 1259 4782 ἀπὸ
1291 4730 1475 4798 φωνῆς
1499 4727 1606 4780 τῶν
1630 4727 1970 4780 δεσποτικῶν
1998 4729 2134 4796 ρημά

2176 4747 2259 4781 πων
2295 4730 2617 4797 ἁγιάζονται
2645 4733 2716 4780 τὰ
2743 4728 2866 4780 (ista
2895 4729 3066 4799 δῶρα.
3101 4727 3253 4794 Quod
3279 4731 3576 4785 divinorum
3597 4728 3723 4779 doso-

518 4838 638 4874 rum
665 4820 991 4875 consecratio
1031 4835 1134 4872 non
1160 4819 1330 4872 solum
1372 4817 1432 4886 ﬁt
1470 4815 1636 4870 verbis
1669 4815 1983 4878 Dominicis,
2031 4822 2122 4870 sed
2159 4818 2321 4870 etiam
2365 4834 2398 4871 a
2428 4816 2636 4885 Spiritu
2679 4827 2866 4870 saneto
2928 4833 3018 4885 per
3052 4833 3226 4885 preces
3255 4827 3308 4871 et
3363 4818 3722 4871 benedictionem

517 4910 825 4963 sacerdotis.
864 4906 1104 4976 Incipit:
1147 4906 1338 4974 Ἡμεῖς
1373 4907 1438 4958 ἐκ
1475 4904 1585 4956 τῶν
1646 4901 1808 4971 ἱερῶν
1872 4903 2064 4955 artant

2174 4925 2209 4962 ι.
2259 4907 2448 4962 Graece
2506 4907 2570 4960 ad
2601 4909 2808 4962 calcem
2873 4908 3218 4975 Iilurgiarum
3253 4907 3311 4959 S.
3344 4906 3554 4968 Jacobi,
3586 4904 3721 4958 Basilii

517 5006 574 5050 et
597 4997 996 5066 Clirysostomi,
1041 5009 1097 5063 p.
1133 4994 1407 5061 I584“;
1441 4992 1612 5047 Paris.
1651 4991 1790 5046 L360
1825 4990 1920 5044 τοι.
1957 5003 2010 5044 et
2037 4991 2230 5048 Latine
2255 4996 2306 5047 iu
2335 4995 2631 5064 Liturgicis
2665 4994 2878 5051 Claudii
2907 4994 2976 5047 de
3000 4993 3270 5059 Sainctcs,
3296 4986 3730 5062 Anlwerrﬂlﬂii.

519 5088 575 5151 8,
604 5102 726 5156 pag.
755 5086 847 5140 82.
884 5085 1048 5140 Fann.
1080 5085 1142 5140 ν.
1184 5086 1252 5140 ad
1286 5102 1339 5140 n.
1371 5084 1427 5137 2.
1459 5113 1529 5123 -
1564 5081 1738 5137 Paris.
1769 5082 1821 5134 iu
1849 5080 1982 5135 bbl.
2018 5097 2066 5152 pi

2197 5083 2357 5137 codd.
2389 5083 2556 5148 1261,
2586 5099 2642 5137 ιι.
2675 5084 2735 5146 2,
2769 5093 2824 5137 et
2851 5082 3014 5148 1218,
3045 5099 3100 5138 ιι.
3123 5082 3176 5138 9.
3208 5111 3278 5124 —
3302 5081 3364 5136 In
3389 5083 3511 5138 cod.
3539 5077 3723 5135 Coislin.

517 5177 646 5232 9.90.
682 5174 747 5230 ν.
774 5173 1074 5230 Μοιιιΐειιιο.
1104 5173 1244 5228 Bibl.
1277 5171 1444 5228 Coisl.
1471 5187 1524 5242 p.
1547 5171 1674 5226 I06.
1707 5169 1876 5224 "MIL.

590 5265 679 5319 M.
715 5262 993 5332 Expositio
1025 5263 1124 5332 τῆς
1153 5259 1617 5330 ὲκκλησιαατικῆς
1672 5255 1999 5319 dissimilia;
2057 5257 2137 5311 cili

2180 5272 2201 5310 ιι
2249 5255 2439 5312 Graece
2473 5258 2539 5314 ad
2575 5261 2781 5316 calcem
2835 5275 3062 5332 operum
3097 5261 3375 5316 Simeonis
3423 5251 3727 5314 Thessaloni-

521 5357 722 5420 censis,
744 5352 910 5408 Jassii
943 5354 994 5406 in
1025 5351 1290 5406 Holdavia
1319 5349 1475 5412 1683,
1507 5347 1601 5402 fol.
1637 5345 1805 5400 Fusa.
1835 5342 1896 5398 V.
1936 5346 2002 5398 ad
2038 5360 2068 5397 ιι

2217 5345 2274 5407 2,
2308 5346 2549 5414 Μοοιιιιιε
2607 5349 2662 5404 in
2694 5348 2815 5412 cod.
2845 5349 3041 5420 synod.
3069 5349 3198 5414 395,
3233 5365 3286 5404 ιι.
3318 5349 3374 5402 2.
3416 5345 3475 5402 ν.
3510 5340 3735 5412 Matthxi,

522 5443 561 5496 I.
596 5457 648 5498 c.
679 5458 732 5512 p.
773 5441 901 5504 249,
942 5439 1115 5494 Paris.
1149 5440 1203 5492 in
1243 5437 1371 5492 bibl.
1408 5435 1555 5505 publ.
1593 5434 1755 5490 codd.
1778 5433 1918 5488 1218
1941 5443 1996 5488 οι
2025 5433 2182 5488 1261.
2214 5463 2283 5474 -
2306 5433 2468 5489 Conl'.
2529 5451 2696 5506 supra
2740 5438 2792 5491 in
2845 5438 2899 5492 Ιι.
2961 5438 3067 5492 vol.
3099 5453 3152 5507 ιι.
3185 5437 3276 5493 80.
3311 5466 3384 5478 -—
3417 5436 3600 5492 Gerius
3629 5431 3659 5486 ι.
3687 5443 3724 5484 c.

525 5536 858 5604 suspicatur,
897 5534 1037 5588 hanc
1059 5530 1452 5600 expositionem
1493 5543 1600 5582 non
1627 5526 1846 5583 diﬂ'erre
1881 5541 1908 5579 a
1945 5526 2104 5582 διειτοί
2134 5527 2269 5596 Eug.
2309 5527 2634 5598 Paraplirasi
2687 5530 2737 5583 in
2774 5529 3262 5586 Pentecostarium.
3289 5529 3462 5585 ΗΑιιι..

598 5624 687 5678 15.
731 5622 1060 5691 Puraplrasis
1084 5622 1138 5673 in
1172 5617 1644 5674 Pentecostarinm.
1680 5616 1843 5670 Allat.
1871 5617 2004 5669 diss.
2035 5631 2093 5677 ιι,
2122 5630 2246 5686 pag.
2276 5615 2403 5679 280,
2446 5617 2513 5672 dc
2545 5619 2700 5674 libris
2735 5619 2941 5674 Eccles.
2976 5619 3308 5674 Grmcorum.

598 5713 683 5767 16.
719 5711 1002 5780 Responsio
1033 5708 1228 5778 duplex
1261 5707 1328 5760 ad
1361 5692 1579 5759 Latinos
1598 5708 1659 5757 de
1697 5705 2025 5774 purgatorio.
2076 5704 2145 5758 Ms

2206 5705 2258 5758 in
2304 5704 2432 5758 bibl.
2454 5705 2494 5760 C
2515 5723 2722 5762 l-saz'ca.
2747 5707 2939 5778 Incipit
2971 5708 3220 5780 τἘπειδὴ
3254 5709 3401 5778 μετᾶ
3436 5708 3654 5778 ἀγάπης.
3680 5701 3726 5755 EI

452 4703 483 4754 δ

600 5919 673 5987 (1))
707 5917 763 5973 S.
801 5933 916 5987 pag.
945 5917 1069 5971 9.33.
1106 5916 1300 5969 liollar.
1339 5933 1391 5970 ιι.
1422 5917 1474 5982 6,
1510 5918 1627 5970 cod.
1663 5915 1748 5970 68.
1783 5916 1953 5967 ΙῖΑιιι..
