3918 6452
230 310 368 366 1οη
1647 302 1985 363 ΝΟΤΙΤΙΑ.
2372 362 2373 365 η
3186 363 3196 366 _
3350 291 3487 354 1678

225 414 419 473 ἐπειδὴ
438 431 769 484 σαφεστερον
787 417 931 487 ἡμᾶς
948 416 1246 473 ἀπαιτεῖτε.
1267 415 1521 472 Lambec.
1546 414 1655 493 νιι,
1674 429 1772 484 pag

1941 426 2050 479 sei].
2079 411 2157 483 [p.
2177 409 2305 473 257,
2323 424 2435 481 seq.
2464 408 2597 464 Kell.
2623 425 2678 465 ιι.
2699 408 2852 464 5014
2879 405 2997 462 cod.
3034 404 3146 476 68.]
3167 405 3337 475 Supra
3360 422 3412 457 ιι.
3431 405 3488 475 2,

295 502 469 558 Etiam
535 504 755 560 libellus
806 505 873 561 de
924 506 1260 576 purgatorio,
1299 506 1478 561 editus
1542 506 1645 560 sub
1700 502 1804 558 Nili
1858 500 2117 566 nomine,
2173 498 2353 554 Marco
2419 504 2609 552 nostro
2682 513 2712 552 a
2764 495 3088 566 quibusdam
3152 495 3483 548 vindicatur.

229 591 392 647 1·“Αιιιι.
456 591 516 647 In
576 592 699 649 cod.
741 592 1050 666 Mosquensi
1114 596 1310 666 synod.
1361 594 1464 650 591
1528 605 1657 650 sunt
1702 603 1813 649 tres
1870 589 2278 661 Responsiones
2328 586 2394 642 ad
2452 585 2633 641 Latin.
2694 603 2752 641 n.
2811 587 2864 642 6.
2912 586 3026 640 Inc.
3072 583 3290 651 Ἐπειδὴ
3351 583 3490 652 μετὰ

226 682 484 754 ἀγάπηςς
518 700 572 738 n.
612 685 665 741 7,
697 686 813 739 inc.
842 686 1049 755 Πολλῆς
1096 686 1195 755 μὲν
1233 687 1308 750 ὡς
1341 684 1561 757 ἀληθῶς
1582 700 1600 717 ·
1630 702 1686 739 n.
1719 684 1773 750 8,

1955 678 2175 751 Ἐπειδὴ
2220 679 2577 749 σαφέστερον.
2635 678 2697 731 γ.
2732 677 2989 742 Matthari,
3020 677 3056 732 1.
3088 690 3136 730 c.
3176 691 3232 746 p.
3262 674 3387 729 251.
3420 702 3489 715 —-

228 769 283 822 lu
307 769 423 825 Cat.
455 786 588 828 mss.
632 772 857 844 Angliaz,
888 783 994 829 etc.
1030 773 1137 829 vol.
1172 773 1241 837 11,
1296 789 1347 844 p.
1379 774 1468 839 61,
1508 790 1565 828 ιι.
1595 773 1756 836 2255,
1789 770 1858 825 de
1921 769 2045 826 cod.
2071 766 2341 824 Vossiano
2377 769 2500 832 142,
2567 769 2679 822 haec
2732 776 2857 822 nota
2904 765 3080 821 Vossii
3136 764 3431 819 adducitur
3469 782 3483 818 :

235 877 252 909 ι
288 858 456 914 Marci
484 861 809 930 archiepisc.
854 860 1112 931 presiui
1145 870 1311 917 oratt.
1345 861 1413 916 de
1439 860 1682 918 Latinor.
1712 860 2056 933 purgatorio,
2089 873 2152 916 ac
2206 858 2272 914 de
2305 858 2373 913 iis
2403 873 2526 929 quae
2563 865 2793 911 tractata
2834 856 2985 911 fuere
3020 857 3074 910 in
3126 855 3333 926 synodo
3357 852 3487 907 Flo-

231 948 468 1001 rentina.
499 947 576 1002 Ex
625 949 709 1004 his
765 948 985 1020 colligo,
1033 949 1292 1020 anonymi
1324 947 1641 1003 Orationem
1691 949 1756 1021 tle
1815 948 2149 1020 purgatorio,
2187 962 2216 1001 a
2254 945 2529 1001 Salmasio
2587 943 2737 1015 operi
2784 944 2847 997 de
2880 943 3122 998 Primatu
3157 942 3486 1006 subnexam,

233 1030 399 1089 Marci
424 1032 685 1103 Ephesini
726 1051 832 1091 non
869 1051 1008 1103 esse,
1041 1046 1100 1091 ut
1158 1050 1332 1104 nuper
1390 1036 1583 1105 scripsi
1646 1036 1700 1089 in
1770 1034 2042 1091 Observat.
2086 1037 2251 1089 sacris
2299 1042 2354 1088 et
2388 1032 2441 1087 in
2490 1032 2815 1086 Bibliotheca
2853 1031 3069 1085 selecla.
3120 1028 3485 1096 Quaerendum

232 1123 439 1189 itaque,
482 1121 640 1187 cujus
670 1122 783 1179 haec
819 1122 995 1178 oratio
1049 1124 1120 1179 sit
1167 1123 1430 1179 auctoris.
1464 1122 1572 1178 Alii
1621 1137 1756 1177 sane
1811 1119 2040 1179 Nicolao
2092 1122 2382 1188 Cabasilaa,
2419 1120 2511 1174 alii
2542 1119 2665 1173 Nilo
2692 1118 3199 1193 ‘Tliessalonicensi
3231 1133 3349 1173 eam
3385 1116 3509 1191 tri-p

234 1208 429 1262 buunt.
466 1226 487 1260 ι
526 1207 691 1263 "an!"

304 1296 375 1349 17
434 1295 707 1367 Professio
738 1298 865 1367 ﬁdei
901 1298 951 1351 in
984 1296 1221 1353 concilio
1250 1296 1574 1354 Florentino
1601 1299 1809 1369 pridem
1839 1300 2069 1369 scripta,
2114 1299 2208 1354 sed
2270 1297 2490 1352 demum
2531 1295 2695 1366 paulo
2728 1304 2854 1351 ante
2903 1295 3111 1350 obitum
3157 1294 3326 1359 edita,
3354 1294 3487 1350 inci-

232 1384 311 1452 pit
345 1400 361 1438 :
404 1383 548 1453 Ἐγὼ
582 1387 647 1456 τῇ
673 1386 768 1438 τοῦ
794 1384 932 1439 Θεοῦ
969 1384 1152 1456 χάριτι
1180 1386 1451 1454 δόγμασιν
1480 1385 1775 1457 ἐντραφεὶς

1944 1386 2109 1457 δέσιν.
2140 1384 2493 1456 Oppugnavit
2530 1382 2829 1454 Gregorius
2860 1382 3321 1453 Prntosyncellus.
3356 1381 3491 1435 Vide

228 1472 512 1538 Allatium,
548 1472 622 1527 De
651 1489 928 1537 consensu,
964 1488 1090 1545 pag.
1127 1473 1252 1538 954,
1282 1473 1389 1530 955
1418 1482 1472 1530 et
1498 1474 1627 1543 280,
1654 1474 1775 1540 285,

1968 1474 2134 1531 ιτλιιιι.
2158 1473 2401 1545 Mosquze
2459 1474 2515 1528 in
2551 1474 2712 1529 codd.
2745 1472 2943 1545 synod.
2981 1474 3048 1528 15
3086 1483 3139 1527 et
3182 1473 3306 1539 554,
3345 1489 3400 1527 n.
3433 1472 3489 1527 2.

233 1562 293 1617 V.
323 1560 570 1617 Matthaei
609 1562 645 1616 l.
674 1577 725 1617 c.
760 1578 814 1633 ρ.
854 1563 924 1619 29
954 1572 1008 1618 et
1032 1563 1163 1631 252,
1192 1554 1282 1619 ubi
1330 1564 1416 1619 bis
1464 1574 1780 1621 memoratui

1944 1579 2067 1634 mpe
2122 1580 2178 1618 ιι.
2230 1564 2288 1640 2,
2321 1562 2491 1618 Marci
2518 1592 2589 1602 —
2614 1560 2875 1631 Eugenici
2930 1561 3026 1614 καὶ
3057 1561 3178 1615 νέου
3210 1561 3488 1629 θεολόγου,

230 1649 324 1703 τοῦ
368 1648 777 1720 ἀνατρέψαντος
827 1652 925 1722 τὴν
956 1652 1194 1721 ἄθεσμον
1248 1653 1305 1707 ὲν
1353 1652 1665 1723 Φλωρεντίᾳ
1697 1653 1931 1717 σύνοδον,
1967 1652 2229 1723 ὁμολογία
2286 1652 2562 1715 πίστεωςο
2613 1650 2757 1719 Ἐγὼ
2791 1652 2858 1722 τῇ
2885 1648 2979 1703 τοῦ
3016 1649 3152 1703 Θεοῦ
3184 1650 3399 1721 χάριτιο
3429 1665 3494 1703 ac

237 1754 291 1792 ιι.
324 1738 383 1792 4.
421 1738 529 1790 Τοῦ
559 1738 728 1791 αὑτοῦ
752 1739 917 1810 ἑτέρα
951 1740 1214 1809 ὁμολογία
1242 1740 1479 1804 πίστεως
1502 1755 1522 1776 ο
1571 1742 1711 1809 Ἐγὼ
1736 1746 1784 1813 τῇ

1960 1741 2098 1794 Θεοῦ
2130 1740 2337 1812 χάριτι.
2364 1738 2421 1793 ln
2454 1739 2758 1809 posteriore
2785 1739 2909 1794 cod.
2939 1748 3023 1795 est
3057 1753 3277 1809 quoque
3305 1754 3362 1792 n.
3405 1738 3491 1803 1-1,

237 1823 413 1879 Marci
450 1825 651 1895 Ettgett.
674 1827 941 1900 διαθήκηο
982 1828 1094 1884 inc.
1128 1828 1405 1899 Βούλομαι
1433 1828 1775 1898 πλατύτερον

1945 1830 2065 1901 ,μὴν
2084 1831 2333 1900 γνώμην.
2371 1827 2555 1898 (Conf.
2588 1827 2655 1882 ad
2707 1845 2759 1882 ιι.
2792 1827 2873 1898 7.)
2902 1857 2973 1870 --
3027 1825 3228 1882 Oxonii
3269 1828 3323 1881 in
3356 1826 3492 1881 bibl.

235 1913 446 1968 Bodlei.
471 1915 591 1969 cod.
629 1914 855 1971 Barocc.
890 1915 1015 1972 1H.
1044 1916 1276 1972 --«ibid.
1311 1918 1362 1972 in
1387 1918 1512 1973 cod.
1543 1917 1630 1974 ιο.
1665 1917 1884 1974 Selden.
1918 1918 2010 1984 47,
2073 1916 2126 1983 5,
2179 1917 2296 1973 sive
2324 1932 2381 1972 n.
2412 1916 2574 1983 5577,
2625 1914 2748 1972 Cat.
2803 1929 2936 1970 mss.
2986 1915 3195 1985 Anglia:
3233 1914 3343 1969 vol.
3373 1914 3412 1980 Ι,
3442 1922 3493 1967 οι

237 2019 289 2073 p.
327 2002 458 2067 268,
486 2019 542 2057 ιι,
580 2006 643 2060 14
669 2014 724 2059 et
760 2005 847 2069 15,
887 2007 940 2059 in
968 2006 1313 2062 Adversariis
1342 2005 1469 2061 Ger.
1514 2006 1826 2078 Langbami.
1860 2007 2004 2062 Add.
2056 2008 2121 2061 ad
2167 2024 2222 2062 ιι.
2247 2008 2300 2073 5,
2346 2016 2401 2063 et
2430 2021 2623 2076 supra,
2679 2006 2732 2059 in
2768 2005 2823 2060 h.
2879 2005 2988 2062 vol.
3016 2020 3074 2074 p.
3104 2005 3231 2070 594,
3258 2013 3397 2060 sect.
3440 2006 3492 2060 4.

238 2093 419 2147 I'aris.
483 2093 539 2147 in
594 2093 728 2149 bibl.
792 2094 942 2165 pub].
1004 2095 1057 2149 in
1119 2095 1366 2166 quinque
1423 2095 1585 2150 coild.
1645 2097 1782 2164 parti

1967 2096 2242 2159 emoratis,
2294 2111 2350 2149 n.
2387 2093 2546 2160 1218,
2616 2093 2780 2159 1259,
2838 2091 2998 2159 1527,
3029 2091 3175 2147 2075
3219 2100 3274 2147 ct
3332 2091 3514 2147 5104.

124 2246 129 2249 Α
242 2179 415 2236 llum.
870 2210 885 2213 -

311 2269 402 2324 18.
427 2268 716 2339 Ecphrasis
748 2270 991 2324 animant
1015 2270 1239 2340 agentis.
1269 2268 1412 2323 Citat
1463 2268 1697 2323 Allatiu:
1730 2271 1795 2322 de
1826 2270 2036 2340 synodo
2085 2279 2299 2333 octava,
2339 2285 2460 2341 pag.
2517 2269 2644 2325 541.
2699 2268 2792 2340 [ν.
2826 2270 3064 2326 Bandin.
3122 2269 3247 2325 Cat.
3281 2268 3377 2324 cit.
3407 2266 3495 2331 Ill,

242 2372 296 2424 ιι.
333 2357 458 2421 105,
491 2366 546 2413 et
572 2375 626 2413 ιι.
658 2359 729 2412 27
755 2358 876 2429 cit.|

311 2446 401 2502 19.
436 2447 638 2503 Ultima
670 2452 823 2503 verba
853 2451 923 2503 ad
982 2450 1312 2506 (.‘ennadium
1355 2452 1719 2509 Scholarium.
1753 2449 1885 2504 Vide
1932 2462 2096 2516 supra
2144 2462 2266 2516 pag.
2314 2446 2417 2500 556
2490 2446 2568 2518 [et
2604 2453 2722 2501 not.
2761 2461 2929 2517 supra
2978 2447 3047 2502 ad
3078 2445 3321 2512 initium,
3353 2453 3407 2500 et
3433 2443 3499 2498 ad

242 2544 300 2582 ιι.
340 2529 427 2599 7].
466 2531 708 2585 Meminit
742 2533 1059 2590 Gennadius
1085 2536 1202 2604 ipse
1230 2551 1419 2605 supra,
1449 2551 1501 2604 p.
1528 2534 1654 2589 567.
2163 2524 2173 2541 ’

313 2617 406 2670 20.
443 2615 768 2682 Quwatiottes
816 2621 1119 2690 theologica:
1166 2637 1269 2677 ins.
1308 2623 1363 2676 in
1415 2622 1541 2677 bibl.
1577 2623 1782 2677 Caesar.
1828 2621 1860 2675 il

1947 2638 1993 2689 p.
2037 2623 2101 2675 ’11
2137 2622 2230 2676 τοῦ
2289 2621 2419 2675 Υἱοῦ
2474 2620 2823 2692 προσηγορία
2872 2621 2967 2675 δύο
2996 2621 3174 2675 ταῦτα
3214 2621 3494 2691 σημαίνει.

240 2703 503 2761 Lambec.
534 2705 643 2771 Vll,
685 2722 738 2777 p.
777 2709 811 2763 5
863 2707 938 2779 [p.
970 2710 1095 2765 259.
1129 2711 1271 2765 Koll.
1332 2727 1385 2765 ιι.
1440 2710 1496 2777 5,
1527 2713 1646 2766 eod.
1685 2712 1773 2776 68,

1951 2711 2166 2765 Bandin.
2228 2708 2349 2764 Cat.
2412 2708 2570 2769 citat.
2598 2706 2686 2776 111,
2725 2724 2777 2778 p.
2823 2709 2947 2774 106,
2981 2725 3037 2763 n.
3072 2708 3166 2774 21,
3211 2708 3336 2763 cod.
3409 2708 3498 2776 15,

241 2794 383 2864 plut.
421 2792 536 2866 74].

314 2881 406 2936 21.
440 2880 630 2949 Capita
663 2882 755 2936 LX
769 2882 919 2947 VIII,
950 2895 1134 2938 contra
1160 2884 1383 2939 Itwresin
1416 2886 1861 2956 Acindynistarun

1953 2900 2015 2940 ις.
2048 2884 2100 2939 in
2127 2885 2257 2940 bibl.
2291 2884 2560 2948 Cmsarca,
2594 2884 2761 2954 incip‘.
2795 2885 2939 2955 Κεφ.
2972 2892 3042 2950 α’,
3076 2885 3137 2939 El
3167 2886 3500 2939 ταυτόνέστι

238 2969 381 3023 Θεοῦ
417 2971 577 3024 οὐσία
613 2973 709 3025 καὶ
736 2960 1009 3042 ἐνέργεια.
1050 2971 1305 3027 Lamboc.
1354 2970 1417 3037 γ,
1452 2988 1575 3043 pag.
1602 2972 1708 3027 220
1746 2975 1785 3045 [ι

1953 2972 1990 3026 ἲ.
2028 2974 2238 3030 Kollar.
2267 2990 2320 3028 ιι.
2360 2974 2409 3037 1,
2450 2974 2585 3029 cad;
2610 2973 2769 3045 278].
2827 2974 3001 3029 Marci
3026 2974 3273 3045 archiep.
3303 2971 3500 3043 Ephesi

240 3067 442 3114 contra
477 3060 803 3122 haereticos.
851 3060 1041 3115 Venet.
1106 3061 1157 3115 in
1224 3060 1358 3116 bibl.
1406 3061 1577 3117 Marc.
1636 3076 1750 3117 sec.
1815 3060 2118 3119 Muntlauc.
2152 3062 2295 3119 Bibl.
2338 3063 2579 3119 biblioth.
2634 3081 2762 3119 mss.
2810 3081 2866 3135 p.
2909 3064 3034 3129 469,
3095 3065 3262 3119 E.—-—
3291 3064 3349 3120 In
3375 3066 3500 3119 cod.

245 3144 478 3202 Coislin.
512 3146 645 3211 288,
669 3146 840 3202 Marci
878 3148 1123 3202 monachi
1155 3147 1424 3204 adversus
1453 3149 1702 3203 Barlaam
1736 3157 1791 3204 et
1830 3149 2174 3222 Aciudynum
2231 3167 2423 3222 opusc.
2463 3152 2609 3223 quod
2653 3168 2735 3224 gr.
2786 3164 2842 3209 ct
2872 3152 2967 3209 lat.
3001 3152 3170 3209 edidit
3202 3151 3502 3208 Montiauc.

243 3236 300 3290 in
332 3234 467 3290 bibl.
513 3234 743 3291 Coislin.
774 3252 828 3307 p.
855 3237 980 3303 404,
1018 3252 1139 3305 sqq.
1170 3236 1330 3291 Cotti.
1367 3252 1558 3306 supra,
1597 3239 1651 3291 in
1683 3238 1738 3292 h.
1772 3239 1877 3293 vel.
1916 3254 1970 3309 p.
2007 3239 2131 3293 507.
2169 3238 2336 3294 "Litt...

313 3322 407 3377 22.
449 3322 697 3380 Cauanes
723 3336 848 3381 acto
872 3327 928 3380 in
961 3324 1020 3380 8.
1065 3324 1335 3396 Virginem
1389 3325 1675 3395 Deiparant
1721 3335 1777 3381 et
1831 3326 1935 3381 duo
1964 3327 2174 3381 cantica
2222 3327 2277 3380 in
2320 3324 2380 3382 S.
2426 3316 2767 3395 Trinitatem,
2829 3343 2933 3383 ms.
2966 3328 3020 3384 in
3066 3329 3201 3385 bibl.
3231 3328 3506 3393 Caesarea,

246 3410 419 3480 iucip.
446 3411 777 3482 Ἀρχόμενος
803 3415 1045 3483 σήμερον
1080 3413 1175 3467 τοῦ
1206 3413 1545 3468 τελευταίου.
1585 3402 1788 3468 Lambe

1958 3452 1967 3479 ,
2002 3430 2055 3484 p.
2093 3413 2200 3469 284
2247 3413 2326 3485 [p.
2368 3413 2493 3479 599,
2521 3430 2615 3485 seq
2664 3414 2803 3470 Koll.
2840 3419 2963 3471 cod.
3025 3416 3181 3489 52h].
3233 3416 3411 3471 Paris.
3452 3417 3505 3469 in

166 3488 177 3501 ’
243 3498 382 3554 bibl.
416 3499 566 3568 pubi.
596 3499 761 3564 2075,
804 3500 958 3570 plura
1019 3509 1173 3563 sunt.
1207 3518 1329 3570 qua:
1361 3502 1674 3557 summatim
1703 3501 1979 3569 indicabo,
2006 3518 2063 3557 ιι.
2098 3501 2191 3565 25,
2232 3501 2395 3556 Marci
2426 3502 2626 3573 Ephesi
2662 3503 2900 3572 Epistola
2934 3502 2999 3558 ad
3043 3488 3316 3560 summum
3377 3520 3510 3575 pon-

246 3587 473 3642 tilicem.
505 3619 572 3630 -—-
607 3586 677 3642 N.
720 3588 811 3651 26,
860 3588 1147 3644 Professio
1192 3589 1352 3656 lidei;
1383 3620 1450 3631 --
1479 3591 1540 3644 bl.
1575 3590 1665 3655 27,
1734 3589 1991 3646 Carmina
2024 3589 2174 3646 varia
2228 3588 2294 3644 ad
2360 3586 2721 3661 Euthymium
2759 3590 3126 3659 patriarcbam
3157 3608 3171 3654 ;
3201 3620 3270 3629 -
3302 3588 3367 3644 N.
3416 3590 3508 3653 28,

245 3674 839 3746 Expositiosymboli;
876 3693 932 3729 ιι.
971 3677 1065 3739 29,
1097 3676 1287 3748 hymni
1328 3677 1381 3730 in
1422 3677 1706 3745 Dciparam
1732 3694 1746 3744 ;
1777 3707 1848 3720 —-
1881 3677 1946 3735 N.
1978 3677 2069 3744 50,
2120 3674 2354 3733 liomilia
2414 3677 2467 3731 in
2508 3679 2812 3733 orationem
2861 3677 3230 3732 Dominicam.
3286 3677 3345 3731 in
3382 3677 3506 3731 eod.

245 3763 375 3819 cod.
413 3763 587 3819 multa
622 3761 851 3819 Joannis
877 3761 1138 3833 Eugenici
1170 3779 1369 3834 opusc.
1416 3764 1921 3834 deprehenduntur.
1960 3836 1964 3840 θ

331 3851 532 3907 Versus
591 3852 671 3916 εις
725 3851 896 3920 τάφον
947 3851 1042 3905 τοῦ
1092 3852 1416 3906 διδασκάλου
1470 3852 1641 3923 κυροῦ
1685 3855 1878 3924 Ἰωσὴφ

1962 3853 2011 3906 )ὖ
2058 3854 2389 3925 Βρυεννίου,
2426 3853 2535 3911 inc.
2572 3854 2741 3907 Οὐδέν
2784 3872 2832 3906 τι
2870 3855 3100 3920 xatvév;
3134 3856 3186 3910 in
3213 3856 3337 3910 cod.
3364 3855 3509 3910 Mos-

244 3942 446 4012 quensi
484 3941 689 4013 synod-
713 3939 840 4003 297,
870 3958 927 3995 ιι.
954 3941 1010 3995 2.
1037 3940 1102 3996 V.
1133 3941 1390 4005 Mattbaei,
1424 3941 1459 3995 l.
1495 3958 1541 3998 c.
1577 3958 1631 4012 p.
1667 3942 1787 3997 192.

1822 3941 1997 3999 Hanc.
2290 3964 2301 3971 ι
3325 3929 3338 3942 ’

316 4027 412 4083 25.
453 4026 638 4081 Sermo
672 4026 724 4080 in
772 4025 828 4082 S.
864 4026 1001 4084 Elia:
1035 4028 1170 4097 festo
1213 4028 1269 4083 in
1322 4029 1488 4098 ofﬁcio
1521 4031 1793 4100 legendus,
1826 4031 1863 4084 it

1962 4045 1994 4083 ι.
2029 4029 2179 4083 Ἔδει
2218 4031 2315 4099 μὲν
2340 4028 2563 4100 ἀληθῶς
2605 4030 2731 4100 ἡμῖν
2785 4028 3192 4099 ούρανοϐρόμου
3221 4030 3314 4083 τοῦ
3348 4031 3509 4099 λόγου

252 4115 688 4185 συνεπαρθῆναι.
721 4113 868 4170 Citat
897 4114 1195 4187 Gregorius
1232 4118 1668 4187 protosynccllus
1700 4118 1799 4186 Apt

1988 4126 2179 4172 contra
2206 4117 2451 4173 Marcum
2480 4106 2677 4186 Ephesi
2711 4125 2842 4172 tom.
2874 4114 3014 4182 Xlll‘,
3049 4115 3251 4171 Concil.
3287 4118 3510 4184 Labbci,

245 4220 301 4274 p.
342 4204 473 4269 802,
506 4212 561 4258 et
589 4204 908 4274 rogantibus
936 4204 1108 4260 Creta:
1139 4206 1334 4261 incolis
1365 4206 1629 4276 scriptum
1666 4208 1734 4261 ab
1758 4220 1823 4262 eo
1859 4213 2087 4273 testatur
2121 4206 2222 4276 (τί).

320 4294 416 4349 24.
450 4292 532 4347 De
562 4293 795 4348 hominis
827 4294 1193 4349 imbecillitate
1223 4302 1491 4352 tractatus
1522 4293 1617 4365 (ιτ).
1658 4294 1757 4351 Ms.
1793 4294 1848 4350 in
1875 4293 2010 4349 bibl.
2039 4293 2383 4365 Augustana.
2418 4295 2508 4367 [V.
2551 4293 2764 4350 Reiseri
2798 4292 2916 4349 Ind.
2948 4310 3079 4349 mss.
3118 4295 3248 4350 bibl.
3279 4293 3509 4367 August.

251 4399 306 4453 p.
337 4382 431 4439 89.
472 4380 668 4453 Hane]
2326 4384 2339 4391 ’
3164 4390 3165 4393 γ

318 4472 417 4527 25.
448 4471 513 4526 In
544 4474 836 4526 orationem
884 4471 1218 4527 Dominicam
1286 4489 1390 4530 ms.
1428 4473 1484 4529 In
1519 4473 1652 4529 bibl.
1718 4475 1992 4539 Cmsarca,
2028 4480 2165 4529 teste
2226 4470 2497 4529 Nesselio.
2562 4471 2729 4535 FABB.
2775 4474 2920 4530 Part.
2973 4491 3043 4542 iv,
3076 4492 3132 4545 p.
3165 4476 3290 4542 110,
3326 4493 3381 4531 n.
3424 4476 3512 4541 15,

250 4560 376 4616 cod.
413 4559 540 4614 195.
571 4558 712 4613 Add.
746 4560 838 4613 ad.
875 4576 931 4614 ιι.
962 4559 1053 4615 22.
1096 4560 1267 4615 Hann.

320 4647 414 4703 26.
460 4646 649 4717 Imago
678 4648 1014 4702 dormitionis
1049 4647 1110 4704 S.
1145 4647 1403 4717 Ephraim
1430 4648 1577 4719 Syri.
1605 4649 1720 4705 Inc.
1767 4650 1867 4703 Kal

1430 4648 1577 4719 Syri.
1605 4649 1720 4705 Inc.
1767 4650 1877 4703 Καὶ
1908 4648 2102 4720 νεκρὸν
2133 4649 2278 4703 ἐστιν
2306 4651 2545 4705 ὲνταῦθα
2594 4651 2756 4703 ἰδεῖν·
2793 4652 2920 4705 item
2954 4668 2969 4704 :

318 4737 414 4791 27.
450 4734 648 4806 Imago-
669 4740 919 4807 martyrit
946 4740 1189 4792 coronati
1212 4755 1232 4794 :
1290 4738 1414 4795 lnit.
1444 4739 1653 4809 Χαρίεν
1697 4740 1797 4810 μὲν
1826 4741 1865 4792 ιδ

1991 4739 2087 4792 καὶ
2106 4736 2549 4807 ἀγωνιζομένους
2570 4754 2583 4768 ο
2623 4737 2954 4793 Florentius:
2984 4739 3037 4792 in
3072 4740 3195 4794 cod.
3225 4738 3390 4794 Laur.
3420 4739 3512 4807 21,

251 4839 309 4881 ιι.
344 4825 379 4878 1⁷
401 4833 458 4878 et
489 4823 546 4881 2.
571 4824 722 4893 plut.‘
741 4825 794 4877 4.
831 4824 891 4878 ν.
926 4823 1182 4893 Bandini,
1216 4823 1338 4879 Cat.
1372 4825 1468 4880 cit.
1508 4826 1618 4880 vol.
1660 4824 1704 4888 1,
1740 4841 1792 4894 p.
1832 4825 1936 4880 545
1966 4839 2086 4896 seq.
2116 4855 2185 4865 —
2222 4824 2378 4879 Prior
2408 4827 2582 4895 imago
2634 4834 2717 4880 est
2747 4840 2962 4894 quoque
2994 4826 3127 4880 ibid.
3170 4826 3225 4881 in
3255 4826 3383 4883 cod.
3418 4829 3509 4893 15,

251 4931 313 4969 ιι.
354 4914 447 4978 11,
476 4912 614 4982 plut.
650 4912 743 4983 75.
776 4912 840 4966 V.
876 4912 1103 4969 Bandin.
1133 4914 1168 4967 l.
1208 4928 1260 4969 c.
1296 4914 1386 4979 Ill,
1416 4930 1473 4985 p.
1505 4914 1630 4979 105,
1658 4914 1750 4968 ubi
1776 4914 2052 4984 opinatur,
2087 4914 2237 4967 illam
2269 4927 2391 4968 esse
2427 4913 2588 4977 forte,
2617 4928 2738 4982 qua:
2783 4929 2813 4966 a
2852 4911 3107 4970 Fabricio
3135 4923 3328 4970 nostro
3368 4917 3510 4984 loco,

250 5017 310 5058 ιι.
345 5003 437 5066 18,
480 5001 586 5057 sub
620 5000 801 5062 titulo,
830 5000 1126 5070 Ecphrasis
1165 5003 1401 5058 animam
1435 5004 1637 5074 agentis
1673 5013 2010 5057 recensetur.
2053 5000 2220 5057 "ARL.

321 5092 418 5147 28.
452 5090 712 5161 Epilogus
750 5089 1000 5145 adversus
1048 5089 1292 5147 Latinos.
1342 5093 1459 5147 Inc.
1492 5093 1667 5146 Τοῦτο
1710 5092 1772 5143 τὸ
1820 5090 1868 5144 σε

1971 5088 2126 5157 ολον;
2156 5088 2339 5144 Paris.
2381 5090 2434 5143 in
2479 5090 2613 5145 bibl.
2657 5089 2805 5157 pubi.
2838 5089 3010 5159 codd.
3050 5089 3205 5155 I286,
3239 5108 3293 5146 ιι.
3338 5091 3425 5158 19,
3466 5101 3516 5146 et

254 5179 418 5242 1295,
452 5195 511 5232 ιι.
534 5176 586 5232 9.
632 5179 688 5232 lu
720 5189 953 5247 utroque
990 5178 1178 5233 codice
1217 5178 1323 5233 alia
1347 5178 1509 5232 Marci
1542 5178 1675 5247 Eng.
1716 5179 1980 5247 Opuscula
2017 5178 2386 5247 reperiuntur,
2417 5188 2472 5233 et
2514 5180 2786 5249 quaedam,
2821 5195 2851 5234 a
2888 5177 3145 5236 Fabricio
3184 5180 3412 5247 omissa,
3449 5180 3518 5236 ad

252 5284 310 5325 ι).
344 5266 401 5335 7,
433 5267 714 5335 etpassim
746 5265 1002 5322 iudicavi.
1030 5295 1100 5306 —
1130 5265 1205 5320 De
1236 5267 1477 5320 terminis
1504 5268 1643 5331 vitaz,
1680 5286 1731 5323 ν.
1763 5266 1831 5320 ad
1868 5282 1920 5319 ιι.
2036 5266 2204 5320 lianc.

317 5449 388 5576 ἓξ)
423 5448 496 5525 ιξξ
523 5448 633 5498 cod.
663 5447 952 5519 Monacensi
978 5447 1246 5521 novissime
1272 5450 1430 5498 edidit
1455 5450 1568 5499 Διὶ).
1592 5451 1815 5523 lahnius.
2014 5511 2029 5528 ‘
2367 5512 2376 5521 _
2409 5514 2418 5524 .

381 5515 398 5572 )
436 5512 571 5560 (ttat
605 5518 755 5560 etiam
795 5509 1302 5562 Pseudo-Genuadtus
1333 5514 1382 5562 in
1417 5511 1654 5575 Apologia
1692 5522 1778 5573 pro
1814 5522 1952 5561 conc.
1994 5510 2236 5572 l'lorent.,
2270 5520 2418 5575 capiti

381 5515 398 5572 )
436 5511 571 5560 (‘itat
605 5511 755 5560 etiam
795 5509 1302 5562 Pseudo-Genuadius
1333 5514 1382 5562 in
1417 5511 1654 5575 Apologia
1692 5522 1778 5573 pro
1814 5522 1952 5561 conc.
1994 5510 2236 5572 l’lorent.,
2270 5512 2448 5575 capitis
2483 5512 2510 5561 ι
2546 5519 2669 5563 sect.
2699 5514 2747 5563 5.
