3918 6452
252 385 361 454 1081

1140 384 1239 446 DE
1269 384 1623 449 CCRPORE
1660 388 1758 450 ET
1787 386 2187 450 SANGUINE
2228 388 2569 457 CHRISTI.

3348 384 3486 453 υνδε
3578 340 3581 341 ί

249 522 346 568 σας.
371 502 567 558 ἔδωκεν
590 503 772 567 αὐτοῖς
801 502 977 573 λέγων
1005 518 1018 534 ⁸
1056 504 1227 559 Hiera
1249 504 1318 569 ἐξ
1345 505 1530 560 αὐτοῦ
1552 504 1795 571 πάντες*
1823 556 1826 566 λ

1931 521 1989 569 ει
2019 520 2039 559 :
2081 507 2165 559 hic
2206 515 2285 560 est
2309 508 2529 578 sanguis
2551 522 2719 573 meus,
2759 503 2851 577 qui
2874 519 2970 574 pro
2997 498 3176 557 multis
3204 501 3487 574 effunditur

247 596 398 652 τοῦτό
425 598 558 652 ἐστι
588 600 654 650 τὸ
686 591 830 667 αἷμά
868 614 989 666 μου
1016 597 1084 652 τὸ
1104 598 1238 667 περὶ
1275 599 1521 652 πολλῶν
1547 598 1800 668 ἐκχυνό-

245 706 406 758 μενον
428 689 516 753 εις
539 687 763 757 ἄφεσιν
783 686 1083 757 ἁμαρτιῶν
1100 705 1115 719 ο
1142 689 1319 743 τοῦτο
1346 684 1567 743 ποιεῖτε
1586 691 1672 754 εις
1689 690 1802 756 τὴν

249 780 378 850 ἐμὴν
405 779 773 849 ἀνάμνησιν.
817 782 1174 852 Μεμνημένοι
1220 782 1404 834 τοίνυν
1461 782 1555 834 τοῦ
1595 781 1804 844 πάθους

249 873 388 927 αὐτοῦ
416 873 511 925 καὶ
538 871 633 926 τοῦ
670 872 927 937 θανάτου,
952 874 1048 926 καὶ
1069 874 1167 944 τῆς
1196 873 1550 938 ἀναστάσεως
1576 875 1672 928 καὶ
1703 873 1804 943 τῆς

247 966 313 1028 είς
341 965 593 1035 οὐρανοὺς
647 966 929 1031 ἐπανόδου,
985 966 1081 1019 καὶ
1132 967 1232 1036 τῆς
1288 966 1588 1037 μελλούσης
1634 966 1803 1021 αὑτοῦ

249 1057 482 1128 δευτέρας
505 1058 912 1129 παρουσίαῆὲν
941 1051 974 1131 ᾖ
1006 1057 1227 1128 ἔρχεται
1258 1061 1437 1127 κρῖναι
1473 1060 1683 1123 ζῶντας
1714 1059 1807 1114 καὶ

247 1149 451 1218 νεκροὺς
479 1150 574 1203 καὶ
605 1150 900 1204 ἀποδοῦναι
928 1151 1145 1221 ἑκάστῳ
1174 1152 1318 1205 κατὰ
1348 1152 1416 1204 τὰ
1444 1150 1585 1221 ἔργα
1614 1150 1803 1217 αὑτοῦ,

244 1240 607 1309 προςφέρομέν
649 1258 730 1293 σοι
762 1240 839 1309 τῷ
881 1240 1095 1311 βασιλεῖ
1121 1242 1215 1295 καὶ
1245 1240 1363 1311 Θεῷ
1395 1242 1537 1296 κατά
1578 1242 1675 1311 τὴν
1709 1242 1809 1296 αὐ·-

243 1331 324 1384 τοῦ
344 1332 582 1399 διάταξιν
604 1333 696 1387 τὸν
725 1334 888 1403 ἀρτον
916 1333 1104 1388 τοῦτον
1137 1334 1312 1389 καὶτὸ
1339 1336 1599 1405 ποτήριον
1621 1335 1821 1415 τοῦτοη

242 1423 670 1493 εὐχαριστοῦντές
720 1442 802 1479 σοι
846 1424 915 1480 δι’
949 1425 1140 1491 αὑτοῦ,
1184 1425 1271 1495 ἐφ’
1321 1421 1402 1490 οἷς
1459 1428 1808 1498 κατηξίωσας

243 1517 371 1586 ἡμᾶς
399 1517 621 1571 ἱστάναι
671 1517 902 1572 ἐνώπιόν
945 1535 1039 1572 σου
1090 1517 1187 1571 καὶ
1218 1519 1524 1587 ἱερατεύειν
1555 1537 1639 1573 σοι
1666 1535 1681 1550 ο
1714 1520 1809 1574 καὶ

242 1608 487 1679 ἀξιοῦμέν
520 1628 578 1664 σε
612 1610 763 1673 ὅπως
808 1611 1054 1681 εὐμενῶς
1099 1612 1413 1681 smmi-sem
1445 1612 1540 1664 ἐπὶ
1567 1611 1636 1665 τὰ
1679 1629 1813 1682 προ-

244 1700 647 1772 κείμενα-δῶρα
698 1702 872 1755 ταῦτα
921 1702 1155 1756 ἐνώπιόν
1205 1720 1322 1766 σου,
1380 1703 1443 1756 σὺ
1482 1703 1510 1755 ό
1555 1690 1811 1771 ἀνενδεὴς

242 1793 375 1855 Θεὸς.
407 1794 504 1847 καὶ
535 1794 845 1863 εὐδοκήσοις
877 1793 963 1848 ἐπ’
994 1794 1182 1858 αὐτοῖς
1220 1796 1298 1857 είς
1336 1795 1503 1865 τιμὴν
1545 1793 1640 1847 τοῦ
1680 1795 1813 1864 Χρι-

1912 599 1967 651 in
1991 596 2352 653 remissionem
2375 608 2747 667 peccatorum;
2767 599 2861 651 hoc
2889 597 3047 665 facite
3078 597 3131 650 in
3160 612 3329 649 meam
3351 610 3485 648 com-

1910 692 2371 747 memorationem.
2426 691 2697 746 Memores
2776 689 2943 759 igitur
2999 687 3271 759 passionis
3344 686 3485 754 ejus,

1908 783 2122 846 mortis,
2154 783 2598 846 resurrectionis,
2656 782 2867 838 reditus
2922 781 2975 835 in
3011 779 3203 840 caelos,
3233 786 3290 832 et
3321 776 3487 831 futuri

1906 872 2027 942 ejus
2062 875 2289 930 secundi
2314 875 2605 937 adventus,
2639 875 2693 928 in
2750 888 2859 942 quo
2911 872 3089 927 veniet
3144 869 3489 939 iudicaturus

1907 966 2060 1021 vivos
2078 977 2130 1020 et
2158 976 2423 1030 mortuos,
2478 966 2907 1035 redditurusque
2947 963 3151 1033 cuique
3185 960 3483 1016 secundum

1910 1073 2074 1127 opera
2107 1073 2226 1121 sua,
2254 1057 2533 1113 aﬂ‘erimus
2566 1058 2661 1112 tibi
2704 1056 2837 1124 Regi
2897 1071 2962 1111 ac
3010 1054 3141 1120 Deo,
3190 1052 3487 1109 secundum

1910 1151 2029 1220 ejus
2080 1150 2499 1215 institutionem,
2532 1163 2724 1216 panem
2762 1148 2929 1212 hunc,
2963 1156 3015 1201 et
3057 1147 3203 1200 hunc
3234 1143 3489 1206 calicem,

1909 1240 2113 1309 gratias
2146 1240 2239 1294 tibi
2278 1255 2372 1309 per
2414 1254 2537 1294 eum
2595 1247 2838 1308 agentes,
2897 1236 3043 1306 quod
3076 1233 3195 1291 nos'
3239 1233 3494 1304 dignatus

1913 1333 2082 1387 fueris
2118 1342 2298 1388 astare
2337 1347 2519 1386 coram
2574 1341 2648 1394 te,
2707 1340 2762 1385 et
2825 1331 2918 1384 tibi
2977 1328 3310 1384 sacriﬁcare.
3344 1324 3411 1379 Et
3444 1333 3496 1380 te

1911 1440 2190 1495 rogamus,
2228 1432 2286 1478 ut
2308 1422 2541 1492 propitio
2571 1437 2876 1491 serenoque
2902 1412 3053 1479 vultu
3088 1419 3351 1489 respicias
3405 1433 3497 1472 su-

1915 1535 2011 1588 pra
2039 1518 2152 1571 hwc
2183 1516 2463 1586 proposita
2502 1515 2640 1570 bona
2707 1529 2892 1571 coram
2931 1521 3003 1579 te,
3048 1520 3106 1567 tu
3150 1511 3242 1581 qui
3293 1511 3498 1566 nullius

1913 1609 2146 1678 indiges,
2189 1606 2334 1662 Deus
2365 1624 2378 1662 :
2413 1614 2465 1661 et
2489 1607 2582 1661 tibi
2605 1605 2985 1677 complacitum
3018 1605 3088 1659 sit
3117 1604 3171 1657 in
3201 1604 3278 1658 eis
3300 1601 3366 1656 ad
3398 1603 3499 1656 ho-

1916 1715 2103 1755 norem
2118 1699 2324 1755 Christi
2357 1699 2455 1763 tui,
2479 1707 2533 1754 et
2556 1700 2771 1757 mittere
2797 1698 3041 1767 digneris
3062 1704 3312 1752 sanctum
3345 1706 3499 1750 tuum

1917 1788 2180 1858 Spiritum
2210 1802 2376 1857 super
2429 1788 2534 1843 hoc
2593 1788 2946 1851 sacriﬁcium,
3012 1794 3206 1843 testem
3284 1784 3502 1856 passio-

244 1886 356 1940 στοῦ
382 1904 474 1940 σου
505 1888 598 1941 καὶ
624 1886 1008 1957 καταπέμψοις
1041 1888 1101 1940 τδ
1133 1888 1289 1956 ἀγιόν
1322 1876 1418 1942 σου
1452 1888 1678 1958 Πνεῦμα
1712 1889 1804 1941 ἐπὶ

1931 1896 2037 1937 lum
2096 1879 2306 1935 Domini
2331 1878 2483 1944 Jesu,
2546 1886 2605 1935 ut
2632 1878 2828 1934 elﬁciat
2857 1893 3053 1949 panem
3106 1879 3252 1933 hunc
3291 1892 3492 1947 corpus

241 1977 329 2046 τὴν
365 1977 556 2030 θυσίαν
593 1978 819 2047 ταύτην,
849 1978 940 2031 τὸν
980 1979 1235 2059 μάρτυρα
1266 1978 1344 2048 τῷ
1375 1979 1663 2049 παθήματι
1702 1977 1798 2031 τοῦ

1910 1971 2112 2029 Christi
2133 1970 2209 2025 tui
2230 1990 2244 2025 :
2265 1971 2559 2026 etcalicem
2588 1972 2732 2026 hunc
2753 1972 3071 2040 sanguinem
3100 1969 3303 2026 Christi
3363 1970 3495 2051 tui.»

241 2072 432 2139 Κυρίου
463 2070 660 2142 Ἰησοῦ,
706 2072 853 2133 ὅπως
903 2072 1171 2141 ἀποφήνοι
1205 2057 1296 2125 τὸν
1340 2072 1505 2142 ἄρτον
1549 2068 1742 2125 τοῦτον
1774 2070 1934 2139 σῶμα
1968 2064 2062 2120 τοῦ
2098 2063 2338 2135 Χριστοῦ
2377 2080 2490 2131 σου,
2531 2063 2623 2116 καὶ
2654 2063 2714 2117 τὸ
2748 2064 3009 2132 ποτήριον
3042 2061 3204 2116 τοῦτο
3234 2057 3378 2130 αἷμα
3407 2058 3503 2115 τοῦ

242 2161 465 2228 Χριστοῦ
509 2179 602 2215 σου
630 2200 645 2215 .
675 2179 694 2213 r

306 2253 484 2309 Ταῦτα
503 2255 598 2324 μὲν
614 2254 663 2307 οἱ
684 2254 815 2307 θεῖοι
832 2254 1215 2308 ἀπόστολοιδιά
1237 2256 1335 2324 τῆς
1367 2252 1693 2324 συγγραφῆς
1721 2270 1815 2306 του

246 2345 505 2416 μακαρίου
523 2345 833 2415 Κλήμεντος
855 2347 918 2416 τῇ
947 2346 1245 2416 Ἐκκλησία
1269 2346 1736 2415 παραδεδώκασιν.
1755 2342 1817 2398 ’0

242 2436 294 2490 δέ
310 2453 365 2503 γε
382 2436 518 2499 θεῖος
533 2436 787 2500 Ἰάκωϐος
803 2442 828 2491 ό
843 2438 940 2507 τῆς
952 2439 1217 2509 ἰεροσολύ
1227 2455 1344 2508 μων
1370 2438 1581 2507 πρῶτος
1597 2438 1818 2490 ἐπίσκο-

244 2543 336 2589 πος
362 2527 570 2580 καὶτοῦ
604 2530 817 2597 πρώτου
849 2528 942 2581 καὶ
984 2529 1218 2598 μεγάλου
1263 2509 1822 2599 ἀρχιερέωςάδελφδς

246 2616 372 2683 ὁμοῦ
393 2615 755 2686 καὶδιάὀοχος,
779 2618 875 2670 καὶ
892 2619 1051 2682 αὐτὸς
1187 2619 1453 2688 μυστικὴν
1476 2619 1822 2686 ἐκτιθέμενος

247 2704 600 2774 λειτουργίαν,
616 2708 676 2758 ἐν
694 2707 768 2776 τῷ
790 2708 938 2777 αὐτῷ
960 2709 1114 2777 μέρει
1142 2709 1279 2779 μετά
1294 2710 1354 2761 τὸ
1370 2708 1735 2779 διηγήσασθαι
1752 2707 1823 2760 τὰ

251 2797 552 2851 Δεσποτικά
574 2799 795 2867 ῥήματα
822 2801 997 2853 τοιάδε
1031 2800 1232 2869 γράφει
1250 2817 1265 2834 -
1292 2819 1310 2852 ι
1346 2801 1542 2869 Μεμνη
1553 2799 1702 2869 μένοι
1730 2792 1824 2853 οῦν

251 2888 341 2941 καὶ
369 2890 526 2958 ἡμεῖς
561 2890 611 2942 ei
638 2890 959 2962 ἁμαρτωλοὶ
1001 2891 1109 2944 τῶν
1137 2891 1421 2956 ζωοποιῶν
1449 2890 1614 2944 αὑτοῦ
1650 2889 1827 2961 παθη-

253 2980 457 3050 μάτων,
495 2979 588 3035 τοῦ
616 2979 885 3050 σωτηρίου
918 2983 1178 3053 σταυροῦ,
1206 2984 1301 3036 καὶ
1324 2983 1420 3037 τοῦ
1446 2984 1703 3047 θανάτου,
1729 2981 1826 3036 καὶ

248 3073 345 3142 τῆς
373 3071 570 3141 ταφῆς,
601 3073 695 3126 καὶ
734 3074 833 3142 τῆς
866 3074 1168 3144 τριημὲρου
1214 3076 1279 3128 ὲκ
1327 3075 1538 3145 νεκρῶν
1586 3075 1827 3129 ἀναστά-

1988 2244 2111 2303 Haec
2139 2247 2355 2317 quidem
2391 2224 2513 2301 divi
2559 2245 2797 2313 apostoli
2854 2261 2949 2312 per
2985 2224 3143 2299 beati.
3195 2244 3497 2301 Clementis

1918 2340 2274 2408 scriptionem
2305 2337 2559 2392 Ecclesia:
2596 2335 2968 2413 tradiderunt.
2994 2335 3159 2391 Divus
3188 2352 3318 2390 vero
3348 2335 3512 2392 Jaco-

1918 2431 2020 2487 bus
2045 2431 2550 2501 Hierosolymorum
2581 2430 2792 2499 primus
2848 2428 3158 2498 episcOpus,
3217 2442 3281 2482 ac
3345 2429 3509 2497 primi

1919 2523 2210 2593 magnique
2241 2523 2513 2592 pontiﬁcis
2546 2522 2714 2577 frater
2745 2520 2908 2574 simul
2931 2528 2984 2574 et
3012 2533 3326 2587 successor,
3392 2521 3509 2590 ipse

1920 2630 2140 2684 quoque
2197 2615 2485 2685 mysticam
2529 2626 2808 2683 exponens
2853 2612 3155 2682 Liturgiam
3217 2611 3271 2667 in
3320 2613 3509 2667 eadem

1921 2715 2097 2773 parte,
2127 2714 2248 2773 post
2278 2706 2658 2761 recitationem
2722 2704 3138 2759 Dominicorum
3197 2703 3510 2765 verborum,

1925 2798 2040 2852 haec
2074 2798 2263 2853 scribit
2296 2814 2312 2852 :
2357 2816 2374 2849 ‹
2408 2797 2679 2852 Memores
2732 2797 2900 2866 igitur
2945 2804 2999 2850 et
3060 2810 3161 2851 nos
3190 2806 3511 2865 peccatores

1929 2890 2250 2961 passionum
2318 2884 2443 2960 ejus
2492 2889 2855 2953 viviﬁcarum,
2908 2887 3093 2943 crucis
3141 2887 3397 2943 salutaris
3450 2901 3514 2941 ac

1931 2986 2145 3052 mortis,
2200 2986 2434 3055 sepulcri
2473 2999 2537 3039 ac
2594 2983 3014 3040 resurrectionis
3044 2998 3074 3037 a
3104 2983 3334 3038 mortuis
3357 2982 3514 3036 tertio

1932 3078 2040 3143 die,
2067 3078 2405 3134 ascensionis
2463 3078 2515 3131 in
2555 3077 2743 3139 rmlos,
2793 3085 2847 3130 et
2885 3076 3217 3131 assessionis
3278 3074 3397 3144 ejus
3443 3073 3514 3129 ad

252 3181 406 3231 σεως,
423 3153 528 3219 ’καὶ
555 3166 653 3235 τῆς
682 3165 763 3228 είς
784 3166 1048 3237 οὐρανοὺς
1072 3167 1281 3230 ἀνόδου,
1307 3169 1401 3221 καὶ
1424 3168 1523 3237 τῆς
1551 3171 1616 3221 ἐκ
1640 3167 1826 3233 δεξιῶν

1935 3170 2214 3225 dexteram
2243 3178 2386 3225 tuam
2425 3169 2517 3224 Dei
2549 3178 2604 3225 et
2633 3168 2832 3234 Patris,
2873 3178 2926 3223 et
2957 3169 3178 3224 secundi
3204 3167 3427 3245 gloriosi
3462 3173 3515 3220 et

252 3275 346 3311 σου
377 3255 469 3310 τοῦ
499 3257 635 3310 Θεοῦ
660 3256 754 3311 καὶ
779 3258 989 3327 [ἰατρὸς
1023 3258 1421 3329 καθέδρας,καὶ
1445 3259 1545 3328 τῆς
1568 3259 1826 3327 δευτέρας

250 3349 459 3415 ἐνδόξου
503 3350 595 3402 καὶ
652 3344 890 3419 φοϐερᾶς
932 3350 1097 3404 αὑτοῦ
1144 3351 1480 3419 παρουσίας,
1520 3352 1649 3404 ὅταν
1700 3351 1829 3425 ἔλθῃ

255 3440 395 3512 μετὰ
437 3440 597 3509 δόξης
632 3442 813 3509 κρῖναι
851 3438 1059 3501 ζῶντας
1089 3440 1181 3490 καὶ
1211 3441 1463 3508 νεκροὺς.
1496 3439 1621 3490 ὅταν
1658 3436 1830 3509 μέλλῃ

251 3531 564 3585 ἀποδιδόναι
614 3530 830 3598 ἑκάστῳ
883 3532 1025 3583 κατά
1055 3529 1124 3581 τὰ
1166 3528 1303 3597 ἔργα
1344 3527 1535 3589 αὐτοῦ,
1587 3527 1830 3597 προσφέ-

258 3624 425 3693 ρομέν
458 3640 561 3685 σοι,
596 3623 867 3686 Δέσποτα,
898 3622 998 3691 τὴν
1026 3621 1262 3692 φοϐερὰν
1296 3619 1502 3690 ταύτην
1534 3621 1628 3673 καὶ⁹
1673 3602 1830 3674 ἀναί-

256 3726 464 3779 μακτον
506 3710 719 3763 θυσίαν.
749 3727 768 3760 ι
803 3710 911 3761 Καὶ
942 3709 1060 3778 μετ’
1090 3709 1247 3777 ὀλίγα
1271 3726 1286 3741 ο
1329 3727 1347 3760 ι
1380 3710 1631 3780 Ἐλέησον
1661 3711 1826 3778 ἡμᾶς,

252 3803 282 3855 ὁ
308 3801 463 3865 Θεὸς,
493 3802 716 3855 κατὰτὸ
754 3801 899 3871 μέγα
948 3801 1095 3865 ἔλεός
1144 3818 1259 3864 σου,
1310 3804 1405 3854 καὶ
1450 3802 1832 3865 ὲξαπόστειλον

253 3893 342 3964 ιφ*
377 3896 529 3964 ἡμᾶς
581 3894 675 3946 καὶ
717 3894 811 3946 ἐπὶ
847 3894 915 3945 τὰ
951 3893 1285 3964 προκείμενα
1325 3892 1455 3962 ἅγια
1483 3892 1639 3965 δῶρα
1656 3895 1832 3947 ταῦτα

254 3986 315 4043 τὸ
376 3988 602 4055 Πνεῦμά
661 4003 758 4040 σου
807 3985 868 4038 τὸ
920 3987 1201 4052 πανάγιον,
1240 3986 1299 4039 τὸ
1328 3985 1516 4053 κύριον
1562 3986 1661 4039 καὶ
1699 3985 1834 4051 ζωο-

254 4081 435 4147 ποιδν,
469 4080 529 4133 τὸ
559 4077 850 4148 σύνθρονόν
884 4095 964 4131 σοι
994 4077 1071 4147 τῷ
1100 4076 1217 4147 Θεῷ
1263 4078 1352 4130 καὶ
1402 4077 1579 4146 Πατρὶ
1619 4077 1713 4131 καὶ
1755 4076 1833 4147 τῷ

260 4173 546 4244 μονογενεϊ
570 4188 662 4225 σου
690 4169 826 4240 Υίῷ,
861 4169 921 4222 τὸ
949 4168 1363 4238 συμϐασιλεῦον,
1390 4167 1453 4220 τὸ
1472 4167 1758 4237 ὁμοούσιόν
1775 4184 1835 4220 τε

254 4265 355 4318 καὶ
386 4262 672 4326 συναῖδιον,
699 4261 760 4314 τὸ
807 4261 1048 4329 λαλῆσαν
1068 4271 1079 4281 ’
1098 4263 1157 4312 ὲν
1195 4262 1343 4328 νόμῳ
1385 4260 1479 4311 καὶ
1507 4262 1833 4330 προφήταις,

254 4354 356 4407 καὶ
387 4353 641 4422 τῇκαινῇ
663 4368 755 4403 σου
788 4348 1053 4420 Διαθήκῃ,
1090 4350 1150 4401 τὸ
1178 4349 1419 4402 καταϐὰν
1449 4350 1506 4400 ὲν
1528 4349 1657 4401 εἴδει
1678 4365 1835 4419 περι-

255 4446 463 4515 στερᾶς
496 4444 591 4496 ἐπὶ
614 4443 702 4504 τὸν
735 4440 936 4511 Κύριον
972 4440 1128 4511 ἡμῶν
1164 4439 1372 4510 Ἰησοῦν
1412 4440 1649 4510 Χριστὸν
1679 4440 1738 4493 ὲν
1758 4440 1836 4509 τῷ

1941 3259 2207 3315 tremendi
2236 3259 2355 3329 ejus
2378 3260 2667 3322 adventus,
2735 3275 2859 3314 cum
2919 3260 3101 3315 veniet
3164 3275 3288 3315 cum
3344 3259 3521 3331 gloria

1933 3350 1997 3405 ad
2030 3350 2389 3420 jndicandum
2422 3351 2573 3411 vivos
2602 3359 2655 3405 et
2687 3360 2956 3418 mortuos,
3020 3368 3143 3405 cum
3175 3353 3361 3406 reddet
3396 3352 3515 3405 nni-

1931 3443 2131 3512 cuiqne
2162 3442 2464 3497 secundum
2491 3458 2658 3512 opera
2687 3442 2830 3512 ejus,
2854 3443 3135 3498 oﬂ‘erimus
3181 3444 3301 3505 tibi,
3339 3443 3515 3497 Domi-

1934 3550 2027 3599 ne,
2054 3536 2153 3589 hoc
2183 3534 2514 3591 sacriﬁcium
2544 3535 2844 3589 verendum
2880 3536 3327 3590 etincruentum.
3364 3554 3382 3586 ι
3451 3535 3517 3591 Et

1933 3636 2055 3697 post
2091 3642 2261 3696 pauca
2325 3643 2339 3681 :
2411 3646 2430 3679 ‹
2460 3626 2719 3703 Miserere
2786 3628 2982 3692 nostri,
3025 3627 3189 3690 Deus,
3220 3629 3517 3682 secundum

1933 3733 2184 3786 magnam
2212 3719 2646 3774 misericordiam
2669 3728 2842 3781 tuam,
2872 3728 2925 3773 et
2957 3719 3180 3773 demitte
3204 3735 3369 3788 super
3397 3735 3518 3788 nos,

1933 3815 1995 3861 et
2019 3823 2183 3877 super
2206 3811 2322 3865 haec
2351 3821 2538 3865 sancta
2563 3812 2703 3865 dona
2740 3812 3023 3881 proposita
3056 3810 3319 3878 Spiritum
3363 3820 3517 3866 tuum

1934 3899 2339 3954 sanctissimum
2395 3900 2687 3956 Dominum
2739 3902 3029 3965 vivilicum,
3069 3917 3173 3955 una
3199 3910 3374 3957 tecum
3410 3902 3518 3957 Duo

1934 3988 2096 4045 Patre
2129 4002 2182 4046 et
2212 3994 2491 4061 unigenito
2521 3992 2661 4047 Filio
2697 4003 2790 4046 tuo
2824 3994 3180 4058 assidentem,
3229 3994 3396 4048 simul
3425 4011 3517 4049 re-

1936 4097 2233 4158 gnantem,
2295 4088 2831 4143 consubstantialem
2896 4097 2951 4142 et
3009 4098 3363 4153 coaeternum,
3423 4088 3516 4159 qui

1937 4179 2147 4234 locutus
2179 4188 2262 4234 est
2293 4179 2344 4232 in
2380 4179 2495 4250 lege
2541 4187 2596 4234 et
2652 4180 2931 4248 prophetis
2986 4194 2999 4231 :
3036 4189 3090 4234 et
3143 4180 3192 4232 in
3237 4196 3378 4235 novo
3426 4189 3519 4235 tuo

1938 4267 2305 4334 Testamento,
2340 4270 2432 4338 qui
2452 4268 2736 4323 descendit
2763 4270 2816 4323 in
2850 4270 3033 4338 specie
3065 4268 3328 4324 columba:
3355 4284 3518 4339 super

1940 4357 2225 4414 Doiuinum
2278 4368 2525 4415 nostrum
2574 4360 2763 4415 Jesum
2834 4361 3113 4415 Christum
3181 4363 3234 4414 in
3283 4359 3520 4416 Jordaue

1941 4450 2126 4516 ﬂuvio,
2160 4459 2213 4505 et
2238 4453 2435 4506 mansit
2455 4468 2622 4522 super
2663 4468 2785 4507 eum
2827 4470 2840 4506 :
2874 4457 2967 4522 qui
3023 4453 3307 4508 descendit
3361 4469 3520 4522 super

268 4535 520 4608 Ἰορδάνῃ
547 4533 773 4603 ποταμῷ
808 4533 901 4586 καὶ
935 4534 1125 4601 μεῖναν
1159 4531 1244 4584 ἐπ’
1273 4531 1455 4597 αὑτὸν,
1498 4532 1559 4585 τὸ
1592 4531 1826 4585 καταϐὰν

1943 4553 2162 4600 sanctos
2197 4545 2474 4611 apostolos
2500 4555 2624 4601 tuos
2654 4547 2708 4599 in
2747 4546 2926 4615 specie
2979 4547 3258 4615 igncarum
3310 4546 3515 4616 lingua-

253 4630 356 4682 ἀπὶ
390 4630 514 4689 τοὺς
557 4626 746 4695 ἁγίους
797 4642 891 4677 σου
939 4623 1271 4688 ἀποστόλους
1308 4624 1365 4677 ὲν
1409 4624 1538 4677 εῖδει
1598 4624 1840 4691 πυρίνων

251 4719 528 4789 γλωσσῶν
559 4719 619 4772 ὲν
648 4717 724 4787 τῷ
750 4718 984 4787 ὑπερῴῳ
1014 4718 1109 4785 τῆς
1143 4717 1301 4784 ἁγίας
1330 4717 1424 4769 καὶ
1463 4716 1671 4781 ἐνδόξου
1705 4716 1843 4771 Σιὼν

252 4814 319 4866 ὲν
377 4813 443 4881 τῇ
494 4810 679 4881 ἡμέρᾳ.
731 4810 830 4877 τῆς
888 4809 1051 4879 ἁγίας
1101 4810 1523 4879 Πεντηκοστῆς·
1584 4810 1715 4863 αὐτὸ
1782 4810 1843 4862 τὸ

252 4903 495 4973 Πνεῦμά
521 4918 612 4954 σου
637 4901 697 4955 τὸ
727 4902 993 4968 πανάγιον
1018 4901 1406 4971 κατάπεμψον,
1441 4903 1716 4965 Δέσποτα,
1756 4902 1844 4970 ἐφ’

250 4998 438 5065 ἡμᾶς,
468 4996 562 5048 καὶ
591 4994 682 5047 ἐπὶ
722 4992 792 5046 τὰ
825 4993 1164 5063 προκείμενα
1192 4993 1324 5060 ἀγια
1357 4993 1505 5063 δῶρα
1536 4993 1728 5059 ταῦτα,
1759 4994 1845 5047 ἶνα

251 5088 632 5155 ὲπιφοιτῆσαν
685 5087 749 5156 τῇ
794 5084 927 5156 ἀγίᾳ
971 5087 1067 5139 καὶ
1094 5084 1275 5155 ἀγαθῇ
1322 5086 1417 5138 καὶ
1451 5086 1645 5155 ἐνδόξῳ
1678 5084 1845 5139 αὐτοῦ

253 5178 566 5248 παρουσίᾳ,
599 5174 826 5246 ἀγιάσῃ.
861 5175 954 5225 καὶ
992 5174 1194 5244 ποιήσῃ
1241 5175 1333 5225 τὸν
1372 5173 1472 5241 μὲν
1526 5173 1692 5241 ἄρτον
1723 5174 1849 5226 τοῦ,

249 5287 363 5323 τον
412 5267 573 5337 σῶμα
604 5265 757 5335 ἀγιον
794 5263 890 5319 τοῦ
924 5263 1162 5331 Χριστοῦ
1197 5280 1313 5327 σου,
1343 5266 1433 5317 καὶ
1478 5265 1539 5316 τὸ
1587 5266 1849 5335 ποτήριον

250 5360 433 5415 τοῦτο
461 5354 598 5429 αἷμα
628 5357 807 5425 τίμιον
851 5355 942 5409 τοῦ
967 5354 1201 5425 Χριστοῦ
1241 5372 1353 5408 σου.
1396 5373 1414 5407 ι

338 5453 387 5504 Τ
390 5452 569 5513 ούτοις
584 5448 998 5511 ἀκολουθοῦντες
1022 5447 1113 5500 καὶ
1139 5446 1188 5498 oi
1214 5447 1351 5515 μετά
1377 5448 1544 5501 ταῦτα⁸
1567 5448 1661 5516 τὴν
1678 5448 1850 5519 αὐτὴν

250 5540 614 5611 λειτουργίαν
656 5539 1027 5608 ὲπιτεμόντες,
1053 5539 1080 5591 δ
1114 5554 1170 5591 τε
1206 5538 1374 5607 μέγας
1421 5539 1718 5604 Βασίλειος,
1757 5541 1852 5593 καὶ

255 5634 396 5706 μετ’
425 5633 632 5688 αὑτὸνό
661 5632 1042 5703 Χρυσόστομος
1058 5632 1329 5700 Ἰωάννης,
1356 5634 1382 5684 ὁ
1418 5632 1515 5701 μὲν
1546 5636 1671 5701 περὶ
1698 5633 1852 5687 τοῦτο

252 5725 326 5774 τὸ
356 5727 523 5793 μέρος
538 5724 845 5792 γενόμενος,
865 5723 959 5775 καὶ
974 5722 1133 5786 αὐτὸς
1149 5722 1335 5790 διηγοῦ
1345 5739 1500 5791 μενος
1518 5722 1615 5791 τὴν
1627 5722 1853 5794 πρώτην

253 5815 496 5885 ἐκείνην
520 5814 830 5885 ἱερουργίαν
855 5814 956 5867 ὑπο
978 5813 1069 5867 τοῦ
1090 5814 1354 5867 Δεσπότον
1380 5813 1846 5886 παραδεδομένην,

1944 4651 2088 4699 rum,
2140 4635 2194 4689 in
2246 4636 2531 4691 caenaculo
2563 4646 2767 4691 sanctae
2794 4647 2849 4689 et
2885 4636 3140 4704 gloriosae
3169 4634 3321 4697 Sion,
3355 4636 3407 4688 in
3438 4636 3522 4691 dic

1945 4737 2145 4782 sancta:
2175 4726 2527 4783 Pentecostes
2556 4744 2570 4783 :
2603 4728 2780 4797 ipsum
2816 4726 3081 4795 Spiritum
3114 4736 3261 4780 tuum
3292 4728 3520 4781 sanctis-

1946 4818 2143 4873 simum
2171 4818 2395 4873 demitte
2430 4833 2576 4871 nunc
2606 4832 2840 4885 quoque,
2868 4815 3114 4882 Domine,
3146 4817 3200 4870 in
3229 4832 3350 4883 nos,
3382 4826 3435 4871 et
3466 4817 3520 4872 in
3610 4826 3619 4833 ‘

1947 4910 2060 4965 haec
2092 4912 2233 4965 dona
2285 4919 2476 4964 sancta
2508 4909 2808 4977 preposita,
2845 4919 2901 4962 ut
2935 4911 3360 4977 superveniens,
3397 4925 3520 4965 san-

1948 5012 2031 5056 cta
2085 5010 2140 5055 et
2168 5001 2307 5055 bona
2342 5010 2398 5054 et
2446 5000 2682 5070 gloriosa
2741 5010 2830 5054 tua
2884 5000 3170 5069 praesentia
3224 4994 3521 5057 sanctiﬁch

1947 5102 2001 5148 et
2061 5092 2257 5146 ciliciat
2307 5093 2452 5145 hunc
2512 5106 2702 5160 panem
2763 5105 2963 5160 corpus
3031 5101 3280 5147 sanctum
3319 5088 3522 5146 Christi

1951 5180 2051 5247 tui,
2086 5188 2140 5236 et
2182 5180 2405 5236 calicem
2436 5180 2582 5235 hunc
2644 5182 2939 5251 pretiosum
2990 5181 3315 5253 sanguinem
3367 5179 3521 5237 Chri-

1952 5272 2021 5327 sti
2056 5273 2156 5327 lui.
2185 5292 2203 5325 ι

2023 5452 2118 5507 His
2170 5462 2567 5522 consequentes
2614 5455 2779 5523 οιηοί
2814 5460 3000 5523 postea
3027 5452 3323 5521 Liturgiam
3348 5453 3525 5522 ipsam

1953 5546 2311 5599 concisiorem
2362 5544 2671 5612 ediderunt,
2728 5554 2841 5599 tum
2873 5560 3104 5616 magnus
3149 5545 3236 5599 ille
3264 5543 3522 5609 Basilius,

1955 5645 2066 5691 tum
2091 5647 2211 5708 post
2234 5652 2355 5691 eum
2387 5636 2628 5692 Joannes
2658 5638 3092 5709 Chrysostomus
3135 5655 3151 5694 :
3186 5639 3273 5692 ille
3297 5636 3521 5707 quidem

1953 5730 2189 5783 all-hanc
2216 5736 2421 5797 partem
2445 5744 2569 5783 cum
2587 5730 2838 5800 accessit,
2866 5729 2980 5798 ipse
3005 5746 3245 5800 quoque,
3286 5728 3520 5784 rccitans

1958 5821 2184 5889 primani
2217 5821 2360 5875 illam
2393 5823 2852 5889 consecrationem
2882 5838 2909 5877 a
2958 5822 3185 5880 Domino
3234 5822 3516 5886 traditam,
