3918 6452
470 394 610 458 1087

1465 389 1518 450 Μ
1531 389 1707 452 ARCl
1748 389 2066 451 EPHESII
2105 390 2664 452 M‘ETROI‘OLITE

3544 382 3648 448 1088

473 517 595 557 rum
623 501 1026 566 remissionem,
1082 517 1150 556 an
1177 515 1304 556 vere
1336 501 1616 570 acceperis
1647 501 2042 555 dubitationem

2148 521 2320 560 νεται.
2349 505 2420 557 Ἢ
2452 503 2516 557 σύ
2549 521 2612 573 γε
2644 502 2804 573 τυχόν
2852 500 2915 554 ὲκ
2961 499 3172 562 τούτου,
3223 497 3313 550 καὶ
3336 497 3390 550 τὸ
3420 496 3649 565 git-resp:

478 595 721 662 aliquam
754 594 978 652 habeas.
1008 608 1131 661 quae
1161 593 1257 646 tibi
1286 592 1608 646 sacerdotali
1635 592 1804 658 gratia
1845 604 2044 645 conce-

475 687 622 740 ditur
643 685 667 738 τ
688 685 928 751 itemque
957 685 1062 738 alia
1087 685 1270 738 omnia
1311 682 1682 738 ecclesiastica
1721 682 2044 752 praescribas

475 777 734 848 mysteria
761 776 785 829 ‘.’
813 774 931 830 Non
959 777 1032 830 ita
1078 786 1161 831 est
1185 775 1449 846 profecto,
1482 791 1587 829 non
1620 775 1691 829 ita
1720 784 1804 828 est
1829 790 1843 840 ;
1873 773 2044 827 fidelis

471 870 616 922 enim
659 869 750 937 qui
799 870 1048 938 promisit
1102 885 1161 924 se
1217 869 1505 923 nobiscum
1556 868 1811 921 omnibus
1854 865 2044 921 diebus

474 959 739 1024 futurum,
771 974 946 1027 usque
973 960 1039 1014 ad
1065 960 1590 1014 consummationem
1634 955 1843 1013 saeculi.
1868 959 2046 1027 Atque

473 1067 574 1106 nos
598 1052 817 1118 quidem
845 1053 958 1106 haec
995 1068 1024 1105 a
1049 1053 1258 1106 sanctis
1309 1051 1570 1120 apostolis
1598 1059 1652 1105 et
1693 1065 1886 1105 eorum
1913 1065 2045 1104 suc-

472 1144 784 1199 cessoribus
809 1145 1139 1214 accepimus,
1177 1153 1232 1197 et
1258 1145 1329 1198 ita
1355 1145 1674 1209 retinemus,
1705 1150 1762 1196 nt
1781 1158 1808 1196 a
1829 1147 2046 1197 senten-

473 1235 545 1287 tia
578 1235 680 1288 bac
705 1235 976 1289 dimoveri
1031 1250 1388 1302 nequeamus,
1454 1243 1504 1288 et
1554 1235 1818 1288 rationem
1850 1249 2042 1288 eorum

473 1326 775 1383 reddimus.
811 1346 830 1379 ι
863 1327 1020 1392 Quod
1071 1337 1250 1381 autem
1276 1326 1490 1381 Domini
1534 1328 1598 1381 de
1625 1327 1899 1399 mysteriis
1929 1341 2047 1381 scr-

474 1432 586 1479 tuo,
614 1432 709 1486 per
746 1419 967 1473 modum
1005 1405 1340 1473 recitationis
1394 1418 1658 1488 prolatus,
1680 1417 1745 1471 ad
1771 1418 2044 1471 donorum

473 1509 960 1566 sanctiﬁcationem
993 1510 1243 1576 suciat,
1272 1526 1434 1565 nemo
1463 1510 1858 1579 apostolorum;
1886 1523 2047 1564 nemo

473 1601 760 1657 doctorum
795 1603 997 1658 dixisse
1013 1604 1276 1659 cernitur.
1306 1602 1501 1658 Verum
1538 1604 1683 1673 quod
1719 1603 1804 1657 ille
1826 1603 2044 1673 quidem

476 1691 642 1744 semel
667 1691 736 1746 ab
759 1692 852 1748 illo
875 1693 1086 1762 prolatu
1098 1709 1144 1756 ε,
1172 1695 1272 1748 hoc
1289 1694 1408 1762 ipso
1430 1695 1576 1764 quod
1595 1694 1663 1748 ab
1695 1693 1783 1746 illo
1805 1708 2046 1762 pronun-

477 1783 647 1839 tiatus
689 1792 796 1848 est,
827 1786 1050 1855 perinde
1082 1795 1245 1856 atque
1291 1786 1343 1840 in
1371 1801 1547 1841 rerum
1571 1785 1924 1840 fabricatione
1953 1787 2046 1839 ba-

2148 597 2574 663 ὑποπτεύσειας,
2628 597 2697 650 δι’
2744 596 2921 665 εὐχῶν
2985 591 3187 662 ὁμοίως
3230 589 3321 653 καὶ
3370 590 3652 658 laniﬁcam

2144 687 2542 755 τελειούμενον,
2597 688 2691 740 καὶ
2741 685 2840 756 τὴν
2889 684 3001 738 τῶν
3058 683 3336 752 ἁμαρτιῶν
3388 681 3571 749 ἄφεσιν,
3618 684 3653 734 εἰ

2145 780 2362 847 ἀληθῶς
2402 780 2585 845 ἐδέξω,
2621 777 2917 845 δισταγμόν
2951 793 3073 829 τινα
3107 773 3293 844 σχοέης
3318 772 3399 826 διὰ
3429 772 3513 840 τῆς
3540 775 3652 841 ἱερα-

2144 872 2306 940 τικῆς
2325 872 2545 943 χᾶριτος
2571 870 2947 940 ἐπιδιδομένην
2965 909 2980 934 ,
3008 868 3103 921 καὶ
3135 866 3302 921 τᾶλλα
3333 865 3477 919 πάνθ’
3497 867 3654 931 ὁμοίως

2146 962 2580 1029 ἱκκλησιαστικὰ
2634 960 2914 1031 μυστήρια
2977 957 3359 1027 διαγρὰψειας.
3419 955 3542 1008 Ἀλλ’
3582 957 3654 1009 οὐκ

2146 1054 2262 1107 ἔστι
2294 1053 2488 1118 ταῦτα,
2518 1054 2617 1106 οὐκ
2644 1052 2780 1106 ἐστι’
2819 1050 3010 1113 πιστός
3039 1049 3146 1118 γὰρ
3178 1050 3206 1102 6
3237 1046 3654 1116 ἐπαγγειλάμενος,

2149 1145 2270 1216 μεθ’
2299 1144 2458 1214 ἡμῶν
2510 1143 2731 1198 ἔσεσθαι
2781 1144 2878 1206 τὶς
2914 1142 3131 1212 ἡμέρας
3165 1140 3402 1202 ἁπάσας.
3445 1139 3552 1208 ἄχρι
3585 1138 3655 1205 τῆς

2147 1238 2459 1300 συντελείας
2489 1237 2582 1291 τοῦ
2610 1236 2823 1300 αἰῶνος.
2865 1235 3058 1302 Ἡμεῖς
3097 1233 3200 1302 μὲν
3222 1229 3314 1285 οὖν
3349 1231 3505 1284 ταῦτα
3543 1232 3654 1300 περὶ

2145 1330 2253 1383 τῶν
2295 1329 2465 1398 ἁγίων
2490 1329 2808 1383 ἀποστόλων
2830 1327 2920 1379 καὶ
2942 1325 3050 1378 τῶν
3075 1323 3317 1385 ἐκείνους
3348 1321 3653 1391 ἐκδεξαμένων

2148 1421 2574 1491 παραλαϐόντες,
2635 1422 2730 1476 καὶ
2778 1420 3086 1488 κατέχομεν
3134 1415 3553 1486 ἀμεταποιήτως,
3590 1415 3654 1465 καὶ

2145 1515 2238 1568 τόν
2271 1513 2598 1583 γιγνόμενον
2631 1511 2720 1564 ἐπ’
2752 1510 2938 1574 αὐτοῖς
2966 1508 3299 1575 ἀποδίδομεν
3344 1504 3506 1572 λόγον·
3535 1506 3597 1557 ὅτι
3618 1505 3654 1557 δὲ

2147 1607 2175 1660 6
2216 1605 2309 1658 τοῦ
2345 1605 2554 1674 Κυρίου
2589 1604 2717 1674 περὶ
2764 1603 2873 1656 τῶν
2921 1601 3242 1672 μυστηρίων
3274 1599 3444 1668 λόγος,
3479 1599 3529 1650 ἐν
3563 1598 3656 1650 εῖδει

2145 1698 2456 1768 διηγήσεως
2494 1695 2811 1765 λεγόμενος,
2847 1695 2984 1764 πρὸς
3015 1694 3291 1761 ἁγιασμόν
3324 1690 3496 1760 δώρων
3522 1691 3656 1759 ἀρκεῖ,

2147 1791 2320 1854 οὐδεὶς
2349 1788 2470 1843 οὐτε
2523 1788 2633 1841 τῶν
2685 1787 3025 1848 ἀποστόλων,
3067 1784 3192 1839 οὔτε
3237 1783 3348 1837 τῶν
3386 1783 3657 1835 διδασκάλων

475 1875 621 1931 bitus
657 1891 841 1932 sermo
864 1892 1080 1947 semper
1135 1888 1413 1948 operetur,
1467 1879 1570 1933 hoc
1621 1879 1696 1932 ait
1742 1893 1920 1932 aureae
1959 1877 2047 1932 ille

2149 1881 2316 1934 εἰπὼν
2345 1879 2611 1950 φαίνεται.
2632 1878 2774 1933 Ἀλλ’
2808 1878 2890 1931 ὅτι
2929 1877 3028 1947 μὲν
3078 1875 3232 1940 ἅπαξ
3266 1875 3358 1928 ὑπ’
3387 1874 3567 1928 ἐκείνου
3593 1875 3655 1944 ρη-

476 1965 674 2036 iingute
695 1966 953 2024 Joannes.
975 1970 1132 2036 Quod
1160 1986 1292 2025 vero
1321 1986 1464 2026 nunc
1499 1986 1529 2026 a
1559 1971 1842 2026 sacerdote
1869 1969 2044 2039 prola-

478 2068 586 2122 tus,
620 2060 724 2115 hoc
770 2061 888 2128 ipso
938 2061 1083 2131 quod
1137 2062 1204 2116 ab
1233 2077 1301 2117 eo
1353 2063 1585 2128 dicatur,
1647 2061 1754 2117 boc
1795 2060 1990 2128 possit,
2017 2076 2048 2114 a

479 2149 627 2204 nullo
653 2151 780 2205 licet
807 2153 1048 2208 ediscere
1074 2169 1091 2210 :
1153 2155 1592 2224 quandoquidem
1625 2169 1723 2209 nec
1753 2154 1868 2216 ipse
1894 2152 2050 2223 0ρίίί-

478 2241 559 2295 cis
597 2250 862 2310 operatur
886 2259 1088 2306 sermo,
1113 2244 1242 2312 quia
1273 2246 1326 2298 in
1358 2245 1608 2314 singulis,
1649 2261 1769 2315 qua:
1819 2245 1955 2298 iiunt
1981 2243 2050 2298 ab

475 2333 664 2402 aliquo
687 2334 907 2389 homine
943 2334 1210 2390 referatur
1243 2352 1258 2391 :
1293 2336 1386 2391 sed
1416 2338 1540 2405 quia
1567 2337 1735 2390 semel
1762 2346 1844 2391 est
1879 2351 1911 2390 a
1939 2335 2048 2390 Deo

476 2426 818 2481 enuntiatus.
869 2425 1014 2492 Quin
1079 2428 1244 2481 etiam
1296 2443 1396 2484 nec
1444 2428 1545 2498 ipsi
1595 2428 1815 2497 quidem
1867 2429 2052 2484 dicent

475 2517 694 2583 operari
725 2515 1067 2572 Dominicum
1093 2520 1341 2582 verbum,
1395 2535 1424 2574 a
1472 2521 1670 2590 quovis
1724 2521 2046 2590 simpliciter

475 2607 769 2677 prolatum,
800 2625 977 2679 neque
1007 2611 1212 2682 absque
1245 2612 1423 2667 altari.
1459 2613 1516 2667 Si
1572 2614 1734 2683 igitur
1765 2613 2050 2670 sacerdote

474 2709 560 2754 est
605 2717 742 2770 opus
789 2712 843 2758 et
904 2705 1085 2768 altari,
1144 2714 1200 2760 et
1240 2704 1361 2762 aliis
1411 2723 1533 2778 quae
1555 2707 1621 2761 ad
1674 2706 1724 2762 id
1753 2709 2046 2776 pertinent,

473 2792 663 2862 quidni
687 2804 743 2850 et
766 2795 1458 2865 preeibus,benedictione,
1499 2809 1554 2854 et
1582 2814 1674 2868 per
1697 2815 1814 2853 eam
1843 2798 2050 2853 adven-

474 2894 531 2939 tu
555 2888 728 2941 sancti
764 2886 1028 2958 Spiritus,
1060 2890 1155 2960 qui
1173 2891 1356 2944 omnia
1383 2891 1598 2961 perlicit
1626 2901 1680 2946 et
1699 2901 2070 2950 consummat

473 2981 730 3050 mysteria
749 2983 771 3035 τ
790 2983 1008 3045 Λιιὶιαεο,
1025 2998 1180 3038 sacer
1196 2984 1282 3039 ille
1307 2983 1597 3055 Dionysius
1616 2985 1924 3040 testimonio
1943 3002 2046 3042 suo

472 3088 522 3126 ιιι
546 3082 688 3127 stros
716 3074 851 3129 ritus
873 3077 1296 3132 confirmaturus
1327 3077 1568 3134 accedat.
1593 3077 1651 3132 in
1677 3077 1882 3133 tbeoria
1897 3078 2040 3133 enim

472 3167 718 3234 mysterii
754 3184 1022 3238 synaxeos
1052 3184 1066 3221 :
1097 3188 1120 3222 ι
1145 3165 1244 3223 Ubi
1287 3184 1467 3233 sacra.
1499 3171 1695 3241 inquit,
1729 3170 1825 3226 Dei
1875 3184 2040 3240 opera

2151 1972 2284 2036 θεὶς,
2319 1972 2466 2042 αὐτῷ
2500 1971 2574 2041 τῷ
2606 1972 2699 2025 ὐπ’
2741 1970 2952 2023 ἐκείνου
2987 1968 3245 2040 ῥηθῆναι,
3282 1967 3557 2038 καθάπερὸ
3591 1967 3657 2036 δη·

2153 2062 2470 2133 μιουργικδς
2513 2062 2685 2128 Λόγος
2725 2061 2807 2115 ἀεὶ
2842 2062 3075 2132 ἐνεργεῖ,
3124 2058 3288 2112 τοῦτό
3337 2075 3487 2128 φησιν
3531 2059 3554 2110 6
3590 2057 3657 2126 rip

2148 2156 2395 2224 γλῶτταν
2442 2153 2678 2225 χρυσοῦς
2741 2154 3018 2221 Ἰωάννης.
3071 2153 3198 2206 Ὀτι
3237 2151 3294 2206 δι
3335 2150 3425 2206 νῦν
3470 2151 3558 2204 ὑπὸ
3593 2150 3658 2202 τοῦ

2152 2246 2341 2317 ἱερέως
2371 2245 2690 2317 λεγόμενος,
2726 2246 2814 2301 διὰ
2848 2245 2909 2298 τδ
2954 2245 3048 2299 ὑπ’
3087 2242 3258 2300 αὐτοῦ
3285 2243 3521 2312 λέγεσθαι
3547 2241 3658 2294 τοῦτι

2149 2341 2395 2406 δύναται,
2431 2339 2734 2411 οὐδαμόθεν
2785 2338 2900 2392 ἔστι
2951 2338 3166 2408 μαθεῖν·
3211 2338 3334 2393 ἐπεὶ
3375 2337 3472 2390 οὐδ’
3499 2337 3660 2398 αὐτόςὰ

2149 2431 2544 2502 δημιουργικδς
2596 2429 2768 2500 Λόγος
2812 2423 3048 2501 ἐνεργεῖ,
3099 2432 3189 2484 ὅτι
3242 2429 3329 2499 ἐφ’
3359 2429 3550 2498 ἑκάστῳ
3584 2426 3661 2478 τῶν

2151 2523 2457 2593 γινομένων
2505 2523 2612 2576 ὐπό
2661 2539 2807 2583 τινος
2854 2522 3144 2591 ἀνθρώπου
3199 2522 3444 2591 λέγεται·
3476 2521 3661 2573 ἀλλ’ὅτι

2150 2618 2302 2670 ἐστὶν
2335 2617 2483 2683 ἅπαξ
2512 2617 2618 2671 ὑπὸ
2651 2617 2747 2670 τοῦ
2781 2615 2916 2670 θεοῦ
2950 2616 3294 2688 είρημένος.⁹
3319 2617 3421 2669 Καὶ
3454 2615 3546 2684 μὴν
3583 2611 3661 2665 οὐδ’

2149 2709 2304 2768 αὐτοὶ
2337 2714 2602 2782 φήσουσιν
2637 2713 2885 2782 ἔνεργεῖν
2915 2710 3010 2764 τὸν
3045 2709 3370 2764 δεσποτικὸν
3408 2709 3560 2777 λόγον,
3587 2705 3660 2759 ὗτὲ

2147 2805 2244 2859 τοῦ
2269 2804 2524 2876 τυχόντος
2553 2801 2741 2864 ἁπλῶς
2778 2801 3093 2871 λεγόμενος,
3119 2801 3236 2854 οὐδ’
3267 2801 3390 2854 ἄνευ
3423 2801 3659 2866 sustam;

2151 2899 2292 2971 ρίου.
2348 2897 2408 2950 El
2459 2895 2640 2949 τοίνυν
2677 2895 2870 2965 ἱερέως
2921 2893 3122 2948 δεῖκαὶ
3177 2893 3561 2964 θυσιαστηρίου,
3595 2891 3659 2942 καὶ

2149 2992 2258 3046 τῶν
2290 2990 2465 3044 ἄλλων
2499 2990 2602 3043 ὅσα
2635 2987 2769 3058 πρὸς
2796 2986 2956 3041 τοῦτο
2983 2986 3272 3053 συντείνει,
3317 2987 3401 3040 διὰ
3435 2985 3482 3038 τί
3512 2985 3572 3054 μὴ
3597 2982 3659 3035 καὶ

2147 3082 2323 3154 εὐχῶν
2367 3080 2586 3151 δεήσεις
2623 3079 2896 3149 εὐλογίας,
2929 3081 3024 3131 καὶ
3063 3078 3164 3147 τῆς
3190 3073 3281 3132 ’δι’
3315 3077 3470 3148 αὐτῆς
3501 3077 3659 3141 Extent.

2147 3178 2356 3248 τήσεως
2399 3175 2495 3229 τοῦ
2528 3173 2684 3243 ἁγίου
2737 3172 3094 3243 Πνεύματος,
3131 3171 3259 3242 ἥτις
3308 3173 3474 3226 πάντα
3516 3168 3659 3224 salerni

472 3257 753 3315 bierarcba
783 3262 1098 3326 celebravit,
1125 3264 1188 3317 ad
1226 3265 1689 3321 causecrationem
1720 3265 1962 3330 accedit;
1994 3274 2047 3318 et

2151 3267 2219 3322 τὰ
2261 3267 2572 3338 μυστήρια;
2624 3265 2769 3335 Πρὸς
2815 3263 3027 3328 τούτοις
3056 3264 3084 3316 6
3118 3263 3267 3334 ἱερὸς
3298 3263 3548 3324 Διονύσιος
3579 3263 3652 3314 ἑτι-

471 3349 620 3418 prius
641 3351 858 3420 quidem
881 3369 976 3420 pro
1008 3369 1068 3407 ea
1092 3356 1501 3408 esensationem
1529 3353 1683 3409 all‘ert
1701 3354 2044 3409 exclamans:

477 3460 496 3494 ε
521 3442 597 3495 Tu
619 3443 804 3498 dixisti
829 3461 842 3497 :
867 3443 980 3498 Hoc
1008 3447 1165 3513 facile
1192 3448 1244 3499 in
1271 3463 1438 3500 nteant
1465 3455 2010 3500 commemorationem
2025 3463 2046 3512 ;
2073 3433 2084 3442 ’

471 3535 596 3590 dein
620 3535 687 3590 nd
716 3536 1072 3592 imitationem
1095 3538 1186 3592 Dei
1215 3538 1530 3609 composita:
1563 3539 1728 3608 hujus
1759 3553 2046 3593 consecra-

473 3627 852 3698 tionisdignus
929 3628 1046 3682 ﬁeri
1109 3639 1362 3696 precatur
1416 3637 1472 3682 et
1519 3629 1584 3681 ad
1634 3626 2045 3684 similitudinem

472 3724 645 3792 ipsius
665 3721 868 3779 Christi
897 3723 1078 3776 divina
1124 3737 1406 3790 peragere.
1434 3730 1488 3777 et
1527 3723 1791 3793 impertiri
1820 3723 2048 3778 sanctis-

471 3817 608 3873 sime
633 3825 647 3871 ξ
680 3832 745 3871 ac
770 3831 925 3871 sacra
959 3824 1334 3886 percepturos,
1365 3826 1716 3871 sacrosancte
1746 3817 2044 3888 percipere.

473 3908 674 3963 Deinde
697 3909 778 3963 sic
810 3907 1149 3961 divinissiina
1175 3908 1385 3976 peragit
1434 3923 1612 3972 sacra,
1649 3917 1817 3978 atque
1872 3910 2046 3965 oculis
2087 3909 2092 3914 ’

470 4000 681 4069 objicit,
717 4013 839 4070 quae.
864 3999 1159 4054 celebravit
1191 4015 1285 4069 per
1339 4015 1493 4056 sacra
1559 4000 1857 4070 proposita.
1910 4000 2043 4056 Nam

474 4109 612 4162 pane
634 4093 725 4162 qui
756 4101 982 4162 opertus
1015 4104 1132 4147 erat
1165 4102 1220 4146 et
1249 4092 1538 4158 indivisus,
1577 4093 1846 4163 patefacto
1906 4103 1960 4149 et
1992 4097 2045 4150 in

472 4185 671 4239 multas
694 4194 874 4254 partes
902 4184 1213 4250 distributo,
1241 4186 1555 4256 unitateque
1580 4187 1767 4242 calicis
1795 4189 2048 4244 omnibus

469 4277 776 4346 dispertita,
841 4275 1157 4345 symbolice
1208 4277 1474 4333 unitatem
1509 4279 1830 4349 multiplicat
1879 4289 1934 4334 et
1964 4280 2048 4334 di-

470 4368 711 4424 stribuit.
749 4385 768 4420 ι
808 4366 876 4421 Et
909 4351 1029 4436 po’st
1062 4382 1232 4437 pauca
1267 4385 1280 4422 :
1317 4386 1335 4420 ι
1367 4368 1626 4439 Percepla
1659 4386 1721 4425 ac
1743 4372 1867 4426 data
1899 4387 2048 4427 com-

471 4459 732 4516 munione
763 4457 1047 4514 bierarcha
1088 4459 1144 4513 in
1197 4473 1410 4515 sacram
1445 4461 1744 4531 gratiarum
1777 4464 2045 4520 actionem

468 4554 690 4610 desinit.
723 4572 742 4607 ι

2155 3358 2528 3429 μαρτυρήσων
2578 3354 2795 3426 παρίτω
2821 3357 2935 3419 τοῖς
2973 3355 3107 3426 παρ’
3142 3355 3309 3427 ἡμῶν
3341 3353 3659 3422 τελουμένοις·

2150 3453 2208 3506 ιν
2235 3450 2343 3522 γὰρ
2369 3453 2433 3521 τῇ
2453 3449 2663 3522 θεωρίᾳ
2688 3448 2780 3504 τοῦ
2799 3450 2899 3520 τῆς
2924 3449 3199 3515 συνάξεως
3231 3447 3532 3520 μυστηρίου,
3560 3444 3660 3505 «τις

2151 3542 2326 3613 ἱερὰς,
2365 3544 2522 3612 φησὶ,
2555 3543 2842 3612 θεουργίας
2873 3545 2902 3596 6
2924 3542 3188 3614 ἱεράρχης
3216 3543 3472 3612 ὑμνήσας,
3498 3538 3571 3591 ἐπὶ
3592 3536 3660 3602 τὴν

2149 3635 2468 3705 ἱερουργίαν
2498 3635 2740 3706 ἔρχεται·
2767 3634 2865 3688 καὶ
2911 3634 3178 3706 πρότερον
3212 3634 3314 3704 μὲν
3345 3631 3473 3701 ὑπὲρ
3508 3629 3659 3694 ταύτης

2146 3726 2492 3794 ἀπολογεῖται
2524 3728 2618 3782 καὶ
2645 3726 2869 3798 ἀναϐοᾷ,
2919 3728 2990 3781 Σὺ
3034 3721 3217 3791 εἶπας,
3284 3725 3453 3780 Τοῦτο
3493 3720 3660 3774 ποιεῖτε

2149 3822 2237 3886 εις
2285 3820 2400 3889 τὴν
2441 3819 2597 3890 ἐμὴν
2643 3819 3030 3890 ἀνάμνησιν·
3071 3815 3194 3872 εἶτα
3245 3818 3343 3887 τῆς
3388 3813 3661 3883 θεομιμήτου

2148 3913 2356 3985 ταύτης
2381 3913 2693 3984 ἱερουργίας
2725 3913 2874 3979 ἄξιος
2897 3911 3041 3964 αἱτεῖ
3065 3909 3344 3979 γενέσθαι,
3379 3908 3463 3961 καὶ
3488 3908 3544 3975 τῇ
3563 3903 3661 3970 πρὸς

2149 4006 2385 4076 Χριστὸν
2425 4003 2766 4076 ἀφομοιώσει
2811 4003 2880 4058 τὰ
2908 4002 3026 4056 θεῖα
3053 4002 3346 4070 πανάγνως
3371 3999 3562 4053 τελέσαι
3597 3992 3660 4045 καὶ

2147 4097 2442 4163 διαδοῦναι,
2497 4097 2588 4150 καὶ
2643 4098 2769 4160 τοὺς
2805 4096 3134 4166 μεθέξοντας
3189 4089 3513 4165 ἱεροπρεπῶς
3543 4099 3660 4155 μετα-

2151 4191 2324 4260 σχεῖν.
2378 4183 2496 4244 Εἱθ’
2528 4187 2704 4251 οὕτως
2754 4187 3027 4258 ἱερουργεῖ
3073 4187 3143 4239 τὰ
3192 4185 3460 4248 θειότατα,
3499 4171 3660 4233 καὶὑιε

2147 4281 2271 4353 ὄψιν
2304 4283 2428 4351 ᾶγει
2451 4279 2522 4335 τὰ
2557 4281 2846 4351 ὐμνημένα
2873 4280 2962 4333 διὰ
2992 4279 3103 4332 τῶν
3137 4280 3180 4332 ἱε
3193 4278 3304 4349 ρῶς
3325 4271 3660 4348 προκειμένων·

2147 4379 2241 4432 τδν
2276 4378 2384 4448 γὰρ
2413 4377 2901 4445 ὶγκεκαλυμμίνον
2933 4381 3027 4428 καὶ
3055 4374 3364 4444 ἀδιαίρετον
3393 4370 3541 4442 ἄρτον
3569 4365 3659 4417 ἀνα·

2149 4469 2418 4540 καλύψας,
2453 4469 2532 4532 εἱς
2571 4468 2745 4522 πολλὰ
2776 4466 2992 4532 διελὼν,
3041 4466 3137 4519 καὶ
3167 4465 3228 4519 τὺ
3269 4466 3460 4520 ινιαῖον
3486 4458 3564 4514 τοῦ
3590 4472 3659 4509 πο-

2148 4564 2338 4634 τηρίου
2374 4564 2508 4615 πᾶσι
2535 4561 2939 4631 καταμερίσας,
2972 4557 3318 4630 συμϐολικῶς
3360 4557 3452 4627 τὴν
3480 4552 3656 4619 ἑνότητα

469 4648 731 4718 πληθύνει
761 4651 855 4704 καὶ
882 4651 1149 4723 διανέμειο
1175 4670 1194 4705 ι
1216 4651 1310 4706 καὶ
1342 4651 1463 4723 μετ’
1487 4652 1667 4723 ὀλίγα*
1691 4672 1711 4706 ι
1741 4653 2046 4727 Μετασχὼν
2081 4657 2138 4713 δὲ
2167 4660 2260 4714 καὶ
2300 4658 2566 4730 μεταδοὺς
2593 4660 2620 4712 6
2691 4656 2973 4728 ἱεράρχης,
3024 4656 3106 4719 εἱς
3151 4654 3490 4727 εὐχαριστίαν
3548 4646 3659 4716 ἱερὶν

469 4742 798 4814 καταλήγει.
839 4761 858 4796 ι

540 4837 666 4892 Haec
698 4835 872 4892 cuivis
897 4836 1099 4891 volenti
1133 4838 1380 4891 contueri
1436 4836 1578 4901 licet,
1647 4855 1772 4895 cum
1805 4840 2036 4910 quibus-

2217 4838 2401 4895 Ταῦτα
2434 4843 2668 4914 συνορᾷν
2703 4841 2877 4906 ἔξεστι
2935 4839 3011 4909 τῷ
3060 4838 3371 4910 βουλομένῳ
3401 4836 3560 4895 παντὶ,
3607 4826 3657 4878 τί·

469 4943 595 4983 nam
650 4928 1019 4993 consentiant,
1070 4928 1207 4983 iisne
1242 4945 1364 4998 quae
1413 4945 1442 4984 a
1473 4932 1631 4987 nobis
1681 4941 2036 5001 peraguntur,

469 5023 564 5070 aut
611 5015 680 5069 iis
713 5029 832 5084 qua
867 5029 896 5069 a
931 5014 1156 5070 Latinis.
1194 5015 1303 5072 Nos
1327 5019 1471 5073 enim
1508 5031 1802 5090 sequentes
1853 5035 2041 5077 sacros

469 5107 747 5178 apostolos
770 5119 824 5161 ct
861 5107 1132 5172 doctores,
1163 5111 1318 5177 juxta
1344 5112 1572 5168 traditas
1601 5112 1670 5168 ab
1697 5113 1766 5168 iis
1827 5115 2047 5183 exposi-

470 5203 646 5257 tiones
695 5211 751 5256 et
812 5201 956 5256 hunc
996 5202 1122 5256 item
1156 5217 1439 5258 sacrorum
1482 5205 1855 5276 interpretem,
1881 5222 2039 5262 sacra

471 5291 564 5348 Dei
590 5307 752 5363 opera
783 5294 1145 5360 celebramus,
1185 5295 1240 5350 id
1275 5303 1382 5360 est,
1431 5308 1491 5351 ut
1529 5298 1630 5353 iste
1672 5302 1768 5359 ait.
1813 5300 1904 5355 Dei
1941 5315 2042 5370 pro

470 5386 628 5441 nobis
653 5386 1113 5454 incarnationem,
1154 5389 1270 5457 ejus
1301 5403 1400 5458 pro
1437 5390 1597 5444 nobis
1614 5400 1866 5456 mortem,
1900 5394 2043 5447 divi-

470 5493 594 5533 nam
621 5479 1017 5549 baptizatorum
1050 5483 1481 5551 generationem,
1511 5484 1753 5538 divinam
1791 5487 2042 5558 adoptio-

469 5585 614 5636 nem,
639 5571 926 5627 servandis
946 5573 1218 5628 mandatis
1243 5573 1642 5629 deilicationetn
1675 5595 1690 5630 :
1721 5577 1794 5631 ita
1847 5579 2042 5634 deinde

467 5663 534 5719 ad
567 5666 1032 5721 consecrationem
1059 5667 1363 5731 venientes,
1394 5669 1542 5738 prius
1559 5670 1776 5739 quidem
1825 5687 1921 5741 pro
1942 5673 2045 5729 hac

467 5757 882 5814 excusationem
907 5759 1206 5826 aﬂerimus,
1233 5770 1286 5814 et
1315 5762 1687 5816 exclamamus
1724 5763 1837 5834 ipsa
1864 5766 2046 5820 Domi-

472 5849 596 5905 nica
623 5852 808 5921 verba,
847 5869 968 5924 quae
1028 5864 1141 5910 tum
1199 5857 1504 5912 enuntiaiit
1560 5876 1573 5911 :
1627 5866 1678 5915 et
1733 5858 2041 5928 subdimus,

2151 4949 2238 4988 σιν
2297 4933 2415 4988 ιστὶ
2471 4933 2757 5004 σύμφωνα,
2809 4933 2921 4995 τοῖς
2985 4931 3117 5000 παρ’
3155 4929 3310 5000 ἡμῶν
3355 4923 3656 4991 τελουμένοις,

2148 5027 2182 5098 ἢ
2240 5028 2354 5091 τοῖς
2411 5028 2560 5097 παρὰ
2617 5025 2885 5081 Λατίνων.
2929 5024 3120 5095 Ἡμεῖς
3180 5025 3279 5092 μὲν
3335 5021 3436 5088 γὰρ
3485 5016 3656 5070 ἀκολου·

2150 5119 2370 5183 θοῦντες
2408 5122 2523 5184 τοῖς
2584 5120 2752 5191 ἱεροῖς
2795 5117 3119 5180 ἀποστόλοις
3187 5115 3281 5169 καὶ
3339 5107 3652 5167 διδασκάλοις»

2149 5213 2294 5266 κατὰ
2343 5213 2456 5276 τὰς,
2489 5213 2582 5266 ὐπ’
2613 5211 2794 5265 αὐτῶν
2841 5208 3285 5282 παραδεδομένας
3330 5204 3563 5261 ἐκθέσεις,
3589 5195 3653 5247 καὶ

2150 5305 2327 5373 τούτῳ
2382 5304 2446 5370 δὴ
2509 5303 2585 5374 τῷ
2650 5303 3028 5373 ἱεροφάντορι,
3081 5301 3180 5363 τὰς
3230 5299 3376 5369 ἱερὰς
3429 5288 3652 5361 θεουργέας

2153 5395 2450 5466 ὑμνἰὖμεν,
2483 5396 2780 5459 τουτέστιν,
2807 5395 2885 5457 ὡς
2935 5393 3097 5455 αὐτός
3136 5408 3292 5461 φησι,
3335 5389 3428 5457 τὴν
3455 5385 3514 5437 δι’
3543 5378 3652 5449 tibi:

2150 5488 2567 5559 ἑνανθρὼπησιν
2596 5487 2688 5542 τοῦ
2719 5486 2880 5552 Θεοῦ,
2925 5487 3017 5540 τον
3051 5486 3192 5555 ὑπὲρ
3229 5483 3379 5553 ἱιμῶν
3424 5473 3561 5531 αὐτοῦ
3579 5468 3652 5522 04'-

2150 5597 2329 5644 νατον,
2355 5581 2456 5649 τὴν
2481 5578 2826 5646 θεογενεσίαν
2846 5577 2956 5630 τῶν
2979 5575 3405 5647 βαπτιζομένων,
3434 5569 3519 5637 τὴν
3539 5561 3650 5618 θείαν

2152 5671 2447 5737 υἱοθεσίαν,
2477 5672 2578 5737 τὴν
2595 5671 2683 5724 διὰ
2715 5669 2812 5738 τῆς
2836 5669 3087 5739 φυλακῆς
3109 5669 3219 5721 τῶν
3243 5663 3459 5719 ἐντολῶν
3483 5658 3648 5711 Θέωσιν·

2149 5761 2251 5819 εἷθ’
2279 5763 2454 5826 οὐτως
2488 5763 2582 5816 ἐπὶ
2610 5762 2708 5832 τὴν
2754 5761 3068 5832 ἱερουργίαν
3113 5759 3411 5830 ἐρχόμενοι,
3443 5750 3647 5819 πρότερον

2153 5859 2252 5928 μὲν
2303 5857 2444 5928 ὑπὲρ
2493 5855 2696 5927 ταύτης
2751 5853 3192 5925 ἀπολογούμεθα,
3245 5850 3341 5904 καὶ
3389 5838 3645 5904 ιναεοῶμιν
