3918 6452
241 298 378 363 1089
474 350 480 355 .

1110 293 1206 354 DE
1233 285 1588 353 CORPORE
1623 284 1718 344 ET
1759 280 2163 343 SANGUINE
2201 281 2543 344 CHRISTI.

3358 277 3498 345 1090

236 416 376 471 αὐτὰ
411 413 477 467 τὰ
514 410 810 466 δεσποτικὰ
860 411 1103 483 ῥήματα,
1138 411 1175 465 ἃ
1207 411 1324 464 τότε
1369 402 1492 462 εἶπε
1518 424 1530 437 ·
1566 408 1659 461 καὶ
1687 406 1810 458 ἐπι-

1922 405 2061 475 quod
2097 405 2209 474 ipse
2231 404 2477 474 jusserit,
2508 402 2623 459 Hoc
2679 370 2861 474 facit'e,
2898 402 3179 472 inquiens,
3215 403 3268 458 in
3324 418 3497 457 meam

237 509 493 576 λέγομεν,
541 505 624 557 ὅτι
680 503 844 565 αὐτὸς
871 501 1200 573 προσέταξε,
1239 500 1421 555 Τοῦτο
1467 497 1689 552 ποιεῖτε
1727 498 1814 562 εις

150 621 161 629 λ
236 597 354 665 τὴν
379 597 536 665 ἐμὴν
563 595 930 664 ἀνάμνησιν·
964 588 1085 646 εἷτα
1112 592 1209 661 τῆς
1241 591 1579 661 θεομιμήτου
1612 586 1817 657 ταύτης

240 690 560 760 ἱερουργίας
590 688 733 753 ἄξιοι
762 687 1085 756 αἰτήσαντες
1113 683 1389 753 γενέσθαι.
1436 682 1579 735 καθὰ
1625 679 1814 751 περιέ-

236 797 424 851 χουσιν
461 782 516 833 αἱ
551 779 821 844 ἐκθέσεις.
873 778 1270 849 ἱερουργοῦμεν
1315 778 1385 831 τὰ
1426 775 1682 830 θειότατα
1726 773 1817 829 διὰ

237 877 335 943 τῆς
370 874 538 944 εὐχῆς
569 874 664 927 καὶ
694 872 972 942 εὐλογίας,
1005 873 1220 942 καὶτῆς
1251 871 1344 924 τοῦ
1387 869 1532 924 θείου
1560 868 1817 938 Πνεῦμα-

238 984 330 1029 τος
382 966 823 1038 ἐπιφοιτήσεως·
861 966 956 1019 καὶ
1000 965 1093 1018 τὸν
1141 950 1628 1035 ἐγκεκαλυμμένον
1676 963 1817 1037 τέως

239 1055 332 1108 καὶ
386 1052 696 1122 ἀδιαίρετον
750 1054 914 1124 ἄρτον
966 1053 1454 1121 ἀνακαλύψαντες,
1516 1053 1597 1115 εἱς
1644 1052 1818 1107 πολλὰ

239 1144 578 1215 διαιροῦμεν,
614 1145 708 1198 καὶ
740 1144 800 1198 τὸ
826 1145 1029 1198 ἐνιαῖον
1054 1144 1147 1198 τοῦ
1181 1144 1441 1214 ποτηρίου
1475 1146 1610 1199 πᾶσι
1645 1160 1817 1199 κατα·

243 1236 559 1309 μερίζομεν.
604 1237 665 1291 '0
696 1237 753 1290 δὲ
802 1237 953 1305 παρὰ
997 1236 1246 1298 Λατίνοις
1301 1237 1481 1308 ἱερεὺς
1540 1236 1816 1308 μέμνηται

244 1329 343 1399 μὲν
382 1328 479 1382 καὶ
512 1328 674 1390 αὐτὸς
720 1328 1140 1401 διηγηματικῶς
1186 1328 1295 1382 τῶν
1333 1327 1669 1382 δεσποτικῶν
1715 1330 1815 1398 ρη-

243 1426 449 1492 μάτων,
491 1423 576 1476 ὅτι
603 1423 765 1486 αὐτὸς
800 1421 1127 1493 προσέταξε,
1157 1422 1408 1489 Λάϐετε,
1443 1423 1684 1492 φάγετε,
1715 1421 1813 1475 καὶ

240 1514 405 1567 utere
453 1514 699 1580 πάντες,
749 1515 866 1579 καὶ,
898 1514 1085 1569 Τοῦτο
1139 1515 1364 1569 ποιεῖτε
1401 1516 1487 1581 εἱς
1520 1514 1637 1582 τὴν
1660 1512 1818 1583 ἐμὴν

238 1609 605 1679 ἀνάμνησιν·
641 1611 916 1680 ἱερουργεῖ
946 1610 1002 1662 δέ
1036 1609 1191 1663 οὐδὲν
1224 1608 1427 1678 μᾶλλον
1449 1646 1464 1670 ,
1495 1607 1612 1662 ἀλλ’
1643 1608 1815 1661 οίεται

238 1703 337 1771 τὴν
359 1702 614 1771 διήγησιν
635 1702 807 1772 αὐτὴν
828 1702 938 1754 τῶν
967 1702 1231 1800 ρημάτῠων
1257 1699 1393 1770 πρὸς
1415 1704 1509 1753 τὸν
1537 1700 1815 1770 ἁγιασμδν
1842 1741 1890 1800 Β

241 1795 334 1847 καὶ
361 1794 463 1865 τὴν
496 1793 812 1864 ἱερουργίαν
859 1793 1074 1863 ἀρκεῖν·
1113 1787 1232 1845 εἷτα
1275 1792 1366 1845 τὸν
1411 1790 1620 1861 ἄζυμον
1650 1793 1815 1862 ἄρτον

240 1886 470 1952 ἐκεῖνον,
495 1886 595 1939 οὐκ
631 1885 1117 1955 ἐγκεκαλυμμένον
1143 1883 1303 1949 τέως,
1337 1883 1453 1936 ἀλλ’
1476 1884 1598 1938 ὅθεν
1622 1885 1814 1955 ἔτυχεν

239 1978 383 2034 οῦτω
412 1977 595 2032 λαϐὼν
622 1978 716 2031 καὶ
751 1976 998 2046 ὐψώσας,
1038 1974 1205 2045 μέρος
1257 1973 1357 2045 μέν
1402 1975 1811 2046 ἀπορρήγνυσι,

240 2072 334 2125 καὶ
367 2070 443 2139 τῷ
472 2070 720 2139 ποτηρίῳ
744 2067 1025 2138 ἐμϐάλλει’
1055 2069 1114 2121 τὸ
1146 2067 1204 2121 δὲ
1236 2066 1421 2120 λοιπὸν
1450 2067 1707 2137 καθίησιν
1735 2068 1816 2129 εἱς

238 2164 300 2217 τὸ
353 2162 549 2232 στόμα,
602 2162 697 2215 καὶ
733 2158 1105 2229 τδποτήριον
1158 2157 1369 2212 ἐκπιὼν
1413 2158 1536 2212 ὅλον
1592 2157 1813 2228 ὁμοίως,

239 2253 585 2319 ἀσπάζεσθαι
639 2250 804 2306 αὐτὸν
853 2250 1230 2322 προτρέπεται
1290 2251 1419 2314 τοὺς
1471 2248 1816 2320 συλλειτουρ-

240 2348 475 2417 γοῦντας
524 2347 674 2417 αὐτῷ
708 2346 1016 2409 διακόνους,
1061 2345 1252 2416 μηδενὶ
1299 2343 1470 2415 μηδὲν
1513 2342 1813 2413 μεταδοὺς⁴,

237 2440 266 2492 ό
288 2439 373 2504 τὸ,
401 2439 643 2505 Λάϐετε,
673 2439 895 2510 φάγετε
923 2437 1172 2503 πάντες,
1196 2436 1311 2503 καὶ,
1342 2435 1511 2489 Πιετε
1539 2434 1606 2498 ἐξ
1630 2433 1816 2488 αὐτοῦ

239 2528 484 2597 πάντες.
511 2531 891 2602 μεγαλαυχῶν.
924 2530 1113 2585 Ταῦτα
1134 2529 1195 2583 οὐ
1230 2528 1499 2599 πρόδηλον
1532 2529 1690 2599 φέρει
1713 2527 1815 2599 τὴν

239 2621 558 2675 ἐναντίωσιν
606 2622 702 2675 καὶ
743 2621 881 2691 πρὸς
927 2623 1027 2683 τὰς
1072 2620 1523 2691 παραδεδομένας
1570 2620 1818 2683 ἐκθέσεις

243 2710 339 2764 καὶ
367 2710 658 2779 ἐξηγήσεις
690 2710 827 2780 πρὸς
854 2712 924 2763 τὰ
954 2709 1250 2763 δεσποτικὰ
1279 2711 1523 2781 ῥήματα,
1556 2711 1651 2763 καὶ
1681 2710 1817 2779 πρὸς

240 2799 411 2863 αὑτὰς
439 2800 538 2862 τὰς
566 2800 791 2852 ἐκείνων
820 2800 1003 2868 φωνάς
1027 2816 1042 2867 ;
1084 2799 1218 2853 Εἶτα
1246 2798 1611 2870 τολμήσουσιν
1645 2798 1818 2862 οὕτως

240 2890 457 2961 ἔχοντες
487 2892 740 2960 ἐγκαλεῖν
784 2892 915 2962 ἡμῖν
958 2892 1053 2946 καὶ
1086 2892 1551 2963 περιεργάζεσθαι
1583 2893 1650 2947 τὰ
1681 2891 1818 2963 ἠμέ-

238 3000 376 3054 τερα
403 2984 498 3036 καὶ
540 2981 963 3052 ἐφερμηνεύειν,
996 2981 1171 3046 οὕτως
1196 2983 1466 3037 ἀκόλουθα
1492 2984 1606 3046 τοῖς
1638 2982 1818 3052 ἁγίοις

1918 500 2471 555 commemorationem
2530 517 2544 554 :
2605 508 2717 554 tum
2779 509 2841 555 ut
2908 499 2975 555 ad
3016 497 3374 554 imitationem
3402 496 3495 551 Dei

1919 592 2238 663 compositae
2294 593 2459 663 hujus
2509 592 2944 649 consecrationis
2992 591 3139 662 digni
3198 590 3499 646 eﬂiciamur

1918 686 2146 757 precati,
2212 685 2674 756 quemadmodum
2758 685 3036 741 continent
3102 684 3496 755 expositiones.

1919 780 2261 837 divintssima
2292 794 2446 835 sacra
2477 779 2819 848 conﬁcimus,
2846 778 3220 833 intercedente
3251 777 3500 832 oratione

1919 884 2082 945 atque
2131 874 2532 941 benedictione,
2595 888 2805 929 necnon
2839 872 3009 928 divini
3034 871 3272 942 Spiritus
3316 885 3499 926 acces-

1919 966 2093 1027 sione;
2132 968 2468 1039 lnterimque
2525 978 2775 1037 opertum
2828 983 3025 1038 panem
3087 975 3142 1024 et
3195 966 3493 1021 indivisum

1920 1058 2250 1130 patefactum
2285 1060 2338 1114 in
2386 1058 2588 1115 multas
2617 1069 2797 1128 partes
2824 1073 3097 1125 secamus,
3148 1064 3205 1112 et
3235 1058 3494 1113 unitatem

1921 1150 2107 1205 ealicis
2175 1150 2433 1206 omnibus
2495 1150 2901 1205 distribuimus.
2983 1149 3307 1205 Latinorum
3366 1162 3499 1202 vero

1920 1241 2178 1301 sacerdos
2206 1242 2399 1298 recitat
2428 1251 2484 1297 et
2512 1240 2630 1311 ipse
2662 1240 2943 1296 Dominica
2976 1241 3165 1306 verba,
3202 1239 3348 1310 quod
3382 1238 3500 1307 ipse

1920 1338 2263 1409 praeceperit,
2313 1335 2570 1403 Accipite,
2624 1333 2903 1397 comedite,
2960 1341 3008 1386 et
3055 1331 3213 1385 bibite
3273 1346 3449 1383 omnes
3479 1344 3498 1383 :

1919 1443 1994 1499 et,
2032 1432 2147 1487 Hoc
2171 1432 2333 1501 facite
2362 1431 2417 1484 in
2441 1447 2611 1485 meam
2662 1429 3252 1491 commemorationem;
3310 1439 3498 1479 verum

1920 1520 2093 1575 nihilo
2123 1520 2294 1591 magis
2316 1528 2625 1585 consecrat,
2646 1518 2741 1574 sed
2788 1518 3083 1573 arbitratur
3113 1515 3491 1571 recitationem

1920 1611 2064 1668 hanc
2092 1612 2381 1666 verborum
2412 1609 2480 1665 ad
2537 1610 3027 1666 sanctiﬁcationem
3094 1615 3149 1661 et
3202 1619 3500 1661 consecra-
3560 1598 3565 1605 ’

1921 1705 2122 1761 tionem
2142 1703 2406 1760 sullicere.
2423 1701 2628 1758 Deinde
2645 1702 3086 1757 infermentatum
3104 1714 3299 1769 panem
3321 1698 3499 1764 illum,

1925 1813 2033 1853 non
2061 1804 2313 1864 opertum
2355 1794 2731 1861 interim,'sed
2794 1795 3160 1863 undecunque
3208 1790 3503 1860 contigerit

1925 1893 1998 1945 ita
2034 1898 2251 1954 nactus,
2284 1889 2376 1943 ubi
2421 1888 2751 1951 sublevavit,
2781 1893 2991 1955 partem
3024 1885 3247 1956 quidem
3274 1882 3500 1952 frangit,

1923 1982 2051 2037 etin
2073 1982 2295 2038 calicem
2341 1979 2521 2048 injicit
2554 1996 2568 2034 :
2602 1979 2750 2049 quod
2814 1978 3087 2047 reliquum
3124 1984 3210 2031 est
3235 1975 3289 2029 in
3322 1988 3385 2028 os
3409 1973 3503 2026 de-

1924 2074 2110 2141 mittit,
2138 2082 2193 2128 et
2223 2083 2338 2130 ιοιο
2367 2073 2540 2131 calice
2586 2072 2793 2143 pariter
2841 2079 3024 2141 epoto,
3067 2078 3127 2125 ut
3156 2082 3216 2124 se
3266 2067 3504 2123 salutent

1923 2167 2244 2223 adhortatur
2277 2167 2368 2237 qni
2397 2181 2522 2221 cum
2565 2180 2631 2221 eo
2692 2164 3005 2220 ministrant
3026 2160 3265 2224 diaconi,
3294 2155 3503 2213 nemini

1921 2259 2220 2331 quidquam
2256 2258 2588 2327 impartitns,
2638 2254 2734 2324 qui
2793 2254 2900 2309 hoc
2955 2252 3223 2323 gloriatur
3286 2246 3504 2302 Domini

1923 2352 2109 2414 verbo,
2141 2350 2391 2418 Accipite,
2426 2349 2685 2403 comedite
2707 2363 2909 2412 omnes,
2934 2355 2984 2399 et
3032 2344 3191 2397 bibite
3214 2357 3279 2397 ex
3300 2358 3359 2395 eo
3383 2355 3500 2394 om-

1923 2457 2038 2497 nes.
2070 2438 2197 2495 ﬂare
2219 2440 2649 2496 manifestamne
2716 2437 3009 2509 proferunt
3058 2435 3500 2492 contrarietatem

1925 2534 1992 2589 iis
2015 2548 2136 2604 quae
2160 2535 2317 2589 nobis
2343 2534 2556 2588 traditae
2590 2542 2717 2587 sunt
2763 2532 3109 2600 liturgiarum
3148 2524 3505 2607 expositioni-

1924 2623 2047 2689 bus,
2081 2631 2135 2677 et
2163 2622 2342 2677 verbis
2378 2622 2696 2685 Dominicis,
2748 2629 2802 2675 et
2836 2620 2968 2691 ipsis
3018 2619 3245 2673 vocibus
3301 2616 3504 2686 quibus

1922 2714 2188 2770 utuntur?
2216 2712 2435 2769 Scilicet
2457 2715 2531 2767 ita
2560 2714 2857 2769 sentientes
2897 2711 3055 2766 nobis
3096 2710 3228 2764 vitio
3294 2717 3504 2763 vertere

1923 2806 2221 2871 audebunt,
2257 2816 2310 2862 et
2361 2808 2579 2864 nostros
2641 2806 2781 2860 ritus
2856 2803 3127 2860 curiosius
3177 2802 3507 2872 investigare

1924 2911 2089 2970 atque
2115 2899 2489 2969 interpretari,
2522 2900 2644 2968 qua:
2668 2898 2878 2953 sanctis
2914 2897 3167 2950 Patribns
3213 2908 3320 2949 tam
3375 2900 3503 2950 sunt

1926 2991 2339 3048 consentanea?
2386 2990 2457 3045 At
2521 2990 2949 3061 Chrysostomus
3003 2988 3101 3055 ait,
3159 2986 3504 3041 Βοιιιίηἰι-υιιι

239 3076 405 3142 ὄντας
445 3073 590 3128 Ἀλλ’
621 3077 647 3128 ό
668 3076 1061 3147 Χρυσόστομός
1094 3094 1229 3147 φησι
1258 3075 1351 3131 τὸν
1378 3076 1697 3130 δεσποτικὸν
1726 3076 1816 3129 λό-

1924 3084 2147 3140 verbum
2207 3084 2374 3140 semel
2414 3085 2619 3140 dictum
2680 3083 3015 3139 sacritieium
3065 3088 3503 3137 consummatum

239 3186 337 3239 γον
374 3168 522 3234 ἆπαξ
577 3169 811 3240 ρηθέντα
886 3169 988 3238 τὴν
1027 3169 1219 3224 θυσίαν
1255 3168 1674 3240 ἀπηρτισμένην
1724 3168 1818 3237 ἐρ-

239 3261 544 3330 γάζεσθαιο
602 3261 751 3328 ἅπαξ
802 3260 1036 3332 ρηθέντα
1097 3262 1265 3331 φησὶν
1308 3261 1368 3316 οὐ
1425 3260 1520 3315 νῦν
1572 3260 1677 3315 ὑπὸ
1724 3261 1817 3315 τοῦ

241 3354 432 3423 ἱερέως
478 3353 795 3423 λεγόμενον,
824 3352 942 3407 ἀλλ’
974 3352 1123 3419 ἅπαξ
1152 3354 1257 3407 ὑπὸ
1304 3353 1399 3407 τοῦ
1440 3353 1691 3425 Σωτῆρος
1722 3344 1843 3424 ῥηέ

242 3444 431 3509 θὲντα,
489 3444 590 3513 τὴν
633 3440 987 3512 τελειωτικὴν
1040 3443 1128 3497 ἀεὶ
1178 3442 1410 3514 δύναμιν
1451 3444 1654 3497 ἐνιέναι
1708 3445 1822 3507 τοῖς

242 3535 647 3606 προκειμένοις,
682 3534 784 3588 οὐκ
811 3534 912 3606 ήδη
951 3535 1043 3588 καὶ
1073 3535 1331 3606 ἐνεργείᾳ
1359 3533 1604 3587 τελειοῦν
1637 3534 1818 3588 αὐτάο

242 3628 405 3683 τοῦτο
433 3629 543 3698 γὰρ
576 3627 609 3698 ἡ
636 3626 730 3681 τοῦ
756 3626 917 3696 ἁγίου
942 3627 1263 3696 Πνεύματος
1284 3626 1631 3696 ἐπιφοίτησις
1657 3627 1821 3698 ἐργά-

244 3722 400 3786 ζεται
423 3718 512 3773 διὰ
541 3718 642 3789 τῆς
670 3718 763 3775 τοῦ
800 3719 1012 3789 ἱερέως,
1048 3718 1143 3772 καὶ
1170 3718 1328 3788 δῆλον
1373 3718 1433 3782 ἐξ
1478 3712 1552 3773 ὧν
1598 3718 1761 3781 αὐτὸς
1794 3720 1822 3771 ό

244 3813 483 3885 χρυσοῦς
504 3812 605 3882 τὴν
625 3811 896 3880 γλῶτταν,
924 3811 1001 3874 ὡς
1032 3812 1303 3881 πρότερον
1332 3808 1652 3878 ἐξεθέμεθα,
1682 3810 1822 3878 μετὰ

244 3908 309 3960 τὸ
352 3904 529 3959 εἰπεῖν
581 3903 652 3957 τὰ
697 3902 999 3956 δεσποτικὰ
1058 3903 1308 3972 ῥήματα,
1344 3920 1362 3952 ι
1406 3901 1819 3973 Κατάπεμψον,

246 3995 405 4068 φησι,
438 3993 501 4073 τὸ
531 3991 758 4064 Πνεῦμα
793 4008 888 4045 σου
915 3991 974 4045 τὸ
1000 3992 1180 4061 ἅγιον.
1221 3992 1317 4073 καὶ
1348 3978 1576 4058 ποίησον
1605 3992 1695 4045 τὸν
1724 3992 1822 4063 μὲν

246 4088 413 4158 ἄρτον
456 4070 649 4140 τοῦτον
678 4083 862 4156 τίμιον
896 4083 1056 4155 σῶμα
1096 4083 1192 4138 τοῦ
1237 4070 1475 4151 Χριστοῦ
1512 4100 1627 4151 σου,
1677 4084 1736 4137 τὸ
1767 4083 1824 4137 δὲ

248 4179 307 4232 ἐν
337 4177 415 4247 τῷ
443 4175 694 4247 ποτηρίῳ
725 4173 901 4244 τούτῳ
929 4174 1111 4244 τίμιον
1131 4168 1271 4244 αἱμα
1306 4174 1397 4227 τοῦ
1424 4172 1666 4246 Χριστοῦ
1702 4191 1821 4242 σου,

249 4267 570 4341 μεταϐαλὼν
604 4268 681 4340 τῷ
726 4266 1008 4339 Πνεύματί
1040 4284 1135 4320 σου
1181 4266 1259 4337 τῷ
1301 4265 1465 4339 ἁγίῳ.
1496 4286 1515 4319 ι
1554 4268 1739 4323 Ταῦτα
1774 4271 1823 4324 εί

251 4360 329 4432 μὴ
357 4361 606 4417 πείθουσι
636 4363 763 4426 τοὺς
794 4360 1115 4433 φιλονείκως
1159 4360 1406 4432 ἔχοντας,
1452 4362 1722 4417 ἐλεεῖσθαι
1755 4362 1824 4418 ἄν

246 4449 361 4510 εἷεν
400 4454 599 4510 δίκαιοι
632 4455 732 4527 τῆς
762 4454 959 4527 διπλῆς
989 4455 1240 4526 ἀγνοίας,
1286 4454 1383 4511 καὶ
1412 4454 1511 4527 τῆς
1540 4455 1622 4521 εἱς
1655 4454 1822 4528 βάθος

247 4562 337 4599 πω
345 4544 586 4614 ρώσεως.

1922 3176 2154 3233 edicere.
2189 3176 2369 3231 Semel
2400 3175 2608 3231 dictum
2640 3174 2838 3245 inquit,
2901 3188 3007 3228 non
3062 3171 3207 3243 quod
3273 3186 3421 3227 nunc
3473 3184 3504 3223 ε

1923 3269 2207 3326 sacerdote
2252 3268 2474 3332 dicitur,
2516 3268 2610 3323 sed
2639 3267 2783 3332 quod
2821 3255 2991 3323 semel
3022 3282 3053 3322 a
3102 3264 3393 3321 Servatore
3424 3262 3506 3318 di-

1922 3374 2067 3420 ctum
2113 3372 2214 3429 est,
2241 3361 2617 3433 periectricem
2658 3362 2951 3417 immittere
2999 3359 3288 3429 propositis
3343 3356 3505 3413 donis

1924 3459 2034 3509 vim
2087 3466 2255 3525 atque
2313 3456 2637 3526 petentiam,
2693 3470 2804 3509 non
2845 3455 2972 3510 item
2997 3461 3053 3510 et
3078 3460 3203 3508 actu
3236 3466 3298 3506 ea
3328 3449 3506 3519 perii-

1922 3563 2085 3617 cere;
2127 3550 2229 3605 hoc
2252 3549 2399 3605 enim
2431 3550 2603 3605 sancti
2631 3549 2870 3619 Spiritus
2891 3547 3163 3604 adventus
3194 3563 3289 3617 per
3318 3562 3501 3603 sacer-

1924 3637 2067 3693 dotis
2092 3640 2402 3693 orationem
2455 3638 2641 3705 emcit,
2673 3639 2836 3709 idque
2859 3638 3208 3709 perspicuum
3235 3648 3407 3694 estex
3433 3638 3502 3695 iis
3536 3626 3560 3651 ⁴

1925 3745 2043 3798 «ius:
2076 3730 2524 3800 Cbrysostomus,
2555 3732 2783 3799 utprius
2802 3732 3178 3802 exposuimus.
3210 3741 3500 3802 postquam

1925 3819 2207 3875 Dominica
2268 3822 2430 3876 verba
2488 3825 2706 3877 recitata
2774 3833 2901 3879 sunt
2951 3841 2966 3878 :
3015 3841 3035 3876 ι
3067 3824 3269 3889 Mittas,
3303 3825 3503 3893 inquit,

1927 3911 2191 3981 Spiritum
2223 3920 2374 3965 tuum
2405 3923 2677 3979 sanetum,
2708 3922 2761 3968 et
2785 3913 2866 3968 l'ac
2884 3927 3076 3982 panem
3098 3914 3261 3969 istum
3280 3917 3502 3984 quidem

1924 4005 2223 4075 pretiosum
2253 4019 2453 4074 corpus
2486 4004 2687 4060 Christi
2718 4006 2822 4069 tui,
2874 4015 2927 4061 et
2959 4005 3107 4076 quod
3130 4017 3213 4061 est
3238 4007 3290 4060 in
3331 4007 3500 4062 calice

1926 4094 2033 4150 isto
2091 4095 2389 4163 pretiosum
2417 4093 2739 4163 sanguinem
2773 4093 2981 4155 Christi
3023 4095 3121 4157 tni,
3183 4105 3503 4164 permutans

1927 4195 2121 4241 saneto
2147 4183 2353 4254 Spiritu
2392 4194 2504 4240 tuo.
2531 4203 2550 4235 ι
2588 4184 2712 4240 llaec
2741 4186 2846 4241 nisi
2891 4187 3255 4256 persuadeant
3282 4202 3378 4245 eos
3404 4188 3500 4256 qui

1929 4277 2252 4333 contentiosi
2311 4284 2462 4343 sunt,
2496 4277 2531 4331 ii
2600 4278 2896 4334 miserandi
2955 4279 3149 4334 merito
3238 4281 3500 4335 censendi

1928 4378 2078 4434 sunt,
2113 4380 2224 4425 tum
2259 4371 2406 4440 quod
2461 4369 2766 4439 ignorantia
2823 4369 3025 4442 duplici
3075 4378 3387 4438 teneantur,
3445 4381 3503 4428 et

1928 4464 2291 4522 excaecatione
2313 4462 2604 4535 profunda.
