3970 6460
201 308 314 375 1097
1027 294 1399 363 EPISTOLA
1438 292 1537 359 AD
1587 284 2113 357 THEOPHANEM
2152 292 2607 357 MONACIIUM.
2942 369 2952 375 _
3294 282 3433 358 1098

255 420 502 483 Γίνωσκε,
539 417 620 469 ὅτι
654 418 787 485 μετά
815 414 878 469 τὸ
903 416 1158 469 ἀπελθεῖν
1184 415 1327 485 ἡμᾶς
1353 414 1431 477 εἰς
1464 412 1563 482 τὴν
1595 411 1747 465 Κων-

1937 408 2187 471 Noveris,
2235 416 2663 478 me,p051quam
2722 400 3248 478 Constantinopolim
3284 407 3439 463 abie—

198 509 631 572 σταντινούπολιν,
665 509 964 572 ἀναδάντος
993 510 1071 569 είς
1103 507 1165 561 τὸ
1207 504 1595 576 πατριαρχεῖον
1624 502 1743 567 te;

1868 520 2007 563 'am,
2072 505 2403 557 ascendente
2477 502 2530 556 in
2601 499 3013 572 patriam-ludent
3091 498 3273 557 sedem
3327 517 3436 555 uno

194 605 288 657 τῶν
338 602 771 673 ὑπογραψὰντων
801 602 1198 671 λατινοφρόειων
1253 600 1351 653 καὶ
1402 597 1743 667 ἐνοχλοῦντος

1864 611 1911 647 3x
1990 593 2104 659 iis,
2175 593 2269 663 qui
2338 592 2793 663 subscripserunt
2847 608 2967 647 cum
3038 593 3246 649 Latinis
3314 608 3409 647 seu

193 698 348 766 ἡμᾶς,
384 697 629 765 ἀπῆλθον
655 696 733 759 εἰς
758 696 859 767 τὴν
882 694 1176 765 ὲκκλησῖαν
1213 709 1337 761 μου.
1378 690 1526 744 Ἐκεῖ
1556 691 1611 744 δὲ
1641 692 1740 743 πά·

1864 681 2069 744 :icntes,
2122 696 2186 736 ac
2242 697 2341 736 nos
2396 683 2740 743 molestante.
2807 683 2858 736 in
2924 684 3210 738 ecclesiam
3260 698 3436 751 meam

192 787 263 839 λιν
288 785 550 855 μηδεμίαν
579 784 757 855 εὑρὼν
785 770 1090 839 ἀνάπαυσιν
1116 783 1209 837 καὶ
1234 781 1486 852 χαλεπῶς
1505 782 1740 851 νοσήσας

1864 774 2049 828 abiisse
2083 775 2175 844 (ιι)
2208 774 2278 828 lbi
2314 791 2441 829 vero
2478 777 2624 830 nulla
2657 790 2869 830 rursum
2912 784 3125 846 reperta
3178 776 3364 845 requie
3385 778 3440 830 et

194 881 277 933 καὶ
301 876 656 947 ζημιούμενος
694 877 845 946 παρὰ
895 876 1004 929 τῶν
1050 874 1267 927 ἀσεϐῶν
1299 873 1394 927 καὶ
1415 873 1748 942 πειραζόμε-

1864 868 2088 946 graviter
2147 866 2450 921 inﬁrmatus
2510 877 2673 936 atque
2732 867 2965 923 alllictns
3029 870 3095 922 ab
3157 869 3337 938 impiis
3384 880 3440 925 et

1853 966 2116 1028 tentatus,
2153 960 2280 1029 quia
2312 970 2418 1014 non
2452 961 2613 1015 habui
2662 964 3036 1017 authentii-am
3099 964 3434 1017 determina-

1855 1054 2077 1118 tionem,
2147 1052 2370 1108 discessi
2435 1056 2598 1108 etiam
2669 1056 2889 1119 exinde,
2945 1057 3171 1111 consilio
3242 1057 3442 1110 ductus

1855 1146 2090 1199 abeundi
2142 1146 2223 1200 in.
2259 1155 2498 1202 montem
2552 1156 2827 1204 sanctum.
2903 1148 3186 1206 Profecuis
3271 1150 3441 1219 igitur

1853 1236 2159 1305 Callipolim
2196 1245 2249 1292 et
2279 1239 2656 1308 pertransiens
2688 1256 2783 1311 per
2850 1242 3115 1298 Lemnum
3176 1244 3437 1300 detentus

1856 1340 1977 1383 sum
2014 1330 2085 1383 ibi
2135 1330 2457 1387 ctinclusns
2507 1332 2575 1386 ab
2628 1332 2977 1401 imperatore.
3046 1333 3149 1389 Sed
3214 1336 3438 1389 ‘verbum

1858 1418 1950 1474 Dei
1980 1430 2032 1474 et
2061 1421 2308 1476 veritatis
2353 1423 2524 1478 virtus
2581 1440 2688 1478 non
2743 1435 2870 1478 sunt
2925 1426 3163 1496 alligata,
3214 1429 3444 1481 currunt

1856 1512 2061 1582 potius,
2091 1527 2349 1583 prospere
2374 1516 2698 1582 procedunt,
2717 1527 2878 1585 atque
2903 1518 3082 1587 plures
3101 1528 3164 1573 ex
3180 1518 3442 1571 fratribus

182 1619 245 1687 τῇ
272 1619 371 1691 ἐμῇ
418 1616 604 1688 ἔξορίᾳ
654 1615 987 1689 θαρροῦντες
1039 1614 1296 1685 βάλλουσι
1342 1616 1455 1674 τοῖς
1501 1614 1747 1685 ἐλέγχοις

1864 1618 1979 1659 meo
2000 1605 2193 1660 exsilio
2217 1605 2558 1661 conﬁdentes
2607 1608 3030 1665 refutatimiibus
3091 1612 3445 1679 prosternunt

182 1708 302 1772 τοὺς
326 1707 633 1777 ἀλιτηρίους
676 1707 770 1761 καὶ
799 1705 1126 1776 παραϐάτας
1150 1705 1249 1776 τῆς
1301 1706 1470 1775 ὀρθῆς
1504 1705 1745 1769 πίστεως

1864 1698 2157 1754 sceleratos
2205 1700 2327 1755 illos
2356 1710 2410 1755 et
2443 1713 2603 1756 recta:
2638 1701 2758 1754 ﬁdei
2784 1701 3440 1771 paternarumquelegum

184 1802 273 1853 καὶ
298 1799 399 1852 τῶν
428 1799 715 1871 πατρικῶν
739 1798 980 1869 θεσμῶν,
1014 1799 1111 1852 καὶ
1137 1797 1428 1852 ἐλαύνουσι
1474 1799 1748 1868 πανταχόο

1864 1796 2308 1860 transgressm'es,
2345 1802 2397 1848 et
2431 1787 2799 1863 unde'quaque
2862 1809 2957 1849 eos
2988 1804 3271 1847 removent
3299 1792 3446 1844 Velut

182 1891 270 1944 θεν
296 1891 482 1953 αὐτοὺς
500 1891 576 1954 ὡς
604 1890 956 1962 καθάρματα,
992 1893 1130 1962 μήτε
1183 1890 1619 1961 συλλειτουργεϊν
1649 1891 1748 1943 αύ-

1864 1881 2099 1951 ijcctos
2145 1894 2198 1938 et
2225 1885 2493 1956 impuros,
2556 1904 2654 1941 nec
2682 1904 2786 1943 una
2811 1904 2934 1941 cum
2997 1888 3075 1942 eis
3130 1886 3441 1941 sacriﬁcare

181 1984 287 2046 τοῖς
330 1983 664 2053 ἀνεχόμενοι,
702 1985 838 2055 μήτε
874 1983 1236 2055 μνημονεύειν
1284 1985 1422 2047 ὅλως
1450 1984 1631 2037 αὐτῶν
1670 1985 1748 2045 ὡς

1864 1975 2212 2041 sustinentes,
2236 1991 2407 2047 neque
2434 1995 2622 2034 eorum
2652 1994 2877 2047 prorsus
2921 1988 2977 2034 ut
3005 1980 3441 2034 Christianorum

182 2076 532 2144 Χριστιανῶν.
584 2075 857 2129 Μανθάνω
907 2075 1002 2135 δὲ.
1047 2077 1128 2129 ὅτι
1160 2074 1545 2146 ἐχειροτονήθη
1592 2071 1748 2146 παρᾶ

1864 2069 2192 2123 mentionem
2258 2071 2459 2127 facere.
2502 2070 2792 2141 Comperio
2825 2082 3002 2125 autem
3049 2087 3078 2123 ιι
3121 2070 3441 2124 Latinorum

192 988 288 1037 νος,
314 970 442 1023 διότι
478 971 552 1039 μὴ
576 964 723 1038 εἶχον
751 968 983 1039 ὁρισμὸν
1016 966 1353 1029 αὑθεντικδν,
1385 964 1612 1035 ἐξῆλθον
1643 966 1746 1018 κά-

192 1063 348 1117 κεῖθεν
378 1062 469 1115 ἐπὶ
500 1061 688 1131 σκοπῷ
737 1060 835 1113 τοῦ
889 1059 1145 1113 ἀπελθεῖν
1202 1062 1283 1122 εἰς
1325 1058 1385 1112 τὸ
1412 1059 1567 1127 ἅγιον
1600 1053 1744 1126 ὅρος.

188 1155 512 1226 Διαπεράσας
559 1153 653 1209 οὖν
681 1156 760 1217 είς
787 1155 887 1223 τὴν
916 1152 1249 1207 Καλλίπολιν
1276 1154 1370 1207 καὶ
1397 1152 1745 1221 διερχόμενος

186 1247 267 1301 διὰ
291 1248 376 1317 τῆς
407 1248 633 1317 Λήμνου
690 1245 1003 1317 ὲκρατήθην
1061 1246 1294 1298 ἅνταῦθα
1339 1245 1433 1297 καὶ
1491 1241 1748 1313 περιωρί-

186 1340 307 1411 σθην
336 1339 484 1409 παρά
532 1338 627 1392 τοῦ
674 1337 959 1407 βασιλέως.
1026 1336 1166 1390 Ἀλλ’
1212 1338 1240 1389 ὁ
1289 1335 1443 1403 λόγος
1484 1335 1577 1389 τοῦ
1609 1328 1745 1388 Θεοῦ

185 1432 271 1487 καὶ
312 1433 343 1503 ἡ
392 1431 492 1500 τῆς
545 1431 803 1501 ἀληθείας
838 1429 1071 1499 δύναμις
1105 1429 1166 1482 ού
1216 1430 1451 1496 δέδεται,
1472 1427 1661 1499 τρέχει
1688 1426 1747 1480 δὲ

187 1524 371 1594 μᾶλλον
399 1524 494 1578 καὶ
516 1522 826 1590 εὐοδοῦται,
865 1524 964 1578 καὶ
997 1525 1048 1577 οί
1075 1520 1323 1587 πλείονες
1348 1522 1458 1577 τῶν
1497 1521 1748 1591 ἀδελφῶν

180 2166 286 2218 τῶν
322 2165 1160 2243 λατινοτρρόνων.μητροπολίτης
1212 2168 1457 2237 ’Λθηνῶν
1509 2168 1747 2221 κοπελύ-

1864 2162 2085 2217 asscclis
2120 2163 2459 2217 Athenarum
2503 2148 2905 2232 metropolitam
2965 2162 3274 2217 ordinatum
3316 2177 3440 2216 esse

1859 2250 2114 2307 infantem
2198 2255 2491 2324 quamdam
2547 2265 2860 2311 creaturam
2932 2254 3442 2315 Monembasiensis.

1860 2360 1981 2413 quae
2015 2345 2085 2399 ibi
2116 2361 2464 2403 commorans
2502 2363 2622 2402 cum
2663 2347 2871 2404 Latinis
2919 2348 3192 2403 sacriﬁcat
3241 2347 3449 2418 absque

1862 2439 2184 2496 discrimine
2234 2454 2285 2496 et
2318 2442 2599 2512 illegaliter
2629 2443 2846 2498 ordinat
2881 2451 3011 2511 quot
3043 2453 3094 2497 et
3118 2444 3447 2512 qualescun-

1862 2553 1968 2605 que
2009 2536 2301 2590 invenerit.
2336 2536 2488 2605 Rogo
2523 2537 2706 2605 itaque
2742 2538 3090 2591 sanctitatem
3151 2545 3322 2601 tuam,
3388 2546 3448 2590 ut

1870 2630 2045 2682 Zeltlttl
2080 2645 2177 2698 pro
2209 2630 2316 2684 Deo
2348 2646 2636 2684 resumens
2662 2641 2920 2701 tanquam
2949 2632 3030 2685 vir
3064 2629 3152 2686 Dei
3184 2642 3236 2686 et
3255 2632 3450 2686 verita-

178 2260 320 2328 δριόν
346 2277 395 2314 τι
428 2259 521 2314 τοῦ
553 2260 963 2330 Μονεμϐασίας,
994 2260 1130 2330 ὅπερ
1169 2260 1361 2312 αὐτόθι
1402 2259 1589 2328 διὰγον
1618 2260 1745 2311 συλ-

178 2353 475 2425 λειτουρτεῖ
509 2355 622 2417 τοῖς
649 2353 904 2417 Λατίνοις
960 2355 1288 2425 ἀδιακρίτως
1324 2356 1421 2408 καὶ
1452 2355 1752 2424 χειροτονεῖ

179 2446 496 2520 παρανόμοις
518 2449 676 2511 ὅσους
696 2449 780 2503 κᾶν
808 2447 947 2521 εὕρῃ
975 2448 1067 2501 καὶ
1106 2447 1270 2510 οῐους.
1310 2446 1474 2513 Ἂξιῶ
1528 2443 1620 2501 οὖν
1651 2448 1750 2514 τὴν

175 2541 480 2608 ἁγιωσύνην
512 2558 628 2603 σου,
666 2540 753 2593 ἵνα
785 2542 876 2593 τὸν
906 2541 1048 2611 ὑπὲρ
1070 2540 1213 2593 Θεοῦ
1246 2536 1406 2609 ζῆλον
1439 2537 1750 2601 ἀναλαϐὼν,

176 2633 253 2692 ὼς
274 2632 554 2701 ἄνθρωπος
596 2630 694 2684 τοῦ
745 2632 883 2686 Θεοῦ
919 2633 1015 2687 καὶ
1041 2634 1138 2702 τῆς
1165 2632 1427 2702 ἀληθείας
1473 2630 1624 2699 φίλος
1653 2630 1753 2684 καὶ

176 2719 270 2774 τοῦ
318 2722 472 2790 ἁγίου
530 2720 804 2795 Ἱσιδώρου
853 2725 1076 2794 γνήσιος
1118 2724 1365 2795 μαθητὴς
1421 2723 1755 2793 παραινέσῃς

174 2812 288 2873 τοῖς
312 2811 404 2864 τοῦ
441 2811 578 2863 Θεοῦ
633 2812 894 2883 ἱερεῦσιν,
948 2813 1241 2882 ἐκφεύγειν
1303 2816 1477 2867 ᾶπασι
1534 2815 1755 2884 τρόποις

173 2902 273 2973 ⁸τὴν
304 2905 587 2957 κοινωνίαν
615 2904 781 2959 αὐτοῦ
814 2907 910 2961 καὶ
946 2908 1085 2977 μήτε
1122 2907 1557 2979 συλλειτουργείν
1607 2906 1755 2977 αὑτῷ

175 2997 315 3066 μήτε
348 3000 705 3066 μνημονεύειν
739 3000 875 3061 ὅλως
932 2999 1123 3063 αὐτοῦ,
1163 3001 1301 3071 μήτε
1335 3000 1598 3071 ἀρχιερέα
1630 2998 1755 3052 τοῦ·

1836 2720 1932 2788 ,ιίε
1981 2723 2191 2777 amicus
2222 2730 2280 2778 ct
2323 2725 2498 2777 sancti
2535 2718 2727 2779 lsidnri
2797 2739 3090 2796 germanus
3147 2726 3451 2795 discipulus

1860 2815 2168 2871 exhorteris
2224 2816 2317 2871 Dei
2408 2816 2740 2881 sacerdotes,
2818 2826 2877 2872 ιιι
2925 2815 3138 2889 fugiant
3188 2819 3447 2874 omnibus

1842 2909 2043 2965 modis
2084 2908 2257 2976 ipsius
2292 2909 2757 2973 communionem,
2814 2924 2990 2978 neque
3019 2924 3142 2962 cum
3173 2923 3239 2962 eo
3290 2923 3446 2963 sacra

1862 3001 2157 3063 celebrent,
2200 3014 2376 3070 neque
2423 3015 2649 3070 prorsus
2701 3000 2824 3070 ejus
2865 3000 3443 3055 commemorationem

168 3102 287 3151 τον,
320 3088 455 3143 ἀλλὰ
487 3091 651 3145 λύκον
688 3092 784 3145 καὶ
832 3091 1104 3162 μισθωτὸν
1132 3090 1404 3162 ἡγεῖσθαι,
1457 3093 1595 3164 μήτε
1643 3093 1756 3146 λειαι-

1864 3093 2088 3160 faeiant,
2117 3109 2293 3165 neque
2321 3108 2596 3169 sunlmum
2638 3097 2977 3151 sacerdotem
3018 3112 3140 3150 eum
3181 3096 3440 3156 habeant,

168 3183 422 3259 τουργεῖν
469 3184 604 3248 ὅλως
635 3187 693 3239 ὲν
736 3188 856 3249 ταῖς
906 3187 1210 3249 λατινιιιαϊς
1266 3186 1607 3257 ἐκκλησίαις,
1667 3186 1755 3240 ἵνα

171 3276 255 3346 μὴ
285 3274 413 3348 ἔλθῃ
462 3278 556 3330 καὶ
606 3278 691 3346 ttp’
723 3277 868 3344 ὑμᾶς
907 3280 940 3350 ἠ
969 3266 1268 3331 ἐπελθοῦσα
1296 3279 1434 3350 ὀργὴ
1468 3277 1561 3331 τοῦ
1619 3277 1755 3331 Θεοῦ

164 3373 241 3442 τῇ
277 3370 843 3425 Κωνσταντινουπόλει
888 3374 975 3426 διὰ
1032 3371 1126 3435 τάς
1160 3372 1277 3424 ἐκεῖ
1332 3372 1623 3442 γινομένας
1655 3389 1757 3423 πα-

168 3467 459 3537 ρανομίας.
497 3465 738 3521 Γίνωσκε
772 3466 829 3519 δὲ
875 3467 956 3519 ὅτι
996 3466 1030 3537 ἡ
1059 3464 1418 3534 ψευδοένωσις
1451 3465 1575 3519 ὅσον
1602 3464 1756 3518 οὔπω

162 3561 244 3630 τῇ
288 3559 382 3614 τοῦ
417 3560 553 3613 Θεοῦ
614 3560 798 3630 χάριτι
842 3560 937 3614 καὶ
974 3557 1201 3630 δυνάμει
1240 3558 1625 3628 διαλυθήσεται
1662 3561 1758 3613 καὶ

160 3652 234 3705 τὸ
258 3649 438 3721 δόγμα
461 3651 570 3704 τῶν
596 3651 842 3706 Λατίνων
871 3653 990 3706 ἀντὶ
1026 3652 1120 3705 τοῦ
1160 3650 1628 3724 βεδαιωθῆναιδιὰ
1659 3651 1756 3723 τῆς

158 3744 407 3815 ψευδοῦς
446 3745 687 3807 συνόδου,
727 3746 864 3815 ὅπερ
908 3745 1001 3797 ἀεὶ
1046 3742 1400 3812 δσπούδαζον,
1442 3744 1523 3797 ἔτι
1556 3742 1756 3815 μᾶλλον

157 3839 457 3909 ἀνετράπη
495 3838 592 3892 καὶ
637 3838 880 3908 ἠλέγχθη
920 3836 1013 3889 καὶ
1041 3836 1117 3901 ὡς
1152 3835 1474 3907 βλάσφημον
1505 3838 1600 3890 καὶ
1632 3837 1759 3889 δυσ-

161 3926 336 3992 σεϐὲς
378 3928 657 3997 πανταχοῦ
707 3925 1113 3997 στηλιτεύεται.
1165 3926 1259 3978 καὶ
1300 3926 1351 3978 0i
1381 3924 1540 3978 τοῦτο
1579 3924 1757 3997 κυρώ-

160 4039 371 4084 σαντες
394 4020 515 4075 ούδὲ
547 4022 731 4093 διᾶραι
776 4021 954 4091 στόμα
985 4020 1260 4091 τολμῶσιν
1294 4020 1435 4090 ὑπὲρ
1461 4018 1649 4074 αὑτοῦ.
1695 4019 1755 4073 '0

154 4114 307 4184 γοῦν
322 4114 626 4186 καλόγηρος
646 4112 901 4186 (Ι)αὒτοῦ
931 4110 1025 4168 τοῦ
1043 4114 1310 4185 ὑμετέρου
1344 4113 1639 4184 μισθωτοῦ,
1665 4116 1759 4170 καὶ

151 4209 295 4281 οὐχὶ
352 4208 634 4279 ποιμένος,
664 4210 692 4260 ό
729 4206 889 4272 ἀνους
931 4207 1323 4278 Μονεμϐασίας
1377 4206 1556 4261 λαϐὼν
1603 4208 1757 4278 παρὰ

151 4300 267 4357 τοῦ
302 4298 577 4371 βασιλέως
606 4299 667 4352 τδ
713 4297 808 4352 τοῦ
854 4299 1161 4370 προδρόμου
1220 4300 1577 4369 ἠγουμενείον
1631 4296 1755 4350 οὔτε

154 4391 580 4466 μνημονεύεται
621 4392 773 4463 παρά
804 4392 911 4444 τῶν
933 4391 1257 4462 καλογὴρων
1305 4390 1473 4445 αὐτοῦ
1508 4388 1634 4444 οὔτε
1666 4392 1757 4442 θυ-

152 4489 372 4561 μιᾶται
395 4486 533 4550 δλως
564 4486 638 4549 ὡς
694 4484 1018 4556 Χριστιανός
1041 4500 1056 4514 ·
1086 4483 1202 4536 ἀλλ’
1230 4482 1449 4553 ἔχουσιν
1481 4483 1644 4538 αὑτὸν
1677 4487 1756 4548 εἰς

150 4582 236 4635 τὰ
269 4579 579 4652 πράγματα
630 4579 792 4650 μόνον
835 4576 1022 4649 ὥσπερ
1060 4578 1186 4630 τινὰ
1239 4575 1561 4629 κόνσουλον’
1615 4579 1711 4629 καὶ
1741 4579 1767 4630 ὁ

148 4671 437 4746 βασιλεὺς
484 4671 657 4725 ταῦτα
710 4669 1001 4739 μανθάνων
1057 4668 1251 4722 οὐδένα
1306 4658 1464 4736 λόγόν
1497 4670 1762 4731 ποιεῖται,

1863 3204 2049 3243 verum
2086 3188 2271 3257 lupum
2343 3198 2398 3243 et
2442 3191 2839 3245 mercenarium
2875 3207 2890 3256 ;
2924 3205 3098 3261 neque
3131 3189 3348 3244 demum
3394 3191 3448 3244 in

1863 3277 2072 3336 Latinis
2111 3282 2358 3337 ccclesiis
2387 3282 2693 3347 celebrent,
2736 3298 2802 3336 ne
2857 3284 3037 3338 Veniat
3073 3284 3233 3338 etiam
3286 3288 3451 3352 super

1862 3390 1958 3428 vos
1997 3376 2078 3429 ira
2124 3374 2239 3438 Dei,
2300 3391 2421 3445 quae
2463 3390 2629 3445 super
2678 3375 3214 3447 Constantinopolim
3297 3377 3449 3431 venit

1866 3479 2084 3538 propter
2113 3481 2226 3533 eas,
2261 3483 2379 3535 qnze
2437 3468 2509 3520 ibi
2546 3469 2701 3533 fiunt,
2740 3470 3215 3537 praevaricationes
3292 3470 3449 3525 Scito

1865 3569 2067 3625 autem,
2091 3561 2407 3616 ementitam
2438 3562 2585 3615 illam
2616 3562 2899 3625 unionem,
2932 3564 2985 3617 in
3015 3568 3277 3632 quantum
3308 3580 3449 3618 non-

1863 3652 1995 3707 dum
2028 3654 2298 3710 dissoluta
2326 3666 2431 3718 est,
2452 3654 2543 3709 Dei
2577 3654 2754 3724 gratia
2787 3670 2851 3711 ac
2884 3656 3089 3710 virtute
3114 3656 3445 3712 dissolutum

1868 3748 2050 3811 iri,ct
2113 3754 2324 3803 tantum
2381 3747 2570 3802 abesse
2622 3754 2683 3802 ut
2728 3746 3047 3803 Latinorum
3101 3747 3296 3817 dogma
3354 3764 3451 3819 per

1867 3839 2057 3894 falsam
2106 3838 2376 3910 synodum
2421 3839 2806 3893 conﬁrmatum
2839 3839 3024 3905 fuerit,
3060 3842 3205 3910 quod
3232 3856 3448 3910 semper

1865 3932 1915 3986 in
1941 3933 2080 3987 votis
2110 3932 2403 4000 habebant,
2437 3941 2497 3987 ut
2530 3934 2702 4003 mag's
2733 3933 2912 3988 adhuc
2944 3945 3196 3989 eversum
3231 3948 3281 3990 et
3306 3935 3453 3991 refu-

1865 4033 2036 4080 tatum
2076 4026 2244 4079 fuerit
2278 4035 2333 4081 et
2372 4035 2431 4079 ut
2458 4026 2838 4096 blnsphemum
2875 4036 2931 4081 et
2965 4028 3194 4096 impium
3249 4030 3452 4099 ubique

1866 4118 2209 4183 traducatur,
2230 4128 2286 4172 et
2313 4118 2406 4188 qui
2440 4118 2570 4172 illud
2594 4118 3014 4187 confirmarunt,
3073 4121 3112 4176 ii
3167 4136 3344 4191 neque
3387 4139 3453 4179 os

1868 4226 1966 4280 pro
2016 4225 2082 4266 eo
2143 4213 2354 4282 aperire
2401 4211 2657 4267 audeant.
2717 4212 3011 4283 Calagerns
3061 4215 3223 4286 igitur
3273 4216 3454 4286 ipsius

1867 4303 2027 4358 vestri
2078 4302 2509 4368 mercenarii,et
2567 4318 2677 4359 non
2705 4306 2968 4374 pastoris,
3002 4307 3274 4378 insipiens
3334 4309 3451 4363 Mo-

1869 4395 2285 4459 nembnsiensls,
2378 4395 2472 4465 qui
2541 4396 2611 4450 ab
2691 4396 3021 4466 imperatore
3094 4401 3458 4454 Prmcnrsoris

1873 4486 2149 4541 abbatiam
2176 4490 2410 4558 accepit,
2447 4504 2623 4558 neque
2658 4490 3237 4545 commemorationem
3290 4492 3454 4546 asuis

1879 4578 2164 4633 monachis
2214 4580 2446 4643 obtinet,
2516 4595 2692 4648 neque
2754 4582 3056 4634 honOratut‘
3106 4591 3333 4649 prorsus
3398 4594 3454 4633 ιιι

1875 4671 2241 4736 Christianus,
2279 4673 2373 4727 sed
2400 4672 2599 4726 habent
2627 4686 2753 4725 eum
2786 4672 2961 4727 solum
2999 4688 3097 4738 pro
3131 4686 3311 4725 rerum
3349 4689 3378 4726 α
3404 4679 3447 4723 t-

1877 4764 2300 4828 ministratioue,
2342 4776 2398 4817 ut
2456 4766 2743 4830 quemdam
2782 4762 3061 4816 consulem
3093 4781 3109 4826 ;
3140 4773 3304 4833 atque
3358 4764 3459 4817 im.

1867 4868 2083 4928 perator
2140 4857 2244 4911 hoc
2281 4866 2561 4925 comperto
2628 4844 2695 4909 ne
2745 4855 2969 4909 Verbum
3022 4855 3240 4923 quidem
3306 4856 3455 4916 facit.

1866 4952 1976 5007 imo
2047 4951 2249 5006 fatetur
2295 4961 2480 5019 aperte
2542 4951 2811 5019 pmiiitere
2841 4964 2901 5003 se
2958 4965 3135 5003 rerum
3161 4948 3453 5013 factarum,

1867 5053 1924 5101 et
1950 5044 2006 5099 in
2034 5057 2153 5106 eos,
2188 5043 2282 5113 qui
2314 5041 2526 5098 assensi
2559 5051 2688 5096 sunt
2715 5049 2770 5095 et
2831 5040 3299 5111 subscripserunt,
3335 5044 3455 5098 cnl-

1868 5154 1997 5209 pam
2043 5138 2326 5192 transfert.
2351 5135 2542 5205 Fugite
2570 5136 2735 5205 igitur
2763 5145 2819 5191 et
2834 5151 2951 5198 vos,
2972 5135 3191 5202 fratres,
3216 5150 3460 5191 commn-

1872 5232 2091 5287 niouem
2128 5247 2251 5285 cum
2289 5229 2395 5291 his,
2440 5227 2642 5298 quibus
2670 5243 2732 5281 ea
2785 5228 3033 5297 neganda
3062 5238 3169 5293 est,
3197 5237 3252 5281 et
3309 5244 3457 5285 com-

1871 5327 2320 5382 memorationem
2387 5339 2621 5389 eorum,
2669 5325 2760 5391 qui
2831 5322 3295 5379 conruit-morandi
3350 5338 3457 5375 non

1877 5426 2033 5474 sunt.
2068 5418 2206 5470 Ecce
2237 5432 2339 5483 ego
2391 5415 2603 5469 Marcus
2629 5424 2881 5483 peccator
2911 5414 3037 5468 dico
3090 5414 3265 5478 vobis,
3304 5428 3456 5478 eum,

1876 5510 1968 5579 qui
1996 5509 2572 5564 coitimemorationem
2613 5510 2742 5562 facit
2787 5523 2938 5577 papa:
2970 5516 3245 5577 tamquam
3276 5504 3462 5561 ortho-

142 4766 312 4822 ἀλλὰ
360 4767 459 4820 καὶ
492 4766 778 4836 μετανοεῖν
826 4763 1083 4833 ὁμολογεῖ
1129 4761 1383 4832 φανερῶς
1438 4764 1529 4814 ἐπὶ
1561 4760 1641 4831 τῷ
1672 4778 1764 4830 γεο

140 4861 360 4930 γονότι
398 4861 489 4912 καὶ
529 4858 622 4911 ἐπὶ
650 4857 776 4921 τοὺς
825 4856 1232 4924 καταθεμένους
1265 4856 1359 4908 καὶ
1408 4853 1764 4925 ὑπογράψαν-

138 4971 266 5017 τας
295 4950 624 5023 μετατίθησι
653 4950 751 5020 τὴν
779 4949 978 5003 αἰτίαν.
1034 4947 1270 5015 Φεύγετε
1301 4941 1396 5001 οὖν
1430 4947 1527 5000 καὶ
1582 4946 1765 5017 ὑμεῖς,

138 5046 421 5113 ἀδελφοὶ,
465 5043 564 5114 τὴν
597 5042 733 5112 πρὸς
756 5040 886 5103 τοὺς
909 5041 1314 5109 ἀκοινωνήτους
1353 5038 1641 5094 κοινωνίαν
1670 5040 1767 5093 καὶ

134 5138 221 5189 τὸ
251 5136 613 5207 μνημόσυνον
637 5134 745 5186 τῶν
776 5130 1229 5202 ἀμνημονεύτων.
1266 5131 1371 5185 Ἰδε
1398 5129 1510 5199 ἐγὼ
1535 5132 1767 5201 Μάρκος

132 5232 183 5284 ὁ
222 5227 568 5300 ἁμαρτωλὸς
619 5227 764 5294 λέγω
823 5227 972 5295 ὑμῖν,
1036 5226 1115 5279 ὅτι
1170 5227 1198 5277 ὁ
1259 5225 1620 5294 μνημονεύων
1666 5225 1762 5280 τοῦ

132 5321 387 5378 πάππα
418 5319 495 5385 ῶς
524 5319 806 5391 όρθοδόξου
842 5317 1141 5389 ἀρχιερέως
1182 5316 1366 5387 ἔνοχός
1423 5321 1542 5373 ἐστι
1578 5320 1760 5374 πάντα

129 5416 279 5469 τῶν
318 5416 571 5469 Λατίνων
600 5412 958 5482 ἐκπληρῶσαι
990 5412 1154 5482 μέχρι
1189 5414 1284 5464 καὶ
1306 5412 1475 5481 αὐτῆς
1502 5412 1604 5482 τῆς
1639 5430 1766 5466 κου-

130 5510 268 5581 ρᾶς
295 5506 413 5559 τῶν
436 5508 800 5575 γενείων,,ιιαὶ
817 5503 845 5555 δ
870 5504 1271 5573 λατινοφρονῶν
1300 5506 1437 5575 μετά
1461 5504 1570 5559 τῶν
1600 5506 1769 5559 Λατί-

1874 5680 2001 5742 ρους
2034 5670 2192 5737 quasi
2224 5669 2423 5742 καλοὺς
2445 5670 2736 5739 γέροντας,
2762 5668 2935 5722 bonos
2960 5681 3143 5742 senes,
3165 5672 3461 5742 se_mu_tuo

1869 5735 2203 5867 χορειιὶτέὶέ
2224 5740 2429 5797 virtute
2460 5735 2966 5796 iconsenescentes.
3011 5737 3180 5794 (ἴσον.
3231 5735 3458 5791 Ειιτιιοίε

1921 5826 1963 5866 r.
2007 5828 2061 5883 ιι.
2209 5849 2226 5869 .

265 5670 326 5739 α)
363 5670 423 5725 ιιι
465 5676 573 5733 est,
615 5666 789 5739 electo
824 5663 1193 5739 Μοιςοριιιιιισ
1219 5679 1407 5739 mense
1462 5664 1603 5720 Maio
1634 5666 1763 5721 anni

126 5733 343 5802 ιιισ,
374 5742 427 5794 in
447 5752 601 5793 suam
636 5738 879 5791 diocesln
910 5733 1128 5790 Marcus
1146 5735 1303 5789 abiit.

184 5824 187 5827 '
233 5812 329 5886 (ι)
380 5810 644 5868 Usitatius
674 5807 996 5875 καλόγερος.
1030 5804 1207 5860 αι·ωεί
1253 5806 1506 5863 monachi
1538 5806 1766 5879 καλογὲ-

528 5907 803 5977 Panos.
839 5908 960 5972 Gn.
988 5901 1181 5970 CLX.

758 6062 785 6075 κ

3018 5907 3097 5969 3ὄ

179 5999 207 6007 μ
246 5999 257 6006 α
