3970 6460
279 337 409 404 1101
447 385 454 398 .

1312 337 1410 400 DE
1443 333 1986 405 ADDITAMEN'I‘O
2025 337 2100 396 ιν
2141 328 2508 396 SYMBOLO.

3406 324 3536 394 1102

278 455 369 510 δου
404 453 672 526 σύμϐολον
703 455 938 520 πίστεως
977 455 1289 527 προηνέχθη
1317 456 1469 526 τοιρὰ
1491 454 1600 508 τῶν
1628 453 1696 506 τὰ
1747 451 1851 504 Νε-

1989 452 2167 522 yoodo
2226 449 2531 521 symbolum
2593 445 2714 502 ﬁdei
2757 444 3028 514 prolatum
3069 451 3152 499 est
3205 457 3236 498 a
3299 441 3537 498 Nestorii

283 548 493 616 στορίου
525 547 871 617 φρονούντων
908 547 1282 616 ὲκδιδόμενον,
1312 546 1432 616 ἕχον
1459 544 1558 614 τὴν
1586 544 1685 610 τῆς
1708 541 1858 610 αἱρέ-

285 657 420 702 σεως
474 640 652 706 δόξαν,
701 641 768 694 δι’
828 636 890 694 οὗ
945 643 1037 694 καὶ
1101 638 1384 708 βαπτίζειν
1410 639 1654 702 ἐτόλμων
1692 638 1748 689 ἐν
1785 637 1853 704 τῇ

285 733 452 803 Λυδίᾳ
482 733 668 796 τινάς·
696 735 852 786 τοῦτο
881 737 930 787 ot
972 734 1219 804 Πατέρες
1250 731 1663 798 ἀνεγνωσμένον
1695 728 1860 782 ὀικού-

287 843 476 889 σαντες
503 827 589 879 καὶ
630 826 730 880 οὐκ
762 828 986 879 ἀνεκτὴν
1040 828 1118 879 ἔτι
1158 827 1444 891 κρίναντες
1475 824 1579 876 ὑπὸ
1608 822 1704 875 τοῦ
1734 823 1857 890 βου-

283 917 508 984 λομένου
543 916 955 986 μεταποιεῖσθαι
981 917 1039 969 τὺ
1071 915 1370 984 σύμϐολον,
1407 916 1532 984 ὅρον
1554 914 1713 976 εὐθὺς
1733 913 1859 981 ἐξή-

201 999 204 1002 ’
294 1026 505 1074 θεγκαν,
533 1009 734 1078 μηκέτι
775 1009 978 1078 μηδένα
1010 1008 1218 1079 τολμᾷν
1245 1008 1596 1060 ἀναλλάττειν
1623 1005 1722 1076 τὴν
1753 1005 1860 1058 ὑπὸ

285 1099 390 1152 τῶν
427 1103 683 1170 Πατέρων
711 1101 1024 1154 ἐκτεθετσαν
1045 1102 1228 1155 πίστιν
1253 1101 1370 1170 ἤτοι
1405 1101 1465 1152 τὸ
1486 1099 1586 1168 τῆς
1621 1099 1858 1160 πίστεως

289 1191 573 1259 σύμϐολον.
625 1193 788 1246 Ὅθεν
835 1195 930 1246 καὶ
971 1194 1002 1246 ὁ
1042 1193 1309 1262 μακάριος
1358 1191 1628 1255 Κύοιλλος
1685 1193 1744 1244 ἐν
1791 1193 1856 1260 τῇ

287 1287 420 1354 πρὸς
445 1286 534 1337 τὸν
581 1286 908 1354 Ἀντιοχείας
944 1287 1202 1354 Ἰωάννην
1226 1284 1483 1354 ἐπιστολῇ
1525 1285 1624 1354 τὴν
1645 1285 1859 1336 οἰκείαν

285 1376 438 1440 εἰδὼς
463 1376 739 1444 ἀπόφασιν
765 1379 949 1442 (αὐτὸς
976 1378 1088 1446 γὰρ
1113 1373 1181 1447 ἦν
1202 1380 1230 1431 ὁ
1251 1378 1351 1449 τῆς
1385 1377 1629 1448 μεγάλης
1650 1377 1862 1445 ἐκείνης

288 1469 505 1522 συνόδου
534 1469 841 1540 πρόεδρος),
875 1470 1014 1521 Κατ’
1042 1467 1286 1528 οὐδένα..
1331 1468 1465 1536 φησι
1505 1466 1604 1536 (1),
1641 1467 1865 1534 τρόπον

287 1563 658 1616 σαλεύεσθαι
709 1561 1045 1628 ἀνεχόμεθα
1071 1561 1188 1626 τὴν
1229 1559 1582 1612 ἐκτεθεῖσαν
1603 1559 1724 1613 ὑπὸ
1746 1555 1865 1610 τῶν

288 1652 560 1719 Πατέρων
584 1651 754 1719 ἡμῶν
784 1652 994 1704 πίστιν
1017 1648 1149 1718 ἦτοι
1178 1650 1242 1702 τὸ
1285 1647 1394 1716 τῆς
1425 1649 1686 1713 πίστεως
1714 1648 1868 1716 σύμ-

287 1747 470 1799 ϐολον
493 1763 506 1777 ·
539 1744 676 1799 οὔτε
708 1744 835 1812 μὴν
873 1742 1283 1811 ἐπιτρέπομεν
1314 1741 1550 1807 ἑαυτοῖς
1578 1741 1616 1808 ἢ
1643 1738 1866 1807 ἑτέροις

239 1819 241 1822 ί
287 1836 324 1904 ἢ
350 1835 524 1898 λέξιν
568 1835 815 1904 ἀμεῖψαι
857 1835 975 1887 τῶν
1003 1833 1362 1902 ἐγκειμένων
1390 1833 1627 1896 ἐκεῖσε,
1653 1832 1691 1899 ἢ
1720 1831 1871 1899 μίαν

289 1929 436 1999 γοῦν
467 1927 804 1996 παραϐῆναι
851 1928 1199 1993 συλλαϐὴν,
1243 1924 1612 1994 μεμνημένοι
1640 1923 1747 1977 τοῦ
1772 1921 1869 1976 λέ-

289 2036 536 2091 τοντος·
573 2021 670 2089 Μὴ
721 2021 962 2091 μέταιρε
1002 2021 1133 2088 ὅρια
1187 2019 1412 2083 αἰώνια,
1465 2014 1503 2070 ἆ
1561 2017 1770 2071 ἔθεντο
1817 2018 1870 2070 ol

291 2114 545 2180 πατέρες
575 2129 691 2166 σου
711 2128 726 2144 ’
762 2114 834 2166 οὐ
865 2112 974 2176 γὰρ
1007 2106 1187 2179 ’ἦσαν
1217 2107 1388 2163 αὐτοὶ
1417 2111 1469 2161 οἱ
1503 2105 1868 2171 λαλοῦντες,

290 2205 448 2260 ἀλλὰ
478 2207 543 2259 τὸ
574 2205 816 2274 Πνεῦμα
846 2205 953 2257 τοῦ
984 2203 1211 2271 Πατρός
1263 2202 1294 2255 ὃ
1323 2201 1704 2269 ἐκπορεύεται
1755 2199 1872 2267 μὲν

291 2297 357 2360 ἐξ
391 2296 598 2361 αὐτοῦ,
629 2298 760 2350 ἔστι
791 2295 858 2348 δὲ
892 2299 1001 2378 οὑξ
1033 2296 1356 2362 ἀλλότριον
1402 2294 1510 2348 τοῦ
1562 2291 1696 2346 Υἰοῦ
1722 2290 1873 2345 κατὰ

290 2389 398 2441 τὸν
428 2385 538 2454 τῆς
568 2387 785 2452 οὐσίας
835 2387 1044 2454 λόγον.
1105 2384 1352 2446 ’Λκούεις
1412 2383 1487 2446 ὡς
1529 2382 1589 2435 οὐ
1619 2382 1717 2452 τὴν
1755 2382 1871 2435 διά-

273 2475 442 2532 ’νοιαν
468 2479 651 2549 μόνον,
682 2479 817 2532 ἀλλὰ
848 2479 940 2531 καὶ
971 2477 1113 2548 (τὴν)
1147 2475 1294 2541 λέξιν
1319 2475 1416 2528 xui.
1455 2473 1734 2543 συλλαὸὴν
1761 2491 1872 2525 κως

293 2570 407 2622 λύει
437 2572 746 2639 μεταποιεῖν
775 2587 834 2622 τε
874 2571 969 2623 καὶ
993 2569 1374 2639 παραὸαίνειν.
1407 2571 1528 2620 οὐκ
1559 2565 1872 2634 ἐπιτρέπο-

293 2679 423 2728 μεν,
464 2665 655 2729 φησιν,
699 2662 1010 2730 ἐαυτοῒς,ἤ
1047 2663 1292 2730 ἑτέροις,
1345 2662 1422 2725 ὡς
1471 2663 1534 2714 ἐκ
1576 2662 1870 2730 προσώπου

298 2757 395 2820 τῆς
423 2755 642 2807 συνόδου
696 2755 910 2823 miqu
964 2754 1142 2808 καίτοι
1169 2771 1232 2820 γε
1271 2754 1624 2823 οἰκουμενικὴ
1652 2753 1873 2817 σύνοδος

296 2840 436 2914 ἦσαν
464 2859 479 2875 ·
512 2844 631 2897 ἀλλ’
649 2844 805 2896 αὐτοὶ
851 2843 944 2896 τὸν
982 2843 1106 2912 ὅρον
1134 2840 1320 2894 ἔθεντο
1346 2841 1806 2909 τῆςζκωλύσεωςο,

372 2937 530 2991 ΛΑΤ.
579 2935 711 3007 Οὐκ.
781 2936 920 2990 Ἀλλ’
981 2935 1214 3002 ἑτέραν,
1273 2932 1431 3002 φησὶ,
1487 2933 1718 2996 πίστιν,
1773 2933 1874 3003 τὴν
1921 2955 1926 2962 ·

298 3029 570 3091 ἐναντίαν,
595 3029 694 3100 τὴν
717 3027 977 3096 ἀλλότρια
1000 3024 1438 3096 τῆςἘκκληοίας
1462 3024 1706 3094 δόγματα
1727 3024 1876 3094 ἔχου-

1959 546 2184 602 asseclis
2215 545 2443 608 editum,
2486 541 2630 612 quod
2662 540 2970 594 haereticam
2999 536 3322 592 sententiam
3351 536 3532 592 conti-

1959 636 2122 690 nebat
2150 644 2204 690 et
2267 649 2364 703 per
2414 631 2559 701 quod
2613 630 2775 686 etiam
2834 629 3110 696 baptizare
3146 627 3411 697 quosdam
3481 627 3534 680 in

1959 727 2128 796 Lydia
2162 726 2434 780 audebant
2477 723 2578 792 (al.
2616 725 2729 776 Hoc
2759 719 2949 776 Patres
3003 720 3312 790 praelectum
3371 735 3538 786 quum

1965 818 2307 874 audivissent
2345 825 2400 873 et
2432 817 2660 871 minime
2717 816 3064 870 tolerandum
3099 814 3150 868 id
3197 815 3542 882 iudicassent

1964 911 2033 964 ab
2063 925 2130 964 eo
2163 911 2256 979 qui
2311 908 2618 977 symbolum
2653 907 2945 961 immutare
2980 905 3158 970 vellet,
3189 907 3368 960 statim
3399 903 3543 958 deli-

1964 1003 2226 1056 niIionem
2287 1000 2655 1070 protulerunt,
2709 1013 2778 1053 ne
2841 999 3077 1067 amplius
3131 999 3255 1067 quis
3310 997 3542 1051 auderet

1966 1094 2257 1147 immutare
2301 1091 2458 1145 [idem
2516 1105 2544 1144 a
2614 1089 2868 1144 Patribus
2918 1087 3219 1158 expositam
3282 1089 3363 1143 vel
3417 1087 3537 1142 ﬁdei

1965 1184 2293 1256 symbolum.
2327 1182 2510 1249 Quare
2543 1191 2598 1237 et
2631 1183 2823 1236 beatus
2864 1180 3100 1252 Cyrillns
3131 1181 3186 1234 in
3217 1181 3447 1248 epistola
3472 1183 3536 1234 ad

1962 1275 2226 1330 Joannem
2258 1274 2662 1330 Autioclieoum
2714 1273 2880 1342 probe
2931 1273 3112 1328 sciens
3163 1289 3316 1327 suam
3367 1269 3538 1341 ipsius

1965 1367 2384 1439 praeceptionem
2435 1368 2572 1439 (ipse
2596 1367 2739 1422 enim
2771 1377 2887 1422 erat
2913 1381 3120 1437 magna?
3153 1357 3300 1420 illius
3345 1365 3540 1436 synodi

1965 1465 2204 1536 praeses),
2241 1462 2407 1518 Nulto
2432 1463 2604 1528 modo,
2639 1463 2838 1533 inquit,
2878 1463 3096 1517 sinimus
3124 1463 3330 1516 concuti
3379 1459 3540 1531 ﬁdem

1965 1575 1998 1610 a
2035 1556 2283 1611 Patribus
2325 1558 2518 1610 nostris
2549 1555 2838 1624 expositam
2864 1556 2969 1609 sive
3029 1555 3152 1624 ﬁdei
3204 1553 3491 1626 symbolum
3523 1571 3543 1616 ;

1967 1667 2131 1717 neque
2159 1653 2296 1704 enim
2331 1660 2421 1704 aut
2453 1651 2600 1705 nobis
2631 1661 2723 1704 aut
2752 1650 2850 1703 ulli
2875 1650 3110 1704 omniuo'
3141 1650 3296 1703 alteri
3328 1651 3544 1719 permit-

1973 1746 2148 1806 timus,
2173 1743 2252 1798 vel
2285 1760 2446 1798 unam
2501 1743 2730 1798 vocalem
2771 1729 3056 1798 immutare
3089 1743 3160 1797 ibi
3189 1745 3433 1811 positam,
3468 1743 3550 1795 vel

1972 1853 2135 1889 unam
2166 1837 2328 1890 etiam
2377 1823 2643 1904 syllabam
2679 1835 2972 1903 prwterire,
3022 1850 3273 1888 memores
3307 1836 3418 1900 ejus
3456 1835 3550 1901 qui

1971 1927 2148 1980 dixit:
2176 1926 2258 1980 Ne
2288 1929 2579 1998 transferas
2631 1929 2882 1980 terminos
2915 1937 3137 1980 retentos
3201 1927 3502 1994 (antiquos)
3528 1967 3544 1990 ,

1973 2035 2101 2089 quos
2161 2025 2448 2090 posuerunt
2507 2027 2684 2088 patres
2745 2019 2842 2072 tui.
2880 2017 3002 2072 Non
3060 2021 3196 2073 enim
3248 2019 3346 2084 ipsi
3396 2025 3550 2072 erant

1973 2115 2063 2182 qui
2091 2112 2463 2181 loquebantur,
2513 2113 2605 2165 sed
2659 2111 2883 2177 Spiritus
2922 2115 3121 2176 Putris,
3172 2114 3262 2180 qui
3317 2113 3549 2181 procedit

1973 2207 2181 2276 quidem
2213 2208 2431 2276 exipso,
2457 2223 2548 2260 nec
2577 2206 2637 2259 ob
2683 2206 2739 2259 id
2765 2215 2942 2260 tamen
2976 2206 3184 2260 alienus
3219 2217 3296 2261 est
3337 2226 3367 2262 a
3406 2207 3550 2262 Filio

1972 2295 2258 2350 secundum
2291 2296 2527 2351 assentire
2559 2297 2835 2351 rationem.
2871 2299 2924 2368 ,Α
2939 2297 3057 2350 udis
3123 2299 3398 2367 quomodo
3443 2315 3548 2354 non

1975 2391 2302 2446 sententiam
2331 2395 2640 2457 dumtaxat,
2675 2391 2767 2446 sed
2817 2391 2980 2446 etiam
3008 2393 3171 2448 verba
3197 2401 3248 2446 et
3312 2393 3550 2463 syllabas

1976 2482 2267 2536 immutare
2311 2490 2367 2536 et
2419 2484 2727 2549 transgredi
2788 2489 2952 2536 vetat.
2998 2481 3122 2536 Non
3179 2484 3551 2552 permittimus,

1976 2575 2174 2642 inquit,
2206 2575 2354 2628 nobis
2382 2575 2460 2628 vel
2485 2575 2626 2639 aliis,
2660 2586 2918 2644 tanquam
2957 2591 3020 2630 ex
3055 2591 3285 2644 persona
3339 2577 3556 2630 univer-

1971 2675 2054 2722 sae
2093 2666 2306 2736 synodi.
2329 2665 2397 2720 Et
2425 2677 2603 2720 tamen
2625 2667 2679 2720 hi
2721 2669 3058 2722 (ei-timenica
3095 2667 3334 2738 synodus
3373 2679 3550 2722 erant.

1983 2756 2179 2812 Verum
2215 2758 2318 2828 ipsi
2351 2758 2718 2814 deﬁnitionem
2774 2760 3013 2814 tulerunt
3043 2761 3426 2830 prohibitionis
3453 2761 3548 2831 (ὁ).

2047 2937 2204 2993 LAT.
2235 2938 2475 2994 Minime.
2510 2938 2613 2995 Sed
2661 2939 2841 2997 aliam,
2867 2939 3041 3010 inquit
3065 2905 3550 3010 (conc.ICbalced.)

1980 3033 2160 3101 fidem,
2217 3031 2464 3086 videlicet
2539 3033 2894 3096 contrariam,
2951 3032 3128 3086 aliena
3184 3032 3253 3085 ab
3310 3031 3554 3087 Ecclesia

301 3136 434 3174 σανο
472 3121 595 3173 ἐπεὶ
634 3121 666 3191 ή
713 3117 1016 3183 ἀνάπτυξιν
1059 3117 1156 3168 καὶ
1197 3116 1524 3186 ,σαφήνειαν
1567 3115 1766 3186 ἔχουσα.
1789 3115 1874 3168 πί-

1986 3113 2236 3195 dogmata
2274 3125 2589 3180 habentem.
2611 3125 2747 3179 Nam
2781 3123 2934 3192 ﬁdes,
2970 3141 3093 3192 qua:
3127 3125 3553 3194 explicationem

303 3231 420 3277 στις
464 3215 563 3265 οὐκ
600 3213 664 3266 ἂν
694 3212 781 3280 εἴη
815 3213 1030 3272 πάντως
1060 3208 1223 3278 ἑτέρα
1251 3249 1264 3272 ,
1305 3206 1410 3260 κᾶν
1446 3208 1564 3278 μιᾷ,
1601 3207 1706 3262 κᾶν
1751 3207 1878 3260 πολο

300 3307 417 3368 λαίς
439 3305 669 3376 διαφέρῃ
692 3303 922 3368 λέξεσιν.

376 3398 480 3451 ΓΡ.
505 3395 776 3463 Θαυμάζω
829 3395 944 3458 πῶς
993 3394 1094 3447 οὐκ
1141 3393 1248 3446 ἀπὸ
1288 3393 1397 3446 τῶν
1426 3392 1626 3458 λέξεων
1651 3391 1880 3462 δοκιμάο

303 3490 419 3554 ζεις
447 3489 546 3558 τὴν
595 3489 832 3541 διάνοιαν
875 3487 984 3537 τιῦν
1025 3485 1313 3547 εἰπόντων,
1365 3485 1500 3537 ἀλλὰ
1549 3483 1748 3552 μᾶλλον
1778 3483 1878 3546 τὰς

301 3583 472 3648 λέξεις
495 3581 674 3644 ἕλκεις
718 3581 856 3649 πρὸς
894 3578 956 3631 ab
989 3577 1187 3630 σαυτοῦ
1227 3577 1507 3647 βούληται
1534 3576 1608 3628 Τὸ
1651 3576 1763 3647 γὰρ
1817 3575 1880 3628 τὸ

302 3678 490 3746 ἓτερον
520 3673 726 3728 οἴεσθαι
756 3672 817 3726 τὸ
848 3671 1087 3724 ἐναντίον
1114 3667 1308 3741 δηλοῦν
1354 3668 1545 3739 ἀνδρός
1573 3670 1721 3721 ἐστιν
1747 3667 1880 3722 ἀσό-

305 3787 408 3838 φου
433 3767 552 3821 οὐδέ
611 3767 812 3828 εἰδότος
864 3763 1201 3832 ἐφαρμόζειν
1252 3765 1318 3832 τῇ
1375 3761 1484 3813 τῶν
1537 3761 1881 3832 πραγμάτων

306 3862 466 3930 φύσει
491 3859 586 3931 τὴν
611 3858 824 3925 ἐκὰστῳ
855 3854 1194 3923 κατάλληλον
1217 3853 1383 3918 λέξιν.
1427 3854 1554 3908 Ἐπὶ
1581 3852 1742 3905 πλέον
1774 3853 1883 3920 γὰρ

309 3958 476 4027 δήπου
506 3955 596 4006 τοῦ
627 3953 872 4008 ἐναντίου
902 3950 965 4003 τὸ
986 3950 1176 4020 ἕτερον
1204 3950 1298 4001 καὶ
1345 3947 1404 4000 οὐ
1461 3948 1570 4000 πᾶν
1610 3945 1670 3998 τὸ
1697 3945 1884 4015 ἕτερόν

304 4066 451 4110 τινος
489 4048 589 4120 ἤδη
622 4047 714 4100 καὶ
746 4041 986 4097 ἐναντίον
1005 4057 1019 4072 ⁸
1045 4041 1330 4108 ἄνθρωπος
1366 4039 1475 4110 γὰρ
1504 4038 1672 4090 ἵππου
1698 4037 1884 4106 ἕτερον

311 4139 410 4207 μὲν
438 4137 515 4206 τῷ
565 4133 719 4199 εἴδει,
748 4132 990 4186 ἐναντίον
1022 4131 1078 4183 δὲ
1106 4128 1358 4198 οὐδαμῶς
1381 4143 1394 4156 ·
1443 4129 1510 4198 τῇ
1565 4127 1674 4194 γὰρ
1725 4126 1885 4195 οὐσίᾳ

308 4228 465 4280 οὐδὲν
495 4225 757 4278 ἐναντίον.
793 4223 908 4278 Οὐκ
938 4221 1003 4276 ἂν
1027 4218 1120 4275 οὖν
1143 4221 1230 4275 διὰ
1256 4221 1356 4288 τῆς
1389 4219 1596 4286 ἐτέρας
1623 4217 1884 4282 πίστεως

309 4319 407 4392 τὴν
463 4319 710 4372 ἐναντίαν
758 4317 1002 4386 ἐδηλουν,
1042 4316 1232 4385 ὥσπερ
1274 4315 1449 4378 οὐδεὶς
1483 4314 1570 4368 διὰ
1622 4313 1714 4368 τοῦ
1743 4312 1883 4378 ζὼου

309 4413 460 4483 δηλοί
493 4411 580 4464 τὸν
614 4408 922 4480 ἄνθρωπον.
954 4448 968 4462 .
1010 4447 1025 4462 .
1067 4446 1082 4461 .
1130 4449 1142 4462 .
1189 4447 1202 4461 .
1248 4448 1260 4461 .

382 4593 536 4648 ΛΑΤ.
579 4590 720 4659 Ἐγὼ
759 4591 859 4658 μὲν
889 4591 1100 4643 οὐδέπω
1133 4555 1297 4659 μέχρι
1333 4589 1427 4641 καὶ
1486 4586 1583 4641 νῦν
1617 4587 1789 4656 ἔφθην
1820 4586 1888 4640 τὰ

308 4685 534 4738 τοιαῦτα
565 4683 894 4754 μεμαθηκώς
918 4701 932 4715 ⁸
959 4682 1230 4751 θαυμάζω
1259 4681 1316 4733 δέ
1345 4680 1440 4734 νῦν
1469 4680 1568 4750 ἤδη
1607 4680 1734 4743 τοὺς
1789 4680 1889 4750 τὴν

314 4778 632 4848 προσθήκην
676 4777 733 4841 ἐξ
777 4775 954 4845 ἀρχῆς
979 4774 1380 4843 τολμήσαντας,
1416 4774 1462 4824 εἰ
1495 4773 1764 4824 τοσούτων
1794 4771 1890 4822 δν-

310 4887 419 4922 των
473 4870 581 4922 τῶν
631 4867 970 4937 κωλυμάτων
1019 4867 1116 4918 οὐκ
1175 4865 1482 4936 ᾐδέσθησαν
1513 4863 1662 4932 ὅμως
1714 4861 1886 4932 αὐτὴν

312 4960 548 5025 ἐξειπεῖν
581 4961 676 5011 καὶ
702 4959 812 5022 τοῖς
841 4957 960 5026 μετ’
999 4956 1196 5017 αὐτοὺς
1224 4951 1589 5024 παραδοῦναι.

391 5118 468 5190 (l)
497 5119 698 5172 (Ionler
742 5116 991 5168 eumdem
1051 5123 1182 5172 text.
1229 5113 1370 5182 apud
1431 5112 1642 5167 Camat.
1670 5128 1723 5167 c.
1759 5112 1883 5169 10L

317 5189 416 5245 Gr.
454 5191 603 5242 urth.
637 5198 676 5239 ι.
709 5185 772 5244 Il,
811 5200 862 5248 p.
901 5184 1028 5248 452,
1060 5183 1213 5248 455.)

403 5228 416 5241 .
454 5201 603 5242 ortu.
637 5201 676 5239 t.
709 5201 772 5244 ιι.
811 5201 862 5248 p.
901 5201 1028 5248 sua,
1060 5201 1187 5236 suo.

371 5205 416 5241 r.
454 5198 603 5242 ortb.
637 5198 676 5239 t.
709 5198 772 5244 Il.
811 5200 862 5253 p.
901 5198 1028 5248 432,
1060 5198 1213 5248 sua.)

392 5259 468 5324 (a)
504 5257 636 5310 Vide
659 5271 816 5309 conc.
844 5253 1099 5324 Ephesiuj
1137 5268 1282 5324 sess.
1304 5251 1370 5324 Vl:
1399 5251 1562 5306 llard.
1591 5267 1748 5307 conc.
1776 5261 1816 5306 ι.
1843 5251 1884 5316 Ι,

319 5347 372 5401 p.
408 5321 546 5401 15ιῇ
577 5343 693 5401 seq.
725 5321 920 5384 Mausi,
955 5334 994 5401 ιε
1023 5321 1112 5386 IV,
1143 5339 1206 5401 ρ..
1237 5321 1371 5375 1547
1408 5338 1524 5389 seq.

395 5401 467 5469 (ὁ)
497 5397 627 5463 Quae
655 5391 1082 5469 insequentibus
1107 5392 1402 5469 ad_i_luniur,_
1429 5400 1558 5469 sunt
1587 5409 1602 5469 :_
1633 5391 1889 5469 lsTheo-

322 5460 495 5523 doreti
521 5460 688 5519 verba
716 5466 781 5519 de
806 5460 1010 5518 litteris
1037 5478 1102 5517 ex
1134 5460 1365 5530 Egypto
1392 5463 1444 5514 in
1483 5463 1881 5518 Antiocbcnum

323 5538 753 5609 patriarchatum
786 5535 999 5609 missis,
1032 5548 1158 5609 qua:
1191 5534 1310 5609 vide
1341 5547 1504 5609 supra
1533 5535 1720 5609 -apuil_
1755 5532 1891 5609 Gre-

321 5599 534 5680 'gorium
593 5599 1264 5680 constantiuopolitanuin_
1300 5599 1544 5680 iu‘Marci
1587 5601 1888 5680 confessio—

323 5670 445 5732 ῖιοιιι
470 5693 587 5742 cap.
628 5675 708 5740 V;
747 5674 804 5726 2°
831 5670 998 5728 Cone.
1028 5670 1610 5742 Chalced._l)ccretum
1649 5687 1788 5742 sess.
1821 5673 1886 5729 V.

326 5746 513 5818 (Hard.
538 5739 606 5818 ill,
632 5739 1054 5818 p.d:‘._i$_.il\r_lansi_
1077 5741 1192 5818 VII,
1226 5740 1436 5818 il8.—_
1458 5739 1604 5793 I'atr.
1635 5741 1726 5795 Gr.
1755 5753 1888 5798 tom.

325 5811 434 5894 Cll,
460 5833 515 5888 p.
552 5817 682 5886 alii,
713 5815 863 5885 565.)
893 5813 1018 5894 llaec
1045 5814 1148 5868 hoc
1182 5813 1300 5867 loco
1331 5811 1531 5866 omissa
1567 5823 1717 5867 sunt.

1982 3227 2036 3273 et
2070 3217 2519 3272 dilucidationem
2560 3216 2830 3284 continet,
2861 3231 2970 3270 non
3003 3217 3106 3271 erit
3165 3231 3389 3286 prorsus
3426 3229 3558 3272 con-

1982 3311 2173 3374 traria,
2207 3309 2324 3364 sive
2363 3324 2494 3372 uno,
2521 3299 2640 3366 sive
2668 3308 2856 3365 multis
2896 3311 3077 3364 verbis
3105 3308 3341 3364 diﬂ‘erat.

2053 3399 2168 3455 GR.
2206 3400 2372 3455 Miror
2403 3399 2680 3470 quomodo
2735 3414 2840 3454 non
2875 3414 2943 3453 ex
2985 3399 3163 3453 verbis
3212 3413 3406 3454 eruere
3445 3407 3562 3452 ten-

1985 3504 2068 3548 tas
2093 3507 2316 3548 sensum
2345 3487 2709 3559 loquentium,
2739 3490 2835 3544 sed
2857 3490 3037 3560 potius
3082 3490 3242 3544 verba
3285 3489 3458 3545 trahis
3493 3491 3560 3544 ad

1984 3595 2138 3640 tuum
2171 3585 2449 3654 proprium
2491 3583 2911 3652 beneplacitum.
2942 3581 3076 3637 Nam
3103 3583 3354 3638 arbitrari
3411 3581 3562 3637 aliud

1986 3678 2295 3748 significare
2329 3677 2382 3732 id
2406 3677 2548 3744 quod
2579 3675 3059 3738 contrarium,viri
3093 3677 3317 3730 minime
3342 3677 3560 3746 sapien-

1989 3771 2059 3824 tis
2089 3779 2195 3833 est,
2229 3779 2284 3823 et
2329 3767 2449 3838 ejus
2473 3767 2566 3836 qui
2601 3767 2916 3836 neutiquam
2943 3767 3156 3821 noverit
3185 3782 3367 3820 rerum
3399 3776 3562 3831 natu-

1988 3881 2061 3918 rte
2095 3863 2318 3916 verbum
2370 3861 2592 3915 cuilibet
2646 3861 3294 3932 congruum-adamare.
3373 3859 3562 3916 Latius

1987 3956 2134 4010 enim
2168 3963 2315 4025 patet
2347 3954 2495 4008 aliud
2531 3967 2629 4008 seu
2653 3952 2958 4016 diversum,
2992 3967 3154 4020 quam
3200 3953 3563 4014 contrarium,

1986 4055 2040 4099 et
2071 4057 2176 4096 non
2225 4056 2388 4096 omne
2437 4041 2582 4112 quod
2624 4055 2654 4094 a
2687 4041 2941 4111 quopiam
2981 4040 3254 4095 diversum
3281 4051 3388 4108 est,
3448 4041 3562 4111 jam

1988 4135 2036 4188 ei
2066 4143 2150 4188 est
2195 4132 2557 4187 contrarium.
2616 4131 2808 4196 llomo,
2842 4131 2994 4185 verbi
3047 4132 3244 4200 gratia,
3280 4131 3424 4186 aliud
3480 4141 3565 4186 est

1988 4226 2171 4294 specie
2222 4225 2291 4279 ab
2353 4238 2516 4293 equo,
2575 4222 2912 4278 contrarium
2969 4237 3098 4276 vero
3158 4203 3325 4276 nullo.
3375 4221 3558 4276 modo.

1991 4301 2321 4375 substantia:
2363 4318 2510 4372 enim
2573 4315 2707 4370 nihil
2747 4325 2832 4371 est
2893 4316 3249 4370 contrarium.
3279 4313 3396 4368 Non
3433 4331 3564 4386 ergo

1911 4447 1965 4507 Β
1993 4427 2086 4481 per
2127 4411 2291 4465 aliam
2351 4410 2507 4479 ﬁdem
2563 4409 2942 4479 signiﬁcarunt
2975 4407 3162 4466 Patres
3213 4410 3565 4472 contrariam,

1992 4504 2134 4560 sicut
2169 4518 2329 4559 nemo
2352 4517 2447 4572 per
2467 4501 2668 4556 animal
2698 4501 2970 4572 signiﬁcat
3025 4502 3296 4555 hominem
3340 4500 3431 4567 (c).

2062 4595 2220 4654 LAT.
2251 4596 2363 4668 Ego
2380 4596 2599 4665 quidem
2637 4594 2922 4664 hucusque
2946 4595 3070 4648 talia
3104 4593 3346 4648 nondum
3377 4591 3568 4656 didici;

1993 4689 2164 4744 miror
2191 4698 2371 4745 autem
2406 4688 2518 4756 jam
2552 4701 2670 4750 eos,
2699 4685 2792 4756 qui
2839 4683 3092 4753 primitus
3127 4683 3265 4738 hanc
3323 4683 3564 4737 additio-

1997 4796 2119 4835 nem
2157 4781 2335 4836 facere
2374 4779 2493 4832 ausi
2544 4787 2692 4842 sunt,
2731 4776 2872 4844 quod
2924 4790 3051 4830 cum
3077 4783 3158 4829 tot
3208 4787 3392 4830 essent
3445 4794 3569 4845 pro-

1995 4872 2310 4936 hibitiones,
2348 4879 2529 4924 tamen
2559 4884 2666 4922 non
2696 4876 2824 4924 sunt
2847 4867 3006 4922 veriti
3038 4882 3155 4923 eam
3210 4867 3391 4938 eloqui
3418 4887 3567 4925 eam-

1993 4978 2099 5034 que
2133 4962 2365 5033 posteris
2401 4955 2774 5014 transmittere
2801 4957 2894 5028 (c).

2066 5115 2748 5188 (c)Erovoca_t_‘brevileri
2784 5113 2850 5167 ad
2905 5115 3203 5188 concilium
3276 5115 3566 5188 septimum

1994 5183 2128 5245 act.
2167 5187 2257 5249 Vl,
2309 5203 2360 5242 a.
2394 5185 2519 5248 880,
2573 5195 2626 5239 et
2685 5187 2750 5239 ad
2807 5200 3048 5254 spuriam
3100 5185 3324 5240 Joannis
3356 5183 3468 5237 Vill
3503 5185 3569 5238 ad

1992 5258 2240 5315 eumdem
2274 5259 2527 5312 Pliotium
2557 5257 2864 5322 epistolam,
2901 5257 3082 5324 ibique
3130 5269 3354 5324 prorsus
3381 5256 3569 5307 iisdem

1995 5329 2163 5384 utitur
2185 5327 2382 5390 verbis,
2416 5342 2537 5391 quae
2565 5326 2617 5378 in
2647 5327 2762 5394 ejus
2819 5325 3175 5381 Coul‘essione
3209 5337 3370 5392 Supra
3402 5325 3569 5391 edita,

1993 5416 2116 5468 cap.
2143 5397 2258 5450 XVI
2295 5407 2347 5468 et
2385 5394 2545 5468 XV'ﬁll,
2577 5397 2847 5468 leguntur.

2067 5463 2142 5540 (ιι)
2172 5467 2436 5540 Nimirum
2470 5463 2690 5520 Latinus
2724 5467 2896 5540 victas
2924 5465 3017 5518 dat
3044 5480 3260 5525 manus,
3302 5472 3359 5517 ut
3393 5463 3569 5540 Ephe-

1994 5535 2083 5593 sio'
2105 5539 2325 5606 placuit.
2380 5536 2482 5592 Eas
2521 5547 2718 5606 tanbn
2778 5535 3092 5589 Graecorum
3142 5547 3392 5606 rationes
3437 5536 3572 5606 satis

1994 5603 2236 5664 inﬁrmas
2266 5617 2318 5660 et
2353 5608 2464 5676 jam
2512 5605 2770 5660 Ferraria:
2809 5606 3125 5673 plerumque
3165 5603 3426 5676 refulatas
3468 5603 3576 5657 La-

1996 5681 2092 5733 tiui
2156 5678 2357 5731 dudum
2431 5686 2742 5744 perspectas
2801 5676 3104 5730 habuerunt
3175 5675 3350 5744 iisque
3425 5677 3575 5728 nullo

1997 5763 2223 5820 prorsus
2254 5747 2468 5817 negotio
2503 5755 2881 5802 occurrerunt.
