3970 6460
242 417 372 484 1109
1291 420 1390 482 DE
1431 419 1833 482 PRAEDESTI‘

1940 401 2169 480 TIONE
2223 415 2370 479 LIB.
2399 417 2450 478 ι.
3346 407 3482 472 1110

245 531 336 598 ρέν
351 529 530 583 τοίνυν
561 530 667 584 τῶν
699 530 918 604 ἀτόμων
949 534 1316 604 προμηθεῖται
1369 537 1615 600 ἐκείνων,
1661 536 1804 605 άπερ
1841 538 1878 593 Α
1908 535 2122 603 σώματι
2141 531 2430 602 ἀνθρώπου
2451 529 2576 585 νέαν
2597 527 2771 594 κτίζει
2803 524 3000 598 ψυχὴν,
3045 523 3132 578 ἵνα
3169 522 3306 591 μήτε
3352 519 3484 582 ἐξω-

245 621 458 690 ἀμέσως
490 611 568 686 ε’ίς
597 623 761 678 αὐτὸν
793 627 1080 680 τάττονται
1119 629 1212 683 καὶ
1233 630 1456 698 ἀμέσως
1479 629 1645 682 αὐτοῦ
1671 645 1806 682 ποτε

245 713 490 768 δύνανται
519 716 830 781 ἀπολαύειν,
863 716 950 772 οἷα
975 719 1036 788 δὴ
1069 720 1136 775 τά
1187 721 1286 785 τῆς
1339 721 1564 791 λογικῆς
1630 721 1808 790 ἄτομα

245 803 476 870 φύσεως.
505 806 614 859 Καὶ
645 808 732 860 διά
763 807 922 862 τοῦτο
945 808 1047 863 ποῦ
1087 811 1182 880 μέν
1225 809 1332 864 τῶν
1362 811 1556 878 λογίων
1583 813 1700 864 ἐστὶ
1749 813 1812 865 τὸ

244 895 406 964 χωρὶς
433 895 526 948 τοῦ
559 897 702 952 θείου
735 899 1037 969 θελήματος
1093 901 1226 970 μηδὲ
1259 903 1542 970 στρουθίον
1596 907 1661 972 τῇ
1711 920 1813 956 πα-

244 985 345 1052 γίδι
375 987 692 1056 ἐμπίπτειν,
723 991 826 1044 ποῦ
855 991 912 1044 δὲ
943 991 1004 1044 τὸ
1035 993 1203 1062 μηδὲν
1233 993 1312 1062 τῷ
1354 994 1472 1064 Θεῷ
1525 999 1650 1066 περὶ
1703 997 1812 1048 τῶν

250 1078 380 1147 βοῶν
407 1079 612 1145 μέλειν,
647 1082 786 1136 πάνυ
817 1083 1171 1150 ἀληθεύοντος
1234 1085 1516 1156 ἑκατέρου.
1580 1087 1668 1150 Ὣς
1705 1092 1812 1157 γὰρ

247 1171 384 1222 κατά
415 1171 556 1224 θεῖον
581 1171 792 1242 θέλημα
850 1175 1128 1243 στρουθίον
1183 1175 1487 1239 ἁλίσκεται,
1537 1175 1677 1230 οὓτω
1723 1177 1814 1230 καὶ

249 1258 364 1327 βόες
392 1259 687 1330 τρέφονταί
716 1279 774 1314 τε
805 1261 898 1314 ὑπ’
947 1263 1251 1334 ἀνθρώπων
1296 1264 1391 1320 καὶ
1425 1263 1664 1319 θύονται.
1716 1267 1814 1319 Ὃν

245 1350 522 1420 δὲτρόπον
547 1352 608 1404 ού
640 1352 894 1424 μέλειτῷ
920 1353 1040 1423 Θεῷ
1081 1355 1213 1424 περὶ
1257 1355 1362 1409 τῶν
1413 1355 1574 1426 βοῶν,
1627 1357 1816 1410 τοῦτον

247 1441 363 1494 οὐδὲ
397 1442 504 1494 τῶν
534 1445 830 1513 στρουθίων
869 1446 1018 1516 αύτῴ
1049 1447 1225 1516 μέλει.
1277 1448 1456 1502 ’Μέλει
1507 1448 1616 1518 γάρ
1665 1447 1815 1517 αὐτῷ

250 1534 370 1603 περὶ
406 1533 588 1587 αὐτῶν
616 1525 754 1588 ὥστέ
786 1537 1128 1590 ἀπολαύοντα
1152 1537 1247 1591 τοῦ
1281 1535 1442 1600 εἶναι,
1472 1539 1550 1600 εἰς
1577 1539 1700 1592 ὅσον
1724 1539 1818 1591 αὐ-

249 1625 353 1685 τοῖς
385 1624 670 1694 ἁρμόττει,
690 1629 786 1679 καὶ
843 1627 918 1690 ὡς
951 1629 1102 1696 αύτῷ
1158 1630 1323 1700 ἤρεσε
1378 1629 1669 1700 κηρύττειν
1724 1630 1818 1682 καὶ

251 1715 482 1782 σιγῶντα
514 1716 607 1770 τὸν
638 1720 891 1788 ποιητὴν,
917 1723 1025 1782 τοῖς
1057 1720 1216 1790 λόγου
1249 1723 1562 1794 περιουσίᾳ,
1606 1725 1702 1777 καὶ
1761 1722 1821 1787 ἐξ

249 1804 422 1857 αὐτῶν
445 1805 762 1875 δυναμένοις
784 1808 1115 1878 φιλοσοφεῖν,
1152 1813 1244 1865 καὶ
1275 1813 1356 1875 εἰς
1407 1812 1588 1882 ἔρωτά
1619 1830 1677 1866 τε
1727 1816 1820 1868 καὶ

250 1897 428 1966 θαῦμα
459 1898 560 1967 τῆς
591 1900 866 1969 πανσόφου
889 1901 1171 1972 δυνάμεώς
1229 1920 1290 1957 τε
1345 1907 1442 1958 καὶ
1491 1905 1824 1974 ἀγαθότητος
1856 1905 1898 1960 Β

252 1989 614 2058 προκόπτουσι
637 1991 916 2046 τελεῖσθαι
950 2009 964 2024 ο
1013 1995 1108 2048 καὶ
1137 1995 1278 2049 ὥστε
1317 1996 1392 2066 μὴ
1427 1995 1824 2066 εῐργεσθαιτὴν

255 2078 426 2148 ἰδικὴν
482 2080 608 2150 περὶ
668 2085 764 2152 τῆς
815 2083 1164 2156 ἀνθρωπίνης
1227 2087 1385 2166 ζωῆς
1433 2088 1722 2154 πρόνοιαν,
1765 2083 1826 2144 οὗ

249 2171 494 2241 χάριντά
519 2174 744 2228 πλεῖστα
767 2175 884 2231 ἔστι
916 2179 1006 2231 καὶ
1047 2179 1278 2246 γίνεται,
1328 2183 1424 2235 καὶ
1473 2173 1533 2234 οἷο
1568 2183 1633 2251 τῇ
1666 2180 1826 2251 χρείᾳ

247 2260 519 2318 δουλεύειν
569 2265 828 2322 τέτακται
887 2269 980 2322 καὶ
1031 2269 1344 2340 ὑπηρετεῖν.
1388 2271 1495 2326 Καὶ
1535 2272 1614 2325 ἔτι
1678 2273 1828 2342 μέλει

249 2355 376 2424 περὶ
399 2356 598 2422 αὐτῶν,
634 2358 774 2413 ὥστε
829 2359 930 2430 τὴν
984 2361 1079 2414 τοῦ
1145 2345 1435 2434 ἀνθρώπου
1482 2362 1829 2434 συμπάθειαν

249 2447 347 2500 κάν
394 2448 510 2512 τοῖς
571 2449 751 2516 ἄλλοις
804 2451 1228 2523 διαφαινομένην
1283 2454 1437 2526 ὀρᾷν,
1471 2453 1530 2506 δν
1580 2458 1828 2521 προνοεῖν

248 2539 444 2608 χρῆναι
483 2540 574 2593 τὸν
618 2541 906 2614 ἄνθρωπον
955 2543 1180 2607 ἐωςιᾶν
1223 2544 1396 2598 αὑτοῦ
1463 2543 1644 2607 ζῶντα
1710 2548 1830 2609 ταῖς

251 2629 456 2698 χρείαις
491 2631 755 2702 ύπηρετῇ.
974 2697 982 2700 _

323 2721 565 2775 Τοιαῦτα
599 2723 676 2792 τῷ
707 2722 826 2793 Θεῷ
858 2725 986 2795 περὶ
1013 2725 1195 2781 αὐτῶν
1230 2727 1404 2797 μέλει,
1458 2729 1719 2783 ἐπέκεινα
1773 2730 1831 2783 δὲ

255 2813 427 2878 ιύδέν,
461 2814 542 2866 ὅτι
576 2815 739 2882 μηδὲν
773 2815 1032 2869 ἐπέκεινα
1084 2821 1182 2888 τῆς
1245 2819 1476 2873 ἐνταῦθα
1524 2820 1670 2888 ζωῆς
1719 2823 1832 2884 τοῖς

254 2904 514 2967 τοιούτοις
543 2904 692 2968 τέλος
713 2906 880 2969 ἐστὶν,
917 2909 1038 2961 οὐδὲ
1071 2909 1242 2977 αὐτῆς
1282 2910 1496 2978 αίρέσει
1550 2911 1658 2963 τινὶ
1688 2911 1834 2978 ἐφιε-

265 2993 471 3062 μένοις,
511 2993 630 3046 ἀλλ’
656 2995 801 3065 ὁρμῇ
836 2999 1040 3066 φυσικῇ
1092 2996 1252 3066 μόνον
1281 3013 1294 3029 °
1327 2997 1451 3052 οὔτε
1481 2998 1647 3054 εἰδόσι
1703 2999 1834 3068 γοῦν

253 3084 334 3142 εἰς
359 3083 410 3136 τί
441 3099 570 3136 ποτε
616 3085 858 3156 αὑτοῖςή
900 3087 1238 3159 πρόσκαιρος
1279 3089 1392 3160 ζωὴ
1419 3089 1592 3160 φέρει.
1632 3089 1742 3143 Καὶ
1770 3090 1830 3144 ού

1911 626 2001 680 θεν
2023 625 2438 694 είσκρινομένης
2467 623 2637 678 πολλὰ
2665 624 2733 677 τά
2763 621 2939 677 ἀτοπα
2993 619 3086 672 καὶ
3135 615 3373 670 ἀδύνατα
3423 609 3482 685 ᾗ,

1914 721 2050 788 μήτε
2081 712 2345 786 συνούσης
2375 715 2452 785 τῷ
2487 715 2762 784 σπέρματι
2811 711 2905 766 καὶ
2943 710 3161 780 διαδοχῇ
3211 707 3484 776 γεννωμέ-

1910 827 2008 880 νης
2033 809 2202 880 χείρω
2235 808 2573 878 ἀκολουθοίη.
2617 810 2727 863 Καὶ
2773 807 2848 870 ὡς
2881 806 2978 876 μέν
3003 806 3035 874 ἡ
3063 805 3120 856 ἐν
3153 800 3339 872 τοιῷδε
3383 797 3486 851 σώ-

1917 919 2046 971 ματι
2075 901 2169 955 τοῦ
2192 900 2486 971 ἀνθρώπου
2515 901 2626 970 ζωὴ
2645 901 2740 954 νῦν
2763 898 2914 969 παρὰ
2940 897 3040 966 τὴν
3093 895 3152 960 ἐξ
3183 893 3357 962 ἀρχῆς
3389 888 3484 942 τοῦ

1912 990 2047 1044 Θεοῦ
2077 995 2204 1062 περὶ
2233 989 2397 1045 αὐτοῦ
2417 993 2529 1044 ἐστι
2557 990 2807 1061 βούλησιν
2839 989 2934 1042 καὶ
2963 989 3034 1052 ὡς
3061 987 3214 1054 δίκην
3242 981 3361 1038 τινὰ
3391 979 3488 1050 τὴν

1915 1083 1971 1133 ἐν
1999 1083 2144 1151 αὐτῷ
2165 1083 2361 1154 ζωὴνή
2395 1082 2540 1153 ψυχὴ
2562 1083 2800 1152 πονηρᾶς
2826 1099 2954 1134 ποτε
2996 1079 3089 1132 καὶ
3119 1077 3315 1157 ἀλόγου
3371 1076 3488 1124 ἐπι-ο
3589 1092 3596 1099 -

1915 1173 2114 1242 θυμίας
2141 1191 2157 1208 ο
2183 1175 2262 1228 ὅτι
2287 1192 2346 1227 τε
2381 1175 2414 1243 ἡ
2447 1175 2747 1238 σπουδαίως
2769 1173 2895 1244 τῇδε
2926 1171 3168 1242 βιώσασα
3219 1169 3309 1222 καὶ
3357 1166 3488 1218 καθ-

1915 1267 2139 1338 αρθεῖσα
2170 1268 2244 1329 ὡς
2274 1263 2387 1320 οἷόν
2411 1285 2467 1320 τε
2507 1266 2771 1328 ἑκουσίως
2820 1269 2899 1328 είς
2948 1265 3042 1317 τδν
3083 1259 3487 1332 ἡτοιμασμένον

1915 1361 1972 1410 ἐν
2002 1357 2248 1426 οὐρανοῖς
2273 1358 2407 1428 αὐτῇ
2460 1357 2624 1412 τόπον
2654 1356 2940 1410 ἀνίπταται
2999 1354 3156 1416 εὐθὺς
3211 1350 3488 1406 ἀπαλλατ-

1915 1451 2137 1519 τομένη,
2171 1449 2238 1502 τὰ
2291 1449 2514 1503 τοιαῦτα
2543 1449 2942 1518 ὡμολογημένα
2983 1448 3083 1500 οὐκ
3127 1442 3490 1514 ἐπεξεργάζε-

1919 1540 2043 1594 σθαι
2071 1541 2200 1610 χρή.
2228 1541 2334 1593 Καὶ
2359 1541 2440 1593 ὅτι
2463 1541 2525 1593 τὸ
2553 1539 2704 1602 τέλος
2738 1538 3048 1609 ἀνθρώπου,
3087 1538 3118 1608 ἡ
3148 1535 3241 1589 τοῦ
3263 1533 3490 1604 ἐσχάτου

1918 1630 2124 1698 ἀγαθοῦ
2167 1631 2423 1700 μετουσία
2445 1632 2652 1685 ἔνεστιν
2696 1633 2754 1684 ἐν
2795 1617 2875 1699 τῷ
2913 1627 3167 1698 ἀμυδρῶς
3217 1625 3314 1680 καὶ
3369 1621 3490 1676 κατ’

1923 1720 2059 1786 εἶδος
2087 1724 2226 1775 νοεῖν
2245 1723 2332 1774 τὸν
2363 1723 2516 1782 Θεὸν,
2545 1721 2708 1775 αὐτὸν
2729 1721 2855 1774 ὄντα
2873 1719 2971 1790 τὴν
2993 1716 3213 1788 πρώτην
3232 1714 3492 1784 ἀλήθειαν

1921 1816 2015 1866 καὶ
2037 1814 2098 1866 τὸ
2122 1812 2348 1883 ἔσχατον
2379 1813 2608 1880 ἀγαθόν.

2009 1901 2168 1956 Ἀλλά
2197 1905 2325 1973 περὶ
2358 1903 2452 1956 τοῦ
2483 1903 2630 1965 ὅπως
2661 1902 2880 1972 προνοεῖ
2905 1899 3068 1953 αὑτοῦ
3107 1899 3136 1950 ό
3166 1897 3300 1960 Θεὸς
3353 1894 3494 1948 οὕτω

1924 2011 1982 2046 τε
2017 1995 2113 2047 καὶ
2147 1995 2212 2046 ἐκ
2242 1992 2494 2046 τοιούτων
2522 1991 3020 2063 δημιουργουμένου
3051 1989 3285 2056 λέγομεν
3314 1985 3495 2056 μόνον.

1928 2085 2154 2156 Προνοεῖ
2181 2086 2280 2153 μὲν
2307 2084 2374 2138 δι’
2390 2083 2575 2152 αὐτοῦ,
2599 2084 2784 2148 ἀπλῶς
2803 2085 2998 2149 εἰπεῖν,
3027 2082 3270 2152 κρεῖττον
3300 2077 3333 2147 ἢ
3358 2073 3499 2129 κατά

1929 2177 2105 2230 πάντα
2134 2177 2200 2230 τά
2231 2195 2288 2230 τε
2312 2177 2440 2230 ὄντα
2458 2177 2526 2230 τά
2548 2195 2606 2230 τε
2631 2177 2916 2247 γινόμενα,
2945 2175 3042 2242 οὐχ
3077 2174 3157 2226 ’ὅτι
3186 2171 3331 2240 αύτῷ
3363 2169 3501 2239 μάλ-

1928 2267 2019 2320 λον
2073 2267 2228 2337 μέλει
2259 2268 2322 2320 τδ
2367 2267 2533 2321 αὑτοῦ
2589 2266 2856 2335 ἀγαθδνῆ
2907 2263 3134 2325 ἐκείνοις
3190 2261 3250 2313 τὺ
3301 2260 3502 2313 οἰκεῖον

1930 2359 2201 2421 ἑκάστοις,
2232 2357 2348 2410 ἀλλ’
2370 2359 2454 2411 ὅτι
2498 2359 2558 2410 τδ
2587 2355 2874 2427 ἀνθρώπου
2904 2353 3105 2422 ἀγαθὸν
3159 2350 3341 2420 μεῖζον
3405 2349 3504 2418 μὲν

1930 2445 2076 2500 ἐστιν
2105 2447 2138 2516 ἢ
2172 2446 2312 2500 κατά
2335 2445 2402 2498 τὰ
2427 2445 2583 2512 ἄλλα,
2619 2445 2785 2516 πολλῇ
2817 2444 2874 2498 δέ
2899 2441 3218 2513 ἀνθρωπίνῃ
3270 2439 3498 2506 σπουδῇ,

1931 2540 2024 2593 καὶ
2054 2539 2344 2608 πλείονιτῇ
2373 2541 2437 2591 ἐκ
2455 2539 2591 2592 Θεοῦ
2629 2541 2770 2608 ῥοπῇ
2802 2538 3050 2598 ἀνυστὸν,
3070 2536 3157 2588 διὰ
3187 2534 3284 2596 τάς
3312 2531 3502 2585 συνού-

1934 2649 2028 2694 σας
2058 2631 2137 2699 τῷ
2171 2631 2496 2702 ἀνθρωπίνῳ
2529 2630 2628 2700 βίῳ
2653 2631 2993 2700 δυσχερείας.
3051 2628 3213 2681 Ὅθεν
3261 2623 3424 2677 αὐτοῦ
3457 2625 3508 2676 οἰ

1933 2723 2150 2785 πλείους
2213 2723 2651 2792 ἀποτυγχάνουσι
2707 2722 2775 2774 δι’
2821 2718 3189 2784 ἐθελοκακίας,
3238 2717 3358 2770 οὐδὲ
3409 2715 3506 2784 τῆς

1933 2813 2083 2873 θείας
2108 2811 2420 2881 ἀξιούμενοι
2452 2809 2769 2880 συνεργείας
2793 2809 2888 2860 σὺν
2914 2807 3062 2876 δίκῃ.

2004 2902 2124 2956 Τῶν
2157 2902 2254 2969 μέν
2291 2901 2401 2973 γάρ
2429 2901 2604 2956 ἄλλων
2629 2899 2908 2968 γεννητῶν
2951 2897 3056 2968 οὐχ·
3080 2897 3223 2957 ὅπως
3279 2893 3364 2945 ἀεὶ
3420 2889 3509 2961 εῖη
3561 2943 3570 2951 ,

1935 2998 2172 3065 προνοεῖ,
2200 2994 2489 3066 ἀνθρώπου
2516 2994 2573 3047 δὲ
2606 2993 2754 3054 ὅπως
2775 3009 2832 3045 τε
2863 2991 2970 3061 εἰη,
3002 2988 3098 3042 καὶ
3126 2988 3344 3056 ἄμεινον
3378 2984 3463 3053 είη
3491 2998 3506 3013 ⁸

1934 3087 2166 3160 ούρανοῦ
2197 3088 2251 3140 δὲ
2292 3088 2387 3140 καὶ
2414 3087 2523 3142 τῶν
2553 3085 2728 3140 ἄλλων
2765 3085 3032 3154 σωμάτων
3057 3082 3155 3150 οὐχ
3183 3081 3331 3140 ὅπως
3353 3078 3510 3145 ἀμει-

257 3175 420 3243 μένον
454 3174 726 3246 ἀνθρώπῳ
759 3175 930 3230 ταῦτα
958 3178 1232 3232 δουλεύειν
1263 3180 1548 3247 τέτακται,
1575 3179 1710 3234 ἀλλά
1738 3181 1834 3234 καὶ
1859 3202 1902 3260 C
1933 3196 2026 3233 νον
2085 3178 2224 3248 ἔχοι,
2273 3177 2386 3232 ἀλλ’
2413 3179 2561 3240 ὅπως
2607 3177 2694 3230 ἀεὶ
2747 3177 2906 3246 μόνον
2939 3173 3046 3242 εἴη,
3089 3172 3182 3224 καὶ
3243 3167 3516 3260 μηδέποτε

253 3267 312 3318 ἐν
343 3267 526 3336 σφίσιν
559 3267 744 3332 αὐτοῖς
768 3271 836 3323 τά
886 3269 1256 3340 ἀσθενέστερα
1313 3274 1427 3336 τοῖς
1462 3273 1837 3342 ἰσχυροτέροις

250 3359 429 3428 τροφὴ
466 3361 696 3428 γίνεται.
723 3361 834 3414 Καὶ
876 3359 960 3414 ὕει
994 3361 1092 3432 μὲν
1115 3363 1142 3414 ὁ
1169 3362 1302 3424 Θεὸς
1336 3363 1424 3416 ἵνα
1457 3363 1660 3433 βοτάνη
1702 3364 1835 3434 φύῃ’

252 3452 326 3506 ἐῶ
351 3453 462 3522 γάρ
501 3453 576 3510 δι’,
603 3454 744 3508 ὅσων
777 3453 962 3508 καὶτὸ
1013 3455 1132 3508 ’ύειν
1189 3457 1371 3508 ποιεῖ’
1419 3455 1614 3524 φύεται
1662 3455 1718 3509 δέ
1753 3457 1840 3508 ἵνα

253 3545 434 3614 τραφῇ
469 3544 564 3596 καὶ
594 3545 892 3614 πρόϐατον,
927 3547 1188 3600 πεινῶντι
1223 3546 1278 3600 δὲ
1302 3547 1434 3611 ἄκος
1467 3547 1599 3601 αὐτὸ
1630 3549 1840 3617 γίνεται

257 3633 424 3704 λύκῳ,
447 3636 541 3687 καὶ
571 3636 734 3698 λύκος
768 3637 968 3706 ὁμοίως
1001 3637 1195 3693 λέοντι.
1219 3639 1292 3692 Τὸ
1319 3639 1376 3692 δέ
1403 3639 1513 3693 τῶν
1533 3639 1842 3713 ἀνθρώπων

253 3730 492 3797 πρᾶγμα
531 3729 628 3796 οὐχ
658 3729 861 3797 ὁμοίως
887 3732 999 3793 τοῖς
1025 3729 1205 3792 ἄλλοις
1241 3734 1518 3801 γεννητοῖς
1549 3735 1643 3786 καὶ
1670 3732 1844 3804 φθαρ-

257 3823 372 3882 τοῖς
403 3820 536 3887 έχει,
569 3819 704 3870 άλλά
731 3817 1015 3886 σύγκειται
1057 3820 1156 3888 μέν
1183 3821 1246 3872 ἐκ
1275 3819 1472 3890 θνητοῦ
1511 3822 1604 3874 καὶ
1643 3822 1844 3876 ἀθανά-

264 3930 360 3967 του
395 3912 494 3981 τὴν
526 3911 698 3979 ἀρχὴν
745 3909 1035 3977 ἄνθρωπος
1067 3924 1082 3940 ο
1109 3911 1587 3982 ἀπαλλαττόμενος
1621 3912 1677 3965 δέ
1715 3931 1843 3965 ποτε

255 4006 351 4058 τοῦ
381 4003 578 4074 θνητοῦ
609 4002 686 4072 τῷ
713 4003 967 4068 ἀθανάτῳ
1013 4002 1078 4072 ζῇ
1137 4004 1319 4072 μόνῳ·
1368 4004 1460 4056 καὶ
1505 4006 1556 4059 εῐ
1601 4022 1730 4058 ποτε
1788 4007 1856 4058 τὸ

261 4098 457 4168 θνητὸν
491 4097 805 4167 ἀναλήψειε,
838 4096 1107 4166 ἠλλοιώθη
1139 4097 1265 4166 ἤδη,
1303 4096 1442 4150 ὥστε
1473 4098 1572 4165 τὴν
1626 4099 1722 4152 σὺν
1748 4099 1845 4151 αύ-

257 4191 336 4260 τῷ
363 4191 509 4258 ζωὴν
541 4189 703 4260 μηδὲν
731 4191 1007 4260 διαφέρειν
1037 4189 1174 4258 πρός
1223 4207 1284 4257 γε
1331 4190 1430 4261 τὴν
1454 4192 1645 4259 νοεράν
1691 4195 1836 4246 ἐκεί-

258 4300 359 4351 νην
392 4281 740 4349 εὐδαιμονίαν
777 4281 878 4350 τῆς
916 4279 994 4350 τῷ
1034 4281 1291 4351 ἀθανάτῳ
1323 4282 1468 4352 μόνῳ
1513 4283 1658 4352 ζωῆς
1708 4285 1847 4354 πλὴν

256 4375 341 4426 ὅτι
375 4371 586 4432 τελείας
614 4371 786 4441 αὐτῆς
818 4371 1186 4424 ἀπολαύσεται
1218 4388 1231 4401 ’
1259 4373 1374 4438 εἴγε
1409 4373 1531 4425 κατ’
1567 4374 1700 4427 αύτὺ
1745 4376 1846 4444 μὲν

261 4461 592 4526 συντίθεται,
629 4462 1001 4532 συμϐεϐηκότι
1032 4462 1089 4514 δέ
1133 4463 1433 4528 διαλύεται,
1482 4464 1510 4516 δ
1535 4465 1618 4517 δεῖ
1655 4466 1728 4535 μὴ
1757 4467 1845 4519 ἀϊ-

1939 3270 2456 3334 παύσαιτοτοιαῦτά
2483 3287 2541 3323 τε
2570 3271 2698 3323 ὄντα
2727 3270 2822 3322 καὶ
2837 3271 3162 3336 ἐνεργοῦντα
3186 3263 3302 3316 ώδί.
3340 3259 3514 3314 Ἑκεί-

1941 3381 2047 3417 νων
2109 3362 2209 3432 μὲν
2265 3363 2372 3434 γὰρ
2399 3363 2654 3432 οὐδέτερα
2687 3379 2811 3415 νουν
2867 3359 2976 3428 ἔχει
2999 3359 3092 3409 καὶ
3123 3357 3230 3424 τὴν·
3251 3351 3514 3406 συνοῦσαν

1941 3452 2208 3522 ἀνθρώπῳ
2239 3451 2630 3521 προαιρετικὴν
2651 3448 2878 3517 δύναμιν
2903 3465 2917 3476 ·
2958 3444 3092 3497 ἀλλᾶ
3113 3443 3182 3496 τὰ
3224 3441 3320 3511 μὲν
3340 3439 3508 3490 κινεῖ-

1943 3563 2034 3598 ται
2055 3543 2140 3596 ἀεὶ
2171 3541 2307 3612 πρὸς
2333 3540 2395 3593 τὸ
2413 3541 2596 3601 αὐτοῖς
2623 3537 2899 3608 βέλτιστον
2945 3530 3203 3592 τοιούτοις
3247 3527 3399 3580 οὖσιν
3447 3525 3513 3575 ἐκ

1943 3638 2039 3707 τῆς
2071 3634 2220 3696 θείας
2251 3632 2471 3703 ἀμέσως
2507 3630 2838 3700 βουλήσεως,
2902 3627 2936 3697 ἢ
2983 3627 3046 3680 ἐκ
3077 3641 3236 3680 τινων
3282 3633 3517 3689 κεχωρι-

1950 3728 2165 3798 σμένων
2197 3726 2395 3780 οὐσιῶν
2426 3725 2709 3792 δυνάμεως
2733 3722 2938 3789 ἐπαφῇ,
2977 3719 3112 3788 μήτε
3155 3715 3330 3768 είδῦτα
3379 3708 3517 3798 μήτε

1947 3797 2376 3892 προαιρούμενα.
2405 3818 2468 3869 Εἰ
2495 3816 2552 3870 δέ
2579 3831 2708 3868 ποτε
2757 3809 3049 3881 μεταϐαλεῖ
3105 3806 3199 3859 καὶ
3259 3801 3400 3856 αύτά
3455 3797 3516 3892 ού

1949 3890 2087 3965 κατά
2120 3912 2300 3980 φύσιν,
2328 3912 2447 3971 ταῖς
2473 3909 2530 3968 δέ
2557 3907 2805 3975 κινήσεσι
2840 3901 2936 3955 καὶ
2974 3901 3094 3962 ταῖς
3124 3895 3392 3980 δράσεσι,
3423 3890 3520 3980 καὶ

1947 4003 2106 4056 τοῦτο
2132 4001 2313 4054 εἵνεκα
2345 3999 2443 4066 τῆς
2465 3997 2574 4050 τῶν
2621 3992 2924 4067 ἀνθρώπων
2960 3987 3290 4060 βελτιώσεως
3337 3978 3522 4036 αὐτοῖς

1950 4111 2082 4147 ποτε
2147 4092 2320 4146 ἐσται.
2376 4090 2458 4143 Τά
2507 4089 2562 4142 δὲ
2617 4087 2847 4140 κινεῖται
2907 4082 3009 4143 ἕως
3051 4079 3116 4132 ἂν
3208 4072 3340 4144 μηδέ
3383 4067 3524 4123 αὐτὰ

1949 4186 2084 4246 ὅλως
2123 4181 2500 4253 προηρημένα.
2535 4177 2850 4246 Ἀνθρωπος
2882 4175 2939 4226 δὲ
2958 4169 3270 4241 προαιρέσει
3327 4177 3384 4213 τε
3435 4175 3529 4253 κει

1951 4250 2356 4346 χρημένοεκαι
2383 4271 2656 4340 ἀφορμαῖς
2680 4267 2890 4321 πλείοσι
2927 4261 3068 4316 κατά
3087 4261 3174 4314 τὸν
3203 4257 3313 4328 βίον
3349 4250 3533 4346 συνὼυ-

1951 4343 2054 4420 τοῦ
2067 4343 2128 4418 τε
2164 4361 2557 4434 προαιρεῖσθαι
2586 4362 2673 4416 ἀεὶ
2693 4361 2762 4414 τὰ
2781 4361 2858 4423 εἰς
2890 4354 3120 4423 τάγαθὸν
3147 4355 3399 4420 φέροντα,
3429 4343 3530 4396 τοῦ

1952 4473 2012 4509 τε
2057 4457 2299 4509 συνεῖναι
2334 4456 2446 4528 τοῖς
2477 4452 2781 4522 ἀφιστῶσιν
2801 4449 2964 4506 αὐτοῦ
2989 4447 3077 4501 διὰ
3098 4447 3156 4498 τὸ
3197 4444 3272 4513 μὴ
3315 4439 3391 4509 νῷ
3425 4436 3528 4507 μό-

257 4555 372 4608 διον
416 4553 578 4608 εῐναι.
613 4529 800 4606 Ταῦτα
831 4529 937 4623 γάρ
967 4553 1227 4622 ἀξιοῦμεν
1265 4557 1328 4608 ἐκ
1366 4557 1465 4626 τῆς
1524 4529 1843 4624 τῶντίερῶν
1882 4535 1921 4587 υ
1948 4567 2022 4618 νῳ
2052 4549 2146 4600 καὶ
2186 4545 2394 4616 διανοίᾳ
2447 4545 2568 4614 ζῇν.
2607 4542 2741 4596 ἀλλά
2788 4543 2882 4596 καὶ
2941 4535 3261 4608 φαντασίαις
3307 4549 3371 4626 Υξ
3432 4529 3528 4582 καὶ

259 4646 603 4711 ἀξιοπιστίας
630 4645 846 4715 λογίων,
879 4641 959 4705 οἷς
985 4648 1076 4700 καὶ
1099 4647 1158 4699 τὸ
1189 4645 1411 4714 εὔλογον
1434 4649 1614 4702 ἰκανὸν
1645 4649 1840 4705 ἔνεστι.

265 4739 369 4790 Διά
401 4737 560 4791 τοῦτο
587 4736 914 4808 δημιουργεῖ
945 4739 1042 4808 μὲν
1065 4738 1149 4806 ίτά
1202 4738 1520 4810 ἀνθρώπινα
1569 4740 1796 4807 σώματα
1819 4743 1847 4794 ό

261 4831 418 4894 Θεὸς,
513 4830 576 4898 δὴ
607 4831 700 4882 καὶ
729 4831 795 4882 τὰ
821 4827 928 4882 τῶν
955 4829 1159 4884 λοιπῶν
1188 4830 1343 4894 ζώων
1371 4831 1465 4883 καὶ
1515 4831 1614 4884 ὅσα
1653 4832 1709 4884 ἐν
1736 4833 1848 4893 τοῖς

261 4923 544 4992 γεννητοῖς
577 4921 642 4991 ζῇ
702 4921 763 4974 ἐκ
821 4923 1132 4992 σπέρματος
1185 4923 1280 4976 καὶ
1337 4920 1444 4974 τῶν
1499 4921 1848 4991 ὑψηλοτέρων

263 5015 590 5086 ποιητικῶν,
617 5015 814 5068 ταυτὸν
844 5017 899 5068 δὲ
924 5015 1126 5080 εἰπεῖν,
1163 5017 1228 5086 τῇ
1274 5015 1379 5084 ὀδῷ
1405 5015 1505 5086 τῆς
1560 5014 1774 5082 φύσεως

261 5107 333 5160 τὰ.
362 5108 460 5177 μὲν
486 5109 648 5174 ποιεῖ,
677 5107 746 5160 τά
773 5106 831 5158 δὲ
855 5106 1066 5173 γίνεται
1103 5122 1118 5137 ·
1178 5107 1506 5177 δημιουργεῖ
1550 5107 1606 5160 δέ
1637 5107 1847 5174 ἑκάστῳ

264 5195 484 5266 σώματι
517 5197 760 5265 ἀμέςως,
790 5195 863 5256 ὼς
891 5194 991 5256 τὰς
1021 5195 1435 5265 κεχωρισμένας
1473 5195 1657 5256 οὐσίας
1692 5194 1848 5248 ἐποί-

261 5303 366 5357 ησε
398 5285 681 5355 πρότερον.
709 5283 884 5337 Τοῦτο
945 5284 1054 5353 γάρ
1105 5285 1219 5336 ἐστι
1277 5287 1338 5338 τὸ
1388 5283 1647 5337 πλάττειν
1688 5283 1849 5336 αὑτὸν

266 5379 417 5431 κατά
448 5378 615 5446 μόνας
646 5377 744 5439 τάς
773 5375 879 5429 τῶν
909 5374 1212 5442 ἀνθρώπων
1251 5374 1499 5444 καρδίας,
1533 5377 1626 5427 καὶ
1652 5375 1714 5426 τὸ
1747 5374 1850 5437 ἕως

197 5487 220 5504 ⁶
263 5472 394 5538 ἄρτι
426 5469 757 5537 ἐργάζεσθαι
801 5471 929 5537 περί⁷
951 5468 1254 5537 ἀνθρώπων
1297 5466 1644 5536 εἰδικώτερον
1702 5467 1850 5535 εἴρη-

261 5581 381 5628 ται,
407 5563 468 5614 οὐ
505 5563 664 5631 μόνον
683 5562 1018 5630 δημιουργου
1027 5560 1202 5629 μένων
1227 5559 1440 5613 πάντων
1463 5560 1524 5611 ἐκ
1553 5559 1692 5619 νέου,
1717 5557 1855 5610 ἀλλά

269 5656 336 5706 ἐκ
371 5655 637 5724 πονηρίας
672 5649 941 5725 ὁσημέραι
966 5653 1046 5714 είς
1081 5649 1284 5720 ἀρετὴν
1340 5646 1852 5719 ἀναπλαττὸμένων,

267 5746 388 5796 ὅσοι
420 5744 640 5806 ἑαυτοὺς
669 5743 916 5811 ἑτοίμους
943 5741 1295 5810 παρέχουσιν.

359 5837 499 5890 Ἀλλ’
551 5835 760 5898 ἐκείνας
793 5834 891 5904 μὲν
942 5833 1076 5903 ὁμοῦ
1123 5831 1384 5902 παρῆγεἸ
1427 5829 1482 5887 ἐν
1541 5830 1749 5901 ἑκάστῳ
1799 5833 1852 5886 δὲ

1951 4639 2263 4711 αἰσθήσεσι,
2307 4639 2402 4692 καὶ
2428 4636 2642 4709 ὀρέξεσι
2665 4635 2960 4697 τοιαύταις,
2987 4630 3024 4684 ἂ
3044 4629 3132 4697 δὴ·
3161 4629 3224 4680 ἐκ
3277 4623 3371 4677 τοῦ
3402 4638 3528 4674 συν-

1955 4733 2212 4804 ημμένου
2245 4731 2454 4799 ἀνίσχει
2498 4727 2770 4799 σώματος,
2800 4725 2892 4776 καὶ
2932 4721 2970 4775 ἀ
3022 4719 3158 4789 πρὸς
3223 4715 3283 4768 τὸ
3342 4713 3526 4772 αὐτοῖς

1950 4824 2176 4891 ἀγαθὸν,
2200 4821 2361 4875 τοῦτο
2394 4821 2603 4874 δέ·ἐστι
2635 4818 2695 4870 τὸ
2746 4813 2970 4886 μερικὸν
2996 4814 3102 4878 τὴν
3128 4809 3221 4862 τοῦ
3249 4805 3526 4875 ἀνθρωπί-

1950 4938 2043 4972 νου
2071 4919 2230 4986 λόγου
2264 4913 2506 4986 βιάζεται
2533 4908 2952 4979 συγκατάθεσιν,
2984 4906 3050 4962 ἂν
3085 4904 3158 4974 μὴ
3205 4901 3408 4970 σφόδρα
3432 4899 3526 4970 ἐῤ-

1953 5012 2195 5082 ρωμένος
2223 5004 2285 5080 ᾗ,
2318 5008 2459 5060 ὥστε
2486 5003 2626 5059 αὐτά
2652 5002 2865 5072 ἄγχειν,
2897 4997 3009 5053 ἀλλ’
3059 4997 3200 5050 ἒκων
3245 4993 3523 5061 ἐκλύηται.

2024 5103 2066 5154 Τ
2070 5100 2282 5162 οιοῦτος
2300 5099 2480 5152 τοίνυν
2509 5095 2605 5161 ὢν,
2636 5095 2736 5148 οὐκ
2759 5092 2825 5147 ἀν
2861 5107 2990 5145 ποτε
3029 5087 3376 5158 ὑπερϐαίνων
3429 5083 3526 5146 τὰς

1952 5192 2270 5264 δυσχερείας
2304 5190 2504 5256 πάσας,
2538 5189 2633 5242 καὶ
2658 5188 2725 5242 τά
2757 5184 2937 5255 ἀγαθά
2963 5185 3051 5238 ἀεὶ
3075 5178 3525 5251 προαιρούμενος.

1952 5286 2048 5339 καὶ
2081 5283 2225 5338 κατά
2253 5299 2310 5336 τε
2342 5282 2496 5350 λόγον
2519 5279 2613 5333 καὶ
2634 5280 2798 5350 νόμον
2836 5277 2926 5332 τὸν
2960 5279 3025 5329 ἐκ
3061 5272 3195 5327 Θεοῦ
3253 5271 3380 5336 ζῶν,
3434 5270 3530 5322 καὶ

1954 5376 2066 5429 τῶν
2095 5375 2194 5444 μέν
2237 5372 2480 5445 μερικῶν
2510 5372 2606 5426 καὶ
2633 5369 2982 5441 προσκαίρων
3008 5367 3222 5420 πάντων
3249 5362 3530 5432 ὑπερορῶν

1955 5466 2197 5534 ἀγαθῶν,
2223 5469 2272 5520 εἰ
2309 5467 2384 5537 μὴ
2412 5466 2536 5519 ὅσον
2562 5465 2776 5531 ἀνάγκη
2807 5459 3043 5531 χρῆσθαι
3067 5459 3141 5519 ὡς
3163 5456 3400 5526 ὀχήμασι
3435 5449 3532 5507 καί

1960 5554 2231 5624 ὀργάνοις,
2263 5555 2397 5624 πρὸς
2427 5553 2483 5606 δὲ
2519 5555 2579 5604 τὸ
2601 5551 2767 5612 ὗντως
2793 5549 2994 5616 ἀγαθὸν
3029 5545 3403 5613 ἐπειγόμενος,
3434 5543 3529 5596 καὶ

1957 5644 2100 5699 οὕτω
2153 5645 2550 5714 καθαιρόμενός
2601 5659 2660 5694 τε
2695 5640 2788 5694 καὶ
2827 5639 2923 5707 τῆς
2955 5637 3110 5705 δίκης
3141 5635 3531 5704 ἀπολυόμενος,

1958 5737 2228 5806 ὁσημέραι
2266 5736 2414 5800 ἄξιος
2447 5737 2650 5802 γίνοιτο
2684 5735 2761 5796 εἰς
2805 5732 2866 5784 τὸ
2895 5732 3092 5784 οἰκεῖον
3121 5730 3294 5798 πέρας
3332 5729 3534 5795 ἐλθεῖν,

1968 5830 2040 5901 μὴ
2074 5827 2331 5898 προνοίας
2364 5825 2660 5894 ἱδιαιτάτης
2689 5826 2749 5876 ἐκ
2778 5822 2910 5875 Θεοῦ
2946 5821 3247 5891 τυγχάνων.

3941 5195 3950 5640 ἱ
