3970 6460
245 281 367 347 1121

1294 282 1394 342 DE
1460 280 2200 342 l‘RIEDESTINATIONE
2240 278 2389 339 LIB.
2442 277 2495 338 1.

3349 274 3488 341 ῙῙΞΞ

241 391 333 443 καὶ
370 390 447 461 μὴ
472 391 680 457 εἰδότας
716 391 1243 460 συναναγκάζεσθαι,
1271 391 1357 443 ῑνα
1405 393 1473 444 τὰ
1524 391 1808 460 πεφυκότα
1840 398 1885 456 Α
1917 397 2067 465 μένοι
2091 399 2185 449 καὶ
2218 395 2542 467 πράξαντες.
2586 391 2746 447 Ἀλλὰ
2779 390 2839 445 τὸ
2863 388 3175 462 προορίζειν
3208 387 3334 442 ἀντέ
3382 390 3485 458 τῆς

236 483 299 536 ἐκ
344 483 718 553 προαιρέσεως
744 482 838 538 καὶ
854 484 1176 554 ἐνδεχόμενα
1201 482 1450 550 γίνεσθαι
1485 487 1558 553 μὴ
1589 483 1807 551 γίνηται
1910 488 2157 557 ἀνάγκης
2190 486 2579 555 λαμϐάνουσιν,
2630 486 2694 540 οὐ
2736 486 2879 538 πάνυ
2920 482 3020 557 μέν
3075 480 3317 551 ἀκριϐῶς
3364 480 3489 550 ἐφι-

236 572 426 638 οῦτως,
456 573 489 641 ἢ
518 574 569 626 οἱ
604 575 906 645 πεφυκότες
942 577 1117 627 ποιεῖν
1156 573 1298 626 οὕτω
1346 572 1424 643 μὴ
1454 570 1597 625 οῦτω
1640 572 1806 626 ποιῶ·

1911 579 2147 641 στῶντες
2190 578 2270 648 τῷ
2329 578 2712 649 σημαινομένῳ
2743 576 2841 646 τῆς
2895 574 3113 640 λέξεως,
3143 572 3382 645 ἀκριϐῶς
3429 571 3489 625 δέ

238 682 339 719 σιν.
367 666 539 736 Δῆλον
573 666 629 719 δέ
676 667 769 720 καὶ
797 669 879 721 ὅτι
923 666 1126 720 τούτων
1160 663 1331 728 οὕτως
1365 666 1596 735 ἐχόντων
1652 664 1807 719 οὐδὲν
1910 671 2055 723 πάνυ
2079 668 2428 739 φρονοῦντες,
2453 670 2530 734 ὡς
2566 673 2593 723 ὁ
2620 668 2762 732 θεῖος
2791 665 3126 737 προορισμδς
3154 663 3254 718 οὐκ
3313 665 3487 731 ἀναγ-

237 759 370 828 πρὸς
398 757 491 811 τοῦ
526 758 741 811 ἐλέσθαι
768 757 828 810 τύ
880 758 1085 827 βέλτιον
1117 756 1319 823 ὠφελεῖ
1370 758 1398 810 δ
1457 755 1599 819 θεῖος
1639 772 1806 826 προο-

236 851 428 920 ρισμδς
447 852 571 914 τοὺς
596 851 1032 925 προῃρημένους,
1057 850 1105 903 εί
1139 851 1216 920 μή
1248 849 1369 902 ὅσον
1393 848 1702 919 προώριστο
1736 849 1802 920 τῇ

234 943 552 1016 ἀνθρωπίνῃ
582 946 743 1014 φύσει
767 944 984 1007 κοινῶς,
1011 944 1072 996 τὺ
1101 942 1212 997 δεῖν
1243 942 1383 996 κατά
1430 941 1587 1009 λόγον
1618 958 1677 994 τε
1710 941 1804 995 καὶ

232 1034 395 1104 νόμον
455 1034 625 1106 βιοῦν,
675 1036 769 1090 καὶ
825 1036 968 1089 οὔτω
1018 1033 1267 1104 βιοῦντας
1317 1031 1585 1102 θεοφιλεῖς
1639 1027 1800 1100 εἶναι,

232 1127 503 1191 τοιούτους
523 1128 583 1185 δέ
605 1127 763 1192 δντας
794 1129 1019 1197 ἄμεινον
1041 1124 1303 1198 ζήσεσθαι
1337 1124 1395 1178 ἐν
1417 1124 1494 1194 τῷ
1535 1123 1800 1194 μέλλοντι.

232 1220 416 1279 Ταῦτα
437 1221 547 1290 γὰρ
581 1222 677 1277 καὶ
701 1223 845 1278 πάνυ
876 1220 1055 1283 καλῶς
1085 1220 1289 1273 οἴδασιν
1321 1220 1377 1273 οῖ
1402 1237 1466 1287 γε
1499 1218 1797 1273 σπουδαῖοι.

243 1311 380 1365 Ἀλλ’
406 1312 466 1364 οὐ
499 1312 586 1365 διὰ
612 1314 673 1364 τὸ
697 1313 895 1367 εἰδέναι
926 1312 1083 1382 μόνον
1126 1310 1357 1366 τοιοῦτοί
1381 1312 1520 1364 εἰσιν
1549 1326 1564 1341 ο
1613 1308 1800 1362 πολλοὶ

228 1404 334 1474 7&9
351 1405 530 1467 καλῶς
555 1405 754 1469 εἰδότες
790 1407 885 1458 καὶ
910 1405 1100 1468 ἀλλους
1129 1404 1403 1465 πείθοντες
1428 1402 1582 1456 αὐτοὶ
1633 1419 1799 1472 πονηο

231 1499 311 1568 ροὶ
334 1497 591 1568 ἐθέλομεν
613 1495 755 1552 εἶναι
786 1514 800 1529 ο
829 1497 942 1552 ἀλλ’
971 1499 1051 1551 ὅτι
1077 1497 1193 1568 ᾔδει
1242 1496 1336 1550 καὶ
1358 1493 1585 1556 τούτους
1608 1496 1636 1546 ὁ
1665 1492 1797 1556 Θεὸς

228 1591 294 1642 τὰ
326 1591 495 1659 χείρω
522 1590 939 1667 αἱρησομένους,
975 1590 1070 1642 καὶ
1091 1588 1403 1658 προώριστο
1440 1584 1597 1637 τοῦτο
1622 1582 1795 1647 οὕτως

229 1682 288 1734 ἐν
319 1682 387 1752 τῇ
412 1680 532 1753 θεία
558 1682 687 1751 περ)⁵
709 1682 894 1735 αὐτῶν
914 1679 1137 1750 γνώσει,
1181 1680 1301 1737 οὐδέ
1335 1677 1489 1732 αὐτοὶ
1538 1675 1794 1730 ἐπίσταν-

226 1789 335 1834 ται,
363 1772 556 1825 οὐκοῦν
580 1773 699 1826 οὐδέ
730 1772 954 1842 βλάπτει
981 1772 1179 1834 αὐτοὺς
1211 1770 1369 1825 τοῦτό
1391 1786 1475 1838 γε.

306 1864 556 1929 Ἐκόντες
588 1865 693 1936 ἄρα
718 1864 998 1936 αἱροῦνται
1019 1865 1341 1937 ἀμφότεροι,
1368 1863 1530 1916 ὁπότε
1583 1861 1799 1933 αἱροῦν-

224 1973 346 2011 ται·
376 1956 445 2010 δι’
475 1957 503 2011 ὂ
536 1959 632 2011 καὶ
660 1958 708 2011 οί
737 1962 835 2028 μὲν
866 1957 1280 2027 στεφανοῦνται,
1306 1959 1354 2009 οί
1376 1955 1432 2009 δὲ
1456 1954 1794 2019 κολάζονται,

224 2051 299 2114 ώς
322 2049 422 2125 ὅλῃ
469 2050 651 2103 αὐτῶν
676 2050 1006 2125 ,προαιρέσει
1060 2048 1255 2101 τοιοίδε
1320 2044 1791 2109 ἀποτελεσθέντες.

225 2141 539 2204 ΚαὶὸΘεδς
572 2142 627 2195 ἐν
654 2124 737 2205 οἷς
757 2141 857 2212 μὲν
890 2138 1254 2202 εστιναιτιος,
1288 2141 1346 2192 ἐν
1396 2132 1476 2200 οἷς
1532 2137 1589 2191 δε
1645 2128 1798 2190 me;

222 2254 354 2302 τιος.
404 2238 468 2291 Εί
512 2237 569 2290 δέ
626 2237 721 2291 καὶ
755 2234 975 2288 πάντων
1026 2232 1218 2297 αῐτιος,
1271 2230 1386 2285 ἀλλ’
1414 2230 1671 2299 οὐδεμιᾶς
1727 2246 1792 2299 γε

221 2328 465 2397 ἀνάγκης
499 2329 554 2381 ἐν
576 2330 686 2388 τοῖς
708 2328 1046 2396 προαιρετοῖς
1080 2340 1092 2357 ·
1134 2323 1208 2385 ώς
1255 2321 1364 2394 7&9
1408 2320 1602 2390 ἔμελλε
1651 2320 1795 2389 γίνεο

222 2420 347 2475 σθαι
368 2421 460 2474 καὶ
478 2419 552 2485 ὡς
583 2417 848 2489 ἐπεφύκει
868 2418 1071 2472 ἕκαστα
1092 2415 1337 2485 γίνεσθαι
1365 2412 1397 2485 ἢ
1423 2415 1615 2479 ποιεῖν,
1651 2412 1794 2467 οὕτω

219 2512 567 2581 προέγνωστο
623 2513 701 2582 τῷ
749 2509 870 2581 Θεῷ
923 2511 1019 2562 κοιλ⁵
1072 2506 1403 2578 προώριστο,
1450 2506 1545 2558 καὶ
1590 2505 1666 2569 ώς
1694 2506 1794 2575 τὴν

220 2602 373 2655 θείαν
409 2603 537 2673 περὶ
591 2602 847 2656 ἀπάντων
877 2599 1131 2669 βούλησιν
1177 2595 1324 2660 εἰκός
1387 2598 1537 2649 ἐστιν
1588 2596 1796 2664 ἐμπλέ-

222 2691 413 2746 κεσθαι
443 2694 553 2753 τοῖς
576 2691 859 2753 τοιούτοις,
891 2690 1025 2743 ὅπου
1071 2688 1169 2758 μὲν
1200 2688 1302 2740 οὐκ
1355 2687 1792 2756 ἀναγκάζουσαν,

220 2785 353 2837 ὅπου
389 2783 445 2837 δέ
472 2779 839 2851 συνεργοῦσαν
874 2780 1055 2848 μόνον,
1103 2780 1237 2832 ὅπου
1286 2777 1342 2833 δέ
1403 2777 1793 2849 συγχωροῦσαν

218 2875 305 2928 ἐπ’
337 2874 591 2946 ὠφελείᾳ,
624 2874 757 2927 ὃπου
790 2870 846 2925 δέ
874 2870 1379 2940 ἐγκαταλείπουσαν
1408 2870 1610 2923 τέλεον.

288 2967 351 3021 Εί
379 2967 436 3019 δέ
464 2984 609 3030 τινες
668 2965 773 3019 τῶν
819 2963 1017 3019 ἐνθέων
1066 2963 1387 3033 χωρίζοντες
1408 2962 1477 3016 τὰ
1519 2960 1604 3030 ἐφ’
1658 2950 1790 3032 ἡμῖν

218 3058 617 3129 προγινώσκειν
646 3058 868 3126 λέγουσι
915 3057 1007 3110 τὸν
1054 3038 1312 3119 Θεδν,ὀύ
1358 3053 1684 3125 προορίζειν,
1731 3051 1791 3104 τὸ

216 3150 619 3221 ἐπαναγκάζειν
652 3149 930 3220 βούλονται
974 3148 1175 3216 λέγειν.
1212 3145 1401 3205 Τοῦτο,
1427 3146 1485 3199 δὲ
1516 3146 1608 3199 καὶ
1654 3146 1789 3215 ἡμῖν

216 3246 455 3315 εῖρηται,
520 3245 601 3297 ὅτι
648 3243 707 3295 ἐν
757 3244 871 3303 τοῖς
925 3240 1140 3311 θελήσει
1173 3239 1419 3293 ποιοῦσιν
1446 3239 1599 3292 οὐδὲν
1630 3235 1789 3291 πλέον

214 3335 461 3405 ἀνάγκης
506 3331 701 3401 ἐπάγει
748 3330 809 3384 τὸ
844 3329 1251 3399 προοεγνῶσθαι
1320 3331 1414 3383 καλ¹
1450 3326 1788 3400 προωρίσθαι

216 3427 395 3484 πάντα
428 3428 531 3481 ὐπὸ
552 3425 708 3494 Θεοῦ,
739 3426 772 3497 ἢ
795 3426 841 3478 εί
868 3424 1008 3495 μετά
1035 3425 1096 3478 τὸ
1130 3424 1389 3494 πράττειν
1411 3422 1607 3482 αὐτοὺς
1638 3420 1789 3472 ἐλευ-

215 3522 409 3591 θέρως,
452 3518 568 3573 ἄττ’
589 3518 656 3572 ἂν
690 3519 1056 3588 προαιροῖντο,
1085 3517 1404 3585 ἐγίνωσκεν,
1430 3515 1511 3566 ὅτι
1540 3511 1664 3565 τάδε
1691 3510 1788 3563 πέ-

216 3628 458 3682 πρακται
492 3609 582 3663 ὐπ’
611 3610 812 3665 αὐτῶν.
868 3609 941 3661 Τὸ
970 3607 1070 3677 μὲν
1101 3607 1207 3677 7&9
1249 3602 1615 3674 γινώσκεσθαι
1648 3600 1788 3656 αὐτά

217 3723 348 3760 ποτε
378 3707 473 3761 καὶ
498 3703 558 3770 ἐξ
582 3703 759 3757 αὐτῶν
781 3704 929 3756 ἐστιν
957 3718 971 3736 ’
996 3702 1069 3765 ὡς
1097 3703 1206 3771 7&9
1241 3698 1558 3770 ὑπάρχοντα
1583 3700 1675 3751 καὶ
1704 3713 1787 3763 γι-

216 3797 486 3851 νώσκεται
516 3811 530 3825 °
576 3796 637 3847 τὸ
663 3794 720 3848 δὲ
753 3792 1131 3866 προεγνῶσθαι
1170 3788 1423 3843 τοσοῦτον
1455 3789 1645 3860 χρόνον
1691 3787 1785 3840 τοῦ

216 3887 497 3960 περιόντος
526 3886 622 3956 τῆς
644 3885 791 3947 θείας
829 3883 1137 3953 ἐπιστήμης
1173 3882 1340 3934 ἐστίν.
1363 3878 1573 3935 Οὐκουν
1596 3896 1786 3933 συντε-

214 3980 298 4032 λεῖ
318 3977 498 4041 αὐτοῖς
523 3978 556 4047 ἢ
580 3975 862 4046 ἐμποδίζει
891 3976 949 4029 τδ
974 3972 1371 4045 προεγνῶσθαι,
1395 3971 1497 4035 ἕως
1516 3971 1580 4023 ἂν
1599 3970 1674 4042 μὴ
1697 3969 1787 4023 καί

212 4089 298 4136 τις
333 4071 438 4140 ἐπῇ
470 4068 681 4137 ἀνάγκη
707 4068 771 4120 ἐκ
798 4064 892 4118 τοῦ
941 4062 1431 4136 προγινώσκοντος,
1476 4059 1617 4113 ὥστε
1667 4058 1786 4131 οὐδέ

210 4159 275 4213 τδ
313 4157 673 4230 προωρίσθαι.
728 4154 979 4209 Συντελεῖ
1030 4154 1087 4207 δὲ
1138 4152 1215 4221 τῷ
1275 4147 1672 4222 προγινώσκειν
1728 4150 1788 4204 τὸ

212 4251 623 4325 προωρισμένον
644 4248 933 4320 γινώσκειν
952 4262 968 4281 °
1005 4247 1271 4316 ἀορίστων
1296 4244 1406 4315 7&9
1434 4245 1535 4297 οὐκ
1565 4241 1631 4297 ἀν
1656 4259 1785 4296 ποτε

134 4380 140 4385 -
212 4346 417 4415 γίνοιτο
447 4343 646 4413 γνῶσις
670 4340 793 4411 Θεῷ
830 4342 1139 4412 πρέπουσα.
1160 4336 1373 4391 Οὐκοῦν
1402 4338 1482 4391 δεῖ
1523 4336 1622 4407 μέν
1655 4334 1787 4407 ὠρί-

1909 766 2065 831 κάζει
2094 765 2152 818 τδ
2183 766 2549 832 αὐτεξούσιον,
2574 763 2650 828 ώς
2680 763 2812 834 μηδέ
2854 760 3068 816 τοιοῦτο
3108 759 3296 815 λοιπδν
3317 750 3485 815 εἶναι.

1910 858 2074 913 Ὥστε
2105 859 2197 911 καὶ
2221 857 2374 911 αὐτοὶ
2398 858 2474 926 τῷ
2508 856 2704 927 πλήθει
2730 854 2844 909 τῶν
2883 853 3060 925 ἄλλων
3117 851 3319 906 ἐνθέων
3388 849 3485 904 καὶ

1905 950 1987 1021 τῷ
2019 949 2203 1003 κανόνι
2224 949 2322 1018 τῆς
2352 948 2609 1019 ἀληθείας
2651 945 2962 1020 συνᾴδουσι.

1975 1039 2193 1094 Τούτων
2224 1040 2477 1094 ἀπάντων
2499 1037 2642 1092 οὕτω
2666 1037 2985 1109 τιθεμένων,
3020 1037 3102 1092 ὅτι
3149 1036 3301 1092 οὐδὲν
3328 1034 3484 1092 ἀναι-

1907 1135 2082 1204 ρεῖται
2106 1133 2213 1185 τῶν
2242 1132 2716 1203 ὁμολογουμένων,
2759 1132 2934 1201 σαφές
2980 1132 3096 1185 ἐστι
3121 1144 3140 1163 ⁸
3185 1130 3335 1200 μένει
3384 1129 3484 1201 μιν

1904 1227 2012 1298 γάρ
2039 1228 2099 1279 τὸ
2129 1227 2188 1291 ἐξ
2221 1227 2465 1295 ἀνάγκης
2490 1226 2693 1291 καλῶς,
2720 1225 2873 1296 μένει
2900 1226 2958 1281 δὲ
3005 1223 3069 1279 τὸ
3132 1223 3484 1294 ἐνδεχόμενον

1902 1318 1960 1372 ἐν
1980 1320 2096 1382 τοῖς
2126 1317 2318 1381 αίτίοις
2345 1334 2403 1371 τε
2437 1317 2532 1372 καὶ
2559 1318 2666 1379 τοῖς
2693 1316 2751 1381 ἐξ
2774 1317 2954 1373 αὐτῶν
2977 1314 3301 1386 γινομένοις,
3329 1313 3482 1384 μένει

1901 1410 1958 1464 δέ
1997 1410 2060 1464 τὸ
2088 1407 2436 1479 συμϐεϐηκὸς
2475 1412 2531 1465 ἐν
2561 1411 2675 1473 τοῖς
2703 1408 3018 1480 πράγμασι.
3070 1407 3257 1461 Πάντα
3279 1405 3388 1475 7&9
3421 1406 3481 1458 ἐν

1899 1506 1968 1575 τῇ
1998 1503 2152 1568 τάξει
2171 1504 2269 1573 τῆς
2295 1503 2445 1566 θείας
2472 1502 2746 1573 προνοίας,
2772 1499 2849 1565 ὡς
2870 1500 3108 1571 εἴρηται,
3139 1497 3476 1569 περιέχεται,

1900 1598 1995 1650 καὶ
2029 1596 2206 1649 πάντα
2236 1596 2435 1665 ήτάξις
2455 1595 2591 1662 αὐτὴ
2620 1592 2976 1666 διαλαμϐάνει
2994 1590 3194 1654 καλῶς,
3227 1590 3367 1659 μετά
3381 1586 3478 1642 τοῦ

1899 1686 2115 1757 ἐκάστῳ
2148 1686 2208 1740 τὸ
2241 1688 2436 1743 οἰκεῖον
2463 1685 2771 1755 φυλάττειν.
2813 1684 2977 1739 Ἀλλά
3005 1683 3104 1755 μέν
3134 1682 3312 1737 καὶτὸ
3334 1680 3476 1751 χρή-

1905 1795 2062 1849 σιμον
2091 1777 2200 1831 τῶν
2237 1778 2413 1849 εὐχῶν
2431 1779 2533 1833 οὐκ
2562 1776 2882 1831 ἐκϐάλλεται
2898 1774 3097 1838 οὕτως,
3126 1772 3186 1826 οὐ
3215 1771 3374 1842 μόνον
3398 1768 3475 1833 ὡς

1903 1871 1996 1925 καλ⁸
2017 1870 2199 1924 αὐτῶν
2227 1870 2333 1923 ὐπὸ
2363 1872 2461 1941 τὴν
2478 1868 2631 1933 τάξιν
2651 1867 2847 1927 οὐσῶν.
2872 1865 2949 1929 ὡς
2975 1865 3032 1918 ἐν
3060 1863 3138 1933 τῷ
3165 1861 3258 1915 τοῦ
3287 1858 3474 1915 Ἰωάν·

1902 1979 1996 2014 νου
2028 1961 2398 2031 ὑποδείγματι
2428 1962 2645 2032 εἴρηται
2669 1977 2683 1993 ·
2715 1958 2830 2012 ἀλλ’
2855 1958 2938 2012 ὃτι
2974 1956 3069 2011 καὶ
3121 1952 3294 2009 πολλά
3320 1950 3475 2021 παρά

1900 2055 1999 2127 τὴν
2048 2056 2204 2123 τάξιν
2236 2054 2342 2109 τῶν
2389 2054 2788 2125 ταπεινοτέρων
2843 2052 3034 2108 αίτίων
3074 2052 3102 2106 ὀ
3141 2050 3273 2109 Θεὸς
3312 2047 3472 2101 εῐωθε

1901 2148 2163 2218 πράττειν
2179 2147 2269 2201 τὸν
2291 2146 2632 2215 ἀνθρώπινον
2666 2144 2781 2216 βίον
2805 2142 3131 2213 οίκονομῶν,
3166 2142 3201 2197 ἀ
3222 2141 3320 2213 τὴν
3339 2139 3469 2209 ὃλην

1898 2234 2143 2290 διάθεσιν
2183 2238 2282 2307 τῆς
2316 2236 2486 2292 αὐτοῦ
2529 2236 2786 2304 προνοίας
2813 2234 2907 2287 καὶ
2939 2232 3038 2302 τὴν
3064 2233 3245 2287 πάντα
3283 2227 3473 2300 περιέ.

1900 2339 2102 2398 γουσαν
2128 2327 2280 2391 τάξιν
2301 2327 2363 2381 οὐ
2395 2325 2726 2397 μεταϐάλλει
2758 2323 2872 2379 οὐθ’
2907 2322 3244 2393 ὑπερϐαίνει.
3302 2320 3471 2376 Οὐδέν

1896 2422 1989 2477 οὖν
2017 2422 2213 2476 κωλύει
2240 2417 2463 2474 τοιαῦτα
2488 2418 2664 2472 ποιεῖν
2686 2414 2783 2469 καὶ
2808 2416 2928 2479 ταῖς
2950 2412 3202 2468 εὐσεϐέσι
3232 2412 3343 2467 τῶν
3378 2413 3472 2466 ἀν-

1898 2512 2131 2586 θρώπων
2168 2513 2421 2583 αίτήσεσι
2468 2509 2853 2581 χαριζόμενον,
2892 2506 2953 2571 ὃς
3010 2507 3069 2561 τὸ
3116 2505 3330 2577 θέλημα
3360 2505 3472 2559 τῶν

1894 2604 2247 2675 φοϐουμένων
2310 2603 2473 2656 αὐτὸν
2507 2603 2680 2657 ποιεῖν
2712 2601 2957 2669 λέγεται,
3008 2597 3107 2653 καῖ
3137 2598 3237 2668 τῆς
3287 2596 3471 2650 αὐτῶν

1893 2696 2129 2766 δεήσεως
2184 2694 2511 2759 ἐπακούειν,
2571 2694 2664 2748 καὶ
2724 2692 2989 2762 διηνεκῶς
3039 2692 3186 2763 ἡμᾶς
3232 2689 3472 2761 προτρέ-

1895 2804 2056 2843 πεται
2102 2787 2197 2842 ἐπὶ
2235 2787 2296 2841 τὸ
2350 2787 2554 2854 ζητεῖν.
2606 2784 2961 2840 Ἀπολέλυται
3019 2784 3128 2853 7&9
3170 2782 3471 2853 ὁμολογου-

1898 2877 2073 2948 μένως
2099 2876 2282 2947 πάσης
2318 2876 2582 2946 ἀνάγκης,
2608 2878 2677 2945 ἢν
2701 2875 2862 2939 αὐτὸς
2888 2874 3114 2946 ἐνέθηκε
3142 2876 3257 2937 τοῖς
3300 2875 3469 2943 ποιή-

1897 2986 2052 3039 μασι,
2090 2972 2180 3023 καὶ
2225 2967 2314 3022 διὰ
2365 2967 2524 3022 τοῦτο
2587 2968 2768 3021 πᾶσαν
2827 2965 3143 3037 ὡρισμένην
3184 2965 3244 3031 ἐξ
3297 2964 3469 3019 αὐτοῦ

1818 3100 1860 3159 c
1893 3065 2007 3125 τοῖς
2074 3063 2321 3131 μερικοῖς
2392 3058 2585 3122 αἰτίοις
2659 3059 2905 3128 ἀνάγκην
2975 3059 3259 3129 μεταποιεῖ
3306 3056 3467 3129 θελή-

1896 3170 1993 3216 σας
2023 3153 2159 3223 πρδς
2208 3154 2309 3221 τὴν
2356 3150 2634 3222 σωτηρίαν
2667 3149 2776 3203 τῶν
2811 3147 3054 3211 εὐσεϐῶς
3090 3148 3471 3218 καταφευγόν-

1890 3262 1999 3302 των
2047 3245 2141 3298 καὶ
2198 3242 2478 3311 ἐπιμόνως
2551 3240 3062 3312 προσεδρευόντων,
3118 3240 3151 3311 ἢ
3205 3239 3343 3312 ὑπὲρ
3390 3233 3468 3292 ὧν

1893 3335 2261 3401 ἱκετεύουσιν,
2328 3328 2403 3389 ὧν
2471 3333 2727 3389 ἁπάντων
2782 3334 2816 3404 ή
2870 3331 3114 3403 σωτηρία
3169 3332 3269 3402 τῆς
3331 3332 3469 3401 περὶ

1889 3429 2086 3492 αὐτοὺς
2110 3429 2387 3499 προνοίας,
2410 3428 2508 3493 τῆς
2547 3427 2639 3480 καὶ
2669 3425 2759 3483 διά
2787 3425 2895 3481 τῶν
2927 3425 3102 3480 ἄλλων
3147 3425 3469 3497 κτισμάτων

1892 3522 2365 3591 ὐπουργουμένης,
2429 3520 2585 3583 τέλος
2639 3518 2805 3573 ἐστίν.
2861 3518 3001 3573 Οὐδέ
3053 3518 3161 3587 γὰρ
3212 3518 3465 3587 διαφέρει

1889 3613 2041 3682 ἥλιον
2065 3612 2259 3680 στῆσαι
2289 3610 2551 3680 τρέχοντα
2581 3607 2808 3665 δικαίων
2844 3609 3051 3681 εὐχαῖς,
3096 3608 3131 3678 ἢ
3165 3609 3223 3662 ἐν
3256 3624 3463 3663 πανσε-
3553 3658 3570 3669 .

1890 3703 2033 3775 λήνῳ
2055 3702 2279 3773 ποιῆσαι
2314 3702 2476 3757 αὐτὸν
2502 3702 2770 3766 ἐκλιπεῖν,
2794 3701 2857 3754 τὸ
2894 3700 3349 3771 παραδοξότερον,
3370 3700 3467 3753 καὶ

1893 3792 2117 3863 μηδενὸς
2176 3791 2474 3861 εὐξαμένου
2536 3790 2697 3844 τοῦτό
2750 3807 2838 3857 γε,
2896 3790 2985 3843 ἵνα
3042 3807 3094 3844 τι
3121 3790 3464 3859 ἑκατέρωθεν

1879 3883 2094 3952 ’ἀγαθον
2137 3882 2576 3951 καταπράξηται.
2643 3881 2732 3934 Ἐν
2759 3881 3005 3952 ἐκατέρῳ
3035 3880 3144 3950 γὰρ
3191 3881 3297 3934 τῶν
3328 3879 3469 3934 θαυ-

1892 3974 2079 4045 μάτων
2111 3972 2210 4044 τὴν
2256 3972 2571 4044 ὡρισμένην
2627 3973 2875 4040 ἀνάγκην
2920 3973 3055 4041 ήγχε
3086 3974 3149 4042 τῇ
3195 3971 3461 4031 ἀπολελυ-

1894 4068 2027 4139 μένῃ
2060 4066 2208 4139 [sic],
2245 4067 2340 4120 καὶ
2371 4066 2461 4120 τὸν
2487 4065 2819 4134 φονευθέντα
2856 4064 2923 4119 ἂν
2955 4067 3013 4117 ἐν
3047 4062 3202 4134 ὕπνῳ
3228 4063 3335 4116 ὐπὸ
3366 4063 3463 4136 λῃ-

1892 4160 2033 4215 στῶν
2062 4159 2433 4229 ἐξαναστήσας
2464 4161 2560 4210 καὶ
2601 4156 2819 4227 κρύψας
2850 4173 2955 4209 που
2983 4152 3294 4224 ἀπήλλαξεν
3320 4154 3466 4209 ἐτοί-

1894 4272 2003 4326 μης
2030 4251 2198 4320 οὔσης
2221 4252 2317 4322 τῆς
2348 4250 2656 4321 συμφορᾶς,
2688 4249 2776 4303 ἴνα
2802 4268 2854 4304 τι
2903 4249 3033 4318 περὶ
3057 4247 3219 4304 αὐτὸν
3248 4247 3465 4320 βέλτιον

1839 4328 1847 4337 ’
1890 4345 2082 4417 ἢπερὶ
2112 4345 2305 4407 ἀλλους
2358 4346 2423 4415 τῇ
2473 4343 2762 4416 προσθήκῃ
2816 4341 2909 4397 τοῦ
2934 4342 3054 4414 βίου
3101 4340 3467 4412 οίκονομηθῇ.

212 4436 338 4533 39m-
365 4434 429 4533 τὰ
463 4429 1069 4533 γινωσκόμεναιὰπλῶς
1114 4446 1172 4484 τε
1197 4429 1288 4533 κεξὶ
1322 4428 1662 4533 ὠρισιξένξυςῖ
1696 4428 1788 4533 ξεῖ
1811 4471 1865 4533 D
1904 4438 2063 4493 Ἀλλά
2108 4438 2200 4491 καὶ
2249 4438 2382 4509 εὐχῇ
2423 4434 2737 4507 ἀπήλλαξεν
2790 4435 2978 4505 ὁμοίου
3041 4433 3214 4487 κακοῦ
3270 4433 3461 4505 ἕτερον

208 4527 269 4581 δέ
294 4527 389 4581 καὶ
427 4523 770 4597 προωρίσθαι
812 4523 883 4579 τὰ
915 4521 1366 4593 προεγνωσμίνα,
1425 4522 1521 4574 καὶ
1553 4518 1785 4590 ὡρίσθαι

210 4638 277 4690 γε
308 4621 409 4675 οὐκ
431 4619 655 4673 ἄλλοθεν
685 4617 717 4688 ἢ
751 4616 841 4670 ὐπ’
879 4614 1066 4681 αὐτοῦ,
1102 4611 1325 4682 ποιητοῦ
1368 4610 1587 4665 πάντων
1635 4611 1786 4675 ὄντος

211 4713 308 4767 καὶ
334 4711 522 4774 τέλους
552 4710 805 4781 ἐσχάτου.
834 4707 1021 4781 Ταύτῃ
1050 4707 1158 4777 γὰρ
1181 4704 1241 4770 ἐξ
1264 4703 1431 4758 αὐτοῦ
1459 4705 1555 4757 καὶ
1578 4705 1658 4767 είς
1688 4702 1785 4761 αὑ-

207 4806 303 4859 τὸν
333 4799 474 4858 εἶναι
496 4803 714 4872 λέγεται
749 4801 927 4857 πάντα
968 4799 1044 4864 ώς
1073 4797 1237 4853 αὐτοῦ
1285 4814 1349 4868 γε
1404 4795 1555 4861 ὄντος
1599 4795 1693 4850 τοῦ
1725 4813 1784 4849 τε

208 4896 493 4960 τάττοντος
535 4894 765 4961 ἕκαστα,
799 4894 893 4948 καὶ
937 4893 1015 4958 εἰς
1047 4892 1105 4945 δν
1140 4889 1313 4943 πάντα
1357 4888 1602 4961 ἐσχάτως
1653 4888 1781 4943 τάτ-

209 5004 417 5051 τονται,
450 4984 743 5040 κάντεῦθεν
765 4982 1076 5037 ἀκολουθεῖν
1099 4981 1161 5035 τὸ
1187 4981 1281 5036 καὶ
1330 4980 1407 5045 είς
1437 4979 1504 5033 τά
1541 4980 1784 5060 προσεχῆ

210 5078 391 5132 αὐτῶν
418 5078 546 5150 τέλη
574 5078 778 5132 ἕκαστα
812 5075 904 5145 ὐπ’
924 5075 1087 5128 αὐτοῦ
1120 5073 1427 5129 τάττεσθαι.

287 5168 401 5223 Οὐκ
428 5164 519 5223 οῦν
556 5166 665 5223 οὐδ’
699 5167 894 5219 ἐκεῖνοι
923 5164 1012 5219 τδν
1052 5165 1196 5218 θεῖον
1235 5163 1568 5234 προορισμδν
1602 5166 1697 5218 καὶ
1727 5165 1784 5218 ἐν

210 5264 322 5326 τοῖς
348 5264 429 5332 ἐφ’
455 5263 586 5334 ἡμῖν
615 5258 903 5328 ἀγνοοῦσιν
937 5256 1012 5320 ὡς
1054 5256 1229 5328 μόνων
1276 5254 1385 5309 τῶν
1427 5254 1784 5327 ἀνθρωπίνων

212 5354 506 5423 ἐνεργειῶν
535 5352 567 5422 ἢ
591 5352 664 5423 τῷ
696 5351 906 5423 χείρους
934 5343 1073 5403 εἶναι
1102 5349 1206 5403 τῶν
1229 5349 1406 5404 ἀλλων
1450 5350 1548 5419 οὐχ
1602 5350 1781 5418 ὀριζο·

214 5449 413 5518 μένων,
440 5447 472 5518 ἦ
503 5446 579 5517 τῷ
605 5446 743 5499 πάνυ
772 5444 1009 5515 βελτίους
1036 5438 1196 5508 εἶναι,
1230 5440 1366 5514 μηδὲ
1399 5444 1469 5514 τῇ
1495 5440 1615 5512 θείᾳ
1643 5440 1784 5511 γνώ-

213 5557 296 5593 σει
328 5537 897 5610 περιλαμϐανομένων.
935 5536 1169 5589 Ἤκουον
1194 5534 1301 5604 γάρ
1338 5552 1441 5588 που
1482 5532 1576 5587 τοῦ
1600 5533 1781 5602 λογίου

211 5633 542 5704 κεκληκέναι
573 5632 664 5686 τὸν
685 5630 837 5695 Θεὸν,
895 5628 987 5694 οῦς
1027 5628 1280 5699 προέγνω
1310 5628 1403 5682 καὶ
1459 5626 1733 5697 προώρισε
1767 5642 1779 5655 °

211 5720 355 5782 οῦτοι
379 5726 433 5780 δέ
460 5721 599 5797 ἦσαν
622 5725 668 5778 οί
699 5724 795 5779 ὅσα
823 5719 888 5796 ἦν
919 5722 1005 5777 ἐπ’
1035 5723 1217 5788 αὐτοῖς
1242 5721 1503 5792 θεοφιλῶς
1539 5737 1782 5792 προῃρη-

1892 4528 2069 4585 ίδὸντα
2098 4528 2251 4583 ἐπιὸν
2276 4529 2519 4599 ἄφυκτον
2548 4526 2608 4582 τδ
2633 4528 2829 4593 δεινὸν,
2854 4527 2950 4582 καὶ
2982 4527 3078 4581 ἐπὶ
3105 4527 3198 4581 τὸν
3227 4524 3463 4595 δυνάμει⁴

1888 4640 1977 4677 νον
2000 4620 2199 4686 σώζειν
2232 4622 2636 4691 καταφυγόντα.
2675 4619 2866 4675 Ἔστιν
2889 4620 2977 4673 ὅτε
2999 4618 3140 4689 μετά
3163 4616 3255 4670 τοῦ
3289 4616 3464 4670 σῶσαι

1887 4715 1983 4770 καὶ
2011 4712 2208 4777 αὐτοὺς
2243 4713 2755 4784 μεταϐεϐλημένους
2797 4710 2926 4773 τούς
2975 4710 3186 4764 κτεῖναι
3213 4721 3459 4781 προῃρη-

1890 4807 2105 4877 μένους,
2137 4805 2234 4860 καὶ
2272 4803 2631 4872 φονευθέντας
2657 4803 2756 4875 μὲν
2786 4803 2853 4856 ἀν
2883 4800 2989 4855 ὑπὸ
3019 4799 3129 4853 τῶν
3156 4797 3460 4870 τυράννων,

1885 4899 2013 4964 τούς
2036 4897 2199 4974 μέχρι
2228 4896 2461 4952 θανάτου
2495 4894 2636 4965 ὐπέρ
2666 4897 2766 4965 τῆς
2815 4894 3053 4955 πίστεως
3083 4890 3459 4959 ἀπολογουμέ-

1885 5006 2010 5052 νους
2063 4985 2348 5058 διεφύλαξε
2400 4984 2499 5039 καὶ
2564 4985 2642 5055 μὴ
2673 4983 2990 5054 δεηθέντας,
3034 4981 3461 5053 οῑβυθιζόμενοι

1886 5083 1988 5136 οὐκ
2019 5081 2406 5149 ἀπεπνίγοντο,
2431 5080 2525 5133 καὶ
2549 5079 2964 5150 ἐμπιπράμενοι
2985 5078 3048 5132 οὐ
3084 5075 3460 5139 κατεκαίοντο,

1885 5176 1980 5228 καὶ
2027 5173 2233 5245 θηρίων
2288 5174 2676 5243 ἐπαφιεμὲνων
2724 5172 2851 5226 οὗτε
2899 5170 3233 5226 ἐϐλάπτοντο
3255 5165 3459 5236 ὁτιοῦν,

1886 5268 1979 5321 καὶ
2028 5264 2293 5338 ἐτιμῶντο
2339 5267 2414 5331 ώς
2447 5268 2513 5323 ἀν
2556 5264 2669 5340 εἶχε
2702 5268 2867 5339 τιμᾷν
2893 5266 2964 5320 τά
2996 5265 3182 5334 θηρία,
3240 5262 3336 5316 καὶ
3369 5261 3463 5332 δη·-

1885 5358 2305 5432 λητηριούμενοι
2357 5361 2458 5415 οὐκ
2504 5361 2875 5432 ἀπέθνησκον.
2896 5358 3201 5431 Δεηθέντας
3226 5356 3284 5410 δέ
3328 5371 3462 5408 ποτε

1885 5455 2076 5519 ἄλλους
2121 5454 2261 5525 μετά
2285 5457 2385 5524 τὴν
2416 5455 2726 5527 παρρησίαν
2756 5456 2849 5510 καὶ
2867 5453 3060 5516 ἄθλους
3084 5450 3311 5512 πολλοὺς
3331 5448 3461 5502 ἀπο-

1884 5544 2257 5615 δεδειγμένους
2294 5544 2391 5601 σὺν
2420 5548 2617 5621 εἰρήνῃ
2646 5546 2810 5617 ἐξῆγε
2849 5544 2944 5599 τοῦ
2977 5543 3115 5615 βίου,
3140 5541 3234 5620 καὶ
3291 5538 3463 5612 χωρίς

1884 5653 2027 5700 τινος
2060 5636 2241 5701 αίτίας
2281 5639 2517 5707 φυσικῆς
2566 5638 2674 5693 τῶν
2708 5639 2774 5694 τά
2798 5636 3022 5694 τοιαῦτα
3073 5633 3201 5705 τέλη
3233 5635 3291 5687 ἐν
3339 5632 3453 5694 τοῖς

1884 5727 2192 5798 ἀνθρώποις
2221 5729 2627 5798 ἐργαζομένων.
