  <div class='ocr_page' id='page_1' title='image "/cluster/home/n/w/nwhite01/storage/ocr_20150623/160/hvd.32044036446961/686.png"; bbox 0 0 3970 6460; ppageno 0'>
   <div class='ocr_carea' id='block_1_1' title="bbox 297 385 431 448">
    <p class='ocr_par' dir='ltr' id='par_1_1' title="bbox 297 385 431 448">
     <span class='ocr_line' id='line_1_1' title="bbox 297 385 431 448; baseline 0.007 -1"><span class='ocrx_word' id='word_1_1' title='bbox 297 385 431 448; x_wconf 78' lang='grc' dir='ltr'><strong>1ἰ33</strong></span> 
     </span>
    </p>
   </div>
   <div class='ocr_carea' id='block_1_2' title="bbox 1286 332 2593 455">
    <p class='ocr_par' dir='ltr' id='par_1_2' title="bbox 1286 332 2593 455">
     <span class='ocr_line' id='line_1_2' title="bbox 1286 332 2593 455; baseline 0.002 -2"><span class='ocrx_word' id='word_1_2' title='bbox 1286 393 1384 453; x_wconf 83' lang='lat' dir='ltr'><strong>DE</strong></span> <span class='ocrx_word' id='word_1_3' title='bbox 1416 332 2169 454; x_wconf 49' lang='lat' dir='ltr'><strong>PREDESTIN‘ATIONE</strong></span> <span class='ocrx_word' id='word_1_4' title='bbox 2202 391 2437 452; x_wconf 78' lang='lat' dir='ltr'><strong>LIBER</strong></span> <span class='ocrx_word' id='word_1_5' title='bbox 2476 392 2593 455; x_wconf 78' lang='grc' dir='ltr'><strong>ΙΙΙ.</strong></span> 
     </span>
    </p>
   </div>
   <div class='ocr_carea' id='block_1_3' title="bbox 3432 382 3569 451">
    <p class='ocr_par' dir='ltr' id='par_1_3' title="bbox 3432 382 3569 451">
     <span class='ocr_line' id='line_1_3' title="bbox 3432 382 3569 451; baseline 0.015 -2"><span class='ocrx_word' id='word_1_6' title='bbox 3432 382 3569 451; x_wconf 69' lang='grc'><strong>1134</strong></span> 
     </span>
    </p>
   </div>
   <div class='ocr_carea' id='block_1_4' title="bbox 284 494 3569 581">
    <p class='ocr_par' dir='ltr' id='par_1_4' title="bbox 284 494 3569 581">
     <span class='ocr_line' id='line_1_4' title="bbox 284 494 3569 581; baseline -0.002 -15"><span class='ocrx_word' id='word_1_7' title='bbox 284 510 573 580; x_wconf 76' lang='grc' dir='ltr'><strong>δυνάμενοι</strong></span> <span class='ocrx_word' id='word_1_8' title='bbox 612 510 680 565; x_wconf 91' lang='grc' dir='ltr'><strong>τά</strong></span> <span class='ocrx_word' id='word_1_9' title='bbox 717 509 825 565; x_wconf 89' lang='grc' dir='ltr'><strong>τῶν</strong></span> <span class='ocrx_word' id='word_1_10' title='bbox 863 510 1197 565; x_wconf 78' lang='grc' dir='ltr'><strong>διδασκάλων</strong></span> <span class='ocrx_word' id='word_1_11' title='bbox 1219 550 1235 575; x_wconf 95' lang='grc'><strong>,</strong></span> <span class='ocrx_word' id='word_1_12' title='bbox 1280 512 1427 581; x_wconf 73' lang='grc' dir='ltr'><strong>φημὶ</strong></span> <span class='ocrx_word' id='word_1_13' title='bbox 1470 511 1527 565; x_wconf 78' lang='grc' dir='ltr'><strong>δὲ</strong></span> <span class='ocrx_word' id='word_1_14' title='bbox 1567 511 1678 564; x_wconf 87' lang='grc' dir='ltr'><strong>τῶν</strong></span> <span class='ocrx_word' id='word_1_15' title='bbox 1718 494 1869 563; x_wconf 82' lang='grc' dir='ltr'><strong>πλεί-</strong></span> <span class='ocrx_word' id='word_1_16' title='bbox 1897 516 1944 575; x_wconf 72' lang='grc' dir='ltr'><strong>Α</strong></span> <span class='ocrx_word' id='word_1_17' title='bbox 1971 510 2176 580; x_wconf 87' lang='grc' dir='ltr'><strong>γνῶσις</strong></span> <span class='ocrx_word' id='word_1_18' title='bbox 2194 510 2378 565; x_wconf 77' lang='grc' dir='ltr'><strong>τοίνυν</strong></span> <span class='ocrx_word' id='word_1_19' title='bbox 2406 511 2514 565; x_wconf 91' lang='grc' dir='ltr'><strong>τῶν</strong></span> <span class='ocrx_word' id='word_1_20' title='bbox 2541 510 2902 581; x_wconf 77' lang='grc' dir='ltr'><strong>ἀνθρωπίνων</strong></span> <span class='ocrx_word' id='word_1_21' title='bbox 2932 509 3277 580; x_wconf 78' lang='grc' dir='ltr'><strong>πραγμάτιον</strong></span> <span class='ocrx_word' id='word_1_22' title='bbox 3304 509 3399 563; x_wconf 71' lang='grc' dir='ltr'><strong>καὶ</strong></span> <span class='ocrx_word' id='word_1_23' title='bbox 3431 506 3569 578; x_wconf 71' lang='grc' dir='ltr'><strong>πρὸς</strong></span> 
     </span>
    </p>
   </div>
   <div class='ocr_carea' id='block_1_5' title="bbox 286 600 1864 675">
    <p class='ocr_par' dir='ltr' id='par_1_5' title="bbox 286 600 1864 675">
     <span class='ocr_line' id='line_1_5' title="bbox 286 600 1864 675; baseline -0.003 -16"><span class='ocrx_word' id='word_1_24' title='bbox 286 622 431 659; x_wconf 90' lang='grc' dir='ltr'><strong>στων</strong></span> <span class='ocrx_word' id='word_1_25' title='bbox 461 606 558 657; x_wconf 73' lang='grc' dir='ltr'><strong>καὶ</strong></span> <span class='ocrx_word' id='word_1_26' title='bbox 592 603 924 673; x_wconf 78' lang='grc' dir='ltr'><strong>ἀξιωτέρων,</strong></span> <span class='ocrx_word' id='word_1_27' title='bbox 960 604 1235 674; x_wconf 84' lang='grc' dir='ltr'><strong>εὐσχόλως</strong></span> <span class='ocrx_word' id='word_1_28' title='bbox 1267 604 1472 668; x_wconf 79' lang='grc' dir='ltr'><strong>ζητεῖν,</strong></span> <span class='ocrx_word' id='word_1_29' title='bbox 1504 602 1538 675; x_wconf 77' lang='grc' dir='ltr'>ἢ</span> <span class='ocrx_word' id='word_1_30' title='bbox 1573 600 1864 673; x_wconf 78' lang='grc' dir='ltr'><strong>ζητοῦντες</strong></span> 
     </span>
    </p>
   </div>
   <div class='ocr_carea' id='block_1_6' title="bbox 285 694 1865 770">
    <p class='ocr_par' dir='ltr' id='par_1_6' title="bbox 285 694 1865 770">
     <span class='ocr_line' id='line_1_6' title="bbox 285 694 1865 770; baseline -0.003 -19"><span class='ocrx_word' id='word_1_31' title='bbox 285 699 389 770; x_wconf 76' lang='grc' dir='ltr'><strong>μὶν</strong></span> <span class='ocrx_word' id='word_1_32' title='bbox 420 698 538 752; x_wconf 78' lang='grc' dir='ltr'><strong>ἀλλ’</strong></span> <span class='ocrx_word' id='word_1_33' title='bbox 562 699 662 751; x_wconf 77' lang='grc' dir='ltr'><strong>ούκ</strong></span> <span class='ocrx_word' id='word_1_34' title='bbox 690 698 907 767; x_wconf 75' lang='grc' dir='ltr'><strong>ἔχοντες</strong></span> <span class='ocrx_word' id='word_1_35' title='bbox 939 698 1173 769; x_wconf 75' lang='grc' dir='ltr'><strong>συνορᾷν</strong></span> <span class='ocrx_word' id='word_1_36' title='bbox 1200 699 1277 761; x_wconf 88' lang='grc' dir='ltr'><strong>ώς</strong></span> <span class='ocrx_word' id='word_1_37' title='bbox 1306 696 1676 766; x_wconf 87' lang='grc' dir='ltr'><strong>ἀπλούστεροι</strong></span> <span class='ocrx_word' id='word_1_38' title='bbox 1706 695 1738 765; x_wconf 76' lang='grc' dir='ltr'>ἢ</span> <span class='ocrx_word' id='word_1_39' title='bbox 1770 694 1865 747; x_wconf 81' lang='grc' dir='ltr'><strong>καὶ</strong></span> 
     </span>
    </p>
   </div>
   <div class='ocr_carea' id='block_1_7' title="bbox 298 786 1864 860">
    <p class='ocr_par' dir='ltr' id='par_1_7' title="bbox 298 786 1864 860">
     <span class='ocr_line' id='line_1_7' title="bbox 298 786 1864 860; baseline -0.003 -17"><span class='ocrx_word' id='word_1_40' title='bbox 298 792 363 859; x_wconf 76' lang='grc' dir='ltr'><strong>τῷ</strong></span> <span class='ocrx_word' id='word_1_41' title='bbox 391 792 534 860; x_wconf 88' lang='grc' dir='ltr'><strong>πέρα</strong></span> <span class='ocrx_word' id='word_1_42' title='bbox 558 790 658 859; x_wconf 79' lang='grc' dir='ltr'><strong>τῆς</strong></span> <span class='ocrx_word' id='word_1_43' title='bbox 687 792 896 852; x_wconf 77' lang='grc' dir='ltr'><strong>οἰκείας</strong></span> <span class='ocrx_word' id='word_1_44' title='bbox 927 791 1095 856; x_wconf 72' lang='grc' dir='ltr'><strong>ἕξεως</strong></span> <span class='ocrx_word' id='word_1_45' title='bbox 1125 790 1531 860; x_wconf 85' lang='grc' dir='ltr'><strong>φιλοτιμεῖσθαι</strong></span> <span class='ocrx_word' id='word_1_46' title='bbox 1558 786 1864 860; x_wconf 83' lang='grc' dir='ltr'><strong>διαμαρτά-</strong></span> 
     </span>
    </p>
   </div>
   <div class='ocr_carea' id='block_1_8' title="bbox 293 880 1865 954">
    <p class='ocr_par' dir='ltr' id='par_1_8' title="bbox 293 880 1865 954">
     <span class='ocr_line' id='line_1_8' title="bbox 293 880 1865 954; baseline -0.001 -19"><span class='ocrx_word' id='word_1_47' title='bbox 293 900 470 945; x_wconf 82' lang='grc' dir='ltr'><strong>νοντες</strong></span> <span class='ocrx_word' id='word_1_48' title='bbox 499 883 592 937; x_wconf 86' lang='grc' dir='ltr'><strong>τοῦ</strong></span> <span class='ocrx_word' id='word_1_49' title='bbox 625 882 879 954; x_wconf 79' lang='grc' dir='ltr'><strong>ἀληθοῦς,</strong></span> <span class='ocrx_word' id='word_1_50' title='bbox 917 884 992 946; x_wconf 90' lang='grc' dir='ltr'><strong>ώς</strong></span> <span class='ocrx_word' id='word_1_51' title='bbox 1024 883 1172 948; x_wconf 77' lang='grc' dir='ltr'><strong>είκὸς</strong></span> <span class='ocrx_word' id='word_1_52' title='bbox 1198 924 1213 947; x_wconf 91' lang='grc'><strong>,</strong></span> <span class='ocrx_word' id='word_1_53' title='bbox 1242 882 1412 936; x_wconf 82' lang='grc' dir='ltr'><strong>ταυτδ</strong></span> <span class='ocrx_word' id='word_1_54' title='bbox 1444 881 1632 952; x_wconf 69' lang='grc' dir='ltr'><strong>σχεδον</strong></span> <span class='ocrx_word' id='word_1_55' title='bbox 1664 880 1865 935; x_wconf 85' lang='grc' dir='ltr'><strong>ἑπαθον</strong></span> 
     </span>
    </p>
   </div>
   <div class='ocr_carea' id='block_1_9' title="bbox 288 967 1869 1047">
    <p class='ocr_par' dir='ltr' id='par_1_9' title="bbox 288 967 1869 1047">
     <span class='ocr_line' id='line_1_9' title="bbox 288 967 1869 1047; baseline 0 -19"><span class='ocrx_word' id='word_1_56' title='bbox 288 978 395 1038; x_wconf 79' lang='grc' dir='ltr'><strong>τοῖς</strong></span> <span class='ocrx_word' id='word_1_57' title='bbox 420 978 487 1047; x_wconf 73' lang='grc' dir='ltr'><strong>τῇ</strong></span> <span class='ocrx_word' id='word_1_58' title='bbox 513 975 693 1030; x_wconf 91' lang='grc' dir='ltr'><strong>πίστει</strong></span> <span class='ocrx_word' id='word_1_59' title='bbox 722 978 1026 1045; x_wconf 79' lang='grc' dir='ltr'><strong>ἀντιλέγειν</strong></span> <span class='ocrx_word' id='word_1_60' title='bbox 1054 975 1186 1031; x_wconf 75' lang='grc' dir='ltr'><strong>ποτδ</strong></span> <span class='ocrx_word' id='word_1_61' title='bbox 1210 976 1502 1045; x_wconf 90' lang='grc' dir='ltr'><strong>οίομένοις,</strong></span> <span class='ocrx_word' id='word_1_62' title='bbox 1526 973 1593 1028; x_wconf 85' lang='grc' dir='ltr'><strong>δι’</strong></span> <span class='ocrx_word' id='word_1_63' title='bbox 1616 967 1691 1028; x_wconf 84' lang='grc' dir='ltr'><strong>ὧν</strong></span> <span class='ocrx_word' id='word_1_64' title='bbox 1718 975 1869 1028; x_wconf 85' lang='grc' dir='ltr'><strong>ἐπει-</strong></span> 
     </span>
    </p>
   </div>
   <div class='ocr_carea' id='block_1_10' title="bbox 288 1065 1868 1139">
    <p class='ocr_par' dir='ltr' id='par_1_10' title="bbox 288 1065 1868 1139">
     <span class='ocr_line' id='line_1_10' title="bbox 288 1065 1868 1139; baseline 0.003 -25"><span class='ocrx_word' id='word_1_65' title='bbox 288 1068 460 1127; x_wconf 59' lang='lat' dir='ltr'><strong>panno</strong></span> <span class='ocrx_word' id='word_1_66' title='bbox 500 1068 568 1120; x_wconf 71' lang='grc' dir='ltr'><strong>τὰ</strong></span> <span class='ocrx_word' id='word_1_67' title='bbox 607 1068 706 1139; x_wconf 80' lang='grc' dir='ltr'><strong>τῆς</strong></span> <span class='ocrx_word' id='word_1_68' title='bbox 753 1070 905 1139; x_wconf 76' lang='grc' dir='ltr'><strong>ίερᾶς</strong></span> <span class='ocrx_word' id='word_1_69' title='bbox 950 1069 1172 1139; x_wconf 82' lang='grc' dir='ltr'><strong>Γραφῆς</strong></span> <span class='ocrx_word' id='word_1_70' title='bbox 1218 1069 1298 1132; x_wconf 85' lang='grc' dir='ltr'><strong>εἰς</strong></span> <span class='ocrx_word' id='word_1_71' title='bbox 1341 1066 1635 1135; x_wconf 77' lang='grc' dir='ltr'><strong>ἀντίφασιν</strong></span> <span class='ocrx_word' id='word_1_72' title='bbox 1673 1065 1868 1137; x_wconf 80' lang='grc' dir='ltr'><strong>περιά-</strong></span> 
     </span>
    </p>
   </div>
   <div class='ocr_carea' id='block_1_11' title="bbox 294 1158 1867 1231">
    <p class='ocr_par' dir='ltr' id='par_1_11' title="bbox 294 1158 1867 1231">
     <span class='ocr_line' id='line_1_11' title="bbox 294 1158 1867 1231; baseline 0 -17"><span class='ocrx_word' id='word_1_73' title='bbox 294 1177 439 1229; x_wconf 50' lang='grc' dir='ltr'><strong>ηίεινο</strong></span> <span class='ocrx_word' id='word_1_74' title='bbox 492 1160 562 1214; x_wconf 84' lang='grc' dir='ltr'><strong>τά</strong></span> <span class='ocrx_word' id='word_1_75' title='bbox 608 1163 717 1230; x_wconf 92' lang='grc' dir='ltr'><strong>γάρ</strong></span> <span class='ocrx_word' id='word_1_76' title='bbox 762 1162 853 1215; x_wconf 71' lang='grc' dir='ltr'><strong>τὸν</strong></span> <span class='ocrx_word' id='word_1_77' title='bbox 898 1161 1045 1215; x_wconf 90' lang='grc' dir='ltr'><strong>θεῖον</strong></span> <span class='ocrx_word' id='word_1_78' title='bbox 1093 1160 1429 1231; x_wconf 73' lang='grc' dir='ltr'><strong>προορισμδν</strong></span> <span class='ocrx_word' id='word_1_79' title='bbox 1474 1158 1867 1214; x_wconf 75' lang='grc' dir='ltr'><strong>ἐκδιδάσκοντα</strong></span> 
     </span>
    </p>
   </div>
   <div class='ocr_carea' id='block_1_12' title="bbox 285 1246 1868 1323">
    <p class='ocr_par' dir='ltr' id='par_1_12' title="bbox 285 1246 1868 1323">
     <span class='ocr_line' id='line_1_12' title="bbox 285 1246 1868 1323; baseline -0.001 -20"><span class='ocrx_word' id='word_1_80' title='bbox 285 1254 379 1305; x_wconf 70' lang='grc' dir='ltr'><strong>καὶ</strong></span> <span class='ocrx_word' id='word_1_81' title='bbox 410 1250 731 1321; x_wconf 75' lang='grc' dir='ltr'><strong>βεϐαιοῦντα</strong></span> <span class='ocrx_word' id='word_1_82' title='bbox 764 1254 926 1323; x_wconf 79' lang='grc' dir='ltr'><strong>ρητά,</strong></span> <span class='ocrx_word' id='word_1_83' title='bbox 957 1246 1031 1306; x_wconf 81' lang='grc' dir='ltr'><strong>ὧν</strong></span> <span class='ocrx_word' id='word_1_84' title='bbox 1064 1254 1099 1323; x_wconf 80' lang='grc' dir='ltr'><strong>ἡ</strong></span> <span class='ocrx_word' id='word_1_85' title='bbox 1130 1252 1250 1306; x_wconf 88' lang='grc' dir='ltr'><strong>θεία</strong></span> <span class='ocrx_word' id='word_1_86' title='bbox 1280 1253 1445 1322; x_wconf 83' lang='grc' dir='ltr'><strong>γέμει</strong></span> <span class='ocrx_word' id='word_1_87' title='bbox 1475 1250 1672 1322; x_wconf 79' lang='grc' dir='ltr'><strong>Γραφὴ</strong></span> <span class='ocrx_word' id='word_1_88' title='bbox 1701 1265 1868 1319; x_wconf 80' lang='grc' dir='ltr'><strong>σαφε-</strong></span> 
     </span>
    </p>
   </div>
   <div class='ocr_carea' id='block_1_13' title="bbox 283 1341 1865 1415">
    <p class='ocr_par' dir='ltr' id='par_1_13' title="bbox 283 1341 1865 1415">
     <span class='ocr_line' id='line_1_13' title="bbox 283 1341 1865 1415; baseline -0.001 -18"><span class='ocrx_word' id='word_1_89' title='bbox 283 1343 498 1398; x_wconf 87' lang='grc' dir='ltr'><strong>στάτων</strong></span> <span class='ocrx_word' id='word_1_90' title='bbox 544 1344 625 1408; x_wconf 88' lang='grc' dir='ltr'><strong>είς</strong></span> <span class='ocrx_word' id='word_1_91' title='bbox 667 1345 952 1415; x_wconf 87' lang='grc' dir='ltr'><strong>ἀναίρεσιν</strong></span> <span class='ocrx_word' id='word_1_92' title='bbox 1000 1345 1111 1398; x_wconf 89' lang='grc' dir='ltr'><strong>τῶν</strong></span> <span class='ocrx_word' id='word_1_93' title='bbox 1161 1346 1227 1415; x_wconf 82' lang='grc' dir='ltr'><strong>τῇ</strong></span> <span class='ocrx_word' id='word_1_94' title='bbox 1279 1343 1725 1414; x_wconf 80' lang='grc' dir='ltr'><strong>αύτεξουσιότητι</strong></span> <span class='ocrx_word' id='word_1_95' title='bbox 1771 1341 1865 1396; x_wconf 90' lang='grc' dir='ltr'><strong>τοῦ</strong></span> 
     </span>
    </p>
   </div>
   <div class='ocr_carea' id='block_1_14' title="bbox 283 1428 1868 1510">
    <p class='ocr_par' dir='ltr' id='par_1_14' title="bbox 283 1428 1868 1510">
     <span class='ocr_line' id='line_1_14' title="bbox 283 1428 1868 1510; baseline 0 -21"><span class='ocrx_word' id='word_1_96' title='bbox 283 1436 574 1508; x_wconf 83' lang='grc' dir='ltr'><strong>ἀνθρώπου</strong></span> <span class='ocrx_word' id='word_1_97' title='bbox 609 1438 1021 1508; x_wconf 76' lang='grc' dir='ltr'><strong>συνεργούντων</strong></span> <span class='ocrx_word' id='word_1_98' title='bbox 1050 1438 1233 1510; x_wconf 81' lang='grc' dir='ltr'><strong>ῥητῶν</strong></span> <span class='ocrx_word' id='word_1_99' title='bbox 1264 1438 1358 1491; x_wconf 73' lang='grc' dir='ltr'><strong>καὶ</strong></span> <span class='ocrx_word' id='word_1_100' title='bbox 1385 1439 1505 1502; x_wconf 88' lang='grc' dir='ltr'><strong>ταῖς</strong></span> <span class='ocrx_word' id='word_1_101' title='bbox 1533 1428 1709 1508; x_wconf 69' lang='grc' dir='ltr'><strong>ταύτη</strong></span> <span class='ocrx_word' id='word_1_102' title='bbox 1739 1437 1868 1490; x_wconf 80' lang='grc' dir='ltr'><strong>ἀκοο</strong></span> 
     </span>
    </p>
   </div>
   <div class='ocr_carea' id='block_1_15' title="bbox 283 1529 1870 1602">
    <p class='ocr_par' dir='ltr' id='par_1_15' title="bbox 283 1529 1870 1602">
     <span class='ocr_line' id='line_1_15' title="bbox 283 1529 1870 1602; baseline 0.001 -20"><span class='ocrx_word' id='word_1_103' title='bbox 283 1530 606 1595; x_wconf 84' lang='grc' dir='ltr'><strong>λουθούσαις</strong></span> <span class='ocrx_word' id='word_1_104' title='bbox 631 1532 891 1602; x_wconf 75' lang='grc' dir='ltr'><strong>ἀμοιϐαῖς</strong></span> <span class='ocrx_word' id='word_1_105' title='bbox 916 1532 947 1602; x_wconf 77' lang='grc' dir='ltr'><strong>ἢ</strong></span> <span class='ocrx_word' id='word_1_106' title='bbox 980 1533 1193 1595; x_wconf 80' lang='grc' dir='ltr'><strong>ποιναῖς</strong></span> <span class='ocrx_word' id='word_1_107' title='bbox 1220 1531 1503 1585; x_wconf 84' lang='grc' dir='ltr'><strong>συνέλκειν</strong></span> <span class='ocrx_word' id='word_1_108' title='bbox 1523 1574 1538 1598; x_wconf 90' lang='grc'><strong>,</strong></span> <span class='ocrx_word' id='word_1_109' title='bbox 1567 1529 1870 1601; x_wconf 78' lang='grc' dir='ltr'><strong>έπειρῶντο</strong></span> 
     </span>
    </p>
   </div>
   <div class='ocr_carea' id='block_1_16' title="bbox 285 1622 1870 1696">
    <p class='ocr_par' dir='ltr' id='par_1_16' title="bbox 285 1622 1870 1696">
     <span class='ocr_line' id='line_1_16' title="bbox 285 1622 1870 1696; baseline 0 -21"><span class='ocrx_word' id='word_1_110' title='bbox 285 1624 497 1694; x_wconf 81' lang='grc' dir='ltr'><strong>βιαίως,</strong></span> <span class='ocrx_word' id='word_1_111' title='bbox 538 1625 633 1677; x_wconf 73' lang='grc' dir='ltr'><strong>καὶ</strong></span> <span class='ocrx_word' id='word_1_112' title='bbox 675 1624 817 1679; x_wconf 82' lang='grc' dir='ltr'><strong>οῦτω</strong></span> <span class='ocrx_word' id='word_1_113' title='bbox 858 1625 958 1696; x_wconf 80' lang='grc' dir='ltr'><strong>τῆς</strong></span> <span class='ocrx_word' id='word_1_114' title='bbox 1001 1624 1226 1696; x_wconf 82' lang='grc' dir='ltr'><strong>Γραφῆς</strong></span> <span class='ocrx_word' id='word_1_115' title='bbox 1271 1624 1659 1695; x_wconf 89' lang='grc' dir='ltr'><strong>ἀκυρουμένης</strong></span> <span class='ocrx_word' id='word_1_116' title='bbox 1698 1622 1870 1693; x_wconf 75' lang='grc' dir='ltr'><strong>ᾤοντο</strong></span> 
     </span>
    </p>
   </div>
   <div class='ocr_carea' id='block_1_17' title="bbox 282 1714 1871 1787">
    <p class='ocr_par' dir='ltr' id='par_1_17' title="bbox 282 1714 1871 1787">
     <span class='ocr_line' id='line_1_17' title="bbox 282 1714 1871 1787; baseline -0.003 -18"><span class='ocrx_word' id='word_1_117' title='bbox 282 1717 363 1786; x_wconf 79' lang='grc' dir='ltr'><strong>τῷ</strong></span> <span class='ocrx_word' id='word_1_118' title='bbox 397 1715 572 1770; x_wconf 82' lang='grc' dir='ltr'><strong>δοκεῖν</strong></span> <span class='ocrx_word' id='word_1_119' title='bbox 605 1717 964 1781; x_wconf 69' lang='grc' dir='ltr'><strong>ἀντιφάσκειν</strong></span> <span class='ocrx_word' id='word_1_120' title='bbox 996 1716 1095 1769; x_wconf 75' lang='grc' dir='ltr'><strong>καὶ</strong></span> <span class='ocrx_word' id='word_1_121' title='bbox 1122 1715 1223 1787; x_wconf 79' lang='grc' dir='ltr'><strong>τὴν</strong></span> <span class='ocrx_word' id='word_1_122' title='bbox 1255 1716 1442 1769; x_wconf 90' lang='grc' dir='ltr'><strong>πίστιν</strong></span> <span class='ocrx_word' id='word_1_123' title='bbox 1475 1714 1593 1785; x_wconf 75' lang='grc' dir='ltr'><strong>ἅμα</strong></span> <span class='ocrx_word' id='word_1_124' title='bbox 1628 1730 1871 1768; x_wconf 88' lang='grc' dir='ltr'><strong>συνακυ-</strong></span> 
     </span>
    </p>
   </div>
   <div class='ocr_carea' id='block_1_18' title="bbox 287 1805 1871 1881">
    <p class='ocr_par' dir='ltr' id='par_1_18' title="bbox 287 1805 1871 1881">
     <span class='ocr_line' id='line_1_18' title="bbox 287 1805 1871 1881; baseline -0.002 -19"><span class='ocrx_word' id='word_1_125' title='bbox 287 1809 435 1881; x_wconf 87' lang='grc' dir='ltr'><strong>ροῦν.</strong></span> <span class='ocrx_word' id='word_1_126' title='bbox 483 1811 593 1863; x_wconf 74' lang='grc' dir='ltr'><strong>Καὶ</strong></span> <span class='ocrx_word' id='word_1_127' title='bbox 635 1809 781 1864; x_wconf 86' lang='grc' dir='ltr'><strong>οῦτοι</strong></span> <span class='ocrx_word' id='word_1_128' title='bbox 824 1810 1006 1865; x_wconf 82' lang='grc' dir='ltr'><strong>τοίνυν</strong></span> <span class='ocrx_word' id='word_1_129' title='bbox 1048 1810 1097 1863; x_wconf 88' lang='grc' dir='ltr'><strong>εί</strong></span> <span class='ocrx_word' id='word_1_130' title='bbox 1146 1809 1221 1879; x_wconf 77' lang='grc' dir='ltr'><strong>μὴ</strong></span> <span class='ocrx_word' id='word_1_131' title='bbox 1270 1809 1363 1862; x_wconf 74' lang='grc' dir='ltr'><strong>καὶ</strong></span> <span class='ocrx_word' id='word_1_132' title='bbox 1409 1807 1519 1861; x_wconf 72' lang='grc' dir='ltr'><strong>ἀπὸ</strong></span> <span class='ocrx_word' id='word_1_133' title='bbox 1560 1808 1658 1877; x_wconf 74' lang='grc' dir='ltr'><strong>τῆς</strong></span> <span class='ocrx_word' id='word_1_134' title='bbox 1698 1805 1871 1875; x_wconf 82' lang='grc' dir='ltr'><strong>αὐτῆς</strong></span> 
     </span>
    </p>
   </div>
   <div class='ocr_carea' id='block_1_19' title="bbox 1971 598 3571 674">
    <p class='ocr_par' dir='ltr' id='par_1_19' title="bbox 1971 598 3571 674">
     <span class='ocr_line' id='line_1_19' title="bbox 1971 598 3571 674; baseline -0.002 -18"><span class='ocrx_word' id='word_1_135' title='bbox 1971 602 2035 656; x_wconf 83' lang='grc' dir='ltr'><strong>τὸ</strong></span> <span class='ocrx_word' id='word_1_136' title='bbox 2063 602 2218 663; x_wconf 86' lang='grc' dir='ltr'><strong>τέλος</strong></span> <span class='ocrx_word' id='word_1_137' title='bbox 2254 603 2436 656; x_wconf 80' lang='grc' dir='ltr'><strong>αὐτῶν</strong></span> <span class='ocrx_word' id='word_1_138' title='bbox 2494 603 2555 655; x_wconf 82' lang='grc' dir='ltr'><strong>τὸ</strong></span> <span class='ocrx_word' id='word_1_139' title='bbox 2604 604 2804 656; x_wconf 77' lang='grc' dir='ltr'><strong>οἰκεῖον</strong></span> <span class='ocrx_word' id='word_1_140' title='bbox 2853 603 3165 674; x_wconf 72' lang='grc' dir='ltr'><strong>ὁρισμὸς,ἡ</strong></span> <span class='ocrx_word' id='word_1_141' title='bbox 3216 600 3316 671; x_wconf 87' lang='grc' dir='ltr'><strong>μέν</strong></span> <span class='ocrx_word' id='word_1_142' title='bbox 3341 600 3462 655; x_wconf 77' lang='grc' dir='ltr'><strong>ἐστι</strong></span> <span class='ocrx_word' id='word_1_143' title='bbox 3490 598 3571 669; x_wconf 81' lang='grc' dir='ltr'><strong>τῷ</strong></span> 
     </span>
    </p>
   </div>
   <div class='ocr_carea' id='block_1_20' title="bbox 1973 691 3569 768">
    <p class='ocr_par' dir='ltr' id='par_1_20' title="bbox 1973 691 3569 768">
     <span class='ocr_line' id='line_1_20' title="bbox 1973 691 3569 768; baseline -0.002 -18"><span class='ocrx_word' id='word_1_144' title='bbox 1973 696 2303 764; x_wconf 78' lang='grc' dir='ltr'><strong>γινώσκοντι</strong></span> <span class='ocrx_word' id='word_1_145' title='bbox 2327 699 2424 751; x_wconf 77' lang='grc' dir='ltr'><strong>καὶ</strong></span> <span class='ocrx_word' id='word_1_146' title='bbox 2444 696 2687 768; x_wconf 74' lang='grc' dir='ltr'><strong>ὁρίζοντι</strong></span> <span class='ocrx_word' id='word_1_147' title='bbox 2710 697 2827 766; x_wconf 85' lang='grc' dir='ltr'><strong>Θεῷ</strong></span> <span class='ocrx_word' id='word_1_148' title='bbox 2860 698 3065 767; x_wconf 86' lang='grc' dir='ltr'><strong>γνῶσις</strong></span> <span class='ocrx_word' id='word_1_149' title='bbox 3091 698 3185 749; x_wconf 76' lang='grc' dir='ltr'><strong>καὶ</strong></span> <span class='ocrx_word' id='word_1_150' title='bbox 3208 696 3462 765; x_wconf 70' lang='grc' dir='ltr'><strong>ὁρισμὸς,</strong></span> <span class='ocrx_word' id='word_1_151' title='bbox 3492 691 3569 755; x_wconf 85' lang='grc' dir='ltr'><strong>ὡς</strong></span> 
     </span>
    </p>
   </div>
   <div class='ocr_carea' id='block_1_21' title="bbox 1971 786 3572 861">
    <p class='ocr_par' dir='ltr' id='par_1_21' title="bbox 1971 786 3572 861">
     <span class='ocr_line' id='line_1_21' title="bbox 1971 786 3572 861; baseline -0.003 -17"><span class='ocrx_word' id='word_1_152' title='bbox 1971 790 2037 861; x_wconf 78' lang='grc' dir='ltr'><strong>δὴ</strong></span> <span class='ocrx_word' id='word_1_153' title='bbox 2069 791 2352 861; x_wconf 73' lang='grc' dir='ltr'><strong>παρόντων</strong></span> <span class='ocrx_word' id='word_1_154' title='bbox 2373 789 2463 843; x_wconf 91' lang='grc' dir='ltr'><strong>καί</strong></span> <span class='ocrx_word' id='word_1_155' title='bbox 2494 791 2600 843; x_wconf 88' lang='grc' dir='ltr'><strong>είσι</strong></span> <span class='ocrx_word' id='word_1_156' title='bbox 2632 788 2900 843; x_wconf 87' lang='grc' dir='ltr'><strong>καλοῦντα</strong></span> <span class='ocrx_word' id='word_1_157' title='bbox 2933 791 3124 859; x_wconf 76' lang='grc' dir='ltr'><strong>χωρὶς,</strong></span> <span class='ocrx_word' id='word_1_158' title='bbox 3156 790 3224 857; x_wconf 78' lang='grc' dir='ltr'><strong>τῇ</strong></span> <span class='ocrx_word' id='word_1_159' title='bbox 3252 787 3311 841; x_wconf 79' lang='grc' dir='ltr'><strong>δέ</strong></span> <span class='ocrx_word' id='word_1_160' title='bbox 3339 786 3477 858; x_wconf 73' lang='grc' dir='ltr'><strong>πρὸς</strong></span> <span class='ocrx_word' id='word_1_161' title='bbox 3500 789 3572 839; x_wconf 88' lang='grc' dir='ltr'><strong>τά</strong></span> 
     </span>
    </p>
   </div>
   <div class='ocr_carea' id='block_1_22' title="bbox 1974 878 3569 953">
    <p class='ocr_par' dir='ltr' id='par_1_22' title="bbox 1974 878 3569 953">
     <span class='ocr_line' id='line_1_22' title="bbox 1974 878 3569 953; baseline -0.002 -19"><span class='ocrx_word' id='word_1_162' title='bbox 1974 883 2241 953; x_wconf 87' lang='grc' dir='ltr'><strong>γινόμενα</strong></span> <span class='ocrx_word' id='word_1_163' title='bbox 2300 883 2397 936; x_wconf 79' lang='grc' dir='ltr'><strong>καὶ</strong></span> <span class='ocrx_word' id='word_1_164' title='bbox 2453 882 2748 953; x_wconf 78' lang='grc' dir='ltr'><strong>ὁριζόμενα</strong></span> <span class='ocrx_word' id='word_1_165' title='bbox 2798 882 3101 952; x_wconf 76' lang='grc' dir='ltr'><strong>ἀποϐλέψει</strong></span> <span class='ocrx_word' id='word_1_166' title='bbox 3150 878 3466 951; x_wconf 81' lang='grc' dir='ltr'><strong>πρόγνωσίς</strong></span> <span class='ocrx_word' id='word_1_167' title='bbox 3508 896 3569 931; x_wconf 90' lang='grc' dir='ltr'><strong>τε</strong></span> 
     </span>
    </p>
   </div>
   <div class='ocr_carea' id='block_1_23' title="bbox 1972 972 3569 1047">
    <p class='ocr_par' dir='ltr' id='par_1_23' title="bbox 1972 972 3569 1047">
     <span class='ocr_line' id='line_1_23' title="bbox 1972 972 3569 1047; baseline -0.004 -17"><span class='ocrx_word' id='word_1_168' title='bbox 1972 978 2068 1031; x_wconf 65' lang='grc' dir='ltr'><strong>καί⁵</strong></span> <span class='ocrx_word' id='word_1_169' title='bbox 2105 976 2443 1047; x_wconf 65' lang='grc' dir='ltr'><strong>προορισμός</strong></span> <span class='ocrx_word' id='word_1_170' title='bbox 2477 974 2768 1043; x_wconf 89' lang='grc' dir='ltr'><strong>λέγονται·</strong></span> <span class='ocrx_word' id='word_1_171' title='bbox 2800 977 2829 1029; x_wconf 92' lang='grc' dir='ltr'><strong>ὁ</strong></span> <span class='ocrx_word' id='word_1_172' title='bbox 2866 976 2925 1029; x_wconf 88' lang='grc' dir='ltr'><strong>δέ</strong></span> <span class='ocrx_word' id='word_1_173' title='bbox 2955 973 3299 1046; x_wconf 68' lang='grc' dir='ltr'><strong>προορισμός</strong></span> <span class='ocrx_word' id='word_1_174' title='bbox 3332 972 3569 1041; x_wconf 80' lang='grc' dir='ltr'><strong>γενικῶς</strong></span> 
     </span>
    </p>
   </div>
   <div class='ocr_carea' id='block_1_24' title="bbox 1972 1064 3574 1140">
    <p class='ocr_par' dir='ltr' id='par_1_24' title="bbox 1972 1064 3574 1140">
     <span class='ocr_line' id='line_1_24' title="bbox 1972 1064 3574 1140; baseline -0.005 -17"><span class='ocrx_word' id='word_1_175' title='bbox 1972 1068 2379 1140; x_wconf 76' lang='grc' dir='ltr'><strong>λαμϐανόμενος</strong></span> <span class='ocrx_word' id='word_1_176' title='bbox 2398 1067 2594 1133; x_wconf 75' lang='grc' dir='ltr'><strong>οὕτως,</strong></span> <span class='ocrx_word' id='word_1_177' title='bbox 2622 1068 2701 1131; x_wconf 87' lang='grc' dir='ltr'><strong>είς</strong></span> <span class='ocrx_word' id='word_1_178' title='bbox 2716 1068 2808 1122; x_wconf 75' lang='grc' dir='ltr'><strong>τὸν</strong></span> <span class='ocrx_word' id='word_1_179' title='bbox 2826 1068 3031 1139; x_wconf 83' lang='grc' dir='ltr'><strong>κυρίως</strong></span> <span class='ocrx_word' id='word_1_180' title='bbox 3063 1065 3404 1137; x_wconf 73' lang='grc' dir='ltr'><strong>προορισμδν</strong></span> <span class='ocrx_word' id='word_1_181' title='bbox 3434 1064 3574 1117; x_wconf 70' lang='grc' dir='ltr'><strong>διαιο</strong></span> 
     </span>
    </p>
   </div>
   <div class='ocr_carea' id='block_1_25' title="bbox 1977 1156 3569 1234">
    <p class='ocr_par' dir='ltr' id='par_1_25' title="bbox 1977 1156 3569 1234">
     <span class='ocr_line' id='line_1_25' title="bbox 1977 1156 3569 1234; baseline -0.005 -18"><span class='ocrx_word' id='word_1_182' title='bbox 1977 1165 2176 1234; x_wconf 86' lang='grc' dir='ltr'><strong>ρεῖται,</strong></span> <span class='ocrx_word' id='word_1_183' title='bbox 2209 1163 2305 1215; x_wconf 73' lang='grc' dir='ltr'><strong>καὶ</strong></span> <span class='ocrx_word' id='word_1_184' title='bbox 2359 1161 2461 1234; x_wconf 83' lang='grc' dir='ltr'><strong>τὴν</strong></span> <span class='ocrx_word' id='word_1_185' title='bbox 2511 1161 2988 1231; x_wconf 86' lang='grc' dir='ltr'><strong>ἀποδοκιμασίαν·</strong></span> <span class='ocrx_word' id='word_1_186' title='bbox 3044 1161 3139 1215; x_wconf 76' lang='grc' dir='ltr'><strong>καὶ</strong></span> <span class='ocrx_word' id='word_1_187' title='bbox 3188 1160 3342 1213; x_wconf 79' lang='grc' dir='ltr'><strong>ἔστιν</strong></span> <span class='ocrx_word' id='word_1_188' title='bbox 3374 1159 3404 1211; x_wconf 87' lang='grc' dir='ltr'><strong>ὁ</strong></span> <span class='ocrx_word' id='word_1_189' title='bbox 3468 1156 3569 1225; x_wconf 71' lang='grc' dir='ltr'><strong>μὲν</strong></span> 
     </span>
    </p>
   </div>
   <div class='ocr_carea' id='block_1_26' title="bbox 1973 1249 3570 1326">
    <p class='ocr_par' dir='ltr' id='par_1_26' title="bbox 1973 1249 3570 1326">
     <span class='ocr_line' id='line_1_26' title="bbox 1973 1249 3570 1326; baseline -0.004 -17"><span class='ocrx_word' id='word_1_190' title='bbox 1973 1254 2314 1326; x_wconf 80' lang='grc' dir='ltr'><strong>προορισμδς</strong></span> <span class='ocrx_word' id='word_1_191' title='bbox 2340 1252 2449 1307; x_wconf 92' lang='grc' dir='ltr'><strong>τῶν</strong></span> <span class='ocrx_word' id='word_1_192' title='bbox 2476 1252 2883 1324; x_wconf 77' lang='grc' dir='ltr'><strong>ἑφικνουμένων</strong></span> <span class='ocrx_word' id='word_1_193' title='bbox 2912 1252 3007 1307; x_wconf 90' lang='grc' dir='ltr'><strong>τοῦ</strong></span> <span class='ocrx_word' id='word_1_194' title='bbox 3033 1251 3244 1317; x_wconf 85' lang='grc' dir='ltr'><strong>τέλους,</strong></span> <span class='ocrx_word' id='word_1_195' title='bbox 3277 1253 3310 1320; x_wconf 79' lang='grc' dir='ltr'>ἡ</span> <span class='ocrx_word' id='word_1_196' title='bbox 3340 1250 3397 1304; x_wconf 80' lang='grc' dir='ltr'><strong>δὲ</strong></span> <span class='ocrx_word' id='word_1_197' title='bbox 3432 1249 3570 1303; x_wconf 81' lang='grc' dir='ltr'><strong>ἀπο-</strong></span> 
     </span>
    </p>
   </div>
   <div class='ocr_carea' id='block_1_27' title="bbox 1974 1341 3568 1417">
    <p class='ocr_par' dir='ltr' id='par_1_27' title="bbox 1974 1341 3568 1417">
     <span class='ocr_line' id='line_1_27' title="bbox 1974 1341 3568 1417; baseline -0.005 -16"><span class='ocrx_word' id='word_1_198' title='bbox 1974 1346 2273 1417; x_wconf 86' lang='grc' dir='ltr'><strong>δοκιμασία</strong></span> <span class='ocrx_word' id='word_1_199' title='bbox 2315 1345 2423 1399; x_wconf 89' lang='grc' dir='ltr'><strong>τῶν</strong></span> <span class='ocrx_word' id='word_1_200' title='bbox 2482 1346 2982 1417; x_wconf 81' lang='grc' dir='ltr'><strong>ἀποτυγχανόντων</strong></span> <span class='ocrx_word' id='word_1_201' title='bbox 3034 1344 3198 1399; x_wconf 83' lang='grc' dir='ltr'><strong>αὐτοῦ</strong></span> <span class='ocrx_word' id='word_1_202' title='bbox 3225 1361 3240 1377; x_wconf 87' lang='grc'><strong>·</strong></span> <span class='ocrx_word' id='word_1_203' title='bbox 3292 1342 3349 1396; x_wconf 83' lang='grc' dir='ltr'><strong>οῖ</strong></span> <span class='ocrx_word' id='word_1_204' title='bbox 3374 1358 3431 1396; x_wconf 89' lang='grc' dir='ltr'><strong>τε</strong></span> <span class='ocrx_word' id='word_1_205' title='bbox 3454 1341 3568 1411; x_wconf 85' lang='grc' dir='ltr'><strong>γάρ</strong></span> 
     </span>
    </p>
   </div>
   <div class='ocr_carea' id='block_1_28' title="bbox 1975 1434 3570 1509">
    <p class='ocr_par' dir='ltr' id='par_1_28' title="bbox 1975 1434 3570 1509">
     <span class='ocr_line' id='line_1_28' title="bbox 1975 1434 3570 1509; baseline -0.005 -16"><span class='ocrx_word' id='word_1_206' title='bbox 1975 1437 2381 1509; x_wconf 88' lang='grc' dir='ltr'><strong>προωρισμένοι</strong></span> <span class='ocrx_word' id='word_1_207' title='bbox 2414 1439 2496 1502; x_wconf 87' lang='grc' dir='ltr'><strong>είς</strong></span> <span class='ocrx_word' id='word_1_208' title='bbox 2526 1436 2625 1509; x_wconf 83' lang='grc' dir='ltr'><strong>τὴν</strong></span> <span class='ocrx_word' id='word_1_209' title='bbox 2660 1438 2881 1491; x_wconf 77' lang='grc' dir='ltr'><strong>αἰώνιον</strong></span> <span class='ocrx_word' id='word_1_210' title='bbox 2904 1437 3071 1507; x_wconf 76' lang='grc' dir='ltr'><strong>ζωὴν,</strong></span> <span class='ocrx_word' id='word_1_211' title='bbox 3100 1437 3157 1490; x_wconf 87' lang='grc' dir='ltr'><strong>οῖ</strong></span> <span class='ocrx_word' id='word_1_212' title='bbox 3175 1454 3235 1490; x_wconf 91' lang='grc' dir='ltr'><strong>τε</strong></span> <span class='ocrx_word' id='word_1_213' title='bbox 3269 1434 3363 1489; x_wconf 80' lang='grc' dir='ltr'><strong>ἀπ’</strong></span> <span class='ocrx_word' id='word_1_214' title='bbox 3398 1434 3570 1502; x_wconf 79' lang='grc' dir='ltr'><strong>αὐτῆς</strong></span> 
     </span>
    </p>
   </div>
   <div class='ocr_carea' id='block_1_29' title="bbox 1976 1528 3567 1601">
    <p class='ocr_par' dir='ltr' id='par_1_29' title="bbox 1976 1528 3567 1601">
     <span class='ocr_line' id='line_1_29' title="bbox 1976 1528 3567 1601; baseline -0.005 -15"><span class='ocrx_word' id='word_1_215' title='bbox 1976 1531 2539 1601; x_wconf 80' lang='grc' dir='ltr'><strong>ἀποδεδοκιμασμένοι</strong></span> <span class='ocrx_word' id='word_1_216' title='bbox 2583 1530 2862 1599; x_wconf 70' lang='grc' dir='ltr'><strong>διαφόρως</strong></span> <span class='ocrx_word' id='word_1_217' title='bbox 2891 1531 2989 1600; x_wconf 74' lang='grc' dir='ltr'><strong>μὲν</strong></span> <span class='ocrx_word' id='word_1_218' title='bbox 3024 1531 3161 1585; x_wconf 89' lang='grc' dir='ltr'><strong>ἀλλά</strong></span> <span class='ocrx_word' id='word_1_219' title='bbox 3189 1531 3283 1585; x_wconf 72' lang='grc' dir='ltr'><strong>καὶ</strong></span> <span class='ocrx_word' id='word_1_220' title='bbox 3308 1528 3477 1598; x_wconf 77' lang='grc' dir='ltr'><strong>ἄμφω</strong></span> <span class='ocrx_word' id='word_1_221' title='bbox 3499 1528 3567 1597; x_wconf 76' lang='grc' dir='ltr'><strong>τῇ</strong></span> 
     </span>
    </p>
   </div>
   <div class='ocr_carea' id='block_1_30' title="bbox 1974 1620 3566 1695">
    <p class='ocr_par' dir='ltr' id='par_1_30' title="bbox 1974 1620 3566 1695">
     <span class='ocr_line' id='line_1_30' title="bbox 1974 1620 3566 1695; baseline -0.004 -17"><span class='ocrx_word' id='word_1_222' title='bbox 1974 1622 2219 1688; x_wconf 76' lang='grc' dir='ltr'><strong>διατάξει</strong></span> <span class='ocrx_word' id='word_1_223' title='bbox 2256 1625 2359 1694; x_wconf 76' lang='grc' dir='ltr'><strong>τῆς</strong></span> <span class='ocrx_word' id='word_1_224' title='bbox 2391 1623 2540 1687; x_wconf 81' lang='grc' dir='ltr'><strong>θείας</strong></span> <span class='ocrx_word' id='word_1_225' title='bbox 2570 1623 2832 1695; x_wconf 81' lang='grc' dir='ltr'><strong>προνοίας</strong></span> <span class='ocrx_word' id='word_1_226' title='bbox 2873 1621 3366 1677; x_wconf 82' lang='grc' dir='ltr'><strong>ὑποπεπτώκασιν.</strong></span> <span class='ocrx_word' id='word_1_227' title='bbox 3405 1620 3566 1673; x_wconf 87' lang='grc' dir='ltr'><strong>Ἐστι</strong></span> 
     </span>
    </p>
   </div>
   <div class='ocr_carea' id='block_1_31' title="bbox 1975 1712 3572 1787">
    <p class='ocr_par' dir='ltr' id='par_1_31' title="bbox 1975 1712 3572 1787">
     <span class='ocr_line' id='line_1_31' title="bbox 1975 1712 3572 1787; baseline -0.004 -17"><span class='ocrx_word' id='word_1_228' title='bbox 1975 1716 2032 1770; x_wconf 81' lang='grc' dir='ltr'><strong>δὲ</strong></span> <span class='ocrx_word' id='word_1_229' title='bbox 2091 1720 2157 1787; x_wconf 85' lang='grc' dir='ltr'><strong>τῇ</strong></span> <span class='ocrx_word' id='word_1_230' title='bbox 2212 1716 2367 1781; x_wconf 82' lang='grc' dir='ltr'><strong>τάξει</strong></span> <span class='ocrx_word' id='word_1_231' title='bbox 2424 1716 2667 1787; x_wconf 89' lang='grc' dir='ltr'><strong>προτέρα</strong></span> <span class='ocrx_word' id='word_1_232' title='bbox 2707 1716 2881 1787; x_wconf 80' lang='grc' dir='ltr'><strong>μένή</strong></span> <span class='ocrx_word' id='word_1_233' title='bbox 2940 1715 3269 1785; x_wconf 84' lang='grc' dir='ltr'><strong>πρόγνωσις,</strong></span> <span class='ocrx_word' id='word_1_234' title='bbox 3316 1712 3572 1783; x_wconf 83' lang='grc' dir='ltr'><strong>δεύτερος</strong></span> 
     </span>
    </p>
   </div>
   <div class='ocr_carea' id='block_1_32' title="bbox 1976 1805 3573 1879">
    <p class='ocr_par' dir='ltr' id='par_1_32' title="bbox 1976 1805 3573 1879">
     <span class='ocr_line' id='line_1_32' title="bbox 1976 1805 3573 1879; baseline -0.003 -16"><span class='ocrx_word' id='word_1_235' title='bbox 1976 1808 2034 1863; x_wconf 83' lang='grc' dir='ltr'><strong>δὲ</strong></span> <span class='ocrx_word' id='word_1_236' title='bbox 2096 1810 2124 1861; x_wconf 91' lang='grc' dir='ltr'><strong>ὁ</strong></span> <span class='ocrx_word' id='word_1_237' title='bbox 2190 1810 2389 1873; x_wconf 82' lang='grc' dir='ltr'><strong>είδικὸς</strong></span> <span class='ocrx_word' id='word_1_238' title='bbox 2450 1807 2608 1873; x_wconf 84' lang='grc' dir='ltr'><strong>οὗτος</strong></span> <span class='ocrx_word' id='word_1_239' title='bbox 2667 1810 2762 1863; x_wconf 74' lang='grc' dir='ltr'><strong>καὶ</strong></span> <span class='ocrx_word' id='word_1_240' title='bbox 2801 1808 3004 1879; x_wconf 82' lang='grc' dir='ltr'><strong>κυρίως</strong></span> <span class='ocrx_word' id='word_1_241' title='bbox 3034 1805 3403 1877; x_wconf 81' lang='grc' dir='ltr'><strong>προορισμός⁶</strong></span> <span class='ocrx_word' id='word_1_242' title='bbox 3476 1806 3573 1858; x_wconf 64' lang='grc' dir='ltr'><strong>καὶ</strong></span> 
     </span>
    </p>
   </div>
   <div class='ocr_carea' id='block_1_33' title="bbox 281 1880 3572 1975">
    <p class='ocr_par' dir='ltr' id='par_1_33' title="bbox 281 1880 3572 1975">
     <span class='ocr_line' id='line_1_33' title="bbox 281 1880 3572 1975; baseline -0.001 -19"><span class='ocrx_word' id='word_1_243' title='bbox 281 1902 521 1965; x_wconf 84' lang='grc' dir='ltr'><strong>διανοίας</strong></span> <span class='ocrx_word' id='word_1_244' title='bbox 554 1900 623 1955; x_wconf 88' lang='grc' dir='ltr'><strong>τά</strong></span> <span class='ocrx_word' id='word_1_245' title='bbox 664 1901 804 1956; x_wconf 82' lang='grc' dir='ltr'><strong>αύτά</strong></span> <span class='ocrx_word' id='word_1_246' title='bbox 844 1901 1143 1971; x_wconf 82' lang='grc' dir='ltr'><strong>πάσχουσιν</strong></span> <span class='ocrx_word' id='word_1_247' title='bbox 1165 1915 1178 1931; x_wconf 89' lang='grc'><strong>·</strong></span> <span class='ocrx_word' id='word_1_248' title='bbox 1216 1902 1265 1954; x_wconf 83' lang='grc' dir='ltr'><strong>εί</strong></span> <span class='ocrx_word' id='word_1_249' title='bbox 1305 1900 1413 1969; x_wconf 82' lang='grc' dir='ltr'><strong>γὰρ</strong></span> <span class='ocrx_word' id='word_1_250' title='bbox 1456 1898 1766 1970; x_wconf 82' lang='grc' dir='ltr'><strong>προώριστο</strong></span> <span class='ocrx_word' id='word_1_251' title='bbox 1804 1894 1872 1950; x_wconf 89' lang='grc' dir='ltr'><strong>τά</strong></span> <span class='ocrx_word' id='word_1_252' title='bbox 1907 1880 1950 1938; x_wconf 78' lang='grc' dir='ltr'><strong>Β</strong></span> <span class='ocrx_word' id='word_1_253' title='bbox 1985 1901 2389 1975; x_wconf 73' lang='grc' dir='ltr'><strong>προῦπςτίθησι</strong></span> <span class='ocrx_word' id='word_1_254' title='bbox 2436 1902 2536 1973; x_wconf 81' lang='grc' dir='ltr'><strong>τὴν</strong></span> <span class='ocrx_word' id='word_1_255' title='bbox 2572 1902 2883 1971; x_wconf 86' lang='grc' dir='ltr'><strong>πρόγνωσιν</strong></span> <span class='ocrx_word' id='word_1_256' title='bbox 2938 1902 2966 1954; x_wconf 92' lang='grc' dir='ltr'><strong>ὁ</strong></span> <span class='ocrx_word' id='word_1_257' title='bbox 2999 1902 3335 1971; x_wconf 82' lang='grc' dir='ltr'><strong>προορισμδς</strong></span> <span class='ocrx_word' id='word_1_258' title='bbox 3366 1899 3441 1959; x_wconf 85' lang='grc' dir='ltr'><strong>ώς</strong></span> <span class='ocrx_word' id='word_1_259' title='bbox 3468 1899 3572 1969; x_wconf 84' lang='grc' dir='ltr'><strong>ἀρ·</strong></span> 
     </span>
    </p>
   </div>
   <div class='ocr_carea' id='block_1_34' title="bbox 284 1988 1867 2066">
    <p class='ocr_par' dir='ltr' id='par_1_34' title="bbox 284 1988 1867 2066">
     <span class='ocr_line' id='line_1_34' title="bbox 284 1988 1867 2066; baseline -0.004 -18"><span class='ocrx_word' id='word_1_260' title='bbox 284 1994 394 2048; x_wconf 90' lang='grc' dir='ltr'><strong>τῶν</strong></span> <span class='ocrx_word' id='word_1_261' title='bbox 439 1995 765 2065; x_wconf 87' lang='grc' dir='ltr'><strong>ἀνθρώπων,</strong></span> <span class='ocrx_word' id='word_1_262' title='bbox 809 1996 997 2066; x_wconf 72' lang='grc' dir='ltr'><strong>φησὶν,</strong></span> <span class='ocrx_word' id='word_1_263' title='bbox 1039 1996 1132 2048; x_wconf 75' lang='grc' dir='ltr'><strong>ἐπὶ</strong></span> <span class='ocrx_word' id='word_1_264' title='bbox 1175 1994 1267 2046; x_wconf 73' lang='grc' dir='ltr'><strong>τὸν</strong></span> <span class='ocrx_word' id='word_1_265' title='bbox 1315 1993 1457 2046; x_wconf 86' lang='grc' dir='ltr'><strong>θεῖον</strong></span> <span class='ocrx_word' id='word_1_266' title='bbox 1509 1988 1867 2061; x_wconf 84' lang='grc' dir='ltr'><strong>προορισμδν,</strong></span> 
     </span>
    </p>
   </div>
   <div class='ocr_carea' id='block_1_35' title="bbox 282 2080 1871 2155">
    <p class='ocr_par' dir='ltr' id='par_1_35' title="bbox 282 2080 1871 2155">
     <span class='ocr_line' id='line_1_35' title="bbox 282 2080 1871 2155; baseline -0.003 -18"><span class='ocrx_word' id='word_1_267' title='bbox 282 2085 384 2137; x_wconf 72' lang='grc' dir='ltr'><strong>οὐκ</strong></span> <span class='ocrx_word' id='word_1_268' title='bbox 424 2082 538 2137; x_wconf 78' lang='grc' dir='ltr'><strong>ἐστι</strong></span> <span class='ocrx_word' id='word_1_269' title='bbox 579 2082 881 2149; x_wconf 88' lang='grc' dir='ltr'><strong>διαπεσεῖν,</strong></span> <span class='ocrx_word' id='word_1_270' title='bbox 921 2085 996 2148; x_wconf 84' lang='grc' dir='ltr'><strong>ὡς</strong></span> <span class='ocrx_word' id='word_1_271' title='bbox 1023 2082 1416 2155; x_wconf 76' lang='grc' dir='ltr'><strong>ἠναγκασμένα</strong></span> <span class='ocrx_word' id='word_1_272' title='bbox 1440 2082 1507 2137; x_wconf 82' lang='grc' dir='ltr'><strong>ἂν</strong></span> <span class='ocrx_word' id='word_1_273' title='bbox 1543 2082 1716 2145; x_wconf 74' lang='grc' dir='ltr'><strong>οὕτως</strong></span> <span class='ocrx_word' id='word_1_274' title='bbox 1760 2080 1871 2150; x_wconf 82' lang='grc' dir='ltr'><strong>ἐγί-</strong></span> 
     </span>
    </p>
   </div>
   <div class='ocr_carea' id='block_1_36' title="bbox 283 2172 1866 2249">
    <p class='ocr_par' dir='ltr' id='par_1_36' title="bbox 283 2172 1866 2249">
     <span class='ocr_line' id='line_1_36' title="bbox 283 2172 1866 2249; baseline -0.001 -20"><span class='ocrx_word' id='word_1_275' title='bbox 283 2194 426 2242; x_wconf 86' lang='grc' dir='ltr'><strong>νετο,</strong></span> <span class='ocrx_word' id='word_1_276' title='bbox 471 2178 565 2231; x_wconf 73' lang='grc' dir='ltr'><strong>καὶ</strong></span> <span class='ocrx_word' id='word_1_277' title='bbox 608 2178 641 2249; x_wconf 78' lang='grc' dir='ltr'><strong>ἡ</strong></span> <span class='ocrx_word' id='word_1_278' title='bbox 687 2177 1013 2249; x_wconf 85' lang='grc' dir='ltr'><strong>προαίρεσις</strong></span> <span class='ocrx_word' id='word_1_279' title='bbox 1055 2178 1155 2231; x_wconf 83' lang='grc' dir='ltr'><strong>οὐκ</strong></span> <span class='ocrx_word' id='word_1_280' title='bbox 1200 2176 1266 2231; x_wconf 80' lang='grc' dir='ltr'><strong>ἂν</strong></span> <span class='ocrx_word' id='word_1_281' title='bbox 1309 2172 1377 2248; x_wconf 82' lang='grc' dir='ltr'><strong>ἦν</strong></span> <span class='ocrx_word' id='word_1_282' title='bbox 1422 2177 1477 2229; x_wconf 89' lang='grc' dir='ltr'><strong>ἑν</strong></span> <span class='ocrx_word' id='word_1_283' title='bbox 1519 2173 1866 2245; x_wconf 89' lang='grc' dir='ltr'><strong>ἀνθρώποις,</strong></span> 
     </span>
    </p>
   </div>
   <div class='ocr_carea' id='block_1_37' title="bbox 284 2266 1869 2341">
    <p class='ocr_par' dir='ltr' id='par_1_37' title="bbox 284 2266 1869 2341">
     <span class='ocr_line' id='line_1_37' title="bbox 284 2266 1869 2341; baseline -0.003 -17"><span class='ocrx_word' id='word_1_284' title='bbox 284 2273 384 2325; x_wconf 80' lang='grc' dir='ltr'><strong>καὶ</strong></span> <span class='ocrx_word' id='word_1_285' title='bbox 420 2272 729 2335; x_wconf 80' lang='grc' dir='ltr'><strong>ἀκολούθως</strong></span> <span class='ocrx_word' id='word_1_286' title='bbox 774 2271 886 2325; x_wconf 78' lang='grc' dir='ltr'><strong>οὐδ’</strong></span> <span class='ocrx_word' id='word_1_287' title='bbox 920 2270 989 2325; x_wconf 82' lang='grc' dir='ltr'><strong>ἂν</strong></span> <span class='ocrx_word' id='word_1_288' title='bbox 1007 2266 1076 2341; x_wconf 81' lang='grc' dir='ltr'><strong>ἦν</strong></span> <span class='ocrx_word' id='word_1_289' title='bbox 1109 2268 1331 2338; x_wconf 78' lang='grc' dir='ltr'><strong>εὔλογον</strong></span> <span class='ocrx_word' id='word_1_290' title='bbox 1358 2267 1685 2338; x_wconf 75' lang='grc' dir='ltr'><strong>ἀμείϐεσθαι</strong></span> <span class='ocrx_word' id='word_1_291' title='bbox 1717 2266 1748 2336; x_wconf 82' lang='grc' dir='ltr'>ἢ</span> <span class='ocrx_word' id='word_1_292' title='bbox 1778 2283 1869 2320; x_wconf 86' lang='grc' dir='ltr'><strong>κο-</strong></span> 
     </span>
    </p>
   </div>
   <div class='ocr_carea' id='block_1_38' title="bbox 282 2361 1871 2434">
    <p class='ocr_par' dir='ltr' id='par_1_38' title="bbox 282 2361 1871 2434">
     <span class='ocr_line' id='line_1_38' title="bbox 282 2361 1871 2434; baseline -0.005 -14"><span class='ocrx_word' id='word_1_293' title='bbox 282 2366 468 2430; x_wconf 67' lang='grc' dir='ltr'><strong>λάζειν</strong></span> <span class='ocrx_word' id='word_1_294' title='bbox 502 2366 628 2427; x_wconf 78' lang='grc' dir='ltr'><strong>τοὺς</strong></span> <span class='ocrx_word' id='word_1_295' title='bbox 659 2362 805 2418; x_wconf 74' lang='grc' dir='ltr'><strong>οὕτω</strong></span> <span class='ocrx_word' id='word_1_296' title='bbox 833 2364 967 2434; x_wconf 84' lang='grc' dir='ltr'><strong>πρὸς</strong></span> <span class='ocrx_word' id='word_1_297' title='bbox 1018 2364 1253 2432; x_wconf 60' lang='grc' dir='ltr'><strong>τάγαθδν</strong></span> <span class='ocrx_word' id='word_1_298' title='bbox 1280 2364 1313 2434; x_wconf 81' lang='grc' dir='ltr'>ἢ</span> <span class='ocrx_word' id='word_1_299' title='bbox 1365 2361 1676 2415; x_wconf 75' lang='grc' dir='ltr'><strong>τούναντίον</strong></span> <span class='ocrx_word' id='word_1_300' title='bbox 1699 2361 1871 2431; x_wconf 69' lang='grc' dir='ltr'><strong>ἠναγ-</strong></span> 
     </span>
    </p>
   </div>
   <div class='ocr_carea' id='block_1_39' title="bbox 286 2452 1870 2530">
    <p class='ocr_par' dir='ltr' id='par_1_39' title="bbox 286 2452 1870 2530">
     <span class='ocr_line' id='line_1_39' title="bbox 286 2452 1870 2530; baseline -0.005 -16"><span class='ocrx_word' id='word_1_301' title='bbox 286 2459 632 2530; x_wconf 86' lang='grc' dir='ltr'><strong>κασμένους·</strong></span> <span class='ocrx_word' id='word_1_302' title='bbox 685 2458 809 2511; x_wconf 73' lang='grc' dir='ltr'><strong>ἐπεὶ</strong></span> <span class='ocrx_word' id='word_1_303' title='bbox 866 2456 1135 2513; x_wconf 83' lang='grc' dir='ltr'><strong>δὲταῦτα</strong></span> <span class='ocrx_word' id='word_1_304' title='bbox 1186 2455 1461 2521; x_wconf 87' lang='grc' dir='ltr'><strong>ἀδύνατα,</strong></span> <span class='ocrx_word' id='word_1_305' title='bbox 1495 2454 1742 2508; x_wconf 89' lang='grc' dir='ltr'><strong>λείπεται</strong></span> <span class='ocrx_word' id='word_1_306' title='bbox 1795 2452 1870 2524; x_wconf 79' lang='grc' dir='ltr'><strong>μὴ</strong></span> 
     </span>
    </p>
   </div>
   <div class='ocr_carea' id='block_1_40' title="bbox 287 2546 1870 2622">
    <p class='ocr_par' dir='ltr' id='par_1_40' title="bbox 287 2546 1870 2622">
     <span class='ocr_line' id='line_1_40' title="bbox 287 2546 1870 2622; baseline -0.007 -14"><span class='ocrx_word' id='word_1_307' title='bbox 287 2551 430 2608; x_wconf 67' lang='grc' dir='ltr'><strong>εἶναι</strong></span> <span class='ocrx_word' id='word_1_308' title='bbox 465 2554 600 2611; x_wconf 82' lang='grc' dir='ltr'><strong>ὅλως</strong></span> <span class='ocrx_word' id='word_1_309' title='bbox 630 2554 687 2605; x_wconf 90' lang='grc' dir='ltr'><strong>ἑν</strong></span> <span class='ocrx_word' id='word_1_310' title='bbox 716 2554 829 2617; x_wconf 90' lang='grc' dir='ltr'><strong>τοῖς</strong></span> <span class='ocrx_word' id='word_1_311' title='bbox 864 2551 1228 2622; x_wconf 80' lang='grc' dir='ltr'><strong>ἀνθρωπίνοις</strong></span> <span class='ocrx_word' id='word_1_312' title='bbox 1264 2549 1557 2619; x_wconf 81' lang='grc' dir='ltr'><strong>πράγμασι</strong></span> <span class='ocrx_word' id='word_1_313' title='bbox 1589 2547 1683 2601; x_wconf 86' lang='grc' dir='ltr'><strong>τὸν</strong></span> <span class='ocrx_word' id='word_1_314' title='bbox 1726 2546 1870 2599; x_wconf 87' lang='grc' dir='ltr'><strong>θεῖον</strong></span> 
     </span>
    </p>
   </div>
   <div class='ocr_carea' id='block_1_41' title="bbox 291 2634 1871 2712">
    <p class='ocr_par' dir='ltr' id='par_1_41' title="bbox 291 2634 1871 2712">
     <span class='ocr_line' id='line_1_41' title="bbox 291 2634 1871 2712; baseline -0.005 -17"><span class='ocrx_word' id='word_1_315' title='bbox 291 2643 665 2712; x_wconf 63' lang='grc' dir='ltr'><strong>πῳορισμὸν,</strong></span> <span class='ocrx_word' id='word_1_316' title='bbox 722 2642 818 2694; x_wconf 73' lang='grc' dir='ltr'><strong>καὶ</strong></span> <span class='ocrx_word' id='word_1_317' title='bbox 878 2641 989 2693; x_wconf 88' lang='grc' dir='ltr'><strong>τῶν</strong></span> <span class='ocrx_word' id='word_1_318' title='bbox 1030 2639 1333 2693; x_wconf 83' lang='grc' dir='ltr'><strong>δοκούντων</strong></span> <span class='ocrx_word' id='word_1_319' title='bbox 1383 2636 1740 2692; x_wconf 88' lang='grc' dir='ltr'><strong>ἀνθίστασθαι</strong></span> <span class='ocrx_word' id='word_1_320' title='bbox 1793 2634 1871 2703; x_wconf 88' lang='grc' dir='ltr'><strong>τῷ</strong></span> 
     </span>
    </p>
   </div>
   <div class='ocr_carea' id='block_1_42' title="bbox 289 2726 1871 2805">
    <p class='ocr_par' dir='ltr' id='par_1_42' title="bbox 289 2726 1871 2805">
     <span class='ocr_line' id='line_1_42' title="bbox 289 2726 1871 2805; baseline -0.007 -16"><span class='ocrx_word' id='word_1_321' title='bbox 289 2732 612 2805; x_wconf 87' lang='grc' dir='ltr'><strong>προορισμῷ</strong></span> <span class='ocrx_word' id='word_1_322' title='bbox 636 2734 833 2801; x_wconf 88' lang='grc' dir='ltr'><strong>λέγων,</strong></span> <span class='ocrx_word' id='word_1_323' title='bbox 867 2728 1023 2795; x_wconf 71' lang='grc' dir='ltr'><strong>οὗτος</strong></span> <span class='ocrx_word' id='word_1_324' title='bbox 1071 2731 1309 2801; x_wconf 84' lang='grc' dir='ltr'><strong>μάλιστα</strong></span> <span class='ocrx_word' id='word_1_325' title='bbox 1343 2728 1435 2783; x_wconf 85' lang='grc' dir='ltr'><strong>τοῦ</strong></span> <span class='ocrx_word' id='word_1_326' title='bbox 1462 2729 1689 2797; x_wconf 77' lang='grc' dir='ltr'><strong>εὐλόγου</strong></span> <span class='ocrx_word' id='word_1_327' title='bbox 1721 2726 1871 2779; x_wconf 85' lang='grc' dir='ltr'><strong>δοκεῖ</strong></span> 
     </span>
    </p>
   </div>
   <div class='ocr_carea' id='block_1_43' title="bbox 294 2819 1872 2898">
    <p class='ocr_par' dir='ltr' id='par_1_43' title="bbox 294 2819 1872 2898">
     <span class='ocr_line' id='line_1_43' title="bbox 294 2819 1872 2898; baseline -0.006 -19"><span class='ocrx_word' id='word_1_328' title='bbox 294 2827 567 2898; x_wconf 83' lang='grc' dir='ltr'><strong>μετέχειν.</strong></span> <span class='ocrx_word' id='word_1_329' title='bbox 624 2824 830 2895; x_wconf 60' lang='lat' dir='ltr'><strong>mm</strong></span> <span class='ocrx_word' id='word_1_330' title='bbox 877 2824 1033 2889; x_wconf 79' lang='grc' dir='ltr'><strong>τάξις</strong></span> <span class='ocrx_word' id='word_1_331' title='bbox 1092 2824 1203 2877; x_wconf 91' lang='grc' dir='ltr'><strong>τῶν</strong></span> <span class='ocrx_word' id='word_1_332' title='bbox 1245 2820 1616 2875; x_wconf 87' lang='grc' dir='ltr'><strong>ἀποστολικῶν</strong></span> <span class='ocrx_word' id='word_1_333' title='bbox 1672 2819 1872 2879; x_wconf 67' lang='grc' dir='ltr'><strong>αὐτους</strong></span> 
     </span>
    </p>
   </div>
   <div class='ocr_carea' id='block_1_44' title="bbox 289 2908 1873 2993">
    <p class='ocr_par' dir='ltr' id='par_1_44' title="bbox 289 2908 1873 2993">
     <span class='ocr_line' id='line_1_44' title="bbox 289 2908 1873 2993; baseline -0.008 -18"><span class='ocrx_word' id='word_1_334' title='bbox 289 2923 505 2993; x_wconf 79' lang='grc' dir='ltr'><strong>ἐλέγχει</strong></span> <span class='ocrx_word' id='word_1_335' title='bbox 555 2919 821 2991; x_wconf 79' lang='grc' dir='ltr'><strong>χρησμῶν</strong></span> <span class='ocrx_word' id='word_1_336' title='bbox 880 2908 1005 2979; x_wconf 79' lang='grc' dir='ltr'><strong>τοὺς</strong></span> <span class='ocrx_word' id='word_1_337' title='bbox 1068 2918 1177 2971; x_wconf 77' lang='grc' dir='ltr'><strong>εἴτε</strong></span> <span class='ocrx_word' id='word_1_338' title='bbox 1225 2916 1294 2971; x_wconf 78' lang='grc' dir='ltr'><strong>δι’</strong></span> <span class='ocrx_word' id='word_1_339' title='bbox 1345 2913 1605 2969; x_wconf 85' lang='grc' dir='ltr'><strong>ἀπιστίαν</strong></span> <span class='ocrx_word' id='word_1_340' title='bbox 1661 2914 1770 2967; x_wconf 73' lang='grc' dir='ltr'><strong>εἴτε</strong></span> <span class='ocrx_word' id='word_1_341' title='bbox 1803 2912 1873 2964; x_wconf 82' lang='grc' dir='ltr'><strong>δι’</strong></span> 
     </span>
    </p>
   </div>
   <div class='ocr_carea' id='block_1_45' title="bbox 288 3000 1872 3082">
    <p class='ocr_par' dir='ltr' id='par_1_45' title="bbox 288 3000 1872 3082">
     <span class='ocr_line' id='line_1_45' title="bbox 288 3000 1872 3082; baseline -0.01 -16"><span class='ocrx_word' id='word_1_342' title='bbox 288 3011 567 3082; x_wconf 79' lang='grc' dir='ltr'><strong>ἀγνωσίαν</strong></span> <span class='ocrx_word' id='word_1_343' title='bbox 602 3009 772 3063; x_wconf 87' lang='grc' dir='ltr'><strong>ταῦτα</strong></span> <span class='ocrx_word' id='word_1_344' title='bbox 803 3010 1134 3079; x_wconf 77' lang='grc' dir='ltr'><strong>πάσχοντας,</strong></span> <span class='ocrx_word' id='word_1_345' title='bbox 1165 3006 1252 3059; x_wconf 82' lang='grc' dir='ltr'><strong>ἵνα</strong></span> <span class='ocrx_word' id='word_1_346' title='bbox 1278 3003 1351 3076; x_wconf 83' lang='grc' dir='ltr'><strong>μὴ</strong></span> <span class='ocrx_word' id='word_1_347' title='bbox 1381 3002 1549 3057; x_wconf 78' lang='grc' dir='ltr'><strong>τᾶλλα</strong></span> <span class='ocrx_word' id='word_1_348' title='bbox 1584 3001 1682 3071; x_wconf 82' lang='grc' dir='ltr'><strong>τῆς</strong></span> <span class='ocrx_word' id='word_1_349' title='bbox 1721 3000 1872 3071; x_wconf 76' lang='grc' dir='ltr'><strong>ἱερᾶς</strong></span> 
     </span>
    </p>
   </div>
   <div class='ocr_carea' id='block_1_46' title="bbox 293 3094 1873 3175">
    <p class='ocr_par' dir='ltr' id='par_1_46' title="bbox 293 3094 1873 3175">
     <span class='ocr_line' id='line_1_46' title="bbox 293 3094 1873 3175; baseline -0.009 -17"><span class='ocrx_word' id='word_1_350' title='bbox 293 3106 513 3175; x_wconf 81' lang='grc' dir='ltr'><strong>Γραφῆς</strong></span> <span class='ocrx_word' id='word_1_351' title='bbox 574 3101 811 3157; x_wconf 77' lang='grc' dir='ltr'><strong>ἐνταῦθα</strong></span> <span class='ocrx_word' id='word_1_352' title='bbox 867 3100 1206 3171; x_wconf 87' lang='grc' dir='ltr'><strong>συνείρωμεν</strong></span> <span class='ocrx_word' id='word_1_353' title='bbox 1251 3099 1308 3151; x_wconf 94' lang='grc' dir='ltr'><strong>ἑν</strong></span> <span class='ocrx_word' id='word_1_354' title='bbox 1362 3097 1477 3159; x_wconf 90' lang='grc' dir='ltr'><strong>τοῖς</strong></span> <span class='ocrx_word' id='word_1_355' title='bbox 1528 3094 1711 3156; x_wconf 79' lang='grc' dir='ltr'><strong>ἀλλοις</strong></span> <span class='ocrx_word' id='word_1_356' title='bbox 1744 3108 1873 3161; x_wconf 80' lang='grc' dir='ltr'><strong>συγ-</strong></span> 
     </span>
    </p>
   </div>
   <div class='ocr_carea' id='block_1_47' title="bbox 291 3185 1868 3269">
    <p class='ocr_par' dir='ltr' id='par_1_47' title="bbox 291 3185 1868 3269">
     <span class='ocr_line' id='line_1_47' title="bbox 291 3185 1868 3269; baseline -0.01 -17"><span class='ocrx_word' id='word_1_357' title='bbox 291 3200 585 3269; x_wconf 73' lang='grc' dir='ltr'><strong>γραμμασι</strong></span> <span class='ocrx_word' id='word_1_358' title='bbox 619 3196 798 3258; x_wconf 84' lang='grc' dir='ltr'><strong>καλῶς</strong></span> <span class='ocrx_word' id='word_1_359' title='bbox 822 3191 1222 3264; x_wconf 72' lang='grc' dir='ltr'><strong>ἡθροισμένων.</strong></span> <span class='ocrx_word' id='word_1_360' title='bbox 1253 3188 1519 3242; x_wconf 85' lang='grc' dir='ltr'><strong>Γινώσκει</strong></span> <span class='ocrx_word' id='word_1_361' title='bbox 1557 3188 1658 3257; x_wconf 83' lang='grc' dir='ltr'><strong>μὲν</strong></span> <span class='ocrx_word' id='word_1_362' title='bbox 1685 3185 1868 3238; x_wconf 82' lang='grc' dir='ltr'><strong>τοίνυν</strong></span> 
     </span>
    </p>
   </div>
   <div class='ocr_carea' id='block_1_48' title="bbox 289 3278 1866 3355">
    <p class='ocr_par' dir='ltr' id='par_1_48' title="bbox 289 3278 1866 3355">
     <span class='ocr_line' id='line_1_48' title="bbox 289 3278 1866 3355; baseline -0.01 -9"><span class='ocrx_word' id='word_1_363' title='bbox 289 3292 477 3355; x_wconf 73' lang='lat'><strong>0630;</strong></span> <span class='ocrx_word' id='word_1_364' title='bbox 533 3290 711 3342; x_wconf 78' lang='grc' dir='ltr'><strong>πάντα</strong></span> <span class='ocrx_word' id='word_1_365' title='bbox 767 3286 834 3341; x_wconf 87' lang='grc' dir='ltr'><strong>τά</strong></span> <span class='ocrx_word' id='word_1_366' title='bbox 863 3286 992 3340; x_wconf 81' lang='grc' dir='ltr'><strong>ὅντα</strong></span> <span class='ocrx_word' id='word_1_367' title='bbox 1049 3284 1142 3337; x_wconf 73' lang='grc' dir='ltr'><strong>καὶ</strong></span> <span class='ocrx_word' id='word_1_368' title='bbox 1189 3284 1289 3348; x_wconf 75' lang='grc' dir='ltr'><strong>τὰς</strong></span> <span class='ocrx_word' id='word_1_369' title='bbox 1342 3280 1523 3335; x_wconf 75' lang='grc' dir='ltr'><strong>αὑτῶν</strong></span> <span class='ocrx_word' id='word_1_370' title='bbox 1561 3278 1866 3349; x_wconf 85' lang='grc' dir='ltr'><strong>ἐνεργείας,</strong></span> 
     </span>
    </p>
   </div>
   <div class='ocr_carea' id='block_1_49' title="bbox 289 3370 1871 3454">
    <p class='ocr_par' dir='ltr' id='par_1_49' title="bbox 289 3370 1871 3454">
     <span class='ocr_line' id='line_1_49' title="bbox 289 3370 1871 3454; baseline -0.011 -15"><span class='ocrx_word' id='word_1_371' title='bbox 289 3385 551 3454; x_wconf 72' lang='grc' dir='ltr'><strong>γινώσκει</strong></span> <span class='ocrx_word' id='word_1_372' title='bbox 593 3382 648 3435; x_wconf 80' lang='grc' dir='ltr'><strong>δὲ</strong></span> <span class='ocrx_word' id='word_1_373' title='bbox 698 3380 792 3435; x_wconf 68' lang='grc' dir='ltr'><strong>καὶ</strong></span> <span class='ocrx_word' id='word_1_374' title='bbox 845 3379 956 3432; x_wconf 91' lang='grc' dir='ltr'><strong>τῶν</strong></span> <span class='ocrx_word' id='word_1_375' title='bbox 1006 3374 1311 3446; x_wconf 88' lang='grc' dir='ltr'><strong>ἀνθρώπων</strong></span> <span class='ocrx_word' id='word_1_376' title='bbox 1359 3374 1459 3426; x_wconf 75' lang='grc' dir='ltr'><strong>οὐκ</strong></span> <span class='ocrx_word' id='word_1_377' title='bbox 1506 3371 1647 3444; x_wconf 74' lang='grc' dir='ltr'><strong>ἔργα</strong></span> <span class='ocrx_word' id='word_1_378' title='bbox 1709 3370 1871 3440; x_wconf 49' lang='grc' dir='ltr'><strong>μόνον</strong></span> 
     </span>
    </p>
   </div>
   <div class='ocr_carea' id='block_1_50' title="bbox 292 3461 1873 3545">
    <p class='ocr_par' dir='ltr' id='par_1_50' title="bbox 292 3461 1873 3545">
     <span class='ocr_line' id='line_1_50' title="bbox 292 3461 1873 3545; baseline -0.011 -13"><span class='ocrx_word' id='word_1_379' title='bbox 292 3479 429 3532; x_wconf 83' lang='grc' dir='ltr'><strong>ἀλλά</strong></span> <span class='ocrx_word' id='word_1_380' title='bbox 449 3477 541 3529; x_wconf 76' lang='grc' dir='ltr'><strong>καὶ</strong></span> <span class='ocrx_word' id='word_1_381' title='bbox 559 3474 966 3545; x_wconf 82' lang='grc' dir='ltr'><strong>δια).ογισμούς’</strong></span> <span class='ocrx_word' id='word_1_382' title='bbox 988 3474 1082 3528; x_wconf 77' lang='grc' dir='ltr'><strong>καὶ</strong></span> <span class='ocrx_word' id='word_1_383' title='bbox 1112 3473 1369 3541; x_wconf 81' lang='grc' dir='ltr'><strong>γινώσκει</strong></span> <span class='ocrx_word' id='word_1_384' title='bbox 1398 3464 1573 3521; x_wconf 84' lang='grc' dir='ltr'><strong>ταῦτα</strong></span> <span class='ocrx_word' id='word_1_385' title='bbox 1604 3467 1662 3517; x_wconf 89' lang='grc' dir='ltr'><strong>ἑν</strong></span> <span class='ocrx_word' id='word_1_386' title='bbox 1694 3461 1873 3531; x_wconf 80' lang='grc' dir='ltr'><strong>ἐαυτῷ</strong></span> 
     </span>
    </p>
   </div>
   <div class='ocr_carea' id='block_1_51' title="bbox 293 3552 1873 3643">
    <p class='ocr_par' dir='ltr' id='par_1_51' title="bbox 293 3552 1873 3643">
     <span class='ocr_line' id='line_1_51' title="bbox 293 3552 1873 3643; baseline -0.01 -20"><span class='ocrx_word' id='word_1_387' title='bbox 293 3573 367 3636; x_wconf 80' lang='grc' dir='ltr'><strong>ὡς</strong></span> <span class='ocrx_word' id='word_1_388' title='bbox 419 3573 517 3643; x_wconf 79' lang='grc' dir='ltr'><strong>μιᾷ</strong></span> <span class='ocrx_word' id='word_1_389' title='bbox 572 3573 664 3624; x_wconf 76' lang='grc' dir='ltr'><strong>καὶ</strong></span> <span class='ocrx_word' id='word_1_390' title='bbox 716 3568 910 3641; x_wconf 78' lang='grc' dir='ltr'><strong>πρώτῃ</strong></span> <span class='ocrx_word' id='word_1_391' title='bbox 956 3566 1175 3619; x_wconf 74' lang='grc' dir='ltr'><strong>πάντων</strong></span> <span class='ocrx_word' id='word_1_392' title='bbox 1231 3563 1404 3632; x_wconf 75' lang='grc' dir='ltr'><strong>αἰτίᾳ,</strong></span> <span class='ocrx_word' id='word_1_393' title='bbox 1465 3560 1558 3614; x_wconf 71' lang='grc' dir='ltr'><strong>καὶ</strong></span> <span class='ocrx_word' id='word_1_394' title='bbox 1596 3556 1776 3611; x_wconf 78' lang='grc' dir='ltr'><strong>πάντα</strong></span> <span class='ocrx_word' id='word_1_395' title='bbox 1803 3552 1873 3608; x_wconf 80' lang='grc' dir='ltr'><strong>δι’</strong></span> 
     </span>
    </p>
   </div>
   <div class='ocr_carea' id='block_1_52' title="bbox 296 3648 1875 3734">
    <p class='ocr_par' dir='ltr' id='par_1_52' title="bbox 296 3648 1875 3734">
     <span class='ocr_line' id='line_1_52' title="bbox 296 3648 1875 3734; baseline -0.011 -17"><span class='ocrx_word' id='word_1_396' title='bbox 296 3664 555 3734; x_wconf 85' lang='grc' dir='ltr'><strong>ἀπειρίαν</strong></span> <span class='ocrx_word' id='word_1_397' title='bbox 606 3660 959 3734; x_wconf 72' lang='grc' dir='ltr'><strong>περιεχούσῃ,</strong></span> <span class='ocrx_word' id='word_1_398' title='bbox 998 3656 1213 3730; x_wconf 79' lang='grc' dir='ltr'><strong>φύσεώς</strong></span> <span class='ocrx_word' id='word_1_399' title='bbox 1270 3672 1330 3708; x_wconf 76' lang='grc' dir='ltr'><strong>τε</strong></span> <span class='ocrx_word' id='word_1_400' title='bbox 1356 3653 1451 3708; x_wconf 72' lang='grc' dir='ltr'><strong>καὶ</strong></span> <span class='ocrx_word' id='word_1_401' title='bbox 1483 3654 1737 3721; x_wconf 88' lang='grc' dir='ltr'><strong>γνώσεως</strong></span> <span class='ocrx_word' id='word_1_402' title='bbox 1778 3648 1875 3700; x_wconf 67' lang='grc' dir='ltr'><strong>καὶ</strong></span> 
     </span>
    </p>
   </div>
   <div class='ocr_carea' id='block_1_53' title="bbox 301 3740 1871 3825">
    <p class='ocr_par' dir='ltr' id='par_1_53' title="bbox 301 3740 1871 3825">
     <span class='ocr_line' id='line_1_53' title="bbox 301 3740 1871 3825; baseline -0.011 -17"><span class='ocrx_word' id='word_1_403' title='bbox 301 3758 615 3825; x_wconf 80' lang='grc' dir='ltr'><strong>δυνάμεως·</strong></span> <span class='ocrx_word' id='word_1_404' title='bbox 668 3754 763 3806; x_wconf 73' lang='grc' dir='ltr'><strong>καὶ</strong></span> <span class='ocrx_word' id='word_1_405' title='bbox 802 3749 1065 3820; x_wconf 86' lang='grc' dir='ltr'><strong>γινώσκει</strong></span> <span class='ocrx_word' id='word_1_406' title='bbox 1112 3747 1190 3816; x_wconf 83' lang='grc' dir='ltr'><strong>τῷ</strong></span> <span class='ocrx_word' id='word_1_407' title='bbox 1234 3743 1431 3801; x_wconf 84' lang='grc' dir='ltr'><strong>ἑαυτοῦ</strong></span> <span class='ocrx_word' id='word_1_408' title='bbox 1472 3746 1699 3814; x_wconf 81' lang='grc' dir='ltr'><strong>τρόπῳ’</strong></span> <span class='ocrx_word' id='word_1_409' title='bbox 1754 3740 1871 3792; x_wconf 87' lang='grc' dir='ltr'><strong>ἐστι</strong></span> 
     </span>
    </p>
   </div>
   <div class='ocr_carea' id='block_1_54' title="bbox 302 3833 1875 3918">
    <p class='ocr_par' dir='ltr' id='par_1_54' title="bbox 302 3833 1875 3918">
     <span class='ocr_line' id='line_1_54' title="bbox 302 3833 1875 3918; baseline -0.011 -15"><span class='ocrx_word' id='word_1_410' title='bbox 302 3851 410 3918; x_wconf 88' lang='grc' dir='ltr'><strong>γάρ</strong></span> <span class='ocrx_word' id='word_1_411' title='bbox 440 3852 497 3903; x_wconf 80' lang='grc' dir='ltr'><strong>ἐν</strong></span> <span class='ocrx_word' id='word_1_412' title='bbox 520 3847 595 3917; x_wconf 75' lang='grc' dir='ltr'><strong>τῷ</strong></span> <span class='ocrx_word' id='word_1_413' title='bbox 630 3844 953 3914; x_wconf 85' lang='grc' dir='ltr'><strong>γινώσκοντι</strong></span> <span class='ocrx_word' id='word_1_414' title='bbox 983 3842 1044 3894; x_wconf 83' lang='lat'><strong>:0</strong></span> <span class='ocrx_word' id='word_1_415' title='bbox 1070 3842 1311 3909; x_wconf 75' lang='grc' dir='ltr'><strong>γνωστὸν</strong></span> <span class='ocrx_word' id='word_1_416' title='bbox 1345 3838 1486 3892; x_wconf 84' lang='grc' dir='ltr'><strong>κατά</strong></span> <span class='ocrx_word' id='word_1_417' title='bbox 1516 3835 1609 3888; x_wconf 80' lang='grc' dir='ltr'><strong>τδν</strong></span> <span class='ocrx_word' id='word_1_418' title='bbox 1660 3833 1755 3888; x_wconf 90' lang='grc' dir='ltr'><strong>τοῦ</strong></span> <span class='ocrx_word' id='word_1_419' title='bbox 1790 3851 1875 3901; x_wconf 81' lang='grc' dir='ltr'><strong>γι·-</strong></span> 
     </span>
    </p>
   </div>
   <div class='ocr_carea' id='block_1_55' title="bbox 298 3924 1876 4008">
    <p class='ocr_par' dir='ltr' id='par_1_55' title="bbox 298 3924 1876 4008">
     <span class='ocr_line' id='line_1_55' title="bbox 298 3924 1876 4008; baseline -0.012 -12"><span class='ocrx_word' id='word_1_420' title='bbox 298 3942 600 4002; x_wconf 88' lang='grc' dir='ltr'><strong>νώσκοντος</strong></span> <span class='ocrx_word' id='word_1_421' title='bbox 649 3938 884 4008; x_wconf 85' lang='grc' dir='ltr'><strong>τρόπον·</strong></span> <span class='ocrx_word' id='word_1_422' title='bbox 921 3934 1047 3989; x_wconf 86' lang='grc' dir='ltr'><strong>ὅθεν</strong></span> <span class='ocrx_word' id='word_1_423' title='bbox 1080 3932 1175 3986; x_wconf 81' lang='grc' dir='ltr'><strong>καὶ</strong></span> <span class='ocrx_word' id='word_1_424' title='bbox 1221 3929 1483 4000; x_wconf 82' lang='grc' dir='ltr'><strong>γινώσκει</strong></span> <span class='ocrx_word' id='word_1_425' title='bbox 1510 3926 1580 3980; x_wconf 91' lang='grc' dir='ltr'><strong>τά</strong></span> <span class='ocrx_word' id='word_1_426' title='bbox 1613 3924 1876 3995; x_wconf 82' lang='grc' dir='ltr'><strong>μέλλοντα</strong></span> 
     </span>
    </p>
   </div>
   <div class='ocr_carea' id='block_1_56' title="bbox 300 4015 1875 4105">
    <p class='ocr_par' dir='ltr' id='par_1_56' title="bbox 300 4015 1875 4105">
     <span class='ocr_line' id='line_1_56' title="bbox 300 4015 1875 4105; baseline -0.012 -19"><span class='ocrx_word' id='word_1_427' title='bbox 300 4035 398 4105; x_wconf 79' lang='grc' dir='ltr'><strong>μὶν</strong></span> <span class='ocrx_word' id='word_1_428' title='bbox 420 4033 496 4096; x_wconf 85' lang='grc' dir='ltr'><strong>ῶς</strong></span> <span class='ocrx_word' id='word_1_429' title='bbox 523 4029 790 4102; x_wconf 85' lang='grc' dir='ltr'><strong>παρόντα,</strong></span> <span class='ocrx_word' id='word_1_430' title='bbox 823 4027 892 4079; x_wconf 69' lang='grc' dir='ltr'><strong>τὰ</strong></span> <span class='ocrx_word' id='word_1_431' title='bbox 913 4026 969 4079; x_wconf 84' lang='grc' dir='ltr'><strong>δέ</strong></span> <span class='ocrx_word' id='word_1_432' title='bbox 1003 4022 1325 4093; x_wconf 74' lang='grc' dir='ltr'><strong>ἐνδεχόμενα</strong></span> <span class='ocrx_word' id='word_1_433' title='bbox 1360 4018 1675 4088; x_wconf 88' lang='grc' dir='ltr'><strong>ἀναγκαίως</strong></span> <span class='ocrx_word' id='word_1_434' title='bbox 1693 4032 1708 4048; x_wconf 83' lang='lat'><strong><em>°</em></strong></span> <span class='ocrx_word' id='word_1_435' title='bbox 1732 4015 1875 4070; x_wconf 76' lang='grc' dir='ltr'><strong>οὕτω</strong></span> 
     </span>
    </p>
   </div>
   <div class='ocr_carea' id='block_1_57' title="bbox 302 4107 1877 4194">
    <p class='ocr_par' dir='ltr' id='par_1_57' title="bbox 302 4107 1877 4194">
     <span class='ocr_line' id='line_1_57' title="bbox 302 4107 1877 4194; baseline -0.013 -14"><span class='ocrx_word' id='word_1_436' title='bbox 302 4128 408 4194; x_wconf 88' lang='grc' dir='ltr'><strong>γάρ</strong></span> <span class='ocrx_word' id='word_1_437' title='bbox 436 4127 573 4178; x_wconf 86' lang='grc' dir='ltr'><strong>εἰσιν</strong></span> <span class='ocrx_word' id='word_1_438' title='bbox 601 4126 658 4175; x_wconf 87' lang='grc' dir='ltr'><strong>ἑν</strong></span> <span class='ocrx_word' id='word_1_439' title='bbox 684 4119 853 4189; x_wconf 80' lang='grc' dir='ltr'><strong>αὐτῷ.</strong></span> <span class='ocrx_word' id='word_1_440' title='bbox 877 4117 1013 4172; x_wconf 83' lang='grc' dir='ltr'><strong>Οὐδὲ</strong></span> <span class='ocrx_word' id='word_1_441' title='bbox 1044 4111 1207 4186; x_wconf 85' lang='grc' dir='ltr'><strong>ἦττον</strong></span> <span class='ocrx_word' id='word_1_442' title='bbox 1237 4114 1421 4185; x_wconf 87' lang='grc' dir='ltr'><strong>μέντοι</strong></span> <span class='ocrx_word' id='word_1_443' title='bbox 1453 4111 1630 4166; x_wconf 88' lang='grc' dir='ltr'><strong>ταῦτα</strong></span> <span class='ocrx_word' id='word_1_444' title='bbox 1677 4112 1743 4179; x_wconf 78' lang='grc' dir='ltr'><strong>τῇ</strong></span> <span class='ocrx_word' id='word_1_445' title='bbox 1776 4107 1877 4160; x_wconf 85' lang='grc' dir='ltr'><strong>αύ-</strong></span> 
     </span>
    </p>
   </div>
   <div class='ocr_carea' id='block_1_58' title="bbox 298 4201 1876 4287">
    <p class='ocr_par' dir='ltr' id='par_1_58' title="bbox 298 4201 1876 4287">
     <span class='ocr_line' id='line_1_58' title="bbox 298 4201 1876 4287; baseline -0.014 -13"><span class='ocrx_word' id='word_1_446' title='bbox 298 4220 409 4274; x_wconf 88' lang='grc' dir='ltr'><strong>τῶν</strong></span> <span class='ocrx_word' id='word_1_447' title='bbox 448 4217 609 4287; x_wconf 86' lang='grc' dir='ltr'><strong>φύσει</strong></span> <span class='ocrx_word' id='word_1_448' title='bbox 652 4212 921 4285; x_wconf 89' lang='grc' dir='ltr'><strong>μέλλοντά</strong></span> <span class='ocrx_word' id='word_1_449' title='bbox 953 4208 1187 4264; x_wconf 76' lang='grc' dir='ltr'><strong>ἐστικαὶ</strong></span> <span class='ocrx_word' id='word_1_450' title='bbox 1216 4206 1574 4279; x_wconf 72' lang='grc' dir='ltr'><strong>ἐνδεχόμεναο</strong></span> <span class='ocrx_word' id='word_1_451' title='bbox 1610 4203 1673 4257; x_wconf 83' lang='grc' dir='ltr'><strong>οὐ</strong></span> <span class='ocrx_word' id='word_1_452' title='bbox 1715 4201 1876 4271; x_wconf 87' lang='grc' dir='ltr'><strong>γινώ-</strong></span> 
     </span>
    </p>
   </div>
   <div class='ocr_carea' id='block_1_59' title="bbox 302 4293 1874 4379">
    <p class='ocr_par' dir='ltr' id='par_1_59' title="bbox 302 4293 1874 4379">
     <span class='ocr_line' id='line_1_59' title="bbox 302 4293 1874 4379; baseline -0.011 -15"><span class='ocrx_word' id='word_1_453' title='bbox 302 4327 422 4364; x_wconf 88' lang='grc' dir='ltr'><strong>σκει</strong></span> <span class='ocrx_word' id='word_1_454' title='bbox 450 4308 506 4363; x_wconf 80' lang='grc' dir='ltr'><strong>δὲ</strong></span> <span class='ocrx_word' id='word_1_455' title='bbox 534 4309 714 4379; x_wconf 71' lang='grc' dir='ltr'><strong>μόνον,</strong></span> <span class='ocrx_word' id='word_1_456' title='bbox 746 4305 881 4359; x_wconf 82' lang='grc' dir='ltr'><strong>ἀλλά</strong></span> <span class='ocrx_word' id='word_1_457' title='bbox 911 4303 1005 4356; x_wconf 73' lang='grc' dir='ltr'><strong>καὶ</strong></span> <span class='ocrx_word' id='word_1_458' title='bbox 1028 4303 1338 4377; x_wconf 83' lang='grc' dir='ltr'><strong>προνοεῖται</strong></span> <span class='ocrx_word' id='word_1_459' title='bbox 1363 4297 1543 4353; x_wconf 78' lang='grc' dir='ltr'><strong>αὐτῶν</strong></span> <span class='ocrx_word' id='word_1_460' title='bbox 1565 4296 1784 4349; x_wconf 80' lang='grc' dir='ltr'><strong>πάντων</strong></span> <span class='ocrx_word' id='word_1_461' title='bbox 1798 4293 1874 4358; x_wconf 90' lang='grc' dir='ltr'><strong>ώς</strong></span> 
     </span>
    </p>
   </div>
   <div class='ocr_carea' id='block_1_60' title="bbox 297 4379 1875 4468">
    <p class='ocr_par' dir='ltr' id='par_1_60' title="bbox 297 4379 1875 4468">
     <span class='ocr_line' id='line_1_60' title="bbox 297 4379 1875 4468; baseline -0.012 -12"><span class='ocrx_word' id='word_1_462' title='bbox 297 4402 431 4456; x_wconf 84' lang='grc' dir='ltr'><strong>ἀνευ</strong></span> <span class='ocrx_word' id='word_1_463' title='bbox 480 4399 579 4467; x_wconf 83' lang='grc' dir='ltr'><strong>τῆς</strong></span> <span class='ocrx_word' id='word_1_464' title='bbox 606 4396 861 4468; x_wconf 81' lang='grc' dir='ltr'><strong>οὐρανίου</strong></span> <span class='ocrx_word' id='word_1_465' title='bbox 908 4394 1165 4464; x_wconf 81' lang='grc' dir='ltr'><strong>προνοίας</strong></span> <span class='ocrx_word' id='word_1_466' title='bbox 1207 4390 1419 4444; x_wconf 76' lang='grc' dir='ltr'><strong>οὐδ”ἀν</strong></span> <span class='ocrx_word' id='word_1_467' title='bbox 1448 4387 1765 4456; x_wconf 81' lang='grc' dir='ltr'><strong>δυναμένων</strong></span> <span class='ocrx_word' id='word_1_468' title='bbox 1801 4379 1875 4437; x_wconf 76' lang='grc' dir='ltr'><strong>εἶ-</strong></span> 
     </span>
    </p>
   </div>
   <div class='ocr_carea' id='block_1_61' title="bbox 295 4478 1874 4558">
    <p class='ocr_par' dir='ltr' id='par_1_61' title="bbox 295 4478 1874 4558">
     <span class='ocr_line' id='line_1_61' title="bbox 295 4478 1874 4558; baseline -0.013 -7"><span class='ocrx_word' id='word_1_469' title='bbox 295 4515 385 4551; x_wconf 88' lang='grc' dir='ltr'><strong>ναι</strong></span> <span class='ocrx_word' id='word_1_470' title='bbox 412 4495 509 4547; x_wconf 76' lang='grc' dir='ltr'><strong>καὶ</strong></span> <span class='ocrx_word' id='word_1_471' title='bbox 539 4489 833 4555; x_wconf 76' lang='grc' dir='ltr'><strong>σώζεσθαι.</strong></span> <span class='ocrx_word' id='word_1_472' title='bbox 861 4489 1180 4558; x_wconf 86' lang='grc' dir='ltr'><strong>Προνοεῖται</strong></span> <span class='ocrx_word' id='word_1_473' title='bbox 1222 4482 1278 4537; x_wconf 81' lang='grc' dir='ltr'><strong>δὲ</strong></span> <span class='ocrx_word' id='word_1_474' title='bbox 1320 4484 1565 4537; x_wconf 79' lang='grc' dir='ltr'><strong>ἑκάστων</strong></span> <span class='ocrx_word' id='word_1_475' title='bbox 1602 4478 1874 4552; x_wconf 78' lang='grc' dir='ltr'><strong>ἁρμοζόν-</strong></span> 
     </span>
    </p>
   </div>
   <div class='ocr_carea' id='block_1_62' title="bbox 1974 1988 3574 2064">
    <p class='ocr_par' dir='ltr' id='par_1_62' title="bbox 1974 1988 3574 2064">
     <span class='ocr_line' id='line_1_62' title="bbox 1974 1988 3574 2064; baseline -0.001 -20"><span class='ocrx_word' id='word_1_476' title='bbox 1974 1993 2076 2064; x_wconf 76' lang='grc' dir='ltr'><strong>χὴν</strong></span> <span class='ocrx_word' id='word_1_477' title='bbox 2138 1992 2334 2047; x_wconf 76' lang='grc' dir='ltr'><strong>ἑαυτοῦ</strong></span> <span class='ocrx_word' id='word_1_478' title='bbox 2398 1994 2493 2047; x_wconf 63' lang='grc' dir='ltr'><strong>κα)⁸</strong></span> <span class='ocrx_word' id='word_1_479' title='bbox 2535 1993 2685 2059; x_wconf 75' lang='grc' dir='ltr'><strong>τάξει</strong></span> <span class='ocrx_word' id='word_1_480' title='bbox 2742 1992 3199 2063; x_wconf 76' lang='grc' dir='ltr'><strong>προηγουμένηνο</strong></span> <span class='ocrx_word' id='word_1_481' title='bbox 3261 1988 3574 2052; x_wconf 82' lang='grc' dir='ltr'><strong>ἀκολούθως</strong></span> 
     </span>
    </p>
   </div>
   <div class='ocr_carea' id='block_1_63' title="bbox 1972 2082 3564 2156">
    <p class='ocr_par' dir='ltr' id='par_1_63' title="bbox 1972 2082 3564 2156">
     <span class='ocr_line' id='line_1_63' title="bbox 1972 2082 3564 2156; baseline -0.003 -18"><span class='ocrx_word' id='word_1_482' title='bbox 1972 2085 2029 2138; x_wconf 77' lang='grc' dir='ltr'><strong>δὲ</strong></span> <span class='ocrx_word' id='word_1_483' title='bbox 2062 2084 2155 2138; x_wconf 82' lang='grc' dir='ltr'><strong>καὶ</strong></span> <span class='ocrx_word' id='word_1_484' title='bbox 2211 2085 2322 2138; x_wconf 89' lang='grc' dir='ltr'><strong>τῶν</strong></span> <span class='ocrx_word' id='word_1_485' title='bbox 2349 2084 2525 2139; x_wconf 82' lang='grc' dir='ltr'><strong>ἀλλων</strong></span> <span class='ocrx_word' id='word_1_486' title='bbox 2570 2085 2689 2138; x_wconf 72' lang='grc' dir='ltr'><strong>ἐστὶ</strong></span> <span class='ocrx_word' id='word_1_487' title='bbox 2744 2086 2987 2155; x_wconf 84' lang='grc' dir='ltr'><strong>προτέρα</strong></span> <span class='ocrx_word' id='word_1_488' title='bbox 3041 2086 3075 2156; x_wconf 76' lang='grc' dir='ltr'>ἡ</span> <span class='ocrx_word' id='word_1_489' title='bbox 3114 2084 3427 2154; x_wconf 85' lang='grc' dir='ltr'><strong>πρόγνωσις</strong></span> <span class='ocrx_word' id='word_1_490' title='bbox 3455 2082 3564 2136; x_wconf 91' lang='grc' dir='ltr'><strong>τῶν</strong></span> 
     </span>
    </p>
   </div>
   <div class='ocr_carea' id='block_1_64' title="bbox 1972 2173 3573 2248">
    <p class='ocr_par' dir='ltr' id='par_1_64' title="bbox 1972 2173 3573 2248">
     <span class='ocr_line' id='line_1_64' title="bbox 1972 2173 3573 2248; baseline -0.001 -19"><span class='ocrx_word' id='word_1_491' title='bbox 1972 2177 2255 2247; x_wconf 77' lang='grc' dir='ltr'><strong>ἑπομένων</strong></span> <span class='ocrx_word' id='word_1_492' title='bbox 2285 2177 2364 2247; x_wconf 85' lang='grc' dir='ltr'><strong>τῷ</strong></span> <span class='ocrx_word' id='word_1_493' title='bbox 2392 2176 2523 2247; x_wconf 83' lang='grc' dir='ltr'><strong>θείῳ</strong></span> <span class='ocrx_word' id='word_1_494' title='bbox 2552 2177 2876 2248; x_wconf 86' lang='grc' dir='ltr'><strong>προορισμῷ</strong></span> <span class='ocrx_word' id='word_1_495' title='bbox 2895 2195 2910 2209; x_wconf 73' lang='grc' dir='ltr'><strong>ο</strong></span> <span class='ocrx_word' id='word_1_496' title='bbox 2956 2177 3047 2230; x_wconf 80' lang='grc' dir='ltr'><strong>καὶ</strong></span> <span class='ocrx_word' id='word_1_497' title='bbox 3096 2178 3301 2245; x_wconf 81' lang='grc' dir='ltr'><strong>ταύτης</strong></span> <span class='ocrx_word' id='word_1_498' title='bbox 3343 2173 3573 2246; x_wconf 80' lang='grc' dir='ltr'><strong>ἡγεμών</strong></span> 
     </span>
    </p>
   </div>
   <div class='ocr_carea' id='block_1_65' title="bbox 1974 2269 3564 2341">
    <p class='ocr_par' dir='ltr' id='par_1_65' title="bbox 1974 2269 3564 2341">
     <span class='ocr_line' id='line_1_65' title="bbox 1974 2269 3564 2341; baseline 0.001 -21"><span class='ocrx_word' id='word_1_499' title='bbox 1974 2269 2109 2338; x_wconf 79' lang='grc' dir='ltr'><strong>ἡμῖν</strong></span> <span class='ocrx_word' id='word_1_500' title='bbox 2144 2269 2242 2338; x_wconf 79' lang='grc' dir='ltr'><strong>τῆς</strong></span> <span class='ocrx_word' id='word_1_501' title='bbox 2277 2269 2555 2337; x_wconf 85' lang='grc' dir='ltr'><strong>θεολογίας</strong></span> <span class='ocrx_word' id='word_1_502' title='bbox 2597 2270 2738 2337; x_wconf 87' lang='grc' dir='ltr'><strong>μετά</strong></span> <span class='ocrx_word' id='word_1_503' title='bbox 2763 2270 2855 2322; x_wconf 75' lang='grc' dir='ltr'><strong>τὸν</strong></span> <span class='ocrx_word' id='word_1_504' title='bbox 2889 2269 3096 2339; x_wconf 84' lang='grc' dir='ltr'><strong>Κύριον</strong></span> <span class='ocrx_word' id='word_1_505' title='bbox 3125 2269 3283 2341; x_wconf 81' lang='grc' dir='ltr'><strong>ήμῶν</strong></span> <span class='ocrx_word' id='word_1_506' title='bbox 3304 2270 3360 2322; x_wconf 80' lang='grc' dir='ltr'><strong>ἐν</strong></span> <span class='ocrx_word' id='word_1_507' title='bbox 3388 2270 3564 2336; x_wconf 83' lang='grc' dir='ltr'><strong>Εὐαγ-</strong></span> 
     </span>
    </p>
   </div>
   <div class='ocr_carea' id='block_1_66' title="bbox 1971 2359 3574 2433">
    <p class='ocr_par' dir='ltr' id='par_1_66' title="bbox 1971 2359 3574 2433">
     <span class='ocr_line' id='line_1_66' title="bbox 1971 2359 3574 2433; baseline 0.001 -20"><span class='ocrx_word' id='word_1_508' title='bbox 1971 2361 2174 2430; x_wconf 85' lang='grc' dir='ltr'><strong>γελίοις</strong></span> <span class='ocrx_word' id='word_1_509' title='bbox 2213 2361 2625 2433; x_wconf 83' lang='grc' dir='ltr'><strong>διεσπαρμένως</strong></span> <span class='ocrx_word' id='word_1_510' title='bbox 2663 2362 2794 2432; x_wconf 78' lang='grc' dir='ltr'><strong>ἡμῖν</strong></span> <span class='ocrx_word' id='word_1_511' title='bbox 2828 2362 3041 2416; x_wconf 88' lang='grc' dir='ltr'><strong>διδόντα</strong></span> <span class='ocrx_word' id='word_1_512' title='bbox 3072 2362 3331 2431; x_wconf 78' lang='grc' dir='ltr'><strong>συνάγειν</strong></span> <span class='ocrx_word' id='word_1_513' title='bbox 3355 2363 3385 2415; x_wconf 87' lang='grc' dir='ltr'><strong>ὁ</strong></span> <span class='ocrx_word' id='word_1_514' title='bbox 3419 2359 3574 2414; x_wconf 81' lang='grc' dir='ltr'><strong>Παῦ-</strong></span> 
     </span>
    </p>
   </div>
   <div class='ocr_carea' id='block_1_67' title="bbox 1971 2452 3572 2525">
    <p class='ocr_par' dir='ltr' id='par_1_67' title="bbox 1971 2452 3572 2525">
     <span class='ocr_line' id='line_1_67' title="bbox 1971 2452 3572 2525; baseline -0.001 -19"><span class='ocrx_word' id='word_1_515' title='bbox 1971 2452 2062 2517; x_wconf 89' lang='grc' dir='ltr'><strong>λος</strong></span> <span class='ocrx_word' id='word_1_516' title='bbox 2093 2454 2120 2506; x_wconf 91' lang='grc' dir='ltr'><strong>ὁ</strong></span> <span class='ocrx_word' id='word_1_517' title='bbox 2167 2453 2342 2523; x_wconf 86' lang='grc' dir='ltr'><strong>μέγας</strong></span> <span class='ocrx_word' id='word_1_518' title='bbox 2396 2454 2496 2525; x_wconf 84' lang='grc' dir='ltr'><strong>τῆς</strong></span> <span class='ocrx_word' id='word_1_519' title='bbox 2528 2454 2793 2524; x_wconf 83' lang='grc' dir='ltr'><strong>ἀληθείας</strong></span> <span class='ocrx_word' id='word_1_520' title='bbox 2824 2454 3000 2523; x_wconf 78' lang='grc' dir='ltr'><strong>κῆρυξ</strong></span> <span class='ocrx_word' id='word_1_521' title='bbox 3037 2455 3248 2521; x_wconf 81' lang='grc' dir='ltr'><strong>γίνεται</strong></span> <span class='ocrx_word' id='word_1_522' title='bbox 3273 2472 3285 2484; x_wconf 92' lang='grc'><strong>·</strong></span> <span class='ocrx_word' id='word_1_523' title='bbox 3321 2452 3430 2517; x_wconf 79' lang='grc' dir='ltr'><strong>Οὓς</strong></span> <span class='ocrx_word' id='word_1_524' title='bbox 3460 2453 3572 2523; x_wconf 82' lang='grc' dir='ltr'><strong>γὰρ</strong></span> 
     </span>
    </p>
   </div>
   <div class='ocr_carea' id='block_1_68' title="bbox 1973 2543 3565 2615">
    <p class='ocr_par' dir='ltr' id='par_1_68' title="bbox 1973 2543 3565 2615">
     <span class='ocr_line' id='line_1_68' title="bbox 1973 2543 3565 2615; baseline -0.001 -19"><span class='ocrx_word' id='word_1_525' title='bbox 1973 2545 2245 2615; x_wconf 83' lang='grc' dir='ltr'><strong>προέγνω,</strong></span> <span class='ocrx_word' id='word_1_526' title='bbox 2280 2544 2437 2613; x_wconf 76' lang='grc' dir='ltr'><strong>φησὶ,</strong></span> <span class='ocrx_word' id='word_1_527' title='bbox 2485 2545 2580 2597; x_wconf 72' lang='grc' dir='ltr'><strong>καὶ</strong></span> <span class='ocrx_word' id='word_1_528' title='bbox 2634 2543 2929 2615; x_wconf 81' lang='grc' dir='ltr'><strong>προώρισε,</strong></span> <span class='ocrx_word' id='word_1_529' title='bbox 2982 2544 3078 2597; x_wconf 77' lang='grc' dir='ltr'><strong>καὶ</strong></span> <span class='ocrx_word' id='word_1_530' title='bbox 3113 2543 3207 2605; x_wconf 85' lang='grc' dir='ltr'><strong>οὒς</strong></span> <span class='ocrx_word' id='word_1_531' title='bbox 3252 2544 3565 2614; x_wconf 87' lang='grc' dir='ltr'><strong>προώρισεν</strong></span> 
     </span>
    </p>
   </div>
   <div class='ocr_carea' id='block_1_69' title="bbox 1974 2633 3570 2712">
    <p class='ocr_par' dir='ltr' id='par_1_69' title="bbox 1974 2633 3570 2712">
     <span class='ocr_line' id='line_1_69' title="bbox 1974 2633 3570 2712; baseline 0.001 -25"><span class='ocrx_word' id='word_1_532' title='bbox 1974 2636 2223 2712; x_wconf 75' lang='grc' dir='ltr'><strong>ἐκάλεσε,</strong></span> <span class='ocrx_word' id='word_1_533' title='bbox 2262 2636 2357 2688; x_wconf 74' lang='grc' dir='ltr'><strong>καὶ</strong></span> <span class='ocrx_word' id='word_1_534' title='bbox 2407 2633 2501 2698; x_wconf 83' lang='grc' dir='ltr'><strong>οὓς</strong></span> <span class='ocrx_word' id='word_1_535' title='bbox 2548 2634 2809 2689; x_wconf 74' lang='grc' dir='ltr'><strong>ἐκάλεσεν</strong></span> <span class='ocrx_word' id='word_1_536' title='bbox 2844 2635 3152 2701; x_wconf 83' lang='grc' dir='ltr'><strong>ἐδικαίωσε,</strong></span> <span class='ocrx_word' id='word_1_537' title='bbox 3211 2636 3305 2689; x_wconf 76' lang='grc' dir='ltr'><strong>καὶ</strong></span> <span class='ocrx_word' id='word_1_538' title='bbox 3340 2634 3434 2698; x_wconf 86' lang='grc' dir='ltr'><strong>οὒς</strong></span> <span class='ocrx_word' id='word_1_539' title='bbox 3460 2634 3570 2688; x_wconf 80' lang='grc' dir='ltr'><strong>ἐδι-</strong></span> 
     </span>
    </p>
   </div>
   <div class='ocr_carea' id='block_1_70' title="bbox 1974 2725 3566 2797">
    <p class='ocr_par' dir='ltr' id='par_1_70' title="bbox 1974 2725 3566 2797">
     <span class='ocr_line' id='line_1_70' title="bbox 1974 2725 3566 2797; baseline -0.001 -17"><span class='ocrx_word' id='word_1_540' title='bbox 1974 2728 2211 2780; x_wconf 79' lang='grc' dir='ltr'><strong>καίωσεν</strong></span> <span class='ocrx_word' id='word_1_541' title='bbox 2250 2725 2501 2792; x_wconf 79' lang='grc' dir='ltr'><strong>ἐδόξασεν</strong></span> <span class='ocrx_word' id='word_1_542' title='bbox 2524 2741 2539 2757; x_wconf 71' lang='grc'><strong><em>⁸</em></strong></span> <span class='ocrx_word' id='word_1_543' title='bbox 2571 2730 2598 2780; x_wconf 89' lang='grc' dir='ltr'><strong>ό</strong></span> <span class='ocrx_word' id='word_1_544' title='bbox 2618 2725 2752 2790; x_wconf 80' lang='grc' dir='ltr'><strong>Θεὸς</strong></span> <span class='ocrx_word' id='word_1_545' title='bbox 2788 2727 2899 2797; x_wconf 68' lang='grc' dir='ltr'><strong>γὰρ</strong></span> <span class='ocrx_word' id='word_1_546' title='bbox 2938 2730 3031 2780; x_wconf 72' lang='grc' dir='ltr'><strong>καὶ</strong></span> <span class='ocrx_word' id='word_1_547' title='bbox 3073 2729 3141 2781; x_wconf 72' lang='grc' dir='ltr'><strong>τὰ</strong></span> <span class='ocrx_word' id='word_1_548' title='bbox 3167 2728 3405 2797; x_wconf 83' lang='grc' dir='ltr'><strong>ἐσόμενα</strong></span> <span class='ocrx_word' id='word_1_549' title='bbox 3428 2743 3566 2797; x_wconf 75' lang='grc' dir='ltr'><strong>προσ</strong></span> 
     </span>
    </p>
   </div>
   <div class='ocr_carea' id='block_1_71' title="bbox 1973 2819 3574 2892">
    <p class='ocr_par' dir='ltr' id='par_1_71' title="bbox 1973 2819 3574 2892">
     <span class='ocr_line' id='line_1_71' title="bbox 1973 2819 3574 2892; baseline 0 -19"><span class='ocrx_word' id='word_1_550' title='bbox 1973 2820 2260 2890; x_wconf 86' lang='grc' dir='ltr'><strong>γινώσκων</strong></span> <span class='ocrx_word' id='word_1_551' title='bbox 2284 2821 2343 2874; x_wconf 85' lang='grc' dir='ltr'><strong>ὃν</strong></span> <span class='ocrx_word' id='word_1_552' title='bbox 2369 2822 2586 2892; x_wconf 74' lang='grc' dir='ltr'><strong>εἴρηται</strong></span> <span class='ocrx_word' id='word_1_553' title='bbox 2630 2820 2831 2890; x_wconf 89' lang='grc' dir='ltr'><strong>τρόπον</strong></span> <span class='ocrx_word' id='word_1_554' title='bbox 2865 2822 3120 2890; x_wconf 80' lang='grc' dir='ltr'><strong>προέγνω</strong></span> <span class='ocrx_word' id='word_1_555' title='bbox 3167 2822 3296 2879; x_wconf 69' lang='grc' dir='ltr'><strong>τοὺς</strong></span> <span class='ocrx_word' id='word_1_556' title='bbox 3330 2819 3574 2891; x_wconf 86' lang='grc' dir='ltr'><strong>γνησίως</strong></span> 
     </span>
    </p>
   </div>
   <div class='ocr_carea' id='block_1_72' title="bbox 1973 2912 3575 2990">
    <p class='ocr_par' dir='ltr' id='par_1_72' title="bbox 1973 2912 3575 2990">
     <span class='ocr_line' id='line_1_72' title="bbox 1973 2912 3575 2990; baseline -0.004 -16"><span class='ocrx_word' id='word_1_557' title='bbox 1973 2920 2137 2974; x_wconf 55' lang='grc' dir='ltr'><strong>αὐτόν</strong></span> <span class='ocrx_word' id='word_1_558' title='bbox 2189 2919 2605 2990; x_wconf 84' lang='grc' dir='ltr'><strong>ἀγαπήσοντας,</strong></span> <span class='ocrx_word' id='word_1_559' title='bbox 2631 2923 2691 2971; x_wconf 90' lang='grc' dir='ltr'><strong>τό</strong></span> <span class='ocrx_word' id='word_1_560' title='bbox 2748 2935 2810 2987; x_wconf 87' lang='grc' dir='ltr'><strong>γε</strong></span> <span class='ocrx_word' id='word_1_561' title='bbox 2871 2917 2957 2988; x_wconf 85' lang='grc' dir='ltr'><strong>ἐφ’</strong></span> <span class='ocrx_word' id='word_1_562' title='bbox 2991 2918 3222 2981; x_wconf 65' lang='grc' dir='ltr'><strong>ἑαυτοὺς</strong></span> <span class='ocrx_word' id='word_1_563' title='bbox 3265 2912 3424 2988; x_wconf 78' lang='grc' dir='ltr'><strong>ἧκον,</strong></span> <span class='ocrx_word' id='word_1_564' title='bbox 3475 2918 3575 2969; x_wconf 74' lang='grc' dir='ltr'><strong>καὶ</strong></span> 
     </span>
    </p>
   </div>
   <div class='ocr_carea' id='block_1_73' title="bbox 1978 3009 3576 3083">
    <p class='ocr_par' dir='ltr' id='par_1_73' title="bbox 1978 3009 3576 3083">
     <span class='ocr_line' id='line_1_73' title="bbox 1978 3009 3576 3083; baseline -0.003 -17"><span class='ocrx_word' id='word_1_565' title='bbox 1978 3011 2146 3083; x_wconf 83' lang='grc' dir='ltr'><strong>μηδὲν</strong></span> <span class='ocrx_word' id='word_1_566' title='bbox 2204 3011 2482 3082; x_wconf 80' lang='grc' dir='ltr'><strong>ἀμελῆσαι</strong></span> <span class='ocrx_word' id='word_1_567' title='bbox 2536 3010 3020 3083; x_wconf 85' lang='grc' dir='ltr'><strong>προτεθειμένους.</strong></span> <span class='ocrx_word' id='word_1_568' title='bbox 3082 3009 3311 3071; x_wconf 84' lang='grc' dir='ltr'><strong>Εἱωθὼς</strong></span> <span class='ocrx_word' id='word_1_569' title='bbox 3378 3010 3435 3064; x_wconf 83' lang='grc' dir='ltr'><strong>δὲ</strong></span> <span class='ocrx_word' id='word_1_570' title='bbox 3503 3010 3576 3063; x_wconf 81' lang='grc' dir='ltr'><strong>δι’</strong></span> 
     </span>
    </p>
   </div>
   <div class='ocr_carea' id='block_1_74' title="bbox 1974 3104 3573 3177">
    <p class='ocr_par' dir='ltr' id='par_1_74' title="bbox 1974 3104 3573 3177">
     <span class='ocr_line' id='line_1_74' title="bbox 1974 3104 3573 3177; baseline -0.002 -19"><span class='ocrx_word' id='word_1_571' title='bbox 1974 3105 2423 3177; x_wconf 81' lang='grc' dir='ltr'><strong>ὑπερόἀλλουσαν</strong></span> <span class='ocrx_word' id='word_1_572' title='bbox 2481 3104 2797 3173; x_wconf 80' lang='grc' dir='ltr'><strong>ἀγαθότητα</strong></span> <span class='ocrx_word' id='word_1_573' title='bbox 2848 3108 3028 3158; x_wconf 68' lang='grc' dir='ltr'><strong>πάντα</strong></span> <span class='ocrx_word' id='word_1_574' title='bbox 3080 3108 3367 3173; x_wconf 87' lang='grc' dir='ltr'><strong>συνεργεῖν</strong></span> <span class='ocrx_word' id='word_1_575' title='bbox 3402 3106 3481 3167; x_wconf 88' lang='grc' dir='ltr'><strong>είς</strong></span> <span class='ocrx_word' id='word_1_576' title='bbox 3511 3104 3573 3156; x_wconf 82' lang='lat'><strong>:0</strong></span> 
     </span>
    </p>
   </div>
   <div class='ocr_carea' id='block_1_75' title="bbox 1975 3197 3581 3267">
    <p class='ocr_par' dir='ltr' id='par_1_75' title="bbox 1975 3197 3581 3267">
     <span class='ocr_line' id='line_1_75' title="bbox 1975 3197 3581 3267; baseline -0.001 -16"><span class='ocrx_word' id='word_1_577' title='bbox 1975 3197 2180 3267; x_wconf 76' lang='grc' dir='ltr'><strong>ἀγαθὸν</strong></span> <span class='ocrx_word' id='word_1_578' title='bbox 2207 3200 2318 3261; x_wconf 86' lang='grc' dir='ltr'><strong>τοῖς</strong></span> <span class='ocrx_word' id='word_1_579' title='bbox 2346 3198 2637 3267; x_wconf 88' lang='grc' dir='ltr'><strong>ἀγαπῶσιν</strong></span> <span class='ocrx_word' id='word_1_580' title='bbox 2667 3198 2853 3261; x_wconf 75' lang='grc' dir='ltr'><strong>αὑτὸν,</strong></span> <span class='ocrx_word' id='word_1_581' title='bbox 2920 3198 3011 3252; x_wconf 83' lang='grc' dir='ltr'><strong>διά</strong></span> <span class='ocrx_word' id='word_1_582' title='bbox 3063 3197 3224 3252; x_wconf 85' lang='grc' dir='ltr'><strong>τοῦτο</strong></span> <span class='ocrx_word' id='word_1_583' title='bbox 3257 3200 3373 3263; x_wconf 91' lang='grc' dir='ltr'><strong>τοῖς</strong></span> <span class='ocrx_word' id='word_1_584' title='bbox 3427 3198 3581 3251; x_wconf 83' lang='grc' dir='ltr'><strong>κατά</strong></span> 
     </span>
    </p>
   </div>
   <div class='ocr_carea' id='block_1_76' title="bbox 1976 3286 3574 3361">
    <p class='ocr_par' dir='ltr' id='par_1_76' title="bbox 1976 3286 3574 3361">
     <span class='ocr_line' id='line_1_76' title="bbox 1976 3286 3574 3361; baseline -0.002 -19"><span class='ocrx_word' id='word_1_585' title='bbox 1976 3291 2234 3359; x_wconf 85' lang='grc' dir='ltr'><strong>πρόθεσιν</strong></span> <span class='ocrx_word' id='word_1_586' title='bbox 2271 3291 2481 3347; x_wconf 77' lang='grc' dir='ltr'><strong>οἰκείαν</strong></span> <span class='ocrx_word' id='word_1_587' title='bbox 2508 3287 2629 3345; x_wconf 76' lang='grc' dir='ltr'><strong>οὖσι</strong></span> <span class='ocrx_word' id='word_1_588' title='bbox 2651 3293 2897 3361; x_wconf 66' lang='grc' dir='ltr'><strong>κλητοῖς,</strong></span> <span class='ocrx_word' id='word_1_589' title='bbox 2928 3293 3043 3354; x_wconf 74' lang='grc' dir='ltr'><strong>τοῖς</strong></span> <span class='ocrx_word' id='word_1_590' title='bbox 3075 3289 3344 3354; x_wconf 79' lang='grc' dir='ltr'><strong>ἑκουσίως</strong></span> <span class='ocrx_word' id='word_1_591' title='bbox 3369 3286 3574 3358; x_wconf 74' lang='grc' dir='ltr'><strong>δηλαδὴ</strong></span> 
     </span>
    </p>
   </div>
   <div class='ocr_carea' id='block_1_77' title="bbox 1976 3378 3572 3455">
    <p class='ocr_par' dir='ltr' id='par_1_77' title="bbox 1976 3378 3572 3455">
     <span class='ocr_line' id='line_1_77' title="bbox 1976 3378 3572 3455; baseline -0.003 -19"><span class='ocrx_word' id='word_1_592' title='bbox 1976 3388 2035 3436; x_wconf 79' lang='grc' dir='ltr'><strong>τό</strong></span> <span class='ocrx_word' id='word_1_593' title='bbox 2064 3400 2127 3451; x_wconf 90' lang='grc' dir='ltr'><strong>γε</strong></span> <span class='ocrx_word' id='word_1_594' title='bbox 2157 3384 2232 3447; x_wconf 86' lang='grc' dir='ltr'><strong>είς</strong></span> <span class='ocrx_word' id='word_1_595' title='bbox 2267 3383 2465 3447; x_wconf 78' lang='grc' dir='ltr'><strong>αὐτοὺς</strong></span> <span class='ocrx_word' id='word_1_596' title='bbox 2491 3378 2628 3455; x_wconf 77' lang='grc' dir='ltr'><strong>ἧκον</strong></span> <span class='ocrx_word' id='word_1_597' title='bbox 2657 3383 2760 3453; x_wconf 82' lang='grc' dir='ltr'><strong>τῆς</strong></span> <span class='ocrx_word' id='word_1_598' title='bbox 2785 3383 3029 3452; x_wconf 78' lang='grc' dir='ltr'><strong>κλήσεως</strong></span> <span class='ocrx_word' id='word_1_599' title='bbox 3061 3383 3251 3453; x_wconf 88' lang='grc' dir='ltr'><strong>τυχεῖν</strong></span> <span class='ocrx_word' id='word_1_600' title='bbox 3274 3379 3572 3451; x_wconf 78' lang='grc' dir='ltr'><strong>ἐπιμελου-</strong></span> 
     </span>
    </p>
   </div>
   <div class='ocr_carea' id='block_1_78' title="bbox 1981 3470 3573 3545">
    <p class='ocr_par' dir='ltr' id='par_1_78' title="bbox 1981 3470 3573 3545">
     <span class='ocr_line' id='line_1_78' title="bbox 1981 3470 3573 3545; baseline -0.001 -18"><span class='ocrx_word' id='word_1_601' title='bbox 1981 3475 2188 3545; x_wconf 81' lang='grc' dir='ltr'><strong>μένοις,</strong></span> <span class='ocrx_word' id='word_1_602' title='bbox 2247 3476 2342 3529; x_wconf 79' lang='grc' dir='ltr'><strong>καὶ</strong></span> <span class='ocrx_word' id='word_1_603' title='bbox 2394 3476 2487 3531; x_wconf 74' lang='grc' dir='ltr'><strong>διὰ</strong></span> <span class='ocrx_word' id='word_1_604' title='bbox 2534 3477 2695 3530; x_wconf 80' lang='grc' dir='ltr'><strong>τοῦτο</strong></span> <span class='ocrx_word' id='word_1_605' title='bbox 2746 3476 2966 3545; x_wconf 84' lang='grc' dir='ltr'><strong>κλητοῖς</strong></span> <span class='ocrx_word' id='word_1_606' title='bbox 3014 3470 3160 3539; x_wconf 81' lang='grc' dir='ltr'><strong>οῦσι,</strong></span> <span class='ocrx_word' id='word_1_607' title='bbox 3210 3473 3359 3527; x_wconf 78' lang='grc' dir='ltr'><strong>τοῦτ’</strong></span> <span class='ocrx_word' id='word_1_608' title='bbox 3422 3473 3573 3527; x_wconf 80' lang='grc' dir='ltr'><strong>ἔστιν</strong></span> 
     </span>
    </p>
   </div>
   <div class='ocr_carea' id='block_1_79' title="bbox 1975 3566 3574 3642">
    <p class='ocr_par' dir='ltr' id='par_1_79' title="bbox 1975 3566 3574 3642">
     <span class='ocr_line' id='line_1_79' title="bbox 1975 3566 3574 3642; baseline -0.004 -17"><span class='ocrx_word' id='word_1_609' title='bbox 1975 3570 2148 3637; x_wconf 80' lang='grc' dir='ltr'><strong>ἀξίοις</strong></span> <span class='ocrx_word' id='word_1_610' title='bbox 2180 3571 2489 3636; x_wconf 84' lang='grc' dir='ltr'><strong>καλεῖσθαι,</strong></span> <span class='ocrx_word' id='word_1_611' title='bbox 2524 3572 2617 3624; x_wconf 78' lang='grc' dir='ltr'><strong>καὶ</strong></span> <span class='ocrx_word' id='word_1_612' title='bbox 2663 3569 2763 3642; x_wconf 81' lang='grc' dir='ltr'><strong>τὴν</strong></span> <span class='ocrx_word' id='word_1_613' title='bbox 2799 3571 2930 3640; x_wconf 77' lang='grc' dir='ltr'><strong>παρ’</strong></span> <span class='ocrx_word' id='word_1_614' title='bbox 2964 3568 3165 3623; x_wconf 90' lang='grc' dir='ltr'><strong>ἑαυτοῦ</strong></span> <span class='ocrx_word' id='word_1_615' title='bbox 3209 3566 3574 3639; x_wconf 86' lang='grc' dir='ltr'><strong>προστίθησιν</strong></span> 
     </span>
    </p>
   </div>
   <div class='ocr_carea' id='block_1_80' title="bbox 1977 3660 3574 3733">
    <p class='ocr_par' dir='ltr' id='par_1_80' title="bbox 1977 3660 3574 3733">
     <span class='ocr_line' id='line_1_80' title="bbox 1977 3660 3574 3733; baseline -0.003 -17"><span class='ocrx_word' id='word_1_616' title='bbox 1977 3662 2160 3726; x_wconf 73' lang='grc' dir='ltr'><strong>αὐτοῖς</strong></span> <span class='ocrx_word' id='word_1_617' title='bbox 2200 3663 2520 3733; x_wconf 86' lang='grc' dir='ltr'><strong>συνεργίαν,</strong></span> <span class='ocrx_word' id='word_1_618' title='bbox 2554 3662 2629 3725; x_wconf 82' lang='grc' dir='ltr'><strong>ὡς</strong></span> <span class='ocrx_word' id='word_1_619' title='bbox 2665 3664 2793 3717; x_wconf 81' lang='grc' dir='ltr'><strong>ἄνευ</strong></span> <span class='ocrx_word' id='word_1_620' title='bbox 2841 3662 3014 3732; x_wconf 76' lang='grc' dir='ltr'><strong>αὐτῆς</strong></span> <span class='ocrx_word' id='word_1_621' title='bbox 3046 3662 3147 3715; x_wconf 78' lang='grc' dir='ltr'><strong>ούκ</strong></span> <span class='ocrx_word' id='word_1_622' title='bbox 3176 3660 3242 3716; x_wconf 84' lang='grc' dir='ltr'><strong>ἂν</strong></span> <span class='ocrx_word' id='word_1_623' title='bbox 3281 3661 3574 3731; x_wconf 70' lang='grc' dir='ltr'><strong>ἐφικέσθαι</strong></span> 
     </span>
    </p>
   </div>
   <div class='ocr_carea' id='block_1_81' title="bbox 1975 3752 3585 3828">
    <p class='ocr_par' dir='ltr' id='par_1_81' title="bbox 1975 3752 3585 3828">
     <span class='ocr_line' id='line_1_81' title="bbox 1975 3752 3585 3828; baseline 0.001 -21"><span class='ocrx_word' id='word_1_624' title='bbox 1975 3755 2361 3828; x_wconf 81' lang='grc' dir='ltr'><strong>δυνησομένοις</strong></span> <span class='ocrx_word' id='word_1_625' title='bbox 2394 3756 2484 3809; x_wconf 76' lang='grc' dir='ltr'><strong>διὰ</strong></span> <span class='ocrx_word' id='word_1_626' title='bbox 2518 3756 2616 3815; x_wconf 89' lang='grc' dir='ltr'><strong>τάς</strong></span> <span class='ocrx_word' id='word_1_627' title='bbox 2650 3754 2919 3819; x_wconf 89' lang='grc' dir='ltr'><strong>συνούσας</strong></span> <span class='ocrx_word' id='word_1_628' title='bbox 2951 3755 3155 3818; x_wconf 86' lang='grc' dir='ltr'><strong>πολλὰς</strong></span> <span class='ocrx_word' id='word_1_629' title='bbox 3194 3756 3290 3807; x_wconf 71' lang='grc' dir='ltr'><strong>καὶ</strong></span> <span class='ocrx_word' id='word_1_630' title='bbox 3326 3752 3585 3825; x_wconf 76' lang='grc' dir='ltr'><strong>μεγάλας</strong></span> 
     </span>
    </p>
   </div>
   <div class='ocr_carea' id='block_1_82' title="bbox 1976 3844 3577 3918">
    <p class='ocr_par' dir='ltr' id='par_1_82' title="bbox 1976 3844 3577 3918">
     <span class='ocr_line' id='line_1_82' title="bbox 1976 3844 3577 3918; baseline -0.002 -18"><span class='ocrx_word' id='word_1_631' title='bbox 1976 3847 2054 3915; x_wconf 82' lang='grc' dir='ltr'><strong>τῷ</strong></span> <span class='ocrx_word' id='word_1_632' title='bbox 2085 3848 2371 3917; x_wconf 73' lang='grc' dir='ltr'><strong>πράγματι</strong></span> <span class='ocrx_word' id='word_1_633' title='bbox 2398 3846 2723 3918; x_wconf 80' lang='grc' dir='ltr'><strong>δυσχερείας</strong></span> <span class='ocrx_word' id='word_1_634' title='bbox 2744 3864 2760 3880; x_wconf 75' lang='grc' dir='ltr'>σ</span> <span class='ocrx_word' id='word_1_635' title='bbox 2792 3846 2871 3900; x_wconf 85' lang='grc' dir='ltr'><strong>διό</strong></span> <span class='ocrx_word' id='word_1_636' title='bbox 2902 3865 3034 3917; x_wconf 78' lang='grc' dir='ltr'><strong>φησι</strong></span> <span class='ocrx_word' id='word_1_637' title='bbox 3057 3862 3074 3878; x_wconf 82' lang='grc'><em>’</em></span> <span class='ocrx_word' id='word_1_638' title='bbox 3107 3846 3299 3915; x_wconf 80' lang='grc' dir='ltr'><strong>Χωρίς</strong></span> <span class='ocrx_word' id='word_1_639' title='bbox 3328 3844 3476 3916; x_wconf 83' lang='grc' dir='ltr'><strong>ἐμοῦ</strong></span> <span class='ocrx_word' id='word_1_640' title='bbox 3501 3848 3577 3898; x_wconf 78' lang='grc' dir='ltr'><strong>οὐ</strong></span> 
     </span>
    </p>
   </div>
   <div class='ocr_carea' id='block_1_83' title="bbox 1976 3938 3576 4008">
    <p class='ocr_par' dir='ltr' id='par_1_83' title="bbox 1976 3938 3576 4008">
     <span class='ocr_line' id='line_1_83' title="bbox 1976 3938 3576 4008; baseline -0.003 -14"><span class='ocrx_word' id='word_1_641' title='bbox 1976 3940 2243 3995; x_wconf 82' lang='grc' dir='ltr'><strong>δύνασθε</strong></span> <span class='ocrx_word' id='word_1_642' title='bbox 2268 3938 2463 3995; x_wconf 79' lang='grc' dir='ltr'><strong>ποιεῖν</strong></span> <span class='ocrx_word' id='word_1_643' title='bbox 2493 3941 2675 3995; x_wconf 77' lang='grc' dir='ltr'><strong>οὐδέν</strong></span> <span class='ocrx_word' id='word_1_644' title='bbox 2700 3952 2714 3968; x_wconf 82' lang='grc'><strong><em>⁸</em></strong></span> <span class='ocrx_word' id='word_1_645' title='bbox 2746 3939 2835 3993; x_wconf 89' lang='grc' dir='ltr'><strong>διά</strong></span> <span class='ocrx_word' id='word_1_646' title='bbox 2863 3939 3023 3993; x_wconf 85' lang='grc' dir='ltr'><strong>τοῦτο</strong></span> <span class='ocrx_word' id='word_1_647' title='bbox 3074 3938 3349 4008; x_wconf 72' lang='grc' dir='ltr'><strong>προγνοὺς</strong></span> <span class='ocrx_word' id='word_1_648' title='bbox 3377 3938 3576 4000; x_wconf 65' lang='grc' dir='ltr'><strong>αὐτοὺς</strong></span> 
     </span>
    </p>
   </div>
   <div class='ocr_carea' id='block_1_84' title="bbox 1975 4027 3577 4101">
    <p class='ocr_par' dir='ltr' id='par_1_84' title="bbox 1975 4027 3577 4101">
     <span class='ocr_line' id='line_1_84' title="bbox 1975 4027 3577 4101; baseline -0.004 -16"><span class='ocrx_word' id='word_1_649' title='bbox 1975 4031 2063 4085; x_wconf 74' lang='grc' dir='ltr'><strong>διὰ</strong></span> <span class='ocrx_word' id='word_1_650' title='bbox 2100 4031 2291 4101; x_wconf 84' lang='grc' dir='ltr'><strong>σοφίας</strong></span> <span class='ocrx_word' id='word_1_651' title='bbox 2315 4031 2658 4101; x_wconf 85' lang='grc' dir='ltr'><strong>περιουσίαν,</strong></span> <span class='ocrx_word' id='word_1_652' title='bbox 2690 4028 2979 4098; x_wconf 76' lang='grc' dir='ltr'><strong>ἑπομένως</strong></span> <span class='ocrx_word' id='word_1_653' title='bbox 3011 4027 3290 4101; x_wconf 84' lang='grc' dir='ltr'><strong>προώρισε</strong></span> <span class='ocrx_word' id='word_1_654' title='bbox 3312 4028 3381 4080; x_wconf 80' lang='grc' dir='ltr'><strong>δι’</strong></span> <span class='ocrx_word' id='word_1_655' title='bbox 3401 4027 3577 4094; x_wconf 83' lang='grc' dir='ltr'><strong>ύπερ-</strong></span> 
     </span>
    </p>
   </div>
   <div class='ocr_carea' id='block_1_85' title="bbox 1977 4118 3576 4194">
    <p class='ocr_par' dir='ltr' id='par_1_85' title="bbox 1977 4118 3576 4194">
     <span class='ocr_line' id='line_1_85' title="bbox 1977 4118 3576 4194; baseline -0.003 -18"><span class='ocrx_word' id='word_1_656' title='bbox 1977 4122 2142 4194; x_wconf 81' lang='grc' dir='ltr'><strong>6ολὴν</strong></span> <span class='ocrx_word' id='word_1_657' title='bbox 2174 4122 2538 4193; x_wconf 87' lang='grc' dir='ltr'><strong>ἀγαθότητος,</strong></span> <span class='ocrx_word' id='word_1_658' title='bbox 2600 4121 2694 4175; x_wconf 78' lang='grc' dir='ltr'><strong>καὶ</strong></span> <span class='ocrx_word' id='word_1_659' title='bbox 2745 4120 3049 4191; x_wconf 87' lang='grc' dir='ltr'><strong>προορίσας</strong></span> <span class='ocrx_word' id='word_1_660' title='bbox 3093 4119 3345 4183; x_wconf 81' lang='grc' dir='ltr'><strong>ἐκάλεσε,</strong></span> <span class='ocrx_word' id='word_1_661' title='bbox 3377 4118 3474 4172; x_wconf 74' lang='grc' dir='ltr'><strong>καὶ</strong></span> <span class='ocrx_word' id='word_1_662' title='bbox 3505 4118 3576 4171; x_wconf 66' lang='grc' dir='ltr'><strong>τὰ</strong></span> 
     </span>
    </p>
   </div>
   <div class='ocr_carea' id='block_1_86' title="bbox 1978 4208 3576 4283">
    <p class='ocr_par' dir='ltr' id='par_1_86' title="bbox 1978 4208 3576 4283">
     <span class='ocr_line' id='line_1_86' title="bbox 1978 4208 3576 4283; baseline -0.003 -15"><span class='ocrx_word' id='word_1_663' title='bbox 1978 4211 2107 4283; x_wconf 77' lang='grc' dir='ltr'><strong>ἑξῆς</strong></span> <span class='ocrx_word' id='word_1_664' title='bbox 2132 4211 2473 4276; x_wconf 87' lang='grc' dir='ltr'><strong>ἀκολούθως,</strong></span> <span class='ocrx_word' id='word_1_665' title='bbox 2530 4212 2607 4278; x_wconf 93' lang='grc' dir='ltr'><strong>ώς</strong></span> <span class='ocrx_word' id='word_1_666' title='bbox 2640 4210 2961 4277; x_wconf 68' lang='grc' dir='ltr'><strong>δεδοξάσθαι</strong></span> <span class='ocrx_word' id='word_1_667' title='bbox 3003 4210 3102 4282; x_wconf 73' lang='grc' dir='ltr'><strong>μὲν</strong></span> <span class='ocrx_word' id='word_1_668' title='bbox 3128 4211 3216 4265; x_wconf 87' lang='grc' dir='ltr'><strong>διά</strong></span> <span class='ocrx_word' id='word_1_669' title='bbox 3237 4208 3413 4263; x_wconf 87' lang='grc' dir='ltr'><strong>ταῦτα</strong></span> <span class='ocrx_word' id='word_1_670' title='bbox 3446 4210 3576 4273; x_wconf 77' lang='grc' dir='ltr'><strong>τοὺς</strong></span> 
     </span>
    </p>
   </div>
   <div class='ocr_carea' id='block_1_87' title="bbox 1976 4294 3695 4377">
    <p class='ocr_par' dir='ltr' id='par_1_87' title="bbox 1976 4294 3695 4377">
     <span class='ocr_line' id='line_1_87' title="bbox 1976 4294 3695 4377; baseline -0.004 -15"><span class='ocrx_word' id='word_1_671' title='bbox 1976 4304 2371 4376; x_wconf 73' lang='grc' dir='ltr'><strong>δοξαζομένους</strong></span> <span class='ocrx_word' id='word_1_672' title='bbox 2397 4305 2431 4377; x_wconf 75' lang='grc' dir='ltr'>ἢ</span> <span class='ocrx_word' id='word_1_673' title='bbox 2472 4304 3000 4375; x_wconf 79' lang='grc' dir='ltr'><strong>δοξασθησομένους,</strong></span> <span class='ocrx_word' id='word_1_674' title='bbox 3038 4303 3167 4369; x_wconf 74' lang='grc' dir='ltr'><strong>τοὺς</strong></span> <span class='ocrx_word' id='word_1_675' title='bbox 3194 4302 3251 4358; x_wconf 72' lang='grc' dir='ltr'><strong>δὲ</strong></span> <span class='ocrx_word' id='word_1_676' title='bbox 3278 4301 3577 4374; x_wconf 86' lang='grc' dir='ltr'><strong>δικαιωθη-</strong></span> <span class='ocrx_word' id='word_1_677' title='bbox 3682 4294 3695 4299; x_wconf 73' lang='grc'><strong>’</strong></span> 
     </span>
    </p>
   </div>
   <div class='ocr_carea' id='block_1_88' title="bbox 1980 4396 3581 4469">
    <p class='ocr_par' dir='ltr' id='par_1_88' title="bbox 1980 4396 3581 4469">
     <span class='ocr_line' id='line_1_88' title="bbox 1980 4396 3581 4469; baseline -0.002 -17"><span class='ocrx_word' id='word_1_678' title='bbox 1980 4398 2242 4467; x_wconf 83' lang='grc' dir='ltr'><strong>σομένους</strong></span> <span class='ocrx_word' id='word_1_679' title='bbox 2268 4396 2682 4459; x_wconf 89' lang='grc' dir='ltr'><strong>δεδικαιῶσθαι,</strong></span> <span class='ocrx_word' id='word_1_680' title='bbox 2733 4398 2826 4451; x_wconf 73' lang='grc' dir='ltr'><strong>καὶ</strong></span> <span class='ocrx_word' id='word_1_681' title='bbox 2853 4396 2935 4452; x_wconf 79' lang='grc' dir='ltr'><strong>ἑτι</strong></span> <span class='ocrx_word' id='word_1_682' title='bbox 2961 4398 3231 4469; x_wconf 72' lang='grc' dir='ltr'><strong>πρότερον</strong></span> <span class='ocrx_word' id='word_1_683' title='bbox 3269 4396 3441 4468; x_wconf 84' lang='grc' dir='ltr'><strong>κεκλῆ</strong></span> <span class='ocrx_word' id='word_1_684' title='bbox 3454 4396 3581 4449; x_wconf 71' lang='grc' dir='ltr'><strong>σθαι</strong></span> 
     </span>
    </p>
   </div>
   <div class='ocr_carea' id='block_1_89' title="bbox 1979 4486 3581 4563">
    <p class='ocr_par' dir='ltr' id='par_1_89' title="bbox 1979 4486 3581 4563">
     <span class='ocr_line' id='line_1_89' title="bbox 1979 4486 3581 4563; baseline -0.001 -19"><span class='ocrx_word' id='word_1_685' title='bbox 1979 4489 2420 4563; x_wconf 82' lang='grc' dir='ltr'><strong>κληθησομένους</strong></span> <span class='ocrx_word' id='word_1_686' title='bbox 2443 4530 2458 4553; x_wconf 90' lang='grc'><strong>,</strong></span> <span class='ocrx_word' id='word_1_687' title='bbox 2492 4491 2585 4545; x_wconf 79' lang='grc' dir='ltr'><strong>καὶ</strong></span> <span class='ocrx_word' id='word_1_688' title='bbox 2616 4488 2787 4546; x_wconf 72' lang='grc' dir='ltr'><strong>τᾶλλα</strong></span> <span class='ocrx_word' id='word_1_689' title='bbox 2821 4487 3111 4554; x_wconf 83' lang='grc' dir='ltr'><strong>ὡσαύτως.</strong></span> <span class='ocrx_word' id='word_1_690' title='bbox 3156 4490 3272 4543; x_wconf 78' lang='grc' dir='ltr'><strong>Οὐκ</strong></span> <span class='ocrx_word' id='word_1_691' title='bbox 3309 4489 3461 4542; x_wconf 72' lang='grc' dir='ltr'><strong>ἐστιν</strong></span> <span class='ocrx_word' id='word_1_692' title='bbox 3485 4486 3581 4542; x_wconf 82' lang='grc' dir='ltr'><strong>οῦν</strong></span> 
     </span>
    </p>
   </div>
   <div class='ocr_carea' id='block_1_90' title="bbox 290 4568 3578 4655">
    <p class='ocr_par' dir='ltr' id='par_1_90' title="bbox 290 4568 3578 4655">
     <span class='ocr_line' id='line_1_90' title="bbox 290 4568 3578 4655; baseline -0.007 -11"><span class='ocrx_word' id='word_1_693' title='bbox 290 4608 399 4655; x_wconf 89' lang='grc' dir='ltr'><strong>τως</strong></span> <span class='ocrx_word' id='word_1_694' title='bbox 448 4605 508 4641; x_wconf 89' lang='grc' dir='ltr'><strong>τε</strong></span> <span class='ocrx_word' id='word_1_695' title='bbox 534 4588 629 4641; x_wconf 61' lang='grc' dir='ltr'><strong>καλ⁵</strong></span> <span class='ocrx_word' id='word_1_696' title='bbox 665 4583 882 4647; x_wconf 88' lang='grc' dir='ltr'><strong>οίκείως</strong></span> <span class='ocrx_word' id='word_1_697' title='bbox 910 4584 976 4652; x_wconf 84' lang='grc' dir='ltr'><strong>τῇ</strong></span> <span class='ocrx_word' id='word_1_698' title='bbox 1008 4580 1225 4649; x_wconf 77' lang='grc' dir='ltr'><strong>ἑκάστῳ</strong></span> <span class='ocrx_word' id='word_1_699' title='bbox 1253 4576 1382 4647; x_wconf 84' lang='grc' dir='ltr'><strong>παρ’</strong></span> <span class='ocrx_word' id='word_1_700' title='bbox 1415 4574 1581 4632; x_wconf 78' lang='grc' dir='ltr'><strong>αὑτοῦ</strong></span> <span class='ocrx_word' id='word_1_701' title='bbox 1610 4568 1955 4646; x_wconf 34' lang='grc' dir='ltr'><strong>δεδομένῃνῘ)</strong></span> <span class='ocrx_word' id='word_1_702' title='bbox 1982 4581 2133 4636; x_wconf 78' lang='grc' dir='ltr'><strong>αῑτία</strong></span> <span class='ocrx_word' id='word_1_703' title='bbox 2162 4582 2551 4654; x_wconf 68' lang='grc' dir='ltr'><strong>προηγουμένη</strong></span> <span class='ocrx_word' id='word_1_704' title='bbox 2578 4581 2676 4652; x_wconf 73' lang='grc' dir='ltr'><strong>τῆς</strong></span> <span class='ocrx_word' id='word_1_705' title='bbox 2697 4581 2806 4636; x_wconf 77' lang='grc' dir='ltr'><strong>τῶν</strong></span> <span class='ocrx_word' id='word_1_706' title='bbox 2839 4584 3168 4652; x_wconf 68' lang='grc' dir='ltr'><strong>σωζομένων</strong></span> <span class='ocrx_word' id='word_1_707' title='bbox 3193 4580 3352 4651; x_wconf 69' lang='grc' dir='ltr'><strong>δόξης</strong></span> <span class='ocrx_word' id='word_1_708' title='bbox 3378 4582 3406 4634; x_wconf 68' lang='grc' dir='ltr'>δ</span> <span class='ocrx_word' id='word_1_709' title='bbox 3433 4580 3578 4642; x_wconf 69' lang='grc' dir='ltr'><strong>θεῖος</strong></span> 
     </span>
    </p>
   </div>
   <div class='ocr_carea' id='block_1_91' title="bbox 291 4668 1868 4753">
    <p class='ocr_par' dir='ltr' id='par_1_91' title="bbox 291 4668 1868 4753">
     <span class='ocr_line' id='line_1_91' title="bbox 291 4668 1868 4753; baseline -0.011 -17"><span class='ocrx_word' id='word_1_710' title='bbox 291 4681 449 4753; x_wconf 81' lang='grc' dir='ltr'><strong>φύσει</strong></span> <span class='ocrx_word' id='word_1_711' title='bbox 478 4679 576 4734; x_wconf 77' lang='grc' dir='ltr'><strong>καὶ</strong></span> <span class='ocrx_word' id='word_1_712' title='bbox 603 4670 756 4745; x_wconf 77' lang='grc' dir='ltr'><strong>τάξει</strong></span> <span class='ocrx_word' id='word_1_713' title='bbox 800 4674 877 4745; x_wconf 84' lang='grc' dir='ltr'><strong>τῷ</strong></span> <span class='ocrx_word' id='word_1_714' title='bbox 918 4672 1208 4727; x_wconf 73' lang='grc' dir='ltr'><strong>παντὶκαὶ</strong></span> <span class='ocrx_word' id='word_1_715' title='bbox 1243 4673 1362 4731; x_wconf 90' lang='grc' dir='ltr'><strong>ταῖς</strong></span> <span class='ocrx_word' id='word_1_716' title='bbox 1386 4668 1562 4739; x_wconf 78' lang='grc' dir='ltr'><strong>αὐτῆς</strong></span> <span class='ocrx_word' id='word_1_717' title='bbox 1588 4669 1815 4736; x_wconf 76' lang='grc' dir='ltr'><strong>ἰδιότησι</strong></span> <span class='ocrx_word' id='word_1_718' title='bbox 1851 4706 1868 4720; x_wconf 92' lang='grc'><strong>.</strong></span> 
     </span>
    </p>
   </div>
   <div class='ocr_carea' id='block_1_92' title="bbox 291 4764 1871 4844">
    <p class='ocr_par' dir='ltr' id='par_1_92' title="bbox 291 4764 1871 4844">
     <span class='ocr_line' id='line_1_92' title="bbox 291 4764 1871 4844; baseline -0.011 -13"><span class='ocrx_word' id='word_1_719' title='bbox 291 4776 402 4844; x_wconf 79' lang='grc' dir='ltr'><strong>Τῆς</strong></span> <span class='ocrx_word' id='word_1_720' title='bbox 422 4773 515 4828; x_wconf 78' lang='grc' dir='ltr'><strong>οῦν</strong></span> <span class='ocrx_word' id='word_1_721' title='bbox 543 4769 888 4843; x_wconf 87' lang='grc' dir='ltr'><strong>ἀνθρωπείας</strong></span> <span class='ocrx_word' id='word_1_722' title='bbox 930 4766 1145 4838; x_wconf 85' lang='grc' dir='ltr'><strong>φύσεως</strong></span> <span class='ocrx_word' id='word_1_723' title='bbox 1188 4764 1534 4833; x_wconf 85' lang='grc' dir='ltr'><strong>είδικώτερον</strong></span> <span class='ocrx_word' id='word_1_724' title='bbox 1564 4764 1871 4831; x_wconf 84' lang='grc' dir='ltr'><strong>προνοεῖται</strong></span> 
     </span>
    </p>
   </div>
   <div class='ocr_carea' id='block_1_93' title="bbox 290 4850 1871 4941">
    <p class='ocr_par' dir='ltr' id='par_1_93' title="bbox 290 4850 1871 4941">
     <span class='ocr_line' id='line_1_93' title="bbox 290 4850 1871 4941; baseline -0.011 -17"><span class='ocrx_word' id='word_1_725' title='bbox 290 4869 493 4941; x_wconf 84' lang='grc' dir='ltr'><strong>τρόπον</strong></span> <span class='ocrx_word' id='word_1_726' title='bbox 524 4863 855 4937; x_wconf 77' lang='grc' dir='ltr'><strong>ὑψηλότερόν</strong></span> <span class='ocrx_word' id='word_1_727' title='bbox 891 4879 951 4915; x_wconf 84' lang='grc' dir='ltr'><strong>τε</strong></span> <span class='ocrx_word' id='word_1_728' title='bbox 977 4850 1093 4930; x_wconf 73' lang='grc' dir='ltr'><strong>ἅμα</strong></span> <span class='ocrx_word' id='word_1_729' title='bbox 1133 4861 1227 4914; x_wconf 70' lang='grc' dir='ltr'><strong>καὶ</strong></span> <span class='ocrx_word' id='word_1_730' title='bbox 1258 4857 1651 4926; x_wconf 78' lang='grc' dir='ltr'><strong>ποικιλώτερον</strong></span> <span class='ocrx_word' id='word_1_731' title='bbox 1700 4856 1871 4925; x_wconf 89' lang='grc' dir='ltr'><strong>ἀρμο-</strong></span> 
     </span>
    </p>
   </div>
   <div class='ocr_carea' id='block_1_94' title="bbox 291 4950 1867 5030">
    <p class='ocr_par' dir='ltr' id='par_1_94' title="bbox 291 4950 1867 5030">
     <span class='ocr_line' id='line_1_94' title="bbox 291 4950 1867 5030; baseline -0.01 -15"><span class='ocrx_word' id='word_1_732' title='bbox 291 4962 493 5027; x_wconf 81' lang='grc' dir='ltr'><strong>ζόντως</strong></span> <span class='ocrx_word' id='word_1_733' title='bbox 517 4961 583 5030; x_wconf 76' lang='grc' dir='ltr'><strong>τῇ</strong></span> <span class='ocrx_word' id='word_1_734' title='bbox 610 4959 744 5028; x_wconf 73' lang='grc' dir='ltr'><strong>πρὸς</strong></span> <span class='ocrx_word' id='word_1_735' title='bbox 774 4955 872 5020; x_wconf 76' lang='grc' dir='ltr'><strong>τὰς</strong></span> <span class='ocrx_word' id='word_1_736' title='bbox 906 4954 1072 5017; x_wconf 69' lang='grc' dir='ltr'><strong>ἄλλας</strong></span> <span class='ocrx_word' id='word_1_737' title='bbox 1110 4953 1303 5022; x_wconf 84' lang='grc' dir='ltr'><strong>φύσεις</strong></span> <span class='ocrx_word' id='word_1_738' title='bbox 1343 4950 1548 5021; x_wconf 82' lang='grc' dir='ltr'><strong>ταύτης</strong></span> <span class='ocrx_word' id='word_1_739' title='bbox 1586 4950 1829 5018; x_wconf 64' lang='grc' dir='ltr'><strong>ὑπεροχῇ</strong></span> <span class='ocrx_word' id='word_1_740' title='bbox 1853 4964 1867 4976; x_wconf 86' lang='grc'><strong>·</strong></span> 
     </span>
    </p>
   </div>
   <div class='ocr_carea' id='block_1_95' title="bbox 288 5043 1873 5125">
    <p class='ocr_par' dir='ltr' id='par_1_95' title="bbox 288 5043 1873 5125">
     <span class='ocr_line' id='line_1_95' title="bbox 288 5043 1873 5125; baseline -0.011 -15"><span class='ocrx_word' id='word_1_741' title='bbox 288 5056 411 5111; x_wconf 85' lang='grc' dir='ltr'><strong>ὅθεν</strong></span> <span class='ocrx_word' id='word_1_742' title='bbox 446 5054 630 5125; x_wconf 79' lang='grc' dir='ltr'><strong>ἠπερὶ</strong></span> <span class='ocrx_word' id='word_1_743' title='bbox 675 5051 772 5117; x_wconf 82' lang='grc' dir='ltr'><strong>τὴν</strong></span> <span class='ocrx_word' id='word_1_744' title='bbox 816 5047 1168 5118; x_wconf 84' lang='grc' dir='ltr'><strong>ἀνθρωπίνην</strong></span> <span class='ocrx_word' id='word_1_745' title='bbox 1199 5046 1425 5116; x_wconf 88' lang='grc' dir='ltr'><strong>πρόνοια</strong></span> <span class='ocrx_word' id='word_1_746' title='bbox 1460 5044 1623 5112; x_wconf 85' lang='grc' dir='ltr'><strong>φύσιν</strong></span> <span class='ocrx_word' id='word_1_747' title='bbox 1660 5043 1873 5095; x_wconf 83' lang='grc' dir='ltr'><strong>είδικω-</strong></span> 
     </span>
    </p>
   </div>
   <div class='ocr_carea' id='block_1_96' title="bbox 290 5138 1872 5218">
    <p class='ocr_par' dir='ltr' id='par_1_96' title="bbox 290 5138 1872 5218">
     <span class='ocr_line' id='line_1_96' title="bbox 290 5138 1872 5218; baseline -0.009 -15"><span class='ocrx_word' id='word_1_748' title='bbox 290 5150 465 5218; x_wconf 81' lang='grc' dir='ltr'><strong>τέρως</strong></span> <span class='ocrx_word' id='word_1_749' title='bbox 511 5145 737 5216; x_wconf 84' lang='grc' dir='ltr'><strong>ὁρισμὸς</strong></span> <span class='ocrx_word' id='word_1_750' title='bbox 789 5142 1128 5213; x_wconf 79' lang='grc' dir='ltr'><strong>ὠνόμασται,</strong></span> <span class='ocrx_word' id='word_1_751' title='bbox 1154 5141 1345 5208; x_wconf 85' lang='grc' dir='ltr'><strong>ἀγωγὴ</strong></span> <span class='ocrx_word' id='word_1_752' title='bbox 1374 5156 1456 5201; x_wconf 81' lang='grc' dir='ltr'><strong>τις</strong></span> <span class='ocrx_word' id='word_1_753' title='bbox 1483 5138 1726 5206; x_wconf 84' lang='grc' dir='ltr'><strong>δηλονότι</strong></span> <span class='ocrx_word' id='word_1_754' title='bbox 1778 5138 1872 5188; x_wconf 74' lang='grc' dir='ltr'><strong>καὶ</strong></span> 
     </span>
    </p>
   </div>
   <div class='ocr_carea' id='block_1_97' title="bbox 289 5228 1873 5309">
    <p class='ocr_par' dir='ltr' id='par_1_97' title="bbox 289 5228 1873 5309">
     <span class='ocr_line' id='line_1_97' title="bbox 289 5228 1873 5309; baseline -0.012 -12"><span class='ocrx_word' id='word_1_755' title='bbox 289 5239 482 5309; x_wconf 89' lang='grc' dir='ltr'><strong>ὁδηγία</strong></span> <span class='ocrx_word' id='word_1_756' title='bbox 536 5236 671 5308; x_wconf 76' lang='lat'><strong>1:90;</strong></span> <span class='ocrx_word' id='word_1_757' title='bbox 732 5236 826 5288; x_wconf 84' lang='grc' dir='ltr'><strong>τὸν</strong></span> <span class='ocrx_word' id='word_1_758' title='bbox 867 5232 1231 5303; x_wconf 83' lang='grc' dir='ltr'><strong>προκείμενον</strong></span> <span class='ocrx_word' id='word_1_759' title='bbox 1286 5232 1451 5297; x_wconf 77' lang='grc' dir='ltr'><strong>δρονο</strong></span> <span class='ocrx_word' id='word_1_760' title='bbox 1513 5230 1583 5283; x_wconf 81' lang='grc' dir='ltr'><strong>τά</strong></span> <span class='ocrx_word' id='word_1_761' title='bbox 1632 5230 1730 5299; x_wconf 81' lang='grc' dir='ltr'><strong>μὲν</strong></span> <span class='ocrx_word' id='word_1_762' title='bbox 1764 5228 1873 5296; x_wconf 74' lang='grc' dir='ltr'><strong>γὰρ</strong></span> 
     </span>
    </p>
   </div>
   <div class='ocr_carea' id='block_1_98' title="bbox 290 5322 1871 5403">
    <p class='ocr_par' dir='ltr' id='par_1_98' title="bbox 290 5322 1871 5403">
     <span class='ocr_line' id='line_1_98' title="bbox 290 5322 1871 5403; baseline -0.013 -10"><span class='ocrx_word' id='word_1_763' title='bbox 290 5336 425 5393; x_wconf 78' lang='grc' dir='ltr'><strong>ἄλλα</strong></span> <span class='ocrx_word' id='word_1_764' title='bbox 460 5335 593 5403; x_wconf 82' lang='lat'><strong>1:90;</strong></span> <span class='ocrx_word' id='word_1_765' title='bbox 625 5330 777 5393; x_wconf 86' lang='grc' dir='ltr'><strong>τέλος</strong></span> <span class='ocrx_word' id='word_1_766' title='bbox 829 5329 1055 5396; x_wconf 88' lang='grc' dir='ltr'><strong>ἀγονται</strong></span> <span class='ocrx_word' id='word_1_767' title='bbox 1087 5328 1154 5395; x_wconf 81' lang='grc' dir='ltr'><strong>τῇ</strong></span> <span class='ocrx_word' id='word_1_768' title='bbox 1187 5322 1347 5392; x_wconf 80' lang='grc' dir='ltr'><strong>φύσει</strong></span> <span class='ocrx_word' id='word_1_769' title='bbox 1406 5325 1693 5392; x_wconf 79' lang='grc' dir='ltr'><strong>σύστοιχον</strong></span> <span class='ocrx_word' id='word_1_770' title='bbox 1721 5337 1732 5351; x_wconf 91' lang='grc'><strong>·</strong></span> <span class='ocrx_word' id='word_1_771' title='bbox 1775 5323 1871 5376; x_wconf 81' lang='grc' dir='ltr'><strong>ἀν·-</strong></span> 
     </span>
    </p>
   </div>
   <div class='ocr_carea' id='block_1_99' title="bbox 292 5415 1873 5501">
    <p class='ocr_par' dir='ltr' id='par_1_99' title="bbox 292 5415 1873 5501">
     <span class='ocr_line' id='line_1_99' title="bbox 292 5415 1873 5501; baseline -0.011 -16"><span class='ocrx_word' id='word_1_772' title='bbox 292 5428 514 5501; x_wconf 89' lang='grc' dir='ltr'><strong>θρώπου</strong></span> <span class='ocrx_word' id='word_1_773' title='bbox 550 5427 605 5481; x_wconf 88' lang='grc' dir='ltr'><strong>δέ</strong></span> <span class='ocrx_word' id='word_1_774' title='bbox 632 5425 691 5480; x_wconf 85' lang='grc' dir='ltr'><strong>τὸ</strong></span> <span class='ocrx_word' id='word_1_775' title='bbox 734 5423 886 5485; x_wconf 90' lang='grc' dir='ltr'><strong>τέλος</strong></span> <span class='ocrx_word' id='word_1_776' title='bbox 910 5419 1209 5490; x_wconf 77' lang='grc' dir='ltr'><strong>ὑπερφυὲς,</strong></span> <span class='ocrx_word' id='word_1_777' title='bbox 1245 5419 1380 5487; x_wconf 75' lang='grc' dir='ltr'><strong>πρὸς</strong></span> <span class='ocrx_word' id='word_1_778' title='bbox 1406 5417 1434 5470; x_wconf 88' lang='grc' dir='ltr'><strong>δ</strong></span> <span class='ocrx_word' id='word_1_779' title='bbox 1464 5417 1727 5469; x_wconf 87' lang='grc' dir='ltr'><strong>κινεῖσθαι</strong></span> <span class='ocrx_word' id='word_1_780' title='bbox 1772 5415 1873 5483; x_wconf 78' lang='grc' dir='ltr'><strong>μὲν</strong></span> 
     </span>
    </p>
   </div>
   <div class='ocr_carea' id='block_1_100' title="bbox 291 5506 1872 5588">
    <p class='ocr_par' dir='ltr' id='par_1_100' title="bbox 291 5506 1872 5588">
     <span class='ocr_line' id='line_1_100' title="bbox 291 5506 1872 5588; baseline -0.011 -9"><span class='ocrx_word' id='word_1_781' title='bbox 291 5522 455 5580; x_wconf 78' lang='grc' dir='ltr'><strong>αὐτὸν</strong></span> <span class='ocrx_word' id='word_1_782' title='bbox 485 5521 566 5573; x_wconf 87' lang='grc' dir='ltr'><strong>δεῖ</strong></span> <span class='ocrx_word' id='word_1_783' title='bbox 587 5515 1024 5588; x_wconf 82' lang='grc' dir='ltr'><strong>προαιρούμενον</strong></span> <span class='ocrx_word' id='word_1_784' title='bbox 1046 5511 1141 5564; x_wconf 82' lang='grc' dir='ltr'><strong>καὶ</strong></span> <span class='ocrx_word' id='word_1_785' title='bbox 1184 5510 1321 5581; x_wconf 83' lang='grc' dir='ltr'><strong>μηδέ</strong></span> <span class='ocrx_word' id='word_1_786' title='bbox 1361 5508 1575 5561; x_wconf 84' lang='grc' dir='ltr'><strong>οίκοθεν</strong></span> <span class='ocrx_word' id='word_1_787' title='bbox 1602 5506 1872 5577; x_wconf 83' lang='grc' dir='ltr'><strong>ἀμελοῦν-</strong></span> 
     </span>
    </p>
   </div>
   <div class='ocr_carea' id='block_1_101' title="bbox 291 5598 1874 5685">
    <p class='ocr_par' dir='ltr' id='par_1_101' title="bbox 291 5598 1874 5685">
     <span class='ocr_line' id='line_1_101' title="bbox 291 5598 1874 5685; baseline -0.013 -15"><span class='ocrx_word' id='word_1_788' title='bbox 291 5633 382 5681; x_wconf 85' lang='grc' dir='ltr'><strong>τα,</strong></span> <span class='ocrx_word' id='word_1_789' title='bbox 416 5613 513 5685; x_wconf 75' lang='grc' dir='ltr'><strong>οὐχ</strong></span> <span class='ocrx_word' id='word_1_790' title='bbox 539 5608 651 5664; x_wconf 79' lang='grc' dir='ltr'><strong>οἷόν</strong></span> <span class='ocrx_word' id='word_1_791' title='bbox 702 5624 761 5661; x_wconf 87' lang='grc' dir='ltr'><strong>τε</strong></span> <span class='ocrx_word' id='word_1_792' title='bbox 790 5608 845 5661; x_wconf 85' lang='grc' dir='ltr'><strong>δέ</strong></span> <span class='ocrx_word' id='word_1_793' title='bbox 900 5603 1186 5674; x_wconf 83' lang='grc' dir='ltr'><strong>ἐφικέσθαι</strong></span> <span class='ocrx_word' id='word_1_794' title='bbox 1221 5605 1316 5657; x_wconf 76' lang='grc' dir='ltr'><strong>καὶ</strong></span> <span class='ocrx_word' id='word_1_795' title='bbox 1364 5601 1650 5672; x_wconf 75' lang='grc' dir='ltr'><strong>ὁρισθῆναι</strong></span> <span class='ocrx_word' id='word_1_796' title='bbox 1694 5598 1874 5663; x_wconf 87' lang='grc' dir='ltr'><strong>καλῶς</strong></span> 
     </span>
    </p>
   </div>
   <div class='ocr_carea' id='block_1_102' title="bbox 293 5693 1875 5780">
    <p class='ocr_par' dir='ltr' id='par_1_102' title="bbox 293 5693 1875 5780">
     <span class='ocr_line' id='line_1_102' title="bbox 293 5693 1875 5780; baseline -0.013 -18"><span class='ocrx_word' id='word_1_797' title='bbox 293 5708 431 5780; x_wconf 74' lang='grc' dir='ltr'><strong>πρὸς</strong></span> <span class='ocrx_word' id='word_1_798' title='bbox 472 5705 605 5759; x_wconf 76' lang='grc' dir='ltr'><strong>αὐτὸ</strong></span> <span class='ocrx_word' id='word_1_799' title='bbox 651 5702 728 5774; x_wconf 80' lang='grc' dir='ltr'><strong>μὴ</strong></span> <span class='ocrx_word' id='word_1_800' title='bbox 775 5701 897 5763; x_wconf 87' lang='grc' dir='ltr'><strong>ταῖς</strong></span> <span class='ocrx_word' id='word_1_801' title='bbox 936 5700 1005 5751; x_wconf 64' lang='grc' dir='ltr'><strong>ἑκ</strong></span> <span class='ocrx_word' id='word_1_802' title='bbox 1028 5694 1166 5749; x_wconf 84' lang='grc' dir='ltr'><strong>Θεοῦ</strong></span> <span class='ocrx_word' id='word_1_803' title='bbox 1218 5693 1631 5765; x_wconf 86' lang='grc' dir='ltr'><strong>χορηγούμενον</strong></span> <span class='ocrx_word' id='word_1_804' title='bbox 1680 5708 1875 5761; x_wconf 84' lang='grc' dir='ltr'><strong>συνερ-</strong></span> 
     </span>
    </p>
   </div>
   <div class='ocr_carea' id='block_1_103' title="bbox 291 5784 1873 5867">
    <p class='ocr_par' dir='ltr' id='par_1_103' title="bbox 291 5784 1873 5867">
     <span class='ocr_line' id='line_1_103' title="bbox 291 5784 1873 5867; baseline -0.011 -13"><span class='ocrx_word' id='word_1_805' title='bbox 291 5801 494 5867; x_wconf 79' lang='grc' dir='ltr'><strong>γείαις,</strong></span> <span class='ocrx_word' id='word_1_806' title='bbox 521 5798 649 5866; x_wconf 65' lang='grc' dir='ltr'><strong>περὶ</strong></span> <span class='ocrx_word' id='word_1_807' title='bbox 683 5789 757 5847; x_wconf 85' lang='grc' dir='ltr'><strong>ῶν</strong></span> <span class='ocrx_word' id='word_1_808' title='bbox 788 5788 1305 5862; x_wconf 75' lang='grc' dir='ltr'><strong>ἐπεξειργασμένως</strong></span> <span class='ocrx_word' id='word_1_809' title='bbox 1356 5790 1414 5840; x_wconf 93' lang='grc' dir='ltr'><strong>ἐν</strong></span> <span class='ocrx_word' id='word_1_810' title='bbox 1439 5788 1551 5849; x_wconf 88' lang='grc' dir='ltr'><strong>τοῖς</strong></span> <span class='ocrx_word' id='word_1_811' title='bbox 1588 5784 1873 5856; x_wconf 85' lang='grc' dir='ltr'><strong>προτέροις</strong></span> 
     </span>
    </p>
   </div>
   <div class='ocr_carea' id='block_1_104' title="bbox 293 5877 1871 5959">
    <p class='ocr_par' dir='ltr' id='par_1_104' title="bbox 293 5877 1871 5959">
     <span class='ocr_line' id='line_1_104' title="bbox 293 5877 1871 5959; baseline -0.008 -14"><span class='ocrx_word' id='word_1_812' title='bbox 293 5889 693 5959; x_wconf 74' lang='grc' dir='ltr'><strong>συγγράμμασι</strong></span> <span class='ocrx_word' id='word_1_813' title='bbox 715 5883 1048 5957; x_wconf 74' lang='grc' dir='ltr'><strong>διειλόμεθα,</strong></span> <span class='ocrx_word' id='word_1_814' title='bbox 1081 5884 1174 5939; x_wconf 89' lang='grc' dir='ltr'><strong>νῦν</strong></span> <span class='ocrx_word' id='word_1_815' title='bbox 1200 5881 1255 5938; x_wconf 75' lang='grc' dir='ltr'><strong>δὲ</strong></span> <span class='ocrx_word' id='word_1_816' title='bbox 1285 5882 1445 5955; x_wconf 82' lang='grc' dir='ltr'><strong>μόνον</strong></span> <span class='ocrx_word' id='word_1_817' title='bbox 1476 5877 1871 5952; x_wconf 81' lang='grc' dir='ltr'><strong>ἁπτόμεθα.Ἦ</strong></span> 
     </span>
    </p>
   </div>
   <div class='ocr_carea' id='block_1_105' title="bbox 1979 4673 3578 4746">
    <p class='ocr_par' dir='ltr' id='par_1_105' title="bbox 1979 4673 3578 4746">
     <span class='ocr_line' id='line_1_105' title="bbox 1979 4673 3578 4746; baseline -0.003 -18"><span class='ocrx_word' id='word_1_818' title='bbox 1979 4674 2361 4746; x_wconf 76' lang='grc' dir='ltr'><strong>προορισμόςο</strong></span> <span class='ocrx_word' id='word_1_819' title='bbox 2414 4674 2531 4746; x_wconf 80' lang='grc' dir='ltr'><strong>εχει</strong></span> <span class='ocrx_word' id='word_1_820' title='bbox 2583 4676 2694 4744; x_wconf 76' lang='grc' dir='ltr'><strong>γὰρ</strong></span> <span class='ocrx_word' id='word_1_821' title='bbox 2744 4675 2945 4728; x_wconf 85' lang='grc' dir='ltr'><strong>ἑαυτοῦ</strong></span> <span class='ocrx_word' id='word_1_822' title='bbox 2994 4673 3425 4745; x_wconf 55' lang='grc' dir='ltr'><strong>προηγουμένην</strong></span> <span class='ocrx_word' id='word_1_823' title='bbox 3476 4673 3578 4740; x_wconf 81' lang='grc' dir='ltr'><strong>τὴν</strong></span> 
     </span>
    </p>
   </div>
   <div class='ocr_carea' id='block_1_106' title="bbox 1978 4760 3579 4840">
    <p class='ocr_par' dir='ltr' id='par_1_106' title="bbox 1978 4760 3579 4840">
     <span class='ocr_line' id='line_1_106' title="bbox 1978 4760 3579 4840; baseline -0.003 -21"><span class='ocrx_word' id='word_1_824' title='bbox 1978 4769 2316 4839; x_wconf 86' lang='grc' dir='ltr'><strong>πρόγνωσιν,</strong></span> <span class='ocrx_word' id='word_1_825' title='bbox 2357 4762 2425 4840; x_wconf 80' lang='grc' dir='ltr'><strong>ἧς</strong></span> <span class='ocrx_word' id='word_1_826' title='bbox 2464 4760 2594 4821; x_wconf 86' lang='grc' dir='ltr'><strong>ἀνευ</strong></span> <span class='ocrx_word' id='word_1_827' title='bbox 2628 4767 2728 4821; x_wconf 80' lang='grc' dir='ltr'><strong>οὐκ</strong></span> <span class='ocrx_word' id='word_1_828' title='bbox 2755 4766 2821 4821; x_wconf 84' lang='grc' dir='ltr'><strong>ἀν</strong></span> <span class='ocrx_word' id='word_1_829' title='bbox 2863 4769 2891 4819; x_wconf 93' lang='grc' dir='ltr'><strong>ὁ</strong></span> <span class='ocrx_word' id='word_1_830' title='bbox 2925 4766 3261 4835; x_wconf 70' lang='grc' dir='ltr'><strong>προορισμὸς</strong></span> <span class='ocrx_word' id='word_1_831' title='bbox 3292 4764 3401 4835; x_wconf 82' lang='grc' dir='ltr'><strong>είη,</strong></span> <span class='ocrx_word' id='word_1_832' title='bbox 3436 4761 3579 4817; x_wconf 71' lang='grc' dir='ltr'><strong>Ἀλλ’</strong></span> 
     </span>
    </p>
   </div>
   <div class='ocr_carea' id='block_1_107' title="bbox 1978 4856 3582 4930">
    <p class='ocr_par' dir='ltr' id='par_1_107' title="bbox 1978 4856 3582 4930">
     <span class='ocr_line' id='line_1_107' title="bbox 1978 4856 3582 4930; baseline -0.002 -17"><span class='ocrx_word' id='word_1_833' title='bbox 1978 4859 2089 4914; x_wconf 72' lang='grc' dir='ltr'><strong>οὔδ’</strong></span> <span class='ocrx_word' id='word_1_834' title='bbox 2123 4861 2161 4930; x_wconf 84' lang='grc' dir='ltr'><strong>ὴ</strong></span> <span class='ocrx_word' id='word_1_835' title='bbox 2216 4860 2525 4930; x_wconf 89' lang='grc' dir='ltr'><strong>πρόγνωσις</strong></span> <span class='ocrx_word' id='word_1_836' title='bbox 2594 4860 2984 4929; x_wconf 84' lang='grc' dir='ltr'><strong>προηγουμένη</strong></span> <span class='ocrx_word' id='word_1_837' title='bbox 3041 4859 3192 4911; x_wconf 81' lang='grc' dir='ltr'><strong>ἐστὶν</strong></span> <span class='ocrx_word' id='word_1_838' title='bbox 3239 4860 3428 4920; x_wconf 79' lang='grc' dir='ltr'><strong>αἰτία,</strong></span> <span class='ocrx_word' id='word_1_839' title='bbox 3459 4856 3582 4911; x_wconf 77' lang='grc' dir='ltr'><strong>ἀλλ’</strong></span> 
     </span>
    </p>
   </div>
   <div class='ocr_carea' id='block_1_108' title="bbox 1980 4950 3580 5023">
    <p class='ocr_par' dir='ltr' id='par_1_108' title="bbox 1980 4950 3580 5023">
     <span class='ocr_line' id='line_1_108' title="bbox 1980 4950 3580 5023; baseline -0.003 -16"><span class='ocrx_word' id='word_1_840' title='bbox 1980 4951 2212 5023; x_wconf 84' lang='grc' dir='ltr'><strong>ἐπείπερ</strong></span> <span class='ocrx_word' id='word_1_841' title='bbox 2248 4950 2449 5021; x_wconf 75' lang='grc' dir='ltr'><strong>ἔμελλε-</strong></span> <span class='ocrx_word' id='word_1_842' title='bbox 2474 4952 2596 5003; x_wconf 83' lang='grc' dir='ltr'><strong>κατ⁹</strong></span> <span class='ocrx_word' id='word_1_843' title='bbox 2659 4952 2797 5014; x_wconf 90' lang='grc' dir='ltr'><strong>ἰδίας</strong></span> <span class='ocrx_word' id='word_1_844' title='bbox 2830 4950 3086 5020; x_wconf 78' lang='grc' dir='ltr'><strong>ἀφορμὰς</strong></span> <span class='ocrx_word' id='word_1_845' title='bbox 3114 4950 3223 5004; x_wconf 86' lang='grc' dir='ltr'><strong>τῶν</strong></span> <span class='ocrx_word' id='word_1_846' title='bbox 3276 4950 3580 5021; x_wconf 70' lang='grc' dir='ltr'><strong>αἱρησομέ-</strong></span> 
     </span>
    </p>
   </div>
   <div class='ocr_carea' id='block_1_109' title="bbox 1980 5040 3579 5112">
    <p class='ocr_par' dir='ltr' id='par_1_109' title="bbox 1980 5040 3579 5112">
     <span class='ocr_line' id='line_1_109' title="bbox 1980 5040 3579 5112; baseline -0.002 -16"><span class='ocrx_word' id='word_1_847' title='bbox 1980 5040 2086 5097; x_wconf 84' lang='grc' dir='ltr'><strong>νων</strong></span> <span class='ocrx_word' id='word_1_848' title='bbox 2121 5045 2179 5096; x_wconf 75' lang='grc' dir='ltr'><strong>τδ</strong></span> <span class='ocrx_word' id='word_1_849' title='bbox 2221 5044 2430 5110; x_wconf 79' lang='grc' dir='ltr'><strong>ἀγαθὸν</strong></span> <span class='ocrx_word' id='word_1_850' title='bbox 2487 5042 2807 5112; x_wconf 71' lang='grc' dir='ltr'><strong>συμῆαίνειν</strong></span> <span class='ocrx_word' id='word_1_851' title='bbox 2853 5042 3039 5107; x_wconf 77' lang='grc' dir='ltr'><strong>αὐτοῖς</strong></span> <span class='ocrx_word' id='word_1_852' title='bbox 3095 5043 3190 5096; x_wconf 71' lang='grc' dir='ltr'><strong>καὶ</strong></span> <span class='ocrx_word' id='word_1_853' title='bbox 3225 5043 3285 5095; x_wconf 81' lang='grc' dir='ltr'><strong>τὸ</strong></span> <span class='ocrx_word' id='word_1_854' title='bbox 3313 5041 3579 5101; x_wconf 79' lang='grc' dir='ltr'><strong>τοιούτοις</strong></span> 
     </span>
    </p>
   </div>
   <div class='ocr_carea' id='block_1_110' title="bbox 1982 5131 3578 5205">
    <p class='ocr_par' dir='ltr' id='par_1_110' title="bbox 1982 5131 3578 5205">
     <span class='ocr_line' id='line_1_110' title="bbox 1982 5131 3578 5205; baseline 0.001 -17"><span class='ocrx_word' id='word_1_855' title='bbox 1982 5131 2136 5189; x_wconf 78' lang='grc' dir='ltr'><strong>οὖσιν</strong></span> <span class='ocrx_word' id='word_1_856' title='bbox 2165 5135 2568 5187; x_wconf 76' lang='grc' dir='ltr'><strong>ἐπακολουθοῦν</strong></span> <span class='ocrx_word' id='word_1_857' title='bbox 2598 5135 2754 5198; x_wconf 82' lang='grc' dir='ltr'><strong>τέλος</strong></span> <span class='ocrx_word' id='word_1_858' title='bbox 2783 5149 2799 5165; x_wconf 70' lang='grc'><strong>⁸</strong></span> <span class='ocrx_word' id='word_1_859' title='bbox 2831 5134 2918 5188; x_wconf 78' lang='grc' dir='ltr'><strong>διὰ</strong></span> <span class='ocrx_word' id='word_1_860' title='bbox 2953 5136 3115 5189; x_wconf 79' lang='grc' dir='ltr'><strong>τοῦτο</strong></span> <span class='ocrx_word' id='word_1_861' title='bbox 3141 5135 3397 5205; x_wconf 83' lang='grc' dir='ltr'><strong>προέγνω</strong></span> <span class='ocrx_word' id='word_1_862' title='bbox 3426 5137 3454 5189; x_wconf 91' lang='grc' dir='ltr'><strong>ὁ</strong></span> <span class='ocrx_word' id='word_1_863' title='bbox 3497 5138 3578 5189; x_wconf 65' lang='grc' dir='ltr'><strong>εἰς</strong></span> 
     </span>
    </p>
   </div>
   <div class='ocr_carea' id='block_1_111' title="bbox 1982 5223 3579 5294">
    <p class='ocr_par' dir='ltr' id='par_1_111' title="bbox 1982 5223 3579 5294">
     <span class='ocr_line' id='line_1_111' title="bbox 1982 5223 3579 5294; baseline -0.003 -14"><span class='ocrx_word' id='word_1_864' title='bbox 1982 5226 2087 5289; x_wconf 84' lang='grc' dir='ltr'><strong>δὼς</strong></span> <span class='ocrx_word' id='word_1_865' title='bbox 2118 5224 2185 5278; x_wconf 73' lang='grc' dir='ltr'><strong>τᾶι</strong></span> <span class='ocrx_word' id='word_1_866' title='bbox 2229 5225 2407 5279; x_wconf 67' lang='grc' dir='ltr'><strong>πάντα</strong></span> <span class='ocrx_word' id='word_1_867' title='bbox 2454 5223 2564 5291; x_wconf 68' lang='grc' dir='ltr'><strong>πρὸ</strong></span> <span class='ocrx_word' id='word_1_868' title='bbox 2595 5224 2866 5292; x_wconf 80' lang='grc' dir='ltr'><strong>γενέσεως</strong></span> <span class='ocrx_word' id='word_1_869' title='bbox 2923 5223 3127 5291; x_wconf 77' lang='grc' dir='ltr'><strong>αὐτῶν,</strong></span> <span class='ocrx_word' id='word_1_870' title='bbox 3170 5226 3268 5278; x_wconf 77' lang='grc' dir='ltr'><strong>καὶ</strong></span> <span class='ocrx_word' id='word_1_871' title='bbox 3296 5238 3579 5294; x_wconf 86' lang='grc' dir='ltr'><strong>προεγνω-</strong></span> 
     </span>
    </p>
   </div>
   <div class='ocr_carea' id='block_1_112' title="bbox 1984 5315 3579 5389">
    <p class='ocr_par' dir='ltr' id='par_1_112' title="bbox 1984 5315 3579 5389">
     <span class='ocr_line' id='line_1_112' title="bbox 1984 5315 3579 5389; baseline -0.002 -19"><span class='ocrx_word' id='word_1_872' title='bbox 1984 5318 2202 5389; x_wconf 83' lang='grc' dir='ltr'><strong>σμένοις</strong></span> <span class='ocrx_word' id='word_1_873' title='bbox 2260 5317 2343 5371; x_wconf 83' lang='grc' dir='ltr'><strong>ὄτι</strong></span> <span class='ocrx_word' id='word_1_874' title='bbox 2392 5315 2627 5370; x_wconf 88' lang='grc' dir='ltr'><strong>τοιοῦτοι</strong></span> <span class='ocrx_word' id='word_1_875' title='bbox 2679 5316 2740 5369; x_wconf 80' lang='grc' dir='ltr'><strong>τὸ</strong></span> <span class='ocrx_word' id='word_1_876' title='bbox 2797 5317 2892 5385; x_wconf 77' lang='grc' dir='ltr'><strong>ἀφ’</strong></span> <span class='ocrx_word' id='word_1_877' title='bbox 2944 5316 3160 5370; x_wconf 90' lang='grc' dir='ltr'><strong>ἑαυτῶν</strong></span> <span class='ocrx_word' id='word_1_878' title='bbox 3211 5316 3449 5383; x_wconf 68' lang='grc' dir='ltr'><strong>ἔσονται,</strong></span> <span class='ocrx_word' id='word_1_879' title='bbox 3483 5316 3579 5371; x_wconf 69' lang='grc' dir='ltr'><strong>καὶ</strong></span> 
     </span>
    </p>
   </div>
   <div class='ocr_carea' id='block_1_113' title="bbox 1982 5408 3577 5483">
    <p class='ocr_par' dir='ltr' id='par_1_113' title="bbox 1982 5408 3577 5483">
     <span class='ocr_line' id='line_1_113' title="bbox 1982 5408 3577 5483; baseline -0.001 -20"><span class='ocrx_word' id='word_1_880' title='bbox 1982 5410 2175 5466; x_wconf 70' lang='grc' dir='ltr'><strong>ἑαυτὸν</strong></span> <span class='ocrx_word' id='word_1_881' title='bbox 2208 5410 2617 5481; x_wconf 73' lang='grc' dir='ltr'><strong>συνεργήσοντα</strong></span> <span class='ocrx_word' id='word_1_882' title='bbox 2647 5411 2896 5483; x_wconf 64' lang='grc' dir='ltr'><strong>προῄδει,</strong></span> <span class='ocrx_word' id='word_1_883' title='bbox 2925 5412 3019 5463; x_wconf 79' lang='grc' dir='ltr'><strong>καὶ</strong></span> <span class='ocrx_word' id='word_1_884' title='bbox 3051 5408 3307 5482; x_wconf 90' lang='grc' dir='ltr'><strong>ὁριοῦντα</strong></span> <span class='ocrx_word' id='word_1_885' title='bbox 3329 5412 3456 5473; x_wconf 75' lang='grc' dir='ltr'><strong>τοὺς</strong></span> <span class='ocrx_word' id='word_1_886' title='bbox 3479 5410 3577 5479; x_wconf 75' lang='grc' dir='ltr'><strong>ἀφ’</strong></span> 
     </span>
    </p>
   </div>
   <div class='ocr_carea' id='block_1_114' title="bbox 1982 5500 3578 5574">
    <p class='ocr_par' dir='ltr' id='par_1_114' title="bbox 1982 5500 3578 5574">
     <span class='ocr_line' id='line_1_114' title="bbox 1982 5500 3578 5574; baseline -0.003 -16"><span class='ocrx_word' id='word_1_887' title='bbox 1982 5504 2195 5558; x_wconf 78' lang='grc' dir='ltr'><strong>ἑαυτῶν</strong></span> <span class='ocrx_word' id='word_1_888' title='bbox 2227 5505 2325 5574; x_wconf 79' lang='grc' dir='ltr'><strong>μὲν</strong></span> <span class='ocrx_word' id='word_1_889' title='bbox 2356 5503 2641 5574; x_wconf 78' lang='grc' dir='ltr'><strong>ὁρίζεσθαι</strong></span> <span class='ocrx_word' id='word_1_890' title='bbox 2668 5504 2999 5573; x_wconf 80' lang='grc' dir='ltr'><strong>θελήσαντας</strong></span> <span class='ocrx_word' id='word_1_891' title='bbox 3017 5503 3154 5572; x_wconf 81' lang='grc' dir='ltr'><strong>πρὸς</strong></span> <span class='ocrx_word' id='word_1_892' title='bbox 3186 5502 3249 5555; x_wconf 80' lang='grc' dir='ltr'><strong>τὸ</strong></span> <span class='ocrx_word' id='word_1_893' title='bbox 3278 5500 3452 5565; x_wconf 80' lang='grc' dir='ltr'><strong>τέλος,</strong></span> <span class='ocrx_word' id='word_1_894' title='bbox 3480 5503 3578 5555; x_wconf 76' lang='grc' dir='ltr'><strong>τοῦ</strong></span> 
     </span>
    </p>
   </div>
   <div class='ocr_carea' id='block_1_115' title="bbox 1980 5590 3580 5669">
    <p class='ocr_par' dir='ltr' id='par_1_115' title="bbox 1980 5590 3580 5669">
     <span class='ocr_line' id='line_1_115' title="bbox 1980 5590 3580 5669; baseline -0.001 -19"><span class='ocrx_word' id='word_1_895' title='bbox 1980 5598 2037 5651; x_wconf 77' lang='grc' dir='ltr'><strong>δὲ</strong></span> <span class='ocrx_word' id='word_1_896' title='bbox 2075 5595 2211 5651; x_wconf 86' lang='grc' dir='ltr'><strong>Θεοῦ</strong></span> <span class='ocrx_word' id='word_1_897' title='bbox 2262 5597 2330 5651; x_wconf 89' lang='grc' dir='ltr'><strong>τά</strong></span> <span class='ocrx_word' id='word_1_898' title='bbox 2380 5597 2611 5652; x_wconf 84' lang='grc' dir='ltr'><strong>πλεῖστα</strong></span> <span class='ocrx_word' id='word_1_899' title='bbox 2652 5597 3037 5669; x_wconf 81' lang='grc' dir='ltr'><strong>δεησομένους,</strong></span> <span class='ocrx_word' id='word_1_900' title='bbox 3096 5595 3287 5667; x_wconf 89' lang='grc' dir='ltr'><strong>ῶσπερ</strong></span> <span class='ocrx_word' id='word_1_901' title='bbox 3347 5590 3416 5650; x_wconf 77' lang='grc' dir='ltr'><strong>αὖ</strong></span> <span class='ocrx_word' id='word_1_902' title='bbox 3484 5593 3580 5658; x_wconf 78' lang='grc' dir='ltr'><strong>οὓς</strong></span> 
     </span>
    </p>
   </div>
   <div class='ocr_carea' id='block_1_116' title="bbox 1981 5687 3578 5763">
    <p class='ocr_par' dir='ltr' id='par_1_116' title="bbox 1981 5687 3578 5763">
     <span class='ocr_line' id='line_1_116' title="bbox 1981 5687 3578 5763; baseline -0.003 -19"><span class='ocrx_word' id='word_1_903' title='bbox 1981 5690 2332 5763; x_wconf 81' lang='grc' dir='ltr'><strong>προέγνωκεν</strong></span> <span class='ocrx_word' id='word_1_904' title='bbox 2382 5689 2595 5743; x_wconf 76' lang='grc' dir='ltr'><strong>οἴκοθεν</strong></span> <span class='ocrx_word' id='word_1_905' title='bbox 2654 5688 3341 5759; x_wconf 72' lang='grc' dir='ltr'><strong>ἀπαλλοτριωθησομένους</strong></span> <span class='ocrx_word' id='word_1_906' title='bbox 3369 5687 3462 5741; x_wconf 92' lang='grc' dir='ltr'><strong>τοῦ</strong></span> <span class='ocrx_word' id='word_1_907' title='bbox 3493 5692 3578 5741; x_wconf 77' lang='lat'><strong>:5-</strong></span> 
     </span>
    </p>
   </div>
   <div class='ocr_carea' id='block_1_117' title="bbox 1980 5774 3576 5853">
    <p class='ocr_par' dir='ltr' id='par_1_117' title="bbox 1980 5774 3576 5853">
     <span class='ocr_line' id='line_1_117' title="bbox 1980 5774 3576 5853; baseline -0.006 -15"><span class='ocrx_word' id='word_1_908' title='bbox 1980 5786 2129 5848; x_wconf 89' lang='grc' dir='ltr'><strong>λους,</strong></span> <span class='ocrx_word' id='word_1_909' title='bbox 2160 5784 2251 5837; x_wconf 76' lang='grc' dir='ltr'><strong>καὶ</strong></span> <span class='ocrx_word' id='word_1_910' title='bbox 2282 5783 2371 5837; x_wconf 73' lang='grc' dir='ltr'><strong>δια</strong></span> <span class='ocrx_word' id='word_1_911' title='bbox 2417 5782 2573 5837; x_wconf 89' lang='grc' dir='ltr'><strong>τοῦτο</strong></span> <span class='ocrx_word' id='word_1_912' title='bbox 2623 5782 2747 5853; x_wconf 73' lang='grc' dir='ltr'><strong>μηδ’</strong></span> <span class='ocrx_word' id='word_1_913' title='bbox 2783 5774 2953 5835; x_wconf 80' lang='grc' dir='ltr'><strong>αὑτοῦ</strong></span> <span class='ocrx_word' id='word_1_914' title='bbox 2996 5780 3427 5850; x_wconf 80' lang='grc' dir='ltr'><strong>συνεργήσοντος</strong></span> <span class='ocrx_word' id='word_1_915' title='bbox 3455 5793 3576 5832; x_wconf 79' lang='grc' dir='ltr'><strong>τευο</strong></span> 
     </span>
    </p>
   </div>
   <div class='ocr_carea' id='block_1_118' title="bbox 1985 5871 3578 5950">
    <p class='ocr_par' dir='ltr' id='par_1_118' title="bbox 1985 5871 3578 5950">
     <span class='ocr_line' id='line_1_118' title="bbox 1985 5871 3578 5950; baseline -0.004 -20"><span class='ocrx_word' id='word_1_916' title='bbox 1985 5877 2270 5950; x_wconf 77' lang='grc' dir='ltr'><strong>ξομένονς,</strong></span> <span class='ocrx_word' id='word_1_917' title='bbox 2309 5876 2428 5941; x_wconf 89' lang='grc' dir='ltr'><strong>πῶς</strong></span> <span class='ocrx_word' id='word_1_918' title='bbox 2485 5875 2593 5947; x_wconf 85' lang='grc' dir='ltr'><strong>γάρ</strong></span> <span class='ocrx_word' id='word_1_919' title='bbox 2643 5875 2711 5932; x_wconf 77' lang='grc' dir='ltr'><strong>ἂν</strong></span> <span class='ocrx_word' id='word_1_920' title='bbox 2757 5874 3047 5946; x_wconf 86' lang='grc' dir='ltr'><strong>συνεργοίη</strong></span> <span class='ocrx_word' id='word_1_921' title='bbox 3108 5874 3218 5929; x_wconf 78' lang='grc' dir='ltr'><strong>τοῖς</strong></span> <span class='ocrx_word' id='word_1_922' title='bbox 3257 5873 3318 5926; x_wconf 84' lang='grc' dir='ltr'><strong>οὐ</strong></span> <span class='ocrx_word' id='word_1_923' title='bbox 3371 5871 3578 5928; x_wconf 81' lang='grc' dir='ltr'><strong>θέλουσι</strong></span> 
     </span>
    </p>
   </div>
  </div>
