3970 6460
286 387 418 451 1ἰ33

1274 396 1371 456 DE
1405 334 2157 457 i’Rﬁ-DESTIN'ATIONE
2191 393 2424 455 LIBER
2463 394 2582 457 IlI.

3420 384 3556 453 1134

274 513 560 583 δυνάμενοι
599 513 668 568 τά
705 512 813 568 τῶν
851 512 1185 568 διδασκάλων
1207 552 1223 578 ,
1267 515 1415 584 φημὶ
1459 514 1515 568 δὲ
1555 514 1666 567 τῶν
1707 513 1857 566 πλεί-
1886 519 1933 577 Α
1959 513 2164 583 γνῶσις
2183 513 2365 568 τοίνυν
2394 513 2502 567 τῶν
2529 512 2890 583 ἀνθρωπίνων
2920 511 3265 583 πραγμάτιον
3286 502 3387 565 καὶ
3419 508 3557 580 πρδς

275 625 419 662 στων
449 608 545 660 καὶ
580 606 912 676 ἀξιωτέρων,
948 607 1223 677 εὐσχόλως
1255 606 1460 671 ζητεῖν.
1492 605 1526 678 ἢ
1561 603 1852 676 ζητοῦντες

274 702 377 773 μέν
408 700 526 755 ἀλλ’
550 702 650 755 οὐκ
679 701 895 770 ἔχοντες
927 701 1161 771 συνορᾷν
1188 702 1265 764 ώς
1294 698 1664 769 ἀπλούστεροι
1695 698 1726 768 ἢ
1759 697 1853 749 καὶ

287 794 351 862 τῷ
379 795 522 863 πέρα
547 793 645 862 τῆς
675 795 884 855 οἰκείας
915 793 1083 859 ἕξεως
1113 793 1519 864 φιλοτιμεῖσθαι
1546 789 1852 863 διαμαρτά-

282 903 457 948 νοντες
487 885 581 940 τοῦ
613 885 867 956 ἀληθοῦς,
905 887 979 949 ὼς
1012 886 1161 951 είκδς
1186 927 1201 949 ,
1230 885 1400 939 ταυτδ
1432 884 1620 955 σχεδὸν
1652 883 1853 938 ἔπαθον

276 981 383 1041 τοῖς
408 981 475 1050 τῇ
502 978 681 1032 πίστει
710 981 1014 1048 ἀντιλέγειν
1042 978 1174 1033 ποτὲ
1198 978 1490 1048 οἰομένοις,
1514 976 1581 1031 δι’
1604 970 1679 1031 ὧν
1706 978 1857 1031 ἐπει-

276 1071 448 1124 οῶντο
488 1070 556 1123 τὰ
595 1071 694 1141 τῆς
741 1073 893 1142 ίερᾶς
938 1072 1160 1141 Γραφῆς
1206 1071 1286 1135 εἰς
1329 1069 1624 1138 ἀντίφασιν
1661 1068 1856 1140 περιά-

280 1180 427 1231 γειν·
480 1164 551 1217 τά
596 1166 706 1234 γὰρ
750 1164 840 1218 τὸν
886 1164 1033 1218 θεῖον
1081 1162 1417 1235 προορισμὺν
1462 1160 1855 1217 ἐκδιδάσκοντα

272 1256 367 1308 καὶ
399 1253 719 1324 βεϐαιοῦντα
753 1257 914 1326 ρητά,
946 1248 1019 1309 ὧν
1053 1257 1087 1327 ἡ
1118 1256 1238 1309 θεία
1269 1255 1434 1325 γέμει
1464 1252 1660 1325 Γραφὴ
1689 1268 1857 1322 σαφεα

271 1346 486 1401 στάτων
533 1347 614 1411 είς
656 1347 940 1418 ἀναίρεσιν
988 1348 1099 1402 τῶν
1149 1349 1215 1418 τῇ
1267 1346 1713 1417 αὐτεξουσιότητι
1759 1344 1854 1399 τοῦ

271 1439 562 1512 ἀνθρώπου
597 1440 1009 1511 συνεργούντων
1038 1441 1222 1513 ῥητῶν
1252 1440 1347 1494 καὶ
1373 1442 1494 1505 ταῖς
1521 1432 1697 1511 ταύτῇ
1728 1439 1857 1493 ἀκοο

271 1534 594 1598 λουθούσαις
619 1535 879 1605 ἀμοιϐαῖς
904 1535 936 1605 ἢ
969 1537 1182 1598 ποιναῖς
1208 1534 1492 1588 συνέλκειν
1512 1577 1526 1601 ,
1556 1532 1858 1603 ἐπειρῶντο

272 1627 485 1697 βιαίως.
527 1628 621 1681 καὶ
663 1627 805 1682 οῦτω
847 1628 946 1698 τῆς
990 1627 1214 1699 Γραφῆς
1260 1627 1647 1698 ἀκυρουμένης
1686 1625 1858 1696 ᾡοντο

269 1720 351 1789 τῷ
385 1719 560 1773 δοκεῖν
593 1720 952 1785 ἀντιφάσκειν
985 1718 1083 1771 καὶ
1110 1718 1212 1790 τὴν
1244 1718 1431 1771 πίστιν
1463 1716 1581 1788 ἅμα
1616 1733 1860 1771 συνακυ-

275 1812 423 1884 ροῦν.
471 1814 581 1866 Καὶ
624 1812 769 1867 οῦτοι
812 1813 994 1867 τοίνυν
1036 1813 1086 1866 εί
1135 1812 1209 1882 μὴ
1258 1812 1352 1865 καὶ
1398 1810 1507 1865 ἀπὸ
1548 1810 1646 1879 τῆς
1687 1808 1860 1878 αὐτῆς

1959 605 2023 658 τὸ
2051 604 2206 666 τέλος
2243 605 2424 659 αὐτῶν
2482 605 2543 657 τὸ
2592 607 2792 659 οἰκεῖον
2841 605 3153 676 ὁρισμὸς,ἠ
3203 602 3303 673 μιν
3329 602 3449 658 ἐστι
3477 600 3558 671 τῷ

1961 699 2291 767 γινώσκοντι
2315 701 2413 754 καὶ
2432 699 2675 770 ὁρίζοντι
2698 700 2815 769 Θεῷ
2848 700 3052 769 γνῶσις
3079 700 3173 751 καὶ
3196 698 3449 767 ὁρισμδς,
3479 693 3556 757 ὡς

1959 792 2025 863 δὴ
2058 794 2340 863 παρόντων
2361 792 2451 845 καί
2482 793 2589 845 είσι
2620 790 2888 846 καλοῦντα
2921 793 3112 861 χωρὶς,
3144 792 3211 859 τῇ
3240 790 3298 843 δέ
3326 788 3464 860 πρὸς
3488 791 3560 841 τά

1963 886 2229 956 γινόμενα
2288 886 2385 939 καὶ
2441 884 2736 955 όριζόμενα
2786 884 3089 954 ἀποδλέψει
3138 881 3454 953 πρόγνωσις
3495 898 3556 933 τε

1961 981 2056 1034 καὶ
2093 978 2431 1049 προορισμός
2465 977 2755 1045 λέγονται·
2788 979 2817 1031 6
2854 978 2912 1031 δὲ
2943 976 3286 1048 προορισμός
3320 975 3557 1043 γενικῶς

1960 1070 2367 1143 λαμϐανόμενος
2387 1069 2581 1135 οὓτως.
2610 1070 2689 1134 είς
2704 1070 2796 1124 τδν
2814 1070 3019 1141 κυρίως
3051 1068 3392 1139 προορισμδν
3421 1066 3562 1119 διαι-

1966 1167 2164 1237 ρεῖται,
2197 1166 2293 1218 καὶ
2347 1163 2448 1236 τὴν
2499 1164 2976 1233 ἀποδοκιμασίαν·
3032 1163 3127 1217 καὶ
3176 1162 3329 1215 ἐστιν
3362 1161 3392 1213 6
3456 1158 3556 1227 μέν

1962 1256 2302 1328 προορισμός
2328 1255 2436 1310 τῶν
2464 1254 2871 1327 ἐφικνουμένων
2900 1254 2995 1309 τοῦ
3021 1253 3232 1319 τέλους,
3264 1255 3298 1323 ἡ
3328 1253 3384 1306 δέ
3420 1251 3558 1306 ἀπο·

1962 1349 2261 1419 δοκιμασία
2303 1347 2411 1402 τῶν
2469 1348 2969 1420 ἀποτυγχανόντων
3021 1346 3186 1401 αὐτοῦ
3213 1363 3227 1379 ο
3280 1344 3336 1398 οἵ
3361 1361 3419 1398 τε
3442 1344 3555 1413 γάρ

1963 1440 2369 1512 προωρισμένοι
2402 1442 2484 1504 είς
2514 1439 2613 1511 τὴν
2648 1440 2868 1494 αἰώνιον
2892 1440 3058 1509 ζωὴν,
3088 1439 3145 1493 οῖ
3162 1456 3223 1492 τε
3257 1436 3351 1491 ἀπ’
3385 1437 3557 1505 αὐτῆς

1964 1534 2528 1603 ἀποδεδοκιμασμένοι
2571 1532 2850 1602 διαφόρως
2879 1533 2978 1602 μέν
3012 1533 3149 1587 ἀλλά
3176 1533 3271 1587 καὶ
3296 1530 3464 1600 ἄμφω
3486 1531 3555 1599 τῇ

1963 1625 2207 1692 διατάξει
2244 1628 2347 1696 τῆς
2379 1626 2528 1689 θείας
2558 1626 2820 1698 προνοίας
2861 1623 3353 1679 ὑποπεπτώκασιν.
3394 1622 3553 1675 Ἔστι

1963 1719 2021 1773 δέ
2079 1722 2145 1790 τῇ
2200 1718 2356 1784 τάξει
2412 1718 2655 1789 προτέρα
2694 1719 2869 1790 μένή
2928 1717 3257 1788 πρόγνωσις,
3304 1714 3560 1785 δεύτερος

1964 1810 2023 1865 δὲ
2084 1812 2113 1864 6
2178 1812 2377 1875 εἰδικδς
2438 1810 2596 1876 οὗτος
2656 1813 2750 1866 καὶ
2789 1810 2992 1881 κυρίως
3022 1808 3391 1879 προορισμόςο
3464 1808 3561 1860 καὶ

269 1882 509 1968 διανοίας
543 1903 612 1958 τά
652 1904 793 1959 αὐτά
832 1904 1131 1974 πάσχουσιν
1153 1918 1166 1934 ⁶
1204 1905 1253 1957 εί
1293 1902 1402 1972 γὰρ
1444 1901 1755 1973 προώριστο
1793 1896 1860 1953 τά
1895 1882 1938 1941 Β
1973 1904 2378 1977 προῦπῦτίθησι
2424 1905 2524 1975 τὴν
2559 1904 2871 1973 πρόγνωσιν
2926 1904 2954 1956 6
2987 1904 3323 1973 προορισμός
3354 1901 3429 1961 ώς
3456 1901 3560 1971 ἀρ-

271 1997 383 2051 τῶν
428 1998 754 2067 ἀνθρώπων,
797 1999 985 2069 φησὶν,
1027 1999 1120 2051 ἐπὶ⁸
1163 1998 1255 2049 τὸν
1303 1996 1445 2049 θεῖον
1498 1991 1855 2065 προορισμδν,

270 2088 373 2140 οὐκ
412 2085 527 2140 ἐστι
567 2085 869 2152 διαπεσεῖν,
909 2088 984 2151 ὡς
1012 2086 1404 2158 ἠναγκασμένα
1429 2085 1495 2139 ἂν
1531 2085 1705 2147 οὕτως
1748 2083 1860 2153 ἐγί-

271 2197 415 2245 νετο,
459 2180 553 2233 καὶ
596 2181 629 2251 ἡ
676 2179 1001 2252 προαίρεσις
1043 2181 1144 2233 οὐκ
1188 2179 1255 2234 ἂν
1298 2175 1366 2251 ἦν
1410 2180 1465 2232 ἐν
1507 2176 1855 2248 ἀνθρώποις,

271 2276 372 2328 καὶ
409 2274 717 2337 ἀκολούθως
763 2273 874 2327 οὐδ’
909 2273 977 2328 ἂν
995 2268 1064 2344 ἦν
1097 2271 1319 2341 εὔλογον
1347 2269 1673 2341 ἀμείϐεσθαι
1705 2269 1736 2339 ἢ
1766 2285 1858 2323 κο-

270 2369 457 2433 λάζειν
491 2369 616 2430 τοὺς
648 2365 793 2421 οὐτω
822 2367 955 2437 πρὸς
1006 2367 1241 2435 τάγαθδν
1268 2366 1301 2437 ἦ
1354 2364 1665 2419 τούναντίον
1688 2363 1859 2433 ηναγ-

275 2462 621 2533 κασμένουςο
674 2461 798 2515 ἐπεὶ
855 2460 914 2514 δέ
952 2460 1123 2516 ταῦτα
1175 2458 1449 2524 ἀδύνατα,
1483 2457 1730 2511 λείπεται
1784 2455 1858 2526 μὴ

275 2554 419 2611 εἶναι
454 2556 589 2613 ὅλως
618 2556 676 2608 ἐν
706 2556 818 2620 τοῖς
852 2554 1216 2625 ἀνθρωπίνοις
1252 2552 1546 2622 πράγμασι
1578 2550 1671 2603 τὸν
1714 2549 1858 2602 θεῖον

279 2646 654 2714 προορισμὺν,
711 2645 807 2697 καλ⁴
867 2643 977 2696 τῶν
1018 2642 1321 2696 δοκούντων
1372 2638 1728 2695 ἀνθίστασθαι
1782 2636 1860 2705 τῷ

277 2735 601 2809 προορισμῷ
625 2736 821 2804 λέγων,
856 2730 1012 2799 οὗτος
1060 2734 1297 2804 μάλιστα
1332 2731 1423 2785 τοῦ
1450 2731 1677 2799 εὐλόγου
1710 2729 1859 2782 δοκεῖ

282 2830 557 2900 μετέχειν.
613 2827 819 2898 ’Δλλ’ή
865 2826 1021 2892 τάξις
1081 2826 1191 2879 τῶν
1233 2823 1605 2878 ἀποστολικῶν
1662 2821 1860 2881 αὐτοὺς

278 2926 493 2995 ἐλέγχει
544 2922 811 2993 χρησμῶν
869 2923 993 2982 τοὺς
1056 2921 1165 2974 εἴτε
1213 2919 1282 2973 δι’
1333 2916 1593 2972 ἀπιστίαν
1650 2916 1758 2969 εἴτε
1791 2914 1861 2966 δι’

276 3014 556 3085 ἀγνωσίαν
591 3012 761 3066 ταῦτα
792 3013 1123 3081 πάσχοντας,
1152 3008 1240 3062 ἴνα
1266 3006 1339 3079 μὴ
1369 3004 1538 3060 τάλλα
1572 3003 1671 3073 τῆς
1709 3002 1861 3074 ἱερᾶς

281 3108 502 3178 Γραφῆς
563 3104 800 3160 ἐνταῦθα
856 3102 1195 3173 συνείρωμεν
1239 3102 1296 3154 ἐν
1351 3100 1466 3161 τοῖς
1516 3097 1699 3158 ἀλλοις
1732 3111 1862 3163 συγ-

280 3203 575 3271 γράμμασι
608 3199 787 3261 καλῶς
811 3194 1211 3267 ἡθροισμένων.
1241 3190 1508 3245 Γινώσκει
1546 3190 1646 3259 μὲν
1674 3187 1856 3240 τοίνυν

277 3299 305 3349 6
334 3294 466 3358 Θεὸς
522 3293 701 3345 πάντα
755 3288 823 3344 τά
852 3288 981 3342 ὅντα
1038 3287 1130 3340 καὶ
1177 3286 1277 3350 τάς
1330 3283 1511 3337 αὐτῶν
1550 3280 1855 3352 ἐνεργείας»

277 3388 541 3457 γινώσκει
582 3384 637 3438 δέ
687 3383 780 3437 καὶ
834 3381 945 3435 τῶν
995 3376 1299 3449 ἀνθρώπων
1348 3376 1448 3429 οὐκ
1494 3374 1635 3446 ἔργα
1698 3372 1860 3442 μόνον

281 3482 417 3535 ἀλλὰ
438 3480 530 3531 καὶ
548 3477 955 3547 διαλογισμούς
976 3477 1070 3530 καὶ
1101 3476 1358 3543 γινώσκει
1387 3467 1562 3523 ταῦτα
1593 3470 1651 3520 ἐν
1683 3463 1862 3533 ἑαυτῷ

282 3576 356 3639 ὡς
408 3576 505 3645 μιᾷ
560 3575 653 3626 καὶ
704 3571 899 3643 πρώτῃ
945 3569 1163 3622 πάντων
1220 3566 1393 3635 αίτία,
1454 3562 1547 3617 καὶ
1585 3559 1764 3614 πάντα
1792 3555 1861 3610 δι’

285 3666 543 3737 ἀπειρίαν
596 3663 947 3737 περιεχούσῃ,
987 3658 1202 3733 φύσεώς
1259 3675 1319 3710 τε
1345 3656 1440 3710 καὶ
1471 3656 1725 3723 γνώσεως
1767 3650 1864 3703 καὶ

290 3761 604 3827 δυνάμεως·
656 3756 751 3809 καὶ
791 3752 1053 3823 γινώσκει
1100 3750 1179 3819 τῷ
1222 3746 1419 3803 ἐαυτοῦ
1460 3748 1688 3816 τρόπῳο
1743 3742 1860 3795 ἐστι

291 3854 398 3921 γὰρ
429 3855 486 3905 ἐν
508 3850 583 3920 τῷ
619 3846 941 3917 γινώσκοντι
972 3845 1033 3896 τὸ
1058 3844 1299 3913 γνωστὸν
1333 3840 1474 3895 κατά
1505 3838 1598 3891 τὸν
1648 3836 1744 3890 τοῦ
1779 3853 1863 3904 γι-

286 3945 589 4005 νώσκοντος
638 3940 873 4011 τρόπον’
910 3936 1035 3992 ὅθεν
1069 3934 1165 3989 καλ¹
1210 3932 1472 4003 γινώσκει
1498 3929 1569 3983 τὰ
1602 3927 1865 3998 μέλλοντα

288 4038 386 4107 μὲν
409 4036 485 4099 ὼς
512 4031 779 4105 παρόντα,
813 4029 881 4082 τὰ
901 4028 958 4082 δέ
992 4024 1313 4096 ἐνδεχόμενα
1348 4021 1664 4091 ἀναγκαίως
1682 4036 1696 4051 ’
1721 4017 1863 4073 οὐτω

291 4131 397 4196 γάρ
425 4130 561 4181 εἰσιν
590 4128 647 4177 ἐν
673 4122 842 4191 αὐτῷ.
866 4120 1002 4175 Οὐδέ
1032 4114 1195 4189 ἦττον
1226 4117 1409 4188 μέντοι
1442 4114 1619 4169 ταῦτα
1666 4114 1732 4182 τῇ
1765 4110 1866 4163 αὐ-

288 4223 397 4277 τῶν
436 4220 598 4290 φύσει
641 4214 910 4288 μέλλοντά
942 4211 1176 4267 ἐστικαὶ
1204 4209 1563 4281 ἐνδεχόμενα·
1599 4206 1661 4259 οὐ
1704 4203 1864 4273 γινώ-

292 4330 411 4366 σκει
439 4311 495 4365 δὲ
523 4312 702 4382 μόνον,
734 4307 870 4362 ἀλλὰ
900 4306 994 4359 καὶ
1017 4306 1326 4381 προνοεῖται
1352 4300 1532 4355 αὐτῶν
1554 4298 1772 4352 πάντων
1787 4296 1863 4361 ώς

286 4405 420 4459 ἄνευ
469 4402 568 4470 τῆς
595 4399 850 4471 οὐρανίου
897 4397 1153 4467 προνοίας
1196 4392 1408 4447 οὐδ”ἀν
1437 4390 1755 4459 δυναμένων
1789 4382 1864 4439 εἷ-

284 4517 374 4553 ναι
401 4498 498 4550 καὶ
528 4492 821 4558 σώζεσθαι.
850 4492 1169 4561 Προνοεῖται
1210 4484 1267 4539 δὲ
1308 4486 1554 4539 ἑκάστων
1590 4481 1863 4555 ἀρμοξόν-

1962 1995 2064 2066 χὴν
2126 1995 2322 2049 ἐαυτοῦ
2386 1996 2481 2049 καὶ
2523 1996 2674 2061 τάξει
2730 1994 3187 2065 προηγουμένην
3249 1991 3562 2054 ἀκολούθως

1960 2087 2017 2141 δέ
2050 2086 2144 2141 καὶ
2200 2087 2310 2140 τῶν
2337 2087 2513 2141 ἀλλων
2558 2088 2677 2141 ἐστὶ
2732 2088 2975 2158 προτέρα
3029 2088 3064 2159 ή
3102 2086 3415 2157 πρόγνωσις
3443 2084 3552 2138 τῶν

1960 2179 2244 2249 ἑπομένων
2274 2180 2352 2249 τῷ
2380 2178 2511 2250 θείῳ
2539 2180 2864 2251 προορισμῷ
2883 2198 2898 2211 ·
2944 2178 3035 2232 καὶ
3084 2181 3289 2248 ταύτης
3331 2175 3561 2249 ἡγεμών

1962 2272 2097 2340 ἡμῖν
2132 2272 2230 2340 τῆς
2265 2271 2543 2339 θεολογίας
2585 2272 2726 2339 μετὰ
2751 2272 2844 2325 τὸν
2877 2271 3084 2341 Κύριον
3113 2272 3271 2344 ἡμῶν
3292 2272 3349 2324 ἐν
3376 2272 3553 2339 Εὐαγ-

1960 2363 2163 2432 γελίοις
2201 2364 2614 2435 διεσπαρμένως
2651 2364 2782 2434 ἡμῖν
2816 2364 3028 2419 διδόντα
3060 2364 3319 2433 συνάγειν
3344 2365 3373 2417 6
3407 2361 3562 2417 Παῦ-

1960 2455 2051 2520 λος
2081 2456 2109 2508 ό
2156 2455 2330 2526 μέγας
2384 2456 2484 2527 τῆς
2516 2456 2781 2526 ἀληθείας
2812 2456 2988 2525 κῆρυξ
3025 2457 3273 2523 γίνεται·
3309 2454 3418 2519 Οὓς
3448 2455 3560 2525 γὰρ

1962 2547 2233 2617 προέγνω,
2269 2546 2425 2615 φησι,
2473 2547 2569 2599 καὶ
2622 2545 2917 2617 προώρισε,
2970 2547 3066 2600 καὶ
3101 2546 3195 2608 οὓς
3241 2546 3553 2615 προώρισεν

1962 2639 2212 2713 ἐκάλεσε,
2250 2638 2345 2690 καὶ
2396 2635 2490 2700 οὓς
2536 2636 2798 2691 ἐκάλεσεν
2832 2637 3141 2703 ἐδικαίωσε,
3199 2638 3294 2691 καὶ
3329 2636 3423 2700 οὒς
3448 2636 3558 2690 ἐδι⁶

1963 2731 2199 2783 καίωσεν
2238 2727 2490 2795 ἐδόξασεν
2512 2743 2528 2759 ’
2560 2732 2587 2782 6
2607 2728 2741 2792 Θεὸς
2777 2730 2888 2799 γὰρ
2926 2732 3020 2782 καὶ
3061 2731 3129 2784 τά
3155 2730 3394 2799 ἐσόμενα
3416 2745 3555 2799 προ-

1962 2822 2248 2892 γινώσκων
2272 2823 2331 2876 ὃν
2357 2824 2574 2894 εἴρηται
2618 2822 2820 2893 τρόπον
2854 2824 3109 2892 προέγνω
3156 2824 3285 2881 τούς
3318 2821 3562 2893 γνησίως

1962 2923 2126 2976 αὐτόν
2177 2921 2593 2992 ἀγαπήσοντας,
2620 2925 2680 2973 τό
2737 2937 2798 2989 γε
2860 2920 2946 2990 ἐφ’
2980 2920 3211 2983 ἑαυτοὺς
3254 2914 3412 2990 ἧκον,
3463 2920 3563 2971 καὶ

1967 3013 2134 3085 μηδὲν
2192 3013 2471 3084 ἀμελῆσαι
2524 3013 3009 3085 προτεθειμένους.
3071 3011 3299 3073 Εἱωθὼς
3367 3012 3423 3065 δέ
3491 3013 3564 3065 δι’

1963 3107 2412 3180 ὑπερϐάλλουσαν
2470 3107 2786 3176 ἀγαθότητα
2837 3110 3016 3160 πάντα
3068 3110 3355 3175 συνεργεῖν
3390 3107 3471 3169 είς
3500 3105 3562 3157 το

1964 3199 2168 3269 ἀγαθὸν
2196 3202 2307 3263 τοῖς
2334 3200 2625 3270 ἀγαπῶσιν
2656 3200 2842 3263 αὐτὸν,
2909 3200 2999 3254 διά
3052 3198 3212 3254 τοῦτο
3245 3202 3360 3264 τοῖς
3416 3200 3569 3252 κατά

1965 3293 2223 3361 πρόθεσιν
2260 3293 2469 3349 οίκείαν
2497 3289 2617 3347 οὖσι
2640 3295 2886 3363 κλητοῖς,
2916 3295 3032 3355 τοῖς
3064 3290 3332 3356 ἑκουσίως
3357 3288 3562 3359 δηλαδὴ

1964 3390 2023 3439 τό
2052 3402 2115 3453 γε
2145 3386 2221 3449 είς
2256 3385 2453 3449 αὐτοὺς
2479 3380 2616 3457 ἧκον
2646 3384 2749 3455 τῆς
2774 3385 3018 3454 κλήσεως
3050 3385 3239 3455 τυχεῖν
3263 3381 3561 3452 ἐπιμελου-

1969 3477 2177 3547 μένοις,
2236 3478 2331 3531 καὶ
2383 3478 2475 3533 διά
2523 3479 2683 3532 τοῦτο
2734 3478 2954 3547 κλητοῖς
3003 3472 3149 3541 οὖσι,
3198 3474 3347 3529 τοῦτ’
3411 3475 3562 3528 ἔστιν

1964 3572 2137 3639 ἀξίοις
2169 3573 2477 3639 καλεῖσθαι,
2513 3574 2605 3626 καὶ
2652 3571 2751 3643 τὴν
2787 3573 2919 3642 παρ’
2952 3569 3154 3625 ἐαυτοῦ
3197 3568 3562 3640 προστίθησιν

1966 3664 2149 3728 αὐτοῖς
2189 3665 2508 3735 συνεργίαν,
2542 3664 2618 3727 ὡς
2653 3666 2782 3719 ἀνευ
2829 3664 3003 3734 αὐτῆς
3035 3664 3135 3717 οὐκ
3164 3662 3231 3718 ἂν
3269 3663 3563 3733 ἐφικέσθαι

1964 3757 2349 3829 δυνησομένοις
2383 3758 2472 3811 διὰ
2506 3759 2605 3818 τάς
2639 3756 2908 3821 συνούσας
2939 3757 3143 3820 πολλὰς
3182 3758 3279 3809 καὶ
3314 3756 3573 3827 μεγάλας

1965 3849 2042 3918 τῷ
2074 3850 2359 3920 πράγματι
2386 3849 2712 3920 δυσχερείας
2732 3866 2749 3882 ’
2780 3848 2860 3903 διό
2891 3867 3023 3919 φησι
3046 3864 3062 3880 ⁸
3096 3848 3288 3917 Χωρίς
3317 3846 3464 3918 ἐμοῦ
3490 3850 3565 3901 οὐ

1964 3942 2231 3998 δύνασθε
2257 3941 2452 3997 ποιεῖν
2481 3943 2663 3997 οὐδέν
2688 3953 2703 3970 ⁶
2734 3941 2823 3995 διὰ
2852 3941 3012 3996 τοῦτο
3062 3941 3337 4011 προγνοὺς
3365 3941 3565 4003 αὐτοὺς

1964 4034 2052 4087 διά
2089 4034 2280 4103 σοφίας
2303 4034 2647 4104 περιουσίαν,
2678 4030 2967 4101 ἑπομένως
3000 4030 3278 4103 προώρισε
3301 4030 3370 4083 δι’
3389 4029 3566 4097 ὑπερ-ν

1966 4125 2130 4197 ϐολὴν
2164 4124 2527 4195 ἀγαθότητος,
2588 4123 2683 4178 καὶ
2734 4122 3037 4193 προορίσας
3082 4121 3334 4185 ἐκάλεσε,
3366 4120 3463 4174 καὶ
3494 4120 3565 4173 τὰ

1967 4214 2095 4286 ἑξῆῗ
2121 4213 2462 4278 ἀκολούθως,
2518 4215 2596 4280 ὡς
2629 4213 2950 4280 δεδοξάσθαι
2992 4213 3091 4284 μὲν
3116 4214 3205 4267 διά
3226 4210 3402 4266 ταῦτα
3434 4212 3565 4275 τούς

1965 4306 2419 4379 δοξαζομένουςῆ
2461 4306 2988 4377 δοξασθησομένους,
3027 4305 3155 4371 τούς
3182 4305 3239 4360 δέ
3267 4304 3566 4377 δικαιωθη-
3670 4296 3683 4302 ’

1968 4401 2231 4469 σομένους
2257 4398 2670 4462 δεδικαιῶσθαι,
2721 4400 2815 4453 καὶ
2842 4398 2924 4454 ἐτι
2950 4401 3220 4472 πρότερον
3258 4398 3430 4471 κεκλῆ
3442 4399 3569 4451 σθαι

1940 4492 2408 4567 νκληθησομένους
2432 4532 2447 4556 ,
2481 4493 2574 4547 καὶ
2604 4491 2775 4549 τᾶλλα
2810 4490 3100 4557 ώσαύτως.
3144 4493 3261 4546 Οὐκ
3298 4491 3450 4545 ἐστιν
3473 4489 3569 4545 οῦν

279 4611 389 4657 τως
437 4607 497 4644 τε
523 4590 617 4644 καὶ
654 4586 870 4650 οίκείως
899 4587 965 4655 τῇ
997 4583 1214 4652 ἑκάστῳ
1241 4579 1371 4650 παρ’
1404 4577 1569 4635 αὐτοῦ
1598 4570 1944 4649 δεδομένῃνῙ)
1970 4584 2121 4638 αῑτία
2151 4584 2539 4656 προηγουμένη
2567 4583 2664 4654 τῆς
2686 4583 2795 4638 τῶν
2828 4586 3157 4654 σωζομένων
3182 4582 3341 4653 δόξης
3367 4585 3395 4636 ὁ
3421 4582 3567 4644 θεῖος

280 4684 438 4755 φύσει
467 4682 565 4736 καὶ
592 4674 745 4747 τάξει
789 4677 866 4747 τῷ
907 4675 1197 4730 παντὶκαὶ
1231 4676 1351 4734 ταῖς
1374 4671 1550 4742 αὐτῆς
1576 4671 1804 4739 ίδιότησι
1840 4708 1856 4723 .

279 4779 391 4847 Τῆς
411 4775 503 4830 οῦν
532 4772 876 4845 ἀνθρωπείας
918 4769 1133 4841 φύσεως
1177 4767 1523 4836 είδικὼτερον
1552 4766 1860 4833 προνοεῖται

278 4871 482 4944 τρόπον
514 4866 844 4940 ὑψηλότερόν
880 4882 939 4917 τε
966 4852 1082 4933 ἀμα
1121 4863 1215 4916 καὶ
1247 4860 1639 4928 ποικιλώτερον
1689 4858 1758 4928 ἀρ
1768 4873 1860 4927 μο-

279 4964 481 5030 ζόντως
506 4964 572 5033 τῇ
599 4962 733 5031 προς
763 4958 861 5023 τὰς
895 4957 1061 5020 ἀλλας
1098 4955 1292 5025 φύσεις
1331 4953 1537 5023 ταύτης
1575 4953 1818 5021 ὑπεροχῇ
1842 4967 1856 4979 ·

276 5058 400 5113 ὅθεν
435 5057 619 5127 ἠπερ)⁸
664 5054 761 5119 τὴν
805 5050 1157 5121 ἀνθρωπίνην
1188 5049 1414 5119 πρόνοια
1449 5046 1612 5115 φύσιν
1648 5045 1862 5098 είδικω-

278 5153 454 5221 τέρως
500 5147 725 5219 ὁρισμὸς
779 5144 1117 5215 ὠνόμασται,
1142 5144 1333 5211 ἀγωγή
1362 5159 1444 5203 τις
1472 5141 1715 5209 δηλονότι
1767 5140 1861 5191 καὶ

277 5241 471 5312 όδηγία
525 5239 660 5311 πρὸς
721 5238 815 5290 τὸν
856 5235 1220 5305 προκείμενον
1275 5234 1440 5300 δρονο
1502 5233 1571 5285 τά
1621 5232 1718 5301 μὲν
1752 5231 1862 5299 γὰρ

278 5339 415 5395 ἄλλα
449 5337 582 5406 πρὸς
614 5333 767 5395 τέλος
818 5331 1043 5399 ἀγονται
1076 5330 1143 5397 τῇ
1176 5325 1336 5394 φύσει
1394 5327 1682 5395 σύστοιχον
1710 5340 1721 5354 ·
1763 5326 1860 5378 ἀν-

280 5430 503 5502 θρώπου
539 5430 594 5484 δέ
621 5427 681 5482 τὸ
722 5425 875 5488 τέλος
899 5421 1198 5493 ὑπερφυὲς,
1234 5422 1369 5490 προς
1395 5419 1423 5472 ὃ
1453 5420 1716 5473 κινεῖσθαι
1760 5418 1862 5486 μὲν

279 5524 444 5582 αὐτὸν
474 5523 555 5576 δεῖ
576 5517 1013 5590 προαιρούμενον
1035 5514 1130 5567 καὶ
1172 5512 1310 5583 μηδέ
1350 5510 1564 5564 οῖκοθεν
1591 5508 1861 5581 ἀμελοῦν-

280 5635 371 5684 τα,
405 5616 502 5687 οὐχ
529 5611 640 5666 οἷόν
691 5627 750 5664 τε
780 5610 834 5663 δέ
888 5606 1175 5677 ἐφικέσθαι
1209 5607 1305 5659 καὶ
1352 5603 1639 5675 ὁρισθῆναι
1683 5601 1863 5665 καλῶς

282 5711 420 5782 πρὸς
462 5707 594 5761 αὐτδ
641 5704 717 5776 μὴ
765 5704 886 5765 ταῖς
924 5702 994 5753 ἐκ
1016 5697 1155 5752 Θεοῦ
1207 5695 1620 5768 χορηγούμενον
1669 5711 1864 5764 συνερ-

280 5804 483 5869 γείαις,
510 5800 638 5869 περὶ
672 5791 746 5849 ῶν
778 5791 1293 5864 ἐπεξειργασμένως
1346 5792 1403 5843 ἐν
1428 5791 1540 5851 τοῖς
1576 5786 1862 5859 προτέροις

282 5891 682 5961 συγγράμμασι
704 5885 1037 5959 διειλόμεθα,
1070 5886 1163 5941 νῦν
1189 5883 1244 5940 δὲ
1274 5884 1434 5958 μόνον
1464 5880 1861 5954 ἀπτόμ.εθα.”11

1968 4676 2349 4748 προορισμός·
2403 4676 2520 4749 ἔχει
2572 4678 2682 4747 γὰρ
2732 4677 2934 4730 ἐαυτοῦ
2983 4675 3413 4747 προηγουμένην
3465 4675 3566 4742 τὴν

1967 4772 2305 4841 πρόγνωσιν,
2345 4765 2414 4843 ἦς
2453 4769 2583 4823 ἀνευ
2616 4770 2717 4823 οὐκ
2744 4768 2810 4823 ἀν
2852 4771 2880 4822 ό
2914 4767 3250 4837 προορισμός
3280 4766 3389 4837 εἴη.
3425 4763 3568 4819 Ἀλλ’

1967 4862 2078 4916 οὐδ’
2112 4863 2149 4932 ἠ
2205 4862 2514 4932 πρόγνωσις
2583 4862 2973 4931 προηγουμένη
3030 4861 3180 4913 ἐστὶν
3228 4862 3417 4922 αἰτία,
3448 4858 3571 4913 ἀλλ’

1969 4953 2201 5025 ἐπείπερ
2236 4952 2438 5023 ἔμελλε
2463 4955 2584 5006 κατ’
2647 4954 2785 5017 ἰδίας
2818 4952 3075 5023 ἀφορμὰς
3103 4953 3212 5007 τῶν
3264 4953 3568 5023 αἱρησομέ-

1969 5042 2075 5099 νων
2110 5047 2168 5098 τὸ
2210 5046 2419 5113 ἀγαθὸν
2475 5044 2795 5115 συμῆαίνειν
2842 5044 3027 5109 αὐτοῖς
3083 5045 3179 5098 καὶ
3214 5044 3274 5098 τὸ
3301 5044 3568 5103 τοιούτοις

1971 5133 2125 5191 οῦσιν
2153 5137 2557 5189 ἐπακολουθοῦν
2587 5137 2742 5200 τέλος
2772 5152 2787 5168 ο
2820 5137 2907 5190 δια
2942 5139 3104 5192 τοῦτο
3130 5137 3386 5207 προέγνω
3414 5139 3443 5192 6
3486 5140 3566 5191 el-

1971 5227 2174 5291 δὼςτά
2217 5227 2396 5281 πάντα
2442 5225 2552 5294 πρὸ
2584 5226 2854 5294 γενέσεως
2912 5226 3116 5293 αὐτῶν,
3159 5229 3257 5281 καὶ
3285 5241 3568 5297 προεγνω-

1972 5320 2191 5391 σμένοις
2249 5320 2331 5373 ὅτι
2381 5317 2616 5372 τοιοῦτοι
2667 5318 2729 5372 τδ
2786 5319 2881 5387 ἀφ’
2933 5319 3149 5372 ἐαυτῶν
3199 5318 3438 5385 ἔσονται,
3472 5318 3569 5373 καὶ

1971 5412 2164 5468 ἐαυτὸν
2197 5412 2606 5483 συνεργήσοντα
2636 5412 2885 5485 προῄδει,
2913 5414 3008 5465 καὶ
3040 5411 3296 5484 όριοῦντα
3317 5414 3445 5476 τοὺς
3468 5413 3567 5481 ἀφ’

1971 5506 2183 5560 ἐαυτῶν
2216 5508 2314 5576 μὲν
2345 5506 2630 5576 ὁρίζεσθαι
2657 5506 2988 5576 θελήσοντας
3006 5505 3143 5574 πρὸς
3175 5504 3237 5558 τδ
3267 5503 3440 5567 τέλος,
3469 5506 3567 5558 τοῦ

1969 5600 2025 5653 δέ
2064 5597 2200 5653 Θεοῦ
2251 5599 2319 5654 τά
2369 5599 2600 5653 πλεῖστα
2640 5599 3025 5672 δεησομένους,
3085 5597 3275 5669 ῶσπερ
3336 5593 3404 5652 αὖ
3472 5595 3568 5661 οὓς

1970 5693 2321 5766 προέγνωκεν
2371 5691 2584 5745 οἴκοθεν
2643 5691 3329 5761 ἀπαλλοτριωθησομένονς
3358 5689 3451 5743 τοῦ
3482 5694 3567 5743 :3-

1968 5789 2117 5850 λους,
2149 5786 2239 5839 καὶ
2271 5784 2360 5838 δια
2406 5784 2562 5838 τοῦτο
2612 5784 2736 5855 μηδ’
2772 5778 2942 5836 αὐτοῦ
2985 5782 3416 5852 συνεργήσοντος
3443 5796 3565 5834 τευο

1974 5880 2259 5953 ξομένονς,
2298 5878 2416 5943 πῶς
2474 5876 2582 5949 γὰρ
2632 5877 2700 5934 ἂν
2747 5876 3035 5947 συνεργοίη
3097 5876 3207 5931 τοῖς
3246 5875 3307 5929 οὐ
3360 5873 3567 5931 θέλουσι
