  <div class='ocr_page' id='page_1' title='image "/cluster/home/n/w/nwhite01/storage/ocr_20150623/160/hvd.32044036446961/694.png"; bbox 0 0 3970 6460; ppageno 0'>
   <div class='ocr_carea' id='block_1_1' title="bbox 269 355 393 420">
    <p class='ocr_par' dir='ltr' id='par_1_1' title="bbox 269 355 393 420">
     <span class='ocr_line' id='line_1_1' title="bbox 269 355 393 420; baseline -0.016 0"><span class='ocrx_word' id='word_1_1' title='bbox 269 355 393 420; x_wconf 55' lang='grc'>11⁵3</span> 
     </span>
    </p>
   </div>
   <div class='ocr_carea' id='block_1_2' title="bbox 1243 359 2563 430">
    <p class='ocr_par' dir='ltr' id='par_1_2' title="bbox 1243 359 2563 430">
     <span class='ocr_line' id='line_1_2' title="bbox 1243 359 2563 430; baseline 0.008 -10"><span class='ocrx_word' id='word_1_2' title='bbox 1243 359 1348 420; x_wconf 84' lang='lat' dir='ltr'>DE</span> <span class='ocrx_word' id='word_1_3' title='bbox 1386 359 2153 430; x_wconf 65' lang='lat' dir='ltr'>PRRDESTINATIONE</span> <span class='ocrx_word' id='word_1_4' title='bbox 2195 367 2433 430; x_wconf 73' lang='lat' dir='ltr'>LIBER</span> <span class='ocrx_word' id='word_1_5' title='bbox 2465 369 2563 430; x_wconf 81' lang='grc' dir='ltr'>ιν.</span> 
     </span>
    </p>
   </div>
   <div class='ocr_carea' id='block_1_3' title="bbox 3380 375 3515 439">
    <p class='ocr_par' dir='ltr' id='par_1_3' title="bbox 3380 375 3515 439">
     <span class='ocr_line' id='line_1_3' title="bbox 3380 375 3515 439; baseline 0 0"><span class='ocrx_word' id='word_1_6' title='bbox 3380 375 3515 439; x_wconf 78' lang='grc' dir='ltr'>Ιί-ίϐ</span> 
     </span>
    </p>
   </div>
   <div class='ocr_carea' id='block_1_4' title="bbox 266 465 3516 558">
    <p class='ocr_par' dir='ltr' id='par_1_4' title="bbox 266 465 3516 558">
     <span class='ocr_line' id='line_1_4' title="bbox 266 465 3516 558; baseline 0.009 -37"><span class='ocrx_word' id='word_1_7' title='bbox 266 465 450 539; x_wconf 85' lang='grc' dir='ltr'>νηρούς</span> <span class='ocrx_word' id='word_1_8' title='bbox 483 484 543 520; x_wconf 87' lang='grc' dir='ltr'>τε</span> <span class='ocrx_word' id='word_1_9' title='bbox 575 467 672 522; x_wconf 78' lang='grc' dir='ltr'>καὶ</span> <span class='ocrx_word' id='word_1_10' title='bbox 709 467 953 538; x_wconf 74' lang='grc' dir='ltr'>ἀγαθοὺς</span> <span class='ocrx_word' id='word_1_11' title='bbox 987 469 1046 524; x_wconf 71' lang='grc' dir='ltr'>ἓν</span> <span class='ocrx_word' id='word_1_12' title='bbox 1074 486 1139 540; x_wconf 84' lang='grc' dir='ltr'>γε</span> <span class='ocrx_word' id='word_1_13' title='bbox 1177 473 1290 535; x_wconf 88' lang='grc' dir='ltr'>τοῖς</span> <span class='ocrx_word' id='word_1_14' title='bbox 1328 473 1470 544; x_wconf 77' lang='grc' dir='ltr'>πρὸς</span> <span class='ocrx_word' id='word_1_15' title='bbox 1515 474 1615 546; x_wconf 79' lang='grc' dir='ltr'>τήν</span> <span class='ocrx_word' id='word_1_16' title='bbox 1645 475 1838 548; x_wconf 92' lang='grc' dir='ltr'>χρείαν</span> <span class='ocrx_word' id='word_1_17' title='bbox 1867 483 1909 540; x_wconf 76' lang='grc' dir='ltr'>Α</span> <span class='ocrx_word' id='word_1_18' title='bbox 1940 499 2025 552; x_wconf 90' lang='grc' dir='ltr'>ροι</span> <span class='ocrx_word' id='word_1_19' title='bbox 2059 483 2201 540; x_wconf 74' lang='grc' dir='ltr'>κατὰ</span> <span class='ocrx_word' id='word_1_20' title='bbox 2239 484 2344 556; x_wconf 83' lang='grc' dir='ltr'>τὴν</span> <span class='ocrx_word' id='word_1_21' title='bbox 2387 484 2502 539; x_wconf 88' lang='grc' dir='ltr'>τῶν</span> <span class='ocrx_word' id='word_1_22' title='bbox 2531 485 2715 542; x_wconf 86' lang='grc' dir='ltr'>τόπων</span> <span class='ocrx_word' id='word_1_23' title='bbox 2761 483 3045 558; x_wconf 79' lang='grc' dir='ltr'>διαφοράν.</span> <span class='ocrx_word' id='word_1_24' title='bbox 3099 491 3200 547; x_wconf 84' lang='grc' dir='ltr'>Ἐκ</span> <span class='ocrx_word' id='word_1_25' title='bbox 3229 491 3285 546; x_wconf 81' lang='grc' dir='ltr'>δέ</span> <span class='ocrx_word' id='word_1_26' title='bbox 3317 493 3426 547; x_wconf 87' lang='grc' dir='ltr'>τῶν</span> <span class='ocrx_word' id='word_1_27' title='bbox 3458 493 3516 550; x_wconf 81' lang='grc' dir='ltr'>ἐν</span> 
     </span>
    </p>
   </div>
   <div class='ocr_carea' id='block_1_5' title="bbox 264 559 1829 640">
    <p class='ocr_par' dir='ltr' id='par_1_5' title="bbox 264 559 1829 640">
     <span class='ocr_line' id='line_1_5' title="bbox 264 559 1829 640; baseline 0.004 -23"><span class='ocrx_word' id='word_1_28' title='bbox 264 562 351 627; x_wconf 80' lang='grc' dir='ltr'>τῆς</span> <span class='ocrx_word' id='word_1_29' title='bbox 382 559 618 616; x_wconf 84' lang='grc' dir='ltr'>ἐνταῦθα</span> <span class='ocrx_word' id='word_1_30' title='bbox 649 560 796 630; x_wconf 81' lang='grc' dir='ltr'>ζωῆς</span> <span class='ocrx_word' id='word_1_31' title='bbox 847 563 1150 634; x_wconf 80' lang='grc' dir='ltr'><strong>ἀνήκουσιν</strong></span> <span class='ocrx_word' id='word_1_32' title='bbox 1197 565 1260 619; x_wconf 90' lang='grc' dir='ltr'>οὐ</span> <span class='ocrx_word' id='word_1_33' title='bbox 1319 567 1482 636; x_wconf 90' lang='grc' dir='ltr'>μόνον</span> <span class='ocrx_word' id='word_1_34' title='bbox 1519 565 1733 640; x_wconf 79' lang='grc' dir='ltr'><strong>βρέχων</strong></span> <span class='ocrx_word' id='word_1_35' title='bbox 1767 587 1829 624; x_wconf 90' lang='grc' dir='ltr'>τε</span> 
     </span>
    </p>
   </div>
   <div class='ocr_carea' id='block_1_6' title="bbox 265 650 1831 732">
    <p class='ocr_par' dir='ltr' id='par_1_6' title="bbox 265 650 1831 732">
     <span class='ocr_line' id='line_1_6' title="bbox 265 650 1831 732; baseline 0.008 -28"><span class='ocrx_word' id='word_1_36' title='bbox 265 650 420 704; x_wconf 81' lang='grc' dir='ltr'>πᾶσιν</span> <span class='ocrx_word' id='word_1_37' title='bbox 443 651 644 719; x_wconf 79' lang='grc' dir='ltr'>ὁμοίως</span> <span class='ocrx_word' id='word_1_38' title='bbox 666 650 761 704; x_wconf 82' lang='grc' dir='ltr'>καὶ</span> <span class='ocrx_word' id='word_1_39' title='bbox 789 651 882 705; x_wconf 77' lang='grc' dir='ltr'>τὸν</span> <span class='ocrx_word' id='word_1_40' title='bbox 911 652 1064 722; x_wconf 83' lang='grc' dir='ltr'>ήλιον</span> <span class='ocrx_word' id='word_1_41' title='bbox 1097 653 1306 722; x_wconf 90' lang='grc' dir='ltr'>φαίνων</span> <span class='ocrx_word' id='word_1_42' title='bbox 1337 657 1432 710; x_wconf 77' lang='grc' dir='ltr'>καὶ</span> <span class='ocrx_word' id='word_1_43' title='bbox 1462 659 1642 713; x_wconf 89' lang='grc' dir='ltr'>πάντα</span> <span class='ocrx_word' id='word_1_44' title='bbox 1672 657 1736 732; x_wconf 78' lang='grc' dir='ltr'>δή</span> <span class='ocrx_word' id='word_1_45' title='bbox 1762 661 1831 716; x_wconf 81' lang='grc' dir='ltr'>τά</span> 
     </span>
    </p>
   </div>
   <div class='ocr_carea' id='block_1_7' title="bbox 265 741 1830 822">
    <p class='ocr_par' dir='ltr' id='par_1_7' title="bbox 265 741 1830 822">
     <span class='ocr_line' id='line_1_7' title="bbox 265 741 1830 822; baseline 0.007 -26"><span class='ocrx_word' id='word_1_46' title='bbox 265 741 480 796; x_wconf 83' lang='grc' dir='ltr'>τοιαῦτα</span> <span class='ocrx_word' id='word_1_47' title='bbox 495 741 687 805; x_wconf 87' lang='grc' dir='ltr'>ποιῶν.</span> <span class='ocrx_word' id='word_1_48' title='bbox 707 743 844 798; x_wconf 90' lang='grc' dir='ltr'>ἀλλά</span> <span class='ocrx_word' id='word_1_49' title='bbox 864 748 957 799; x_wconf 77' lang='grc' dir='ltr'>καὶ</span> <span class='ocrx_word' id='word_1_50' title='bbox 981 745 1241 800; x_wconf 81' lang='grc' dir='ltr'><strong>κινδύνων</strong></span> <span class='ocrx_word' id='word_1_51' title='bbox 1263 750 1556 819; x_wconf 83' lang='grc' dir='ltr'>προφανῶν</span> <span class='ocrx_word' id='word_1_52' title='bbox 1578 752 1830 822; x_wconf 77' lang='grc' dir='ltr'>ἐξαιρούο</span> 
     </span>
    </p>
   </div>
   <div class='ocr_carea' id='block_1_8' title="bbox 251 834 1827 915">
    <p class='ocr_par' dir='ltr' id='par_1_8' title="bbox 251 834 1827 915">
     <span class='ocr_line' id='line_1_8' title="bbox 251 834 1827 915; baseline 0.01 -30"><span class='ocrx_word' id='word_1_53' title='bbox 251 850 435 903; x_wconf 79' lang='grc' dir='ltr'>μενος,</span> <span class='ocrx_word' id='word_1_54' title='bbox 450 834 570 888; x_wconf 68' lang='grc' dir='ltr'>οὐδὲ</span> <span class='ocrx_word' id='word_1_55' title='bbox 596 837 835 902; x_wconf 83' lang='grc' dir='ltr'>πιστοὺς,</span> <span class='ocrx_word' id='word_1_56' title='bbox 862 839 1024 908; x_wconf 84' lang='grc' dir='ltr'>μόνον</span> <span class='ocrx_word' id='word_1_57' title='bbox 1042 839 1180 893; x_wconf 86' lang='grc' dir='ltr'>ἀλλά</span> <span class='ocrx_word' id='word_1_58' title='bbox 1196 841 1290 894; x_wconf 70' lang='grc' dir='ltr'>καὶ</span> <span class='ocrx_word' id='word_1_59' title='bbox 1309 841 1572 906; x_wconf 74' lang='grc' dir='ltr'>ἀπίστους</span> <span class='ocrx_word' id='word_1_60' title='bbox 1589 843 1693 899; x_wconf 77' lang='grc' dir='ltr'>ὑπὸ</span> <span class='ocrx_word' id='word_1_61' title='bbox 1711 845 1827 915; x_wconf 75' lang='grc' dir='ltr'>φιλ-</span> 
     </span>
    </p>
   </div>
   <div class='ocr_carea' id='block_1_9' title="bbox 262 925 1826 1008">
    <p class='ocr_par' dir='ltr' id='par_1_9' title="bbox 262 925 1826 1008">
     <span class='ocr_line' id='line_1_9' title="bbox 262 925 1826 1008; baseline 0.008 -30"><span class='ocrx_word' id='word_1_62' title='bbox 262 925 592 997; x_wconf 88' lang='grc' dir='ltr'>ανθρωπίας,</span> <span class='ocrx_word' id='word_1_63' title='bbox 621 928 715 981; x_wconf 81' lang='grc' dir='ltr'>καὶ</span> <span class='ocrx_word' id='word_1_64' title='bbox 739 929 942 997; x_wconf 80' lang='grc' dir='ltr'>μᾶλλον</span> <span class='ocrx_word' id='word_1_65' title='bbox 963 931 1012 983; x_wconf 88' lang='grc' dir='ltr'>εἰ</span> <span class='ocrx_word' id='word_1_66' title='bbox 1040 931 1266 994; x_wconf 90' lang='grc' dir='ltr'>δικαίως</span> <span class='ocrx_word' id='word_1_67' title='bbox 1301 931 1467 1002; x_wconf 86' lang='grc' dir='ltr'>βιοῖεν</span> <span class='ocrx_word' id='word_1_68' title='bbox 1485 950 1500 964; x_wconf 94' lang='grc'><strong>·</strong></span> <span class='ocrx_word' id='word_1_69' title='bbox 1537 934 1661 1002; x_wconf 81' lang='grc' dir='ltr'>δόξα</span> <span class='ocrx_word' id='word_1_70' title='bbox 1697 936 1826 1008; x_wconf 83' lang='grc' dir='ltr'>γάρ,</span> 
     </span>
    </p>
   </div>
   <div class='ocr_carea' id='block_1_10' title="bbox 261 1019 1832 1098">
    <p class='ocr_par' dir='ltr' id='par_1_10' title="bbox 261 1019 1832 1098">
     <span class='ocr_line' id='line_1_10' title="bbox 261 1019 1832 1098; baseline 0.007 -29"><span class='ocrx_word' id='word_1_71' title='bbox 261 1022 408 1086; x_wconf 74' lang='grc' dir='ltr'>φησὶ,</span> <span class='ocrx_word' id='word_1_72' title='bbox 431 1019 605 1073; x_wconf 89' lang='grc' dir='ltr'>ταῦτα</span> <span class='ocrx_word' id='word_1_73' title='bbox 627 1019 871 1086; x_wconf 85' lang='grc' dir='ltr'>δηλονότι</span> <span class='ocrx_word' id='word_1_74' title='bbox 908 1023 1001 1076; x_wconf 76' lang='grc' dir='ltr'>καί</span> <span class='ocrx_word' id='word_1_75' title='bbox 1029 1022 1314 1088; x_wconf 73' lang='grc' dir='ltr'>δικαίωσις</span> <span class='ocrx_word' id='word_1_76' title='bbox 1345 1027 1406 1078; x_wconf 81' lang='grc' dir='ltr'>ἐκ</span> <span class='ocrx_word' id='word_1_77' title='bbox 1440 1025 1577 1079; x_wconf 87' lang='grc' dir='ltr'>Θεοῦ</span> <span class='ocrx_word' id='word_1_78' title='bbox 1606 1026 1684 1096; x_wconf 80' lang='grc' dir='ltr'>τῷ</span> <span class='ocrx_word' id='word_1_79' title='bbox 1734 1027 1832 1098; x_wconf 82' lang='grc' dir='ltr'>ἐρ-</span> 
     </span>
    </p>
   </div>
   <div class='ocr_carea' id='block_1_11' title="bbox 261 1109 1829 1204">
    <p class='ocr_par' dir='ltr' id='par_1_11' title="bbox 261 1109 1829 1204">
     <span class='ocr_line' id='line_1_11' title="bbox 261 1109 1829 1204; baseline 0.009 -45"><span class='ocrx_word' id='word_1_80' title='bbox 261 1109 543 1204; x_wconf 74' lang='grc' dir='ltr'>γαζομένῳ</span> <span class='ocrx_word' id='word_1_81' title='bbox 565 1111 627 1204; x_wconf 80' lang='grc' dir='ltr'>τὸ</span> <span class='ocrx_word' id='word_1_82' title='bbox 647 1111 877 1204; x_wconf 74' lang='grc' dir='ltr'>ἀγαθὸν,</span> <span class='ocrx_word' id='word_1_83' title='bbox 924 1113 1160 1204; x_wconf 67' lang='grc' dir='ltr'>μάλιστα</span> <span class='ocrx_word' id='word_1_84' title='bbox 1197 1116 1296 1186; x_wconf 84' lang='grc' dir='ltr'>μὲν</span> <span class='ocrx_word' id='word_1_85' title='bbox 1328 1115 1570 1190; x_wconf 79' lang='grc' dir='ltr'>Ἰουδαίῳ</span> <span class='ocrx_word' id='word_1_86' title='bbox 1599 1117 1676 1188; x_wconf 83' lang='grc' dir='ltr'>τῷ</span> <span class='ocrx_word' id='word_1_87' title='bbox 1700 1120 1829 1190; x_wconf 72' lang='grc' dir='ltr'>περὶ</span> 
     </span>
    </p>
   </div>
   <div class='ocr_carea' id='block_1_12' title="bbox 259 1201 1829 1283">
    <p class='ocr_par' dir='ltr' id='par_1_12' title="bbox 259 1201 1829 1283">
     <span class='ocr_line' id='line_1_12' title="bbox 259 1201 1829 1283; baseline 0.007 -28"><span class='ocrx_word' id='word_1_88' title='bbox 259 1203 344 1256; x_wconf 73' lang='grc' dir='ltr'>τὸν</span> <span class='ocrx_word' id='word_1_89' title='bbox 371 1204 469 1258; x_wconf 85' lang='grc' dir='ltr'>’ἐνα</span> <span class='ocrx_word' id='word_1_90' title='bbox 495 1203 634 1257; x_wconf 80' lang='grc' dir='ltr'>Θεὸν</span> <span class='ocrx_word' id='word_1_91' title='bbox 663 1201 1004 1270; x_wconf 77' lang='grc' dir='ltr'>εὐσεϐοῦντι,</span> <span class='ocrx_word' id='word_1_92' title='bbox 1031 1201 1152 1262; x_wconf 75' lang='grc' dir='ltr'>εἶτα</span> <span class='ocrx_word' id='word_1_93' title='bbox 1195 1209 1293 1263; x_wconf 81' lang='grc' dir='ltr'>καὶ</span> <span class='ocrx_word' id='word_1_94' title='bbox 1330 1209 1556 1282; x_wconf 81' lang='grc' dir='ltr'>Ἕλληνι</span> <span class='ocrx_word' id='word_1_95' title='bbox 1586 1211 1664 1283; x_wconf 83' lang='grc' dir='ltr'>τῷ</span> <span class='ocrx_word' id='word_1_96' title='bbox 1698 1214 1829 1282; x_wconf 88' lang='grc' dir='ltr'>περί</span> 
     </span>
    </p>
   </div>
   <div class='ocr_carea' id='block_1_13' title="bbox 259 1296 1831 1374">
    <p class='ocr_par' dir='ltr' id='par_1_13' title="bbox 259 1296 1831 1374">
     <span class='ocr_line' id='line_1_13' title="bbox 259 1296 1831 1374; baseline 0.006 -26"><span class='ocrx_word' id='word_1_97' title='bbox 259 1297 322 1350; x_wconf 74' lang='grc' dir='ltr'>τά</span> <span class='ocrx_word' id='word_1_98' title='bbox 353 1296 473 1350; x_wconf 84' lang='grc' dir='ltr'>θεῖα</span> <span class='ocrx_word' id='word_1_99' title='bbox 506 1296 915 1370; x_wconf 72' lang='grc' dir='ltr'>πεπλανημινῳ</span> <span class='ocrx_word' id='word_1_100' title='bbox 941 1317 956 1332; x_wconf 87' lang='grc'><strong>·</strong></span> <span class='ocrx_word' id='word_1_101' title='bbox 986 1300 1088 1364; x_wconf 76' lang='grc' dir='ltr'>τῆς</span> <span class='ocrx_word' id='word_1_102' title='bbox 1124 1300 1224 1367; x_wconf 82' lang='grc' dir='ltr'>μέν</span> <span class='ocrx_word' id='word_1_103' title='bbox 1270 1303 1380 1374; x_wconf 86' lang='grc' dir='ltr'>γάρ</span> <span class='ocrx_word' id='word_1_104' title='bbox 1429 1303 1688 1368; x_wconf 77' lang='grc' dir='ltr'>ἀπιστίας</span> <span class='ocrx_word' id='word_1_105' title='bbox 1713 1305 1831 1359; x_wconf 84' lang='grc' dir='ltr'>ἐκεῖ</span> 
     </span>
    </p>
   </div>
   <div class='ocr_carea' id='block_1_14' title="bbox 257 1389 1830 1464">
    <p class='ocr_par' dir='ltr' id='par_1_14' title="bbox 257 1389 1830 1464">
     <span class='ocr_line' id='line_1_14' title="bbox 257 1389 1830 1464; baseline 0.004 -22"><span class='ocrx_word' id='word_1_106' title='bbox 257 1389 343 1442; x_wconf 71' lang='grc' dir='ltr'>τὸν</span> <span class='ocrx_word' id='word_1_107' title='bbox 371 1389 471 1443; x_wconf 81' lang='grc' dir='ltr'>οὐκ</span> <span class='ocrx_word' id='word_1_108' title='bbox 507 1390 708 1461; x_wconf 83' lang='grc' dir='ltr'>εὐτυχῆ</span> <span class='ocrx_word' id='word_1_109' title='bbox 738 1391 954 1462; x_wconf 85' lang='grc' dir='ltr'>καρπδν</span> <span class='ocrx_word' id='word_1_110' title='bbox 993 1392 1254 1462; x_wconf 77' lang='grc' dir='ltr'>λήψεται,</span> <span class='ocrx_word' id='word_1_111' title='bbox 1285 1395 1385 1463; x_wconf 86' lang='grc' dir='ltr'>τῆς</span> <span class='ocrx_word' id='word_1_112' title='bbox 1415 1393 1460 1448; x_wconf 76' lang='grc' dir='ltr'>δ’</span> <span class='ocrx_word' id='word_1_113' title='bbox 1497 1395 1664 1463; x_wconf 81' lang='grc' dir='ltr'>ἄλλης</span> <span class='ocrx_word' id='word_1_114' title='bbox 1697 1395 1830 1464; x_wconf 89' lang='grc' dir='ltr'>ἀγα-</span> 
     </span>
    </p>
   </div>
   <div class='ocr_carea' id='block_1_15' title="bbox 259 1483 1823 1559">
    <p class='ocr_par' dir='ltr' id='par_1_15' title="bbox 259 1483 1823 1559">
     <span class='ocr_line' id='line_1_15' title="bbox 259 1483 1823 1559; baseline 0.005 -25"><span class='ocrx_word' id='word_1_115' title='bbox 259 1483 509 1554; x_wconf 85' lang='grc' dir='ltr'>θοεργίας</span> <span class='ocrx_word' id='word_1_116' title='bbox 560 1485 661 1538; x_wconf 88' lang='grc' dir='ltr'>οὐκ</span> <span class='ocrx_word' id='word_1_117' title='bbox 711 1483 942 1554; x_wconf 72' lang='grc' dir='ltr'>ἄμισθος</span> <span class='ocrx_word' id='word_1_118' title='bbox 1009 1486 1247 1540; x_wconf 87' lang='grc' dir='ltr'>ἐνταῦθα</span> <span class='ocrx_word' id='word_1_119' title='bbox 1299 1486 1823 1559; x_wconf 76' lang='grc' dir='ltr'>καταλειφθήσεται.</span> 
     </span>
    </p>
   </div>
   <div class='ocr_carea' id='block_1_16' title="bbox 257 1575 1827 1651">
    <p class='ocr_par' dir='ltr' id='par_1_16' title="bbox 257 1575 1827 1651">
     <span class='ocr_line' id='line_1_16' title="bbox 257 1575 1827 1651; baseline 0.001 -20"><span class='ocrx_word' id='word_1_120' title='bbox 257 1575 469 1631; x_wconf 69' lang='grc' dir='ltr'>Μᾶλλον</span> <span class='ocrx_word' id='word_1_121' title='bbox 500 1575 556 1629; x_wconf 79' lang='grc' dir='ltr'>δὲ</span> <span class='ocrx_word' id='word_1_122' title='bbox 591 1577 719 1640; x_wconf 76' lang='grc' dir='ltr'>τοὺς</span> <span class='ocrx_word' id='word_1_123' title='bbox 769 1577 1011 1641; x_wconf 74' lang='grc' dir='ltr'>ἀγαθοὺς</span> <span class='ocrx_word' id='word_1_124' title='bbox 1061 1578 1287 1650; x_wconf 77' lang='grc' dir='ltr'>ἀγαπᾷν</span> <span class='ocrx_word' id='word_1_125' title='bbox 1331 1579 1552 1647; x_wconf 82' lang='grc' dir='ltr'>λέγεται</span> <span class='ocrx_word' id='word_1_126' title='bbox 1593 1581 1658 1651; x_wconf 81' lang='grc' dir='ltr'>τῇ</span> <span class='ocrx_word' id='word_1_127' title='bbox 1691 1579 1827 1650; x_wconf 77' lang='grc' dir='ltr'>πρδς</span> 
     </span>
    </p>
   </div>
   <div class='ocr_carea' id='block_1_17' title="bbox 256 1668 1827 1744">
    <p class='ocr_par' dir='ltr' id='par_1_17' title="bbox 256 1668 1827 1744">
     <span class='ocr_line' id='line_1_17' title="bbox 256 1668 1827 1744; baseline 0.004 -24"><span class='ocrx_word' id='word_1_128' title='bbox 256 1669 352 1738; x_wconf 79' lang='grc' dir='ltr'>τὴν</span> <span class='ocrx_word' id='word_1_129' title='bbox 397 1668 574 1738; x_wconf 82' lang='grc' dir='ltr'>ἀληθῆ</span> <span class='ocrx_word' id='word_1_130' title='bbox 629 1687 689 1724; x_wconf 89' lang='grc' dir='ltr'>τε</span> <span class='ocrx_word' id='word_1_131' title='bbox 744 1673 840 1724; x_wconf 74' lang='grc' dir='ltr'>καὶ</span> <span class='ocrx_word' id='word_1_132' title='bbox 879 1671 1184 1742; x_wconf 77' lang='grc' dir='ltr'>μέλλουσαν</span> <span class='ocrx_word' id='word_1_133' title='bbox 1229 1670 1376 1744; x_wconf 79' lang='grc' dir='ltr'>ζωήν</span> <span class='ocrx_word' id='word_1_134' title='bbox 1413 1671 1718 1741; x_wconf 73' lang='grc' dir='ltr'>ἀποϐλέψει</span> <span class='ocrx_word' id='word_1_135' title='bbox 1751 1671 1827 1736; x_wconf 86' lang='grc' dir='ltr'>ὼς</span> 
     </span>
    </p>
   </div>
   <div class='ocr_carea' id='block_1_18' title="bbox 206 1755 1825 1836">
    <p class='ocr_par' dir='ltr' id='par_1_18' title="bbox 206 1755 1825 1836">
     <span class='ocr_line' id='line_1_18' title="bbox 206 1755 1825 1836; baseline 0.002 -24"><span class='ocrx_word' id='word_1_136' title='bbox 206 1755 216 1766; x_wconf 85' lang='grc'><em>’</em></span> <span class='ocrx_word' id='word_1_137' title='bbox 257 1761 391 1831; x_wconf 73' lang='grc' dir='ltr'>πρὸς</span> <span class='ocrx_word' id='word_1_138' title='bbox 430 1762 604 1832; x_wconf 83' lang='grc' dir='ltr'>αὐτὴν</span> <span class='ocrx_word' id='word_1_139' title='bbox 645 1763 827 1831; x_wconf 89' lang='grc' dir='ltr'>μόνοις</span> <span class='ocrx_word' id='word_1_140' title='bbox 863 1765 1147 1836; x_wconf 80' lang='grc' dir='ltr'>συνεργῶν</span> <span class='ocrx_word' id='word_1_141' title='bbox 1185 1767 1302 1827; x_wconf 88' lang='grc' dir='ltr'>τοῖς</span> <span class='ocrx_word' id='word_1_142' title='bbox 1345 1765 1587 1834; x_wconf 83' lang='grc' dir='ltr'>πρώτοις</span> <span class='ocrx_word' id='word_1_143' title='bbox 1630 1765 1825 1832; x_wconf 84' lang='grc' dir='ltr'>ἐπιμε-</span> 
     </span>
    </p>
   </div>
   <div class='ocr_carea' id='block_1_19' title="bbox 257 1845 1902 1929">
    <p class='ocr_par' dir='ltr' id='par_1_19' title="bbox 257 1845 1902 1929">
     <span class='ocr_line' id='line_1_19' title="bbox 257 1845 1902 1929; baseline 0.002 -22"><span class='ocrx_word' id='word_1_144' title='bbox 257 1853 482 1924; x_wconf 83' lang='grc' dir='ltr'>ληθῆναι</span> <span class='ocrx_word' id='word_1_145' title='bbox 518 1856 834 1926; x_wconf 70' lang='grc' dir='ltr'>ἠγαπηκόσι</span> <span class='ocrx_word' id='word_1_146' title='bbox 861 1860 1210 1929; x_wconf 88' lang='grc' dir='ltr'>συνεργήσας</span> <span class='ocrx_word' id='word_1_147' title='bbox 1260 1858 1326 1911; x_wconf 82' lang='grc' dir='ltr'>ἂν</span> <span class='ocrx_word' id='word_1_148' title='bbox 1363 1859 1460 1912; x_wconf 71' lang='grc' dir='ltr'>καὶ</span> <span class='ocrx_word' id='word_1_149' title='bbox 1493 1859 1660 1910; x_wconf 79' lang='grc' dir='ltr'>πᾶσιν</span> <span class='ocrx_word' id='word_1_150' title='bbox 1687 1854 1744 1909; x_wconf 86' lang='grc' dir='ltr'>εί</span> <span class='ocrx_word' id='word_1_151' title='bbox 1765 1874 1826 1924; x_wconf 88' lang='grc' dir='ltr'>γε</span> <span class='ocrx_word' id='word_1_152' title='bbox 1863 1845 1902 1903; x_wconf 74' lang='grc' dir='ltr'><strong>Β</strong></span> 
     </span>
    </p>
   </div>
   <div class='ocr_carea' id='block_1_20' title="bbox 255 1946 1829 2023">
    <p class='ocr_par' dir='ltr' id='par_1_20' title="bbox 255 1946 1829 2023">
     <span class='ocr_line' id='line_1_20' title="bbox 255 1946 1829 2023; baseline -0.002 -20"><span class='ocrx_word' id='word_1_153' title='bbox 255 1948 557 2016; x_wconf 82' lang='grc' dir='ltr'>ἐϐούλοντο,</span> <span class='ocrx_word' id='word_1_154' title='bbox 587 1949 790 2023; x_wconf 77' lang='grc' dir='ltr'>μᾶλλον</span> <span class='ocrx_word' id='word_1_155' title='bbox 837 1949 895 2004; x_wconf 72' lang='grc' dir='ltr'>δὲ</span> <span class='ocrx_word' id='word_1_156' title='bbox 927 1953 1022 2003; x_wconf 78' lang='grc' dir='ltr'>καὶ</span> <span class='ocrx_word' id='word_1_157' title='bbox 1071 1949 1418 2019; x_wconf 86' lang='grc' dir='ltr'>συνεργήσας</span> <span class='ocrx_word' id='word_1_158' title='bbox 1453 1949 1670 2012; x_wconf 79' lang='grc' dir='ltr'>οἰκείως</span> <span class='ocrx_word' id='word_1_159' title='bbox 1723 1946 1829 2011; x_wconf 74' lang='grc' dir='ltr'>ἕως</span> 
     </span>
    </p>
   </div>
   <div class='ocr_carea' id='block_1_21' title="bbox 258 2039 1830 2116">
    <p class='ocr_par' dir='ltr' id='par_1_21' title="bbox 258 2039 1830 2116">
     <span class='ocr_line' id='line_1_21' title="bbox 258 2039 1830 2116; baseline -0.005 -17"><span class='ocrx_word' id='word_1_160' title='bbox 258 2045 464 2112; x_wconf 73' lang='grc' dir='ltr'>ἔδειξαν</span> <span class='ocrx_word' id='word_1_161' title='bbox 503 2045 564 2099; x_wconf 90' lang='grc' dir='ltr'>οὐ</span> <span class='ocrx_word' id='word_1_162' title='bbox 612 2045 912 2116; x_wconf 72' lang='grc' dir='ltr'>χρῄζοντες</span> <span class='ocrx_word' id='word_1_163' title='bbox 963 2041 1374 2112; x_wconf 86' lang='grc' dir='ltr'>συνεργεῖσθαι.</span> <span class='ocrx_word' id='word_1_164' title='bbox 1405 2042 1513 2106; x_wconf 76' lang='grc' dir='ltr'>Τάς</span> <span class='ocrx_word' id='word_1_165' title='bbox 1565 2041 1612 2094; x_wconf 87' lang='grc' dir='ltr'>δ’</span> <span class='ocrx_word' id='word_1_166' title='bbox 1663 2039 1830 2103; x_wconf 80' lang='grc' dir='ltr'>άλλας</span> 
     </span>
    </p>
   </div>
   <div class='ocr_carea' id='block_1_22' title="bbox 255 2131 1830 2210">
    <p class='ocr_par' dir='ltr' id='par_1_22' title="bbox 255 2131 1830 2210">
     <span class='ocr_line' id='line_1_22' title="bbox 255 2131 1830 2210; baseline -0.003 -19"><span class='ocrx_word' id='word_1_167' title='bbox 255 2138 353 2206; x_wconf 85' lang='grc' dir='ltr'>τῆς</span> <span class='ocrx_word' id='word_1_168' title='bbox 403 2138 558 2207; x_wconf 84' lang='grc' dir='ltr'>ἱερᾶς</span> <span class='ocrx_word' id='word_1_169' title='bbox 609 2138 840 2210; x_wconf 83' lang='grc' dir='ltr'>Γραφῆς</span> <span class='ocrx_word' id='word_1_170' title='bbox 887 2135 1196 2203; x_wconf 78' lang='grc' dir='ltr'>ἀποφάσεις</span> <span class='ocrx_word' id='word_1_171' title='bbox 1250 2135 1382 2202; x_wconf 90' lang='grc' dir='ltr'>περὶ</span> <span class='ocrx_word' id='word_1_172' title='bbox 1415 2133 1526 2186; x_wconf 89' lang='grc' dir='ltr'>τῶν</span> <span class='ocrx_word' id='word_1_173' title='bbox 1554 2133 1653 2202; x_wconf 82' lang='grc' dir='ltr'>τῆς</span> <span class='ocrx_word' id='word_1_174' title='bbox 1686 2131 1830 2200; x_wconf 83' lang='grc' dir='ltr'>ζωῆς</span> 
     </span>
    </p>
   </div>
   <div class='ocr_carea' id='block_1_23' title="bbox 255 2225 1830 2302">
    <p class='ocr_par' dir='ltr' id='par_1_23' title="bbox 255 2225 1830 2302">
     <span class='ocr_line' id='line_1_23' title="bbox 255 2225 1830 2302; baseline -0.005 -18"><span class='ocrx_word' id='word_1_175' title='bbox 255 2230 396 2302; x_wconf 81' lang='grc' dir='ltr'>ὅρων</span> <span class='ocrx_word' id='word_1_176' title='bbox 425 2230 482 2284; x_wconf 76' lang='grc' dir='ltr'>ἐν</span> <span class='ocrx_word' id='word_1_177' title='bbox 510 2247 570 2284; x_wconf 88' lang='grc' dir='ltr'>τε</span> <span class='ocrx_word' id='word_1_178' title='bbox 600 2232 712 2294; x_wconf 89' lang='grc' dir='ltr'>τοῖς</span> <span class='ocrx_word' id='word_1_179' title='bbox 743 2229 968 2298; x_wconf 76' lang='grc' dir='ltr'>ἀγαθοῖς</span> <span class='ocrx_word' id='word_1_180' title='bbox 1021 2229 1118 2281; x_wconf 75' lang='grc' dir='ltr'>καὶ</span> <span class='ocrx_word' id='word_1_181' title='bbox 1151 2228 1263 2290; x_wconf 84' lang='grc' dir='ltr'>τοῖς</span> <span class='ocrx_word' id='word_1_182' title='bbox 1301 2225 1529 2296; x_wconf 84' lang='grc' dir='ltr'>φαύλοις</span> <span class='ocrx_word' id='word_1_183' title='bbox 1575 2226 1669 2280; x_wconf 78' lang='grc' dir='ltr'>καὶ</span> <span class='ocrx_word' id='word_1_184' title='bbox 1715 2228 1830 2288; x_wconf 82' lang='grc' dir='ltr'>τοῖς</span> 
     </span>
    </p>
   </div>
   <div class='ocr_carea' id='block_1_24' title="bbox 256 2317 1829 2393">
    <p class='ocr_par' dir='ltr' id='par_1_24' title="bbox 256 2317 1829 2393">
     <span class='ocr_line' id='line_1_24' title="bbox 256 2317 1829 2393; baseline -0.004 -17"><span class='ocrx_word' id='word_1_185' title='bbox 256 2324 334 2387; x_wconf 88' lang='grc' dir='ltr'>εἰς</span> <span class='ocrx_word' id='word_1_186' title='bbox 361 2323 461 2393; x_wconf 81' lang='grc' dir='ltr'>τὴν</span> <span class='ocrx_word' id='word_1_187' title='bbox 499 2321 721 2377; x_wconf 87' lang='grc' dir='ltr'>αἰώνιον</span> <span class='ocrx_word' id='word_1_188' title='bbox 755 2320 1196 2392; x_wconf 73' lang='grc' dir='ltr'>προωρισμινοις</span> <span class='ocrx_word' id='word_1_189' title='bbox 1225 2318 1371 2390; x_wconf 81' lang='grc' dir='ltr'>ζωὴν</span> <span class='ocrx_word' id='word_1_190' title='bbox 1393 2320 1487 2372; x_wconf 73' lang='grc' dir='ltr'>καὶ</span> <span class='ocrx_word' id='word_1_191' title='bbox 1518 2319 1632 2380; x_wconf 88' lang='grc' dir='ltr'>τοῖς</span> <span class='ocrx_word' id='word_1_192' title='bbox 1653 2317 1829 2386; x_wconf 83' lang='grc' dir='ltr'>αὐτῆς</span> 
     </span>
    </p>
   </div>
   <div class='ocr_carea' id='block_1_25' title="bbox 255 2408 1830 2487">
    <p class='ocr_par' dir='ltr' id='par_1_25' title="bbox 255 2408 1830 2487">
     <span class='ocr_line' id='line_1_25' title="bbox 255 2408 1830 2487; baseline -0.004 -17"><span class='ocrx_word' id='word_1_193' title='bbox 255 2414 872 2487; x_wconf 78' lang='grc' dir='ltr'>ἀποδεδοκιμασμένοις,</span> <span class='ocrx_word' id='word_1_194' title='bbox 907 2414 999 2467; x_wconf 78' lang='grc' dir='ltr'>καὶ</span> <span class='ocrx_word' id='word_1_195' title='bbox 1027 2414 1102 2477; x_wconf 80' lang='grc' dir='ltr'>ὡς</span> <span class='ocrx_word' id='word_1_196' title='bbox 1137 2413 1392 2484; x_wconf 77' lang='grc' dir='ltr'>ἑκάτεροι</span> <span class='ocrx_word' id='word_1_197' title='bbox 1414 2408 1550 2466; x_wconf 85' lang='grc' dir='ltr'>Θεοῦ</span> <span class='ocrx_word' id='word_1_198' title='bbox 1587 2410 1830 2480; x_wconf 76' lang='grc' dir='ltr'>προστά-</span> 
     </span>
    </p>
   </div>
   <div class='ocr_carea' id='block_1_26' title="bbox 257 2504 1831 2578">
    <p class='ocr_par' dir='ltr' id='par_1_26' title="bbox 257 2504 1831 2578">
     <span class='ocr_line' id='line_1_26' title="bbox 257 2504 1831 2578; baseline -0.004 -16"><span class='ocrx_word' id='word_1_199' title='bbox 257 2508 333 2574; x_wconf 81' lang='grc' dir='ltr'>ξει</span> <span class='ocrx_word' id='word_1_200' title='bbox 367 2508 461 2562; x_wconf 82' lang='grc' dir='ltr'>καὶ</span> <span class='ocrx_word' id='word_1_201' title='bbox 489 2507 624 2573; x_wconf 91' lang='grc' dir='ltr'>ζῶσι</span> <span class='ocrx_word' id='word_1_202' title='bbox 659 2509 753 2561; x_wconf 72' lang='grc' dir='ltr'>καὶ</span> <span class='ocrx_word' id='word_1_203' title='bbox 801 2507 1131 2578; x_wconf 75' lang='grc' dir='ltr'>θνήσκουσιν</span> <span class='ocrx_word' id='word_1_204' title='bbox 1163 2506 1223 2560; x_wconf 91' lang='grc' dir='ltr'>ἐν</span> <span class='ocrx_word' id='word_1_205' title='bbox 1262 2507 1378 2570; x_wconf 88' lang='grc' dir='ltr'>τοῖς</span> <span class='ocrx_word' id='word_1_206' title='bbox 1418 2505 1710 2576; x_wconf 78' lang='grc' dir='ltr'>προτέροις</span> <span class='ocrx_word' id='word_1_207' title='bbox 1740 2504 1831 2556; x_wconf 87' lang='grc' dir='ltr'>λό-</span> 
     </span>
    </p>
   </div>
   <div class='ocr_carea' id='block_1_27' title="bbox 255 2597 1830 2670">
    <p class='ocr_par' dir='ltr' id='par_1_27' title="bbox 255 2597 1830 2670">
     <span class='ocr_line' id='line_1_27' title="bbox 255 2597 1830 2670; baseline -0.002 -18"><span class='ocrx_word' id='word_1_208' title='bbox 255 2617 372 2666; x_wconf 88' lang='grc' dir='ltr'>γοις</span> <span class='ocrx_word' id='word_1_209' title='bbox 402 2599 524 2668; x_wconf 76' lang='grc' dir='ltr'>ὄψει</span> <span class='ocrx_word' id='word_1_210' title='bbox 553 2599 1038 2670; x_wconf 80' lang='grc' dir='ltr'>συνηθροισμένας.</span> <span class='ocrx_word' id='word_1_211' title='bbox 1075 2597 1346 2653; x_wconf 78' lang='grc' dir='ltr'>Ἐνταῦθα</span> <span class='ocrx_word' id='word_1_212' title='bbox 1378 2598 1436 2652; x_wconf 84' lang='grc' dir='ltr'>δέ</span> <span class='ocrx_word' id='word_1_213' title='bbox 1467 2599 1600 2666; x_wconf 91' lang='grc' dir='ltr'>ήμῖν</span> <span class='ocrx_word' id='word_1_214' title='bbox 1622 2599 1651 2650; x_wconf 88' lang='grc' dir='ltr'>ό</span> <span class='ocrx_word' id='word_1_215' title='bbox 1685 2599 1830 2660; x_wconf 80' lang='grc' dir='ltr'>θεῖος</span> 
     </span>
    </p>
   </div>
   <div class='ocr_carea' id='block_1_28' title="bbox 255 2687 1828 2760">
    <p class='ocr_par' dir='ltr' id='par_1_28' title="bbox 255 2687 1828 2760">
     <span class='ocr_line' id='line_1_28' title="bbox 255 2687 1828 2760; baseline -0.002 -17"><span class='ocrx_word' id='word_1_216' title='bbox 255 2689 469 2752; x_wconf 77' lang='grc' dir='ltr'>Παῦλος</span> <span class='ocrx_word' id='word_1_217' title='bbox 495 2691 682 2760; x_wconf 84' lang='grc' dir='ltr'>ἀρκεῖ.</span> <span class='ocrx_word' id='word_1_218' title='bbox 716 2689 825 2742; x_wconf 73' lang='grc' dir='ltr'>Καὶ</span> <span class='ocrx_word' id='word_1_219' title='bbox 867 2693 996 2758; x_wconf 80' lang='grc' dir='ltr'>περί</span> <span class='ocrx_word' id='word_1_220' title='bbox 1028 2689 1130 2759; x_wconf 78' lang='grc' dir='ltr'>μὲν</span> <span class='ocrx_word' id='word_1_221' title='bbox 1172 2687 1270 2742; x_wconf 91' lang='grc' dir='ltr'>τοῦ</span> <span class='ocrx_word' id='word_1_222' title='bbox 1299 2688 1448 2742; x_wconf 80' lang='grc' dir='ltr'>θείου</span> <span class='ocrx_word' id='word_1_223' title='bbox 1488 2687 1828 2758; x_wconf 89' lang='grc' dir='ltr'>προορισμοῦ</span> 
     </span>
    </p>
   </div>
   <div class='ocr_carea' id='block_1_29' title="bbox 254 2777 1832 2856">
    <p class='ocr_par' dir='ltr' id='par_1_29' title="bbox 254 2777 1832 2856">
     <span class='ocr_line' id='line_1_29' title="bbox 254 2777 1832 2856; baseline -0.002 -24"><span class='ocrx_word' id='word_1_224' title='bbox 254 2779 510 2833; x_wconf 88' lang='grc' dir='ltr'>τοσοῦτον</span> <span class='ocrx_word' id='word_1_225' title='bbox 543 2781 600 2833; x_wconf 84' lang='grc' dir='ltr'>ἐν</span> <span class='ocrx_word' id='word_1_226' title='bbox 633 2777 712 2849; x_wconf 88' lang='grc' dir='ltr'>τῷ</span> <span class='ocrx_word' id='word_1_227' title='bbox 745 2779 975 2852; x_wconf 78' lang='grc' dir='ltr'>παρόντι</span> <span class='ocrx_word' id='word_1_228' title='bbox 1005 2777 1113 2832; x_wconf 90' lang='grc' dir='ltr'>τῶν</span> <span class='ocrx_word' id='word_1_229' title='bbox 1140 2778 1316 2834; x_wconf 78' lang='grc' dir='ltr'>ἄλλων</span> <span class='ocrx_word' id='word_1_230' title='bbox 1344 2793 1428 2830; x_wconf 93' lang='grc' dir='ltr'>σοι</span> <span class='ocrx_word' id='word_1_231' title='bbox 1459 2778 1650 2856; x_wconf 70' lang='grc' dir='ltr'>,λόγων</span> <span class='ocrx_word' id='word_1_232' title='bbox 1680 2777 1832 2846; x_wconf 83' lang='grc' dir='ltr'>ἐχόν-</span> 
     </span>
    </p>
   </div>
   <div class='ocr_carea' id='block_1_30' title="bbox 255 2868 1829 2942">
    <p class='ocr_par' dir='ltr' id='par_1_30' title="bbox 255 2868 1829 2942">
     <span class='ocr_line' id='line_1_30' title="bbox 255 2868 1829 2942; baseline -0.002 -17"><span class='ocrx_word' id='word_1_233' title='bbox 255 2887 365 2925; x_wconf 86' lang='grc' dir='ltr'>των</span> <span class='ocrx_word' id='word_1_234' title='bbox 397 2873 574 2925; x_wconf 86' lang='grc' dir='ltr'>πάντα</span> <span class='ocrx_word' id='word_1_235' title='bbox 601 2871 798 2942; x_wconf 78' lang='grc' dir='ltr'>δηλοῦν</span> <span class='ocrx_word' id='word_1_236' title='bbox 844 2870 881 2925; x_wconf 77' lang='grc' dir='ltr'>ά</span> <span class='ocrx_word' id='word_1_237' title='bbox 918 2873 984 2941; x_wconf 71' lang='grc' dir='ltr'>τῇ</span> <span class='ocrx_word' id='word_1_238' title='bbox 1027 2869 1157 2941; x_wconf 77' lang='grc' dir='ltr'>περὶ</span> <span class='ocrx_word' id='word_1_239' title='bbox 1184 2869 1378 2924; x_wconf 90' lang='grc' dir='ltr'>τούτου</span> <span class='ocrx_word' id='word_1_240' title='bbox 1432 2868 1622 2938; x_wconf 74' lang='grc' dir='ltr'>σκέψει</span> <span class='ocrx_word' id='word_1_241' title='bbox 1656 2885 1829 2938; x_wconf 84' lang='grc' dir='ltr'>προσ-</span> 
     </span>
    </p>
   </div>
   <div class='ocr_carea' id='block_1_31' title="bbox 253 2959 1830 3032">
    <p class='ocr_par' dir='ltr' id='par_1_31' title="bbox 253 2959 1830 3032">
     <span class='ocr_line' id='line_1_31' title="bbox 253 2959 1830 3032; baseline 0 -18"><span class='ocrx_word' id='word_1_242' title='bbox 253 2962 378 3032; x_wconf 86' lang='grc' dir='ltr'>ήκει</span> <span class='ocrx_word' id='word_1_243' title='bbox 403 2978 418 2994; x_wconf 92' lang='grc'><strong>·</strong></span> <span class='ocrx_word' id='word_1_244' title='bbox 455 2961 585 3016; x_wconf 83' lang='grc' dir='ltr'>ἀλλο</span> <span class='ocrx_word' id='word_1_245' title='bbox 627 2962 681 3015; x_wconf 80' lang='grc' dir='ltr'>δέ</span> <span class='ocrx_word' id='word_1_246' title='bbox 712 2979 765 3014; x_wconf 90' lang='grc' dir='ltr'>τι</span> <span class='ocrx_word' id='word_1_247' title='bbox 813 2961 911 3029; x_wconf 80' lang='grc' dir='ltr'>σῆς</span> <span class='ocrx_word' id='word_1_248' title='bbox 941 2961 1156 3024; x_wconf 78' lang='grc' dir='ltr'>εὐνοίας</span> <span class='ocrx_word' id='word_1_249' title='bbox 1206 2961 1369 3030; x_wconf 85' lang='grc' dir='ltr'>χάριν</span> <span class='ocrx_word' id='word_1_250' title='bbox 1399 2959 1772 3032; x_wconf 85' lang='grc' dir='ltr'>προστίθεμεν</span> <span class='ocrx_word' id='word_1_251' title='bbox 1800 2959 1830 3014; x_wconf 86' lang='grc' dir='ltr'>δ</span> 
     </span>
    </p>
   </div>
   <div class='ocr_carea' id='block_1_32' title="bbox 252 3053 1829 3124">
    <p class='ocr_par' dir='ltr' id='par_1_32' title="bbox 252 3053 1829 3124">
     <span class='ocr_line' id='line_1_32' title="bbox 252 3053 1829 3124; baseline 0 -16"><span class='ocrx_word' id='word_1_252' title='bbox 252 3057 347 3108; x_wconf 77' lang='grc' dir='ltr'>καὶ</span> <span class='ocrx_word' id='word_1_253' title='bbox 375 3054 550 3124; x_wconf 82' lang='grc' dir='ltr'>πέρας</span> <span class='ocrx_word' id='word_1_254' title='bbox 595 3053 754 3109; x_wconf 73' lang='grc' dir='ltr'>ἔσται</span> <span class='ocrx_word' id='word_1_255' title='bbox 794 3054 890 3108; x_wconf 88' lang='grc' dir='ltr'>τοῦ</span> <span class='ocrx_word' id='word_1_256' title='bbox 922 3055 1105 3123; x_wconf 88' lang='grc' dir='ltr'>λόγου.</span> <span class='ocrx_word' id='word_1_257' title='bbox 1141 3055 1246 3108; x_wconf 78' lang='grc' dir='ltr'>Τὸν</span> <span class='ocrx_word' id='word_1_258' title='bbox 1279 3055 1612 3124; x_wconf 83' lang='grc' dir='ltr'>φαινόμενον</span> <span class='ocrx_word' id='word_1_259' title='bbox 1637 3055 1829 3109; x_wconf 91' lang='grc' dir='ltr'>τοῦτον</span> 
     </span>
    </p>
   </div>
   <div class='ocr_carea' id='block_1_33' title="bbox 253 3145 1832 3218">
    <p class='ocr_par' dir='ltr' id='par_1_33' title="bbox 253 3145 1832 3218">
     <span class='ocr_line' id='line_1_33' title="bbox 253 3145 1832 3218; baseline 0 -19"><span class='ocrx_word' id='word_1_260' title='bbox 253 3145 396 3218; x_wconf 74' lang='grc' dir='ltr'>ὑπὲρ</span> <span class='ocrx_word' id='word_1_261' title='bbox 423 3147 528 3216; x_wconf 83' lang='grc' dir='ltr'>γῆν</span> <span class='ocrx_word' id='word_1_262' title='bbox 563 3145 769 3215; x_wconf 81' lang='grc' dir='ltr'>κόσμον</span> <span class='ocrx_word' id='word_1_263' title='bbox 809 3146 914 3200; x_wconf 79' lang='grc' dir='ltr'>ὑπὸ</span> <span class='ocrx_word' id='word_1_264' title='bbox 961 3146 1128 3216; x_wconf 85' lang='grc' dir='ltr'>νόμον</span> <span class='ocrx_word' id='word_1_265' title='bbox 1157 3146 1282 3200; x_wconf 80' lang='grc' dir='ltr'>τινὰ</span> <span class='ocrx_word' id='word_1_266' title='bbox 1311 3147 1619 3216; x_wconf 86' lang='grc' dir='ltr'>πεποίηκεν</span> <span class='ocrx_word' id='word_1_267' title='bbox 1644 3147 1672 3200; x_wconf 87' lang='grc' dir='ltr'>ό</span> <span class='ocrx_word' id='word_1_268' title='bbox 1698 3145 1832 3210; x_wconf 80' lang='grc' dir='ltr'>Θεδς</span> 
     </span>
    </p>
   </div>
   <div class='ocr_carea' id='block_1_34' title="bbox 251 3235 1828 3309">
    <p class='ocr_par' dir='ltr' id='par_1_34' title="bbox 251 3235 1828 3309">
     <span class='ocr_line' id='line_1_34' title="bbox 251 3235 1828 3309; baseline 0.001 -19"><span class='ocrx_word' id='word_1_269' title='bbox 251 3237 552 3309; x_wconf 80' lang='grc' dir='ltr'>πολυσχιδῆ</span> <span class='ocrx_word' id='word_1_270' title='bbox 604 3237 698 3290; x_wconf 75' lang='grc' dir='ltr'>καὶ</span> <span class='ocrx_word' id='word_1_271' title='bbox 758 3237 954 3306; x_wconf 87' lang='grc' dir='ltr'>σοφίας</span> <span class='ocrx_word' id='word_1_272' title='bbox 1003 3238 1206 3306; x_wconf 82' lang='grc' dir='ltr'>πολλῆς</span> <span class='ocrx_word' id='word_1_273' title='bbox 1257 3238 1524 3307; x_wconf 79' lang='grc' dir='ltr'>γέμοντα,</span> <span class='ocrx_word' id='word_1_274' title='bbox 1574 3235 1650 3301; x_wconf 84' lang='grc' dir='ltr'>ὡς</span> <span class='ocrx_word' id='word_1_275' title='bbox 1697 3237 1763 3291; x_wconf 85' lang='grc' dir='ltr'>ἂν</span> <span class='ocrx_word' id='word_1_276' title='bbox 1792 3239 1828 3306; x_wconf 82' lang='grc' dir='ltr'>ή</span> 
     </span>
    </p>
   </div>
   <div class='ocr_carea' id='block_1_35' title="bbox 247 3327 1828 3400">
    <p class='ocr_par' dir='ltr' id='par_1_35' title="bbox 247 3327 1828 3400">
     <span class='ocr_line' id='line_1_35' title="bbox 247 3327 1828 3400; baseline -0.003 -16"><span class='ocrx_word' id='word_1_277' title='bbox 247 3328 511 3400; x_wconf 84' lang='grc' dir='ltr'>διάφορος</span> <span class='ocrx_word' id='word_1_278' title='bbox 559 3329 656 3382; x_wconf 76' lang='grc' dir='ltr'>καὶ</span> <span class='ocrx_word' id='word_1_279' title='bbox 701 3328 926 3400; x_wconf 76' lang='grc' dir='ltr'>ποικίλη</span> <span class='ocrx_word' id='word_1_280' title='bbox 957 3327 1067 3382; x_wconf 88' lang='grc' dir='ltr'>τῶν</span> <span class='ocrx_word' id='word_1_281' title='bbox 1103 3329 1161 3382; x_wconf 90' lang='grc' dir='ltr'>ἐν</span> <span class='ocrx_word' id='word_1_282' title='bbox 1193 3327 1344 3399; x_wconf 84' lang='grc' dir='ltr'>αὐτῷ</span> <span class='ocrx_word' id='word_1_283' title='bbox 1391 3329 1579 3400; x_wconf 81' lang='grc' dir='ltr'>μερῶν</span> <span class='ocrx_word' id='word_1_284' title='bbox 1612 3327 1828 3396; x_wconf 86' lang='grc' dir='ltr'>κίνησις</span> 
     </span>
    </p>
   </div>
   <div class='ocr_carea' id='block_1_36' title="bbox 246 3419 1831 3494">
    <p class='ocr_par' dir='ltr' id='par_1_36' title="bbox 246 3419 1831 3494">
     <span class='ocr_line' id='line_1_36' title="bbox 246 3419 1831 3494; baseline -0.004 -17"><span class='ocrx_word' id='word_1_285' title='bbox 246 3425 344 3477; x_wconf 76' lang='grc' dir='ltr'>καὶ</span> <span class='ocrx_word' id='word_1_286' title='bbox 372 3423 656 3486; x_wconf 89' lang='grc' dir='ltr'>διάστασίς</span> <span class='ocrx_word' id='word_1_287' title='bbox 682 3439 740 3494; x_wconf 78' lang='grc' dir='ltr'>τε</span> <span class='ocrx_word' id='word_1_288' title='bbox 777 3423 870 3476; x_wconf 74' lang='grc' dir='ltr'>καὶ</span> <span class='ocrx_word' id='word_1_289' title='bbox 903 3423 1206 3494; x_wconf 79' lang='grc' dir='ltr'>συνδρομὴ,</span> <span class='ocrx_word' id='word_1_290' title='bbox 1237 3420 1568 3474; x_wconf 81' lang='grc' dir='ltr'>δουλεύουσα</span> <span class='ocrx_word' id='word_1_291' title='bbox 1599 3419 1676 3490; x_wconf 82' lang='grc' dir='ltr'>τῷ</span> <span class='ocrx_word' id='word_1_292' title='bbox 1701 3420 1831 3490; x_wconf 82' lang='grc' dir='ltr'>θείῳ</span> 
     </span>
    </p>
   </div>
   <div class='ocr_carea' id='block_1_37' title="bbox 246 3491 1828 3587">
    <p class='ocr_par' dir='ltr' id='par_1_37' title="bbox 246 3491 1828 3587">
     <span class='ocr_line' id='line_1_37' title="bbox 246 3491 1828 3587; baseline -0.002 -17"><span class='ocrx_word' id='word_1_293' title='bbox 246 3516 541 3587; x_wconf 72' lang='grc' dir='ltr'>Θελήματι,</span> <span class='ocrx_word' id='word_1_294' title='bbox 567 3491 817 3586; x_wconf 61' lang='grc' dir='ltr'>πρδεττὴν</span> <span class='ocrx_word' id='word_1_295' title='bbox 847 3515 956 3568; x_wconf 86' lang='grc' dir='ltr'>τῶν</span> <span class='ocrx_word' id='word_1_296' title='bbox 974 3516 1219 3584; x_wconf 70' lang='grc' dir='ltr'>γενητῶν</span> <span class='ocrx_word' id='word_1_297' title='bbox 1237 3515 1332 3569; x_wconf 77' lang='grc' dir='ltr'>καὶ</span> <span class='ocrx_word' id='word_1_298' title='bbox 1348 3514 1418 3583; x_wconf 85' lang='grc' dir='ltr'>φθ</span> <span class='ocrx_word' id='word_1_299' title='bbox 1430 3513 1604 3582; x_wconf 74' lang='grc' dir='ltr'>αρτῶν</span> <span class='ocrx_word' id='word_1_300' title='bbox 1620 3511 1828 3567; x_wconf 84' lang='grc' dir='ltr'>τούτων</span> 
     </span>
    </p>
   </div>
   <div class='ocr_carea' id='block_1_38' title="bbox 245 3605 1829 3681">
    <p class='ocr_par' dir='ltr' id='par_1_38' title="bbox 245 3605 1829 3681">
     <span class='ocr_line' id='line_1_38' title="bbox 245 3605 1829 3681; baseline -0.002 -19"><span class='ocrx_word' id='word_1_301' title='bbox 245 3608 488 3679; x_wconf 75' lang='grc' dir='ltr'>ὕπαρξιν</span> <span class='ocrx_word' id='word_1_302' title='bbox 505 3609 601 3662; x_wconf 74' lang='grc' dir='ltr'>καὶ</span> <span class='ocrx_word' id='word_1_303' title='bbox 615 3607 888 3681; x_wconf 76' lang='grc' dir='ltr'>διαδοχὴν,</span> <span class='ocrx_word' id='word_1_304' title='bbox 913 3606 948 3661; x_wconf 80' lang='grc' dir='ltr'>ά</span> <span class='ocrx_word' id='word_1_305' title='bbox 965 3607 1146 3660; x_wconf 80' lang='grc' dir='ltr'>πάντα</span> <span class='ocrx_word' id='word_1_306' title='bbox 1177 3606 1340 3676; x_wconf 79' lang='grc' dir='ltr'>χάριν</span> <span class='ocrx_word' id='word_1_307' title='bbox 1363 3607 1396 3676; x_wconf 89' lang='grc' dir='ltr'>ή</span> <span class='ocrx_word' id='word_1_308' title='bbox 1407 3605 1525 3674; x_wconf 89' lang='grc' dir='ltr'>μῶν</span> <span class='ocrx_word' id='word_1_309' title='bbox 1559 3605 1689 3671; x_wconf 84' lang='grc' dir='ltr'>εἰσι,</span> <span class='ocrx_word' id='word_1_310' title='bbox 1717 3606 1829 3659; x_wconf 81' lang='grc' dir='ltr'>τῶν</span> 
     </span>
    </p>
   </div>
   <div class='ocr_carea' id='block_1_39' title="bbox 241 3699 1829 3773">
    <p class='ocr_par' dir='ltr' id='par_1_39' title="bbox 241 3699 1829 3773">
     <span class='ocr_line' id='line_1_39' title="bbox 241 3699 1829 3773; baseline -0.003 -18"><span class='ocrx_word' id='word_1_311' title='bbox 241 3701 560 3771; x_wconf 80' lang='grc' dir='ltr'>ἀνθρώπων</span> <span class='ocrx_word' id='word_1_312' title='bbox 603 3699 700 3754; x_wconf 85' lang='grc' dir='ltr'>καί</span> <span class='ocrx_word' id='word_1_313' title='bbox 747 3699 1021 3773; x_wconf 87' lang='grc' dir='ltr'>διαφόρων</span> <span class='ocrx_word' id='word_1_314' title='bbox 1053 3699 1524 3768; x_wconf 80' lang='grc' dir='ltr'>ἀποτελεσμάτων</span> <span class='ocrx_word' id='word_1_315' title='bbox 1556 3699 1706 3752; x_wconf 85' lang='grc' dir='ltr'>αἰτία</span> <span class='ocrx_word' id='word_1_316' title='bbox 1741 3699 1829 3767; x_wconf 92' lang='grc' dir='ltr'>γί-</span> 
     </span>
    </p>
   </div>
   <div class='ocr_carea' id='block_1_40' title="bbox 238 3791 1829 3864">
    <p class='ocr_par' dir='ltr' id='par_1_40' title="bbox 238 3791 1829 3864">
     <span class='ocr_line' id='line_1_40' title="bbox 238 3791 1829 3864; baseline -0.004 -16"><span class='ocrx_word' id='word_1_317' title='bbox 238 3811 431 3864; x_wconf 73' lang='grc' dir='ltr'>νηται,</span> <span class='ocrx_word' id='word_1_318' title='bbox 464 3795 566 3848; x_wconf 89' lang='grc' dir='ltr'>οὐκ</span> <span class='ocrx_word' id='word_1_319' title='bbox 588 3793 809 3846; x_wconf 84' lang='grc' dir='ltr'>εἰδότων</span> <span class='ocrx_word' id='word_1_320' title='bbox 841 3793 942 3863; x_wconf 77' lang='grc' dir='ltr'>μὲν</span> <span class='ocrx_word' id='word_1_321' title='bbox 970 3794 1150 3846; x_wconf 83' lang='grc' dir='ltr'>αὐτῶν</span> <span class='ocrx_word' id='word_1_322' title='bbox 1182 3791 1293 3844; x_wconf 90' lang='grc' dir='ltr'>τῶν</span> <span class='ocrx_word' id='word_1_323' title='bbox 1341 3794 1434 3845; x_wconf 85' lang='grc' dir='ltr'>τοῦ</span> <span class='ocrx_word' id='word_1_324' title='bbox 1491 3792 1696 3861; x_wconf 78' lang='grc' dir='ltr'>κόσμου</span> <span class='ocrx_word' id='word_1_325' title='bbox 1732 3808 1829 3860; x_wconf 90' lang='grc' dir='ltr'>με-</span> 
     </span>
    </p>
   </div>
   <div class='ocr_carea' id='block_1_41' title="bbox 241 3883 1832 3962">
    <p class='ocr_par' dir='ltr' id='par_1_41' title="bbox 241 3883 1832 3962">
     <span class='ocr_line' id='line_1_41' title="bbox 241 3883 1832 3962; baseline -0.005 -20"><span class='ocrx_word' id='word_1_326' title='bbox 241 3889 367 3962; x_wconf 85' lang='grc' dir='ltr'>ρῶν</span> <span class='ocrx_word' id='word_1_327' title='bbox 414 3887 452 3943; x_wconf 78' lang='grc' dir='ltr'>δ.</span> <span class='ocrx_word' id='word_1_328' title='bbox 494 3887 736 3953; x_wconf 92' lang='grc' dir='ltr'>ποιοῦσι,</span> <span class='ocrx_word' id='word_1_329' title='bbox 778 3887 899 3949; x_wconf 90' lang='grc' dir='ltr'>ταῖς</span> <span class='ocrx_word' id='word_1_330' title='bbox 929 3885 989 3938; x_wconf 77' lang='grc' dir='ltr'>δέ</span> <span class='ocrx_word' id='word_1_331' title='bbox 1023 3883 1362 3946; x_wconf 85' lang='grc' dir='ltr'>ἐντεθείσαις</span> <span class='ocrx_word' id='word_1_332' title='bbox 1401 3883 1588 3946; x_wconf 83' lang='grc' dir='ltr'>αὐτοῖς</span> <span class='ocrx_word' id='word_1_333' title='bbox 1642 3883 1832 3936; x_wconf 83' lang='grc' dir='ltr'>θεόθεν</span> 
     </span>
    </p>
   </div>
   <div class='ocr_carea' id='block_1_42' title="bbox 233 3973 1830 4051">
    <p class='ocr_par' dir='ltr' id='par_1_42' title="bbox 233 3973 1830 4051">
     <span class='ocr_line' id='line_1_42' title="bbox 233 3973 1830 4051; baseline -0.004 -16"><span class='ocrx_word' id='word_1_334' title='bbox 233 3980 655 4051; x_wconf 73' lang='grc' dir='ltr'>ἐπιτηδειότησι</span> <span class='ocrx_word' id='word_1_335' title='bbox 684 3977 824 4049; x_wconf 69' lang='grc' dir='ltr'>πρὸς</span> <span class='ocrx_word' id='word_1_336' title='bbox 871 3976 934 4031; x_wconf 86' lang='grc' dir='ltr'>τδ</span> <span class='ocrx_word' id='word_1_337' title='bbox 980 3975 1209 4030; x_wconf 88' lang='grc' dir='ltr'>τοιαῦτα</span> <span class='ocrx_word' id='word_1_338' title='bbox 1239 3977 1420 4030; x_wconf 84' lang='grc' dir='ltr'>ποιείν</span> <span class='ocrx_word' id='word_1_339' title='bbox 1467 3973 1738 4038; x_wconf 90' lang='grc' dir='ltr'>ἀκουσίως</span> <span class='ocrx_word' id='word_1_340' title='bbox 1769 3991 1830 4028; x_wconf 87' lang='grc' dir='ltr'>τε</span> 
     </span>
    </p>
   </div>
   <div class='ocr_carea' id='block_1_43' title="bbox 237 4065 1832 4138">
    <p class='ocr_par' dir='ltr' id='par_1_43' title="bbox 237 4065 1832 4138">
     <span class='ocr_line' id='line_1_43' title="bbox 237 4065 1832 4138; baseline -0.004 -14"><span class='ocrx_word' id='word_1_341' title='bbox 237 4071 345 4138; x_wconf 57' lang='grc' dir='ltr'>καὶ</span> <span class='ocrx_word' id='word_1_342' title='bbox 381 4069 627 4138; x_wconf 88' lang='grc' dir='ltr'>φυσικῶς</span> <span class='ocrx_word' id='word_1_343' title='bbox 654 4067 1038 4122; x_wconf 85' lang='grc' dir='ltr'>δουλευόντων.</span> <span class='ocrx_word' id='word_1_344' title='bbox 1077 4065 1244 4122; x_wconf 86' lang='grc' dir='ltr'>Ὅθεν</span> <span class='ocrx_word' id='word_1_345' title='bbox 1271 4068 1390 4130; x_wconf 87' lang='grc' dir='ltr'>ταῖς</span> <span class='ocrx_word' id='word_1_346' title='bbox 1416 4065 1699 4135; x_wconf 83' lang='grc' dir='ltr'>διαφόροις</span> <span class='ocrx_word' id='word_1_347' title='bbox 1731 4065 1832 4134; x_wconf 79' lang='grc' dir='ltr'>μὲν</span> 
     </span>
    </p>
   </div>
   <div class='ocr_carea' id='block_1_44' title="bbox 237 4157 1831 4228">
    <p class='ocr_par' dir='ltr' id='par_1_44' title="bbox 237 4157 1831 4228">
     <span class='ocr_line' id='line_1_44' title="bbox 237 4157 1831 4228; baseline -0.005 -12"><span class='ocrx_word' id='word_1_348' title='bbox 237 4158 456 4224; x_wconf 84' lang='grc' dir='ltr'>αὐτῶν,</span> <span class='ocrx_word' id='word_1_349' title='bbox 489 4159 775 4222; x_wconf 85' lang='grc' dir='ltr'>εὐτάκτοις</span> <span class='ocrx_word' id='word_1_350' title='bbox 819 4159 876 4214; x_wconf 77' lang='grc' dir='ltr'>δέ</span> <span class='ocrx_word' id='word_1_351' title='bbox 908 4159 1191 4228; x_wconf 87' lang='grc' dir='ltr'>κινήσεσιν</span> <span class='ocrx_word' id='word_1_352' title='bbox 1229 4158 1632 4228; x_wconf 73' lang='grc' dir='ltr'>ἐπιστήσαντες</span> <span class='ocrx_word' id='word_1_353' title='bbox 1672 4157 1831 4222; x_wconf 74' lang='grc' dir='ltr'>ἔνιοι,</span> 
     </span>
    </p>
   </div>
   <div class='ocr_carea' id='block_1_45' title="bbox 238 4249 1832 4322">
    <p class='ocr_par' dir='ltr' id='par_1_45' title="bbox 238 4249 1832 4322">
     <span class='ocr_line' id='line_1_45' title="bbox 238 4249 1832 4322; baseline -0.004 -14"><span class='ocrx_word' id='word_1_354' title='bbox 238 4250 374 4309; x_wconf 77' lang='grc' dir='ltr'>εἶτα.</span> <span class='ocrx_word' id='word_1_355' title='bbox 405 4255 518 4316; x_wconf 89' lang='grc' dir='ltr'>τοῖς</span> <span class='ocrx_word' id='word_1_356' title='bbox 556 4251 838 4322; x_wconf 84' lang='grc' dir='ltr'>διαφόροις</span> <span class='ocrx_word' id='word_1_357' title='bbox 871 4251 1056 4305; x_wconf 86' lang='grc' dir='ltr'>αὐτῶν</span> <span class='ocrx_word' id='word_1_358' title='bbox 1104 4249 1550 4320; x_wconf 84' lang='grc' dir='ltr'>ἀποτελέσμασιν</span> <span class='ocrx_word' id='word_1_359' title='bbox 1610 4253 1668 4304; x_wconf 80' lang='grc' dir='ltr'>ἐν</span> <span class='ocrx_word' id='word_1_360' title='bbox 1717 4252 1832 4314; x_wconf 86' lang='grc' dir='ltr'>τοῖς</span> 
     </span>
    </p>
   </div>
   <div class='ocr_carea' id='block_1_46' title="bbox 237 4341 1832 4412">
    <p class='ocr_par' dir='ltr' id='par_1_46' title="bbox 237 4341 1832 4412">
     <span class='ocr_line' id='line_1_46' title="bbox 237 4341 1832 4412; baseline -0.002 -13"><span class='ocrx_word' id='word_1_361' title='bbox 237 4343 511 4400; x_wconf 81' lang='grc' dir='ltr'>ὑποκάτω</span> <span class='ocrx_word' id='word_1_362' title='bbox 541 4342 753 4406; x_wconf 86' lang='grc' dir='ltr'>τούτοις</span> <span class='ocrx_word' id='word_1_363' title='bbox 779 4345 895 4407; x_wconf 90' lang='grc' dir='ltr'>τοῖς</span> <span class='ocrx_word' id='word_1_364' title='bbox 922 4344 1174 4412; x_wconf 85' lang='grc' dir='ltr'>γενητοῖς</span> <span class='ocrx_word' id='word_1_365' title='bbox 1201 4342 1405 4412; x_wconf 82' lang='grc' dir='ltr'>τέχνην</span> <span class='ocrx_word' id='word_1_366' title='bbox 1447 4342 1549 4412; x_wconf 88' lang='grc' dir='ltr'>μέν</span> <span class='ocrx_word' id='word_1_367' title='bbox 1580 4341 1832 4396; x_wconf 83' lang='grc' dir='ltr'>ἐντεῦθεν</span> 
     </span>
    </p>
   </div>
   <div class='ocr_carea' id='block_1_47' title="bbox 237 4431 1832 4506">
    <p class='ocr_par' dir='ltr' id='par_1_47' title="bbox 237 4431 1832 4506">
     <span class='ocr_line' id='line_1_47' title="bbox 237 4431 1832 4506; baseline -0.004 -14"><span class='ocrx_word' id='word_1_368' title='bbox 237 4436 659 4506; x_wconf 84' lang='grc' dir='ltr'>συνεστήσαντο</span> <span class='ocrx_word' id='word_1_369' title='bbox 694 4434 837 4488; x_wconf 88' lang='grc' dir='ltr'>πάνυ</span> <span class='ocrx_word' id='word_1_370' title='bbox 892 4433 1154 4496; x_wconf 85' lang='grc' dir='ltr'>συνετῶς,</span> <span class='ocrx_word' id='word_1_371' title='bbox 1182 4434 1249 4488; x_wconf 92' lang='grc' dir='ltr'>τά</span> <span class='ocrx_word' id='word_1_372' title='bbox 1297 4431 1528 4486; x_wconf 84' lang='grc' dir='ltr'>τοιαῦτα</span> <span class='ocrx_word' id='word_1_373' title='bbox 1563 4431 1832 4504; x_wconf 81' lang='grc' dir='ltr'>ζητοῦσαν</span> 
     </span>
    </p>
   </div>
   <div class='ocr_carea' id='block_1_48' title="bbox 1937 576 3518 658">
    <p class='ocr_par' dir='ltr' id='par_1_48' title="bbox 1937 576 3518 658">
     <span class='ocr_line' id='line_1_48' title="bbox 1937 576 3518 658; baseline 0.007 -30"><span class='ocrx_word' id='word_1_374' title='bbox 1937 577 2052 638; x_wconf 84' lang='grc' dir='ltr'>τοῖς</span> <span class='ocrx_word' id='word_1_375' title='bbox 2083 579 2330 646; x_wconf 79' lang='grc' dir='ltr'>γενητοῖς</span> <span class='ocrx_word' id='word_1_376' title='bbox 2347 576 2562 642; x_wconf 81' lang='grc' dir='ltr'>τούτοις</span> <span class='ocrx_word' id='word_1_377' title='bbox 2586 579 2769 649; x_wconf 84' lang='grc' dir='ltr'>νόμων</span> <span class='ocrx_word' id='word_1_378' title='bbox 2795 581 2830 634; x_wconf 81' lang='grc' dir='ltr'>ἀ</span> <span class='ocrx_word' id='word_1_379' title='bbox 2865 581 2975 634; x_wconf 87' lang='grc' dir='ltr'>τῶν</span> <span class='ocrx_word' id='word_1_380' title='bbox 3017 583 3322 652; x_wconf 83' lang='grc' dir='ltr'>ἀνθρώπων</span> <span class='ocrx_word' id='word_1_381' title='bbox 3353 586 3518 658; x_wconf 83' lang='grc' dir='ltr'>χάριν</span> 
     </span>
    </p>
   </div>
   <div class='ocr_carea' id='block_1_49' title="bbox 1938 667 3518 746">
    <p class='ocr_par' dir='ltr' id='par_1_49' title="bbox 1938 667 3518 746">
     <span class='ocr_line' id='line_1_49' title="bbox 1938 667 3518 746; baseline 0.007 -26"><span class='ocrx_word' id='word_1_382' title='bbox 1938 667 2180 737; x_wconf 86' lang='grc' dir='ltr'>γίνονται</span> <span class='ocrx_word' id='word_1_383' title='bbox 2207 669 2304 724; x_wconf 91' lang='grc' dir='ltr'>καί</span> <span class='ocrx_word' id='word_1_384' title='bbox 2332 671 2473 724; x_wconf 81' lang='grc' dir='ltr'>εἰσιν</span> <span class='ocrx_word' id='word_1_385' title='bbox 2517 672 2574 726; x_wconf 86' lang='grc' dir='ltr'>αῖ</span> <span class='ocrx_word' id='word_1_386' title='bbox 2603 672 2858 743; x_wconf 81' lang='grc' dir='ltr'>διάφοροι</span> <span class='ocrx_word' id='word_1_387' title='bbox 2887 674 3002 728; x_wconf 84' lang='grc' dir='ltr'>τῶν</span> <span class='ocrx_word' id='word_1_388' title='bbox 3039 675 3347 745; x_wconf 79' lang='grc' dir='ltr'>ἀνθρώπων</span> <span class='ocrx_word' id='word_1_389' title='bbox 3380 678 3518 746; x_wconf 75' lang='grc' dir='ltr'>πρὸς</span> 
     </span>
    </p>
   </div>
   <div class='ocr_carea' id='block_1_50' title="bbox 1934 761 3518 835">
    <p class='ocr_par' dir='ltr' id='par_1_50' title="bbox 1934 761 3518 835">
     <span class='ocr_line' id='line_1_50' title="bbox 1934 761 3518 835; baseline 0.003 -21"><span class='ocrx_word' id='word_1_390' title='bbox 1934 761 1999 815; x_wconf 85' lang='grc' dir='ltr'>τδ</span> <span class='ocrx_word' id='word_1_391' title='bbox 2032 761 2134 832; x_wconf 74' lang='grc' dir='ltr'>ζῇν</span> <span class='ocrx_word' id='word_1_392' title='bbox 2180 762 2366 832; x_wconf 87' lang='grc' dir='ltr'>χρεῖαι</span> <span class='ocrx_word' id='word_1_393' title='bbox 2417 762 2801 835; x_wconf 71' lang='grc' dir='ltr'>πληροῦνται·</span> <span class='ocrx_word' id='word_1_394' title='bbox 2851 765 3118 828; x_wconf 79' lang='grc' dir='ltr'>ὡσαύτως</span> <span class='ocrx_word' id='word_1_395' title='bbox 3174 769 3240 821; x_wconf 81' lang='grc' dir='ltr'>ἐκ</span> <span class='ocrx_word' id='word_1_396' title='bbox 3295 767 3407 822; x_wconf 85' lang='grc' dir='ltr'>τῶν</span> <span class='ocrx_word' id='word_1_397' title='bbox 3459 768 3518 819; x_wconf 88' lang='grc' dir='ltr'>ἐν</span> 
     </span>
    </p>
   </div>
   <div class='ocr_carea' id='block_1_51' title="bbox 1935 853 3516 930">
    <p class='ocr_par' dir='ltr' id='par_1_51' title="bbox 1935 853 3516 930">
     <span class='ocr_line' id='line_1_51' title="bbox 1935 853 3516 930; baseline 0.003 -22"><span class='ocrx_word' id='word_1_398' title='bbox 1935 853 2246 924; x_wconf 82' lang='grc' dir='ltr'>ἀνθρώποις</span> <span class='ocrx_word' id='word_1_399' title='bbox 2280 855 2527 924; x_wconf 87' lang='grc' dir='ltr'>φυσικῶν</span> <span class='ocrx_word' id='word_1_400' title='bbox 2559 855 2741 926; x_wconf 89' lang='grc' dir='ltr'>νόμων</span> <span class='ocrx_word' id='word_1_401' title='bbox 2769 857 2803 926; x_wconf 79' lang='grc' dir='ltr'>ή</span> <span class='ocrx_word' id='word_1_402' title='bbox 2831 857 2944 911; x_wconf 85' lang='grc' dir='ltr'>τῶν</span> <span class='ocrx_word' id='word_1_403' title='bbox 2962 858 3272 930; x_wconf 85' lang='grc' dir='ltr'>ἀνθρώπων</span> <span class='ocrx_word' id='word_1_404' title='bbox 3300 859 3516 913; x_wconf 86' lang='grc' dir='ltr'>διοικεῖ-</span> 
     </span>
    </p>
   </div>
   <div class='ocr_carea' id='block_1_52' title="bbox 1935 947 3518 1024">
    <p class='ocr_par' dir='ltr' id='par_1_52' title="bbox 1935 947 3518 1024">
     <span class='ocr_line' id='line_1_52' title="bbox 1935 947 3518 1024; baseline 0.001 -22"><span class='ocrx_word' id='word_1_405' title='bbox 1935 964 2026 1002; x_wconf 88' lang='grc' dir='ltr'>ται</span> <span class='ocrx_word' id='word_1_406' title='bbox 2059 947 2176 1016; x_wconf 87' lang='grc' dir='ltr'>ζωή</span> <span class='ocrx_word' id='word_1_407' title='bbox 2199 959 2218 978; x_wconf 83' lang='grc'><strong><em>⁸</em></strong></span> <span class='ocrx_word' id='word_1_408' title='bbox 2239 947 2363 1002; x_wconf 83' lang='grc' dir='ltr'>οὐδέ</span> <span class='ocrx_word' id='word_1_409' title='bbox 2402 947 2723 1003; x_wconf 84' lang='grc' dir='ltr'>συνίσταται</span> <span class='ocrx_word' id='word_1_410' title='bbox 2769 949 2952 1018; x_wconf 82' lang='grc' dir='ltr'>μόνον,</span> <span class='ocrx_word' id='word_1_411' title='bbox 2999 950 3264 1006; x_wconf 75' lang='grc' dir='ltr'>ἀλλὰκαὶ</span> <span class='ocrx_word' id='word_1_412' title='bbox 3298 950 3518 1024; x_wconf 79' lang='grc' dir='ltr'>φθείρε-</span> 
     </span>
    </p>
   </div>
   <div class='ocr_carea' id='block_1_53' title="bbox 1934 1040 3517 1113">
    <p class='ocr_par' dir='ltr' id='par_1_53' title="bbox 1934 1040 3517 1113">
     <span class='ocr_line' id='line_1_53' title="bbox 1934 1040 3517 1113; baseline 0.003 -20"><span class='ocrx_word' id='word_1_413' title='bbox 1934 1057 2050 1097; x_wconf 87' lang='grc' dir='ltr'>ται.</span> <span class='ocrx_word' id='word_1_414' title='bbox 2095 1040 2530 1110; x_wconf 83' lang='grc' dir='ltr'>’Υποδείγματος</span> <span class='ocrx_word' id='word_1_415' title='bbox 2567 1042 2753 1112; x_wconf 84' lang='grc' dir='ltr'>χάριν,</span> <span class='ocrx_word' id='word_1_416' title='bbox 2779 1043 2946 1113; x_wconf 91' lang='grc' dir='ltr'>νόμος</span> <span class='ocrx_word' id='word_1_417' title='bbox 2998 1043 3115 1096; x_wconf 72' lang='grc' dir='ltr'>εστι</span> <span class='ocrx_word' id='word_1_418' title='bbox 3161 1044 3392 1113; x_wconf 72' lang='grc' dir='ltr'>φυσικὸς</span> <span class='ocrx_word' id='word_1_419' title='bbox 3421 1045 3517 1098; x_wconf 90' lang='grc' dir='ltr'>τοῦ</span> 
     </span>
    </p>
   </div>
   <div class='ocr_carea' id='block_1_54' title="bbox 1935 1133 3520 1208">
    <p class='ocr_par' dir='ltr' id='par_1_54' title="bbox 1935 1133 3520 1208">
     <span class='ocr_line' id='line_1_54' title="bbox 1935 1133 3520 1208; baseline 0.003 -20"><span class='ocrx_word' id='word_1_420' title='bbox 1935 1134 2283 1206; x_wconf 85' lang='grc' dir='ltr'>κυϐερνήτου</span> <span class='ocrx_word' id='word_1_421' title='bbox 2319 1133 2500 1199; x_wconf 87' lang='grc' dir='ltr'>καλῶς</span> <span class='ocrx_word' id='word_1_422' title='bbox 2531 1135 2736 1200; x_wconf 92' lang='grc' dir='ltr'>εἰδότος</span> <span class='ocrx_word' id='word_1_423' title='bbox 2762 1136 3058 1207; x_wconf 76' lang='grc' dir='ltr'>κυϐερνᾷν,</span> <span class='ocrx_word' id='word_1_424' title='bbox 3084 1139 3176 1191; x_wconf 70' lang='grc' dir='ltr'>καὶ</span> <span class='ocrx_word' id='word_1_425' title='bbox 3195 1137 3288 1191; x_wconf 89' lang='grc' dir='ltr'>τοῦ</span> <span class='ocrx_word' id='word_1_426' title='bbox 3316 1140 3520 1208; x_wconf 79' lang='grc' dir='ltr'>ναυάρ-</span> 
     </span>
    </p>
   </div>
   <div class='ocr_carea' id='block_1_55' title="bbox 1936 1226 3515 1301">
    <p class='ocr_par' dir='ltr' id='par_1_55' title="bbox 1936 1226 3515 1301">
     <span class='ocr_line' id='line_1_55' title="bbox 1936 1226 3515 1301; baseline 0.001 -19"><span class='ocrx_word' id='word_1_427' title='bbox 1936 1245 2034 1298; x_wconf 89' lang='grc' dir='ltr'>χου</span> <span class='ocrx_word' id='word_1_428' title='bbox 2064 1226 2354 1298; x_wconf 86' lang='grc' dir='ltr'>νουνεχοῦς</span> <span class='ocrx_word' id='word_1_429' title='bbox 2384 1226 2542 1290; x_wconf 87' lang='grc' dir='ltr'>δντος</span> <span class='ocrx_word' id='word_1_430' title='bbox 2591 1227 2693 1298; x_wconf 77' lang='grc' dir='ltr'>τὴν</span> <span class='ocrx_word' id='word_1_431' title='bbox 2732 1229 2865 1283; x_wconf 87' lang='grc' dir='ltr'>ναῦν</span> <span class='ocrx_word' id='word_1_432' title='bbox 2912 1230 3303 1296; x_wconf 76' lang='grc' dir='ltr'>διασώζεσθαι,</span> <span class='ocrx_word' id='word_1_433' title='bbox 3330 1231 3398 1286; x_wconf 84' lang='grc' dir='ltr'>ἀν</span> <span class='ocrx_word' id='word_1_434' title='bbox 3441 1233 3515 1301; x_wconf 80' lang='grc' dir='ltr'>μὴ</span> 
     </span>
    </p>
   </div>
   <div class='ocr_carea' id='block_1_56' title="bbox 1934 1319 3516 1391">
    <p class='ocr_par' dir='ltr' id='par_1_56' title="bbox 1934 1319 3516 1391">
     <span class='ocr_line' id='line_1_56' title="bbox 1934 1319 3516 1391; baseline 0.001 -17"><span class='ocrx_word' id='word_1_435' title='bbox 1934 1321 2206 1391; x_wconf 87' lang='grc' dir='ltr'>κρείττων</span> <span class='ocrx_word' id='word_1_436' title='bbox 2251 1319 2475 1389; x_wconf 88' lang='grc' dir='ltr'>ἀπάσης</span> <span class='ocrx_word' id='word_1_437' title='bbox 2524 1319 2722 1390; x_wconf 73' lang='grc' dir='ltr'>τέχνης</span> <span class='ocrx_word' id='word_1_438' title='bbox 2786 1323 2880 1376; x_wconf 75' lang='grc' dir='ltr'>καί</span> <span class='ocrx_word' id='word_1_439' title='bbox 2934 1324 3208 1387; x_wconf 82' lang='grc' dir='ltr'>συνέσεως</span> <span class='ocrx_word' id='word_1_440' title='bbox 3241 1325 3270 1377; x_wconf 91' lang='grc' dir='ltr'>ό</span> <span class='ocrx_word' id='word_1_441' title='bbox 3303 1321 3516 1378; x_wconf 79' lang='grc' dir='ltr'>κλύδων</span> 
     </span>
    </p>
   </div>
   <div class='ocr_carea' id='block_1_57' title="bbox 1935 1413 3519 1492">
    <p class='ocr_par' dir='ltr' id='par_1_57' title="bbox 1935 1413 3519 1492">
     <span class='ocr_line' id='line_1_57' title="bbox 1935 1413 3519 1492; baseline 0.003 -26"><span class='ocrx_word' id='word_1_442' title='bbox 1935 1414 2182 1483; x_wconf 74' lang='grc' dir='ltr'>γένηται.</span> <span class='ocrx_word' id='word_1_443' title='bbox 2239 1414 2341 1466; x_wconf 78' lang='grc' dir='ltr'>Ἂν</span> <span class='ocrx_word' id='word_1_444' title='bbox 2387 1413 2446 1466; x_wconf 73' lang='grc' dir='ltr'>δὲ</span> <span class='ocrx_word' id='word_1_445' title='bbox 2499 1414 2898 1485; x_wconf 83' lang='grc' dir='ltr'>ἀνεπιστήμων</span> <span class='ocrx_word' id='word_1_446' title='bbox 2955 1417 2984 1470; x_wconf 87' lang='grc' dir='ltr'>δ</span> <span class='ocrx_word' id='word_1_447' title='bbox 3035 1417 3318 1487; x_wconf 91' lang='grc' dir='ltr'>κυϐερνῶν</span> <span class='ocrx_word' id='word_1_448' title='bbox 3419 1419 3452 1488; x_wconf 78' lang='grc' dir='ltr'>ἢ</span> <span class='ocrx_word' id='word_1_449' title='bbox 3491 1420 3519 1470; x_wconf 88' lang='grc' dir='ltr'>ό</span> 
     </span>
    </p>
   </div>
   <div class='ocr_carea' id='block_1_58' title="bbox 1935 1506 3516 1584">
    <p class='ocr_par' dir='ltr' id='par_1_58' title="bbox 1935 1506 3516 1584">
     <span class='ocr_line' id='line_1_58' title="bbox 1935 1506 3516 1584; baseline 0.003 -22"><span class='ocrx_word' id='word_1_450' title='bbox 1935 1507 2206 1578; x_wconf 78' lang='grc' dir='ltr'>ναύαρχος</span> <span class='ocrx_word' id='word_1_451' title='bbox 2253 1509 2350 1562; x_wconf 72' lang='grc' dir='ltr'>καὶ</span> <span class='ocrx_word' id='word_1_452' title='bbox 2378 1506 2541 1562; x_wconf 73' lang='grc' dir='ltr'>εἰδότι</span> <span class='ocrx_word' id='word_1_453' title='bbox 2587 1507 2664 1578; x_wconf 83' lang='grc' dir='ltr'>τῷ</span> <span class='ocrx_word' id='word_1_454' title='bbox 2696 1509 3008 1582; x_wconf 87' lang='grc' dir='ltr'>κυϐερνήτῃ</span> <span class='ocrx_word' id='word_1_455' title='bbox 3039 1510 3114 1582; x_wconf 78' lang='grc' dir='ltr'>μὴ</span> <span class='ocrx_word' id='word_1_456' title='bbox 3150 1511 3280 1584; x_wconf 78' lang='grc' dir='ltr'>θέλῃ</span> <span class='ocrx_word' id='word_1_457' title='bbox 3313 1513 3516 1582; x_wconf 83' lang='grc' dir='ltr'>προσέ-</span> 
     </span>
    </p>
   </div>
   <div class='ocr_carea' id='block_1_59' title="bbox 1934 1604 3517 1677">
    <p class='ocr_par' dir='ltr' id='par_1_59' title="bbox 1934 1604 3517 1677">
     <span class='ocr_line' id='line_1_59' title="bbox 1934 1604 3517 1677; baseline -0.001 -18"><span class='ocrx_word' id='word_1_458' title='bbox 1934 1623 2052 1677; x_wconf 87' lang='grc' dir='ltr'>χειν</span> <span class='ocrx_word' id='word_1_459' title='bbox 2087 1606 2210 1675; x_wconf 76' lang='grc' dir='ltr'>μηδ’</span> <span class='ocrx_word' id='word_1_460' title='bbox 2243 1605 2353 1675; x_wconf 82' lang='grc' dir='ltr'>ἐῴη</span> <span class='ocrx_word' id='word_1_461' title='bbox 2397 1604 2672 1676; x_wconf 81' lang='grc' dir='ltr'>κυϐερνᾷν</span> <span class='ocrx_word' id='word_1_462' title='bbox 2700 1604 2868 1658; x_wconf 81' lang='grc' dir='ltr'>αὐτὸν</span> <span class='ocrx_word' id='word_1_463' title='bbox 2899 1605 2976 1668; x_wconf 83' lang='grc' dir='ltr'>ὡς</span> <span class='ocrx_word' id='word_1_464' title='bbox 3006 1604 3323 1666; x_wconf 83' lang='grc' dir='ltr'>ἐπίσταται,</span> <span class='ocrx_word' id='word_1_465' title='bbox 3353 1607 3517 1674; x_wconf 86' lang='grc' dir='ltr'>νόμος</span> 
     </span>
    </p>
   </div>
   <div class='ocr_carea' id='block_1_60' title="bbox 1935 1695 3519 1767">
    <p class='ocr_par' dir='ltr' id='par_1_60' title="bbox 1935 1695 3519 1767">
     <span class='ocr_line' id='line_1_60' title="bbox 1935 1695 3519 1767; baseline -0.002 -15"><span class='ocrx_word' id='word_1_466' title='bbox 1935 1699 2053 1752; x_wconf 76' lang='grc' dir='ltr'>ἐστι</span> <span class='ocrx_word' id='word_1_467' title='bbox 2080 1697 2178 1767; x_wconf 76' lang='grc' dir='ltr'>τὴν</span> <span class='ocrx_word' id='word_1_468' title='bbox 2207 1696 2346 1750; x_wconf 90' lang='grc' dir='ltr'>ναῦν</span> <span class='ocrx_word' id='word_1_469' title='bbox 2376 1696 2714 1751; x_wconf 89' lang='grc' dir='ltr'>ἀπόλλυσθαι</span> <span class='ocrx_word' id='word_1_470' title='bbox 2757 1695 3034 1759; x_wconf 82' lang='grc' dir='ltr'>κλύδωνος</span> <span class='ocrx_word' id='word_1_471' title='bbox 3071 1695 3390 1765; x_wconf 82' lang='grc' dir='ltr'>ἐγερθέντος</span> <span class='ocrx_word' id='word_1_472' title='bbox 3423 1715 3519 1762; x_wconf 89' lang='grc' dir='ltr'>με-</span> 
     </span>
    </p>
   </div>
   <div class='ocr_carea' id='block_1_61' title="bbox 1934 1787 3516 1860">
    <p class='ocr_par' dir='ltr' id='par_1_61' title="bbox 1934 1787 3516 1860">
     <span class='ocr_line' id='line_1_61' title="bbox 1934 1787 3516 1860; baseline -0.001 -16"><span class='ocrx_word' id='word_1_473' title='bbox 1934 1789 2102 1858; x_wconf 86' lang='grc' dir='ltr'>γάλου</span> <span class='ocrx_word' id='word_1_474' title='bbox 2133 1789 2167 1860; x_wconf 80' lang='grc' dir='ltr'>ή</span> <span class='ocrx_word' id='word_1_475' title='bbox 2211 1789 2306 1842; x_wconf 75' lang='grc' dir='ltr'>καὶ</span> <span class='ocrx_word' id='word_1_476' title='bbox 2332 1787 2604 1852; x_wconf 79' lang='grc' dir='ltr'>κλύδωνος</span> <span class='ocrx_word' id='word_1_477' title='bbox 2635 1787 2786 1852; x_wconf 80' lang='grc' dir='ltr'>ἄνευ,</span> <span class='ocrx_word' id='word_1_478' title='bbox 2817 1787 2877 1852; x_wconf 82' lang='grc' dir='ltr'>ἐξ</span> <span class='ocrx_word' id='word_1_479' title='bbox 2915 1787 3092 1841; x_wconf 86' lang='grc' dir='ltr'>ἀλλων</span> <span class='ocrx_word' id='word_1_480' title='bbox 3122 1787 3395 1857; x_wconf 86' lang='grc' dir='ltr'>δήπουθεν</span> <span class='ocrx_word' id='word_1_481' title='bbox 3427 1789 3516 1842; x_wconf 64' lang='grc' dir='ltr'>αίη</span> 
     </span>
    </p>
   </div>
   <div class='ocr_carea' id='block_1_62' title="bbox 1931 1881 3515 1952">
    <p class='ocr_par' dir='ltr' id='par_1_62' title="bbox 1931 1881 3515 1952">
     <span class='ocr_line' id='line_1_62' title="bbox 1931 1881 3515 1952; baseline -0.003 -14"><span class='ocrx_word' id='word_1_482' title='bbox 1931 1884 2084 1940; x_wconf 89' lang='grc' dir='ltr'>τιῶν.</span> <span class='ocrx_word' id='word_1_483' title='bbox 2124 1885 2219 1938; x_wconf 84' lang='grc' dir='ltr'>Ἐκ</span> <span class='ocrx_word' id='word_1_484' title='bbox 2253 1882 2407 1937; x_wconf 85' lang='grc' dir='ltr'>τοῦδε</span> <span class='ocrx_word' id='word_1_485' title='bbox 2429 1883 2526 1936; x_wconf 84' lang='grc' dir='ltr'>τοῦ</span> <span class='ocrx_word' id='word_1_486' title='bbox 2560 1881 2732 1952; x_wconf 87' lang='grc' dir='ltr'>νόμου</span> <span class='ocrx_word' id='word_1_487' title='bbox 2770 1881 3061 1952; x_wconf 86' lang='grc' dir='ltr'>συμϐαίνει</span> <span class='ocrx_word' id='word_1_488' title='bbox 3090 1881 3368 1948; x_wconf 87' lang='grc' dir='ltr'>σώζεσθαι</span> <span class='ocrx_word' id='word_1_489' title='bbox 3416 1883 3515 1951; x_wconf 78' lang='grc' dir='ltr'>μὲν</span> 
     </span>
    </p>
   </div>
   <div class='ocr_carea' id='block_1_63' title="bbox 1933 1973 3518 2039">
    <p class='ocr_par' dir='ltr' id='par_1_63' title="bbox 1933 1973 3518 2039">
     <span class='ocr_line' id='line_1_63' title="bbox 1933 1973 3518 2039; baseline -0.001 -11"><span class='ocrx_word' id='word_1_490' title='bbox 1933 1975 2224 2039; x_wconf 84' lang='grc' dir='ltr'>πλείστους</span> <span class='ocrx_word' id='word_1_491' title='bbox 2263 1973 2427 2037; x_wconf 76' lang='grc' dir='ltr'>ὄντας</span> <span class='ocrx_word' id='word_1_492' title='bbox 2473 1976 2604 2036; x_wconf 81' lang='grc' dir='ltr'>τοὺς</span> <span class='ocrx_word' id='word_1_493' title='bbox 2647 1973 2924 2038; x_wconf 82' lang='grc' dir='ltr'>πλέοντας</span> <span class='ocrx_word' id='word_1_494' title='bbox 2950 1975 3096 2029; x_wconf 84' lang='grc' dir='ltr'>δυοῖν</span> <span class='ocrx_word' id='word_1_495' title='bbox 3142 1975 3310 2029; x_wconf 78' lang='grc' dir='ltr'>ἕνεκα</span> <span class='ocrx_word' id='word_1_496' title='bbox 3333 1973 3518 2037; x_wconf 90' lang='grc' dir='ltr'>καλῶς</span> 
     </span>
    </p>
   </div>
   <div class='ocr_carea' id='block_1_64' title="bbox 1931 2067 3516 2138">
    <p class='ocr_par' dir='ltr' id='par_1_64' title="bbox 1931 2067 3516 2138">
     <span class='ocr_line' id='line_1_64' title="bbox 1931 2067 3516 2138; baseline 0 -18"><span class='ocrx_word' id='word_1_497' title='bbox 1931 2069 2198 2138; x_wconf 84' lang='grc' dir='ltr'>πράττειν</span> <span class='ocrx_word' id='word_1_498' title='bbox 2236 2067 2480 2134; x_wconf 85' lang='grc' dir='ltr'>εἰδότων,</span> <span class='ocrx_word' id='word_1_499' title='bbox 2523 2067 2866 2121; x_wconf 85' lang='grc' dir='ltr'>ἀπόλλυσθαι</span> <span class='ocrx_word' id='word_1_500' title='bbox 2923 2067 2981 2120; x_wconf 74' lang='grc' dir='ltr'>δὲ</span> <span class='ocrx_word' id='word_1_501' title='bbox 3035 2067 3183 2120; x_wconf 84' lang='grc' dir='ltr'>δυοῖν</span> <span class='ocrx_word' id='word_1_502' title='bbox 3229 2067 3516 2121; x_wconf 73' lang='grc' dir='ltr'>ἀσυνέτων</span> 
     </span>
    </p>
   </div>
   <div class='ocr_carea' id='block_1_65' title="bbox 1932 2159 3514 2234">
    <p class='ocr_par' dir='ltr' id='par_1_65' title="bbox 1932 2159 3514 2234">
     <span class='ocr_line' id='line_1_65' title="bbox 1932 2159 3514 2234; baseline -0.002 -20"><span class='ocrx_word' id='word_1_503' title='bbox 1932 2161 2096 2214; x_wconf 71' lang='grc' dir='ltr'>ἕνεκα</span> <span class='ocrx_word' id='word_1_504' title='bbox 2129 2162 2225 2216; x_wconf 77' lang='grc' dir='ltr'>καὶ</span> <span class='ocrx_word' id='word_1_505' title='bbox 2253 2161 2734 2230; x_wconf 85' lang='grc' dir='ltr'>ἀνεπιστημόνων.</span> <span class='ocrx_word' id='word_1_506' title='bbox 2767 2159 2907 2224; x_wconf 79' lang='grc' dir='ltr'>Τοὺς</span> <span class='ocrx_word' id='word_1_507' title='bbox 2929 2161 3206 2224; x_wconf 85' lang='grc' dir='ltr'>τοιούτους</span> <span class='ocrx_word' id='word_1_508' title='bbox 3232 2160 3332 2227; x_wconf 83' lang='grc' dir='ltr'>τῆς</span> <span class='ocrx_word' id='word_1_509' title='bbox 3363 2160 3514 2234; x_wconf 82' lang='grc' dir='ltr'>θείας</span> 
     </span>
    </p>
   </div>
   <div class='ocr_carea' id='block_1_66' title="bbox 1933 2249 3518 2328">
    <p class='ocr_par' dir='ltr' id='par_1_66' title="bbox 1933 2249 3518 2328">
     <span class='ocr_line' id='line_1_66' title="bbox 1933 2249 3518 2328; baseline -0.001 -24"><span class='ocrx_word' id='word_1_510' title='bbox 1933 2252 2142 2316; x_wconf 80' lang='grc' dir='ltr'>τάξεως</span> <span class='ocrx_word' id='word_1_511' title='bbox 2195 2251 2398 2315; x_wconf 82' lang='grc' dir='ltr'>νόμους</span> <span class='ocrx_word' id='word_1_512' title='bbox 2447 2252 2498 2305; x_wconf 83' lang='grc' dir='ltr'>οῖ</span> <span class='ocrx_word' id='word_1_513' title='bbox 2543 2251 2644 2320; x_wconf 79' lang='grc' dir='ltr'>τὴν</span> <span class='ocrx_word' id='word_1_514' title='bbox 2697 2249 2860 2317; x_wconf 86' lang='grc' dir='ltr'>φύσιν</span> <span class='ocrx_word' id='word_1_515' title='bbox 2905 2250 3246 2320; x_wconf 80' lang='grc' dir='ltr'>ἀμφέχουσιν</span> <span class='ocrx_word' id='word_1_516' title='bbox 3295 2249 3518 2328; x_wconf 73' lang='grc' dir='ltr'>ᾆπασαν</span> 
     </span>
    </p>
   </div>
   <div class='ocr_carea' id='block_1_67' title="bbox 1931 2341 3515 2414">
    <p class='ocr_par' dir='ltr' id='par_1_67' title="bbox 1931 2341 3515 2414">
     <span class='ocr_line' id='line_1_67' title="bbox 1931 2341 3515 2414; baseline -0.001 -16"><span class='ocrx_word' id='word_1_517' title='bbox 1931 2343 2148 2412; x_wconf 79' lang='grc' dir='ltr'>ἀνάγκη</span> <span class='ocrx_word' id='word_1_518' title='bbox 2181 2346 2333 2396; x_wconf 83' lang='grc' dir='ltr'>πᾶσα</span> <span class='ocrx_word' id='word_1_519' title='bbox 2368 2341 2643 2408; x_wconf 87' lang='grc' dir='ltr'>σώζεσθαι</span> <span class='ocrx_word' id='word_1_520' title='bbox 2683 2342 2745 2394; x_wconf 86' lang='grc' dir='ltr'>τό</span> <span class='ocrx_word' id='word_1_521' title='bbox 2801 2357 2866 2410; x_wconf 87' lang='grc' dir='ltr'>γε</span> <span class='ocrx_word' id='word_1_522' title='bbox 2900 2342 3068 2414; x_wconf 77' lang='grc' dir='ltr'>μέρος</span> <span class='ocrx_word' id='word_1_523' title='bbox 3120 2341 3220 2412; x_wconf 75' lang='grc' dir='ltr'>τῆς</span> <span class='ocrx_word' id='word_1_524' title='bbox 3279 2343 3515 2410; x_wconf 74' lang='grc' dir='ltr'>φύσεως.</span> 
     </span>
    </p>
   </div>
   <div class='ocr_carea' id='block_1_68' title="bbox 1933 2423 3518 2505">
    <p class='ocr_par' dir='ltr' id='par_1_68' title="bbox 1933 2423 3518 2505">
     <span class='ocr_line' id='line_1_68' title="bbox 1933 2423 3518 2505; baseline -0.002 -14"><span class='ocrx_word' id='word_1_525' title='bbox 1933 2436 2045 2491; x_wconf 76' lang='grc' dir='ltr'>Καὶ</span> <span class='ocrx_word' id='word_1_526' title='bbox 2071 2434 2294 2500; x_wconf 89' lang='grc' dir='ltr'>τούτους</span> <span class='ocrx_word' id='word_1_527' title='bbox 2323 2438 2351 2490; x_wconf 88' lang='grc' dir='ltr'>ό</span> <span class='ocrx_word' id='word_1_528' title='bbox 2387 2423 2521 2498; x_wconf 69' lang='grc' dir='ltr'>Θεὸς</span> <span class='ocrx_word' id='word_1_529' title='bbox 2553 2434 2828 2500; x_wconf 88' lang='grc' dir='ltr'>σώζεσθαι</span> <span class='ocrx_word' id='word_1_530' title='bbox 2867 2435 2994 2498; x_wconf 79' lang='grc' dir='ltr'>τοὺς</span> <span class='ocrx_word' id='word_1_531' title='bbox 3018 2437 3219 2505; x_wconf 87' lang='grc' dir='ltr'>νόμους</span> <span class='ocrx_word' id='word_1_532' title='bbox 3268 2435 3345 2497; x_wconf 87' lang='grc' dir='ltr'>ώς</span> <span class='ocrx_word' id='word_1_533' title='bbox 3391 2437 3518 2488; x_wconf 78' lang='grc' dir='ltr'>ἐπί-</span> 
     </span>
    </p>
   </div>
   <div class='ocr_carea' id='block_1_69' title="bbox 1935 2515 3516 2600">
    <p class='ocr_par' dir='ltr' id='par_1_69' title="bbox 1935 2515 3516 2600">
     <span class='ocr_line' id='line_1_69' title="bbox 1935 2515 3516 2600; baseline -0.002 -16"><span class='ocrx_word' id='word_1_534' title='bbox 1935 2547 2046 2584; x_wconf 88' lang='grc' dir='ltr'>παν</span> <span class='ocrx_word' id='word_1_535' title='bbox 2075 2532 2141 2600; x_wconf 78' lang='grc' dir='ltr'>ἐᾷ</span> <span class='ocrx_word' id='word_1_536' title='bbox 2165 2529 2241 2599; x_wconf 81' lang='grc' dir='ltr'>μὴ</span> <span class='ocrx_word' id='word_1_537' title='bbox 2281 2515 2630 2598; x_wconf 83' lang='grc' dir='ltr'>μεταποιῶν·</span> <span class='ocrx_word' id='word_1_538' title='bbox 2654 2528 2715 2580; x_wconf 88' lang='grc' dir='ltr'>οὐ</span> <span class='ocrx_word' id='word_1_539' title='bbox 2741 2526 2850 2596; x_wconf 87' lang='grc' dir='ltr'>γάρ</span> <span class='ocrx_word' id='word_1_540' title='bbox 2881 2525 2947 2580; x_wconf 77' lang='grc' dir='ltr'>ἂν</span> <span class='ocrx_word' id='word_1_541' title='bbox 2974 2526 3155 2596; x_wconf 81' lang='grc' dir='ltr'>ἑαυτῷ</span> <span class='ocrx_word' id='word_1_542' title='bbox 3176 2527 3271 2581; x_wconf 77' lang='grc' dir='ltr'>καὶ</span> <span class='ocrx_word' id='word_1_543' title='bbox 3295 2528 3408 2589; x_wconf 86' lang='grc' dir='ltr'>τοῖς</span> <span class='ocrx_word' id='word_1_544' title='bbox 3438 2530 3516 2581; x_wconf 91' lang='grc' dir='ltr'>οἰ·-</span> 
     </span>
    </p>
   </div>
   <div class='ocr_carea' id='block_1_70' title="bbox 1934 2618 3515 2689">
    <p class='ocr_par' dir='ltr' id='par_1_70' title="bbox 1934 2618 3515 2689">
     <span class='ocr_line' id='line_1_70' title="bbox 1934 2618 3515 2689; baseline -0.003 -12"><span class='ocrx_word' id='word_1_545' title='bbox 1934 2622 2108 2685; x_wconf 87' lang='grc' dir='ltr'>κείοις</span> <span class='ocrx_word' id='word_1_546' title='bbox 2151 2621 2534 2689; x_wconf 70' lang='grc' dir='ltr'>ἐπιτάγμασιν</span> <span class='ocrx_word' id='word_1_547' title='bbox 2571 2619 2802 2689; x_wconf 86' lang='grc' dir='ltr'>ἐμελλεν</span> <span class='ocrx_word' id='word_1_548' title='bbox 2854 2618 3210 2674; x_wconf 80' lang='grc' dir='ltr'>ἀντιϐαίνειν.</span> <span class='ocrx_word' id='word_1_549' title='bbox 3269 2618 3412 2673; x_wconf 78' lang='grc' dir='ltr'>Ἀλλ’</span> <span class='ocrx_word' id='word_1_550' title='bbox 3453 2621 3515 2673; x_wconf 87' lang='grc' dir='ltr'>οὐ</span> 
     </span>
    </p>
   </div>
   <div class='ocr_carea' id='block_1_71' title="bbox 1932 2709 3516 2780">
    <p class='ocr_par' dir='ltr' id='par_1_71' title="bbox 1932 2709 3516 2780">
     <span class='ocr_line' id='line_1_71' title="bbox 1932 2709 3516 2780; baseline -0.001 -13"><span class='ocrx_word' id='word_1_551' title='bbox 1932 2711 2176 2767; x_wconf 89' lang='grc' dir='ltr'>δουλεύει</span> <span class='ocrx_word' id='word_1_552' title='bbox 2199 2713 2316 2774; x_wconf 85' lang='grc' dir='ltr'>τοῖς</span> <span class='ocrx_word' id='word_1_553' title='bbox 2345 2711 2441 2765; x_wconf 83' lang='grc' dir='ltr'>ὑπ’</span> <span class='ocrx_word' id='word_1_554' title='bbox 2467 2709 2636 2765; x_wconf 89' lang='grc' dir='ltr'>αὐτοῦ</span> <span class='ocrx_word' id='word_1_555' title='bbox 2664 2709 3008 2779; x_wconf 83' lang='grc' dir='ltr'>τεθειμένοις</span> <span class='ocrx_word' id='word_1_556' title='bbox 3028 2710 3220 2780; x_wconf 90' lang='grc' dir='ltr'>νόμοις</span> <span class='ocrx_word' id='word_1_557' title='bbox 3256 2709 3516 2775; x_wconf 79' lang='grc' dir='ltr'>καθάπαξ</span> 
     </span>
    </p>
   </div>
   <div class='ocr_carea' id='block_1_72' title="bbox 1935 2803 3516 2874">
    <p class='ocr_par' dir='ltr' id='par_1_72' title="bbox 1935 2803 3516 2874">
     <span class='ocr_line' id='line_1_72' title="bbox 1935 2803 3516 2874; baseline -0.003 -14"><span class='ocrx_word' id='word_1_558' title='bbox 1935 2807 2048 2868; x_wconf 89' lang='grc' dir='ltr'>τοῖς</span> <span class='ocrx_word' id='word_1_559' title='bbox 2083 2807 2326 2869; x_wconf 90' lang='grc' dir='ltr'>κτιστοῖς</span> <span class='ocrx_word' id='word_1_560' title='bbox 2349 2804 2446 2858; x_wconf 80' lang='grc' dir='ltr'>καὶ</span> <span class='ocrx_word' id='word_1_561' title='bbox 2477 2804 2619 2874; x_wconf 89' lang='grc' dir='ltr'>μετά</span> <span class='ocrx_word' id='word_1_562' title='bbox 2653 2803 2770 2857; x_wconf 89' lang='grc' dir='ltr'>τῶν</span> <span class='ocrx_word' id='word_1_563' title='bbox 2827 2803 3148 2874; x_wconf 87' lang='grc' dir='ltr'>κτισμάτων</span> <span class='ocrx_word' id='word_1_564' title='bbox 3175 2805 3478 2873; x_wconf 78' lang='grc' dir='ltr'>ήργμένοις</span> <span class='ocrx_word' id='word_1_565' title='bbox 3501 2820 3516 2836; x_wconf 68' lang='grc' dir='ltr'>θ</span> 
     </span>
    </p>
   </div>
   <div class='ocr_carea' id='block_1_73' title="bbox 1937 2894 3516 2968">
    <p class='ocr_par' dir='ltr' id='par_1_73' title="bbox 1937 2894 3516 2968">
     <span class='ocr_line' id='line_1_73' title="bbox 1937 2894 3516 2968; baseline -0.003 -18"><span class='ocrx_word' id='word_1_566' title='bbox 1937 2899 2150 2968; x_wconf 86' lang='grc' dir='ltr'>καιροῖς</span> <span class='ocrx_word' id='word_1_567' title='bbox 2192 2895 2252 2949; x_wconf 66' lang='grc' dir='ltr'>δὲ</span> <span class='ocrx_word' id='word_1_568' title='bbox 2312 2895 2465 2959; x_wconf 89' lang='grc' dir='ltr'>ἰδίοις</span> <span class='ocrx_word' id='word_1_569' title='bbox 2524 2894 2619 2948; x_wconf 76' lang='grc' dir='ltr'>καὶ</span> <span class='ocrx_word' id='word_1_570' title='bbox 2665 2894 3064 2964; x_wconf 87' lang='grc' dir='ltr'>περιστάσεσιν</span> <span class='ocrx_word' id='word_1_571' title='bbox 3101 2895 3262 2958; x_wconf 83' lang='grc' dir='ltr'>ίδίαις</span> <span class='ocrx_word' id='word_1_572' title='bbox 3289 2895 3516 2958; x_wconf 90' lang='grc' dir='ltr'>τούτους</span> 
     </span>
    </p>
   </div>
   <div class='ocr_carea' id='block_1_74' title="bbox 1939 2983 3513 3059">
    <p class='ocr_par' dir='ltr' id='par_1_74' title="bbox 1939 2983 3513 3059">
     <span class='ocr_line' id='line_1_74' title="bbox 1939 2983 3513 3059; baseline -0.001 -17"><span class='ocrx_word' id='word_1_573' title='bbox 1939 2990 2235 3059; x_wconf 85' lang='grc' dir='ltr'>μεταποιεῖ</span> <span class='ocrx_word' id='word_1_574' title='bbox 2265 2987 2402 3058; x_wconf 71' lang='grc' dir='ltr'>πρὸς</span> <span class='ocrx_word' id='word_1_575' title='bbox 2439 2986 2500 3040; x_wconf 65' lang='grc' dir='ltr'>τὸ</span> <span class='ocrx_word' id='word_1_576' title='bbox 2532 2985 2743 3056; x_wconf 82' lang='grc' dir='ltr'>βέλτιον</span> <span class='ocrx_word' id='word_1_577' title='bbox 2787 2983 2820 3056; x_wconf 79' lang='grc' dir='ltr'><strong>ἢ</strong></span> <span class='ocrx_word' id='word_1_578' title='bbox 2855 2986 2918 3040; x_wconf 87' lang='grc' dir='ltr'>τδ</span> <span class='ocrx_word' id='word_1_579' title='bbox 2966 2987 3151 3058; x_wconf 87' lang='grc' dir='ltr'>χεῖρον</span> <span class='ocrx_word' id='word_1_580' title='bbox 3191 2989 3304 3049; x_wconf 77' lang='grc' dir='ltr'>τοῖς</span> <span class='ocrx_word' id='word_1_581' title='bbox 3337 2985 3513 3041; x_wconf 83' lang='grc' dir='ltr'>ἐντεῦ-</span> 
     </span>
    </p>
   </div>
   <div class='ocr_carea' id='block_1_75' title="bbox 1939 3078 3516 3152">
    <p class='ocr_par' dir='ltr' id='par_1_75' title="bbox 1939 3078 3516 3152">
     <span class='ocr_line' id='line_1_75' title="bbox 1939 3078 3516 3152; baseline -0.004 -16"><span class='ocrx_word' id='word_1_582' title='bbox 1939 3082 2032 3137; x_wconf 88' lang='grc' dir='ltr'>θεν</span> <span class='ocrx_word' id='word_1_583' title='bbox 2080 3080 2528 3152; x_wconf 72' lang='grc' dir='ltr'>ώφελησομένοις</span> <span class='ocrx_word' id='word_1_584' title='bbox 2561 3078 2594 3150; x_wconf 79' lang='grc' dir='ltr'>ἢ</span> <span class='ocrx_word' id='word_1_585' title='bbox 2634 3078 2998 3150; x_wconf 79' lang='grc' dir='ltr'>βλαψομένοις</span> <span class='ocrx_word' id='word_1_586' title='bbox 3035 3078 3204 3143; x_wconf 83' lang='grc' dir='ltr'>ἀξίως</span> <span class='ocrx_word' id='word_1_587' title='bbox 3229 3096 3244 3111; x_wconf 89' lang='grc'><strong>·</strong></span> <span class='ocrx_word' id='word_1_588' title='bbox 3280 3081 3377 3132; x_wconf 70' lang='grc' dir='ltr'>καὶ</span> <span class='ocrx_word' id='word_1_589' title='bbox 3417 3080 3516 3146; x_wconf 78' lang='grc' dir='ltr'>τῆς</span> 
     </span>
    </p>
   </div>
   <div class='ocr_carea' id='block_1_76' title="bbox 1860 3171 3513 3266">
    <p class='ocr_par' dir='ltr' id='par_1_76' title="bbox 1860 3171 3513 3266">
     <span class='ocr_line' id='line_1_76' title="bbox 1860 3171 3513 3266; baseline -0.002 -37"><span class='ocrx_word' id='word_1_590' title='bbox 1860 3209 1902 3266; x_wconf 79' lang='lat' dir='ltr'>c</span> <span class='ocrx_word' id='word_1_591' title='bbox 1937 3175 2129 3247; x_wconf 83' lang='grc' dir='ltr'>χρείας</span> <span class='ocrx_word' id='word_1_592' title='bbox 2156 3173 2254 3227; x_wconf 88' lang='grc' dir='ltr'>τοῦ</span> <span class='ocrx_word' id='word_1_593' title='bbox 2289 3174 2646 3246; x_wconf 80' lang='grc' dir='ltr'>προσκαίρως</span> <span class='ocrx_word' id='word_1_594' title='bbox 2681 3173 3013 3266; x_wconf 62' lang='grc' dir='ltr'>μεταϐαλεῖν</span> <span class='ocrx_word' id='word_1_595' title='bbox 3036 3171 3202 3234; x_wconf 68' lang='grc' dir='ltr'>εὐθὺς</span> <span class='ocrx_word' id='word_1_596' title='bbox 3233 3171 3513 3239; x_wconf 81' lang='grc' dir='ltr'>πεπαυμέ-</span> 
     </span>
    </p>
   </div>
   <div class='ocr_carea' id='block_1_77' title="bbox 1935 3259 3514 3337">
    <p class='ocr_par' dir='ltr' id='par_1_77' title="bbox 1935 3259 3514 3337">
     <span class='ocr_line' id='line_1_77' title="bbox 1935 3259 3514 3337; baseline -0.004 -17"><span class='ocrx_word' id='word_1_597' title='bbox 1935 3285 2034 3337; x_wconf 88' lang='grc' dir='ltr'>νης</span> <span class='ocrx_word' id='word_1_598' title='bbox 2055 3266 2134 3329; x_wconf 82' lang='grc' dir='ltr'>ὥς</span> <span class='ocrx_word' id='word_1_599' title='bbox 2161 3265 2260 3337; x_wconf 77' lang='grc' dir='ltr'>τὴν</span> <span class='ocrx_word' id='word_1_600' title='bbox 2291 3266 2468 3337; x_wconf 75' lang='grc' dir='ltr'>ἀρχὴν</span> <span class='ocrx_word' id='word_1_601' title='bbox 2499 3266 2809 3336; x_wconf 82' lang='grc' dir='ltr'>ἐτάχθησαν</span> <span class='ocrx_word' id='word_1_602' title='bbox 2833 3259 2993 3326; x_wconf 77' lang='grc' dir='ltr'>αὖθις</span> <span class='ocrx_word' id='word_1_603' title='bbox 3019 3262 3302 3327; x_wconf 78' lang='grc' dir='ltr'>σώζονται.</span> <span class='ocrx_word' id='word_1_604' title='bbox 3332 3262 3514 3316; x_wconf 85' lang='grc' dir='ltr'>Τοιού-</span> 
     </span>
    </p>
   </div>
   <div class='ocr_carea' id='block_1_78' title="bbox 1933 3353 3515 3428">
    <p class='ocr_par' dir='ltr' id='par_1_78' title="bbox 1933 3353 3515 3428">
     <span class='ocr_line' id='line_1_78' title="bbox 1933 3353 3515 3428; baseline -0.006 -16"><span class='ocrx_word' id='word_1_605' title='bbox 1933 3375 2042 3412; x_wconf 87' lang='grc' dir='ltr'>των</span> <span class='ocrx_word' id='word_1_606' title='bbox 2066 3355 2396 3428; x_wconf 86' lang='grc' dir='ltr'>τεραστίων,</span> <span class='ocrx_word' id='word_1_607' title='bbox 2432 3357 2694 3409; x_wconf 88' lang='grc' dir='ltr'>τοιούτων</span> <span class='ocrx_word' id='word_1_608' title='bbox 2715 3353 3018 3423; x_wconf 85' lang='grc' dir='ltr'>θαυμάτων</span> <span class='ocrx_word' id='word_1_609' title='bbox 3045 3353 3260 3423; x_wconf 78' lang='grc' dir='ltr'>ἱστορία</span> <span class='ocrx_word' id='word_1_610' title='bbox 3303 3353 3515 3422; x_wconf 80' lang='grc' dir='ltr'>πλήρης</span> 
     </span>
    </p>
   </div>
   <div class='ocr_carea' id='block_1_79' title="bbox 1936 3441 3518 3512">
    <p class='ocr_par' dir='ltr' id='par_1_79' title="bbox 1936 3441 3518 3512">
     <span class='ocr_line' id='line_1_79' title="bbox 1936 3441 3518 3512; baseline -0.004 -12"><span class='ocrx_word' id='word_1_611' title='bbox 1936 3448 2090 3502; x_wconf 78' lang='grc' dir='ltr'>πᾶσα</span> <span class='ocrx_word' id='word_1_612' title='bbox 2120 3446 2218 3501; x_wconf 80' lang='grc' dir='ltr'>νέα</span> <span class='ocrx_word' id='word_1_613' title='bbox 2245 3445 2340 3499; x_wconf 74' lang='grc' dir='ltr'>καὶ</span> <span class='ocrx_word' id='word_1_614' title='bbox 2368 3444 2582 3498; x_wconf 86' lang='grc' dir='ltr'>παλαιά</span> <span class='ocrx_word' id='word_1_615' title='bbox 2604 3460 2620 3475; x_wconf 92' lang='grc'><strong>·</strong></span> <span class='ocrx_word' id='word_1_616' title='bbox 2647 3444 2722 3506; x_wconf 88' lang='grc' dir='ltr'>ώς</span> <span class='ocrx_word' id='word_1_617' title='bbox 2749 3441 2876 3512; x_wconf 81' lang='grc' dir='ltr'>ίερά</span> <span class='ocrx_word' id='word_1_618' title='bbox 2903 3443 3000 3496; x_wconf 75' lang='grc' dir='ltr'>καὶ</span> <span class='ocrx_word' id='word_1_619' title='bbox 3039 3441 3151 3495; x_wconf 90' lang='grc' dir='ltr'>τῶν</span> <span class='ocrx_word' id='word_1_620' title='bbox 3185 3442 3388 3506; x_wconf 68' lang='grc' dir='ltr'>ἔξωθεν</span> <span class='ocrx_word' id='word_1_621' title='bbox 3422 3444 3518 3494; x_wconf 60' lang='grc' dir='ltr'>καὶ</span> 
     </span>
    </p>
   </div>
   <div class='ocr_carea' id='block_1_80' title="bbox 1936 3532 3518 3605">
    <p class='ocr_par' dir='ltr' id='par_1_80' title="bbox 1936 3532 3518 3605">
     <span class='ocr_line' id='line_1_80' title="bbox 1936 3532 3518 3605; baseline -0.005 -13"><span class='ocrx_word' id='word_1_622' title='bbox 1936 3537 2034 3592; x_wconf 90' lang='grc' dir='ltr'>νῦν</span> <span class='ocrx_word' id='word_1_623' title='bbox 2070 3539 2284 3592; x_wconf 86' lang='grc' dir='ltr'>ἐλάττω</span> <span class='ocrx_word' id='word_1_624' title='bbox 2316 3536 2420 3605; x_wconf 70' lang='grc' dir='ltr'>μιν</span> <span class='ocrx_word' id='word_1_625' title='bbox 2466 3537 2564 3590; x_wconf 82' lang='grc' dir='ltr'>καὶ</span> <span class='ocrx_word' id='word_1_626' title='bbox 2597 3534 2795 3603; x_wconf 75' lang='grc' dir='ltr'>πλήθει</span> <span class='ocrx_word' id='word_1_627' title='bbox 2843 3535 2942 3588; x_wconf 80' lang='grc' dir='ltr'>καὶ</span> <span class='ocrx_word' id='word_1_628' title='bbox 2973 3533 3127 3601; x_wconf 79' lang='grc' dir='ltr'>τάξει</span> <span class='ocrx_word' id='word_1_629' title='bbox 3175 3533 3286 3587; x_wconf 88' lang='grc' dir='ltr'>τῶν</span> <span class='ocrx_word' id='word_1_630' title='bbox 3317 3532 3518 3602; x_wconf 80' lang='grc' dir='ltr'>προτέο</span> 
     </span>
    </p>
   </div>
   <div class='ocr_carea' id='block_1_81' title="bbox 1935 3624 3518 3697">
    <p class='ocr_par' dir='ltr' id='par_1_81' title="bbox 1935 3624 3518 3697">
     <span class='ocr_line' id='line_1_81' title="bbox 1935 3624 3518 3697; baseline -0.003 -17"><span class='ocrx_word' id='word_1_631' title='bbox 1935 3644 2070 3697; x_wconf 89' lang='grc' dir='ltr'>ρων,</span> <span class='ocrx_word' id='word_1_632' title='bbox 2126 3629 2356 3682; x_wconf 77' lang='grc' dir='ltr'>ἐκείνων</span> <span class='ocrx_word' id='word_1_633' title='bbox 2394 3627 2442 3680; x_wconf 84' lang='grc' dir='ltr'>δ’</span> <span class='ocrx_word' id='word_1_634' title='bbox 2476 3626 2543 3690; x_wconf 78' lang='grc' dir='ltr'>ἀς</span> <span class='ocrx_word' id='word_1_635' title='bbox 2581 3627 2764 3690; x_wconf 89' lang='grc' dir='ltr'>αἰτίας</span> <span class='ocrx_word' id='word_1_636' title='bbox 2819 3625 3081 3694; x_wconf 80' lang='grc' dir='ltr'>εὐλόγους</span> <span class='ocrx_word' id='word_1_637' title='bbox 3128 3626 3188 3676; x_wconf 78' lang='grc' dir='ltr'>ἐν</span> <span class='ocrx_word' id='word_1_638' title='bbox 3224 3625 3341 3694; x_wconf 82' lang='grc' dir='ltr'>ἰδίῳ</span> <span class='ocrx_word' id='word_1_639' title='bbox 3373 3624 3518 3692; x_wconf 79' lang='grc' dir='ltr'>λόγῳ</span> 
     </span>
    </p>
   </div>
   <div class='ocr_carea' id='block_1_82' title="bbox 1931 3716 3517 3787">
    <p class='ocr_par' dir='ltr' id='par_1_82' title="bbox 1931 3716 3517 3787">
     <span class='ocr_line' id='line_1_82' title="bbox 1931 3716 3517 3787; baseline -0.002 -16"><span class='ocrx_word' id='word_1_640' title='bbox 1931 3717 2247 3787; x_wconf 87' lang='grc' dir='ltr'>δεδείχαμεν</span> <span class='ocrx_word' id='word_1_641' title='bbox 2271 3719 2577 3778; x_wconf 85' lang='grc' dir='ltr'>σπουδαίως</span> <span class='ocrx_word' id='word_1_642' title='bbox 2600 3717 3045 3787; x_wconf 64' lang='grc' dir='ltr'>ἐξειργασμένῳ.</span> <span class='ocrx_word' id='word_1_643' title='bbox 3087 3717 3334 3770; x_wconf 84' lang='grc' dir='ltr'>Γίνονται</span> <span class='ocrx_word' id='word_1_644' title='bbox 3359 3716 3404 3766; x_wconf 86' lang='grc' dir='ltr'>δ’</span> <span class='ocrx_word' id='word_1_645' title='bbox 3427 3716 3517 3769; x_wconf 84' lang='grc' dir='ltr'>οὐι</span> 
     </span>
    </p>
   </div>
   <div class='ocr_carea' id='block_1_83' title="bbox 1933 3807 3517 3880">
    <p class='ocr_par' dir='ltr' id='par_1_83' title="bbox 1933 3807 3517 3880">
     <span class='ocr_line' id='line_1_83' title="bbox 1933 3807 3517 3880; baseline -0.001 -18"><span class='ocrx_word' id='word_1_646' title='bbox 1933 3810 2028 3865; x_wconf 80' lang='grc' dir='ltr'>καὶ</span> <span class='ocrx_word' id='word_1_647' title='bbox 2059 3810 2231 3880; x_wconf 83' lang='grc' dir='ltr'>δρῶσι</span> <span class='ocrx_word' id='word_1_648' title='bbox 2257 3810 2438 3872; x_wconf 88' lang='grc' dir='ltr'>καλῶς</span> <span class='ocrx_word' id='word_1_649' title='bbox 2467 3813 2516 3863; x_wconf 85' lang='grc' dir='ltr'>οἱ</span> <span class='ocrx_word' id='word_1_650' title='bbox 2551 3809 2692 3879; x_wconf 87' lang='grc' dir='ltr'>μετά</span> <span class='ocrx_word' id='word_1_651' title='bbox 2724 3808 2864 3861; x_wconf 86' lang='grc' dir='ltr'>Θεοῦ</span> <span class='ocrx_word' id='word_1_652' title='bbox 2893 3808 2961 3861; x_wconf 78' lang='grc' dir='ltr'>τά</span> <span class='ocrx_word' id='word_1_653' title='bbox 2993 3807 3092 3860; x_wconf 89' lang='grc' dir='ltr'>τοῦ</span> <span class='ocrx_word' id='word_1_654' title='bbox 3117 3807 3259 3861; x_wconf 87' lang='grc' dir='ltr'>Θεοῦ</span> <span class='ocrx_word' id='word_1_655' title='bbox 3291 3807 3517 3878; x_wconf 83' lang='grc' dir='ltr'>βλέπον-</span> 
     </span>
    </p>
   </div>
   <div class='ocr_carea' id='block_1_84' title="bbox 1932 3897 3517 3971">
    <p class='ocr_par' dir='ltr' id='par_1_84' title="bbox 1932 3897 3517 3971">
     <span class='ocr_line' id='line_1_84' title="bbox 1932 3897 3517 3971; baseline -0.003 -16"><span class='ocrx_word' id='word_1_656' title='bbox 1932 3919 2026 3964; x_wconf 76' lang='grc' dir='ltr'>τες</span> <span class='ocrx_word' id='word_1_657' title='bbox 2045 3918 2062 3935; x_wconf 81' lang='grc' dir='ltr'><strong><em>ο</em></strong></span> <span class='ocrx_word' id='word_1_658' title='bbox 2097 3902 2262 3966; x_wconf 81' lang='grc' dir='ltr'>σώζει</span> <span class='ocrx_word' id='word_1_659' title='bbox 2287 3901 2388 3969; x_wconf 73' lang='grc' dir='ltr'>μὲν</span> <span class='ocrx_word' id='word_1_660' title='bbox 2409 3900 2520 3970; x_wconf 79' lang='grc' dir='ltr'>γάρ</span> <span class='ocrx_word' id='word_1_661' title='bbox 2543 3900 2613 3952; x_wconf 83' lang='grc' dir='ltr'>δι’</span> <span class='ocrx_word' id='word_1_662' title='bbox 2647 3899 2850 3971; x_wconf 82' lang='grc' dir='ltr'>ἀρετὴν</span> <span class='ocrx_word' id='word_1_663' title='bbox 2875 3899 2986 3951; x_wconf 78' lang='grc' dir='ltr'>τῶν</span> <span class='ocrx_word' id='word_1_664' title='bbox 3007 3897 3360 3968; x_wconf 81' lang='grc' dir='ltr'>ἐμπλεόντων</span> <span class='ocrx_word' id='word_1_665' title='bbox 3388 3898 3517 3952; x_wconf 83' lang='grc' dir='ltr'>ναῦν</span> 
     </span>
    </p>
   </div>
   <div class='ocr_carea' id='block_1_85' title="bbox 1934 3991 3515 4064">
    <p class='ocr_par' dir='ltr' id='par_1_85' title="bbox 1934 3991 3515 4064">
     <span class='ocr_line' id='line_1_85' title="bbox 1934 3991 3515 4064; baseline -0.003 -17"><span class='ocrx_word' id='word_1_666' title='bbox 1934 3992 2282 4064; x_wconf 81' lang='grc' dir='ltr'>βυθισθεῖσαν</span> <span class='ocrx_word' id='word_1_667' title='bbox 2297 3993 2364 4048; x_wconf 82' lang='grc' dir='ltr'>ἂν</span> <span class='ocrx_word' id='word_1_668' title='bbox 2384 3995 2449 4063; x_wconf 77' lang='grc' dir='ltr'>τῇ</span> <span class='ocrx_word' id='word_1_669' title='bbox 2463 3991 2558 4045; x_wconf 88' lang='grc' dir='ltr'>τοῦ</span> <span class='ocrx_word' id='word_1_670' title='bbox 2573 3993 2850 4060; x_wconf 79' lang='grc' dir='ltr'>ναυάρχου</span> <span class='ocrx_word' id='word_1_671' title='bbox 2866 4007 2926 4043; x_wconf 88' lang='grc' dir='ltr'>τε</span> <span class='ocrx_word' id='word_1_672' title='bbox 2946 3993 3042 4045; x_wconf 72' lang='grc' dir='ltr'>καὶ</span> <span class='ocrx_word' id='word_1_673' title='bbox 3061 3991 3190 4044; x_wconf 76' lang='grc' dir='ltr'>κυεε</span> <span class='ocrx_word' id='word_1_674' title='bbox 3199 3995 3396 4061; x_wconf 84' lang='grc' dir='ltr'>ρνήτου</span> <span class='ocrx_word' id='word_1_675' title='bbox 3417 4009 3515 4059; x_wconf 81' lang='grc' dir='ltr'>μω·</span> 
     </span>
    </p>
   </div>
   <div class='ocr_carea' id='block_1_86' title="bbox 1937 4082 3516 4160">
    <p class='ocr_par' dir='ltr' id='par_1_86' title="bbox 1937 4082 3516 4160">
     <span class='ocr_line' id='line_1_86' title="bbox 1937 4082 3516 4160; baseline -0.001 -22"><span class='ocrx_word' id='word_1_676' title='bbox 1937 4089 2049 4160; x_wconf 73' lang='grc' dir='ltr'>ρίᾳ,</span> <span class='ocrx_word' id='word_1_677' title='bbox 2069 4085 2420 4158; x_wconf 84' lang='grc' dir='ltr'>συγχωρεῖδὲ</span> <span class='ocrx_word' id='word_1_678' title='bbox 2437 4101 2570 4138; x_wconf 87' lang='grc' dir='ltr'>ποτε</span> <span class='ocrx_word' id='word_1_679' title='bbox 2603 4084 2744 4154; x_wconf 89' lang='grc' dir='ltr'>μετά</span> <span class='ocrx_word' id='word_1_680' title='bbox 2767 4083 3155 4153; x_wconf 83' lang='grc' dir='ltr'>πονηροτάτων</span> <span class='ocrx_word' id='word_1_681' title='bbox 3185 4082 3297 4136; x_wconf 86' lang='grc' dir='ltr'>τῶν</span> <span class='ocrx_word' id='word_1_682' title='bbox 3313 4083 3516 4151; x_wconf 81' lang='grc' dir='ltr'>ἐμπλε-</span> 
     </span>
    </p>
   </div>
   <div class='ocr_carea' id='block_1_87' title="bbox 1931 4175 3517 4250">
    <p class='ocr_par' dir='ltr' id='par_1_87' title="bbox 1931 4175 3517 4250">
     <span class='ocr_line' id='line_1_87' title="bbox 1931 4175 3517 4250; baseline -0.004 -14"><span class='ocrx_word' id='word_1_683' title='bbox 1931 4181 2108 4236; x_wconf 81' lang='grc' dir='ltr'>όντων</span> <span class='ocrx_word' id='word_1_684' title='bbox 2121 4182 2220 4238; x_wconf 73' lang='grc' dir='ltr'>καὶ</span> <span class='ocrx_word' id='word_1_685' title='bbox 2236 4180 2346 4232; x_wconf 89' lang='grc' dir='ltr'>τῶν</span> <span class='ocrx_word' id='word_1_686' title='bbox 2363 4178 2646 4250; x_wconf 89' lang='grc' dir='ltr'>ἀρχόντων</span> <span class='ocrx_word' id='word_1_687' title='bbox 2661 4178 2762 4247; x_wconf 85' lang='grc' dir='ltr'>τῆς</span> <span class='ocrx_word' id='word_1_688' title='bbox 2789 4176 2918 4244; x_wconf 78' lang='grc' dir='ltr'>νηὸς</span> <span class='ocrx_word' id='word_1_689' title='bbox 2948 4175 3214 4229; x_wconf 88' lang='grc' dir='ltr'>τοιούτων</span> <span class='ocrx_word' id='word_1_690' title='bbox 3249 4176 3344 4228; x_wconf 79' lang='grc' dir='ltr'>καὶ</span> <span class='ocrx_word' id='word_1_691' title='bbox 3377 4177 3517 4242; x_wconf 82' lang='grc' dir='ltr'>ἀγα·</span> 
     </span>
    </p>
   </div>
   <div class='ocr_carea' id='block_1_88' title="bbox 1934 4268 3568 4341">
    <p class='ocr_par' dir='ltr' id='par_1_88' title="bbox 1934 4268 3568 4341">
     <span class='ocr_line' id='line_1_88' title="bbox 1934 4268 3568 4341; baseline -0.003 -15"><span class='ocrx_word' id='word_1_692' title='bbox 1934 4273 2063 4337; x_wconf 88' lang='grc' dir='ltr'>θούς</span> <span class='ocrx_word' id='word_1_693' title='bbox 2090 4289 2248 4336; x_wconf 89' lang='grc' dir='ltr'>τινας</span> <span class='ocrx_word' id='word_1_694' title='bbox 2288 4273 2382 4325; x_wconf 75' lang='grc' dir='ltr'>ἐπὶ</span> <span class='ocrx_word' id='word_1_695' title='bbox 2431 4271 2771 4341; x_wconf 73' lang='grc' dir='ltr'>συμφέροντι</span> <span class='ocrx_word' id='word_1_696' title='bbox 2808 4268 3131 4338; x_wconf 88' lang='grc' dir='ltr'>βυθίζεσθαι</span> <span class='ocrx_word' id='word_1_697' title='bbox 3164 4269 3276 4321; x_wconf 87' lang='grc' dir='ltr'>τῶν</span> <span class='ocrx_word' id='word_1_698' title='bbox 3301 4269 3518 4322; x_wconf 79' lang='grc' dir='ltr'>οίκείων</span> <span class='ocrx_word' id='word_1_699' title='bbox 3565 4281 3568 4284; x_wconf 86' lang='grc'>·</span> 
     </span>
    </p>
   </div>
   <div class='ocr_carea' id='block_1_89' title="bbox 1935 4343 3518 4435">
    <p class='ocr_par' dir='ltr' id='par_1_89' title="bbox 1935 4343 3518 4435">
     <span class='ocr_line' id='line_1_89' title="bbox 1935 4343 3518 4435; baseline -0.003 -17"><span class='ocrx_word' id='word_1_700' title='bbox 1935 4363 2146 4435; x_wconf 74' lang='grc' dir='ltr'>ψυχῶν,</span> <span class='ocrx_word' id='word_1_701' title='bbox 2209 4364 2304 4416; x_wconf 73' lang='grc' dir='ltr'>καὶ</span> <span class='ocrx_word' id='word_1_702' title='bbox 2376 4361 2572 4424; x_wconf 82' lang='grc' dir='ltr'>ἀλλους</span> <span class='ocrx_word' id='word_1_703' title='bbox 2644 4360 2988 4415; x_wconf 84' lang='grc' dir='ltr'>ἀπαλλάττει</span> <span class='ocrx_word' id='word_1_704' title='bbox 3056 4357 3384 4430; x_wconf 77' lang='grc' dir='ltr'>παραδόξως</span> <span class='ocrx_word' id='word_1_705' title='bbox 3445 4343 3518 4415; x_wconf 71' lang='grc' dir='ltr'>δι’</span> 
     </span>
    </p>
   </div>
   <div class='ocr_carea' id='block_1_90' title="bbox 1934 4453 3500 4525">
    <p class='ocr_par' dir='ltr' id='par_1_90' title="bbox 1934 4453 3500 4525">
     <span class='ocr_line' id='line_1_90' title="bbox 1934 4453 3500 4525; baseline -0.003 -14"><span class='ocrx_word' id='word_1_706' title='bbox 1934 4457 2185 4525; x_wconf 80' lang='grc' dir='ltr'>ἀγγέλων</span> <span class='ocrx_word' id='word_1_707' title='bbox 2205 4455 2420 4519; x_wconf 79' lang='grc' dir='ltr'>ἐξάγων</span> <span class='ocrx_word' id='word_1_708' title='bbox 2455 4455 2549 4508; x_wconf 91' lang='grc' dir='ltr'>τοῦ</span> <span class='ocrx_word' id='word_1_709' title='bbox 2579 4453 2744 4525; x_wconf 82' lang='grc' dir='ltr'>βυθοῦ</span> <span class='ocrx_word' id='word_1_710' title='bbox 2775 4453 3066 4523; x_wconf 81' lang='grc' dir='ltr'>μέλλοντας</span> <span class='ocrx_word' id='word_1_711' title='bbox 3094 4455 3500 4522; x_wconf 61' lang='grc' dir='ltr'>ἀποπνίγεσθαι</span> 
     </span>
    </p>
   </div>
   <div class='ocr_carea' id='block_1_91' title="bbox 237 4521 3518 4618">
    <p class='ocr_par' dir='ltr' id='par_1_91' title="bbox 237 4521 3518 4618">
     <span class='ocr_line' id='line_1_91' title="bbox 237 4521 3518 4618; baseline 0.004 -33"><span class='ocrx_word' id='word_1_712' title='bbox 237 4531 348 4586; x_wconf 79' lang='grc' dir='ltr'>καί</span> <span class='ocrx_word' id='word_1_713' title='bbox 378 4527 713 4591; x_wconf 86' lang='grc' dir='ltr'>σκοποῦσαν,</span> <span class='ocrx_word' id='word_1_714' title='bbox 749 4527 1028 4618; x_wconf 77' lang='grc' dir='ltr'>ἀσυνέτως</span> <span class='ocrx_word' id='word_1_715' title='bbox 1064 4527 1121 4580; x_wconf 80' lang='grc' dir='ltr'>δὲ</span> <span class='ocrx_word' id='word_1_716' title='bbox 1149 4521 1413 4596; x_wconf 84' lang='grc' dir='ltr'>θεότητας</span> <span class='ocrx_word' id='word_1_717' title='bbox 1464 4526 1578 4590; x_wconf 86' lang='grc' dir='ltr'>τοῖς</span> <span class='ocrx_word' id='word_1_718' title='bbox 1605 4527 1702 4579; x_wconf 85' lang='grc' dir='ltr'>τοῦ</span> <span class='ocrx_word' id='word_1_719' title='bbox 1735 4526 1829 4579; x_wconf 86' lang='grc' dir='ltr'>κό·</span> <span class='ocrx_word' id='word_1_720' title='bbox 1864 4559 1908 4616; x_wconf 73' lang='lat' dir='ltr'><strong>D</strong></span> <span class='ocrx_word' id='word_1_721' title='bbox 1937 4521 2130 4612; x_wconf 47' lang='grc' dir='ltr'>ἅλως</span> <span class='ocrx_word' id='word_1_722' title='bbox 2157 4521 2591 4618; x_wconf 59' lang='grc' dir='ltr'>ἔμπλεύσανταξ</span> <span class='ocrx_word' id='word_1_723' title='bbox 2625 4547 2693 4602; x_wconf 70' lang='grc' dir='ltr'>ἂν</span> <span class='ocrx_word' id='word_1_724' title='bbox 2720 4521 2788 4615; x_wconf 60' lang='grc' dir='ltr'>τῇ</span> <span class='ocrx_word' id='word_1_725' title='bbox 2829 4545 3107 4618; x_wconf 83' lang='grc' dir='ltr'>μελλούσῃ</span> <span class='ocrx_word' id='word_1_726' title='bbox 3139 4521 3518 4613; x_wconf 78' lang='grc' dir='ltr'>κατάγνυσθαι</span> 
     </span>
    </p>
   </div>
   <div class='ocr_carea' id='block_1_92' title="bbox 236 4617 1828 4694">
    <p class='ocr_par' dir='ltr' id='par_1_92' title="bbox 236 4617 1828 4694">
     <span class='ocr_line' id='line_1_92' title="bbox 236 4617 1828 4694; baseline -0.004 -17"><span class='ocrx_word' id='word_1_727' title='bbox 236 4639 394 4694; x_wconf 83' lang='grc' dir='ltr'>σμου</span> <span class='ocrx_word' id='word_1_728' title='bbox 433 4622 626 4692; x_wconf 86' lang='grc' dir='ltr'>μέρεσι</span> <span class='ocrx_word' id='word_1_729' title='bbox 654 4619 868 4683; x_wconf 87' lang='grc' dir='ltr'>τούτοις</span> <span class='ocrx_word' id='word_1_730' title='bbox 906 4617 1219 4688; x_wconf 78' lang='grc' dir='ltr'>ἀπένειμαν</span> <span class='ocrx_word' id='word_1_731' title='bbox 1260 4619 1362 4689; x_wconf 81' lang='grc' dir='ltr'>τὴν</span> <span class='ocrx_word' id='word_1_732' title='bbox 1394 4619 1702 4690; x_wconf 80' lang='grc' dir='ltr'>ὀργανικὴν</span> <span class='ocrx_word' id='word_1_733' title='bbox 1728 4621 1828 4672; x_wconf 88' lang='grc' dir='ltr'>αὐ-</span> 
     </span>
    </p>
   </div>
   <div class='ocr_carea' id='block_1_93' title="bbox 231 4711 1830 4782">
    <p class='ocr_par' dir='ltr' id='par_1_93' title="bbox 231 4711 1830 4782">
     <span class='ocr_line' id='line_1_93' title="bbox 231 4711 1830 4782; baseline -0.003 -13"><span class='ocrx_word' id='word_1_734' title='bbox 231 4717 360 4769; x_wconf 86' lang='grc' dir='ltr'>τῶν</span> <span class='ocrx_word' id='word_1_735' title='bbox 389 4712 698 4782; x_wconf 80' lang='grc' dir='ltr'>ὑπουργίαν</span> <span class='ocrx_word' id='word_1_736' title='bbox 730 4711 1056 4766; x_wconf 87' lang='grc' dir='ltr'>ἐπιστασίαν</span> <span class='ocrx_word' id='word_1_737' title='bbox 1109 4713 1518 4782; x_wconf 77' lang='grc' dir='ltr'>δημιουργικὴν</span> <span class='ocrx_word' id='word_1_738' title='bbox 1550 4712 1646 4766; x_wconf 85' lang='grc' dir='ltr'>καὶ</span> <span class='ocrx_word' id='word_1_739' title='bbox 1676 4712 1830 4768; x_wconf 86' lang='grc' dir='ltr'>θείαν</span> 
     </span>
    </p>
   </div>
   <div class='ocr_carea' id='block_1_94' title="bbox 227 4804 1830 4877">
    <p class='ocr_par' dir='ltr' id='par_1_94' title="bbox 227 4804 1830 4877">
     <span class='ocr_line' id='line_1_94' title="bbox 227 4804 1830 4877; baseline -0.022 -13"><span class='ocrx_word' id='word_1_740' title='bbox 227 4808 597 4874; x_wconf 80' lang='grc' dir='ltr'>δοξάσαντες.</span> <span class='ocrx_word' id='word_1_741' title='bbox 641 4804 877 4876; x_wconf 81' lang='grc' dir='ltr'>⁹ομοίως</span> <span class='ocrx_word' id='word_1_742' title='bbox 907 4805 1002 4859; x_wconf 75' lang='grc' dir='ltr'>καὶ</span> <span class='ocrx_word' id='word_1_743' title='bbox 1051 4805 1120 4859; x_wconf 81' lang='grc' dir='ltr'>τά</span> <span class='ocrx_word' id='word_1_744' title='bbox 1148 4805 1358 4876; x_wconf 74' lang='grc' dir='ltr'>γενητά</span> <span class='ocrx_word' id='word_1_745' title='bbox 1386 4804 1561 4861; x_wconf 73' lang='grc' dir='ltr'>ταῦτά</span> <span class='ocrx_word' id='word_1_746' title='bbox 1598 4822 1658 4860; x_wconf 74' lang='grc' dir='ltr'>τε</span> <span class='ocrx_word' id='word_1_747' title='bbox 1692 4806 1830 4877; x_wconf 60' lang='grc' dir='ltr'>πρὸς</span> 
     </span>
    </p>
   </div>
   <div class='ocr_carea' id='block_1_95' title="bbox 226 4896 1833 4974">
    <p class='ocr_par' dir='ltr' id='par_1_95' title="bbox 226 4896 1833 4974">
     <span class='ocr_line' id='line_1_95' title="bbox 226 4896 1833 4974; baseline -0.004 -18"><span class='ocrx_word' id='word_1_748' title='bbox 226 4905 314 4974; x_wconf 82' lang='grc' dir='ltr'>τῇ</span> <span class='ocrx_word' id='word_1_749' title='bbox 349 4902 420 4970; x_wconf 83' lang='grc' dir='ltr'>γῇ</span> <span class='ocrx_word' id='word_1_750' title='bbox 457 4899 645 4968; x_wconf 82' lang='grc' dir='ltr'>νόμοις</span> <span class='ocrx_word' id='word_1_751' title='bbox 718 4896 870 4960; x_wconf 89' lang='grc' dir='ltr'>ἰδίοις</span> <span class='ocrx_word' id='word_1_752' title='bbox 898 4896 1316 4968; x_wconf 81' lang='grc' dir='ltr'>ἀνεπαισθήτως</span> <span class='ocrx_word' id='word_1_753' title='bbox 1361 4897 1706 4951; x_wconf 88' lang='grc' dir='ltr'>δουλεύουσιν</span> <span class='ocrx_word' id='word_1_754' title='bbox 1733 4915 1833 4966; x_wconf 74' lang='grc' dir='ltr'>φυο</span> 
     </span>
    </p>
   </div>
   <div class='ocr_carea' id='block_1_96' title="bbox 225 4989 1831 5058">
    <p class='ocr_par' dir='ltr' id='par_1_96' title="bbox 225 4989 1831 5058">
     <span class='ocr_line' id='line_1_96' title="bbox 225 4989 1831 5058; baseline -0.004 -8"><span class='ocrx_word' id='word_1_755' title='bbox 225 4993 422 5057; x_wconf 85' lang='grc' dir='ltr'>σικῶς</span> <span class='ocrx_word' id='word_1_756' title='bbox 453 4992 639 5054; x_wconf 81' lang='grc' dir='ltr'>αὐτοῖς</span> <span class='ocrx_word' id='word_1_757' title='bbox 671 4989 972 5043; x_wconf 85' lang='grc' dir='ltr'>ἐντεθεῖσιν</span> <span class='ocrx_word' id='word_1_758' title='bbox 1005 4990 1110 5042; x_wconf 78' lang='grc' dir='ltr'>ὐπὸ</span> <span class='ocrx_word' id='word_1_759' title='bbox 1145 4990 1301 5056; x_wconf 88' lang='grc' dir='ltr'>Θεοῦ,</span> <span class='ocrx_word' id='word_1_760' title='bbox 1351 4991 1446 5044; x_wconf 86' lang='grc' dir='ltr'>καὶ</span> <span class='ocrx_word' id='word_1_761' title='bbox 1495 4993 1527 5058; x_wconf 90' lang='grc' dir='ltr'>ή</span> <span class='ocrx_word' id='word_1_762' title='bbox 1579 4991 1688 5043; x_wconf 88' lang='grc' dir='ltr'>τῶν</span> <span class='ocrx_word' id='word_1_763' title='bbox 1737 4991 1831 5043; x_wconf 85' lang='grc' dir='ltr'>ἀν·</span> 
     </span>
    </p>
   </div>
   <div class='ocr_carea' id='block_1_97' title="bbox 225 5080 1830 5158">
    <p class='ocr_par' dir='ltr' id='par_1_97' title="bbox 225 5080 1830 5158">
     <span class='ocr_line' id='line_1_97' title="bbox 225 5080 1830 5158; baseline -0.005 -17"><span class='ocrx_word' id='word_1_764' title='bbox 225 5087 264 5142; x_wconf 85' lang='grc' dir='ltr'>ο</span> <span class='ocrx_word' id='word_1_765' title='bbox 279 5085 489 5158; x_wconf 88' lang='grc' dir='ltr'>ρώπων</span> <span class='ocrx_word' id='word_1_766' title='bbox 521 5081 788 5140; x_wconf 82' lang='grc' dir='ltr'>ὡσαύτως</span> <span class='ocrx_word' id='word_1_767' title='bbox 821 5080 938 5153; x_wconf 74' lang='grc' dir='ltr'>ζωή</span> <span class='ocrx_word' id='word_1_768' title='bbox 985 5081 1250 5144; x_wconf 83' lang='grc' dir='ltr'>τοιούτοις</span> <span class='ocrx_word' id='word_1_769' title='bbox 1301 5080 1454 5145; x_wconf 87' lang='grc' dir='ltr'>ἰδίοις</span> <span class='ocrx_word' id='word_1_770' title='bbox 1487 5083 1684 5150; x_wconf 86' lang='grc' dir='ltr'>άγεται</span> <span class='ocrx_word' id='word_1_771' title='bbox 1744 5081 1830 5134; x_wconf 83' lang='grc' dir='ltr'>νό-</span> 
     </span>
    </p>
   </div>
   <div class='ocr_carea' id='block_1_98' title="bbox 230 5171 1831 5253">
    <p class='ocr_par' dir='ltr' id='par_1_98' title="bbox 230 5171 1831 5253">
     <span class='ocr_line' id='line_1_98' title="bbox 230 5171 1831 5253; baseline -0.004 -20"><span class='ocrx_word' id='word_1_772' title='bbox 230 5196 398 5253; x_wconf 87' lang='grc' dir='ltr'>μοις.</span> <span class='ocrx_word' id='word_1_773' title='bbox 429 5177 570 5240; x_wconf 75' lang='grc' dir='ltr'>Τοῦς</span> <span class='ocrx_word' id='word_1_774' title='bbox 599 5173 877 5237; x_wconf 90' lang='grc' dir='ltr'>τοιούτους</span> <span class='ocrx_word' id='word_1_775' title='bbox 923 5171 1104 5227; x_wconf 87' lang='grc' dir='ltr'>τοίνυν</span> <span class='ocrx_word' id='word_1_776' title='bbox 1155 5175 1213 5226; x_wconf 83' lang='grc' dir='ltr'>ἐν</span> <span class='ocrx_word' id='word_1_777' title='bbox 1245 5176 1380 5227; x_wconf 80' lang='grc' dir='ltr'>πᾶσι</span> <span class='ocrx_word' id='word_1_778' title='bbox 1415 5175 1529 5235; x_wconf 86' lang='grc' dir='ltr'>τοῖς</span> <span class='ocrx_word' id='word_1_779' title='bbox 1561 5174 1831 5244; x_wconf 90' lang='grc' dir='ltr'>κτίσμασι</span> 
     </span>
    </p>
   </div>
   <div class='ocr_carea' id='block_1_99' title="bbox 223 5263 1831 5339">
    <p class='ocr_par' dir='ltr' id='par_1_99' title="bbox 223 5263 1831 5339">
     <span class='ocr_line' id='line_1_99' title="bbox 223 5263 1831 5339; baseline -0.007 -12"><span class='ocrx_word' id='word_1_780' title='bbox 223 5271 348 5329; x_wconf 80' lang='grc' dir='ltr'>τοῦ</span> <span class='ocrx_word' id='word_1_781' title='bbox 377 5269 514 5324; x_wconf 83' lang='grc' dir='ltr'>Θεοῦ</span> <span class='ocrx_word' id='word_1_782' title='bbox 545 5269 743 5339; x_wconf 90' lang='grc' dir='ltr'>νόμους</span> <span class='ocrx_word' id='word_1_783' title='bbox 781 5265 1048 5333; x_wconf 79' lang='grc' dir='ltr'>φυσικοὺς</span> <span class='ocrx_word' id='word_1_784' title='bbox 1074 5265 1295 5335; x_wconf 84' lang='grc' dir='ltr'>νόμους,</span> <span class='ocrx_word' id='word_1_785' title='bbox 1331 5265 1407 5329; x_wconf 85' lang='grc' dir='ltr'>ὡς</span> <span class='ocrx_word' id='word_1_786' title='bbox 1439 5263 1831 5334; x_wconf 85' lang='grc' dir='ltr'>ἐγκτισθέντας</span> 
     </span>
    </p>
   </div>
   <div class='ocr_carea' id='block_1_100' title="bbox 223 5357 1830 5432">
    <p class='ocr_par' dir='ltr' id='par_1_100' title="bbox 223 5357 1830 5432">
     <span class='ocr_line' id='line_1_100' title="bbox 223 5357 1830 5432; baseline -0.007 -12"><span class='ocrx_word' id='word_1_787' title='bbox 223 5365 358 5421; x_wconf 81' lang='grc' dir='ltr'>ὑπὸ</span> <span class='ocrx_word' id='word_1_788' title='bbox 387 5362 524 5417; x_wconf 87' lang='grc' dir='ltr'>Θεοῦ</span> <span class='ocrx_word' id='word_1_789' title='bbox 569 5363 638 5432; x_wconf 79' lang='grc' dir='ltr'>τῇ</span> <span class='ocrx_word' id='word_1_790' title='bbox 689 5361 799 5413; x_wconf 89' lang='grc' dir='ltr'>τῶν</span> <span class='ocrx_word' id='word_1_791' title='bbox 855 5359 1199 5429; x_wconf 83' lang='grc' dir='ltr'>πραγμάτων</span> <span class='ocrx_word' id='word_1_792' title='bbox 1240 5357 1427 5427; x_wconf 84' lang='grc' dir='ltr'>φύσει,</span> <span class='ocrx_word' id='word_1_793' title='bbox 1469 5357 1730 5410; x_wconf 87' lang='grc' dir='ltr'>καλοῦσιν</span> <span class='ocrx_word' id='word_1_794' title='bbox 1779 5357 1830 5410; x_wconf 74' lang='lat' dir='ltr'>of.</span> 
     </span>
    </p>
   </div>
   <div class='ocr_carea' id='block_1_101' title="bbox 225 5449 1831 5527">
    <p class='ocr_par' dir='ltr' id='par_1_101' title="bbox 225 5449 1831 5527">
     <span class='ocr_line' id='line_1_101' title="bbox 225 5449 1831 5527; baseline -0.006 -15"><span class='ocrx_word' id='word_1_795' title='bbox 225 5459 384 5527; x_wconf 76' lang='grc' dir='ltr'>περὶ</span> <span class='ocrx_word' id='word_1_796' title='bbox 414 5453 589 5510; x_wconf 85' lang='grc' dir='ltr'>ταῦτα</span> <span class='ocrx_word' id='word_1_797' title='bbox 621 5450 806 5506; x_wconf 90' lang='grc' dir='ltr'>δεινοί.</span> <span class='ocrx_word' id='word_1_798' title='bbox 852 5451 946 5505; x_wconf 79' lang='grc' dir='ltr'>Ἐκ</span> <span class='ocrx_word' id='word_1_799' title='bbox 991 5450 1090 5521; x_wconf 75' lang='grc' dir='ltr'>μὲν</span> <span class='ocrx_word' id='word_1_800' title='bbox 1123 5451 1190 5518; x_wconf 85' lang='grc' dir='ltr'>δὴ</span> <span class='ocrx_word' id='word_1_801' title='bbox 1243 5449 1352 5502; x_wconf 89' lang='grc' dir='ltr'>τῶν</span> <span class='ocrx_word' id='word_1_802' title='bbox 1381 5451 1440 5502; x_wconf 85' lang='grc' dir='ltr'>ἐν</span> <span class='ocrx_word' id='word_1_803' title='bbox 1473 5452 1588 5510; x_wconf 89' lang='grc' dir='ltr'>τοῖς</span> <span class='ocrx_word' id='word_1_804' title='bbox 1629 5449 1831 5521; x_wconf 57' lang='grc' dir='ltr'>ὑψηλοί</span> 
     </span>
    </p>
   </div>
   <div class='ocr_carea' id='block_1_102' title="bbox 217 5539 1832 5617">
    <p class='ocr_par' dir='ltr' id='par_1_102' title="bbox 217 5539 1832 5617">
     <span class='ocr_line' id='line_1_102' title="bbox 217 5539 1832 5617; baseline -0.007 -14"><span class='ocrx_word' id='word_1_805' title='bbox 217 5549 432 5617; x_wconf 71' lang='grc' dir='ltr'>τέροις</span> <span class='ocrx_word' id='word_1_806' title='bbox 457 5545 639 5615; x_wconf 89' lang='grc' dir='ltr'>νόμων</span> <span class='ocrx_word' id='word_1_807' title='bbox 669 5541 868 5614; x_wconf 80' lang='grc' dir='ltr'>ὄμϐροι</span> <span class='ocrx_word' id='word_1_808' title='bbox 903 5544 999 5595; x_wconf 78' lang='grc' dir='ltr'>καὶ</span> <span class='ocrx_word' id='word_1_809' title='bbox 1021 5539 1344 5612; x_wconf 85' lang='grc' dir='ltr'>ἀνομϐρίαι,</span> <span class='ocrx_word' id='word_1_810' title='bbox 1377 5541 1526 5611; x_wconf 71' lang='grc' dir='ltr'>ψύχη</span> <span class='ocrx_word' id='word_1_811' title='bbox 1564 5542 1660 5594; x_wconf 77' lang='grc' dir='ltr'>καὶ</span> <span class='ocrx_word' id='word_1_812' title='bbox 1698 5541 1832 5594; x_wconf 78' lang='grc' dir='ltr'>καύο</span> 
     </span>
    </p>
   </div>
   <div class='ocr_carea' id='block_1_103' title="bbox 222 5631 1832 5715">
    <p class='ocr_par' dir='ltr' id='par_1_103' title="bbox 222 5631 1832 5715">
     <span class='ocr_line' id='line_1_103' title="bbox 222 5631 1832 5715; baseline -0.005 -21"><span class='ocrx_word' id='word_1_813' title='bbox 222 5657 400 5715; x_wconf 82' lang='grc' dir='ltr'>ματα</span> <span class='ocrx_word' id='word_1_814' title='bbox 445 5640 505 5706; x_wconf 82' lang='grc' dir='ltr'>ἐξ</span> <span class='ocrx_word' id='word_1_815' title='bbox 547 5631 623 5694; x_wconf 81' lang='grc' dir='ltr'>ῶν</span> <span class='ocrx_word' id='word_1_816' title='bbox 663 5636 818 5700; x_wconf 80' lang='grc' dir='ltr'>αὖθις</span> <span class='ocrx_word' id='word_1_817' title='bbox 849 5637 1090 5705; x_wconf 85' lang='grc' dir='ltr'>ὑγιειναὶ</span> <span class='ocrx_word' id='word_1_818' title='bbox 1131 5636 1496 5697; x_wconf 80' lang='grc' dir='ltr'>καταστάσεις</span> <span class='ocrx_word' id='word_1_819' title='bbox 1535 5636 1628 5687; x_wconf 72' lang='grc' dir='ltr'>καὶ</span> <span class='ocrx_word' id='word_1_820' title='bbox 1661 5633 1832 5688; x_wconf 79' lang='grc' dir='ltr'>νοσώ-</span> 
     </span>
    </p>
   </div>
   <div class='ocr_carea' id='block_1_104' title="bbox 219 5728 1829 5802">
    <p class='ocr_par' dir='ltr' id='par_1_104' title="bbox 219 5728 1829 5802">
     <span class='ocr_line' id='line_1_104' title="bbox 219 5728 1829 5802; baseline -0.007 -12"><span class='ocrx_word' id='word_1_821' title='bbox 219 5751 309 5790; x_wconf 86' lang='grc' dir='ltr'>σε</span> <span class='ocrx_word' id='word_1_822' title='bbox 325 5751 372 5797; x_wconf 91' lang='grc' dir='ltr'>ις</span> <span class='ocrx_word' id='word_1_823' title='bbox 401 5731 710 5802; x_wconf 86' lang='grc' dir='ltr'>ἀνθρώποις</span> <span class='ocrx_word' id='word_1_824' title='bbox 745 5747 804 5786; x_wconf 85' lang='grc' dir='ltr'>τε</span> <span class='ocrx_word' id='word_1_825' title='bbox 841 5731 1070 5794; x_wconf 71' lang='grc' dir='ltr'>καὶτοῖς</span> <span class='ocrx_word' id='word_1_826' title='bbox 1108 5731 1287 5794; x_wconf 85' lang='grc' dir='ltr'>ἀλλοις</span> <span class='ocrx_word' id='word_1_827' title='bbox 1316 5729 1478 5794; x_wconf 84' lang='grc' dir='ltr'>ζώοις</span> <span class='ocrx_word' id='word_1_828' title='bbox 1513 5728 1829 5797; x_wconf 79' lang='grc' dir='ltr'>συμϐαίνει,</span> 
     </span>
    </p>
   </div>
   <div class='ocr_carea' id='block_1_105' title="bbox 219 5817 1828 5899">
    <p class='ocr_par' dir='ltr' id='par_1_105' title="bbox 219 5817 1828 5899">
     <span class='ocr_line' id='line_1_105' title="bbox 219 5817 1828 5899; baseline -0.007 -14"><span class='ocrx_word' id='word_1_829' title='bbox 219 5830 352 5885; x_wconf 65' lang='grc' dir='ltr'>κοιλ</span> <span class='ocrx_word' id='word_1_830' title='bbox 377 5829 607 5899; x_wconf 86' lang='grc' dir='ltr'>καρπῶν</span> <span class='ocrx_word' id='word_1_831' title='bbox 631 5827 884 5899; x_wconf 77' lang='grc' dir='ltr'>εύφορίαι</span> <span class='ocrx_word' id='word_1_832' title='bbox 918 5825 1010 5880; x_wconf 69' lang='grc' dir='ltr'>καὶ</span> <span class='ocrx_word' id='word_1_833' title='bbox 1043 5826 1289 5898; x_wconf 83' lang='grc' dir='ltr'>ἀφορίαι,</span> <span class='ocrx_word' id='word_1_834' title='bbox 1318 5825 1412 5878; x_wconf 68' lang='grc' dir='ltr'>καὶ</span> <span class='ocrx_word' id='word_1_835' title='bbox 1456 5817 1614 5878; x_wconf 71' lang='grc' dir='ltr'>αὗται</span> <span class='ocrx_word' id='word_1_836' title='bbox 1643 5823 1828 5890; x_wconf 74' lang='grc' dir='ltr'>διάφο-</span> 
     </span>
    </p>
   </div>
   <div class='ocr_carea' id='block_1_106' title="bbox 1933 4635 3518 4709">
    <p class='ocr_par' dir='ltr' id='par_1_106' title="bbox 1933 4635 3518 4709">
     <span class='ocr_line' id='line_1_106' title="bbox 1933 4635 3518 4709; baseline -0.001 -17"><span class='ocrx_word' id='word_1_837' title='bbox 1933 4636 2025 4709; x_wconf 79' lang='grc' dir='ltr'>νηῒ</span> <span class='ocrx_word' id='word_1_838' title='bbox 2069 4639 2106 4708; x_wconf 81' lang='grc' dir='ltr'>ἢ</span> <span class='ocrx_word' id='word_1_839' title='bbox 2139 4637 2459 4709; x_wconf 78' lang='grc' dir='ltr'>βυθίζεσθαι</span> <span class='ocrx_word' id='word_1_840' title='bbox 2514 4639 2604 4691; x_wconf 78' lang='grc' dir='ltr'>ἐπ’</span> <span class='ocrx_word' id='word_1_841' title='bbox 2655 4637 2806 4706; x_wconf 88' lang='grc' dir='ltr'>αὐτῷ</span> <span class='ocrx_word' id='word_1_842' title='bbox 2841 4635 2920 4706; x_wconf 86' lang='grc' dir='ltr'>τῷ</span> <span class='ocrx_word' id='word_1_843' title='bbox 2972 4637 3193 4706; x_wconf 75' lang='grc' dir='ltr'>μέλλειν</span> <span class='ocrx_word' id='word_1_844' title='bbox 3231 4635 3518 4705; x_wconf 73' lang='grc' dir='ltr'>ἐμϐαίνειν</span> 
     </span>
    </p>
   </div>
   <div class='ocr_carea' id='block_1_107' title="bbox 1930 4727 3518 4802">
    <p class='ocr_par' dir='ltr' id='par_1_107' title="bbox 1930 4727 3518 4802">
     <span class='ocr_line' id='line_1_107' title="bbox 1930 4727 3518 4802; baseline -0.003 -17"><span class='ocrx_word' id='word_1_845' title='bbox 1930 4731 2224 4802; x_wconf 85' lang='grc' dir='ltr'>αίφνιδίοις</span> <span class='ocrx_word' id='word_1_846' title='bbox 2279 4730 2376 4786; x_wconf 80' lang='grc' dir='ltr'>καὶ</span> <span class='ocrx_word' id='word_1_847' title='bbox 2436 4729 2730 4799; x_wconf 87' lang='grc' dir='ltr'>ἀδοκήτοις</span> <span class='ocrx_word' id='word_1_848' title='bbox 2783 4729 2960 4798; x_wconf 80' lang='grc' dir='ltr'>εἴργει</span> <span class='ocrx_word' id='word_1_849' title='bbox 3030 4727 3342 4799; x_wconf 89' lang='grc' dir='ltr'>κωλύμασι.</span> <span class='ocrx_word' id='word_1_850' title='bbox 3413 4732 3518 4783; x_wconf 65' lang='grc' dir='ltr'>Καὶ</span> 
     </span>
    </p>
   </div>
   <div class='ocr_carea' id='block_1_108' title="bbox 1930 4819 3624 4892">
    <p class='ocr_par' dir='ltr' id='par_1_108' title="bbox 1930 4819 3624 4892">
     <span class='ocr_line' id='line_1_108' title="bbox 1930 4819 3624 4892; baseline -0.002 -14"><span class='ocrx_word' id='word_1_851' title='bbox 1930 4822 2162 4891; x_wconf 86' lang='grc' dir='ltr'>ἀλγοῦσι</span> <span class='ocrx_word' id='word_1_852' title='bbox 2197 4821 2300 4892; x_wconf 68' lang='grc' dir='ltr'>μὲν</span> <span class='ocrx_word' id='word_1_853' title='bbox 2329 4821 2494 4883; x_wconf 80' lang='grc' dir='ltr'>εὐθὺς</span> <span class='ocrx_word' id='word_1_854' title='bbox 2527 4821 2814 4891; x_wconf 76' lang='grc' dir='ltr'>εἰργμένοι</span> <span class='ocrx_word' id='word_1_855' title='bbox 2843 4821 2936 4885; x_wconf 66' lang='grc' dir='ltr'>τω]</span> <span class='ocrx_word' id='word_1_856' title='bbox 2963 4819 3123 4884; x_wconf 84' lang='grc' dir='ltr'>πλοῦ,</span> <span class='ocrx_word' id='word_1_857' title='bbox 3159 4821 3252 4873; x_wconf 75' lang='grc' dir='ltr'>τὸν</span> <span class='ocrx_word' id='word_1_858' title='bbox 3280 4821 3338 4874; x_wconf 76' lang='grc' dir='ltr'>δὲ</span> <span class='ocrx_word' id='word_1_859' title='bbox 3373 4822 3530 4875; x_wconf 82' lang='grc' dir='ltr'>θεῖον·</span> <span class='ocrx_word' id='word_1_860' title='bbox 3611 4841 3624 4846; x_wconf 72' lang='grc'><strong>-</strong></span> 
     </span>
    </p>
   </div>
   <div class='ocr_carea' id='block_1_109' title="bbox 1931 4911 3518 4984">
    <p class='ocr_par' dir='ltr' id='par_1_109' title="bbox 1931 4911 3518 4984">
     <span class='ocr_line' id='line_1_109' title="bbox 1931 4911 3518 4984; baseline -0.004 -14"><span class='ocrx_word' id='word_1_861' title='bbox 1931 4911 2113 4972; x_wconf 82' lang='grc' dir='ltr'>οἶκτον</span> <span class='ocrx_word' id='word_1_862' title='bbox 2175 4913 2554 4984; x_wconf 81' lang='grc' dir='ltr'>ἐπεγνωκότες</span> <span class='ocrx_word' id='word_1_863' title='bbox 2612 4911 2796 4974; x_wconf 84' lang='grc' dir='ltr'>καλῶς</span> <span class='ocrx_word' id='word_1_864' title='bbox 2861 4912 3002 4981; x_wconf 82' lang='grc' dir='ltr'>μετά</span> <span class='ocrx_word' id='word_1_865' title='bbox 3059 4912 3156 4966; x_wconf 88' lang='grc' dir='ltr'>τοῦ</span> <span class='ocrx_word' id='word_1_866' title='bbox 3213 4912 3314 4981; x_wconf 80' lang='grc' dir='ltr'>τὴν</span> <span class='ocrx_word' id='word_1_867' title='bbox 3370 4914 3518 4983; x_wconf 82' lang='grc' dir='ltr'>ζωήν</span> 
     </span>
    </p>
   </div>
   <div class='ocr_carea' id='block_1_110' title="bbox 1930 5005 3514 5078">
    <p class='ocr_par' dir='ltr' id='par_1_110' title="bbox 1930 5005 3514 5078">
     <span class='ocr_line' id='line_1_110' title="bbox 1930 5005 3514 5078; baseline -0.001 -16"><span class='ocrx_word' id='word_1_868' title='bbox 1930 5009 2116 5070; x_wconf 86' lang='grc' dir='ltr'>αὐτοῖς</span> <span class='ocrx_word' id='word_1_869' title='bbox 2140 5007 2506 5078; x_wconf 80' lang='grc' dir='ltr'>προστεθῆναι</span> <span class='ocrx_word' id='word_1_870' title='bbox 2540 5005 2637 5059; x_wconf 77' lang='grc' dir='ltr'>καὶ</span> <span class='ocrx_word' id='word_1_871' title='bbox 2673 5005 2774 5074; x_wconf 81' lang='grc' dir='ltr'>τήν</span> <span class='ocrx_word' id='word_1_872' title='bbox 2813 5006 2996 5076; x_wconf 78' lang='grc' dir='ltr'>ψυχήν</span> <span class='ocrx_word' id='word_1_873' title='bbox 3025 5006 3106 5060; x_wconf 80' lang='grc' dir='ltr'>ἔτι</span> <span class='ocrx_word' id='word_1_874' title='bbox 3160 5005 3514 5076; x_wconf 87' lang='grc' dir='ltr'>βελτιοῦνται</span> 
     </span>
    </p>
   </div>
   <div class='ocr_carea' id='block_1_111' title="bbox 1930 5095 3516 5168">
    <p class='ocr_par' dir='ltr' id='par_1_111' title="bbox 1930 5095 3516 5168">
     <span class='ocr_line' id='line_1_111' title="bbox 1930 5095 3516 5168; baseline -0.003 -16"><span class='ocrx_word' id='word_1_875' title='bbox 1930 5099 2009 5168; x_wconf 84' lang='grc' dir='ltr'>τῷ</span> <span class='ocrx_word' id='word_1_876' title='bbox 2042 5096 2308 5168; x_wconf 81' lang='grc' dir='ltr'>θαύματι.</span> <span class='ocrx_word' id='word_1_877' title='bbox 2337 5095 2500 5153; x_wconf 79' lang='grc' dir='ltr'>Οὕτω</span> <span class='ocrx_word' id='word_1_878' title='bbox 2525 5096 2622 5150; x_wconf 76' lang='grc' dir='ltr'>καὶ</span> <span class='ocrx_word' id='word_1_879' title='bbox 2657 5095 2816 5160; x_wconf 84' lang='grc' dir='ltr'>πόλις</span> <span class='ocrx_word' id='word_1_880' title='bbox 2850 5096 3253 5167; x_wconf 85' lang='grc' dir='ltr'>παρανυμοῦσα</span> <span class='ocrx_word' id='word_1_881' title='bbox 3287 5095 3516 5165; x_wconf 80' lang='grc' dir='ltr'>φαύλοις</span> 
     </span>
    </p>
   </div>
   <div class='ocr_carea' id='block_1_112' title="bbox 1929 5177 3516 5262">
    <p class='ocr_par' dir='ltr' id='par_1_112' title="bbox 1929 5177 3516 5262">
     <span class='ocr_line' id='line_1_112' title="bbox 1929 5177 3516 5262; baseline -0.004 -16"><span class='ocrx_word' id='word_1_882' title='bbox 1929 5191 2198 5262; x_wconf 84' lang='grc' dir='ltr'>ἀρχουσιν</span> <span class='ocrx_word' id='word_1_883' title='bbox 2251 5187 2644 5260; x_wconf 83' lang='grc' dir='ltr'>ἐγχειρίζεται,</span> <span class='ocrx_word' id='word_1_884' title='bbox 2718 5189 2815 5242; x_wconf 70' lang='grc' dir='ltr'>καὶ</span> <span class='ocrx_word' id='word_1_885' title='bbox 2884 5177 3202 5241; x_wconf 78' lang='grc' dir='ltr'>τούναντίον</span> <span class='ocrx_word' id='word_1_886' title='bbox 3267 5189 3516 5250; x_wconf 87' lang='grc' dir='ltr'>πολίταις</span> 
     </span>
    </p>
   </div>
   <div class='ocr_carea' id='block_1_113' title="bbox 1929 5277 3516 5348">
    <p class='ocr_par' dir='ltr' id='par_1_113' title="bbox 1929 5277 3516 5348">
     <span class='ocr_line' id='line_1_113' title="bbox 1929 5277 3516 5348; baseline -0.001 -17"><span class='ocrx_word' id='word_1_887' title='bbox 1929 5278 2157 5346; x_wconf 81' lang='grc' dir='ltr'>ἀγαθοῖς</span> <span class='ocrx_word' id='word_1_888' title='bbox 2179 5277 2515 5348; x_wconf 81' lang='grc' dir='ltr'>οίκουμένη·</span> <span class='ocrx_word' id='word_1_889' title='bbox 2557 5297 2576 5329; x_wconf 81' lang='grc' dir='ltr'>ι</span> <span class='ocrx_word' id='word_1_890' title='bbox 2621 5277 2790 5332; x_wconf 89' lang='grc' dir='ltr'>Δώσω</span> <span class='ocrx_word' id='word_1_891' title='bbox 2843 5279 2974 5348; x_wconf 84' lang='grc' dir='ltr'>γάρ,</span> <span class='ocrx_word' id='word_1_892' title='bbox 3018 5281 3207 5348; x_wconf 83' lang='grc' dir='ltr'>φησὶν,</span> <span class='ocrx_word' id='word_1_893' title='bbox 3241 5279 3516 5348; x_wconf 78' lang='grc' dir='ltr'>ἄρχοντας</span> 
     </span>
    </p>
   </div>
   <div class='ocr_carea' id='block_1_114' title="bbox 1930 5365 3516 5444">
    <p class='ocr_par' dir='ltr' id='par_1_114' title="bbox 1930 5365 3516 5444">
     <span class='ocr_line' id='line_1_114' title="bbox 1930 5365 3516 5444; baseline 0.002 -26"><span class='ocrx_word' id='word_1_894' title='bbox 1930 5365 2060 5434; x_wconf 85' lang='grc' dir='ltr'>ὑμῖν</span> <span class='ocrx_word' id='word_1_895' title='bbox 2089 5367 2237 5420; x_wconf 89' lang='grc' dir='ltr'>κατά</span> <span class='ocrx_word' id='word_1_896' title='bbox 2318 5366 2416 5429; x_wconf 85' lang='grc' dir='ltr'>τὰς</span> <span class='ocrx_word' id='word_1_897' title='bbox 2453 5366 2684 5436; x_wconf 80' lang='grc' dir='ltr'>καρδίας</span> <span class='ocrx_word' id='word_1_898' title='bbox 2717 5367 2893 5437; x_wconf 82' lang='grc' dir='ltr'>ὑμῶν.</span> <span class='ocrx_word' id='word_1_899' title='bbox 2928 5385 2948 5418; x_wconf 73' lang='grc' dir='ltr'>ι</span> <span class='ocrx_word' id='word_1_900' title='bbox 2969 5368 3093 5444; x_wconf 36' lang='grc' dir='ltr'>’Καὶ</span> <span class='ocrx_word' id='word_1_901' title='bbox 3126 5367 3381 5436; x_wconf 80' lang='grc' dir='ltr'>βασιλεὺς</span> <span class='ocrx_word' id='word_1_902' title='bbox 3416 5368 3516 5437; x_wconf 75' lang='grc' dir='ltr'>μὲν</span> 
     </span>
    </p>
   </div>
   <div class='ocr_carea' id='block_1_115' title="bbox 1931 5455 3514 5530">
    <p class='ocr_par' dir='ltr' id='par_1_115' title="bbox 1931 5455 3514 5530">
     <span class='ocr_line' id='line_1_115' title="bbox 1931 5455 3514 5530; baseline 0.001 -21"><span class='ocrx_word' id='word_1_903' title='bbox 1931 5455 2194 5509; x_wconf 85' lang='grc' dir='ltr'>ἀπολαύει</span> <span class='ocrx_word' id='word_1_904' title='bbox 2224 5457 2321 5524; x_wconf 78' lang='grc' dir='ltr'>τῆς</span> <span class='ocrx_word' id='word_1_905' title='bbox 2353 5455 2448 5510; x_wconf 91' lang='grc' dir='ltr'>τοῦ</span> <span class='ocrx_word' id='word_1_906' title='bbox 2493 5456 2626 5512; x_wconf 89' lang='grc' dir='ltr'>λαοῦ</span> <span class='ocrx_word' id='word_1_907' title='bbox 2677 5458 2946 5526; x_wconf 84' lang='grc' dir='ltr'>πονηρίας</span> <span class='ocrx_word' id='word_1_908' title='bbox 2985 5459 3087 5528; x_wconf 87' lang='grc' dir='ltr'>τῆς</span> <span class='ocrx_word' id='word_1_909' title='bbox 3128 5459 3299 5526; x_wconf 83' lang='grc' dir='ltr'>αὐτῆς</span> <span class='ocrx_word' id='word_1_910' title='bbox 3359 5457 3514 5530; x_wconf 82' lang='grc' dir='ltr'>αὐτῷ</span> 
     </span>
    </p>
   </div>
   <div class='ocr_carea' id='block_1_116' title="bbox 1929 5549 3510 5622">
    <p class='ocr_par' dir='ltr' id='par_1_116' title="bbox 1929 5549 3510 5622">
     <span class='ocr_line' id='line_1_116' title="bbox 1929 5549 3510 5622; baseline 0.003 -22"><span class='ocrx_word' id='word_1_911' title='bbox 1929 5565 1988 5601; x_wconf 90' lang='grc' dir='ltr'>τε</span> <span class='ocrx_word' id='word_1_912' title='bbox 2030 5552 2122 5602; x_wconf 76' lang='grc' dir='ltr'>καὶ</span> <span class='ocrx_word' id='word_1_913' title='bbox 2154 5551 2270 5613; x_wconf 81' lang='grc' dir='ltr'>τοῖς</span> <span class='ocrx_word' id='word_1_914' title='bbox 2311 5549 2641 5622; x_wconf 80' lang='grc' dir='ltr'>ἀρχομένοις</span> <span class='ocrx_word' id='word_1_915' title='bbox 2674 5551 2890 5618; x_wconf 77' lang='grc' dir='ltr'>πληγῆς</span> <span class='ocrx_word' id='word_1_916' title='bbox 2919 5550 3105 5604; x_wconf 87' lang='grc' dir='ltr'>θεόθεν</span> <span class='ocrx_word' id='word_1_917' title='bbox 3150 5553 3396 5622; x_wconf 75' lang='grc' dir='ltr'>ἡκούσης</span> <span class='ocrx_word' id='word_1_918' title='bbox 3425 5552 3510 5605; x_wconf 85' lang='grc' dir='ltr'>ὅτι</span> 
     </span>
    </p>
   </div>
   <div class='ocr_carea' id='block_1_117' title="bbox 1928 5640 3506 5711">
    <p class='ocr_par' dir='ltr' id='par_1_117' title="bbox 1928 5640 3506 5711">
     <span class='ocr_line' id='line_1_117' title="bbox 1928 5640 3506 5711; baseline 0.001 -17"><span class='ocrx_word' id='word_1_919' title='bbox 1928 5640 2230 5710; x_wconf 88' lang='grc' dir='ltr'>δυνάμενος</span> <span class='ocrx_word' id='word_1_920' title='bbox 2297 5643 2542 5696; x_wconf 86' lang='grc' dir='ltr'>κωλῦσαι</span> <span class='ocrx_word' id='word_1_921' title='bbox 2607 5643 2708 5711; x_wconf 81' lang='grc' dir='ltr'>τῆς</span> <span class='ocrx_word' id='word_1_922' title='bbox 2771 5643 3044 5711; x_wconf 84' lang='grc' dir='ltr'>πονηρίας</span> <span class='ocrx_word' id='word_1_923' title='bbox 3099 5643 3200 5697; x_wconf 89' lang='grc' dir='ltr'>οὐκ</span> <span class='ocrx_word' id='word_1_924' title='bbox 3262 5644 3506 5697; x_wconf 81' lang='grc' dir='ltr'>ἐκώλυσε</span> 
     </span>
    </p>
   </div>
   <div class='ocr_carea' id='block_1_118' title="bbox 1930 5733 3534 5808">
    <p class='ocr_par' dir='ltr' id='par_1_118' title="bbox 1930 5733 3534 5808">
     <span class='ocr_line' id='line_1_118' title="bbox 1930 5733 3534 5808; baseline 0.003 -22"><span class='ocrx_word' id='word_1_925' title='bbox 1930 5733 2296 5803; x_wconf 80' lang='grc' dir='ltr'>χαριζόμενος</span> <span class='ocrx_word' id='word_1_926' title='bbox 2319 5751 2332 5766; x_wconf 74' lang='grc'>⁸</span> <span class='ocrx_word' id='word_1_927' title='bbox 2379 5734 2646 5790; x_wconf 83' lang='grc' dir='ltr'>ἀπολαύει</span> <span class='ocrx_word' id='word_1_928' title='bbox 2681 5736 2737 5790; x_wconf 79' lang='grc' dir='ltr'>δὲ</span> <span class='ocrx_word' id='word_1_929' title='bbox 2787 5737 2882 5790; x_wconf 81' lang='grc' dir='ltr'>καὶ</span> <span class='ocrx_word' id='word_1_930' title='bbox 2916 5738 3044 5800; x_wconf 74' lang='grc' dir='ltr'>λαὸς</span> <span class='ocrx_word' id='word_1_931' title='bbox 3076 5739 3172 5807; x_wconf 87' lang='grc' dir='ltr'>τῆς</span> <span class='ocrx_word' id='word_1_932' title='bbox 3216 5737 3534 5808; x_wconf 79' lang='grc' dir='ltr'>βασιλικῆς·</span> 
     </span>
    </p>
   </div>
   <div class='ocr_carea' id='block_1_119' title="bbox 1932 5829 3534 5900">
    <p class='ocr_par' dir='ltr' id='par_1_119' title="bbox 1932 5829 3534 5900">
     <span class='ocr_line' id='line_1_119' title="bbox 1932 5829 3534 5900; baseline 0.001 -20"><span class='ocrx_word' id='word_1_933' title='bbox 1932 5829 2195 5899; x_wconf 77' lang='grc' dir='ltr'>πονηρῖας</span> <span class='ocrx_word' id='word_1_934' title='bbox 2261 5829 2764 5900; x_wconf 70' lang='grc' dir='ltr'>συμπαιδευόμενος</span> <span class='ocrx_word' id='word_1_935' title='bbox 2821 5831 2898 5894; x_wconf 81' lang='grc' dir='ltr'>ὥς</span> <span class='ocrx_word' id='word_1_936' title='bbox 2954 5831 3075 5885; x_wconf 78' lang='grc' dir='ltr'>ἀντὶ</span> <span class='ocrx_word' id='word_1_937' title='bbox 3116 5831 3212 5886; x_wconf 86' lang='grc' dir='ltr'>τοῦ</span> <span class='ocrx_word' id='word_1_938' title='bbox 3253 5831 3534 5885; x_wconf 63' lang='grc' dir='ltr'>διοορθῖνῖ</span> 
     </span>
    </p>
   </div>
  </div>
