3970 6460
359 320 493 387 1169

1261 321 1503 383 MARCI
1541 319 1916 383 EUGENICI
1957 319 2058 382 DE
2092 318 2333 387 OFFIC.
2379 316 2675 381 ECCl.ES.

3462 319 3601 391 1170

362 453 480 510 μεν.
531 427 608 491 οῦ
658 437 840 506 τυχεῖν
871 436 1056 500 ἐλέους
1112 433 1397 506 αἰτοῦμεν,
1431 433 1681 499 εἰκότως.
1736 434 1795 488 '0
1828 435 1929 505 μὲν

2042 436 2151 505 ipse
2211 433 2479 490 mediator
2507 433 2675 490 Deum
2723 434 2862 490 inter
2901 445 2956 492 et
3003 433 3255 494 homines
3285 434 3605 507 Christique

359 524 470 594 γὰρ
497 522 694 593 ίερεὺς,
721 523 880 587 αὐτὸς
901 523 975 578 ὢν
998 524 1028 578 ὁ
1063 524 1291 595 μεσίτης
1323 512 1459 579 Θεοῦ
1482 525 1575 579 καὶ
1605 523 1931 596 ἀνθρώπων,

360 618 547 671 εἰκόνα
579 616 766 681 σώζων
793 618 1056 687 Χριστοῦ,
1078 618 1335 689 καθάπερ
1360 618 1462 690 ἤδη
1514 618 1741 689 βεϐαίαν
1795 618 1934 688 ἔχων

363 709 740 780 πληροφορίαν
768 711 1030 782 περὶτῶν
1082 704 1424 784 αἰτημάτων,
1460 712 1777 783 εὐχαριστεῖ
1836 714 1935 783 τῆς

359 817 421 854 τε
455 802 531 863 είς
557 801 618 855 τδ
646 796 786 858 εἶναι
832 802 990 875 ἡμῶν
1047 806 1387 876 παραγωγῆς
1441 806 1623 873 ἕνεκα,
1679 807 1773 861 καὶ
1827 804 1934 859 τῶν

361 894 604 965 ἀρχῆθεν
653 894 820 949 αὐτοῦ
877 898 1015 969 πρὸς
1061 899 1211 969 ἡμᾶς
1258 898 1622 969 δωρημάτων,
1682 899 1779 952 καὶ
1826 899 1936 953 τῶν

363 976 592 1059 ὕστερον
636 986 726 1043 διὰ
774 989 875 1057 τῆς
927 989 1022 1043 τοῦ
1071 991 1411 1059 Μονογενοῦς
1463 992 1795 1061 σαρκώσεως
1843 990 1937 1044 καὶ⁵

361 1079 705 1148 ἐπιφανείας,
737 1082 839 1135 καὶ
877 1081 958 1135 ἔτι
1007 1083 1120 1137 τῶν
1176 1083 1272 1137 νῦν
1333 1084 1670 1153 αἰτουμένων
1727 1100 1788 1137 τε
1840 1084 1937 1137 καὶ

361 1172 741 1242 δοθησομένων
762 1190 778 1208 ·
812 1174 1003 1243 ὥσπερ
1042 1176 1206 1240 αὐτὸς
1243 1178 1273 1230 ὁ
1303 1177 1496 1249 Σωτὴρ
1523 1177 1682 1248 ἡμῶν
1738 1178 1830 1231 ἐπὶ
1857 1177 1938 1248 τῷ

362 1265 623 1335 Λαζάρῳ,
653 1266 748 1320 καὶ
779 1269 911 1337 πρὶν
932 1269 1237 1339 ἀναστῆσαι
1262 1271 1354 1323 τὸν
1393 1272 1666 1340 κείμενον,
1740 1273 1937 1341 Εὐχα-

351 1358 545 1424 ριστῶ
615 1374 738 1424 σοι,
767 1361 907 1431 πρὸς
971 1363 1065 1416 τὸν
1141 1364 1363 1434 Πατέρα
1424 1365 1611 1434 φησὶν,
1660 1364 1749 1418 ὅτι
1815 1382 1935 1434 μου

359 1450 657 1521 ἤκουσας.
705 1454 898 1524 Ἦμεῖς
930 1457 987 1511 δὶ
1031 1457 1080 1510 οἱ
1131 1458 1341 1522 πολλοὶ,
1386 1458 1494 1511 τῶν
1545 1459 1692 1513 ίδίων
1722 1459 1938 1530 μέτρων

360 1546 735 1616 ἐπιγνώμονες
755 1548 929 1613 ὄντες,
969 1549 1259 1620 ελεηθῆναι
1289 1551 1610 1620 αἰτούμεθα,
1645 1554 1787 1607 κατὰ
1844 1553 1938 1607 τὸν

360 1637 560 1705 τυφλὸν
588 1639 814 1705 ἐκεῖνον,
877 1642 976 1712 ούχ
1027 1641 1145 1695 υίδν
1208 1644 1396 1713 μέντοι
1452 1643 1639 1705 Δαϐὶδ,
1711 1644 1847 1698 Θεοῦ
1882 1645 1938 1698 δὲ

366 1726 497 1780 Υίὺν
524 1728 618 1783 τὸν
644 1729 875 1800 Σωτῆρα
906 1730 1065 1799 ἡμῶν
1096 1730 1481 1801 ὀνομάζοντες,
1511 1731 1587 1794 ὡς
1615 1730 1803 1799 ἕτερός
1833 1748 1937 1785 που

2039 540 2329 597 personam
2355 541 2571 596 gerens,
2601 526 2761 596 quasi
2791 526 2901 598 jam
2930 536 3137 583 certam
3191 528 3399 584 habens
3440 528 3603 585 ﬁdem

2037 618 2105 673 de
2121 617 2330 688 petitis,
2358 619 2568 687 gratias
2591 618 2702 690 agit
2730 626 2785 673 et
2818 618 2886 672 de
2914 620 3191 675 creatione
3219 626 3425 687 nostra,
3452 627 3508 675 et
3537 620 3607 677 de

2036 709 2199 767 nobis
2251 709 2321 764 ab
2352 709 2510 765 initio
2554 708 2834 766 concessis
2866 709 3045 775 donis,
3074 717 3129 766 et
3161 709 3232 767 de
3285 720 3475 781 postea
3507 724 3607 784 per

2038 800 2320 872 Unigeniti
2349 800 2778 858 incarnationem
2814 801 3322 874 revelationemque
3350 802 3513 872 datis,
3547 810 3605 859 et

2038 892 2220 949 adhuc
2239 895 2303 949 de
2330 893 2398 948 iis
2418 910 2538 963 qua:
2562 894 2616 947 in
2643 894 2926 964 praesentia
2946 895 3182 965 petimus
3205 904 3259 950 et
3290 910 3413 966 quae
3448 894 3609 951 nobis

2040 993 2167 1040 sunt
2194 985 2536 1041 concedenda
2569 1002 2585 1040 :
2628 986 2903 1057 sicutipse
2929 986 3176 1044 Salvator
3209 994 3396 1044 noster
3423 987 3479 1042 in
3501 985 3608 1041 La-

2040 1090 2193 1143 zaro,
2232 1086 2288 1133 et
2336 1077 2655 1147 priusquam
2720 1078 2995 1148 iacentem
3026 1078 3359 1135 suscitaret:
3390 1078 3609 1134 Gratias

2040 1184 2142 1237 ago
2174 1169 2290 1231 tibi,
2341 1168 2409 1222 ad
2442 1167 2659 1222 Patrem
2697 1171 2794 1234 ait,
2848 1171 2974 1242 quia
3021 1186 3103 1224 me
3154 1167 3463 1227 audiisti".
3498 1168 3610 1227 Nos

2038 1270 2219 1318 autem
2246 1261 2512 1333 plerique,
2541 1262 2608 1318 de
2636 1264 2870 1334 propriis
2894 1263 3162 1319 limitibus
3184 1264 3416 1329 conscii,
3442 1263 3611 1319 mise-

2042 1357 2334 1411 ricordiam
2367 1356 2725 1426 petimnspro
2754 1373 2905 1412 more
2941 1357 3095 1425 caeci,
3115 1372 3225 1413 non
3252 1356 3364 1426 jam
3393 1355 3610 1411 Davidis

2038 1450 2233 1514 tilium,
2264 1448 2357 1504 sed
2383 1448 2473 1505 Dei
2505 1451 2821 1515 invocantes
2851 1448 3298 1521 Salvatoremque
3333 1455 3610 1514 nostrum,

2038 1554 2100 1598 ut
2132 1553 2186 1598 et
2215 1543 2351 1598 alter
2382 1542 2509 1597 fecit
2544 1557 2724 1598 creetis
2759 1551 3042 1612 postquam
3070 1550 3183 1596 tum
3213 1543 3459 1613 corporis
3495 1549 3609 1595 tum

2039 1636 2205 1690 animi
2247 1635 2421 1691 oculis
2450 1634 2788 1690 illuminatus
2820 1643 2925 1689 est.
2953 1633 3242 1689 Enimvero
3270 1648 3369 1690 nos
3398 1648 3428 1688 e
3458 1639 3611 1689 tene-

2038 1727 2152 1782 bris
2180 1726 2356 1781 vocati
2411 1741 2601 1781 sumus
2661 1725 2713 1779 itt
2748 1724 3056 1780 admirabili
3110 1724 3199 1780 Dei
3236 1723 3465 1790 lumine,
3515 1722 3607 1779 sed

360 1818 562 1887 τυφλὸς
590 1820 728 1890 μετά
753 1820 813 1873 τὸ
877 1820 1182 1891 ἀναόλέψαι
1246 1821 1467 1893 σύναμα
1516 1823 1631 1885 τοῖς
1666 1821 1938 1891 αἰσθητοῖς

2044 1819 2209 1874 etiam
2232 1819 2310 1874 sie
2347 1833 2444 1889 per
2466 1826 2687 1875 sanctos
2723 1828 2940 1875 nostros
2968 1817 3157 1873 Patres
3181 1815 3478 1886 propitium
3512 1815 3608 1868 ha-

359 1909 487 1971 τοῦς
513 1910 739 1977 νοητοὺς
759 1910 1097 1980 ὀφθαλμούς.
1126 1913 1231 1966 Καὶ
1257 1913 1365 1983 γὰρ
1415 1914 1577 1982 ἡμεῖς
1605 1913 1668 1967 ἐκ
1712 1912 1937 1973 σκότους

361 2000 673 2071 ἑκλήθημεν
701 2004 781 2065 είς
804 2003 865 2055 τὸ
888 2002 1204 2071 θαυμαστὸν
1229 2004 1324 2058 τοῦ
1347 2004 1482 2058 Θεοῦ
1522 2004 1660 2073 φῶς,
1688 2003 1823 2063 ἀλλὰ
1844 2002 1939 2058 καὶ

364 2092 507 2148 οὕτω
524 2095 615 2150 sta
633 2097 743 2151 τῶν
758 2095 933 2164 ἀγίων
954 2096 1110 2165 ἡμῶν
1162 2098 1422 2168 Πατέρων
1479 2098 1605 2151 ἵλεω
1650 2096 1939 2163 τεύξεσθαι

366 2189 759 2259 προσδοκῶμεν
779 2188 875 2243 τοῦ
914 2191 1010 2244 ἐπὶ
1062 2192 1283 2245 πάντων
1315 2189 1472 2245 Θεοῦ.
1501 2220 1573 2231 -
1604 2191 1760 2256 Δόξα
1813 2205 1937 2256 σοι,

361 2284 396 2336 ό
417 2282 587 2347 Θεὸς,
621 2283 661 2351 ἠ
690 2281 867 2349 ἐλπίς
895 2280 1084 2351 ἡμῶν,
1112 2282 1311 2349 Κύριε.
1362 2281 1515 2345 δόξα
1548 2295 1669 2337 σοι.
1695 2311 1765 2322 --
1805 2280 1941 2336 Τού-

355 2390 472 2437 τοις
498 2375 592 2428 zeal.
622 2376 782 2446 ἡμεῖς
811 2376 1158 2443 συνάπτομεν
1197 2375 1511 2442 δοξολογίας
1543 2373 1642 2445 τῆς
1669 2376 1750 2437 είς
1806 2373 1940 2427 Θεὸν

361 2467 536 2536 μικρὰ
556 2466 693 2522 ἀττα
724 2466 972 2538 ῥήματα,
1007 2465 1107 2529 τὰς
1139 2463 1249 2517 τῶν
1300 2464 1552 2533 ἀγγέλων
1604 2464 1939 2535 μιμούμενοι

360 2556 509 2620 θείας
528 2559 737 2627 φωνὰς,
781 2559 841 2612 αῖ
889 2558 1103 2628 πρῶται
1153 2556 1231 2625 τῷ
1295 2557 1387 2609 ἐπὶ
1434 2556 1539 2625 γῆς
1582 2557 1940 2627 σαρκουμένῳ

358 2648 479 2717 Θεῷ
498 2650 978 2720 προσηνέχθησαν,
1009 2648 1092 2712 τδ,
1126 2646 1282 2711 Δόξα
1328 2647 1399 2699 ἐν
1440 2648 1727 2714 ὑψίστοις
1794 2646 1937 2714 Θεῷ,

357 2738 456 2792 καί
510 2739 607 2794 ἐπὶ
674 2740 790 2809 γῆς
838 2741 1070 2811 εἰρήνη,
1144 2743 1216 2795 ἐν
1265 2740 1603 2808 ἀνθρώποις
1671 2741 1937 2796 εὐδοκία.

357 2863 426 2875 --
454 2835 721 2889 Βασιλεῦ
750 2835 1013 2903 οὐράνια.
1050 2864 1118 2875 -
1140 2836 1249 2889 Καὶ
1274 2834 1416 2905 μετὰ
1449 2832 1621 2887 ταῦτα
1641 2834 1938 2905 τροπάριόν

360 2943 414 2979 τι
443 2926 859 2995 συντεθειμένον
884 2928 976 2979 ἐπὶ
999 2930 1064 2999 τῇ
1116 2928 1257 2980 κατὰ
1288 2926 1385 2996 τὴν
1426 2926 1806 3000 Πεντηκοστὴν
1856 2927 1939 2989 είς

357 3020 487 3081 τοὺς
521 3006 770 3090 μα’θητάς
811 3020 1025 3089 καθόδῳ
1066 3017 1160 3073 τοῦ
1198 3019 1345 3073 θείου
1383 3021 1725 3091 Πνεύματος,
1776 3018 1940 3074 αὑτὸν

2044 1913 2171 1968 bere
2201 1912 2447 1969 omnium
2475 1910 2645 1968 Deum
2675 1927 2980 1983 speramus.
3022 1944 3075 1955 --
3119 1909 3306 1965 Gloria
3330 1909 3443 1975 tibi,
3470 1907 3609 1963 Deus

2041 2024 2156 2078 spes
2197 2020 2408 2073 nostra,
2465 2007 2701 2073 Domine,
2756 2008 2929 2077 gloria
2979 2006 3093 2060 tibi.
3142 2036 3208 2047 -
3263 2004 3357 2060 llis
3396 2014 3449 2061 et
3505 2020 3609 2062 nos

2044 2100 2397 2170 adjungimus
2432 2100 2502 2155 de
2557 2098 2717 2155 laude
2772 2098 2865 2154 Dei
2924 2114 3089 2170 parva
3137 2099 3373 2169 quadam
3416 2080 3608 2168 verba,
3662 2125 3669 2135 ο

2042 2193 2355 2263 angelorum
2392 2192 2607 2248 divinas
2638 2207 2796 2248 voces
2822 2192 3123 2258 imitantes,
3152 2207 3273 2261 quae
3291 2192 3478 2262 prima:
3499 2191 3611 2247 Deo

2043 2288 2098 2342 in
2156 2296 2299 2342 terra
2364 2287 2651 2343 inearnato
2708 2286 2882 2341 allatae
2912 2295 3058 2353 sunt,
3123 2285 3298 2340 illud:
3331 2285 3513 2341 Gloria
3556 2284 3611 2338 in

2040 2379 2322 2434 altissimis
2359 2379 2489 2445 Deo,
2526 2387 2577 2433 et
2629 2380 2681 2434 in
2713 2388 2854 2433 terra
2883 2394 3015 2448 pax,
3049 2378 3102 2435 in
3137 2376 3436 2457 hominibus
3474 2378 3612 2431 bona

2040 2473 2285 2528 uoluntas
2306 2472 2370 2526 ‘3.
2396 2501 2449 2514 -—
2485 2470 2594 2526 Rex
2632 2471 2874 2527 caelatis.
2905 2501 2976 2511 —
3004 2471 3071 2525 Et
3099 2479 3281 2541 postea
3313 2462 3611 2541 troparinm

2041 2562 2341 2632 quoddam,
2363 2562 2416 2616 in
2439 2562 2760 2618 descensum
2784 2562 3020 2629 Spiritus
3041 2562 3214 2614 sancti
3240 2561 3293 2613 in
3313 2559 3613 2629 discipulos

2042 2655 2131 2709 die
2157 2654 2515 2711 Pentecostes
2554 2657 2943 2723 compositum,
2971 2663 3193 2708 orantes
3230 2654 3406 2722 ipsum
3447 2650 3613 2705 Para-

2041 2744 2242 2800 cletum
2294 2753 2356 2798 ut
2402 2744 2583 2800 veniat
2616 2754 2689 2807 et,
2737 2760 2858 2812 qua:
2906 2744 3065 2798 nobis
3097 2743 3236 2797 inest
3279 2743 3481 2796 malitia
3520 2741 3616 2797 de-

2042 2835 2170 2900 leta,
2210 2835 2405 2905 dignos
2438 2851 2538 2891 nos
2560 2836 2749 2890 reddat
2777 2835 2870 2904 qui
2900 2836 3011 2889 Deo
3041 2833 3613 2889 assistamus.—San-

2042 2933 2158 2978 ctus
2187 2923 2585 2980 Deus.-—-lnde
2615 2925 2875 2994 hymnum
2896 2923 3183 2994 Trisagion
3210 2924 3413 2977 dictum
3448 2937 3610 2992 quem

2042 3018 2148 3074 sibi
2179 3034 2243 3074 ex
2271 3019 2411 3074 Isaia
2440 3020 2656 3089 quando
2686 3019 2775 3072 ille
2806 3018 3041 3071 mirabili
3088 3016 3371 3087 Seraphim
3408 3017 3616 3071 visione

365 3110 540 3164 ἐλθεῖν
562 3112 651 3165 τὸν
676 3111 1035 3183 Παράκλητον
1088 3111 1583 3182 προσκαλούμενοι,
1621 3112 1707 3180 ἐφ’
1735 3104 1779 3181 ᾧ
1838 3111 1938 3183 τὴν

2052 3108 2305 3180 dignatus
2330 3108 2456 3172 fuit,
2489 3124 2787 3178 excerpens
2811 3108 3053 3164 Ecclesia
3078 3110 3407 3179 composuit,
3436 3107 3615 3163 verbis

364 3206 424 3258 ὲν
452 3205 585 3273 ἡμῖν
615 3205 844 3259 ἐνοῦσαν
872 3204 1211 3271 ἀφανίσαντα
1257 3205 1547 3275 πονηρίαν,
1579 3205 1765 3271 ἀξίους
1807 3205 1938 3259 ἀνα-

2046 3202 2208 3257 etiam
2242 3201 2462 3257 Davidis
2495 3210 2651 3256 utens
2688 3203 2740 3255 in
2774 3200 2973 3271 quibus
3007 3200 3139 3255 dicit
3178 3220 3191 3256 :
3228 3199 3404 3255 Silivit
3435 3202 3615 3253 anima

360 3297 533 3362 δεῖξαι
570 3296 1047 3364 τοῦ,παρεστὰναι
1093 3295 1235 3366 Θεῷ.
1275 3327 1345 3337 -
1379 3297 1583 3367 ’Ἄγιος
1613 3299 1645 3352 ὀ
1677 3298 1844 3365 Θεός.
1869 3328 1938 3338 -

2045 3311 2159 3348 mea
2180 3294 2249 3348 ad
2271 3294 2435 3348 Deum
2461 3294 2678 3363 fortem,
2712 3295 2882 3348 vivum
2917 3294 2957 3326 ¹⁹
2996 3313 3009 3347 :
3035 3309 3199 3363 quem
3223 3294 3290 3348 de
3317 3292 3460 3349 cutio
3482 3308 3616 3347 con-

366 3385 498 3441 Εἶτα
516 3387 610 3442 τὸν
650 3388 945 3459 Τρισοὶγιον
978 3389 1275 3457 λεγόμενον
1332 3388 1520 3458 ῦμνον,
1579 3389 1639 3443 ὃν
1687 3389 1938 3443 συνέθετο

2048 3386 2282 3443 ﬁrmavit
2340 3387 2484 3443 Deus
2550 3387 2912 3446 hmsitantetn.
2963 3386 3181 3456 quando
3254 3401 3350 3456 per
3404 3393 3616 3455 raptum

370 3483 468 3552 μὲν
499 3483 533 3551 ἠ
582 3480 877 3551 Ἐκκλησία
905 3480 1059 3550 παρὰ
1084 3479 1179 3534 τοῦ
1219 3480 1448 3535 Ἡσαΐου
1480 3480 1745 3547 λαόοῦσα,
1778 3482 1938 3552 ἡνίκα

2048 3481 2202 3551 pueri
2234 3479 2491 3535 revelavit
2520 3479 2744 3550 angelos
2772 3478 2851 3533 sic
2893 3486 3151 3534 canentes
3219 3478 3505 3547 hymnum,
3565 3485 3622 3531 et

359 3572 459 3642 τῆς
491 3571 815 3641 θαυμαστῆς
840 3570 1059 3642 ἠξιοῦτο
1100 3571 1209 3623 τῶν
1236 3571 1491 3641 Σεραφὶμ
1534 3571 1793 3643 θεωρίας,
1845 3570 1939 3625 καὶ

357 3665 438 3717 ἔτι
465 3666 935 3734 προσχρησαμένη
966 3666 1081 3725 τοῖς
1114 3662 1210 3716 τοῦ
1241 3664 1407 3718 Δασὶδ
1439 3664 1701 3734 ῥήμασιν,
1759 3666 1816 3717 ὲν
1857 3658 1938 3729 οἷς

356 3771 546 3823 φησιν,
581 3754 920 3821 Ἕδίψησεν
945 3754 982 3819 ἡ
1010 3753 1181 3823 ψυχή
1226 3770 1348 3824 μου
1392 3753 1545 3821 πρὸς
1601 3754 1711 3807 τὸν
1769 3756 1939 3823 θεὸν,

361 3848 469 3901 τὸν
499 3845 779 3915 ἰσχυρὸν,
814 3846 921 3899 τὸν
954 3846 1172 3906 ζῶνταο
1208 3846 1453 3913 ἐκύρωσε
1478 3847 1533 3899 δὲ
1588 3846 1720 3908 Θεὸς
1772 3847 1943 3915 ἀμφι-

358 3935 687 4005 γνοούμενον
715 3936 943 4003 ἄνωθεν,
968 3937 1057 3989 ὅτε
1092 3935 1178 3990 διὰ
1208 3937 1308 4005 τῆς
1342 3937 1604 4007 ἁρπαγῆς
1633 3939 1727 3992 τοῦ
1752 3940 1940 4003 παιδὸς

359 4028 630 4096 ἐμήνυσεν
649 4026 823 4091 οὕτως
852 4027 1076 4099 ᾄδοντας
1100 4030 1226 4092 τοὺς
1255 4030 1543 4099 ἀγγέλους,
1573 4030 1631 4084 ὃν
1661 4032 1756 4084 καὶ
1784 4049 1939 4103 τρισ-

360 4120 602 4185 σοῦντες,
627 4121 708 4179 είς
733 4122 898 4191 τιμὴν
921 4123 1015 4174 καὶ
1044 4122 1203 4177 τοῦτο
1226 4122 1328 4191 τῆς
1359 4122 1745 4195 προσκυνητῆς
1771 4126 1943 4196 Τριά-

359 4213 470 4278 δος,
504 4213 838 4276 τοσαυτάκις
896 4215 991 4267 καὶ
1047 4214 1488 4285 προσκυνοῦμεν,
1534 4218 1939 4284 ἐπιδεικνύντες

359 4307 517 4379 ἡμῶν
547 4304 609 4358 τὸ
633 4305 861 4370 εὐλαϐὲς
918 4307 1049 4376 περὶ
1076 4306 1168 4359 τὸν
1200 4308 1499 4376 ἀγγελικόν
1536 4326 1595 4362 τε
1650 4310 1745 4364 καὶ
1796 4312 1939 4367 θεῖον

360 4397 550 4467 διδ-νον·
581 4428 652 4439 ⁵-
680 4398 835 4462 Δόξα
889 4399 1094 4465 "07.01-
1128 4428 1197 4439 -
1241 4395 1376 4455 Εἶτα
1430 4405 1524 4453 καὶ
1576 4402 1940 4472 ὀνομάσαντες

2045 3573 2267 3643 quidem
2299 3581 2514 3627 ternum
2542 3580 2803 3627 canentes
2824 3572 2874 3624 in
2900 3570 3161 3626 honorem
3192 3570 3479 3624 adoranda:
3496 3567 3619 3622 Tri-

2046 3666 2260 3732 uitatis,
2304 3666 2464 3721 toties
2503 3673 2557 3720 ct
2594 3665 2917 3729 adoramus,
2957 3680 3057 3719 nos
3085 3664 3337 3733 pietatem
3375 3670 3619 3715 nostram

2046 3772 2175 3828 erga
2215 3758 2522 3827 angelicum
2584 3758 2939 3825 divinumque
3007 3757 3267 3829 hymnum
3308 3753 3622 3821 signiﬁcan-

2047 3857 2149 3904 tes.
2185 3877 2257 3888 —
2282 3846 2469 3903 Gloria
2496 3847 2676 3902 Patri.
2708 3878 2777 3888 --
2824 3848 3028 3902 Exinde
3078 3859 3187 3901 tres
3216 3846 3621 3915 omnipotentes

2046 3956 2314 4013 personas
2347 3942 2497 4011 ipsas
2530 3951 2819 4011 postquam
2880 3940 3280 3993 nominavimus
3320 3946 3374 3991 et
3424 3938 3491 3990 ad
3526 3949 3620 3989 eas

2047 4034 2278 4105 gloriam
2331 4048 2442 4088 non
2498 4043 2706 4087 tantum
2740 4046 2907 4095 nunc,
2961 4030 3053 4085 sed
3100 4036 3154 4085 et
3202 4043 3416 4096 semper
3440 4037 3494 4081 et
3524 4041 3623 4096 per

2046 4140 2207 4182 omne
2253 4126 2510 4181 saeculum
2563 4123 2857 4194 pertinere,
2908 4129 3194 4192 postquam
3250 4118 3510 4182 diximus,
3562 4118 3616 4171 in

2046 4232 2218 4272 unum
2296 4216 2595 4286 jungentes
2652 4213 3088 4285 pronuntiamus.
3138 4241 3212 4251 -—-
3266 4211 3621 4266 Sanctissima

2051 4309 2308 4365 Trinitas.
2345 4339 2412 4349 -—
2434 4307 2502 4362 Et
2532 4322 2725 4362 rursus
2747 4306 3066 4361 invocantes
3100 4319 3214 4370 eas,
3257 4300 3476 4357 Patrem
3499 4300 3622 4370 qui-

2046 4400 2193 4467 dem,
2227 4400 2514 4454 Dominum
2553 4400 2901 4453 nominamus
2930 4406 2991 4452 ut
3034 4409 3381 4460 creatorem;
3422 4393 3618 4449 Filium

359 4490 501 4544 αύτὰ
540 4489 611 4543 τὰ
640 4489 911 4561 θεαρχικά
936 4490 1227 4560 πρόσωπα,
1259 4492 1532 4557 καὶδόξαν
1559 4494 1741 4555 αὐτοῖς
1771 4511 1937 4564 προσ-

2047 4508 2201 4559 vero,
2238 4493 2557 4562 tnagistrum
2590 4501 2859 4557 nostrum,
2893 4500 3078 4561 utpote
3108 4493 3200 4561 qui
3231 4505 3332 4545 nos
3358 4490 3621 4553 sanguine

360 4578 519 4651 ήκειν
542 4580 811 4644 είπόντες,
839 4578 900 4631 ού
928 4578 1024 4632 νῦν
1046 4581 1228 4647 μόνον,
1290 4580 1425 4634 ἀλλὰ
1458 4582 1552 4634 καὶ
1589 4582 1677 4637 ἀεὶ
1724 4585 1814 4636 καὶ
1861 4587 1941 4649 εἰς

360 4673 533 4726 αἰῶνα
563 4672 654 4725 τὸν
672 4672 916 4736 ἅπαντα,
954 4673 1417 4736 ὲπισυνάπτοντες
1448 4675 1646 4737 ἑνικῶς
1668 4676 1944 4744 ἐκφωνοῦ-

363 4781 485 4834 μεν.
524 4792 587 4803 —
617 4766 889 4833 Παναγία
926 4767 1119 4831 ΤρΙας.
1140 4796 1207 4805 -
1236 4766 1345 4819 Καὶ
1372 4761 1529 4831 αὖθις
1580 4768 1945 4837 ἐπικαλούμε-

360 4873 442 4911 νοι
471 4856 669 4919 ταῦτα,
704 4857 796 4909 τὸν
827 4856 927 4926 μὲν
963 4858 1184 4926 Πατέρα
1239 4856 1445 4936 Ιςύριον
1483 4858 1841 4929 ὀνομάζοντες
1865 4861 1941 4925 ὡς

358 4948 712 5019 ῖημιουργδν,
745 4949 838 5004 τὸν
865 4949 993 5001 Υίὸν
1020 4949 1075 5001 δὲ
1101 4951 1404 5020 Δεσπότην,
1428 4949 1503 5013 ὡς
1549 4951 1643 5005 καὶ
1674 4951 1769 5005 τοῦ
1802 4953 1935 5007 ίδίου

359 5045 593 5114 αἵματος
662 5045 811 5114 ἡμᾶς
869 5044 1259 5116 ἀγοράσαντα,
1314 5047 1405 5099 τὶν
1460 5047 1516 5100 δὲ
1582 5046 1937 5118 Παράκλητον

360 5136 539 5205 ἅγιον,
571 5137 648 5203 ὡς
704 5135 850 5199 ίδίως
897 5137 994 5205 τὴν
1041 5136 1363 5205 ἐπωνυμίαν
1408 5155 1467 5189 τε
1506 5138 1603 5190 καὶ
1654 5137 1938 5208 ἐνέργειαν

358 5228 567 5300 ταύτην
600 5227 1038 5298 πεπλουτηκότα,
1064 5228 1216 5298 παρά
1244 5228 1339 5281 τοῦ
1374 5230 1474 5297 μὲν
1502 5230 1731 5300 ἱλασμὸν
1761 5230 1940 5297 ἀμαρ-

360 5321 493 5376 τιῶν
522 5322 865 5392 ἐξαιτούμεν,
893 5325 1045 5391 παρὰ
1087 5338 1181 5375 του
1219 5321 1275 5374 δὲ
1306 5321 1365 5374 τὸ
1410 5321 1569 5374 πλέον
1594 5320 1693 5393 τὴν
1719 5320 1934 5390 cond»

362 5430 524 5485 ρησιν
548 5413 777 5480 τούτων,
808 5416 961 5485 παρὰ
991 5415 1085 5468 τοῦ
1115 5415 1170 5469 δὲ
1201 5414 1261 5466 τὸ
1301 5412 1510 5479 λοιπὸν,
1539 5413 1937 5483 ἑπισκεφθῆναί

358 5525 419 5561 τε
459 5508 555 5561 καὶ
589 5507 809 5579 ίαθῆναι
860 5510 960 5573 τὰς
1024 5508 1336 5569 ἀσθενείας.
1388 5505 1687 5560 Νοσοποιὸν
1717 5507 1827 5577 γάρ
1885 5523 1938 5559 τι

363 5600 460 5655 καὶ
482 5598 659 5655 δεινὸν
688 5600 936 5671 ἁμαρτία
961 5602 1059 5672 τὴν
1088 5601 1204 5667 ἕξιν
1228 5600 1326 5670 τῆς
1353 5599 1531 5669 ψυχῆς
1578 5599 1891 5669 διαφθεῖραι
1924 5614 1940 5631 ·

439 5778 481 5813 ³⁷
516 5775 677 5838 Joan.
720 5795 794 5844 XI,
830 5779 913 5833 sil.
1001 5780 1039 5809 "
1075 5778 1208 5833 Luc.
1237 5795 1294 5847 tt,
1332 5779 1416 5834 li.
1500 5778 1541 5810 "
1567 5777 1711 5833 l’sal.
1752 5794 1855 5842 ιιι,
1888 5780 1939 5831 5.

2044 4602 2147 4644 suo
2174 4585 2493 4650 redemit,et
2522 4583 2788 4654 Spiritum
2817 4591 3286 4651 sanctum,utpote
3306 4583 3395 4650 qui
3420 4594 3621 4635 nomen

2044 4682 2147 4735 hoc
2203 4680 2456 4748 hancque
2523 4678 2781 4731 virtutem
2820 4676 3038 4746 proprie
3072 4675 3333 4744 possidet.
3379 4675 3462 4727 Ah
3513 4688 3623 4728 uno

2047 4774 2270 4842 quidem
2336 4770 2779 4841 propitiatioucm
2836 4777 3183 4837 peccatorum
3233 4769 3512 4837 petimus;
3554 4764 3657 4842 ab;

2040 4863 2213 4919 altero
2261 4864 2437 4932 magis
2471 4862 2663 4915 horum
2710 4858 3191 4921 condonalionem,
3236 4858 3304 4911 ah
3330 4858 3501 4913 altero
3533 4874 3621 4912 re-

2043 4955 2277 5024 liquum,
2306 4953 2680 5022 ittSpiciettdas
2703 4951 3086 5021 sanandasqtte
3109 4951 3479 5006 inﬁrmitates.
3510 4952 3623 5006 Διί·
3650 4940 3653 4943 ’

2046 5046 2174 5114 quid
2207 5045 2349 5099 enim
2383 5044 2543 5098 habet
2598 5055 2875 5113 peccatum
2903 5042 3048 5113 quod
3112 5057 3211 5096 nos
3245 5052 3476 5110 δἐι-οεοῦ
3503 5044 3622 5097 red-

2045 5139 2158 5203 dat,
2196 5147 2251 5191 ct
2283 5138 2477 5189 anima:
2506 5135 2868 5189 valetudinem
2904 5150 3255 5203 corrumpere
3295 5146 3460 5205 queat
3487 5152 3502 5189 :
3530 5136 3620 5189 eui

2048 5230 2206 5300 culpa
2265 5230 2500 5283 liberata:
2534 5227 2728 5283 anima:
2767 5225 2877 5283 Deo
2910 5243 3047 5298 opus
3093 5239 3176 5283 est
3211 5228 3617 5283 eorroborante.

2050 5322 2115 5377 Et
2158 5340 2347 5377 rursus
2389 5323 2441 5375 itt
2490 5340 2656 5377 ttnttut
2695 5326 3084 5377 contrahentes
3117 5321 3475 5382 addimtts,—
3511 5320 3622 5375 No-

2048 5415 2201 5469 minis
2230 5416 2309 5469 tui
2344 5432 2530 5469 causa.
2554 5446 2622 5456 -—
2641 5415 2795 5481 Quod
2831 5415 2997 5485 igitur
3022 5414 3265 5470 nomen?
3292 5414 3617 5482 Misericors,

2048 5508 2146 5570 ait,
2202 5516 2256 5561 et
2319 5507 2665 5564 miseratione
2723 5507 2985 5562 Dominus
3050 5508 3263 5575 plenus,
3300 5506 3623 5576 longattimis

2050 5609 2101 5653 et
2158 5600 2304 5653 \ahle
2372 5601 2658 5667 miscrens,
2698 5598 2858 5672 cujus
2908 5600 2985 5655 rei
3047 5602 3219 5671 gratia
3274 5609 3326 5653 et
3387 5599 3454 5654 ab
3502 5614 3623 5670 lpso
