3970 6460
268 287 404 355 1173

1134 292 1380 356 MARCI
1420 291 1794 355 EUGENICI
1830 294 1926 355 DE
1967 292 2210 359 OFFIC.
2246 299 2552 364 ECCLES.

3369 296 3507 359 1174

265 410 461 477 ἀξίαν,
484 410 623 477 τοὺς
652 410 717 464 δὲ
737 412 1128 482 ἁμαρτωλοὺς
1164 414 1439 486 ἀπάγεις,
1470 414 1572 485 ὑφ’
1611 414 1844 469 ἑαυτῶν

1955 417 2077 485 quid
2104 417 2319 473 horum.
2364 415 2526 473 Modo
2559 416 2703 472 eriim
2730 415 2899 487 leges,
2925 412 3088 469 modo
3123 412 3307 478 verba,
3336 410 3501 467 modo

265 500 823 571 κατακεκριμένους,
854 503 944 556 καὶ
985 501 1053 558 τὰ
1092 504 1257 558 λοιπὰ
1323 506 1419 559 τοῦ
1464 505 1700 576 ψαλμοῦ.
1737 507 1833 557 Ὃν

267 595 359 647 καὶ
389 595 479 648 ἐπὶ
509 596 621 656 τοῖς
643 597 698 648 ὲν
722 596 943 667 Χριστῷ
979 598 1323 668 κοιμηοεῖσιν
1367 597 1589 670 ᾄδομεν,
1633 597 1834 652 ἐπιδει-

266 686 490 752 κνύντες
519 689 637 743 οἷαν
676 691 757 744 δεῖ
811 691 1125 763 παρρησίαν
1168 692 1260 743 ἐπὶ
1320 694 1433 755 τοῖς
1483 690 1835 761 βεϐιωμένοις

265 784 410 854 ἔχειν
441 788 531 841 τόν
582 804 644 855 γε
691 786 901 858 ἀληθῶς
962 787 1088 841 ὄντα
1138 788 1490 857 Χριστιανόν.
1525 787 1835 857 Ἕφύλαξα

262 880 392 949 γὰρ,
424 879 578 950 φησὶ,
600 881 707 948 τὰς
740 882 993 948 ἐντολάς
1019 897 1137 936 σου
1184 883 1283 935 καὶ
1344 882 1416 935 τὰ
1475 879 1836 950 δικαιώματὰ

264 988 402 1036 σου,
429 974 528 1028 καὶ
556 975 677 1030 τῶν
700 976 1042 1045 μαρτυρίων
1082 992 1201 1031 σου
1231 978 1343 1050 οὐκ
1372 975 1678 1041 ἐξέκλινα,
1742 976 1836 1029 καὶ

262 1066 359 1120 ὅσοι
394 1066 596 1124 τοιάδε.
640 1068 730 1122 Ἑν
751 1062 831 1130 οἷς
861 1069 955 1120 καὶ
990 1067 1107 1120 τόδε
1138 1086 1192 1122 τι
1242 1068 1432 1140 χάριεν
1466 1067 1643 1121 ἔνεστι
1679 1086 1835 1121 κατι-

259 1156 393 1212 δεῖν.
421 1157 541 1212 Τῶν
578 1160 688 1231 γὰρ
709 1161 765 1213 ὲν
795 1159 871 1229 τῷ
893 1158 1093 1229 ψαλμῷ
1134 1160 1308 1229 τούτῳ
1359 1162 1556 1229 στίχων
1584 1160 1836 1212 ἁπάντων

258 1250 432 1314 οὐδεὶς
466 1252 524 1315 ὃς
568 1252 670 1305 οὐκ
717 1252 833 1321 ἔχει
868 1252 1080 1315 πάντως
1106 1252 1165 1304 ἓν
1194 1252 1254 1318 γέ
1285 1269 1336 1304 τι
1373 1250 1603 1304 τούτων.
1628 1250 1692 1303 Ἥ
1729 1250 1836 1319 γὰρ

260 1343 475 1412 νόμους,
511 1344 545 1414 ἢ
581 1344 793 1412 λόγους,
826 1344 858 1416 ἧ
890 1344 1130 1406 ἐντολὰς,
1156 1342 1187 1411 ἢ
1223 1342 1521 1413 μαρτύρια,
1553 1341 1835 1413 ἥδικαιώ-

262 1452 433 1503 ματα,
467 1436 498 1507 ἢ
541 1436 789 1505 κρίματα
820 1435 1119 1506 μέμνηται,
1153 1436 1228 1504 πῆ
1260 1436 1358 1505 μὲν
1388 1434 1711 1504 αἰτουμένου
1743 1432 1837 1486 τοῦ

265 1527 539 1597 μακαρίου
585 1530 871 1599 προφήτου
910 1529 1007 1598 τὴν
1056 1531 1113 1583 ὲν
1165 1530 1378 1591 τούτοις
1423 1528 1701 1593 εὐόδωσιν,
1763 1530 1839 1599 πῆ

260 1622 316 1673 δὲ
366 1620 848 1691 ἐπαγγελλομένου
901 1621 1077 1676 ταῦτα
1138 1622 1420 1690 φυλάξειν,
1470 1623 1537 1677 ἄν
1593 1638 1656 1689 γε
1702 1621 1841 1693 τύχῃ

264 1716 518 1786 βοηθείας
557 1717 647 1771 καὶ
681 1718 855 1786 ῥοπῆς
894 1716 993 1786 τῆς
1036 1716 1264 1771 ἄνωθεν.
1316 1717 1472 1769 Ἐστι
1515 1716 1559 1769 δ’
1614 1714 1703 1770 ὅτε
1746 1716 1839 1768 καὶ

264 1811 784 1882 παρρησιαζομένου
822 1815 1173 1881 πεποιηκέναι
1209 1829 1265 1864 τε
1296 1810 1436 1864 αὐτὰ
1468 1810 1561 1865 καὶ
1593 1809 1837 1878 πεφυλα-

1942 509 2221 574 mandata,
2278 510 2439 566 modo
2475 509 2808 574 testimonia,
2852 506 3013 564 modo
3064 505 3499 575 iustiﬁcationes,

1940 602 2100 658 modo
2124 602 2328 671 judicia
2385 601 2646 667 referunt,
2681 612 2792 656 tum
2826 601 3042 671 quidem
3100 607 3316 671 petente
3345 598 3506 656 beato

1938 696 2206 767 propheta
2231 696 2284 750 in
2315 710 2377 751 ea
2413 694 2628 750 facilem
2661 694 2826 760 viam,
2856 700 2972 749 tum
3005 708 3133 750 vero
3159 693 3506 763 promittente

1939 804 1997 845 se
2026 804 2086 844 ea
2124 798 2469 845 servaturum
2536 788 2583 844 si
2640 798 2817 842 tamen
2869 785 2973 843 sibi
3032 785 3292 865 obtigerit
3348 785 3503 841 auxi-

1941 884 2071 938 lium
2109 894 2163 938 et
2207 882 2537 955 adjutorium
2560 880 2626 936 de
2655 881 2815 937 ccelo.
2877 878 3293 950 Aliquandoque
3341 878 3505 933 etiam

1944 975 2172 1030 conlidit
2197 990 2256 1030 se
2308 976 2504 1030 fecisse
2542 988 2602 1029 ea
2633 983 2686 1028 et
2728 986 2976 1028 servasse
3002 972 3146 1027 sicut
3173 971 3373 1025 dictum
3402 981 3504 1025 est.

1942 1071 2229 1136 Quomodo
2274 1069 2388 1125 haec
2420 1069 2561 1124 inter
2588 1082 2649 1123 se
2680 1067 2935 1123 diﬂ'erant
2987 1080 3106 1136 quae
3143 1063 3503 1118 communiori
3574 1085 3582 1133 γ

1940 1183 2189 1222 sermone
2222 1166 2407 1222 eadem
2477 1165 2723 1219 indicant
2761 1163 2971 1234 longius
3010 1161 3151 1216 foret
3180 1162 3231 1215 in
3275 1174 3503 1230 praesen-

1941 1262 2032 1316 tiis
2070 1261 2428 1328 distinguere.
2469 1257 2596 1314 Post
2657 1265 2837 1312 autem
2894 1256 3065 1311 dictos
3130 1252 3369 1323 psalmos
3418 1251 3509 1321 qui

1943 1361 2072 1407 sunt
2106 1352 2207 1422 ipsi
2235 1352 2302 1406 de
2345 1349 2696 1406 Testamento
2736 1363 2805 1403 ex
2849 1347 3040 1403 ordine
3068 1344 3178 1416 jam
3212 1344 3511 1414 disponun-

1946 1455 2034 1500 tur
2073 1460 2141 1499 εχ
2168 1443 2379 1498 sanctis
2410 1440 2668 1496 Patribus
2698 1436 3004 1510 composita
3034 1436 3275 1506 troparia
3304 1442 3358 1489 et
3387 1447 3510 1503 pre-

1943 1550 2054 1589 ces.
2091 1532 2153 1587 Et
2188 1533 2239 1587 id
2262 1546 2552 1587 commune
2577 1538 2661 1585 est
2687 1529 2961 1583 omnibus.
2996 1524 3255 1581 —Credo
3275 1526 3327 1578 in
3347 1537 3511 1576 unum

1948 1627 2139 1681 Deum.
2169 1655 2239 1666 —
2274 1623 2483 1691 Quibus
2537 1622 2694 1691 praeit
2746 1630 2990 1675 sanctum
3042 1616 3163 1673 ﬁdei
3209 1612 3513 1686 symholum

1943 1718 2100 1788 quasi
2154 1729 2284 1772 sane
2333 1713 2417 1768 vel
2473 1711 2790 1782 impransis.
2842 1710 2901 1765 Si
2935 1709 3079 1765 enim
3134 1707 3401 1762 incertum
3429 1710 3515 1759 est

1941 1810 2161 1882 quando
2201 1807 2493 1863 adiuturus
2537 1805 2608 1861 sit
2669 1805 2791 1859 vitae
2830 1802 2975 1866 ﬁnis,
3023 1799 3177 1856 multi
3222 1799 3367 1855 enim
3415 1795 3514 1865 qui

262 1904 442 1973 χὲναι,
471 1904 659 1969 καθὼς
685 1907 921 1974 εῐρηται.
964 1907 1076 1976 Τὴν
1099 1905 1154 1958 δὲ
1211 1905 1347 1975 προς
1395 1904 1601 1974 ἄλληλα
1636 1904 1841 1957 τούτων

1955 1919 2049 1960 ηοιιι
2096 1910 2149 1955 et
2196 1898 2313 1956 sani
2352 1897 2765 1953 obdormierant
2806 1893 2859 1948 in
2916 1893 3145 1948 alterum
3194 1889 3515 1961 perlongum

261 1997 534 2069 διαφορὰν
563 1999 857 2068 κοινοτέρῳ
882 1998 1024 2069 λόγῳ
1052 1999 1212 2051 ταυτδ
1241 2000 1615 2068 σημαινόντων
1639 2000 1841 2068 μακρό-

262 2111 426 2163 τερον
460 2094 528 2149 ἂν
560 2097 645 2165 εἴη
677 2097 795 2148 νυνὶ
815 2095 1031 2149 διελεῖν.
1050 2094 1203 2147 Μετὰ
1265 2092 1321 2147 δὲ
1361 2094 1485 2156 τοὺς
1518 2094 1842 2163 εἰρημένους

260 2186 518 2258 ψαλμοὺς
542 2189 898 2258 ὲνδιαθήκους
942 2188 1037 2242 καὶ
1094 2187 1293 2251 αὐτοὺς
1329 2187 1489 2251 ὄντας
1536 2188 1844 2249 ἀκολούθως

261 2280 364 2349 ἢδη
394 2280 693 2348 τετάχαται
744 2280 812 2332 τὰ
843 2279 994 2349 ποιρᾶ
1025 2279 1135 2331 τῶν
1169 2277 1338 2346 ἁγίων
1362 2278 1623 2347 Πατὲρων
1654 2294 1843 2330 συντεσ

261 2372 495 2442 Θειμὲνσι
527 2371 805 2444 τροπάριά
834 2390 893 2426 τε
924 2372 1016 2426 καὶ
1070 2371 1249 2441 εὐχαί.
1301 2371 1412 2423 Καὶ
1463 2366 1624 2422 τοῦτο
1671 2368 1847 2422 κοινὸν

261 2468 357 2520 ἐπὶ
391 2467 565 2525 πᾶσίν
599 2468 768 2521 ἐστιν.
804 2494 869 2507 ο·-
901 2465 1174 2519 Hrofsth
1196 2464 1284 2529 εἰς
1306 2461 1417 2516 ἕνα
1448 2462 1619 2516 Θεόν.
1648 2490 1715 2499 --
1745 2452 1847 2510 *Ων

262 2561 604 2629 προηγεῖται
626 2558 688 2611 τὸ
719 2558 867 2627 ἱερὸν
890 2558 989 2625 τῆς
1007 2556 1243 2619 πίστεως
1262 2552 1561 2623 Σύμϐολον,
1580 2551 1767 2616 ὥσπερ
1784 2551 1847 2617 δὴ

262 2654 368 2705 κάν
386 2655 507 2715 τοῖς
526 2654 891 2714 ἁποδείπνοις.
907 2652 970 2703 El
987 2647 1310 2717 γὰρᾶδηλον
1330 2645 1391 2696 τὸ
1409 2644 1504 2712 τῆς
1524 2642 1671 2708 ζωῆς
1695 2642 1848 2700 τέλος

259 2745 428 2799 ὁπότε
461 2713 595 2812 ἡμῖν
622 2745 838 2810 ἐπιστῇ,
869 2713 1189 2809 πολλοὶ
1208 2713 1321 2807 ἤδη
1354 2736 1450 2789 καὶ
1480 2733 1851 2802 καθευδήσανο

256 2850 352 2895 τες
380 2834 585 2899 ὑγιεῖς,
608 2832 689 2900 ἐφ’
710 2830 898 2900 ἕτερον
922 2828 1088 2882 ῦπνον
1114 2827 1440 2894 ἀπροόπτως
1470 2822 1735 2892 μετῆλθον
1758 2821 1848 2874 τον

250 2922 437 2991 ἐπιμή
456 2939 666 2987 κιστον,
694 2920 995 2987 ἀναγκαῖον
1027 2916 1092 2969 ἂν
1122 2913 1208 2984 εἴη
1245 2914 1338 2967 καὶ
1367 2910 1703 2982 ἀρχομένους
1753 2907 1849 2960 τοῦ

248 3016 641 3085 ἐγρηγορέναι
660 3052 676 3077 ,
706 3011 802 3067 καὶ
838 3013 1102 3079 λήγοντας
1122 3048 1137 3073 ,
1167 3007 1267 3077 τὴν
1300 3003 1593 3076 ὁμολογίαν
1620 3002 1721 3069 τῆς
1759 3000 1852 3054 πί-

1942 2008 2193 2049 somnum
2234 2006 2298 2046 ex
2353 1986 2654 2059 improviso
2706 1985 3061 2046 transierunt,
3119 1995 3347 2036 necesse
3380 1976 3521 2032 {oret

1946 2095 1999 2142 ct
2027 2085 2117 2156 qui
2148 2082 2414 2153 incipiunt
2456 2089 2509 2135 ct
2551 2079 2645 2150 qui
2678 2085 2896 2133 cessant
2923 2071 3277 2145 expergeﬁeri
3306 2067 3521 2126 confes-

1947 2179 2157 2234 sionem
2196 2175 2319 2230 ﬁdei
2346 2174 2457 2229 Deo
2485 2181 2742 2241 prmstare
2766 2186 2885 2239 quae
2916 2165 3220 2238 symbolum
3248 2158 3523 2233 quoddam

1946 2278 2000 2325 et
2028 2264 2368 2337 signaculum
2428 2259 2830 2317 conciliationis
2890 2258 2954 2312 ad
2998 2256 3163 2311 Deum
3200 2252 3270 2309 iis
3315 2249 3387 2307 sit
3428 2246 3521 2317 qui

1948 2360 2076 2414 inde
2110 2360 2361 2427 migrent.
2392 2353 2541 2421 Quos
2566 2352 2777 2406 scilicet
2798 2360 2850 2404 et
2877 2344 3235 2418 Apocalypsis
3264 2338 3523 2397 describit

1948 2454 2162 2522 signum
2218 2450 2272 2503 in
2324 2446 2501 2501 fronte
2556 2445 2812 2506 ferentes,
2860 2451 2915 2496 ct
2968 2447 3253 2509 propterea
3285 2434 3339 2489 in
3379 2432 3521 2487 libro

1951 2521 2072 2599 vitae
2118 2541 2442 2609 inscriptos,
2478 2550 2576 2591 nec
2624 2534 2734 2604 jam
2790 2548 2818 2587 a
2872 2529 3247 2601 spiritualibns
3296 2521 3527 2579 locustis

1951 2642 2198 2688 vexatos.
2238 2659 2307 2670 —
2337 2626 2567 2682 Sanctus
2625 2619 2780 2676 D'eus.
2821 2648 2892 2660 ——
2927 2616 3033 2671 Sed
3080 2624 3249 2679 certe,
3298 2618 3350 2665 et
3378 2611 3531 2680 hym-

1953 2740 2057 2780 nus
2094 2723 2272 2778 dictus
2320 2718 2627 2789 Trisagion,
2675 2725 2728 2768 et
2763 2726 2884 2781 qua:
2929 2723 2995 2763 ex
3022 2705 3214 2762 ordine
3246 2717 3370 2757 eum
3429 2713 3522 2755 se‘

1953 2823 2221 2887 quuntur,
2278 2815 2673 2882 praeponuntur
2717 2804 2800 2859 bis
2852 2796 3106 2871 tropariis
3165 2802 3227 2852 ut
3280 2800 3337 2850 et
3394 2791 3531 2862 ipsis

1955 2908 2204 2983 psalmis.
2236 2904 2356 2959 Non
2398 2901 2542 2957 enim
2568 2900 2774 2970 justum
2821 2904 2904 2951 est
2941 2908 3005 2948 ex
3049 2890 3154 2946 alia
3188 2897 3339 2960 parte
3374 2898 3533 2940 orare

1959 2980 2277 3073 priusquam
2302 3011 2368 3051 ex
2400 2993 2602 3050 divinis
2633 3001 2689 3047 et
2728 3005 2757 3044 a
2795 2988 2904 3042 Deo
2936 2984 3078 3041 datis
3108 2980 3291 3037 verbis
3318 2982 3532 3032 utentes

489 3076 801 3162 ἀποδιδόναι
840 3076 996 3171 Θεῷ,
1038 3076 1309 3171 σύμϐολόν
1348 3116 1400 3153 τι
1443 3096 1542 3151 καὶ
1580 3093 1852 3166 σφραγῖδα

1955 3108 2141 3166 preces
2161 3088 2482 3149 fuderimus.
2510 3086 2677 3143 Porro
2704 3097 2896 3138 sensus
2922 3076 3287 3148 tropariorum
3313 3082 3529 3139 semper

258 3200 381 3262 τοῖς
417 3196 681 3251 ἀπιοῦσιν
712 3191 965 3248 ἐντεῦθεν
999 3189 1352 3261 ὑπάρχουσαν
1382 3186 1482 3256 τῆς
1516 3183 1654 3255 προς
1689 3181 1854 3236 αὐτὸν

258 3294 623 3355 οἱκειῶσεως.
654 3289 761 3352 Οὓς
791 3287 990 3360 δηλαδὴ
1021 3284 1117 3340 καὶ
1145 3286 1178 3354 ἡ
1210 3280 1581 3349 Ἀποκάλυψις
1611 3275 1854 3346 ἀνοιγρὰ-

264 3406 365 3459 sper.
390 3430 406 3453 ,
440 3386 541 3454 τὴν
574 3382 849 3454 σφραγῖδα.
878 3382 971 3433 ἐπὶ
1001 3379 1096 3432 τοῦ
1134 3378 1388 3446 μετώπου
1421 3374 1691 3445 φέροντας
1712 3411 1727 3435 ,
1761 3369 1857 3423 καὶ

262 3484 362 3537 διὰ
394 3480 558 3534 τοῦτο
588 3480 646 3532 ἒν
671 3480 737 3548 τῇ
775 3474 944 3546 βίϐλῳ
975 3474 1071 3542 τῆς
1103 3471 1249 3539 ζωῆς
1279 3466 1729 3539 γεγραμμένους,
1762 3465 1855 3517 καὶ

265 3576 382 3628 ὑπὸ
430 3572 538 3627 τῶν
587 3569 793 3641 νοητῶν
836 3567 1075 3636 ἀκρίδων
1128 3566 1202 3635 μὴ
1254 3559 1743 3633 βασανιζομένους.
1789 3586 1858 3598 -—-

265 3671 343 3724 Ἀ
358 3684 490 3735 γιος
523 3667 555 3719 ὁ
592 3664 755 3727 Θεός.
793 3692 860 3701 —
894 3658 1055 3713 Ἀλλὰ
1087 3656 1152 3728 δὴ
1184 3656 1279 3711 καὶ
1312 3656 1340 3709 ό
1371 3652 1667 3735 Τρισάγιος
1702 3650 1860 3717 λεγόο

268 3775 447 3832 μενος
480 3754 650 3824 ὕμνος
672 3793 687 3817 ,
719 3754 814 3805 καὶ
842 3750 912 3805 τὰ
947 3749 1073 3819 ἑξῆς
1110 3748 1231 3817 μετ’
1256 3744 1419 3800 αὐτὸν
1439 3786 1453 3809 ,
1488 3727 1859 3812 προτέτακται

262 3849 489 3905 τούτων
520 3844 630 3899 τῶν
661 3842 975 3914 τροπαρίων
996 3879 1011 3906 ,
1045 3838 1236 3906 ὥσπερ
1269 3837 1405 3905 δῆτα
1440 3835 1537 3888 καὶ
1566 3834 1676 3886 τῶν
1707 3832 1859 3887 Ψαλ-

267 3943 422 4016 μῶν.
457 3939 532 3992 Οὐ
567 3938 675 4007 γὰρ
707 3934 865 4005 Θέμις
898 3932 1168 4002 ἑτέρωθεν
1199 3927 1625 3996 εὖξασῠοιιλπρὶν
1656 3926 1722 3979 ὲκ
1753 3924 1860 3978 τῶν

263 4036 447 4089 Θείων
481 4030 575 4084 καὶ
619 4024 1035 4095 Θεοπαραόότων
1071 4016 1728 4093 ῥημάτωνποιησὼμεθα
1761 4016 1879 4080 τὰς

1962 3163 2197 3257 tempori
2230 3180 2701 3239 accommodatur.
2735 3175 2874 3231 Ecce
2916 3172 3087 3236 enim,
3131 3166 3228 3232 ait,
3285 3163 3536 3232 Sponsus

1960 3281 2115 3338 venit
2138 3280 2314 3336 media
2344 3287 2530 3342 nocte,
2567 3285 2621 3331 et
2650 3269 2935 3343 Trinitatis
2964 3264 3244 3323 altissimae
3271 3261 3530 3331 hymnum

1960 3377 2145 3439 habet,
2180 3380 2369 3444 utpote
2391 3373 2487 3442 qui
2509 3370 2564 3425 in
2586 3365 2781 3439 primis
2807 3363 2950 3418 inter
2976 3366 3174 3415 caetera
3198 3350 3529 3424 disponitur.

1905 3477 1909 3482 '
1961 3471 2029 3525 Et
2059 3441 2308 3522 ultimum
2332 3441 2485 3519 Matri
2505 3460 2600 3516 Dei
2628 3465 2899 3515 cantatur.
2920 3452 2978 3508 ω
3004 3459 3183 3506 autem
3205 3446 3285 3503 sic
3301 3441 3417 3499 ﬁeri
3446 3456 3537 3496 so-

1960 3563 2055 3617 let.
2098 3560 2234 3615 Cnm
2267 3558 2412 3613 enim
2443 3555 2767 3625 plerumque
2790 3548 3000 3602 diversa
3030 3543 3140 3599 sint
3164 3554 3285 3610 qua
3312 3543 3541 3592 cantan—

1964 3667 2074 3723 tur,
2104 3656 2216 3711 sive
2250 3653 2538 3707 hortentur
2575 3647 2689 3703 sive
2719 3642 2965 3706 laudent,
3002 3635 3165 3692 alicui
3188 3638 3526 3690 sanctorum,

1963 3749 2197 3803 duorum
2227 3745 2281 3798 in
2317 3745 2424 3797 line
2450 3741 2679 3795 alterum
2703 3734 2924 3805 quidem
2967 3728 3195 3785 omnino
3218 3719 3539 3778 veneranda:

1963 3837 2241 3898 Trinitati,
2294 3833 2505 3889 scilicet
2548 3830 2616 3884 ad
2655 3824 3058 3884 confessionem
3106 3817 3254 3880 ﬁdei.
3301 3815 3536 3879 alterum

1963 3947 2094 3988 vero
2158 3926 2521 3984 immaculata:
2577 3918 2732 3975 Matri
2782 3916 2901 3979 Dei,
2946 3912 3015 3969 ad
3070 3905 3541 3967 conﬁrmationem

1966 4020 2287 4081 oeconomiae
2328 4012 2743 4076 incarnationis,
2799 4004 3081 4064 convenit.
3147 4001 3212 4056 Et
3264 4000 3421 4055 nobis
3449 4004 3553 4051 est.

506 4122 567 4175 ὐ
600 4120 723 4181 νοῦς
757 4086 813 4170 ei
851 4115 959 4186 ἄρα
991 4086 1098 4166 τῶν
1130 4086 1448 4183 τροπαρίων
1480 4086 1558 4180 τῷ
1590 4127 1649 4163 τε
1683 4108 1852 4180 καιρῷ

1968 4124 2145 4170 mater
2176 4111 2268 4167 Dei
2293 4110 2347 4164 in
2372 4106 2629 4163 omnibus
2673 4098 3003 4173 principium
3035 4092 3308 4165 quoddam
3343 4098 3394 4144 et
3455 4086 3534 4142 si-

265 4176 623 4284 πρὶσιρορος,
661 4176 793 4262 Ἰδοὺ
826 4176 935 4277 γὰρ
955 4244 969 4270 ,
999 4176 1198 4274 φησὶν,
1227 4203 1254 4255 ό
1282 4176 1852 4272 νυμφίος-ἔρχεταινὲζ

1969 4205 2258 4279 gnacnlum
2287 4202 2639 4272 hymnorum.
2669 4224 2742 4236 —
2766 4192 2951 4262 Kyrie,
2982 4187 3198 4252 eleison,
3228 4199 3315 4238 ιι..
3345 4210 3415 4220 -
3438 4176 3543 4234 Ex-

262 4279 354 4379 τέρ
391 4279 545 4376 psam
576 4304 677 4373 τῆς
704 4300 920 4365 νυκτὸς,
956 4303 1050 4353 καὶ
1080 4296 1179 4366 τῆς
1209 4295 1470 4351 ἀνωτάτω
1504 4292 1739 4363 Τριάδος
1770 4294 1852 4346 ea»

1968 4299 2097 4352 inde
2144 4294 2329 4365 Hyrie,
2360 4291 2557 4346 eleison
2588 4302 2781 4343 rursus
2799 4281 3124 4354 quadragies
3146 4279 3315 4344 dicto,
3346 4284 3403 4328 ut
3427 4288 3542 4327 mos

264 4376 454 4471 ὕμνον
497 4396 660 4465 ἔχων,
700 4394 797 4448 am
837 4392 903 4464 δὴ
946 4392 1003 4444 ἐν
1046 4388 1288 4459 πρώτοις
1328 4387 1439 4440 τῶν
1476 4385 1659 4442 ἄλλων
1702 4386 1852 4449 αὐτὸς

1966 4401 2048 4444 est
2078 4397 2204 4441 ante
2256 4397 2465 4454 preces,
2501 4378 2760 4436 solemnis
2801 4376 2945 4433 enim
2976 4382 3060 4430 est
3087 4384 3368 4433 numerus,
3399 4382 3535 4437 quo-

264 4493 640 4561 τεταςμένος.
673 4488 781 4541 Καὶ
815 4486 883 4557 τῇ
921 4484 1174 4552 Θεοτόκῳ
1208 4482 1270 4537 τὸ
1305 4480 1619 4535 τελευταῖον
1655 4480 1852 4551 ᾄδεται

1975 4481 2117 4535 niam
2153 4486 2234 4531 tot
2272 4474 2467 4531 diebus
2489 4470 2701 4543 jejunio
2732 4467 2884 4525 Deus.
2908 4465 3244 4537 propitiavit,
3276 4471 3405 4516 tunc
3430 4459 3539 4526 jam

266 4588 395 4644 Καὶ
429 4582 588 4640 τοῦτο
629 4579 897 4648 συνήθως.
939 4577 1030 4639 Ὡς
1064 4575 1173 4646 γὰρ
1206 4574 1297 4632 ἐπὶ
1332 4573 1393 4627 et
1428 4573 1562 4627 πολὺ
1601 4572 1864 4627 ποικίλων

262 4683 332 4735 δν
344 4696 457 4732 των
480 4676 591 4730 τῶν
616 4673 915 4747 ᾀδομένων,
942 4671 1053 4745 εἴτε
1078 4666 1532 4740 παρακλητικῶν,
1561 4665 1672 4718 εἴτε
1699 4667 1869 4732 ἐγκω-

1976 4570 2193 4626 tandem
2219 4566 2536 4623 inducimus
2581 4576 2792 4635 preces.
2830 4558 2897 4613 Et
2931 4559 3164 4630 primum
3199 4564 3547 4608 communem

1980 4677 2196 4731 precem
2248 4639 2413 4729 cujus
2444 4656 2679 4719 initium,
2731 4651 2839 4718 Qui
2878 4651 2930 4704 in
2980 4647 3129 4705 omni
3171 4655 3414 4714 tempore
3441 4659 3456 4697 :
3483 4669 3551 4679 —

266 4767 597 4843 μιαστικῶν
636 4767 717 4829 είς
761 4765 860 4819 ἕνα
904 4763 1027 4817 τινὰ
1069 4762 1177 4815 τῶν
1219 4760 1415 4830 ἁγίων,
1461 4759 1571 4813 τῶν
1615 4760 1751 4829 πρὸς
1792 4758 1852 4828 τιξ

1977 4757 2195 4811 Domine
2229 4752 2368 4807 Deus
2393 4767 2411 4804 :
2434 4779 2503 4790 —
2531 4747 2769 4816 reliquas
2808 4756 2935 4797 vero
2990 4747 3114 4810 post
3160 4751 3281 4792 eam
3337 4743 3390 4788 et
3425 4746 3552 4802 pro-
3593 4732 3601 4805 ξ

266 4827 432 4919 Ῑτέλιι
463 4861 586 4921 δύο,
616 4858 677 4913 τὸ
698 4827 808 4929 μὲν
840 4858 906 4927 τῇ
943 4827 1281 4925 πανυμνήτῴ
1311 4852 1506 4924 Τριάδι
1528 4893 1543 4917 ,
1576 4827 1716 4921 προς
1745 4827 1852 4921 ὁμο

1980 4848 2149 4917 prias,
2174 4852 2229 4900 et
2259 4840 2494 4911 tempori
2522 4840 2670 4908 ipsas
2702 4835 3108 4896 convenientes,
3135 4836 3191 4885 et
3217 4827 3284 4883 ad
3310 4834 3554 4882 sanctam

270 4953 477 5022 ὶογίιν
511 4950 711 5021 δηλαδὴ
748 4951 846 5019 τῆς
882 4948 1143 5012 πίστεως,
1178 4947 1238 5000 τὸ
1276 4945 1333 4999 δὲ
1371 4944 1561 4999 λοιπὸν
1596 4946 1662 5015 τῇ
1703 4961 1876 4996 πανοι-

275 5049 510 5121 χράντῳ
538 5044 791 5114 Θεοτόκῳ
820 5043 1093 5113 προσήκει
1113 5082 1129 5107 ,
1164 5041 1301 5110 προς
1331 5038 1624 5110 βεϐαίωσιν
1656 5041 1755 5106 τῆς
1786 5038 1874 5089 ὲν-

1981 4937 2305 4992 Trinitatem
2330 4932 2691 4988 clevationem
2728 4927 3013 4982 habentes.
3046 4923 3289 4990 Quarum
3315 4918 3555 4988 ipsarum

1983 5028 2254 5085 nonnulla
2286 5027 2391 5081 alia
2423 5018 2741 5095 praecedunt
2766 5016 3164 5089 intercipientia
3185 5028 3309 5089 quae
3344 5017 3471 5066 sunt
3492 5010 3557 5062 dc

281 5110 501 5209 239m}
536 5110 875 5205 οἰκονομίας.
911 5110 1024 5186 καὶ
1058 5133 1205 5186 ἔστιν
1240 5133 1373 5202 ἡμῖν
1432 5134 1464 5203 ἡ
1502 5132 1764 5195 Θεοτόκος
1817 5131 1852 5182 ὲ·

1978 5118 2285 5185 communi,
2336 5127 2389 5173 et
2452 5113 2607 5187 quasi
2671 5111 2984 5184 incipientia
3037 5123 3159 5180 qua:
3234 5110 3561 5175 sequuntur.

284 5232 497 5286 ἅπασιν
528 5224 694 5281 οἱονεί
722 5243 776 5278 τι
805 5223 1100 5292 κεφάλαιον
1130 5222 1223 5275 καὶ
1254 5222 1494 5292 σφραγὶς
1526 5220 1635 5274 τῶν
1663 5219 1870 5289 ὕμνων.

290 5348 368 5361 --
388 5317 588 5387 Κύριε,
610 5316 895 5384 ἐλέησον,
919 5310 992 5384 μ’.
1016 5344 1087 5353 -
1110 5308 1239 5364 Εἶτα
1261 5312 1341 5377 τ’),
1369 5312 1566 5382 Κύριε,
1593 5310 1878 5379 ἐλέησον,

296 5408 455 5477 αὖθις
487 5408 992 5480 τεσσαρακοντάκις
1033 5405 1314 5469 εἰπόντες,
1352 5404 1425 5468 ὡς
1469 5405 1585 5457 ἔστι
1629 5402 1736 5472 πρὸ
1767 5402 1878 5456 τῶν

300 5502 479 5574 εὐχῶν
524 5498 791 5571 σύνηθες,
839 5497 1018 5565 τίμιος
1068 5497 1175 5565 γὰρ
1221 5495 1247 5547 ό
1292 5493 1562 5564 ἀριθμὸς,
1613 5492 1736 5545 ἐπεὶ
1784 5492 1881 5543 καὶ

297 5595 569 5651 τοσούτων
612 5593 840 5664 ἡμερῶν
887 5591 1113 5661 νηστείᾳ
1156 5588 1289 5652 Θεὶς
1335 5586 1721 5651 ὲξιλάσκεται,
1772 5584 1883 5638 τότ’

1986 5245 2051 5255 -
2086 5210 2523 5265 Honoratiorem.
2556 5237 2622 5248 —
2656 5205 2796 5263 Sunt
2822 5203 3042 5275 quidem
3068 5203 3181 5257 huic
3211 5209 3268 5255 et
3290 5196 3563 5267 supplica-

1989 5306 2191 5371 tiones,
2212 5302 2574 5359 sanctissimae
2609 5298 2969 5365 Trinitati,.et
2994 5294 3216 5367 quidem
3240 5307 3367 5349 vere
3393 5289 3556 5345 etiam

1993 5396 2355 5452 immaculata
2419 5393 2655 5466 Virgini,
2714 5402 2968 5459 curtatas.
3006 5419 3075 5430 -—
3101 5387 3265 5452 Deus,
3319 5383 3566 5438 miserere

1992 5492 2184 5546 nostri.
2219 5490 2414 5546 Postea
2451 5497 2504 5543 et
2552 5503 2583 5543 a
2627 5485 2917 5551 sacerdote
2945 5483 3124 5543 dictus
3162 5493 3356 5536 versus
3409 5477 3565 5547 quasi

1995 5586 2235 5641 liberans
2267 5584 2334 5639 de
2365 5582 2661 5655 praeteritis
2688 5590 2744 5684 e‘t
2782 5581 3010 5637 hortans
3043 5578 3111 5633 ad
3144 5576 3349 5631 futura.

304 5695 404 5764 ἤδη
447 5692 634 5748 λοιπὸν
677 5689 959 5759 ὲπάγομεν
1002 5687 1099 5750 τὰς
1144 5687 1337 5759 εὐχὰς,
1386 5685 1484 5756 τὴν
1529 5685 1627 5756 μὲν
1673 5685 1861 5755 κοινὴν
1891 5684 2139 5754 πρῶτον,
2168 5677 2234 5753 ἧς
2260 5685 2293 5753 ἡ
2325 5681 2500 5753 ἀρχὴ,
2539 5680 2597 5734 '0
2626 5681 2684 5733 ὲν
2711 5673 2876 5734 παντὶ
2923 5677 3127 5749 καιρῷ,
3174 5705 3245 5716 -
3292 5673 3569 5728 Δέσποτα

312 5786 456 5857 θεὲι
478 5816 546 5826 -
576 5784 670 5847 τὰς
706 5782 761 5835 δὲ
794 5781 992 5845 λοιπὰς
1034 5777 1150 5850 μετ’
1175 5778 1346 5850 αὐτὴν
1379 5777 1469 5830 καὶ
1507 5776 1642 5839 ίόἱλς
1719 5775 1796 5847 τῷ
1827 5793 1883 5830 τε

1955 5775 2130 5846 καιρῷ
2174 5775 2264 5828 καὶ
2308 5774 2476 5837 αὐτὰς
2522 5773 2941 5843 προσηκούσας,
2987 5773 3079 5825 καὶ
3147 5770 3227 5832 είς
3266 5768 3366 5838 τὴν
3407 5767 3570 5835 ἁγίαν
