3970 6460
315 292 477 364 ΗΠ.
1210 287 1454 350 MAIlCl
1495 281 1876 347 EUGENICI

2021 283 2033 342 l
2073 281 2314 348 OFFIC.
2356 285 2668 349 ECCLES.
3440 281 3581 348 1178

315 429 474 484 μενος
506 410 676 482 ὕμνος
713 408 825 480 ἔχει
865 405 964 480 μὲν
995 405 1092 462 καὶ
1125 405 1289 470 αὐτὸς
1327 393 1892 475 προαναφωνούμενον

2021 401 2182 457 τίονία
2208 412 2426 471 saneta,
2451 411 2595 460 —et
2622 419 2652 457 a
2686 401 2844 459 nobis
2883 401 3121 458 additam
3161 401 3357 458 divinae
3400 403 3582 458 incar-

317 503 470 576 παρὰ
511 501 610 558 τοῦ
665 501 856 573 ἱερέως
908 499 1090 571 στίχον
1136 501 1204 570 τῇ
1261 498 1542 569 ὑπερτάτη
1587 494 1780 566 τριάδι
1825 524 1893 536 -

2025 499 2245 554 nationis
2269 497 2782 577 confessionemhis
2801 497 3062 570 angelicis
3081 499 3330 577 vocibus.
3357 529 3426 540 ——
3451 498 3581 554 Glo-

317 575 473 661 Δόξα
521 595 598 664 τῇ
650 595 788 665 ἁγίᾳ
837 623 905 634 -
958 593 1052 648 καὶ
1107 592 1240 662 παρ’
1275 593 1434 664 ἡμῶν
1484 587 1893 660 ἐπιφερομένην

2021 595 2083 648 ’ία
2113 594 2169 647 in
2201 592 2484 648 altissimis
2505 593 2635 659 Deo,
2664 575 2713 648 et
2753 593 2804 646 in
2839 600 2980 648 terra
3031 575 3158 662 patr,
3190 593 3246 648 in
3287 593 3584 646 hominibus

317 690 609 760 ὁμολογίαν
633 688 734 760 τῆς
769 687 920 746 θείας
957 685 1288 756 σαρκώσεως
1329 681 1418 737 διὰ
1447 682 1556 736 τῶν
1586 679 1895 749 ἀγγελικῶν

2021 685 2144 740 bona
2176 687 2442 745 voluntas.
2474 685 2694 742 Constat
2723 695 2904 740 autem
2934 699 3032 740 sex
3063 685 3311 753 psalmis,
3348 692 3409 738 ut
3443 682 3612 736 iudi-'

315 781 540 835 ἐκείνων
562 780 757 851 φωνῶν
779 779 898 844 τοῦ,
925 777 1081 844 Δόξα
1101 779 1172 832 ἐν
1194 777 1480 845 ὑψίστοις
1507 771 1648 838 Θεῷ,
1672 771 1771 826 καί
1795 770 1892 824 ἐπὶ

2021 789 2094 836 :at
2123 781 2205 836 vel
2230 782 2408 850 ipsqu
2441 796 2664 846 nomen,
2699 778 2959 834 omnibus
2993 793 3150 848 prece
3189 779 3580 846 cumpunctio-

313 869 430 943 γῆς
460 865 692 942 nimim,
723 873 791 926 ὲν
819 867 1156 939 ἀνθρώποις
1185 865 1432 923 εὐδοκία
1458 883 1474 898 ³
1517 864 1805 934 σύγκειται
1839 862 1896 916 δὲ

2021 885 2184 941 meque
2220 871 2416 940 plenis,
2449 871 2699 926 miserias
2729 869 2855 925 vitm
2885 878 3009 940 apte
3043 868 3496 934 lamentantibus,
3533 877 3587 920 et

317 968 382 1019 ἐκ
409 965 643 1036 ψαλμῶν
671 965 730 1029 ἓξ
749 960 772 1031 ,’
795 967 868 1028 ὡς
898 966 994 1018 καὶ
1024 962 1158 1016 αὐτὸ
1181 960 1334 1030 δηλοῖ
1359 959 1631 1029 τοῡνομα,
1665 969 1897 1028 προτευ-

318 1059 421 1128 χῆς
461 1059 558 1126 μὲν
598 1059 854 1112 ἁπάντων
899 1054 1346 1126 πεπληρωμένων
1381 1050 1476 1106 καὶ
1515 1047 1896 1114 κατανύξεως,

317 1150 412 1202 καὶ
439 1148 540 1217 τῆς
572 1147 666 1200 τοῦ
701 1146 816 1215 βίου
847 1144 1224 1213 ταλαιπωρίας
1258 1141 1521 1203 επιεικῶς
1562 1156 1898 1194 καταστενα-

325 1241 549 1306 ζόντων,
579 1240 812 1310 ἐχόντων
840 1237 896 1290 δέ
927 1255 978 1291 τι
1011 1238 1105 1289 καὶ
1134 1236 1210 1306 τῷ
1242 1235 1416 1306 καιρῷ
1449 1233 1760 1303 πρόσφορον
1785 1246 1800 1260 ·
1827 1259 1900 1270 -

316 1333 516 1404 Κύριε,
535 1334 607 1387 ’τί
645 1333 1123 1420 ἐπληίῖὐηθησαν
1155 1359 1226 1369 —
1259 1329 1354 1382 τοῦ
1407 1329 1519 1398 μὲν.
1552 1325 1772 1398 πρώτου
1817 1324 1898 1420 τὸ,

329 1423 478 1494 Ἐγὼ
527 1422 862 1492 ἐκοιμήθην
901 1413 1013 1476 ’καί
1071 1421 1348 1481 ὕπνωσα,
1399 1416 1756 1487 ἐξηγέρθην,
1811 1413 1901 1468 ὅτι

319 1517 535 1586 Κύριος
567 1515 968 1584 ἀντιλήψεταί
995 1532 1136 1583 μου.
1168 1543 1234 1554 —-
1266 1513 1472 1580 Κύριε,
1505 1510 1590 1579 μὴ
1621 1507 1701 1574 τῷ
1736 1507 1902 1578 θυμῷ

317 1624 456 1672 σου,
487 1638 556 1648 -
585 1607 678 1662 τοῦ
710 1607 767 1660 δὲ
796 1607 1076 1675 δευτέρου,
1113 1604 1218 1658 Kal
1253 1605 1318 1657 τὸ
1354 1602 1480 1672 ςρῶς
1525 1603 1644 1656 τῶν
1672 1602 1903 1670 ὀφθαλ-

311 1700 600 1770 μῶν-μου,
622 1699 722 1754 καί
744 1699 892 1754 αὐτὸ
916 1701 1027 1754 οὐκ
1051 1699 1188 1753 ἐστι
1209 1697 1338 1768 μετ’
1356 1697 1525 1766 ἐμοῦ.
1551 1727 1618 1736 -
1643 1695 1708 1748 Ὀ
1734 1693 1900 1760 Θεὸς,

2008 963 2208 1033 aliquid
2240 962 2564 1018 habentibus
2595 961 2824 1034 tempori
2879 977 3212 1033 congruens,
3246 990 3314 1002 —
3367 961 3588 1015 Domine

2009 1054 2141 1123 quid
2173 1053 2515 1122 multiplicati
2544 1063 2693 1120 sunt,
2725 1084 2795 1094 —
2820 1053 2998 1123 primo
3020 1054 3260 1123 quidem.
3291 1054 3396 1108 hoc
3431 1071 3444 1107 :
3477 1051 3590 1122 Ego

2011 1147 2238 1200 dormivi
2269 1155 2319 1200 et
2355 1157 2638 1212 separatus
2674 1162 2812 1210 sum,
2859 1156 2908 1201 et
2963 1146 3277 1200 exsurrexi:
3309 1146 3433 1215 quia
3482 1145 3590 1198 Do-

2013 1240 2187 1293 minus
2214 1240 2434 1306 suscipit
2461 1255 2564 1292 me.
2593 1271 2657 1280 —
2687 1240 2910 1295 Domine
2964 1256 3026 1294 ne
3054 1240 3106 1294 in
3138 1240 3318 1310 furore
3368 1249 3491 1307 tuo;
3523 1269 3593 1279 ——

2013 1333 2278 1394 secundo,
2304 1329 2372 1384 Et
2397 1333 2573 1386 lumen
2597 1333 2870 1386 oculorum
2926 1349 3161 1386 meorum
3193 1342 3243 1386 et
3288 1332 3459 1400 ipsum
3487 1348 3594 1385 non

2014 1435 2090 1479 est
2127 1441 2348 1480 mecum.
2377 1455 2448 1464 —
2470 1424 2630 1492 Deus,
2663 1426 2801 1480 Deus
2826 1442 2990 1490 meus,
3013 1427 3082 1479 ad
3111 1436 3194 1490 te;
3217 1455 3282 1464 —
3313 1424 3498 1490 tertio,
3526 1423 3595 1478 In

2014 1518 2295 1571 matutinis
2329 1517 2630 1573 meditabor
2666 1519 2719 1571 in
2743 1527 2792 1573 te
2831 1518 2956 1588 quia
2997 1517 3148 1587 fuisti
3180 1517 3394 1587 adjutor
3429 1532 3597 1569 meus.

2015 1603 2227 1671 Quibus
2267 1591 2458 1661 rursus
2499 1605 2824 1675 interruptis
2852 1607 3242 1677 etdoxologia,
3306 1617 3358 1659 et
3395 1615 3479 1661 ter
3506 1606 3599 1669 Λί-

2019 1696 2206 1764 leluia,
2267 1697 2648 1768 interpretato,
2681 1695 2927 1754 Laudate
2968 1699 3280 1762 Dominum,
3334 1697 3476 1766 quod
3541 1708 3597 1752 et

319 1797 349 1847 ό
383 1793 528 1859 Θεός
547 1809 667 1862 μου
694 1793 844 1860 πρὸς
873 1791 967 1856 σέ,
994 1823 1063 1834 -
1091 1792 1186 1845 τοῦ
1214 1792 1396 1862 τρίτον
1429 1791 1508 1855 δὲ,
1535 1789 1633 1842 Ἐν
1657 1785 1783 1853 τοῖς
1809 1787 1905 1855 ὅρ-

2021 1789 2222 1860 igimus
2257 1791 2313 1846 in
2356 1790 2507 1846 omni
2563 1789 2900 1860 psalmorum
2935 1791 3192 1856 lectione,
3246 1792 3386 1845 hanc
3439 1789 3598 1859 quasi

319 1891 481 1953 θροις
506 1885 806 1951 ἐμελέτων
825 1887 914 1953 είς
941 1885 1043 1951 σὲ,
1072 1883 1162 1940 ὅτι
1188 1885 1480 1956 amnem
1501 1883 1732 1951 ,ϐοηθός
1752 1898 1892 1952 μου.

318 1975 420 2032 Ὧν
449 1982 539 2033 καὶ
573 1972 1244 2050 μεσολαϐουμένωνάὗθις
1276 1981 1344 2048 τῇ
1377 1996 1434 2031 τε
1467 1976 1770 2047 δοξολογίᾳ,
1805 1974 1900 2028 καὶ

317 2073 396 2142 τῷ
431 2073 751 2142 Ἀλληλούῖα
781 2075 924 2143 τρὶς,
965 2071 993 2127 δ
1023 2073 1174 2144 δηλοῖ
1207 2069 1786 2143 μεταλαμϐανόμενον,
1807 2065 1902 2121 Al-

318 2163 477 2218 νεῖτε
505 2166 613 2218 τόν
641 2167 885 2233 Κύριον,
919 2165 948 2218 ὃ
988 2165 1086 2220 καὶ
1125 2163 1218 2218 ἐπὶ
1243 2164 1391 2235 πάσῃ
1425 2163 1492 2232 τῇ
1526 2161 1635 2215 τῶν
1667 2157 1916 2229 ψαλμῶν-

322 2257 632 2325 ἀναγνώσει
669 2257 970 2328 ποιοῦμεν,
1000 2255 1113 2310 οἷόν
1143 2275 1252 2310 τιτι
1289 2255 1553 2325 σταθμοῖς
1594 2254 1764 2323 αὐτὴν
1794 2249 1903 2304 διο-

323 2351 565 2422 ρίζοντες
586 2390 600 2413 ,
631 2353 680 2404 οἱ
707 2351 883 2404 λοιποῖ
917 2349 1080 2402 πάλιν
1105 2348 1199 2416 ἀφ’
1221 2347 1415 2418 ἑτέρας
1443 2347 1620 2416 ἀρχῆς
1650 2343 1901 2414 ἀρξάμε-

320 2461 400 2496 νοι
424 2442 520 2496 τοῦ
539 2484 552 2508 ,
589 2443 799 2510 Κύριε,
831 2441 1114 2510 ἐλέησον,
1149 2440 1242 2494 καὶ
1268 2441 1367 2512 τῆς
1398 2439 1542 2510 μετὰ
1566 2436 1726 2492 τοῦτο
1754 2435 1903 2501 δοξοο

319 2533 508 2598 λογίας
530 2575 544 2598 ,
576 2535 604 2584 ὁ
636 2535 734 2602 μὲν
761 2534 974 2602 πρῶτος
1005 2531 1116 2602 ἔχει
1141 2533 1220 2601 τῷ
1248 2531 1429 2601 καιρῷ
1459 2531 1770 2598 πρόσφορον
1801 2527 1864 2580 τὸ
1886 2565 1902 2591 ,

325 2625 501 2691 Κύριε
525 2625 560 2676 ὁ
587 2623 731 2688 Θεὸς
751 2621 862 2689 τῆς
883 2623 1180 2690 σωτηρίας
1194 2639 1335 2690 μου,
1365 2619 1588 2688 ἡμέρας
1610 2615 1908 2684 ἐκέκραξα

325 2715 426 2770 καὶ
457 2714 527 2769 ἐν
549 2715 724 2768 νυκτὶ
751 2716 1037 2768 ἐναντίον
1057 2731 1204 2779 σου,
1237 2713 1489 2784 μεθόριον
1517 2713 1625 2780 γὰρ
1657 2709 1683 2762 ὁ
1710 2707 1908 2780 ὄρθρος

327 2804 536 2874 ἡμέρας
574 2819 636 2857 τε
673 2806 767 2858 καὶ
810 2805 1001 2866 νυκτὸς
1039 2835 1109 2847 -
1132 2805 1418 2872 Εὐλόγει,
1455 2803 1493 2870 ἡ
1539 2801 1710 2871 ψυχή
1751 2817 1905 2870 μου,

330 2898 438 2950 τὸν
467 2897 690 2965 Κύριον
716 2927 784 2938 -
815 2901 842 2952 ὀ
875 2897 932 2951 δὲ
965 2897 1218 2966 δεύτερος
1249 2898 1310 2950 τὸ
1330 2939 1345 2962 ,
1383 2891 1911 2960 Ἀνακαινισθήσε-

323 3007 417 3046 ται
444 2991 524 3057 ὡς
547 2991 726 3046 ἀετοῦ
749 2993 788 3060 ἡ
816 2993 1032 3059 νεότης
1061 3008 1200 3046 σου.
1225 3021 1296 3032 ——
1316 2992 1515 3060 Κύριε,
1540 2990 1913 3045 εἰσάκουσον

327 3084 440 3153 τῆς
470 3086 824 3154 προσευχῆς
847 3102 967 3155 μου
993 3117 1059 3127 —-
1088 3086 1116 3139 ὁ
1143 3083 1198 3138 δέ
1227 3102 1290 3151 γε
1319 3084 1499 3155 τρίττς
1529 3084 1624 3136 καὶ
1657 3083 1745 3135 ἐπὶ
1777 3081 1913 3134 πᾶσι

330 3179 420 3241 τδ,
451 3180 776 3236 Ἀκουστὸγ
799 3181 1064 3247 ποίησόν
1085 3197 1183 3247 μοι
1205 3177 1270 3232 τὸ
1297 3177 1450 3247 πρωῒ
1470 3177 1536 3231 τὸ
1562 3177 1736 3242 ἕιίεός
1763 3191 1880 3230 σου
1898 3216 1912 3240 ,

324 3273 419 3328 ὅτι
444 3272 544 3326 ἐπὶ
571 3273 670 3327 σοι
697 3271 953 3341 ἤλπισα.
979 3273 1216 3334 Τούτους
1242 3274 1403 3336 sine;
1415 3269 1731 3342 ραγῐζοντες
1757 3264 1912 3333 αὖθις

331 3367 421 3420 διὰ
443 3366 542 3432 τῆς
565 3365 877 3435 δοξολογίας
900 3383 960 3419 τε
989 3366 1080 3419 καὶ
1102 3364 1198 3419 τοῦ
1229 3359 1572 3433 Ἀλληλούῖα,
1597 3361 1689 3414 τοῦ
1721 3360 1916 3430 ἱερέως

337 3461 539 3530 μεταξὺ
579 3459 906 3529 ποιουμένου
938 3458 1040 3522 τὰς
1080 3459 1218 3525 ὑπὲρ
1256 3457 1514 3511 ἁπάντων
1553 3455 1800 3524 δεήσεις,
1839 3453 1917 3514 ὡς

331 3557 598 3616 εἴθισται.
630 3554 796 3608 πάλιν
824 3554 986 3624 ἡμεῖς
1018 3555 1082 3606 ἐκ
1109 3551 1204 3606 τοῦ
1237 3552 1406 3606 Δαϐὶδ
1434 3553 1758 3622 εἰληφότες,
1790 3549 1917 3622 ᾄδο-

335 3665 434 3718 μεν
463 3647 604 3719 μετὰ
633 3647 850 3718 μέλους,
879 3646 1025 3712 Θεὸς
1051 3647 1266 3713 Κύριος
1294 3646 1392 3700 καὶ
1419 3645 1725 3714 ἐπέφανεν
1750 3645 1913 3716 ἡμῖν,

330 3738 742 3810 εὐλογημένος
765 3741 797 3793 ὁ
815 3737 1142 3807 ἐρχόμενος
1161 3738 1232 3791 ἐν
1247 3739 1492 3808 ὀνόματι
1515 3741 1760 3808 Κυρίου,
1781 3755 1918 3807 συμ-

334 3834 632 3896 πλέκοντες
663 3831 815 3902 αὺτῷ
847 3833 939 3885 καὶ
972 3830 1272 3901 τροπόιριόν
1299 3848 1352 3884 τι
1383 3833 1448 3900 τῇ
1483 3831 1624 3886 κατὰ
1653 3832 1750 3900 τὴν
1780 3829 1918 3902 ήμέ-

337 3944 436 3996 ραν
479 3926 640 3996 μνείᾳ
683 3923 982 3994 προσῆκον.
1027 3925 1136 3976 Καὶ
1173 3923 1348 3978 ταῦτα
1392 3923 1447 3976 δὲ
1489 3921 1590 3994 τῆς
1632 3922 1920 3991 ὲπιφανεί·

337 4037 437 4090 σης
465 4019 544 4087 τῷ
579 4017 682 4088 βίῳ
712 4017 1049 4085 Δεσποτικῆς
1077 4015 1380 4087 παρουσίας
1417 4016 1505 4070 ἐπ’
1531 4017 1776 4093 textith
1808 4015 1920 4070 τῶν

335 4113 544 4183 χρόνων
589 4109 800 4181 ἐναργῆ
847 4107 1114 4178 σύμϐολα.
1160 4109 1579 4179 Ἐπεσκέψατο
1631 4111 1769 4181 γὰρ.
1820 4127 1922 4180 φη-

339 4211 443 4269 σ’ν,
485 4203 643 4274 ἡμᾶς
681 4203 952 4271 ἀνατολὴ
992 4204 1060 4268 ἐξ
1103 4204 1322 4272 ὕψους,
1360 4203 1650 4272 ἐπιφᾶναι
1691 4203 1817 4271 τοῖς
1853 4205 1924 4258 ἐν

336 4298 544 4350 σκότει
589 4295 687 4349 καί
733 4293 880 4362 σκιᾷ
923 4293 1186 4350 θανάτου
1233 4298 1615 4364 καθημένοις,
1662 4295 1804 4364 ἅπερ
1848 4295 1923 4360 ὡς

333 4390 656 4461 χαρμόσυνα
701 4388 846 4443 κατὰ
894 4389 995 4453 τὰς
1044 4391 1345 4459 νηστίμους
1368 4389 1475 4442 τῶν
1502 4390 1728 4460 ἡμερῶν
1777 4406 1921 4461 παρ-

334 4483 689 4551 αιτούμενοι,
743 4481 804 4534 τὸ
869 4480 1240 4548 Ἀλληλούῖα
1293 4482 1408 4535 ἀντ’
1463 4481 1646 4534 αὐτῶν
1699 4481 1922 4552 ᾄδομεν.

335 4573 488 4628 Μετά
537 4571 696 4625 τοῦτο
749 4573 914 4642 μέρος
959 4589 1012 4624 τι
1061 4570 1155 4624 τοῦ
1206 4571 1502 4642 Ψαλτῆρος
1551 4571 1922 4636 ἀπολαϐόντες

334 4667 824 4737 ἀναγινὼοκομεν,
877 4665 1306 4735 μεσολαϐοὖντες
1360 4667 1455 4719 καὶ
1505 4665 1663 4720 τοῦτο
1708 4665 1920 4730 δοξολο-

334 4761 481 4828 γίαις
510 4777 570 4813 τε
601 4761 693 4813 καὶ
719 4760 1042 4829 τροπαρίοις
1073 4762 1183 4821 τοῖς
1210 4757 1528 4830 λεγομένοις
1561 4759 1919 4830 καθίσμασιν,

339 4856 398 4906 ὲν
449 4849 530 4914 οἷς
580 4856 674 4910 καὶ
731 4852 996 4922 ἑτέρωθεν
1047 4855 1213 4906 ποθεν
1264 4851 1602 4919 ἀναγνώσεις
1658 4851 1922 4922 ποιοῦμεν

338 4945 666 5016 καθήμενοι,
697 4945 970 5014 ὠφελείας
999 4963 1060 5000 τε
1091 4945 1227 5014 ὁμοῦ
1260 4946 1356 4998 καὶ
1387 4943 1709 5012 ὰναπαύλης
1735 4943 1919 5014 χάριν.

333 5023 408 5095 ’Ὀ
443 5040 498 5094 δέ
538 5056 602 5107 γε
641 5039 804 5108 λόγος
848 5040 959 5092 τῶν
992 5038 1226 5108 ψαλμῶν
1276 5040 1373 5110 οὐχ
1427 5039 1616 5107 ἕτερος
1659 5038 1691 5106 ἢ
1736 5038 1798 5092 τὸ
1829 5054 1924 5091 πο-

336 5132 614 5204 λυωφελὲς
647 5131 830 5185 αὐτῶν
863 5132 959 5184 καὶ
989 5131 1183 5202 ἡδονῆς
1216 5130 1363 5193 θείας
1417 5129 1692 5199 ἔμπλεων,
1743 5131 1836 5184 καὶ
1861 5129 1924 5184 τδ

335 5226 445 5280 δεῖν
490 5224 696 5287 πάσαις
747 5224 1018 5289 ἀνάγκ;·ις
1055 5223 1176 5276 ὅλον
1227 5221 1575 5292 πληροῦσθαι
1629 5225 1772 5277 κατὰ
1822 5224 1924 5292 τὴν

339 5314 612 5382 ἑϐδομάδα
669 5314 730 5366 τὸ
780 5315 924 5382 ἱερὸν
969 5311 1063 5365 τοῦ
1098 5311 1266 5366 Δαδὶδ
1325 5307 1666 5384 Ψαλτήριον,
1710 5313 1858 5380 ἅπαξ
1889 5313 1924 5385 ἦ

342 5407 439 5460 καὶ
465 5408 549 5470 δὶς
574 5405 1104 5472 ἁναγινιυσκόμενον.
1121 5434 1191 5444 --
1214 5407 1493 5474 ’ᾼσωμεν
1526 5405 1607 5472 τῷ
1637 5406 1924 5474 Κυρίῳ.-

352 5496 576 5569 Ἰςφεξῆς
608 5500 664 5552 αί
690 5499 985 5568 λεγόμεναι
1036 5495 1192 5568 ᾠδαὶ,
1233 5501 1384 5567 παρὰ
1432 5501 1530 5568 τῆς
1565 5500 1792 5570 Γραφῆς
1843 5502 1922 5553 εἱ-

337 5589 618 5660 λημμέναι
645 5591 739 5644 καὶ
769 5589 950 5652 αὗται,
997 5590 1491 5661 συμπληρούμεναι
1536 5591 1593 5644 δὲ
1631 5593 1711 5654 είς
1745 5595 1922 5655 ἐννέα,

339 5680 428 5736 διὰ
475 5681 570 5736 τὸν
623 5682 859 5750 ἀριθμὸν
913 5677 1068 5752 οἶμαι
1122 5681 1230 5736 τῶν
1278 5683 1592 5749 ἁγγελικῶν
1643 5685 1733 5736 καὶ
1765 5685 1923 5736 θείων

341 5775 658 5849 ταγμάτων.
697 5771 795 5828 Ὧν
838 5778 868 5845 ἡ
905 5777 1002 5844 μὲν
1029 5774 1221 5846 πρώτη
1251 5781 1314 5848 τῇ
1351 5777 1499 5843 τάξει
1537 5777 1627 5830 τοῦ
1659 5780 1794 5832 κατὰ
1829 5778 1924 5848 τὴν

2005 1882 2333 1949 quibusdam
2367 1885 2698 1941 stationibus
2745 1887 3224 1956 intcrrumpentes,
3277 1885 3456 1938 caeteri
3503 1885 3602 1936 ite-

2007 1990 2128 2032 rum
2174 1992 2204 2030 ο
2229 1991 2368 2032 novo
2393 1978 2666 2049 principio
2694 1979 2964 2050 incipiunt
2999 1995 3014 2032 :
3063 1977 3254 2050 Kyrie,
3283 1979 3499 2041 eleison,
3549 1988 3599 2029 et

2006 2081 2129 2141 post
2160 2071 2210 2126 id
2242 2070 2609 2144 doxologiam.
2643 2071 2856 2129 Primus
2905 2073 3124 2143 quidem
3166 2073 3219 2128 id
3251 2073 3412 2126 habet
3459 2081 3600 2124 tem-

2007 2163 2128 2232 pori
2189 2162 2472 2221 conforme
2525 2180 2540 2219 :
2593 2163 2817 2219 Domine
2885 2165 3027 2218 Deus
3084 2164 3279 2218 salutis
3335 2178 3485 2228 metr,
3545 2162 3601 2216 in

2009 2257 2094 2312 die
2143 2258 2374 2312 clamaui
2430 2267 2482 2313 et
2532 2266 2684 2312 nocte
2740 2273 2920 2311 eorum
2972 2267 3059 2322 te;
3111 2257 3398 2326 interjacet
3455 2255 3602 2310 enim

1955 2371 1958 2374 ’
2009 2352 2157 2408 nocti
2200 2353 2420 2424 dieique
2474 2351 2802 2407 diluculum.
2838 2382 2912 2394 —
2955 2350 3206 2414 Benedic,
3247 2349 3426 2403 anima
3467 2365 3604 2402 mea.

2011 2443 2263 2501 Domino.
2311 2475 2382 2487 —
2419 2444 2709 2500 Secundus
2758 2460 2887 2499 vero
2907 2479 2931 2508 ,-
2965 2445 3100 2498 illud
3165 2459 3180 2496 :
3247 2441 3606 2496 Renonabitur

2012 2547 2069 2592 ut
2121 2539 2316 2609 aquila:
2355 2539 2600 2602 iuuentus
2644 2548 2759 2591 tua.
2787 2567 2855 2576 —
2883 2535 3134 2601 Domine,
3169 2535 3367 2589 exaudi
3405 2536 3607 2588 oratio-

2014 2650 2131 2688 nem
2170 2649 2361 2688 meam.
2393 2662 2464 2672 —
2499 2631 2717 2687 Tertius
2765 2630 2982 2687 tandem
3030 2639 3086 2686 et
3134 2630 3384 2694 ultimus,
3418 2629 3550 2684 illud
3585 2646 3602 2683 :

2017 2723 2321 2795 Propitiam
2361 2725 2448 2790 fat:
2478 2727 2606 2780 milii
2631 2741 2784 2779 mane
2813 2723 3239 2778 misericordiam
3274 2732 3443 2787 tuam,
3474 2724 3599 2793 quia

2015 2821 2072 2874 in
2103 2831 2151 2874 te
2181 2820 2408 2890 speravi.
2445 2821 2556 2874 Hos
2615 2835 2808 2873 rursus
2837 2817 3200 2887 obsignamus
3231 2817 3515 2887 doxologia
3545 2825 3604 2870 et

2017 2911 2289 2977 Alleluia;
2313 2920 2365 2966 et
2397 2911 2656 2966 sacerdos
2687 2911 2894 2963 interea
2921 2924 3044 2978 quae
3074 2924 3172 2979 pro
3201 2909 3458 2963 omnibus
3476 2915 3608 2960 sunt

2018 3003 2433 3074 deprecatioucs
2467 3002 2618 3068 facit,
2666 3013 2722 3056 ut
2756 3019 2874 3057 mos
2930 3011 3040 3066 cst,
3074 3008 3205 3056 tunc
3266 3014 3463 3054 rursus
3507 2977 3646 3054 nos,

1945 3149 1992 3208 ὃ
2019 3112 2088 3154 ex
2129 3095 2334 3152 Davide
2368 3104 2646 3151 sumentes
2681 3094 2960 3149 modulate
2989 3093 3246 3149 cauimus
3281 3112 3294 3147 :
3329 3093 3469 3148 Deus
3494 3093 3607 3147 Do-

2045 3189 2198 3208 ,,!,,_._
2243 3199 2282 3208 ,ι
2329 3189 2566 3208 _.__--._-__'a
2602 3186 2747 3208 ---L!_
2805 3186 2827 3208 Ι.
2845 3186 3100 3208 ----.ΙΞ-..--
3153 3187 3234 3208 ---2
3262 3189 3393 3208 -.-μξι
3426 3187 3475 3208 2--
3511 3202 3575 3208 ..Α

2023 3189 2200 3242 minus
2232 3199 2282 3242 et
2317 3189 2566 3256 apparuit
2599 3186 2770 3248 nobis,
2801 3186 3101 3241 benedictus
3143 3187 3234 3257 qui
3258 3189 3393 3242 venit
3422 3187 3478 3240 in
3510 3202 3610 3240 no-

2024 3284 2161 3336 mine
2192 3282 2424 3345 Domini,
2462 3283 2528 3337 ad
2557 3281 2699 3352 quod
2729 3282 3029 3338 atteaimus
3051 3281 3269 3353 aliquod
3305 3280 3606 3351 traparium

2024 3374 2135 3430 diei
2183 3374 2460 3430 memorias
2490 3389 2814 3430 consonum.
2853 3375 2918 3430 Et
2965 3391 3030 3430 ea
3079 3385 3209 3432 sunt
3240 3381 3428 3444 aperta
3457 3387 3608 3444 sym-

2026 3467 2155 3524 bola
2186 3470 2254 3524 de
2293 3467 2586 3539 praesentia
2652 3467 2939 3524 Dominica
2971 3469 3100 3524 vita:
3151 3467 3502 3524 manifestata
3552 3467 3616 3524 in

2027 3563 2232 3619 ultimis
2264 3562 2622 3634 temporibus.
2668 3561 2914 3616 i'isitavit
2951 3561 3096 3617 enim
3143 3561 3384 3626 nos,ait,
3435 3560 3612 3615 oriens

2025 3675 2089 3713 ea:
2111 3659 2242 3725 alto,
2265 3657 2670 3713 illuminaturus
2699 3671 2787 3710 eos
2817 3655 2906 3724 qui
2928 3656 2979 3708 in
3010 3655 3235 3709 tenebris
3264 3665 3313 3708 et
3341 3655 3395 3708 in
3422 3655 3618 3707 umbra

2027 3749 2218 3802 mortis
2268 3749 2474 3812 sedent,
2525 3763 2649 3818 quac
2685 3755 2744 3800 ut
2795 3745 3128 3801 laetiﬁcautia
3173 3744 3365 3800 diebus
3418 3743 3621 3814 jejuuii.

2027 3843 2536 3910 prattermittentes,
2569 3857 2669 3912 pro
2695 3843 2777 3898 cis
2807 3841 3041 3897 Alleluia
3077 3851 3386 3896 cantamus.
3411 3837 3623 3892 Postea.

2029 3941 2238 4002 partem
2270 3932 2508 4003 aliquam
2557 3933 2802 4003 psalterii
2871 3933 3190 4004 cnlligeules
3244 3931 3498 4001 legimus,
3532 3931 3624 3984 in-_

2030 4023 2437 4094 terrumpeutes
2481 4039 2702 4094 quoque
2748 4024 3056 4095 doxtplotgiis
3103 4031 3158 4078 et
3207 4021 3463 4091 tropariis
3490 4036 3631 4090 quas.

2030 4115 2291 4171 dicuntur
2327 4116 2681 4181 cathismata,
2717 4115 2771 4170 iu
2800 4117 3004 4184 quibus
3056 4127 3110 4172 et
3138 4130 3204 4170 ex
3264 4115 3448 4185 aliqua
3505 4116 3628 4168 alia.

2032 4219 2189 4280 parte
2219 4208 2454 4278 legimus
2518 4209 2794 4273 sedentes,
2829 4209 3080 4265 utilitatis
3137 4223 3304 4263 causa
3339 4207 3504 4262 simul
3557 4215 3627 4264 ct.-

2031 4301 2257 4370 quietis.
2289 4301 2449 4356 [latio
2495 4309 2679 4356 autem
2718 4301 3056 4372 psalmorum
3089 4317 3198 4356 non
3231 4301 3398 4356 altera
3445 4315 3610 4370 quam

2033 4408 2224 4464 magna
2265 4409 2456 4448 eorum
2491 4393 2700 4449 utilitas
2743 4403 2798 4449 et
2843 4393 3042 4448 divina:
3074 4395 3379 4463 voluptatis
3435 4394 3613 4462 pleni-

1955 4510 2003 4571 ο
2033 4485 2188 4544 tudo,
2223 4495 2275 4537 et
2314 4486 2614 4540 necessitas
2659 4487 2906 4542 absoluta
2955 4487 3182 4540 omnino
3224 4496 3392 4540 totum
3441 4486 3613 4541 semel

2029 4585 2122 4631 aut
2163 4579 2329 4630 etiam
2361 4576 2444 4632 bis
2477 4578 2530 4630 in
2567 4578 2906 4632 hebdomade
2937 4591 3157 4630 sacrum
3209 4575 3418 4644 legendi
3456 4576 3615 4630 Davi.

2024 4669 2110 4725 dis
2149 4669 2488 4739 psalterium.
2516 4698 2584 4710 —
2613 4667 2897 4724 Cantemus
2938 4667 3185 4722 Domino.
3211 4698 3280 4708 —
3309 4669 3386 4723 Ex
3414 4670 3614 4724 ordine

2026 4763 2225 4819 adsunt
2262 4777 2384 4832 qua:
2407 4761 2668 4840 dicuntur
2697 4763 2935 4827 cantica,
2968 4771 3022 4815 et
3059 4763 3174 4831 ipsa
3230 4776 3261 4816 e
3317 4761 3622 4831 Scriptura,

2025 4865 2265 4924 sumpta,
2299 4857 2678 4925 completaquc
2707 4856 2762 4910 in
2789 4870 3074 4910 numerum
3109 4869 3322 4922 novem,
3358 4866 3606 4925 propter,

2025 4957 2087 5003 ut
2130 4947 2348 5017 opinor,
2390 4962 2677 5001 numerum
2717 4947 2970 5000 ordinum
2998 4936 3368 5016 angelicorum
3401 4948 3613 5002 divian

2026 5055 2284 5110 rumque.
2315 5039 2559 5105 Quorum
2603 5040 2812 5109 primus
2867 5041 3060 5094 ordine
3091 5040 3415 5094 memoriam
3449 5054 3609 5094 reuo-

2029 5145 2118 5188 vat
2159 5133 2388 5203 prodigii
2423 5134 2476 5187 in
2511 5134 2646 5188 mari
2677 5133 2886 5195 Rubro,
2943 5150 3007 5187 cx
3045 5134 3187 5188 libro
3223 5133 3397 5190 Exndi
3460 5148 3622 5186 sum-.-

2029 5233 2196 5296 plus:
2239 5253 2304 5263 -
2371 5224 2530 5290 Audi,
2591 5225 2800 5287 coelum,
2853 5233 2901 5278 et
2953 5224 3267 5296 loquar;-'-
3335 5225 3626 5282 secundus.

2027 5333 2180 5386 vero,
2213 5328 2265 5375 et
2297 5318 2415 5388 ipse
2447 5333 2512 5373 ex
2543 5301 2994 5382 Deulcronomio,
3029 5320 3347 5373 memoriam
3381 5329 3618 5374 renovat

2026 5409 2398 5479 prodigiorum
2431 5409 2488 5463 in
2516 5410 2737 5464 deserto
2767 5419 3128 5480 patratormn,
3165 5419 3218 5464 et
3250 5410 3322 5463 ibi
3367 5410 3508 5464 ιιιιιςυ
3535 5411 3614 5464 Ιο‹

2027 5504 2111 5573 gis
2165 5488 2360 5574 gratiae
2424 5503 2780 5573 prophetiae.
2829 5534 2897 5545 —
2959 5503 3351 5576 Con/innatum
3399 5513 3476 5559 est
3520 5521 3611 5557 cor

2036 5613 2209 5650 meum
2251 5597 2305 5650 in
2373 5596 2616 5650 Domino.
2664 5627 2733 5635 —
2766 5594 2985 5653 Tertius
3037 5597 3506 5652 adumbratiouem
3556 5607 3614 5652 ut

2035 5685 2328 5755 imaginem
2376 5687 2578 5755 prmbct
2615 5683 2873 5742 Ecclesia:
2899 5703 2961 5742 ex
3000 5688 3300 5757 gentilitate
3339 5688 3612 5748 fecundae,

2029 5809 2093 5818 --
2123 5776 2370 5846 Domine,
2390 5777 2638 5834 exaudiri
2669 5779 3181 5835 auditioncmtnam.
3204 5809 3267 5819 —
3304 5777 3432 5837 Post
3468 5777 3612 5838 hunc
