3970 6460
242 409 379 478 1185

1117 414 1359 475 MARCI
1402 414 1774 476 EUGENICI
1815 413 1913 476 DE
1941 414 2180 479 OFFIC.
2215 418 2509 479 ECCLES.

3339 414 3474 480 1136

231 529 293 582 τὰ
341 525 505 581 λοιπὰ
556 523 888 586 ἀκολούθως.
920 525 1043 589 Τοῖς
1082 526 1137 579 δὲ
1166 524 1403 595 ψαλμοῖς
1437 526 1525 580 διά
1568 530 1627 580 τὸ
1658 526 1794 598 πρὸς

1933 530 2151 587 τοοθὰἰι
2184 530 2322 595 dies,
2352 532 2556 602 aliquid
2589 532 2818 588 consoni
2864 532 3027 588 inest.
3062 561 3128 573 -
3171 528 3345 596 Quam
3397 533 3479 585 di-

230 618 375 680 τέλος
408 617 512 687 ἤδη
565 617 662 686 τὴν
717 615 934 686 ἡμέραν
994 611 1133 669 εἶναι
1192 615 1529 686 κατάλληλόν
1558 618 1805 672 ἔστιν-

243 710 339 775 ⁹Ως
385 710 661 778 ἀγαπητὰ
716 708 788 763 τὰ
830 707 1200 779 σκηνώματᾶ
1239 724 1379 775 σου,
1408 741 1478 750 -
1512 710 1663 783 παρά
1706 710 1805 781 μὲν

180 801 185 805 ’
230 802 305 871 τῷ
332 802 533 871 πρώτῳ
559 801 640 861 τὸ,
677 800 995 868 Κρείσσων
1026 800 1217 868 ἡμέρα
1265 800 1374 870 μία
1419 801 1487 854 ἐν
1540 801 1669 867 ταῖς
1699 802 1806 856 αὑ·

232 894 365 960 λαῖς
390 910 506 948 σου
536 894 690 962 ὑπὲρ
711 895 1007 962 χιλιάδας,
1026 924 1095 934 -
1122 895 1501 965 Εὐδόκησας,
1531 899 1802 966 Κύριε-,

235 986 385 1058 παρά
407 988 461 1040 δὲ
491 986 568 1054 τῷ
596 987 851 1057 δευτέρῳ,
892 985 1270 1055 Εὑδόκησας,
1306 991 1505 1057 Κύριε,
1536 990 1652 1057 τὴν
1683 988 1800 1057 γῆν

232 1096 367 1142 σου,
415 1077 803 1147 ἀπέστρεψας
852 1076 967 1146 τὴν
1023 1080 1447 1149 αἰχμαλωσίαν
1478 1066 1699 1135 Ἰακώϐ.
1736 1112 1805 1121 -—

231 1168 473 1233 κλῖνον,
502 1168 702 1237 Κύριε,
734 1168 802 1222 τὸ
833 1164 947 1234 οὖς
984 1184 1101 1225 σου
1120 1187 1133 1201 ’
1163 1201 1231 1211 -
1251 1173 1402 1240 παρὰ
1429 1172 1484 1225 δὲ
1509 1173 1584 1241 τῷ
1617 1172 1805 1243 τρίτῳ,

243 1259 537 1328 Ἐλέησόν
571 1277 682 1330 με,
738 1262 934 1329 Κύριε,
990 1261 1079 1315 ὅτι
1106 1264 1259 1332 πρὸς
1310 1266 1385 1319 σὲ
1438 1266 1807 1336 κεκράξομαι

233 1349 383 1419 ὅλην
412 1351 529 1421 τὴν
560 1352 813 1422 ἡμέραν,
850 1353 919 1408 τά
951 1370 1009 1406 τε
1040 1356 1337 1426 τροπάρια,
1374 1358 1522 1427 καὶὴ
1558 1359 1650 1411 ἐπὶ
1683 1358 1806 1413 τού-

232 1460 342 1505 τοις
377 1441 512 1513 εὐχὴ
570 1442 666 1496 τοῦ
718 1443 989 1514 σωτηρίου
1038 1444 1283 1509 πάθους,
1321 1448 1417 1499 καὶ
1448 1448 1542 1513 τοῦ
1575 1448 1807 1501 θανάτου

236 1535 458 1604 μνήμην
486 1533 763 1587 ποιοῦντα.
800 1533 912 1587 Καὶ
946 1533 1121 1599 οὕτως
1170 1535 1539 1607 ἀπολυόμενοι
1577 1538 1807 1609 ταύτης,

233 1627 324 1679 ἐπὶ
352 1626 452 1696 τὴν
483 1626 779 1697 ἐσπερινὴν
811 1627 1089 1697 ὑμνῳδίαν
1115 1628 1405 1699 χωροῦμεν
1430 1644 1445 1660 ·
1476 1630 1566 1684 ὅτε
1608 1631 1811 1703 δηλαδὴ

237 1718 311 1790 μὴ
343 1720 570 1789 νηστεία
598 1737 658 1773 τε
698 1721 795 1772 καὶ
828 1720 1109 1791 μονοσιτία
1141 1721 1415 1793 παροῦσα,
1447 1721 1683 1794 διίστησι
1712 1723 1813 1793 μὲν

233 1811 337 1864 ἀπὸ
363 1810 470 1863 τῶν
500 1809 804 1879 ἐσπερινῶν
834 1809 932 1881 τὴν
965 1811 1216 1881 ὲννάτην,
1246 1815 1313 1884 τῇ
1344 1812 1482 1886 ἕκτῃ
1532 1811 1591 1866 δὲ
1642 1813 1812 1885 αὐτὴν

1912 624 2043 678 lecta
2080 623 2422 678 tabernacula
2447 635 2560 679 tua.
2588 654 2658 664 -—-
2694 624 2747 677 In
2783 623 2961 695 primo
2989 623 3091 677 hoc
3125 640 3139 676 :
3178 620 3362 675 Melior
3400 630 3478 675 est

1916 716 2028 769 dies
2060 732 2168 770 una
2207 716 2259 770 in
2290 717 2444 771 atriis
2491 718 2595 771 tuis
2624 732 2780 785 super
2816 715 3012 770 millia.
3040 744 3110 753 —
3132 712 3480 775 Benedixisti,

1912 807 2173 873 Domine;
2202 839 2269 849 —
2305 809 2357 862 in
2385 808 2629 863 secundo
2673 826 2686 862 :
2726 807 3073 871 Benedixisti,
3106 805 3345 865 Domine.
3381 814 3481 857 ter-

1910 917 2026 955 ram
2057 910 2226 967 tuam;
2271 902 2511 956 avertisti
2539 902 2897 971 captivitatem
2936 898 3126 954 Iacob.
3153 928 3224 938 ——
3250 897 3481 958 Inclina,

1911 991 2154 1061 Domine,
2191 1010 2373 1047 aurem
2412 1004 2556 1047 luam
2588 1011 2605 1059 ,°
2650 1023 2717 1032 —
2750 993 2803 1047 in
2826 992 3030 1057 tertio,
3059 990 3308 1046 Miserere
3356 991 3481 1053 mei,

1911 1085 2161 1161 Domine,
2186 1088 2431 1156 quoniam
2457 1088 2525 1140 ad
2549 1098 2596 1141 te
2622 1086 2843 1140 clamavi
2875 1094 2983 1139 tota
3016 1087 3119 1150 die,
3138 1094 3193 1138 et
3221 1083 3482 1153 troparia,

1912 1186 1967 1231 et
1998 1186 2186 1245 postea
2215 1177 2517 1231 orationem
2547 1192 2666 1246 quae
2692 1177 3023 1233 mentionem
3061 1175 3191 1229 facit
3212 1173 3484 1244 passionis

1910 1276 1964 1323 et
1996 1268 2190 1324 mortis
2235 1268 2477 1323 Domini.
2516 1266 2583 1322 Et
2633 1269 2713 1324 sic
2743 1270 2881 1323 hanc
2928 1278 3217 1338 postquam
3246 1265 3487 1337 absolvi-

1912 1376 2036 1417 mus
2115 1360 2310 1415 horam
2375 1360 2439 1413 ad
2499 1360 2865 1417 laudationem
2928 1358 3284 1430 vespertinam
3328 1357 3484 1412 cedi-

1912 1468 2055 1507 mus.
2090 1451 2320 1519 Quando
2366 1452 2575 1508 scilicet
2600 1452 2868 1522 jejunium
2902 1462 2954 1506 ct
2978 1450 3173 1507 unicus
3200 1449 3355 1505 cibus
3377 1463 3486 1503 non

1912 1545 2090 1611 adest,
2111 1552 2327 1613 separat
2348 1541 2555 1598 Nonam
2582 1560 2611 1598 a
2632 1542 2889 1614 Vesperis
2922 1553 2977 1598 et
3006 1543 3182 1598 Sexta:
3205 1540 3488 1609 subiungit

1914 1642 2042 1688 ante
2092 1633 2273 1688 cibum
2311 1641 2605 1698 cantatam,
2639 1636 2694 1687 in
2738 1648 2847 1704 quo
2881 1641 2934 1687 et
2970 1632 3372 1688 observantiam
3398 1645 3480 1686 eo-

1917 1740 2037 1779 rum
2062 1738 2186 1793 quaa
2218 1724 2474 1779 dicuntur
2507 1724 2637 1795 typi.
2666 1722 2759 1778 lla:
2792 1732 2918 1778 sunt
2946 1737 3127 1793 partes
3151 1737 3339 1777 eorum
3371 1734 3491 1790 quae

1916 1828 2086 1870 sacrae
2113 1813 2392 1871 adduntur
2419 1814 2676 1884 liturgire,
2716 1815 2940 1884 quando
2974 1814 3064 1868 illa
3121 1829 3226 1869 non
3272 1811 3491 1883 pertici-

236 1903 513 1969 συνάπτει,
543 1906 650 1974 πρὸ
695 1903 796 1973 τῆς
846 1905 1054 1974 τροφῆς
1088 1904 1382 1976 ᾁδομένην,
1418 1906 1475 1959 ὲν
1503 1900 1547 1974 ᾧ
1576 1905 1671 1959 καὶ
1708 1906 1807 1977 τὴν

1936 1924 2025 1970 ur,
2077 1916 2132 1963 et
2190 1916 2417 1964 servant
2473 1908 2594 1975 ejus
2659 1908 2882 1983 locum,
2934 1922 3073 1977 quas
3126 1904 3290 1961 modo
3344 1902 3493 1966 huic,

233 1994 341 2048 τῶν
405 1996 652 2048 τοπικῶν
702 1996 1056 2065 καλουμένων
1123 1997 1468 2053 ἀκολουθίαν.
1530 1997 1691 2052 Ἔστι
1749 1997 1807 2052 δὲ

1933 2000 2054 2067 lico,
2086 2016 2265 2069 nonae,
2304 2000 2466 2057 modo
2509 2002 2609 2069 illi,
2630 2001 2837 2058 scilicet
2857 2011 3023 2058 sextae
3048 2001 3387 2070 adaptamus.

233 2089 404 2143 ταῦτα
431 2090 575 2163 μέρη
603 2090 709 2143 τῶν
745 2092 805 2144 ἐν
833 2093 899 2162 τῇ
938 2091 1059 2161 ἱερᾷ
1108 2091 1428 2163 λειτουργία
1465 2094 1917 2166 προσᾳδομένων,
1946 2097 2034 2150 ὅτε
2078 2096 2155 2167 μὴ
2183 2097 2366 2167 ἐκείνη
2422 2097 2669 2168 τελῆται,
2740 2098 2839 2168 τὴν
2905 2097 3073 2167 αὐτῆς
3142 2094 3496 2160 ἀποσώζοντα

235 2183 439 2258 χώραν,
467 2188 556 2242 ὁτὲ
586 2188 686 2258 μὲν
732 2187 929 2257 ταύτῃ,
982 2186 1127 2257 φημὶ
1172 2190 1237 2258 τῇ
1278 2190 1474 2261 ἑννάτῃ
1508 2230 1522 2256 ,
1566 2190 1653 2245 ὁτὲ
1685 2190 1744 2244 δὲ
1774 2191 1887 2244 ἐκεί

681 2281 821 2350 Περὶ
872 2282 979 2337 τοῦ
1006 2281 1349 2351 ἐσπερινοῦ.

307 2371 415 2426 Τοῦ
448 2372 505 2426 δὲ
535 2373 825 2445 ἑσπερινοῦ
858 2373 1031 2443 ὕμνου
1092 2375 1326 2446 προάγει
1361 2374 1460 2445 μὲν
1495 2378 1523 2429 ὁ
1552 2382 1636 2447 ργ¹
1664 2376 1818 2445 ψαλ-

240 2473 359 2538 μὸς,
387 2497 451 2509 ——
473 2467 752 2538 Εὐλόγει,
782 2468 820 2537 ἠ
851 2467 1021 2537 mli}
1050 2483 1195 2537 μου,
1221 2494 1291 2505 -
1312 2467 1408 2536 τὴν
1439 2466 1549 2519 τῶν
1578 2465 1817 2535 κτισμά-

235 2576 344 2613 των
374 2560 745 2630 δημιουργίαν
787 2562 919 2630 ἠμῖν
953 2560 1294 2630 ὑπογράφων
1323 2599 1338 2624 ,
1374 2561 1469 2612 καὶ
1494 2558 1555 2611 τδ
1582 2558 1816 2625 ὲκάςτου

237 2650 505 2719 χρήσιμον
544 2651 860 2717 ἐκθειάζων,
897 2653 991 2704 καὶ
1028 2652 1118 2702 ἐπ’
1172 2652 1360 2713 αὐτοῖς
1412 2650 1504 2701 τὸν
1541 2652 1819 2719 Δημιουρ-

238 2740 333 2808 γον
380 2739 639 2811 ἀνυμνῶν
666 2757 680 2772 '
733 2740 836 2809 τῆς
891 2742 1001 2807 γὰρ
1060 2741 1279 2811 ἡμέρας
1315 2739 1418 2809 ήδη
1452 2738 1824 2793 συντελεσθεί-

244 2849 370 2901 σης,
399 2832 523 2902 ῆτις
552 2832 686 2902 ἡμῖν
712 2833 790 2894 εἰς
807 2832 1114 2885 ἀπόλαυσιν
1144 2831 1254 2886 τῶν
1293 2831 1388 2886 τοῦ
1419 2830 1553 2885 Θεοῦ
1588 2828 1821 2898 κτισμά-

243 2940 351 2976 των
401 2924 537 2995 παρ’
566 2922 731 2977 αὐτοῦ
765 2922 1038 2994 ἐδωρήθη,
1078 2922 1198 2977 δέον
1227 2922 1295 2976 ἂν
1344 2923 1428 2994 εῐη
1460 2923 1562 2992 τὴν
1611 2922 1700 2976 ἐπ’
1727 2923 1825 2977 αὐ-

241 3017 355 3079 τοῖς
384 3015 740 3087 εὐχαριστίαν
767 3015 1032 3069 ἀνάπτειν
1070 3015 1150 3087 τῷ
1176 3015 1444 3087 κηδεμόνι
1488 3016 1590 3086 τῆς
1618 3016 1820 3086 ἡμετέ-

246 3122 348 3174 ρας
375 3104 543 3177 ζωῆςο
568 3107 666 3160 καὶ
692 3105 811 3176 μετ’
835 3106 1005 3176 αὐτὴν
1027 3105 1206 3178 ἕτεροι
1242 3107 1423 3173 πάλιν,
1449 3107 1622 3177 εὐχῶν
1656 3107 1819 3178 ἱερῶν

247 3197 452 3266 μεταξῦ
484 3198 820 3268 γενομένων,
857 3228 925 3239 -
958 3198 1161 3268 Κύριε,
1196 3196 1513 3268 ἐκέκραξα,
1553 3199 1651 3253 καὶ
1685 3187 1821 3269 φωξ

1893 2208 1977 2266 νη,
2011 2194 2077 2265 τῇ
2108 2192 2244 2265 ἕκτῃ
2275 2194 2477 2265 δηλαδὴ
2509 2191 2949 2263 συναρμόζομεν.

2377 2284 2453 2339 De
2482 2286 2672 2356 hymno
2691 2285 3005 2354 vespertino.

1994 2376 2392 2432 Laudationem
2428 2375 2798 2444 vespertinam
2821 2373 3014 2443 incipit
3045 2372 3288 2443 psalmus
3310 2375 3500 2427 cente-

1922 2468 2099 2523 simus
2126 2468 2342 2535 tertius,
2372 2465 2704 2533 ——Benedt'c,
2730 2466 2908 2519 anima
2942 2482 3080 2530 mea,
3101 2497 3170 2506 —
3197 2480 3319 2534 qua:
3342 2464 3498 2519 nobis

1922 2570 2305 2614 creaturarum
2336 2558 2671 2611 creationem
2706 2556 2970 2611 describit
2996 2555 3361 2623 etcujuslibct
3388 2555 3498 2609 uti-

1925 2650 2131 2703 litatem
2174 2648 2381 2713 laudat,
2413 2656 2468 2703 et
2511 2659 2696 2719 postea
2728 2647 3041 2702 Creatorem
3086 2647 3360 2713 celebrat;
3414 2645 3502 2700 die

1926 2741 2073 2796 enim
2120 2740 2233 2809 jam
2263 2739 2415 2793 ﬁnita
2448 2754 2571 2810 qua:
2595 2738 2756 2794 nobis
2786 2750 2845 2795 ut
2873 2737 2964 2793 Dei
2996 2738 3265 2794 creaturis
3296 2738 3505 2793 fruere-

1927 2848 2050 2887 mur
2082 2831 2150 2885 ab
2179 2845 2244 2887 eo
2266 2830 2394 2887 data
2422 2840 2526 2895 est,
2567 2831 2854 2901 oportebat
2890 2829 2958 2884 de
2984 2829 3071 2884 bis
3096 2829 3261 2885 rebus
3298 2830 3504 2900 gratias

1927 2936 2089 2991 agere
2113 2921 2249 2989 Deo,
2274 2921 2364 2976 cui
2396 2936 2541 2976 curae
2563 2929 2647 2977 est
2680 2921 2789 2976 vita
2820 2931 3039 2987 nostra;
3066 2930 3122 2976 et
3150 2930 3271 2989 post
3297 2935 3390 2976 eas
3409 2920 3501 2975 alii

1936 3028 2157 3082 rursus,
2194 3014 2389 3084 psalmi
2419 3014 2679 3084 precibus
2709 3014 2883 3069 sacris
2918 3014 3369 3091 interpositis,—
3395 3013 3504 3066 Do-

1933 3112 2093 3177 mine,
2145 3108 2397 3175 clamavi,
2432 3116 2482 3162 et
2521 3122 2620 3162 vox
2688 3122 2802 3160 mea
2846 3106 2915 3160 ad
2958 3104 3267 3169 Dominum,
3318 3134 3385 3144 —
3414 3105 3507 3174 qui

1931 3211 2223 3259 cantantur
2251 3200 2533 3258 modulate
2566 3199 2786 3270 quando
2821 3207 3035 3269 tempus
3068 3206 3173 3263 est,
3214 3206 3269 3252 et
3308 3197 3510 3252 habent

246 3292 325 3357 νὴ
354 3307 475 3359 μου
523 3290 671 3359 πρὸς
699 3290 940 3358 Κύριον,
976 3320 1047 3332 --
1075 3290 1125 3344 οἳ
1172 3291 1266 3345 καὶ
1305 3291 1522 3365 ᾅδονται
1554 3293 1694 3361 μετά
1729 3290 1824 3360 μέ-

1933 3296 2137 3367 aliqua,
2170 3309 2294 3367 qua:
2318 3302 2635 3359 cantantur,
2679 3294 2943 3362 trOparia,
2974 3300 3030 3346 et
3080 3291 3135 3345 in
3175 3290 3307 3361 ipsis
3337 3290 3509 3344 multa

248 3383 398 3447 λους,
432 3382 595 3436 ὁπότε
630 3383 822 3436 τούτου
850 3384 1064 3453 καιρὸς,
1100 3384 1200 3437 καὶ
1241 3384 1636 3456 προσᾳδόμενα
1672 3384 1826 3454 ἔχου-

250 3490 304 3527 σι
338 3472 447 3528 τῶν
480 3472 794 3544 τροπαρίων
823 3474 968 3539 τινὰ,
1009 3475 1104 3528 καὶ
1137 3475 1195 3528 ἐν
1225 3475 1407 3540 αὐτοῖς
1440 3474 1615 3530 πολλὰ
1648 3476 1716 3529 τὰ
1752 3478 1820 3548 τῇ

250 3565 372 3637 ὥρᾳ
399 3566 768 3636 προσήκοντα,
808 3566 1113 3634 Ἔπαρσις
1141 3565 1250 3636 γὰρ
1280 3565 1401 3620 τῶν
1428 3565 1648 3635 χειρῶν
1680 3585 1823 3635 μου,

259 3658 447 3713 θυσία
480 3656 798 3726 ἐσπερινή·
833 3661 947 3723 καὶ,
971 3656 1120 3713 Ἀπὸ
1149 3655 1433 3727 φυλακῆς
1455 3658 1682 3727 πρωΐας
1727 3658 1831 3728 μέ-

253 3768 352 3820 χρι
398 3748 656 3816 νυκτὸς,
711 3748 830 3803 ἀπὸ
891 3747 1179 3817 φυλακῆς
1244 3751 1477 3817 πρωΐας
1525 3749 1833 3806 ἐλπισάτω

266 3842 518 3911 Ἰσραὴλ
548 3841 645 3895 ἐπὶ
670 3840 777 3894 τὸν
807 3840 1049 3908 Κύριον,
1074 3841 1167 3893 καὶ
1208 3840 1260 3893 εί
1285 3857 1339 3893 τι
1375 3840 1644 3896 τοιοῦτον.
1677 3840 1833 3895 Μετά

254 3932 418 3988 τοῦτο
447 3932 592 3988 κατά
624 3931 722 4004 τὴν
755 3932 1053 4004 γινομένην
1091 3932 1186 3985 τοῦ
1231 3932 1424 4004 ἱερέως
1448 3934 1675 4002 εἴσοδον,
1711 3934 1835 4005 ἥτις

261 4028 395 4096 ἡμῖν
426 4027 526 4098 τὴν
568 4024 667 4080 τοῦ
717 4025 976 4097 Σωτῆρος
1007 4025 1065 4079 ὲν
1093 4025 1261 4097 σαρκὶ
1291 4028 1599 4098 παρουσίαν
1630 4027 1723 4081 ιπὶ
1742 4027 1835 4081 τὸν

261 4118 492 4187 κόσμον,
528 4118 627 4173 καὶ
677 4110 840 4180 αὖθις
888 4116 1229 4188 ἐπιστροφὴν
1285 4117 1423 4187 πρὸς
1469 4116 1559 4173 τὸν
1613 4118 1838 4190 Πατέρα

262 4207 617 4277 ἐξεικονίζει,
669 4210 698 4262 ὁ
748 4206 846 4263 τοῦ
900 4210 1180 4280 μάρτυρος
1224 4207 1625 4280 Ἀθηνογένους
1652 4209 1838 4281 ᾅδεται

267 4301 523 4371 ἑσπέριος
553 4299 745 4371 ὕμνος,
772 4328 843 4341 -
870 4299 1001 4367 Φῶς
1052 4300 1286 4370 ἱλαρὸν,
1312 4332 1382 4343 ——
1409 4300 1468 4355 δν
1519 4301 1709 4373 ὁρμῶν
1746 4302 1839 4355 ἐπὶ

264 4395 363 4465 τὴν
392 4395 482 4448 διά
510 4394 682 4465 πυρδς
711 4394 816 4464 ῆδη
837 4392 1144 4460 τελείωσιν,
1175 4395 1252 4459 ὡς
1295 4394 1325 4447 δ
1363 4394 1538 4465 μέγας
1566 4396 1700 4465 φησὶ
1730 4396 1840 4449 Βα-

265 4487 485 4551 σίλειος,
517 4480 670 4558 ᾖσεν,
702 4515 773 4527 -
811 4484 1092 4554 Ειπωμεν
1146 4484 1393 4553 πάντες.
1429 4517 1497 4527 -
1527 4487 1699 4557 Εὐχαὶ
1749 4488 1842 4542 ἐπὶ

263 4580 438 4650 τούτῳ
477 4582 573 4634 καὶ
602 4579 849 4647 αἰτήσεις
906 4577 1129 4647 ἀγαθῶν
1172 4581 1287 4643 τοῖς
1342 4579 1633 4650 δεομένοις
1686 4580 1841 4651 παρὰ

1930 3397 2060 3447 sunt
2091 3403 2211 3460 quae
2233 3387 2384 3443 hora:
2408 3396 2664 3458 aptentur
2691 3383 2970 3441 :Elevatio
2994 3399 3248 3439 manuum
3275 3396 3512 3437 mearum

1934 3480 2264 3549 sacriﬁcium
2316 3479 2669 3546 vespertinum
2717 3494 2731 3531 :
2771 3486 2848 3543 et,
2887 3478 2925 3530 Α
2970 3477 3208 3530 custodia
3249 3476 3513 3529 matutina

1933 3572 2183 3642 usquead
2210 3579 2435 3636 noctem,
2466 3588 2497 3624 a
2531 3569 2772 3623 custodia
2819 3568 3089 3622 matutina
3140 3576 3311 3636 speret
3341 3564 3513 3620 Israel
3614 3600 3623 3619 ι

1933 3666 1989 3719 in
2020 3664 2279 3719 Domino:
2299 3673 2351 3719 et
2381 3663 2428 3719 si
2461 3678 2583 3733 qua:
2605 3659 2940 3731 huiusmodi.
2973 3658 3101 3716 Post
3122 3674 3183 3714 ea
3212 3659 3266 3715 in
3288 3658 3512 3715 introitu:

1936 3746 2240 3814 Sacerdotis
2303 3756 2406 3824 qui
2467 3754 2626 3810 nobis
2683 3754 3036 3825 praesentiam
3096 3748 3399 3806 Salvatoris
3460 3749 3514 3803 in

1935 3864 2105 3907 carne
2148 3857 2206 3904 et
2244 3848 2300 3904 in
2331 3845 2536 3902 mundo
2570 3851 2945 3914 reprzesenlat,
2972 3849 3026 3896 et
3052 3856 3243 3896 rursus
3274 3840 3511 3895 reditum

1935 3939 2056 4010 ejus
2093 3938 2163 3994 ad
2211 3938 2455 4004 Patrem,
2516 3942 2770 3990 cantatur
2820 3931 3077 4003 martyris
3140 3929 3516 3997 Athenogenis

1938 4031 2282 4104 v’esperﬁnus
2339 4029 2597 4099 hymnus,
2651 4055 2720 4066 —
2755 4022 2949 4077 Lumen
2980 4022 3174 4086 hilare,
3226 4052 3294 4063 —
3331 4034 3513 4091 quem.

1934 4126 2047 4197 jam
2098 4124 2369 4180 festinans
2402 4120 2469 4176 ad
2503 4132 2732 4176 mortem
2791 4119 2913 4190 igne
2943 4116 3309 4179 subeundam,
3358 4122 3415 4168 ut
3441 4114 3517 4167 ait

1942 4232 2176 4290 magnus
2232 4214 2491 4280 Basilius,
2523 4213 2784 4269 cantavit:
2817 4240 2887 4254 -—
2917 4209 3170 4263 Dicamus
3218 4224 3423 4271 omnes,
3451 4236 3514 4248 —

1942 4325 2132 4380 preces
2167 4317 2290 4379 post
2317 4322 2441 4362 eum
2484 4315 2539 4361 et
2569 4304 2860 4376 petitiones
2905 4300 3270 4373 quaerentium
3301 4301 3440 4354 bona
3486 4314 3518 4354 a

1944 4404 2080 4470 Deo,
2108 4429 2178 4445 —
2217 4402 2467 4472 Dignare,
2491 4399 2728 4453 Domine.
2764 4426 2834 4437 —
2862 4394 2926 4450 Et
2952 4396 3096 4451 inter
3130 4410 3223 4450 eas
3259 4393 3519 4449 alterite-

1946 4505 2066 4544 rum
2113 4487 2351 4560 hymnus
2383 4504 2448 4542 ex
2481 4487 2660 4542 verbis
2718 4485 3076 4557 psalmorum,
3102 4492 3154 4539 et
3189 4499 3379 4539 rursus
3409 4491 3522 4539 tro-

1947 4581 2121 4652 paria.
2165 4609 2233 4622 —
2267 4577 2427 4633 Nunc
2479 4579 2723 4632 dimittis.
2766 4607 2836 4618 -
2871 4578 2934 4631 Et
2988 4585 3107 4645 post
3169 4590 3230 4629 ea
3276 4575 3394 4643 ejus
3426 4573 3516 4643 qui

267 4670 427 4736 Θεοῦ,
456 4701 527 4712 -
551 4670 964 4734 Καταξιωσον,
996 4670 1195 4738 Κύριε.
1233 4700 1306 4711 —
1344 4670 1457 4723 Καὶ
1486 4672 1691 4741 μεταξύ
1723 4672 1817 4725 τού

1953 4674 2119 4729 Deum
2158 4670 2400 4743 suscepit
2426 4670 2701 4727 Simeonis
2734 4669 3047 4740 gratulatio,
3083 4668 3226 4722 sicut
3268 4667 3357 4721 ille
3383 4667 3518 4721 libe-

277 4778 392 4817 των
423 4763 613 4833 ἕτερος
655 4756 812 4825 αὖθις
861 4760 1028 4832 ὕμνος
1061 4760 1169 4817 ἀπὸ
1202 4762 1383 4833 ῥητῶν
1407 4761 1719 4833 ψαλμικῶν,
1753 4767 1824 4818 κα

1953 4765 2220 4822 rationem
2254 4779 2283 4818 a
2320 4779 2549 4832 corpore
2574 4778 2794 4818 causmn
2824 4761 3058 4817 habebat
3086 4760 3517 4825 laatitia‘,eodem

267 4857 544 4928 τροπάρια
578 4855 769 4911 πάλιν.
797 4884 864 4897 —
895 4854 1027 4910 Νῦν
1063 4855 1379 4924 ἀπολύεις.
1410 4886 1480 4897 -
1504 4857 1617 4910 Καὶ
1640 4856 1727 4908 ἐπ’
1748 4857 1847 4909 αὐ-

266 4953 379 5012 τοῖς
401 4952 436 5020 ῆ
471 4949 566 5003 τοῦ
600 4949 850 5021 θεοδόχου
883 4949 1114 5020 Συμεὼν
1149 4951 1573 5022 εὐχαριστήριος
1601 4951 1842 5020 εὐλογία,

268 5043 520 5113 καθάπερ
543 5043 750 5106 ἐκεῖνος
786 5043 886 5113 τὴν
938 5042 1046 5097 ἀπὸ
1094 5041 1190 5096 τοῦ
1244 5042 1500 5110 σώματος
1531 5043 1686 5097 λύσιν
1716 5044 1845 5115 ἠδο-

1950 4869 2101 4915 certe
2130 4858 2295 4913 modo
2318 4866 2374 4911 et
2409 4856 2565 4911 nobis
2616 4870 2916 4925 suggerens
2970 4852 3290 4909 memoriam
3341 4853 3521 4907 exitus

1949 4950 2105 5023 quasi
2131 4948 2417 5020 praesentis
2436 4963 2601 5019 quem
2626 4955 2781 5003 notat
2833 4961 3080 5015 vespera,
3138 4953 3193 5000 et
3246 4955 3367 5017 post
3397 4962 3522 5002 eum

1950 5043 2064 5098 Deo
2094 5041 2256 5113 digna
2287 5041 2574 5109 gratulari.
2630 5070 2699 5081 —
2744 5038 2971 5094 Sanctus
3018 5039 3182 5106 Deus,
3212 5068 3284 5081 ——
3324 5049 3379 5095 et
3408 5040 3450 5093 Τ
3457 5041 3527 5095 ri-

271 5136 369 5205 νῆς
400 5135 660 5189 ὑπόθεσιν
710 5135 988 5200 ἐποιεῖτο,
1018 5135 1111 5188 τον
1166 5134 1329 5189 αὐτὸν
1385 5135 1451 5205 δὴ
1502 5136 1706 5205 τρόπον
1755 5155 1824 5189 κα

1958 5133 2146 5203 sagion
2187 5131 2446 5202 hymnus,
2478 5139 2536 5186 et
2580 5145 2701 5201 qua:
2748 5139 3074 5201 sequuntur,
3122 5137 3176 5184 et
3228 5130 3525 5200 troparium

275 5230 410 5299 ἡμῖν
432 5225 837 5292 ὐποόάλλουσα,
868 5227 967 5295 τῆς
997 5224 1179 5290 ἐξόδου
1207 5242 1265 5279 τε
1298 5226 1375 5286 ὡς
1405 5227 1506 5298 ἤδη
1543 5227 1848 5297 παρούσης,

276 5318 344 5390 ἢν
409 5320 444 5388 ὴ
490 5317 703 5386 ἑσπέρα
759 5314 1161 5386 χαρακτηρίζει
1218 5314 1556 5385 μεμνῆσθαι,
1608 5315 1706 5367 καὶ
1763 5316 1850 5368 ἐπ’

1956 5223 2230 5293 quoddam
2262 5223 2627 5286 dimissionis,
2650 5233 2703 5277 et
2728 5233 2848 5293 post
2881 5237 2945 5279 ea
3011 5221 3312 5277 sacerdotis
3355 5223 3528 5278 oratio

1961 5333 2025 5370 ex
2060 5317 2162 5371 hac
2190 5315 2408 5387 lilurgia
2445 5316 2542 5371 nds
2570 5315 2815 5371 dimittit.

277 5410 417 5480 αὐτῇ
454 5407 521 5462 τὰ
549 5406 738 5461 εἰκότα
770 5406 864 5460 τὸν
895 5404 1031 5458 Θεὸν
1061 5403 1307 5472 εὐλογεῖν
1338 5433 1400 5444 —-
1447 5408 1644 5474 Ἄγιος
1675 5408 1707 5459 ό
1736 5405 1884 5472 Θεὸς
1906 5436 1975 5445 -
1998 5408 2028 5460 ὃ
2052 5424 2113 5461 τε
2143 5408 2446 5480 Τρισάγιος
2486 5407 2674 5479 ὕμνος,
2733 5406 2830 5459 καὶ
2871 5405 2939 5459 τὰ
3008 5403 3138 5475 εξῆς
3186 5405 3308 5476 μετ’
3346 5403 3531 5469 αὐτὸν,

278 5498 376 5551 καὶ
425 5496 729 5568 τροπάριόν
774 5513 827 5550 τι
866 5496 965 5564 τῆς
1010 5496 1352 5559 ἀπολύσεως,
1403 5498 1499 5549 καὶ
1544 5495 1633 5549 ἐπ’
1664 5496 1850 5561 αὐτοῖς
1887 5498 2040 5567 ἡτοῦ
2073 5499 2267 5571 ἱερέως
2287 5500 2442 5572 εὐχὴ,
2474 5503 2571 5553 καὶ
2599 5499 2804 5568 ταύτης
2859 5498 3004 5568 ἡμᾶς
3049 5497 3371 5568 ἀποπέμπει
3436 5498 3534 5570 τῆς

279 5594 455 5649 λειτου
466 5593 624 5665 ργίας
635 5634 647 5646 .

706 5684 846 5755 Περὶ
872 5687 976 5740 τοῦ
1018 5687 1420 5741 ἀποδειπνου.

358 5785 561 5843 Λοιπός
596 5783 713 5834 ἐστι
748 5781 847 5837 καὶ
908 5781 1271 5844 τελευταῖοςό
1312 5779 1638 5843 ἁπόδειπνος
1669 5779 1858 5853 ὕμνος,

283 5874 346 5930 ὃν
375 5877 469 5930 ἐπὶ
501 5877 591 5931 τὸν
617 5874 785 5929 ὕπνον
810 5873 910 5944 ῆδη
936 5874 1285 5945 τρεπόμενοι,
1333 5874 1432 5928 καὶ
1470 5874 1571 5948 τὴν
1606 5874 1851 5929 ἀνάπαυ-

2396 5683 2473 5740 De
2513 5684 2677 5754 o/ﬁcio
2708 5692 2826 5754 post
2856 5699 3078 5737 caenam.

2036 5780 2299 5851 Reliquus
2315 5788 2368 5835 et
2399 5778 2627 5834 ultimus
2656 5787 2761 5846 est,
2780 5776 2871 5848 qui
2900 5785 3019 5847 post
3046 5787 3286 5839 caenam,
3306 5772 3542 5844 hymnus

1966 5889 2129 5946 quem
2185 5873 2301 5944 jam
2361 5872 2426 5929 ad
2470 5888 2723 5927 somnum
2770 5869 3019 5928 conversi
3082 5877 3135 5924 et
3181 5866 3253 5923 ad
3300 5865 3539 5938 quietem

2556 5950 2581 5975 C
