3970 6460
355 447 482 513 1905

966 443 1277 508 NICOLAI
1313 449 1355 508 V
1421 447 1662 506 EPIST.
1709 447 1804 506 AD
1831 447 2438 508 CONbTANTlNUM
2485 449 2913 510 l‘ALi‘EOlDG.

3443 448 3578 512 1206

348 575 423 620 tra
451 561 737 620 Ecclesium
770 575 876 614 non
909 569 991 615 cst
1026 561 1171 616 salus
1196 576 1216 616 ι
1243 561 1334 629 qui
1367 575 1476 614 non
1509 559 1609 614 fuit
1662 559 1716 612 in
1765 573 1892 612 arca
1924 565 1967 622 Α
1999 561 2162 630 hique
2214 562 2526 629 peculiaris,
2613 563 2764 632 gravi
2823 562 3138 632 captivitate
3209 561 3395 630 punita
3476 573 3578 614 est-

342 656 471 728 Noe,
516 654 716 710 diluvio
745 654 972 717 interiit,
1021 661 1075 707 et
1106 654 1326 722 gravius
1376 652 1562 721 punita
1594 660 1721 706 sunt
1759 650 1903 704 schi-

344 758 510 806 smata
565 762 727 818 quam
755 747 862 800 alia
895 761 1230 816 quaecunque
1261 753 1496 814 peccata.
1531 741 1664 796 Nam
1717 743 1769 795 in
1796 741 1903 796 Co-

342 857 416 906 re,
451 840 650 894 Dathan
715 847 768 893 et
798 838 1024 899 Abiron.
1056 839 1148 907 qui
1193 837 1429 892 schisma
1460 837 1512 890 in
1563 834 1656 888 Dei
1707 833 1904 903 populo

343 933 507 988 moliti
557 942 709 996 sunt,
738 931 957 1003 gravius
1010 940 1062 984 et
1104 930 1349 986 severius
1378 929 1614 996 legimus
1661 927 1904 980 vindica-

339 1031 448 1080 tum
517 1041 678 1094 quam
711 1041 832 1080 cum
869 1024 934 1076 iis
963 1023 1054 1091 qui
1087 1021 1445 1076 idololatriam
1494 1017 1902 1073 commiserunt.

405 1116 558 1174 Nunc
589 1135 740 1187 ergo,
771 1115 1116 1172 serenissime
1149 1113 1419 1183 princeps,
1457 1112 1669 1164 intuere
1704 1117 1901 1161 statum

337 1210 680 1280 praesentium
715 1217 1038 1276 temporum,
1072 1213 1126 1257 et
1172 1203 1545 1256 animadverte
1595 1199 1900 1267 diligenter,

336 1317 443 1372 quo
475 1309 635 1371 pacto
671 1299 786 1352 tieri
818 1297 1016 1367 potuit,
1053 1304 1111 1348 ut
1160 1293 1340 1347 divina
1403 1289 1745 1361 providentia
1779 1298 1898 1342 tano

337 1405 443 1450 tam
493 1395 767 1448 nationem
811 1391 912 1444 sub
955 1402 1062 1442 uno
1111 1390 1460 1454 imperatore,
1511 1392 1620 1436 tam
1671 1381 1902 1436 eﬂ'usum

335 1487 569 1542 habente
613 1483 923 1550 imperium,
975 1493 1093 1547 quae
1131 1479 1262 1531 olim
1309 1475 1608 1530 abundavit
1655 1475 1904 1528 innume-

335 1579 594 1634 rabilibus
627 1573 990 1631 sanctissimis
1043 1581 1096 1624 et
1131 1569 1464 1622 doctissimis
1495 1569 1643 1633 viris,
1676 1567 1730 1620 in
1763 1583 1902 1637 pra:-

329 1671 630 1726 sentiarum
663 1668 730 1721 ad
764 1667 814 1720 id
843 1667 1074 1720 miseriae
1103 1663 1361 1717 devenire
1393 1659 1720 1730 permiserit,
1750 1671 1806 1716 ut
1834 1659 1904 1714 sit

330 1760 636 1816 miserrima
685 1757 927 1811 omnium
992 1753 1277 1824 gentium;
1321 1752 1462 1820 quod
1517 1747 1756 1818 profecto
1795 1758 1900 1802 tam

328 1856 558 1912 evidens
621 1862 703 1906 est
765 1861 817 1903 ut
886 1849 1066 1918 negari
1119 1862 1228 1900 non
1275 1845 1465 1913 pO5Sll.
1536 1843 1899 1914 lnhlligemus

330 1947 600 2018 profecto,
637 1957 890 2008 magnum
931 1955 1050 1995 esse
1086 1939 1186 1992 hoc
1214 1937 1480 2005 sacrilegii
1534 1950 1725 2005 genus,
1757 1934 1901 2002 quod

329 2039 571 2094 divinam
618 2034 960 2090 clementiam
1009 2030 1062 2083 in
1114 2038 1316 2082 tantam
1399 2028 1532 2081 iram
1578 2025 1905 2095 indignatio-

333 2147 568 2200 nemque
606 2127 917 2184 concitarit.
963 2123 1028 2178 Et
1073 2122 1197 2192 quia
1244 2122 1592 2174 vehementer
1634 2119 1903 2188 angimur,

329 2224 594 2281 Graeciam
631 2234 846 2274 onmem
883 2232 946 2269 eo
985 2218 1319 2286 pervenisse.
1353 2223 1412 2265 ut
1443 2211 1555 2265 fere
1592 2217 1756 2262 totam
1807 2208 1906 2260 ini.

331 2316 492 2372 micis
527 2314 707 2368 crucis
736 2308 942 2366 Christi
992 2322 1180 2378 parere
1229 2319 1447 2358 necesse
1493 2301 1587 2356 sit.
1621 2299 1907 2354 Credimus

331 2425 420 2475 ea,
449 2424 572 2478 qua:
599 2405 854 2464 dicimus,
895 2401 968 2454 ita
1022 2397 1305 2452 serenitati
1361 2406 1463 2448 tunc
1509 2408 1630 2446 esse
1685 2402 1822 2453 nuta,
1853 2402 1907 2442 nt

333 2499 553 2556 notiora
588 2497 700 2550 ﬁeri
729 2510 838 2550 non
868 2491 1096 2562 possint.
1123 2488 1374 2558 Magnum
1400 2496 1482 2539 est
1522 2485 1590 2539 l.-o
1611 2503 1644 2540 :.
1676 2494 1729 2536 ct
1757 2481 1908 2536 valde

331 2607 592 2662 magnum
638 2589 996 2644 demeritum:
1049 2585 1194 2652 quod
1244 2583 1427 2635 divino
1487 2580 1690 2646 judicio
1751 2586 1909 2628 tantae

331 2683 568 2746 nationi,
604 2693 712 2736 tam
739 2679 1033 2748 praeclarae,
1061 2685 1166 2730 tam
1195 2672 1465 2742 gloriuszc.
1501 2683 1604 2722 tam
1628 2670 1906 2726 diuturna,

333 2787 446 2831 tam
489 2774 670 2843 gravis
714 2770 1002 2840 captivitas
1053 2765 1251 2834 injecta
1297 2764 1387 2818 sit.
1435 2761 1576 2829 Ergo
1616 2760 1910 2827 aliquando

331 2868 688 2937 cogitandum
717 2873 820 2925 est,
853 2873 1100 2928 quamam
1135 2855 1370 2924 potuerit
1400 2867 1518 2907 esse
1545 2865 1709 2905 causa
1749 2849 1907 2918 digna

333 2961 532 3018 horum
564 2958 853 3013 malorum.
885 2952 1114 3022 Propter
1137 2952 1246 3006 duo
1272 2947 1416 3004 enim
1443 2945 1672 2999 maxima
1694 2953 1908 3012 peccata

329 3068 474 3119 gens
507 3051 754 3112 Hebra’a,
789 3062 908 3116 qum
945 3052 1063 3097 erat
1094 3039 1323 3111 pOpuIns
1353 3053 1378 3087 a
1414 3034 1520 3087 Dan
1565 3033 1788 3090 electus,
1834 3027 1910 3081 si-

321 3229 466 3291 τοῦς
520 3221 946 3279 διασεσὼκασιν,
1015 3211 1162 3268 οῦτοι
1223 3209 1378 3264 ὑδασι
1445 3203 1910 3264 κατακλυσοέντες

327 3322 622 3376 ἀπώλοντο
655 3318 874 3377 πάντες,
909 3312 1004 3365 καὶ
1035 3307 1416 3381 χαλεπώτερον
1451 3303 1507 3355 δὲ
1568 3302 1635 3353 τὰ
1687 3301 1914 3376 τοιαῦτα

331 3413 622 3483 σχίσματα
657 3406 876 3469 κολάζει
905 3404 1060 3464 Θεὸς,
1088 3401 1119 3469 ἢ
1151 3398 1328 3450 ὁτιοῦν
1359 3396 1466 3448 τῶν
1500 3395 1677 3448 ἄλλων
1734 3391 1916 3459 ἁμαρ-

330 3507 622 3576 τημάτων.
657 3500 829 3569 Δῆλον
887 3497 994 3565 γὰρ
1037 3497 1118 3547 ὅτι
1149 3494 1275 3554 τοὺς
1329 3491 1458 3559 περί
1516 3487 1716 3547 Δαοὰν,
1768 3483 1913 3576 Κορὲ

333 3575 435 3651 καί
480 3591 740 3661 Ἀσειρὼν
767 3590 971 3659 σχίσμα
1028 3585 1126 3637 καὶ
1177 3582 1369 3634 στάσιν
1422 3577 1796 3646 πεποιηκότας
1855 3575 1914 3626 ὲν

334 3689 420 3755 τῷ
447 3687 560 3754 λαῷ
585 3685 674 3738 τοῦ
698 3682 856 3744 Θεοῦ,
880 3677 1276 3750 χαλεπωτέρως
1303 3671 1562 3738 ἐπεξῆλθε
1593 3669 1654 3722 τὸ
1691 3669 1831 3722 Οεῖον
1882 3665 1912 3730 ἢ

337 3779 468 3839 τοὺς
500 3774 908 3841 εἰδωλολατρεῖν
936 3767 1418 3835 ἐπιϐαλλομένους.

419 3868 694 3938 ’Δθρησον
726 3863 844 3928 οῦν,
879 3855 923 3914 ὦ
955 3860 1322 3929 αὐτοκράτορ,
1345 3860 1445 3926 τὴν
1476 3855 1786 3924 παροῦσαν,
1839 3846 1916 3906 ὧν

343 3962 556 4033 ἄρχεις,
618 3959 809 4027 τύχην,
863 3954 956 4007 καί
1009 3952 1206 4020 σκέψαι
1271 3950 1408 4018 πρὸς
1473 3947 1608 4000 Θεοῦ
1645 3945 1914 4015 ἀκριϐῶς,

345 4054 460 4106 τίσι
490 4052 690 4121 δήποτε
717 4045 1112 4117 ἁμαρτήμασιν
1147 4041 1300 4102 ἔθνος
1323 4037 1648 4109 τηλικοῦτον
1679 4037 1770 4106 ὑφ’
1797 4037 1915 4098 ἐνὸς

345 4147 648 4216 ἀρχόμενον
676 4142 764 4194 ἀεὶ
807 4136 1236 4206 αὐτοκράτορος,
1301 4132 1516 4202 μυρίοις
1567 4134 1627 4183 τὸ
1683 4128 1917 4200 πρόσθεν

347 4236 642 4292 εύσθενοῦν
662 4235 980 4296 ὁσιωτάτοις
1016 4231 1110 4284 καὶ
1141 4229 1474 4296 σοφωτάτοις
1506 4227 1786 4295 ἀνδράσιν,
1811 4289 1816 4296 ι
1838 4224 1917 4286 εἰς

343 4328 506 4382 τοῦτο
552 4326 975 4395 κακοῖαιμονίας
999 4323 1264 4391 ὲληλυῦὸς
1300 4320 1540 4390 περιεῖδε
1574 4317 1727 4382 Θεὸς,
1751 4315 1916 4394 ’ὥστε

346 4419 487 4474 εῖναι
545 4419 640 4472 νῦν
695 4419 912 4472 πάντων
968 4415 1138 4468 ἐθνῶν
1197 4411 1782 4480 κακοδαιμονέστατον.
1849 4408 1916 4458 Ἣ

345 4511 508 4582 δῆλον
541 4514 622 4562 ὃτι
653 4511 828 4563 έκεῖνο
864 4509 909 4560 τ’
943 4507 1248 4577 ἁμάρτημα
1293 4503 1573 4558 αἰτιᾶσθαι
1627 4500 1829 4572 χρεὼν,
1888 4498 1916 4550 ὅ

2011 651 2211 718 Primo,
2246 663 2467 722 propter
2502 654 2864 709 idololatriam
2917 669 2946 708 a
2979 653 3195 722 regibus
3238 651 3582 722 Assyriorum

2009 742 2196 799 decem
2250 747 2425 801 tribus
2475 747 2532 801 in
2578 747 2806 801 Mediam
2860 748 3134 801 translatae
3179 755 3339 810 sunt;
3387 745 3585 798 deinde

2011 853 2189 908 regem
2225 836 2363 892 Juda
2415 853 2537 894 cum
2572 839 2782 894 duabus
2834 837 3068 892 residuis
3121 836 3370 891 tribubus
3426 849 3582 904 reges

2008 927 2384 983 Chaldaeorum
2419 929 2471 981 in
2521 929 2852 1000 Babylonem
2901 930 3198 991 deduxere,
3249 943 3370 996 quae
3409 941 3585 993 usque

2008 1020 2074 1074 ad
2108 1022 2446 1090 septuaginta
2476 1036 2648 1075 annos
2678 1023 2728 1074 in
2756 1023 3068 1090 captivitate
3114 1029 3451 1074 manserunt.
3488 1018 3583 1072 Se-

2008 1110 2208 1173 cundo,
2285 1121 2506 1180 pr0pter
2549 1112 2893 1180 sacrilegium
2947 1113 3088 1178 quod
3139 1112 3191 1164 in
3245 1110 3335 1164 Dei
3385 1109 3580 1161 Filium

2007 1202 2350 1256 iucarnatum
2379 1204 2794 1268 commiserunt,
2842 1220 2965 1259 cum
3004 1221 3034 1258 a
3079 1204 3418 1274 principibus
3461 1201 3576 1254 Ro-
3639 1261 3644 1266 _

2009 1295 2183 1348 manis
2231 1291 2564 1362 Vespasiano
2595 1307 2646 1349 et
2693 1297 2836 1358 Tito,
2885 1295 3256 1361 Hierosolyma
3317 1296 3580 1348 subversa

2005 1392 2108 1448 est,
2143 1393 2198 1436 et
2246 1386 2426 1438 omnis
2487 1388 2632 1455 regio
2683 1385 2868 1440 Iudaea
2905 1390 2957 1438 in
2992 1385 3364 1439 Romanorum
3417 1381 3582 1434 ditio-

2005 1490 2128 1530 nem
2171 1477 2433 1530 translata
2476 1489 2584 1542 est,
2634 1479 2706 1530 ita
2744 1488 2801 1529 ut
2833 1477 3036 1530 nationi
3076 1476 3173 1540 illi,
3201 1472 3439 1529 universi
3489 1489 3579 1526 or-

2008 1567 2088 1621 bis
2123 1585 2295 1639 usque
2331 1569 2382 1622 in
2418 1571 2558 1623 hunc
2606 1571 2746 1622 diem
2799 1571 3050 1624 exsilium
3085 1569 3436 1624 concedatur.

2081 1659 2145 1712 Et
2168 1661 2279 1716 haec
2307 1663 2370 1716 de
2389 1660 2520 1716 [lt-bi
2536 1664 2648 1716 teis.
2668 1661 2880 1716 Grmcos
2900 1672 3101 1723 autem,
3120 1672 3402 1729 postquam
3426 1658 3582 1710 tidem

2007 1753 2328 1807 catholicam
2349 1769 2659 1823 suscepere,
2675 1770 2774 1809 nec
2797 1755 2860 1810 ad
2886 1754 3242 1810 idololatriam
3287 1753 3590 1808 declinasse

2011 1845 2271 1908 videmus,
2291 1846 2455 1900 neciu
2474 1847 2564 1900 Dei
2585 1846 2777 1900 Filimn
2799 1863 2862 1902 ea
2881 1848 3085 1916 piacula
3106 1843 3591 1914 commisisse.qui-

2009 1938 2110 1992 bus
2136 1939 2189 1990 in
2217 1939 2516 1994 Turcarum
2541 1941 2907 2008 captivitatem
2935 1943 3115 1994 divina
3157 1940 3363 1993 ultione
3393 1953 3582 2007 perve-

2013 2033 2215 2086 nerint.
2251 2033 2388 2103 Ergo
2419 2033 2606 2086 subest
2638 2033 2783 2086 aliud
2811 2033 3076 2099 Sacrilegii
3109 2047 3296 2100 genus,
3331 2029 3474 2096 quod
3502 2029 3586 2081 di-

2011 2125 2135 2176 vina
2163 2124 2373 2192 iustitia
2409 2123 2734 2194 impunitum
2789 2140 2908 2180 esse
2964 2141 3072 2177 non
3122 2123 3274 2178 sinit.
3331 2122 3446 2178 Nec
3491 2124 3582 2177 di-

2008 2217 2239 2286 ligenter
2318 2217 2742 2284 inquirentibus,
2815 2225 3074 2284 quantum
3135 2215 3312 2270 cordis
3368 2214 3590 2268 humani

2009 2310 2184 2363 valeat
2243 2309 2530 2362 inﬁrmitas
2587 2309 2820 2371 intueri,
2870 2308 2996 2362 licet
3062 2308 3380 2377 intelligere,
3447 2307 3589 2361 hanc

2012 2404 2380 2471 Captivitatem
2412 2417 2518 2455 non
2546 2401 2760 2456 aliunde
2788 2400 3108 2470 profectam,
3137 2415 3297 2467 quam
3322 2414 3388 2453 ex
3437 2407 3590 2452 reatu

2015 2500 2110 2550 seb
2138 2497 2356 2560 sinatis,
2386 2495 2529 2560 quod
2571 2503 2794 2547 auctore
2842 2491 3062 2558 Photio,
3097 2502 3333 2558 tempore
3379 2488 3592 2544 Nicolai

2020 2588 2233 2657 primi,
2280 2587 2514 2652 sumpsit
2585 2584 2869 2637 exordium
2910 2621 2924 2644 ,
2975 2593 3022 2637 ct
3081 2596 3324 2649 cousque
3384 2581 3593 2634 invete-

2015 2689 2188 2731 ratum
2243 2689 2344 2738 ρει,
2380 2687 2436 2729 ιιι
2496 2690 2666 2744 usque
2703 2674 2769 2727 ad
2838 2683 3080 2741 tempora
3131 2672 3234 2726 ista
3261 2669 3590 2740 pervenerit.

2014 2767 2271 2822 Doleutcr
2320 2776 2373 2821 et
2445 2768 2605 2819 anxie
2658 2766 2760 2820 ista
2817 2763 3165 2834 proferimus,
3220 2773 3274 2816 et
3333 2762 3594 2815 vellemus

2014 2870 2216 2914 arterno
2254 2861 2514 2914 damnare
2568 2858 2805 2913 silentio.
2866 2855 3064 2910 Verum
3117 2857 3162 2910 si
3213 2870 3434 2926 operam
3482 2868 3597 2908 meo

2018 2951 2252 3005 dicantis
2301 2958 2587 3020 exspectas
2614 2989 2629 3014 ,
2675 2957 2888 3017 oportet
2943 2957 3000 3001 ut
3030 2947 3220 3001 vulnus
3261 2957 3409 3000 tuum
3445 2947 3598 2999 deie-

2017 3060 2130 3111 gas.
2168 3043 2306 3098 Ecce
2332 3043 2439 3112 jam
2471 3042 2581 3096 fere
2609 3039 2895 3110 quingenti
2926 3039 3052 3093 anni
3078 3038 3361 3104 transiere,
3390 3050 3454 3090 ex
3486 3052 3595 3106 quo

1942 3259 1985 3316 ο
2022 3228 2246 3297 Πρῶτον
2280 3227 2378 3296 μὲν
2404 3226 2513 3296 γὰρ
2539 3227 2605 3280 δι’
2645 3187 3098 3296 εἰδωλολατρείαν
3128 3227 3182 3279 αἰ
3233 3226 3366 3279 δέκα
3423 3228 3593 3296 φυλαὶ

2018 3325 2131 3384 τοῖς
2161 3321 2472 3388 Ἀσσυρίοις
2499 3320 2842 3389 αἰχμάλωτοι
2874 3318 3205 3387 ἀπήχθησαν
3241 3320 3318 3380 είς
3347 3319 3582 3386 Μηδίαν,

2019 3417 2112 3465 καὶ
2147 3414 2271 3473 τοὺς
2306 3412 2546 3481 βασιλεῖς
2573 3411 2747 3464 ’ἰούδα
2775 3412 2912 3478 μετὰ
2955 3411 3102 3464 δυοῖν
3131 3413 3250 3462 ταῖν
3280 3411 3595 3463 ὑπολοίποιν

2018 3505 2211 3573 φυλαῖν
2251 3505 2512 3558 Χαλδαῖοι
2550 3504 2930 3574 αἰχμαλώτους
2979 3506 3060 3567 εἰς
3117 3503 3410 3556 Βαευλῶνα
3457 3502 3602 3570 ἀπή·

2017 3615 2208 3677 γαγον.
2233 3598 2345 3650 Καὶ.
2369 3597 2610 3667 διέμεινε
2641 3597 2702 3649 τὸ
2752 3597 2906 3658 ἔθνος
2942 3594 3194 3649 δουλεῦον
3227 3596 3400 3657 οὓτως
3447 3594 3598 3648 ἑϐδο-

2022 3693 2263 3759 μήκοντα
2319 3690 2438 3759 ἔτη.
2501 3690 2737 3743 Ἔπειτα
2785 3689 2829 3742 δ’
2881 3689 3023 3755 άπερ
3061 3693 3138 3751 εἰς
3196 3690 3286 3742 τὸν
3333 3688 3426 3741 τοῦ
3460 3687 3595 3741 Θεοῦ

2019 3783 2134 3834 υἱὸν
2165 3780 2382 3849 Ἰησοῦν
2410 3781 2692 3849 ἠσέϐησαν
2736 3797 2796 3832 τε
2823 3783 2920 3832 ,καὶ
2955 3779 3214 3848 ὕϐρισαν,
3257 3781 3596 3849 αἰχμάλωτοι

2019 3873 2258 3942 γίνονται
2309 3873 2492 3934 πάλιν,
2519 3873 2682 3939 ἦνικα
2712 3873 3119 3933 Οὐεσπασιανὸς
3152 3872 3246 3924 καὶ
3268 3873 3423 3932 Τίτος
3465 3869 3594 3924 Ῥω-

2022 3964 2199 4031 μαίων
2227 3963 2528 4029 στρατηγοὶ
2566 3961 2704 4012 κατὰ
2729 3961 2934 4028 κράτος
2965 3960 3184 4024 ἑλόντες
3215 3960 3592 4028 κατέσκαψαν,

2022 4054 2118 4108 καί
2160 4051 2460 4121 σύμπασαν
2484 4053 2582 4120 τὴν
2627 4051 2903 4104 Ἰουδαίων
2949 4051 3135 4122 χώραν
3176 4051 3444 4120 ἐποίησαν
3493 4050 3598 4103 ὑπὸ

2019 4144 2147 4206 τοὺς
2189 4143 2516 4219 Ῥωμαίους,
2551 4143 2660 4196 Ka‘t
2689 4143 2757 4196 τὰ
2783 4147 2882 4213 τῆς
2915 4143 3310 4213 αἰχμαλωσίας
3349 4145 3432 4213 δὴ.
3466 4143 3598 4198 ταύ-

2020 4253 2121 4307 της
2150 4236 2303 4290 οῦπω
2345 4236 2549 4304 ἔσχηκε
2610 4237 2809 4306 πέρας,
2865 4235 2981 4290 ἀλλ’
3016 4236 3097 4290 ἔτι
3132 4238 3284 4289 πᾶσα
3325 4238 3358 4302 ἡ
3410 4239 3596 4288 οἰκου-

2022 4329 2161 4396 μένη
2184 4326 2349 4390 τόπος
2376 4325 2558 4395 φυγῆς
2592 4342 2650 4378 τε
2680 4327 2774 4380 καί
2811 4327 3019 4398 πλάνης
3051 4328 3431 4381 ἀποδέδεικται
3463 4327 3598 4380 ἰουο

2020 4419 2188 4473 δαίων
2212 4418 2288 4488 τῷ
2320 4418 2487 4471 ἔθνει.

2091 4509 2173 4562 Τὰ
2217 4509 2405 4580 μὲνδὴ
2458 4510 2569 4564 τῶν
2636 4511 2906 4581 Ἐϐραίων
2951 4511 3141 4573 οὕτως.
3197 4513 3461 4579 Ἕλληνας
3517 4513 3594 4578 δὲ,

347 4599 582 4670 φανερὸν
606 4599 799 4662 οὕτως,
828 4597 900 4660 ὡς
946 4597 1151 4667 μηδένα
1183 4597 1248 4649 ἂν
1278 4596 1422 4666 ἔχειν
1469 4594 1636 4661 φάναι
1688 4592 1916 4644 ὑπεναν-
1949 4613 1996 4671 υ
2021 4601 2214 4670 ἐπειδὴ
2248 4602 2348 4670 τὴν
2394 4603 2797 4672 εὐσεϐεστάτην
2848 4604 3098 4667 ἐδέξαντο
3171 4606 3378 4668 πίστιν,
3434 4606 3592 4658 οὐδὲν

347 4693 460 4747 τία.
495 4691 603 4744 Καί⁵
633 4690 888 4761 μέγιστον
912 4683 1019 4757 ἆρα
1053 4687 1210 4740 τοῦτό
1239 4703 1302 4754 γε
1337 4683 1700 4752 ὑποληπτέον,
1755 4683 1916 4734 ὁπότε

348 4786 440 4838 τὸν
470 4783 880 4836 ἐπιεικέστατον
910 4781 1076 4834 πᾶσιν
1109 4777 1423 4847 ἀνθρώποις
1456 4776 1612 4842 Θεὸν,
1637 4776 1716 4836 εἰς
1749 4775 1919 4844 ὀργὴν

349 4875 687 4947 τηλικαύτην
734 4871 1110 4944 παροξυμένον
1165 4871 1404 4941 ὁρῶμεν,
1459 4868 1595 4937 δῆλα
1648 4867 1704 4919 δὲ
1747 4866 1921 4919 ταῦτὰ

351 4983 434 5020 τοι
467 4966 700 5034 μάλιστα
732 4963 862 5016 ὂντα
904 4965 1184 5031 τυγχάνει.
1239 4961 1366 5028 Είγε
1419 4959 1511 5012 νῦν
1574 4961 1838 5027 σύμπασα
1887 4958 1920 5026 ἡ

341 5056 553 5124 ,Ἑλλὰς
591 5056 683 5106 καὶ
717 5056 814 5106 ὅσα
854 5053 1038 5120 σχεδόν
1060 5070 1112 5105 τι
1160 5052 1428 5121 πρότερον
1493 5050 1630 5103 ἄλλα
1671 5050 1776 5102 ὑπὸ
1830 5049 1920 5101 τὸν

355 5145 732 5212 αὐτοκράτορα
757 5136 845 5207 ἦν,
884 5141 963 5203 εἰς
1005 5140 1164 5192 τοῦτο
1215 5143 1386 5209 τύχης
1435 5139 1718 5208 ἐλήλυθεν,
1781 5139 1921 5192 ὥστε

354 5230 628 5284 δουλεύειν
657 5230 997 5282 ἐλεεινότατα
1051 5232 1161 5291 τοῖς
1228 5229 1324 5280 τοῦ
1394 5229 1630 5298 Χριστοῦ
1685 5229 1918 5299 ἐχθροῖς.

355 5325 601 5390 Μέγεθος
631 5323 707 5393 τῷ
731 5324 844 5375 ὄντι
873 5324 1067 5386 κακοῦ,
1096 5321 1188 5374 καί
1218 5339 1302 5384 τις
1359 5324 1634 5392 ὑπερϐολὴ
1667 5323 1921 5392 ἁμαρτά·

353 5413 464 5478 δος.
484 5414 639 5481 γένος
679 5414 971 5483 Ἑλλήνων,
995 5415 1057 5466 τὸ
1075 5413 1244 5466 πάλαι
1261 5415 1400 5483 μέγα
1434 5417 1519 5466 καί
1549 5415 1779 5481 ἔνδοξον,
1804 5414 1921 5467 δοῦ-

355 5505 446 5557 λον
472 5504 615 5556 οὑτω
650 5504 949 5574 βαρὸάροις
981 5507 1125 5558 κατά
1150 5505 1308 5575 δίκην
1344 5505 1696 5558 ἀποδείκνυσι
1746 5507 1921 5560 Οείαν.

356 5597 750 5650 Ἐπισκεπτὲον
797 5595 886 5648 οὒκ
945 5598 1064 5649 τίνα
1114 5598 1221 5650 τῶν
1270 5598 1456 5650 κακῶν
1515 5595 1717 5649 τούτων
1774 5597 1922 5662 ἄξιον

356 5690 526 5758 φαίην
554 5689 753 5742 αἰτίαν.
791 5688 863 5740 Τὸ
892 5695 989 5756 μὲν
1037 5692 1146 5757 γὰρ
1182 5690 1450 5758 Ἐὁραίων
1499 5693 1654 5757 γένος
1709 5690 1735 5739 ὁ
1790 5692 1922 5750 Θεὸς

355 5781 484 5833 λαὸν
519 5781 695 5850 ἑαυτῷ
729 5782 1042 5848 ἐπελέξατο,
1071 5784 1164 5836 καί
1201 5784 1274 5846 ὡς
1331 5784 1459 5837 ἴδιον
1499 5783 1750 5851 σύστημα
1787 5784 1922 5851 ἔχων

359 5872 554 5942 ἐφίλει,
609 5874 700 5926 δύο
755 5875 821 5926 τὰ
877 5876 1107 5944 μέγιστα
1161 5879 1478 5950 ἡμαρτηῖλος
1527 5879 1682 5947 δίκην
1732 5877 1918 5933 ἔδωκε.

2022 4696 2411 4764 ἡμαρτηκότας
2442 4697 2658 4765 ὁρῶμεν
2679 4695 2940 4761 τοιοῦτον,
2980 4697 3104 4751 οὑτε
3142 4700 3250 4766 γάρ
3280 4702 3355 4762 εἰς
3384 4700 3600 4754 εἰδωλο-

2023 4788 2280 4854 λατρείαν
2308 4789 2416 4840 οἶδε
2447 4790 2752 4842 ἀπέκλιναν
2785 4789 3069 4852 οὐδέποτε,
3099 4791 3161 4843 οῦ
3175 4807 3224 4843 τε
3281 4809 3335 4845 τι
3385 4793 3466 4854 εἰς
3501 4793 3594 4844 τὸν

2021 4877 2115 4931 τοῦ
2141 4877 2277 4930 Θεοῦ
2308 4878 2422 4930 υίὸν
2481 4879 2667 4945 ὅμοιον
2730 4879 3263 4950 πεπλημμεληκότες
3311 4884 3416 4935 εἰσί
3455 4899 3470 4915 ’
3528 4884 3598 4937 δι’

2023 4970 2160 5038 ὅπερ
2184 4971 2430 5036 κα¹ιοίητ⁶
2463 4970 2527 5023 ἄν
2561 4989 2643 5032 τις
2673 4973 3047 5043 αἰχμαλώτοις
3091 4974 3242 5044 παρὰ
3293 4975 3432 5029 Θεοῦ
3483 4980 3595 5040 τοῖς

2025 5061 2323 5130 βαρῖζάροις
2349 5061 2766 5130 παραδείόσθαι.
2799 5063 2863 5116 Τί
2901 5060 2996 5116 οὗν
3047 5065 3362 5129 ἀδικοῦντες
3411 5071 3595 5124 ἐκεῖνα

2024 5154 2345 5220 πάσχουσι;
2429 5155 2522 5206 καὶ
2598 5155 2788 5207 τῐποτε
2845 5155 3290 5229 ἐξημαρτηκότες
3352 5161 3449 5232 τὴν
3499 5163 3594 5216 τοῦ

2023 5242 2158 5295 Θεοῦ
2195 5243 2373 5311 ψῆφον
2397 5246 2479 5306 είς
2537 5247 2808 5314 τιμωρίαν
2841 5249 2995 5316 σφίσι
3044 5249 3357 5321 δεινοτάτην
3407 5251 3597 5316 ἐξεκα-

2023 5335 2252 5386 λέσαντο
2279 5352 2294 5399 ;
2324 5336 2356 5404 ἢ
2392 5335 2550 5388 οίιοεν
2572 5333 2934 5392 καθότονοῖον
2970 5342 3030 5393 τὸ
3081 5344 3286 5412 σχίσμα
3337 5345 3594 5414 ἁμάρτη-

2028 5441 2136 5494 μα;
2171 5426 2380 5495 Σχίσμα
2427 5427 2594 5494 λέγω,
2626 5421 2686 5482 οὑ
2709 5431 2881 5493 αἴτιος
2917 5431 3017 5499 μὲν
3059 5437 3180 5502 περὶ
3215 5435 3309 5503 τὴν
3331 5434 3423 5487 τοῦ
3456 5436 3592 5492 Θεοῦ

2037 5519 2366 5585 Ἐκκλησίαν
2397 5521 2424 5572 ὀ
2458 5521 2661 5582 Φὼτιος
2693 5523 3042 5594 πατριάρχης
3073 5526 3593 5581 Κωνσταντινουπό-

2025 5611 2161 5674 λεως
2217 5614 2311 5663 ἐπὶ
2369 5613 2639 5666 Νικολάου
2721 5615 2941 5685 πρώτου
3021 5619 3239 5687 Ῥώμης
3291 5621 3593 5690 ἀρχιερέως

2025 5702 2262 5769 ἐγένετο.
2293 5704 2541 5771 Διέμεινε
2566 5705 2622 5758 δὲ
2659 5704 2833 5769 οὕτως
2890 5709 2983 5761 ἐπὶ
3041 5710 3198 5773 πολὺ,
3262 5711 3401 5766 ὥστε
3455 5714 3593 5782 μηδὲ

2028 5790 2148 5843 καθ’
2180 5793 2322 5860 ἡμᾶς
2351 5794 2457 5857 ἔξω
2496 5793 2590 5847 τοῦ
2644 5797 2892 5851 τοιούτου
2923 5801 3098 5855 κακοῦ
3149 5803 3218 5854 τὰ
3262 5807 3590 5874 χριστιανὼν

2031 5879 2190 5936 εἶναι.
2241 5884 2434 5954 Ἡμεῖς
2467 5886 2564 5954 μὲν
2599 5888 2777 5941 τοίνυν
2810 5892 3117 5962 περιαλγῶς
3149 5911 3204 5946 τε
3244 5897 3335 5949 καὶ
3368 5897 3588 5966 ἀθύμως
