3988 6216
355 256 428 323 75

1272 254 1649 323 GBEGORII
1693 251 2002 320 MAMMA!
2042 253 2151 314 CP.
2196 236 2710 311 PATRIARCHIE

3548 228 3623 295 1’6

356 377 411 433 in
445 376 632 433 multis
659 375 1048 447 congressibus
1075 373 1357 429 Nic-aenum
1389 373 1721 444 symbolum,
1774 370 1940 437 idque

2075 382 2102 417 ν
2131 363 2360 432 Νικαίᾳ,
2391 361 2489 414 καὶ
2522 359 2687 427 μόνον
2727 353 3067 422 ἀνέγνωσαν,
3108 348 3231 420 μηδ’
3262 348 3399 409 ὅλως
3433 345 3622 416 μνείαν

363 470 544 525 solum
580 468 849 536 legerunt,
876 465 1024 519 nulla
1064 480 1294 535 prorsus
1327 462 1932 533 Constantinopolitani

367 558 640 613 mentione
663 556 825 621 facta,
854 564 913 611 ut
947 555 1273 625 procedente
1309 555 1559 611 oratione
1591 555 1714 610 loco
1740 568 1937 609 conve—

360 650 529 706 nienti
572 649 919 704 manifestum
952 647 1267 703 reddemus.

841 736 1079 794 senss.
1118 738 1293 810 (CAP.
1330 739 1425 810 Χ).

432 831 632 887 Verum
658 849 836 903 neque
867 833 1143 888 contraria
1195 831 1567 887 mcumemcis
1622 829 1854 901 synodis
1886 836 1941 883 et

359 926 745 982 communibus
790 925 1105 981 earumdem
1194 925 1564 995 dogmatibus,
1610 923 1705 978 sed
1766 937 1943 993 neque

364 1036 585 1089 prorsus
610 1035 718 1075 non
762 1035 968 1074 consen
985 1020 1172 1073 tientia
1208 1016 1568 1072 orientalibus
1621 1017 1943 1072 doctoribus

362 1114 706 1181 scripserunt
737 1112 929 1167 Patres
957 1111 1058 1175 illi,
1088 1126 1264 1179 neque
1298 1110 1365 1166 iis
1424 1125 1529 1165 non
1588 1108 1942 1172 cohaerentia,

362 1206 507 1261 sicut
570 1221 663 1275 per
709 1205 813 1260 alia
873 1204 1041 1258 multa
1096 1204 1317 1257 illorum
1398 1202 1541 1256 dicta
1600 1200 1945 1257 demonstra-

367 1306 418 1349 ιι]
428 1312 474 1351 Γ»

944 1353 1309 1442 APOLOGIA.

439 1477 691 1532 Mirabile
715 1472 845 1548 quid
881 1482 934 1531 et
968 1479 1316 1547 peregrinum
1337 1475 1581 1546 loquitur
1600 1477 1945 1532 venerandus

373 1570 733 1639 Ephesiorum
767 1565 1282 1628 antistes.Ubinam
1332 1572 1478 1625 enim
1531 1584 1760 1638 prorsus
1823 1583 1945 1634 per-

2041 454 2137 510 τοῦ
2166 456 2224 508 ἐν
2250 448 2828 508 Κωνσταντινουπόλει
2862 444 3201 514 ποιούμενοι,
3234 440 3309 502 ὡς
3339 437 3624 509 προϊόντος

2042 547 2139 602 τοῦ
2170 546 2334 613 λόγου
2358 546 2417 599 ἐν
2451 546 2529 613 τῷ
2562 542 2900 614 προσήκοντι
2934 538 3088 608 τόπῳ
3134 532 3372 603 φανερὸν
3403 532 3627 601 ποιήσοσ

2047 658 2148 711 μεν
2184 639 2285 710 (1)-

2697 715 2980 781 ΕΦΕΣΟῩ.

2129 825 2270 880 Ἀλλ’
2305 825 2416 879 οὐδ’
2440 821 2661 878 ἐναντία
2680 823 2803 884 ταῖς
2833 814 3245 886 οίκουμενικαῖς
3268 812 3511 872 συνόδοις
3535 810 3631 862 καὶ

2042 923 2157 982 τοῖς
2181 919 2388 981 κοινοῖς
2406 915 2587 971 αὐτῶν
2607 914 2899 982 δόγμασιν,
2925 909 3043 963 ἀλλ’
3066 906 3176 961 οὐδ’
3199 906 3266 959 ἂν
3288 904 3427 966 ὅλως
3451 902 3632 970 ἀσύμ-

2048 1031 2203 1081 φωνα
2226 1013 2341 1074 τοῖς
2374 1010 2723 1070 ἀνατολικοϊς
2770 1004 3117 1065 διδασκάλοις
3148 999 3398 1071 ἔγραψαν
3434 1000 3485 1053 οί
3527 998 3635 1081 [sz

2046 1078 2205 1176 τέρες
2254 1107 2477 1171 ἐκείνοι,
2510 1103 2631 1157 ούδέ
2663 1102 2850 1163 αὐτοῖς
2881 1094 3241 1157 ἀνακόλουθα,
3278 1090 3533 1160 καθάπερ
3565 1078 3633 1142 διὸ

2045 1201 2224 1255 ἄλλων
2257 1199 2474 1254 πολλῶν
2502 1197 2734 1252 ἐκείνων
2770 1194 2953 1265 ῥητῶν
2984 1189 3391 1245 ἀποδείκνυται.

2665 1376 3033 1432 ΔΠΟΛΟΓΙᾹ.

2117 1475 2452 1539 Θαυμὰσιόν.
2472 1491 2526 1527 τι
2563 1473 2659 1526 καὶ
2692 1470 2999 1540 παράδοξον
3028 1470 3057 1523 6
3082 1468 3360 1537 αἰδέσιμος
3405 1464 3633 1534 Ἐφέσου

2048 1568 2218 1633 λέγει.
2253 1567 2363 1620 Ποῦ
2396 1566 2507 1636 γὰρ
2549 1565 2687 1627 ὅλως
2726 1562 3035 1633 ἐμφανίσαι
3066 1560 3204 1655 ἐξι,
3242 1556 3319 1623 ὡς
3351 1560 3406 1612 αί
3451 1559 3634 1611 οίκου·

370 1662 615 1729 spicuum
663 1660 896 1715 reddere
927 1665 1127 1730 potest.
1198 1658 1570 1714 oecumenicas
1612 1655 1855 1728 synodos
1879 1668 1944 1709 ex

436 1756 448 1769 .
515 1751 552 1769 η
593 1766 629 1769 ,μ
692 1752 723 1769 η
771 1755 783 1767 .
822 1754 856 1769 .,
942 1767 1033 1769 ,__
1274 1749 1923 1769 ηαλωηῄηηη,

2075 1661 2279 1715 ιενικαλ.
2311 1659 2523 1712 σύνοδοι
2562 1658 2626 1712 ἐκ
2674 1657 2841 1725 μόνου
2873 1655 2971 1708 τοῦ
3019 1649 3237 1723 Πατρὸς
3269 1649 3545 1722 ἐκήρυξαν
3574 1649 3636 1702 τδ

2075 1757 2106 1769 μ-
2174 1754 2200 1767 ι-
2354 1753 2368 1769 ι
2414 1751 2437 1769 ον
2564 1768 2567 1769 ,
2617 1750 2674 1769 οη
2734 1748 3012 1769 -__I__n-__
3074 1740 3222 1769 1..--
3256 1744 3443 1769 ι-----
3483 1744 3608 1769 ιη-..

369 1756 487 1808 solo
515 1751 673 1807 Patre
691 1752 955 1823 Spiritum
984 1759 1235 1805 sanetum
1272 1749 1575 1820 procedere
1600 1749 1947 1820 praedicasse,

369 1862 435 1898 ex
468 1860 578 1915 quo
612 1858 705 1912 per
737 1844 1187 1898 contrarietatem
1236 1848 1289 1895 et
1332 1840 1735 1895 eontradietion
1754 1854 1837 1892 em
1868 1854 1953 1893 se-

373 1937 561 2005 quitur
594 1938 645 1989 et
676 1935 989 1988 necessario
1019 1931 1387 1990 concluditur.
1410 1946 1476 1984 ex
1511 1926 1650 1983 Filio
1682 1944 1806 1982 eum
1847 1943 1952 1981 non

373 2028 670 2099 procedere
698 2026 1012 2080 iExistimo
1050 2026 1193 2078 enim
1244 2022 1668 2090 eum,quamvis
1721 2021 1954 2074 multum

377 2123 587 2176 laboret
615 2129 671 2175 et
727 2119 1036 2173 sexcenties
1082 2116 1547 2173 oecumenicarum
1617 2114 1954 2186 synodorum

373 2211 703 2283 exemplaria
739 2210 1035 2279 pervolvat,
1071 2209 1263 2263 nullibi
1325 2222 1555 2277 prorsus
1606 2215 1954 2277 reperturum

373 2292 602 2365 dictum,
621 2318 686 2356 ex
720 2301 838 2355 solo
860 2302 1019 2356 Patre
1047 2301 1340 2370 procedere
1359 2298 1625 2368 Spiritum
1662 2307 1914 2353 sanctum
1939 2315 1955 2363 ;

377 2400 508 2453 item
551 2396 607 2450 id
648 2411 825 2464 neque
851 2396 903 2447 in
925 2393 1152 2461 reliquis
1184 2393 1505 2447 doctoribus
1550 2402 1713 2460 atque
1744 2391 1956 2446 theolo-

377 2491 459 2559 gis
484 2487 740 2557 reperiet.
777 2483 933 2552 Quod
963 2485 1006 2538 si
1035 2481 1263 2537 Photius
1294 2483 1608 2551 patriarcha
1665 2481 1821 2541 dixit.
1860 2482 1953 2535 sed

375 2577 824 2641 animadvertito,
862 2577 1119 2629 Pbotium
1143 2590 1253 2628 non
1283 2590 1402 2629 esse
1424 2576 1479 2628 in
1512 2584 1827 2630 sanctorum
1861 2591 1963 2627 nu-

381 2687 532 2726 mero
560 2671 911 2734 collocatum,
938 2668 1190 2722 licetuna
1226 2667 1386 2721 simul
1413 2677 1465 2719 et
1498 2666 1686 2719 eodem
1711 2674 1959 2734 tempore

379 2763 617 2819 vixerint
651 2761 878 2817 Pbmius
903 2759 1244 2828 etlguatius.
1284 2758 1389 2813 Sed
1428 2759 1515 2812 hic
1558 2758 1777 2826 quidem
1808 2760 1953 2811 inter

380 2862 602 2908 sanctos
633 2851 1024 2906 adnumeratur
1040 2856 1096 2903 et
1124 2847 1213 2902 die
1232 2848 1497 2902 vicesimo
1517 2849 1680 2904 tertio
1702 2848 1957 2903 Octobris

379 2946 436 3001 in
469 2942 776 3014 syuaxariis
811 2941 987 2996 locum
1022 2939 1208 2993 habet.
1229 2937 1458 2994 Photius
1496 2956 1623 2993 vero
1659 2941 1807 2994 nullo
1835 2954 1957 2994 mo-

2061 1754 2287 1823 Πνεῦμα
2319 1753 2380 1808 τδ
2411 1751 2571 1821 ἅγιον
2615 1748 3039 1819 ἐκπορεύεσθαι,
3070 1740 3225 1814 ᾧπερ
3256 1744 3448 1799 ἕπεται
3482 1744 3636 1797 ἐναν⁴

2059 1850 2189 1911 τίως
2220 1848 2315 1901 καὶ
2347 1844 2726 1914 ἀντιφατικῶς
2753 1841 2815 1897 τδ
2858 1842 2923 1895 ἐκ
2955 1840 3049 1893 τοῦ
3084 1839 3223 1895 Υίοῦ
3258 1837 3332 1909 μὴ
3364 1836 3442 1905 (2)
3473 1837 3640 1890 ἐκπο-

2064 1941 2343 2011 ρεύεσθαι,
2389 1939 2482 1991 καί
2535 1938 2685 1991 ἐστιν
2733 1934 3054 2003 ἀναγκαίως
3103 1930 3431 1994 ἁκόλουθον;
3471 1927 3641 1998 Οἶμαι

2057 2035 2187 2103 γὰρ,
2241 2032 2317 2095 ὡς
2366 2030 2539 2085 πολλὰ
2594 2029 2839 2099 μογήσας
2892 2027 2987 2081 καὶ
3046 2025 3308 2095 μυριάκις
3367 2022 3469 2084 τὰς
3528 2018 3641 2073 τῶν

2058 2108 2456 2194 οίκουμενικῶν
2489 2120 2727 2176 συνόδων
2753 2117 3136 2181 ύποτυπὼσεις
3161 2115 3408 2177 διελθὼν,
3429 2112 3643 2183 οὐδαμῆ

2058 2216 2312 2286 οὐδαμῶς
2340 2215 2565 2284 εὑρήσει
2599 2214 2661 2266 τδ
2695 2213 2759 2265 ἐκ
2795 2212 2959 2281 μόνου
3002 2210 3098 2264 τοῦ
3135 2208 3347 2279 Πατρδς
3371 2206 3642 2277 ἐκπορεύ-

2059 2308 2218 2362 εσθαι
2252 2308 2314 2360 τό
2346 2307 2506 2375 ἅγιον
2542 2303 2793 2373 Πνεῦμαο
2830 2300 3097 2365 ὡσαύτως
3148 2300 3243 2353 καὶ
3287 2300 3398 2354 τῶν
3437 2297 3644 2351 λοιπῶν

2060 2401 2404 2457 διδασκάλοιν
2434 2400 2530 2453 κα)⁸
2563 2397 2857 2466 θεολόγων.
2894 2398 2955 2450 Ei
2991 2395 3036 2450 δ’
3070 2397 3098 2450 6
3125 2395 3333 2459 Φώτιος
3366 2392 3642 2463 πατριάρ-

2060 2509 2162 2561 χης
2201 2486 2376 2553 εἶπεν,
2410 2491 2525 2546 ἁλλ’
2558 2489 2682 2559 δρα,
2719 2489 2801 2541 ὅτι
2853 2491 2911 2541 ἐν
2947 2486 3127 2554 ἁγίοις
3159 2486 3221 2539 ού
3258 2483 3640 2539 συντέτακταιο

2062 2582 2241 2636 καίτοι
2289 2598 2354 2649 γε
2410 2582 2469 2635 ἐν
2520 2580 2600 2651 τῷ
2653 2580 2806 2649 αύτῷ
2858 2596 2914 2632 τε
2976 2582 3071 2633 καὶ
3107 2578 3187 2631 ἐνὶ
3230 2573 3411 2647 καιρῷ
3440 2574 3647 2638 Φὼτιος

2061 2676 2158 2729 καὶ
2189 2676 2268 2743 (5)
2328 2673 2609 2742 Ἰγνάτιος·
2644 2672 2760 2725 ἀλλ’
2788 2673 2816 2724 6
2866 2672 2965 2741 μὲν
3014 2672 3112 2724 σὺν
3159 2671 3336 2737 ἁγίοις
3386 2668 3644 2721 τέτακται

2067 2767 2166 2822 καὶ
2214 2768 2274 2819 ἐν
2320 2768 2388 2836 τῇ
2444 2765 2667 2833 είκοστῇ
2714 2762 2876 2833 τρίτῃ
2925 2760 3018 2815 τοῦ
3064 2760 3401 2831 Ὀκτωϐρίου
3447 2762 3505 2811 ἐν
3536 2761 3648 2820 τοῖς

2067 2857 2423 2927 συναξαρίοις
2458 2857 2599 2925 μετὰ
2628 2854 2738 2907 τῶν
2770 2855 2945 2920 ἁγίων
2976 2852 3357 2906 συντάττεται⁹
3392 2854 3419 2905 6
3451 2851 3508 2904 δὲ
3531 2849 3649 2904 Φὼιι

2062 2966 2177 3011 τιος
2197 2946 2452 3017 οὐδαμῶς
2472 2948 2584 3008 τοῖς
2603 2946 2776 3015 ἁγίοις
2799 2945 3230 3014 συνηρίθμηται,
3253 2946 3301 2996 τί
3324 2943 3421 2997 καὶ
3443 2943 3650 2996 δίκαιον

382 3040 452 3092 do
486 3034 795 3093 sanctitatis
830 3047 1031 3088 nomen
1082 3039 1417 3087 consecutus
1460 3040 1566 3096 est,
1600 3031 1726 3087 licet
1779 3048 1958 3102 operte

2075 3042 2143 3094 τὰ
2172 3041 2293 3094 κατ’
2323 3039 2488 3092 αὐτὸν
2536 3039 2927 3110 παραδραμεῖν
2959 3036 3048 3090 διὰ
3083 3037 3143 3089 τὸ
3174 3035 3265 3089 ἐπ’
3299 3034 3556 3105 ἀμϐωνος
3586 3035 3654 3087 τά

381 3129 616 3199 pretium
670 3126 854 3188 fuerit,
888 3124 1037 3179 illius
1073 3132 1228 3193 gesta
1259 3123 1483 3179 silentio
1526 3124 1833 3192 praeterire,
1898 3139 1964 3179 eo

356 3226 528 3290 “quod
549 3222 600 3273 in
622 3218 859 3272 amboue
874 3216 1212 3271 anathemati
1231 3217 1626 3286 subjiciuntur,
1642 3232 1762 3285 qua:
1778 3218 1843 3271 ad
1854 3233 1970 3271 ver-

383 3327 478 3367 sus
503 3322 751 3367 sanctum
776 3310 1049 3378 lgnatium
1077 3307 1441 3377 Photiumque
1470 3308 1675 3372 scripta
1699 3317 1830 3361 sunt
1861 3310 1965 3376 (a).

387 3403 442 3458 Si
490 3417 620 3456 vero
663 3401 789 3471 quis
844 3398 1404 3455 Thessalonicensem
1456 3398 1681 3467 obiiciat
1721 3414 1854 3454 voce
1906 3416 1971 3455 ea:

387 3495 499 3550 solo
531 3493 734 3563 (Patre)
772 3500 1040 3556 utentem,
1074 3500 1129 3545 at
1153 3506 1278 3545 vero
1304 3490 1393 3545 htc
1414 3505 1634 3560 quoque
1667 3489 1718 3545 in
1744 3494 1970 3561 propria

388 3588 753 3651 confessione,
773 3599 936 3656 quam
962 3582 1220 3638 Ecclesiae
1236 3583 1441 3639 Christi
1475 3581 1622 3637 dedit
1643 3586 1968 3651 ostendens,

389 3681 602 3752 qualem
624 3680 824 3733 habeat
842 3676 1173 3731 sententiam
1201 3675 1349 3730 circa
1366 3687 1718 3730 sacrosancta
1745 3677 1971 3744 dogma-

2076 3134 2216 3186 κατὰ
2249 3131 2343 3185 τοῦ
2376 3133 2434 3184 ἐν
2479 3130 2658 3199 ἁγίοις
2694 3130 2960 3198 Ίγνατίου
2989 3131 3084 3183 καὶ
3116 3127 3282 3182 αὐτοῦ
3323 3128 3416 3181 τοῦ
3447 3127 3653 3180 Φωτίου

2076 3223 2581 3295 ἀναθεματίζεσθαι
2618 3224 2727 3293 (4).
2764 3223 2825 3276 Ei
2863 3223 2921 3275 δὲ
2952 3222 3043 3275 τὸν
3074 3219 3478 3287 Θεσσαλονίκης
3512 3218 3658 3271 εἴποι

2076 3333 2162 3380 τις
2191 3317 2254 3370 τὸ
2301 3316 2371 3370 ἐκ
2398 3316 2595 3385 μόνου
2651 3314 2905 3383 λέγοντα,
2951 3313 3090 3367 ἀλλὰ
3134 3313 3229 3366 καὶ
3286 3312 3443 3374 οὗτος
3489 3313 3549 3365 ἐν
3590 3312 3658 3381 τῇ

2078 3407 2261 3478 οἰκείᾳ
2290 3406 2580 3476 ὁμολογίᾳ,
2622 3406 2690 3474 ἣν
2729 3405 2933 3459 δέδωκε
2971 3406 3038 3475 τῇ
3077 3402 3382 3474 Ἐκκλησία
3416 3401 3659 3474 Χριστοῦ

2078 3498 2317 3565 δεικνὺς,
2348 3498 2544 3552 ὁποίαν
2569 3496 2684 3566 ἔχει
2710 3496 2811 3568 τὴν
2836 3496 2996 3561 δόξαν
3026 3496 3158 3567 περὶ
3182 3497 3247 3549 τὰ
3273 3494 3393 3565 ἱερὰ
3420 3496 3514 3548 καὶ
3543 3494 3663 3548 θεῖα

2082 3590 2356 3658 δόγματα,
2406 3591 2467 3643 ού
2506 3589 2771 3653 συνέταξε
2814 3588 2995 3642 τοῦτο.
3042 3589 3256 3642 Οὐκοῦν
3300 3586 3521 3641 ἐναντία
3567 3586 3663 3639 καὶ

2083 3682 2427 3736 ἀνακόλουθα
2457 3683 2517 3736 ού
2541 3682 2816 3749 λέγουσιν,
2843 3680 2919 3743 ὡς
2958 3681 3125 3743 αὐτὸς
3157 3680 3185 3731 6
3215 3680 3395 3748 τίμιος
3418 3679 3590 3744 λέγει.

390 3784 467 3837 ta,
502 3771 646 3829 istud
678 3784 786 3823 non
816 3765 1090 3839 adiunxit.
1128 3766 1270 3837 Ergo
1315 3769 1594 3823 contraria
1656 3777 1711 3824 et
1744 3768 1969 3826 minimc
2006 3773 2343 3829 cohaerentia
2374 3788 2483 3829 non
2514 3773 2725 3838 dicunt,
2752 3784 2811 3827 ut
2845 3772 2962 3842 ipse
3018 3773 3108 3827 hic
3166 3771 3516 3827 venerandus
3580 3771 3663 3829 vir

394 3879 491 3925 att.

767 3956 777 3965 '
888 3966 1130 4022 senss.
1193 3967 1366 4039 (CAP.
1396 3966 1515 4035 XI).
1575 3965 1595 3983 “

464 4057 757 4128 Proltterea
784 4059 1057 4130 ejusmodi
1096 4061 1451 4130 periculosas
1499 4074 1663 4115 voces
1696 4060 1765 4114 de
1794 4048 1976 4115 sancti

397 4151 633 4223 Spiritus
659 4152 1015 4223 processione
1050 4153 1264 4219 rejicio.

1002 4240 1369 4298 APOLOGIA.

467 4332 667 4398 Quales
692 4349 855 4390 voces
880 4333 1058 4403 reiicit
1085 4336 1167 4388 vir
1203 4334 1305 4388 iste
1336 4334 1722 4389 honorabilis?
1753 4334 1835 4388 An
1862 4345 1977 4393 eas.

397 4439 518 4492 qua:
551 4424 817 4495 Spiritum
851 4426 1043 4479 dicunt
1066 4429 1340 4495 proprium
1388 4427 1579 4493 ipsius,
1634 4425 1751 4481 Filii
1814 4426 1990 4481 nimia

399 4528 562 4578 rum,
594 4524 648 4569 et
702 4530 767 4567 ea:
821 4514 979 4584 ipso?
1035 4516 1103 4569 At
1172 4525 1333 4570 antea
1398 4515 1828 4571 demonstratum
1881 4527 1990 4585 est,

400 4621 649 4667 sanctam
706 4611 927 4665 tertiam
970 4610 1241 4680 synodum
1285 4624 1395 4663 una
1432 4625 1556 4663 cum
1606 4610 1732 4665 divo
1781 4611 1985 4683 Cyrillo

401 4705 580 4771 potius
617 4703 818 4758 dicere.
856 4707 935 4757 Au
975 4718 1069 4758 eas
1096 4718 1217 4773 quae
1251 4703 1439 4757 dicunt
1466 4717 1531 4755 ea:
1560 4699 1723 4757 Patre
1762 4720 1856 4774 per
1895 4703 1987 4759 Fi-

401 4797 666 4850 lium'lAt
696 4804 751 4851 et
804 4796 939 4852 istas
981 4804 1171 4853 sancta
1224 4795 1564 4850 (acumenica
1624 4799 1855 4864 septima
1889 4813 1983 4867 sy-

403 4892 578 4948 nodus
611 4907 738 4947 cnm
774 4894 1076 4949 Athanasio
1111 4903 1164 4947 et
1213 4893 1417 4949 Basilio
1465 4892 1700 4961 aliisque
1740 4893 1973 4959 sanctis,

400 4987 491 5055 qui
523 4997 653 5040 ante
688 4987 861 5055 ipsam
892 4986 1128 5040 ﬂoruere
1152 5024 1167 5047 .
1225 4985 1578 5055 deprazdicat,
1624 4994 1676 5039 et
1736 4995 1978 5055 postmo-

400 5080 527 5132 dum
559 5078 723 5134 divus
763 5077 1158 5131 Damascenus.
1223 5079 1306 5131 An
1348 5094 1443 5133 eas
1496 5093 1620 5148 quae
1672 5076 1865 5133 dicunt
1912 5093 1979 5131 ex

408 5168 564 5225 Patre
590 5181 637 5226 et
662 5185 725 5225 ea:
751 5167 892 5224 Filio
915 5168 937 5222 ?
963 5169 1029 5223 At
1059 5169 1350 5224 admodum
1386 5168 1534 5224 clare
1574 5184 1667 5237 per
1694 5169 1981 5225 sanctissi-

474 5370 552 5435 (l)
581 5370 720 5423 Mou.
753 5369 791 5424 ί.
830 5369 932 5424 155
960 5384 1015 5427 :t.
1038 5366 1381 5437 ποιήσωμεν.

478 5440 552 5506 (ἓ)
583 5440 672 5508 Μὴ
704 5440 856 5494 deest
884 5443 934 5494 iu
966 5435 1206 5501 Monac};
1232 5435 1429 5491 sensus
1455 5435 1717 5508 tamenitl
1779 5435 1979 5508 poscit.

478 5504 553 5582 (5)
594 5504 671 5562 ’0⁷
690 5510 840 5565 addit
868 5511 1121 5575 Allatius,
1154 5509 1246 5579 qui
1274 5522 1302 5560 a
1336 5508 1516 5561 verbis
1561 5507 1619 5558 El
1647 5506 1694 5557 δ’
1720 5508 1750 5559 6
1776 5504 1985 5570 Φῶτιος

478 5706 553 5779 (α)
580 5704 702 5763 Ηεο
728 5706 983 5776 pericope
1016 5724 1074 5763 ex
1107 5705 1578 5777 Allatiiversione
1602 5701 1760 5757 data.

2014 4378 2059 4435 D

2743 3962 3029 4018 ΕΦΕΣΟΥ.

2155 4057 2254 4111 Διά
2275 4056 2434 4111 τοῦτο
2464 4056 2564 4121 τὰς
2582 4057 2839 4120 τοιαύτας
2873 4054 3251 4116 ἐπικινδύνους
3303 4056 3488 4125 φωνὰς
3537 4056 3667 4127 περὶ

2083 4150 2182 4221 τῆς
2208 4150 2303 4205 τοῦ
2336 4149 2493 4219 ἁγίου
2527 4149 2849 4221 Πνεύματος
2880 4146 3263 4218 ἐκπορεύσεως
3287 4146 3494 4202 ἀθετῶ.

2702 4243 3068 4297 ΑΠΟΛΟΙΊᾹ.

2155 4337 2322 4399 Ποίας
2351 4337 2537 4404 φωνὰς
2565 4333 2750 4390 ἀθετεῖ
2783 4339 2811 4390 6
2858 4334 3043 4404 τίμιος
3089 4333 3245 4397 οὖτος
3277 4349 3293 4401 ;
3333 4333 3432 4397 τὰς
3482 4333 3671 4400 λεγού-

2093 4445 2191 4491 σας
2217 4429 2371 4483 ίὸιον
2396 4431 2606 4496 αὐτοῦ,
2633 4429 2728 4483 τοῦ
2759 4427 2890 4482 Υἱοῦ
2914 4428 3181 4499 δηλονότι,
3218 4429 3311 4481 καὶ
3338 4427 3407 4493 ἐξ
3441 4427 3628 4480 αὑτοῦ
3652 4444 3669 4492 ;

2092 4522 2267 4577 .Ἀλλά
2289 4523 2450 4577 τοῦτο
2487 4523 2974 4593 προαποδέδεικται
3006 4523 3078 4584 ὡς
3107 4524 3140 4593 'l;
3182 4523 3313 4590 ἁγία
3344 4521 3504 4590 τρίτη
3543 4520 3672 4572 σύν-

2091 4614 2209 4677 οδος
2247 4618 2388 4684 μετά
2418 4615 2513 4667 καὶ
2552 4613 2647 4667 τοῦ
2681 4613 2976 4666 θεσπεσίου
3036 4613 3305 4685 Κυρίλλου
3346 4613 3549 4680 μᾶλλον
3589 4610 3674 4661 λέ-

2087 4723 2196 4775 γει.
2236 4706 2400 4761 Ἀλλὰ
2454 4706 2552 4770 τὰς
2608 4704 2678 4758 ἐκ
2732 4707 2963 4773 Πατρός
3015 4703 3089 4757 δι’
3152 4703 3337 4767 Υἱοῦ;
3373 4702 3535 4754 Ἀλλὰ
3582 4700 3676 4751 καὶ

2088 4798 2295 4861 ταύτας
2330 4800 2364 4868 ἠ
2398 4798 2529 4866 ἁγία
2582 4798 2942 4867 οἰκουμενικὴ
3003 4795 3207 4866 ἐδδόμη
3262 4792 3475 4852 σύνοδος
3538 4791 3676 4860 μετὰ

2094 4890 2415 4945 Ἀθανασίου
2461 4892 2554 4942 καὶ
2622 4890 2906 4942 Βασιλείου
2968 4888 3061 4940 καὶ
3120 4886 3294 4937 ἄλλων
3350 4885 3521 4948 ἁγίων
3571 4882 3679 4933 τῶν

2088 4985 2196 5055 πρὸ
2234 4983 2436 5053 ταύτης
2469 4982 2715 5051 θεολογεῖ
2747 4982 2840 5035 καὶ
2868 4984 2924 5043 ἐς
2968 4980 3197 5049 ὕστερον
3227 4979 3255 5029 ό
3293 4977 3436 5040 θεῖος
3492 4978 3679 5045 Δαμα-

2086 5075 2307 5145 σκηνός.
2353 5072 2515 5127 Ἀλλὰ
2542 5073 2637 5126 τὰς
2670 5074 2740 5126 ἐκ
2768 5072 2873 5125 τοῦ
2901 5071 3132 5136 Πατρός
3159 5069 3339 5122 καίέκ
3370 5067 3477 5121 τοῦ
3501 5067 3679 5128 Γλοῦς

2087 5165 2199 5220 Καὶ
2236 5164 2382 5236 μάλα
2420 5164 2637 5233 τρανῶς
2658 5164 2748 5216 διὰ
2780 5161 2872 5216 τοῦ
2918 5159 3066 5234 ῑεροῦ
3102 5162 3197 5214 καὶ
3235 5160 3380 5214 θείου
3422 5158 3697 5233 Μαξίμου

2100 5365 2202 5421 ista
2231 5366 2456 5422 adducit
2487 5372 2680 5421 contra
2713 5355 3066 5435 Greyghton.‘
3091 5378 3146 5434 p.
3184 5361 3316 5420 309.

2170 5436 2244 5509 (4)
2272 5436 2566 5506 Hucusque
2585 5434 2771 5490 Allatii
2799 5434 3080 5507 adlegatio,
3108 5436 3142 5491 Ι.
3179 5450 3230 5489 c.
