3988 6216
426 386 501 441 91
1344 378 1725 444 GREGORII
1765 385 2033 445 MAMM/

2140 386 2223 451 ΞΡ.
2272 381 2779 448 ΡΑΤΒΙΑΒΟΗΒ
3619 372 3693 437 92

440 491 572 543 Acta
614 491 683 545 ab
715 490 950 559 Ephesio
981 492 1263 561 producta,
1292 509 1355 551 ac
1387 497 1433 552 si
1462 506 1647 554 essent
1672 510 1877 556 Octava:
1912 515 2001 571 sy-

2140 501 2336 565 ’ωτίου,
2371 504 2463 555 καὶ
2490 502 2638 562 ὅπως
2668 501 2695 551 ό
2726 496 2984 564 Ἰγνάτιος
3006 491 3310 561 ἐπανῆλθεν
3332 491 3412 552 εἰς
3438 489 3527 541 τὸν
3554 488 3689 543 ἴδιον

441 580 566 632 nodi
592 620 607 644 ,
668 582 1009 651 recipiemus,
1044 584 1119 653 (a)
1149 600 1359 641 necnon
1403 603 1565 659 quam
1616 591 1731 661 ipse
1775 593 2008 662 appellat

2146 594 2300 662 ρόνον
2329 594 2507 663 κρίσει
2532 592 2632 660 τῆς
2664 589 2884 642 συνόδου
2908 605 2921 619 ο
2948 587 3039 639 τὸν
3068 586 3123 638 δὲ
3156 584 3361 637 Φὼτίον
3396 582 3691 650 ἒξώριστονη

439 672 665 728 Joannis
699 689 849 745 papte
896 676 1210 744 epistolam,
1256 679 1380 735 licet
1431 681 1483 735 in
1527 684 1713 738 multis
1754 696 2007 755 suspecta

2140 680 2254 753 ἷχεν
2298 685 2331 754 ἡ
2383 682 2474 736 τοῦ
2511 680 2809 751 Κοσμιδῖου
2845 678 2922 749 (l)
2959 677 3115 746 μονή.
3158 676 3352 742 Ἡμεῖς
3383 672 3440 724 δὲ
3490 672 3583 725 καὶ
3623 672 3690 726 τὰ

441 764 505 816 si:
531 765 629 833 (b),
652 781 717 820 eo
744 767 889 835 quod
919 777 1028 822 tota
1062 770 1116 823 in
1150 770 1409 827 omnibus
1429 773 1617 829 Graece
1645 775 1849 830 dictata
1877 792 1997 832 esse
2024 794 2032 800 '

2140 777 2403 845 Ιρακτικὰ
2433 777 2499 829 τά
2530 776 2686 842 παρὰ
2719 771 2811 824 τοῦ
2855 771 3083 839 Ἐφέσου
3132 764 3585 835 προκομιξόμενα
3615 762 3691 825 ῶς

382 862 391 871 ‘
440 857 955 925 comprehendatur,
980 870 1033 914 et
1072 863 1280 917 nullum
1319 864 1372 917 in
1404 879 1463 920 se
1511 864 1714 922 Latina:
1759 868 2012 925 dictionis

2146 868 2212 935 ἧς
2239 868 2432 937 ὀγδόης
2464 865 2683 919 συνόδου
2725 861 2989 931 δεξόμεθα
3012 876 3025 889 ·
3054 859 3133 912 ἔτι
3161 859 3217 911 δὲ
3259 860 3350 911 καὶ
3375 858 3441 926 ἢν
3493 853 3572 926 (2)
3599 855 3693 907 λι-

443 948 661 1013 genium
724 950 994 1017 praeferat.
1052 951 1117 1005 Et
1166 954 1270 1008 alia
1320 968 1537 1025 quoque
1586 959 1819 1024 ratione,
1870 959 2011 1027 quod

2140 974 2200 1010 ἐι
2228 956 2519 1024 ἐπιστολὴν
2553 954 2646 1006 τοῦ
2680 952 2991 1019 ἀγιωτάτου
3025 949 3226 1002 πάππα
3263 946 3536 1007 Ἰωάννου,
3568 945 3693 997 καί-

442 1039 680 1105 primum
712 1040 763 1094 in
806 1042 907 1095 hac
934 1045 1146 1112 synodo
1179 1055 1304 1100 ante
1346 1046 1450 1099 alia
1489 1049 1673 1102 omnia
1724 1050 2013 1105 lectitanda

2140 1068 2197 1101 ὀι
2228 1066 2292 1113 γε
2331 1048 2466 1100 πολὺ
2523 1048 2584 1100 τὸ
2638 1045 2882 1099 ὕποπτον
2917 1043 3149 1113 ἔχουσαν
3186 1040 3273 1093 διὰ
3306 1038 3366 1091 τὸ
3398 1035 3537 1092 εἶναι
3564 1037 3695 1104 ὅλην

445 1130 659 1195 fuisset,
688 1130 803 1186 'tum
836 1134 1092 1203 deinceps
1140 1139 1461 1206 apponenda
1485 1175 1502 1202 ,
1532 1155 1653 1208 qua:
1699 1140 1895 1194 Pbotio
1933 1156 2017 1196 se-

443 1222 567 1274 dem
619 1221 1283 1293 Constantinopolitauam
1323 1234 1657 1285 astruerent.
1701 1229 1856 1296 Quod
1910 1234 2016 1287 alio

447 1310 607 1365 modo
630 1322 903 1380 peractum
928 1327 1028 1372 est.
1053 1316 1183 1370 Nam
1212 1333 1334 1371 cum
1367 1334 1513 1387 papas
1558 1320 1734 1374 locum
1770 1331 2017 1378 tenentes

446 1402 791 1458 advenissent
811 1417 865 1459 et
893 1405 1085 1462 Photio
1116 1408 1275 1464 datas
1304 1410 1515 1465 litteras
1545 1426 1608 1466 ac
1640 1413 1804 1468 missa
1835 1417 2019 1470 munia

445 1494 871 1561 eonsignassent,
889 1506 943 1552 et
966 1501 1347 1569 omophorium
1380 1512 1431 1558 et
1461 1505 1781 1561 sticitarium
1811 1516 1864 1561 et
1892 1524 2019 1561 san-

447 1584 611 1647 u'alia,
637 1588 785 1640 nullo
814 1590 1068 1644 examine
1093 1594 1313 1659 praevio,
1333 1595 1873 1660 obtulissent,statim
1906 1600 2021 1667 ipse

447 1674 673 1732 letius
696 1694 789 1733 eos
810 1682 1233 1751 excepitetquaa
1264 1684 1329 1738 ad
1368 1690 1543 1753 ipsum
1583 1689 1749 1743 missa
1782 1688 2019 1756 fuerant,

449 1773 507 1816 ut
532 1766 662 1819 Acta
698 1766 942 1835 ejusdem
990 1773 1184 1841 synodi
1214 1783 1598 1830 contestantur
1638 1788 1803 1845 atque
1840 1777 2019 1833 Photii

448 1857 609 1910 verba
632 1858 729 1926 (c):
754 1860 1035 1917 «Christus
1059 1863 1199 1919 Dens
1219 1876 1425 1931 noster,
1451 1869 1543 1937 qui
1564 1871 1764 1924 omium
1791 1872 2025 1928 nubibus

447 1948 862 2017 circumvolvit,
909 1964 1260 2026 nostramque
1305 1969 1592 2026 naturam,
1638 1971 1695 2015 ut
1747 1971 2032 2018 renovaret

447 2051 900 2112 expurgaretque,
923 2046 1028 2099 sibi
1094 2051 1429 2118 assumpsit,
1482 2052 1599 2120 ipse
1658 2052 1879 2108 fratrem
1928 2070 2028 2109 no-

449 2143 624 2186 strum
670 2143 724 2186 et
760 2138 1200 2193 comministrum
1231 2152 1284 2195 et
1312 2143 1649 2211 spiritualem
1674 2144 1887 2201 Patrem
1928 2162 2031 2201 no-

448 2233 619 2277 strutn
661 2235 713 2280 et
746 2227 798 2281 in
833 2232 1085 2298 praesenti
1116 2231 1226 2287 vita
1264 2237 1511 2289 custodia
1548 2246 1658 2291 tuta
1693 2248 1958 2309 protegat,
1979 2250 2033 2293 et

451 2315 503 2366 in
546 2314 730 2369 futuro
755 2321 953 2374 saecqu
987 2325 1215 2391 nuptiali
1245 2325 1563 2382 indumento
1595 2331 2031 2394 circumambiat,

451 2404 786 2478 dignumque
843 2412 1085 2468 caelestis
1132 2416 1279 2471 illius
1330 2418 1553 2472 thalami
1605 2420 1965 2475 demonstret.
2006 2440 2023 2473 ι

453 2494 762 2553 Necessitas
810 2500 993 2571 itaque
1052 2504 1328 2576 flagitabat
1383 2522 1566 2563 coram
1616 2511 1876 2567 omnibus
1908 2512 2029 2581 epi-

454 2588 649 2642 stolam
690 2591 790 2659 legi
843 2606 897 2648 et
940 2595 1243 2665 legatorum
1315 2598 1713 2668 professionem
1768 2604 2028 2673 scriptam

455 2678 661 2749 recipi,‘
681 2693 735 2736 et
761 2684 845 2739 his
877 2689 1114 2753 peractis
1144 2704 1206 2744 ea
1237 2706 1360 2760 qua:
1391 2691 1459 2746 ad
1508 2692 1691 2748 throni
1728 2703 1782 2749 et
1825 2711 2001 2765 praesit
2022 2725 2034 2737 -

457 2768 599 2825 latus
626 2776 1031 2832 restitutionem
1057 2782 1402 2847 pertinebant
1429 2786 1715 2853 compleri.
1738 2785 2030 2845 Nihilomi-

457 2864 559 2918 nus
582 2881 681 2921 nos
707 2869 879 2937 ipsam
914 2878 971 2923 ut
1013 2875 1405 2930 tecumeaicam
1424 2879 1718 2948 recipimus
1771 2898 2031 2952 perquam

458 2957 838 3025 libentissime,
866 2977 965 3018 nec
1000 2978 1109 3018 non
1142 2967 1314 3036 ipsam
1348 2969 1662 3038 epistolam.
1708 2974 1850 3039 Quid
1921 2977 2028 3044 igi-

457 3057 543 3100 tur
563 3063 623 3102 ea
666 3053 1024 3118 pronuntiat?
1052 3074 1070 3107 t
1098 3053 1401 3126 Opinamur
1434 3068 1640 3128 autem,
1677 3079 1853 3134 neque
1876 3077 2024 3123 tuam

2116 1140 2183 1193 δι’
2204 1140 2327 1192 ὅλου
2366 1139 2443 1210 (5)
2480 1139 2804 1207 Ἑλληνικὴν
2834 1136 2937 1204 τὴν
2976 1133 3197 1203 γραφὴν
3228 1132 3322 1184 καὶ
3353 1128 3520 1218 μηδὲν
3549 1127 3694 1197 ἔχειν

2119 1235 2174 1285 ἐν
2227 1235 2390 1301 ἑαυτῇ
2432 1232 2626 1300 ἱδίωμά
2678 1248 2730 1283 τι
2801 1229 2879 1299 (4)
2936 1225 3249 1281 Δατινικόν.
3302 1222 3515 1283 ’Ἄλλως
3546 1238 3605 1272 τε
3638 1221 3697 1271 ὲν

2120 1324 2294 1391 ταύτῃ
2324 1326 2389 1392 τῇ
2427 1322 2634 1391 συνόδῳ
2662 1320 2879 1390 πρῶτον
2907 1317 3140 1386 ὤφειλεν
3174 1314 3310 1382 αὕτη
3346 1311 3698 1379 ἀναγνωσθῆ-

2120 1430 2230 1474 ναι,
2269 1407 2393 1465 εἶτα
2428 1412 2686 1477 δέξασθαι
2716 1411 2808 1462 τὸν
2846 1406 3052 1481 Φώτιον
3088 1406 3157 1457 τὰ
3189 1403 3571 1473 ἐγχειρίζοντα
3600 1400 3698 1468 τὴν

2123 1502 2393 1571 καθέδραν
2446 1499 3101 1559 Κωνσταντινουπόλεως.
3151 1497 3226 1549 Τὸ
3273 1496 3331 1547 δὲ
3382 1494 3480 1563 οὐχ
3526 1492 3697 1553 οὕτως

2123 1596 2340 1663 ἐγένετο
2362 1610 2374 1622 ·
2412 1595 2529 1647 ἀλλ’
2581 1597 2695 1663 ἅμα
2726 1593 2806 1661 τῷ
2840 1591 3254 1661 παραγενέσθαι
3301 1589 3430 1652 τοὺς
3464 1603 3697 1655 τοποτη-

2127 1688 2294 1756 ρητὰς
2325 1686 2419 1739 τοῦ
2453 1686 2655 1739 πάππα
2690 1687 2785 1739 καὶ
2832 1685 2909 1754 τῷ
2946 1684 3134 1751 Φωτίῳ
3187 1682 3412 1750 κομίσαι
3458 1682 3525 1733 τὰ
3572 1697 3699 1732 στα-

2129 1779 2308 1843 λέντα,
2345 1779 2404 1830 τό
2452 1795 2509 1831 τε
2546 1778 2864 1847 ὡμοφόριον
2923 1777 3018 1828 καὶ
3064 1775 3125 1827 τὸ
3160 1774 3441 1843 στιχάριον
3487 1771 3581 1824 καὶ
3631 1772 3700 1823 τά

2135 1869 2387 1921 σανδάλια
2418 1869 2691 1938 μηδεμιᾶς
2712 1866 3177 1937 προηγησαμένης
3202 1866 3520 1932 ἐξετάσεως,
3540 1864 3701 1925 εὐθὺς

2133 1963 2160 2013 ό
2189 1960 2393 2022 Φὼτιος
2426 1960 2671 2013 δέδεκται
2706 1960 2908 2022 αὐτοὺς
2939 1960 3035 2013 καὶ
3064 1960 3132 2011 τὰ
3167 1957 3496 2027 κομισθέντα
3527 1954 3700 2025 αὐτῷ,

2132 2051 2209 2113 ῶς
2243 2051 2311 2103 τά
2347 2052 2637 2121 Πρακτικὰ
2683 2053 2783 2118 τῆς
2831 2049 3051 2103 συνόδου
3102 2047 3308 2116 ταύτης
3364 2046 3703 2116 μαρτυροῦσι

2135 2145 2227 2197 καὶ
2269 2147 2353 2210 τὺ,
2392 2164 2411 2197 t
2459 2144 2698 2216 Χριστὸς
2730 2146 2757 2197 ό
2791 2143 2925 2207 Θεὸς
2954 2143 3136 2213 ἡμῶν,
3170 2144 3364 2203 εἰπεῖν,
3399 2144 3427 2193 ό
3455 2139 3705 2207 νεφέλαις

2134 2238 2225 2291 τὸν
2282 2240 2515 2309 οὐρανὸν
2572 2237 2918 2306 περιϐάλλων
2969 2235 3065 2287 καὶ
3099 2234 3198 2305 τὴν
3230 2232 3505 2303 ἡμετέραν
3540 2230 3706 2299 φύσιν

2135 2328 2511 2397 ἀναχωνεῦσαι
2566 2328 2657 2386 καὶ
2686 2327 2925 2397 καθᾶραι
2961 2326 3038 2398 (5)
3072 2324 3474 2392 στολισάμενος,
3542 2319 3707 2382 αὐτὸς

2135 2420 2226 2472 τὸν
2250 2421 2475 2489 ἀδελφὸν
2502 2422 2596 2473 καὶ
2621 2421 3039 2490 συλλειτουργὸν
3070 2420 3161 2472 καὶ
3190 2417 3558 2489 πνευματικὸν
3591 2416 3707 2467 Πα-

2132 2512 2267 2580 τέρα
2296 2512 2477 2583 ήμῶν,
2510 2515 2607 2567 καὶ
2636 2514 2694 2566 ἓν
2727 2514 2803 2582 τῷ
2831 2512 3062 2582 παρόντι
3096 2511 3195 2582 βίῳ
3228 2510 3474 2579 φρουρὰν
3504 2507 3706 2562 ἄσυλον

2136 2606 2233 2658 καὶ
2288 2606 2565 2675 σωτηρίαν
2618 2604 2839 2674 ἀσφαλῆ
2895 2603 3163 2665 στολίσαι,
3193 2603 3295 2656 κάν
3322 2600 3401 2671 τῷ
3457 2599 3705 2669 μελλόντι

2136 2697 2291 2749 αἰῶνι
2339 2696 2430 2750 τὸν
2479 2696 2749 2765 νυμφικόν
2804 2695 3130 2769 περιϐάλλοι
3166 2694 3366 2764 χιτῶνα
3409 2694 3559 2756 ἄξιον
3614 2692 3707 2745 τοῦ

2138 2789 2408 2859 μακαρίου
2452 2788 2663 2842 ἐκείνου
2700 2789 2991 2859 νυμφῶνος
3025 2786 3296 2851 ἀναδεῖξαι
3328 2785 3429 2858 (6).
3471 2805 3488 2836 ι
3558 2785 3705 2837 Ἔδει

2135 2880 2229 2935 οὖν
2272 2882 2536 2951 πρότερον
2581 2882 2637 2934 ὲν
2672 2880 2833 2950 κοινῷ
2884 2882 2963 2951 (7)
3016 2879 3333 2947 ἀναγνῶναι
3362 2880 3460 2949 τὴν
3490 2879 3708 2931 ἐπιστο-

2133 2974 2232 3044 λὴν
2263 2973 2358 3028 καὶ
2387 2974 2485 3043 τὴν
2516 2974 2813 3044 ὁμολογίαν
2838 2975 2948 3028 τῶν
2977 2972 3263 3043 πρέσϐειον
3298 2972 3576 3042 ἔγγραφον
3607 2970 3708 3023 λαο

2138 3066 2278 3132 ϐεῖν,
2302 3068 2393 3119 καὶ
2416 3066 2556 3120 οὕτω
2576 3069 2645 3119 τά
2660 3067 2762 3135 τὴν
2787 3065 2882 3119 τοῦ
2916 3066 3107 3134 θρόνου
3131 3066 3225 3118 καὶ
3253 3066 3350 3133 τῆς
3373 3061 3712 3134 ἀρχιερωσύ-

454 3144 801 3199 sanctitatem
878 3146 1168 3225 ignorare,
1249 3160 1511 3223 tanquam
1601 3169 1722 3224 quae
1798 3160 2033 3228 prudens

2140 3174 2235 3227 νης
2260 3158 2434 3226 ἀνακή
2445 3158 2594 3227 ρυξιν
2614 3157 2876 3227 δηλοῦντα
2899 3156 3179 3221 δέξασθαι.
3224 3156 3416 3224 Ὅμως
3437 3172 3500 3223 γε
3529 3154 3711 3223 μέντοι

454 3242 508 3285 et
556 3235 712 3301 plena
752 3237 1019 3308 sapientia
1054 3251 1180 3307 est,
1219 3259 1319 3299 nos
1369 3247 1612 3315 reliquos
1650 3258 1868 3305 nostros
1920 3254 2038 3322 epi-

458 3340 655 3393 scopos
680 3329 744 3381 ad
764 3332 835 3382 ita
864 3334 1215 3387 sentiendum
1239 3336 1457 3406 adigere
1495 3339 1741 3396 volentes
1797 3357 1905 3396 non
1935 3344 2038 3398 levi

460 3418 726 3487 implicari
766 3421 1110 3491 difﬁcultate,
1145 3427 1288 3496 quod
1334 3444 1446 3484 rem
1484 3431 1622 3486 adeo
1672 3432 1912 3489 divinam
1963 3435 2039 3489 ita

460 3514 752 3582 derepente
811 3516 1104 3574 immutare
1174 3521 1315 3574 haud
1384 3521 1540 3578 facile
1600 3523 1833 3579 valuerit
1888 3526 2042 3595 quis-

460 3606 667 3674 quamf,
703 3606 826 3661 licet
848 3622 943 3677 per
972 3608 1133 3666 breve
1166 3620 1380 3680 tempus
1410 3613 1538 3667 illud
1571 3613 1784 3669 initium
1818 3622 2039 3687 ceperit,

465 3713 566 3753 nec
596 3699 890 3754 multorum
923 3716 1193 3756 annorum
1248 3706 1426 3773 spatio
1458 3704 1773 3761 firmitatem
1788 3711 2041 3769 obtinue-

466 3794 556 3846 rit.
583 3795 882 3863 Propterea
914 3796 1074 3875 nobis
1100 3798 1234 3852 bene
1265 3798 1443 3854 visum
1480 3807 1586 3863 est,
1629 3818 1695 3856 ne
1723 3805 1846 3871 quis
1918 3807 1967 3858 vi
2013 3820 2042 3859 a

468 3886 628 3941 nobis
663 3887 972 3943 adducatur
1022 3889 1289 3945 desistere
1321 3891 1390 3945 ab
1451 3892 1845 3960 additamento,
1900 3898 2041 3966 quod

468 3980 523 4032 in
547 3979 795 4050 symbolo
821 3978 935 4050 jam
974 3982 1250 4051 apposuit,
1283 3982 1377 4038 sed
1410 3983 1593 4052 potius
1625 4001 1752 4040 eum
1810 3990 2042 4057 pruden-

470 4073 540 4125 tia
566 4087 877 4141 prasparare
933 4074 1192 4141 paulatim
1248 4073 1601 4132 adhortantes
1646 4079 2041 4149 blasphemiam

468 4163 747 4232 abiurare.
793 4165 1005 4219 Pascite
1031 4167 1169 4218 enim
1194 4182 1399 4236 gregem
1433 4170 1525 4237 qui
1552 4170 1606 4221 in
1632 4171 1774 4223 vobis
1807 4182 1907 4235 est,
1941 4190 2044 4226 non

466 4258 742 4320 vio!euter,
796 4257 887 4311 sed
918 4259 1124 4322 leniter,
1163 4274 1324 4327 neque
1362 4260 1612 4314 uti.clero
1653 4264 2045 4331 prwdominan-

469 4361 569 4411 tes,
605 4350 698 4403 sed
731 4351 907 4420 [arma
968 4353 1140 4419 gregis
1182 4361 1231 4403 et
1286 4353 1610 4421 exenaplaria
1679 4355 1832 4422 facti,
1896 4373 2044 4411 sum-

477 4457 599 4495 mus
626 4444 1004 4509 apostolorum
1066 4444 1321 4511 princeps
1378 4444 1572 4499 Petrus
1618 4446 1857 4511 diccbat,
1908 4466 1926 4497 ι
1991 4456 2045 4502 et

2142 3253 2304 3323 ἡμεῖς
2336 3252 2412 3315 ὡς
2442 3251 2835 3321 οἱκουμενικὴν
2870 3250 3087 3304 σύνοδον
3119 3250 3292 3319 αὐτὴν
3324 3248 3591 3318 δεξόμεθα
3613 3247 3713 3300 ἁσ-

2144 3346 2468 3414 μενέστατα,
2494 3344 2756 3404 ὡσαύτως
2788 3342 2866 3410 (8)
2895 3343 2991 3395 καὶ
3020 3341 3119 3409 τὴν
3147 3340 3459 3409 ἐπιστολήν.
3531 3339 3598 3392 Τί
3618 3337 3713 3391 οὖν

2143 3452 2309 3505 φησιν
2344 3432 2521 3504 abst];
2579 3452 2598 3485 ι
2643 3434 2885 3502 Οὶόμεθα
2913 3432 2970 3485 δὲ
3008 3432 3144 3503 μηδὲ
3174 3433 3271 3501 τὴν
3306 3430 3404 3499 σὴν
3460 3430 3716 3499 ἱερότητα

2142 3528 2355 3596 ἀγνοεῖν
2392 3528 2467 3591 ὡς
2525 3523 2691 3580 οὖσαν
2732 3526 2959 3595 νουνίχῆ
2996 3542 3054 3577 τε
3107 3527 3201 3576 καὶ
3257 3523 3438 3591 πλήρη
3497 3521 3714 3589 σοφίας,

2142 3618 2224 3672 ὅτι
2270 3634 2328 3670 τε
2382 3618 2507 3679 τοὺς
2556 3614 2779 3678 λοιποὺς
2836 3614 2994 3684 ἡμῶν
3050 3613 3384 3674 ἐπισκόπους
3437 3612 3717 3664 καταπεῖ-

2145 3728 2233 3763 σαι
2265 3708 2408 3762 οὕτω
2443 3708 2662 3776 φρονεῖν
2719 3711 2799 3772 είς
2850 3705 3174 3778 δυσχέρειαν
3234 3706 3365 3773 ἡμῖν
3412 3702 3473 3755 ού
3514 3703 3718 3771 μικρὰν

2146 3804 2431 3873 ἐμπίπτει,
2477 3803 2557 3855 ὅτι
2607 3801 2840 3872 πρᾶγμά
2881 3818 2936 3854 τι
2990 3798 3267 3868 θειότερον
3315 3796 3460 3849 οὕτω
3504 3795 3717 3864 ταχέως

2147 3894 2476 3964 μεταϐαλεῖν
2530 3893 2709 3954 ούδεὶς
2760 3892 2826 3944 ἂν
2883 3891 3121 3952 εὐκόλως
3184 3886 3466 3958 δυνηθείη,
3523 3887 3572 3938 εἰ
3621 3887 3720 3938 καὶ

2148 3987 2341 4057 βραχεῖ
2394 3986 2571 4055 χρόνῳ
2629 3984 2729 4052 τὴν
2785 3982 3005 4053 ἐναρξιν
3062 3982 3275 4049 εἴληφε,
3330 3982 3426 4033 καὶ
3455 3980 3557 4031 οὐκ
3600 3977 3719 4028 ἐστι

2147 4077 2431 4146 παγιωθὲν
2486 4079 2546 4128 ὲκ
2595 4076 2811 4129 πολλῶν
2887 4074 3176 4130 ἐνιαυτῶν.
3238 4073 3348 4126 Καὶ
3408 4070 3494 4123 διὰ
3547 4069 3721 4124 ταῦτα

2146 4168 2330 4231 καλῶς
2364 4168 2543 4232 ἔδοξεν
2583 4169 2737 4239 ἡμῖν,
2777 4166 2864 4218 ἵνα
2925 4165 2999 4237 μὴ
3039 4165 3178 4235 μετὰ
3232 4161 3353 4233 βίας
3400 4159 3718 4229 ἀναγκασθῇ

2144 4277 2229 4323 τις
2283 4260 2415 4328 παρ’
2468 4260 2627 4327 ἡμῶν
2678 4259 2836 4311 ὲᾶσαι
2911 4257 3009 4328 τὴν
3060 4256 3401 4325 προσθήκην,
3452 4255 3517 4324 ἢν
3554 4250 3719 4319 ἑφθα-

2148 4369 2240 4405 σεν
2292 4352 2369 4422 (9)
2427 4353 2483 4403 ὲν
2510 4351 2587 4419 τῷ
2642 4349 2895 4418 συμϐόλῳ
2947 4349 3229 4417 προθεῖναι
3259 4362 3272 4378 ·
3350 4346 3489 4399 ἀλλὰ
3525 4343 3724 4412 μᾶλλον

2153 4443 2290 4511 μετὰ
2313 4442 2630 4511 οἰκονομίας
2662 4440 3091 4510 παρασκευάσαι
3124 4437 3267 4491 κατὰ
3324 4434 3497 4505 βραχὺ
3530 4449 3727 4503 παραι-

470 4540 686 4585 cmtera.
727 4534 788 4586 Et
822 4533 939 4588 bsic
979 4535 1143 4588 verba
1178 4551 1242 4588 ex
1282 4536 1525 4604 Epistula
1580 4547 1833 4605 execrpta
1884 4548 2033 4592 sunt.

2152 4534 2384 4597 νοῦντας
2429 4534 2735 4601 ἀποστῆναι
2805 4531 2904 4599 τῆς
2960 4530 3329 4601 βλασφημίας.
3379 4527 3726 4595 Ποιμαίνετε

470 4625 604 4689 Quis
634 4639 799 4693 porro
822 4640 930 4677 non
958 4625 1152 4686 audiit,
1177 4643 1204 4679 a
1241 4626 1446 4680 Latinis
1494 4629 1674 4696 potius
1727 4644 1820 4695 per
1865 4630 2042 4698 ignem

469 4717 776 4769 desertores
833 4715 955 4770 fidei
998 4715 1015 4779 (
1053 4716 1191 4769 tnale
1244 4716 1566 4783 sentientes)
1623 4719 1879 4784 probari?
1924 4722 2042 4784 Qua

471 4811 680 4864 ratione
706 4807 965 4878 (Joannes
990 4815 1148 4878 papa)
1180 4810 1258 4864 sic
1284 4820 1494 4864 rectam
1551 4809 1712 4864 fidem
1773 4810 2042 4867 violantes

542 5005 616 5069 (ι)
661 5004 827 5078 Mon.,
868 5009 1168 5075 Κοσμοδὶου
1200 5010 1358 5078 μονή.
1402 5005 1701 5076 Hucusque
1723 5006 1887 5078 Allat.
1922 5008 1958 5061 l.
1989 5023 2040 5061 c.

541 5079 617 5147 (‘2)
660 5077 825 5147 Motu,
865 5080 903 5130 f.
936 5080 1036 5133 138
1058 5096 1109 5144 a,
1137 5077 1217 5131 ἐτι
1241 5080 1295 5131 δὲ
1325 5080 1414 5147 ἦν.
1456 5078 1648 5143 Mare,
1682 5077 1841 5131 f.927
1878 5079 1933 5139 ι),
1967 5079 2044 5129 ἔτι

470 5152 526 5203 δὲ
548 5144 651 5202 ’κάκ
670 5144 759 5221 ἦν.
789 5150 952 5202 Allat.
994 5160 1050 5204 ut
1078 5166 1269 5218 supra,
1294 5144 1387 5218 qui
1428 5151 1541 5203 haec
1566 5148 1776 5217 profert
1807 5164 1893 5216 up.
1924 5150 2043 5213 cit.,

472 5240 524 5289 ιν.
555 5222 659 5275 237
690 5236 807 5289 seq.

546 5293 620 5361 (ὅ)
655 5290 797 5361 Matt.
811 5330 823 5353 ,
854 5290 1051 5345 διόλου,

545 5360 623 5431 (4)
660 5360 851 5423 Μαῖα,
888 5361 1168 5431 ἰδιώματι.

549 5428 625 5505 (5)
654 5432 826 5497 Mon.,
855 5428 1211 5500 ἁναχονεῦσαι
1244 5429 1337 5483 καὶ
1371 5428 1665 5497 καθάρσαι.

547 5620 620 5693 (ιι)
652 5618 950 5693 Bcnignius
970 5623 1034 5693 ft
1062 5614 1246 5693 mitius
1282 5613 1524 5684 loquitur
1556 5618 1750 5693 auctor
1781 5624 1945 5693 agens
1982 5606 2050 5693 de

477 5679 924 5762 pseudo-synodo
968 5685 1251 5751 Photiaua,
1281 5679 1403 5756 quin
1438 5685 1666 5737 otnuino
1703 5679 2038 5748 explodenda

479 5773 631 5901 LSt(li)
669 5831 828 5887 Certe
853 5830 1259 5899 supposititiam
1294 5835 1346 5885 et
1374 5826 1614 5897 spuriam
1639 5840 1757 5882 eam
1793 5838 1909 5877 esse
1932 5835 2044 5875 om-

2151 4627 2257 4695 γὰρ
2284 4626 2346 4678 τὸ
2385 4626 2454 4678 ἐν
2492 4624 2635 4692 ὑμῖν
2666 4625 2968 4691 ποίμνιον,
3012 4626 3121 4677 οὐκ
3152 4617 3548 4690 ἀναγκαστῶς
3579 4619 3726 4685 (10),

2152 4718 2292 4772 ἀλλ’
2319 4715 2614 4781 ἐπιεικῶς,
2645 4714 2773 4769 οὐδ’
2788 4716 2869 4781 ὡς
2900 4713 3437 4780 κατακυριεύοντες
3459 4710 3564 4763 τοῦ
3582 4706 3731 4775 κλή-

2144 4828 2283 4880 ρου,
2332 4809 2469 4863 ἀλλ’
2502 4808 2580 4873 ὠς
2615 4808 2787 4861 τύποι
2817 4805 3155 4875 γενόμενοι,
3188 4805 3215 4856 ό
3244 4801 3411 4877 ἄκρος
3449 4800 3558 4852 τῶν
3590 4800 3727 4852 ἀπο-

2220 5008 2299 5077 (6)
2340 5008 2515 5062 Photii
2568 5010 2735 5062 verba
2795 5008 2848 5061 in
2900 5016 3007 5061 act.
3064 5003 3082 5065 1
3140 4998 3359 5058 concilii
3416 4998 3513 5052 cit.
3552 4996 3731 5051 Mansl

2151 5079 2312 5154 ΧῩΠι
2349 5095 2403 5154 P_-
2443 5078 2703 5154 590-5??-
2736 5148 2746 5154 .
3174 5142 3185 5154 .

2222 5139 2311 5219 (7)
2349 5139 2438 5203 Ἕν
2469 5148 2631 5217 κοινῷ
2662 5148 2824 5202 habet
2844 5146 3037 5219 rAﬁllat.,
3080 5142 3268 5219 omitt.
3294 5139 3514 5219 Aleuae.

2221 5211 2297 5286 (8)
2340 5211 2616 5280 Ὡσαύτως
2650 5219 2811 5271 habet
2839 5218 3010 5277 Mon.,
3038 5216 3218 5269 omitt.
3244 5211 3409 5264 Allat.

2223 5292 2298 5364 (Si)
2334 5292 2423 5364 Sic
2459 5292 2619 5364 A_l_lat.
2656 5288 2826 5364 Lion"
2864 5286 3126 5364 ἔφθασαν.
3257 5353 3282 5364 α

2225 5358 2334 5433 (10)
2370 5362 2459 5415 Sic
2486 5358 2627 5413 Moti.
2661 5359 2825 5415 Allat.
2852 5396 2867 5422 ,
2896 5358 3343 5424 ἁναγκαστικῶς.

2149 5605 2252 5691 iunia
2301 5604 2555 5691 probannnt.
2609 5599 2738 5655 Vide
2784 5600 2993 5654 Patrol.
3043 5595 3163 5662 Gr.,
3214 5609 3322 5651 ser.
3375 5593 3422 5657 l,
3460 5602 3495 5643 t.
3532 5589 3643 5653 Cll,
3679 5608 3731 5659 p.

2149 5677 2273 5738 582,
2304 5673 2424 5729 not.
2461 5673 2547 5727 89.
3311 5738 3320 5749 '
3370 5736 3379 5746 .
3630 5733 3639 5743 ι

2162 5819 2185 5821 ι
2226 5751 2295 5817 (ε)
2328 5746 2501 5799 Aliter
2551 5743 2783 5821 Allatius
2820 5741 2868 5821 ι..
2891 5758 2965 5805 c.,
2995 5756 3044 5810 p.
3075 5739 3179 5794 259
3210 5756 3221 5794 :
3259 5737 3590 5806 Dixisselque
3623 5732 3729 5787 ille.

2158 5815 2315 5873 liccs'.
2350 5826 2533 5871 tamen
2566 5818 2612 5872 ei
2646 5815 2924 5885 apodosis.
3722 5842 3729 5847 .
