3988 6216
343 259 443 317 105
1617 256 1914 318 CONTRA

2045 257 2228 318 'IlESl
2247 257 2379 318 ΗΜ.
2957 263 2960 266 ’
3489 262 3590 329 106

338 373 560 441 μένοιςς
607 369 903 439 Ἦγνὸησεν
932 373 960 424 δ
994 372 1135 436 θεῖος
1162 373 1414 443 Μάξιμος
1448 374 1576 438 τοὺς
1611 377 1794 444 ὄρους,
1828 377 1913 429 ἵνα

2077 379 2331 432 Attamen
2391 375 2614 428 omnino
2668 373 2979 430 addidistis.
3024 394 3042 426 ι
3093 374 3319 430 Orthod.
3377 394 3389 430 :
3441 395 3457 427 ι
3511 377 3587 431 Ea

331 466 404 517 δι’
431 463 615 517 αὐτῶν
646 463 922 534 άπελέγξῃ
966 464 1169 534 μᾶλλον
1199 465 1290 518 τὸν
1323 468 1397 536 μὴ
1431 468 1612 530 καλῶς
1649 469 1912 534 λέγοντα;

333 555 646 625 υὺδαμῶςο
679 554 789 607 οἶδε
833 556 943 622 γὰρ
987 556 1081 609 καὶ
1137 557 1299 620 αὐτὸς
1347 559 1445 628 τὴν
1497 560 1774 627 ἀπόφασιν
1820 561 1919 627 τῆς

338 652 494 720 ἱερᾶς
527 649 622 703 καὶ
648 647 812 715 ἁγίας
859 649 1132 718 τετάρτης
1170 650 1414 716 συνόδου,
1443 651 1626 713 καθὼς
1661 651 1922 723 περιέχε-

333 758 432 793 ται
460 742 518 792 ἐν
549 739 626 808 τῷ
661 737 1104 808 προσφωνητικῷ
1134 737 1212 806 τῷ
1239 739 1374 808 πρὸς
1420 743 1512 793 τὸν
1560 741 1785 811 βασιλέα
1822 745 1920 814 (l),

334 829 486 884 οὕτω
518 830 918 894 θεσπίζουσαν·
960 848 978 882 ι
1021 831 1082 882 Εἰ
1117 831 1174 884 δέ
1208 849 1291 892 τις
1334 832 1500 901 μέχρι
1550 833 1740 887 τούτου
1793 837 1923 904 στῆ-

335 940 433 976 ναι
481 924 596 984 τοῖς
643 921 721 990 (2)
763 921 944 975 πίστει
981 924 1300 991 συνηγορεῖν
1348 923 1697 991 βουλομένοις
1754 942 1926 994 προσ-

338 1014 530 1066 τάττει
570 1015 670 1082 τὴν
725 1013 951 1078 ἄδειαν,
1016 1013 1254 1083 μάλιστα
1315 1015 1412 1083 μὲν
1463 1016 1577 1077 τοῖς
1630 1016 1925 1083 αἱρετικοῖς

339 1105 506 1158 τοῦτο
557 1103 923 1174 νομοθετείτω
951 1103 1012 1158 τὸ
1063 1105 1432 1174 πρόσταγμα·
1463 1105 1710 1166 ἐκείνους
1742 1107 1925 1177 παύσῃ

340 1196 447 1264 τῆς
498 1199 741 1262 ἀδικίας,
787 1197 860 1267 μὴ
914 1199 1041 1260 τοὺς
1097 1197 1366 1266 ποιμένας
1421 1198 1516 1266 τῆς
1565 1197 1926 1268 ἀντιλήψεως.

346 1289 465 1350 Πᾶς
495 1287 598 1356 γὰρ
627 1287 795 1355 νόμος
825 1289 940 1348 τοῖς
971 1289 1228 1357 πονηροῖς
1253 1287 1589 1356 ἀπαγορεύει
1623 1288 1720 1357 τὴν
1748 1289 1930 1357 ἀμαρ-

2023 486 2144 538 quae
2169 477 2300 524 tunc
2327 485 2434 522 non
2491 468 2544 521 in
2605 468 2966 536 qnzestionem
3021 476 3305 532 venerant,
3348 483 3411 521 ea
3445 484 3591 521 nunc

2023 561 2212 616 Patres
2271 561 2356 630 pie
2414 561 2871 630 explanaverunt.
2907 577 2926 611 ι
2965 558 3106 625 Quid
3159 560 3323 630 igitur
3351 559 3493 614 dicet
3525 561 3593 613 de

2026 653 2110 705 his
2136 651 2337 706 dictis?
2367 651 2448 704 An
2484 653 2755 720 ignoravit
2800 651 2963 705 divus
3018 650 3284 704 Maximus
3316 651 3594 705 definitio-

2028 757 2148 804 nes,
2181 751 2237 795 ut
2268 743 2465 796 exinde
2503 743 2674 810 magis
2725 741 2991 796 refutaret
3031 757 3154 796 eum
3189 742 3279 812 qui
3321 759 3425 795 non
3459 743 3598 795 bene

2029 837 2396 906 loquebatur?
2432 835 2588 889 Nullo
2634 836 2816 889 modo.
2853 833 3014 888 Novit
3044 835 3190 888 enim
3224 842 3278 887 et
3308 834 3425 902 ipse
3457 849 3596 901 prie-

2029 928 2355 983 dicationem
2389 938 2754 982 sacrosancta:
2827 936 3036 997 quarta
3087 926 3300 992 synodi,
3338 925 3600 996 quemad-

2032 1022 2248 1074 modum
2280 1020 2594 1073 continetur
2641 1020 2694 1071 in
2748 1017 3149 1073 acclamatione
3193 1017 3258 1070 ad
3297 1016 3596 1086 imperato-

2031 1126 2169 1173 rem,
2223 1125 2342 1180 quae
2403 1111 2474 1164 ita
2535 1110 2765 1164 sancit:
2822 1127 2840 1160 ι
2885 1107 2942 1162 Si
2990 1109 3112 1178 quis
3163 1119 3344 1162 autem
3414 1117 3602 1163 censet

2033 1201 2315 1271 hucusque
2345 1201 2764 1257 consistendum
2821 1201 2930 1254 illis
2982 1215 3130 1261 esse.
3189 1201 3280 1268 qui
3314 1198 3472 1252 fidem
3505 1215 3602 1266 pro

2033 1289 2290 1345 facultate
2339 1292 2632 1346 defendere
2677 1291 2926 1362 cupiunt,
2979 1290 3213 1346 maxime
3243 1289 3461 1360 quidem
3501 1289 3602 1341 hoc

345 1381 494 1441 τίαν,
528 1381 589 1430 οὐ
627 1381 754 1441 τοὺς
791 1379 988 1448 κριτάς
1037 1379 1292 1448 ἀπείργει
1341 1380 1442 1448 τῆς
1493 1377 1764 1444 ἐξουσίας.
1798 1378 1930 1431 Ἀλ-

2045 1385 2363 1448 przeceptum
2401 1379 2676 1434 haireticis
2705 1379 3052 1449 promulgare
3097 1378 3347 1445 debebit;
3381 1377 3504 1432 illos
3537 1377 3636 1429 ab‘

345 1469 455 1529 λως
487 1485 544 1520 τε
580 1467 1028 1535 μανθανέτωσαν,
1051 1467 1126 1529 ὡς
1155 1469 1247 1520 καὶ
1278 1467 1371 1520 νῦν
1403 1468 1614 1534 ἔξεστιν
1644 1468 1931 1537 ἀμφισϐη-

351 1559 565 1630 τήσεως
614 1558 956 1628 ἁναφυείσης
997 1559 1117 1621 ταῖς
1163 1558 1272 1611 τῶν
1310 1559 1567 1629 Πατέρων
1615 1560 1933 1639 ἐρμηνείαις

355 1651 456 1718 τὴν
512 1651 794 1720 ἡμετέραν
848 1649 1244 1702 ἐπισυνάπτειν
1313 1649 1643 1719 ὁμολογίαν,
1703 1651 1778 1710 ὡς
1832 1651 1934 1702 οὐκ

358 1743 564 1812 ἀπᾷδον
611 1742 708 1808 τῆς
760 1740 992 1793 ἐκείνων
1043 1740 1286 1802 διανοίας
1339 1739 1766 1810 ἐπιδεικνύμεθα
1805 1740 1932 1812 φρό-
1966 1715 2007 1771 Β

362 1850 536 1902 νημα.
579 1850 598 1884 ι
644 1831 834 1901 Ἡμεῖς
879 1831 1136 1884 τοσοῦτον
1161 1831 1410 1902 ἔγνωμεν
1444 1833 1508 1885 ἐκ
1538 1831 1646 1884 τῶν
1675 1833 1934 1902 Πατὲρων

368 1926 430 1978 τδ
455 1925 742 1993 διάταγμα.
775 1924 886 1976 Καὶ
911 1922 1080 1986 οὕτως
1107 1924 1415 1992 φρονοῦμεν
1451 1923 1933 1987 ἐξακολουθοῦντες

365 2020 476 2079 τοῖς
535 2016 639 2069 ὑπὸ
699 2015 810 2068 τῶν
869 2015 1042 2082 ἁγίων
1094 2014 1432 2084 εἰρημένοις,
1467 2013 1633 2082 μηδὲν
1687 2014 1793 2080 ἔξω
1825 2013 1934 2067 τῶν

361 2107 816 2178 παραδεδομένων
863 2107 997 2177 ἡμῖν
1035 2104 1314 2167 ποιοῦντες
1348 2105 1593 2176 (δηλοῦσι
1641 2106 1752 2175 γὰρ
1777 2107 1844 2158 τὰ
1877 2107 1935 2156 ἐν

361 2202 514 2271 πάσῃ
551 2202 618 2269 τῇ
671 2199 931 2271 ὁμολογίᾳ
983 2198 1460 2268 άπολελογημένα,
1501 2197 1574 2260 ὡς
1606 2197 1752 2252 ἅπαν
1785 2197 1814 2250 ὃ
1847 2198 1937 2250 λέ-

359 2309 533 2361 γομεν
568 2295 669 2346 ούκ
705 2295 767 2346 ἐκ
795 2293 886 2346 τοῦ
917 2293 1189 2364 ἡμετέρου
1235 2293 1588 2360 φρονήματός
1617 2295 1788 2356 ἐστιν,
1817 2289 1932 2344 ἀλλ’

363 2388 428 2438 ἐκ
459 2388 552 2455 τῆς
589 2386 696 2438 τῶν
727 2385 997 2460 θεολόγων
1049 2386 1142 2437 καὶ
1175 2385 1348 2449 ἁγίων
1383 2384 1646 2452 Πατέρων
1672 2382 1936 2437 διδασκα-

368 2478 543 2548 λίας)·
593 2478 768 2547 μηδὲν.
997 2494 1051 2530 τι
1102 2479 1322 2546 φρονεῖν
1377 2476 1674 2542 ἐθέλοντες,
1707 2476 1739 2546 ἢ
1780 2477 1852 2539 ὡς
1885 2477 1936 2530 οι

363 2543 1078 2638 τρια-μακάριοιίῐίατέρες
1114 2543 1222 2618 οιαὶ
1282 2565 1594 2619 διδάσκαλοι
1655 2543 1754 2636 τῆς
1816 2567 1937 2620 Ἐκ-

2035 1470 2222 1539 iniqua
2273 1472 2683 1541 impugnatione
2743 1486 3054 1533 removens.
3116 1487 3224 1526 non
3287 1455 3636 1526 avertensa'.

2037 1561 2380 1630 protectione
2451 1574 2721 1630 pastores.
2780 1562 2972 1619 Omnis
3032 1563 3178 1619 enim
3224 1562 3306 1618 lex
3337 1561 3604 1631 improbis

2037 1654 2353 1710 hominibus
2385 1655 2588 1709 delicta
2639 1655 2910 1725 prohibet,
2938 1671 3045 1709 non
3089 1655 3372 1725 judicibus
3417 1653 3608 1707 adimit

2040 1752 2387 1816 potestatem.
2423 1745 2574 1801 Alias
2618 1758 2797 1800 autem
2849 1747 3174 1810 doceantur,
3210 1760 3356 1800 nunc
3388 1758 3608 1813 quoque

2039 1836 2222 1898 licere,
2267 1843 2326 1890 ut
2382 1837 2739 1908 ambiguitate
2786 1845 2977 1892 exorta
3031 1834 3256 1890 Patrum
3283 1835 3609 1904 interpret:-

2039 1927 2281 1980 tionibus
2314 1935 2554 1981 nostram
2592 1928 2964 1998 adiungamus
2997 1928 3433 1992 confessionem,
3483 1933 3603 1978 tan-

2037 2032 2200 2088 quam
2232 2019 2328 2088 qui
2380 2019 2435 2072 in
2469 2019 2619 2073 nullo
2659 2020 2968 2074 discordem
3019 2018 3386 2088 intelligentize
3416 2033 3606 2071 eorum

2039 2105 2338 2160 deferimus
2362 2107 2713 2162 sententiam.
2746 2127 2764 2159 ι
2797 2109 2910 2161 Nos
2937 2107 2989 2161 in
3017 2116 3227 2161 tantum
3250 2108 3609 2178 cognovimus

2041 2210 2109 2250 ex
2145 2196 2402 2252 Patribus
2442 2209 2799 2268 praeceptum.
2840 2199 2908 2254 Et
2956 2199 3039 2255 sic
3078 2214 3179 2254 nos
3223 2198 3486 2254 sentimus
3519 2211 3609 2252 se-

2043 2299 2278 2361 quentes
2307 2291 2454 2344 dieta
2489 2300 2833 2356 sanctorum,
2865 2292 3000 2345 nihil
3039 2300 3236 2361 praeter
3266 2306 3326 2345 ea
3357 2305 3476 2360 qua:
3511 2305 3612 2344 no-

2045 2384 2131 2438 bis
2174 2384 2368 2436 tradita
2409 2394 2536 2438 sunt
2565 2385 2832 2440 facientes
2883 2385 2968 2455 (ea
3021 2385 3165 2438 enim
3201 2399 3322 2454 qua:
3387 2384 3441 2437 in
3499 2391 3612 2438 tota

2045 2474 2390 2530 confessione
2419 2491 2517 2546 pro
2566 2475 2887 2532 defensione
2929 2477 3092 2532 allata
3141 2487 3268 2531 sunt
3311 2479 3613 2540 declarant.

2047 2581 2212 2622 omne
2239 2568 2383 2637 quod
2421 2567 2682 2635 dicimus,
2728 2584 2836 2622 non
2884 2584 2950 2624 ex
2993 2579 3184 2627 nostra
3229 2589 3351 2629 esse
3395 2586 3616 2631 senteno

365 2652 595 2729 κλησίας
631 2658 871 2728 Χριστοῦ
909 2659 1062 2730 παρὰ
1096 2657 1191 2712 τοῦ
1218 2654 1612 2727 τελεταρχικοῦ
1655 2658 1750 2709 καὶ
1797 2657 1939 2711 θείου

2045 2659 2140 2724 tia,
2170 2660 2267 2715 sed
2325 2675 2394 2714 ex
2449 2661 2695 2716 doctrina
2755 2662 3139 2732 theologorum
3189 2679 3253 2720 ac
3295 2675 3615 2722 sanctorum

365 2752 683 2821 Πνεύματος
716 2752 1120 2822 ἐλλαμφθέντες
1153 2751 1545 2820 διετράνωσαν.

2047 2749 2322 2825 Patrum),
2353 2752 2490 2806 nihil
2521 2747 2523 2750 ’
2556 2752 2702 2806 aliud
2762 2753 3042 2824 quidpiam
3109 2757 3317 2812 sentire
3347 2758 3614 2839 volentes.

366 2845 471 2899 nisi
504 2846 650 2899 sicut
697 2854 778 2900 ter
826 2845 967 2899 beati
1018 2843 1207 2899 Patres
1258 2857 1323 2897 ac
1377 2840 1631 2896 doctores
1669 2838 1932 2896 Ecclesia:
1965 2839 2172 2898 Christi
2268 2857 2299 2897 a
2355 2841 2562 2912 Spiritu
2629 2845 2815 2902 divino
2902 2846 3200 2918 perfectam
3248 2838 3616 2906 initiationem

368 2939 642 2993 tribuente
692 2937 986 2993 illuminati
1038 2935 1410 2991 dilucidarunt
1463 2942 1625 3003 atque
1671 2932 2062 3001 explanarunt.

1015 3031 1296 3085 ΕΦΕΣΟΥ.

442 3130 663 3184 Τούτων
696 3128 788 3182 οὖν
836 3129 913 3198 (5)
956 3127 1066 3196 ἐγὼ
1101 3128 1315 3186 πάντων
1359 3129 1778 3200 καταφρονήσας
1810 3129 1942 3181 ἁκο-

374 3220 625 3292 λουθήσω
653 3221 762 3282 τοῖς
798 3221 856 3271 ἐν
895 3221 1249 3288 προσχήματι
1293 3219 1691 3288 πεπλασμένης·
1720 3219 1941 3288 εἰρήνης

372 3311 637 3383 ἐνωθῑγιαι
669 3311 971 3376 κελεύουσι,
999 3312 1107 3372 τοῖς
1132 3311 1190 3362 τὺ
1223 3309 1367 3380 ίερδν
1395 3311 1488 3362 καὶ
1521 3309 1596 3378 (4)
1629 3310 1774 3362 θεῖον
1803 3307 1944 3378 σύμ-

377 3406 532 3458 60).ον
591 3404 970 3474 κιδδηλεύουσι
1026 3401 1129 3472 (5),
1162 3402 1257 3454 καὶ
1299 3400 1390 3454 τὸν
1421 3400 1548 3453 Υίὸν
1591 3399 1944 3468 ἐπεισάγουσι

376 3499 632 3568 δεύτερον
688 3497 861 3551 αἴτιον
916 3497 1008 3549 τοῦ
1073 3497 1231 3564 ἁγίου
1287 3493 1639 3564 Πνεύματος;
1697 3493 1780 3546 Τὰ
1837 3492 1946 3560 γὰρ

377 3591 544 3644 λοιπὰ
605 3591 713 3644 τῶν
773 3589 1141 3657 ἁτοπημάτων
1196 3590 1268 3642 ἐῶ
1317 3590 1377 3641 τό
1421 3605 1485 3656 γε
1524 3587 1620 3640 νῦν
1672 3587 1836 3656 ἔχονο
1873 3580 1948 3639 ὧν

377 3685 470 3736 καὶ
521 3682 580 3736 ἓν
631 3684 790 3754 μόνον
841 3681 1022 3735 ἱκανὸν
1051 3675 1120 3751 ἦν
1149 3681 1295 3749 ἡμᾶς
1323 3678 1382 3744 ἐξ
1413 3679 1595 3732 αὐτῶν
1629 3677 1946 3747 διαστῆσαι.

378 3774 473 3844 Μὴ
495 3775 729 3844 πάθοιμι
754 3773 912 3827 τοῦτό
947 3789 1104 3835 ποτε,
1131 3771 1458 3842 Παράκλητε
1483 3769 1677 3836 ἀγαθὲ,
1704 3767 1828 3839 μηδ’
1856 3768 1949 3821 οὕς

2522 3029 2767 3087 senss.
2807 3031 2979 3102 (CAP.
3007 3023 3147 3103 XX).

2118 3119 2302 3190 Egone
2369 3125 2557 3192 itaque
2621 3123 2774 3178 hisce
2842 3125 3102 3180 omnibus
3159 3127 3362 3192 spretis
3421 3142 3621 3197 sequar

2046 3227 2163 3277 eos,
2201 3213 2296 3284 qui
2351 3214 2454 3270 sub
2515 3225 2776 3286 praetextu
2839 3217 3085 3273 confictae
3150 3219 3302 3289 pacis
3362 3221 3618 3276 unionem

2049 3307 2391 3376 praicipiuut,
2425 3321 2520 3363 eos
2553 3309 2644 3378 qui
2683 3321 3100 3366 sacrosanctum
3135 3313 3442 3384 symbolum
3470 3314 3624 3368 adqu

2048 3406 2225 3452 terant
2251 3409 2304 3454 et
2338 3397 2535 3454 Filium
2577 3402 2873 3456 secundam
2920 3404 3094 3459 sancti
3131 3403 3367 3474 Spiritus
3396 3421 3620 3462 causam

2046 3491 2351 3546 inducunt?
2383 3490 2516 3546 Nam
2544 3494 2787 3565 reliquas
2827 3496 3198 3553 absurditates
3229 3499 3282 3554 in
3329 3503 3621 3571 priesentia

2048 3583 2427 3653 praetermitto.
2465 3585 2708 3651 Quarum
2757 3586 2837 3641 vel
2887 3602 2993 3641 una
3024 3587 3308 3645 sufficiens
3363 3587 3504 3644 foret
3557 3597 3623 3644 ait

2051 3688 2150 3728 nos
2173 3675 2241 3728 ab
2297 3675 2428 3746 ipsis
2488 3691 2714 3744 prorsus
2754 3679 3112 3749 separandos.
3149 3681 3225 3736 Ne
3273 3682 3326 3736 id
3379 3698 3620 3752 unquam

2051 3766 2248 3836 patiar,
2282 3782 2314 3820 o
2351 3769 2491 3823 bone
2523 3767 2828 3837 Paraclete,
2860 3786 3036 3841 neque
3065 3773 3200 3828 adeo
3227 3789 3257 3828 a
3299 3778 3618 3845 ιιιθιιιεῐὶρευ

377 3883 485 3928 τως
513 3861 755 3935 ἐμαυτοῦ
788 3864 883 3917 καὶ
915 3863 1022 3916 τῶν
1054 3863 1407 3934 καθηκόντων
1434 3861 1718 3937 λογισμῶν
1743 3861 1939 3913 ἀποπέ-

2052 3868 2106 3912 et
2137 3873 2165 3910 a
2203 3858 2524 3913 docentibus
2570 3862 2997 3930 cogitationibus
3057 3878 3294 3933 unquam
3345 3864 3615 3928 decidam,

381 3975 555 4028 σοιμι,
594 3959 692 4025 τῆς
746 3956 804 4010 δὲ
862 3958 960 4025 σῆς
1003 3954 1352 4017 διδασκαλίας
1406 3955 1502 4008 καὶ
1556 3953 1666 4007 τῶν
1707 3952 1811 4006 ὑπὸ
1855 3954 1950 4006 σοῦ

379 4048 830 4119 ἐμπνευσθέντων
862 4048 1152 4118 μακαρίων
1177 4048 1388 4119 ἀνδρῶν
1416 4047 1678 4118 ἐχόμενος
1715 4063 1956 4118 προστε-

378 4142 533 4210 θείην
581 4140 718 4211 πρὸς
762 4140 890 4204 τοὺς
939 4140 1106 4207 ἐμοὺς
1157 4138 1419 4205 πατέρας,
1471 4137 1521 4190 εί
1570 4139 1646 4210 μή
1697 4153 1751 4191 τι
1805 4137 1952 4202 ἄλλο,

377 4233 634 4287 ἐντεῦθεν
664 4231 1081 4303 άποφερόμενος
1110 4232 1208 4299 τὴν
1240 4230 1547 4284 εύσὲὄειαν.

998 4322 1363 4386 ΑΠΟΛΟΓΙΑ.

1793 4293 1824 4314 ἱ

2055 3965 2240 4004 verum
2321 3949 2548 4005 firmiter
2629 3952 2906 4008 inhaerens
2963 3965 3067 4008 tuae
3144 3955 3408 4010 doctrina:
3463 3967 3625 4027 atque

2055 4042 2232 4097 beatis
2264 4043 2393 4098 viris
2417 4058 2444 4096 a
2476 4052 2526 4096 te
2561 4045 2842 4113 inspiratis
2873 4059 3114 4114 apponar
3146 4047 3212 4100 ad
3241 4059 3426 4118 patres
3453 4065 3625 4115 meos,

2057 4135 2102 4188 si
2135 4149 2242 4186 non
2283 4135 2412 4203 quid
2484 4135 2632 4188 aliud
2694 4136 2895 4189 abhinc
2929 4134 3203 4200 deferens,
3248 4149 3397 4192 certe
3445 4149 3624 4194 tamen

2059 4229 2336 4297 pietatem.

2648 4319 3008 4376 APOLOGIA.

463 4420 529 4472 Ἦ
541 4421 659 4489 μείς
686 4421 784 4487 τὴν
813 4416 1206 4485 πεπλασμένην
1234 4383 1430 4468 ἕνωσιν
1460 4412 1584 4467 οὔτε
1614 4414 1939 4485 ἐθελήσαμέι

2133 4407 2243 4463 Nos
2279 4409 2566 4463 confictam
2632 4411 2887 4465 unionem
2950 4426 3125 4482 neque
3184 4413 3626 4471 desideravimus

381 4529 515 4566 ποτε
549 4510 672 4564 οὔτε
711 4511 817 4580 μὴν
851 4509 1179 4578 ἐθελήσομεν
1199 4548 1212 4571 ,
1234 4508 1369 4559 ἐπεὶ
1399 4508 1509 4560 πᾶν
1540 4506 1600 4560 τὸ
1631 4507 1953 4576 πεπλασμέ-

381 4621 473 4658 νον
504 4603 941 4671 συνεζευγμένην
974 4602 1085 4669 ἔχει
1113 4597 1212 4668 τὴν
1245 4598 1472 4668 πλάνην·
1498 4599 1554 4651 αἱ
1579 4597 1631 4651 δὲ
1667 4597 1954 4661 συστάσεις

384 4696 476 4748 καὶ
515 4694 815 4764 μαρτυρίαι
845 4692 954 4745 τῶν
986 4691 1144 4762 ἱερῶν
1177 4692 1269 4742 καὶ
1303 4692 1462 4743 θείων
1497 4689 1757 4758 Πατὲρων
1787 4691 1841 4741 αἱ
1874 4689 1952 4759 (ti)

385 4784 620 4838 ἐνταῦθα
665 4783 1048 4854 γεγραμμέναι
1091 4783 1184 4834 καὶ
1226 4785 1282 4833 ἐν
1315 4780 1506 4852 sum;
1546 4783 1956 4850 πραγματείαις

385 4879 512 4946 περὶ
543 4876 749 4947 ταύτης
781 4877 877 4945 τῆς
909 4875 1154 4936 ἐνώσεως
1188 4872 1561 4940 ἐκτεθειμέναι
1599 4873 1731 4941 πρὸς
1763 4873 1832 4924 τά
1865 4871 1958 4924 ὑπ’

2063 4499 2358 4568 aliquando
2438 4515 2612 4570 neque
2677 4516 2916 4570 unquam
2974 4501 3444 4570 desiderabimus,
3507 4523 3630 4560 cum

2066 4606 2228 4645 omne
2255 4593 2545 4646 contictum
2595 4595 2946 4661 coniunctum
2979 4596 3176 4649 habeat
3213 4610 3482 4651 errorem.
3527 4597 3632 4652 Sed

2065 4687 2388 4738 documenta
2432 4699 2495 4738 ac
2532 4683 2838 4739 testimoxtia
2867 4696 3186 4740 sanctorum
3235 4697 3287 4740 et
3323 4686 3633 4743 divinorum

2061 4776 2303 4841 Patrum,
2338 4792 2460 4844 qua:
2486 4785 2598 4830 tum
2631 4777 2720 4831 hic
2759 4779 3108 4846 consignata,
3156 4786 3268 4831 tum
3311 4779 3363 4832 in
3405 4781 3527 4835 aliis
3553 4781 3637 4833 lu-

2063 4870 2480 4924 cubrationibus
2532 4871 2596 4923 de
2642 4870 2744 4923 hac
2800 4871 3002 4924 unione
3027 4871 3101 4940 (τι)
3137 4873 3380 4941 eXpOsita
3416 4871 3637 4925 fuerunt

382 4968 549 5020 αὐτοῦ
575 4967 668 5037 i7)
707 4969 972 5036 εἰρημένα
1006 4967 1097 5018 καὶ
1130 4964 1237 5017 τῶν
1269 4963 1470 5033 ὁμοίως
1506 4963 1738 5032 ἐχόντων
1775 4961 1939 5016 αὐτοῖς

2068 4966 2132 5018 ad
2169 4981 2229 5019 ea
2267 4979 2387 5033 quae
2427 4965 2494 5017 ab
2528 4963 2648 5032 ipso
2679 4963 2822 5017 dicta
2859 4972 2988 5018 sunt
3027 4973 3080 5017 et
3104 4980 3220 5033 qua:
3257 4965 3340 5018 his
3385 4963 3635 5017 similiter

457 5144 529 5212 (ι)
555 5142 691 5196 Vide
723 5139 892 5212 Mansi
937 5139 1145 5212 Concil.
1174 5147 1230 5212 _t.
1261 5138 1465 5212 νιιηρ.
1517 5137 1642 5194 455.
1706 5140 1968 5212 Eumdem

385 5209 588 5269 teritum
621 5215 773 5266 πίτυι-ι
801 5210 1094 5277 Gregorius
1122 5210 1189 5264 ad
1223 5211 1352 5280 imp.
1385 5209 1610 5280 'l‘rapez.
1634 5212 1740 5266 σοι.
1768 5211 1896 5266 259.

459 5287 534 5354 ('2)
571 5283 738 5354 Marc.
767 5282 814 5354 f._
835 5281 1026 5354 251__b,
1059 5282 1178 5354 τῆς.

451 5348 532 5427 (5)
563 5349 672 5427 Ούν
705 5352 893 5427 habet
940 5349 1085 5403 Men.
1114 5348 1266 5419 ⁷256,
1303 5350 1340 5404 f.
1370 5348 1472 5404 l2?
1497 5366 1572 5417 a.;
1623 5352 1800 5406 omitt.
1830 5350 1974 5405 Men.

381 5424 473 5494 si,
499 5427 536 5480 ι.
571 5426 673 5480 tu
701 5424 758 5479 b.

2149 5140 2224 5210 (4)
2262 5139 2425 5210 Ἱερὸν
2459 5139 2553 5210 καί
2578 5140 2750 5192 omitt.
2783 5139 2924 5210 Men.
2951 5140 3074 5195 256.

2151 5205 2226 5280 (5)
2253 5205 2499 5264 lta'Mon.
2529 5209 2634 5280 256
2672 5225 2687 5273 ;
2723 5210 2866 5263 Men.
2892 5208 2961 5264 27
2992 5214 3151 5265 habet
3183 5205 3591 5280 meantem“.

2155 5275 2230 5350 (6)
2263 5279 2327 5334 Ai
2359 5281 2538 5333 omitt.
2574 5279 2761 5348 Allat.,
2795 5281 2887 5350 qui
2914 5283 3027 5335 haec
3063 5281 3280 5335 adducit
3305 5289 3358 5331 ο.
3385 5275 3643 5348 Creyght.

2087 5367 2139 5422 p.
2179 5352 2298 5406 145.

2160 5423 2236 5492 (7)
2268 5422 2428 5477 Allat.
2460 5419 2498 5474 l.
2531 5436 2608 5487 c.,
2638 5422 2836 5478 αὐτῶν.

468 5591 546 5658 ta)
590 5588 932 5660 Hocqnoque
961 5590 1082 5644 loco
1099 5584 1480 5660 Gregorius-ad
1502 5583 1603 5660 alia
1646 5598 1744 5660 sua
1774 5583 1979 5651 scripta
2087 5581 2446 5660 Creygiiton.,
2479 5599 2530 5660 p_.
2583 5581 2775 5660 “ﬁet
2805 5580 2926 5646 HG,
2962 5578 3154 5660 utitur
3202 5586 3265 5634 ad
3315 5579 3654 5646 probandum

391 5652 686 5730 prosecat;
729 5652 920 5730 hisque
952 5659 1130 5713 verbis
1175 5652 1320 5711 inter
1365 5655 1468 5708 alia
1517 5655 1747 5709 Albitius
1791 5663 1984 5709 contra
2091 5656 2340 5708 eumdem
2383 5653 2620 5722 plurium
2657 5653 2920 5706 librorum
2961 5652 3125 5706 fuisse
3184 5661 3484 5706 amtorem.

685 5756 952 5817 Parnon.
999 5759 1114 5813 Gn.
1151 5751 1331 5814 CLX.

3189 5743 3224 5802 ιι
