3988 6216
351 249 437 304 ίίῆ

381 246 445 304 ίοἹ
615 307 627 316 ,
1293 247 1672 307 onuoonu
1715 245 1931 304 manu

2055 241 2162 303 ΟΡ.
2200 240 2713 301 ΡᾹΤΙΗΑῘΠῙΗιΕ

3490 241 3591 306 108

331 375 403 436 se
437 358 657 422 habent,
694 365 883 426 aperte
939 358 1247 424 declarant,
1299 374 1398 415 nos
1434 358 1567 412 nihil
1620 357 1914 412 confictum

2037 353 2399 423 παριστῶσιν,
2451 352 2524 415 ὡς
2577 353 2730 406 οὐδὲν
2779 350 3162 423 πεπλασμένον
3215 353 3594 423 πεποιήκαμεν

345 450 619 519 peregisse
671 464 850 518 neque
895 451 1145 518 Spurium
1196 450 1493 518 quidquam
1541 447 1915 503 introduxisse

346 540 399 591 in
432 554 648 594 sacrum
679 537 1016 608 Symbolum,
1055 539 1520 608 quemadmodum
1557 538 1688 593 olim
1716 537 1796 591 illi
1823 537 1916 606 qui

345 646 537 688 vocem
565 630 803 699 ejusdem
845 629 1163 684 substantia:
1205 647 1332 684 cum
1372 645 1506 684 voce
1556 630 1747 683 similis
1794 629 1918 682 sult-

347 724 557 777 stantiw
591 732 1022 777 commutarunt.
1087 721 1275 791 Neque
1335 723 1631 776 secundam
1691 733 1910 775 causam

349 815 519 870 sancti
561 813 799 883 Spiritus
831 814 1067 868 dicimus
1096 812 1320 899 Filium,
1359 823 1420 868 ut
1459 814 1581 883 ipse
1607 819 1797 883 putat;
1843 813 1922 867 sic

348 905 579 957 enimet
631 904 770 956 duos
822 903 951 958 deos
1010 903 1379 968 crederemus,
1419 907 1563 960 sicut
1604 905 1718 974 ipse
1774 918 1920 959 som-

349 998 554 1048 niatur.
593 997 844 1048 Attamen
873 994 1020 1049 etde
1073 995 1160 1049 his
1212 994 1490 1052 sufﬁciens
1537 1011 1704 1064 supra
1735 994 1922 1049 datum

350 1097 434 1140 est
466 1101 812 1154 responsum.
849 1087 1003 1151 Quod
1062 1095 1246 1142 autem
1308 1098 1519 1160 spectat
1559 1088 1627 1143 ad
1682 1087 1925 1158 reliquas

353 1176 742 1238 absurditates,
785 1189 921 1243 quas
951 1176 1169 1231 silentio
1200 1179 1464 1246 praeterit,
1512 1179 1557 1232 si
1605 1177 1828 1248 quidem
1859 1177 1926 1232 de

354 1266 690 1319 beatitudine
726 1280 788 1318 ac
826 1267 1088 1322 fruitione
1114 1277 1430 1322 sanctorum
1466 1269 1732 1338 loquitur,
1757 1283 1924 1337 quam

355 1357 592 1408 maxime
646 1357 762 1424 ipse
825 1356 1046 1411 sibimet
1098 1366 1362 1428 repugnat
1416 1358 1588 1435 in.ea
1651 1359 1923 1424 oratione,

357 1465 516 1520 quam
550 1451 602 1502 in
641 1459 889 1504 sanctum
933 1447 1106 1502 Eliam
1166 1449 1351 1503 edidit.
1398 1450 1490 1503 Ait
1520 1450 1662 1504 enim
1699 1468 1713 1505 :
1753 1468 1773 1501 ι
1817 1449 1928 1519 Ego

359 1560 504 1608 vero,
564 1546 705 1612 quod
772 1558 917 1598 nunc
969 1544 1094 1597 licet
1150 1542 1278 1607 ipsi,
1357 1543 1502 1597 sicut
1544 1553 1600 1597 et
1643 1543 1929 1598 animabus

359 1649 692 1700 sanctorum,
761 1637 1071 1704 ubicunque
1155 1636 1286 1700 vult,
1345 1634 1647 1690 secundum
1715 1644 1928 1705 tempus

359 1732 706 1792 commorari,
736 1729 863 1782 dum
897 1731 948 1782 iu
986 1729 1225 1798 propriis
1259 1728 1478 1798 templis
1505 1729 1740 1785 libenter
1772 1743 1924 1784 man-
1957 1705 2000 1760 Β

361 1823 572 1875 sionem
607 1823 730 1875 facit
763 1830 816 1875 et
850 1821 914 1876 iis
957 1820 1049 1890 qui
1099 1835 1202 1890 ope
1241 1821 1472 1888 singulis
1511 1820 1730 1875 vicibus
1780 1819 1925 1874 indi-

361 1928 506 1984 gent.
547 1915 785 1978 advenit,
819 1925 872 1968 et
909 1913 1281 1967 necessarium
1327 1921 1380 1966 et
1417 1927 1603 1967 verum
1636 1927 1759 1968 esse
1797 1927 1925 1967 ceu-

361 2019 489 2070 seo;
530 2021 635 2058 non
679 2019 804 2058 vero
827 2013 1115 2073 propterea
1159 2017 1282 2058 eum
1324 2005 1495 2059 cmlos
1546 2005 1929 2072 derelinquere

360 2095 587 2150 dixerim
616 2110 678 2148 ac
703 2095 884 2148 lumen
918 2095 989 2147 ibi
1033 2095 1391 2164 resplendens
1450 2105 1504 2150 et
1563 2110 1686 2150 cum
1721 2097 1928 2166 angelis

362 2186 726 2242 assistentiam
792 2201 976 2240 coram
1034 2201 1251 2240 summo
1321 2174 1593 2252 Domino;
1653 2188 1730 2244 sic
1781 2190 1926 2244 enim

363 2280 544 2334 minus
576 2293 737 2345 quam
797 2277 978 2331 caeteri
1010 2277 1184 2332 sancti
1223 2277 1449 2333 haberet
1512 2280 1578 2344 is,
1635 2281 1727 2349 qui
1767 2296 1929 2348 super

363 2387 551 2425 omnes
582 2371 694 2424 fere
726 2376 833 2433 est,
879 2369 924 2423 si
975 2369 1196 2438 quidem
1244 2369 1388 2434 ideo,
1420 2371 1545 2440 quia
1573 2386 1735 2425 carne
1761 2372 1928 2426 indu-

369 2474 456 2516 tus
482 2471 562 2515 est
599 2459 699 2530 (a),
726 2475 756 2513 a
784 2459 1171 2515 communione
1219 2475 1342 2515 cum
1379 2462 1516 2530 ipsis
1547 2472 1600 2518 et
1631 2478 1660 2516 a
1688 2474 1929 2518 contem-

370 2553 610 2624 platione
654 2550 748 2603 Dei
783 2551 849 2603 ad
885 2549 1078 2604 faciem
1135 2560 1422 2620 separatus
1469 2563 1636 2621 esset,
1667 2570 1776 2626 qua
1819 2557 1933 2611 exi—

371 2646 482 2698 mio
525 2642 684 2696 modo
713 2656 810 2711 per
841 2656 1058 2697 omnem
1101 2641 1265 2696 vitam
1299 2641 1602 2699 fruebatur.
1640 2663 1659 2697 »
1695 2644 1798 2701 Per
1827 2647 1933 2702 hoc

366 2736 536 2804 igitur
568 2733 774 2788 clarum
807 2741 894 2787 est
926 2732 1174 2787 cenliteri
1206 2743 1262 2787 et
1306 2733 1511 2803 ipsum,
1555 2736 1776 2795 sanctos
1804 2737 1932 2794 bea-

370 2827 604 2883 titudine
639 2826 846 2898 perfrui
874 2826 972 2898 (b),
998 2827 1104 2882 nisi
1137 2826 1279 2884 forte
1318 2829 1464 2884 aliud
1495 2832 1774 2900 quidpiam
1806 2847 1934 2888 cen-

366 2932 448 2977 set
517 2920 912 2975 beatitudinem
973 2934 1001 2972 a
1043 2921 1508 2991 contemplatione
1569 2922 1666 2978 Dei
1730 2925 1796 2979 ad
1853 2925 1934 2978 fa-

2023 446 2141 498 οὐδὲ
2187 443 2440 511 κίϐδηλόν
2481 454 2530 496 τι
2580 444 2655 514 (1)
2705 445 3148 512 ὲπεισηγάγομεν
3210 445 3272 497 ὲν
3337 443 3417 515 τῷ
3466 445 3595 514 ἱερῷ

2030 538 2404 608 συμὸὀλῳ,ὼς
2456 540 2505 590 ot
2553 538 2677 590 τότε
2727 539 2775 590 οἱ
2821 537 2886 591 τὸ
2937 537 3268 604 ὁμοούσιον
3316 538 3438 591 ἀντ).
3489 539 3596 592 τοῦ

2021 633 2372 701 ὀμοιουσίου
2403 632 2476 700 (2)
2512 630 2903 696 ἐναλλάξαντες
2933 632 3034 700 (ὅ).
3066 631 3202 684 Οὐδὲ
3232 628 3483 700 δεύτερον
3514 631 3596 683 af-

2019 740 2133 777 τιον
2162 725 2250 777 τὸν
2284 723 2411 776 Υίὸν
2440 724 2674 794 λέγομεν
2701 723 2796 776 τοῦ
2829 723 2990 791 ἁγίου
3024 722 3364 792 Πνεύματος,
3395 723 3470 786 ὡς
3500 723 3598 776 αύ-

2022 816 2113 879 τὸς
2146 816 2394 884 νομίζει·
2493 817 2601 885 γὰρ
2633 817 2699 870 ἂν
2728 819 2824 871 καὶ
2850 815 2944 868 δύο
2973 816 3098 878 τοὺς
3132 815 3287 876 θεοὺς
3317 815 3599 868 ἐπιστεύο-

2028 923 2150 975 μεν,
2191 906 2262 968 ὼς
2312 907 2474 968 αὐτὸς
2523 905 2875 973 φαντάζεται.
2914 905 3105 972 Ὅμως
3154 919 3218 969 γε
3273 903 3458 973 μέντοι
3506 906 3600 956 καὶ

2028 999 2154 1068 περὶ
2197 999 2400 1052 τούτων
2444 999 2644 1061 ἱκανῶς
2685 996 3149 1067 ἀπελογησάμεθα
3196 997 3480 1067 πρότερον.
3521 998 3602 1050 T1

2027 1091 2082 1142 δὲ
2114 1091 2278 1144 λοιπὰ
2310 1090 2418 1143 τῶν
2451 1089 2858 1159 ἁτοπημὰτων,
2892 1089 2927 1143 ἃ
2965 1089 3190 1143 σιωπῶν
3224 1091 3562 1160 παρατρέχτι
3587 1131 3600 1152 ,

2029 1183 2074 1233 εί
2111 1181 2209 1250 μὲν
2241 1180 2369 1250 περὶ
2401 1181 2500 1249 τῆς
2531 1179 2885 1241 ἀπολαύσεως
2932 1178 3043 1231 τῶν
3083 1179 3259 1246 ἁγίων
3287 1179 3476 1246 λέγει,
3508 1183 3602 1232 καὶ

2033 1274 2267 1343 μάλιστα
2302 1271 2462 1334 αὐτὸς
2497 1271 2678 1340 ἐαυτῷ
2715 1271 2949 1341 μάχεται
2986 1272 3043 1322 ἐν
3076 1269 3154 1339 τῷ
3187 1271 3328 1340 λόγῳ
3362 1271 3437 1340 τῷ
3471 1274 3601 1341 παρ’

2031 1364 2196 1420 αὐτοῦ
2241 1365 2516 1418 ὲκτεθέντι
2561 1366 2640 1428 είς
2685 1364 2775 1418 τὸν
2820 1364 2978 1431 ἁγιον
3015 1363 3227 1417 Ἠλίαν.
3273 1365 3410 1434 Φησὶ
3452 1368 3560 1436 γάρ
3588 1381 3600 1395 ·

2035 1475 2054 1509 ι
2108 1457 2248 1525 Ἐγὼ
2281 1459 2322 1510 δ’
2352 1458 2434 1510 ὅτι
2472 1459 2568 1526 μὲν
2603 1456 2813 1521 ἔξεστιν
2851 1455 3036 1526 αὐτῷ,
3074 1456 3324 1526 καθάπερ
3361 1458 3452 1510 καὶ
3485 1461 3604 1520 ταῖς

2031 1549 2141 1602 τῶν
2179 1549 2350 1616 ἁγίων
2399 1549 2600 1618 ψυχαῖς
2633 1549 2756 1601 ὅποι
2791 1547 2923 1600 ποτὲ
2958 1546 3205 1616 βούλεται
3238 1548 3380 1601 κατὰ
3415 1549 3604 1627 καιρὸν

2034 1639 2451 1710 ἐπιχωριάζειν,
2497 1640 2644 1702 ναοῖς
2691 1655 2751 1691 τε
2803 1638 3027 1703 οἰκείοις
3077 1641 3474 1710 ἐμφιλοχωρεῖν
3527 1640 3602 1709 (ι)

2029 1734 2124 1788 καὶ
2151 1735 2261 1796 τοῖς
2287 1733 2549 1787 ἑκάστοτε
2584 1732 2660 1803 (5)
2688 1730 2966 1802 δεομένοις
2994 1731 3282 1803 ὲπιφοιτᾷν
3311 1733 3604 1800 ἀναγκαῖόν

2027 1843 2086 1879 τε
2120 1825 2358 1896 ἡγοῦμαι
2393 1824 2473 1894 (6)
2505 1825 2598 1878 καὶ
2631 1824 2830 1895 ἀληθὲς
2863 1817 3002 1878 εἶναι
3028 1838 3044 1854 ⁸
3075 1825 3135 1877 οὐ
3174 1824 3280 1896 μὴν
3310 1826 3399 1878 διὰ
3428 1824 3602 1878 ταῦτα

2031 1916 2198 1987 φαίην
2232 1919 2297 1970 ἂν
2331 1917 2491 1970 αὐτὸν
2522 1917 2630 1970 τῶν
2664 1917 2914 1986 οὐρανῶν
2947 1917 3340 1972 ἀπολείπεσθαι
3379 1920 3473 1973 καὶ
3506 1919 3604 1988 τῆς

2031 2008 2209 2059 ἐκεῖσε
2243 2007 2659 2077 λαμπροφορίας
2697 2009 2795 2062 καὶ
2833 2009 2969 2080 μετὰ
2997 2008 3106 2064 τῶν
3135 2011 3384 2080 ἀγγέλων
3415 2011 3605 2064 δεσπτ-

2030 2103 2186 2170 τικῆς
2232 2103 2669 2171 παραστάσεωςο
2791 2102 2899 2172 γὰρ
2945 2102 3012 2156 ἂν
3054 2100 3200 2174 εῖχεν
3239 2090 3460 2158 ἔλαττον
3497 2107 3605 2157 τῶν

2030 2192 2203 2246 ἄλλων
2245 2193 2416 2258 ἁγίων
2454 2196 2479 2246 6
2522 2194 2662 2262 ὑπὲρ
2702 2194 2910 2257 πάντας
2951 2195 3177 2265 σχεδον,
3224 2195 3276 2249 εῐ
3315 2213 3378 2260 γε
3421 2197 3505 2250 διὰ
3550 2198 3603 2249 τὸ

2031 2284 2125 2354 τὴν
2154 2284 2328 2353 σάρκα
2361 2285 2545 2354 φορεῖν
2572 2285 2892 2354 ἀφειστήκει
2926 2287 3022 2356 τῆς
3059 2288 3182 2356 μετ’
3207 2289 3386 2342 αὐτῶν
3413 2307 3606 2342 7.0mm-

2032 2376 2148 2439 νίας
2183 2377 2274 2429 καὶ
2307 2377 2403 2442 τῆς
2435 2377 2528 2428 τοῦ
2557 2375 2692 2430 Θεοῦ
2726 2378 2858 2448 πρὸς
2893 2379 3190 2449 πρόσωπον
3222 2380 3496 2452 θεωρίας,
3535 2377 3604 2454 ἧς

2033 2469 2120 2519 καὶ
2152 2467 2300 2535 παρὰ
2332 2467 2506 2519 πάντα
2533 2468 2622 2521 τὸν
2649 2467 2762 2538 βίον
2792 2469 3084 2540 ἐξαιρέτως
3116 2471 3402 2542 ἀπήλαυσε
3438 2472 3538 2542 (7).
3581 2493 3599 2526 ι

2033 2559 2310 2630 Γνὼριμον
2363 2556 2456 2614 οὖν
2485 2562 2600 2614 ἐστι
2632 2562 2719 2615 διὰ
2771 2562 2966 2616 τούτου
2987 2603 3001 2629 ,
3036 2563 3110 2628 ὡς
3139 2565 3264 2627 τοὺς
3287 2564 3474 2632 ἁγίους
3511 2566 3603 2634 τῆς

2037 2652 2435 2723 μακαριότητος
2473 2655 2568 2707 καὶ
2601 2652 2766 2717 αὐτὸς
2802 2653 3060 2723 ὁμολογεῖ
3092 2655 3410 2720 ἀπολαύειν,
3450 2659 3605 2725 εἴπερ

2038 2746 2111 2814 μὴ
2157 2746 2341 2815 ἕτερον
2389 2763 2440 2798 τι
2489 2745 2698 2814 νομίζει
2741 2747 2842 2817 τὴν
2891 2749 3276 2819 μακαριότητα
3323 2749 3419 2817 τῆς
3468 2749 3602 2818 πρὸς

2037 2836 2326 2905 πρόσωπον
2363 2836 2498 2890 Θεοῦ
2541 2838 2793 2908 θεωρίας.
2837 2839 2975 2910 Περὶ
3021 2841 3118 2910 μὲν
3155 2840 3255 2910 τῆς
3295 2844 3350 2894 ὲν
3391 2839 3466 2911 τῷ
3507 2860 3606 2896 πα-

2039 2928 2182 2997 ρόντι
2225 2929 2460 2998 θεωρίας
2501 2930 2602 2996 τῆς
2644 2931 2780 3002 πρὸς
2823 2931 3116 3000 πρόσωπον
3163 2932 3320 3002 σιγᾷν
3359 2931 3602 3000 ἄμεινον.

365 3016 526 3068 ciem.
569 3012 644 3067 De
681 3013 772 3066 Dei
809 3023 990 3067 autem
1041 3013 1096 3066 in
1156 3015 1413 3082 praesenti
1467 3017 1578 3070 vita
1634 3017 1699 3070 ad
1741 3019 1931 3075 faciem

2045 3020 2180 3087 napi
2211 3020 2265 3072 δέ
2298 3037 2359 3088 γε
2389 3019 2498 3073 τῶν
2530 3021 2758 3088 ἀζύμων
2795 3022 3070 3087 Εὐσέϐιος,
3105 3023 3366 3095 Εὐτύχιος
3391 3027 3418 3077 6
3447 3026 3601 3078 Κων-

364 3105 825 3174 contemplatione
853 3106 1016 3161 silere
1059 3114 1283 3176 praestat
1320 3108 1413 3179 (c).
1447 3107 1602 3174 Quod
1639 3110 1837 3167 deinde
1870 3114 1936 3168 ad

363 3215 550 3270 azyma
586 3200 844 3268 pertinet,
887 3198 1181 3266 Eusebius,
1215 3198 1514 3271 Eutychius
1542 3201 1934 3260 Constantino-

363 3288 657 3358 politanus,
688 3287 1026 3356 Epiphanius
1082 3288 1270 3358 Cypri,
1325 3290 1568 3347 Joannes
1599 3292 1933 3363 Chrysostoy

365 3397 509 3444 mus,
566 3392 616 3433 et
657 3381 748 3434 alii
805 3388 1117 3435 sanctorum
1167 3379 1542 3438 defensionem
1589 3385 1929 3458 dabunt.(d).

365 3473 440 3528 De
471 3474 706 3543 primatu
739 3488 868 3527 vero
909 3473 1144 3528 Romani
1171 3475 1450 3543 pontiﬁcis
1483 3477 1766 3533 sufﬁciens
1811 3487 1931 3532 erat

363 3581 426 3618 ex
459 3564 668 3634 synodo
709 3575 920 3628 octava,
953 3566 1041 3618 cui
1096 3565 1212 3634 ipse
1247 3566 1620 3622 testimoniqu
1653 3568 1921 3637 perhibet,

371 3657 438 3710 ad
472 3657 685 3724 plenam
738 3656 1148 3725 persuasionem
1207 3655 1549 3711 efﬁciendam
1595 3673 1716 3712 eum
1760 3659 1933 3714 stabi-

369 3751 490 3804 lire.
529 3750 633 3803 Sed
690 3760 743 3802 et
793 3747 1115 3804 Theodorus
1163 3749 1372 3805 Studita
1414 3759 1467 3804 et
1512 3761 1824 3806 sanctarum
1852 3768 1940 3821 sy-

369 3840 634 3894 nodorum
689 3841 822 3896 Acta
876 3841 1162 3911 perspicue
1216 3855 1340 3895 eum
1375 3842 1719 3896 confirmant.
1765 3846 1941 3912 Atque

368 3934 665 4000 quamlibet
723 3950 787 3986 ex
849 3934 934 3988 his
985 3935 1346 4004 qumstionem
1418 3937 1639 4005 prapria
1688 3937 1943 3991 lucubra-

365 4025 512 4076 tione
543 4027 917 4087 tractavimus,
974 4034 1032 4076 ut.
1070 4035 1486 4095 cognoscentes,
1528 4025 1644 4081 haec
1689 4041 1813 4081 eum
1847 4041 1941 4080 cx-

367 4116 625 4185 prohrare
657 4113 893 4170 Latinis.
927 4115 1161 4181 Quando
1199 4116 1366 4188 igitur
1386 4128 1439 4173 et
1467 4117 1572 4172 alia
1611 4119 1938 4188 cognoveri-

436 4326 512 4396 (1)
541 4323 732 4396 ριηὶιῐ.
764 4325 926 4396 Al‘lat.
961 4342 1036 4377 τι.

437 4393 516 4514 (ξ)
539 4395 617 4448 lta
648 4403 795 4448 recte
821 4393 991 4448 Marc.
1013 4396 1049 4447 ί.
1074 4393 1179 4447 252
1205 4408 1257 4460 a,
1283 4393 1410 4448 dum
1437 4393 1583 4450 Mon.
1603 4393 1787 4461 habet,
1813 4394 1940 4464 ὁμο-

437 4483 465 4514 σ
493 4481 574 4514 ου.

363 4481 574 4519 ουσιου.

438 4536 513 4603 (3)
548 4531 693 4603 Non.
717 4534 808 4603 ‘27,
837 4532 874 4585 f.
912 4532 1016 4587 “'5
1043 4547 1092 4597 a,
1151 4532 1529 4603 ὲναλὰξαντες.

436 4601 511 4671 (4)
550 4601 691 4672 Non.
729 4602 821 4664 27,
852 4602 1268 4672 ἐμφιλοχωρῶν.

440 4669 517 4740 (5)
553 4669 699 4741 Mon.
738 4673 859 4736 cit.,
886 4669 1114 4741 εκὰσειρ
1140 4669 1231 4726 ⁷τε.

437 4739 512 4812 (6)
545 4740 635 4794 Sic
675 4751 820 4797 recte
851 4741 1041 4808 Marc.;
1077 4739 1246 4810 Mon.,
1281 4739 1585 4813 ἡγούμεθα.

437 4940 511 5013 (α)
555 4939 626 4994 De
660 4939 771 4992 Elia
795 4956 916 4995 cum
949 4957 1114 4996 carne
1148 4941 1200 4995 in
1231 4942 1428 4997 cmlum
1474 4953 1626 5013 rapto
1662 4942 1849 4998 Patres
1880 4943 1933 4997 in

365 5009 430 5063 IV
465 5012 595 5079 ιιι-ς.
624 5029 678 5067 ιι,
723 5013 966 5080 ll,s;cpe
996 5014 1296 5080 disputant.

433 5083 506 5151 (ὁ)
543 5082 806 5135 Nimirum
865 5095 988 5135 ante
1036 5083 1392 5136 umversalem
1454 5083 1931 5150 resurrectionem,

363 5156 504 5222 quod
560 5153 797 5222 Marcus
818 5168 940 5204 cum
997 5153 1120 5222 aliis
1163 5151 1369 5208 Graecis
1418 5169 1648 5222 negasse
1690 5165 1926 5208 constat.

365 5220 496 5275 Vide
546 5238 702 5276 conc.
759 5219 1025 5280 Floreut.,
1084 5221 1248 5276 Hard.
1306 5233 1343 5277 t.
1400 5219 1511 5287 IX,
1557 5241 1610 5292 p.
1668 5223 1733 5276 19
1784 5239 1923 5292 scq.,

363 5294 559 5364 rjyt'op.
595 5293 730 5348 Hist.
770 5309 927 5364 conc.
959 5293 1200 5348 Florent.
1236 5310 1288 5364 ρ.
1325 5294 1444 5348 156.
1480 5293 1616 5348 Hinc
1641 5295 1927 5348 Plusiade-

367 5376 469 5412 nus
492 5363 568 5429 (1)
592 5375 740 5416 notat
763 5381 774 5416 :
819 5384 836 5414 ι
853 5363 979 5417 Vide
999 5363 1272 5418 hominem
1295 5365 1426 5418 alias
1445 5381 1551 5417 non
1585 5368 1931 5418 conﬁtentem

364 5445 584 5485 sanetos
615 5450 737 5487 esse
773 5437 824 5486 in
855 5450 1020 5504 regno
1050 5436 1160 5498 Dei,
1198 5439 1299 5489 hoc
1362 5449 1490 5489 vero
1539 5437 1658 5488 loco
1708 5436 1919 5504 perspi-

364 5517 466 5572 cuo
517 5515 915 5572 asseverantem
975 5520 1068 5558 eos
1109 5506 1570 5572 contemplatione
1608 5508 1695 5557 Det
1729 5506 1794 5556 ad
1840 5506 1921 5556 fa-

364 5570 500 5623 ciem
543 5571 648 5623 frui
698 5584 918 5627 sanctos
956 5593 967 5606 ν
1003 5576 1144 5644 quod
1183 5587 1236 5629 et
1269 5570 1514 5628 Iitirabile
1558 5578 1764 5627 videtur
1797 5589 1924 5642 pru-

427 5689 500 5752 (I)
527 5688 640 5742 Sive.
666 5691 914 5755 Iosephus
951 5697 1303 5748 Methonensis.
1341 5697 1462 5748 Vide
1489 5704 1670 5746 tomum
1696 5698 2020 5757 superiorem.

1974 4347 2018 4404 ι)
2053 4325 2191 4404 μα)

2048 3113 2556 3177 σταντινουπόλεως,
2593 3113 2912 3183 Ἐπιφάνιος
2944 3116 2971 3168 6
3009 3115 3262 3185 Κύπρου,
3301 3116 3548 3179 Ἰωάννης
3578 3118 3620 3169 δ·

2044 3207 2433 3275 Χρυσόστομος
2461 3209 2553 3258 καὶ
2579 3206 2759 3277 ἕτεροι
2788 3207 2895 3259 τῶν
2937 3207 3105 3275 ἁγίων
3153 3208 3603 3277 ἀπολογήσονται.

2048 3295 2180 3364 Περὶ
2212 3293 2267 3345 δὲ
2299 3294 2391 3346 τοῦ
2426 3294 2518 3346 τοῦ
2554 3296 2757 3347 πάππα
2793 3297 3061 3362 πρωτείου
3098 3297 3256 3368 ἤρκει
3292 3297 3384 3350 κα)⁵
3417 3299 3477 3350 ἐκ
3505 3298 3607 3367 τῆς

2044 3387 2498 3457 μαρτυρουμένης
2520 3403 2595 3440 πα
2605 3387 2650 3458 ρ’
2664 3387 2830 3441 αὐτοῦ
2850 3389 3052 3460 ὀγδόης·
3063 3389 3279 3443 συνόδου
3299 3391 3379 3454 είς
3397 3389 3606 3462 ἐναρςςῆ

2044 3479 2420 3548 πληροφορίαν
2451 3479 2608 3532 τοῦτο
2638 3486 2924 3551 συστῆσαι.
2963 3482 3122 3536 Ἀλλὰ
3155 3483 3248 3536 καὶ
3277 3482 3548 3553 Θεόδωρος
3579 3487 3607 3538 6

2047 3571 2336 3640 Στουδίτης
2367 3573 2461 3624 καὶ
2492 3575 2559 3625 τὰ
2593 3573 2877 3641 Πρακτικὰ
2903 3573 3012 3626 τῶν
3042 3575 3214 3642 ἁγίων
3247 3577 3476 3629 συνόδων
3509 3595 3605 3629 σα-

2045 3662 2159 3732 φῶς
2201 3663 2507 3732 παριστῶσι
2551 3665 2680 3734 περ).
2721 3664 2933 3721 τούτου.
2974 3666 3080 3719 Καὶ
3121 3666 3349 3721 ἕκαστον
3390 3667 3607 3739 ζήτημα

2045 3756 2152 3809 ἀπὸ
2204 3755 2407 3808 τούτων
2463 3757 2600 3810 ίδίαν
2655 3758 3044 3826 πραγματείαν
3095 3761 3482 3829 πεποιήμεθα,
3531 3761 3608 3822 ὡς

2043 3849 2215 3901 ταῦτα
2258 3849 2618 3916 γινώσκοντες
2669 3851 2924 3917 ἐγκαλεῖν
2975 3851 3137 3904 αὑτὸν
3185 3856 3298 3916 τοῖς
3343 3852 3608 3912 Λατίνοις.

2047 3939 2144 3993 Ἂν
2173 3933 2267 3992 οὖν
2297 3941 2390 3991 καὶ
2419 3939 2583 4008 ἕτερα
2613 3939 2854 4008 γνῶμεν,
2886 3941 2935 3992 εί
2971 3941 3070 4010 μὲν
3099 3939 3297 4009 ἀληθῆ,
3329 3942 3418 3993 καὶ
3450 3941 3612 4010 ἡμεῖς

2046 4029 2162 4098 μετ’
2194 4027 2358 4082 αὑτοῦ
2411 4029 2723 4098 στησόμεθα
2779 4029 3244 4098 συνεγκαλοῦντες
3271 4045 3286 4061 ⁶
3339 4031 3386 4082 εί
3433 4029 3489 4083 δὲ
3536 4030 3609 4092 ὡς

2042 4119 2109 4173 τὰ
2149 4121 2550 4191 προειρημένα,
2595 4122 2718 4191 σιγῇ
2761 4121 3274 4193 παραδραμούμεθα
3313 4119 3608 4184 κανονικῶς

2271 4327 2325 4402 l_n
2377 4325 2522 4402 Men.
2554 4325 2817 4402 etiMarc.
2846 4333 2968 4402 nota
3001 4324 3313 4402 Plusiadenj
3371 4331 3565 4402 legitur
3593 4348 3608 4386 :

2053 4395 2195 4470 ’ξορα
2253 4396 2344 4470 τὸᾳν
2404 4397 2700 4470 ἀλλαχόθεν
2743 4399 2842 4470 μὲν
2901 4399 2974 4470 μὴ
3033 4395 3453 4470 ῥμολογοῦνταξ
3485 4407 3612 4464 τοὺς

2051 4462 2238 4540 ἁγίους
2273 4462 2415 4540 εἶναι
2461 4462 2690 4540 είςίτὴν
2732 4462 2834 4540 *θεοῦ
2865 4462 3000 4540 Θεοῦ
3037 4462 3338 4540 βασιλείαν,
3373 4462 3613 4524 ὲνεαῦθα

2051 4535 2106 4587 δὲ
2156 4537 2449 4607 προφανῶς
2501 4538 2598 4606 τῆς
2646 4535 2787 4606 πρὸς
2827 4535 3119 4607 πρόσωπον
3167 4535 3335 4592 αὐτοῦ
3379 4540 3613 4606 θεωρίας

2049 4605 3072 4680 ς.πολ.αμίξαιιιονῖαςδιισχυριζύμενον·
3102 4607 3137 4680 ῥ
3163 4612 3257 4660 καί
3295 4605 3610 4680 θαυμαστὸν

2047 4673 2196 4750 δοκεῖ
2227 4677 2642 4750 τοῖςλὲχέφροσι.
2677 4673 2800 4740 [Ιῶς
2833 4673 2904 4731 ού
2927 4680 3055 4746 νοεῖ,
3095 4677 3180 4730 ὅτι
3211 4673 3492 4750 προδήλως
3521 4682 3614 4733 αὺ-

2049 4745 2137 4806 τὸς
2183 4745 2357 4814 ἐαυτῷ
2391 4746 2703 4813 ἀντιλέγεις

3037 4867 3097 4885 Α

2044 4941 2319 5022 dentibus.
2356 4943 2647 5022 Quomodo
2677 4963 2782 5001 non
2809 4948 3061 5020 intelligit
3091 4966 3146 5006 se
3175 4960 3359 5022 aperte
3379 4952 3480 5007 sibi
3505 4953 3609 5022 ipsi

2042 5015 2421 5068 contradicere
2449 5015 2470 5067 ?
2509 5034 2525 5064 ι

2111 5093 2182 5149 (τ)
2214 5085 2410 5138 Ultima
2439 5085 2603 5158 Marci
2632 5087 2792 5158 verba
2829 5102 2990 5158 supra
3021 5090 3184 5144 citata
3217 5108 3340 5145 eum
3367 5108 3606 5146 errorem

2040 5151 2300 5212 indicant,
2331 5169 2487 5222 posse
2523 5157 2795 5209 hominem
2835 5151 3024 5214 in'hac
3055 5163 3266 5215 mortali
3301 5167 3407 5216 vita
3441 5164 3606 5217 Deum

2038 5223 2176 5275 facie
2200 5230 2264 5295 ait
2300 5228 2492 5276 fat-ictu
2526 5227 2867 5295 conspicere.

2108 5293 2360 5370 (_d)_\'ide
2392 5297 2457 5348 de
2487 5293 2693 5370 azymis
2723 5298 2996 5367 dialogum
3022 5296 3331 5356 Plusiadeni
3362 5318 3457 5370 pro
3475 5317 3609 5357 con-

2041 5366 2167 5443 cilio
2197 5363 2417 5443 fierent
2447 5381 2460 5427 ;
2490 5363 3185 5443 llttai'ioneuLmonachum
3218 5371 3292 5426 De
3324 5363 3461 5440 pauc
3488 5388 3609 5443 my-

2026 5440 2163 5512 stico
2205 5436 2322 5512 (Gr.
2357 5436 2646 5512 Ol‘lil.}.__l,
2685 5454 2736 5503 p.
2775 5437 3048 5512 657’seq.,
3084 5443 3187 5494 655
3220 5436 3386 5512 ευιιξ),
3428 5456 3478 5497 et
3535 5436 3608 5497 Le

2025 5505 2224 5581 Quieti,
2253 5507 2474 5581 dissert.
2510 5505 2542 5556 6
2583 5505 3000 5574 Damascenica,
3027 5519 3081 5566 et
3110 5513 3164 5567 in
3200 5505 3455 5581 Pan-tudio
3478 5516 3604 5568 adv.
3665 5509 3677 5518 ’

2025 5576 2268 5629 schisma
2304 5576 2639 5629 Graecorum.
