3988 6216
361 257 462 322 ιω
560 205 564 208 ”
1608 242 1912 306 CONTRA

2014 235 2362 302 PHESIUM.
3489 229 3589 299 110

353 373 515 427 τοῦτο
553 367 850 428 ποιοῦντες.
875 365 1010 416 Φασὶ
1049 363 1174 433 γάρ·
1214 359 1484 431 Πρότερον
1518 360 1578 412 τὸ
1621 359 1926 429 βαρύτερον

2049 367 2199 416 nius,
2225 348 2496 420 siquidem
2524 363 2647 403 vera
2679 357 2824 409 sunt,
2883 355 2937 402 et
2969 363 3065 403 nos
3098 362 3222 403 cum
3265 349 3383 419 ipso
3413 352 3594 404 consio

357 463 612 532 ἔγκλημα
657 459 738 512 δεῖ
781 453 1175 524 γυμνάζεσθαι,
1222 457 1316 505 καὶ
1363 455 1410 505 εἰ
1455 452 1518 504 τὺ
1562 453 1825 520 πρότερον
1866 447 1926 501 οὐ

2037 455 2238 496 stemus
2273 441 2436 495 simul
2463 457 2524 495 ea
2553 440 2968 509 exprobrantes,
2995 439 3042 495 si
3067 456 3198 496 vero
3223 449 3282 495 ut
3313 442 3591 510 przedicta,

358 553 598 632 δεχθείη,
639 550 758 610 οὐδὲ
796 547 866 600 τὰ
906 547 1068 599 λοιπὰ
1112 544 1463 608 ἑξετάζεσ⁴ῗαι
1493 559 1506 572 ’
1547 542 1704 602 τοῦτο
1745 541 1838 593 καὶ
1878 540 1929 632 oi.

2038 533 2256 596 silentio
2308 547 2373 594 ea
2438 534 2857 604 praeteribiinus,
2916 536 3184 589 canonice
3219 536 3271 588 id
3305 535 3587 589 facientes.

360 623 514 712 νόμοι
551 638 892 706 Θεσπίζουσι.
930 635 1065 706 Περὶ
1098 635 1155 690 δέ
1193 651 1254 704 γε
1292 637 1389 702 τῆς
1423 633 1626 705 εὐχῆς,
1664 633 1730 702 ἣν
1763 632 1820 683 ὲν
1853 628 1931 700 τῷ

2039 624 2204 677 Aiunt
2243 623 2386 682 enim
2430 643 2443 677 :
2476 623 2636 678 Prius
2683 633 2894 694 oportet
2935 623 3180 694 gravius,
3212 624 3356 693 quod
3401 625 3594 694 impin-

360 735 505 787 τέλει
544 730 798 801 εὔχεται,
842 728 890 781 ει
936 727 1035 798 μὶν
1075 726 1423 791 ἐξακολουθεῖ
1463 728 1575 788 τοῖς
1621 724 1928 792 Πατράσιν,

2041 719 2206 788 gitur,
2241 718 2450 772 crimen
2480 719 2767 783 denudari,
2809 729 2863 773 et
2899 720 2942 773 si
3003 720 3154 789 prius
3190 735 3300 774 non
3343 721 3597 776 admitta‘

359 829 580 886 πάντως
613 822 706 874 καὶ
735 819 795 871 τὸ
829 816 1148 885 αἰτούμενον
1179 814 1614 886 ἐπακολουθήσει
1639 829 1654 846 ο
1685 815 1731 866 εἰ
1767 814 1808 866 δ’
1836 813 1931 872 ἄλ-

2041 819 2152 878 tur,
2195 809 2402 881 reliqua
2451 825 2558 874 non
2611 809 2969 872 examinanda
3027 820 3174 864 sunt.
3204 811 3349 866 Idem
3385 828 3598 882 quoque

357 917 469 978 λως
515 916 610 967 καὶ
660 912 804 966 κατὰ
854 908 1177 977 πεισμονὴν,
1225 907 1286 959 τὸ
1337 907 1598 976 ἐσόμενον
1645 905 1929 974 πρόδηλον.

2039 899 2187 968 leges
2216 901 2491 954 sanciunt.
2521 901 2674 965 Quod
2708 901 2924 956 demum
2967 911 3176 969 spectat
3215 902 3280 955 ad
3335 907 3597 972 precatio.

361 1010 473 1062 Καὶ
513 1006 695 1076 ἡμεῖς,
733 1004 781 1055 εἰ
825 1001 926 1070 μὲν
962 999 1054 1055 διά
1091 1017 1144 1053 τι
1201 1000 1296 1060 τοῦ
1361 1000 1553 1060 αἰῶνος
1605 996 1796 1055 τούτου
1836 994 1934 1064 τὴν

2042 1007 2190 1056 nem,
2248 1006 2410 1061 quam
2461 992 2516 1045 in
2582 991 2688 1045 line
2749 994 2970 1057 reeitat,
3029 994 3294 1063 siquidem
3348 995 3601 1051 Patribus

360 1099 555 1154 ἕνωσιν
585 1094 860 1165 τηροῦμεν
892 1092 969 1161 (1)
991 1131 1006 1157 ,
1039 1093 1233 1161 εἴημεν
1267 1090 1764 1160 κολασθησόμενοι,
1798 1089 1933 1155 ὅπερ

2043 1084 2228 1138 obedit
2260 1099 2465 1152 eosque
2519 1084 2786 1152 sequitur,
2840 1085 3068 1138 omnino
3119 1086 3171 1138 id
3229 1087 3377 1154 quod
3425 1095 3602 1156 rogat,

363 1195 458 1244 καὶ
492 1189 796 1254 ἀναγκαίως
829 1185 1020 1237 ἕπεται
1045 1200 1060 1215 ο
1099 1185 1149 1236 εἰ
1181 1184 1236 1236 δὲ
1267 1185 1379 1245 τοῖς
1413 1183 1583 1251 ἴχνεσι
1615 1181 1722 1232 τῶν
1757 1180 1934 1232 Πατέ-

2043 1183 2440 1244 consequetur;
2476 1177 2520 1228 si
2556 1191 2684 1228 vero
2740 1177 2898 1230 aliter
2947 1187 3001 1230 et
3055 1177 3356 1231 secundum
3388 1179 3605 1232 suasio-

368 1294 477 1347 ρων
511 1271 996 1339 ὲξακολουῢοῦμεν,
1034 1271 1129 1324 καὶ
1163 1268 1261 1338 τὴν
1297 1269 1524 1337 εἰρήνην
1558 1268 1650 1320 καὶ
1683 1266 1935 1336 ὁμόνοιαν

2042 1281 2164 1320 nem
2195 1267 2563 1332 arbitrarium,
2591 1267 2642 1319 i.|
2675 1270 2816 1335 quod
2850 1267 3093 1322 futurum
3127 1270 3229 1324 erit
3255 1267 3602 1322 manifestum

364 1368 461 1434 τῆς
500 1363 832 1430 Ἐκκλησῖας
875 1360 1112 1432 Χριστοῦ
1159 1357 1226 1412 δι’
1253 1359 1414 1411 αὐτὸν
1460 1359 1551 1411 τὸν
1594 1358 1937 1428 εἰρηνοποιή-

2043 1364 2392 1422 est;etuos,
2454 1357 2500 1412 si
2557 1358 2778 1426 quidem
2840 1368 3062 1428 propter
3133 1374 3246 1413 rem
3294 1357 3605 1428 quampiam

370 1473 542 1511 σαντα
576 1455 670 1508 καὶ
703 1453 1110 1518 καταλλάξαντα
1148 1453 1297 1522 ἡμᾶς
1331 1450 1408 1521 τῷ
1447 1449 1560 1520 ἰδίῳ
1597 1452 1807 1520 Πατρὶ,
1843 1449 1940 1504 καὶ

2044 1447 2211 1518 hujus
2243 1449 2430 1504 mundi
2491 1451 2744 1504 unionem
2815 1461 3082 1516 tenemus.
3138 1467 3329 1521 poenas
3385 1452 3610 1507 omnino

369 1549 449 1600 ἔτι
475 1548 561 1600 διὰ
587 1546 648 1599 τὸ
676 1545 958 1614 συμφέρον
981 1543 1092 1596 τῶν
1117 1543 1456 1613 Χριστιανῶν
1481 1542 1575 1597 καὶ
1600 1542 1701 1612 τὴν
1725 1545 1823 1613 τῆς
1852 1543 1939 1596 πι-

2045 1540 2316 1605 dabimus,
2381 1543 2522 1610 quod
2590 1552 2641 1596 et
2675 1543 2988 1598 necessario
3046 1543 3326 1612 Sequitur;
3381 1543 3426 1597 si
3483 1559 3610 1597 vero

373 1658 542 1702 στεως
571 1637 896 1702 ὲξάπλωσιν,
925 1635 1046 1706 ἥτις
1075 1635 1180 1688 ὑπὸ
1204 1635 1313 1688 τῶν
1343 1634 1523 1688 ἀθέων
1548 1634 1674 1688 καθ’
1700 1634 1939 1699 ἑκάστην

2046 1634 2273 1700 vestigia
2312 1633 2529 1688 Patrum
2564 1650 2750 1703 presse
2785 1637 3091 1706 sequimur,
3155 1646 3209 1691 et
3260 1651 3446 1706 pacem
3481 1651 3613 1690 eon-

370 1733 444 1793 ὼς
478 1734 649 1784 εἰπεῖν
681 1726 962 1783 στενοῦται
994 1729 1087 1781 καὶ
1122 1727 1308 1796 σχεδὸν
1338 1729 1418 1790 εἰς
1448 1727 1508 1778 τὸ
1543 1726 1616 1797 μὴ
1645 1727 1702 1780 ὃν
1731 1729 1902 1796 χωρεί
1922 1768 1934 1787 ,

2047 1725 2402 1794 cordiamque
2438 1724 2693 1779 Ecclesiae
2745 1725 2950 1780 Christi
3005 1734 3225 1802 propter
3270 1728 3469 1796 ipsum,
3516 1728 3611 1796 qui

376 1825 478 1890 ὅση
517 1823 646 1890 ἡμῖν
682 1820 933 1889 δύναμις,
981 1819 1230 1889 συνέχειν
1276 1817 1669 1887 σπουδάζομεν,
1722 1817 1940 1871 συνεσό-

2043 1816 2356 1886 pacilicavit
2407 1826 2459 1870 et
2507 1818 2886 1880 reconciliavit
2935 1834 3039 1873 nos
3071 1801 3320 1889 .proprio
3357 1818 3526 1884 Patri,
3561 1827 3617 1874 et

387 1913 527 1979 μεθα
553 1913 639 1963 καὶ
667 1912 828 1980 ἡμεῖς
853 1911 962 1972 τοῖς
994 1909 1156 1971 Ocior;
1191 1909 1466 1978 Πατράσιν
1493 1910 1552 1961 ὲν
1581 1911 1646 1979 τῇ
1679 1910 1770 1961 τοῦ
1803 1910 1940 1978 Χρι-

2043 1907 2223 1961 adhuc
2279 1918 2503 1977 propter
2571 1909 2858 1964 utilitatem
2913 1910 3348 1964 Christianorum
3385 1920 3438 1965 et
3491 1910 3613 1963 lidei

381 2002 504 2055 στοῦ
535 2002 824 2072 παρουσία,
854 2001 901 2054 εἰ
931 2003 1022 2055 καὶ
1054 2001 1196 2070 μέγα
1224 2001 1341 2052 ἐστὶ
1372 2002 1464 2054 καὶ
1501 2001 1650 2069 παρὰ
1678 2001 1772 2068 τὴν
1805 2002 1939 2068 ἡμε-

2043 1997 2485 2066 cxplicationem,
2532 2013 2653 2068 quae
2702 2000 2770 2052 ab
2833 1999 3015 2067 impiis
3065 2001 3352 2070 quotidie,
3421 2010 3478 2054 ut
3541 2002 3616 2057 ita

373 2095 536 2162 τέραν
569 2092 842 2144 πολιτείαν
873 2090 934 2144 τὸ
967 2090 1304 2158 αἰτούμενον.
1343 2089 1625 2160 Παράσχοι
1657 2090 1713 2144 δὲ
1749 2091 1776 2140 ὁ
1809 2090 1943 2152 θεὸς

2043 2088 2245 2152 dicam,
2287 2090 2342 2142 in
2392 2089 2676 2157 angustias
2729 2089 2994 2158 redigitur
3026 2099 3078 2143 ct
3111 2091 3222 2146 fere
3274 2093 3327 2145 in
3389 2092 3615 2144 nihilum

372 2188 470 2236 καὶ
499 2182 580 2252 τῷ
614 2183 876 2252 αἱδεσίμῳ
913 2181 1142 2250 Ἐφέσου
1180 2181 1307 2233 ἰδεῖν
1351 2182 1484 2250 πρὸς
1525 2181 1623 2250 τὴν
1661 2181 1943 2250 ἀλήθειαν,

2051 2178 2339 2249 demigrat,
2383 2195 2738 2248 conservare,
2797 2191 3062 2250 quantum
3122 2182 3278 2236 nobis
3323 2191 3613 2252 suppetunt

373 2277 602 2329 ὲάσαντι
633 2274 808 2350 πάντα
834 2273 903 2326 τὰ
927 2273 1070 2326 κατὰ
1101 2271 1404 2342 πεισμονὴν
1433 2271 1530 2324 καὶ
1563 2272 1624 2324 τὸ
1656 2271 1948 2338 ὲθελόγνω-

2050 2269 2216 2334 vires,
2252 2269 2556 2333 studemus,
2588 2279 2718 2325 tunc
2778 2271 2940 2325 simul
3001 2273 3208 2327 erimus
3254 2283 3308 2327 et
3359 2290 3456 2329 nos
3491 2291 3612 2328 cum

380 2380 500 2431 μον,
545 2361 640 2416 καὶ
684 2361 756 2430 μὴ
801 2360 938 2431 πρὸς
978 2360 1079 2430 τὴν
1120 2358 1395 2429 ὑπεροχὴν
1441 2359 1546 2410 τῶν
1579 2359 1743 2412 αὑτοῦ
1774 2359 1948 2427 λόγων

2057 2361 2198 2416 divis
2235 2363 2492 2418 Patribus
2533 2363 2588 2417 in
2637 2363 2841 2418 Christi
2892 2365 3147 2432 adventu,
3191 2367 3312 2421 licet
3342 2383 3428 2421 res
3468 2367 3618 2439 ﬂagia

381 2451 740 2505 ἁποϐλέποντι
768 2451 1132 2522 καταφρονεῖν
1161 2451 1274 2504 τῶν
1304 2448 1762 2519 χθαμαλωτέρων,
1791 2451 1840 2502 εἰ
1867 2451 1952 2504 λό-

2059 2461 2172 2506 lata
2207 2467 2398 2522 magna
2460 2455 2532 2509 sit
2583 2464 2636 2508 et
2705 2470 2870 2525 supra
2921 2467 3121 2512 nostra!
3169 2459 3292 2512 vitze
3346 2460 3617 2515 instituta.

381 2559 479 2607 γου
515 2558 566 2593 τι
607 2544 698 2596 καὶ
743 2535 890 2595 οὗτοι
931 2542 1188 2610 λέγουσιν
1225 2542 1398 2607 ἄξιον,
1438 2543 1530 2595 καὶ
1583 2541 1814 2611 μάλιστα
1857 2545 1953 2612 τὴν

2060 2543 2343 2600 Concedat
2401 2554 2581 2600 autem
2623 2546 2764 2602 Deus
2819 2549 3116 2603 venerabili
3177 2549 3436 2619 Ephesio,
3464 2561 3523 2606 ut
3556 2553 3622 2606 ad

379 2635 640 2686 σύστασιν
681 2635 896 2702 ἔχουσιν
939 2635 1002 2688 ἐκ
1037 2635 1146 2688 τῶν
1183 2634 1344 2688 Θείων
1383 2633 1642 2704 Πατὲρων
1669 2649 1684 2664 ο
1723 2629 1799 2688 ὧν
1840 2635 1954 2696 ταῖς

2063 2635 2348 2690 veritatem
2404 2638 2682 2704 respiciat,
2743 2641 2957 2695 eunetis
3015 2655 3081 2695 ex
3118 2655 3267 2695 mero
3317 2643 3621 2697 voluntatis

379 2723 796 2793 εὐπροσδέκτοις
829 2725 1016 2796 εὐχαῖς
1049 2725 1310 2796 ὁμαλίσαι
1349 2725 1553 2794 Κύριος
1588 2726 1681 2779 καὶ
1717 2725 1954 2779 ἀπευθύ-

2064 2727 2302 2782 arbitrio
2344 2735 2398 2782 et
2441 2729 2591 2783 inani
2625 2734 2979 2799 persuasione
3037 2733 3296 2801 profectis
3335 2736 3627 2799 valedicat,

379 2831 469 2869 ναι
500 2816 597 2878 τὰς
631 2814 854 2886 γνώμας
884 2817 1019 2886 πρὸς
1047 2815 1142 2882 ἓν,
1174 2817 1319 2880 ὅπως
1353 2816 1581 2887 γένηται
1618 2817 1713 2886 μία
1748 2815 1952 2886 ποίμνη

2062 2833 2202 2874 neve
2234 2829 2484 2890 respectu
2537 2823 2722 2876 hahito
2757 2825 2822 2877 ad
2861 2839 3086 2880 suarum
3135 2828 3401 2881 rationum
3449 2829 3626 2882 excela

381 2906 477 2958 καὶ
516 2902 597 2969 εἷς
643 2910 880 2978 ποιμήν·
920 2902 964 2976 ᾧ
1011 2909 1045 2979 ἡ
1072 2907 1199 2974 δόξα
1246 2910 1336 2962 καὶ
1379 2909 1413 2979 ἠ
1459 2910 1665 2972 αῖνεσις
1710 2909 1790 2972 εἰς
1828 2910 1956 2973 τοὺς

2059 2908 2288 2964 lentiam
2327 2912 2648 2968 humiliores
2681 2925 2924 2982 spernat,
2977 2919 3020 2970 si
3067 2920 3194 2987 quid
3231 2929 3284 2972 et
3321 2919 3372 2972 hi
3416 2920 3629 2972 ratione

382 2995 588 3060 αἰῶνας
616 2997 723 3049 τῶν
751 2997 999 3052 αἰώνων(
1019 2998 1216 3070 Ἀμήν.

2057 3003 2280 3073 dignum
2333 3005 2658 3074 loquuntur,
2693 3015 2746 3059 et
2801 3010 3032 3061 maxime
3079 3025 3143 3061 ex
3199 3009 3337 3063 diris
3376 3008 3631 3063 Patribus

386 3091 857 3148 conﬁrmationem
916 3095 1140 3152 habent.
1200 3095 1444 3162 Quorum
1502 3094 1613 3152 Deo
1678 3097 1924 3167 acceptis
1954 3099 2206 3168 precibus
2273 3111 2542 3170 exaequet,
2591 3102 2829 3155 emolliat
2867 3115 2932 3156 ac
2981 3102 3178 3172 dirigat
3239 3103 3542 3157 sententias
3579 3103 3634 3156 iu

386 3201 560 3242 unum
611 3185 900 3256 Dominus,
934 3195 992 3244 ut
1035 3188 1127 3246 tiat
1169 3205 1338 3246 unum
1373 3190 1518 3248 ovile
1569 3200 1620 3248 et
1665 3207 1803 3248 unus
1840 3201 2029 3262 pastor
2063 3212 2077 3250 :
2115 3194 2201 3250 cui
2263 3195 2386 3249 laus
2419 3203 2473 3249 et
2509 3194 2678 3265 gloria
2722 3194 2775 3250 in
2804 3194 2999 3250 saecula
3045 3193 3394 3250 sreculorum.
3435 3196 3659 3270 Amcna

487 3368 542 3432 il
565 3367 736 3435 Mom,
763 3369 1041 3440 τηρῶμεν.
