  <div class='ocr_page' id='page_1' title='image "/cluster/home/n/w/nwhite01/storage/ocr_20150623/160/hvd.32044073502692/063.png"; bbox 0 0 3984 6228; ppageno 0'>
   <div class='ocr_carea' id='block_1_1' title="bbox 356 279 1929 384">
    <p class='ocr_par' dir='ltr' id='par_1_1' title="bbox 356 281 1925 384">
     <span class='ocr_line' id='line_1_1' title="bbox 356 281 1925 384; baseline -0.005 -37"><span class='ocrx_word' id='word_1_1' title='bbox 356 288 449 348; x_wconf 79' lang='grc' dir='ltr'><strong>ιιι</strong></span> <span class='ocrx_word' id='word_1_2' title='bbox 858 372 874 384; x_wconf 36' lang='lat'><strong><em>’</em></strong></span> <span class='ocrx_word' id='word_1_3' title='bbox 1283 283 1655 344; x_wconf 79' lang='lat' dir='ltr'><strong>GREGORU</strong></span> <span class='ocrx_word' id='word_1_4' title='bbox 1704 281 1925 341; x_wconf 83' lang='lat' dir='ltr'><strong>MAMM</strong></span> 
     </span>
    </p>
   </div>
   <div class='ocr_carea' id='block_1_2' title="bbox 2002 279 3575 384">
    <p class='ocr_par' dir='ltr' id='par_1_2' title="bbox 2033 279 3575 345">
     <span class='ocr_line' id='line_1_2' title="bbox 2033 279 3575 345; baseline 0.002 -4"><span class='ocrx_word' id='word_1_5' title='bbox 2033 280 2142 341; x_wconf 88' lang='lat' dir='ltr'><strong>CP.</strong></span> <span class='ocrx_word' id='word_1_6' title='bbox 2180 279 2689 341; x_wconf 58' lang='lat' dir='ltr'><strong>PATRIARCHIE</strong></span> <span class='ocrx_word' id='word_1_7' title='bbox 3493 281 3575 345; x_wconf 74' lang='grc'><strong>119</strong></span> 
     </span>
    </p>
   </div>
   <div class='ocr_carea' id='block_1_3' title="bbox 457 588 3465 766">
    <p class='ocr_par' dir='ltr' id='par_1_3' title="bbox 457 588 3465 766">
     <span class='ocr_line' id='line_1_3' title="bbox 457 588 3465 766; baseline 0 -7"><span class='ocrx_word' id='word_1_8' title='bbox 457 590 1729 761; x_wconf 85' lang='grc' dir='ltr'><strong>ΓΡΗΓΟΡΙΟΥ</strong></span> <span class='ocrx_word' id='word_1_9' title='bbox 1804 588 3465 766; x_wconf 85' lang='grc' dir='ltr'><strong>ΙΕΡΟΜΟΝΑΧΟΥ</strong></span> 
     </span>
    </p>
   </div>
   <div class='ocr_carea' id='block_1_4' title="bbox 1006 852 2905 910">
    <p class='ocr_par' dir='ltr' id='par_1_4' title="bbox 1006 852 2905 910">
     <span class='ocr_line' id='line_1_4' title="bbox 1006 852 2905 910; baseline 0.002 -4"><span class='ocrx_word' id='word_1_10' title='bbox 1006 855 1142 908; x_wconf 86' lang='grc' dir='ltr'><strong>ΤΟΥ</strong></span> <span class='ocrx_word' id='word_1_11' title='bbox 1165 854 1493 910; x_wconf 79' lang='grc' dir='ltr'><strong>ΜΕΓΔΛΟΥ</strong></span> <span class='ocrx_word' id='word_1_12' title='bbox 1527 852 2177 908; x_wconf 82' lang='grc' dir='ltr'><strong>ΠΡΩΤΟΣΥΓΚΕΛΛΟΥ</strong></span> <span class='ocrx_word' id='word_1_13' title='bbox 2224 853 2347 907; x_wconf 79' lang='grc' dir='ltr'><strong>ΚΑΙ</strong></span> <span class='ocrx_word' id='word_1_14' title='bbox 2388 853 2905 909; x_wconf 81' lang='grc' dir='ltr'><strong>ΠΝΕΥΜΑἹΊΚΟΥ</strong></span> 
     </span>
    </p>
   </div>
   <div class='ocr_carea' id='block_1_5' title="bbox 390 400 3574 439">
    <p class='ocr_par' dir='ltr' id='par_1_5' title="bbox 390 400 3574 439">
     <span class='ocr_line' id='line_1_5' title="bbox 390 400 3574 439; baseline -0.002 -3"><span class='ocrx_word' id='word_1_15' title='bbox 390 400 3574 439; x_wconf 74' lang='lat' dir='ltr'><em>W</em></span> 
     </span>
    </p>
   </div>
   <div class='ocr_carea' id='block_1_6' title="bbox 586 984 2159 1081">
    <p class='ocr_par' dir='ltr' id='par_1_6' title="bbox 586 984 2159 1069">
     <span class='ocr_line' id='line_1_6' title="bbox 586 984 2159 1069; baseline -0.001 -3"><span class='ocrx_word' id='word_1_16' title='bbox 586 1013 719 1066; x_wconf 84' lang='grc' dir='ltr'><strong>ΤΟΥ</strong></span> <span class='ocrx_word' id='word_1_17' title='bbox 744 984 1080 1068; x_wconf 69' lang='lat' dir='ltr'><strong>rzrnpoai</strong></span> <span class='ocrx_word' id='word_1_18' title='bbox 1120 1012 1730 1069; x_wconf 72' lang='grc' dir='ltr'><strong>ΧΡΗΜΑΠΣΑΝΤΟΣ</strong></span> <span class='ocrx_word' id='word_1_19' title='bbox 1774 1012 2159 1066; x_wconf 70' lang='grc' dir='ltr'><strong>ΠΑἸΡΙΑΡΧι</strong></span> 
     </span>
    </p>
   </div>
   <div class='ocr_carea' id='block_1_7' title="bbox 1775 984 3348 1081">
    <p class='ocr_par' dir='ltr' id='par_1_7' title="bbox 1775 1012 3348 1081">
     <span class='ocr_line' id='line_1_7' title="bbox 1775 1012 3348 1081; baseline -0.001 -15"><span class='ocrx_word' id='word_1_20' title='bbox 1775 1012 2263 1081; x_wconf 74' lang='grc' dir='ltr'><strong>ηΑπΡιΑΡΧοΥ,</strong></span> <span class='ocrx_word' id='word_1_21' title='bbox 2295 1014 2409 1068; x_wconf 80' lang='grc' dir='ltr'><strong>ΚΑΙ</strong></span> <span class='ocrx_word' id='word_1_22' title='bbox 2428 1013 2528 1067; x_wconf 87' lang='lat' dir='ltr'><strong>EN</strong></span> <span class='ocrx_word' id='word_1_23' title='bbox 2567 1013 2771 1081; x_wconf 84' lang='grc' dir='ltr'><strong>ΡΩΜῌ</strong></span> <span class='ocrx_word' id='word_1_24' title='bbox 2823 1013 3185 1075; x_wconf 64' lang='lat' dir='ltr'><strong>mosmos</strong></span> <span class='ocrx_word' id='word_1_25' title='bbox 3223 1014 3348 1071; x_wconf 78' lang='lat' dir='ltr'><strong>KAI</strong></span> 
     </span>
    </p>
   </div>
   <div class='ocr_carea' id='block_1_8' title="bbox 1570 1125 2435 1221">
    <p class='ocr_par' dir='ltr' id='par_1_8' title="bbox 1570 1125 2435 1221">
     <span class='ocr_line' id='line_1_8' title="bbox 1570 1125 2435 1221; baseline -0.003 -39"><span class='ocrx_word' id='word_1_26' title='bbox 1570 1131 1659 1183; x_wconf 81' lang='grc' dir='ltr'>ΘΔ</span> <span class='ocrx_word' id='word_1_27' title='bbox 1675 1128 1818 1181; x_wconf 82' lang='grc' dir='ltr'><strong>ΥΜΑ</strong></span> <span class='ocrx_word' id='word_1_28' title='bbox 1831 1125 1920 1179; x_wconf 89' lang='grc' dir='ltr'><strong>ΤΟ</strong></span> <span class='ocrx_word' id='word_1_29' title='bbox 1932 1129 2360 1221; x_wconf 73' lang='grc' dir='ltr'><strong>ΥΡΓρΥΝΤΟΣ</strong></span> <span class='ocrx_word' id='word_1_30' title='bbox 2432 1156 2435 1157; x_wconf 53' lang='grc' dir='ltr'><strong>ν</strong></span> 
     </span>
    </p>
   </div>
   <div class='ocr_carea' id='block_1_9' title="bbox 658 1290 3266 1381">
    <p class='ocr_par' dir='ltr' id='par_1_9' title="bbox 658 1290 3266 1381">
     <span class='ocr_line' id='line_1_9' title="bbox 658 1290 3266 1381; baseline -0.001 0"><span class='ocrx_word' id='word_1_31' title='bbox 658 1295 1229 1381; x_wconf 86' lang='grc' dir='ltr'><strong>ΑΠΟΛΟΓΙΑ</strong></span> <span class='ocrx_word' id='word_1_32' title='bbox 1301 1295 1472 1380; x_wconf 87' lang='grc' dir='ltr'><strong>ΕΙΣ</strong></span> <span class='ocrx_word' id='word_1_33' title='bbox 1524 1295 1755 1378; x_wconf 86' lang='grc' dir='ltr'><strong>ΤΗΝ</strong></span> <span class='ocrx_word' id='word_1_34' title='bbox 1840 1291 2069 1377; x_wconf 90' lang='grc' dir='ltr'><strong>ΤΟΥ</strong></span> <span class='ocrx_word' id='word_1_35' title='bbox 2125 1292 2564 1378; x_wconf 87' lang='grc' dir='ltr'><strong>ΕΦΕΣΟΥ</strong></span> <span class='ocrx_word' id='word_1_36' title='bbox 2614 1290 3266 1378; x_wconf 83' lang='grc' dir='ltr'><strong>ΕΠΙΣΤΟΛΗΝ</strong></span> 
     </span>
    </p>
   </div>
   <div class='ocr_carea' id='block_1_10' title="bbox 1476 1471 2455 1531">
    <p class='ocr_par' dir='ltr' id='par_1_10' title="bbox 1476 1471 2455 1531">
     <span class='ocr_line' id='line_1_10' title="bbox 1476 1471 2455 1531; baseline 0 0"><span class='ocrx_word' id='word_1_37' title='bbox 1476 1476 1584 1531; x_wconf 82' lang='grc' dir='ltr'><strong>ΕΚ</strong></span> <span class='ocrx_word' id='word_1_38' title='bbox 1666 1471 2099 1527; x_wconf 77' lang='grc' dir='ltr'><strong>ΔΙΛΦΟΡΩΝ</strong></span> <span class='ocrx_word' id='word_1_39' title='bbox 2167 1476 2455 1531; x_wconf 86' lang='grc' dir='ltr'><strong>ΛΓΙΩΝ.</strong></span> 
     </span>
    </p>
   </div>
   <div class='ocr_carea' id='block_1_11' title="bbox 713 1813 3188 2061">
    <p class='ocr_par' dir='ltr' id='par_1_11' title="bbox 713 1813 3188 2061">
     <span class='ocr_line' id='line_1_11' title="bbox 713 1813 3188 2061; baseline -0.004 -87"><span class='ocrx_word' id='word_1_40' title='bbox 713 1816 1639 1974; x_wconf 77' lang='lat' dir='ltr'><strong>GREGORII</strong></span> <span class='ocrx_word' id='word_1_41' title='bbox 1700 1813 3188 2061; x_wconf 79' lang='lat' dir='ltr'><strong>HIEROMONACHI</strong></span> 
     </span>
    </p>
   </div>
   <div class='ocr_carea' id='block_1_12' title="bbox 1102 2105 2792 2166">
    <p class='ocr_par' dir='ltr' id='par_1_12' title="bbox 1102 2105 2792 2166">
     <span class='ocr_line' id='line_1_12' title="bbox 1102 2105 2792 2166; baseline 0.001 -3"><span class='ocrx_word' id='word_1_42' title='bbox 1102 2108 1315 2165; x_wconf 76' lang='lat' dir='ltr'><strong>MAGNI</strong></span> <span class='ocrx_word' id='word_1_43' title='bbox 1357 2105 1923 2166; x_wconf 81' lang='lat' dir='ltr'><strong>PROTOSYNCELLI</strong></span> <span class='ocrx_word' id='word_1_44' title='bbox 1976 2110 2062 2165; x_wconf 86' lang='lat' dir='ltr'><strong>ET</strong></span> <span class='ocrx_word' id='word_1_45' title='bbox 2121 2112 2165 2165; x_wconf 86' lang='lat' dir='ltr'><strong>A</strong></span> <span class='ocrx_word' id='word_1_46' title='bbox 2204 2106 2792 2165; x_wconf 78' lang='lat' dir='ltr'><strong>CONFESSIONIBUS</strong></span> 
     </span>
    </p>
   </div>
   <div class='ocr_carea' id='block_1_13' title="bbox 340 2266 3587 2330">
    <p class='ocr_par' dir='ltr' id='par_1_13' title="bbox 340 2266 3587 2330">
     <span class='ocr_line' id='line_1_13' title="bbox 340 2266 3587 2330; baseline -0.001 -10"><span class='ocrx_word' id='word_1_47' title='bbox 340 2269 461 2330; x_wconf 77' lang='lat' dir='ltr'><strong>QUI</strong></span> <span class='ocrx_word' id='word_1_48' title='bbox 495 2269 919 2320; x_wconf 74' lang='lat' dir='ltr'><strong>POSTMODUM</strong></span> <span class='ocrx_word' id='word_1_49' title='bbox 948 2269 1249 2319; x_wconf 81' lang='lat' dir='ltr'><strong>CREATUS</strong></span> <span class='ocrx_word' id='word_1_50' title='bbox 1289 2270 1409 2318; x_wconf 84' lang='lat' dir='ltr'><strong>EST</strong></span> <span class='ocrx_word' id='word_1_51' title='bbox 1456 2269 1905 2326; x_wconf 78' lang='lat' dir='ltr'><strong>PATRIARCIIA,</strong></span> <span class='ocrx_word' id='word_1_52' title='bbox 1934 2268 2015 2316; x_wconf 84' lang='lat' dir='ltr'><strong>ET</strong></span> <span class='ocrx_word' id='word_1_53' title='bbox 2060 2267 2261 2316; x_wconf 53' lang='lat' dir='ltr'><strong>ROMIB</strong></span> <span class='ocrx_word' id='word_1_54' title='bbox 2309 2266 2672 2316; x_wconf 80' lang='lat' dir='ltr'><strong>SEPULTUS</strong></span> <span class='ocrx_word' id='word_1_55' title='bbox 2706 2266 3139 2317; x_wconf 75' lang='lat' dir='ltr'><strong>CORUSCAYIT</strong></span> <span class='ocrx_word' id='word_1_56' title='bbox 3188 2266 3587 2326; x_wconf 73' lang='lat' dir='ltr'><strong>MIRACULIS,</strong></span> 
     </span>
    </p>
   </div>
   <div class='ocr_carea' id='block_1_14' title="bbox 598 2429 3328 2525">
    <p class='ocr_par' dir='ltr' id='par_1_14' title="bbox 598 2429 3328 2525">
     <span class='ocr_line' id='line_1_14' title="bbox 598 2429 3328 2525; baseline 0.001 -10"><span class='ocrx_word' id='word_1_57' title='bbox 598 2433 1266 2525; x_wconf 81' lang='lat' dir='ltr'><strong>RESPONSIO</strong></span> <span class='ocrx_word' id='word_1_58' title='bbox 1357 2433 1501 2520; x_wconf 89' lang='lat' dir='ltr'><strong>AD</strong></span> <span class='ocrx_word' id='word_1_59' title='bbox 1611 2429 2285 2521; x_wconf 83' lang='lat' dir='ltr'><strong>EPISTOLAM</strong></span> <span class='ocrx_word' id='word_1_60' title='bbox 2377 2430 2737 2521; x_wconf 81' lang='lat' dir='ltr'><strong>MARCI</strong></span> <span class='ocrx_word' id='word_1_61' title='bbox 2849 2430 3328 2522; x_wconf 80' lang='lat' dir='ltr'><strong>EPHESII</strong></span> 
     </span>
    </p>
   </div>
   <div class='ocr_carea' id='block_1_15' title="bbox 1327 2620 2595 2701">
    <p class='ocr_par' dir='ltr' id='par_1_15' title="bbox 1327 2620 2595 2701">
     <span class='ocr_line' id='line_1_15' title="bbox 1327 2620 2595 2701; baseline -0.002 -14"><span class='ocrx_word' id='word_1_62' title='bbox 1327 2642 1413 2687; x_wconf 65' lang='lat' dir='ltr'><strong>ex</strong></span> <span class='ocrx_word' id='word_1_63' title='bbox 1446 2640 1649 2685; x_wconf 71' lang='lat' dir='ltr'><strong>unus</strong></span> <span class='ocrx_word' id='word_1_64' title='bbox 1680 2637 2053 2684; x_wconf 69' lang='lat' dir='ltr'><strong>smc&#39;ronuu</strong></span> <span class='ocrx_word' id='word_1_65' title='bbox 2086 2636 2450 2684; x_wconf 76' lang='lat' dir='ltr'><strong>SENTENTHS</strong></span> <span class='ocrx_word' id='word_1_66' title='bbox 2486 2621 2504 2699; x_wconf 91' lang='lat'>(</span> <span class='ocrx_word' id='word_1_67' title='bbox 2516 2620 2595 2701; x_wconf 92' lang='lat'><strong>1).</strong></span> 
     </span>
    </p>
   </div>
   <div class='ocr_carea' id='block_1_16' title="bbox 952 2919 2958 3003">
    <p class='ocr_par' dir='ltr' id='par_1_16' title="bbox 952 2919 2958 3003">
     <span class='ocr_line' id='line_1_16' title="bbox 952 2919 2958 3003; baseline 0 -10"><span class='ocrx_word' id='word_1_68' title='bbox 952 2939 1309 2997; x_wconf 79' lang='lat' dir='ltr'><strong>EPllESlUS.</strong></span> <span class='ocrx_word' id='word_1_69' title='bbox 1936 2948 1980 3003; x_wconf 70' lang='grc' dir='ltr'>Α</span> <span class='ocrx_word' id='word_1_70' title='bbox 2660 2919 2958 2996; x_wconf 64' lang='lat' dir='ltr'><strong>senatos.</strong></span> 
     </span>
    </p>
   </div>
   <div class='ocr_carea' id='block_1_17' title="bbox 412 3031 1985 3108">
    <p class='ocr_par' dir='ltr' id='par_1_17' title="bbox 412 3031 1907 3101">
     <span class='ocr_line' id='line_1_17' title="bbox 412 3031 1907 3101; baseline -0.003 -11"><span class='ocrx_word' id='word_1_71' title='bbox 412 3036 673 3091; x_wconf 78' lang='lat' dir='ltr'><strong>Omnibus</strong></span> <span class='ocrx_word' id='word_1_72' title='bbox 724 3033 920 3101; x_wconf 89' lang='lat' dir='ltr'><strong>ubique</strong></span> <span class='ocrx_word' id='word_1_73' title='bbox 958 3042 1228 3085; x_wconf 88' lang='lat' dir='ltr'><strong>terrarum</strong></span> <span class='ocrx_word' id='word_1_74' title='bbox 1263 3032 1590 3100; x_wconf 73' lang='lat' dir='ltr'><strong>degentibus</strong></span> <span class='ocrx_word' id='word_1_75' title='bbox 1635 3031 1907 3089; x_wconf 83' lang='lat' dir='ltr'><strong>Christia-</strong></span> 
     </span>
    </p>
   </div>
   <div class='ocr_carea' id='block_1_18' title="bbox 2013 3031 3586 3108">
    <p class='ocr_par' dir='ltr' id='par_1_18' title="bbox 2083 3031 3586 3108">
     <span class='ocr_line' id='line_1_18' title="bbox 2083 3031 3586 3108; baseline 0.003 -21"><span class='ocrx_word' id='word_1_76' title='bbox 2083 3032 2207 3096; x_wconf 85' lang='grc' dir='ltr'><strong>Τοῖς</strong></span> <span class='ocrx_word' id='word_1_77' title='bbox 2231 3031 2544 3102; x_wconf 79' lang='grc' dir='ltr'><strong>ἁπανταχοῦ</strong></span> <span class='ocrx_word' id='word_1_78' title='bbox 2576 3033 2675 3100; x_wconf 85' lang='grc' dir='ltr'>τῆς</span> <span class='ocrx_word' id='word_1_79' title='bbox 2706 3033 2810 3103; x_wconf 84' lang='grc' dir='ltr'><strong>γῆς</strong></span> <span class='ocrx_word' id='word_1_80' title='bbox 2852 3035 2947 3087; x_wconf 77' lang='grc' dir='ltr'>καὶ</span> <span class='ocrx_word' id='word_1_81' title='bbox 2976 3034 3086 3088; x_wconf 85' lang='grc' dir='ltr'>τῶν</span> <span class='ocrx_word' id='word_1_82' title='bbox 3124 3035 3304 3107; x_wconf 81' lang='grc' dir='ltr'><strong>νήσων</strong></span> <span class='ocrx_word' id='word_1_83' title='bbox 3336 3034 3586 3108; x_wconf 79' lang='grc' dir='ltr'>εὕρισκο-</span> 
     </span>
    </p>
   </div>
   <div class='ocr_carea' id='block_1_19' title="bbox 345 3120 1918 3198">
    <p class='ocr_par' dir='ltr' id='par_1_19' title="bbox 345 3120 1906 3185">
     <span class='ocr_line' id='line_1_19' title="bbox 345 3120 1906 3185; baseline -0.004 -4"><span class='ocrx_word' id='word_1_84' title='bbox 345 3128 432 3183; x_wconf 89' lang='lat' dir='ltr'><strong>nis</strong></span> <span class='ocrx_word' id='word_1_85' title='bbox 478 3134 533 3180; x_wconf 91' lang='lat' dir='ltr'><strong>et</strong></span> <span class='ocrx_word' id='word_1_86' title='bbox 568 3123 779 3179; x_wconf 83' lang='lat' dir='ltr'><strong>insulas</strong></span> <span class='ocrx_word' id='word_1_87' title='bbox 831 3120 1235 3185; x_wconf 86' lang='lat' dir='ltr'><strong>habitantibus,</strong></span> <span class='ocrx_word' id='word_1_88' title='bbox 1291 3121 1506 3176; x_wconf 84' lang='lat' dir='ltr'><strong>Marcus</strong></span> <span class='ocrx_word' id='word_1_89' title='bbox 1538 3120 1906 3177; x_wconf 72' lang='lat' dir='ltr'><strong>Ephesiorum</strong></span> 
     </span>
    </p>
   </div>
   <div class='ocr_carea' id='block_1_20' title="bbox 2010 3120 3583 3198">
    <p class='ocr_par' dir='ltr' id='par_1_20' title="bbox 2014 3123 3583 3198">
     <span class='ocr_line' id='line_1_20' title="bbox 2014 3123 3583 3198; baseline 0.004 -23"><span class='ocrx_word' id='word_1_90' title='bbox 2014 3124 2199 3193; x_wconf 80' lang='grc' dir='ltr'>μένοις</span> <span class='ocrx_word' id='word_1_91' title='bbox 2231 3124 2585 3192; x_wconf 81' lang='grc' dir='ltr'>Χριστιανοίς</span> <span class='ocrx_word' id='word_1_92' title='bbox 2604 3123 2837 3193; x_wconf 81' lang='grc' dir='ltr'>Μάρκος</span> <span class='ocrx_word' id='word_1_93' title='bbox 2858 3126 3162 3189; x_wconf 79' lang='grc' dir='ltr'><strong>ἐπίσκοπος</strong></span> <span class='ocrx_word' id='word_1_94' title='bbox 3192 3130 3291 3198; x_wconf 79' lang='grc' dir='ltr'>τῆς</span> <span class='ocrx_word' id='word_1_95' title='bbox 3318 3126 3583 3197; x_wconf 79' lang='grc' dir='ltr'><strong>Ἐφεσίων</strong></span> 
     </span>
    </p>
   </div>
   <div class='ocr_carea' id='block_1_21' title="bbox 338 3212 1911 3288">
    <p class='ocr_par' dir='ltr' id='par_1_21' title="bbox 338 3212 1323 3288">
     <span class='ocr_line' id='line_1_21' title="bbox 338 3212 1323 3288; baseline -0.01 -13"><span class='ocrx_word' id='word_1_96' title='bbox 338 3216 687 3288; x_wconf 81' lang='lat' dir='ltr'><strong>metropolita</strong></span> <span class='ocrx_word' id='word_1_97' title='bbox 720 3215 951 3268; x_wconf 75' lang='lat' dir='ltr'><strong>salutem</strong></span> <span class='ocrx_word' id='word_1_98' title='bbox 988 3214 1044 3267; x_wconf 92' lang='lat' dir='ltr'><strong>in</strong></span> <span class='ocrx_word' id='word_1_99' title='bbox 1078 3212 1323 3266; x_wconf 90' lang='lat' dir='ltr'><strong>domino.</strong></span> 
     </span>
    </p>
   </div>
   <div class='ocr_carea' id='block_1_22' title="bbox 1411 3212 2984 3288">
    <p class='ocr_par' dir='ltr' id='par_1_22' title="bbox 2013 3213 2984 3285">
     <span class='ocr_line' id='line_1_22' title="bbox 2013 3213 2984 3285; baseline 0.003 -18"><span class='ocrx_word' id='word_1_100' title='bbox 2013 3215 2401 3285; x_wconf 80' lang='grc' dir='ltr'><strong>μητροπόλεως</strong></span> <span class='ocrx_word' id='word_1_101' title='bbox 2431 3214 2487 3268; x_wconf 83' lang='grc' dir='ltr'>ὲν</span> <span class='ocrx_word' id='word_1_102' title='bbox 2520 3213 2712 3283; x_wconf 80' lang='grc' dir='ltr'>Κυρίῳ</span> <span class='ocrx_word' id='word_1_103' title='bbox 2745 3214 2984 3284; x_wconf 75' lang='grc' dir='ltr'>χαίρειν.</span> 
     </span>
    </p>
   </div>
   <div class='ocr_carea' id='block_1_23' title="bbox 913 3294 2984 3360">
    <p class='ocr_par' dir='ltr' id='par_1_23' title="bbox 913 3294 2984 3360">
     <span class='ocr_line' id='line_1_23' title="bbox 913 3294 2984 3360; baseline 0.001 -3"><span class='ocrx_word' id='word_1_104' title='bbox 913 3302 1333 3359; x_wconf 77' lang='lat' dir='ltr'><strong>GREGORIUS.</strong></span> <span class='ocrx_word' id='word_1_105' title='bbox 2586 3294 2984 3360; x_wconf 68' lang='lat' dir='ltr'><strong>rpnromo‘z.</strong></span> 
     </span>
    </p>
   </div>
   <div class='ocr_carea' id='block_1_24' title="bbox 409 3392 1982 3466">
    <p class='ocr_par' dir='ltr' id='par_1_24' title="bbox 409 3395 1905 3465">
     <span class='ocr_line' id='line_1_24' title="bbox 409 3395 1905 3465; baseline -0.004 -12"><span class='ocrx_word' id='word_1_106' title='bbox 409 3400 735 3461; x_wconf 76' lang='lat' dir='ltr'><strong>Exordium,</strong></span> <span class='ocrx_word' id='word_1_107' title='bbox 800 3411 911 3465; x_wconf 89' lang='lat' dir='ltr'><strong>quo</strong></span> <span class='ocrx_word' id='word_1_108' title='bbox 984 3396 1314 3451; x_wconf 80' lang='lat' dir='ltr'><strong>venerabilis</strong></span> <span class='ocrx_word' id='word_1_109' title='bbox 1375 3395 1643 3465; x_wconf 75' lang='lat' dir='ltr'><strong>Ephesius</strong></span> <span class='ocrx_word' id='word_1_110' title='bbox 1711 3396 1905 3459; x_wconf 89' lang='lat' dir='ltr'><strong>utitur,</strong></span> 
     </span>
    </p>
   </div>
   <div class='ocr_carea' id='block_1_25' title="bbox 2013 3392 3586 3466">
    <p class='ocr_par' dir='ltr' id='par_1_25' title="bbox 2081 3392 3586 3466">
     <span class='ocr_line' id='line_1_25' title="bbox 2081 3392 3586 3466; baseline 0.004 -20"><span class='ocrx_word' id='word_1_111' title='bbox 2081 3392 2154 3447; x_wconf 83' lang='grc' dir='ltr'>Τὸ</span> <span class='ocrx_word' id='word_1_112' title='bbox 2185 3394 2283 3463; x_wconf 77' lang='grc' dir='ltr'>μὲν</span> <span class='ocrx_word' id='word_1_113' title='bbox 2341 3396 2630 3463; x_wconf 84' lang='grc' dir='ltr'>προοίμιον</span> <span class='ocrx_word' id='word_1_114' title='bbox 2680 3394 2775 3446; x_wconf 82' lang='grc' dir='ltr'>τοῦ</span> <span class='ocrx_word' id='word_1_115' title='bbox 2832 3395 3113 3463; x_wconf 84' lang='grc' dir='ltr'>αίδεσίμου</span> <span class='ocrx_word' id='word_1_116' title='bbox 3175 3397 3401 3466; x_wconf 82' lang='grc' dir='ltr'>Ἑφέσου</span> <span class='ocrx_word' id='word_1_117' title='bbox 3457 3398 3586 3461; x_wconf 76' lang='grc' dir='ltr'>τοὺς</span> 
     </span>
    </p>
   </div>
   <div class='ocr_carea' id='block_1_26' title="bbox 342 3484 1915 3559">
    <p class='ocr_par' dir='ltr' id='par_1_26' title="bbox 342 3487 1911 3559">
     <span class='ocr_line' id='line_1_26' title="bbox 342 3487 1911 3559; baseline -0.004 -13"><span class='ocrx_word' id='word_1_118' title='bbox 342 3509 534 3547; x_wconf 83' lang='lat' dir='ltr'><strong>omnes</strong></span> <span class='ocrx_word' id='word_1_119' title='bbox 560 3491 763 3559; x_wconf 78' lang='lat' dir='ltr'><strong>uhique</strong></span> <span class='ocrx_word' id='word_1_120' title='bbox 794 3497 1067 3542; x_wconf 84' lang='lat' dir='ltr'><strong>terrarum</strong></span> <span class='ocrx_word' id='word_1_121' title='bbox 1100 3487 1355 3542; x_wconf 82' lang='lat' dir='ltr'><strong>homines</strong></span> <span class='ocrx_word' id='word_1_122' title='bbox 1401 3498 1454 3542; x_wconf 89' lang='lat' dir='ltr'><strong>et</strong></span> <span class='ocrx_word' id='word_1_123' title='bbox 1489 3488 1792 3543; x_wconf 84' lang='lat' dir='ltr'><strong>insularum</strong></span> <span class='ocrx_word' id='word_1_124' title='bbox 1829 3488 1911 3541; x_wconf 83' lang='lat' dir='ltr'><strong>in-</strong></span> 
     </span>
    </p>
   </div>
   <div class='ocr_carea' id='block_1_27' title="bbox 2009 3484 3582 3559">
    <p class='ocr_par' dir='ltr' id='par_1_27' title="bbox 2010 3484 3582 3558">
     <span class='ocr_line' id='line_1_27' title="bbox 2010 3484 3582 3558; baseline 0.003 -21"><span class='ocrx_word' id='word_1_125' title='bbox 2010 3484 2328 3555; x_wconf 78' lang='grc' dir='ltr'><strong>ἁπανταχοῦ</strong></span> <span class='ocrx_word' id='word_1_126' title='bbox 2364 3485 2469 3554; x_wconf 81' lang='grc' dir='ltr'><strong>γῆς</strong></span> <span class='ocrx_word' id='word_1_127' title='bbox 2494 3485 2588 3537; x_wconf 72' lang='grc' dir='ltr'><strong>καὶ</strong></span> <span class='ocrx_word' id='word_1_128' title='bbox 2616 3485 2726 3539; x_wconf 85' lang='grc' dir='ltr'><strong>τῶν</strong></span> <span class='ocrx_word' id='word_1_129' title='bbox 2755 3486 2934 3555; x_wconf 78' lang='grc' dir='ltr'>νήσων</span> <span class='ocrx_word' id='word_1_130' title='bbox 2967 3486 3104 3556; x_wconf 70' lang='grc' dir='ltr'>πρὸς</span> <span class='ocrx_word' id='word_1_131' title='bbox 3162 3489 3431 3558; x_wconf 76' lang='grc' dir='ltr'>ἀκρόασιν</span> <span class='ocrx_word' id='word_1_132' title='bbox 3472 3489 3582 3542; x_wconf 83' lang='grc' dir='ltr'><strong>τῶν</strong></span> 
     </span>
    </p>
   </div>
   <div class='ocr_carea' id='block_1_28' title="bbox 340 3574 1913 3648">
    <p class='ocr_par' dir='ltr' id='par_1_28' title="bbox 340 3575 1909 3648">
     <span class='ocr_line' id='line_1_28' title="bbox 340 3575 1909 3648; baseline -0.008 -6"><span class='ocrx_word' id='word_1_133' title='bbox 340 3586 494 3642; x_wconf 70' lang='lat' dir='ltr'><strong>colas</strong></span> <span class='ocrx_word' id='word_1_134' title='bbox 543 3582 747 3636; x_wconf 79' lang='lat' dir='ltr'><strong>excitat</strong></span> <span class='ocrx_word' id='word_1_135' title='bbox 802 3578 867 3633; x_wconf 92' lang='lat' dir='ltr'><strong>ad</strong></span> <span class='ocrx_word' id='word_1_136' title='bbox 924 3579 1042 3648; x_wconf 84' lang='lat' dir='ltr'><strong>ejus</strong></span> <span class='ocrx_word' id='word_1_137' title='bbox 1095 3593 1375 3633; x_wconf 88' lang='lat' dir='ltr'><strong>sermones</strong></span> <span class='ocrx_word' id='word_1_138' title='bbox 1409 3579 1754 3633; x_wconf 89' lang='lat' dir='ltr'><strong>audiendos:</strong></span> <span class='ocrx_word' id='word_1_139' title='bbox 1800 3575 1909 3630; x_wconf 83' lang='lat' dir='ltr'><strong>Nos</strong></span> 
     </span>
    </p>
   </div>
   <div class='ocr_carea' id='block_1_29' title="bbox 2013 3574 3586 3648">
    <p class='ocr_par' dir='ltr' id='par_1_29' title="bbox 2013 3574 3586 3648">
     <span class='ocr_line' id='line_1_29' title="bbox 2013 3574 3586 3648; baseline 0.003 -21"><span class='ocrx_word' id='word_1_140' title='bbox 2013 3574 2176 3627; x_wconf 83' lang='grc' dir='ltr'>αὑτοῦ</span> <span class='ocrx_word' id='word_1_141' title='bbox 2210 3575 2468 3646; x_wconf 83' lang='grc' dir='ltr'><strong>διεγείρει</strong></span> <span class='ocrx_word' id='word_1_142' title='bbox 2497 3593 2511 3607; x_wconf 76' lang='grc' dir='ltr'><strong><em>ο</em></strong></span> <span class='ocrx_word' id='word_1_143' title='bbox 2550 3578 2716 3646; x_wconf 79' lang='grc' dir='ltr'>ἡμεῖς</span> <span class='ocrx_word' id='word_1_144' title='bbox 2749 3577 2806 3631; x_wconf 83' lang='grc' dir='ltr'>δὲ</span> <span class='ocrx_word' id='word_1_145' title='bbox 2829 3578 2994 3631; x_wconf 79' lang='grc' dir='ltr'>πάλιν</span> <span class='ocrx_word' id='word_1_146' title='bbox 3028 3580 3167 3648; x_wconf 80' lang='grc' dir='ltr'>πρὸς</span> <span class='ocrx_word' id='word_1_147' title='bbox 3223 3581 3349 3643; x_wconf 69' lang='grc' dir='ltr'>τοὺς</span> <span class='ocrx_word' id='word_1_148' title='bbox 3404 3597 3586 3634; x_wconf 88' lang='grc' dir='ltr'>κατοι-</span> 
     </span>
    </p>
   </div>
   <div class='ocr_carea' id='block_1_30' title="bbox 344 3666 1917 3740">
    <p class='ocr_par' dir='ltr' id='par_1_30' title="bbox 344 3667 1911 3731">
     <span class='ocr_line' id='line_1_30' title="bbox 344 3667 1911 3731; baseline -0.008 0"><span class='ocrx_word' id='word_1_149' title='bbox 344 3686 533 3731; x_wconf 88' lang='lat' dir='ltr'><strong>contra</strong></span> <span class='ocrx_word' id='word_1_150' title='bbox 570 3673 685 3727; x_wconf 65' lang='lat' dir='ltr'><strong>haec</strong></span> <span class='ocrx_word' id='word_1_151' title='bbox 716 3671 956 3725; x_wconf 89' lang='lat' dir='ltr'><strong>dicimus</strong></span> <span class='ocrx_word' id='word_1_152' title='bbox 989 3670 1207 3724; x_wconf 89' lang='lat' dir='ltr'><strong>eunetis</strong></span> <span class='ocrx_word' id='word_1_153' title='bbox 1253 3680 1521 3723; x_wconf 87' lang='lat' dir='ltr'><strong>terrarum</strong></span> <span class='ocrx_word' id='word_1_154' title='bbox 1556 3668 1706 3724; x_wconf 89' lang='lat' dir='ltr'><strong>orbis</strong></span> <span class='ocrx_word' id='word_1_155' title='bbox 1758 3667 1911 3721; x_wconf 84' lang='lat' dir='ltr'><strong>hahi-</strong></span> 
     </span>
    </p>
   </div>
   <div class='ocr_carea' id='block_1_31' title="bbox 2011 3666 3584 3740">
    <p class='ocr_par' dir='ltr' id='par_1_31' title="bbox 2011 3666 3584 3740">
     <span class='ocr_line' id='line_1_31' title="bbox 2011 3666 3584 3740; baseline 0.003 -21"><span class='ocrx_word' id='word_1_156' title='bbox 2011 3666 2244 3728; x_wconf 84' lang='grc' dir='ltr'>κοῦντας</span> <span class='ocrx_word' id='word_1_157' title='bbox 2276 3666 2460 3719; x_wconf 87' lang='grc' dir='ltr'>πάντα</span> <span class='ocrx_word' id='word_1_158' title='bbox 2487 3669 2585 3736; x_wconf 80' lang='grc' dir='ltr'>τῆς</span> <span class='ocrx_word' id='word_1_159' title='bbox 2641 3668 2746 3737; x_wconf 79' lang='grc' dir='ltr'><strong>γῆς</strong></span> <span class='ocrx_word' id='word_1_160' title='bbox 2792 3669 2861 3721; x_wconf 82' lang='grc' dir='ltr'><strong>τὰ</strong></span> <span class='ocrx_word' id='word_1_161' title='bbox 2900 3668 3115 3736; x_wconf 77' lang='grc' dir='ltr'>πέρατά</span> <span class='ocrx_word' id='word_1_162' title='bbox 3149 3686 3348 3740; x_wconf 81' lang='grc' dir='ltr'>φαμεν,</span> <span class='ocrx_word' id='word_1_163' title='bbox 3386 3671 3584 3739; x_wconf 80' lang='grc' dir='ltr'>ἀκροᾶ-</span> 
     </span>
    </p>
   </div>
   <div class='ocr_carea' id='block_1_32' title="bbox 344 3754 1917 3830">
    <p class='ocr_par' dir='ltr' id='par_1_32' title="bbox 344 3756 1906 3827">
     <span class='ocr_line' id='line_1_32' title="bbox 344 3756 1906 3827; baseline -0.004 -9"><span class='ocrx_word' id='word_1_164' title='bbox 344 3766 639 3827; x_wconf 87' lang='lat' dir='ltr'><strong>tatoribns,</strong></span> <span class='ocrx_word' id='word_1_165' title='bbox 696 3778 825 3819; x_wconf 84' lang='lat' dir='ltr'><strong>suas</strong></span> <span class='ocrx_word' id='word_1_166' title='bbox 875 3769 934 3813; x_wconf 86' lang='lat' dir='ltr'><strong>ut</strong></span> <span class='ocrx_word' id='word_1_167' title='bbox 982 3774 1147 3813; x_wconf 81' lang='lat' dir='ltr'><strong>aures</strong></span> <span class='ocrx_word' id='word_1_168' title='bbox 1199 3759 1351 3827; x_wconf 83' lang='lat' dir='ltr'><strong>prius</strong></span> <span class='ocrx_word' id='word_1_169' title='bbox 1402 3758 1531 3811; x_wconf 72' lang='lat' dir='ltr'><strong>dent</strong></span> <span class='ocrx_word' id='word_1_170' title='bbox 1570 3760 1689 3827; x_wconf 86' lang='lat' dir='ltr'><strong>ejus</strong></span> <span class='ocrx_word' id='word_1_171' title='bbox 1722 3756 1906 3818; x_wconf 87' lang='lat' dir='ltr'><strong>dielis,</strong></span> 
     </span>
    </p>
   </div>
   <div class='ocr_carea' id='block_1_33' title="bbox 2013 3754 3586 3830">
    <p class='ocr_par' dir='ltr' id='par_1_33' title="bbox 2014 3754 3586 3830">
     <span class='ocr_line' id='line_1_33' title="bbox 2014 3754 3586 3830; baseline 0.003 -22"><span class='ocrx_word' id='word_1_172' title='bbox 2014 3758 2137 3810; x_wconf 84' lang='grc' dir='ltr'>σθαι</span> <span class='ocrx_word' id='word_1_173' title='bbox 2165 3757 2273 3810; x_wconf 82' lang='grc' dir='ltr'><strong>τῶν</strong></span> <span class='ocrx_word' id='word_1_174' title='bbox 2302 3757 2469 3811; x_wconf 83' lang='grc' dir='ltr'>αὐτοῦ</span> <span class='ocrx_word' id='word_1_175' title='bbox 2530 3759 2727 3826; x_wconf 83' lang='grc' dir='ltr'>λογίων</span> <span class='ocrx_word' id='word_1_176' title='bbox 2760 3760 3049 3828; x_wconf 79' lang='grc' dir='ltr'>πρότερον.</span> <span class='ocrx_word' id='word_1_177' title='bbox 3071 3754 3191 3813; x_wconf 77' lang='grc' dir='ltr'>εἶτα</span> <span class='ocrx_word' id='word_1_178' title='bbox 3248 3762 3354 3814; x_wconf 86' lang='grc' dir='ltr'>τῶν</span> <span class='ocrx_word' id='word_1_179' title='bbox 3385 3760 3586 3830; x_wconf 76' lang='grc' dir='ltr'>ἡμετὲ-</span> 
     </span>
    </p>
   </div>
   <div class='ocr_carea' id='block_1_34' title="bbox 342 3830 1915 3923">
    <p class='ocr_par' dir='ltr' id='par_1_34' title="bbox 342 3830 1910 3918">
     <span class='ocr_line' id='line_1_34' title="bbox 342 3830 1910 3918; baseline -0.006 -8"><span class='ocrx_word' id='word_1_180' title='bbox 342 3865 528 3911; x_wconf 89' lang='lat' dir='ltr'><strong>nostra</strong></span> <span class='ocrx_word' id='word_1_181' title='bbox 559 3852 758 3908; x_wconf 86' lang='lat' dir='ltr'><strong>deinde</strong></span> <span class='ocrx_word' id='word_1_182' title='bbox 791 3851 1015 3904; x_wconf 86' lang='lat' dir='ltr'><strong>audiant</strong></span> <span class='ocrx_word' id='word_1_183' title='bbox 1040 3891 1052 3904; x_wconf 92' lang='lat'>.</span> <span class='ocrx_word' id='word_1_184' title='bbox 1089 3850 1338 3918; x_wconf 85' lang='lat' dir='ltr'><strong>Namque</strong></span> <span class='ocrx_word' id='word_1_185' title='bbox 1374 3849 1475 3903; x_wconf 90' lang='lat' dir='ltr'><strong>hac</strong></span> <span class='ocrx_word' id='word_1_186' title='bbox 1501 3850 1567 3903; x_wconf 93' lang='lat' dir='ltr'><strong>de</strong></span> <span class='ocrx_word' id='word_1_187' title='bbox 1596 3830 1761 3903; x_wconf 72' lang='lat' dir='ltr'><strong>causa</strong></span> <span class='ocrx_word' id='word_1_188' title='bbox 1791 3863 1910 3901; x_wconf 82' lang='lat' dir='ltr'><strong>ver-</strong></span> 
     </span>
    </p>
   </div>
   <div class='ocr_carea' id='block_1_35' title="bbox 2013 3830 3586 3923">
    <p class='ocr_par' dir='ltr' id='par_1_35' title="bbox 2014 3849 3586 3923">
     <span class='ocr_line' id='line_1_35' title="bbox 2014 3849 3586 3923; baseline 0.003 -22"><span class='ocrx_word' id='word_1_189' title='bbox 2014 3868 2143 3921; x_wconf 87' lang='grc' dir='ltr'>ρων.</span> <span class='ocrx_word' id='word_1_190' title='bbox 2185 3849 2282 3902; x_wconf 85' lang='grc' dir='ltr'>Διά</span> <span class='ocrx_word' id='word_1_191' title='bbox 2321 3850 2480 3903; x_wconf 77' lang='grc' dir='ltr'>τοῦτο</span> <span class='ocrx_word' id='word_1_192' title='bbox 2505 3850 2614 3921; x_wconf 82' lang='grc' dir='ltr'><strong>γὰρ</strong></span> <span class='ocrx_word' id='word_1_193' title='bbox 2637 3851 2731 3904; x_wconf 69' lang='grc' dir='ltr'><strong>καὶ</strong></span> <span class='ocrx_word' id='word_1_194' title='bbox 2757 3850 3084 3921; x_wconf 82' lang='grc' dir='ltr'>προτίθεμεν</span> <span class='ocrx_word' id='word_1_195' title='bbox 3114 3852 3185 3905; x_wconf 84' lang='grc' dir='ltr'><strong>τά</strong></span> <span class='ocrx_word' id='word_1_196' title='bbox 3240 3854 3308 3905; x_wconf 80' lang='grc' dir='ltr'>αὐ</span> <span class='ocrx_word' id='word_1_197' title='bbox 3323 3852 3417 3905; x_wconf 85' lang='grc' dir='ltr'><strong>τοῦ</strong></span> <span class='ocrx_word' id='word_1_198' title='bbox 3449 3854 3586 3923; x_wconf 80' lang='grc' dir='ltr'>πρό-</span> 
     </span>
    </p>
   </div>
   <div class='ocr_carea' id='block_1_36' title="bbox 342 3937 1915 4015">
    <p class='ocr_par' dir='ltr' id='par_1_36' title="bbox 342 3938 1907 4015">
     <span class='ocr_line' id='line_1_36' title="bbox 342 3938 1907 4015; baseline -0.006 -15"><span class='ocrx_word' id='word_1_199' title='bbox 342 3948 411 4000; x_wconf 89' lang='lat' dir='ltr'><strong>ba</strong></span> <span class='ocrx_word' id='word_1_200' title='bbox 444 3946 565 4015; x_wconf 87' lang='lat' dir='ltr'><strong>ejus</strong></span> <span class='ocrx_word' id='word_1_201' title='bbox 607 3942 997 4014; x_wconf 66' lang='lat' dir='ltr'><strong>praeponimus,</strong></span> <span class='ocrx_word' id='word_1_202' title='bbox 1022 3950 1075 3994; x_wconf 85' lang='lat' dir='ltr'><strong>et</strong></span> <span class='ocrx_word' id='word_1_203' title='bbox 1108 3950 1326 3995; x_wconf 89' lang='lat' dir='ltr'><strong>nostras</strong></span> <span class='ocrx_word' id='word_1_204' title='bbox 1358 3939 1747 4009; x_wconf 86' lang='lat' dir='ltr'><strong>responsiones</strong></span> <span class='ocrx_word' id='word_1_205' title='bbox 1778 3938 1907 3991; x_wconf 79' lang='lat' dir='ltr'><strong>sub-</strong></span> 
     </span>
    </p>
   </div>
   <div class='ocr_carea' id='block_1_37' title="bbox 2012 3937 3585 4015">
    <p class='ocr_par' dir='ltr' id='par_1_37' title="bbox 2013 3937 3585 4012">
     <span class='ocr_line' id='line_1_37' title="bbox 2013 3937 3585 4012; baseline 0.003 -19"><span class='ocrx_word' id='word_1_206' title='bbox 2013 3958 2195 4011; x_wconf 84' lang='grc' dir='ltr'>τερον,</span> <span class='ocrx_word' id='word_1_207' title='bbox 2221 3937 2340 3994; x_wconf 84' lang='grc' dir='ltr'>είτα</span> <span class='ocrx_word' id='word_1_208' title='bbox 2365 3943 2461 4004; x_wconf 81' lang='grc' dir='ltr'>τὰς</span> <span class='ocrx_word' id='word_1_209' title='bbox 2503 3942 2777 4011; x_wconf 79' lang='grc' dir='ltr'>ἡμετέρας</span> <span class='ocrx_word' id='word_1_210' title='bbox 2836 3944 3120 4012; x_wconf 82' lang='grc' dir='ltr'>ὲπάγομεν</span> <span class='ocrx_word' id='word_1_211' title='bbox 3150 3944 3468 4011; x_wconf 79' lang='grc' dir='ltr'>ἀπολογίας,</span> <span class='ocrx_word' id='word_1_212' title='bbox 3500 3945 3585 3997; x_wconf 82' lang='grc' dir='ltr'>ῑνα</span> 
     </span>
    </p>
   </div>
   <div class='ocr_carea' id='block_1_38' title="bbox 343 4027 1916 4106">
    <p class='ocr_par' dir='ltr' id='par_1_38' title="bbox 343 4027 1907 4104">
     <span class='ocr_line' id='line_1_38' title="bbox 343 4027 1907 4104; baseline -0.006 -15"><span class='ocrx_word' id='word_1_213' title='bbox 343 4035 590 4104; x_wconf 78' lang='lat' dir='ltr'><strong>jicimns,</strong></span> <span class='ocrx_word' id='word_1_214' title='bbox 629 4042 688 4085; x_wconf 91' lang='lat' dir='ltr'><strong>ut</strong></span> <span class='ocrx_word' id='word_1_215' title='bbox 727 4032 927 4085; x_wconf 81' lang='lat' dir='ltr'><strong>veritas</strong></span> <span class='ocrx_word' id='word_1_216' title='bbox 988 4032 1241 4085; x_wconf 87' lang='lat' dir='ltr'><strong>omnibus</strong></span> <span class='ocrx_word' id='word_1_217' title='bbox 1298 4029 1537 4099; x_wconf 79' lang='lat' dir='ltr'><strong>pateﬁat.</strong></span> <span class='ocrx_word' id='word_1_218' title='bbox 1578 4027 1733 4082; x_wconf 89' lang='lat' dir='ltr'><strong>Sicut</strong></span> <span class='ocrx_word' id='word_1_219' title='bbox 1763 4028 1907 4081; x_wconf 86' lang='lat' dir='ltr'><strong>enim</strong></span> 
     </span>
    </p>
   </div>
   <div class='ocr_carea' id='block_1_39' title="bbox 2014 4027 3587 4106">
    <p class='ocr_par' dir='ltr' id='par_1_39' title="bbox 2016 4033 3587 4106">
     <span class='ocr_line' id='line_1_39' title="bbox 2016 4033 3587 4106; baseline 0.003 -21"><span class='ocrx_word' id='word_1_220' title='bbox 2016 4034 2048 4103; x_wconf 77' lang='grc' dir='ltr'><strong>ἡ</strong></span> <span class='ocrx_word' id='word_1_221' title='bbox 2084 4033 2312 4103; x_wconf 81' lang='grc' dir='ltr'>ἀλήθεια</span> <span class='ocrx_word' id='word_1_222' title='bbox 2340 4036 2553 4102; x_wconf 86' lang='grc' dir='ltr'>φανερά</span> <span class='ocrx_word' id='word_1_223' title='bbox 2575 4035 2684 4095; x_wconf 84' lang='grc' dir='ltr'>τοῖς</span> <span class='ocrx_word' id='word_1_224' title='bbox 2707 4034 2841 4087; x_wconf 80' lang='grc' dir='ltr'>πᾶσι</span> <span class='ocrx_word' id='word_1_225' title='bbox 2870 4034 3115 4103; x_wconf 76' lang='grc' dir='ltr'>γένηται.</span> <span class='ocrx_word' id='word_1_226' title='bbox 3144 4035 3355 4103; x_wconf 80' lang='grc' dir='ltr'>Ὥσπερ</span> <span class='ocrx_word' id='word_1_227' title='bbox 3411 4036 3521 4106; x_wconf 73' lang='grc' dir='ltr'><strong>γὰρ</strong></span> <span class='ocrx_word' id='word_1_228' title='bbox 3559 4039 3587 4089; x_wconf 86' lang='grc' dir='ltr'><strong>ὁ</strong></span> 
     </span>
    </p>
   </div>
   <div class='ocr_carea' id='block_1_40' title="bbox 345 4118 1918 4195">
    <p class='ocr_par' dir='ltr' id='par_1_40' title="bbox 345 4118 1910 4195">
     <span class='ocr_line' id='line_1_40' title="bbox 345 4118 1910 4195; baseline -0.006 -14"><span class='ocrx_word' id='word_1_229' title='bbox 345 4127 449 4191; x_wconf 90' lang='lat' dir='ltr'><strong>sol,</strong></span> <span class='ocrx_word' id='word_1_230' title='bbox 481 4126 571 4195; x_wconf 87' lang='lat' dir='ltr'><strong>qui</strong></span> <span class='ocrx_word' id='word_1_231' title='bbox 628 4139 793 4178; x_wconf 87' lang='lat' dir='ltr'><strong>sensu</strong></span> <span class='ocrx_word' id='word_1_232' title='bbox 834 4121 1139 4192; x_wconf 83' lang='lat' dir='ltr'><strong>percipitur</strong></span> <span class='ocrx_word' id='word_1_233' title='bbox 1170 4162 1185 4185; x_wconf 92' lang='lat'><strong>,</strong></span> <span class='ocrx_word' id='word_1_234' title='bbox 1222 4118 1497 4182; x_wconf 75' lang='lat' dir='ltr'><strong>exoriens,</strong></span> <span class='ocrx_word' id='word_1_235' title='bbox 1538 4118 1910 4187; x_wconf 85' lang='lat' dir='ltr'><strong>mundumque</strong></span> 
     </span>
    </p>
   </div>
   <div class='ocr_carea' id='block_1_41' title="bbox 2044 4118 3617 4195">
    <p class='ocr_par' dir='ltr' id='par_1_41' title="bbox 2044 4124 3617 4195">
     <span class='ocr_line' id='line_1_41' title="bbox 2044 4124 3617 4195; baseline 0.003 -20"><span class='ocrx_word' id='word_1_236' title='bbox 2044 4125 2278 4195; x_wconf 71' lang='grc' dir='ltr'>ιξσθητὸς</span> <span class='ocrx_word' id='word_1_237' title='bbox 2312 4126 2463 4194; x_wconf 79' lang='grc' dir='ltr'>ἥλιος</span> <span class='ocrx_word' id='word_1_238' title='bbox 2493 4124 2806 4178; x_wconf 77' lang='grc' dir='ltr'><strong>ἀνατέλλων</strong></span> <span class='ocrx_word' id='word_1_239' title='bbox 2833 4126 2930 4179; x_wconf 77' lang='grc' dir='ltr'>καὶ</span> <span class='ocrx_word' id='word_1_240' title='bbox 2966 4126 3059 4178; x_wconf 81' lang='grc' dir='ltr'><strong>τὸν</strong></span> <span class='ocrx_word' id='word_1_241' title='bbox 3090 4126 3295 4190; x_wconf 62' lang='grc' dir='ltr'>κόσμον</span> <span class='ocrx_word' id='word_1_242' title='bbox 3339 4127 3617 4194; x_wconf 81' lang='grc' dir='ltr'>φωτίζωνό</span> 
     </span>
    </p>
   </div>
   <div class='ocr_carea' id='block_1_42' title="bbox 345 4206 1918 4284">
    <p class='ocr_par' dir='ltr' id='par_1_42' title="bbox 345 4206 1911 4280">
     <span class='ocr_line' id='line_1_42' title="bbox 345 4206 1911 4280; baseline -0.007 -9"><span class='ocrx_word' id='word_1_243' title='bbox 345 4232 444 4271; x_wconf 89' lang='lat' dir='ltr'><strong>sua</strong></span> <span class='ocrx_word' id='word_1_244' title='bbox 481 4216 602 4269; x_wconf 83' lang='lat' dir='ltr'><strong>luce.</strong></span> <span class='ocrx_word' id='word_1_245' title='bbox 633 4215 947 4280; x_wconf 87' lang='lat' dir='ltr'><strong>complens,</strong></span> <span class='ocrx_word' id='word_1_246' title='bbox 982 4222 1035 4267; x_wconf 89' lang='lat' dir='ltr'><strong>et</strong></span> <span class='ocrx_word' id='word_1_247' title='bbox 1060 4212 1301 4279; x_wconf 90' lang='lat' dir='ltr'><strong>seipsum</strong></span> <span class='ocrx_word' id='word_1_248' title='bbox 1336 4210 1489 4278; x_wconf 82' lang='lat' dir='ltr'><strong>ponit</strong></span> <span class='ocrx_word' id='word_1_249' title='bbox 1516 4208 1584 4262; x_wconf 92' lang='lat' dir='ltr'><strong>ob</strong></span> <span class='ocrx_word' id='word_1_250' title='bbox 1614 4206 1829 4271; x_wconf 84' lang='lat' dir='ltr'><strong>oculos,</strong></span> <span class='ocrx_word' id='word_1_251' title='bbox 1855 4214 1911 4261; x_wconf 92' lang='lat' dir='ltr'><strong>et</strong></span> 
     </span>
    </p>
   </div>
   <div class='ocr_carea' id='block_1_43' title="bbox 2013 4206 3586 4284">
    <p class='ocr_par' dir='ltr' id='par_1_43' title="bbox 2018 4213 3586 4284">
     <span class='ocr_line' id='line_1_43' title="bbox 2018 4213 3586 4284; baseline 0.001 -17"><span class='ocrx_word' id='word_1_252' title='bbox 2018 4214 2258 4267; x_wconf 86' lang='grc' dir='ltr'>δείκνυσί</span> <span class='ocrx_word' id='word_1_253' title='bbox 2282 4231 2337 4265; x_wconf 81' lang='grc' dir='ltr'><strong>τε</strong></span> <span class='ocrx_word' id='word_1_254' title='bbox 2364 4214 2574 4279; x_wconf 69' lang='grc' dir='ltr'>ἑαυτὸν,</span> <span class='ocrx_word' id='word_1_255' title='bbox 2600 4213 2696 4266; x_wconf 78' lang='grc' dir='ltr'>καὶ</span> <span class='ocrx_word' id='word_1_256' title='bbox 2719 4216 2787 4266; x_wconf 72' lang='grc' dir='ltr'>τὰ</span> <span class='ocrx_word' id='word_1_257' title='bbox 2820 4214 2911 4266; x_wconf 78' lang='grc' dir='ltr'>ὑπ’</span> <span class='ocrx_word' id='word_1_258' title='bbox 2932 4215 3096 4268; x_wconf 64' lang='grc' dir='ltr'>αὐτὸν</span> <span class='ocrx_word' id='word_1_259' title='bbox 3116 4216 3384 4282; x_wconf 78' lang='grc' dir='ltr'>γενόμενα</span> <span class='ocrx_word' id='word_1_260' title='bbox 3405 4216 3586 4284; x_wconf 76' lang='grc' dir='ltr'>πράγ-</span> 
     </span>
    </p>
   </div>
   <div class='ocr_carea' id='block_1_44' title="bbox 351 4280 1924 4379">
    <p class='ocr_par' dir='ltr' id='par_1_44' title="bbox 351 4296 1915 4369">
     <span class='ocr_line' id='line_1_44' title="bbox 351 4296 1915 4369; baseline -0.007 -11"><span class='ocrx_word' id='word_1_261' title='bbox 351 4304 611 4358; x_wconf 85' lang='lat' dir='ltr'><strong>inferiora</strong></span> <span class='ocrx_word' id='word_1_262' title='bbox 685 4302 814 4357; x_wconf 82' lang='lat' dir='ltr'><strong>facit</strong></span> <span class='ocrx_word' id='word_1_263' title='bbox 883 4311 944 4355; x_wconf 90' lang='lat' dir='ltr'><strong>ut</strong></span> <span class='ocrx_word' id='word_1_264' title='bbox 997 4298 1243 4369; x_wconf 88' lang='lat' dir='ltr'><strong>conspici</strong></span> <span class='ocrx_word' id='word_1_265' title='bbox 1323 4296 1589 4367; x_wconf 85' lang='lat' dir='ltr'><strong>possint:</strong></span> <span class='ocrx_word' id='word_1_266' title='bbox 1652 4296 1915 4364; x_wconf 86' lang='lat' dir='ltr'><strong>quoniam</strong></span> 
     </span>
    </p>
   </div>
   <div class='ocr_carea' id='block_1_45' title="bbox 2016 4280 3589 4379">
    <p class='ocr_par' dir='ltr' id='par_1_45' title="bbox 2030 4280 3589 4379">
     <span class='ocr_line' id='line_1_45' title="bbox 2030 4280 3589 4379; baseline -0.001 -18"><span class='ocrx_word' id='word_1_267' title='bbox 2030 4325 2174 4379; x_wconf 84' lang='grc' dir='ltr'>ματα</span> <span class='ocrx_word' id='word_1_268' title='bbox 2209 4308 2419 4377; x_wconf 85' lang='grc' dir='ltr'>φανερά</span> <span class='ocrx_word' id='word_1_269' title='bbox 2469 4307 2803 4376; x_wconf 69' lang='grc' dir='ltr'>καθίστησι*</span> <span class='ocrx_word' id='word_1_270' title='bbox 2837 4306 2933 4359; x_wconf 75' lang='grc' dir='ltr'>καὶ</span> <span class='ocrx_word' id='word_1_271' title='bbox 2979 4307 3088 4377; x_wconf 84' lang='grc' dir='ltr'><strong>γὰρ</strong></span> <span class='ocrx_word' id='word_1_272' title='bbox 3129 4280 3296 4377; x_wconf 14' lang='grc' dir='ltr'>ήὴλίου</span> <span class='ocrx_word' id='word_1_273' title='bbox 3334 4280 3589 4377; x_wconf 60' lang='grc' dir='ltr'>φανέντος</span> 
     </span>
    </p>
   </div>
   <div class='ocr_carea' id='block_1_46' title="bbox 349 4388 1922 4470">
    <p class='ocr_par' dir='ltr' id='par_1_46' title="bbox 349 4388 1918 4460">
     <span class='ocr_line' id='line_1_46' title="bbox 349 4388 1918 4460; baseline -0.006 -11"><span class='ocrx_word' id='word_1_274' title='bbox 349 4405 541 4449; x_wconf 83' lang='lat' dir='ltr'><strong>exorto</strong></span> <span class='ocrx_word' id='word_1_275' title='bbox 588 4394 702 4447; x_wconf 89' lang='lat' dir='ltr'><strong>sole</strong></span> <span class='ocrx_word' id='word_1_276' title='bbox 730 4407 837 4445; x_wconf 92' lang='lat' dir='ltr'><strong>non</strong></span> <span class='ocrx_word' id='word_1_277' title='bbox 889 4404 1029 4460; x_wconf 88' lang='lat' dir='ltr'><strong>opus</strong></span> <span class='ocrx_word' id='word_1_278' title='bbox 1066 4396 1149 4443; x_wconf 90' lang='lat' dir='ltr'><strong>est</strong></span> <span class='ocrx_word' id='word_1_279' title='bbox 1175 4389 1268 4458; x_wconf 89' lang='lat' dir='ltr'><strong>qui</strong></span> <span class='ocrx_word' id='word_1_280' title='bbox 1300 4390 1457 4444; x_wconf 92' lang='lat' dir='ltr'><strong>nobis</strong></span> <span class='ocrx_word' id='word_1_281' title='bbox 1487 4389 1661 4443; x_wconf 88' lang='lat' dir='ltr'><strong>lucem</strong></span> <span class='ocrx_word' id='word_1_282' title='bbox 1696 4388 1918 4451; x_wconf 83' lang='lat' dir='ltr'><strong>indicet,</strong></span> 
     </span>
    </p>
   </div>
   <div class='ocr_carea' id='block_1_47' title="bbox 2017 4388 3590 4470">
    <p class='ocr_par' dir='ltr' id='par_1_47' title="bbox 2024 4399 3590 4470">
     <span class='ocr_line' id='line_1_47' title="bbox 2024 4399 3590 4470; baseline -0.001 -16"><span class='ocrx_word' id='word_1_283' title='bbox 2024 4402 2084 4454; x_wconf 81' lang='grc' dir='ltr'><strong>οὑ</strong></span> <span class='ocrx_word' id='word_1_284' title='bbox 2109 4400 2341 4470; x_wconf 75' lang='grc' dir='ltr'>δεόμεθα</span> <span class='ocrx_word' id='word_1_285' title='bbox 2372 4401 2482 4453; x_wconf 86' lang='grc' dir='ltr'><strong>τῶν</strong></span> <span class='ocrx_word' id='word_1_286' title='bbox 2511 4399 2880 4453; x_wconf 85' lang='grc' dir='ltr'>διδασκόντων</span> <span class='ocrx_word' id='word_1_287' title='bbox 2938 4399 3032 4451; x_wconf 70' lang='grc' dir='ltr'><strong>καὶ</strong></span> <span class='ocrx_word' id='word_1_288' title='bbox 3069 4400 3428 4453; x_wconf 77' lang='grc' dir='ltr'>δεικνυόντων</span> <span class='ocrx_word' id='word_1_289' title='bbox 3458 4402 3590 4469; x_wconf 80' lang='grc' dir='ltr'>ἡμῖν</span> 
     </span>
    </p>
   </div>
   <div class='ocr_carea' id='block_1_48' title="bbox 353 4480 1926 4560">
    <p class='ocr_par' dir='ltr' id='par_1_48' title="bbox 353 4480 1917 4553">
     <span class='ocr_line' id='line_1_48' title="bbox 353 4480 1917 4553; baseline -0.005 -14"><span class='ocrx_word' id='word_1_290' title='bbox 353 4489 472 4553; x_wconf 85' lang='lat' dir='ltr'><strong>ipso</strong></span> <span class='ocrx_word' id='word_1_291' title='bbox 530 4486 678 4536; x_wconf 81' lang='lat' dir='ltr'><strong>radio</strong></span> <span class='ocrx_word' id='word_1_292' title='bbox 709 4482 841 4535; x_wconf 89' lang='lat' dir='ltr'><strong>solis</strong></span> <span class='ocrx_word' id='word_1_293' title='bbox 875 4480 1219 4550; x_wconf 62' lang='lat' dir='ltr'><strong>praesentiam</strong></span> <span class='ocrx_word' id='word_1_294' title='bbox 1251 4481 1615 4547; x_wconf 86' lang='lat' dir='ltr'><strong>ostendente;</strong></span> <span class='ocrx_word' id='word_1_295' title='bbox 1667 4494 1768 4533; x_wconf 90' lang='lat' dir='ltr'><strong>nec</strong></span> <span class='ocrx_word' id='word_1_296' title='bbox 1815 4490 1917 4543; x_wconf 89' lang='lat' dir='ltr'><strong>est,</strong></span> 
     </span>
    </p>
   </div>
   <div class='ocr_carea' id='block_1_49' title="bbox 2017 4480 3590 4560">
    <p class='ocr_par' dir='ltr' id='par_1_49' title="bbox 2025 4490 3590 4560">
     <span class='ocr_line' id='line_1_49' title="bbox 2025 4490 3590 4560; baseline 0 -16"><span class='ocrx_word' id='word_1_297' title='bbox 2025 4492 2086 4545; x_wconf 73' lang='grc' dir='ltr'>τὸ</span> <span class='ocrx_word' id='word_1_298' title='bbox 2117 4492 2255 4559; x_wconf 85' lang='grc' dir='ltr'><strong>φῶς,</strong></span> <span class='ocrx_word' id='word_1_299' title='bbox 2289 4490 2459 4559; x_wconf 77' lang='grc' dir='ltr'>αὐτῆς</span> <span class='ocrx_word' id='word_1_300' title='bbox 2483 4493 2584 4559; x_wconf 85' lang='grc' dir='ltr'>τῆς</span> <span class='ocrx_word' id='word_1_301' title='bbox 2616 4491 2833 4553; x_wconf 83' lang='grc' dir='ltr'>ἀκτῖνος</span> <span class='ocrx_word' id='word_1_302' title='bbox 2866 4490 3032 4559; x_wconf 76' lang='grc' dir='ltr'>δήλην</span> <span class='ocrx_word' id='word_1_303' title='bbox 3072 4491 3330 4560; x_wconf 71' lang='grc' dir='ltr'>ποιούσης</span> <span class='ocrx_word' id='word_1_304' title='bbox 3357 4490 3454 4560; x_wconf 81' lang='grc' dir='ltr'>τὴν</span> <span class='ocrx_word' id='word_1_305' title='bbox 3498 4491 3590 4544; x_wconf 78' lang='grc' dir='ltr'>τοῦ</span> 
     </span>
    </p>
   </div>
   <div class='ocr_carea' id='block_1_50' title="bbox 353 4572 1926 4651">
    <p class='ocr_par' dir='ltr' id='par_1_50' title="bbox 353 4572 1919 4645">
     <span class='ocr_line' id='line_1_50' title="bbox 353 4572 1919 4645; baseline -0.002 -17"><span class='ocrx_word' id='word_1_306' title='bbox 353 4577 445 4645; x_wconf 89' lang='lat' dir='ltr'><strong>qui</strong></span> <span class='ocrx_word' id='word_1_307' title='bbox 500 4576 644 4627; x_wconf 80' lang='lat' dir='ltr'><strong>dicat</strong></span> <span class='ocrx_word' id='word_1_308' title='bbox 674 4574 832 4626; x_wconf 86' lang='lat' dir='ltr'><strong>alteri</strong></span> <span class='ocrx_word' id='word_1_309' title='bbox 863 4590 876 4626; x_wconf 88' lang='lat'><strong>:</strong></span> <span class='ocrx_word' id='word_1_310' title='bbox 913 4572 1131 4627; x_wconf 83' lang='lat' dir='ltr'><strong>Intuere</strong></span> <span class='ocrx_word' id='word_1_311' title='bbox 1163 4572 1330 4625; x_wconf 90' lang='lat' dir='ltr'><strong>solem</strong></span> <span class='ocrx_word' id='word_1_312' title='bbox 1361 4590 1374 4625; x_wconf 91' lang='lat'><strong>:</strong></span> <span class='ocrx_word' id='word_1_313' title='bbox 1410 4572 1483 4625; x_wconf 89' lang='lat' dir='ltr'><strong>ita</strong></span> <span class='ocrx_word' id='word_1_314' title='bbox 1510 4586 1669 4626; x_wconf 73' lang='lat' dir='ltr'><strong>verus</strong></span> <span class='ocrx_word' id='word_1_315' title='bbox 1696 4585 1919 4641; x_wconf 89' lang='lat' dir='ltr'><strong>quoque</strong></span> 
     </span>
    </p>
   </div>
   <div class='ocr_carea' id='block_1_51' title="bbox 2016 4572 3589 4651">
    <p class='ocr_par' dir='ltr' id='par_1_51' title="bbox 2025 4579 3589 4651">
     <span class='ocr_line' id='line_1_51' title="bbox 2025 4579 3589 4651; baseline -0.001 -18"><span class='ocrx_word' id='word_1_316' title='bbox 2025 4582 2177 4651; x_wconf 80' lang='grc' dir='ltr'>ἡλίου</span> <span class='ocrx_word' id='word_1_317' title='bbox 2214 4581 2526 4650; x_wconf 77' lang='grc' dir='ltr'>φανέρωσιν</span> <span class='ocrx_word' id='word_1_318' title='bbox 2548 4593 2561 4607; x_wconf 81' lang='grc'><strong>⁸</strong></span> <span class='ocrx_word' id='word_1_319' title='bbox 2594 4579 2704 4631; x_wconf 77' lang='grc' dir='ltr'>οὐδ’</span> <span class='ocrx_word' id='word_1_320' title='bbox 2737 4580 2885 4631; x_wconf 79' lang='grc' dir='ltr'>ἐστιν</span> <span class='ocrx_word' id='word_1_321' title='bbox 2927 4580 2955 4631; x_wconf 83' lang='grc' dir='ltr'><strong>ὁ</strong></span> <span class='ocrx_word' id='word_1_322' title='bbox 2992 4579 3170 4647; x_wconf 79' lang='grc' dir='ltr'>λέγων</span> <span class='ocrx_word' id='word_1_323' title='bbox 3233 4580 3311 4648; x_wconf 84' lang='grc' dir='ltr'><strong>τῷ</strong></span> <span class='ocrx_word' id='word_1_324' title='bbox 3345 4580 3589 4649; x_wconf 76' lang='grc' dir='ltr'>πλησίον,</span> 
     </span>
    </p>
   </div>
   <div class='ocr_carea' id='block_1_52' title="bbox 354 4662 1927 4739">
    <p class='ocr_par' dir='ltr' id='par_1_52' title="bbox 354 4662 1915 4733">
     <span class='ocr_line' id='line_1_52' title="bbox 354 4662 1915 4733; baseline -0.001 -16"><span class='ocrx_word' id='word_1_325' title='bbox 354 4669 663 4719; x_wconf 86' lang='lat' dir='ltr'><strong>divinorum</strong></span> <span class='ocrx_word' id='word_1_326' title='bbox 696 4665 1010 4733; x_wconf 79' lang='lat' dir='ltr'><strong>dogmatum</strong></span> <span class='ocrx_word' id='word_1_327' title='bbox 1057 4678 1235 4718; x_wconf 85' lang='lat' dir='ltr'><strong>sermo</strong></span> <span class='ocrx_word' id='word_1_328' title='bbox 1259 4670 1314 4718; x_wconf 89' lang='lat' dir='ltr'><strong>et</strong></span> <span class='ocrx_word' id='word_1_329' title='bbox 1342 4671 1655 4717; x_wconf 87' lang='lat' dir='ltr'><strong>sanctorum</strong></span> <span class='ocrx_word' id='word_1_330' title='bbox 1698 4662 1915 4717; x_wconf 87' lang='lat' dir='ltr'><strong>Patrum</strong></span> 
     </span>
    </p>
   </div>
   <div class='ocr_carea' id='block_1_53' title="bbox 2020 4662 3593 4739">
    <p class='ocr_par' dir='ltr' id='par_1_53' title="bbox 2024 4668 3593 4739">
     <span class='ocr_line' id='line_1_53' title="bbox 2024 4668 3593 4739; baseline -0.003 -16"><span class='ocrx_word' id='word_1_331' title='bbox 2024 4671 2196 4723; x_wconf 81' lang='grc' dir='ltr'>Βλέπε</span> <span class='ocrx_word' id='word_1_332' title='bbox 2227 4671 2318 4723; x_wconf 77' lang='grc' dir='ltr'><strong>τὸν</strong></span> <span class='ocrx_word' id='word_1_333' title='bbox 2353 4670 2504 4739; x_wconf 71' lang='grc' dir='ltr'>ἣλιον</span> <span class='ocrx_word' id='word_1_334' title='bbox 2528 4684 2545 4702; x_wconf 77' lang='grc' dir='ltr'><strong>ο</strong></span> <span class='ocrx_word' id='word_1_335' title='bbox 2587 4669 2730 4721; x_wconf 76' lang='grc' dir='ltr'>οὕτω</span> <span class='ocrx_word' id='word_1_336' title='bbox 2783 4669 2879 4721; x_wconf 67' lang='grc' dir='ltr'>καὶ</span> <span class='ocrx_word' id='word_1_337' title='bbox 2904 4670 2932 4720; x_wconf 88' lang='grc' dir='ltr'><strong>ό</strong></span> <span class='ocrx_word' id='word_1_338' title='bbox 2975 4668 3085 4721; x_wconf 85' lang='grc' dir='ltr'>τῶν</span> <span class='ocrx_word' id='word_1_339' title='bbox 3116 4668 3276 4721; x_wconf 81' lang='grc' dir='ltr'>θείων</span> <span class='ocrx_word' id='word_1_340' title='bbox 3308 4668 3593 4736; x_wconf 77' lang='grc' dir='ltr'>δογμάτων</span> 
     </span>
    </p>
   </div>
   <div class='ocr_carea' id='block_1_54' title="bbox 355 4754 1928 4832">
    <p class='ocr_par' dir='ltr' id='par_1_54' title="bbox 355 4754 1921 4826">
     <span class='ocr_line' id='line_1_54' title="bbox 355 4754 1921 4826; baseline -0.002 -17"><span class='ocrx_word' id='word_1_341' title='bbox 355 4758 661 4826; x_wconf 77' lang='lat' dir='ltr'><strong>linguarum</strong></span> <span class='ocrx_word' id='word_1_342' title='bbox 712 4754 845 4809; x_wconf 86' lang='lat' dir='ltr'><strong>solis</strong></span> <span class='ocrx_word' id='word_1_343' title='bbox 902 4755 1078 4809; x_wconf 91' lang='lat' dir='ltr'><strong>instar</strong></span> <span class='ocrx_word' id='word_1_344' title='bbox 1103 4754 1388 4824; x_wconf 71' lang='lat' dir='ltr'><strong>effulgens,</strong></span> <span class='ocrx_word' id='word_1_345' title='bbox 1424 4756 1711 4809; x_wconf 87' lang='lat' dir='ltr'><strong>veritatem</strong></span> <span class='ocrx_word' id='word_1_346' title='bbox 1746 4755 1921 4823; x_wconf 88' lang='lat' dir='ltr'><strong>aperit</strong></span> 
     </span>
    </p>
   </div>
   <div class='ocr_carea' id='block_1_55' title="bbox 2019 4754 3592 4832">
    <p class='ocr_par' dir='ltr' id='par_1_55' title="bbox 2020 4758 3592 4832">
     <span class='ocr_line' id='line_1_55' title="bbox 2020 4758 3592 4832; baseline -0.004 -18"><span class='ocrx_word' id='word_1_347' title='bbox 2020 4761 2226 4832; x_wconf 74' lang='grc' dir='ltr'>ἀληθὴς</span> <span class='ocrx_word' id='word_1_348' title='bbox 2264 4760 2422 4828; x_wconf 75' lang='grc' dir='ltr'>λόγος</span> <span class='ocrx_word' id='word_1_349' title='bbox 2447 4760 2533 4811; x_wconf 75' lang='grc' dir='ltr'><strong>διὰ</strong></span> <span class='ocrx_word' id='word_1_350' title='bbox 2584 4759 2683 4829; x_wconf 83' lang='grc' dir='ltr'>τῆς</span> <span class='ocrx_word' id='word_1_351' title='bbox 2707 4758 2817 4811; x_wconf 81' lang='grc' dir='ltr'>τῶν</span> <span class='ocrx_word' id='word_1_352' title='bbox 2866 4759 3028 4829; x_wconf 84' lang='grc' dir='ltr'>ίερῶν</span> <span class='ocrx_word' id='word_1_353' title='bbox 3058 4760 3318 4828; x_wconf 81' lang='grc' dir='ltr'>Πατὲρων</span> <span class='ocrx_word' id='word_1_354' title='bbox 3348 4758 3592 4827; x_wconf 60' lang='grc' dir='ltr'>γλώττις</span> 
     </span>
    </p>
   </div>
   <div class='ocr_carea' id='block_1_56' title="bbox 357 4848 1930 4923">
    <p class='ocr_par' dir='ltr' id='par_1_56' title="bbox 357 4848 1923 4917">
     <span class='ocr_line' id='line_1_56' title="bbox 357 4848 1923 4917; baseline -0.002 -15"><span class='ocrx_word' id='word_1_355' title='bbox 357 4850 673 4902; x_wconf 88' lang='lat' dir='ltr'><strong>hominibus</strong></span> <span class='ocrx_word' id='word_1_356' title='bbox 701 4889 714 4911; x_wconf 91' lang='lat'><strong>,</strong></span> <span class='ocrx_word' id='word_1_357' title='bbox 746 4849 838 4917; x_wconf 89' lang='lat' dir='ltr'><strong>qui</strong></span> <span class='ocrx_word' id='word_1_358' title='bbox 868 4856 1051 4904; x_wconf 89' lang='lat' dir='ltr'><strong>mente</strong></span> <span class='ocrx_word' id='word_1_359' title='bbox 1083 4862 1190 4902; x_wconf 92' lang='lat' dir='ltr'><strong>non</strong></span> <span class='ocrx_word' id='word_1_360' title='bbox 1227 4848 1522 4902; x_wconf 57' lang='lat' dir='ltr'><strong>excutiant</strong></span> <span class='ocrx_word' id='word_1_361' title='bbox 1552 4864 1566 4912; x_wconf 91' lang='lat'><strong>;</strong></span> <span class='ocrx_word' id='word_1_362' title='bbox 1604 4856 1923 4915; x_wconf 87' lang='lat' dir='ltr'><strong>certamque</strong></span> 
     </span>
    </p>
   </div>
   <div class='ocr_carea' id='block_1_57' title="bbox 2018 4848 3591 4923">
    <p class='ocr_par' dir='ltr' id='par_1_57' title="bbox 2020 4850 3591 4923">
     <span class='ocr_line' id='line_1_57' title="bbox 2020 4850 3591 4923; baseline -0.004 -17"><span class='ocrx_word' id='word_1_363' title='bbox 2020 4854 2446 4923; x_wconf 83' lang='grc' dir='ltr'>ὲμφαινόμενος,</span> <span class='ocrx_word' id='word_1_364' title='bbox 2480 4851 2634 4920; x_wconf 78' lang='grc' dir='ltr'>ἡλίου</span> <span class='ocrx_word' id='word_1_365' title='bbox 2687 4852 2844 4919; x_wconf 88' lang='grc' dir='ltr'>δίκην</span> <span class='ocrx_word' id='word_1_366' title='bbox 2882 4851 3138 4920; x_wconf 81' lang='grc' dir='ltr'>λάμπων,</span> <span class='ocrx_word' id='word_1_367' title='bbox 3186 4851 3286 4920; x_wconf 81' lang='grc' dir='ltr'>τὴν</span> <span class='ocrx_word' id='word_1_368' title='bbox 3332 4850 3591 4918; x_wconf 76' lang='grc' dir='ltr'>ἀλήθειαν</span> 
     </span>
    </p>
   </div>
   <div class='ocr_carea' id='block_1_58' title="bbox 358 4938 1931 5011">
    <p class='ocr_par' dir='ltr' id='par_1_58' title="bbox 358 4938 1917 5007">
     <span class='ocr_line' id='line_1_58' title="bbox 358 4938 1917 5007; baseline -0.002 -15"><span class='ocrx_word' id='word_1_369' title='bbox 358 4939 515 4992; x_wconf 70' lang='lat' dir='ltr'><strong>fidem</strong></span> <span class='ocrx_word' id='word_1_370' title='bbox 568 4938 695 4993; x_wconf 83' lang='lat' dir='ltr'><strong>facit</strong></span> <span class='ocrx_word' id='word_1_371' title='bbox 758 4939 823 4993; x_wconf 87' lang='lat' dir='ltr'><strong>de</strong></span> <span class='ocrx_word' id='word_1_372' title='bbox 873 4939 1184 4993; x_wconf 83' lang='lat' dir='ltr'><strong>divinorum</strong></span> <span class='ocrx_word' id='word_1_373' title='bbox 1236 4938 1553 4993; x_wconf 84' lang='lat' dir='ltr'><strong>sinceritate</strong></span> <span class='ocrx_word' id='word_1_374' title='bbox 1581 4939 1917 5007; x_wconf 78' lang='lat' dir='ltr'><strong>dogmatum,</strong></span> 
     </span>
    </p>
   </div>
   <div class='ocr_carea' id='block_1_59' title="bbox 2021 4938 3594 5011">
    <p class='ocr_par' dir='ltr' id='par_1_59' title="bbox 2021 4940 3594 5011">
     <span class='ocr_line' id='line_1_59' title="bbox 2021 4940 3594 5011; baseline -0.004 -17"><span class='ocrx_word' id='word_1_375' title='bbox 2021 4959 2081 4995; x_wconf 84' lang='grc' dir='ltr'><strong>τε</strong></span> <span class='ocrx_word' id='word_1_376' title='bbox 2116 4941 2377 5011; x_wconf 75' lang='grc' dir='ltr'>ἐμφαίνει</span> <span class='ocrx_word' id='word_1_377' title='bbox 2411 4943 2521 5004; x_wconf 83' lang='grc' dir='ltr'>τοῖς</span> <span class='ocrx_word' id='word_1_378' title='bbox 2562 4940 2635 5011; x_wconf 82' lang='grc' dir='ltr'>μὴ</span> <span class='ocrx_word' id='word_1_379' title='bbox 2666 4942 2763 5010; x_wconf 83' lang='grc' dir='ltr'><strong>τὴν</strong></span> <span class='ocrx_word' id='word_1_380' title='bbox 2797 4940 3043 4994; x_wconf 81' lang='grc' dir='ltr'>διάνοιαν</span> <span class='ocrx_word' id='word_1_381' title='bbox 3080 4940 3476 5007; x_wconf 80' lang='grc' dir='ltr'>τυφλώττουσι,</span> <span class='ocrx_word' id='word_1_382' title='bbox 3504 4941 3594 4989; x_wconf 73' lang='grc' dir='ltr'><strong>καὶ</strong></span> 
     </span>
    </p>
   </div>
   <div class='ocr_carea' id='block_1_60' title="bbox 354 5026 1927 5103">
    <p class='ocr_par' dir='ltr' id='par_1_60' title="bbox 354 5026 1917 5101">
     <span class='ocr_line' id='line_1_60' title="bbox 354 5026 1917 5101; baseline -0.004 -18"><span class='ocrx_word' id='word_1_383' title='bbox 354 5032 533 5101; x_wconf 71' lang='lat' dir='ltr'><strong>deque</strong></span> <span class='ocrx_word' id='word_1_384' title='bbox 587 5029 909 5099; x_wconf 79' lang='lat' dir='ltr'><strong>integritate</strong></span> <span class='ocrx_word' id='word_1_385' title='bbox 971 5040 1025 5083; x_wconf 92' lang='lat' dir='ltr'><strong>et</strong></span> <span class='ocrx_word' id='word_1_386' title='bbox 1076 5030 1316 5099; x_wconf 90' lang='lat' dir='ltr'><strong>puritate</strong></span> <span class='ocrx_word' id='word_1_387' title='bbox 1378 5027 1551 5092; x_wconf 85' lang='lat' dir='ltr'><strong>fidei;</strong></span> <span class='ocrx_word' id='word_1_388' title='bbox 1610 5038 1662 5081; x_wconf 93' lang='lat' dir='ltr'><strong>et</strong></span> <span class='ocrx_word' id='word_1_389' title='bbox 1722 5026 1917 5079; x_wconf 79' lang='lat' dir='ltr'><strong>invitat</strong></span> 
     </span>
    </p>
   </div>
   <div class='ocr_carea' id='block_1_61' title="bbox 2021 5026 3594 5103">
    <p class='ocr_par' dir='ltr' id='par_1_61' title="bbox 2024 5029 3594 5103">
     <span class='ocr_line' id='line_1_61' title="bbox 2024 5029 3594 5103; baseline -0.003 -19"><span class='ocrx_word' id='word_1_390' title='bbox 2024 5032 2413 5103; x_wconf 79' lang='grc' dir='ltr'>πληροφορίαν</span> <span class='ocrx_word' id='word_1_391' title='bbox 2442 5032 2674 5101; x_wconf 80' lang='grc' dir='ltr'>παρέχει</span> <span class='ocrx_word' id='word_1_392' title='bbox 2700 5031 2800 5099; x_wconf 73' lang='grc' dir='ltr'>τῆς</span> <span class='ocrx_word' id='word_1_393' title='bbox 2832 5048 2889 5082; x_wconf 89' lang='grc' dir='ltr'><strong>τε</strong></span> <span class='ocrx_word' id='word_1_394' title='bbox 2923 5032 3276 5099; x_wconf 78' lang='grc' dir='ltr'>είλικρινεέας</span> <span class='ocrx_word' id='word_1_395' title='bbox 3302 5030 3406 5081; x_wconf 70' lang='grc' dir='ltr'><strong>τῶν</strong></span> <span class='ocrx_word' id='word_1_396' title='bbox 3435 5029 3594 5081; x_wconf 68' lang='grc' dir='ltr'>θείων</span> 
     </span>
    </p>
   </div>
   <div class='ocr_carea' id='block_1_62' title="bbox 355 5114 1928 5192">
    <p class='ocr_par' dir='ltr' id='par_1_62' title="bbox 355 5114 1916 5186">
     <span class='ocr_line' id='line_1_62' title="bbox 355 5114 1916 5186; baseline -0.006 -11"><span class='ocrx_word' id='word_1_397' title='bbox 355 5138 566 5183; x_wconf 78' lang='lat' dir='ltr'><strong>omnes,</strong></span> <span class='ocrx_word' id='word_1_398' title='bbox 593 5132 647 5174; x_wconf 86' lang='lat' dir='ltr'><strong>ut</strong></span> <span class='ocrx_word' id='word_1_399' title='bbox 676 5120 740 5173; x_wconf 87' lang='lat' dir='ltr'><strong>ad</strong></span> <span class='ocrx_word' id='word_1_400' title='bbox 768 5120 1015 5175; x_wconf 78' lang='lat' dir='ltr'><strong>veritatis</strong></span> <span class='ocrx_word' id='word_1_401' title='bbox 1048 5128 1229 5173; x_wconf 88' lang='lat' dir='ltr'><strong>castra</strong></span> <span class='ocrx_word' id='word_1_402' title='bbox 1260 5118 1653 5186; x_wconf 79' lang='lat' dir='ltr'><strong>transfugiant.</strong></span> <span class='ocrx_word' id='word_1_403' title='bbox 1675 5114 1741 5169; x_wconf 90' lang='lat' dir='ltr'><strong>Ut</strong></span> <span class='ocrx_word' id='word_1_404' title='bbox 1772 5116 1916 5168; x_wconf 90' lang='lat' dir='ltr'><strong>enim</strong></span> 
     </span>
    </p>
   </div>
   <div class='ocr_carea' id='block_1_63' title="bbox 2020 5114 3593 5192">
    <p class='ocr_par' dir='ltr' id='par_1_63' title="bbox 2021 5121 3593 5192">
     <span class='ocr_line' id='line_1_63' title="bbox 2021 5121 3593 5192; baseline -0.001 -18"><span class='ocrx_word' id='word_1_405' title='bbox 2021 5127 2333 5190; x_wconf 71' lang='grc' dir='ltr'>δογμὰτωι,</span> <span class='ocrx_word' id='word_1_406' title='bbox 2364 5123 2563 5175; x_wconf 68' lang='grc' dir='ltr'>καὶτοῦ</span> <span class='ocrx_word' id='word_1_407' title='bbox 2596 5124 2836 5192; x_wconf 70' lang='grc' dir='ltr'>καθαροῦ</span> <span class='ocrx_word' id='word_1_408' title='bbox 2872 5124 2964 5175; x_wconf 78' lang='grc' dir='ltr'><strong>καὶ</strong></span> <span class='ocrx_word' id='word_1_409' title='bbox 2998 5124 3184 5175; x_wconf 87' lang='grc' dir='ltr'>ἀδόλου</span> <span class='ocrx_word' id='word_1_410' title='bbox 3207 5121 3306 5190; x_wconf 64' lang='grc' dir='ltr'>τῆς</span> <span class='ocrx_word' id='word_1_411' title='bbox 3330 5122 3593 5184; x_wconf 76' lang='grc' dir='ltr'>πίστεως,</span> 
     </span>
    </p>
   </div>
   <div class='ocr_carea' id='block_1_64' title="bbox 358 5208 1931 5284">
    <p class='ocr_par' dir='ltr' id='par_1_64' title="bbox 358 5208 1918 5279">
     <span class='ocr_line' id='line_1_64' title="bbox 358 5208 1918 5279; baseline -0.001 -15"><span class='ocrx_word' id='word_1_412' title='bbox 358 5214 629 5275; x_wconf 69' lang='grc' dir='ltr'>ιυιιυιπίιε,</span> <span class='ocrx_word' id='word_1_413' title='bbox 653 5228 776 5267; x_wconf 88' lang='lat' dir='ltr'><strong>cum</strong></span> <span class='ocrx_word' id='word_1_414' title='bbox 815 5214 946 5267; x_wconf 86' lang='lat' dir='ltr'><strong>nihil</strong></span> <span class='ocrx_word' id='word_1_415' title='bbox 978 5214 1107 5275; x_wconf 87' lang='lat' dir='ltr'><strong>sint,</strong></span> <span class='ocrx_word' id='word_1_416' title='bbox 1148 5212 1368 5265; x_wconf 89' lang='lat' dir='ltr'><strong>luminis</strong></span> <span class='ocrx_word' id='word_1_417' title='bbox 1403 5210 1685 5279; x_wconf 67' lang='lat' dir='ltr'><strong>praesentia</strong></span> <span class='ocrx_word' id='word_1_418' title='bbox 1726 5208 1918 5278; x_wconf 77' lang='lat' dir='ltr'><strong>fugat:</strong></span> 
     </span>
    </p>
   </div>
   <div class='ocr_carea' id='block_1_65' title="bbox 2021 5208 3594 5284">
    <p class='ocr_par' dir='ltr' id='par_1_65' title="bbox 2028 5214 3594 5284">
     <span class='ocr_line' id='line_1_65' title="bbox 2028 5214 3594 5284; baseline 0.001 -19"><span class='ocrx_word' id='word_1_419' title='bbox 2028 5217 2122 5265; x_wconf 73' lang='grc' dir='ltr'>καὶ</span> <span class='ocrx_word' id='word_1_420' title='bbox 2182 5216 2389 5273; x_wconf 75' lang='grc' dir='ltr'>πάντας</span> <span class='ocrx_word' id='word_1_421' title='bbox 2428 5214 2751 5282; x_wconf 74' lang='grc' dir='ltr'>αὐτομολεῖν</span> <span class='ocrx_word' id='word_1_422' title='bbox 2788 5217 2929 5267; x_wconf 75' lang='grc' dir='ltr'>ποιεῖ</span> <span class='ocrx_word' id='word_1_423' title='bbox 2976 5216 3111 5284; x_wconf 70' lang='grc' dir='ltr'>πρὸς</span> <span class='ocrx_word' id='word_1_424' title='bbox 3157 5215 3255 5283; x_wconf 79' lang='grc' dir='ltr'>τὴν</span> <span class='ocrx_word' id='word_1_425' title='bbox 3313 5216 3594 5283; x_wconf 81' lang='grc' dir='ltr'>ἀλήθειαν.</span> 
     </span>
    </p>
   </div>
   <div class='ocr_carea' id='block_1_66' title="bbox 357 5302 1930 5374">
    <p class='ocr_par' dir='ltr' id='par_1_66' title="bbox 357 5302 1920 5370">
     <span class='ocr_line' id='line_1_66' title="bbox 357 5302 1920 5370; baseline 0 -17"><span class='ocrx_word' id='word_1_426' title='bbox 357 5318 480 5355; x_wconf 80' lang='lat' dir='ltr'><strong>nam</strong></span> <span class='ocrx_word' id='word_1_427' title='bbox 525 5303 668 5370; x_wconf 85' lang='lat' dir='ltr'><strong>quod</strong></span> <span class='ocrx_word' id='word_1_428' title='bbox 712 5303 846 5357; x_wconf 86' lang='lat' dir='ltr'><strong>nihil</strong></span> <span class='ocrx_word' id='word_1_429' title='bbox 882 5311 1001 5365; x_wconf 84' lang='lat' dir='ltr'><strong>est,</strong></span> <span class='ocrx_word' id='word_1_430' title='bbox 1036 5302 1113 5354; x_wconf 77' lang='lat' dir='ltr'><strong>rei</strong></span> <span class='ocrx_word' id='word_1_431' title='bbox 1143 5316 1264 5370; x_wconf 68' lang='lat' dir='ltr'><strong>qua:</strong></span> <span class='ocrx_word' id='word_1_432' title='bbox 1294 5312 1488 5354; x_wconf 87' lang='lat' dir='ltr'><strong>natura</strong></span> <span class='ocrx_word' id='word_1_433' title='bbox 1528 5316 1626 5355; x_wconf 87' lang='lat' dir='ltr'><strong>sua</strong></span> <span class='ocrx_word' id='word_1_434' title='bbox 1664 5310 1920 5364; x_wconf 79' lang='lat' dir='ltr'><strong>constat,</strong></span> 
     </span>
    </p>
   </div>
   <div class='ocr_carea' id='block_1_67' title="bbox 2025 5302 3598 5374">
    <p class='ocr_par' dir='ltr' id='par_1_67' title="bbox 2026 5302 3598 5374">
     <span class='ocr_line' id='line_1_67' title="bbox 2026 5302 3598 5374; baseline 0.001 -18"><span class='ocrx_word' id='word_1_435' title='bbox 2026 5304 2133 5356; x_wconf 62' lang='grc' dir='ltr'><strong>Καὶ</strong></span> <span class='ocrx_word' id='word_1_436' title='bbox 2173 5304 2276 5372; x_wconf 73' lang='grc' dir='ltr'>γὰρ</span> <span class='ocrx_word' id='word_1_437' title='bbox 2302 5302 2492 5372; x_wconf 75' lang='grc' dir='ltr'>ὥσπερ</span> <span class='ocrx_word' id='word_1_438' title='bbox 2524 5305 2554 5372; x_wconf 79' lang='grc' dir='ltr'><strong>ἡ</strong></span> <span class='ocrx_word' id='word_1_439' title='bbox 2582 5305 2859 5374; x_wconf 82' lang='grc' dir='ltr'>παρουσία</span> <span class='ocrx_word' id='word_1_440' title='bbox 2891 5303 2983 5356; x_wconf 81' lang='grc' dir='ltr'>τοῦ</span> <span class='ocrx_word' id='word_1_441' title='bbox 3017 5304 3196 5372; x_wconf 84' lang='grc' dir='ltr'>φωτὸς</span> <span class='ocrx_word' id='word_1_442' title='bbox 3239 5305 3299 5357; x_wconf 84' lang='grc' dir='ltr'><strong>τό</strong></span> <span class='ocrx_word' id='word_1_443' title='bbox 3347 5306 3598 5359; x_wconf 84' lang='grc' dir='ltr'>ἁνούσιον</span> 
     </span>
    </p>
   </div>
   <div class='ocr_carea' id='block_1_68' title="bbox 358 5388 1931 5463">
    <p class='ocr_par' dir='ltr' id='par_1_68' title="bbox 358 5388 1919 5457">
     <span class='ocr_line' id='line_1_68' title="bbox 358 5388 1919 5457; baseline 0.003 -17"><span class='ocrx_word' id='word_1_444' title='bbox 358 5407 461 5443; x_wconf 81' lang='lat' dir='ltr'><strong>non</strong></span> <span class='ocrx_word' id='word_1_445' title='bbox 506 5396 642 5445; x_wconf 77' lang='lat' dir='ltr'><strong>t&#39;aiel</strong></span> <span class='ocrx_word' id='word_1_446' title='bbox 682 5393 991 5456; x_wconf 74' lang='lat' dir='ltr'><strong>obsistere;</strong></span> <span class='ocrx_word' id='word_1_447' title='bbox 1031 5392 1103 5444; x_wconf 86' lang='lat' dir='ltr'><strong>ita</strong></span> <span class='ocrx_word' id='word_1_448' title='bbox 1138 5390 1305 5443; x_wconf 75' lang='lat' dir='ltr'><strong>divini</strong></span> <span class='ocrx_word' id='word_1_449' title='bbox 1350 5388 1591 5457; x_wconf 83' lang='lat' dir='ltr'><strong>Spiritus</strong></span> <span class='ocrx_word' id='word_1_450' title='bbox 1623 5390 1919 5444; x_wconf 81' lang='lat' dir='ltr'><strong>illustratio</strong></span> 
     </span>
    </p>
   </div>
   <div class='ocr_carea' id='block_1_69' title="bbox 2029 5388 3602 5463">
    <p class='ocr_par' dir='ltr' id='par_1_69' title="bbox 2029 5393 3602 5463">
     <span class='ocr_line' id='line_1_69' title="bbox 2029 5393 3602 5463; baseline 0.003 -17"><span class='ocrx_word' id='word_1_451' title='bbox 2029 5395 2215 5456; x_wconf 87' lang='grc' dir='ltr'>σκότος</span> <span class='ocrx_word' id='word_1_452' title='bbox 2257 5393 2590 5446; x_wconf 80' lang='grc' dir='ltr'>ἀπελαύνει·</span> <span class='ocrx_word' id='word_1_453' title='bbox 2620 5394 2740 5446; x_wconf 70' lang='grc' dir='ltr'>οὐδὲ</span> <span class='ocrx_word' id='word_1_454' title='bbox 2802 5396 2911 5463; x_wconf 85' lang='grc' dir='ltr'>γὰρ</span> <span class='ocrx_word' id='word_1_455' title='bbox 2969 5394 3192 5449; x_wconf 77' lang='grc' dir='ltr'>δύναται</span> <span class='ocrx_word' id='word_1_456' title='bbox 3228 5396 3290 5449; x_wconf 84' lang='grc' dir='ltr'><strong>τὸ</strong></span> <span class='ocrx_word' id='word_1_457' title='bbox 3346 5397 3602 5450; x_wconf 81' lang='grc' dir='ltr'>ἀνούσιον</span> 
     </span>
    </p>
   </div>
   <div class='ocr_carea' id='block_1_70' title="bbox 356 5480 1929 5559">
    <p class='ocr_par' dir='ltr' id='par_1_70' title="bbox 356 5480 1921 5551">
     <span class='ocr_line' id='line_1_70' title="bbox 356 5480 1921 5551; baseline 0 -17"><span class='ocrx_word' id='word_1_458' title='bbox 356 5497 449 5550; x_wconf 82' lang='lat' dir='ltr'><strong>per</strong></span> <span class='ocrx_word' id='word_1_459' title='bbox 483 5497 636 5536; x_wconf 82' lang='lat' dir='ltr'><strong>sacra</strong></span> <span class='ocrx_word' id='word_1_460' title='bbox 682 5483 1013 5537; x_wconf 87' lang='lat' dir='ltr'><strong>deiferorum</strong></span> <span class='ocrx_word' id='word_1_461' title='bbox 1054 5480 1273 5533; x_wconf 83' lang='lat' dir='ltr'><strong>Patrum</strong></span> <span class='ocrx_word' id='word_1_462' title='bbox 1309 5480 1527 5551; x_wconf 85' lang='lat' dir='ltr'><strong>eloquia</strong></span> <span class='ocrx_word' id='word_1_463' title='bbox 1560 5490 1611 5534; x_wconf 88' lang='lat' dir='ltr'><strong>et</strong></span> <span class='ocrx_word' id='word_1_464' title='bbox 1638 5481 1921 5536; x_wconf 68' lang='lat' dir='ltr'><strong>veritatem</strong></span> 
     </span>
    </p>
   </div>
   <div class='ocr_carea' id='block_1_71' title="bbox 2028 5480 3601 5559">
    <p class='ocr_par' dir='ltr' id='par_1_71' title="bbox 2032 5485 3601 5559">
     <span class='ocr_line' id='line_1_71' title="bbox 2032 5485 3601 5559; baseline 0.004 -22"><span class='ocrx_word' id='word_1_465' title='bbox 2032 5486 2167 5556; x_wconf 68' lang='grc' dir='ltr'>πρὸς</span> <span class='ocrx_word' id='word_1_466' title='bbox 2198 5488 2257 5537; x_wconf 75' lang='grc' dir='ltr'>τὸ</span> <span class='ocrx_word' id='word_1_467' title='bbox 2296 5485 2536 5537; x_wconf 80' lang='grc' dir='ltr'>ὲνούσιον</span> <span class='ocrx_word' id='word_1_468' title='bbox 2564 5485 2897 5538; x_wconf 80' lang='grc' dir='ltr'>ἀντιόαίνειν</span> <span class='ocrx_word' id='word_1_469' title='bbox 2924 5502 2936 5515; x_wconf 84' lang='lat'><strong><em>°</em></strong></span> <span class='ocrx_word' id='word_1_470' title='bbox 2962 5487 3105 5541; x_wconf 75' lang='grc' dir='ltr'>οὕτω</span> <span class='ocrx_word' id='word_1_471' title='bbox 3138 5489 3235 5542; x_wconf 79' lang='grc' dir='ltr'><strong>καὶ</strong></span> <span class='ocrx_word' id='word_1_472' title='bbox 3270 5490 3304 5559; x_wconf 83' lang='grc' dir='ltr'><strong>ὴ</strong></span> <span class='ocrx_word' id='word_1_473' title='bbox 3339 5490 3432 5542; x_wconf 82' lang='grc' dir='ltr'>τοῦ</span> <span class='ocrx_word' id='word_1_474' title='bbox 3454 5491 3601 5543; x_wconf 71' lang='grc' dir='ltr'>θεί-ιυ</span> 
     </span>
    </p>
   </div>
   <div class='ocr_carea' id='block_1_72' title="bbox 414 5655 3603 5729">
    <p class='ocr_par' dir='ltr' id='par_1_72' title="bbox 414 5655 3603 5729">
     <span class='ocr_line' id='line_1_72' title="bbox 414 5655 3603 5729; baseline 0.002 -23"><span class='ocrx_word' id='word_1_475' title='bbox 414 5659 485 5729; x_wconf 84' lang='lat' dir='ltr'><strong>(l)_</strong></span> <span class='ocrx_word' id='word_1_476' title='bbox 513 5661 792 5729; x_wconf 55' lang='lat' dir='ltr'><strong>Interprete</strong></span> <span class='ocrx_word' id='word_1_477' title='bbox 815 5660 955 5729; x_wconf 78' lang='lat' dir='ltr'><strong>Joan.</strong></span> <span class='ocrx_word' id='word_1_478' title='bbox 978 5659 1205 5729; x_wconf 38' lang='lat' dir='ltr'><strong>Matt-haee</strong></span> <span class='ocrx_word' id='word_1_479' title='bbox 1237 5659 1575 5723; x_wconf 70' lang='lat' dir='ltr'><strong>CaryOphyllo.</strong></span> <span class='ocrx_word' id='word_1_480' title='bbox 1609 5658 1790 5718; x_wconf 85' lang='lat' dir='ltr'><strong>Labhe,</strong></span> <span class='ocrx_word' id='word_1_481' title='bbox 1810 5658 1995 5712; x_wconf 82' lang='lat' dir='ltr'><strong>Concil.</strong></span> <span class='ocrx_word' id='word_1_482' title='bbox 2030 5666 2145 5711; x_wconf 69' lang='lat' dir='ltr'><strong>tovn.</strong></span> <span class='ocrx_word' id='word_1_483' title='bbox 2168 5658 2294 5710; x_wconf 78' lang='lat' dir='ltr'><strong>Xlll.</strong></span> <span class='ocrx_word' id='word_1_484' title='bbox 2313 5655 2459 5708; x_wconf 81' lang='lat' dir='ltr'><strong>Marci</strong></span> <span class='ocrx_word' id='word_1_485' title='bbox 2495 5658 2706 5720; x_wconf 87' lang='lat' dir='ltr'><strong>epistola</strong></span> <span class='ocrx_word' id='word_1_486' title='bbox 2732 5661 2865 5713; x_wconf 89' lang='lat' dir='ltr'><strong>edita</strong></span> <span class='ocrx_word' id='word_1_487' title='bbox 2888 5663 3034 5713; x_wconf 86' lang='lat' dir='ltr'><strong>estin</strong></span> <span class='ocrx_word' id='word_1_488' title='bbox 3056 5664 3327 5729; x_wconf 62' lang='grc' dir='ltr'>τόμῳίτάπης</span> <span class='ocrx_word' id='word_1_489' title='bbox 3358 5663 3603 5725; x_wconf 76' lang='lat' dir='ltr'><strong>Dosithei,</strong></span> 
     </span>
    </p>
   </div>
   <div class='ocr_carea' id='block_1_73' title="bbox 366 5716 1225 5779">
    <p class='ocr_par' dir='ltr' id='par_1_73' title="bbox 366 5716 1225 5779">
     <span class='ocr_line' id='line_1_73' title="bbox 366 5716 1225 5779; baseline 0.003 -12"><span class='ocrx_word' id='word_1_490' title='bbox 366 5716 532 5771; x_wconf 49' lang='lat' dir='ltr'><strong>iussio:</strong></span> <span class='ocrx_word' id='word_1_491' title='bbox 560 5726 606 5771; x_wconf 87' lang='lat' dir='ltr'><strong>in</strong></span> <span class='ocrx_word' id='word_1_492' title='bbox 647 5716 903 5779; x_wconf 73' lang='lat' dir='ltr'><strong>Moldavia,</strong></span> <span class='ocrx_word' id='word_1_493' title='bbox 934 5734 1062 5768; x_wconf 69' lang='lat' dir='ltr'><strong>aonie</strong></span> <span class='ocrx_word' id='word_1_494' title='bbox 1092 5722 1225 5769; x_wconf 71' lang='lat'><strong>1098.</strong></span> 
     </span>
    </p>
   </div>
  </div>
