3988 6216
349 343 456 408 113

1608 357 1914 419 CONTRA
1949 358 2374 423 EPHESIUM.

3493 367 3591 432 114

345 459 670 529 Πνεύματος
702 463 968 534 ἔλλαμψις
1000 467 1087 522 διὰ
1118 468 1211 539 τῆς
1230 469 1337 525 τῶν
1368 470 1642 542 θεοφὸρων
1666 474 1920 540 Πατέρων

2030 476 2199 545 ipsam
2248 479 2535 545 declarat;
2599 488 2651 535 et
2710 494 2773 534 ea
2838 494 3187 549 usurpantes,
3242 489 3595 552 mentemque

345 552 636 618 θεολογίας
666 556 765 622 τήν
794 572 851 607 τε
899 558 1161 628 ἀλήθειαν
1223 562 1503 630 ἐμφαίνει,
1540 564 1663 627 τούς
1716 584 1774 617 τε
1833 566 1923 617 λέ-

342 658 551 713 γοντας
581 646 679 697 καὶ
715 646 1013 715 ἐχομένους
1057 652 1154 719 τῆς
1188 652 1396 706 τούτων
1454 655 1694 718 διανοίας
1728 657 1758 722 ἢ
1796 673 1925 723 συγ-

348 736 674 803 γράφοντας
704 736 954 804 φωτίζει,
981 741 1076 793 καὶ
1122 744 1236 805 τοῖς
1279 743 1540 798 ἀκούουσι
1572 747 1662 798 τὸν
1721 746 1926 799 ἄνωθεν

352 824 633 893 σωτήριον
662 827 951 897 φωτισμὸν
1012 832 1395 903 ἐπιὸραὸεύει.
1426 837 1651 891 Ἕνεκεν
1699 837 1789 891 οὖν
1829 839 1926 906 τῆς

349 916 542 984 κοινῆς
570 916 777 987 ταύτης
825 920 1117 987 ὡφελείας,
1158 927 1249 979 καὶ
1281 928 1379 995 τῆς
1411 929 1664 1000 ἀληθείας
1697 932 1928 998 ἀνευρέ-

353 1024 500 1071 σιως
534 1010 681 1079 (ἥτις
706 1010 919 1078 ὀφείλει
950 1013 1312 1086 ζητεῖσθαιού
1342 1019 1499 1090 μόνον
1523 1023 1616 1074 ἐπὶ
1652 1023 1750 1075 τῶν
1768 1023 1927 1076 θείων

349 1099 663 1167 δογμάτων,
691 1102 829 1157 άλλὰ
850 1107 943 1158 καὶ
980 1107 1072 1160 ἐπὶ
1102 1112 1299 1173 παντὸς
1359 1112 1517 1165 ἄλλου
1577 1116 1923 1183 πράγματος,

350 1193 535 1256 καθώς
601 1212 769 1265 φησιν
823 1200 851 1250 6
908 1200 1148 1269 Κύριος·
1181 1204 1421 1269 Ζητεῖτε
1477 1205 1574 1258 καὶ
1614 1207 1925 1279 εὑρήσετε)

351 1286 563 1354 ταύτην
599 1290 691 1340 καὶ
720 1292 885 1358 ἡμεῖς
917 1293 1316 1363 ἐκζητήσωμεν
1371 1298 1431 1348 ἐκ
1482 1297 1582 1367 τῆς
1628 1299 1737 1352 τῶν
1780 1300 1927 1354 διδα-

355 1379 573 1432 σκάλων
604 1381 911 1450 θεολογίας,
949 1388 1043 1439 καὶ
1099 1388 1197 1458 τὴν
1254 1389 1649 1459 αὕτοαλήθειαν
1691 1394 1926 1463 Χριστὸν

351 1470 444 1521 τὸν
472 1470 609 1523 Θεὸν
659 1473 822 1542 ἡμῶν
858 1476 1249 1547 ίκετεύσωμεν,
1301 1480 1450 1542 ὅπως
1500 1479 1596 1533 τὸν
1645 1482 1926 1551 φωτισμὸν

355 1564 448 1615 καὶ
478 1564 579 1630 τὴν
614 1564 825 1618 ἄνωθεν
856 1567 1018 1637 χάριν
1069 1570 1443 1640 καταπέμψας
1497 1573 1823 1645 καταυγάσῃ
1871 1575 1927 1626 τὸ

354 1656 454 1724 τῆς
474 1656 716 1719 διανοίας
776 1658 939 1729 ἡμῶν
973 1660 1149 1729 ὄμμα,
1211 1665 1291 1725 εἰς
1323 1665 1383 1717 τὸ
1425 1665 1501 1735 μὴ
1556 1666 1786 1719 κατόπιν
1826 1666 1927 1733 τῆς

356 1750 617 1853 fano-eia:
644 1750 818 1805 ἐλθεῖν
839 1767 852 1780 ·
905 1752 1067 1814 αὐτὸς
1122 1754 1232 1823 γάρ
1266 1755 1415 1808 ἐστιν
1441 1756 1469 1808 6
1504 1757 1705 1809 εἰπών·
1740 1759 1924 1825 Χωρίς
1958 1796 1997 1853 Β

362 1837 512 1908 ἐμοῦ
548 1844 618 1895 οὐ
646 1842 910 1898 δύνασθε
933 1845 1130 1898 ποιεῖν
1156 1846 1349 1911 ,οὐδέν
1373 1863 1387 1878 ⁸
1421 1848 1515 1901 καί
1549 1865 1565 1880 ·
1623 1848 1745 1915 Πᾶς
1775 1850 1805 1902 ὁ
1833 1852 1919 1903 αι-

364 1931 483 1984 τῶν
507 1935 815 2003 λαμϐάνει.
850 1936 1227 2007 Δύτοαλήθεια
1257 1939 1365 2007 γὰρ
1404 1940 1479 1993 ὢν
1520 1942 1779 2011 ἀληθείας
1827 1944 1919 1995 ἐκ-

358 2024 528 2091 ζητεῖ,
585 2025 769 2090 καθὼς
810 2029 903 2080 καὶ
969 2029 1111 2092 θεῖος
1158 2029 1320 2083 Δαυῒδ
1371 2031 1567 2099 φησίν⁹
1602 2033 1919 2099 Ἀληθείας

350 2115 588 2184 ἐκζητεῒ
642 2120 889 2187 Κύριος’
953 2119 1084 2174 καίυ
1160 2121 1482 2190 Ἀλήθειαν
1506 2123 1833 2193 μελετήσει
1885 2124 1915 2177 ὁ

348 2209 590 2278 λάρυγξ
622 2228 763 2279 μου.
807 2212 958 2265 Ἐπεὶ
986 2207 1078 2266 οὖν
1115 2213 1211 2266 καὶ
1248 2216 1276 2267 6
1310 2214 1590 2284 αἰδέσιμος
1622 2208 1778 2279 οὗτος
1807 2220 1920 2280 τοῖς

351 2304 669 2373 ἁπανταχοῦ
704 2305 809 2375 γῆς
834 2307 1140 2362 ἐπιστέλλει
1170 2310 1265 2362 καὶ
1292 2310 1400 2361 τῶν
1452 2310 1637 2380 νήσων
1662 2309 1917 2379 εὕρισκον

358 2396 539 2463 μένοις
558 2398 938 2467 Χριστιανυτς,
968 2399 1047 2464 ὡς
1075 2399 1141 2454 ἂν
1173 2402 1236 2453 ἐκ
1279 2400 1387 2453 τῶν
1418 2400 1518 2472 ἤδη
1553 2401 1688 2471 πρὸς
1722 2402 1919 2464 αὐτοὺς

351 2488 778 2558 ἐπεσταλμένων
830 2491 931 2559 τὴν
966 2491 1067 2561 τῆς
1124 2491 1358 2554 πίστεως
1388 2492 1650 2562 ἀλήθειαν
1689 2493 1917 2555 λάϐωσι,

348 2582 445 2634 καὶ
473 2582 600 2645 τοὺς
636 2582 748 2636 τῶν
787 2583 1032 2638 Λατίνων
1061 2584 1258 2638 ἐνωσιν
1293 2585 1601 2657 τηροῦντας
1642 2589 1920 2658 ἀποστρα-

347 2674 517 2741 φῶσι,
555 2675 687 2746 φέρε
721 2676 819 2729 καὶ
846 2677 1010 2745 ἡμεῖς
1068 2677 1245 2731 ταῦτα
1289 2679 1354 2746 δὴ
1418 2678 1488 2731 τὰ
1541 2681 1919 2751 ἐπεσταλμένα

346 2767 696 2837 ἐξετάσωμεν
722 2785 737 2799 °
774 2770 867 2824 καὶ
906 2772 955 2823 εί
1010 2771 1110 2842 μέν
1141 2771 1168 2822 6
1228 2772 1413 2839 τίμιος
1452 2766 1609 2836 οὗτος
1637 2772 1735 2841 τῆς
1787 2774 1918 2841 άλη-

346 2858 500 2919 θείας
526 2858 733 2927 ἔχεται,
763 2861 857 2913 καὶ
878 2862 1046 2930 ἡμεῖς
1101 2860 1219 2929 μετ’
1242 2859 1409 2915 αὐτοῦ
1448 2862 1757 2932 στησόμεθα
1784 2862 1917 2915 ταύο

346 2965 450 3017 την
480 2950 975 3021 ἀνακηρύττοντες,
1030 2951 1125 3004 καὶ
1182 2950 1345 3004 αὐτὸν
1399 2952 1812 3021 μεγαλύνοντες,
1844 2953 1920 3018 ὡς

342 3042 447 3108 τῆς
474 3041 732 3109 ἀληθείας
761 3041 1020 3112 ἐχόμενον
1047 3057 1063 3073 ⁸
1113 3043 1161 3095 εί
1191 3043 1248 3095 δέ
1281 3043 1474 3113 πόρρω
1522 3062 1624 3096 που
1655 3045 1753 3114 τῆς
1787 3045 1920 3114 άλη-

2030 568 2321 625 doctorum
2382 583 2677 640 sequentes
2719 574 3135 641 scribentesque
3200 573 3494 638 illuminat,
3538 584 3588 628 et

2029 660 2376 715 audientibus
2407 663 2701 717 salutarem
2734 665 2967 732 desuper
2999 664 3461 718 illuminationem
3491 665 3585 717 lar»

2030 752 2196 820 gitur.
2258 752 2443 821 Itaque
2478 755 2542 808 ad
2579 770 2923 809 communem
2975 756 3116 809 hanc
3170 755 3415 809 omnium
3452 754 3572 808 utili

2030 849 2219 905 tatem,
2249 852 2301 895 et
2334 843 2595 899 veritatis
2614 846 3057 901 adiuventionem
3093 847 3238 915 (qum
3269 860 3376 899 non
3414 846 3588 899 solum

2030 931 2083 983 in
2123 930 2325 987 divinis
2360 934 2729 1003 dogmatibus,
2758 936 2853 991 sed
2885 935 3050 989 etiam
3084 935 3277 1005 quavis
3304 936 3410 989 alia
3446 935 3498 989 in
3534 951 3588 989 re

2028 1024 2196 1088 quzrri
2244 1024 2402 1079 debet
2446 1024 2600 1094 juxta
2650 1025 2857 1080 dictum
2901 1024 3113 1080 Domini
3182 1044 3196 1080 :
3260 1026 3492 1091 Quterite
3544 1036 3589 1079 et

2030 1114 2307 1167 invenietis
2352 1114 2391 1183 ⁸)
2426 1115 2570 1169 illam
2601 1124 2654 1169 et
2680 1131 2779 1170 nos
2806 1116 3189 1185 perquiramus
3213 1130 3277 1169 ex
3309 1115 3589 1169 doctorum

2030 1207 2354 1271 sententiis;
2410 1205 2653 1276 fusisque
2686 1209 2751 1262 ad
2780 1208 3058 1261 Christum
3112 1205 3282 1261 Deum
3316 1216 3591 1267 nostrum,

2029 1299 2123 1368 qui
2155 1299 2269 1368 ipsa
2307 1300 2507 1354 veritas
2537 1309 2619 1354 est
2644 1340 2658 1363 ,
2695 1300 2949 1369 precibus
3002 1307 3276 1369 petamus,
3329 1305 3389 1352 ut
3429 1298 3591 1352 missa

2032 1405 2132 1444 nos
2190 1391 2309 1445 luce
2338 1406 2451 1445 suae
2480 1391 2667 1459 gratiae
2694 1430 2707 1453 ,
2742 1393 2942 1446 mentis
2979 1397 3181 1443 nostrae
3218 1389 3436 1444 oculum
3472 1389 3591 1440 illu-

2031 1491 2191 1541 stret,
2244 1496 2315 1534 ne
2369 1482 2597 1549 quaesita
2657 1483 2863 1536 veritas
2892 1498 2993 1537 nos
3017 1481 3262 1550 effugiat.
3294 1481 3413 1548 Ipse
3445 1481 3592 1534 enim

2030 1582 2115 1627 est
2154 1574 2246 1641 qui
2290 1574 2428 1627 dixit
2460 1591 2473 1628 :
2506 1573 2646 1629 "Sine
2674 1591 2752 1626 me
2788 1573 2925 1626 nihil
2954 1575 3170 1639 potestis
3202 1572 3376 1641 facere
3405 1572 3425 1601 '
3458 1588 3471 1637 ;
3500 1580 3548 1624 et
3577 1589 3589 1622 :

2031 1664 2216 1719 Omnis
2245 1666 2337 1735 qui
2366 1666 2494 1733 petit
2521 1707 2531 1728 ,
2566 1666 2753 1731 accipit
2794 1666 2837 1718 ³.
2869 1664 3003 1720 Cum
3032 1665 3105 1719 sit
3132 1665 3278 1718 enim
3311 1664 3428 1733 ipsa
3453 1662 3592 1716 veti-

2032 1764 2134 1817 tas,
2173 1770 2301 1808 vera
2336 1755 2605 1825 requirit,
2643 1764 2697 1809 ut
2756 1762 2990 1809 testatur
3019 1763 3075 1807 et
3113 1762 3338 1807 sanctus
3376 1752 3539 1805 David
3576 1771 3590 1805 :

2040 1844 2324 1899 Veritatem
2354 1848 2575 1916 requirit
2613 1846 2868 1899 Dominus
2904 1846 2959 1910 ’⁵;
3011 1852 3064 1900 et
3094 1863 3106 1898 :
3163 1843 3450 1898 Veritatem
3477 1860 3588 1895 mc-

2026 1937 2286 1989 ditnbitur
2328 1946 2511 2007 guttur
2538 1954 2707 1992 nteant
2734 1939 2777 1995 ⁸,
2798 1936 3069 2003 Quoniam
3101 1949 3232 2004 ergo
3264 1933 3592 1989 venerabilis

2027 2026 2111 2079 hic
2144 2026 2225 2079 vir
2259 2026 2453 2081 scribit
2496 2028 2561 2081 ad
2616 2042 2809 2081 omnes
2849 2026 3050 2095 ubique
3082 2035 3351 2080 terrarum
3386 2026 3591 2079 insula-

2029 2133 2259 2185 rumque
2312 2119 2522 2173 incolas
2588 2117 2965 2181 Christianos,
2998 2125 3088 2181 ut,
3130 2114 3587 2185 quemadmodum

2026 2210 2305 2281 prioribus
2350 2211 2463 2265 suis
2491 2210 2603 2280 jam
2638 2209 3047 2279 signiﬁcaverat
3079 2207 3298 2271 litteris,
3342 2207 3462 2260 fidei
3495 2223 3591 2259 ve~

2028 2306 2246 2358 ritatem
2283 2303 2600 2372 accipiant,
2649 2310 2700 2355 et
2738 2310 3060 2355 averseutur
3094 2315 3210 2363 eos,
3253 2299 3346 2366 qui
3377 2307 3587 2365 pactam

2027 2414 2150 2452 eum
2189 2396 2398 2451 Latinis
2440 2396 2697 2449 unionem
2752 2403 2975 2449 tuentur
3022 2413 3037 2460 ;
3093 2410 3190 2464 age
3236 2407 3333 2446 nos
3375 2406 3593 2461 quoque

2026 2489 2405 2544 examinemus
2466 2488 2576 2541 lizec
2626 2487 2744 2555 ipsa
2785 2500 2904 2556 qua:
2938 2486 3130 2542 scribit
3162 2503 3177 2549 ;
3208 2493 3261 2539 et
3292 2484 3338 2539 si
3372 2483 3590 2553 quidem

2025 2581 2274 2652 egregius
2326 2580 2409 2634 vir
2462 2590 2492 2633 a
2540 2580 2771 2634 veritate
2828 2595 2935 2633 non
2977 2579 3256 2639 abhorret,
3290 2591 3391 2630 nos
3428 2574 3591 2629 etiam

2027 2687 2149 2726 cum
2185 2669 2305 2740 ipso
2348 2669 2619 2724 stabimus
2650 2684 2769 2722 eam
2812 2667 3268 2737 depraedicantes,
3303 2666 3595 2735 ipsumque

2028 2762 2281 2818 laudibus
2315 2761 2668 2826 extollentes,
2706 2770 2895 2830 utpote
2922 2761 3175 2816 veritatis
3205 2760 3480 2821 amicum;
3511 2756 3592 2810 sin

2027 2864 2207 2909 autem
2238 2855 2395 2925 longe
2418 2854 2640 2908 aberrat
2673 2868 2701 2906 a
2741 2853 2994 2915 veritate,
3019 2850 3246 2920 prolatis
3278 2856 3593 2903 sanctorqu

2026 2946 2208 3012 dictis,
2230 2945 2406 3014 palam
2434 2944 2742 3014 legentibus
2769 2942 3056 3004 faciemus,
3078 2940 3209 3010 quid
3230 2937 3294 2993 ad
3316 2938 3433 3006 ejus
3460 2936 3593 2989 scri-

2025 3046 2115 3106 pta
2148 3035 2613 3104 respondeamus;
2641 3044 2698 3087 ut
2731 3033 3055 3102 intelligant,
3092 3038 3212 3084 utra
3246 3044 3370 3097 pars
3405 3042 3592 3081 verum

348 3134 503 3197 θείας
532 3133 704 3201 λέγει,
736 3136 803 3187 τά
837 3133 944 3186 τῶν
980 3133 1152 3202 ἁγίων
1204 3135 1469 3204 Πατέρων
1508 3136 1823 3203 προθέντες,
1855 3137 1920 3190 δι’

2028 3128 2194 3191 dicat,
2227 3136 2280 3181 et
2326 3140 2514 3179 secum
2552 3125 2802 3179 veritatis
2844 3122 3136 3177 candorem
3190 3118 3433 3181 habeat;
3474 3132 3593 3185 quae

348 3225 533 3279 αὐτῶν
563 3224 663 3294 τὴν
690 3224 993 3292 ἀπολογίαν
1020 3227 1132 3287 τοῖς
1169 3225 1560 3296 ἐντυγχάνουσι
1614 3226 1920 3295 κατάδηλον

344 3318 671 3386 ποιήσομεν·
732 3316 879 3376 ὅπως
914 3314 1136 3383 γνῶσιν,
1186 3317 1447 3384 ὁπότερον
1506 3318 1671 3388 μέρος
1708 3316 1920 3386 τάληθῆ

344 3408 517 3475 λέγει,
542 3408 644 3459 καὶ
671 3406 731 3458 τὸ
756 3406 1082 3477 λευκότερον
1128 3406 1248 3474 μεθ’
1279 3408 1479 3461 ἐαυτοῦ
1508 3409 1641 3477 ἔχει,
1670 3408 1754 3472 τίς
1791 3407 1847 3461 δέ
1894 3409 1921 3460 ὀ

345 3497 963 3570 παρασυλλογιζόμενος
996 3498 1089 3551 καὶ
1114 3498 1182 3551 τὰ
1206 3498 1381 3568 ψευδῆ
1403 3498 1582 3567 λέγων
1618 3497 1712 3551 καὶ
1740 3500 1922 3565 ἀμαυ-

346 3592 438 3660 ρά.
494 3590 636 3643 Ἀλλ’
659 3590 780 3642 ἐπεὶ
812 3591 907 3642 καὶ
956 3589 1123 3659 ἄμφω
1157 3590 1226 3643 τὰ
1277 3591 1418 3661 μέρη
1472 3590 1634 3654 αὑτός
1663 3608 1720 3642 τε
1751 3590 1918 3659 δηλοῖ,

344 3687 445 3737 καὶ
476 3686 641 3753 ἡμεῖς
672 3687 730 3737 τὸ
755 3686 1007 3755 κρεῖττον
1044 3686 1138 3738 καὶ
1167 3686 1372 3756 ἀληθὲς
1420 3687 1674 3755 κατέχειν
1705 3685 1921 3755 νομίζο-

347 3796 477 3846 μεν,
512 3778 747 3830 ἒπεσθαι
800 3778 1020 3839 πάντως
1068 3778 1280 3847 ἀνάγκη
1328 3780 1451 3839 ταῖς
1497 3778 1606 3830 τῶν
1650 3778 1920 3847 θεοφόρων

348 3870 615 3941 Πατὲρων
642 3870 974 3940 μαρτυρίαις
1010 3870 1202 3940 ὥσπερ
1234 3871 1372 3939 φωτί
1398 3886 1411 3900 ’
1438 3869 1523 3922 ἵνα
1556 3870 1647 3921 δύο
1691 3870 1918 3939 χρωμά-

344 3980 457 4015 των
485 3962 674 4025 ὕντων,
706 3961 941 4031 ἐρυθροῦ
968 3977 1026 4014 τε
1062 3964 1156 4015 καὶ
1189 3962 1441 4030 μέλανος,
1473 3960 1703 4013 ἑκάστου
1737 3960 1919 4029 λέγον-

340 4071 435 4115 τος
471 4053 531 4104 τὸ
560 4053 788 4121 ἐρυθρὸν
818 4055 1071 4123 κατέχειν
1108 4053 1206 4105 καὶ
1287 4051 1571 4121 βασιλικὸν
1630 4052 1723 4103 καὶ
1782 4052 1919 4121 χρήο

341 4160 523 4210 σιμον,
580 4142 667 4195 διὰ
713 4143 773 4194 τδ
829 4144 933 4195 ὑπὸ
966 4142 1059 4195 τοῦ
1120 4142 1298 4211 φωτὸς
1351 4141 1427 4211 μὴ
1486 4142 1808 4211 ἐλέγχεσθαι
1856 4144 1918 4194 τὸ

338 4237 597 4295 ἑκάστου,
629 4234 725 4287 τοῦ
757 4234 856 4303 μὲν
896 4237 929 4304 ἡ
953 4235 1153 4305 πλάνη,
1185 4234 1278 4287 τοῦ
1317 4235 1371 4287 δέ
1398 4236 1690 4304 φανερωθῇ
1726 4236 1758 4305 ἡ
1788 4236 1918 4303 ἁλὴς

339 4329 462 4379 θεια
484 4344 501 4358 ⁸
536 4328 635 4380 οὑκ
668 4327 891 4381 ἄλλοθεν
916 4328 974 4378 δὲ
1003 4328 1063 4379 τὸ
1097 4327 1234 4396 φῶς,
1262 4326 1335 4388 ὡς
1362 4326 1605 4396 εἴρηται,
1632 4327 1680 4378 εί
1713 4326 1786 4395 μὴ
1817 4325 1919 4380 ὑπὸ

336 4422 449 4471 τῶν
485 4418 762 4489 θεοφόρων
796 4421 889 4471 καὶ
918 4419 1090 4486 ἁγίων
1130 4419 1414 4489 Πατέρων,
1453 4419 1653 4476 οἵτινες
1682 4419 1786 4471 ὑπὸ
1820 4419 1915 4470 τοῦ

340 4514 483 4565 θείου
528 4512 841 4579 [Ius-Juno;
869 4511 1275 4581 ἐλλαμφθέντες

336 4605 596 4674 δόγμασι,
646 4605 806 4673 δίκην
838 4603 991 4673 ἡλίου
1025 4601 1323 4671 φωτίζουσι
1387 4601 1511 4663 τοὺς
1549 4598 1915 4670 ἐκζητοῦντας

336 4701 643 4771 ὁλοσχερῶς
675 4701 769 4753 καὶ
806 4702 897 4753 τὸν
953 4699 1080 4752 νοῦν
1108 4698 1286 4751 αὐτῶν
1340 4697 1700 4766 ἐρευνῶντας.
1738 4696 1915 4766 [1001']-

341 4810 535 4855 σαντες
565 4794 675 4861 γὰρ
705 4792 1067 4863 ἐξεζήτησαν,
1116 4792 1211 4844 καὶ¹
1269 4792 1680 4861 ἐκζητήσαντες
1732 4789 1911 4860 εὖρον,

336 4883 412 4945 ῶς
443 4885 656 4953 φησινή
679 4884 852 4952 Σοφία
872 4900 886 4914 ·
917 4885 983 4935 Ol
1009 4881 1328 4949 ζητοῦντές
1344 4900 1419 4950 με
1444 4884 1553 4951 γὰρ
1578 4881 1916 4949 εὑρήσουσι

334 4988 431 5039 με’
463 4978 555 5023 καὶ
591 4974 739 5041 ἡμᾶς
779 4975 858 5034 είς
890 4973 1049 5026 τοῦτο
1082 4960 1506 5043 προτρέπουσῖν,
1540 4973 1627 5026 ἶνα
1661 4973 1735 5043 μὴ
1765 4972 1907 5042 ψιλῷ

338 5064 415 5134 τῷ
439 5066 733 5135 γράμματι
760 5065 856 5135 τῆς
882 5064 1141 5135 ἀληθείας
1193 5067 1543 5135 ἐκπέσωμεν,
1579 5065 1655 5127 ὡς
1685 5066 1732 5117 οἱ
1778 5066 1909 5117 ’1ου-

338 5158 498 5213 δαῖοι.
531 5157 703 5210 Τοῦτο
729 5158 827 5210 σὺν
867 5160 979 5220 τοῖς
1013 5158 1196 5220 ἄλλοις
1224 5158 1473 5227 Πατρᾶισι
1496 5156 1589 5209 καὶ
1633 5156 1910 5219 Βασίλειος

336 5249 364 5299 6
384 5250 576 5315 Μέγας
601 5251 660 5302 ἐν
688 5249 766 5319 τῷ
801 5249 924 5303 κατ’
953 5251 1225 5321 Εύνομίου
1282 5250 1488 5322 πρώτῳ
1528 5251 1674 5320 λόγῳ
1702 5250 1866 5319 φησιν
1892 5265 1906 5278 ·

336 5341 436 5406 ὡς,
470 5340 534 5393 Εἰ
559 5359 641 5404 τις
675 5341 1053 5407 ἀϐασανίστως
1080 5346 1221 5397 κατὰ
1245 5342 1345 5412 τὴν
1374 5343 1663 5413 πρόχειρον
1686 5342 1913 5411 ἐκδοχὴν

344 5429 488 5499 ψιλῷ
524 5432 899 5501 παρίστασθαι
932 5435 1268 5503 φιλονεικοίη
1302 5434 1381 5504 τῷ
1432 5434 1742 5503 πράγματι,
1774 5432 1910 5498 πρὸς

348 5521 678 5587 Ίουδαίκοῦς
701 5528 797 5580 καὶ
817 5527 1085 5597 γραώδεις
1120 5526 1322 5597 μύθους
1378 5526 1731 5595 ἀνατραπεὶς,
1766 5541 1909 5575 πτω-

335 5612 431 5683 χδς
462 5615 742 5681 παντελῶς
772 5618 883 5671 τῶν
906 5619 1074 5683 ἀξίων
1103 5618 1232 5688 περί
1264 5617 1400 5671 Θεοῦ
1424 5616 1709 5686 νοημάτων
1735 5632 1903 5667 κατα-

403 5797 420 5828 ¹
450 5792 644 5854 Matth.
680 5813 770 5865 vn,
802 5800 857 5855 7.
938 5800 956 5830 ¹
993 5797 1151 5854 Joan.
1180 5814 1268 5865 xv,
1308 5796 1360 5852 5.
1441 5798 1458 5827 ³
1485 5796 1673 5851 Matth.
1701 5812 1793 5859 vn,
1829 5796 1880 5849 8.

1980 5792 1999 5824 ⁸
2033 5790 2178 5846 Psal.
2217 5804 2345 5853 xxx,
2377 5785 2446 5841 ‘24

2027 3227 2215 3275 contra
2273 3216 2481 3270 vitiosis
2518 3224 2701 3269 utatur
2734 3213 3096 3285 syllogismis.
3134 3219 3188 3264 et
3234 3209 3579 3264 obscuritate

2030 3312 2299 3367 mendacii
2364 3310 2693 3366 tenebrosis.
2742 3307 2847 3363 Sed
2912 3307 3174 3377 quoniam
3224 3304 3339 3370 ipse
3389 3302 3593 3374 profert

2026 3421 2143 3474 quae
2174 3414 2304 3459 sunt
2335 3403 2623 3471 utriusque
2657 3398 2827 3470 partis
2853 3440 2866 3461 ,
2904 3409 2957 3452 et
2992 3413 3090 3452 nos
3129 3397 3336 3453 sentire
3372 3396 3589 3457 melius,

2025 3508 2077 3553 et
2108 3480 2447 3551 veritatema
2480 3494 2636 3549 nobis
2668 3507 2789 3547 esse
2822 3490 3172 3553 arbitramur,
3204 3498 3287 3543 est
3311 3489 3466 3557 plane
3501 3501 3593 3539 ne-

2025 3589 2327 3644 cessarium
2386 3595 2705 3641 sanctorum
2774 3582 2995 3636 Patrum
3057 3581 3212 3651 sequi
3274 3581 3587 3635 testimou‘a

2025 3680 2183 3750 quasi
2242 3679 2415 3733 facem
2482 3678 2901 3745 praelucentem,
2934 3685 2990 3729 ut
3020 3673 3189 3728 veluti
3217 3674 3432 3727 duobus
3470 3688 3593 3742 pro-

2025 3772 2222 3843 positis
2275 3770 2574 3832 coloribus,
2624 3769 2791 3821 rubro
2834 3776 2888 3821 et
2922 3766 3100 3837 nigro,
3139 3765 3194 3820 si
3218 3752 3593 3834 Unusquisque

2022 3864 2170 3919 dicat
2223 3878 2282 3917 se
2342 3862 2567 3914 rubrum
2602 3868 2657 3912 et
2688 3859 2897 3927 regium
2936 3868 2989 3912 et
3028 3855 3331 3925 pretiosum
3367 3855 3587 3916 habere,

2025 3971 2133 4009 non
2198 3960 2468 4023 praesente
2528 3951 2757 4014 lumine,
2812 3965 2908 4018 per
2954 3948 3098 4018 quod
3132 3948 3370 4003 discerni
3416 3946 3590 4016 thS'sil,

2026 4048 2155 4115 quid
2194 4047 2429 4115 quisque
2465 4044 2663 4098 habeat
2691 4082 2705 4105 ,
2744 4042 3115 4112 perspiciatur
3145 4042 3288 4105 luce,
3316 4040 3440 4109 quis
3482 4038 3590 4091 fal-

2022 4154 2169 4203 sum,
2206 4137 2329 4205 quis
2386 4151 2572 4189 verum
2631 4140 2860 4188 asserat.
2891 4133 3057 4186 Porro
3106 4133 3286 4184 lumen
3332 4133 3431 4183 hoc
3480 4144 3588 4181 non

2022 4227 2263 4291 aliunde,
2327 4242 2492 4295 quam
2541 4240 2570 4277 a
2615 4223 2721 4277 Deo
2758 4223 2931 4293 plenis
2956 4223 3165 4276 sanctis
3194 4221 3450 4274 Patribus
3493 4219 3589 4271 lm-

2023 4319 2134 4374 beri
2192 4328 2393 4389 potest,
2442 4327 2501 4371 ut
2556 4317 2838 4371 diximus:
2898 4313 2990 4383 qui
3056 4330 3085 4367 a
3146 4321 3338 4366 sancto
3382 4311 3586 4380 Spiritu

2025 4410 2282 4466 illustrati
2329 4426 2427 4480 per
2461 4408 3043 4477 veritatis.dogmata,
3091 4404 3220 4460 solis
3255 4403 3430 4458 instar
3464 4404 3588 4456 illu-

1336 4514 1453 4571 τοῖς
1505 4511 1605 4578 τῆς
1657 4511 1915 4580 ἀληθείας

2026 4505 2236 4557 minant
2284 4518 2377 4557 eos
2436 4502 2526 4569 qui
2565 4509 2678 4555 tota
2716 4507 2899 4553 mente
2931 4498 3252 4567 exquirunt,
3281 4504 3335 4549 et
3364 4511 3587 4548 sensum

2021 4594 2240 4648 illorum
2296 4590 2785 4649 scrutantur.Nam
2829 4590 2905 4643 illi
2950 4587 3227 4643 desiderio
3256 4586 3587 4641 iucensiex—

2020 4688 2349 4758 quisierunt,
2376 4694 2430 4739 ct
2477 4685 2831 4755 exquirentes
2872 4682 3223 4741 invenerunt,
3274 4686 3333 4732 ut
3381 4677 3457 4730 ait
3492 4674 3591 4729 Sa-

2019 4779 2256 4849 pientia:
2293 4777 2398 4841 Qui
2428 4785 2672 4845 quierunt
2704 4790 2804 4838 me,
2866 4771 3125 4825 invenient
3160 4786 3239 4823 me
3275 4770 3295 4801 °
3326 4785 3344 4835 ;
3400 4776 3457 4823 et
3488 4785 3586 4822 nos

2018 4873 2084 4925 ad
2123 4871 2223 4925 hoc
2252 4870 2393 4923 idem
2431 4868 2741 4923 faciendum
2775 4866 3087 4923 hortantur.
3124 4877 3192 4916 ne
3228 4861 3467 4916 litteram
3501 4876 3588 4913 se-

2018 4973 2251 5033 quentes
2277 4960 2504 5026 nudam,
2541 4970 2600 5015 ut
2627 4958 2820 5023 Judaei,
2857 4956 2924 5012 ad
2958 4955 3240 5011 veritatem
3275 4954 3445 5023 ipsam
3480 4966 3583 5002 non

2020 5059 2425 5131 perveniamus.
2454 5054 2564 5106 lloc
2590 5064 2722 5104 sane
2752 5059 2863 5103 tum
2894 5045 3088 5115 reliqui
3118 5038 3584 5131 Patres,tum_l3a-

2020 5129 2180 5205 silius
2238 5148 2467 5216 Magnus
2532 5143 2707 5210 primo
2784 5147 2983 5192 contra
3056 5132 3380 5187 Eunomium
3448 5129 3584 5181 libro

2019 5247 2219 5298 docet:
2263 5239 2321 5293 Si
2363 5238 2486 5309 quis
2529 5235 2699 5297 enim,
2754 5230 2955 5299 inquit,
3012 5228 3157 5281 nulla
3194 5222 3587 5291 disquisitione

2020 5334 2261 5389 adhibita
2314 5345 2427 5385 rem
2466 5328 2539 5381 ita
2592 5319 3008 5391 intelligendam
3066 5330 3189 5369 esse
3252 5311 3583 5380 contendat,

2020 5436 2079 5479 ut
2124 5439 2241 5477 sese
2291 5420 2466 5491 primo
2515 5414 2674 5471 offert
2726 5419 2973 5481 aspectu,
3027 5410 3071 5461 is
3128 5407 3192 5459 ad
3232 5401 3492 5457 Judaicas
3527 5411 3584 5457 et

2017 5518 2224 5574 seniles
2276 5513 2491 5567 fabulas
2532 5508 2849 5569 devolutus,
2887 5505 3043 5571 inops
3075 5498 3299 5553 omnino
3339 5512 3366 5549 a
3409 5496 3586 5550 sensi-

2026 5609 2265 5683 bus‘Deo
2328 5604 2510 5675 dignis
2559 5604 2940 5657 consenescet.
3004 5594 3193 5662 Itaque
3251 5590 3394 5661 quod
3458 5604 3586 5659 pro-

2591 5782 2749 5839 ?:rov.
2788 5792 2840 5832 νζ
2868 5792 2903 5843 Ι,
2936 5776 2988 5829 7.
3069 5778 3088 5807 ⁸
3122 5777 3248 5845 Snp.
3280 5790 3351 5837 vt,
3389 5773 3470 5825 I5.
