3988 6216
384 353 482 438 ita

1283 363 1666 423 GREGORII
1699 362 2002 424 MAMA‘LE
2031 360 2143 423 ΟΡ.
2190 361 2704 426 ΡΑΤΒΙᾹΒΟΗΛΕ

3518 359 3619 424 116

381 488 656 550 misimus,
697 479 1028 537 venerabilis
1083 479 1308 548 Ephesii
1361 479 1507 533 dicta
1542 480 1694 548 prius
1729 479 1944 548 singula

2071 483 2307 551 modost.
2345 481 2499 553 Κατᾲ
2529 481 2659 549 γοῦν
2688 481 2784 553 τὴν
2805 477 3140 548 ἐπαγγελίαν
3169 475 3328 546 ἡμῶν
3360 478 3622 550 πρότερον

381 585 721 648 exponentes
749 615 763 639 ,
819 583 930 627 ttun
979 580 1199 628 nostras
1232 572 1398 627 etiam
1433 573 1823 641 reSponsiones
1856 585 1950 638 ap-

379 683 645 740 ponemus
695 665 856 721 fultas
907 664 1237 721 deifcrorum
1271 673 1694 734 sanctorumque
1729 661 1947 717 Patrum

379 761 708 819 testimoniis
739 801 755 828 ,
787 769 846 814 ut
879 761 970 814 [lat
1004 775 1100 831 per
1133 775 1197 815 ea
1230 759 1527 814 manifesta
1562 739 1783 812 veritas.
1813 756 1948 812 Nam

380 867 561 908 sermo
603 849 707 907 [ide
737 853 1021 922 dignorum
1065 837 1680 906 auctoritatfﬁrmatus
1729 849 1950 904 eviden-

380 954 489 1002 tem
527 946 688 1001 habet
719 945 801 1000 sui
839 944 1389 1001 demonstrationem.

1043 1126 1286 1182 EPHES.

451 1222 557 1290 Qui
610 1223 730 1278 dira
784 1238 882 1278 nos
933 1222 1252 1290 captivitate
1283 1222 1629 1288 captivarum
1659 1257 1672 1280 ,
1701 1225 1865 1283 atque
1900 1216 1951 1269 in

383 1315 706 1374 Latinorum
742 1319 943 1371 rituum
981 1300 1410 1384 dogmatumque
1463 1312 1791 1381 Babylonem
1829 1313 1956 1365 abs-

385 1409 602 1464 trahere
641 1409 968 1474 voluerunt,
1020 1409 1070 1462 id
1122 1408 1337 1476 quidem
1408 1405 1707 1474 perducere
1738 1406 1802 1458 ad
1833 1406 1954 1459 exi-

383 1512 498 1557 tum
541 1517 884 1570 nequaquam
924 1509 1243 1570 potuerunt,
1286 1509 1484 1553 natura
1521 1498 1788 1553 absonum
1829 1513 1954 1552 esse

385 1593 804 1662 perspicientes,
830 1602 882 1646 et
924 1602 1196 1661 praeterea
1228 1592 1594 1662 impossibile.
1627 1592 1719 1646 sed
1753 1592 1807 1645 in
1843 1609 1957 1646 me-

386 1685 474 1738 dia
504 1685 736 1752 quadam
800 1684 1015 1739 itineris
1080 1693 1234 1754 parte
1288 1683 1648 1739 subsistentes
1685 1692 1796 1738 tum
1830 1683 1954 1752 ipsi,

2051 576 2120 627 τὰ
2156 575 2249 628 τοῦ
2286 575 2568 644 αἰδεσίμου
2620 575 2848 642 Ἐφέσου
2912 569 3208 642 προθέντες
3257 569 3400 623 κατὰ
3433 573 3617 642 μέρος,

2054 667 2334 737 ἑπομένως
2370 668 2462 719 xai.
2485 669 2582 729 τὰς
2613 666 2889 736 ἡμετέρας
2937 662 3236 729 ἀπολογίας
3289 662 3624 733 ἐπιθήσομεν

2056 760 2196 830 μετὰ
2229 761 2322 813 καὶ
2355 760 2454 830 τῆς
2487 760 2596 812 τῶν
2634 759 2917 826 θεοφόρων
2967 757 3233 825 Πατέρων
3298 759 3389 810 καὶ
3455 758 3623 826 ἁγίων

2057 852 2389 923 μαρτυρίας,
2461 853 2529 904 ἵν’
2588 850 2646 915 ἐξ
2685 849 2930 919 αύτῶνὴ
2999 846 3223 917 ἁΐῆθεια
3269 850 3476 918 φανερὰ
3529 851 3624 917 γέ-

2055 963 2210 1014 νηται
2233 961 2246 974 ⁸
2297 947 2324 998 ό
2369 945 2474 1012 γὰρ
2513 943 2569 1010 ἐξ
2601 943 2826 1008 ἐνδόξων
2849 942 3009 1009 λόγος
3044 941 3431 1012 βεϐαιούμενος
3464 945 3625 996 ἀνανο

2057 1037 2312 1107 τίρῤητον
2341 1037 2453 1106 ἔχει
2483 1039 2580 1106 τὴν
2612 1035 2915 1099 ἀπόδειξιν.

2726 1130 2916 1183 ΕΦΕΣ.

2127 1224 2188 1274 υἱ
2217 1223 2314 1287 τὴν
2346 1220 2521 1290 κακὴν
2551 1222 2697 1291 ἡμᾶς
2729 1221 3120 1290 αἰχμαλωσίαν
3145 1221 3628 1292 αἰχμαλωτεύσαν-

2057 1330 2171 1376 τες,
2207 1313 2301 1367 καὶ
2354 1311 2491 1382 πρὸς
2527 1311 2624 1382 τὴν
2652 1313 2948 1365 Βαϐυλῶνα
3004 1312 3114 1364 τῶν
3147 1312 3453 1365 Λατινικῶν
3491 1312 3628 1379 ἐθῶν

2057 1406 2153 1461 καὶ
2179 1404 2464 1472 δογμάτων
2499 1404 2831 1474 Θελήσαντες
2865 1403 3197 1474 κατασῦραι,
3227 1403 3384 1457 τοῦτο
3419 1404 3515 1472 μὲν
3530 1404 3629 1456 οὐκ

2057 1498 2404 1569 ἠδυνήθησαν
2430 1497 2664 1564 ἀγαγεῖν
2691 1498 2771 1560 είς
2804 1498 2978 1566 πέρας
3005 1497 3232 1551 αὐτόθεν
3261 1510 3321 1560 τε
3352 1497 3630 1565 ἁπεμφαῖ-

2059 1605 2149 1642 νον
2179 1589 2434 1657 ὁρῶντες,
2465 1589 2560 1641 καὶ
2578 1586 2752 1651 ἄλλως
2777 1587 3062 1655 ἀδύνατον,
3126 1589 3184 1641 ὲν
3233 1587 3382 1657 μέσῳ
3431 1587 3488 1640 δέ
3525 1605 3626 1641 που

2057 1680 2156 1748 τῆς
2190 1679 2309 1732 ὁδοῦ
2361 1678 2797 1749 καταμείναντες
2833 1678 2992 1733 αὐτοί
3026 1697 3083 1732 τε
3118 1682 3217 1731 καὶ
3268 1679 3382 1732 ὅσοι
3423 1677 3629 1742 τούτοις

387 1789 499 1829 tum
557 1785 861 1833 sectatores
912 1792 1142 1839 eorum,
1202 1791 1382 1842 neque
1411 1776 1522 1845 jam
1559 1783 1689 1832 sunt
1726 1777 1958 1846 amplius

2071 1771 2528 1841 ἐπηκολούθησαν,
2583 1769 2698 1824 οὔτ’
2758 1770 2936 1823 ἐκεῖνο
2996 1769 3181 1824 λοιπὸν
3237 1769 3629 1840 μεμενήκασιν,

387 1869 533 1938 quod
585 1881 764 1936 erant,
819 1887 992 1940 neque
1050 1870 1184 1925 illud
1215 1886 1468 1934 evasere,
1499 1869 1564 1923 ad
1594 1869 1738 1937 quod
1770 1869 1959 1924 tende-

383 1960 514 2015 bant
542 1978 558 2028 ;
589 1978 713 2014 nam
754 1963 939 2016 relicta
984 1963 1200 2032 quidem
1235 1972 1316 2017 est
1354 1964 1421 2016 ab
1461 1962 1527 2018 iis
1560 1960 1956 2032 Hierosolyma,

385 2067 504 2119 qum
550 2068 675 2106 vere
727 2063 807 2107 est
849 2056 997 2122 pacis
1024 2055 1183 2120 visio,
1239 2065 1291 2108 ct
1331 2053 1461 2107 Sion
1497 2068 1675 2117 mons,
1746 2053 1851 2107 hoc
1879 2059 1962 2107 est.

387 2143 546 2198 firma
573 2154 626 2198 et
660 2148 992 2198 inconcussa
1030 2144 1201 2210 ﬁdes;
1232 2161 1424 2198 verum
1465 2143 1582 2198 fieri
1623 2151 1677 2198 et
1710 2143 1817 2196 dici
1854 2159 1958 2196 un-

385 2252 548 2306 quam
605 2233 889 2308 Babylonii
941 2253 1038 2292 nec
1078 2240 1298 2298 volunt,
1360 2253 1460 2291 nec
1510 2245 1782 2306 possunt;
1819 2236 1960 2291 hanc

386 2342 518 2380 sane
549 2327 618 2380 ob
649 2341 869 2384 causam
905 2327 1136 2380 vocandi
1163 2327 1360 2380 merito
1379 2325 1802 2389 Grmco-Latini,
1841 2327 1958 2382 usi-

389 2425 498 2471 tato
533 2425 711 2470 autem
747 2416 970 2470 nomine
1008 2417 1168 2486 vulgo
1204 2418 1454 2486 appellati
1484 2417 1881 2472 Latinizanles.

1090 2506 1288 2564 RESP.

457 2601 592 2654 Cum
642 2600 889 2669 epistolae
928 2616 1040 2656 sure
1077 2603 1158 2656 vir
1189 2602 1424 2657 eximius
1483 2602 1698 2657 titulum
1743 2616 1958 2673 pramo-

389 2693 609 2756 tavorit,
665 2693 731 2746 ad
782 2707 972 2747 omnes
1016 2693 1219 2762 ubique
1245 2695 1490 2749 locorum
1530 2706 1583 2749 et
1623 2694 1956 2757 insularum,

389 2790 442 2836 ct
472 2781 704 2836 salutem
758 2781 871 2837 illis
917 2782 1304 2852 impertiverit,
1340 2786 1526 2839 statim
1567 2787 1854 2840 exorditur
1891 2786 1958 2839 ab

390 2871 620 2926 historia
667 2871 1028 2941 captivitatis,
1074 2889 1194 2943 qua:
1251 2873 1390 2928 facta
1433 2883 1517 2930 est
1559 2875 1834 2946 quondam
1891 2875 1960 2930 ab

387 2959 692 3015 Jerusalem
727 2963 780 3016 in
818 2962 1172 3032 Babylonem.
1213 2980 1524 3021 sermonem
1559 2967 1746 3024 volens
1777 2967 1962 3023 suavi-

391 3062 502 3106 tate
557 3053 789 3120 quadam
862 3055 1226 3123 perfundere,
1290 3058 1657 3114 etauditorcs
1720 3067 1959 3114 attentos

2063 1861 2188 1915 οὕτε
2219 1860 2380 1915 τοῦτο
2411 1863 2740 1932 γέγονασιν·
2778 1857 3136 1930 Ἰεροσόλυμα
3195 1861 3290 1930 μὲν
3337 1859 3635 1914 ἀπολιπόνο

2061 1968 2176 2019 τες,
2207 1953 2306 2022 τὴν
2362 1953 2438 2015 ὡς
2493 1951 2712 2023 ἀληθῶς
2759 1951 2951 2022 ὅρασιν
3003 1951 3105 2020 τῆς
3159 1951 3407 2022 εἰρήνης,
3439 1950 3530 2003 καὶ
3576 1949 3636 2003 τὸ

2061 2044 2202 2098 Σιὼν
2247 2045 2395 2116 ὅρος,
2449 2046 2548 2116 τὴν
2589 2044 2816 2116 βεϐαίαν
2886 2047 3072 2100 πίστιν
3097 2045 3192 2098 καὶ
3219 2045 3504 2098 ἄσειστον·
3539 2041 3634 2094 ut

2063 2137 2402 2193 Βαϐυλώνιοι
2434 2138 2491 2191 δὲ
2543 2138 2799 2208 γενέσθαι
2841 2139 2974 2193 ποτὲ
3033 2138 3132 2193 καὶ
3182 2137 3448 2206 κληθῆναι
3500 2136 3636 2205 μήτε

2064 2229 2383 2300 βουλόμενοι
2416 2231 2553 2301 μήτε
2576 2231 2887 2301 δυνάμενοι,
2914 2230 3008 2283 καὶ
3029 2229 3117 2283 διὰ
3141 2228 3289 2282 τοῦτ’
3321 2225 3386 2282 ἂν
3405 2225 3628 2291 δικαίως

2062 2322 2354 2390 κληθέντες
2386 2323 2820 2392 Γραικολατῖνοι,
2851 2321 3176 2392 καλούμενοι
3201 2320 3246 2375 δ’
3280 2315 3375 2374 οὖν
3394 2319 3496 2372 ὑπὸ
3519 2317 3628 2373 τῶν

2064 2416 2272 2469 πολλῶν
2301 2415 2722 2486 Λατινόφρονες.

2656 2506 3025 2560 ΑΠΟΛΟΓΙΑ.

2136 2598 2262 2661 Τοῖς
2291 2595 2610 2669 ἁπανταχοῦ
2655 2602 2759 2667 γῆς
2805 2599 2898 2651 καὶ
2952 2595 3060 2651 τῶν
3095 2598 3277 2668 νήσων
3325 2598 3640 2663 ἐπιστείλας

2061 2691 2089 2741 ὁ
2127 2688 2308 2755 τίμιος
2334 2682 2490 2751 οὗτος
2523 2689 2686 2757 ἀνὴρ,
2723 2689 2817 2742 καὶ
2845 2689 3061 2760 χαίρειν
3107 2688 3447 2760 προσειπὼν,
3479 2689 3640 2752 εὐθὺς

2061 2781 2170 2835 ἀπὸ
2205 2781 2445 2851 ἱστορίας
2507 2780 2738 2850 ἄρχεται
2793 2784 2891 2851 τῆς
2951 2782 3118 2835 πάλαι
3162 2783 3292 2835 ποτὲ
3343 2786 3640 2854 γενομένης

2063 2874 2443 2943 αἰχμαλωσίας
2496 2875 2606 2927 ἀπὸ
2651 2873 3019 2946 Ἰερουσαλὴμ
3061 2878 3140 2939 εἰς
3186 2877 3507 2938 Βαϐυλῶνα,
3548 2878 3639 2930 τὸν

2061 2965 2218 3034 λόγον
2247 2968 2510 3036 ήδύτερον
2543 2967 2969 3021 κατασκευάσαι
3015 2968 3359 3038 βουλόμενος.
3394 2971 3486 3022 καὶ
3516 2971 3640 3033 τοὺς

2063 3059 2339 3128 ἀκροατὰς
2389 3059 2653 3128 διεγεῖραι
2708 3061 2844 3127 πρὸς
2909 3060 3008 3130 τὴν
3083 3061 3190 3112 τῶν
3247 3061 3639 3131 ῥηθησομένων

389 3147 616 3200 reddere
647 3145 712 3201 ad
746 3147 1016 3202 audienda
1050 3166 1170 3217 qua:
1198 3150 1473 3206 dicentur.
1510 3151 1639 3206 Nam
1679 3154 1957 3224 allegorici

2071 3153 2356 3224 ἀκρόασιν.
2397 3153 2456 3205 Ὃ
2481 3155 2589 3220 γὰρ
2636 3153 2999 3223 ἁλληγορικὺς
3060 3153 3218 3218 λόγος
3252 3155 3388 3221 πρὸς
3421 3157 3518 3224 τὴν
3553 3156 3640 3208 θέο

390 3239 667 3294 sermonis
703 3241 986 3308 proprium
1019 3249 1101 3294 est
1124 3281 1139 3306 ,
1165 3251 1224 3296 ut
1255 3241 1322 3295 ad
1356 3245 1692 3299 voluntatem
1727 3247 1960 3303 dicentis

389 3339 444 3384 et
497 3345 607 3382 rem
664 3330 1022 3399 e'xprimentis
1083 3333 1223 3386 dicta
1278 3335 1700 3400 accommodet;
1759 3339 1962 3392 idcirco

391 3420 579 3473 attulit
607 3421 750 3474 hanc
778 3422 1087 3486 historiam,
1117 3431 1175 3476 ut
1209 3427 1485 3479 schemate
1519 3428 1822 3496 allegorice
1865 3446 1962 3496 pro

391 3530 487 3566 sua
522 3514 798 3568 voluntate
828 3521 1097 3569 uteretur.
1135 3515 1288 3570 Licet
1329 3533 1458 3587 ergo
1505 3521 1664 3573 nobis
1687 3522 1851 3576 etiam
1882 3523 1964 3574 ni-

393 3603 462 3656 hil
497 3620 526 3657 a
566 3605 795 3658 veritate
830 3606 1238 3662 discedentibus
1273 3609 1455 3664 dicere
1488 3630 1500 3665 :
1545 3611 1652 3666 Nos
1689 3613 1951 3668 Hieroso-

393 3698 588 3766 lymam
625 3697 805 3765 potius
835 3705 1023 3753 tenere
1043 3739 1056 3764 ,
1084 3709 1138 3755 et
1163 3717 1279 3754 eam
1305 3701 1564 3767 incolere,
1596 3721 1757 3772 qttam
1799 3709 1965 3760 inter-

395 3797 678 3856 pretantur
714 3776 902 3858 pacetn
941 3829 954 3853 ,
1003 3807 1164 3860 quam
1205 3789 1471 3849 Dominus
1508 3797 1670 3850 etiam
1706 3801 1966 3868 prmcepit

394 3880 741 3945 servandam,
775 3896 900 3935 cum
933 3881 1144 3938 diceret
1181 3902 1194 3938 :
1238 3881 1430 3938 Pacem
1475 3904 1645 3941 meum
1695 3891 1760 3942 do
1798 3893 1963 3955 vobis,

392 3991 574 4043 pacem
615 3991 783 4028 meam
815 3976 1054 4044 relinquo
1085 3975 1226 4030 vobis
1258 3975 1302 4031 ".
1330 3977 1479 4031 lianc
1520 3981 1687 4042 igitur
1719 3991 1987 4041 tenentes,

397 4067 607 4119 Domini
627 4082 840 4129 vocem,
875 4083 980 4136 qua
1020 4067 1069 4120 id
1098 4067 1342 4134 jubetur,
1362 4071 1524 4123 veluti
1550 4071 1678 4126 Sion
1704 4086 1964 4140 montem,

392 4172 489 4211 eos
517 4159 609 4226 qui
643 4159 904 4211 scindunt
927 4157 1132 4212 Christi
1169 4157 1494 4220 Ecclesium.
1521 4163 1846 4233 Babylonios
1878 4184 1969 4220 vo—

393 4263 623 4303 camus:
665 4266 766 4304 nos
811 4265 942 4304 vero
984 4267 1085 4305 nec
1132 4252 1338 4308 fuimus
1375 4271 1616 4322 unquam
1654 4257 1964 4326 Babylonii,

395 4349 456 4393 ut
487 4341 582 4408 qui
616 4341 1003 4397 confusionem
1044 4351 1096 4397 et
1125 4344 1370 4397 schisma
1407 4348 1643 4404 vitemus
1677 4367 1689 4414 ;
1727 4367 1825 4406 nce
1863 4368 1962 4407 vo-

397 4433 579 4486 luntas
646 4449 888 4502 unquam
954 4435 1060 4487 erit
1118 4446 1172 4488 ut
1238 4438 1456 4501 fiamus,
1494 4455 1618 4492 cum
1665 4457 1792 4496 vere
1821 4445 1966 4500 illius

2068 3247 2227 3316 λησιν
2256 3245 2467 3299 τίθεται
2499 3249 2703 3316 κυρίως
2733 3247 3136 3316 τούχρωμένου
3188 3245 3280 3300 τὸν
3321 3247 3481 3313 λόγον
3509 3247 3540 3318 ἢ
3581 3246 3641 3301 τὸ

2068 3342 2322 3408 πρᾶγμα,
2383 3337 2510 3390 καθ’
2569 3338 2596 3390 ὃ
2652 3339 2910 3404 λέγεταιο
2969 3338 3049 3392 διὸ
3113 3339 3206 3391 καὶ
3249 3337 3346 3410 τὴν
3401 3339 3642 3411 ἱστορίαν

2071 3429 2345 3499 προύθηκε
2406 3429 2655 3498 ταύτην,
2713 3428 2799 3481 ἵνα
2866 3429 2943 3498 τῷ
3000 3429 3348 3501 ἀλληγορικῷ
3401 3433 3639 3502 σχήματι

2069 3521 2340 3590 χρήσηται
2375 3521 2559 3581 καθὼς
2597 3521 2874 3588 βούλεται.
2913 3522 3164 3584 Ἔξεστιν
3223 3521 3316 3576 οὖν
3357 3524 3453 3576 καὶ
3511 3523 3641 3592 ἡμῖν

2068 3613 2422 3680 ἀληθεύουσιν
2454 3615 2649 3677 εἰπεῖν,
2704 3613 2778 3674 ὡς
2841 3611 2937 3682 τὴν
2997 3613 3358 3684 Ἰερουσαλὴμ
3433 3614 3642 3683 μᾶλλον

2069 3707 2393 3774 κατέχομεν,
2447 3708 2538 3758 καὶ
2568 3708 2626 3758 ἐν
2660 3705 2828 3780 ταύτῃ
2882 3706 3071 3776 ἐσμὲν,
3106 3706 3229 3777 ἥτις
3279 3707 3643 3777 ἑρμηνεύεται

2070 3802 2283 3870 εἰρήνη,
2325 3799 2391 3870 ἣν
2437 3800 2531 3852 καὶ
2582 3798 2610 3848 ὁ
2652 3799 2862 3868 Κύριος
2893 3799 3025 3866 ἡμῖν
3059 3797 3369 3851 ἐνετείλατο
3427 3799 3599 3867 λέγων
3625 3815 3637 3829 ⁸

2072 3894 2342 3962 Εἰρήνην
2378 3891 2493 3960 τὴν
2552 3889 2708 3958 ἐμὴν
2751 3891 2958 3960 δίδωμι
3008 3891 3171 3959 ὑμῖν,
3232 3881 3482 3960 εἰρήνην
3533 3890 3646 3959 τὴν

2069 3987 2223 4054 ἐμὴν·
2251 3986 2467 4054 ἀφίημι
2517 3985 2680 4054 ὑμῖν.
2726 3983 2948 4054 Ταύτην
3009 3978 3102 4036 οὖν
3137 3982 3235 4053 τὴν
3292 3983 3385 4036 τοῦ
3438 3985 3642 4052 Κυρίου

2073 4081 2258 4147 φωνὴν
2293 4077 2389 4144 τὴν
2419 4076 2576 4129 τοῦτο
2622 4076 2960 4129 κελεύουσαν
3020 4073 3208 4142 ὥσπερ
3257 4075 3317 4127 τὸ
3347 4076 3486 4128 Σιὼν
3521 4061 3644 4142 ὅρος

2071 4169 2419 4238 κατέχοντες,
2458 4168 2585 4228 τοὺς
2618 4167 2906 4236 σχίζοντας
2951 4165 3050 4233 τὴν
3082 4165 3175 4217 τοῦ
3217 4165 3458 4234 Χριστοῦ
3525 4167 3644 4218 Ἐν-

2075 4260 2308 4329 κλησίαν
2363 4257 2745 4320 Βαϐυλωνίους
2821 4255 3140 4322 καλοῦμενο
3199 4255 3535 4310 Βαϐυλώνιοι
3589 4257 3646 4310 δὲ

2072 4354 2232 4422 ἡμεῖς
2275 4349 2397 4402 οὔτε
2454 4350 2783 4418 γεγόναμεν,
2849 4348 2922 4409 ὡς
2987 4347 3087 4416 τὴν
3146 4345 3414 4416 σύγχυσιν
3441 4348 3647 4421 καὶτὸ

2078 4445 2286 4514 σχίσμα
2320 4442 2728 4509 ἀποσειόμενοί,
2775 4439 2901 4492 οὗτε
2964 4439 3093 4492 ποτὲ
3151 4439 3453 4508 θελήσομεν
3497 4441 3649 4508 γενέ-

396 4525 654 4594 discipuli
707 4526 906 4590 simus,
965 4527 1060 4595 qui
1125 4528 1443 4582 mandatum
1483 4531 1652 4597 dedit,
1686 4542 1744 4587 ut
1778 4511 1962 4602 parem

2085 4493 2222 4514 ‘A"t
2261 4493 2282 4494 "
2328 4493 2333 4494 ’
2385 4493 2388 4494 '
2554 4493 2564 4509 ι
2716 4493 2727 4502 ν
3269 4493 3279 4508 ι
3356 4493 3366 4508 ι
3509 4493 3520 4508 ι

2082 4539 2227 4599 σθαι,
2269 4535 2511 4605 μαθηταὶ
2541 4533 2692 4594 ὄντες
2724 4531 2866 4586 κατὰ
2893 4531 3155 4602 ἀλήθειαν
3186 4535 3280 4586 τοῦ
3306 4532 3645 4594 κελεύοντος’

397 4634 714 4688 sequamur.
738 4618 1141 4673 Subsannando
1169 4638 1328 4688 porro
1359 4638 1455 4677 nos
1473 4637 1626 4679 vocat
1650 4625 1971 4682 Grmco-La-

399 4711 569 4774 tinos,
601 4711 923 4776 adinvento,
960 4722 1013 4764 ιιι
1049 4713 1278 4781 putavit,
1309 4731 1448 4769 novo
1483 4718 1716 4785 quodam
1750 4731 1803 4773 et
1837 4726 1972 4774 con-

397 4813 627 4871 gruenle
684 4803 946 4856 nomine:
1002 4811 1056 4855 at
1091 4820 1194 4858 nos
1272 4806 1402 4859 illud
1475 4823 1820 4877 nequaquam
1872 4825 1969 4878 pro

398 4895 836 4949 snbsannatione
873 4895 1163 4960 habemus,
1202 4898 1296 4949 sed
1342 4913 1525 4950 vermn
1560 4914 1680 4951 esse
1715 4898 1968 4952 fatemur.

397 4988 532 5041 Cum
579 4989 727 5042 enim
785 4987 1185 5042 Constantinus
1216 4989 1446 5060 Magnus
1483 4989 1652 5042 Roma
1688 4989 1967 5055 profectus

401 5082 778 5136 nobilissimos
836 5082 902 5134 ab
956 5083 1088 5135 urbe
1123 5083 1401 5138 llomanns
1430 5083 1724 5152 optimates
1759 5085 1970 5141 incolas

399 5174 620 5228 duxerit
687 5189 810 5228 eam
863 5173 917 5228 in
974 5172 1186 5238 urbem,
1238 5191 1362 5243 qua:
1399 5191 1574 5244 nuper
1605 5186 1717 5228 tum
1752 5177 1971 5233 coxndita

401 5264 522 5331 eius
582 5267 802 5319 nomine
857 5273 942 5319 est
1000 5266 1282 5332 insignita,
1320 5280 1551 5334 quaeque
1597 5265 1747 5320 Nova
1798 5265 1971 5322 ROma

403 5365 720 5424 tunicupata
751 5365 837 5411 est
871 5373 884 5421 ;
923 5372 1111 5411 eorum
1166 5357 1410 5427 posteri,
1443 5355 1630 5412 Graece
1659 5358 1971 5428 loquentes,

402 5442 495 5498 sed
543 5444 759 5499 oriundi
821 5447 887 5502 ab
941 5446 1083 5509 illis,
1125 5447 1248 5514 jure
1302 5455 1431 5501 sunt
1475 5446 1706 5501 vocandi
1760 5447 1978 5502 Gnaeo-

405 5535 579 5589 Latini
616 5556 627 5600 ;
685 5538 938 5596 llellenas
986 5542 1128 5595 enim
1156 5540 1375 5596 Graecos
1413 5551 1605 5595 vocant
1639 5541 1842 5594 Latini.
1873 5542 1976 5594 At-

409 5647 512 5700 que
557 5633 628 5686 ita
675 5636 817 5701 quod
863 5637 1023 5690 nobis
1058 5638 1544 5708 praestantissimus
1586 5640 1666 5693 vir
1700 5638 1886 5708 objicit
1922 5647 1980 5693 ut

479 5813 676 5872 VJoan.
709 5829 813 5878 τιιν,
858 5815 945 5869 ‘27.

2079 4627 2352 4694 Εἰρήνην
2382 4623 2645 4676 διώκετε.
2685 4623 3139 4693 Γραικολατίνους
3184 4625 3239 4676 δὲ
3277 4626 3423 4692 ἡμᾶς
3467 4624 3652 4677 διασύο

2088 4738 2195 4789 ρων
2240 4716 2524 4782 ὀνομάζει,
2558 4715 2872 4784 καινότερόν
2923 4733 2973 4767 τι
3027 4717 3200 4784 ὄνομα
3247 4717 3337 4766 καὶ
3372 4719 3651 4784 προσῆγον

2082 4817 2155 4875 ὡς
2188 4813 2438 4879 ἐνόμισεν
2470 4807 2643 4876 εὑρών
2669 4825 2681 4837 υ
2715 4808 2854 4876 ὅπερ
2885 4809 3044 4876 ἡμεῖς
3076 4807 3136 4857 ού
3164 4806 3464 4874 διασυρμδν
3491 4805 3650 4858 τοῦτο

2079 4899 2431 4968 λογιζόμεθα,
2497 4895 2615 4948 ἀλλ’
2650 4895 2848 4962 ἀληθὲς
2914 4893 3054 4947 εἶναι
3109 4893 3499 4962 ὁμολογοῦμεν.
3541 4894 3646 4946 Τοῦ

2087 4995 2189 5063 γὰρ
2247 4990 2505 5061 μεγάλου·
2556 4987 2964 5042 Κωνσταντίνου
3022 4985 3232 5038 ἐκεῖθεν
3290 4985 3644 5055 ὁρμωμένου,

2087 5086 2176 5137 καὶ
2211 5086 2338 5144 τοὺς
2369 5080 2490 5134 λίαν
2529 5077 2947 5148 εὐγενεστάτους
2990 5077 3327 5145 μεγιστᾶνας
3356 5075 3647 5146 Ῥωμαίων

2083 5176 2147 5227 ἐκ
2184 5172 2403 5243 Ῥώμης
2432 5167 2894 5241 μετοικισαμένου
2937 5168 3018 5229 είς
3050 5167 3147 5236 τὴν
3171 5167 3256 5219 ἐπ’
3281 5166 3503 5232 ὀνόματι
3555 5166 3652 5217 αὐ-
3695 5181 3700 5188 ·

2080 5266 2175 5318 τοῦ
2208 5264 2594 5333 ἁνεγερθεῖσαν
2631 5260 2808 5326 πόλιν,
2845 5259 2946 5329 τὴν
2974 5260 3067 5311 καὶ
3097 5256 3249 5311 Νέαν
3275 5256 3504 5334 ’Ῥώμην
3535 5255 3653 5308 ovo-

2087 5361 2414 5431 μασθεῖσαν,
2449 5359 2497 5412 oi
2535 5357 2592 5423 ἐξ
2625 5358 2850 5408 ἐκείνων
2881 5345 3077 5421 φύντες
3105 5349 3202 5421 τὴν
3236 5349 3334 5419 μὲν
3381 5349 3491 5401 τῶν
3533 5345 3650 5400 Ἐλ-

2083 5453 2262 5520 λήνων
2294 5450 2703 5517 ὲξασκήσαντες
2729 5446 2998 5513 γλῶτταν,
3034 5443 3129 5495 καὶ
3154 5441 3241 5494 διὰ
3261 5439 3459 5509 ταύτης
3490 5437 3652 5506 φθεγ-

2088 5543 2336 5609 γόμενοι,
2369 5541 2429 5594 τὸ
2464 5540 2517 5591 δὲ
2565 5539 2721 5607 γένος
2749 5535 2962 5588 ἐκεῖθεν
2998 5533 3274 5597 ἕλκοντες,
3307 5531 3531 5592 εἰκότως
3559 5529 3656 5580 καὶ

2091 5635 2128 5686 Γ
2138 5631 2502 5704 ραικολατῖνοι
2529 5627 2810 5698 ὀφείλουσι
2851 5624 3130 5694 λέγεσθαι,
3171 5622 3305 5677 διότι
3353 5619 3401 5677 oi
3435 5614 3654 5675 Λατῖνοι
