3988 6216
369 328 477 396 li'.’

1622 353 1926 414 CONTRA
1971 357 2393 426 EPHESIUM.

3523 375 3621 436 118

362 449 495 510 τοὺς
526 447 794 516 Ἕλληνας
825 450 1095 521 Γραικοὺς
1127 455 1489 526 ὀνομάζουσι’
1531 467 1626 515 καὶ
1667 467 1803 535 ὅπερ
1844 470 1941 520 αὖ·

2051 474 2337 540 probrum.
2397 489 2497 530 nos
2545 491 2731 531 verum
2794 477 3089 548 upinamur
3143 487 3308 546 atque
3361 483 3614 540 fatemur.

359 537 461 601 τδς
513 538 756 629 ὁτίμιος
817 542 956 611 ἀνὴρ
1015 546 1136 598 καθ’
1205 551 1363 620 ἡμῶν
1433 558 1724 626 προφέρει,
1792 563 1948 629 ἡμεῖς

362 629 572 698 ἀληθές
599 647 656 681 τε
683 627 824 684 εῖναι
854 633 1143 703 ἡγούμεθα
1177 642 1268 692 καὶ
1300 643 1693 715 ὁμολογοῦμεν.
1742 627 1948 719 Ἐὦμεν

359 721 464 775 νῦν
498 723 708 790 λέγειν,
747 725 831 778 ὅτι
860 728 954 780 xal.
984 731 1030 782 οί
1062 730 1444 800 βασιλεύοντες
1493 741 1648 808 ἡμῶν
1691 742 1948 811 Ῥωμαῖοὶ

363 815 512 906 εἰσιν
565 815 779 868 ἐκεῖθεν
838 817 1092 884 ἕλκοντες
1129 823 1188 876 τὸ
1265 825 1442 892 γένος.
1507 830 1667 884 Ἀλλὰ
1702 836 1760 886 τὸ
1821 840 1948 906 περὶ

362 905 814 975 Γραικολατίνων
858 913 1078 976 παιδιᾶς
1117 915 1278 984 χάριν
1317 916 1531 990 εἴρὴται
1558 939 1568 949 '
1601 924 1689 978 διὰ
1721 933 1826 997 γὰρ
1847 905 1946 996 τῆς

363 999 469 1051 τοῦ
495 1001 734 1068 Χριστοῦ
766 1003 986 1073 χάριτος
1021 1006 1084 1059 ὲκ
1131 1009 1332 1074 παντὸς
1390 1012 1592 1080 τρόπου
1636 1016 1946 1083 δεικνύντες

365 1090 446 1153 ὡς
470 1091 702 1160 τάληθὲς
731 1095 1027 1164 ζητοῦμεν,
1053 1098 1149 1152 καὶ
1193 1101 1322 1165 τοὺς
1355 1103 1430 1174 μὴ
1488 1109 1698 1178 ταύτης
1727 1111 1948 1183 ἑστερη-

369 1183 568 1250 μένους
592 1185 673 1246 είς
700 1187 990 1240 κοινωνίαν
1020 1188 1314 1261 δεχόμεθα,
1375 1196 1484 1248 εἴτε
1521 1199 1748 1270 Γραικοὶ
1782 1207 1942 1266 εἰσιν,

365 1272 479 1364 εἴτε
510 1272 754 1364 Λατῖνοι,
790 1275 900 1328 εἴτε
940 1276 1232 1351 βάρϐαροι,
1269 1287 1380 1340 εἴτε
1433 1289 1659 1345 Σκύθαι.
1696 1293 1791 1345 Ἐν
1839 1294 1944 1364 γὰρ

366 1361 530 1427 μόνον
555 1363 782 1432 οῖδαμέν
813 1382 871 1419 τε
912 1369 1004 1422 καὶ
1043 1371 1296 1444 λέγομεν,
1331 1377 1413 1432 δτι
1444 1382 1492 1433 οἱ
1539 1382 1637 1452 τῆς
1695 1361 1945 1454 οἰκούμε-

363 1454 526 1519 νικῆς
561 1456 791 1510 συνόδου
821 1461 886 1528 τῇ
923 1464 1206 1532 ἀποφάσει
1233 1485 1299 1537 με
1341 1470 1662 1539 στέργοντες
1698 1479 1789 1528 καὶ
1821 1476 1943 1540 ἑξα-

368 1547 783 1617 κολουθοῦντες,
822 1551 1022 1608 ἐκεῖνοι
1067 1559 1160 1610 καὶ
1193 1559 1384 1630 ἕτερον
1419 1564 1587 1635 δνομα
1641 1567 1945 1637 λαμϐάνου-

367 1652 476 1700 σιν,
510 1637 585 1702 ὡς
637 1639 913 1707 Ἀρειανοὶ
953 1645 1029 1713 μὴ
1093 1647 1417 1716 στέργοντες
1470 1655 1534 1724 τῇ
1570 1655 1670 1722 τῆς
1723 1657 1940 1712 συνόδου

367 1728 676 1794 ἀποφάσει,
709 1731 850 1786 ἀλλὰ
872 1733 947 1804 τῷ
1000 1737 1217 1809 Ἀρείῳ,
1266 1741 1540 1812 Ἀρειανοὶ
1582 1746 1894 1816 ἐκλήθησαν
1925 1766 1938 1778 ·

2056 562 2327 625 Praetereo
2369 581 2514 620 nunc
2548 567 2706 630 illud,
2733 569 2876 637 quod
2910 568 3275 638 imperatores
3301 575 3472 626 nostri
3515 573 3621 625 Ro-

2052 656 2197 708 mani
2226 665 2376 719 sunt,
2399 666 2453 712 et
2479 658 2744 728 originem
2766 660 2894 714 inde
2922 661 3374 716 trabuut.Verum
3401 661 3619 717 Grmco-

2051 745 2228 799 Latini
2263 761 2368 799 vox
2411 747 2559 802 dicta
2616 759 2701 804 est
2743 741 2868 818 ‘joci
2903 765 3091 805 causa.
3127 751 3234 804 Nos
3288 751 3432 805 enim
3462 751 3619 806 Chri-

2049 837 2116 889 sti
2160 835 2432 890 beneficio
2490 837 2775 892 veritatem
2824 841 3018 906 quavis
3077 842 3292 895 ratione
3343 844 3513 912 quaeri
3584 860 3611 893 a

2050 927 2207 981 nobis
2231 928 2606 994 ostendentes,
2637 930 2958 1000 quicunque
2986 931 3133 985 illam
3169 933 3390 995 habent,
3420 950 3614 986 omnes

2048 1019 2115 1073 ad
2150 1021 2593 1074 communionem
2630 1022 3126 1087 admittimus,sive
3161 1023 3488 1086 Grmei,sire
3522 1025 3621 1076 La-

2050 1110 2149 1162 tini
2195 1110 2325 1178 sint,
2381 1111 2496 1166 sive
2556 1111 2808 1176 Barbari,
2863 1115 2978 1169 sive
3027 1114 3263 1185 Scythae.
3311 1115 3444 1170 Nam
3484 1116 3617 1168 illud

2049 1218 2212 1257 unum
2245 1212 2301 1258 et
2327 1203 2536 1258 scimus
2568 1213 2621 1259 ct
2653 1203 2910 1266 dicimus,
2949 1221 3044 1260 eos
3075 1206 3171 1274 qui
3209 1209 3498 1260 sententia:
3532 1226 3620 1275 με·-

2048 1294 2247 1350 neralis
2285 1297 2501 1351 concilii
2537 1311 2643 1350 non
2669 1298 3054 1366 acquiescunt,
3095 1315 3194 1353 nec
3225 1314 3343 1354 eam
3382 1313 3618 1368 sequun-

2049 1399 2159 1453 tur,
2204 1389 2354 1442 aliud
2403 1404 2626 1458 quoque
2657 1406 2864 1444 nomen
2889 1391 3103 1454 sortiri,
3140 1401 3195 1446 nt
3236 1392 3447 1454 Ariani,
3475 1393 3617 1457 quod

2047 1493 2154 1531 non
2209 1477 2402 1548 synodi
2459 1480 2810 1542 sententiam,
2879 1480 2972 1533 sed
3040 1479 3231 1534 Arium
3279 1481 3454 1540 secuti
3485 1481 3617 1542 sint,

2043 1569 2233 1622 Ariani
2271 1569 2403 1623 dicti
2442 1611 2457 1634 ,
2493 1577 2548 1625 et
2595 1570 2688 1639 qui
2740 1570 3108 1637 Eunomium,
3159 1573 3505 1637 Eunomiani,
3563 1581 3618 1625 et

2046 1662 2137 1728 qui
2181 1659 2523 1724 Nestorium.
2581 1661 2924 1727 Nestoriani;
2964 1678 3058 1718 eos
3091 1678 3223 1718 vero
3254 1665 3347 1730 qui
3374 1678 3618 1718 acume-

2046 1751 2223 1806 nicam
2259 1752 2668 1821 amplectuntur
2709 1754 3059 1816 sententiam.
3118 1769 3460 1826 nequaquam
3495 1771 3617 1808 mu-

371 1822 540 1913 Ξιαλοῑ
571 1822 643 1889 τῷ
677 1824 922 1897 Εὐνομίῳ
957 1827 1302 1900 Εὐνομιανοὶ,
1326 1809 1419 1888 καὶ
1473 1838 1520 1890 οἱ
1560 1838 1638 1907 τῷ
1660 1809 1940 1909 Νεστορὶῳ

2047 1848 2164 1895 tare
2213 1855 2438 1898 nomen.
2491 1840 2921 1897 (Ecumenicam
2962 1859 3125 1913 porro
3167 1843 3338 1900 fuisse
3390 1842 3615 1898 Floren-

373 1908 727 1981 Νεστοριανοί
750 1929 766 1946 ο
801 1915 862 1968 οὗ
898 1915 1005 1988 μὴν
1025 1919 1080 1973 δὲ
1107 1923 1202 1974 καὶ
1247 1923 1295 1976 οί
1319 1927 1383 1995 τῇ
1416 1926 1772 2000 οἱκουμενικῇ
1809 1908 1940 1982 ἀποζ-

371 2001 529 2089 eius:
562 2006 889 2076 στέργοντες
917 2011 1110 2082 ἕτερον
1169 2015 1343 2086 ὄνομα
1379 2020 1771 2089 λαμϐάνουσιν.
1814 2023 1939 2076 ’Ότι

359 2087 420 2181 δὲ
455 2092 555 2143 καὶ
583 2094 940 2169 οἱκουμενικὴ
972 2101 1193 2167 σύνοδος
1222 2107 1253 2175 ἡ
1285 2108 1345 2159 ὲν
1393 2087 1729 2181 Φλωρεντὶᾳ,
1762 2111 1938 2174 οὐδεὶς

359 2179 428 2233 ἃν
476 2184 802 2256 ἀρνήσαιτο.
882 2193 1024 2260 Ἀλλ’
1072 2196 1099 2249 δ
1144 2199 1303 2268 λόγος
1353 2201 1442 2256 ἐπὶ
1482 2204 1542 2257 τὸ
1593 2179 1780 2272 πρδσω
1830 2222 1932 2274 χω-

365 2273 478 2341 ρῶν
527 2280 590 2329 ἐν
646 2279 724 2351 τῷ
790 2287 1124 2356 προσήκοντι
1192 2292 1344 2372 τόπῳ
1396 2295 1524 2365 περὶ
1582 2295 1774 2350 τούτου
1846 2297 1942 2368 τὴν

2049 1934 2216 1987 tinam
2267 1933 2573 2006 synodum,
2644 1951 2802 1990 nemo
2850 1935 3154 2006 negaverit.
3196 1937 3464 1992 Cancrum
3523 1937 3613 1988 ubi

2043 2024 2112 2078 ad
2154 2023 2418 2078 ulteriora
2449 2026 2730 2095 progressi
2761 2006 2989 2090 erimus,
3019 2029 3120 2083 bac
3152 2028 3219 2083 de
3267 2044 3326 2083 re
3367 2044 3466 2083 suo
3495 2029 3618 2084 loco

2043 2115 2567 2171 demonstrationem
2619 2116 2929 2172 atl‘ercmus.
3005 2119 3079 2171 Ita
3137 2119 3305 2187 igitur
3365 2134 3614 2181 exorsus,

2044 2214 2208 2276 atque
2242 2207 2294 2260 in
2325 2207 2474 2262 hunc
2499 2207 2721 2262 modum
2751 2209 3066 2276 composito
3099 2211 3375 2266 sermonis
3407 2211 3612 2279 princi-

2052 2298 2163 2366 pio,
2191 2313 2388 2355 rursus
2422 2299 2524 2354 hoc
2556 2309 2712 2368 pacto
2743 2301 2994 2355 orditur:

367 2369 643 2435 ἀπδδειξιν
701 2377 942 2445 ποιήσει.
1019 2378 1208 2446 Οὕτως
1268 2369 1362 2440 οὖν
1434 2386 1778 2459 ἀρξάμενος,
1841 2387 1934 2440 καὶ
1969 2385 2113 2441 οὕτω
2147 2387 2239 2442 τὸν
2308 2387 2466 2458 λόγον
2501 2390 2940 2454 κατασκευάσας,
2976 2385 3076 2444 ὥδέ
3134 2407 3252 2454 πως
3287 2389 3448 2444 πάλιν
3513 2390 3616 2458 ἄρ’·

368 2479 526 2531 χεται
549 2481 566 2498 ο

1049 2567 1236 2624 ΕΦΕΣ.

439 2641 602 2702 Οὗτοι
644 2652 830 2706 τοίνυν
857 2657 907 2708 οἱ
955 2658 1248 2728 μιξόθηρες
1310 2656 1588 2731 ἄνθρωποι
1623 2664 1766 2719 κατὰ
1812 2666 1939 2730 τοὺς

360 2741 422 2792 ἐν
451 2740 643 2809 μύθοις
671 2745 1140 2821 ἱπποκενταύρους
1192 2756 1329 2820 μετὰ
1362 2755 1472 2806 τῶν
1531 2758 1780 2809 Λατίνων
1836 2757 1936 2826 μὲν

361 2832 690 2900 ὁμολογοῦσι
725 2839 784 2892 τὸ
826 2841 890 2894 ἐκ
925 2842 1020 2896 τοῦ
1077 2844 1211 2898 Υίοῦ
1254 2847 1314 2899 τὸ
1372 2847 1598 2918 Πνεῦμα
1653 2851 1714 2902 τὸ
1777 2851 1936 2918 ἅγιον

361 2927 787 2998 ἐκπορεύεσθαι,
827 2937 1042 2988 καὶτὸν
1082 2938 1203 2991 ι’ἱδν
1247 2941 1424 2993 αίτιον
1460 2942 1602 3012 ἔχειν
1655 2943 1755 3011 τῆς
1805 2945 1934 2996 ἐαυ-

363 3023 460 3075 τοῦ
490 3023 778 3096 ὑπάρξεως
799 3046 812 3060 ·
842 3029 986 3084 οὕτω
1020 3032 1129 3100 γὰρ
1158 3035 1253 3086 καὶ
1278 3036 1305 3086 ὁ
1331 3035 1510 3088 αὐτῶν
1537 3037 1661 3105 ὅρος
1692 3038 1930 3107 διαλαμ-

363 3114 548 3168 6ἆνει⁶
585 3116 705 3185 μεθ’
727 3119 885 3188 ἡμῶν
905 3120 961 3174 δὲ
986 3120 1045 3175 τὸ
1072 3123 1132 3175 ἐκ
1157 3122 1247 3176 τοῦ
1283 3126 1496 3192 Πατρὸς
1527 3129 1930 3200 ἐκπορεύεσθαι

361 3205 636 3277 λέγουσιν.

1058 3313 1262 3368 ΔΠΟΛ.

442 3395 616 3449 Πάλιν
643 3397 753 3451 ἀπο
780 3399 1018 3470 ἱστορίας
1065 3404 1296 3473 ἄρχεται
1346 3404 1691 3478 Ἑλληνικῆς,
1730 3407 1828 3475 τῆς
1865 3407 1940 3478 μὴ

365 3486 538 3559 οὔσης
577 3489 698 3559 μὲν,
762 3493 1207 3565 ἀναπλασθεισης
1259 3496 1318 3550 δὲ
1353 3497 1460 3550 ὑπὸ
1516 3499 1628 3552 τῶν
1679 3501 1942 3569 κενεμὸαο

362 3580 606 3637 τούντων
635 3584 728 3637 τὸν
756 3585 1019 3658 λογισμὸν
1062 3590 1158 3641 καὶ⁸
1217 3589 1316 3660 τὴν
1370 3591 1613 3645 διάνοιαν
1637 3608 1651 3623 ο
1689 3591 1796 3645 ἔδει
1831 3593 1940 3662 γὰρ

365 3674 532 3727 αὐτὸν
560 3675 624 3728 ἐκ
647 3676 759 3730 τῶν
791 3678 966 3732 ὄντων
1027 3679 1335 3750 ὑπόδειγμα
1389 3679 1599 3746 λαϐεῖν,
1634 3682 1720 3735 ἵνα
1768 3683 1940 3751 τούτῳ

363 3766 465 3818 καὶ
500 3768 892 3836 προσηκόντως
934 3771 1244 3842 ὲιραρμόσῃ.
1283 3771 1396 3836 Πᾶς
1441 3773 1549 3842 γὰρ
1578 3772 1938 3842 λογογραφῶν
1987 3832 1994 3836 ,

364 3857 433 3910 ἐκ
466 3858 576 3913 τῶν
614 3859 832 3930 ἀληθῶς
857 3861 1028 3914 ὄντων
1073 3864 1345 3934 προφέρει
1397 3865 1494 3930 τὰς
1526 3867 1816 3936 ὁμοιώσεις
1847 3868 1941 3921 καὶ

363 3951 435 4003 τὰ
467 3952 914 4020 παραδείγματα,
949 3956 1043 4008 καὶ
1092 3957 1329 4025 μάλιστα
1371 3957 1463 4010 ἐπὶ
1494 3957 1604 4012 τῶν
1649 3959 1942 4028 ἐκκλησια-

369 4040 576 4093 στικιῖνθ
607 4042 942 4099 ὑποθέσεων.
987 4044 1130 4098 Ἀλλ’
1161 4047 1190 4100 δ
1223 4046 1505 4116 αἰδέσιμος
1556 4047 1712 4112 οὗτος
1744 4048 1806 4101 τὸ
1867 4048 1941 4119 μὴ

368 4128 434 4184 δν
461 4132 537 4195 ὡς
561 4133 622 4185 ὃν
657 4135 903 4204 προθεὶς,
937 4137 1026 4188 καὶ
1057 4135 1252 4209 ὥσπερ
1283 4139 1611 4207 πράγματος
1645 4139 1942 4208 ὑποκειμέ-

363 4243 464 4280 νου
524 4227 885 4296 ὲξομοιὼσας,
948 4231 1251 4301 μιξόθηρας
1305 4234 1450 4302 ἡμᾶς
1502 4234 1778 4301 ὀνομάζει,
1837 4234 1941 4284 ὑπὸ

361 4317 544 4386 ευμοῦ
574 4317 921 4387 κινούμενος,
955 4320 1023 4373 ἵν’
1060 4321 1435 4392 εὐλογώτερον
1464 4322 1711 4390 εἴπωμεν
1743 4339 1756 4353 ·
1785 4321 1942 4389 δῆλον

361 4408 476 4476 γὰρ
501 4407 576 4468 ὡς
601 4408 776 4476 πάντη
811 4409 1069 4472 ἀπεοικὸς
1095 4412 1156 4462 τὸ
1185 4411 1536 4480 παράδειγμα
1559 4427 1574 4441 ο
1601 4411 1664 4462 ὲκ
1696 4411 1804 4479 γὰρ
1843 4410 1940 4462 τοῦ

2747 2569 2990 2626 EPHES.

2117 2660 2211 2718 Isti
2235 2677 2366 2733 ergo
2383 2662 2656 2727 homines,
2672 2661 2828 2734 juxta
2848 2663 3127 2718 fabulosos
3149 2661 3615 2733 hippocentauros

2045 2753 2308 2820 semiferi,
2339 2769 2464 2810 cum
2499 2753 2708 2810 Latinis
2758 2755 2980 2824 quidem
3027 2755 3272 2810 fatentur
3338 2756 3607 2824 Spiritum

2043 2855 2290 2903 sanctum
2318 2861 2384 2902 ex
2413 2846 2548 2901 Filio
2595 2847 2888 2919 procedere
2949 2855 3001 2901 et
3063 2846 3621 2902 babereFiliumsuh-

2043 2938 2310 2996 sistentiae
2337 2955 2449 2994 sua:
2499 2954 2721 2995 causam
2751 2957 2763 2990 :
2804 2940 2918 2995 hazc
2947 2938 3090 2993 enim
3123 2947 3250 2993 sunt
3278 2939 3614 2992 deﬁnitionis

2042 3029 2284 3100 ipsorum
2305 3030 2499 3099 verba;
2527 3030 2806 3086 nobiscum
2827 3037 3008 3085 autem
3027 3030 3390 3094 dicuntillum
3415 3047 3478 3085 ex
3506 3030 3612 3084 Pa-

2040 3130 2122 3178 tre
2138 3122 2453 3195 procedere.

2717 3301 2916 3359 RESP.

2110 3397 2152 3450 Α
2187 3395 2417 3467 profana
2445 3410 2645 3452 rursus
2662 3395 2879 3450 orditur
2919 3395 3152 3452 historia
3177 3397 3254 3450 rei
3288 3412 3409 3466 quae
3439 3413 3612 3451 -nun-

2041 3501 2204 3558 quam
2235 3486 2358 3554 fuit,
2393 3487 2487 3543 sed
2520 3485 2749 3542 conficta
2788 3496 2870 3540 est
2901 3486 3161 3541 inanibus
3192 3486 3430 3542 futilium
3462 3488 3610 3557 inge-

2041 3579 2258 3635 niorum
2285 3577 2634 3633 commentis.
2661 3577 2962 3651 Oportebat
2993 3593 3123 3631 vero
3159 3577 3340 3648 ipsum
3371 3595 3400 3633 e
3453 3581 3615 3633 rebus

2041 3688 2160 3742 quae
2193 3679 2321 3727 sunt
2356 3669 2662 3739 exemplum
2689 3680 2894 3738 petere,
2924 3670 3067 3739 quod
3101 3679 3283 3740 posset
3307 3673 3610 3726 etiantcono

2019 3771 2300 3836 .gruenter
2332 3762 2609 3831 adaptare.
2637 3759 2829 3815 Omnis
2857 3761 3002 3815 enim
3034 3761 3215 3817 serius
3274 3764 3512 3832 scriptor
3540 3764 3612 3817 si-

2045 3854 2380 3910 militudines
2410 3853 2658 3916 adhibet,
2685 3858 2740 3907 et
2762 3853 3009 3921 exempla
3077 3870 3182 3907 non
3228 3853 3442 3918 tictitia,
3479 3871 3612 3923 prae-

2043 3946 2232 4005 sertim
2265 3947 2320 4000 in
2344 3944 2509 4000 rebus
2559 3944 2974 3999 ecclesiasticis.
3039 3945 3463 3999 Atreverendtts
3518 3946 3616 3997 iste

2042 4042 2223 4112 posito
2254 4040 2400 4110 quod
2421 4039 2626 4093 nullum
2663 4047 2770 4103 est,
2798 4052 2860 4090 ac
2902 4037 2946 4092 si
2973 4047 3139 4098 esset,
3161 4037 3434 4103 allatoque
3453 4035 3617 4088 simili

2043 4133 2198 4203 quasi
2223 4133 2300 4186 rei
2333 4143 2528 4185 natura
2551 4127 2879 4190 constantis,
2909 4136 3064 4180 vocat
3084 4142 3186 4178 nos
3215 4128 3470 4179 setnit‘era
3502 4128 3614 4176 ani-

2045 4223 2328 4285 malia.ira
2369 4221 2614 4291 profecto
2645 4221 2930 4280 incensus,
2974 4218 3442 4284 utcougrueutius
3469 4215 3615 4267 dica-

2046 4331 2205 4380 mus;
2231 4314 2401 4382 liquet
2419 4312 2562 4367 enim
2589 4310 2896 4378 exemplum
2918 4323 3038 4363 esse
3069 4309 3286 4377 penitus
3321 4309 3617 4374 absonum,

2043 4403 2484 4477 quandoquidem
2518 4402 2826 4472 exemplum
2870 4400 3096 4456 sumite
3117 4415 3174 4453 re
3206 4414 3438 4468 prorsus
3471 4413 3616 4453 com-

367 4497 598 4567 μηδιμῆ
627 4499 894 4568 μηδαμῶς
927 4500 1081 4565 ὄντος
1139 4501 1416 4571 ἐξομοιοῖ·
1473 4502 1590 4563 πῶς
1629 4497 1721 4554 οὖν
1767 4503 1940 4571 ἐφαρ-

2048 4498 2294 4553 mentitia
2324 4514 2340 4564 ;
2381 4496 2660 4567 quomodo
2694 4509 2825 4564 ergo
2893 4492 3243 4563 quadraverit
3291 4493 3342 4545 in
3369 4502 3616 4546 naturam

366 4591 525 4660 μύσει
577 4591 736 4645 τοῦτο
791 4593 928 4662 μετὰ
976 4593 1070 4646 τοῦ
1130 4594 1284 4658 ὄντος
1346 4597 1441 4648 καὶ
1537 4595 1938 4664 ὑφεστηκότος;

375 4683 521 4735 Ἀλλ’
551 4683 642 4737 ἵνα
669 4685 745 4754 μὴ
777 4687 916 4755 πρὸς
943 4685 1097 4740 οὐδὲν
1137 4687 1454 4757 ἐλέγχοντες
1486 4687 1750 4756 δόξωμεν,
1773 4687 1939 4754 ἅφένυ

362 4792 460 4839 τες
496 4777 590 4829 τὸν
619 4779 988 4846 προκείμενον
1020 4782 1226 4833 σκοπὸν
1277 4780 1359 4847 (οὐ
1399 4780 1510 4850 γὰρ
1543 4780 1792 4849 ἐλέγχειν
1816 4779 1939 4832 τοῦ-

371 4884 465 4921 τον
501 4866 809 4938 βουλόμεθα
837 4868 1180 4938 θυμούμενόν
1209 4886 1267 4923 τε
1294 4870 1386 4922 καὶ
1411 4867 1787 4940 ὀργιζόμενον,
1809 4866 1944 4920 ἀλλὰ

365 4955 469 5025 τὴν
489 4956 754 5026 ἀλήθειαν
791 4960 1050 5028 ὲρευνᾷν,
1072 4959 1168 5011 καὶ
1201 4957 1410 5030 ταύτην
1435 4955 1752 5028 φανεροῦν),
1807 4956 1940 5026 φέρε

370 5045 499 5100 καθ’
530 5048 723 5118 εἱρμὸν
753 5049 822 5102 τὰ
879 5052 1012 5119 παρ’
1062 5047 1229 5102 αὐτοῦ
1268 5048 1537 5120 εἰρημένα
1574 5048 1941 5114 ἐξετάσωμεν.

366 5137 507 5207 Φησὶ
529 5138 640 5208 γὰρ
687 5137 862 5202 οὕτως
898 5155 911 5169 σ
945 5139 1103 5192 Μετὰ
1156 5137 1266 5192 τῶν
1314 5138 1560 5192 Λατίνων
1603 5137 1704 5208 μὲν
1753 5137 1943 5206 ὁμολο-

367 5228 529 5296 γοῦσι
561 5228 642 5296 τὸ,
670 5231 736 5284 ἐκ
766 5229 860 5284 τοῦ
888 5230 1044 5296 Υἱοῡ,
1063 5230 1160 5283 καὶ
1182 5229 1252 5284 τὰ
1313 5229 1481 5283 λοιπά
1500 5244 1514 5260 ο
1547 5228 1668 5299 μεθ’
1695 5227 1854 5298 ημῶν
1886 5228 1942 5280 δὲ

368 5318 434 5371 τὸ
468 5322 532 5373 ἐκ
558 5320 653 5374 τοῦ
695 5321 907 5393 [ἰατρὸς
931 5322 1337 5393 ἐκπορεύεσθαι
1365 5321 1610 5390 λέγουσι.
1647 5319 1833 5374 Ταῦτα
1885 5321 1942 5373 δὲ

369 5415 552 5482 λέγων
587 5412 805 5480 ἀγνοεῖν
839 5415 1244 5484 προσποιεῖται,
1274 5412 1358 5465 ὅτι
1385 5413 1482 5465 καὶ
1517 5412 1737 5464 Λατῖνοι
1758 5412 1821 5462 ἐκ
1848 5409 1938 5462 τοῦ

371 5506 590 5576 Πατρῦς
639 5505 704 5558 τὸ
755 5505 980 5574 Πνεῦμα
1042 5505 1103 5557 τὸ
1157 5505 1314 5572 ἆγιον
1363 5502 1763 5572 ἐκπορεύεσθαι
1820 5501 1940 5572 μεθ’

371 5601 530 5668 ἡμῶν
557 5597 914 5668 ὁμολογοῦσι·
948 5596 1007 5650 τὸ
1051 5596 1108 5650 δὲ
1146 5598 1241 5650 καὶ
1267 5598 1330 5650 ἐκ
1366 5597 1461 5650 τοῦ
1498 5595 1624 5648 Υἱού
1657 5594 1794 5665 μετὰ
1827 5595 1939 5646 Λα-

372 5691 536 5744 τίνων
565 5691 666 5760 μὲν
697 5688 1097 5758 ὁμολογοῦμεν,
1130 5689 1282 5756 παρὰ
1304 5689 1360 5742 δὲ
1412 5688 1519 5741 τῶν
1568 5687 1737 5754 ἁγίων
1783 5684 1939 5738 τοῦτο

377 5785 645 5854 μαθόντες
681 5781 932 5852 λέγομεν.
968 5782 1092 5832 ’Ότι
1125 5781 1180 5834 δὲ
1215 5779 1383 5842 οὕτως
1413 5780 1545 5850 ἔχει,
1585 5781 1778 5840 αὐτοὺς
1812 5778 1935 5838 τοὺς

2047 4591 2402 4645 exsistentem
2430 4597 2485 4642 et
2513 4602 2702 4656 reapse
2734 4583 3172 4639 consistentem?
3199 4581 3306 4637 Sed
3337 4599 3402 4636 ne
3433 4583 3618 4637 videa-

2047 4698 2168 4736 mur
2201 4681 2267 4736 ad
2305 4681 2354 4734 id
2397 4679 2541 4747 quod
2568 4677 2703 4731 nihil
2735 4685 2817 4731 est
2851 4675 3207 4745 respondere,
3259 4677 3466 4730 omisso
3527 4675 3616 4729 illo

2045 4774 2190 4845 quod
2223 4772 2383 4828 nobis
2420 4781 2501 4826 est
2535 4771 2880 4840 propositum
2920 4769 3200 4840 (nolumus
3247 4771 3393 4822 enim
3427 4768 3614 4822 redar-

2044 4875 2212 4930 guere
2253 4858 2531 4913 hominem
2590 4856 2668 4909 ira
2713 4852 3132 4919 inflammatum,
3188 4854 3284 4907 sed
3329 4855 3612 4907 veritatem

2045 4951 2384 5022 perquirere,
2419 4957 2471 5003 et
2495 4963 2612 5002 eam
2651 4945 3006 5016 patefacere),
3037 4959 3157 5014 age.
3185 4945 3326 4998 dicta
3368 4944 3484 5011 ejus
3530 4958 3613 4992 ur-

2044 5043 2170 5097 dine
2201 5042 2412 5110 singula
2437 5039 2832 5110 expendamus.
2879 5037 2962 5090 Ait
2995 5037 3199 5106 igitur:
3237 5036 3368 5089 Cum
3403 5032 3612 5086 Lati-nis

2045 5133 2262 5204 quidem
2293 5132 2532 5186 fatentur
2564 5129 2722 5194 illud,
2746 5143 2809 5183 ex
2833 5126 2995 5194 Filio,
3028 5138 3159 5189 etc.,
3189 5125 3609 5187 nobiscumau-

2046 5234 2151 5281 tem
2181 5224 2393 5286 dicunt,
2429 5237 2495 5277 ex
2526 5220 2686 5276 Patre
2712 5220 3024 5291 procedere.
3050 5219 3173 5271 Haec
3197 5216 3381 5270 (licens
3401 5214 3612 5268 nescire

2047 5327 2100 5372 te
2125 5315 2372 5381 simulat,
2405 5314 2632 5368 Latinos
2666 5327 2888 5383 quoque
2919 5309 3207 5364 nobiscum
3272 5305 3450 5369 fateri,
3493 5305 3612 5375 Spi-

2043 5407 2208 5461 ritum
2256 5412 2498 5459 sanctum
2527 5418 2589 5457 ex
2622 5401 2779 5455 Patre
2812 5396 3109 5469 procedere
3141 5413 3155 5461 ;
3192 5412 3254 5448 ex
3292 5392 3428 5452 Filio
3486 5411 3614 5448 vero

2042 5499 2202 5554 etiam
2243 5510 2342 5549 nos
2378 5494 2598 5564 quidem
2661 5491 2896 5545 fatemur
2953 5502 3074 5540 cum
3119 5485 3358 5550 Latinis,
3421 5503 3608 5541 verum

2043 5591 2147 5645 hoc
2179 5590 2356 5659 ipsum
2391 5601 2419 5640 a
2450 5585 2658 5642 sanctis
2677 5580 2856 5638 edocti
2885 5579 3205 5635 asserimus.
3279 5579 3333 5633 ιιι
3364 5580 3433 5632 itu
3464 5595 3610 5642 055e,

2043 5686 2293 5738 doctores
2315 5680 2463 5748 ipsos
2498 5692 2558 5729 ac
2593 5675 2875 5741 theologos
2898 5679 3070 5726 testes
3099 5670 3467 5740 proferamus,
3499 5688 3606 5722 non

2045 5787 2231 5828 omnes
2262 5779 2352 5824 aut
2381 5767 2583 5831 omnia,
2610 5780 2730 5836 qum
2758 5764 2824 5818 de
2847 5763 2945 5818 hac
2969 5764 3194 5820 materia
3230 5765 3558 5829 scripserunt
3595 5801 3608 5821 ,
