3988 6216
388 369 488 439 119

1286 378 1666 451 GitEGORII
1709 390 2009 456 MAMM/E
2040 398 2144 459 ΟΡ.
2188 399 2706 465 PATRIARCHIE

3519 404 3622 475 19.0

377 494 471 545 sed
500 493 784 561 quosdam,
807 501 859 550 et
884 512 1055 563 pauca
1083 498 1484 569 illorumdicta,
1507 516 1561 560 ut
1591 507 1942 577 aliquatenus

2061 506 2401 580 Ξιδασκάλους
2446 538 2502 573 τε
2539 523 2629 574 καὶ
2666 524 2949 591 θεολόγους
2980 527 3106 589 τοὺς
3149 520 3308 579 τοῦτο
3359 526 3619 596 λέγοντας

376 582 673 649 probemus
730 601 831 641 nos
895 587 999 642 hoc
1051 604 1301 647 asserere
1352 593 1701 666 desumptum
1754 613 1781 652 a
1814 615 1944 654 sau-

376 673 503 727 ctis.

2055 605 2135 665 είς
2166 607 2333 674 μέσον
2366 612 2685 683 προθῶμεν,
2722 616 2784 668 οὐ
2818 616 3026 680 πάντας
3057 618 3176 671 οὐδὲ
3202 618 3378 672 πάντα
3408 620 3475 672 τά
3527 619 3619 671 ὑπ’

2054 696 2236 751 αὐτῶν
2304 702 2362 752 ἐν
2420 704 2593 776 ταύτῃ
2655 710 2721 776 τῇ
2791 709 3051 762 ὑποθέσει
3128 711 3416 780 εἰρημένα,
3480 710 3621 763 ἀλλά

373 779 573 831 τινας,
671 769 766 823 καὶ
814 771 874 837 ἐξ
933 773 1112 826 αὐτῶν
1178 774 1355 871 ὀλίγα.
1391 780 1471 843 είς
1553 784 1790 853 μερικὴν
1854 801 1978 838 τινα
2057 788 2466 865 πληροφορίαν,
2516 769 2596 851 ὅτι
2788 801 2897 855 τῶν
2959 802 3131 870 ἁγίων
3182 769 3458 865 ’λαϐόντες
3536 805 3620 858 λέ-

373 876 569 931 γομεν.
1744 894 1767 935 \

446 953 635 1024 Itaque
663 968 886 1015 sanctus
917 961 1154 1029 (Zyrillus
1213 966 1266 1019 in
1294 982 1549 1025 sermone
1570 975 1637 1027 ad
1694 973 1949 1031 Theodo.

375 1043 519 1099 slum
556 1046 965 1116 imperatorem,
994 1054 1087 1122 qui
1114 1055 1184 1108 ita
1215 1060 1444 1129 incipit:
1492 1061 1818 1133 Supremum
1846 1067 1949 1120 hu-

375 1152 551 1191 mana:
576 1139 761 1207 gloriae
792 1143 1048 1211 culmen,
1121 1149 1197 1203 sic
1227 1152 1298 1205 ait
1329 1169 1342 1206 :
1413 1150 1823 1222 Baptizaturum
1867 1157 1947 1210 in-

375 1230 490 1296 quit
514 1228 698 1284 Jesum
728 1234 781 1287 in
813 1235 935 1303 igne
988 1249 1041 1292 et
1114 1239 1317 1309 Spiritu
1377 1257 1606 1310 sancto;
1655 1262 1760 1301 non
1798 1248 1945 1318 quod

378 1319 641 1390 Spiritum
670 1325 959 1393 baptizatis
979 1330 1201 1387 deberet
1220 1334 1505 1391 infundere
1525 1338 1762 1392 alienum
1789 1342 1946 1409 quasi

376 1427 572 1467 Servus
604 1424 659 1469 et
691 1417 963 1483 minister,
1002 1423 1096 1476 sed
1120 1438 1244 1479 cum
1295 1441 1551 1496 suprema
1580 1437 1853 1499 potestate
1888 1441 1947 1487 ut

376 1513 571 1557 natura
597 1505 735 1561 Deus
797 1509 967 1577 illum,
987 1513 1081 1581 qui
1106 1529 1173 1568 ex
1202 1515 1318 1585 ipso
1341 1527 1445 1580 est,
1472 1528 1523 1572 et
1543 1519 1659 1587 ejus
1694 1524 1948 1590 proprius

374 1601 480 1648 est.
509 1591 564 1646 in
606 1596 837 1664 epistola
868 1613 1088 1669 quoque
1108 1602 1172 1654 ad
1190 1602 1527 1669 Nestorium,
1554 1606 1712 1675 cujus
1731 1607 1947 1662 initium

375 1692 517 1735 est:
569 1682 704 1737 Cum
764 1684 1015 1741 Salvator
1067 1699 1259 1745 noster
1311 1694 1515 1750 diserte
1611 1697 1949 1766 pronuntiet,

377 1771 660 1890 Qu'amvis,
688 1776 888 1881 inquit,
920 1778 1161 1850 Spiritus
1195 1798 1351 1839 suam
1389 1785 1588 1842 habeat
1614 1788 1945 1856 peculiarem
1980 1818 2023 1876 Β
2053 1771 2126 1890 (gn

378 1865 950 1940 subsistentiam,qna
1004 1874 1331 1946 intelligitur
1373 1894 1469 1948 per
1525 1895 1647 1935 sese
1678 1884 1948 1938 exsistens

378 1958 640 2027 Spiritus,
681 1978 789 2017 non
819 1964 1037 2043 Filius,‘
1072 1978 1158 2023 est
1206 1978 1387 2026 tamen
1450 1972 1592 2029 haud
1658 1976 1870 2031 alienus
1921 1992 1948 2029 a

378 2050 518 2107 Filio
552 2054 768 2112 :dictus
790 2058 994 2128 quippe
1028 2069 1114 2116 est
1140 2062 1378 2132 Spiritus
1428 2068 1695 2133 veritatis,
1749 2070 1951 2124 veritas

376 2156 556 2201 autem
584 2157 663 2203 est
690 2147 946 2206 Christus
974 2169 988 2208 :
1022 2161 1073 2206 et
1102 2154 1400 2210 eﬂunditur
1423 2158 1491 2212 ab
1518 2159 1610 2214 illo
1658 2174 1763 2215 non
1792 2174 1953 2215 secus

377 2242 539 2301 atque
562 2235 630 2289 ab
657 2236 776 2306 ipso
804 2238 911 2294 Deo
950 2240 1134 2298 Patre.
1161 2244 1317 2310 Quod
1368 2260 1498 2302 vero
1526 2259 1750 2304 sanctus
1792 2249 1954 2307 Pater

380 2338 473 2394 per
493 2341 704 2393 vocem,
724 2329 1046 2396 cll‘unditur,
1066 2334 1333 2406 intelligat
1359 2341 1787 2406 processiouem,
1812 2343 1956 2411 ipsc-

378 2426 491 2470 tnet
520 2418 758 2474 declarat
783 2425 837 2475 in
869 2426 1215 2493 expositione
1250 2427 1518 2497 Symboli.
1542 2433 1631 2485 Ait
1659 2434 1804 2486 enim
1839 2451 1853 2487 :
1890 2434 1953 2487 Et

380 2507 701 2575 effunditur,
739 2513 843 2568 hoc
874 2522 960 2568 est
994 2518 1262 2584 procedit,
1300 2529 1556 2592 tanquam
1590 2540 1657 2577 ex
1717 2526 1863 2579 fonte
1924 2542 1951 2580 a

382 2602 491 2656 Deo
516 2601 698 2659 Patre.
723 2604 822 2659 Hic
852 2606 1009 2673 illud,
1053 2609 1376 2679 effunditur,
1403 2614 1470 2668 ab
1520 2616 1614 2669 illo
1646 2631 1748 2671 non
1796 2633 1955 2674 secus

383 2699 545 2766 atque
610 2697 676 2753 ab
728 2699 848 2768 ipso
910 2702 1110 2768 Patre;
1164 2707 1438 2773 quomodo
1501 2708 1955 2779 intelligendum?

382 2788 441 2841 Si
481 2788 627 2842 enim
687 2788 919 2847 dixisset
982 2794 1182 2861 solum,
1241 2797 1560 2864 eﬂ‘unditur,
1616 2801 1753 2855 alius
1816 2816 1955 2871 quo-

382 2894 488 2948 que
528 2895 725 2938 sensus
760 2884 939 2939 locum
997 2887 1259 2955 haberet;
1315 2891 1412 2946 sed
1451 2906 1576 2947 cum
1606 2893 1799 2959 'addat,
1836 2892 1954 2949 Non

383 2982 544 3026 secus
575 2981 739 3042 atque
766 2974 833 3029 ab
865 2975 985 3044 ipso
1016 2974 1200 3043 Patre,
1220 2993 1439 3033 omnem
1476 2981 1802 3051 detorquere
1837 2996 1957 3035 sen-

382 3076 503 3116 sum
526 3063 834 3118 volentibus
863 3066 1495 3132 prmciditoccasioncm.
1519 3069 1582 3122 Et
1600 3085 1826 3139 magnus
1856 3068 1957 3122 Ba-

384 3156 541 3212 silius
580 3156 633 3210 in
662 3159 939 3226 opusculis
960 3168 1145 3214 contra
1172 3159 1521 3223 Eunomium,
1560 3161 1611 3215 in
1637 3163 1836 3231 capite,
1862 3175 1957 3215 cu-
1982 3150 2026 3209 C

379 3248 470 3321 jus
513 3251 796 3320 inscriptio
814 3260 927 3305 est:
954 3251 1106 3318 Quod
1124 3260 1181 3306 ut
1202 3269 1258 3308 se
1272 3253 1433 3309 habet
1450 3253 1618 3309 Filius
1635 3254 1699 3308 ad
1720 3254 1954 3321 Patrem,

386 3343 459 3396 ita
493 3343 730 3411 Spiritus
756 3344 1031 3397 schahcat
1062 3344 1130 3398 ad
1162 3345 1359 3398 Filium
1402 3363 1415 3398 :
1456 3346 1684 3410 idcirco,
1740 3346 1837 3412 ait,
1871 3346 1960 3400 Fi-

384 3432 491 3487 lius
514 3435 731 3503 quidem
764 3440 847 3489 est
884 3431 974 3487 Dei
1000 3433 1262 3500 Verbum,
1317 3436 1540 3503 verbum
1597 3448 1777 3492 autem
1836 3437 1956 3493 Filii

387 3525 626 3595 Spiritus
659 3525 925 3580 :Portans
946 3528 1106 3591 enim,
1149 3527 1351 3597 inquit,
1392 3529 1569 3583 omnia
1601 3534 1751 3584 verba
1795 3530 1961 3585 virtu-

389 3620 455 3671 tis
485 3618 663 3684 sure“;
697 3628 752 3673 et
780 3621 906 3688 quia
952 3619 1177 3674 verbum
1207 3618 1354 3686 Filii,
1396 3631 1684 3691 pr0pterea
1720 3621 1958 3690 gladium

386 3707 569 3781 inquit
602 3710 865 3781 Spiritus,
899 3711 1045 3781 quod
1071 3721 1154 3767 est
1179 3714 1405 3768 verbum
1428 3712 1555 3768 Dei:
1583 3714 1764 3767 vivum
1795 3729 1958 3786 porro

384 3810 441 3859 et
458 3803 645 3858 ellicax
685 3812 771 3860 est
804 3803 897 3858 Dei
923 3805 1150 3859 verbum
1184 3814 1237 3858 et
1261 3816 1463 3859 sermo.
1505 3804 1741 3859 Sanctus
1775 3816 1957 3861 autem

384 3895 715 3951 Ambrosius
743 3896 829 3966 (ad
864 3912 1025 3966 quem
1079 3896 1328 3952 scribens
1392 3897 1613 3953 divinus
1672 3895 1954 3954 Basilius:

387 3990 523 4061 Age,
548 3991 745 4061 inquit,
770 3991 853 4045 vir
873 3990 991 4054 Dei,
1014 3992 1235 4060 quando
1258 3989 1464 4045 Christi
1481 3989 1832 4059 Evangelium
1852 4005 1959 4045 non

386 4086 455 4139 ab
484 4084 803 4140 hominibus
834 4085 1099 4155 accepisti
1157 4094 1251 4139 aut
1282 4083 1549 4149 didicisti,
1607 4085 1701 4138 sed
1747 4084 1863 4153 ipse
1910 4090 1961 4138 te

383 4178 652 4233 Dominus
676 4176 961 4233 transtulit
991 4176 1352 4247 dejudicihus
1387 4184 1546 4230 terrae
1571 4174 1640 4229 ad
1694 4173 1959 4244 apostoli-

384 4287 505 4325 cam
542 4271 914 4343 dignitatem),
948 4270 1091 4324 libro
1119 4269 1297 4338 primo
1317 4267 1391 4321 De
1439 4266 1645 4336 Spiritu
1681 4272 1869 4321 sancto
1891 4264 1959 4320 ad

389 4362 708 4419 Gratianum
731 4364 1138 4433 imperatorem,
1158 4376 1280 4432 cap.
1304 4360 1391 4425 10,
1409 4360 1511 4414 Sed
1538 4375 1734 4430 neque,
1758 4358 1958 4429 inquit,

383 4472 506 4510 cum
538 4456 605 4510 de
634 4456 793 4508 Patre
821 4451 956 4518 exit,
997 4454 1063 4507 dc
1084 4451 1208 4507 loco
1253 4454 1549 4517 recedit,et
1573 4453 1730 4521 quasi
1754 4467 1958 4521 corpus

385 4562 671 4616 acorpore
703 4554 1038 4616 separatur;
1100 4560 1279 4614 neque
1336 4560 1459 4599 cum
1522 4546 1574 4597 in
1648 4545 1810 4597 Patre
1845 4552 1950 4608 est,

384 4638 540 4708 quasi
574 4640 627 4693 in
659 4646 886 4707 corpore
908 4645 1165 4705 tanquam
1203 4650 1403 4704 corpus
1469 4634 1788 4688 includitur.
1829 4632 1955 4700 Spi-

383 4734 523 4787 ritus
541 4741 758 4800 quoque
784 4738 1011 4784 sanctus
1043 4743 1165 4783 cum
1200 4727 1445 4797 procedit
1467 4742 1531 4782 ex
1582 4726 1742 4780 Patre
1780 4734 1833 4780 et
1859 4720 1954 4777 Fi-

382 4825 478 4890 lio,
516 4839 623 4878 non
660 4832 944 4893 separatur
969 4821 1196 4886 aPatre,
1226 4836 1337 4875 non
1372 4827 1658 4889 separatur
1720 4834 1749 4871 a
1793 4816 1953 4871 Filio.

382 4912 855 4982 Quemadmodum
880 4914 1023 4969 enim
1051 4914 1293 4981 separari
1349 4918 1526 4981 potest
1553 4926 1581 4963 a
1620 4907 1800 4974 Patre,
1826 4908 1956 4999 ﬁqui

380 5006 611 5077 spiritus
644 5000 758 5059 oris
788 5004 908 5074 ejus
942 5000 1070 5058 est?
1108 5003 1257 5072 quod
1293 5001 1479 5069 utique
1513 5010 1567 5053 et
1628 4998 1955 5052 aeternitatis

382 5096 667 5164 indicium,
710 5105 765 5152 et
798 5096 1100 5151 divinitatis
1122 5091 1688 5163 exprimitunitatem.
1715 5089 1955 5143 Sanctus

383 5191 599 5263 Agatho
626 5191 679 5245 in
712 5195 812 5245 sua
838 5188 1071 5259 epistola
1121 5202 1285 5257 quam
1344 5185 1497 5241 misit
1541 5180 1958 5250 subscriptioni-

384 5278 488 5336 bus
514 5290 731 5335 centum
754 5275 1009 5349 etviginti
1038 5278 1422 5346 episcoporum
1460 5275 1723 5328 munitam
1744 5270 1813 5325 ad
1828 5287 1958 5326 san-

382 5381 525 5427 ctam
556 5372 826 5443 synodum
858 5377 1094 5434 sextam,
1146 5368 1212 5423 de
1270 5367 1431 5422 beato
1486 5364 1798 5436 Augustino
1844 5364 1959 5417 hare

383 5457 553 5513 habet
584 5466 600 5513 :
628 5459 825 5516 Beatus
856 5458 1201 5529 Augustinus
1227 5456 1721 5528 praestantissimus
1744 5456 1955 5509 doctnr.

381 5548 453 5605 Et
483 5564 728 5606 rursus:
787 5546 1049 5606 Veritatis
1099 5547 1574 5620 prudentissimus
1636 5545 1959 5615 praedicator

380 5636 576 5698 beatus
608 5642 968 5713 Augustinus.
1002 5644 1100 5700 llic
1169 5643 1335 5714 igitur
1386 5641 1575 5696 beatus
1621 5637 1957 5708 Augustinus

484 5864 505 5901 ⁸
533 5866 695 5928 llebr.
724 5888 756 5939 ι,
785 5870 837 5924 ὅ.

2123 989 2234 1042 Καὶ
2276 990 2341 1057 δή
2374 1008 2576 1058 φαμεν,
2617 992 2693 1054 ὡς
2734 995 2761 1046 6
2794 994 2935 1056 θεῖος
2978 993 3245 1063 Κύριλλος
3280 995 3336 1046 ἐν
3369 994 3446 1063 τῷ
3483 995 3619 1064 πρὸς

2056 1079 2279 1149 βασιλέα
2321 1083 2602 1136 Θεοδόσιον
2660 1085 2826 1155 λόγῳ,
2860 1081 2922 1138 οῦ
2957 1088 2989 1154 ἡ
3040 1086 3206 1155 ἀρχὴ,
3242 1085 3355 1152 Τῆς
3411 1084 3510 1154 μὲν
3563 1087 3619 1137 ἐν

2051 1172 2359 1241 ἀνθρώποις
2388 1175 2642 1238 εὐκλείας
2677 1178 2775 1246 τῆς
2815 1177 3101 1241 ἀνωτάτω,
3136 1176 3305 1246 φησί’
3327 1175 3620 1238 Βαπτίζειν

2052 1263 2156 1335 ἔφη
2205 1267 2298 1319 τον
2347 1268 2556 1338 Ἰησοῦν
2589 1271 2646 1322 ἐν
2672 1270 2805 1340 πυρὶ
2835 1272 2929 1323 καὶ
2963 1271 3105 1342 ἁγίῳ
3133 1271 3437 1339 Πνεύματι,
3472 1271 3532 1323 ού
3560 1270 3621 1323 τὸ

2052 1357 2331 1428 ἀλλότριον
2365 1364 2477 1424 τοῖς
2509 1362 2931 1432 βαπτιζομένοις
2962 1364 3174 1417 ἐνιέντα
3239 1363 3465 1432 Πνεῦμα
3499 1364 3621 1415 δου-

2048 1450 2342 1521 λοπρεπῶς
2373 1456 2466 1509 καὶ
2506 1455 2878 1525 ὑπηρετικῶς,
2910 1456 3025 1508 ἀλλ’
3065 1456 3139 1518 ὡς
3162 1457 3295 1509 Θεὸν
3327 1455 3470 1509 κατά
3520 1456 3621 1522 φύ-

2052 1561 2139 1598 σιν
2177 1545 2296 1615 μετ’
2326 1544 2577 1611 ἐξουσίας
2612 1549 2715 1618 τῆς
2766 1548 3028 1602 ἀνωτάτω
3082 1549 3146 1601 τὸ
3192 1546 3251 1612 ἐξ
3307 1549 3476 1601 αὐτοῦ
3528 1549 3621 1601 καὶ

2053 1635 2188 1691 ἴδιον
2221 1638 2410 1691 αὑτοῦ.
2444 1641 2554 1695 Καὶ
2608 1641 2669 1694 ἐν
2719 1642 2797 1711 τῷ
2834 1642 2971 1711 πρὸς
3023 1641 3317 1711 Νεστόριον
3365 1640 3529 1711 λόγῳ,
3560 1641 3619 1694 οῦ

2055 1729 2090 1798 ἠ
2151 1730 2317 1800 ἀρχὴ,
2364 1729 2471 1784 Τοῦ
2523 1733 2781 1803 Σωτῆρος
2833 1733 2992 1803 ἡμῶν
3041 1733 3293 1801 λέγοντος
3352 1732 3619 1800 ἐναργῶς,

2133 1820 2252 1873 σίν·
2288 1823 2351 1878 Ei
2402 1822 2493 1877 καὶ
2529 1824 2676 1877 ἐστιν
2703 1826 2759 1878 ἐν
2786 1824 3086 1878 ὑποστάσει
3145 1824 3206 1876 τὸ
3247 1821 3473 1887 Πνεῦμα
3532 1821 3624 1877 ἰδι-

2059 1912 2151 1980 κῇ,
2181 1915 2273 1965 καὶ
2298 1912 2359 1982 δὴ
2383 1915 2474 1966 καὶ
2503 1916 2701 1968 νοεῖται
2726 1916 2850 1968 καθ’
2882 1916 3064 1982 ἑαυτὸ,
3098 1913 3231 1967 καθὸ
3252 1911 3479 1980 Πνεῦμά
3508 1913 3622 1964 ἐστι

2058 2008 2157 2060 καὶ
2182 2008 2282 2078 οὐχ
2314 2008 2467 2073 Υἱὸς,
2503 2008 2619 2062 ἀλλ’
2649 2008 2741 2062 οῦν
2785 2012 2935 2062 ἐστιν
2968 2007 3069 2060 οὐκ
3102 2006 3383 2075 ἀλλότριον
3417 2003 3581 2057 αὑτοῦ
3604 2016 3618 2032 °

2056 2104 2287 2173 Πνεῦμα
2317 2106 2426 2174 γὰρ
2457 2105 2715 2176 ἀληθείας
2745 2103 3088 2173 ὠνόμασται,
3119 2101 3215 2155 καὶ
3246 2099 3360 2152 ἐστι
3387 2096 3622 2166 Χριστὸς

2057 2195 2087 2263 ἡ
2131 2195 2395 2264 ἀλήθεια·
2443 2196 2538 2247 καὶ
2594 2196 2876 2264 προχεῖται
2931 2193 3063 2262 παρ’
3124 2188 3314 2253 αὑτοῦ,
3371 2186 3622 2254 καθάπερ

2056 2288 2249 2356 ἀμέλει
2304 2290 2398 2342 καὶ
2424 2290 2487 2340 ἐκ
2517 2289 2611 2341 τοῦ
2645 2286 2779 2340 Θεοῦ
2818 2286 2913 2339 καὶ
2976 2284 3211 2352 Πατρός.
3267 2282 3393 2337 Ὀτι
3445 2280 3502 2333 δὲ
3560 2277 3622 2333 τὸ

2058 2385 2347 2452 προχεῖται
2380 2383 2501 2435 ἀντὶ
2525 2380 2620 2434 τοῦ
2647 2379 3009 2450 ἐκπορεύεται
3046 2380 3073 2431 6
3112 2376 3270 2444 ἅγιος
3291 2375 3460 2443 λέγει,
3484 2389 3622 2442 1:19-

2062 2478 2246 2547 ίστησι
2281 2475 2441 2529 τοῦτο
2485 2478 2512 2529 6
2546 2475 2710 2539 αὐτὸς
2747 2475 2806 2528 ἐν
2837 2476 2901 2544 τῇ
2954 2470 3049 2526 τοῦ
3100 2469 3374 2541 συμϐόλου
3426 2466 3624 2534 ἐξηγή-

2059 2590 2142 2626 σει
2166 2590 2180 2605 ο
2206 2573 2342 2642 φησι
2376 2569 2485 2639 γάρ
2507 2587 2520 2602 θ
2557 2571 2664 2622 Καὶ
2697 2569 3005 2639 προχεῖται,
3039 2568 3208 2636 ἤγουν
3240 2558 3622 2631 ἐκπορεύεται,

2056 2666 2130 2728 ὡς
2158 2666 2267 2718 ἀπὸ
2304 2665 2490 2733 πηγῆς
2516 2660 2610 2715 τοῦ
2641 2661 2779 2714 Θεοῦ
2811 2659 2904 2711 καὶ
2938 2657 3176 2727 Πατρός.
3214 2653 3377 2707 Ἀλλά
3403 2652 3462 2704 τὸ
3493 2665 3625 2717 προ-

2058 2760 2235 2828 χεῖται
2268 2758 2402 2825 παρ*
2427 2756 2593 2808 αὐτοῦ
2625 2752 2873 2820 καθάπερ
2906 2749 3098 2820 ἀμέλει
3126 2746 3222 2799 καὶ
3264 2746 3329 2798 ἐκ
3370 2742 3465 2795 τοῦ
3510 2742 3620 2794 Πα-

2056 2851 2206 2921 τρὸς,
2233 2849 2285 2903 τί
2309 2850 2376 2903 ἂν
2410 2850 2596 2916 νοήσοι
2627 2863 2748 2910 τις;
2782 2845 2845 2898 Εἰ
2873 2844 2981 2913 γὰρ
3030 2841 3090 2893 τὸ
3127 2839 3411 2910 προχεῖται
3439 2831 3625 2893 ἁπλῶς

2058 2943 2265 3009 ἔλεγεν,
2298 2937 2413 3011 εἶχε
2440 2940 2625 3011 χώραν
2670 2939 2799 2992 ἄλλο
2832 2955 2886 2990 τι
2929 2936 3071 2987 νοεῖν
3092 2949 3106 2965 ⁸
3163 2933 3212 2985 εἰ
3244 2930 3324 2994 δὲ,
3375 2926 3625 2993 καθάπερ

2058 3036 2252 3106 ἀμέλει
2286 3037 2379 3087 καὶ
2416 3036 2475 3087 ἐκ
2502 3033 2595 3087 τοῦ
2632 3021 2864 3100 Πατρὶς,
2896 3028 3155 3095 οὐδεμίαν
3201 3026 3475 3094 πρόφασιν
3503 3036 3629 3073 κατ-

2062 3133 2217 3187 έλιπε
2248 3132 2360 3195 τοῖς
2396 3108 2643 3182 ἐθέλούσι
2671 3126 2875 3192 λέγειν.
2933 3122 3039 3174 Καὶ
3064 3122 3091 3174 6
3125 3121 3300 3189 μέγας
3348 3114 3627 3173 Βασίλειος

2062 3227 2120 3278 ἐν
2144 3225 2222 3294 τῷ
2265 3225 2386 3277 κατ’
2416 3220 2709 3288 Εὑνομίου,
2738 3220 2793 3270 ἐν
2826 3217 2908 3270 ἑνὶ
2951 3214 3058 3267 τῶν
3097 3208 3434 3280 κεφαλαίων,
3484 3200 3544 3261 οῦ
3592 3206 3626 3274 ἡ

2061 3318 2366 3388 ἐπιγραφὴ,
2401 3316 2524 3368 Ὀτι
2576 3313 2650 3375 t'o;
2687 3315 2714 3366 6
2750 3310 2876 3372 Υἱὸς
2932 3307 3068 3376 πρὸς
3102 3306 3191 3358 τὸν
3241 3302 3460 3373 Πατέρα
3494 3299 3623 3366 ἔχει,

2061 3416 2203 3467 οὕτω
2235 3411 2296 3464 τὸ
2346 3408 2571 3478 Πνεῦμα
2607 3406 2743 3477 πρὸς
2790 3404 2881 3457 τὸν
2909 3402 3060 3464 Υίδν,
3128 3397 3303 3467 φησί’
3342 3394 3436 3448 Διά
3471 3392 3629 3445 τοῦτο

2060 3508 2156 3561 και
2186 3506 2320 3557 Θεοῦ
2362 3504 2458 3574 μὲν
2482 3502 2653 3568 Λόγος
2708 3500 2734 3551 6
2760 3497 2909 3559 Υἱὸς,
2942 3496 3093 3565 ῥῆμα
3120 3494 3176 3546 δὲ
3198 3487 3330 3543 Υίοῦ
3351 3489 3411 3540 τὸ
3458 3485 3627 3539 Πνεῦ-

2064 3613 2172 3668 μα*
2209 3595 2408 3664 Φὲρων
2437 3594 2566 3662 γὰρ,
2601 3589 2759 3659 φησὶ,
2794 3588 2865 3641 τὰ
2908 3585 3105 3639 πάντα
3148 3581 3227 3647 τῷ
3255 3579 3476 3649 ῥήματι
3519 3575 3630 3641 τῆς

2060 3688 2370 3759 δυνάμεως
2402 3686 2591 3741 αὐτοῦ
2611 3700 2624 3713 ·
2663 3682 2757 3736 καὶ
2779 3679 2969 3749 ἐπειδὴ
3003 3677 3153 3746 ῥῆμα
3178 3672 3272 3728 τοῦ
3322 3670 3476 3734 Υίοῦ,
3540 3668 3630 3721 διὰ

2060 3780 2218 3835 τοῦτο
2268 3780 2367 3849 τὴν
2427 3774 2704 3846 μάχαιράν
2753 3788 2889 3842 φησι
2932 3767 3028 3822 τοῦ
3069 3765 3408 3835 Πνεύματος,
3436 3763 3465 3817 ὅ
3511 3762 3629 3814 ἐστι

2062 3874 2215 3945 ῥῆμα
2236 3870 2369 3926 Θεοῦ
2389 3886 2403 3902 ·
2439 3869 2596 3938 λόγος
2636 3865 2693 3918 δὲ
2729 3861 2865 3916 Θεοῦ
2896 3860 2992 3915 καὶ
3022 3859 3177 3929 ῥῆμα
3212 3857 3321 3921 ζῶν
3349 3854 3444 3907 καὶ
3469 3854 3627 3922 ὲνερ.

2060 3968 2175 4036 γόν.
2217 3967 2278 4017 '0
2308 3964 2363 4016 δὲ
2419 3962 2573 4029 ἆγιος
2603 3956 2931 4027 Ἀμϐρόσιος
2982 3945 3046 4019 (ᾧ
3089 3952 3117 4004 6
3174 3949 3315 4012 θεῖος
3351 3945 3630 4007 Βασίλειος

2060 4059 2397 4115 ἐπιστέλλων
2422 4054 2608 4121 ἔλεγεν
2629 4068 2643 4082 ·
2678 4052 2813 4119 ’Ᾱγε
2867 4048 2951 4118 δὴ,
2975 4040 3019 4100 ὦ
3053 4045 3311 4114 ἄνθρωπε
3344 4039 3439 4094 τοῦ
3466 4038 3626 4100 Θεοῦ,

2061 4152 2252 4223 ἐπειδὴ
2279 4151 2339 4204 ού
2378 4149 2511 4219 παρ’
2552 4144 2858 4217 ἀνθρώπων
2907 4139 3217 4211 παρέλαϐες
3252 4135 3286 4206 ἢ
3345 4133 3628 4203 ἐδιδάχθης

2061 4249 2122 4302 τὺ
2145 4243 2476 4313 Εὐαγγέλιον
2506 4238 2599 4292 τοῦ
2628 4237 2887 4309 Χριστοῦ,
2921 4233 3041 4287 ἀλλ’
3085 4230 3249 4291 αὐτός
3276 4245 3335 4281 σε
3372 4230 3399 4281 ὁ
3428 4226 3630 4295 Κύριος

2062 4339 2170 4394 ἀπὸ
2196 4337 2305 4390 τῶν
2340 4332 2544 4403 κριτῶν
2575 4330 2674 4398 τῆς
2726 4326 2829 4395 γῆς
2866 4324 2958 4379 61:1
3026 4322 3124 4394 τὴν
3180 4319 3475 4391 προεδρίαν
3524 4316 3632 4368 τῶν

2064 4431 2388 4485 ἀποστόλων
2422 4421 2775 4496 μετέθηκεν),
2813 4411 2968 4480 οὗτος
3011 4418 3075 4487 δὴ
3132 4414 3269 4482 πρὸς
3329 4407 3633 4482 Γρατιανδν

2063 4525 2156 4579 τὸν
2192 4520 2419 4593 βασιλέα
2452 4521 2508 4571 ἐν
2531 4514 2607 4585 τῷ
2635 4514 2836 4585 πρώτῳ
2862 4509 3053 4580 βιϐλίῳ
3084 4506 3158 4577 τῷ
3190 4503 3325 4575 Περὶ
3352 4500 3630 4593 τοῦλάγίου

2065 4590 2412 4681 Πνεύματος,
2450 4604 2730 4674 κεφαλαίῳ
2781 4601 3015 4671 δεκάτῳ,
3072 4595 3272 4666 φησιν’
3316 4591 3463 4646 Ἀλλ’
3510 4590 3633 4644 οὕτε

2064 4706 2286 4763 ἐπειδὰν
2319 4705 2384 4756 ἐκ
2413 4700 2510 4755 τοῦ
2544 4698 2755 4767 Πατρῦς
2788 4695 3091 4764 ἐξέρχεται,
3133 4686 3241 4742 ἀπὸ
3289 4685 3455 4738 τόπου
3507 4685 3641 4740 ἀναο,

2064 4802 2255 4875 χωρεῖ,
2306 4798 2402 4851 καὶ
2463 4793 2595 4846 ὡσεὶ
2653 4791 2811 4859 σῶμα
2867 4785 3162 4857 χωρίζεται
3195 4778 3631 4875 ἀπὸ-σώματος·

2063 4868 2186 4947 οὐδὲ
2220 4892 2332 4961 γὰρ
2376 4892 2433 4942 ἐν
2473 4886 2549 4957 τῷ
2591 4884 2772 4953 Πατρὶ
2825 4879 2900 4941 ὡς
2945 4878 3106 4944 δῆθεν
3154 4876 3212 4926 ἐν
3272 4872 3484 4961 σώματι
3538 4868 3632 4961 ἅτε

2062 4988 2127 5055 δὴ
2182 4958 2345 5053 σῶμα
2397 4975 2870 5050 ἐμπερικλείεται.
2928 4967 3040 5024 Καὶ
3082 4965 3143 5017 τὸ
3196 4961 3425 5055 Πνεῦμα
3468 4959 3523 5055 δὲ
3554 4958 3635 5015 ,τὸ

2066 5053 2224 5148 ἅγιον
2268 5075 2431 5147 ήνίκα
2466 5074 2529 5125 ἐκ
2590 5066 2684 5121 τοῦ
2742 5062 2957 5132 Πατρὸς
3002 5060 3097 5113 καὶ
3127 5055 3221 5110 τοῦ
3277 5054 3409 5148 rio?»
3468 5053 3635 5148 ἐκπο-

2072 5144 2312 5244 ρεύεται,
2353 5166 2412 5219 οὐ
2444 5161 2743 5235 χωρίζεται
2801 5155 2896 5208 τοῦ
2950 5150 3185 5244 Πατρδς,
3247 5144 3634 5244 ούκχιιῖρίζεται

2070 5230 2165 5319 τοῦ
2194 5230 2327 5315 Υίοῦ
2349 5275 2364 5292 ο
2397 5230 2517 5310 τίνα
2533 5230 2655 5322 -γάρ
2682 5248 2886 5320 τρόπον
2911 5242 3136 5298 δύναται
3164 5234 3495 5309 χωρίζεσθαι
3540 5230 3631 5322 τοῦ

2070 5352 2301 5424 Πατρδς,
2343 5318 2569 5416 Πνεῦμα
2611 5318 2883 5411 στόματος
2917 5332 3081 5388 αὑτοῦ
3115 5327 3274 5424 δν;-δ
3299 5326 3515 5424 πάντως
3535 5318 3637 5424 καὶ

2064 5448 2164 5515 τῆς
2188 5414 2504 5510 ’ἀῖδιότητος
2543 5432 2745 5502 δεῖγμά
2780 5433 2919 5492 ἐστι,
2956 5426 3050 5480 καὶ
3087 5423 3188 5490 τῆς
3228 5420 3481 5515 θεότητος
3523 5414 3636 5515 ,ἐμ-

2067 5507 2250 5610 φαίνει
2276 5536 2375 5604 τὴν
2399 5507 2666 5598 ἐνότητα.
2709 5524 2770 5576 Ὀ
2810 5521 2965 5588 ἅγιος
3011 5515 3259 5610 Ἀγάθων
3290 5514 3348 5565 ἐν
3404 5511 3479 5610 τῇ.
3520 5507 3641 5610 ἐπι-

2069 5598 2227 5701 στολῇ
2279 5598 2466 5689 αύτοῦ,
2519 5621 2584 5691 ἢν
2635 5617 2770 5687 πρὸς
2819 5613 2920 5685 τὴν
2967 5612 3130 5681 ἁγίαν
3194 5607 3363 5671 ἕκτην
3421 5598 3639 5654 σύνοδον
