3988 6216
241 379 342 445 121

1495 379 1793 441 CONTRA
1837 378 2261 448 EPHESlUM.

3399 380 3500 447 122

231 501 480 572 ἔπεμψε,
509 500 660 571 παρὰ
700 499 899 556 ἑκατὸν
947 502 1155 555 εἴκοσιν
1206 502 1524 556 ἐπισκόπων
1567 505 1814 574 βεϐαιου-

1920 508 1985 561 ad
2016 507 2271 561 Orosium
2308 506 2557 562 scribens
2588 525 2600 561 :
2631 506 2893 576 Sprriths,
2925 504 3368 572 inqui!,sanctus
3392 515 3499 554 non

233 597 441 667 μένην,
477 595 609 664 περὶ
644 594 741 646 τοῦ
774 595 1051 666 μακαρίου
1081 597 1454 665 Δύγουστίνου
1488 599 1667 652 τοιάδε
1717 600 1819 667 φά-

237 703 362 740 σκει
388 702 403 715 ·
448 685 507 738 Ὀ
543 684 819 754 μακάριος
849 686 1210 752 Αύγουστῖνος
1236 689 1263 741 6
1314 688 1647 759 ἐξοχώτατος
1670 692 1817 743 διδά-

239 777 483 838 σκαλος’
516 776 615 828 καὶ
668 775 874 828 πάλινσ
916 776 975 829 ὀ
1033 781 1346 848 σοφώτατος
1411 783 1511 849 τῆς
1554 783 1816 853 ἀληθείας

237 867 424 938 κῆρυξ
455 871 484 921 6
520 868 791 937 μακάριος
838 870 1223 935 Αὐγουστίνος.
1268 865 1437 936 Οὗτος
1466 871 1558 927 οῦν
1582 876 1609 927 6
1636 876 1817 944 μακά-

239 976 361 1028 ριος
418 960 784 1029 Αύγουστίνος
855 961 993 1030 πρὸς
1062 962 1324 1032 Ὀρώσιον
1390 965 1620 1035 γράφων
1673 966 1816 1020 οὕτω

237 1052 419 1119 φησί·
451 1051 523 1102 Τὸ
554 1051 779 1119 Πνεῦμα
811 1052 873 1105 τὸ
902 1052 1059 1120 ἅγιον
1091 1055 1193 1107 οὐκ
1231 1056 1295 1107 ἐκ
1325 1056 1419 1108 τοῦ
1474 1056 1686 1127 Πατρὸς
1735 1059 1817 1120 είς

237 1143 331 1193 τὸν
356 1139 488 1192 Υίὸν
524 1142 907 1211 ἐκπορεύεται,
940 1145 1035 1196 καὶ
1068 1147 1131 1197 ἐκ
1162 1145 1255 1197 τοῦ
1289 1145 1421 1200 Υίοῦ
1452 1148 1814 1216 ἐκπορεύεται

239 1233 334 1283 ἐπὶ
361 1234 440 1297 τῶ
459 1233 687 1299 ἁγιάσαι
715 1234 816 1302 τὴν
842 1235 1043 1299 κτίσιν,
1076 1236 1190 1289 ἀλλ’
1225 1236 1342 1307 ἅμα
1374 1237 1433 1302 ἐξ
1484 1241 1816 1309 ἀμφοτέρων

240 1325 631 1393 ἐκπορεύεται.
674 1327 787 1380 Καὶ
820 1328 979 1381 πάλιν
1019 1332 1046 1383 6
1070 1331 1234 1393 αὐτὸς
1261 1334 1320 1384 ὲν
1350 1333 1428 1402 τῷ
1464 1337 1604 1388 κατά
1639 1337 1815 1402 Magi-

247 1420 406 1485 μίνου
440 1418 489 1487 γ’
525 1418 722 1490 βιϐλίῳ
761 1414 930 1489 φησί·
965 1423 1158 1491 Ζητεῖς
1194 1426 1322 1495 παρ’
1355 1427 1517 1496 ἐμοῦ,
1561 1429 1607 1480 εί
1634 1431 1696 1482 ἐκ
1716 1429 1815 1496 τῆς

243 1513 430 1574 οὐσίας
461 1514 554 1566 τοῦ
598 1516 812 1583 Πατρός
847 1518 998 1570 ἐστιν
1031 1520 1059 1571 6
1105 1520 1254 1583 Υἱὸς.
1277 1522 1341 1575 ὲκ
1370 1525 1468 1592 τῆς
1496 1526 1685 1589 οὐσίας
1716 1528 1812 1581 τοῦ

244 1605 462 1674 Πατρός
494 1607 611 1659 ἐστι
640 1607 735 1659 καὶ
764 1608 823 1660 τὸ
855 1610 1078 1679 Πνεῦμα
1104 1611 1166 1665 τὸ
1200 1612 1379 1681 ἅγιον,
1423 1616 1512 1669 διὰ
1545 1618 1598 1670 τί
1630 1620 1656 1670 6
1713 1620 1814 1687 μὲν

247 1691 327 1759 εἷς
374 1700 523 1750 ἐστιν
551 1699 696 1763 Υἱὸς,
731 1701 793 1754 τὸ
837 1701 893 1754 δὲ
928 1702 1115 1773 ἕτερον
1149 1707 1249 1758 οὐκ
1285 1707 1434 1761 ἐστιν
1470 1709 1634 1776 Υίός;
1679 1711 1812 1766 Ἰδοὺ

251 1785 646 1884 ἀποκρίνομαι,
676 1791 778 1843 κάν
800 1791 1090 1884 Δτεᾷλάϐῃς,
1124 1795 1228 1848 κᾶν
1256 1813 1315 1849 τε
1358 1800 1431 1870 μὴ
1461 1800 1629 1872 λάϐῃς
1664 1818 1678 1834 ·
1720 1803 1811 1857 Ἐκ
1844 1827 1889 1884 Β

246 1873 349 1925 τοῦ
392 1875 603 1945 Πατρός
625 1880 819 1933 ἐστινό
867 1882 1014 1947 Υίδς,
1058 1886 1121 1937 ἐκ
1161 1887 1257 1939 τοῦ
1294 1890 1505 1961 Πατρός
1546 1894 1663 1946 ἐστι
1713 1895 1806 1948 καὶ

252 1967 317 2017 τδ
346 1968 563 2035 Πνεῦμα
592 1970 653 2022 τὸ
687 1971 846 2039 ἇγιον
871 1991 885 2006 ·
918 1974 1033 2029 ἀλλ’
1079 1980 1287 2042 ἐκεῖνος
1332 1984 1613 2051 γεννητὸς,
1651 1986 1808 2038 τοῦτο

249 2057 700 2128 ἐκπορευόμενον.
730 2064 818 2117 Διὸ
838 2064 1043 2129 ἐκεῖνος
1077 2069 1177 2135 μὲν
1215 2070 1341 2134 Υἱός
1378 2075 1493 2126 ἔστι
1543 2074 1637 2127 τοῦ
1694 2076 1805 2129 Πα-

242 2150 388 2217 τρὸς,
421 2152 520 2222 ἀφ’
552 2149 615 2207 οὗ
638 2158 925 2228 ἐγεννήθη,
981 2162 1144 2216 τοῦτο
1195 2166 1251 2218 δὲ
1308 2167 1369 2219 τὸ
1405 2169 1629 2238 Πνεῦμα
1681 2171 1811 2223 ἑκα-

242 2244 422 2348 τέρου,
451 2247 629 2348 δτι-ἐξ
676 2252 1003 2348 ἀμφοτέρων
1065 2258 1447 2321 ἐκπορεύεται.
1492 2261 1653 2314 Ἀλλὰ
1719 2263 1809 2315 διὰ

243 2341 399 2390 τοῦτο
432 2341 563 2409 περὶ
592 2342 799 2396 ἐκείνου
845 2343 1021 2413 λέγων
1083 2350 1110 2401 6
1153 2350 1283 2413 Υίὸς
1344 2352 1446 2420 ἔφη
1471 2370 1486 2387 ⁸
1559 2353 1659 2407 Ἐκ
1701 2356 1808 2409 τοῦ

242 2434 487 2499 Πατρὸς
511 2435 918 2504 ἐκπορεύεται,
938 2441 1018 2492 ὅτι
1040 2444 1067 2494 6
1092 2443 1280 2513 Πατὴρ
1310 2443 1409 2513 τῆς
1430 2447 1808 2516 ἑκπορεύσεως

241 2523 413 2575 αὑτοῦ
465 2527 611 2580 ἐστιν
638 2528 883 2597 ἀρχηγός
908 2545 923 2560 ’
974 2530 1031 2593 ὃς
1069 2533 1312 2585 τοιοῦτον
1365 2535 1495 2588 Υἰὸν
1529 2538 1805 2604 ἐγέννησε,

242 2621 336 2670 καὶ
372 2620 432 2670 ἐν
467 2620 544 2688 τῷ
568 2623 762 2690 γεννᾷν
794 2622 1028 2675 δέδωκεν
1059 2624 1229 2693 αὐτῷ,
1260 2626 1344 2678 ἴνα
1380 2627 1471 2679 καὶ
1535 2628 1593 2692 ἐξ
1640 2629 1805 2683 αὐτοῦ

240 2708 606 2780 ἔκπορεύηται
637 2712 699 2765 τὸ
740 2712 965 2782 Πνεῦμα
1003 2714 1065 2767 τὸ
1115 2716 1291 2783 ἅγιον.
1325 2717 1433 2771 Καὶ
1480 2722 1589 2789 γάρ
1641 2722 1690 2773 εί
1734 2721 1806 2791 μὴ

241 2798 598 2869 ἐξεπορεύετο
618 2802 677 2854 τὸ
720 2803 946 2873 Πνεῦμα
975 2805 1036 2859 τὸ
1058 2804 1214 2872 ἅγιον
1243 2808 1336 2861 καὶ
1386 2808 1446 2871 ἐξ
1487 2808 1677 2870 αὑτοῦ,
1708 2810 1808 2864 οὐκ

240 2889 306 2943 ἂν
332 2886 457 2943 εἶπε
515 2895 629 2955 τοῖς
691 2894 993 2964 μαθηταῖς·
1045 2899 1270 2953 Λάϐετε
1322 2899 1565 2967 Πνεῦμα
1599 2901 1806 2971 ἅγιον·

242 2986 334 3037 καὶ
370 2984 539 3037 τοῦτο
578 2985 749 3038 ἐδίδου
795 2986 1076 3057 ἐμφυσῶν,
1114 2991 1201 3043 ἵνα
1233 2992 1327 3045 καὶ
1359 2993 1489 3062 παρ’
1519 2993 1687 3048 αὑτοῦ
1720 2996 1812 3049 ἑκε-

240 3078 581 3146 πορεύεσθαι
635 3081 992 3150 παραδηλῶν,
1048 3084 1600 3156 ἀποκεκαλυμμένως
1635 3089 1811 3157 ἐμφυ-

1921 604 2244 673 proceditex
2264 600 2425 657 Patre
2450 602 2510 655 ad
2536 599 2757 663 Filium,
2782 607 2833 652 et
2854 613 2881 650 a
2905 596 3045 651 Filio
3068 595 3134 649 ad
3155 593 3501 650 sanctiﬁcan-

1920 698 2043 751 dam
2072 705 2418 758 creaturam;
2452 693 2544 747 sed
2581 693 2648 745 ab
2706 700 2943 757 utroque
2999 686 3167 741 simul
3226 684 3497 755 procedit.

1919 787 2132 842 RurSus
2152 786 2293 841 idem
2334 786 2471 839 libro
2499 786 2660 837 tertio
2699 791 2888 836 contra
2910 778 3202 832 Maximum
3244 774 3498 841 :Quaeris

1912 896 1949 955 _a
1979 896 2085 943 me,
2111 880 2155 933 si
2185 880 2249 933 de
2267 877 2577 931 substantia
2604 874 2785 927 Patris
2808 883 2893 927 est
2919 871 3115 934 Filius,
3144 868 3211 923 de
3239 869 3495 923 substan-

1920 972 1992 1026 tia
2013 960 2190 1024 Patris
2218 980 2302 1024 est
2330 971 2497 1023 etiam
2525 965 2766 1034 Spiritus
2784 975 3031 1025 sanctus,
3069 975 3169 1015 cur
3217 975 3361 1013 unus
3403 957 3496 1012 Fi-

1920 1063 2027 1117 lius
2050 1063 2143 1125 sit,
2170 1070 2224 1115 et
2244 1060 2379 1114 alius
2408 1074 2517 1111 non
2539 1057 2610 1110 sit
2634 1054 2847 1107 Filius?
2876 1053 3011 1105 Ecce
3035 1047 3360 1117 respondeo,
3382 1047 3498 1100 sive

1919 1156 2123 1224 capias,
2146 1154 2257 1207 sive
2273 1150 2608 1217 noucapias:
2639 1145 2712 1219 De
2737 1145 2895 1198 Patre
2916 1151 3001 1196 est
3021 1138 3218 1202 Filius,
3238 1141 3305 1191 de
3335 1137 3495 1191 Patre

1917 1259 1999 1303 est
2031 1246 2265 1315 Spiritus
2291 1250 2550 1294 sanctus:
2574 1236 2665 1291 sed
2710 1234 2799 1289 ille
2821 1232 3036 1302 genitus
3054 1237 3161 1291 est,
3186 1229 3289 1282 iste
3309 1241 3499 1295 proce-

1917 1336 2088 1398 dens;
2119 1331 2239 1384 ideo
2264 1328 2351 1381 ille
2369 1327 2539 1379 Filius
2564 1333 2647 1377 est
2669 1322 2870 1384 Patris,
2905 1320 3092 1385 dequo
3118 1326 3201 1371 est
3230 1317 3447 1384 genitus
3472 1330 3486 1378 ;

1916 1430 2016 1484 iste
2045 1435 2225 1480 autem
2267 1423 2506 1490 Spiritus
2537 1421 2841 1487 utriusque,
2871 1416 3128 1485 quoniam
3158 1414 3225 1468 ab
3265 1423 3495 1481 utroque

1916 1519 2181 1589 procedit.
2202 1517 2304 1570 Sed
2324 1516 2445 1569 idco
2462 1527 2581 1567 cum
2602 1512 2670 1566 de
2698 1511 2791 1563 illo
2818 1509 2992 1563 Filius
3023 1506 3359 1574 loqueretur,
3384 1503 3492 1557 ait:

1916 1609 2166 1665 DePatre
2180 1607 2412 1675 procedit
2432 1607 2475 1669 ⁸,
2496 1604 2752 1673 quoniam
2774 1600 2935 1653 Pater
2967 1594 3335 1667 processionis
3374 1592 3495 1661 eius

1915 1708 1999 1754 est
2014 1706 2223 1759 auctor,
2242 1695 2333 1764 qui
2354 1693 2515 1747 talem
2534 1690 2728 1745 Filium
2743 1687 2954 1757 genuit,
2974 1692 3028 1740 et
3048 1683 3319 1754 gignendo
3335 1681 3383 1736 ei
3402 1681 3496 1735 de-

1916 1792 1995 1847 dit
2018 1798 2074 1846 ut
2090 1790 2251 1845 etiam
2274 1787 2341 1842 de
2359 1788 2478 1857 ipso
2500 1782 2818 1854 procederet
2838 1779 3077 1849 Spiritus
3090 1784 3339 1833 sanctus.
3355 1772 3491 1827 Nam

1917 1882 2023 1939 nisi
2045 1882 2355 1952 procederet
2371 1888 2423 1933 et
2444 1878 2511 1931 dc
2534 1876 2674 1945 ipso,
2694 1888 2801 1927 non
2821 1872 3026 1926 diceret
3044 1866 3332 1937 discipulis
3352 1881 3369 1922 :
3392 1865 3495 1918 Ac-

1916 1979 2072 2044 cipite
2092 1973 2348 2039 Spiritum
2364 1982 2604 2025 sanctum
2625 1970 2667 2001 ¹⁰
2686 1984 2701 2031 ;
2719 1978 2951 2033 eumque
2972 1960 3300 2017 insumendo
3317 1957 3490 2022 daret,

1918 2077 1977 2123 ut
2002 2083 2029 2121 a
2047 2082 2106 2124 se
2122 2079 2341 2137 quoque
2354 2063 2649 2133 procedere
2668 2056 3007 2127 significans,
3028 2060 3212 2121 aperte
3228 2050 3487 2105 ostende-

1915 2168 1996 2214 ret
2025 2158 2225 2219 ﬂando,
2255 2154 2401 2224 quod
2435 2151 2697 2222 spirando
2719 2148 2885 2202 dabat
2920 2146 3158 2198 occulte.
3188 2141 3327 2206 Quia
3358 2154 3491 2207 ergo

1917 2253 1963 2307 si
1988 2260 2324 2313 nasceretur,
2349 2262 2460 2301 non
2494 2251 2704 2299 tantum
2734 2242 2799 2295 de
2828 2238 3006 2300 Patre,
3036 2250 3137 2289 nec
3191 2240 3399 2288 tantum
3422 2231 3490 2285 de

1914 2345 2073 2410 Filio,
2104 2343 2199 2399 sed
2237 2343 2303 2396 de
2322 2339 2589 2394 ambobus
2618 2334 2803 2403 utique
2836 2337 3177 2391 nasceretur,
3241 2325 3361 2381 sine
3386 2322 3489 2377 du-

1916 2436 2007 2491 bio
2036 2433 2211 2488 Filius
2256 2430 2536 2484 diceretur
2580 2424 2891 2479 amborum.
2941 2419 3018 2472 Ac
3052 2430 3147 2485 per
3197 2413 3323 2474 hoc,
3352 2411 3482 2482 quia

1916 2524 2085 2579 Filius
2111 2522 2396 2577 amborum
2426 2517 2577 2571 nullo
2608 2514 2766 2568 modo
2795 2518 2898 2575 est,
2928 2524 3035 2563 non
3069 2505 3311 2577 oportuit
3330 2501 3485 2557 nasci

1915 2632 2039 2671 eum
2066 2616 2133 2670 de
2154 2612 2439 2667 ambobus.
2467 2607 2764 2662 Amborum
2799 2611 2883 2657 est
2911 2614 3043 2669 ergo
3094 2597 3336 2668 Spiritus
3361 2609 3491 2648 san-

1916 2720 2037 2765 ctus
2078 2702 2421 2775 procedendo
2459 2699 2527 2755 de
2561 2696 2849 2751 ambobus.
2880 2692 2945 2745 Et
2987 2689 3130 2745 infra
3194 2690 3249 2742 in
3293 2685 3487 2741 eodem

1916 2800 2094 2871 capite
2127 2815 2142 2865 ;
2177 2796 2312 2852 satis
2343 2795 2415 2849 sit
2446 2806 2576 2861 ergo
2609 2790 2790 2855 nobis,
2819 2787 2948 2857 quia
2973 2799 3083 2837 non
3113 2791 3197 2836 est
3218 2795 3246 2833 a
3305 2777 3490 2847 seipso

1914 2892 2109 2954 Filius.
2129 2889 2224 2946 sed
2256 2889 2323 2943 ab
2356 2888 2475 2951 illo,
2505 2885 2573 2939 de
2592 2900 2700 2955 quo
2731 2890 2894 2935 natus
2922 2885 3005 2931 est
3035 2893 3049 2930 :
3093 2888 3201 2928 non
3226 2878 3313 2925 est
3344 2885 3372 2923 a
3403 2882 3492 2923 se-

1918 2986 2037 3055 ipso
2065 2983 2304 3052 Spiritus
2336 2988 2584 3039 sanctus,
2619 2975 2713 3031 sed
2747 2973 2813 3026 ab
2850 2971 2946 3023 illo
2980 2969 3048 3021 de
3071 2979 3180 3033 quo
3205 2961 3487 3031 procedit;

1919 3053 1972 3133 et
1994 3076 2122 3146 quia
2144 3075 2210 3129 de
2242 3084 2473 3140 utroque
2510 3066 2780 3139 procedit,
2812 3063 2954 3116 sicut
2981 3059 3092 3127 jam
3124 3053 3485 3115 ostendimus,

244 3145 357 3221 σῶν
386 3169 667 3243 ἀποδείξῃ,
701 3145 855 3241 δπερν
888 3145 1070 3228 πνέων
1126 3145 1557 3248 κεκαλυμμενως
1581 3145 1803 3234 ’ὲδὶδὲω

1917 3169 2057 3224 unde
2091 3172 2144 3219 et
2176 3162 2414 3233 Spiritus
2437 3158 2616 3213 Patris
2644 3155 2825 3210 dictus
2849 3158 2957 3212 est,
2985 3156 3097 3201 etc.
3122 3145 3360 3198 Sanctus
3394 3154 3489 3192 au-

253 3259 588 3331 Ἐπειδήπερ
615 3261 708 3315 οῦν
742 3265 790 3315 εί
822 3265 1104 3332 ἐγεννᾶτο,
1132 3267 1192 3320 οὐ
1223 3268 1385 3335 μόνον
1431 3269 1495 3323 ὲκ
1539 3270 1633 3323 τοῦ
1698 3273 1809 3325 Πα-

241 3354 392 3420 τρὸς,
421 3352 545 3406 οὔτε
580 3355 739 3423 μόνον
764 3356 827 3409 ἐκ
871 3357 970 3410 τοῦ
1004 3357 1164 3422 Υίοῦ,
1211 3357 1325 3412 ἀλλ’
1374 3360 1434 3425 ἐξ
1482 3362 1687 3432 ἀμφοῖν
1720 3364 1812 3435 δή-

243 3444 443 3499 πουθεν
474 3447 542 3501 ἂν
568 3449 848 3515 ιγεννᾶτο,
872 3451 1286 3522 ἀναντιῤῥήτως
1330 3452 1459 3517 Υίὸς
1508 3455 1707 3523 ἀμφοῖν
1744 3457 1811 3511 ἂν

242 3536 482 3603 ἐλέγετοο
513 3539 609 3592 καὶ
646 3538 733 3593 διά
761 3539 941 3608 τοῦτο,
986 3542 1113 3604 Υἱὸς
1148 3544 1256 3614 γὰρ
1305 3544 1510 3613 ἀμφοῖν
1556 3546 1811 3617 οὐδαμῶς

245 3626 384 3682 εἶναι
418 3630 670 3696 δύναται,
703 3632 804 3686 οὐκ
831 3632 938 3687 ἔδει
968 3636 1299 3706 γεννηθῆναι
1330 3636 1461 3690 αὐτὸ
1506 3638 1564 3705 ἐξ
1582 3639 1807 3707 ἀμφοῖν.

254 3722 490 3791 ’Δμφοῖν
522 3724 631 3793 ἄρα
659 3724 891 3794 Πνεῦμά
947 3728 1119 3791 ἔστιν,
1155 3728 1589 3798 ἐκπορευόμενον
1616 3731 1675 3795 ἐξ
1703 3732 1810 3801 ἀμ-

242 3818 386 3882 φοῖν.
413 3816 524 3869 Καὶ
546 3817 841 3884 κατωτέρω
859 3818 916 3869 ἐν
941 3818 1018 3887 τῷ
1040 3818 1189 3888 αὐτῷ
1216 3821 1506 3891 καφαλαίῳ
1527 3839 1542 3854 ·
1571 3822 1812 3891 ἀρκείτω

240 3905 425 3959 τοίνυν
456 3907 613 3975 ἡμῖν,
643 3907 729 3960 ὅτι
759 3909 787 3961 6
818 3907 946 3971 Υίδς
975 3909 1078 3962 οὐκ
1105 3910 1255 3964 ἔστιν
1308 3912 1368 3975 ἐξ
1421 3912 1644 3979 ἑαυτοῦ,
1696 3915 1812 3969 ἀλλ’

239 3995 297 4059 ἐξ
316 3996 384 4049 οὗ
414 3997 680 4066 ἐγεννήθη
700 4013 714 4029 ⁸
748 3999 850 4052 οὐκ
878 3998 1025 4051 ἐστιν
1056 4000 1115 4064 ἐξ
1140 4001 1340 4055 ἑαυτοῦ
1371 4004 1433 4056 τὸ
1483 4004 1713 4075 Πνεῦμα
1750 4005 1813 4060 τὸ

242 4088 427 4156 ἅγιον,
470 4088 585 4143 ἀλλ’
625 4089 685 4153 ἐξ
709 4090 770 4144 οῦ
812 4092 1177 4161 ὶκπσρεύεται
1211 4109 1227 4124 ⁶
1262 4096 1358 4149 καὶ
1387 4096 1510 4148 ἐπεὶ
1547 4097 1676 4165 παρ’
1707 4098 1814 4166 ἀμ-

242 4179 496 4245 φοτέρων
548 4178 931 4250 ἐκπορεύεται,
984 4179 1059 4243 ὡς
1089 4181 1190 4251 ἤδη
1242 4182 1633 4252 ἀπεδείξαμεν,
1690 4184 1814 4238 ὅθεν

241 4268 477 4337 Πνεῦμα
537 4270 752 4340 Πατρὸς
808 4271 1067 4342 εἴρηταιο
1146 4273 1241 4326 καὶ
1297 4275 1365 4326 τά
1416 4275 1601 4330 λοιπά.
1655 4276 1715 4328 '0
1757 4277 1814 4329 δὲ

243 4360 405 4427 ἅγιος
441 4361 825 4429 ’Δναστάσιος,
880 4364 1008 4433 περὶ
1059 4363 1119 4418 οῦ
1154 4366 1187 4435 ἡ
1227 4364 1359 4432 ἁγία
1411 4367 1545 4436 ἕκτη
1600 4367 1815 4431 σύνοδος

497 4455 902 4551 Ἀποδεχόμεθα
944 4457 1034 4509 τὸν
1086 4456 1243 4526 ἅγιον
1283 4459 1674 4514 Ἀναστάσιον’
1718 4463 1811 4515 καὶ
1843 4496 1888 4551 D

241 4545 520 4617 Θεόδωρος
548 4548 577 4599 6
615 4546 926 4617 Μελιτηνῆς
962 4550 1239 4620 ἀπεκρίθη
1272 4565 1285 4580 ·
1325 4551 1516 4619 Ἀγιον
1545 4554 1813 4608 ἀποκαλεῖ

242 4638 396 4690 πᾶσα
438 4640 472 4705 ἡ
524 4637 792 4709 ’Δνατολὴ
827 4638 1021 4692 τοῦτον
1088 4641 1178 4693 τὸν
1228 4643 1327 4710 τῆς
1388 4644 1544 4708 ὁσίας
1593 4647 1811 4717 μνήμης

254 4728 637 4793 ’Δναστάσιον,
698 4729 791 4782 τὸν
863 4731 1159 4801 γενόμενον
1239 4733 1540 4788 ἐπίσκοπον
1609 4738 1812 4792 Ἀντιο-

241 4823 396 4891 χείας
420 4836 435 4852 ο
460 4822 553 4874 καὶ
588 4825 681 4875 τὸν
714 4823 789 4891 μὴ
838 4823 1132 4893 δεχόμενον
1165 4828 1329 4878 αὑτὸν
1357 4831 1384 4880 ὁ
1428 4829 1561 4892 Θεὸς
1618 4831 1814 4885 ἀναθε-

244 4913 479 4982 ματίσῃ.
531 4914 642 4967 Καὶ
684 4914 887 4976 πάντες
933 4914 1231 4986 ὁμοφώνως
1283 4914 1435 4972 εἷπον
1482 4922 1544 4972 τὸ
1600 4923 1811 4992 Ἀμήν*

242 4999 396 5065 οὗτος
421 4999 514 5057 οὖν
542 5006 570 5057 6
600 5004 754 5072 ἅγιος
786 5005 847 5058 ἐν
878 5005 954 5074 τῷ
983 5007 1125 5077 λόγῳ
1156 5009 1347 5069 αὑτοῦ,
1385 5009 1444 5063 οὖ
1478 5013 1511 5080 ἡ
1549 5013 1645 5080 μὲν
1688 5017 1831 5067 ὲπι-’

243 5096 458 5186 γραφῇ,
484 5096 621 5165 Περι
654 5095 774 5151 τῶν
807 5098 935 5151 καθ’
962 5097 1121 5167 ἡμᾶς
1147 5100 1342 5167 ὀρθῶν
1366 5101 1675 5170 δογμάτων
1706 5104 1815 5174 τῆς

240 5188 553 5255 ἀληθείας,
593 5188 712 5259 ἡδὶ
744 5192 912 5260 ἀρχὴ,
939 5192 1057 5245 Τῶν
1094 5194 1225 5261 περὶ
1273 5194 1375 5261 τῆς
1436 5196 1622 5264 ὑγιοῦς
1653 5199 1812 5268 ἡμῶν

241 5280 503 5376 πίστεως,
531 5280 675 5376 οῦτω
722 5282 895 5376 φησί’
930 5283 1039 5336 Τοῦ
1090 5284 1147 5337 δὲ
1185 5284 1439 5355 σώματος
1502 5288 1561 5340 τὸ
1616 5291 1811 5361 ἰδίωμα

242 5369 499 5432 λαϐόντες
561 5371 639 5435 ὠς
695 5372 1071 5442 παράδειγμα,
1133 5375 1233 5446 τὴν
1291 5378 1669 5451 ἀλληλουχίαν
1694 5385 1799 5437 τῶν

1911 3272 2020 3317 tem
2083 3257 2429 3319 Anastasius,
2487 3252 2554 3306 de
2609 3265 2717 3319 quo
2765 3252 2952 3301 sancta
2996 3239 3240 3312 synodus
3287 3241 3440 3289 sexta
3470 3270 3486 3296 ,

1914 3353 2286 3423 Suscipimus,
2309 3345 2520 3423 inquit,
2555 3348 2803 3398 sanctum
2836 3332 3184 3390 Anastasium
3211 3345 3226 3393 ;
3244 3336 3298 3383 et
3315 3324 3491 3379 Theo-

1913 3421 2381 3501 dorus—Melitera:
2411 3436 2704 3506 episcopus
2730 3425 3013 3497 respondit
3048 3440 3063 3480 :
3105 3421 3367 3476 Sanctum
3396 3429 3492 3468 vo-

1913 3547 2001 3593 cat
2029 3534 2319 3588 universus
2350 3528 2550 3584 Oriens
2568 3526 2718 3579 hunc
2747 3523 2920 3576 beata:
2947 3513 3223 3570 memoriae
3255 3512 3490 3563 Anasta-

1913 3629 2078 3692 sium,
2110 3623 2510 3679 Antioclienum
2544 3617 2673 3672 olim
2704 3614 3021 3683 episcopum
3060 3622 3075 3671 ;
3110 3612 3164 3659 et
3191 3602 3283 3671 qui
3346 3600 3492 3653 hunc

1913 3735 2019 3775 non
2051 3716 2265 3786 recipit,
2302 3714 2455 3768 illum
2491 3712 2637 3765 Deus
2666 3703 3132 3764 anatliematizet;
3158 3704 3215 3751 et
3262 3707 3492 3761 respon-

1914 3812 2114 3868 derunt
2153 3822 2347 3864 omnes
2382 3819 2491 3859 una
2526 3817 2685 3866 voce,
2711 3802 2882 3852 Amen
2922 3812 2938 3850 :
2975 3794 3065 3848 hic
3094 3805 3225 3859 ergo
3270 3794 3493 3843 sanctus

1914 3907 1968 3961 in
2000 3915 2272 3962 sermone,
2307 3898 2399 3969 qui
2436 3896 2734 3965 inscriptus
2803 3899 2909 3952 est,
2947 3887 3023 3940 De
3077 3885 3232 3938 rectis
3260 3896 3376 3951 qua?
3401 3893 3493 3930 nos

1915 4000 2177 4054 credimus
2196 3992 2527 4065 dogmatibus
2552 3984 2806 4047 veritatis,
2826 3982 2983 4050 cujus
3002 3978 3109 4032 tale
3126 3983 3212 4031 est
3240 3973 3452 4027 initium
3476 3988 3489 4023 :

1915 4093 2115 4146 Eorum
2138 4101 2259 4157 quae
2282 4084 2349 4139 de
2373 4092 2518 4137 recta
2548 4079 2652 4133 [ide
2668 4084 2878 4137 nostra,
2906 4072 2990 4126 sic
3013 4070 3121 4122 ait:
3141 4066 3218 4119 Ex
3243 4079 3309 4119 eo
3329 4075 3494 4132 porro

1915 4181 2060 4254 quod
2087 4154 2373 4250 proprium
2404 4171 2653 4240 corporis
2707 4174 2811 4229 est,
2861 4164 3033 4231 petito
3075 4156 3350 4224 exemplo,
3397 4154 3494 4207 de—

1915 4241 2270 4330 clarav-imus,
2308 4261 2585 4335 quomodo
2624 4259 2678 4312 in
2715 4254 2918 4309 divinis
2948 4251 3181 4303 alterum
3238 4244 3384 4299 sitiu
3415 4241 3494 4294 al-

1920 4376 2035 4421 tero
2061 4377 2128 4417 ex
2158 4357 2516 4429 pr0portioue
2547 4357 2601 4405 et
2665 4344 3029 4402 similitudine
3091 4338 3484 4394 membrorum.

1919 4460 2034 4514 Hae
2059 4428 2201 4512 enim
2225 4450 2437 4506 ratione
2461 4455 2517 4501 et
2539 4442 2763 4513 spiritus
2788 4438 2901 4493 oris
2924 4436 3064 4505 ejus,
3093 4431 3184 4485 Dei
3211 4428 3491 4491 videlicet,

1921 4550 2407 4619 Spiritussauctus
2438 4538 2662 4600 dicitur,
2698 4546 2821 4586 cum
2889 4544 2950 4583 os
3008 4527 3079 4581 sit
3138 4521 3488 4593 Unigeuitus.

2010 4654 2203 4696 rursus
2245 4654 2260 4692 :
2289 4633 2550 4703 Spiritus,
2577 4627 2668 4698 qui
2699 4626 2767 4680 ab
2797 4638 2862 4677 eo
2890 4618 3137 4691 procedit
3159 4625 3216 4671 et
3241 4614 3494 4676 mittitur,

1923 4750 2030 4788 non
2065 4747 2094 4784 a
2122 4731 2283 4785 Patre
2305 4724 2509 4787 solum,
2546 4719 2640 4775 sed
2681 4717 2846 4771 etiam
2876 4728 2904 4765 a
2945 4710 3111 4764 Filio.
3163 4707 3228 4760 Et
3271 4705 3496 4775 quibus-

1921 4827 2045 4881 dam
2064 4817 2400 4889 interpositis
2425 4832 2438 4868 :
2460 4813 2667 4882 Itaque,
2697 4807 2893 4876 inquit,
2918 4802 3180 4857 Dominus
3203 4796 3497 4852 ostendens

1922 4932 2047 4974 eum
2076 4930 2135 4969 se
2157 4926 2301 4973 esse,
2340 4922 2370 4961 a
2411 4920 2518 4975 quo
2558 4886 2787 4956 exsistit
2820 4896 3059 4966 Spiritus
3114 4888 3397 4944 iusuﬂlans
3439 4885 3492 4938 iu

1924 5004 2229 5074 discipulos
2260 4999 2440 5055 aiebat
2469 5013 2483 5049 :
2519 4993 2749 5058 Accipite
2778 4988 3032 5058 Spiritum
3052 4992 3315 5039 sanctum.
3359 4978 3494 5031 Esse

1923 5069 2409 5175 perrosermouem
2440 5090 2592 5143 illum
2646 5083 2814 5153 ltujus
2872 5078 3137 5142 auctoris,
3199 5069 3493 5127 testabitur

1920 5162 2667 5256 ilonstantinpolitanorum
2707 5177 2949 5248 synodus
3002 5178 3193 5226 contra
3257 5162 3492 5230 Aciudy-

1922 5303 2051 5343 num
2073 5254 2351 5339 celebrata
2378 5296 2391 5341 ;
2424 5275 2630 5346 profert
2657 5274 2802 5326 enim
2833 5266 2962 5324 inde
3020 5256 3359 5319 testimonia.
3383 5254 3490 5312 Te-

1921 5385 2023 5441 stis
2046 5378 2151 5435 erit
2172 5376 2335 5431 etiam
2364 5370 2522 5424 Nilus
2558 5364 2862 5423 Cabasilas.

244 5461 403 5515 θείων
460 5440 883 5537 παρεστήσανμεν
1055 5469 1154 5539 τῆς
1188 5440 1296 5523 τῶν
1335 5440 1513 5539 μελῶν
1542 5440 1869 5547 ηάναλογίας
1898 5495 1957 5532 τε
1989 5474 2085 5528 xat
2118 5467 2387 5537 εἰκασίας.
2444 5460 2629 5529 Ταύτῃ
2677 5457 2784 5524 γὰρ
2849 5450 2942 5505 καὶ
2991 5445 3203 5514 πνεῦμα
3264 5440 3469 5511 στόμα-

241 5577 327 5622 τος
378 5560 573 5624 αὑτοῦ,
608 5560 765 5629 δῆλον
827 5563 921 5616 τοῦ
951 5537 1118 5626 Θεοῦ,
1140 5565 1198 5618 τὸ
1239 5537 1461 5638 Πνεῦμα
1492 5570 1552 5621 τὸ
1590 5537 1767 5639 ἅγιον.
1791 5537 2038 5643 λέγεται,
2064 5566 2331 5635 στόματος
2360 5559 2511 5620 ὄντος
2536 5553 2633 5608 τοῦ
2687 5544 3024 5615 Μονογενοῦς
3043 5559 3054 5572 ·
3085 5542 3177 5595 καί
3204 5558 3217 5573 ·
3267 5537 3491 5607 Πνεῦμα

242 5648 405 5706 πάλιν
442 5649 505 5714 ἐξ
524 5650 690 5705 αὐτοῦ
721 5653 1155 5723 ἐκπορευόμενον
1181 5657 1275 5708 καὶ¹
1300 5629 1786 5732 ἀποστελλόμενον,
1808 5629 1879 5716 οὐ.
1900 5629 2059 5733 μόνον
2082 5629 2235 5728 παρὰ
2258 5651 2353 5707 τοῦ
2394 5646 2625 5716 Πατρὸς,
2673 5640 2808 5696 ἀλλά
2858 5637 2953 5691 καὶ
2994 5635 3142 5705 παρά
3173 5633 3268 5687 τοῦ
3328 5629 3491 5685 Υίοῦ·

308 5832 329 5863 ⁹
356 5827 516 5888 Joau.
546 5849 633 5897 xv,
663 5833 750 5888 26.
833 5836 871 5864 ¹⁰
896 5831 1052 5889 Joan.
1077 5849 1167 5899 xx,
1191 5834 1281 5887 2‘2.
