3988 6216
431 350 531 411 1‘23

1298 349 1679 411 GREGORII
1716 347 2013 409 ΜΑΜΜᾹΞ
2050 346 2156 409 CP.
2202 347 2719 410 PATRIARCHE

3588 346 3692 410 124

432 464 528 515 καὶ
589 463 727 525 μετὰ
789 479 951 517 τυιαο
1001 462 1113 516 Καὶ
1182 463 1289 534 μὴν
1352 465 1607 535 όΚύριος
1665 465 1723 528 ὶξ
1778 461 1944 516 αὐτοῦ
2000 461 2215 524 δεικνὺς
2240 462 2372 516 αὐτὸ
2413 464 2703 535 ὑπάρχειν,
2734 448 2991 532 ἐμφυσῶν
3014 459 3124 525 τοῖς
3178 460 3373 515 ἑαυτοῦ
3412 460 3685 530 μαθητιῖς

430 558 607 617 ἔλεγε*
638 557 856 613 Λάϐετε
880 559 1120 628 Πνεῦμα
1142 558 1333 628 ἅγιον.
1359 559 1485 612 Ὅτι
1504 561 1559 613 δὲ
1586 559 1737 611 τοῦδε
1766 556 1985 624 όλόγος,
1996 557 2335 627 μαρτυρήσει
2359 556 2450 611 καὶ
2472 559 2506 628 ἡ
2531 557 2795 627 σύνοδοςὴ
2826 557 2971 611 κατὰ
2998 554 3331 617 Ἀκινδύνου,
3360 557 3671 626 μαρτυρίας

431 658 495 710 ὲκ
519 655 708 708 τούτου
747 657 1175 723 προκομίζουσα·
1215 657 1311 709 καὶ
1357 656 1465 725 κῦρ
1485 656 1674 717 Νεῖλος
1695 657 1722 707 6
1744 650 2083 712 Καϐασιλᾶς.

502 744 583 797 Ad
617 744 733 798 hate
778 743 1140 814 Epiphanius,
1162 744 1229 798 de
1277 761 1389 815 quo
1425 754 1651 800 sanctus
1682 743 2007 799 Theodorus
2036 740 2083 795 Α

435 838 656 893 Studita
685 836 751 891 ad
788 837 947 891 ﬁnem
984 837 1213 893 secundi
1273 839 1358 893 sui
1417 839 1542 894 libri
1575 848 1769 894 contra
1823 839 2014 893 lcouo-

436 929 663 983 machos
686 928 796 981 ait:
828 927 1194 995 Epiphanium
1223 930 1434 984 scimus
1467 938 1521 983 et
1545 940 1797 986 sanctum
1831 939 1883 983 et
1911 930 2014 983 mi.

438 1023 755 1076 raculorum
807 1022 1013 1074 virtute
1044 1023 1363 1078 maximum.
1418 1022 1632 1078 Rursus
1657 1024 1795 1077 idem
1830 1022 1883 1076 in
1915 1038 2013 1078 sua

438 1112 504 1166 ad
538 1112 867 1165 Naucratum
893 1113 1144 1174 epistola,
1173 1126 1293 1181 qum
1323 1113 1401 1166 sic
1435 1114 1662 1180 incipit:
1703 1114 1886 1167 Altera
1916 1114 2012 1168 tibi
2043 1146 2048 1157 ι

440 1203 636 1254 iterum
674 1204 911 1264 cautela,
936 1203 1010 1255 (ili
1052 1203 1284 1256 dilecte:
1320 1204 1389 1257 Ea
1415 1219 1566 1269 vero,
1602 1207 1801 1273 inquit.
1838 1220 1958 1271 qua:
1987 1219 2014 1255 ει

444 1311 528 1344 me
556 1296 797 1362 quaesisti
840 1294 907 1347 de
938 1297 1219 1349 hmreseon
1248 1306 1300 1349 et
1332 1296 1719 1358 haptismatum
1754 1297 2018 1351 differen-

444 1385 521 1438 tia
584 1386 922 1453 singulatim,
954 1389 1106 1455 plura
1149 1397 1278 1442 sunt
1334 1404 1495 1456 quam
1547 1390 1742 1444 modus
1772 1390 2019 1456 cpistola:

448 1477 591 1530 ferre
618 1480 809 1545 possit.
844 1479 907 1531 Et
934 1495 1158 1534 rursus:
1191 1478 1540 1547 Superﬂuum
1577 1489 1662 1534 est
1701 1496 1763 1533 ea
1793 1495 2021 1549 perceno

444 1581 587 1629 sere,
613 1582 733 1634 qua:
763 1582 791 1621 a
814 1569 1020 1623 deifero
1054 1570 1363 1639 Epiphanio
1412 1571 1630 1627 iuventa
1670 1581 1799 1627 sunt
1825 1581 1877 1627 et
1926 1574 2021 1629 de-

444 1657 648 1724 scripta
680 1658 1022 1727 diligentius,
1061 1674 1222 1728 quam
1261 1663 1328 1716 ab
1359 1663 1468 1716 alio
1486 1662 1681 1732 quovis
1711 1664 1891 1719 Patre.
1925 1664 2023 1718 Sa-

446 1764 601 1802 crum
635 1765 765 1817 ergo
799 1751 869 1805 de
923 1753 1229 1809 bmresibus
1289 1755 1488 1810 librum
1529 1756 1651 1825 ejus
1710 1758 1921 1825 evolve,
1967 1767 2021 1813 et

446 1854 568 1907 qum
600 1839 742 1893 scire
773 1841 951 1910 cupis,
983 1857 1275 1912 pernosces
1307 1846 1512 1901 omnia.
1574 1845 1773 1902 Sancta
1807 1864 2024 1917 quoque

447 1941 597 1983 serta
616 1930 856 1999 synodus
894 1942 1039 1986 tonio
1060 1943 1272 2002 quarto,
1297 1937 1515 1992 actione
1541 1937 1772 2004 decima,
1798 1932 2025 1994 ‘de'san-

2189 744 2249 799 '0
2272 747 2328 800 δὲ
2354 746 2512 816 ἅγιος
2553 746 2893 816 Ἐπιφάνιος,
2920 746 3052 815 περὶ
3086 736 3144 798 οῦ
3176 745 3203 797 6
3234 743 3391 812 ἅγιος
3418 742 3697 813 Θεόδωρος

2113 842 2141 892 ό
2176 840 2461 906 Στουδίτης
2501 840 2560 892 ὲν
2604 839 2680 907 τῷ
2710 837 2853 892 τέλει
2887 835 2983 888 τοῦ
3015 836 3062 905 β’
3112 833 3281 888 αὑτοῦ
3335 833 3547 903 βιϐλίου
3598 833 3696 886 τοῦ

2116 932 2260 986 κατὰ
2314 932 2704 1001 Είκονομάχων
2748 929 2918 997 λέγει’
3010 926 3336 994 Ἐπιφάνιον
3385 927 3546 993 ῐσμεν
3598 926 3698 977 καὶ⁵

2117 1025 2274 1091 ἅγιον
2305 1025 2401 1077 καὶ
2454 1023 2714 1091 μέγιστον
2747 1024 2807 1074 ὲν
2840 1018 3309 1089 θαυματουργίαις
3333 1033 3348 1048 ο
3383 1019 3477 1070 καὶ
3528 1017 3699 1069 πάλιν

2116 1118 2143 1169 ὁ
2172 1115 2333 1176 αὐτὸς
2367 1116 2424 1167 ὲν
2454 1117 2519 1185 τῇ
2548 1112 2687 1183 πρὸς
2714 1112 3039 1181 Ναύκρατον
3068 1110 3322 1179 ἐπιστολῇ
3348 1106 3535 1171 αὐτοῦ,
3569 1102 3635 1177 ἧς
3664 1109 3700 1177 ἡ

2117 1207 2280 1275 ἀρχὴ,
2308 1208 2476 1260 Πάλιν
2502 1205 2663 1274 ἑτέρα
2695 1222 2776 1257 σοι
2810 1202 3046 1272 φυλακὴ,
3078 1203 3273 1255 τέκνον
3305 1200 3699 1269 ἠγαπημένον,

2120 1299 2308 1368 φησίν·
2357 1299 2426 1351 ’Ἀ
2458 1296 2515 1350 δὲ
2564 1295 2912 1365 ὲπεζήτησας
2966 1290 3342 1363 ἀποκριθῆναί
3378 1307 3445 1361 με
3477 1290 3608 1357 περί
3635 1306 3699 1340 τε

2119 1394 2229 1446 τῶν
2256 1391 2526 1462 αἱρέσεων
2577 1391 2672 1443 καὶ
2699 1390 3095 1459 βαπτισμάτων
3121 1388 3243 1442 κατ’
3291 1387 3441 1452 ἔπος,
3473 1387 3699 1438 ἐπιστο-

2119 1482 2217 1552 λῆς
2263 1482 2584 1552 ὑπερϐαίνει
2637 1485 2838 1552 μέτρον
2864 1499 2878 1514 ο
2907 1482 3003 1536 καὶ
3046 1480 3244 1536 πάλιν·
3280 1478 3699 1551 Περιττολογεῖν

2120 1575 2239 1626 ἐστι
2268 1575 2335 1626 τὰ
2367 1573 2506 1627 αύτᾶ
2537 1574 2891 1643 ἀφηγεῖσθαι,
2942 1572 2978 1627 ἃ
3004 1574 3032 1626 6
3077 1572 3333 1640 θεοφόρος
3375 1570 3695 1638 Ἐπιφάνιος

2123 1663 2314 1731 ἐξεῦρε
2343 1665 2436 1718 καὶ
2463 1664 2778 1735 διέγραψεν,
2823 1664 2897 1726 ὡς
2922 1663 3098 1726 οὐδεὶς
3133 1664 3242 1717 τῶν
3274 1662 3535 1732 Ιῐατέρων
3558 1676 3573 1692 ο
3604 1661 3693 1713 εν-

2122 1771 2251 1823 τυχε
2281 1748 2375 1807 οὖν
2396 1755 2461 1822 τῇ
2508 1754 2639 1823 περὶ
2670 1753 2852 1807 αὐτῶν
2885 1754 3006 1826 ἱερᾷ
3031 1753 3196 1809 αὑτοῦ
3239 1750 3428 1823 βίϐλῳ,
3467 1752 3694 1805 κάκεῖσε

2123 1843 2400 1916 διαγνώσῃ
2444 1843 2480 1898 ἃ
2514 1846 2705 1916 μαθεῖν
2738 1844 2974 1913 ἐφίεσαι.
3018 1844 3084 1899 Ἡ
3105 1842 3161 1896 δὲ
3185 1843 3318 1911 ἁγία
3346 1840 3697 1911 οἰκουμενικὴ

2124 1934 2258 2003 ἕκτη
2286 1935 2499 1998 σύνοδος
2525 1937 2584 1989 ὲν
2609 1937 2763 2004 τόπῳ
2784 1936 3050 2005 τετάρτῳ,
3083 1934 3280 2003 πράξει
3310 1933 3532 2005 δεκάτῃ,
3567 1933 3698 2002 περὶ

447 2028 538 2071 cto
563 2023 662 2075 hoc
686 2021 760 2075 ita
790 2022 1064 2093 loquitur:
1088 2024 1246 2079 Lecta
1262 2034 1390 2079 sunt
1409 2035 1461 2081 et
1485 2027 1774 2082 multorum
1790 2028 2021 2084 aliorum

2134 2026 2279 2081 τοῦδε
2311 2026 2404 2080 τοῦ
2455 2027 2614 2095 ἁγίου
2669 2027 2793 2082 τάδε
2839 2026 3034 2095 λέγει’
3103 2024 3550 2094 Ἀνεγνῶσθησαν
3602 2022 3701 2076 καὶ

448 2110 792 2177 testimonia,
833 2129 935 2168 nec
974 2130 1083 2169 non
1123 2119 1482 2173 auctoritates
1514 2120 1688 2174 sancti
1735 2119 2023 2189 Epiphanii

446 2217 509 2257 ex
547 2202 818 2269 Panariis,
880 2224 1137 2264 sermone
1200 2212 1752 2279 sexagesimoruono.
1808 2213 2024 2269 Rursus

447 2295 635 2350 eadem
659 2299 901 2369 synodus
925 2301 1041 2355 haec
1075 2302 1274 2357 habet:
1309 2304 1371 2357 Et
1405 2306 1694 2372 persuadet
1742 2307 1843 2360 hoc
1864 2305 2025 2362 nobis

449 2388 691 2454 esimius
730 2389 893 2444 Pater
941 2399 1128 2446 noster
1151 2394 1492 2463 Epiphanius
1540 2404 1776 2451 tractatu
1831 2407 2026 2453 contra

450 2474 703 2528 Arianos.
740 2478 939 2530 Sancta
971 2480 1198 2549 insuper
1228 2483 1502 2550 generalis
1529 2485 1763 2553 septima
1784 2486 2027 2556 synodus

453 2566 672 2621 actione
702 2576 887 2623 sexta:
948 2570 1115 2635 Libri,
1154 2573 1355 2641 inquit,
1411 2577 1588 2629 sancti
1632 2575 1811 2633 Patris
1851 2577 2027 2634 nostri

456 2656 774 2724 Epiphanii,
806 2659 1137 2729 Ancoratus,
1173 2673 1227 2718 et
1260 2665 1455 2734 reliqui
1481 2666 1750 2720 notissimi
1781 2677 1906 2723 sunt
1931 2684 2030 2738 per

457 2754 626 2801 totum
659 2750 870 2815 orbem,
913 2761 967 2807 et
1002 2768 1173 2809 sonus
1204 2770 1393 2810 eorum
1429 2755 1588 2826 longe
1622 2758 1837 2828 lateque
1862 2774 2029 2832 vaga-

458 2850 567 2905 tur,
600 2851 655 2895 et
680 2842 794 2899 fere
824 2860 919 2914 per
968 2861 1157 2903 onmes
1212 2849 1480 2904 ecclesias
1507 2850 1849 2906 disseminati
1876 2861 2027 2909 sunt.

458 2929 645 3001 Itaque
671 2933 758 2988 hic
776 2937 1083 2990 .sauctusin
1117 2937 1280 2993 dictis
1322 2938 1500 3006 libris,
1538 2946 1779 2995 tractatu
1841 2940 2032 2997 adver-

456 3037 551 3079 Sus
579 3024 953 3082 Semiarianos
986 3027 1314 3085 in'Pauariis
1340 3047 1353 3084 :
1376 3029 1667 3098 Fatentur,
1692 3035 1891 3104 inquit,
1915 3035 2030 3091 dei-

462 3124 625 3169 tatem
650 3133 815 3172 unam
848 3131 898 3174 et
920 3120 1287 3191 principatum
1324 3134 1376 3177 et
1398 3124 1701 3179 dominium
1727 3144 1742 3189 ;
1765 3142 2029 3197 personas

460 3214 666 3277 pariter
698 3211 752 3264 in
790 3213 1216 3280 proprietatibus
1278 3217 1645 3286 hypustaticis
1708 3220 1794 3288 pie
1863 3236 2032 3291 agno-

461 3312 671 3367 scunt;
712 3304 929 3357 Patrem
978 3305 1030 3357 iu
1064 3307 1343 3374 majestate
1372 3319 1597 3378 paterna
1637 3312 2028 3368 subsistentem

2127 2119 2302 2174 ἄλλων
2330 2118 2543 2173 πολλῶν
2574 2118 2895 2189 μαρτυρίαι,
2932 2117 3013 2171 ἔτι
3040 2100 3132 2171 καὶ
3157 2118 3383 2187 χρήσεις
3405 2113 3499 2168 τοῦ
3539 2113 3698 2181 ἁγίου

2140 2209 2462 2278 Ἐπιφανίου
2494 2209 2559 2261 ἐκ
2604 2207 2712 2261 τῶν
2756 2207 3090 2276 Παναριων,
3138 2205 3247 2259 ἀπὸ
3280 2204 3438 2273 λόγου
3468 2199 3567 2268 ξθ’·
3605 2203 3700 2253 καὶ

2073 2358 2101 2391 δ,
2129 2302 2292 2356 πάλιν
2320 2303 2352 2371 ή
2384 2300 2525 2372 αὐτὴ
2553 2300 2720 2365 λέγει’
2762 2301 2873 2354 Καὶ
2897 2299 3134 2352 πειθέτω
3158 2298 3308 2367 ἡμᾶς
3327 2297 3355 2349 6
3390 2295 3701 2391 WEpttpan);

2130 2393 2319 2464 Πατὴρ
2348 2394 2504 2463 ἡμῶν
2544 2391 2862 2460 Ἐπιφόινιος
2894 2392 2952 2445 ὲν
2978 2390 3057 2460 τῷ
3087 2391 3232 2444 κατὰ
3273 2388 3700 2459 Ἀρειομανιτῶν

2128 2484 2295 2555 λόγῳ.
2330 2486 2441 2538 Καὶ
2474 2486 2507 2554 ή
2538 2483 2672 2551 ἁγία
2695 2481 3048 2552 οἰκουμενικὴ
3073 2481 3118 2546 ζ’
3146 2480 3360 2539 σύνοδος
3391 2482 3447 2531 ὲν
3474 2480 3539 2547 τῇ
3563 2477 3697 2547 ἕκτῃ

2131 2579 2327 2650 πράξει
2354 2577 2527 2647 αὐτῆς
2573 2575 2714 2631 οὕτω
2741 2575 2909 2645 λέγει’
2951 2575 3022 2628 Δί
3059 2574 3230 2644 βίϐλοι
3258 2572 3354 2626 τοῦ
3404 2573 3559 2639 ἁγίου
3589 2573 3702 2623 Πα-

2129 2671 2257 2743 τρὸς
2284 2669 2442 2741 ἡμῶν
2485 2667 2829 2736 Ἐπιφανίου,
2860 2667 2895 2737 ἠ
2927 2684 2988 2719 τε
3012 2666 3282 2735 λεγομένη
3314 2662 3698 2730 Ἀγκυρωτός,

2130 2762 2225 2816 καὶ
2258 2762 2316 2816 αἱ
2351 2759 2539 2815 λοιπαὶ⁵
2568 2760 2649 2823 εἰς
2672 2761 2853 2813 πᾶσαν
2893 2757 2993 2829 τὴν
3037 2758 3364 2827 οἰκουμένην
3391 2754 3705 2823 διαϐεϐόην-

2129 2873 2237 2921 ται,
2271 2854 2366 2910 καὶ
2390 2855 2423 2909 6
2458 2853 2696 2925 φθόγγος
2736 2851 2919 2906 αὐτῶν
2976 2849 3263 2921 ἐξήχηται,
3303 2850 3398 2903 καὶ
3437 2848 3585 2919 παρὰ
3614 2865 3708 2917 μι-

2132 2948 2265 3019 κρὸν
2309 2945 2451 3001 κατὰ
2495 2946 2683 2999 πᾶσαν
2703 2943 3034 3014 Ἐκκλησίαν
3089 2941 3489 3011 διεσπαρμέναι
3537 2938 3701 2995 εἰσίν.

2114 3022 2302 3104 Ὀὗτος
2324 3035 2418 3094 οὖν
2445 3040 2475 3092 6
2518 3039 2675 3121 ἆγιος
2718 3037 2786 3107 ἐν
2814 3039 2931 3100 τοῖς
2984 3036 3303 3107 εἰρημένοις
3366 3033 3606 3104 βιϐλίοις,
3643 3034 3702 3085 ἐν

2134 3134 2232 3203 μὲν
2254 3135 2370 3196 τοῖς
2401 3126 2724 3278 (lytr;
2752 3131 2818 3183 ἐκ
2849 3126 2944 3182 τοῦ
2980 3127 3124 3181 κατὰ
3179 3126 3513 3197 Ἦμιαρείων
3535 3124 3701 3190 λόγου

2134 3224 2317 3278 φησίν·
2358 3222 2463 3278 Ὁυ.
2558 3220 2717 3278 γοῦσι
2765 3220 2896 3278 μίαν
2924 3221 3157 3278 θεότητα
3184 3218 3278 3272 καὶ
3308 3214 3584 3278 βασιλείαν
3609 3214 3701 3266 καί

2134 3224 2317 3295 φησίν·
2358 3214 2717 3294 Ὀμοὶώἳοῦσι
2765 3220 2896 3292 μίαν
2924 3221 3157 3291 θεότητα
3184 3218 3278 3272 καὶ
3308 3214 3584 3288 βασιλείαν
3609 3214 3707 3266 καὶ

2132 3318 2305 3387 ἀρχὴν
2331 3332 2348 3349 ο
2398 3316 2604 3385 ὁμοίως
2629 3315 2697 3369 τὰ
2744 3314 3013 3383 πρόσωπα
3057 3315 3114 3366 ἐν
3144 3313 3266 3374 ταῖς
3324 3310 3551 3380 ἰδιότησι
3595 3307 3706 3359 τῶν

462 3395 854 3465 ἱιιιυιιίεειιιρε,
878 3394 1079 3451 Filium
1136 3416 1355 3469 quoque
1388 3417 1494 3455 non
1526 3412 1737 3471 partem
1794 3406 2028 3475 aliquam

2136 3406 2491 3461 ύποστάσεων
2520 3406 2766 3470 εὐσεϐῶς
2794 3406 3146 3475 γνωρίζουσν
3181 3403 3272 3457 τὸν
3304 3401 3522 3472 Πατέρα
3552 3399 3610 3451 ὲν
3638 3399 3707 3467 τῇ

467 3486 669 3549 Patris,
700 3487 794 3540 sed
837 3487 999 3555 plane
1031 3488 1335 3558 perlectum
1368 3508 1433 3549 ex
1493 3494 1737 3563 perfecto
1766 3504 1949 3551 natum
1982 3509 2038 3554 et

466 3577 863 3632 subsistentem
922 3593 1273 3649 asserentes;
1344 3594 1399 3638 et
1460 3584 1725 3654 Spiritum
1781 3598 2034 3643 sanctum

466 3684 627 3739 quem
652 3684 812 3724 sacra
838 3670 1127 3741 Scriptura
1162 3673 1505 3729 Paracletum
1531 3678 1803 3744 nominat,
1830 3694 1897 3733 ex
1930 3678 2035 3735 Pa-

466 3769 550 3815 tre
588 3776 683 3831 per
713 3760 908 3816 Filium
954 3764 1258 3821 subsistere
1291 3768 1695 3825 existimantes.
1726 3768 1791 3823 Et
1842 3771 1893 3825 in
1927 3772 2039 3826 Au-

466 3864 696 3911 corato:
735 3854 976 3927 Spiritus
1002 3870 1248 3926 sanctus,
1286 3859 1524 3931 Spiritus
1560 3864 1801 3918 veritatis
1818 3873 1924 3930 est,
1954 3866 2040 3921 lu-

468 3964 595 4003 men
629 3951 877 4015 tertium,
910 3966 972 4007 et
999 3951 1162 4008 Patre
1189 3963 1245 4007 et
1264 3952 1425 4009 Filio.
1456 3956 1520 4009 Et
1552 3965 1672 4024 post
1699 3971 1874 4026 pauca
1900 3973 1914 4011 :
1946 3958 2038 4012 Si-

468 4053 557 4095 cut
579 4041 724 4096 enim
753 4041 923 4098 Nemo
954 4045 1094 4099 novit
1126 4045 1342 4100 Patrem
1368 4047 1472 4100 nisi
1495 4046 1691 4112 Filius,
1714 4064 1806 4104 nec
1838 4048 1886 4103 F
1890 4050 2040 4105 ilium

470 4134 575 4187 nisi
608 4134 773 4190 Pater
795 4136 836 4169 ¹¹
853 4177 870 4204 ,
900 4138 972 4194 ita
999 4139 1203 4208 pariter
1217 4140 1402 4196 dicere
1423 4141 1621 4208 audeo,
1642 4158 1740 4198 nec
1755 4144 2039 4212 Spiritum,

468 4227 574 4282 nisi
610 4229 769 4285 Pater
785 4239 839 4286 et
859 4230 1060 4297 Filius,
1087 4249 1115 4286 a
1142 4249 1251 4305 quo
1276 4233 1523 4303 procedit
1542 4242 1595 4289 et
1621 4250 1650 4289 ε
1678 4251 1787 4304 quo
1819 4238 2037 4305 accipit,

469 4332 571 4372 nec
605 4318 804 4375 Filium
856 4332 911 4377 ct
936 4323 1176 4390 Patrem,
1212 4324 1321 4379 nisi
1389 4326 1630 4394 Spiritus
1696 4340 1924 4383 sanctus
1947 4328 2040 4398 qui

468 4424 597 4463 vere
636 4411 930 4477 gloriﬁcat,
964 4416 1056 4481 qui
1083 4414 1244 4468 docet
1266 4417 1471 4481 omnia,
1493 4420 1587 4486 qui
1624 4426 1708 4472 est
1730 4434 1757 4471 a
1792 4419 1955 4475 Patre
1985 4428 2043 4475 et

470 4498 629 4553 Filio.
660 4501 729 4555 Et
754 4519 987 4558 rursus:
1021 4505 1245 4573 Semper
1268 4506 1436 4574 igitur
1455 4518 1574 4562 erat
1615 4508 1794 4575 Pater,
1827 4526 2043 4581 semper

472 4592 817 4659 crat'Filius,
847 4606 901 4650 et
930 4594 1168 4664 Spiritus
1192 4611 1258 4651 ex
1286 4597 1448 4653 Patre
1481 4608 1537 4653 et
1589 4598 1730 4655 Filio
1775 4603 2039 4671 spiratus.

2137 3501 2380 3573 πατρικῇ
2414 3500 2678 3571 αύθεντίᾳ
2718 3501 3013 3569 ὑφεστῶτα
3039 3499 3309 3563 νοοῦντες,
3347 3496 3440 3550 καὶ
3461 3495 3554 3548 τὸν
3579 3492 3711 3547 Υίὸν

2135 3597 2197 3649 ού
2249 3596 2414 3666 μέρος
2461 3595 2590 3649 ὄντα
2639 3595 2734 3649 τοῦ
2771 3595 3009 3662 Πατρός,
3054 3592 3190 3647 ἀλλὰ
3218 3589 3476 3658 καθαρῶς
3505 3587 3712 3640 τέλειον

2136 3690 2199 3741 ὲκ
2230 3687 2452 3742 τελείου-
2489 3687 2892 3756 γεγεννημένον
2918 3685 3011 3740 καὶ
3045 3682 3335 3754 ὑφεστῶτα
3385 3677 3713 3749 ὁμολογοῦν-

2136 3797 2264 3842 τες·
2305 3782 2397 3835 καὶ
2439 3780 2499 3833 τὸ
2548 3778 2775 3848 Πνεῦμα
2807 3778 2863 3830 δὲ
2905 3778 2967 3829 τὸ
2992 3776 3167 3845 ἅγιον,
3215 3774 3245 3827 ὃ
3286 3775 3319 3842 ἡ
3349 3772 3469 3826 θεία
3518 3769 3712 3837 Γραφὴ

2138 3870 2497 3941 Παράκλητον
2526 3867 2807 3937 ὀνομάζει,
2834 3868 2895 3920 ἐκ
2928 3865 3140 3937 Πατρδς
3172 3866 3241 3919 δι’
3264 3862 3393 3917 Υἰοῦ
3426 3860 3712 3930 ὑφεστῶτα

2139 3963 2522 4033 γνωρίζοντες.
2558 3962 2645 4014 Ἐν
2666 3960 2726 4014 δὲ
2752 3960 2830 4030 τῷ
2876 3955 3253 4028 Ἀγκυρωτῷ·
3286 3954 3509 4025 Πνεῦμα
3532 3952 3708 4019 ἆγιον,

2141 4055 2364 4122 Πνεῦμα
2396 4054 2655 4123 ἀληθείας
2700 4053 2837 4117 ἐστὶ,
2880 4051 2997 4120 φῶς
3047 4051 3248 4121 τρίτον,
3295 4046 3450 4117 παρὰ
3496 4042 3711 4110 llatpr

2139 4148 2234 4201 καὶ
2266 4145 2396 4199 Υίοῦ
2418 4160 2431 4175 ·
2469 4146 2565 4199 καὶ
2599 4145 2715 4213 μετ’
2739 4144 2896 4211 ὀλίγα
2923 4160 2938 4175 θ
2992 4144 3091 4196 Ὃν
3114 4143 3221 4211 γὰρ
3250 4139 3453 4211 τρόπον
3498 4134 3712 4198 Οὐδεὶς

2139 4237 2293 4305 ἔγνω
2315 4235 2421 4289 τὸν
2443 4234 2674 4301 Πατέρα
2701 4234 2753 4287 εί
2792 4233 2873 4302 μὴ
2902 4236 2934 4287 ό
2958 4235 3108 4297 mc.
3156 4231 3302 4285 οὐδὲ
3331 4231 3441 4283 τὸν
3493 4228 3630 4280 r167-
3659 4224 3715 4277 ει

2136 4327 2222 4398 μὴ
2277 4330 2310 4381 ό
2365 4326 2589 4394 Πατὴρ,
2639 4325 2781 4378 οὕτω
2850 4324 3036 4395 τολμῶ
3091 4325 3272 4390 λέγειν
3332 4322 3415 4374 δτι
3476 4319 3599 4371 οὐδὲ
3652 4316 3717 4369 τὸ

2145 4418 2395 4489 Πνεῦμα,
2428 4421 2477 4472 εἰ
2507 4420 2580 4489 μὴ
2615 4421 2640 4471 6
2672 4418 2864 4486 Πατὴρ
2899 4419 2994 4469 καὶ
3028 4419 3055 4469 ὁ
3096 4416 3225 4478 Υἱὸς
3247 4454 3263 4478 ,
3295 4412 3426 4483 παρ’
3455 4411 3515 4464 οῦ
3551 4415 3715 4461 ἐκπο-

2146 4510 2391 4583 ρεύεται,
2428 4514 2523 4565 καὶ
2558 4509 2691 4580 παρ’
2733 4510 2793 4563 οὗ
2828 4509 3119 4578 λαμϐάνει·
3156 4507 3251 4561 καὶ
3295 4505 3421 4559 οὐδὲ
3450 4505 3542 4557 τὸν
3583 4501 3714 4554 Υίὸν

2144 4606 2239 4659 καὶ
2269 4604 2361 4656 τὸν
2398 4603 2637 4672 Πατέρα,
2665 4602 2713 4655 εἰ
2751 4602 2826 4671 μὴ
2870 4601 2932 4654 τὸ
2966 4598 3190 4668 Πνεῦμα
3222 4599 3283 4652 τὸ
3328 4599 3505 4666 ἅγιον,
3542 4594 3602 4649 τὸ
3631 4594 3718 4646 δο-

474 4683 660 4752 ltaque
700 4688 1055 4756 perspicuum
1088 4696 1172 4743 est
1201 4697 1255 4742 et
1280 4689 1441 4758 plane
1495 4691 1871 4758 manifestum,
1924 4702 1978 4748 et
2014 4710 2033 4748 ε

2151 4696 2312 4763 ξάξον
2337 4694 2575 4765 ἀληθῶς,
2631 4694 2692 4747 τὸ
2719 4695 2974 4747 διδάσκον
3016 4693 3084 4745 τὰ
3142 4692 3341 4753 πάντα,
3384 4688 3413 4741 ὃ
3448 4683 3715 4794 παρὰποῦ

473 4778 631 4832 nobis
660 4787 715 4831 et
765 4794 795 4831 a
828 4779 1035 4835 Latinis
1073 4796 1258 4836 vocem
1318 4782 1491 4850 illam,
1534 4782 1710 4837 Etiam
1762 4800 1827 4839 ex
1882 4785 2045 4851 Filio,

470 4870 815 4939 desumptam
847 4886 969 4927 esse
996 4887 1029 4927 a
1058 4873 1379 4929 doctoribus
1401 4884 1456 4929 et
1491 4874 1798 4946 theologis:
1829 4893 1897 4933 ex
1927 4879 2046 4948 qui-

471 4961 575 5017 bus
600 4971 805 5019 sanctae
843 4964 1041 5035 synodi
1077 4968 1451 5031 cacumenicaa,
1474 4966 1607 5022 dum
1635 4969 1865 5038 quaestio
1896 4973 2048 5026 theo-

473 5056 647 5126 logica
668 5064 1018 5122 tractaretur,
1042 5058 1373 5115 adhibebant
1406 5060 1747 5127 testimonia,
1786 5069 1845 5116 ut
1870 5062 2047 5132 expli-

472 5158 657 5204 catum
682 5160 790 5208 est.

2151 4788 2362 4858 Πατρὸς
2394 4788 2490 4839 καὶ
2519 4788 2586 4839 ὲκ
2612 4785 2707 4839 τοῦ
2756 4784 2889 4837 Υἱοῦ
2913 4798 2929 4815 ’
2988 4785 3081 4837 καὶ
3135 4782 3269 4850 μετά
3305 4796 3430 4833 τινα
3454 4795 3468 4811 ο
3524 4776 3717 4831 Τοίνυν

2148 4881 2338 4951 Πατὴρ
2370 4875 2438 4951 ἦν
2471 4879 2579 4942 ἀεὶ,
2631 4879 2729 4933 καὶ
2756 4878 2885 4940 Υἱὸς
2914 4872 2983 4947 ἦν
3027 4876 3134 4941 ἀεὶ,
3166 4875 3259 4928 καὶ
3307 4873 3369 4926 τὸ
3395 4869 3620 4937 Πνεῦμα
3654 4867 3719 4918 ἐκ

2145 4973 2241 5028 τοῦ
2280 4972 2496 5042 Πατρὸς
2521 4974 2617 5026 καὶ
2646 4970 2780 5024 Υἰοῦ
2804 4970 2982 5024 πνέει.
3020 4968 3295 5040 Πρόδηλον
3332 4961 3426 5018 οὖν
3462 4964 3580 5016 ἐστι
3625 4959 3722 5013 καὶ

2148 5064 2405 5135 φανερὸν,
2432 5064 2514 5117 ὅτι
2546 5064 2639 5117 καὶ
2668 5063 2829 5133 ἡμεῖς
2875 5079 2933 5115 τε
2958 5062 3052 5115 καὶ
3079 5062 3129 5113 oi
3167 5060 3387 5113 Λατῖνοι
3421 5052 3572 5122 παρὰ
3612 5051 3722 5103 τῶν

2146 5155 2485 5211 διδασκάλων
2516 5156 2609 5209 καὶ
2641 5153 2906 5221 θεολόγων
2933 5152 3033 5221 τῆς
3069 5146 3510 5219 Ἐκκλησίας,οτδ
3538 5144 3633 5198 καὶ
3659 5142 3724 5193 ἐκ

473 5243 569 5297 τοῦ
595 5244 749 5314 Υίοῦ,
781 5243 1186 5317 παρελάϐομεν·
1211 5245 1270 5311 εξ
1298 5241 1375 5301 ὧν
1440 5251 1537 5303 καὶ
1594 5248 1649 5302 αἰ
1707 5248 1864 5317 ἅγιαι
1927 5248 2306 5319 οίκουμενικαὶ
2358 5247 2565 5302 σύνοδοι
2628 5245 2956 5316 μαρτυρίαις
3005 5245 3097 5296 ἐπὶ
3143 5243 3369 5314 ζητήσει
3412 5233 3724 5305 θεολογικοῦ

476 5340 806 5410 πράγματος
836 5342 1224 5413 προεκόμιζον,
1250 5343 1329 5406 ὡς
1358 5342 1780 5412 προδεδήλωται.

1146 5437 1389 5495 EPHES.

552 5527 621 5584 Et
674 5545 798 5587 cum
846 5533 961 5589 illis
1025 5533 1246 5605 quidem
1307 5533 1460 5588 licite
1526 5546 1591 5587 ac
1645 5530 2047 5587 rationabiliter

484 5620 660 5677 fuisse
701 5624 1006 5695 appositum
1075 5626 1331 5700 Symboto
1379 5627 1804 5684 additamentum
1861 5626 2045 5688 aiunt;

564 5794 605 5833 "
628 5795 823 5857 Matth.
855 5810 932 5867 ιι,
966 5801 1056 5857 27.

2894 5427 3043 5483 ΦΕΣ.

2894 5428 3043 5483 ΦΕΣ.

2224 5527 2336 5582 Καὶ
2366 5523 2484 5595 μετ’
2522 5522 2747 5577 ἐκείνων
2779 5428 2891 5591 tt:
2921 5521 3161 5592 θεμιτῶς
3216 5520 3310 5573 καὶ
3356 5517 3596 5585 εὐλόγως
3624 5515 3727 5587 τὴν

2162 5620 2488 5693 προσθήκην
2535 5619 2596 5671 ὲν
2629 5614 2708 5687 τῷ
2749 5614 3007 5686 συμϐόλῳ
3051 5613 3338 5683 γεγονέναι
3385 5612 3557 5682 φασί-ο
3604 5609 3727 5682 μεθ’
