3988 6216
271 391 385 448 125

1535 380 1831 444 CONTRA
1875 379 2302 448 EPHESIUM.

3422 385 3524 451 126

269 499 445 570 ἡμῶν
473 497 531 552 δὲ
562 496 747 564 λέγειν
775 495 980 566 ταύτην
1009 495 1069 550 οὐ
1111 495 1502 566 καταδέχονται
1529 512 1544 528 ·
1583 497 1761 549 καίτοι
1795 510 1845 563 γε

1963 498 2410 555 nobiscum-vero
2438 498 2573 555 illud
2596 498 2907 570 exprimere
2941 481 3256 570 neutiquam
3295 497 3519 564 volunt;

267 594 334 648 τὸ
366 591 610 661 θεμιτῶς
641 592 735 644 καὶ
773 590 1011 658 εὐλόγως
1042 591 1336 660 γενόμενον
1379 590 1462 654 τίς
1486 587 1552 643 ἂν
1581 593 1854 661 παραιτή-

273 700 440 740 σαιτο
472 682 654 754 λέγειν
688 699 703 748 ;

966 775 1172 831 ΛΠΟΛ.

348 865 430 918 Τὸ
464 863 565 934 μὲν
591 864 687 917 οὖν
711 863 950 934 θεμιστῶς
974 866 1067 919 καὶ
1097 863 1336 936 εὐλόγως
1366 869 1535 936 λέγει,
1581 871 1640 923 τὸ
1659 869 1714 924 δὲ
1748 876 1853 943 πρὸ

272 958 476 1012 τούτου
501 959 860 1027 παρασιωπᾷο
895 959 1050 1011 ποῖον
1079 958 1142 1028 δὴ
1167 960 1359 1026 coite;
1396 960 1468 1014 Τὸ
1487 959 1583 1030 τὴν
1611 964 1717 1015 τῶν
1753 966 1852 1032 ρηο

279 1051 476 1121 μάτων
495 1051 718 1104 ἐκείνων
740 1051 1042 1114 ἀνάπτυξιν
1063 1051 1183 1118 τὴν,
1198 1053 1290 1106 καὶ
1309 1053 1374 1106 ἐκ
1396 1055 1490 1108 τοῦ
1519 1056 1671 1116 Υίοῦ.
1693 1057 1852 1126 χάριν

273 1141 376 1196 τοῦ
415 1143 517 1211 τὴν
557 1141 821 1210 ἀλήθειαν
866 1143 1288 1213 σαφηνισθῆναι,
1330 1147 1575 1215 ἀνάγκης
1597 1149 1713 1202 τότε
1736 1152 1853 1203 ἐπι-

275 1235 583 1302 κειμένης⁶.
652 1233 894 1314 θεμιτῶς
943 1236 1040 1288 καὶ
1075 1236 1311 1304 εὐλόγως
1366 1241 1425 1292 ἐν
1472 1240 1550 1310 τῷ
1602 1241 1853 1313 συμϐόλῳ

276 1324 677 1392 προστεθῆναι.
707 1323 773 1376 Τί
799 1320 934 1389 οὗν;
965 1327 1148 1380 πᾶσαν
1195 1327 1496 1394 ἀνάπτυξιν
1536 1331 1632 1384 καὶ
1673 1334 1852 1402 σαφή.

279 1433 432 1470 νειαν
463 1416 677 1487 ἀνάγκη
707 1417 794 1469 ἀεὶ
817 1419 1172 1487 προσκεῖσθαι
1193 1421 1268 1490 τῷ
1299 1423 1555 1494 κειμένῳ,
1618 1428 1710 1478 καὶ
1744 1446 1852 1495 χω-

281 1507 368 1577 ρὶς
387 1509 596 1577 ταύτης
624 1509 700 1576 μὴ
735 1510 1200 1585 ἀναγινώσκεσθαι
1225 1511 1284 1566 τὸ
1307 1519 1558 1583 κείμενον
1579 1520 1673 1585 τῆς
1705 1521 1854 1582 θείας

281 1569 505 1669 Ῠραφῆς
526 1569 651 1664 {il-1
682 1569 768 1654 διὰ
794 1569 862 1655 τὸ.
883 1603 958 1673 μὴ
986 1569 1458 1672 διναγινώσκεσθαι
1479 1569 1854 1681 οὕτωξυνῆᾇί

289 1691 491 1761 μένως,
517 1693 580 1745 οὐ
631 1693 873 1762 θεμιτῶς
922 1695 1018 1748 καὶ
1068 1696 1305 1766 εὐλόγως
1333 1699 1566 1769 ἐροῦμεν
1591 1701 1686 1772 τὴν
1721 1703 1852 1756 ἀνά-

288 1783 486 1848 πτυξιν
513 1787 787 1851 γεγονέναι
817 1787 906 1839 καὶ
952 1789 1052 1858 τὴν
1087 1792 1386 1859 σαφήνειαν
1437 1791 1536 1862 τὴν
1582 1794 1720 1863 μετὰ
1749 1793 1844 1847 τοῦ

287 1874 552 1941 κειμένου
585 1876 899 1946 ήνωμὲνην;
928 1879 1040 1933 Καὶ
1065 1881 1147 1942 τίς
1179 1882 1246 1934 ἂν
1285 1882 1443 1936 τοῦτο
1471 1884 1589 1953 ἐρεῖ
1632 1885 1724 1939 νοῦ
1758 1887 1844 1958 καὶ

296 1969 507 2037 φρενῶν
535 1968 756 2038 κύριος;
775 1970 967 2042 Ἡμεῖς
987 1972 1098 2043 γὰρ
1128 1974 1374 2045 ἔγνωμεν
1398 1977 1497 2044 τὴν
1526 1979 1584 2031 ἐν
1615 1979 1692 2048 τῷ
1712 1981 1852 2032 κατὰ

303 2060 549 2128 Ἰωάννην
581 2063 896 2132 Εὐαγγελίῳ
925 2065 1218 2133 δεκάλογον
1253 2070 1405 2138 παρὰ
1436 2069 1718 2123 Βασιλείου
1756 2069 1849 2123 τοῦ

281 2153 541 2219 Μεγάλου
602 2156 1025 2224 σαφηνισθεῖσαν
1054 2176 1068 2189 ·
1115 2161 1210 2212 atad.
1253 2160 1316 2213 τὸ
1347 2161 1477 2214 αὐτὸ
1528 2160 1673 2217 ἅπαν
1707 2165 1851 2235 ίερδν

279 2245 619 2314 Εὐαγγέλιον
673 2243 819 2317 παρὰ
881 2251 1132 2304 Ἰωάννου
1188 2252 1283 2305 τοῦ
1318 2253 1707 2323 Χρυσοστόμου
1751 2259 1851 2326 τὴν

282 2336 588 2404 σαφήνειαν
642 2332 938 2407 δεξάμενον
967 2379 983 2404 ,
1040 2341 1136 2394 καὶ
1201 2342 1352 2411 παρὰ
1399 2343 1494 2395 τοῦ
1559 2342 1846 2398 θεσπεσίου

281 2426 554 2495 Κυρίλλου
590 2429 681 2480 καὶ
709 2424 888 2482 ἄλλων
909 2445 922 2460 ο
956 2431 1071 2482 ἀλλ’
1117 2431 1174 2484 οὐ
1210 2434 1350 2501 μετὰ
1397 2434 1498 2503 τῆς
1533 2436 1849 2506 ἐξηγήσεως

282 2519 379 2570 καὶ
401 2519 700 2586 σαφηνείας
719 2518 806 2573 ἀεὶ
831 2522 916 2574 ἐπ’
935 2522 1267 2592 Ἐκκλησίαν
1289 2515 1743 2595 ἀναγινώσκεται,
1769 2530 1849 2584 διδ

279 2609 329 2660 εί
355 2609 459 2676 μὲν
487 2609 550 2661 τὸ
583 2612 829 2664 ἐλλεῖπον
861 2613 892 2682 ἦ
925 2613 984 2666 τὸ
1039 2617 1550 2688 παραλελειμμένον
1584 2619 1848 2692 ἐλέγομεν

276 2701 648 2770 προστεθῆναι
696 2704 730 2772 ἢ
781 2706 1280 2777 ἀναπληρωθῆναι,
1314 2707 1430 2763 εἶτα
1466 2711 1528 2764 οὐ
1588 2713 1724 2782 μετὰ
1754 2713 1846 2768 τοῦ

275 2795 679 2860 προστεθέντος
710 2800 786 2862 είς
821 2801 1215 2869 ἀναπλήρωσιν
1266 2803 1570 2876 ἐιῖιάλλομεν
1604 2849 1618 2871 ,
1669 2809 1848 2873 καλῶς

273 2883 339 2938 ἃν
367 2887 518 2955 εἶχεν
549 2887 806 2955 ἐγκαλεῖν
837 2891 972 2958 ἡμῖν
993 2909 1008 2925 ο
1053 2895 1176 2947 ἐπεὶ
1205 2895 1261 2948 δὲ
1308 2895 1605 2965 ἀνάπτυξιν
1654 2899 1844 2953 ἀκούει

275 2977 370 3029 καὶ
397 2979 724 3048 σαφήνειαν,
773 2981 894 3050 ἠδὲ
946 2985 1245 3051 ἀνάπτυξις
1273 2987 1373 3040 οὐκ
1422 2989 1509 3042 ἀεὶ
1563 2992 1699 3058 μετὰ
1749 2987 1844 3045 τοῦ

275 3071 532 3138 κειμένου
559 3073 1022 3140 ἀναγινώσκεται,
1055 3077 1114 3128 οὺ
1157 3076 1383 3142 δικαίως
1427 3082 1651 3147 ἐγκαλεῖ
1689 3083 1841 3154 ἡμῖν.

273 3160 448 3212 Τοῦτο
478 3161 643 3230 μόνον
677 3164 823 3218 ἐστὶν
854 3166 1092 3233 ἀνάγκη,
1113 3167 1195 3220 ὅτι
1221 3170 1329 3221 πᾶν
1354 3171 1414 3220 τὸ
1439 3169 1841 3241 ἐξαπλούμενον

270 3253 303 3322 ἢ
340 3256 780 3324 σαφηνιζόμενον
810 3259 872 3310 ἐκ
893 3261 1001 3311 τῶν
1034 3260 1202 3328 ἁγίων
1227 3261 1310 3315 δεῖ
1331 3263 1475 3332 ἔχειν
1505 3262 1601 3334 τὴν
1637 3281 1841 3333 μαρτυ-

275 3346 420 3414 ρίανο
451 3347 570 3408 καὶ,
594 3348 622 3400 ὃ
649 3364 699 3400 τι
747 3347 814 3402 ἂν
854 3353 1054 3422 ποιήσῃ
1101 3352 1336 3418 σύνοδος,
1385 3355 1484 3408 οὐκ
1530 3357 1687 3409 ἄλλον
1716 3360 1839 3425 ὅρον

273 3441 423 3491 ποιεῖ
448 3440 539 3492 διὰ
563 3440 666 3508 τῆς
697 3443 1079 3512 ἐπισαγωγῆς
1121 3443 1230 3497 τῶν
1258 3446 1686 3515 προστεθέντων,
1724 3450 1840 3503 ἀλλ’

247 3530 436 3604 ,αὐτὸν
468 3531 677 3584 ἐκεῖνον
701 3533 792 3586 τὸν
816 3534 1033 3602 πρῶτον
1063 3535 1188 3605 ὅρον
1222 3536 1444 3600 ἐξαπλοϊ
1485 3539 1579 3592 καὶ
1614 3541 1769 3606 ἐπεξε
1781 3561 1839 3610 ρ-

270 3623 529 3690 γάζεται.
562 3624 672 3680 Καὶ
697 3625 778 3678 ὅτι
804 3626 947 3679 τοῦθ’
991 3627 1164 3690 οὕτως
1187 3628 1322 3698 ἔχει,
1360 3630 1594 3684 ἄκουσον
1622 3635 1717 3686 καὶ
1745 3635 1836 3686 τοῦ

274 3715 422 3786 ἱεροῦ
454 3717 710 3783 Μαξίμου
739 3713 883 3770 οὕτω
917 3718 1284 3786 βεϐαιοῦντοςσ
1336 3724 1465 3790 φησὶ
1527 3724 1632 3794 γὰρ
1668 3728 1724 3778 ἐν
1772 3729 1836 3796 τῇ

272 3809 527 3878 συντόμῳ
554 3809 820 3880 ἀπολογίᾳ
851 3811 1042 3876 αὐτοῦ,
1082 3813 1148 3883 ἣν
1194 3816 1428 3868 ποιεῖται
1460 3816 1599 3886 ὑπὲρ
1632 3819 1732 3888 τῆς
1781 3821 1838 3872 ἐν

269 3901 586 3970 Καλχηδόνι
618 3901 858 3966 συνόδου,
889 3896 957 3974 ἦς
986 3905 1018 3974 ἡ
1071 3905 1237 3975 ἀρχή·
1312 3906 1531 3977 Ἐπειδὴ
1565 3908 1684 3961 λίαν
1716 3927 1838 3978 γεν-

266 3994 435 4054 ναίως
466 3992 500 4060 ἥ
527 3990 767 4060 ἀγεννῶς
792 3995 966 4047 εἰπεῖν
995 3995 1344 4065 οἰκειότερον·
1374 3999 1436 4050 Et
1463 3998 1570 4068 γὰρ
1601 3996 1716 4052 ἐστι
1747 4001 1839 4053 τά-

268 4084 413 4155 ληθῆ
444 4085 586 4154 ὑπὲρ
628 4087 891 4157 ἀληθείας
944 4088 1140 4151 εἰπεῖν,
1195 4091 1396 4153 πάντες
1447 4090 1496 4144 οἱ
1547 4094 1683 4162 μετὰ
1739 4095 1837 4164 τὴν

270 4180 531 4232 Νικαέων
563 4180 833 4251 θεόκριτοι
867 4182 1130 4251 Πατέρες,
1163 4185 1256 4237 καὶ
1301 4184 1450 4238 πᾶσα
1501 4185 1717 4249 σύνοδος
1747 4187 1839 4257 ὀρ-

271 4271 505 4336 θοδόξων
530 4277 622 4324 καὶ
651 4273 824 4337 ἁγίων
853 4273 1088 4343 ἀνδρῶν,
1123 4273 1221 4327 οὐκ
1257 4273 1417 4328 ἄλλον
1451 4277 1687 4342 πίστεως
1714 4280 1838 4348 ὅρον

268 4365 358 4418 διὰ
385 4369 488 4435 τῆς
514 4367 905 4434 ἐπεισαγωγῆς
935 4367 1046 4418 τῶν
1095 4367 1314 4421 οἰκείων
1345 4371 1608 4439 ῥημάτων
1640 4387 1838 4423 παντε-

266 4458 379 4520 λῶς
408 4459 782 4527 ἐπεισήγαγον
807 4500 822 4522 ,
854 4460 930 4522 ὡς
962 4460 1120 4528 ὑμεῖς
1146 4462 1541 4528 ἀποφαίνεσθε,
1587 4464 1835 4516 πλεῖστον

269 4549 722 4620 παραληροῦντες
747 4551 917 4604 καὶτὸ
942 4551 1062 4604 ὅλον
1086 4555 1424 4621 μαινόμενον
1444 4555 1558 4607 ἀλλ’
1581 4556 1742 4608 αὐτὸν
1761 4558 1839 4618 είς
1872 4554 1917 4611 D

268 4643 490 4710 πρῶτον
516 4642 607 4696 καὶ
627 4645 786 4711 μόνον
803 4644 890 4696 τὸν
913 4644 977 4697 ἐκ
999 4643 1106 4697 τῶν
1132 4645 1234 4714 τιη’
1259 4649 1520 4716 Πατέρων
1545 4649 1840 4718 νομοθετη-

270 4737 430 4790 θέντα
455 4736 689 4806 βεῦαίως
710 4737 1020 4806 ἐκύρωσαν,
1041 4738 1367 4805 τρανοῦντες
1427 4741 1587 4793 αὑτὸν
1615 4743 1705 4794 καὶ
1731 4739 1840 4795 οἷον

269 4825 778 4896 ἐπεξηγούμενοίτε
800 4830 895 4882 καλ⁸
918 4824 1410 4898 ἐπεξεργαζόμενοι
1429 4831 1514 4884 διὰ
1541 4834 1666 4895 τοὺς
1696 4836 1840 4887 ἐκεῖ-

268 4937 359 4972 νον
389 4921 482 4972 καὶ
507 4921 573 4974 τὰ
595 4921 808 4972 ἐκείνου
829 4921 1074 4989 δόγματα
1101 4923 1234 4992 πρὸς
1263 4922 1362 4992 τὴν
1391 4924 1600 4978 οἰκείαν
1653 4929 1836 4992 κακῶς

269 5010 715 5081 ἐκλαμϐάνοντας
785 5010 878 5064 καὶ
929 5011 1447 5082 παρεξηγου-μένους
1491 5013 1831 5071 δυσσέδειαν.

954 5101 1146 5156 ΕΦΕΣ.

339 5191 456 5247 Καὶ
493 5191 608 5262 μετ’
637 5191 870 5247 ἐκείνων
902 5188 1000 5260 μὲν
1029 5193 1088 5246 τὸ
1117 5189 1325 5262 ἄζυμον
1356 5189 1517 5264 σῶμα
1563 5193 1658 5249 τοῦ
1704 5196 1830 5267 Χρι·

273 5281 403 5338 ατοῦ
431 5285 683 5352 λέγουσι,
723 5285 854 5354 μεθ’
883 5280 1041 5356 ἡμῶν
1083 5283 1139 5338 δὲ
1181 5282 1346 5339 αὐτοῦ
1397 5287 1840 5360 ’μεταλαμϐάνειν

271 5377 372 5430 οὐκ
401 5375 469 5432 ἂν
491 5377 844 5449 τολμήσαιεν.

949 5467 1160 5529 ΔΠΟΛ.

344 5558 471 5610 Ὀτι
518 5558 619 5627 μὶν
641 5553 737 5613 οὖν
767 5554 990 5628 ἐγκαλεῖ
1033 5564 1184 5633 ἡμῖν,
1218 5565 1314 5619 καὶ
1360 5566 1607 5638 διασύρει
1652 5567 1840 5622 ἐνεκεν

273 5649 380 5704 τῶν
410 5651 662 5720 ἀζύμων,
696 5649 868 5708 οἶδενο
903 5657 987 5709 δτι
1015 5657 1072 5709 δέ
1102 5658 1128 5710 ὁ
1168 5653 1374 5728 Κύριος
1401 5660 1469 5712 δι’
1501 5660 1712 5731 ἀζύμου
1738 5661 1838 5733 τὴν

193 5755 211 5778 ο
277 5743 546 5810 μυστικὴν
581 5744 796 5798 ἐτέλεσε
825 5745 1018 5800 θυσίαν
1044 5746 1188 5809 τότε,
1215 5749 1312 5801 οὐκ
1342 5746 1505 5813 οἶδεν,
1534 5751 1654 5804 οὐδὲ
1687 5753 1839 5806 ἀδιά·

278 5845 441 5907 φορον
493 5835 704 5905 ἡγεῖται
751 5835 810 5888 τὸ
842 5837 908 5890 δι’
938 5835 1174 5906 ἐνζύμου
1206 5837 1236 5908 ἦ
1268 5839 1334 5894 δι’
1370 5841 1579 5910 ἁζύμου
1620 5843 1713 5912 τὴν
1748 5844 1833 5895 θυι

1956 601 2270 660 qnanquam
2302 593 2445 661 quod
2482 593 2633 649 licite
2652 607 2718 650 ac
2742 593 3143 650 rationabiliter
3174 592 3378 648 factum
3414 599 3520 658 est,

1955 684 2078 753 quis
2104 695 2319 741 recuset
2345 687 2689 756 exprimere?

2643 776 2838 836 RESP.

2029 869 2370 928 Deﬁnitionis
2420 871 2584 926 verba
2615 869 2704 925 illa
2735 889 2749 926 :
2783 871 2958 926 Licite
2997 883 3060 924 ac
3096 868 3519 936 rationabiliter,

1955 961 2143 1029 ponit,
2175 961 2546 1016 antecedentia
2573 978 2704 1017 vero
2750 971 2927 1028 tacet;
2961 970 3014 1017 et
3077 977 3322 1032 quamam
3382 962 3516 1024 hmo,

1956 1052 2249 1104 verborum
2278 1053 2490 1106 scilicet
2513 1051 2754 1116 illorum,
2798 1051 3066 1122 Filioque,
3099 1051 3517 1121 explicationem

1955 1143 2203 1196 veritatis
2258 1143 2604 1198 declarandae
2661 1145 2853 1212 gratia,
2910 1155 2963 1198 et
3018 1141 3337 1196 imminente
3390 1150 3520 1193 tunc

1955 1235 2307 1297 necessitate,
2341 1236 2490 1290 ticite
2520 1249 2583 1288 ac
2606 1235 3010 1290 rationabiliter
3060 1233 3319 1302 Symbolo
3351 1232 3521 1285 fuisse

1955 1329 2280 1395 appositam.
2304 1326 2446 1391 Quid
2491 1324 2700 1395 igitur?
2732 1341 2954 1382 necesse
2986 1335 3070 1380 est
3100 1339 3312 1379 omnem
3357 1323 3520 1387 expli-

1956 1419 2226 1472 cationem
2259 1427 2311 1472 et
2346 1418 2773 1472 declarationem
2831 1417 3003 1471 textui
3058 1431 3271 1486 semper
3332 1414 3520 1484 adjici,

1956 1523 2056 1563 nec
2091 1508 2196 1578 legi
2251 1517 2435 1577 potest
2465 1509 2584 1564 sine
2619 1509 2710 1563 illa
2759 1515 2941 1564 textus
2978 1524 3149 1563 sacra:
3185 1505 3522 1574 Scripturm?

1954 1601 2034 1654 An
2069 1600 2200 1669 quia
2223 1600 2522 1656 recitamus
2564 1600 2884 1672 Symbolum
2915 1601 3034 1655 sine
3091 1598 3394 1668 adiectione
3423 1614 3518 1652 ex-

1954 1693 2290 1764 plicationis,
2333 1693 2581 1749 dicemus
2611 1691 3053 1763 explanationem
3080 1701 3134 1746 et
3189 1692 3522 1746 declaratio-

1960 1799 2082 1839 nem
2119 1785 2287 1840 textui
2319 1785 2621 1855 appositatu
2655 1801 2755 1841 nec
2791 1785 2963 1852 licite,
2993 1799 3092 1840 nec
3123 1783 3523 1840 rationabiliter

1952 1875 2191 1932 factam?
2225 1878 2289 1931 Et
2339 1878 2465 1947 quis
2511 1878 2616 1932 hoc
2647 1877 2798 1932 dicat
2863 1879 3062 1934 mentis
3112 1892 3225 1932 suae
3263 1874 3523 1946 compos?

1954 1966 2170 2022 Scimus
2224 1968 2411 2023 decem
2481 1968 2762 2037 Evangelii
2801 1967 3031 2023 Joannis
3059 1970 3236 2040 capita
3268 1967 3441 2024 luisse
3491 1983 3519 2020 a

1953 2071 2147 2128 magno
2171 2058 2373 2112 Basilio
2405 2061 2814 2114 commentariis
2838 2061 3140 2125 illustrata;
3169 2069 3224 2115 et
3255 2061 3395 2116 idem
3435 2063 3520 2115 in-

1955 2155 2168 2218 tegrum
2195 2163 2412 2203 sacrum
2443 2149 2795 2218 Evangelium
2831 2165 2860 2204 a
2889 2149 3105 2205 Joanne
3133 2149 3521 2220 Chrysostomo

1950 2241 2312 2304 declaratum,
2380 2254 2480 2295 nec
2527 2253 2634 2295 non
2695 2255 2724 2294 a
2776 2241 3238 2311 przcstantissimo
3297 2243 3521 2298 doctore

1949 2331 2174 2403 Cyrillo,
2201 2340 2254 2386 et
2285 2331 2442 2389 aliis:
2474 2347 2582 2387 non
2612 2347 2830 2402 semper
2862 2341 3042 2389 tamen
3076 2332 3210 2388 illud
3264 2333 3318 2387 in
3349 2334 3522 2386 cccle-

1949 2423 2031 2477 sia
2063 2423 2262 2491 legitur
2310 2437 2434 2478 cum
2482 2423 2857 2480 enarratione.
2907 2424 3089 2491 Quare
3111 2424 3158 2480 si
3212 2425 3521 2480 diceremus

1949 2518 2190 2573 additum
2235 2534 2356 2575 esse
2389 2522 2534 2590 quod
2562 2520 2775 2586 deerat,
2823 2529 2878 2576 et
2914 2521 3300 2592 supplemento
3347 2521 3521 2590 perfr-

1949 2623 2092 2667 ctum
2123 2612 2265 2682 quod
2323 2629 2431 2668 non
2487 2622 2603 2670 erat
2639 2615 2932 2683 integrum,
2965 2613 3164 2669 deinde
3199 2627 3521 2668 caneremus

1949 2705 2265 2776 Symbolum
2305 2707 2508 2775 absque
2561 2706 2745 2762 addito
2798 2706 3198 2775 supplemento,
3229 2714 3370 2761 esset
3421 2719 3521 2760 cur

1947 2796 2142 2850 merito
2182 2799 2252 2851 ab
2287 2798 2376 2852 illo
2401 2799 2952 2868 reprehenderetnur.
2978 2798 3284 2868 Atquando
3318 2797 3515 2852 factam

1948 2887 2100 2939 audit
2133 2887 2553 2956 explicationem
2576 2888 3132 2956 declarationemque,
3163 2903 3224 2942 ea
3247 2901 3376 2941 vero
3405 2902 3514 2941 non

1947 2990 2158 3044 semper
2187 2992 2310 3030 cum
2349 2987 2497 3030 textu
2529 2978 2744 3047 legitur,
2809 2977 2955 3030 nullo
2981 2993 3112 3031 sane
3171 2979 3362 3031 merito
3409 2993 3508 3030 nos

1947 3077 2187 3118 accusat.
2223 3065 2338 3120 Hoc
2362 3079 2530 3119 unum
2564 3077 2648 3120 est
2682 3067 3079 3130 necessarium,
3114 3076 3172 3120 ut
3195 3076 3514 3121 sanctorum

1951 3157 2281 3210 testimoniis
2307 3157 2592 3224 probatum
2621 3157 2690 3211 sit
2736 3171 2897 3210 omne
2930 3156 3076 3225 quod
3124 3157 3516 3224 explanatione

1946 3247 2278 3302 declaratur.
2306 3248 2437 3302 Nam
2483 3248 2750 3317 quidquid
2776 3248 3027 3302 statuerit
3049 3247 3314 3318 synodus,
3335 3261 3430 3314 per
3450 3261 3514 3300 ea

1941 3336 2243 3407 quaeinlcrt
2267 3339 2536 3406 addendo,
2573 3355 2676 3393 non
2705 3339 2866 3394 aliam
2899 3338 3274 3394 deﬁnitionem
3303 3337 3512 3400 condit.

1941 3430 2036 3483 sed
2082 3430 2255 3497 ipsam
2291 3430 2500 3499 priman
2565 3430 2940 3485 deﬁnitionem
2990 3431 3249 3500 explicat,
3292 3438 3345 3485 et
3422 3445 3518 3484 ex.

1940 3520 2228 3590 plicationc
2252 3522 2460 3574 dilatat.
2488 3522 2644 3587 Quod
2677 3530 2858 3576 autem
2899 3523 3001 3575 hoc
3039 3535 3230 3574 verum
3267 3521 3358 3581 sit.
3388 3521 3514 3573 audi

1940 3603 2190 3666 sanctum
2236 3611 2530 3667 Maximum
2571 3613 2646 3667 ita
2676 3613 3052 3668 testimonium
3087 3613 3438 3666 tribuentem.
3468 3610 3518 3665 ls

1938 3705 2082 3757 enim
2113 3705 2168 3756 in
2213 3705 2616 3773 compendiosa
2663 3721 2761 3760 sua
2821 3719 2916 3774 pro
2952 3704 3164 3774 synodo
3209 3702 3517 3758 Chalcedo-

1939 3794 2354 3863 nensiapologia
2377 3833 2391 3861 ,
2424 3796 2582 3866 cujus
2615 3796 2825 3850 initiunt
2860 3805 2944 3850 est
2985 3811 3000 3849 :
3028 3793 3298 3861 Quoniam
3353 3793 3517 3847 nimis

1939 3897 2204 3953 generoso
2259 3883 2464 3948 animo,
2508 3884 2592 3938 vel
2650 3893 2709 3938 ut
2755 3884 2932 3954 aptius
2957 3883 3158 3948 dicam,
3193 3877 3428 3954 ignavo,
3461 3879 3519 3936 Si

1939 3977 2104 4040 enim,
2162 3976 2366 4044 inquit,
2402 3975 2528 4031 licet
2575 3991 2763 4031 verum
2801 3991 2900 4046 pro
2947 3979 3179 4030 veritate
3242 3975 3518 4044 proloqui,

1940 4081 2134 4121 omnes
2165 4076 2285 4136 post
2317 4067 2590 4121 Nicmnam
2647 4067 2916 4137 synodum
2953 4082 2981 4119 a
3017 4065 3125 4121 Deo
3179 4066 3370 4120 selecti
3419 4065 3518 4119 Pa-

1941 4171 2076 4219 tres,
2124 4171 2396 4223 omneque
2446 4157 2873 4210 orthodoxorum
2925 4164 3352 4224 sanctorumque
3406 4170 3522 4211 om-

1940 4248 2090 4302 nium
2145 4247 2468 4310 concilium,
2495 4247 2649 4301 nullo
2678 4246 2840 4300 modo
2883 4245 3048 4301 aliam
3084 4246 3347 4300 induxere
3393 4247 3519 4301 ﬁdei

1938 4337 2311 4392 deﬁnitionem
2343 4335 2461 4392 suis
2493 4336 2627 4406 ipsis
2650 4336 2833 4391 verbis
2863 4334 3088 4402 utendo,
3122 4345 3179 4388 ut
3203 4351 3302 4391 vos
3338 4335 3521 4392 dicitis

1937 4429 2229 4500 plurimum
2297 4428 2592 4484 delirantes
2633 4427 2951 4502 et'penitus
3001 4427 3376 4492 insanientes;
3421 4428 3517 4482 sed

1944 4519 2116 4588 ipsam
2142 4519 2217 4572 uti
2248 4518 2478 4588 primam
2511 4525 2564 4572 et
2598 4516 2837 4580 unicam,
2862 4531 2982 4587 qua:
3005 4530 3036 4570 ε
3067 4516 3274 4572 sanctis
3303 4523 3520 4570 trecen-

1949 4611 2019 4664 tis
2049 4609 2237 4665 decem
2262 4616 2316 4663 et
2337 4615 2464 4663 octo
2488 4607 2748 4663 Patribus
2800 4606 3009 4661 sancita
3035 4613 3147 4672 est,
3191 4606 3402 4661 ﬁrmam
3464 4612 3519 4659 et

1952 4708 2127 4756 ratam
2189 4716 2313 4757 esse
2341 4701 2655 4764 voluerunt.
2709 4699 3067 4755 dilueidantes
3121 4714 3264 4765 eam,
3320 4707 3376 4755 et
3404 4699 3520 4756 vel-

1949 4794 2028 4849 uti
2058 4794 2301 4864 apertius
2317 4795 2689 4858 enucleantes,
2711 4805 2932 4862 propter
2952 4807 3048 4848 eos
3065 4793 3154 4862 qui
3177 4792 3322 4847 illam
3346 4793 3521 4849 illius-

1943 4901 2050 4951 que
2102 4886 2354 4956 dogmata
2410 4888 2598 4954 pravis
2659 4884 3207 4954 interpretationibus
3231 4886 3298 4940 ad
3360 4900 3517 4942 suam

1948 4976 2198 5044 ipsorum
2252 4966 2969 5046 detorquent'impietate.

2014 5204 2080 5257 Et
2105 5217 2228 5259 cum
2252 5202 2358 5259 illis
2381 5200 2601 5274 quidem
2632 5215 2886 5277 azymu'm
2921 5203 3128 5259 Christi
3157 5217 3356 5271 corpus
3394 5215 3517 5257 esse

1944 5294 2156 5360 dicunt,
2183 5295 2465 5351 nobiscum
2516 5311 2647 5351 vero
2671 5295 2804 5352 illud
2850 5294 2918 5351 ad
2949 5293 3388 5352 communionem
3421 5308 3517 5348 suo

1945 5402 2094 5442 mere
2122 5403 2231 5442 non
2259 5388 2462 5443 ausint.

2629 5477 2824 5537 RESP.

2014 5567 2315 5642 Obiurgare
2349 5568 2594 5642 quidem,
2650 5581 2704 5627 et
2761 5571 3046 5626 detrahere
3094 5568 3251 5626 nobis
3293 5581 3512 5643 propter

1944 5677 2133 5735 azyma
2161 5665 2335 5730 novit,
2368 5663 2584 5736 ignorat
2617 5675 2794 5718 autem
2820 5679 2914 5733 per
2936 5678 3186 5736 azymum
3211 5680 3238 5718 a
3280 5663 3513 5721 Domino

1944 5754 2114 5810 fuisse
2137 5755 2264 5809 olim
2296 5764 2575 5825 peractum
2644 5755 2933 5826 mysticum
2984 5755 3358 5821 sacriﬁcium;
3409 5773 3511 5811 nec

1945 5853 2095 5916 putat
2125 5844 2462 5914 indiﬂ'ct‘cns,
2513 5844 2627 5902 sive
2655 5859 2750 5915 per
2772 5859 3042 5918 azymum,
3094 5847 3206 5903 sive
3256 5861 3349 5916 per
3397 5845 3506 5902 [ατς
