3988 6216
435 346 538 409 127

1361 347 1743 411 GREGORII
1769 350 2070 412 MAMMIE
2110 353 2224 414 (ΣΡ.
2255 351 2775 414 ΡΑἸἭΙΛΒΕΗᾹΞ

3568 353 3668 418 128

439 459 1057 521 mentatum'conflcere,
1089 458 1182 512 sed
1217 461 1400 514 omnia
1435 461 1634 517 frustra
1676 477 1800 518 esse
1853 463 1996 518 arbi-

2116 464 2222 520 τίαν
2255 465 2552 520 τελεῖσθαι.
2584 465 2748 531 Ἀλλ’,
2786 466 2862 528 ὼς
2883 465 3070 530 οἴεται,
3098 464 3298 527 πάντα,
3338 463 3372 535 ἥ
3404 480 3463 517 τε
3514 479 3672 536 ιερω-

439 563 635 620 tratur,
689 552 1080 618 sacerdotium,
1137 553 1328 618 altare,
1381 554 1724 609 Dominicam
1774 569 1999 611 vocem:

437 647 553 701 Hoc
579 647 738 717 facite
768 645 824 697 in
865 662 1034 699 meam
1095 649 1680 714 commemorationem;
1709 657 1760 704 et
1818 647 2003 703 divina

434 738 632 792 verba:
664 737 778 791 Hoc
815 747 892 792 est
927 753 1115 806 corpus
1156 755 1325 792 meum
1346 757 1366 804 ;
1401 748 1494 794 et:
1537 739 1636 794 Hic
1663 749 1740 796 est
1793 739 2004 809 sanguis

437 845 584 883 meus
618 831 682 892 ⁸³,
705 837 760 882 et
788 829 1034 899 reliquos
1065 831 1200 886 ritus
1224 831 1314 899 qui
1375 831 1762 896 observantur,
1795 833 1842 887 si
1895 846 2004 886 non

436 919 580 972 adsit
606 919 845 987 ejusdem
873 936 1089 985 massae,
1123 936 1216 975 seu
1244 921 1486 990 ejusdem
1541 924 1788 978 materiae
1826 921 2006 976 modi-

436 1027 561 1066 cum
594 1012 918 1080 aridumque
967 1012 1316 1067 fermentum.
1359 1013 1513 1079 Quod
1557 1031 1690 1069 vero
1744 1015 2006 1072 Dominus

439 1118 502 1156 ac
533 1101 672 1155 Dens
708 1116 890 1157 noster
916 1104 1083 1173 legale
1115 1103 1323 1159 Pascha
1355 1107 1508 1173 prius
1565 1106 1874 1172 celebrarit,
1907 1106 2004 1162 de-

441 1195 569 1248 inde
597 1197 850 1264 mysteria
880 1196 1164 1265 discipulis
1215 1198 1516 1263 tradiderit,
1573 1199 1701 1253 audi
1757 1207 2006 1254 sanctum

443 1284 659 1339 Patrem
694 1286 1145 1358 Chrysostomum
1206 1289 1427 1343 homilia
1450 1290 1799 1361 octogesima,
1836 1290 2008 1360 prima

443 1379 520 1431 sic
546 1379 812 1432 dicentem
845 1397 858 1433 :
891 1379 997 1434 Sed
1022 1395 1183 1449 quam
1229 1381 1298 1435 ob
1329 1397 1551 1436 causam
1607 1380 1814 1437 Pascha
1869 1381 2010 1436 cele-

441 1470 671 1522 hrahal?
705 1468 1014 1524 Ostendens
1059 1486 1152 1538 per
1179 1471 1361 1526 omnia
1421 1487 1596 1542 usque
1631 1473 1696 1525 ad
1755 1473 2008 1526 ultimum

440 1561 607 1625 diem,
641 1575 698 1614 se
730 1577 834 1615 non
885 1576 1009 1615 esse
1037 1563 1141 1633 legi
1177 1563 1533 1616 contrarium.
1596 1562 1828 1618 Attende
1879 1562 2010 1633 quid

439 1655 583 1708 dicat
609 1671 622 1706 :
653 1653 729 1706 Ne
763 1654 864 1723 legi
900 1663 1046 1708 esset
1078 1656 1406 1721 contrarius,
1438 1654 1643 1710 Pascha
1674 1655 2007 1713 celebrabat.

441 1745 576 1798 Num
602 1761 729 1812 ergo
748 1745 1000 1814 perfregit
1028 1745 1216 1816 legem,
1267 1761 1552 1802 asservans
1629 1746 2008 1802 fermentatum

440 1838 676 1906 panem?
699 1835 851 1903 Quod
876 1851 1007 1892 vero
1036 1839 1196 1892 etiam
1221 1853 1316 1906 per
1346 1849 1551 1906 septem
1578 1838 1695 1894 dies
1731 1840 1823 1893 illo
1875 1849 2010 1892 tem-

443 1944 571 1997 pore
597 1928 917 1983 fermentum
945 1945 1052 1983 non
1078 1937 1342 1993 exstaret,
1374 1930 1524 1984 testis
1545 1931 1650 1985 erit
1684 1931 1825 1984 idem
1853 1947 2012 1985 sacer

444 2024 874 2093 Chrysostomus
897 2022 952 2075 in
981 2022 1218 2092 priorem
1248 2023 1314 2076 ad
1342 2022 1658 2078 Corinthios
1682 2023 2007 2092 Epistolam:

448 2115 724 2178 Dicamus,
758 2113 955 2183 inquit,
981 2115 1154 2183 prius.
1187 2128 1286 2168 cur
1307 2113 1375 2168 de
1396 2113 1607 2169 cunctis
1631 2114 1830 2170 ﬁnibus
1846 2114 2013 2184 pella-

451 2219 538 2261 tur
563 2206 924 2274 fermentum;
954 2208 1083 2276 quid
1112 2222 1243 2278 ergo
1275 2209 1379 2263 sibi
1411 2209 1526 2263 vult
1580 2210 1683 2264 hoc
1739 2209 2011 2280 aenigma?

441 2297 602 2353 Omni
635 2299 879 2367 nequitia
905 2298 1136 2354 liberum
1177 2308 1391 2368 oportet
1417 2314 1539 2357 esse
1573 2299 1807 2369 fidelem.
1859 2301 2011 2356 Sicut

445 2391 590 2445 enim
617 2389 692 2442 ibi
753 2389 963 2458 peribat
1008 2390 1076 2454 is,
1111 2391 1251 2464 apud
1315 2405 1477 2458 quem
1533 2401 1809 2459 repertum
1867 2402 2012 2448 esset

443 2489 601 2536 Vetus
645 2479 992 2543 fermentum,
1021 2482 1094 2535 ita
1119 2481 1330 2537 enobis
1373 2483 1488 2548 ille,
1529 2484 1670 2553 apud
1698 2499 1858 2554 quem
1909 2485 2014 2540 erit

447 2571 713 2641 nequitia.
739 2571 924 2642 Neque
949 2572 1094 2626 enim
1138 2573 1238 2628 sub
1269 2575 1405 2645 legis
1437 2576 1648 2638 umbra,
1681 2591 1853 2646 poenae
1885 2593 2011 2645 gra-

445 2681 540 2720 ves
573 2665 908 2729 constituta',
935 2665 1093 2720 nobis
1123 2673 1304 2721 autem
1346 2666 1490 2722 haud
1518 2667 1686 2722 multo
1713 2668 2013 2738 graviores.

447 2760 502 2815 Si
535 2761 678 2816 enim
705 2761 895 2814 domos
933 2760 1006 2814 ita
1038 2767 1356 2829 repurgant,
1390 2769 1450 2814 ut
1499 2760 1736 2814 murium
1797 2773 2017 2828 quoque

446 2867 712 2906 cavernas
733 2852 1028 2913 rimentur,
1057 2851 1226 2905 multo
1257 2851 1428 2922 magis
1452 2851 1609 2906 decet
1633 2865 1732 2906 nos
1759 2865 2010 2920 perscru-

2108 554 2262 624 σύνη,
2291 556 2385 607 καὶ
2414 555 2474 607 τὸ
2498 554 2906 623 θυσιαστήριον,
2940 553 3034 606 καὶ
3062 554 3094 624 ή
3123 554 3274 622 φωνὴ
3305 552 3372 620 ἢν
3393 555 3674 625 προήκατο

2097 648 2133 699 λό
2161 645 2386 716 Κύριος,
2425 646 2608 700 Τοῦτο
2636 643 2856 700 ποιεῖτε
2878 647 2963 712 εἰς
2993 646 3109 714 τὴν
3127 644 3284 713 ἐμὴν
3306 645 3672 716 ἀνάμνησιν,

2106 743 2196 794 καὶ
2227 741 2291 794 τὰ
2342 742 2460 796 θεῖα
2514 743 2756 813 ῥήματα,
2794 743 2978 797 Τοῦτό
3029 742 3164 797 ἐστι
3215 743 3280 796 τὸ
3318 741 3490 812 σῶμά
3529 761 3672 812 μου,

2105 831 2221 892 καὶ.
2279 833 2462 888 Τοῦτό
2493 833 2622 887 ἐστι
2661 835 2730 887 τὸ
2759 829 2904 904 αίμά
2937 852 3081 904 μου,
3117 833 3214 887 καὶ
3256 833 3407 887 πᾶσα
3456 835 3670 905 τελετὴ,

2106 926 2252 996 ἀργά
2272 929 2379 980 είσι
2413 928 2499 982 διά
2533 930 2594 982 τὸ
2647 930 2720 1000 μὴ
2755 930 2900 1001 ἔχειν
2933 933 2996 984 ἐκ
3024 930 3119 985 τοῦ
3171 930 3336 985 αὐτοῦ
3380 931 3673 1000 ὑποκειμέ-

2106 1036 2220 1080 νου.
2280 1021 2313 1090 ἢ
2374 1020 2436 1073 ἐκ
2468 1021 2571 1090 τῆς
2621 1023 2789 1091 αὐτῆς
2837 1023 2968 1093 ὕλης
3015 1023 3186 1094 ὀξώδη
3238 1025 3440 1094 μῖκράν
3471 1024 3672 1092 ζύμην.

2108 1108 2234 1163 Ὀτι
2283 1109 2340 1162 δὲ
2388 1110 2417 1162 ὁ
2451 1111 2659 1180 Κύριος
2712 1112 2868 1181 ἡμῶν
2923 1114 3016 1166 καὶ
3066 1113 3199 1177 Θεδς
3233 1115 3456 1182 νομικὸν
3486 1115 3678 1181 Πάσχα

2107 1188 2374 1264 ἐτέλεσεν,
2409 1197 2528 1254 εἶτα
2572 1202 2641 1254 τά
2675 1204 2955 1274 μυστήρια
2998 1204 3200 1259 δέδωκε
3235 1208 3347 1268 τοῖς
3381 1205 3675 1275 μαθηταῖς,

2108 1290 2340 1344 ἄκουσον
2379 1290 2477 1344 τοῦ
2520 1290 2666 1344 θείου
2705 1277 3096 1362 Χρυσοστόμού
3141 1296 3199 1347 ἐν
3244 1295 3434 1366 ὁμιλίᾳ
3467 1293 3557 1349 πα⁹
3589 1296 3678 1348 λέ-

2110 1397 2328 1449 γοντος·
2361 1382 2521 1444 Τίνος
2547 1383 2612 1454 δὴ
2642 1383 2829 1438 ἐνεκεν
2851 1386 2910 1438 τὸ
2945 1387 3138 1456 Πάσχα
3167 1386 3377 1453 ἐτέλει;
3407 1387 3507 1442 Διά
3541 1389 3674 1442 πάν-

2109 1489 2219 1524 των
2272 1472 2487 1538 δεικνὺς
2525 1474 2689 1545 μέχρι
2738 1477 2838 1544 τῆς
2886 1477 3119 1548 ἐσχάτης
3175 1478 3412 1549 ἡμέρας,
3461 1479 3542 1532 ὅτι
3577 1481 3676 1534 οὐκ

2111 1560 2256 1614 ἔστιν
2284 1563 2523 1628 ἐναντίος
2578 1565 2655 1636 τῷ
2688 1567 2858 1638 νόμῳ.
2890 1567 3033 1636 Ὅρα
3086 1567 3139 1621 τί
3167 1576 3396 1638 ’φησιν’
3435 1569 3552 1622 Ἵνα
3602 1570 3674 1638 μὴ

2111 1652 2352 1716 ἐναντίος
2399 1656 2622 1726 γένηται
2656 1657 2732 1727 τῷ
2769 1659 2940 1728 νόμῳ,
2985 1659 3045 1712 τὸ
3084 1661 3278 1730 Πάσχα
3310 1660 3574 1715 ἐπετέλει.
3612 1661 3678 1715 Ti

2111 1741 2238 1808 οὓν;
2272 1745 2512 1800 ἐναντίον
2546 1747 2640 1802 τοῦ
2667 1753 2834 1819 νόμου
2866 1751 3041 1804 ἐποίει
3083 1751 3372 1819 φυλάττων
3402 1752 3494 1806 τὸν
3524 1751 3678 1817 ἔνζυ-

2117 1851 2216 1904 μον
2276 1837 2474 1906 άρτον;
2518 1840 2657 1894 Ἀλλ’
2710 1842 2791 1896 ὅτι
2834 1843 2928 1896 καὶ
2977 1843 3035 1896 ἐν
3084 1844 3223 1896 ἐπτά
3269 1844 3504 1914 ἡμέραις
3557 1845 3679 1897 κατ’

2111 1925 2286 1980 ἐκεῖνο
2316 1929 2574 2000 καιροῦὴ
2629 1931 2777 2000 ζύμη
2823 1933 2921 2002 οὐχ
2971 1932 3281 2002 εὑρίσκετο,
3337 1935 3675 2004 μαρτυρήσει

2111 2016 2268 2072 τοῦτο
2301 2019 2455 2073 πάλιν
2485 2023 2512 2073 ὁ
2545 2019 2686 2084 θεῖος
2712 2022 3095 2093 Χρυσόστομος
3127 2025 3183 2076 ἐν
3213 2025 3279 2094 τῇ
3309 2018 3445 2092 πρὸς
3482 2025 3678 2092 Κοριν-

2112 2108 2259 2172 θίους
2289 2110 2477 2182 πρώτῃ
2512 2113 2819 2184 Ἐπιστολῇ’
2849 2115 3118 2187 Πρότερον
3141 2116 3406 2186 εἴπωμεν,
3428 2115 3516 2169 διὰ
3534 2116 3586 2168 τί
3614 2116 3678 2168 ἐκ

2110 2199 2218 2253 τῶν
2239 2203 2405 2271 ὁρίων
2432 2205 2648 2258 πάντων
2681 2205 3052 2260 ἀπελαύνεται
3079 2209 3112 2277 ή
3139 2205 3201 2272 ξύ
3211 2225 3289 2276 μη
3310 2225 3325 2239 ·
3360 2208 3413 2261 τί
3442 2204 3535 2262 οὖν
3562 2209 3676 2260 ἐστι

2116 2291 2172 2347 τὸ
2205 2294 2468 2364 αἰνιγμας
2519 2297 2708 2365 Πάσης
2757 2297 3028 2366 πονηρίας
3085 2297 3431 2368 ἀπηλλάχθαι
3465 2298 3545 2351 δεῖ
3585 2297 3678 2350 τὸν

2113 2383 2324 2438 πιστόν.
2367 2385 2585 2456 Ὠσπερ
2631 2387 2740 2456 γάρ
2799 2390 3007 2452 ἐκεῖνος
3057 2389 3379 2454 ἀπόλλυται,
3435 2392 3569 2444 ὅπου
3612 2391 3678 2443 ἂν

2114 2475 2311 2547 εὑρεθῇ
2346 2477 2551 2531 παλαιὰ
2581 2476 2749 2551 ζύμη,
2787 2479 2929 2534 οὕτω
2962 2482 3056 2533 καὶ
3103 2483 3234 2552 παρ’
3266 2482 3402 2552 ἡμῖν
3451 2483 3579 2536 ἔνθα
3609 2483 3678 2536 ἂν

2113 2567 2310 2638 εὑρεθῇ
2346 2570 2615 2639 πονηρέαο
2656 2572 2716 2622 οὐ
2767 2571 2876 2641 γάρ
2906 2572 3080 2642 δήπου
3112 2574 3204 2627 ἐπὶ
3237 2573 3336 2642 μὲν
3378 2574 3479 2644 τῆς
3510 2576 3671 2636 σκιᾶς

2115 2659 2286 2728 πολλή
2318 2662 2349 2730 ή
2403 2662 2647 2727 κόλασις,
2685 2663 2778 2715 ἐπὶ
2821 2663 2878 2716 δέ
2912 2665 3069 2734 ήμῶν
3100 2665 3160 2717 οὐ
3212 2663 3394 2735 πολλῷ
3441 2665 3675 2735 μείζων·

2116 2753 2164 2803 εί
2192 2753 2300 2822 γάρ
2338 2753 2439 2816 τὰς
2475 2754 2655 2818 οίκίας
2685 2755 2829 2809 οὓτω
2858 2757 3235 2828 καθαίρουσιν,
3272 2757 3348 2822 ὡς
3382 2759 3474 2812 καὶ
3533 2759 3682 2829 μυῶν

2113 2842 2254 2906 ὀπὰς
2285 2845 2774 2914 περιεργάζεσθαι,
2808 2848 2990 2916 πολλῷ
3022 2849 3220 2917 μᾶλλον
3249 2851 3398 2920 ἡμᾶς
3441 2850 3536 2920 τήν
3580 2852 3682 2921 ψυ-

449 2944 551 2998 tari
578 2951 786 2999 secreta
816 2943 1006 2997 animi.
1062 2941 1197 2996 Cum
1251 2941 1416 3011 igitur
1468 2957 1732 2997 cavernas
1778 2942 2012 2995 murium

2116 2933 2217 3004 χὴν
2247 2933 2618 3004 διερευνᾶσθαι
2647 2938 2746 2992 δεῖ.
2773 2937 2930 2993 Ἐπεὶ
2956 2934 3048 2994 οὖν
3079 2942 3230 3011 μυῶν
3257 2943 3398 3008 ὁπάς
3435 2961 3683 3014 περιειρ-

447 3039 802 3100 rimarentur,
854 3043 909 3088 et
967 3043 1194 3090 sanctus
1249 3034 1410 3087 Pater
1460 3032 1692 3088 afﬁrmet
1735 3033 2012 3088 Christum

2118 3027 2367 3094 γάζοντο,
2393 3030 2420 3080 ὁ
2464 3029 2520 3082 δὲ
2553 3030 2706 3096 ἅγιος
2749 3031 3025 3100 λέγει,ὂτι
3076 3034 3242 3104 μέχρι
3299 3037 3397 3104 τῆς
3449 3038 3684 3105 ἐσχάτης

445 3134 512 3185 ad
540 3131 790 3185 ultimum
823 3142 994 3197 usque
1019 3127 1161 3182 diem
1190 3141 1298 3181 non
1328 3125 1498 3182 fuisse
1527 3127 1625 3196 legi
1651 3117 2010 3190 contrarium,

2118 3119 2352 3189 ἡμέρας.
2376 3120 2460 3173 ἵνα
2491 3121 2567 3192 μὴ
2592 3123 2832 3186 ἐναντίος
2857 3124 3083 3195 γένηται
3104 3127 3184 3197 τῷ
3214 3129 3382 3196 νόμῳ,
3407 3127 3467 3180 τὸ
3494 3129 3682 3198 Πάσχα

445 3235 498 3281 et
524 3226 645 3279 ideo
681 3223 887 3276 Pascha
917 3221 1227 3276 celebrasse
1247 3236 1262 3280 ;
1282 3228 1427 3274 certe
1456 3222 1770 3275 contrarius
1798 3219 2012 3286 fuisset,

447 3320 492 3372 si
528 3317 735 3372 Pascha
789 3315 1141 3376 celebrasset,
1182 3321 1236 3367 et
1281 3311 1661 3367 fermentatum
1715 3324 2010 3369 servasset.

448 3410 580 3464 Esse
611 3422 775 3477 porro
805 3406 855 3460 id
889 3405 1007 3473 lege
1033 3404 1280 3465 vetitum,
1311 3403 1438 3456 audi
1487 3402 1650 3458 verba
1680 3403 1800 3474 ejus
1828 3406 2017 3475 prteci-

450 3501 694 3573 pientis:
732 3499 937 3566 Septem
981 3497 1165 3552 diebus
1187 3513 1372 3566 azyma
1422 3494 1736 3550 comedetis:
1770 3496 1854 3552 die
1903 3499 2018 3568 pri-

451 3611 537 3649 mo
569 3610 671 3647 non
695 3593 795 3646 erit
828 3591 1143 3658 fermentum
1185 3590 1236 3640 in
1267 3586 1510 3642 domibus
1545 3590 1751 3644 vestris.
1785 3589 2018 3654 Quicun—

452 3703 547 3758 que
584 3683 862 3738 comederit
888 3676 1224 3750 fermentum,
1251 3679 1443 3748 peribit
1479 3680 1658 3733 anima
1705 3681 1801 3734 illa
1841 3682 1906 3735 de
1937 3682 2018 3736 Is-

453 3779 582 3833 rael.
612 3777 676 3830 Et
711 3774 871 3846 paulo
896 3781 1054 3842 post:
1118 3770 1302 3824 Primo
1360 3787 1553 3834 mense,
1587 3781 1778 3840 quarta
1813 3774 2016 3828 decima

455 3873 540 3925 die
565 3869 776 3932 mensis,
818 3867 886 3919 ad
918 3879 1181 3933 vesperam
1209 3862 1487 3916 comedetis
1531 3879 1719 3932 azyma
1749 3881 1914 3935 usque
1948 3868 2014 3920 ad

453 3967 587 4018 diem
623 3961 920 4016 vicesimam
965 3957 1188 4025 primam
1225 3955 1457 4022 ejusdem
1497 3958 1686 4009 mensis
1727 3958 1797 4010 ad
1847 3975 2017 4027 vespe-

454 4065 610 4106 ram:
641 4059 832 4116 septem
863 4048 1049 4101 diebus
1107 4046 1418 4114 fermentum
1466 4061 1569 4098 non
1625 4047 1917 4101 invenietur
1965 4051 2018 4104 in

453 4143 692 4197 domibus
711 4141 898 4196 vestris
922 4155 942 4192 :
965 4139 1054 4207 qui
1081 4137 1362 4192 comederit
1395 4139 1788 4206 fermentatum,
1833 4143 2019 4208 peribit

453 4238 630 4291 anima
675 4234 788 4301 ejus
810 4232 873 4285 de
895 4240 1029 4284 creta
1081 4227 1256 4283 Israel
1281 4229 1344 4282 ¹³.
1383 4229 1536 4295 Quod
1585 4245 1714 4285 vero
1768 4231 2020 4289 Christus

451 4337 666 4385 servato
697 4328 831 4397 legis
855 4323 1174 4394 prmscripto
1224 4320 1435 4375 Pam-ha
1485 4321 1796 4389 celebrarit,
1846 4323 2018 4378 Judaei

451 4435 582 4474 vero
620 4429 964 4485 nequaquam
996 4411 1130 4467 illud
1186 4411 1475 4477 servarint,
1507 4411 1601 4466 sed
1632 4413 1775 4468 diem
1840 4423 2024 4471 trans.

452 4512 624 4583 gressi
658 4509 881 4570 fuerint,
905 4507 1029 4559 audi
1062 4504 1176 4559 oris
1196 4504 1343 4558 aurei
1378 4503 1589 4558 Patrem
1615 4505 1838 4561 homilia
1868 4515 2018 4562 octo-

453 4603 652 4672 gesima
683 4608 876 4668 quarta
934 4596 988 4650 in
1035 4595 1320 4659 Joannem,
1364 4594 1494 4648 dum
1523 4595 1686 4649 verba
1729 4595 1819 4650 illa
1855 4613 2022 4666 expo-

453 4695 567 4748 nit:
599 4691 878 4744 Adducunt
900 4687 1084 4744 Iesum
1111 4703 1142 4739 a
1170 4685 1372 4753 Caipha
1416 4688 1470 4741 in
1510 4689 1817 4756 praetorium
1845 4707 1859 4744 ε
1910 4689 2022 4745 cur

455 4785 600 4840 enim
641 4783 774 4836 illuc
807 4795 933 4834 eum
986 4781 1284 4842 duxerunt,
1326 4777 1418 4832 ubi
1453 4792 1645 4834 omnes
1702 4781 2018 4850 congregati

451 4877 646 4932 erant?
678 4871 746 4930 Ut
779 4887 866 4927 res
888 4871 1037 4925 fleret
1065 4868 1346 4925 communi
1402 4868 1648 4924 omnium
1700 4871 2016 4938 pontificum

452 4983 760 5034 consensu;
787 4973 904 5020 erat
932 4978 1077 5018 entm
1117 4962 1209 5017 ille
1245 4971 1376 5017 tunc
1426 4961 1690 5032 pontifex,
1727 4971 1783 5017 et
1826 4951 2017 5020 omnes

453 5064 607 5117 illum
639 5056 1116 5130 praestolabantur.
1141 5054 1219 5109 lta
1247 5053 1647 5125 pernoctabant
1687 5054 2018 5123 vigilabant-

455 5169 561 5223 que
589 5151 752 5221 hujus
779 5149 858 5204 rei
886 5144 1236 5202 causa:Non
1285 5146 1453 5211 enim,
1511 5145 1712 5215 inquit,
1770 5145 2018 5200 comede-

457 5257 583 5301 runt
614 5243 819 5300 Pascha
851 5249 1006 5303 tunc,
1040 5238 1136 5294 scd
1183 5249 1467 5308 prapterea
1517 5237 1835 5308 vigilabant.
1885 5237 2018 5291 Nam

461 5351 582 5408 post
615 5339 702 5392 illa
737 5337 928 5392 verba:
972 5333 1101 5388 Erat
1132 5341 1304 5384 autem
1331 5327 1762 5393 mane,Joaunes
1817 5328 2018 5392 intulit,

461 5427 532 5481 Et
560 5428 660 5492 ipsi
697 5442 796 5480 non
825 5425 1136 5479 introierunt
1172 5423 1226 5474 in
1275 5420 1602 5489 praetorium,
1637 5428 1691 5470 ut
1731 5434 1840 5471 non
1894 5434 2020 5470 cun-

461 5522 867 5582 tantinarentur,
900 5515 990 5571 sed
1025 5524 1080 5568 ut
1113 5512 1490 5567 manducarent
1543 5509 1746 5564 Pascha
1783 5509 1842 5561 ".
1879 5509 2019 5575 Quid

459 5628 590 5686 ergo
620 5612 684 5667 ad
715 5612 830 5666 haec
850 5607 1138 5664 dicemus?
1171 5605 1307 5661 Illud
1345 5618 1497 5668 sane,
1545 5603 1688 5674 quod
1723 5602 1890 5657 altera
1939 5603 2022 5658 dic

538 5791 582 5822 ”
613 5788 746 5844 Luc.
783 5805 916 5859 uti,
950 5792 1046 5857 i9;
1083 5789 1102 5844 l
1135 5791 1261 5848 Cor.
1291 5804 1364 5855 χι,
1407 5790 1494 5845 ⁸24.

1606 5793 1644 5824 ³³
1702 5793 1872 5848 Exod.
1913 5807 2004 5856 xu,
2058 5793 2118 5848 15
2160 5803 2308 5857 seqq.

2117 3211 2383 3279 ἐπετέλει,
2415 3213 2616 3280 μᾶλλον
2659 3215 2725 3269 ἂν
2771 3217 3012 3280 ἐναντίος
3061 3213 3129 3288 ἦν
3176 3219 3238 3272 τὺ
3275 3222 3469 3289 Πάσχα
3515 3221 3684 3274 τελῶν

2116 3301 2211 3352 καὶ
2235 3301 2294 3353 τὸ
2318 3300 2549 3372 ἔνζυμον
2567 3307 2866 3372 φυλάττων.
2891 3309 3088 3362 Ὅτιδέ
3111 3312 3139 3363 ὁ
3156 3311 3319 3381 νόμος
3347 3313 3686 3383 ἀπαγορεύει

2115 3392 2293 3458 τοῦτο,
2352 3395 2583 3450 ἄκουσον
2640 3399 2781 3452 οὕτω
2834 3403 3264 3468 προστάττοντος
3295 3421 3308 3434 ·
3347 3407 3483 3474 φησὶ
3516 3407 3630 3476 γάρ
3662 3422 3678 3438 ⁶

2129 3481 2312 3537 Ἑπτὰ
2346 3485 2572 3554 ἡμέρας
2600 3487 2787 3557 ἄζυμα
2815 3489 3030 3545 ἕδεσθε
3052 3508 3064 3522 ο
3097 3493 3214 3548 ἀπὸ
3231 3493 3298 3547 δὲ
3325 3494 3437 3563 τῆς
3461 3495 3687 3564 ἡμέρας

2116 3573 2224 3643 τῆς
2281 3576 2516 3646 πρώτης
2570 3579 2879 3647 dgnus-reice
2934 3583 3125 3652 ζύμην
3185 3586 3253 3640 ἐκ
3305 3587 3425 3640 τῶν
3479 3588 3688 3642 οἰκιῶν
3735 3636 3749 3645 .

2117 3667 2303 3736 ὑμῶν,
2342 3670 2467 3737 Πᾶς
2509 3670 2577 3736 ὃς
2614 3669 2691 3728 ἂν
2733 3671 2895 3744 φάγῃ
2933 3673 3140 3742 ζύμην,
3173 3677 3686 3746 ἐξολοθρευθήσε-

2117 3775 2208 3812 ται
2240 3761 2278 3828 ἡ
2327 3757 2498 3832 ψυχὴ
2538 3764 2739 3832 ἐκείνη
2768 3765 2838 3829 ἐξ
2875 3767 3123 3835 Ἰσραήλ
3148 3786 3160 3800 ’
3215 3771 3312 3823 καὶ
3345 3775 3490 3828 μετά
3517 3787 3638 3824 τινα
3672 3788 3684 3802 ο

2131 3855 2552 3925 Ἑνσρχόμενοι
2582 3857 2656 3925 τῇ
2688 3859 3319 3927 τεσσαρεσκαιδεκάτῃ
3357 3860 3550 3930 ἡμέρα
3577 3863 3685 3919 τοῦ

2113 3947 2309 4016 μηνὸς
2346 3947 2452 4001 τοῦ
2492 3947 2748 4018 πρώτου,
2787 3948 2887 4016 ἀφ’
2943 3950 3210 4018 ἑσπέρας
3247 3951 3462 4007 ἕδεσθε
3492 3952 3686 4021 ἄζυμα

2119 4038 2229 4101 ἕως
2268 4037 2494 4106 ἡμέρας
2551 4035 2694 4107 μιᾶς
2724 4040 2822 4093 καὶ
2878 4041 3118 4108 εἰκάδος
3169 4025 3276 4097 τοῦ
3326 4045 3525 4112 μηνὸς
3575 4045 3686 4112 ἕως

2119 4130 2420 4198 ἑσπέραςο
2476 4131 2626 4184 ἑπτὰ
2681 4131 2900 4200 ἡμέρας
2941 4132 3086 4202 ζύμη
3148 4137 3261 4204 οὐχ
3299 4136 3687 4204 εὑρεθήσεται

2120 4223 2190 4275 ἐν
2217 4222 2344 4288 ταῖς
2375 4225 2591 4287 οἰκίαις
2621 4223 2808 4292 ὑμῶν.
2840 4224 2965 4290 Πᾶς
2998 4225 3065 4290 ὃς
3083 4224 3164 4281 ἂν
3201 4227 3363 4298 φάγῃ
3395 4227 3683 4296 ζυμωτὸν,

2122 4314 2700 4382 ἐξολοθρευθήσεται
2731 4316 2769 4383 ἠ
2801 4317 2972 4384 ψυχὴ
3002 4317 3201 4386 ἐκείνη
3225 4319 3294 4374 ἐκ
3326 4319 3690 4390 συναγωγῆς

2136 4407 2403 4475 Ἰσραήλ.
2425 4407 2546 4461 Ὀτι
2561 4407 2616 4460 δέ
2637 4408 2777 4460 κατὰ
2791 4407 2954 4478 νόμον
2975 4412 3000 4463 ὁ
3022 4410 3258 4481 Χριστὸς
3275 4411 3334 4464 τὸ
3358 4412 3545 4482 Πάσχα
3573 4411 3689 4464 ἐτέο

2126 4497 2299 4561 λεσεν,
2332 4497 2381 4549 οί
2407 4497 2464 4550 δέ
2507 4497 2748 4550 Ἰουδαῖοι
2778 4500 3112 4569 παρανόμως
3143 4502 3410 4570 ἐποίησαν
3447 4500 3689 4571 παρασιο

2120 4585 2385 4648 ϐάςαντες
2415 4587 2472 4638 τὸ
2503 4586 2696 4656 Πάσχα
2719 4628 2732 4652 ,
2764 4586 3000 4641 ἄκουσον
3029 4587 3124 4640 τοῦ
3151 4587 3540 4656 Χρυσοστόμου
3573 4589 3687 4640 Πα-

2118 4679 2244 4748 τρὸς
2297 4681 2352 4731 ἐν
2388 4677 2469 4731 πδ¹
2506 4678 2697 4748 ὁμιλία
2768 4677 2858 4730 τοῦ
2913 4679 3056 4731 κατά
3124 4678 3396 4746 Ἰωάννην,
3453 4679 3532 4742 είς
3587 4676 3686 4730 τὸ⁶

2121 4772 2361 4839 Ἀγουσι
2387 4769 2494 4823 τὸν
2521 4769 2755 4836 Ἰησοῦν
2777 4769 2895 4823 ἀπὸ
2921 4769 3025 4823 τοῦ
3047 4768 3283 4836 Καῖάφα
3308 4770 3398 4834 είς
3423 4769 3490 4821 τὸ
3520 4786 3688 4838 etpas-

2116 4861 2345 4931 τὼριον·
2382 4861 2480 4913 Διά
2509 4862 2561 4913 τί
2593 4861 2706 4912 ἐκεῖ
2736 4861 3027 4930 ἀπήγαγον
3059 4859 3241 4922 αὑτὸν,
3279 4857 3407 4910 ἔνθα
3443 4859 3689 4922 ἅπαντες

2121 4951 2262 5025 ἦσαν
2298 4953 2660 5022 συνηγμένοι;
2697 4953 2818 5006 Ἵνα
2853 4952 2990 5020 μετὰ
3019 4949 3244 5020 γνώμης
3275 4950 3494 5004 πάντων
3527 4952 3689 5020 ποιή-

2125 5064 2260 5100 σωσι
2287 5047 2394 5099 τῶν
2443 5045 2742 5115 ἅρχερὲωνο
2799 5045 3001 5104 ἐκεῖνος
3041 5043 3150 5112 γὰρ
3195 5037 3264 5112 ἦν
3307 5040 3430 5095 τότε
3499 5045 3689 5114 ἀρχιε-

2126 5143 2272 5212 ρεὺς,
2325 5139 2418 5194 καὶ
2453 5139 2649 5202 πάντες
2697 5133 2838 5208 ἦσαν
2885 5135 3046 5190 αὑτὸν
3083 5134 3470 5204 ἀναμένοντες.
3530 5134 3688 5190 Οὕτω

2124 5231 2533 5301 διενυκτέρευον
2575 5230 2670 5284 καὶ
2704 5226 3018 5299 ἠγρύπνουν
3048 5226 3142 5279 ἐπὶ
3173 5225 3348 5296 τούτῳ
3371 5239 3387 5257 ο
3419 5225 3542 5279 οὑδέ
3580 5232 3690 5298 γὰρ

2127 5323 2330 5392 ἔφαγον
2383 5322 2506 5376 τότε
2549 5322 2620 5410 διὸ
2673 5321 2898 5391 Πάσχα,
2962 5319 3182 5390 φησὶν,’
3215 5318 3352 5410 ἀλλὰ
3394 5318 3482 5373 διὰ
3531 5319 3689 5374 τοῦτο

2125 5414 2444 5485 ὴγρύπνουν
2465 5429 2478 5442 ⁸
2507 5407 2681 5466 είῖπὼν
2711 5411 2838 5481 γάρ,
2875 5412 2956 5465 ὅτι
3003 5410 3196 5480 Πρωΐα
3220 5407 3318 5482 ἦν,
3357 5414 3384 5464 ὁ
3434 5411 3689 5480 Ἰωάννης

2129 5507 2407 5575 ἐπήγαγεν
2431 5521 2444 5535 ·
2491 5506 2612 5558 Οὐκ
2639 5502 2925 5570 είσῆλθον
2953 5505 3039 5568 εἰς
3069 5503 3135 5556 τὸ
3183 5503 3559 5572 πραιτώριον,
3587 5504 3692 5558 ἵνα

2124 5601 2211 5672 μὴ
2241 5597 2598 5670 μιανθῶσιν,
2619 5596 2755 5652 ἀλλ’
2773 5597 2874 5651 ἵνα
2917 5594 3150 5666 φάγωσι
3173 5595 3238 5650 τὸ
3259 5593 3574 5666 Πάσχα.Τί
3596 5591 3690 5650 οὖν

2407 5785 2450 5817 ’⁸
2477 5785 2635 5841 Joau.
2661 5800 2817 5850 XVIII,
2858 5786 2944 5840 28.
