3988 6216
244 278 343 342 129

1466 266 1769 327 CONTRA
1810 266 2239 328 EPIlESlUM.

3387 269 3487 334 130
3580 246 3603 267 ⁵

238 395 386 446 ἐστιν
418 386 631 451 είπεῖν;
670 385 793 436 Ὅτι
830 380 888 434 ἐν
919 379 1078 451 ἐτέρα
1111 378 1334 449 ἔφαγον,
1387 381 1482 433 καὶ
1518 380 1609 434 τὸν
1648 380 1811 447 νόμον

1935 380 2293 444 :omederunt,
2326 386 2380 435 et
2428 394 2457 433 a
2507 379 2625 449 lege
2670 378 3043 436 discesserunt
3102 379 3267 434 caedis
3326 380 3489 449 hujus

236 482 438 535 ἔλυσαν
478 475 565 528 διὰ
598 475 698 543 τὴν
723 469 1021 539 ἐπιθυμίαν
1044 469 1145 539 τὴν
1174 466 1300 535 περὶ
1320 466 1420 534 τὴν
1445 465 1661 534 σφαγὴν
1687 463 1817 517 ταύ-

236 591 355 642 την.
392 568 530 626 Οὐδὲ
569 568 679 634 γὰρ
714 566 743 617 ὁ
785 562 1023 632 Χριστὸς
1069 558 1285 629 παρέϐη
1337 557 1427 611 τὸν
1477 555 1671 627 καιρὸν
1721 553 1815 607 τοῦ

238 665 455 733 Πάσχα,
486 658 603 714 ἀλλ’
626 658 825 709 ἐκεῖνοι
856 653 905 707 οί
930 652 1109 705 πάντα
1134 648 1445 720 τολμῶντες
1470 649 1563 700 καὶ
1592 646 1818 716 μυρίους

240 742 689 812 καταπατοῦντες
717 747 941 816 νόμους.
974 743 1196 797 Τούτων
1230 741 1406 803 οὕτως
1435 738 1671 811 ἐχόντων
1700 736 1817 798 πῶς

246 844 704 914 κατηγορήσομεν
748 838 877 899 τοὺς
931 834 1068 905 μετὰ
1098 833 1326 903 ἀζύμων
1352 830 1451 901 τὴν
1505 830 1697 883 θυσίαν
1727 845 1817 881 τε·

243 937 471 998 λοῦντας
500 951 515 994 ;
544 931 681 1002 Περὶ
714 929 772 983 δὲ
808 927 968 998 ήμῶν
1013 924 1197 979 αὐτῶν
1258 922 1402 976 οὕτω
1450 921 1704 991 λέγομεν,
1737 920 1820 972 ὅτι

247 1029 394 1084 οὕτω
418 1022 819 1095 παρελάϐομεν,
850 1022 944 1073 καὶ
976 1016 1119 1071 οὕτω
1151 1018 1473 1085 στέργομεν,
1505 1014 1581 1076 ὼς
1608 1013 1655 1065 οἱ
1690 1011 1823 1064 ἀπό-

250 1118 431 1172 στολοι
460 1114 577 1168 κατ’
602 1108 750 1166 οἷκον
779 1110 1018 1171 κλῶντες
1049 1109 1214 1177 ἄρτον
1257 1105 1358 1175 τὴν
1399 1104 1590 1158 Θυσίαν
1635 1102 1823 1154 ἐπετέ-

250 1212 398 1262 λουνο
432 1206 526 1258 καὶ
575 1200 815 1271 οὐδαμοῦ
865 1199 1118 1269 φαίνεται
1168 1197 1241 1259 ὡς
1287 1196 1498 1264 ἄζυμον
1531 1191 1825 1263 ζητοῦντες

253 1302 350 1371 τὴν
376 1296 570 1352 Θυσίαν
596 1292 908 1347 ἐπετέλουν.
941 1289 1053 1343 Καὶ
1098 1288 1263 1342 πάλιν
1307 1289 1363 1339 ἐν
1397 1289 1523 1348 ταῖς
1556 1286 1663 1338 τῶν
1693 1284 1824 1346 ἀζύ-

257 1409 375 1462 μων
424 1390 664 1459 ἡμέραις
718 1382 970 1454 μηδαμοῦ
1022 1383 1081 1433 ἐν
1134 1379 1534 1448 Ἱεροσολύμοις
1588 1373 1823 1443 ἐνζύμου

254 1479 672 1551 εὑρισκομένου,
698 1467 937 1540 οὐδαμοῦ
973 1470 1135 1523 πάλιν
1170 1468 1442 1535 φαίνεται,
1481 1467 1562 1518 ὅτι
1595 1464 1824 1531 ἐνζυμον

254 1570 554 1635 αἰτοῦντες,
602 1565 776 1627 οὕτως
844 1562 1086 1615 ἐποίουν.
1148 1559 1410 1630 ’ῌδεισαν
1459 1556 1592 1624 γὰρ,
1639 1555 1722 1607 ὅτι
1763 1553 1825 1605 τὸ

254 1662 385 1714 αὐτό
418 1661 565 1711 ἐστιν
615 1652 1001 1721 ὑποκείμενον,
1037 1652 1065 1702 ὁ
1114 1649 1178 1700 ἐκ
1227 1646 1319 1699 τοῦ
1378 1646 1528 1697 σίτου
1575 1644 1822 1711 ἄλευρος.

255 1754 328 1807 υῦ
356 1750 467 1818 γὰρ
493 1748 584 1801 διὰ
608 1744 672 1797 τδ
708 1743 787 1814 μὴ
837 1741 982 1811 ἔχειν
1028 1739 1230 1809 μικρὰν
1281 1737 1483 1807 ζύμην,
1520 1735 1617 1805 ήδη
1650 1735 1825 1786 πάντα

258 1846 330 1898 τὰ
356 1839 655 1908 τελούμενα
678 1834 845 1904 ἀργὰ,
876 1833 973 1885 καὶ
1008 1831 1242 1901 μάλιστα
1275 1828 1342 1881 τὰ
1371 1826 1465 1879 τοῦ
1498 1825 1705 1895 Κυρίου
1730 1824 1825 1893 ῥή-

269 1953 436 2006 ματα,
467 1933 616 1987 ἅτινα
638 1930 728 1981 καὶ
755 1924 1112 1998 μεταποιοῦσι
1135 1922 1227 1974 τὸν
1255 1921 1420 1991 ἄρτον
1436 1921 1530 1971 καὶ
1564 1917 1654 1971 τὸν
1684 1912 1827 1968 οἶνον

270 2025 458 2094 σὺντῷ
488 2021 743 2081 ῦδατιείς
793 2017 953 2087 σῶμα
1002 2015 1096 2067 καὶ
1133 2009 1273 2082 αἷμα
1348 2010 1539 2064 αὑτοῦ.
1592 2008 1716 2060 Ὅτι
1770 2006 1827 2059 δὲ

260 2118 390 2170 αὐτὰ
420 2114 489 2166 sit
526 2113 750 2183 ῥήματα
780 2102 1287 2179 μεταρῤυθμίζουσι
1318 2101 1416 2170 τὴν
1459 2099 1590 2169 ὕλην
1623 2096 1828 2165 ταύτην

257 2214 334 2272 εἰς
387 2209 458 2260 τὰ
494 2202 788 2275 εἰρημένα,
820 2201 1057 2254 ἄκουσον
1104 2194 1199 2249 τοῦ
1242 2194 1389 2247 θείου
1436 2188 1825 2262 Χρυσοστὸμου

257 2303 311 2354 ἐν
335 2298 411 2369 τῷ
440 2297 609 2364 λόγῳ,
636 2287 696 2345 οὗ
718 2293 751 2361 ή
782 2287 1087 2358 ἐπιγραφὴ,
1117 2290 1221 2353 Εῑς
1249 2283 1696 2353 τὴν-προδοσίαν
1717 2277 1826 2333 τοῦ

270 2392 491 2455 Ἰούδα,
519 2388 616 2442 καί
647 2389 735 2453 εις
766 2385 832 2439 τὸ
872 2381 1175 2452 μυστικὸν
1219 2378 1468 2433 δεῖπνον
1498 2375 1608 2431 τοῦ
1636 2372 1831 2441 Σωτῆ-

250 2503 387 2554 ρος,
429 2482 525 2537 καὶ
570 2482 722 2534 κατὰ
766 2475 1109 2531 Ἰουδαίων·
1145 2475 1181 2543 ή
1214 2474 1270 2525 δὲ
1308 2470 1453 2541 ἀρχὴ
1500 2468 1595 2523 τοῦ
1643 2466 1825 2535 λόγου·

268 2574 623 2643 Ἐϐουλόμην,
669 2568 973 2639 ἀγαπητοὶ,
1001 2565 1104 2632 τῆς
1135 2561 1279 2617 κατὰ
1331 2562 1423 2614 τὸν
1484 2558 1830 2629 πατριάρχην

258 2669 421 2724 πάλιν
453 2665 790 2725 ὑποθέσεως.
816 2662 1057 2731 Πάρεστι
1076 2658 1171 2711 καὶ
1199 2652 1293 2707 νῦν
1324 2655 1352 2706 ὁ
1372 2651 1606 2721 Χριστὸς
1623 2651 1831 2710 ἐκεῖνος

260 2762 355 2831 τὴν
384 2755 665 2827 τράπεζαν
708 2734 913 2819 ταύτην
942 2746 1166 2816 κοσμῶν
1184 2758 1199 2773 ⁸
1226 2744 1255 2795 ὁ
1287 2741 1396 2810 γὰρ
1420 2740 1521 2810 τὴν
1549 2734 1828 2806 τράπεζαν

262 2828 478 2921 tissimi:
506 2846 789 2917 κοσμήσας
827 2842 970 2904 τότε,
999 2833 1153 2898 οὗτος
1177 2838 1271 2891 καὶ
1310 2833 1518 2903 ταύτην
1546 2828 1832 2897 διακοσμεῖ

261 2944 375 2998 νῦν.
544 2939 654 3009 γὰρ
710 2932 999 3005 ἄνθρωπός
1029 2933 1175 2984 ἐστιν
1218 2930 1246 2981 ὁ
1282 2924 1455 2980 ποιῶν
1486 2925 1554 2977 τὰ
1604 2920 1827 2992 προκείο

1917 470 2180 526 facienda:
2215 471 2514 527 desiderio.
2559 470 2749 541 Neque
2800 472 2945 526 enim
2979 471 3232 527 Christus
3271 478 3488 541 tempus

1917 563 2141 619 Paschae
2164 579 2274 618 non
2307 566 2641 633 observavit,
2667 565 2761 621 sed
2785 565 2858 620 illi
2887 565 2978 632 qui
3009 564 3143 617 nihil
3172 578 3281 617 non
3326 563 3491 617 aude-

1918 653 2069 719 bant,
2102 664 2155 709 et
2182 656 2328 723 leges
2369 656 2681 711 innumeras
2717 657 3165 726 perrumpehant.
3204 654 3339 710 Cum
3374 656 3489 709 hac

1918 746 1992 799 ita
2031 761 2091 801 se
2118 746 2376 807 haheant,
2408 761 2514 815 qua
2548 749 2760 801 ratione
2816 759 2978 801 erunt
3004 763 3034 801 a
3085 748 3243 803 nobis
3301 762 3489 816 repre-

1918 835 2209 899 hendendi,
2243 838 2335 905 qui
2366 850 2559 907 azyma
2582 837 2941 893 sacriﬁcant?
2992 838 3064 891 De
3116 838 3274 893 nobis
3311 845 3491 892 autem

1922 929 2056 998 ipsis
2092 928 2348 993 dicimus,
2374 928 2450 983 ita
2483 944 2586 983 nos
2630 930 2929 998 accepisse.
2963 937 3017 983 et
3072 936 3315 982 nostram
3363 943 3493 983 con—

1922 1020 2266 1075 suetudinem
2299 1027 2472 1073 ratam
2512 1020 2711 1074 habere
2738 1037 2750 1083 ;
2782 1026 2834 1073 et
2864 1018 3091 1088 apostoli
3124 1018 3271 1071 domi
3301 1032 3494 1086 panem

1924 1111 2235 1179 frangentes
2256 1111 2588 1165 sacrificium
2616 1110 2982 1174 factitabant;
3020 1124 3199 1179 neque
3257 1124 3487 1177 usquam

1923 1211 2171 1272 apparet,
2202 1204 2491 1270 quarsitum
2524 1218 2647 1257 esse
2676 1203 2745 1256 ab
2778 1204 2883 1257 illis
2914 1217 3105 1271 panem
3146 1216 3396 1271 azymnm
3431 1199 3495 1251 :ul

1922 1291 2374 1347 sacriﬁcandum.
2403 1290 2619 1346 Rursus
2641 1305 2765 1345 cum
2801 1292 2916 1346 dies
2940 1299 3123 1346 essent
3151 1305 3496 1359 azymorum,

1923 1395 1977 1440 et
2010 1385 2370 1440 fermentatus
2401 1387 2559 1455 panis
2588 1400 2693 1439 non
2726 1392 2872 1441 esset
2928 1382 3338 1454 Hierosolymis,
3368 1397 3500 1435 nus-

1924 1494 2085 1548 quam
2116 1478 2366 1534 similiter
2400 1487 2645 1547 apparet,
2708 1478 2937 1545 quaesito
3001 1474 3327 1530 fermentata
3382 1474 3501 1526 illos

1926 1584 2309 1633 consecrasse,
2335 1570 2479 1638 quod
2514 1569 2717 1624 scirent
2743 1570 3023 1622 materiam
3061 1582 3186 1622 esse
3226 1566 3500 1627 eamdem,

1926 1673 2123 1730 nempe
2154 1659 2387 1713 farinam
2423 1659 2719 1712 triticeam.
2752 1656 2941 1726 Neque
2967 1659 3115 1711 enim
3148 1653 3295 1725 quod
3329 1654 3501 1708 modi.

1928 1767 2053 1804 cum
2119 1766 2224 1805 non
2276 1750 2418 1806 adsit
2484 1749 2834 1813 fermentum,
2884 1748 3123 1802 invalida
3173 1748 3285 1816 jam
3334 1753 3501 1799 erunt

1927 1844 2112 1897 omnia
2142 1856 2264 1911 quae
2297 1841 2363 1896 ad
2391 1841 2721 1896 sacriﬁcium
2754 1849 3027 1910 spectant,
3062 1839 3366 1910 praesertim
3396 1837 3504 1891 Do-

1928 1933 2060 1988 mini
2090 1935 2280 1999 verha,
2318 1947 2442 2002 quae
2471 1946 2666 2001 panem
2699 1939 2752 1986 et
2776 1932 2960 1986 vinum
2992 1947 3115 1986 cum
3152 1946 3295 2001 aqua
3325 1941 3502 1985 trans-

1928 2032 2145 2079 mutant
2218 2025 2273 2077 in
2333 2039 2533 2092 corpus
2601 2021 2723 2091 ejus
2778 2031 2832 2077 et
2891 2021 3282 2091 sanguinem?
3343 2020 3501 2087 Quod

1929 2126 2109 2170 antem
2144 2115 2311 2168 verba
2344 2114 2458 2167 haec
2504 2114 2787 2169 materiam
2821 2114 2970 2167 illam
3024 2122 3393 2168 transmutent
3444 2112 3500 2167 in

1928 2222 1991 2263 ea
2027 2222 2146 2277 qum
2174 2207 2435 2271 diximus,
2483 2206 2610 2260 audi
2653 2221 2720 2261 ex
2773 2205 2956 2261 divino
3004 2206 3396 2276 Chrysostomo
3447 2206 3499 2259 in

1928 2300 2220 2361 oratione.
2292 2314 2413 2369 quze
2474 2297 2799 2354 inscribitur
2848 2314 2864 2353 :
2918 2297 2981 2352 Iu
3038 2296 3197 2351 Iuda:
3246 2296 3503 2365 proditio.

1930 2407 2086 2457 nem,
2144 2399 2192 2443 et
2258 2391 2534 2459 mysticam
2598 2386 2902 2442 Saluatoris
2961 2403 3203 2451 caenam,
3263 2395 3310 2439 et
3380 2400 3505 2439 con-
3616 2408 3623 2411 ι

1932 2495 2019 2539 tra
2077 2476 2318 2550 Judwos;
2378 2483 2645 2538 orationis
2698 2490 2878 2537 autem
2940 2480 3161 2536 initium
3202 2480 3307 2535 hoc
3359 2488 3442 2534 est
3489 2495 3504 2531 :

1930 2580 2190 2635 Volebam
2257 2592 2391 2633 sane
2425 2616 2440 2641 ,
2500 2572 2868 2638 dilectissimi,
2932 2587 3129 2627 rursus
3182 2570 3508 2638 patriarcha:

1930 2679 2331 2743 argumentum,
2363 2674 2472 2724 etc.
2500 2665 2666 2722 Adest
2696 2678 2843 2719 nunc
2886 2664 3052 2719 etiam
3084 2662 3340 2718 Christus
3388 2662 3510 2731 ipse

1930 2777 2174 2819 mensam
2210 2761 2351 2814 hanc
2404 2772 2611 2812 ornans
2658 2755 2805 2826 :qui
2863 2754 3011 2810 enim
3064 2762 3194 2808 tunc
3260 2767 3507 2807 mensam

1930 2857 2074 2912 illam
2101 2854 2336 2918 ornavit,
2363 2852 2505 2907 idem
2533 2865 2679 2904 nunc
2701 2856 2755 2903 et
2782 2849 2921 2902 hanc
2948 2848 3122 2916 ipsam
3150 2845 3507 2900 condecorat.

1931 2949 2116 3018 Neque
2141 2946 2283 3000 enim
2309 2948 2478 2999 homo
2537 2951 2638 3005 est,
2664 2941 2760 3009 qui
2795 2940 2925 2993 facit
2960 2948 3021 2992 ut
3048 2939 3325 3009 preposita
3380 2938 3509 2989 ﬁant

266 3053 405 3106 μενα
443 3030 698 3101 γενέσθαι
732 3027 891 3098 σῶμα
918 3024 1016 3077 καί
1047 3017 1188 3097 αἷμα
1230 3017 1491 3087 Χριστοῦ,
1523 3015 1638 3068 ἀλλ’
1670 3014 1831 3076 αὐτὸς

1935 3014 2130 3107 corpus
2152 3046 2205 3091 et
2235 3035 2459 3103 sanguis
2476 3031 2704 3096 Christi,
2728 3031 2819 3084 sed
2840 3030 2931 3098 qui
2964 3044 3064 3097 pro
3115 3029 3276 3083 nobis
3331 3028 3509 3080 cruci-

262 3103 290 3180 δ
323 3121 663 3193 σταυρωθεὶς
692 3117 830 3188 ὑπὲρ
882 3114 1041 3187 ἡμῶν
1071 3111 1326 3181 Χριστός.
1372 3107 1570 3178 Σχῆμα
1610 3103 1835 3176 πληρῶν

263 3225 293 3275 ὁ
319 3220 505 3290 ἱερεὺς
535 3217 694 3286 μόνον
727 3214 947 3280 ἔστηκε,
980 3210 1087 3263 καὶ·
1110 3206 1411 3280 προσφέρει
1444 3203 1540 3273 τὴν
1558 3202 1742 3271 δέησιν
1771 3197 1837 3252 τὰ

270 3316 493 3385 ῥήματα
517 3307 886 3378 φθεγγόμενος
917 3303 1122 3356 ἐκεῖνα*
1151 3302 1184 3370 ή
1210 3299 1268 3352 δὲ
1300 3298 1459 3368 χάρις
1492 3295 1587 3349 καὶ
1611 3295 1643 3364 ή
1678 3292 1838 3347 δύνα-

272 3382 365 3471 μίς
393 3404 509 3454 ἐστι
538 3396 631 3451 τοῦ
660 3394 795 3449 Θεοῦ
828 3396 861 3464 ή
890 3395 1071 3447 πάντα
1099 3387 1467 3459 ἐργαζομένη.
1510 3385 1693 3440 Τοῦτό
1719 3382 1838 3452 μού

269 3494 401 3546 ἐστι
428 3491 495 3544 τὸ
532 3487 727 3557 σῶμα,
754 3484 910 3553 φησί’
942 3482 1102 3536 τοῦτο
1124 3482 1184 3533 τὸ
1212 3480 1365 3550 ῥῆμα
1401 3478 1467 3531 τὰ
1502 3477 1839 3546 προκείμενα

272 3581 731 3656 μεταρρυθμίζει.
762 3577 875 3632 Καὶ
905 3574 1161 3643 καθάπερ
1203 3572 1384 3634 ἐκείνη
1415 3572 1448 3640 ἡ
1498 3570 1649 3639 φωνὴ
1687 3569 1720 3638 ή
1756 3568 1840 3622 λέ-

270 3693 463 3746 γουσα·
505 3670 878 3737 Δύξάγεσθε,
909 3667 1009 3721 καί
1044 3663 1450 3731 πληθύνεσθε,
1480 3660 1579 3714 καί
1609 3658 1843 3729 πληρώ-

270 3785 417 3825 σατε
448 3765 567 3833 τὴν
600 3762 740 3833 γῆν,
762 3758 964 3832 ἐρρέθη
993 3758 1092 3827 μὲν
1126 3754 1291 3818 ἅπαξ,
1319 3753 1408 3806 διὰ
1430 3752 1630 3814 παντὸς
1658 3751 1714 3803 δὲ
1747 3748 1841 3803 τοῦ

270 3861 468 3932 χρόνου
501 3857 712 3924 γίνεται
746 3853 949 3922 ίέργον,
1004 3847 1315 3916 δυναμοῦσα
1372 3843 1469 3911 τὴν
1529 3841 1692 3911 φύσιν
1744 3841 1845 3911 τὴν

275 3952 561 4025 ήμετέραν
598 3946 735 4015 πρὸς
764 3939 1132 3997 παιδοποιίαν·
1162 3937 1303 3992 οὕτω
1332 3939 1426 3990 καὶ
1458 3936 1595 4005 αὕτη
1626 3939 1658 4004 ή
1691 3934 1843 4005 φωνὴ

274 4023 429 4107 απαξ
460 4038 713 4108 λεχθεῖσα
738 4033 889 4101 παρὰ
916 4033 1015 4099 τῆς
1051 4029 1201 4092 θείας
1224 4026 1470 4095 γλώττης
1501 4027 1736 4092 ἐκείνης,
1762 4023 1845 4090 τὸ,

278 4132 465 4190 Τοῦτό
511 4129 627 4199 μού
660 4127 792 4180 ἐστι
825 4123 893 4176 τὸ
932 4120 1124 4190 σῶμα,
1159 4117 1283 4171 καθ’
1313 4118 1548 4187 ἐκάστην
1567 4113 1847 4186 τράπεζαν

271 4230 330 4281 ἐν
361 4226 485 4285 ταῖς
510 4217 855 4288 ἐκκλησίαις,
885 4212 1092 4280 ἐκείνου
1146 4211 1239 4263 τοῦ
1284 4212 1528 4281 ῥήματος
1558 4210 1590 4278 ή
1620 4207 1847 4275 δύναμις

277 4316 441 4385 μέχρι
471 4310 572 4379 τῆς
622 4309 885 4377 σήμερον,
917 4304 1013 4355 καὶ
1042 4302 1171 4371 ἄχρι
1218 4300 1318 4368 τῆς
1348 4296 1513 4351 αὐτοῦ
1548 4296 1849 4367 παρουσίας

1938 3131 2077 3184 ﬁxus
2111 3134 2213 3188 est,
2248 3125 2364 3194 ipse
2409 3123 2684 3178 Christus.
2739 3119 3002 3190 Figuram
3051 3126 3264 3172 tantum
3314 3132 3509 3187 gerens

1940 3229 2048 3278 stat
2066 3218 2346 3280 sacerdos,
2378 3224 2430 3268 et
2460 3227 2648 3284 preces
2671 3209 2846 3276 oll‘ert,
2871 3212 2999 3265 dum
3027 3210 3193 3265 verba
3222 3209 3310 3262 illa
3335 3224 3509 3262 enun-

1939 3313 2069 3375 tiat;
2102 3322 2289 3362 verum
2319 3305 2494 3374 gratia
2524 3313 2576 3356 ct
2597 3302 2836 3356 eliicacia
2864 3299 2960 3354 Dei
3014 3309 3119 3364 est,
3147 3314 3268 3368 quae
3316 3313 3512 3368 opera-

1942 3410 2030 3455 tur
2057 3397 2257 3453 omnia.
2291 3394 2401 3447 Hoc
2439 3403 2540 3455 est,
2585 3392 2787 3461 inquit,
2845 3407 3033 3460 corpus
3088 3405 3297 3454 meum;
3350 3388 3512 3443 verba

1940 3494 2055 3547 haec
2092 3488 2426 3560 propositam
2475 3490 2847 3539 transmittant
2876 3483 3184 3537 materiam.
3215 3483 3279 3535 Et
3326 3495 3513 3551 quem-

1940 3582 2232 3637 admodum
2272 3591 2376 3630 vox
2414 3576 2549 3629 illa:
2592 3574 2822 3629 Crescite
2871 3583 2919 3627 et
2979 3572 3404 3640 multiplicamini
3464 3580 3515 3623 et

1940 3672 2133 3741 replete
2156 3677 2353 3721 terram
2378 3666 2441 3731 ",
2470 3666 2680 3734 prolata
2713 3664 2930 3733 quidem
2954 3672 3037 3717 est
3062 3661 3375 3735 semel,1sed
3403 3676 3520 3729 pcr-

1944 3765 2121 3835 petuis
2153 3758 2486 3829 temporibus
2514 3758 2573 3810 ﬁt
2622 3770 2778 3826 opus,
2844 3765 3092 3808 naturam
3152 3764 3397 3809 nostram
3447 3753 3514 3805 ad

1942 3854 2380 3924 procreationem
2407 3849 2807 3905 corroborans:
2839 3848 2914 3901 ita
2968 3857 3021 3902 et
3045 3849 3157 3903 haec
3189 3863 3288 3901 vox
3349 3845 3519 3901 senui

1944 3952 2115 4005 missa
2157 3946 2332 4001 abilla
2375 3944 2556 3997 divina
2592 3943 2809 4011 lingua:
2852 3941 2964 3995 Hoc
3009 3952 3086 3993 est
3111 3956 3299 4009 corpus
3326 3954 3518 4000 meum,
3562 3988 3577 4013 ι

1946 4043 2000 4097 in
2033 4041 2261 4111 singulis
2292 4039 2561 4093 altaribus
2583 4052 2677 4106 per
2705 4035 2973 4089 ecclesias
2994 4036 3197 4088 virtute
3214 4048 3313 4087 sua
3336 4032 3517 4091 cllicit,

1947 4141 2008 4186 ut
2039 4133 2104 4186 ad
2134 4132 2274 4184 hanc
2315 4130 2457 4183 diem
2490 4136 2543 4180 et
2570 4140 2742 4193 usque
2769 4126 2832 4178 ad
2867 4124 3115 4175 futurum
3170 4123 3287 4191 ejus
3316 4123 3518 4172 adven-

1948 4234 2062 4278 tum
2094 4219 2424 4276 sacrificium
2454 4218 2723 4285 integrum
2752 4221 3057 4283 peragatur.
3091 4210 3149 4265 Si
3181 4224 3311 4279 ergo
3349 4209 3514 4262 verba

1951 4314 2463 4368 hwcttausmutant
2486 4307 2767 4361 materiam
2797 4303 3136 4373 propositam
3206 4303 3258 4355 in
3320 4316 3519 4368 corpus

274 4376 598 4476 την-θυσίαν
638 4376 1062 4470 ἀπηρτισμένην
1105 4392 1417 4465 ἐργάζεται.
1453 4391 1516 4444 Εί
1567 4389 1658 4443 οῦν
1690 4388 1833 4442 τοῦτ(

1952 4414 2007 4459 et
2030 4401 2349 4471 sanguinem
2391 4398 2615 4464 Christi,
2638 4397 2987 4463 cﬂiciuntque
3020 4403 3078 4448 ut
3100 4394 3211 4449 sint
3242 4392 3519 4448 tremenda

273 4504 333 4554 τὸ
358 4500 512 4568 ῥῆμα
537 4498 619 4559 εἰς
648 4495 809 4564 σῶμα
840 4489 1080 4562 Χριστοῦ
1115 4491 1208 4541 καὶ
1240 4482 1379 4557 αἷμα
1404 4486 1476 4539 τὰ
1509 4483 1847 4555 προκείμενα

281 4592 589 4661 μεταποιεῖ,
615 4589 711 4640 καὶ⁹
735 4586 941 4656 φρικτὰ
992 4584 1271 4653 μυστήρια
1302 4578 1696 4648 ἀπεργάζεται,
1726 4578 1849 4630 ἀδυ-

277 4685 431 4736 νατεῖ
456 4681 515 4733 δι
566 4679 740 4731 ταῦτα
773 4672 913 4728 εἶναι
959 4674 1145 4727 τέλεια
1201 4671 1291 4724 διὰ
1336 4670 1397 4725 τὸ
1456 4669 1531 4739 μὴ
1564 4668 1709 4738 ἔχειν
1758 4684 1848 4735 μι-

279 4776 421 4841 κρὰν
470 4772 672 4841 ζύμην,
732 4768 914 4835 Θαῦμα
944 4767 1009 4820 ἂν
1054 4765 1140 4835 εἴη
1171 4779 1186 4795 ο
1235 4763 1330 4817 καὶ
1360 4761 1534 4815 ταῦτα
1584 4762 1641 4813 ἐν
1679 4759 1851 4831 ταύτῃ

280 4867 344 4933 τῇ
402 4862 507 4933 ’ὕλῃ
551 4861 645 4913 τοῦ
678 4857 917 4927 Χριστοῦ
966 4855 1311 4915 τελέσαντος,
1345 4853 1419 4915 ὡς
1466 4850 1851 4922 προαποδεδειο

284 4970 409 5005 κται
420 4991 433 5004 .

974 5038 1163 5092 ΕΦΕΣ.

366 5136 481 5205 Ἆρ’
510 5133 607 5203 οὐχ
648 5135 807 5187 ἱκανὰ
836 5131 1010 5185 ταῦτα
1052 5132 1152 5201 τὴν
1183 5129 1415 5198 γνώμην
1444 5129 1625 5181 αὐτῶν
1656 5128 1857 5182 διαδεί-

288 5228 398 5293 ξαι,
430 5228 525 5281 καὶ
572 5227 651 5280 ὅτι
683 5226 783 5278 οὐκ
828 5224 1083 5295 ἀληθείας
1118 5224 1348 5295 ἔρευναν
1385 5222 1697 5292 ποιούμενοι
1744 5224 1857 5284 τοῖς

284 5320 540 5379 Λατίνοις
586 5317 868 5385 συνῆλθον,
896 5316 963 5386 ἢν
1007 5317 1066 5369 ἐν
1105 5316 1295 5385 χερσὶν
1330 5314 1545 5384 ἔχοντες
1592 5312 1858 5383 προδεδώ-

288 5428 469 5473 κασιν,
504 5409 639 5463 ἀλλὰ
684 5411 1049 5478 χρυσὸχοῆσαι
1106 5408 1445 5478 βουλόμενοι,
1497 5406 1591 5460 καὶ
1640 5407 1858 5461 πεπλα-

293 5505 500 5572 σμένην
535 5502 636 5554 ούκ
670 5501 842 5571 ἀληθῆ
875 5502 1246 5571 συστήσασθαι
1276 5500 1509 5564 ἐνωσινς

358 5709 404 5741 ⁸⁵
425 5709 562 5764 Gen.
589 5722 631 5773 ι,
653 5705 744 5761 28.

1955 4494 2251 4566 mysteria;
2291 4491 2489 4545 mirum
2533 4488 2775 4558 profecto
2821 4486 3008 4550 fuerit,
3042 4487 3088 4541 si
3141 4484 3386 4555 perfecta
3432 4482 3519 4534 ίιιι

1955 4598 2076 4639 esse
2103 4598 2211 4637 non
2238 4597 2306 4651 po
2340 4581 2469 4643 sint,
2503 4578 2647 4649 quod
2673 4593 2780 4632 non
2805 4576 2948 4631 adsit
2977 4575 3248 4629 modicum
3285 4572 3522 4627 fermen-

1957 4685 2109 4740 tum;
2140 4677 2299 4745 idque
2327 4688 2449 4728 cum
2482 4672 2539 4726 in
2565 4671 2657 4725 tali
2701 4671 2928 4726 materia
2957 4668 3209 4724 Christus
3260 4668 3374 4737 ipse
3394 4681 3525 4722 cou-

1960 4766 2170 4831 fecerit,
2197 4775 2254 4819 ut
2283 4762 2657 4833 probavimus.
3192 4780 3197 4783 ·

2628 5036 2871 5092 EPHES.

2030 5134 2111 5187 An
2152 5146 2259 5187 non
2287 5131 2423 5187 satis
2468 5131 2584 5184 haec
2614 5138 2740 5183 sunt
2774 5128 2839 5181 ad
2862 5125 3255 5183 declarandum
3280 5122 3525 5176 animum

1961 5240 2172 5290 eorum,
2210 5224 2356 5293 quod
2378 5237 2488 5277 non
2515 5220 2836 5291 indagandae
2856 5219 3105 5274 veritatis
3133 5214 3337 5277 studio,
3363 5227 3525 5282 quam

1966 5320 2020 5371 in
2057 5318 2307 5370 manibus
2341 5313 2602 5369 habentes
2664 5311 2981 5383 prodidere,
3041 5310 3095 5362 in
3169 5320 3338 5359 unum
3401 5320 3525 5359 cum

1969 5409 2181 5465 Latinis
2208 5420 2525 5460 convenere
2551 5405 2769 5471 locum;
2803 5402 2898 5458 sed
2925 5401 3206 5454 voluntate
3233 5397 3531 5466 expiscan-

1970 5502 2023 5555 di
2061 5513 2280 5565 aurum,
2313 5506 2369 5552 et
2399 5497 2603 5563 ﬁctam,
2638 5511 2744 5552 non
2778 5506 2961 5550 veram
3022 5487 3284 5545 unionem
3349 5489 3536 5545 conci-

1976 5590 2189 5645 “andi?
