  <div class='ocr_page' id='page_1' title='image "/cluster/home/n/w/nwhite01/storage/ocr_20150623/160/hvd.32044073502692/074.png"; bbox 0 0 3988 6216; ppageno 0'>
   <div class='ocr_carea' id='block_1_1' title="bbox 272 218 379 281">
    <p class='ocr_par' dir='ltr' id='par_1_1' title="bbox 272 218 379 281">
     <span class='ocr_line' id='line_1_1' title="bbox 272 218 379 281; baseline 0.019 -2"><span class='ocrx_word' id='word_1_1' title='bbox 272 218 379 281; x_wconf 77' lang='grc'><strong>133</strong></span> 
     </span>
    </p>
   </div>
   <div class='ocr_carea' id='block_1_2' title="bbox 268 424 1851 509">
    <p class='ocr_par' dir='ltr' id='par_1_2' title="bbox 268 424 1851 509">
     <span class='ocr_line' id='line_1_2' title="bbox 268 424 1851 509; baseline 0.014 -37"><span class='ocrx_word' id='word_1_2' title='bbox 268 436 386 488; x_wconf 86' lang='grc' dir='ltr'>ρων</span> <span class='ocrx_word' id='word_1_3' title='bbox 422 424 532 475; x_wconf 72' lang='grc' dir='ltr'>πᾶν</span> <span class='ocrx_word' id='word_1_4' title='bbox 581 424 642 476; x_wconf 76' lang='grc' dir='ltr'>τὸ</span> <span class='ocrx_word' id='word_1_5' title='bbox 671 425 1073 499; x_wconf 71' lang='grc' dir='ltr'>ἑξαπλούμενον</span> <span class='ocrx_word' id='word_1_6' title='bbox 1103 436 1198 487; x_wconf 77' lang='grc' dir='ltr'>καὶ</span> <span class='ocrx_word' id='word_1_7' title='bbox 1224 436 1726 509; x_wconf 74' lang='grc' dir='ltr'>ὲπεξεργαζόμενον</span> <span class='ocrx_word' id='word_1_8' title='bbox 1750 441 1851 494; x_wconf 83' lang='grc' dir='ltr'>οὐκ</span> 
     </span>
    </p>
   </div>
   <div class='ocr_carea' id='block_1_3' title="bbox 264 513 1846 601">
    <p class='ocr_par' dir='ltr' id='par_1_3' title="bbox 264 513 1846 601">
     <span class='ocr_line' id='line_1_3' title="bbox 264 513 1846 601; baseline 0.015 -38"><span class='ocrx_word' id='word_1_9' title='bbox 264 513 576 584; x_wconf 83' lang='grc' dir='ltr'>ἀνατρέπει</span> <span class='ocrx_word' id='word_1_10' title='bbox 624 517 688 569; x_wconf 86' lang='grc' dir='ltr'>τὸ</span> <span class='ocrx_word' id='word_1_11' title='bbox 719 518 959 587; x_wconf 84' lang='grc' dir='ltr'>πρῶτον.</span> <span class='ocrx_word' id='word_1_12' title='bbox 999 524 1100 577; x_wconf 81' lang='grc' dir='ltr'><strong>οῦκ</strong></span> <span class='ocrx_word' id='word_1_13' title='bbox 1127 525 1349 591; x_wconf 76' lang='grc' dir='ltr'>ἀλλοιοῖ,</span> <span class='ocrx_word' id='word_1_14' title='bbox 1384 528 1500 582; x_wconf 79' lang='grc' dir='ltr'>ἀλλ’</span> <span class='ocrx_word' id='word_1_15' title='bbox 1530 530 1638 583; x_wconf 82' lang='grc' dir='ltr'>οὐδ’</span> <span class='ocrx_word' id='word_1_16' title='bbox 1664 533 1846 601; x_wconf 82' lang='grc' dir='ltr'>ἀμαυ·-</span> 
     </span>
    </p>
   </div>
   <div class='ocr_carea' id='block_1_4' title="bbox 266 606 1848 690">
    <p class='ocr_par' dir='ltr' id='par_1_4' title="bbox 266 606 1848 690">
     <span class='ocr_line' id='line_1_4' title="bbox 266 606 1848 690; baseline 0.013 -34"><span class='ocrx_word' id='word_1_17' title='bbox 266 608 357 674; x_wconf 85' lang='grc' dir='ltr'><strong>ροῖ</strong></span> <span class='ocrx_word' id='word_1_18' title='bbox 395 606 504 659; x_wconf 72' lang='grc' dir='ltr'>οὐδ’</span> <span class='ocrx_word' id='word_1_19' title='bbox 540 607 821 675; x_wconf 76' lang='grc' dir='ltr'><strong>ἀφανίζει,</strong></span> <span class='ocrx_word' id='word_1_20' title='bbox 860 612 996 667; x_wconf 82' lang='grc' dir='ltr'>ἀλλὰ</span> <span class='ocrx_word' id='word_1_21' title='bbox 1041 615 1243 684; x_wconf 83' lang='grc' dir='ltr'>μᾶλλον</span> <span class='ocrx_word' id='word_1_22' title='bbox 1286 620 1572 690; x_wconf 74' lang='grc' dir='ltr'><strong>συνίστησι</strong></span> <span class='ocrx_word' id='word_1_23' title='bbox 1610 624 1703 676; x_wconf 67' lang='grc' dir='ltr'><strong>καὶ</strong></span> <span class='ocrx_word' id='word_1_24' title='bbox 1734 624 1848 678; x_wconf 86' lang='grc' dir='ltr'>δια-</span> 
     </span>
    </p>
   </div>
   <div class='ocr_carea' id='block_1_5' title="bbox 258 701 1845 787">
    <p class='ocr_par' dir='ltr' id='par_1_5' title="bbox 258 701 1845 787">
     <span class='ocr_line' id='line_1_5' title="bbox 258 701 1845 787; baseline 0.013 -37"><span class='ocrx_word' id='word_1_25' title='bbox 258 701 479 767; x_wconf 77' lang='grc' dir='ltr'>τρανοῖ,</span> <span class='ocrx_word' id='word_1_26' title='bbox 510 702 607 753; x_wconf 71' lang='grc' dir='ltr'>καὶ</span> <span class='ocrx_word' id='word_1_27' title='bbox 639 702 1022 777; x_wconf 73' lang='grc' dir='ltr'><strong>φανερώτερον</strong></span> <span class='ocrx_word' id='word_1_28' title='bbox 1047 709 1527 780; x_wconf 81' lang='grc' dir='ltr'>καθίστησιν.’¹οτι</span> <span class='ocrx_word' id='word_1_29' title='bbox 1552 715 1607 768; x_wconf 85' lang='grc' dir='ltr'><strong>δὲ</strong></span> <span class='ocrx_word' id='word_1_30' title='bbox 1642 717 1845 787; x_wconf 76' lang='grc' dir='ltr'>ἀληθὴς</span> 
     </span>
    </p>
   </div>
   <div class='ocr_carea' id='block_1_6' title="bbox 258 788 1840 871">
    <p class='ocr_par' dir='ltr' id='par_1_6' title="bbox 258 788 1840 871">
     <span class='ocr_line' id='line_1_6' title="bbox 258 788 1840 871; baseline 0.015 -33"><span class='ocrx_word' id='word_1_31' title='bbox 258 788 292 856; x_wconf 75' lang='grc' dir='ltr'>ἡ</span> <span class='ocrx_word' id='word_1_32' title='bbox 322 792 453 857; x_wconf 72' lang='grc' dir='ltr'>περὶ</span> <span class='ocrx_word' id='word_1_33' title='bbox 481 789 581 843; x_wconf 82' lang='grc' dir='ltr'><strong>τοῦ</strong></span> <span class='ocrx_word' id='word_1_34' title='bbox 610 792 772 860; x_wconf 79' lang='grc' dir='ltr'>ἁγίου</span> <span class='ocrx_word' id='word_1_35' title='bbox 806 795 1121 866; x_wconf 81' lang='grc' dir='ltr'>ιΙνεύματος</span> <span class='ocrx_word' id='word_1_36' title='bbox 1149 799 1274 865; x_wconf 76' lang='grc' dir='ltr'>δόξα</span> <span class='ocrx_word' id='word_1_37' title='bbox 1300 803 1332 871; x_wconf 83' lang='grc' dir='ltr'>ἡ</span> <span class='ocrx_word' id='word_1_38' title='bbox 1362 804 1454 856; x_wconf 78' lang='grc' dir='ltr'>καὶ</span> <span class='ocrx_word' id='word_1_39' title='bbox 1480 805 1541 856; x_wconf 79' lang='grc' dir='ltr'>ἐκ</span> <span class='ocrx_word' id='word_1_40' title='bbox 1564 803 1658 858; x_wconf 85' lang='grc' dir='ltr'><strong>τοῦ</strong></span> <span class='ocrx_word' id='word_1_41' title='bbox 1686 806 1840 871; x_wconf 82' lang='grc' dir='ltr'><strong>Υίοῦ,</strong></span> 
     </span>
    </p>
   </div>
   <div class='ocr_carea' id='block_1_7' title="bbox 257 882 1842 967">
    <p class='ocr_par' dir='ltr' id='par_1_7' title="bbox 257 882 1842 967">
     <span class='ocr_line' id='line_1_7' title="bbox 257 882 1842 967; baseline 0.013 -36"><span class='ocrx_word' id='word_1_42' title='bbox 257 882 784 949; x_wconf 79' lang='grc' dir='ltr'>προαποδέδεικται,</span> <span class='ocrx_word' id='word_1_43' title='bbox 824 886 907 939; x_wconf 83' lang='grc' dir='ltr'>ὅτι</span> <span class='ocrx_word' id='word_1_44' title='bbox 939 888 1047 943; x_wconf 83' lang='grc' dir='ltr'>τῶν</span> <span class='ocrx_word' id='word_1_45' title='bbox 1085 892 1371 962; x_wconf 76' lang='grc' dir='ltr'><strong>μακαρίων</strong></span> <span class='ocrx_word' id='word_1_46' title='bbox 1400 895 1662 967; x_wconf 84' lang='grc' dir='ltr'>Πατέρων</span> <span class='ocrx_word' id='word_1_47' title='bbox 1693 899 1842 955; x_wconf 76' lang='grc' dir='ltr'>ἐστὶν</span> 
     </span>
    </p>
   </div>
   <div class='ocr_carea' id='block_1_8' title="bbox 257 972 1839 1061">
    <p class='ocr_par' dir='ltr' id='par_1_8' title="bbox 257 972 1839 1061">
     <span class='ocr_line' id='line_1_8' title="bbox 257 972 1839 1061; baseline 0.013 -38"><span class='ocrx_word' id='word_1_48' title='bbox 257 972 293 1042; x_wconf 73' lang='grc' dir='ltr'><strong>ἠ</strong></span> <span class='ocrx_word' id='word_1_49' title='bbox 331 973 486 1044; x_wconf 80' lang='grc' dir='ltr'>φωνὴ</span> <span class='ocrx_word' id='word_1_50' title='bbox 536 974 700 1047; x_wconf 81' lang='grc' dir='ltr'>αὕτη.</span> <span class='ocrx_word' id='word_1_51' title='bbox 752 978 1045 1048; x_wconf 82' lang='grc' dir='ltr'>Μεσότητα</span> <span class='ocrx_word' id='word_1_52' title='bbox 1098 982 1152 1035; x_wconf 83' lang='grc' dir='ltr'>δὲ</span> <span class='ocrx_word' id='word_1_53' title='bbox 1190 984 1301 1037; x_wconf 78' lang='grc' dir='ltr'>οὐδ’</span> <span class='ocrx_word' id='word_1_54' title='bbox 1345 985 1483 1049; x_wconf 82' lang='grc' dir='ltr'>ὅλως</span> <span class='ocrx_word' id='word_1_55' title='bbox 1532 990 1839 1061; x_wconf 79' lang='grc' dir='ltr'>ὲνοήσαμεν</span> 
     </span>
    </p>
   </div>
   <div class='ocr_carea' id='block_1_9' title="bbox 256 1062 1838 1151">
    <p class='ocr_par' dir='ltr' id='par_1_9' title="bbox 256 1062 1838 1151">
     <span class='ocr_line' id='line_1_9' title="bbox 256 1062 1838 1151; baseline 0.015 -38"><span class='ocrx_word' id='word_1_56' title='bbox 256 1062 452 1132; x_wconf 76' lang='grc' dir='ltr'>ἀλλην,</span> <span class='ocrx_word' id='word_1_57' title='bbox 490 1067 536 1118; x_wconf 84' lang='grc' dir='ltr'><strong>εί</strong></span> <span class='ocrx_word' id='word_1_58' title='bbox 589 1068 667 1136; x_wconf 77' lang='grc' dir='ltr'>μὴ</span> <span class='ocrx_word' id='word_1_59' title='bbox 728 1070 831 1136; x_wconf 85' lang='grc' dir='ltr'>τὴν</span> <span class='ocrx_word' id='word_1_60' title='bbox 884 1070 1167 1140; x_wconf 76' lang='grc' dir='ltr'>ἀλήθειαν,</span> <span class='ocrx_word' id='word_1_61' title='bbox 1216 1077 1282 1145; x_wconf 80' lang='grc' dir='ltr'><strong>ἢν</strong></span> <span class='ocrx_word' id='word_1_62' title='bbox 1319 1080 1414 1130; x_wconf 74' lang='grc' dir='ltr'>καὶ</span> <span class='ocrx_word' id='word_1_63' title='bbox 1462 1080 1761 1151; x_wconf 86' lang='grc' dir='ltr'>Γρηγόριος</span> <span class='ocrx_word' id='word_1_64' title='bbox 1809 1085 1838 1137; x_wconf 81' lang='grc' dir='ltr'><strong>ὁ</strong></span> 
     </span>
    </p>
   </div>
   <div class='ocr_carea' id='block_1_10' title="bbox 258 1154 1838 1242">
    <p class='ocr_par' dir='ltr' id='par_1_10' title="bbox 258 1154 1838 1242">
     <span class='ocr_line' id='line_1_10' title="bbox 258 1154 1838 1242; baseline 0.014 -38"><span class='ocrx_word' id='word_1_65' title='bbox 258 1154 523 1221; x_wconf 84' lang='grc' dir='ltr'>Θεολόγος</span> <span class='ocrx_word' id='word_1_66' title='bbox 559 1158 719 1228; x_wconf 75' lang='grc' dir='ltr'>φησί’</span> <span class='ocrx_word' id='word_1_67' title='bbox 752 1161 1045 1231; x_wconf 80' lang='grc' dir='ltr'>Μεσότητα</span> <span class='ocrx_word' id='word_1_68' title='bbox 1093 1164 1149 1216; x_wconf 79' lang='grc' dir='ltr'><strong>δὲ</strong></span> <span class='ocrx_word' id='word_1_69' title='bbox 1197 1165 1327 1221; x_wconf 70' lang='grc' dir='ltr'>ὅταν</span> <span class='ocrx_word' id='word_1_70' title='bbox 1380 1170 1540 1235; x_wconf 79' lang='grc' dir='ltr'>εἴπω,</span> <span class='ocrx_word' id='word_1_71' title='bbox 1574 1174 1670 1239; x_wconf 82' lang='grc' dir='ltr'>τὴν</span> <span class='ocrx_word' id='word_1_72' title='bbox 1707 1174 1838 1242; x_wconf 84' lang='grc' dir='ltr'><strong>ἁλή-</strong></span> 
     </span>
    </p>
   </div>
   <div class='ocr_carea' id='block_1_11' title="bbox 256 1245 1834 1334">
    <p class='ocr_par' dir='ltr' id='par_1_11' title="bbox 256 1245 1834 1334">
     <span class='ocr_line' id='line_1_11' title="bbox 256 1245 1834 1334; baseline 0.015 -39"><span class='ocrx_word' id='word_1_73' title='bbox 256 1245 413 1299; x_wconf 86' lang='grc' dir='ltr'>θειαν</span> <span class='ocrx_word' id='word_1_74' title='bbox 442 1246 608 1315; x_wconf 82' lang='grc' dir='ltr'>λέγω·</span> <span class='ocrx_word' id='word_1_75' title='bbox 636 1250 732 1304; x_wconf 79' lang='grc' dir='ltr'><strong>καί</strong></span> <span class='ocrx_word' id='word_1_76' title='bbox 759 1251 1017 1323; x_wconf 71' lang='grc' dir='ltr'><strong>ἀλλαχοῦ⁸</strong></span> <span class='ocrx_word' id='word_1_77' title='bbox 1055 1254 1245 1323; x_wconf 81' lang='grc' dir='ltr'>Ἡμεῖς</span> <span class='ocrx_word' id='word_1_78' title='bbox 1270 1258 1327 1311; x_wconf 87' lang='grc' dir='ltr'><strong>δὲ</strong></span> <span class='ocrx_word' id='word_1_79' title='bbox 1364 1260 1463 1332; x_wconf 79' lang='grc' dir='ltr'>τὴν</span> <span class='ocrx_word' id='word_1_80' title='bbox 1506 1263 1679 1334; x_wconf 84' lang='grc' dir='ltr'>μέσην</span> <span class='ocrx_word' id='word_1_81' title='bbox 1717 1266 1834 1318; x_wconf 81' lang='grc' dir='ltr'><strong>ὁδὸν</strong></span> 
     </span>
    </p>
   </div>
   <div class='ocr_carea' id='block_1_12' title="bbox 256 1336 1833 1424">
    <p class='ocr_par' dir='ltr' id='par_1_12' title="bbox 256 1336 1833 1424">
     <span class='ocr_line' id='line_1_12' title="bbox 256 1336 1833 1424; baseline 0.014 -38"><span class='ocrx_word' id='word_1_82' title='bbox 256 1336 354 1388; x_wconf 69' lang='grc' dir='ltr'>καὶ</span> <span class='ocrx_word' id='word_1_83' title='bbox 384 1336 675 1410; x_wconf 74' lang='grc' dir='ltr'>βασιλικὴν</span> <span class='ocrx_word' id='word_1_84' title='bbox 720 1342 1053 1410; x_wconf 78' lang='grc' dir='ltr'><strong>βαδίζοντες,</strong></span> <span class='ocrx_word' id='word_1_85' title='bbox 1088 1350 1147 1399; x_wconf 84' lang='grc' dir='ltr'>ὲν</span> <span class='ocrx_word' id='word_1_86' title='bbox 1192 1343 1225 1422; x_wconf 78' lang='grc' dir='ltr'>ᾗ</span> <span class='ocrx_word' id='word_1_87' title='bbox 1268 1350 1359 1401; x_wconf 78' lang='grc' dir='ltr'>καὶ</span> <span class='ocrx_word' id='word_1_88' title='bbox 1389 1352 1450 1405; x_wconf 82' lang='grc' dir='ltr'>τὸ</span> <span class='ocrx_word' id='word_1_89' title='bbox 1480 1354 1588 1406; x_wconf 84' lang='grc' dir='ltr'>τῶν</span> <span class='ocrx_word' id='word_1_90' title='bbox 1622 1356 1833 1424; x_wconf 82' lang='grc' dir='ltr'>ἀρετῶν</span> 
     </span>
    </p>
   </div>
   <div class='ocr_carea' id='block_1_13' title="bbox 252 1427 1830 1520">
    <p class='ocr_par' dir='ltr' id='par_1_13' title="bbox 252 1427 1830 1520">
     <span class='ocr_line' id='line_1_13' title="bbox 252 1427 1830 1520; baseline 0.015 -42"><span class='ocrx_word' id='word_1_91' title='bbox 252 1427 489 1497; x_wconf 73' lang='grc' dir='ltr'>ἔστηκεν</span> <span class='ocrx_word' id='word_1_92' title='bbox 536 1432 861 1502; x_wconf 82' lang='grc' dir='ltr'><strong>ἀκρότατον.</strong></span> <span class='ocrx_word' id='word_1_93' title='bbox 907 1438 1124 1507; x_wconf 81' lang='grc' dir='ltr'>Ταύτην</span> <span class='ocrx_word' id='word_1_94' title='bbox 1184 1442 1354 1512; x_wconf 83' lang='grc' dir='ltr'>μόνην</span> <span class='ocrx_word' id='word_1_95' title='bbox 1408 1447 1505 1515; x_wconf 80' lang='grc' dir='ltr'>τὴν</span> <span class='ocrx_word' id='word_1_96' title='bbox 1556 1450 1830 1520; x_wconf 73' lang='grc' dir='ltr'>μεσότητα</span> 
     </span>
    </p>
   </div>
   <div class='ocr_carea' id='block_1_14' title="bbox 252 1519 1829 1609">
    <p class='ocr_par' dir='ltr' id='par_1_14' title="bbox 252 1519 1829 1609">
     <span class='ocr_line' id='line_1_14' title="bbox 252 1519 1829 1609; baseline 0.016 -41"><span class='ocrx_word' id='word_1_97' title='bbox 252 1519 347 1570; x_wconf 77' lang='grc' dir='ltr'>καὶ</span> <span class='ocrx_word' id='word_1_98' title='bbox 373 1521 537 1588; x_wconf 83' lang='grc' dir='ltr'>ἡμεῖς</span> <span class='ocrx_word' id='word_1_99' title='bbox 572 1523 662 1576; x_wconf 74' lang='grc' dir='ltr'><strong>ἀεὶ</strong></span> <span class='ocrx_word' id='word_1_100' title='bbox 692 1525 1000 1597; x_wconf 84' lang='grc' dir='ltr'>στέργομεν</span> <span class='ocrx_word' id='word_1_101' title='bbox 1033 1532 1259 1601; x_wconf 78' lang='grc' dir='ltr'><strong>κυρίως,</strong></span> <span class='ocrx_word' id='word_1_102' title='bbox 1292 1535 1493 1599; x_wconf 75' lang='grc' dir='ltr'>ειδότες</span> <span class='ocrx_word' id='word_1_103' title='bbox 1526 1540 1611 1591; x_wconf 74' lang='grc' dir='ltr'>ὅτι</span> <span class='ocrx_word' id='word_1_104' title='bbox 1641 1540 1699 1593; x_wconf 79' lang='grc' dir='ltr'>τὸ</span> <span class='ocrx_word' id='word_1_105' title='bbox 1735 1519 1829 1609; x_wconf 88' lang='grc' dir='ltr'>μέ-</span> 
     </span>
    </p>
   </div>
   <div class='ocr_carea' id='block_1_15' title="bbox 254 1611 1825 1701">
    <p class='ocr_par' dir='ltr' id='par_1_15' title="bbox 254 1611 1825 1701">
     <span class='ocr_line' id='line_1_15' title="bbox 254 1611 1825 1701; baseline 0.017 -42"><span class='ocrx_word' id='word_1_106' title='bbox 254 1623 345 1661; x_wconf 85' lang='grc' dir='ltr'>σον</span> <span class='ocrx_word' id='word_1_107' title='bbox 378 1611 496 1663; x_wconf 81' lang='grc' dir='ltr'>ὲστὶ</span> <span class='ocrx_word' id='word_1_108' title='bbox 521 1613 618 1666; x_wconf 82' lang='grc' dir='ltr'>καὶ</span> <span class='ocrx_word' id='word_1_109' title='bbox 644 1614 905 1683; x_wconf 78' lang='grc' dir='ltr'>ὲνούσιον,</span> <span class='ocrx_word' id='word_1_110' title='bbox 940 1621 1009 1674; x_wconf 70' lang='grc' dir='ltr'><strong>τὰ</strong></span> <span class='ocrx_word' id='word_1_111' title='bbox 1036 1621 1091 1674; x_wconf 77' lang='grc' dir='ltr'>δὲ</span> <span class='ocrx_word' id='word_1_112' title='bbox 1122 1625 1254 1694; x_wconf 75' lang='grc' dir='ltr'>παρ’</span> <span class='ocrx_word' id='word_1_113' title='bbox 1278 1626 1514 1697; x_wconf 73' lang='grc' dir='ltr'>ἑκάτερα</span> <span class='ocrx_word' id='word_1_114' title='bbox 1539 1629 1633 1682; x_wconf 84' lang='grc' dir='ltr'><strong>τοῦ</strong></span> <span class='ocrx_word' id='word_1_115' title='bbox 1660 1632 1825 1701; x_wconf 87' lang='grc' dir='ltr'>μέσου</span> 
     </span>
    </p>
   </div>
   <div class='ocr_carea' id='block_1_16' title="bbox 252 1700 1823 1792">
    <p class='ocr_par' dir='ltr' id='par_1_16' title="bbox 252 1700 1823 1792">
     <span class='ocr_line' id='line_1_16' title="bbox 252 1700 1823 1792; baseline 0.016 -40"><span class='ocrx_word' id='word_1_116' title='bbox 252 1700 419 1755; x_wconf 83' lang='grc' dir='ltr'>κακία</span> <span class='ocrx_word' id='word_1_117' title='bbox 464 1704 748 1769; x_wconf 74' lang='grc' dir='ltr'>ἀνούσιοςσ</span> <span class='ocrx_word' id='word_1_118' title='bbox 801 1708 898 1762; x_wconf 77' lang='grc' dir='ltr'>καὶ</span> <span class='ocrx_word' id='word_1_119' title='bbox 942 1710 1068 1764; x_wconf 77' lang='grc' dir='ltr'>οὔτε</span> <span class='ocrx_word' id='word_1_120' title='bbox 1115 1715 1180 1769; x_wconf 64' lang='grc' dir='ltr'>ἐκ</span> <span class='ocrx_word' id='word_1_121' title='bbox 1228 1717 1392 1785; x_wconf 83' lang='grc' dir='ltr'>μόνου</span> <span class='ocrx_word' id='word_1_122' title='bbox 1443 1719 1538 1773; x_wconf 82' lang='grc' dir='ltr'><strong>τοῦ</strong></span> <span class='ocrx_word' id='word_1_123' title='bbox 1589 1722 1823 1792; x_wconf 75' lang='grc' dir='ltr'>Πατρδς,</span> 
     </span>
    </p>
   </div>
   <div class='ocr_carea' id='block_1_17' title="bbox 253 1791 1825 1883">
    <p class='ocr_par' dir='ltr' id='par_1_17' title="bbox 253 1791 1825 1883">
     <span class='ocr_line' id='line_1_17' title="bbox 253 1791 1825 1883; baseline 0.016 -39"><span class='ocrx_word' id='word_1_124' title='bbox 253 1791 379 1846; x_wconf 78' lang='grc' dir='ltr'>οὔτε</span> <span class='ocrx_word' id='word_1_125' title='bbox 434 1795 543 1865; x_wconf 78' lang='grc' dir='ltr'>μὴν</span> <span class='ocrx_word' id='word_1_126' title='bbox 583 1801 646 1851; x_wconf 73' lang='grc' dir='ltr'>ἑκ</span> <span class='ocrx_word' id='word_1_127' title='bbox 692 1799 858 1867; x_wconf 85' lang='grc' dir='ltr'>μόνου</span> <span class='ocrx_word' id='word_1_128' title='bbox 910 1803 1005 1857; x_wconf 87' lang='grc' dir='ltr'><strong>τοῦ</strong></span> <span class='ocrx_word' id='word_1_129' title='bbox 1059 1806 1190 1861; x_wconf 86' lang='grc' dir='ltr'>Υίοῦ</span> <span class='ocrx_word' id='word_1_130' title='bbox 1223 1810 1285 1862; x_wconf 79' lang='grc' dir='ltr'>τὸ</span> <span class='ocrx_word' id='word_1_131' title='bbox 1330 1811 1552 1883; x_wconf 83' lang='grc' dir='ltr'>Πνεῦμα</span> <span class='ocrx_word' id='word_1_132' title='bbox 1579 1814 1637 1867; x_wconf 82' lang='grc' dir='ltr'>τὸ</span> <span class='ocrx_word' id='word_1_133' title='bbox 1669 1791 1825 1882; x_wconf 78' lang='grc' dir='ltr'>ἅγιόν</span> 
     </span>
    </p>
   </div>
   <div class='ocr_carea' id='block_1_18' title="bbox 258 1885 1822 1974">
    <p class='ocr_par' dir='ltr' id='par_1_18' title="bbox 258 1885 1822 1974">
     <span class='ocr_line' id='line_1_18' title="bbox 258 1885 1822 1974; baseline 0.017 -37"><span class='ocrx_word' id='word_1_134' title='bbox 258 1885 651 1958; x_wconf 76' lang='grc' dir='ltr'><strong>ἐκπορεύεσθαι</strong></span> <span class='ocrx_word' id='word_1_135' title='bbox 697 1892 952 1965; x_wconf 87' lang='grc' dir='ltr'>λέγομεν,</span> <span class='ocrx_word' id='word_1_136' title='bbox 996 1898 1134 1953; x_wconf 78' lang='grc' dir='ltr'>ἀλλὰ</span> <span class='ocrx_word' id='word_1_137' title='bbox 1189 1901 1288 1969; x_wconf 77' lang='grc' dir='ltr'>τὴν</span> <span class='ocrx_word' id='word_1_138' title='bbox 1335 1904 1510 1974; x_wconf 80' lang='grc' dir='ltr'>μέσην</span> <span class='ocrx_word' id='word_1_139' title='bbox 1552 1906 1672 1961; x_wconf 76' lang='grc' dir='ltr'>ὁδὸν</span> <span class='ocrx_word' id='word_1_140' title='bbox 1714 1909 1822 1963; x_wconf 82' lang='grc' dir='ltr'><strong>τῶν</strong></span> 
     </span>
    </p>
   </div>
   <div class='ocr_carea' id='block_1_19' title="bbox 262 1978 1819 2060">
    <p class='ocr_par' dir='ltr' id='par_1_19' title="bbox 262 1978 1819 2060">
     <span class='ocr_line' id='line_1_19' title="bbox 262 1978 1819 2060; baseline 0.017 -32"><span class='ocrx_word' id='word_1_141' title='bbox 262 1978 430 2040; x_wconf 74' lang='grc' dir='ltr'>ἁγίων</span> <span class='ocrx_word' id='word_1_142' title='bbox 460 1981 551 2033; x_wconf 76' lang='grc' dir='ltr'>καὶ</span> <span class='ocrx_word' id='word_1_143' title='bbox 577 1981 639 2034; x_wconf 79' lang='grc' dir='ltr'>ἐκ</span> <span class='ocrx_word' id='word_1_144' title='bbox 677 1982 772 2036; x_wconf 84' lang='grc' dir='ltr'><strong>τοῦ</strong></span> <span class='ocrx_word' id='word_1_145' title='bbox 809 1987 1044 2056; x_wconf 78' lang='grc' dir='ltr'>[ἰατρὸς.</span> <span class='ocrx_word' id='word_1_146' title='bbox 1080 1992 1175 2046; x_wconf 86' lang='grc' dir='ltr'>καὶ</span> <span class='ocrx_word' id='word_1_147' title='bbox 1211 1992 1271 2058; x_wconf 77' lang='grc' dir='ltr'><strong>ἐξ</strong></span> <span class='ocrx_word' id='word_1_148' title='bbox 1302 1981 1456 2060; x_wconf 83' lang='grc' dir='ltr'>Ϋίοῦ,</span> <span class='ocrx_word' id='word_1_149' title='bbox 1485 1998 1578 2050; x_wconf 68' lang='grc' dir='ltr'>καὶ</span> <span class='ocrx_word' id='word_1_150' title='bbox 1609 1998 1699 2054; x_wconf 84' lang='grc' dir='ltr'><strong>διὰ</strong></span> <span class='ocrx_word' id='word_1_151' title='bbox 1725 1999 1819 2054; x_wconf 85' lang='grc' dir='ltr'><strong>τοῦ</strong></span> 
     </span>
    </p>
   </div>
   <div class='ocr_carea' id='block_1_20' title="bbox 260 2069 398 2122">
    <p class='ocr_par' dir='ltr' id='par_1_20' title="bbox 260 2069 398 2122">
     <span class='ocr_line' id='line_1_20' title="bbox 260 2069 398 2122; baseline 0.022 -3"><span class='ocrx_word' id='word_1_152' title='bbox 260 2069 398 2122; x_wconf 83' lang='grc' dir='ltr'>Υίοῦ.</span> 
     </span>
    </p>
   </div>
   <div class='ocr_carea' id='block_1_21' title="bbox 941 2262 1131 2318">
    <p class='ocr_par' dir='ltr' id='par_1_21' title="bbox 941 2262 1131 2318">
     <span class='ocr_line' id='line_1_21' title="bbox 941 2262 1131 2318; baseline 0.021 -4"><span class='ocrx_word' id='word_1_153' title='bbox 941 2262 1131 2318; x_wconf 81' lang='grc' dir='ltr'><strong>ΕΦΕΣ.</strong></span> 
     </span>
    </p>
   </div>
   <div class='ocr_carea' id='block_1_22' title="bbox 333 2344 1813 2433">
    <p class='ocr_par' dir='ltr' id='par_1_22' title="bbox 333 2344 1813 2433">
     <span class='ocr_line' id='line_1_22' title="bbox 333 2344 1813 2433; baseline 0.015 -36"><span class='ocrx_word' id='word_1_154' title='bbox 333 2344 492 2399; x_wconf 70' lang='grc' dir='ltr'>Ἀλλὰ</span> <span class='ocrx_word' id='word_1_155' title='bbox 514 2347 608 2403; x_wconf 85' lang='grc' dir='ltr'>δύο</span> <span class='ocrx_word' id='word_1_156' title='bbox 647 2349 746 2419; x_wconf 85' lang='grc' dir='ltr'>μὲν</span> <span class='ocrx_word' id='word_1_157' title='bbox 774 2350 1018 2422; x_wconf 88' lang='grc' dir='ltr'>σύμϐολα</span> <span class='ocrx_word' id='word_1_158' title='bbox 1060 2356 1155 2409; x_wconf 82' lang='grc' dir='ltr'>καὶ</span> <span class='ocrx_word' id='word_1_159' title='bbox 1185 2357 1620 2431; x_wconf 79' lang='grc' dir='ltr'>παρηλλαγμένα</span> <span class='ocrx_word' id='word_1_160' title='bbox 1654 2364 1813 2433; x_wconf 77' lang='grc' dir='ltr'>λέγει·</span> 
     </span>
    </p>
   </div>
   <div class='ocr_carea' id='block_1_23' title="bbox 247 2437 1814 2519">
    <p class='ocr_par' dir='ltr' id='par_1_23' title="bbox 247 2437 1814 2519">
     <span class='ocr_line' id='line_1_23' title="bbox 247 2437 1814 2519; baseline 0.019 -36"><span class='ocrx_word' id='word_1_161' title='bbox 247 2449 337 2484; x_wconf 82' lang='grc' dir='ltr'><strong>ται</strong></span> <span class='ocrx_word' id='word_1_162' title='bbox 365 2437 539 2503; x_wconf 75' lang='grc' dir='ltr'>πάλιν,</span> <span class='ocrx_word' id='word_1_163' title='bbox 572 2438 763 2513; x_wconf 80' lang='grc' dir='ltr'>ὥσπερ</span> <span class='ocrx_word' id='word_1_164' title='bbox 796 2444 891 2498; x_wconf 80' lang='grc' dir='ltr'>καὶ</span> <span class='ocrx_word' id='word_1_165' title='bbox 935 2446 1222 2519; x_wconf 76' lang='grc' dir='ltr'>πρότερονο</span> <span class='ocrx_word' id='word_1_166' title='bbox 1257 2451 1431 2507; x_wconf 80' lang='grc' dir='ltr'>διτταὶ</span> <span class='ocrx_word' id='word_1_167' title='bbox 1476 2454 1533 2508; x_wconf 80' lang='grc' dir='ltr'>δὲ</span> <span class='ocrx_word' id='word_1_168' title='bbox 1568 2456 1661 2510; x_wconf 76' lang='grc' dir='ltr'><strong>καὶ</strong></span> <span class='ocrx_word' id='word_1_169' title='bbox 1695 2458 1814 2514; x_wconf 81' lang='grc' dir='ltr'><strong>διά-</strong></span> 
     </span>
    </p>
   </div>
   <div class='ocr_carea' id='block_1_24' title="bbox 244 2528 1810 2621">
    <p class='ocr_par' dir='ltr' id='par_1_24' title="bbox 244 2528 1810 2621">
     <span class='ocr_line' id='line_1_24' title="bbox 244 2528 1810 2621; baseline 0.021 -48"><span class='ocrx_word' id='word_1_170' title='bbox 244 2541 406 2593; x_wconf 79' lang='grc' dir='ltr'>φοροι</span> <span class='ocrx_word' id='word_1_171' title='bbox 460 2528 797 2602; x_wconf 82' lang='grc' dir='ltr'>λειτουργίαι</span> <span class='ocrx_word' id='word_1_172' title='bbox 848 2538 1152 2608; x_wconf 83' lang='grc' dir='ltr'>τελοῦνται,</span> <span class='ocrx_word' id='word_1_173' title='bbox 1199 2543 1233 2613; x_wconf 83' lang='grc' dir='ltr'><strong>ὴ</strong></span> <span class='ocrx_word' id='word_1_174' title='bbox 1298 2543 1398 2612; x_wconf 73' lang='grc' dir='ltr'>μὲν</span> <span class='ocrx_word' id='word_1_175' title='bbox 1449 2546 1517 2602; x_wconf 86' lang='grc' dir='ltr'>δι’</span> <span class='ocrx_word' id='word_1_176' title='bbox 1572 2548 1810 2621; x_wconf 79' lang='grc' dir='ltr'>ὲνζύμου</span> 
     </span>
    </p>
   </div>
   <div class='ocr_carea' id='block_1_25' title="bbox 244 2614 963 2699">
    <p class='ocr_par' dir='ltr' id='par_1_25' title="bbox 244 2614 963 2699">
     <span class='ocr_line' id='line_1_25' title="bbox 244 2614 963 2699; baseline 0.025 -33"><span class='ocrx_word' id='word_1_177' title='bbox 244 2614 452 2685; x_wconf 80' lang='grc' dir='ltr'>θυσίας,</span> <span class='ocrx_word' id='word_1_178' title='bbox 484 2623 515 2689; x_wconf 78' lang='grc' dir='ltr'>ἡ</span> <span class='ocrx_word' id='word_1_179' title='bbox 545 2622 599 2675; x_wconf 82' lang='grc' dir='ltr'><strong>δὲ</strong></span> <span class='ocrx_word' id='word_1_180' title='bbox 628 2624 697 2678; x_wconf 86' lang='grc' dir='ltr'>δι’</span> <span class='ocrx_word' id='word_1_181' title='bbox 728 2627 963 2699; x_wconf 79' lang='grc' dir='ltr'>ἀζύμου.</span> 
     </span>
    </p>
   </div>
   <div class='ocr_carea' id='block_1_26' title="bbox 915 2722 1123 2779">
    <p class='ocr_par' dir='ltr' id='par_1_26' title="bbox 915 2722 1123 2779">
     <span class='ocr_line' id='line_1_26' title="bbox 915 2722 1123 2779; baseline 0.029 -6"><span class='ocrx_word' id='word_1_182' title='bbox 915 2722 1123 2779; x_wconf 83' lang='grc' dir='ltr'><strong>ΔΠΟΛ.</strong></span> 
     </span>
    </p>
   </div>
   <div class='ocr_carea' id='block_1_27' title="bbox 304 2802 1803 2897">
    <p class='ocr_par' dir='ltr' id='par_1_27' title="bbox 304 2802 1803 2897">
     <span class='ocr_line' id='line_1_27' title="bbox 304 2802 1803 2897; baseline 0.019 -43"><span class='ocrx_word' id='word_1_183' title='bbox 304 2802 413 2855; x_wconf 84' lang='grc' dir='ltr'>Δύο</span> <span class='ocrx_word' id='word_1_184' title='bbox 450 2806 551 2874; x_wconf 83' lang='grc' dir='ltr'>μὲν</span> <span class='ocrx_word' id='word_1_185' title='bbox 582 2808 824 2878; x_wconf 85' lang='grc' dir='ltr'>σύμϐολα</span> <span class='ocrx_word' id='word_1_186' title='bbox 852 2812 951 2867; x_wconf 83' lang='grc' dir='ltr'><strong>οῦκ</strong></span> <span class='ocrx_word' id='word_1_187' title='bbox 996 2818 1157 2883; x_wconf 77' lang='grc' dir='ltr'>εἰσιν,</span> <span class='ocrx_word' id='word_1_188' title='bbox 1198 2820 1321 2874; x_wconf 77' lang='grc' dir='ltr'>οὐδὲ</span> <span class='ocrx_word' id='word_1_189' title='bbox 1349 2824 1803 2897; x_wconf 51' lang='grc' dir='ltr'>παρηλλαγμένος</span> 
     </span>
    </p>
   </div>
   <div class='ocr_carea' id='block_1_28' title="bbox 238 2892 1805 2989">
    <p class='ocr_par' dir='ltr' id='par_1_28' title="bbox 238 2892 1805 2989">
     <span class='ocr_line' id='line_1_28' title="bbox 238 2892 1805 2989; baseline 0.02 -45"><span class='ocrx_word' id='word_1_190' title='bbox 238 2892 295 2943; x_wconf 80' lang='grc' dir='ltr'>ἓν</span> <span class='ocrx_word' id='word_1_191' title='bbox 325 2895 432 2965; x_wconf 81' lang='grc' dir='ltr'>γάρ</span> <span class='ocrx_word' id='word_1_192' title='bbox 468 2899 585 2951; x_wconf 76' lang='grc' dir='ltr'>ἐστι</span> <span class='ocrx_word' id='word_1_193' title='bbox 632 2901 693 2954; x_wconf 79' lang='grc' dir='ltr'>τὸ</span> <span class='ocrx_word' id='word_1_194' title='bbox 734 2906 832 2971; x_wconf 86' lang='grc' dir='ltr'>τῆς</span> <span class='ocrx_word' id='word_1_195' title='bbox 866 2906 1103 2972; x_wconf 87' lang='grc' dir='ltr'>πίστεως</span> <span class='ocrx_word' id='word_1_196' title='bbox 1141 2892 1496 2981; x_wconf 71' lang='grc' dir='ltr'>σύμϐολον,8</span> <span class='ocrx_word' id='word_1_197' title='bbox 1524 2892 1805 2989; x_wconf 77' lang='grc' dir='ltr'>ψάλλομεν</span> 
     </span>
    </p>
   </div>
   <div class='ocr_carea' id='block_1_29' title="bbox 1518 233 2293 305">
    <p class='ocr_par' dir='ltr' id='par_1_29' title="bbox 1518 233 2293 305">
     <span class='ocr_line' id='line_1_29' title="bbox 1518 233 2293 305; baseline 0.017 -13"><span class='ocrx_word' id='word_1_198' title='bbox 1518 233 1821 295; x_wconf 81' lang='lat' dir='ltr'><strong>CONTRA</strong></span> <span class='ocrx_word' id='word_1_199' title='bbox 1861 236 2293 305; x_wconf 84' lang='lat' dir='ltr'><strong>EPHESIUM.</strong></span> 
     </span>
    </p>
   </div>
   <div class='ocr_carea' id='block_1_30' title="bbox 264 331 1806 433">
    <p class='ocr_par' dir='ltr' id='par_1_30' title="bbox 264 331 1806 417">
     <span class='ocr_line' id='line_1_30' title="bbox 264 331 1806 417; baseline 0.015 -36"><span class='ocrx_word' id='word_1_200' title='bbox 264 333 377 397; x_wconf 73' lang='grc' dir='ltr'><strong>γὰρ</strong></span> <span class='ocrx_word' id='word_1_201' title='bbox 408 331 475 383; x_wconf 66' lang='grc' dir='ltr'><strong>τὰ</strong></span> <span class='ocrx_word' id='word_1_202' title='bbox 510 332 720 386; x_wconf 73' lang='grc' dir='ltr'>ἄνωθεν</span> <span class='ocrx_word' id='word_1_203' title='bbox 752 336 1019 408; x_wconf 68' lang='grc' dir='ltr'>εἰρημένα</span> <span class='ocrx_word' id='word_1_204' title='bbox 1052 344 1202 412; x_wconf 73' lang='grc' dir='ltr'>παρὰ</span> <span class='ocrx_word' id='word_1_205' title='bbox 1234 345 1342 398; x_wconf 84' lang='grc' dir='ltr'><strong>τῶν</strong></span> <span class='ocrx_word' id='word_1_206' title='bbox 1373 347 1647 417; x_wconf 80' lang='grc' dir='ltr'>θεοφόρων</span> <span class='ocrx_word' id='word_1_207' title='bbox 1682 351 1806 404; x_wconf 69' lang='lat' dir='ltr'><strong>[lati</strong></span> 
     </span>
    </p>
   </div>
   <div class='ocr_carea' id='block_1_31' title="bbox 1910 331 3087 433">
    <p class='ocr_par' dir='ltr' id='par_1_31' title="bbox 1910 340 3087 433">
     <span class='ocr_line' id='line_1_31' title="bbox 1910 340 3087 433; baseline 0.025 -30"><span class='ocrx_word' id='word_1_208' title='bbox 1910 349 2094 413; x_wconf 74' lang='lat' dir='ltr'><strong>LNam</strong></span> <span class='ocrx_word' id='word_1_209' title='bbox 2126 340 2283 420; x_wconf 68' lang='lat' dir='ltr'><strong>juxta</strong></span> <span class='ocrx_word' id='word_1_210' title='bbox 2316 372 2481 428; x_wconf 80' lang='lat' dir='ltr'><strong>supra</strong></span> <span class='ocrx_word' id='word_1_211' title='bbox 2539 364 2738 424; x_wconf 86' lang='lat' dir='ltr'><strong>citatas</strong></span> <span class='ocrx_word' id='word_1_212' title='bbox 2784 376 3087 433; x_wconf 69' lang='lat' dir='ltr'><strong>sententias</strong></span> 
     </span>
    </p>
   </div>
   <div class='ocr_carea' id='block_1_32' title="bbox 3434 268 3533 334">
    <p class='ocr_par' dir='ltr' id='par_1_32' title="bbox 3434 268 3533 334">
     <span class='ocr_line' id='line_1_32' title="bbox 3434 268 3533 334; baseline -0.02 0"><span class='ocrx_word' id='word_1_213' title='bbox 3434 268 3533 334; x_wconf 72' lang='grc'><strong>134</strong></span> 
     </span>
    </p>
   </div>
   <div class='ocr_carea' id='block_1_33' title="bbox 3136 378 3531 443">
    <p class='ocr_par' dir='ltr' id='par_1_33' title="bbox 3136 378 3531 443">
     <span class='ocr_line' id='line_1_33' title="bbox 3136 378 3531 443; baseline 0.033 -12"><span class='ocrx_word' id='word_1_214' title='bbox 3136 378 3356 439; x_wconf 83' lang='lat' dir='ltr'><strong>Patrum</strong></span> <span class='ocrx_word' id='word_1_215' title='bbox 3418 388 3531 443; x_wconf 69' lang='lat' dir='ltr'><strong>Deo</strong></span> 
     </span>
    </p>
   </div>
   <div class='ocr_carea' id='block_1_34' title="bbox 1953 443 3531 547">
    <p class='ocr_par' dir='ltr' id='par_1_34' title="bbox 1953 443 3531 547">
     <span class='ocr_line' id='line_1_34' title="bbox 1953 443 3531 547; baseline 0.025 -51"><span class='ocrx_word' id='word_1_216' title='bbox 1953 443 2271 514; x_wconf 90' lang='lat' dir='ltr'><strong>plenorum,</strong></span> <span class='ocrx_word' id='word_1_217' title='bbox 2313 464 2475 507; x_wconf 90' lang='lat' dir='ltr'><strong>omne</strong></span> <span class='ocrx_word' id='word_1_218' title='bbox 2499 457 2642 524; x_wconf 88' lang='lat' dir='ltr'><strong>quod</strong></span> <span class='ocrx_word' id='word_1_219' title='bbox 2662 462 2990 531; x_wconf 76' lang='lat' dir='ltr'><strong>explanatur</strong></span> <span class='ocrx_word' id='word_1_220' title='bbox 3018 479 3072 524; x_wconf 88' lang='lat' dir='ltr'><strong>et</strong></span> <span class='ocrx_word' id='word_1_221' title='bbox 3104 470 3267 528; x_wconf 87' lang='lat' dir='ltr'><strong>latius</strong></span> <span class='ocrx_word' id='word_1_222' title='bbox 3290 479 3531 547; x_wconf 78' lang='lat' dir='ltr'><strong>explica-</strong></span> 
     </span>
    </p>
   </div>
   <div class='ocr_carea' id='block_1_35' title="bbox 1952 543 3525 631">
    <p class='ocr_par' dir='ltr' id='par_1_35' title="bbox 1952 543 3525 631">
     <span class='ocr_line' id='line_1_35' title="bbox 1952 543 3525 631; baseline 0.024 -40"><span class='ocrx_word' id='word_1_223' title='bbox 1952 543 2041 591; x_wconf 91' lang='lat' dir='ltr'><strong>tur</strong></span> <span class='ocrx_word' id='word_1_224' title='bbox 2068 553 2177 593; x_wconf 87' lang='lat' dir='ltr'><strong>non</strong></span> <span class='ocrx_word' id='word_1_225' title='bbox 2201 543 2422 607; x_wconf 87' lang='lat' dir='ltr'><strong>evertit,</strong></span> <span class='ocrx_word' id='word_1_226' title='bbox 2448 561 2556 602; x_wconf 89' lang='lat' dir='ltr'><strong>non</strong></span> <span class='ocrx_word' id='word_1_227' title='bbox 2603 551 2880 620; x_wconf 86' lang='lat' dir='ltr'><strong>immutat,</strong></span> <span class='ocrx_word' id='word_1_228' title='bbox 2913 574 3020 614; x_wconf 92' lang='lat' dir='ltr'><strong>uon</strong></span> <span class='ocrx_word' id='word_1_229' title='bbox 3070 566 3357 631; x_wconf 84' lang='lat' dir='ltr'><strong>obscurat,</strong></span> <span class='ocrx_word' id='word_1_230' title='bbox 3419 589 3525 629; x_wconf 89' lang='lat' dir='ltr'><strong>non</strong></span> 
     </span>
    </p>
   </div>
   <div class='ocr_carea' id='block_1_36' title="bbox 1952 627 3521 730">
    <p class='ocr_par' dir='ltr' id='par_1_36' title="bbox 1952 627 3521 730">
     <span class='ocr_line' id='line_1_36' title="bbox 1952 627 3521 730; baseline 0.026 -50"><span class='ocrx_word' id='word_1_231' title='bbox 1952 627 2088 683; x_wconf 87' lang='lat' dir='ltr'><strong>tollit</strong></span> <span class='ocrx_word' id='word_1_232' title='bbox 2119 629 2353 701; x_wconf 87' lang='lat' dir='ltr'><strong>denique</strong></span> <span class='ocrx_word' id='word_1_233' title='bbox 2392 639 2533 703; x_wconf 86' lang='lat' dir='ltr'><strong>quod</strong></span> <span class='ocrx_word' id='word_1_234' title='bbox 2562 642 2713 707; x_wconf 88' lang='lat' dir='ltr'><strong>prius</strong></span> <span class='ocrx_word' id='word_1_235' title='bbox 2747 655 2853 710; x_wconf 88' lang='lat' dir='ltr'><strong>est,</strong></span> <span class='ocrx_word' id='word_1_236' title='bbox 2886 653 2978 703; x_wconf 87' lang='lat' dir='ltr'><strong>sed</strong></span> <span class='ocrx_word' id='word_1_237' title='bbox 3010 658 3301 712; x_wconf 83' lang='lat' dir='ltr'><strong>conﬁrmat</strong></span> <span class='ocrx_word' id='word_1_238' title='bbox 3336 627 3521 730; x_wconf 81' lang='lat' dir='ltr'><strong>potius</strong></span> 
     </span>
    </p>
   </div>
   <div class='ocr_carea' id='block_1_37' title="bbox 1947 720 3524 823">
    <p class='ocr_par' dir='ltr' id='par_1_37' title="bbox 1947 720 3524 823">
     <span class='ocr_line' id='line_1_37' title="bbox 1947 720 3524 823; baseline 0.024 -51"><span class='ocrx_word' id='word_1_239' title='bbox 1947 726 2000 772; x_wconf 90' lang='lat' dir='ltr'><strong>et</strong></span> <span class='ocrx_word' id='word_1_240' title='bbox 2036 720 2298 787; x_wconf 79' lang='lat' dir='ltr'><strong>declarat,</strong></span> <span class='ocrx_word' id='word_1_241' title='bbox 2347 724 2755 802; x_wconf 86' lang='lat' dir='ltr'><strong>dilucidiusque</strong></span> <span class='ocrx_word' id='word_1_242' title='bbox 2814 743 3120 800; x_wconf 89' lang='lat' dir='ltr'><strong>constituit.</strong></span> <span class='ocrx_word' id='word_1_243' title='bbox 3177 748 3311 805; x_wconf 86' lang='lat' dir='ltr'><strong>Esse</strong></span> <span class='ocrx_word' id='word_1_244' title='bbox 3336 720 3524 823; x_wconf 46' lang='lat' dir='ltr'><strong>&#39;porro</strong></span> 
     </span>
    </p>
   </div>
   <div class='ocr_carea' id='block_1_38' title="bbox 1947 815 3521 905">
    <p class='ocr_par' dir='ltr' id='par_1_38' title="bbox 1947 815 3521 905">
     <span class='ocr_line' id='line_1_38' title="bbox 1947 815 3521 905; baseline 0.025 -44"><span class='ocrx_word' id='word_1_245' title='bbox 1947 823 2132 865; x_wconf 87' lang='lat' dir='ltr'><strong>veram</strong></span> <span class='ocrx_word' id='word_1_246' title='bbox 2178 815 2243 868; x_wconf 86' lang='lat' dir='ltr'><strong>de</strong></span> <span class='ocrx_word' id='word_1_247' title='bbox 2269 815 2476 885; x_wconf 86' lang='lat' dir='ltr'><strong>Spiritu</strong></span> <span class='ocrx_word' id='word_1_248' title='bbox 2509 835 2701 878; x_wconf 87' lang='lat' dir='ltr'><strong>sancto</strong></span> <span class='ocrx_word' id='word_1_249' title='bbox 2755 834 3113 901; x_wconf 80' lang='lat' dir='ltr'><strong>sententiam,</strong></span> <span class='ocrx_word' id='word_1_250' title='bbox 3148 844 3293 905; x_wconf 90' lang='lat' dir='ltr'><strong>quod</strong></span> <span class='ocrx_word' id='word_1_251' title='bbox 3321 815 3521 902; x_wconf 46' lang='lat' dir='ltr'><strong>a-Filio</strong></span> 
     </span>
    </p>
   </div>
   <div class='ocr_carea' id='block_1_39' title="bbox 1913 990 3517 1099">
    <p class='ocr_par' dir='ltr' id='par_1_39' title="bbox 1913 990 3517 1099">
     <span class='ocr_line' id='line_1_39' title="bbox 1913 990 3517 1099; baseline 0.029 -60"><span class='ocrx_word' id='word_1_252' title='bbox 1913 996 2086 1062; x_wconf 89' lang='lat' dir='ltr'><strong>.quod</strong></span> <span class='ocrx_word' id='word_1_253' title='bbox 2125 998 2335 1053; x_wconf 88' lang='lat' dir='ltr'><strong>scilicet</strong></span> <span class='ocrx_word' id='word_1_254' title='bbox 2372 1002 2488 1057; x_wconf 70' lang='lat' dir='ltr'><strong>base</strong></span> <span class='ocrx_word' id='word_1_255' title='bbox 2508 990 2621 1058; x_wconf 84' lang='lat' dir='ltr'><strong>vox</strong></span> <span class='ocrx_word' id='word_1_256' title='bbox 2655 1022 2683 1060; x_wconf 92' lang='lat' dir='ltr'><strong>a</strong></span> <span class='ocrx_word' id='word_1_257' title='bbox 2711 1012 2922 1067; x_wconf 86' lang='lat' dir='ltr'><strong>sanctis</strong></span> <span class='ocrx_word' id='word_1_258' title='bbox 2952 1014 3206 1076; x_wconf 80' lang='lat' dir='ltr'><strong>Patrihus</strong></span> <span class='ocrx_word' id='word_1_259' title='bbox 3232 1027 3517 1099; x_wconf 82' lang='lat' dir='ltr'><strong>desumpta</strong></span> 
     </span>
    </p>
   </div>
   <div class='ocr_carea' id='block_1_40' title="bbox 1939 1083 3511 1175">
    <p class='ocr_par' dir='ltr' id='par_1_40' title="bbox 1939 1083 3511 1175">
     <span class='ocr_line' id='line_1_40' title="bbox 1939 1083 3511 1175; baseline 0.025 -39"><span class='ocrx_word' id='word_1_260' title='bbox 1939 1083 2033 1137; x_wconf 87' lang='lat' dir='ltr'><strong>sit.</strong></span> <span class='ocrx_word' id='word_1_261' title='bbox 2070 1084 2305 1143; x_wconf 81' lang='lat' dir='ltr'><strong>Medium</strong></span> <span class='ocrx_word' id='word_1_262' title='bbox 2347 1107 2475 1146; x_wconf 87' lang='lat' dir='ltr'><strong>vero</strong></span> <span class='ocrx_word' id='word_1_263' title='bbox 2510 1097 2717 1151; x_wconf 89' lang='lat' dir='ltr'><strong>nullum</strong></span> <span class='ocrx_word' id='word_1_264' title='bbox 2760 1105 2907 1157; x_wconf 89' lang='lat' dir='ltr'><strong>venit</strong></span> <span class='ocrx_word' id='word_1_265' title='bbox 2983 1110 3142 1164; x_wconf 79' lang='lat' dir='ltr'><strong>nobis</strong></span> <span class='ocrx_word' id='word_1_266' title='bbox 3174 1114 3227 1167; x_wconf 91' lang='lat' dir='ltr'><strong>in</strong></span> <span class='ocrx_word' id='word_1_267' title='bbox 3278 1083 3511 1175; x_wconf 72' lang='lat' dir='ltr'><strong>mentem</strong></span> 
     </span>
    </p>
   </div>
   <div class='ocr_carea' id='block_1_41' title="bbox 1940 1180 3511 1281">
    <p class='ocr_par' dir='ltr' id='par_1_41' title="bbox 1940 1180 3511 1281">
     <span class='ocr_line' id='line_1_41' title="bbox 1940 1180 3511 1281; baseline 0.027 -56"><span class='ocrx_word' id='word_1_268' title='bbox 1940 1187 2135 1243; x_wconf 72' lang='lat' dir='ltr'><strong>praeter</strong></span> <span class='ocrx_word' id='word_1_269' title='bbox 2166 1180 2445 1237; x_wconf 87' lang='lat' dir='ltr'><strong>veritatem</strong></span> <span class='ocrx_word' id='word_1_270' title='bbox 2482 1203 2495 1240; x_wconf 71' lang='grc' dir='ltr'><strong>ι</strong></span> <span class='ocrx_word' id='word_1_271' title='bbox 2542 1204 2654 1256; x_wconf 88' lang='lat' dir='ltr'><strong>quo</strong></span> <span class='ocrx_word' id='word_1_272' title='bbox 2688 1192 2851 1246; x_wconf 90' lang='lat' dir='ltr'><strong>etiam</strong></span> <span class='ocrx_word' id='word_1_273' title='bbox 2872 1194 3169 1270; x_wconf 70' lang='lat' dir='ltr'><strong>Gregorius</strong></span> <span class='ocrx_word' id='word_1_274' title='bbox 3198 1204 3511 1281; x_wconf 78' lang='lat' dir='ltr'><strong>Tlteologus</strong></span> 
     </span>
    </p>
   </div>
   <div class='ocr_carea' id='block_1_42' title="bbox 1936 1265 3546 1363">
    <p class='ocr_par' dir='ltr' id='par_1_42' title="bbox 1936 1265 3546 1363">
     <span class='ocr_line' id='line_1_42' title="bbox 1936 1265 3546 1363; baseline 0.025 -44"><span class='ocrx_word' id='word_1_275' title='bbox 1936 1265 2084 1319; x_wconf 83' lang='lat' dir='ltr'><strong>illam</strong></span> <span class='ocrx_word' id='word_1_276' title='bbox 2123 1272 2341 1327; x_wconf 86' lang='lat' dir='ltr'><strong>nomine</strong></span> <span class='ocrx_word' id='word_1_277' title='bbox 2369 1289 2527 1331; x_wconf 85' lang='lat' dir='ltr'><strong>vocat</strong></span> <span class='ocrx_word' id='word_1_278' title='bbox 2554 1280 2654 1347; x_wconf 87' lang='lat' dir='ltr'><strong>(l),</strong></span> <span class='ocrx_word' id='word_1_279' title='bbox 2719 1265 3005 1355; x_wconf 46' lang='lat' dir='ltr'><strong>Medium;</strong></span> <span class='ocrx_word' id='word_1_280' title='bbox 3034 1292 3231 1363; x_wconf 88' lang='lat' dir='ltr'><strong>inquit,</strong></span> <span class='ocrx_word' id='word_1_281' title='bbox 3265 1316 3389 1355; x_wconf 88' lang='lat' dir='ltr'><strong>cum</strong></span> <span class='ocrx_word' id='word_1_282' title='bbox 3414 1265 3510 1358; x_wconf 53' lang='lat' dir='ltr'><strong>:li-</strong></span> <span class='ocrx_word' id='word_1_283' title='bbox 3539 1304 3546 1310; x_wconf 79' lang='grc'><em>’</em></span> 
     </span>
    </p>
   </div>
   <div class='ocr_carea' id='block_1_43' title="bbox 1931 1363 3505 1461">
    <p class='ocr_par' dir='ltr' id='par_1_43' title="bbox 1931 1363 3505 1461">
     <span class='ocr_line' id='line_1_43' title="bbox 1931 1363 3505 1461; baseline 0.024 -48"><span class='ocrx_word' id='word_1_284' title='bbox 1931 1374 2020 1422; x_wconf 86' lang='lat' dir='ltr'><strong>co,</strong></span> <span class='ocrx_word' id='word_1_285' title='bbox 2055 1363 2337 1419; x_wconf 78' lang='lat' dir='ltr'><strong>veritatem</strong></span> <span class='ocrx_word' id='word_1_286' title='bbox 2372 1367 2519 1424; x_wconf 90' lang='lat' dir='ltr'><strong>dico.</strong></span> <span class='ocrx_word' id='word_1_287' title='bbox 2558 1370 2624 1426; x_wconf 80' lang='lat' dir='ltr'><strong>Et</strong></span> <span class='ocrx_word' id='word_1_288' title='bbox 2655 1390 2847 1431; x_wconf 83' lang='lat' dir='ltr'><strong>rursus</strong></span> <span class='ocrx_word' id='word_1_289' title='bbox 2875 1380 3001 1436; x_wconf 80' lang='lat' dir='ltr'><strong>alibi</strong></span> <span class='ocrx_word' id='word_1_290' title='bbox 3042 1386 3116 1452; x_wconf 69' lang='lat'><strong>(2}</strong></span> <span class='ocrx_word' id='word_1_291' title='bbox 3144 1428 3158 1451; x_wconf 93' lang='lat'><strong>,</strong></span> <span class='ocrx_word' id='word_1_292' title='bbox 3220 1390 3331 1445; x_wconf 79' lang='lat' dir='ltr'><strong>Nos</strong></span> <span class='ocrx_word' id='word_1_293' title='bbox 3354 1410 3505 1461; x_wconf 77' lang='lat' dir='ltr'><strong>vero,</strong></span> 
     </span>
    </p>
   </div>
   <div class='ocr_carea' id='block_1_44' title="bbox 1937 1450 3499 1553">
    <p class='ocr_par' dir='ltr' id='par_1_44' title="bbox 1937 1450 3499 1553">
     <span class='ocr_line' id='line_1_44' title="bbox 1937 1450 3499 1553; baseline 0.025 -50"><span class='ocrx_word' id='word_1_294' title='bbox 1937 1450 2142 1521; x_wconf 87' lang='lat' dir='ltr'><strong>inquit,</strong></span> <span class='ocrx_word' id='word_1_295' title='bbox 2178 1457 2352 1510; x_wconf 79' lang='lat' dir='ltr'><strong>media</strong></span> <span class='ocrx_word' id='word_1_296' title='bbox 2374 1462 2634 1532; x_wconf 85' lang='lat' dir='ltr'><strong>regiaque</strong></span> <span class='ocrx_word' id='word_1_297' title='bbox 2665 1467 2749 1520; x_wconf 78' lang='lat' dir='ltr'><strong>via</strong></span> <span class='ocrx_word' id='word_1_298' title='bbox 2774 1450 3107 1541; x_wconf 79' lang='lat' dir='ltr'><strong>incedentes,</strong></span> <span class='ocrx_word' id='word_1_299' title='bbox 3131 1450 3184 1534; x_wconf 6' lang='lat' dir='ltr'><strong>lin</strong></span> <span class='ocrx_word' id='word_1_300' title='bbox 3205 1498 3312 1553; x_wconf 88' lang='lat' dir='ltr'><strong>qua</strong></span> <span class='ocrx_word' id='word_1_301' title='bbox 3335 1450 3499 1542; x_wconf 73' lang='lat' dir='ltr'><strong>etiam</strong></span> 
     </span>
    </p>
   </div>
   <div class='ocr_carea' id='block_1_45' title="bbox 1930 1545 3499 1644">
    <p class='ocr_par' dir='ltr' id='par_1_45' title="bbox 1930 1545 3499 1644">
     <span class='ocr_line' id='line_1_45' title="bbox 1930 1545 3499 1644; baseline 0.022 -47"><span class='ocrx_word' id='word_1_302' title='bbox 1930 1545 2221 1601; x_wconf 82' lang='lat' dir='ltr'><strong>summitas</strong></span> <span class='ocrx_word' id='word_1_303' title='bbox 2246 1547 2509 1604; x_wconf 89' lang='lat' dir='ltr'><strong>virtutum</strong></span> <span class='ocrx_word' id='word_1_304' title='bbox 2537 1557 2815 1613; x_wconf 83' lang='lat' dir='ltr'><strong>consistit.</strong></span> <span class='ocrx_word' id='word_1_305' title='bbox 2855 1561 2969 1619; x_wconf 86' lang='lat' dir='ltr'><strong>Hoc</strong></span> <span class='ocrx_word' id='word_1_306' title='bbox 3017 1583 3185 1623; x_wconf 87' lang='lat' dir='ltr'><strong>unum</strong></span> <span class='ocrx_word' id='word_1_307' title='bbox 3222 1545 3499 1644; x_wconf 71' lang='lat' dir='ltr'><strong>perpetuo</strong></span> 
     </span>
    </p>
   </div>
   <div class='ocr_carea' id='block_1_46' title="bbox 1932 1635 3503 1739">
    <p class='ocr_par' dir='ltr' id='par_1_46' title="bbox 1932 1635 3503 1739">
     <span class='ocr_line' id='line_1_46' title="bbox 1932 1635 3503 1739; baseline 0.026 -53"><span class='ocrx_word' id='word_1_308' title='bbox 1932 1635 2088 1689; x_wconf 82' lang='lat' dir='ltr'><strong>nobis</strong></span> <span class='ocrx_word' id='word_1_309' title='bbox 2149 1653 2369 1709; x_wconf 89' lang='lat' dir='ltr'><strong>quoque</strong></span> <span class='ocrx_word' id='word_1_310' title='bbox 2431 1644 2671 1701; x_wconf 86' lang='lat' dir='ltr'><strong>medium</strong></span> <span class='ocrx_word' id='word_1_311' title='bbox 2726 1653 3015 1721; x_wconf 81' lang='lat' dir='ltr'><strong>probatur,</strong></span> <span class='ocrx_word' id='word_1_312' title='bbox 3065 1635 3245 1731; x_wconf 41' lang='lat' dir='ltr'><strong>quod-</strong></span> <span class='ocrx_word' id='word_1_313' title='bbox 3280 1635 3503 1739; x_wconf 68' lang='lat' dir='ltr'><strong>proprie</strong></span> 
     </span>
    </p>
   </div>
   <div class='ocr_carea' id='block_1_47' title="bbox 1935 1724 3499 1817">
    <p class='ocr_par' dir='ltr' id='par_1_47' title="bbox 1935 1724 3499 1817">
     <span class='ocr_line' id='line_1_47' title="bbox 1935 1724 3499 1817; baseline 0.025 -40"><span class='ocrx_word' id='word_1_314' title='bbox 1935 1724 2041 1778; x_wconf 83' lang='lat' dir='ltr'><strong>tale</strong></span> <span class='ocrx_word' id='word_1_315' title='bbox 2062 1735 2166 1792; x_wconf 90' lang='lat' dir='ltr'><strong>est,</strong></span> <span class='ocrx_word' id='word_1_316' title='bbox 2203 1730 2410 1786; x_wconf 88' lang='lat' dir='ltr'><strong>scimus</strong></span> <span class='ocrx_word' id='word_1_317' title='bbox 2463 1735 2608 1789; x_wconf 87' lang='lat' dir='ltr'><strong>enim</strong></span> <span class='ocrx_word' id='word_1_318' title='bbox 2669 1742 2908 1799; x_wconf 87' lang='lat' dir='ltr'><strong>medium</strong></span> <span class='ocrx_word' id='word_1_319' title='bbox 2939 1762 3063 1805; x_wconf 84' lang='lat' dir='ltr'><strong>esse</strong></span> <span class='ocrx_word' id='word_1_320' title='bbox 3128 1768 3241 1809; x_wconf 88' lang='lat' dir='ltr'><strong>rem</strong></span> <span class='ocrx_word' id='word_1_321' title='bbox 3280 1724 3499 1817; x_wconf 64' lang='grc' dir='ltr'>ἠρίστα</span> 
     </span>
    </p>
   </div>
   <div class='ocr_carea' id='block_1_48' title="bbox 1933 1828 3495 1913">
    <p class='ocr_par' dir='ltr' id='par_1_48' title="bbox 1933 1828 3495 1913">
     <span class='ocr_line' id='line_1_48' title="bbox 1933 1828 3495 1913; baseline 0.028 -45"><span class='ocrx_word' id='word_1_322' title='bbox 1933 1828 2301 1887; x_wconf 84' lang='lat' dir='ltr'><strong>constantem,</strong></span> <span class='ocrx_word' id='word_1_323' title='bbox 2332 1834 2584 1885; x_wconf 79' lang='lat' dir='ltr'><strong>extrema</strong></span> <span class='ocrx_word' id='word_1_324' title='bbox 2608 1847 2737 1890; x_wconf 88' lang='lat' dir='ltr'><strong>vero</strong></span> <span class='ocrx_word' id='word_1_325' title='bbox 2770 1838 2997 1908; x_wconf 86' lang='lat' dir='ltr'><strong>malum,</strong></span> <span class='ocrx_word' id='word_1_326' title='bbox 3052 1848 3198 1913; x_wconf 89' lang='lat' dir='ltr'><strong>quod</strong></span> <span class='ocrx_word' id='word_1_327' title='bbox 3222 1846 3358 1905; x_wconf 82' lang='lat' dir='ltr'><strong>nihil</strong></span> <span class='ocrx_word' id='word_1_328' title='bbox 3386 1865 3495 1911; x_wconf 88' lang='lat' dir='ltr'><strong>est.</strong></span> 
     </span>
    </p>
   </div>
   <div class='ocr_carea' id='block_1_49' title="bbox 1929 1907 3497 2009">
    <p class='ocr_par' dir='ltr' id='par_1_49' title="bbox 1929 1907 3497 2009">
     <span class='ocr_line' id='line_1_49' title="bbox 1929 1907 3497 2009; baseline 0.026 -48"><span class='ocrx_word' id='word_1_329' title='bbox 1929 1907 2117 1980; x_wconf 82' lang='lat' dir='ltr'><strong>Itaque</strong></span> <span class='ocrx_word' id='word_1_330' title='bbox 2138 1913 2406 1984; x_wconf 89' lang='lat' dir='ltr'><strong>Spiritum</strong></span> <span class='ocrx_word' id='word_1_331' title='bbox 2438 1932 2687 1980; x_wconf 86' lang='lat' dir='ltr'><strong>sanctum</strong></span> <span class='ocrx_word' id='word_1_332' title='bbox 2740 1943 2918 2000; x_wconf 89' lang='lat' dir='ltr'><strong>neque</strong></span> <span class='ocrx_word' id='word_1_333' title='bbox 2948 1949 3013 1988; x_wconf 80' lang='lat' dir='ltr'><strong>ex</strong></span> <span class='ocrx_word' id='word_1_334' title='bbox 3034 1907 3154 1991; x_wconf 77' lang='lat' dir='ltr'><strong>solo</strong></span> <span class='ocrx_word' id='word_1_335' title='bbox 3189 1940 3370 2009; x_wconf 82' lang='lat' dir='ltr'><strong>Patre,</strong></span> <span class='ocrx_word' id='word_1_336' title='bbox 3399 1962 3497 2003; x_wconf 86' lang='lat' dir='ltr'><strong>ne-</strong></span> 
     </span>
    </p>
   </div>
   <div class='ocr_carea' id='block_1_50' title="bbox 1930 2008 3488 2095">
    <p class='ocr_par' dir='ltr' id='par_1_50' title="bbox 1930 2008 3488 2095">
     <span class='ocr_line' id='line_1_50' title="bbox 1930 2008 3488 2095; baseline 0.026 -42"><span class='ocrx_word' id='word_1_337' title='bbox 1930 2018 2036 2071; x_wconf 88' lang='lat' dir='ltr'><strong>que</strong></span> <span class='ocrx_word' id='word_1_338' title='bbox 2065 2022 2129 2059; x_wconf 81' lang='lat' dir='ltr'><strong>ex</strong></span> <span class='ocrx_word' id='word_1_339' title='bbox 2152 2008 2271 2061; x_wconf 90' lang='lat' dir='ltr'><strong>solo</strong></span> <span class='ocrx_word' id='word_1_340' title='bbox 2295 2010 2432 2067; x_wconf 80' lang='lat' dir='ltr'><strong>Filio</strong></span> <span class='ocrx_word' id='word_1_341' title='bbox 2455 2022 2754 2084; x_wconf 87' lang='lat' dir='ltr'><strong>procedere</strong></span> <span class='ocrx_word' id='word_1_342' title='bbox 2798 2024 3061 2093; x_wconf 87' lang='lat' dir='ltr'><strong>dicimus,</strong></span> <span class='ocrx_word' id='word_1_343' title='bbox 3125 2036 3220 2087; x_wconf 86' lang='lat' dir='ltr'><strong>sed</strong></span> <span class='ocrx_word' id='word_1_344' title='bbox 3252 2008 3488 2095; x_wconf 84' lang='lat' dir='ltr'><strong>mediam</strong></span> 
     </span>
    </p>
   </div>
   <div class='ocr_carea' id='block_1_51' title="bbox 1930 2104 3494 2194">
    <p class='ocr_par' dir='ltr' id='par_1_51' title="bbox 1930 2104 3494 2194">
     <span class='ocr_line' id='line_1_51' title="bbox 1930 2104 3494 2194; baseline 0.026 -49"><span class='ocrx_word' id='word_1_345' title='bbox 1930 2104 2182 2151; x_wconf 87' lang='lat' dir='ltr'><strong>tenentes</strong></span> <span class='ocrx_word' id='word_1_346' title='bbox 2213 2112 2533 2160; x_wconf 87' lang='lat' dir='ltr'><strong>sanctorum</strong></span> <span class='ocrx_word' id='word_1_347' title='bbox 2565 2111 2729 2176; x_wconf 85' lang='lat' dir='ltr'><strong>viam,</strong></span> <span class='ocrx_word' id='word_1_348' title='bbox 2769 2113 3003 2171; x_wconf 77' lang='lat' dir='ltr'><strong>fatemur</strong></span> <span class='ocrx_word' id='word_1_349' title='bbox 3026 2128 3085 2173; x_wconf 85' lang='lat' dir='ltr'><strong>et</strong></span> <span class='ocrx_word' id='word_1_350' title='bbox 3106 2136 3173 2175; x_wconf 81' lang='lat' dir='ltr'><strong>ex</strong></span> <span class='ocrx_word' id='word_1_351' title='bbox 3202 2124 3382 2194; x_wconf 85' lang='lat' dir='ltr'><strong>Patre,</strong></span> <span class='ocrx_word' id='word_1_352' title='bbox 3436 2138 3494 2184; x_wconf 84' lang='lat' dir='ltr'><strong>et</strong></span> 
     </span>
    </p>
   </div>
   <div class='ocr_carea' id='block_1_52' title="bbox 1925 2182 2696 2262">
    <p class='ocr_par' dir='ltr' id='par_1_52' title="bbox 1925 2182 2696 2262">
     <span class='ocr_line' id='line_1_52' title="bbox 1925 2182 2696 2262; baseline 0.022 -23"><span class='ocrx_word' id='word_1_353' title='bbox 1925 2197 1989 2239; x_wconf 82' lang='lat' dir='ltr'><strong>ex</strong></span> <span class='ocrx_word' id='word_1_354' title='bbox 2014 2182 2173 2253; x_wconf 88' lang='lat' dir='ltr'><strong>Filio,</strong></span> <span class='ocrx_word' id='word_1_355' title='bbox 2208 2188 2323 2245; x_wconf 83' lang='lat' dir='ltr'><strong>sive</strong></span> <span class='ocrx_word' id='word_1_356' title='bbox 2353 2206 2450 2262; x_wconf 92' lang='lat' dir='ltr'><strong>per</strong></span> <span class='ocrx_word' id='word_1_357' title='bbox 2474 2196 2696 2257; x_wconf 80' lang='lat' dir='ltr'><strong>Filium.</strong></span> 
     </span>
    </p>
   </div>
   <div class='ocr_carea' id='block_1_53' title="bbox 2587 2292 2829 2352">
    <p class='ocr_par' dir='ltr' id='par_1_53' title="bbox 2587 2292 2829 2352">
     <span class='ocr_line' id='line_1_53' title="bbox 2587 2292 2829 2352; baseline 0.037 -8"><span class='ocrx_word' id='word_1_358' title='bbox 2587 2292 2829 2352; x_wconf 78' lang='lat' dir='ltr'><strong>EPHES.</strong></span> 
     </span>
    </p>
   </div>
   <div class='ocr_carea' id='block_1_54' title="bbox 1994 2368 3489 2468">
    <p class='ocr_par' dir='ltr' id='par_1_54' title="bbox 1994 2368 3489 2468">
     <span class='ocr_line' id='line_1_54' title="bbox 1994 2368 3489 2468; baseline 0.027 -45"><span class='ocrx_word' id='word_1_359' title='bbox 1994 2368 2100 2426; x_wconf 88' lang='lat' dir='ltr'><strong>Sed</strong></span> <span class='ocrx_word' id='word_1_360' title='bbox 2151 2373 2260 2429; x_wconf 89' lang='lat' dir='ltr'><strong>duo</strong></span> <span class='ocrx_word' id='word_1_361' title='bbox 2289 2376 2503 2436; x_wconf 84' lang='lat' dir='ltr'><strong>diversa</strong></span> <span class='ocrx_word' id='word_1_362' title='bbox 2530 2385 2794 2456; x_wconf 78' lang='lat' dir='ltr'><strong>Symbola</strong></span> <span class='ocrx_word' id='word_1_363' title='bbox 2831 2407 2976 2449; x_wconf 91' lang='lat' dir='ltr'><strong>nunc</strong></span> <span class='ocrx_word' id='word_1_364' title='bbox 2996 2412 3215 2468; x_wconf 90' lang='lat' dir='ltr'><strong>quoque</strong></span> <span class='ocrx_word' id='word_1_365' title='bbox 3240 2404 3489 2462; x_wconf 82' lang='lat' dir='ltr'><strong>recitan-</strong></span> 
     </span>
    </p>
   </div>
   <div class='ocr_carea' id='block_1_55' title="bbox 1920 2465 3488 2554">
    <p class='ocr_par' dir='ltr' id='par_1_55' title="bbox 1920 2465 3488 2554">
     <span class='ocr_line' id='line_1_55' title="bbox 1920 2465 3488 2554; baseline 0.025 -40"><span class='ocrx_word' id='word_1_366' title='bbox 1920 2468 2041 2527; x_wconf 87' lang='lat' dir='ltr'><strong>tur,</strong></span> <span class='ocrx_word' id='word_1_367' title='bbox 2080 2465 2221 2522; x_wconf 89' lang='lat' dir='ltr'><strong>sicut</strong></span> <span class='ocrx_word' id='word_1_368' title='bbox 2252 2479 2310 2523; x_wconf 89' lang='lat' dir='ltr'><strong>et</strong></span> <span class='ocrx_word' id='word_1_369' title='bbox 2357 2484 2561 2541; x_wconf 81' lang='lat' dir='ltr'><strong>antea;</strong></span> <span class='ocrx_word' id='word_1_370' title='bbox 2603 2478 2715 2533; x_wconf 86' lang='lat' dir='ltr'><strong>duo</strong></span> <span class='ocrx_word' id='word_1_371' title='bbox 2747 2498 2967 2554; x_wconf 88' lang='lat' dir='ltr'><strong>quoque</strong></span> <span class='ocrx_word' id='word_1_372' title='bbox 3008 2465 3138 2545; x_wconf 79' lang='lat' dir='ltr'><strong>sunt</strong></span> <span class='ocrx_word' id='word_1_373' title='bbox 3176 2493 3488 2553; x_wconf 76' lang='lat' dir='ltr'><strong>diﬂ‘erentia</strong></span> 
     </span>
    </p>
   </div>
   <div class='ocr_carea' id='block_1_56' title="bbox 1918 2556 3488 2653">
    <p class='ocr_par' dir='ltr' id='par_1_56' title="bbox 1918 2556 3488 2653">
     <span class='ocr_line' id='line_1_56' title="bbox 1918 2556 3488 2653; baseline 0.024 -43"><span class='ocrx_word' id='word_1_374' title='bbox 1918 2556 2314 2616; x_wconf 74' lang='lat' dir='ltr'><strong>Sacriﬁciorum</strong></span> <span class='ocrx_word' id='word_1_375' title='bbox 2340 2580 2564 2635; x_wconf 76' lang='lat' dir='ltr'><strong>genera,</strong></span> <span class='ocrx_word' id='word_1_376' title='bbox 2613 2572 3022 2646; x_wconf 80' lang='lat' dir='ltr'><strong>alterum&#39;quod</strong></span> <span class='ocrx_word' id='word_1_377' title='bbox 3051 2598 3188 2653; x_wconf 86' lang='lat' dir='ltr'><strong>pane</strong></span> <span class='ocrx_word' id='word_1_378' title='bbox 3248 2589 3488 2648; x_wconf 77' lang='lat' dir='ltr'><strong>fermen-</strong></span> 
     </span>
    </p>
   </div>
   <div class='ocr_carea' id='block_1_57' title="bbox 1911 2652 3138 2741">
    <p class='ocr_par' dir='ltr' id='par_1_57' title="bbox 1911 2652 3138 2741">
     <span class='ocr_line' id='line_1_57' title="bbox 1911 2652 3138 2741; baseline 0.022 -39"><span class='ocrx_word' id='word_1_379' title='bbox 1911 2654 2033 2719; x_wconf 71' lang='grc' dir='ltr'><strong>ιοιο</strong></span> <span class='ocrx_word' id='word_1_380' title='bbox 2064 2652 2376 2723; x_wconf 81' lang='lat' dir='ltr'><strong>conﬁcitur,</strong></span> <span class='ocrx_word' id='word_1_381' title='bbox 2411 2660 2642 2717; x_wconf 87' lang='lat' dir='ltr'><strong>alterum</strong></span> <span class='ocrx_word' id='word_1_382' title='bbox 2683 2668 2827 2734; x_wconf 89' lang='lat' dir='ltr'><strong>quod</strong></span> <span class='ocrx_word' id='word_1_383' title='bbox 2853 2652 3065 2741; x_wconf 81' lang='lat' dir='ltr'><strong>azymo.</strong></span> <span class='ocrx_word' id='word_1_384' title='bbox 3120 2660 3138 2672; x_wconf 24' lang='grc' dir='ltr'>Χ</span> 
     </span>
    </p>
   </div>
   <div class='ocr_carea' id='block_1_58' title="bbox 2598 2754 2796 2814">
    <p class='ocr_par' dir='ltr' id='par_1_58' title="bbox 2598 2754 2796 2814">
     <span class='ocr_line' id='line_1_58' title="bbox 2598 2754 2796 2814; baseline 0.03 -6"><span class='ocrx_word' id='word_1_385' title='bbox 2598 2754 2796 2814; x_wconf 77' lang='lat' dir='ltr'><strong>BESP.</strong></span> 
     </span>
    </p>
   </div>
   <div class='ocr_carea' id='block_1_59' title="bbox 1983 2831 3481 2925">
    <p class='ocr_par' dir='ltr' id='par_1_59' title="bbox 1983 2831 3481 2925">
     <span class='ocr_line' id='line_1_59' title="bbox 1983 2831 3481 2925; baseline 0.026 -39"><span class='ocrx_word' id='word_1_386' title='bbox 1983 2831 2103 2889; x_wconf 87' lang='lat' dir='ltr'><strong>Duo</strong></span> <span class='ocrx_word' id='word_1_387' title='bbox 2118 2846 2267 2894; x_wconf 86' lang='lat' dir='ltr'><strong>certe</strong></span> <span class='ocrx_word' id='word_1_388' title='bbox 2305 2838 2560 2910; x_wconf 86' lang='lat' dir='ltr'><strong>Symbola</strong></span> <span class='ocrx_word' id='word_1_389' title='bbox 2595 2863 2699 2901; x_wconf 92' lang='lat' dir='ltr'><strong>non</strong></span> <span class='ocrx_word' id='word_1_390' title='bbox 2747 2863 2892 2920; x_wconf 90' lang='lat' dir='ltr'><strong>sunt,</strong></span> <span class='ocrx_word' id='word_1_391' title='bbox 2927 2871 3025 2912; x_wconf 90' lang='lat' dir='ltr'><strong>nec</strong></span> <span class='ocrx_word' id='word_1_392' title='bbox 3055 2860 3267 2921; x_wconf 87' lang='lat' dir='ltr'><strong>diversa</strong></span> <span class='ocrx_word' id='word_1_393' title='bbox 3304 2883 3318 2921; x_wconf 91' lang='lat'><strong>:</strong></span> <span class='ocrx_word' id='word_1_394' title='bbox 3353 2884 3481 2925; x_wconf 87' lang='lat' dir='ltr'><strong>nam</strong></span> 
     </span>
    </p>
   </div>
   <div class='ocr_carea' id='block_1_60' title="bbox 1908 2923 3477 3021">
    <p class='ocr_par' dir='ltr' id='par_1_60' title="bbox 1908 2923 3477 3021">
     <span class='ocr_line' id='line_1_60' title="bbox 1908 2923 3477 3021; baseline 0.024 -44"><span class='ocrx_word' id='word_1_395' title='bbox 1908 2923 2037 2979; x_wconf 76' lang='lat' dir='ltr'><strong>ﬁdei</strong></span> <span class='ocrx_word' id='word_1_396' title='bbox 2066 2927 2401 2998; x_wconf 88' lang='lat' dir='ltr'><strong>Symbolum,</strong></span> <span class='ocrx_word' id='word_1_397' title='bbox 2428 2939 2572 3004; x_wconf 90' lang='lat' dir='ltr'><strong>quod</strong></span> <span class='ocrx_word' id='word_1_398' title='bbox 2592 2954 2687 2994; x_wconf 89' lang='lat' dir='ltr'><strong>nos</strong></span> <span class='ocrx_word' id='word_1_399' title='bbox 2715 2952 2767 2995; x_wconf 90' lang='lat' dir='ltr'><strong>et</strong></span> <span class='ocrx_word' id='word_1_400' title='bbox 2794 2942 2974 3002; x_wconf 89' lang='lat' dir='ltr'><strong>Latini</strong></span> <span class='ocrx_word' id='word_1_401' title='bbox 3012 2954 3285 3021; x_wconf 89' lang='lat' dir='ltr'><strong>canimus,</strong></span> <span class='ocrx_word' id='word_1_402' title='bbox 3309 2923 3477 3015; x_wconf 77' lang='lat' dir='ltr'><strong>unum</strong></span> 
     </span>
    </p>
   </div>
   <div class='ocr_carea' id='block_1_61' title="bbox 237 2986 1806 3120">
    <p class='ocr_par' dir='ltr' id='par_1_61' title="bbox 237 2986 1806 3120">
     <span class='ocr_line' id='line_1_61' title="bbox 237 2986 1806 3083; baseline 0.017 -46"><span class='ocrx_word' id='word_1_403' title='bbox 237 2986 399 3053; x_wconf 79' lang='grc' dir='ltr'>ἡμεῖς</span> <span class='ocrx_word' id='word_1_404' title='bbox 424 3005 484 3040; x_wconf 91' lang='grc' dir='ltr'><strong>τε</strong></span> <span class='ocrx_word' id='word_1_405' title='bbox 506 2994 601 3043; x_wconf 77' lang='grc' dir='ltr'>καὶ</span> <span class='ocrx_word' id='word_1_406' title='bbox 630 2992 870 3049; x_wconf 63' lang='grc' dir='ltr'>Λατῖνον</span> <span class='ocrx_word' id='word_1_407' title='bbox 903 2999 964 3050; x_wconf 88' lang='grc' dir='ltr'>οὐ</span> <span class='ocrx_word' id='word_1_408' title='bbox 996 3000 1104 3067; x_wconf 82' lang='grc' dir='ltr'><strong>γὰρ</strong></span> <span class='ocrx_word' id='word_1_409' title='bbox 1144 3001 1233 3056; x_wconf 80' lang='grc' dir='ltr'>διὰ</span> <span class='ocrx_word' id='word_1_410' title='bbox 1258 3004 1360 3075; x_wconf 81' lang='grc' dir='ltr'>τὴν</span> <span class='ocrx_word' id='word_1_411' title='bbox 1386 3008 1704 3079; x_wconf 85' lang='grc' dir='ltr'>σαφήνειαν,</span> <span class='ocrx_word' id='word_1_412' title='bbox 1739 3013 1806 3083; x_wconf 76' lang='grc' dir='ltr'><strong>ἢν</strong></span> 
     </span>
     <span class='ocr_line' id='line_1_62' title="bbox 237 3076 1802 3120; baseline 0 0"><span class='ocrx_word' id='word_1_413' title='bbox 237 3076 452 3120; x_wconf 70' lang='grc' dir='ltr'>ἐδέὲστη</span> <span class='ocrx_word' id='word_1_414' title='bbox 481 3082 614 3120; x_wconf 55' lang='grc' dir='ltr'><strong>ατί-ιη’</strong></span> <span class='ocrx_word' id='word_1_415' title='bbox 649 3085 872 3120; x_wconf 59' lang='lat' dir='ltr'><strong>lanium“</strong></span> <span class='ocrx_word' id='word_1_416' title='bbox 931 3089 1029 3120; x_wconf 62' lang='grc' dir='ltr'><strong>ιε...</strong></span> <span class='ocrx_word' id='word_1_417' title='bbox 1075 3090 1202 3120; x_wconf 70' lang='grc' dir='ltr'><strong>ιν.-</strong></span> <span class='ocrx_word' id='word_1_418' title='bbox 1235 3096 1504 3120; x_wconf 64' lang='lat'><strong>-.&#39;...:-\1,.</strong></span> <span class='ocrx_word' id='word_1_419' title='bbox 1540 3101 1624 3120; x_wconf 66' lang='grc' dir='ltr'><strong>ι--</strong></span> <span class='ocrx_word' id='word_1_420' title='bbox 1742 3104 1802 3120; x_wconf 66' lang='grc' dir='ltr'><strong>τ’.</strong></span> 
     </span>
    </p>
   </div>
   <div class='ocr_carea' id='block_1_62' title="bbox 1910 2986 3480 3120">
    <p class='ocr_par' dir='ltr' id='par_1_62' title="bbox 1911 2986 3480 3120">
     <span class='ocr_line' id='line_1_63' title="bbox 2108 2986 3477 3021; baseline 0.028 -43"><span class='ocrx_word' id='word_1_421' title='bbox 2108 2986 2125 2998; x_wconf 47' lang='grc' dir='ltr'><em>υ</em></span> <span class='ocrx_word' id='word_1_422' title='bbox 2388 2986 2401 2997; x_wconf 76' lang='grc'><strong>,</strong></span> <span class='ocrx_word' id='word_1_423' title='bbox 2436 2986 2571 3004; x_wconf 57' lang='lat'><strong>1---</strong></span> <span class='ocrx_word' id='word_1_424' title='bbox 2592 2986 2686 2994; x_wconf 72' lang='grc' dir='ltr'><strong>η..-</strong></span> <span class='ocrx_word' id='word_1_425' title='bbox 2716 2986 2767 2995; x_wconf 75' lang='grc' dir='ltr'><strong>ν.</strong></span> <span class='ocrx_word' id='word_1_426' title='bbox 2794 2986 2974 3002; x_wconf 72' lang='grc' dir='ltr'><strong>...υ-ιιι</strong></span> <span class='ocrx_word' id='word_1_427' title='bbox 3012 2986 3285 3021; x_wconf 57' lang='lat' dir='ltr'><strong>war-Ianua,</strong></span> <span class='ocrx_word' id='word_1_428' title='bbox 3310 2986 3477 3015; x_wconf 81' lang='lat' dir='ltr'><strong>UIIUIII</strong></span> 
     </span>
     <span class='ocr_line' id='line_1_64' title="bbox 1911 3025 3480 3120; baseline 0.021 -49"><span class='ocrx_word' id='word_1_429' title='bbox 1911 3028 1999 3073; x_wconf 89' lang='lat' dir='ltr'><strong>est</strong></span> <span class='ocrx_word' id='word_1_430' title='bbox 2028 3034 2044 3084; x_wconf 92' lang='lat'><strong>;</strong></span> <span class='ocrx_word' id='word_1_431' title='bbox 2077 3036 2254 3093; x_wconf 83' lang='lat' dir='ltr'><strong>neque</strong></span> <span class='ocrx_word' id='word_1_432' title='bbox 2285 3025 2433 3078; x_wconf 89' lang='lat' dir='ltr'><strong>enim</strong></span> <span class='ocrx_word' id='word_1_433' title='bbox 2466 3029 2533 3082; x_wconf 91' lang='lat' dir='ltr'><strong>ob</strong></span> <span class='ocrx_word' id='word_1_434' title='bbox 2558 3031 3009 3105; x_wconf 83' lang='lat' dir='ltr'><strong>declarationem,</strong></span> <span class='ocrx_word' id='word_1_435' title='bbox 3048 3057 3209 3110; x_wconf 90' lang='lat' dir='ltr'><strong>quam</strong></span> <span class='ocrx_word' id='word_1_436' title='bbox 3240 3049 3318 3101; x_wconf 88' lang='lat' dir='ltr'><strong>illi</strong></span> <span class='ocrx_word' id='word_1_437' title='bbox 3384 3065 3480 3120; x_wconf 83' lang='lat' dir='ltr'><strong>ap-</strong></span> 
     </span>
    </p>
   </div>
   <div class='ocr_carea' id='block_1_63' title="bbox 235 3076 1804 3165">
    <p class='ocr_par' dir='ltr' id='par_1_63' title="bbox 235 3076 1804 3165">
     <span class='ocr_line' id='line_1_65' title="bbox 235 3076 1804 3165; baseline 0.02 -38"><span class='ocrx_word' id='word_1_438' title='bbox 235 3076 452 3142; x_wconf 79' lang='grc' dir='ltr'>ἐδέξατο</span> <span class='ocrx_word' id='word_1_439' title='bbox 481 3082 614 3152; x_wconf 85' lang='grc' dir='ltr'>παρ’</span> <span class='ocrx_word' id='word_1_440' title='bbox 648 3085 894 3153; x_wconf 74' lang='grc' dir='ltr'>ἐκείνων,</span> <span class='ocrx_word' id='word_1_441' title='bbox 931 3089 1033 3159; x_wconf 70' lang='grc' dir='ltr'><strong>ἤδη</strong></span> <span class='ocrx_word' id='word_1_442' title='bbox 1071 3090 1203 3146; x_wconf 76' lang='grc' dir='ltr'>ἄλλο</span> <span class='ocrx_word' id='word_1_443' title='bbox 1233 3076 1706 3165; x_wconf 19' lang='grc' dir='ltr'>σύμϐολόννέστινι</span> <span class='ocrx_word' id='word_1_444' title='bbox 1742 3076 1804 3158; x_wconf 57' lang='grc' dir='ltr'><strong>ἐξ</strong></span> 
     </span>
    </p>
   </div>
   <div class='ocr_carea' id='block_1_64' title="bbox 233 3169 1804 3251">
    <p class='ocr_par' dir='ltr' id='par_1_64' title="bbox 233 3169 1804 3251">
     <span class='ocr_line' id='line_1_66' title="bbox 233 3169 1804 3251; baseline 0.02 -31"><span class='ocrx_word' id='word_1_445' title='bbox 233 3169 293 3221; x_wconf 80' lang='grc' dir='ltr'><strong>δὲ</strong></span> <span class='ocrx_word' id='word_1_446' title='bbox 340 3174 433 3223; x_wconf 78' lang='grc' dir='ltr'><strong>καὶ</strong></span> <span class='ocrx_word' id='word_1_447' title='bbox 463 3171 559 3226; x_wconf 81' lang='grc' dir='ltr'><strong>δύο</strong></span> <span class='ocrx_word' id='word_1_448' title='bbox 594 3169 757 3245; x_wconf 83' lang='grc' dir='ltr'>ἦσαν,</span> <span class='ocrx_word' id='word_1_449' title='bbox 786 3179 898 3231; x_wconf 81' lang='grc' dir='ltr'>οὐδ’</span> <span class='ocrx_word' id='word_1_450' title='bbox 928 3180 1099 3246; x_wconf 78' lang='grc' dir='ltr'>οὕτως</span> <span class='ocrx_word' id='word_1_451' title='bbox 1131 3184 1196 3237; x_wconf 77' lang='grc' dir='ltr'>ἂν</span> <span class='ocrx_word' id='word_1_452' title='bbox 1229 3186 1523 3245; x_wconf 78' lang='grc' dir='ltr'>ἐκαλοῦντο</span> <span class='ocrx_word' id='word_1_453' title='bbox 1562 3193 1677 3247; x_wconf 71' lang='grc' dir='ltr'>δύοσ</span> <span class='ocrx_word' id='word_1_454' title='bbox 1712 3198 1804 3251; x_wconf 73' lang='grc' dir='ltr'>καὶ</span> 
     </span>
    </p>
   </div>
   <div class='ocr_carea' id='block_1_65' title="bbox 228 3263 1803 3349">
    <p class='ocr_par' dir='ltr' id='par_1_65' title="bbox 228 3263 1803 3349">
     <span class='ocr_line' id='line_1_67' title="bbox 228 3263 1803 3349; baseline 0.017 -35"><span class='ocrx_word' id='word_1_455' title='bbox 228 3263 338 3331; x_wconf 80' lang='grc' dir='ltr'><strong>γὰρ</strong></span> <span class='ocrx_word' id='word_1_456' title='bbox 370 3267 465 3317; x_wconf 78' lang='grc' dir='ltr'>καὶ</span> <span class='ocrx_word' id='word_1_457' title='bbox 497 3267 557 3320; x_wconf 86' lang='grc' dir='ltr'>τὸ</span> <span class='ocrx_word' id='word_1_458' title='bbox 590 3269 647 3319; x_wconf 71' lang='grc' dir='ltr'><strong>ἐν</strong></span> <span class='ocrx_word' id='word_1_459' title='bbox 692 3269 897 3343; x_wconf 79' lang='grc' dir='ltr'>Νικαίᾳ</span> <span class='ocrx_word' id='word_1_460' title='bbox 926 3273 1198 3342; x_wconf 87' lang='grc' dir='ltr'>σύμϐολόν</span> <span class='ocrx_word' id='word_1_461' title='bbox 1227 3277 1378 3333; x_wconf 73' lang='grc' dir='ltr'>ἐστιν</span> <span class='ocrx_word' id='word_1_462' title='bbox 1416 3282 1567 3349; x_wconf 77' lang='grc' dir='ltr'>ἄλλο,</span> <span class='ocrx_word' id='word_1_463' title='bbox 1605 3286 1699 3339; x_wconf 77' lang='grc' dir='ltr'>καὶ</span> <span class='ocrx_word' id='word_1_464' title='bbox 1742 3287 1803 3341; x_wconf 76' lang='grc' dir='ltr'>τὸ</span> 
     </span>
    </p>
   </div>
   <div class='ocr_carea' id='block_1_66' title="bbox 230 3356 1801 3435">
    <p class='ocr_par' dir='ltr' id='par_1_66' title="bbox 230 3356 1801 3435">
     <span class='ocr_line' id='line_1_68' title="bbox 230 3356 1801 3435; baseline 0.019 -30"><span class='ocrx_word' id='word_1_465' title='bbox 230 3356 341 3407; x_wconf 75' lang='grc' dir='ltr'><strong>τῶν</strong></span> <span class='ocrx_word' id='word_1_466' title='bbox 372 3358 685 3413; x_wconf 71' lang='grc' dir='ltr'>ἀποστόλων</span> <span class='ocrx_word' id='word_1_467' title='bbox 716 3361 923 3434; x_wconf 80' lang='grc' dir='ltr'>ἕτερον·</span> <span class='ocrx_word' id='word_1_468' title='bbox 958 3366 1093 3421; x_wconf 83' lang='grc' dir='ltr'>ἀλλὰ</span> <span class='ocrx_word' id='word_1_469' title='bbox 1125 3371 1269 3424; x_wconf 78' lang='grc' dir='ltr'>κατὰ</span> <span class='ocrx_word' id='word_1_470' title='bbox 1300 3372 1395 3426; x_wconf 84' lang='grc' dir='ltr'>τὸν</span> <span class='ocrx_word' id='word_1_471' title='bbox 1431 3375 1557 3430; x_wconf 85' lang='grc' dir='ltr'>νοῦν</span> <span class='ocrx_word' id='word_1_472' title='bbox 1591 3379 1652 3431; x_wconf 86' lang='grc' dir='ltr'><strong>ού</strong></span> <span class='ocrx_word' id='word_1_473' title='bbox 1687 3380 1801 3435; x_wconf 89' lang='grc' dir='ltr'>δια-</span> 
     </span>
    </p>
   </div>
   <div class='ocr_carea' id='block_1_67' title="bbox 233 3449 1798 3533">
    <p class='ocr_par' dir='ltr' id='par_1_67' title="bbox 233 3449 1798 3533">
     <span class='ocr_line' id='line_1_69' title="bbox 233 3449 1798 3533; baseline 0.018 -37"><span class='ocrx_word' id='word_1_474' title='bbox 233 3449 481 3515; x_wconf 75' lang='grc' dir='ltr'>φέρουσι,</span> <span class='ocrx_word' id='word_1_475' title='bbox 503 3450 591 3503; x_wconf 79' lang='grc' dir='ltr'>διὰ</span> <span class='ocrx_word' id='word_1_476' title='bbox 637 3452 799 3506; x_wconf 84' lang='grc' dir='ltr'>τοῦτο</span> <span class='ocrx_word' id='word_1_477' title='bbox 835 3456 954 3510; x_wconf 77' lang='grc' dir='ltr'><strong>οὐδὲ</strong></span> <span class='ocrx_word' id='word_1_478' title='bbox 999 3460 1454 3533; x_wconf 83' lang='grc' dir='ltr'>παρηλλαγμένα.</span> <span class='ocrx_word' id='word_1_479' title='bbox 1500 3470 1688 3525; x_wconf 75' lang='grc' dir='ltr'>Διτταὶ</span> <span class='ocrx_word' id='word_1_480' title='bbox 1739 3472 1798 3525; x_wconf 75' lang='grc' dir='ltr'><strong>δὲ</strong></span> 
     </span>
    </p>
   </div>
   <div class='ocr_carea' id='block_1_68' title="bbox 228 3537 1795 3624">
    <p class='ocr_par' dir='ltr' id='par_1_68' title="bbox 228 3537 1795 3624">
     <span class='ocr_line' id='line_1_70' title="bbox 228 3537 1795 3624; baseline 0.019 -36"><span class='ocrx_word' id='word_1_481' title='bbox 228 3537 560 3609; x_wconf 82' lang='grc' dir='ltr'>λειτουργίαι</span> <span class='ocrx_word' id='word_1_482' title='bbox 592 3541 715 3597; x_wconf 73' lang='grc' dir='ltr'>οὔτε</span> <span class='ocrx_word' id='word_1_483' title='bbox 744 3546 905 3613; x_wconf 82' lang='grc' dir='ltr'>είσὶν,</span> <span class='ocrx_word' id='word_1_484' title='bbox 931 3549 1057 3603; x_wconf 77' lang='grc' dir='ltr'>οὔτε</span> <span class='ocrx_word' id='word_1_485' title='bbox 1081 3552 1353 3622; x_wconf 83' lang='grc' dir='ltr'>λέγονται,</span> <span class='ocrx_word' id='word_1_486' title='bbox 1371 3557 1510 3612; x_wconf 84' lang='grc' dir='ltr'>διότι</span> <span class='ocrx_word' id='word_1_487' title='bbox 1537 3557 1616 3624; x_wconf 79' lang='grc' dir='ltr'>εἷς</span> <span class='ocrx_word' id='word_1_488' title='bbox 1644 3565 1795 3615; x_wconf 80' lang='grc' dir='ltr'>ἐστιν</span> 
     </span>
    </p>
   </div>
   <div class='ocr_carea' id='block_1_69' title="bbox 227 3633 1796 3725">
    <p class='ocr_par' dir='ltr' id='par_1_69' title="bbox 227 3633 1796 3725">
     <span class='ocr_line' id='line_1_71' title="bbox 227 3633 1796 3725; baseline 0.018 -43"><span class='ocrx_word' id='word_1_489' title='bbox 227 3633 253 3682; x_wconf 85' lang='grc' dir='ltr'><strong>ὁ</strong></span> <span class='ocrx_word' id='word_1_490' title='bbox 283 3634 487 3696; x_wconf 78' lang='grc' dir='ltr'>σκοπὸς</span> <span class='ocrx_word' id='word_1_491' title='bbox 515 3635 610 3689; x_wconf 78' lang='grc' dir='ltr'><strong>τοῦ</strong></span> <span class='ocrx_word' id='word_1_492' title='bbox 639 3639 728 3693; x_wconf 78' lang='grc' dir='ltr'>τὸν</span> <span class='ocrx_word' id='word_1_493' title='bbox 760 3640 910 3708; x_wconf 74' lang='grc' dir='ltr'>ἱερέα</span> <span class='ocrx_word' id='word_1_494' title='bbox 939 3643 1221 3716; x_wconf 82' lang='grc' dir='ltr'>ὑπηρέτην</span> <span class='ocrx_word' id='word_1_495' title='bbox 1258 3650 1514 3717; x_wconf 85' lang='grc' dir='ltr'>γενέσθαι</span> <span class='ocrx_word' id='word_1_496' title='bbox 1549 3655 1646 3725; x_wconf 86' lang='grc' dir='ltr'>τῆς</span> <span class='ocrx_word' id='word_1_497' title='bbox 1682 3672 1796 3711; x_wconf 82' lang='grc' dir='ltr'>τοι·</span> 
     </span>
    </p>
   </div>
   <div class='ocr_carea' id='block_1_70' title="bbox 226 3726 1793 3817">
    <p class='ocr_par' dir='ltr' id='par_1_70' title="bbox 226 3726 1793 3817">
     <span class='ocr_line' id='line_1_72' title="bbox 226 3726 1793 3817; baseline 0.014 -37"><span class='ocrx_word' id='word_1_498' title='bbox 226 3726 396 3795; x_wconf 82' lang='grc' dir='ltr'>αύτης</span> <span class='ocrx_word' id='word_1_499' title='bbox 431 3728 645 3791; x_wconf 82' lang='grc' dir='ltr'>Θυσίας·</span> <span class='ocrx_word' id='word_1_500' title='bbox 678 3733 773 3784; x_wconf 72' lang='grc' dir='ltr'>καὶ</span> <span class='ocrx_word' id='word_1_501' title='bbox 809 3734 1015 3806; x_wconf 85' lang='grc' dir='ltr'>ταύτην</span> <span class='ocrx_word' id='word_1_502' title='bbox 1036 3736 1153 3807; x_wconf 77' lang='grc' dir='ltr'>ἔχει</span> <span class='ocrx_word' id='word_1_503' title='bbox 1189 3739 1442 3810; x_wconf 84' lang='grc' dir='ltr'>θεμέλιον</span> <span class='ocrx_word' id='word_1_504' title='bbox 1477 3747 1582 3809; x_wconf 84' lang='grc' dir='ltr'><strong>πᾶς</strong></span> <span class='ocrx_word' id='word_1_505' title='bbox 1613 3748 1793 3817; x_wconf 79' lang='grc' dir='ltr'>ἱερεὺς</span> 
     </span>
    </p>
   </div>
   <div class='ocr_carea' id='block_1_71' title="bbox 224 3822 1792 3911">
    <p class='ocr_par' dir='ltr' id='par_1_71' title="bbox 224 3822 1792 3911">
     <span class='ocr_line' id='line_1_73' title="bbox 224 3822 1792 3911; baseline 0.014 -40"><span class='ocrx_word' id='word_1_506' title='bbox 224 3822 533 3890; x_wconf 78' lang='grc' dir='ltr'>ἀρχόμενος</span> <span class='ocrx_word' id='word_1_507' title='bbox 560 3822 661 3893; x_wconf 80' lang='grc' dir='ltr'>τῆς</span> <span class='ocrx_word' id='word_1_508' title='bbox 704 3822 858 3889; x_wconf 84' lang='grc' dir='ltr'>θείας</span> <span class='ocrx_word' id='word_1_509' title='bbox 913 3833 1324 3901; x_wconf 84' lang='grc' dir='ltr'>μυσταγωγίας,</span> <span class='ocrx_word' id='word_1_510' title='bbox 1372 3835 1473 3905; x_wconf 81' lang='grc' dir='ltr'>τὴν</span> <span class='ocrx_word' id='word_1_511' title='bbox 1522 3839 1792 3911; x_wconf 80' lang='grc' dir='ltr'>κυριακὴν</span> 
     </span>
    </p>
   </div>
   <div class='ocr_carea' id='block_1_72' title="bbox 220 3912 1790 3998">
    <p class='ocr_par' dir='ltr' id='par_1_72' title="bbox 220 3912 1790 3998">
     <span class='ocr_line' id='line_1_74' title="bbox 220 3912 1790 3998; baseline 0.015 -35"><span class='ocrx_word' id='word_1_512' title='bbox 220 3913 433 3981; x_wconf 71' lang='grc' dir='ltr'>φωνὴν.</span> <span class='ocrx_word' id='word_1_513' title='bbox 460 3912 531 3982; x_wconf 80' lang='grc' dir='ltr'>ἢν</span> <span class='ocrx_word' id='word_1_514' title='bbox 571 3916 599 3966; x_wconf 85' lang='grc' dir='ltr'>ὁ</span> <span class='ocrx_word' id='word_1_515' title='bbox 632 3914 838 3985; x_wconf 80' lang='grc' dir='ltr'>Κύριος</span> <span class='ocrx_word' id='word_1_516' title='bbox 880 3919 1184 3990; x_wconf 79' lang='grc' dir='ltr'>προήκατο·</span> <span class='ocrx_word' id='word_1_517' title='bbox 1233 3924 1415 3978; x_wconf 82' lang='grc' dir='ltr'>Τοῦτο</span> <span class='ocrx_word' id='word_1_518' title='bbox 1450 3929 1673 3983; x_wconf 79' lang='grc' dir='ltr'>ποιεῖτε</span> <span class='ocrx_word' id='word_1_519' title='bbox 1703 3933 1790 3998; x_wconf 83' lang='grc' dir='ltr'><strong>είς</strong></span> 
     </span>
    </p>
   </div>
   <div class='ocr_carea' id='block_1_73' title="bbox 220 4004 1787 4093">
    <p class='ocr_par' dir='ltr' id='par_1_73' title="bbox 220 4004 1787 4093">
     <span class='ocr_line' id='line_1_75' title="bbox 220 4004 1787 4093; baseline 0.012 -35"><span class='ocrx_word' id='word_1_520' title='bbox 220 4004 331 4069; x_wconf 80' lang='grc' dir='ltr'><strong>τὴν</strong></span> <span class='ocrx_word' id='word_1_521' title='bbox 367 4006 524 4073; x_wconf 73' lang='grc' dir='ltr'><strong>ἐμὴν</strong></span> <span class='ocrx_word' id='word_1_522' title='bbox 551 4007 919 4077; x_wconf 77' lang='grc' dir='ltr'>ἀνάμνησιν.</span> <span class='ocrx_word' id='word_1_523' title='bbox 951 4011 1042 4066; x_wconf 76' lang='grc' dir='ltr'><strong>διὰ</strong></span> <span class='ocrx_word' id='word_1_524' title='bbox 1070 4014 1164 4067; x_wconf 84' lang='grc' dir='ltr'><strong>τοῦ</strong></span> <span class='ocrx_word' id='word_1_525' title='bbox 1198 4017 1261 4069; x_wconf 80' lang='grc' dir='ltr'>ὲκ</span> <span class='ocrx_word' id='word_1_526' title='bbox 1302 4017 1395 4071; x_wconf 84' lang='grc' dir='ltr'><strong>τοῦ</strong></span> <span class='ocrx_word' id='word_1_527' title='bbox 1437 4020 1583 4073; x_wconf 87' lang='grc' dir='ltr'>σίτου</span> <span class='ocrx_word' id='word_1_528' title='bbox 1618 4022 1787 4093; x_wconf 79' lang='grc' dir='ltr'>ἄρτου</span> 
     </span>
    </p>
   </div>
   <div class='ocr_carea' id='block_1_74' title="bbox 215 4097 1787 4180">
    <p class='ocr_par' dir='ltr' id='par_1_74' title="bbox 215 4097 1787 4180">
     <span class='ocr_line' id='line_1_76' title="bbox 215 4097 1787 4180; baseline 0.014 -33"><span class='ocrx_word' id='word_1_529' title='bbox 215 4099 309 4149; x_wconf 70' lang='grc' dir='ltr'>καὶ</span> <span class='ocrx_word' id='word_1_530' title='bbox 344 4097 442 4149; x_wconf 83' lang='grc' dir='ltr'><strong>τοῦ</strong></span> <span class='ocrx_word' id='word_1_531' title='bbox 471 4099 616 4152; x_wconf 79' lang='grc' dir='ltr'>οἴνου</span> <span class='ocrx_word' id='word_1_532' title='bbox 650 4101 743 4153; x_wconf 77' lang='grc' dir='ltr'>καὶ</span> <span class='ocrx_word' id='word_1_533' title='bbox 778 4102 873 4154; x_wconf 86' lang='grc' dir='ltr'><strong>τοῦ</strong></span> <span class='ocrx_word' id='word_1_534' title='bbox 903 4102 1119 4169; x_wconf 69' lang='grc' dir='ltr'>ὓδατος·</span> <span class='ocrx_word' id='word_1_535' title='bbox 1155 4106 1295 4163; x_wconf 86' lang='grc' dir='ltr'>ὥστε</span> <span class='ocrx_word' id='word_1_536' title='bbox 1326 4110 1413 4165; x_wconf 81' lang='grc' dir='ltr'>διὰ</span> <span class='ocrx_word' id='word_1_537' title='bbox 1441 4114 1666 4180; x_wconf 83' lang='grc' dir='ltr'>τούτων,</span> <span class='ocrx_word' id='word_1_538' title='bbox 1693 4118 1787 4169; x_wconf 78' lang='grc' dir='ltr'>καὶ</span> 
     </span>
    </p>
   </div>
   <div class='ocr_carea' id='block_1_75' title="bbox 213 4191 1783 4278">
    <p class='ocr_par' dir='ltr' id='par_1_75' title="bbox 213 4191 1783 4278">
     <span class='ocr_line' id='line_1_77' title="bbox 213 4191 1783 4278; baseline 0.015 -39"><span class='ocrx_word' id='word_1_539' title='bbox 213 4191 299 4241; x_wconf 64' lang='lat' dir='ltr'><strong>Esi</strong></span> <span class='ocrx_word' id='word_1_540' title='bbox 334 4192 518 4259; x_wconf 77' lang='grc' dir='ltr'>πάσης</span> <span class='ocrx_word' id='word_1_541' title='bbox 553 4192 796 4260; x_wconf 82' lang='grc' dir='ltr'>τελετῆς,</span> <span class='ocrx_word' id='word_1_542' title='bbox 830 4197 923 4248; x_wconf 78' lang='grc' dir='ltr'>καὶ</span> <span class='ocrx_word' id='word_1_543' title='bbox 952 4197 1062 4250; x_wconf 84' lang='grc' dir='ltr'>τῶν</span> <span class='ocrx_word' id='word_1_544' title='bbox 1104 4202 1387 4269; x_wconf 86' lang='grc' dir='ltr'>κυριακῶν</span> <span class='ocrx_word' id='word_1_545' title='bbox 1416 4207 1574 4260; x_wconf 87' lang='grc' dir='ltr'>θείων</span> <span class='ocrx_word' id='word_1_546' title='bbox 1603 4210 1783 4278; x_wconf 78' lang='grc' dir='ltr'>ῥημά-</span> 
     </span>
    </p>
   </div>
   <div class='ocr_carea' id='block_1_76' title="bbox 215 4284 1779 4370">
    <p class='ocr_par' dir='ltr' id='par_1_76' title="bbox 215 4284 1779 4370">
     <span class='ocr_line' id='line_1_78' title="bbox 215 4284 1779 4370; baseline 0.014 -36"><span class='ocrx_word' id='word_1_547' title='bbox 215 4300 344 4347; x_wconf 87' lang='grc' dir='ltr'>των,</span> <span class='ocrx_word' id='word_1_548' title='bbox 381 4284 595 4335; x_wconf 76' lang='grc' dir='ltr'>καὶτοῦ</span> <span class='ocrx_word' id='word_1_549' title='bbox 631 4285 1021 4357; x_wconf 85' lang='grc' dir='ltr'>θυσιαστηρίου</span> <span class='ocrx_word' id='word_1_550' title='bbox 1050 4292 1323 4347; x_wconf 83' lang='grc' dir='ltr'>τελεῖσθαι</span> <span class='ocrx_word' id='word_1_551' title='bbox 1358 4298 1417 4350; x_wconf 85' lang='grc' dir='ltr'>τὸ</span> <span class='ocrx_word' id='word_1_552' title='bbox 1457 4302 1779 4370; x_wconf 83' lang='grc' dir='ltr'>μυστήριον,</span> 
     </span>
    </p>
   </div>
   <div class='ocr_carea' id='block_1_77' title="bbox 209 4364 1856 4461">
    <p class='ocr_par' dir='ltr' id='par_1_77' title="bbox 209 4364 1856 4461">
     <span class='ocr_line' id='line_1_79' title="bbox 209 4364 1856 4461; baseline 0.015 -37"><span class='ocrx_word' id='word_1_553' title='bbox 209 4377 304 4426; x_wconf 72' lang='grc' dir='ltr'><strong>καὶ</strong></span> <span class='ocrx_word' id='word_1_554' title='bbox 338 4374 585 4441; x_wconf 82' lang='grc' dir='ltr'>γίνεσθαι</span> <span class='ocrx_word' id='word_1_555' title='bbox 618 4377 777 4447; x_wconf 86' lang='grc' dir='ltr'>σῶμα</span> <span class='ocrx_word' id='word_1_556' title='bbox 806 4382 897 4432; x_wconf 72' lang='grc' dir='ltr'>καὶ</span> <span class='ocrx_word' id='word_1_557' title='bbox 923 4376 1065 4451; x_wconf 76' lang='grc' dir='ltr'>αἷμα</span> <span class='ocrx_word' id='word_1_558' title='bbox 1096 4384 1191 4436; x_wconf 84' lang='grc' dir='ltr'><strong>τοῦ</strong></span> <span class='ocrx_word' id='word_1_559' title='bbox 1232 4364 1484 4459; x_wconf 81' lang='grc' dir='ltr'>Σωτῆρος</span> <span class='ocrx_word' id='word_1_560' title='bbox 1516 4364 1776 4461; x_wconf 70' lang='grc' dir='ltr'>Χριστοῦ,</span> <span class='ocrx_word' id='word_1_561' title='bbox 1816 4364 1856 4419; x_wconf 80' lang='lat' dir='ltr'><strong>D</strong></span> 
     </span>
    </p>
   </div>
   <div class='ocr_carea' id='block_1_78' title="bbox 208 4466 1780 4554">
    <p class='ocr_par' dir='ltr' id='par_1_78' title="bbox 208 4466 1780 4554">
     <span class='ocr_line' id='line_1_80' title="bbox 208 4466 1780 4554; baseline 0.013 -36"><span class='ocrx_word' id='word_1_562' title='bbox 208 4466 379 4519; x_wconf 70' lang='grc' dir='ltr'>αὑτοῦ</span> <span class='ocrx_word' id='word_1_563' title='bbox 414 4468 839 4537; x_wconf 77' lang='grc' dir='ltr'>μεταττοιοῦντος</span> <span class='ocrx_word' id='word_1_564' title='bbox 868 4475 932 4543; x_wconf 85' lang='grc' dir='ltr'>τῇ</span> <span class='ocrx_word' id='word_1_565' title='bbox 970 4476 1368 4549; x_wconf 80' lang='grc' dir='ltr'>παντοδυνάμῳ</span> <span class='ocrx_word' id='word_1_566' title='bbox 1397 4480 1632 4554; x_wconf 88' lang='grc' dir='ltr'>θεότητι.</span> <span class='ocrx_word' id='word_1_567' title='bbox 1671 4487 1780 4539; x_wconf 75' lang='grc' dir='ltr'><strong>Καὶ</strong></span> 
     </span>
    </p>
   </div>
   <div class='ocr_carea' id='block_1_79' title="bbox 208 4560 1776 4646">
    <p class='ocr_par' dir='ltr' id='par_1_79' title="bbox 208 4560 1776 4646">
     <span class='ocr_line' id='line_1_81' title="bbox 208 4560 1776 4646; baseline 0.015 -36"><span class='ocrx_word' id='word_1_568' title='bbox 208 4560 373 4621; x_wconf 77' lang='grc' dir='ltr'>αὐτὸς</span> <span class='ocrx_word' id='word_1_569' title='bbox 396 4560 454 4613; x_wconf 81' lang='grc' dir='ltr'><strong>δὲ</strong></span> <span class='ocrx_word' id='word_1_570' title='bbox 478 4563 505 4612; x_wconf 87' lang='grc' dir='ltr'>ὁ</span> <span class='ocrx_word' id='word_1_571' title='bbox 529 4560 709 4629; x_wconf 86' lang='grc' dir='ltr'>τίμιος</span> <span class='ocrx_word' id='word_1_572' title='bbox 736 4563 874 4633; x_wconf 82' lang='grc' dir='ltr'>ἀνὴρ</span> <span class='ocrx_word' id='word_1_573' title='bbox 898 4567 1253 4640; x_wconf 80' lang='grc' dir='ltr'>ὁμολογήσει,</span> <span class='ocrx_word' id='word_1_574' title='bbox 1292 4572 1376 4626; x_wconf 85' lang='grc' dir='ltr'>ὅτι</span> <span class='ocrx_word' id='word_1_575' title='bbox 1410 4575 1505 4628; x_wconf 78' lang='grc' dir='ltr'><strong>καὶ</strong></span> <span class='ocrx_word' id='word_1_576' title='bbox 1541 4578 1648 4646; x_wconf 83' lang='grc' dir='ltr'>πρὸ</span> <span class='ocrx_word' id='word_1_577' title='bbox 1680 4581 1776 4634; x_wconf 77' lang='grc' dir='ltr'><strong>τοῦ</strong></span> 
     </span>
    </p>
   </div>
   <div class='ocr_carea' id='block_1_80' title="bbox 209 4651 1778 4744">
    <p class='ocr_par' dir='ltr' id='par_1_80' title="bbox 209 4651 1778 4744">
     <span class='ocr_line' id='line_1_82' title="bbox 209 4651 1778 4744; baseline 0.016 -43"><span class='ocrx_word' id='word_1_578' title='bbox 209 4651 354 4718; x_wconf 79' lang='grc' dir='ltr'><strong>ἱεροῦ</strong></span> <span class='ocrx_word' id='word_1_579' title='bbox 382 4653 663 4706; x_wconf 72' lang='grc' dir='ltr'>Βασιλείω</span> <span class='ocrx_word' id='word_1_580' title='bbox 696 4657 903 4710; x_wconf 78' lang='grc' dir='ltr'>καὶτοῦ</span> <span class='ocrx_word' id='word_1_581' title='bbox 929 4658 1075 4714; x_wconf 84' lang='grc' dir='ltr'>θείου</span> <span class='ocrx_word' id='word_1_582' title='bbox 1114 4664 1508 4737; x_wconf 81' lang='grc' dir='ltr'>Χρυσοο-τόμου</span> <span class='ocrx_word' id='word_1_583' title='bbox 1533 4671 1566 4741; x_wconf 79' lang='grc' dir='ltr'>ἡ</span> <span class='ocrx_word' id='word_1_584' title='bbox 1589 4671 1778 4744; x_wconf 80' lang='grc' dir='ltr'>τελετὴ</span> 
     </span>
    </p>
   </div>
   <div class='ocr_carea' id='block_1_81' title="bbox 207 4743 1779 4821">
    <p class='ocr_par' dir='ltr' id='par_1_81' title="bbox 207 4743 1779 4821">
     <span class='ocr_line' id='line_1_83' title="bbox 207 4743 1779 4821; baseline 0.017 -29"><span class='ocrx_word' id='word_1_585' title='bbox 207 4745 305 4810; x_wconf 68' lang='grc' dir='ltr'>τῆς</span> <span class='ocrx_word' id='word_1_586' title='bbox 339 4743 860 4817; x_wconf 82' lang='grc' dir='ltr'>θείαςλειτουργίας</span> <span class='ocrx_word' id='word_1_587' title='bbox 902 4750 964 4803; x_wconf 80' lang='grc' dir='ltr'><strong>ού</strong></span> <span class='ocrx_word' id='word_1_588' title='bbox 995 4751 1287 4821; x_wconf 86' lang='grc' dir='ltr'>διέλειπεν,</span> <span class='ocrx_word' id='word_1_589' title='bbox 1316 4758 1431 4811; x_wconf 79' lang='grc' dir='ltr'>ἀλλ’</span> <span class='ocrx_word' id='word_1_590' title='bbox 1458 4761 1521 4813; x_wconf 84' lang='grc' dir='ltr'>οὐ</span> <span class='ocrx_word' id='word_1_591' title='bbox 1548 4763 1634 4817; x_wconf 84' lang='grc' dir='ltr'><strong>διὰ</strong></span> <span class='ocrx_word' id='word_1_592' title='bbox 1666 4743 1779 4819; x_wconf 80' lang='grc' dir='ltr'>τῶν</span> 
     </span>
    </p>
   </div>
   <div class='ocr_carea' id='block_1_82' title="bbox 208 4836 1772 4928">
    <p class='ocr_par' dir='ltr' id='par_1_82' title="bbox 208 4836 1772 4928">
     <span class='ocr_line' id='line_1_84' title="bbox 208 4836 1772 4928; baseline 0.015 -39"><span class='ocrx_word' id='word_1_593' title='bbox 208 4836 476 4889; x_wconf 77' lang='grc' dir='ltr'>ἐκθέσεων</span> <span class='ocrx_word' id='word_1_594' title='bbox 497 4838 603 4891; x_wconf 85' lang='grc' dir='ltr'><strong>τῶν</strong></span> <span class='ocrx_word' id='word_1_595' title='bbox 636 4840 944 4910; x_wconf 86' lang='grc' dir='ltr'>είρημένων</span> <span class='ocrx_word' id='word_1_596' title='bbox 976 4845 1148 4913; x_wconf 84' lang='grc' dir='ltr'>ἁγίων</span> <span class='ocrx_word' id='word_1_597' title='bbox 1192 4849 1448 4905; x_wconf 75' lang='grc' dir='ltr'>ἐτελεῖτοο</span> <span class='ocrx_word' id='word_1_598' title='bbox 1480 4854 1599 4917; x_wconf 81' lang='grc' dir='ltr'>πῶς</span> <span class='ocrx_word' id='word_1_599' title='bbox 1643 4857 1772 4928; x_wconf 79' lang='grc' dir='ltr'>γὰρ,</span> 
     </span>
    </p>
   </div>
   <div class='ocr_carea' id='block_1_83' title="bbox 209 4930 1777 5012">
    <p class='ocr_par' dir='ltr' id='par_1_83' title="bbox 209 4930 1777 5012">
     <span class='ocr_line' id='line_1_85' title="bbox 209 4930 1777 5012; baseline 0.02 -39"><span class='ocrx_word' id='word_1_600' title='bbox 209 4932 381 4999; x_wconf 66' lang='grc' dir='ltr'>μήπω</span> <span class='ocrx_word' id='word_1_601' title='bbox 414 4930 746 4996; x_wconf 83' lang='grc' dir='ltr'>γεγονότων;</span> <span class='ocrx_word' id='word_1_602' title='bbox 787 4935 898 4989; x_wconf 74' lang='grc' dir='ltr'><strong>Καὶ</strong></span> <span class='ocrx_word' id='word_1_603' title='bbox 929 4936 1097 4992; x_wconf 82' lang='grc' dir='ltr'>πάλιν</span> <span class='ocrx_word' id='word_1_604' title='bbox 1129 4944 1462 5012; x_wconf 80' lang='grc' dir='ltr'>γενομένων,</span> <span class='ocrx_word' id='word_1_605' title='bbox 1498 4946 1677 5012; x_wconf 75' lang='grc' dir='ltr'>οὐδεὶς</span> <span class='ocrx_word' id='word_1_606' title='bbox 1710 4951 1777 5004; x_wconf 80' lang='grc' dir='ltr'>ἂν</span> 
     </span>
    </p>
   </div>
   <div class='ocr_carea' id='block_1_84' title="bbox 206 5022 1777 5096">
    <p class='ocr_par' dir='ltr' id='par_1_84' title="bbox 206 5022 1777 5096">
     <span class='ocr_line' id='line_1_86' title="bbox 206 5022 1777 5096; baseline 0.014 -23"><span class='ocrx_word' id='word_1_607' title='bbox 206 5023 320 5089; x_wconf 58' lang='grc' dir='ltr'>ἔχοι</span> <span class='ocrx_word' id='word_1_608' title='bbox 341 5022 538 5086; x_wconf 76' lang='grc' dir='ltr'>δεῖξαι,</span> <span class='ocrx_word' id='word_1_609' title='bbox 566 5025 626 5074; x_wconf 81' lang='grc' dir='ltr'>ὲν</span> <span class='ocrx_word' id='word_1_610' title='bbox 652 5026 765 5086; x_wconf 83' lang='grc' dir='ltr'>τοῖς</span> <span class='ocrx_word' id='word_1_611' title='bbox 794 5027 1077 5096; x_wconf 78' lang='grc' dir='ltr'>ἑσπερίοις</span> <span class='ocrx_word' id='word_1_612' title='bbox 1098 5031 1191 5085; x_wconf 81' lang='grc' dir='ltr'><strong>διὰ</strong></span> <span class='ocrx_word' id='word_1_613' title='bbox 1227 5034 1641 5095; x_wconf 79' lang='grc' dir='ltr'>τῶν”ὲκθέσεων</span> <span class='ocrx_word' id='word_1_614' title='bbox 1668 5042 1777 5095; x_wconf 82' lang='grc' dir='ltr'>τῶν</span> 
     </span>
    </p>
   </div>
   <div class='ocr_carea' id='block_1_85' title="bbox 206 5113 1772 5200">
    <p class='ocr_par' dir='ltr' id='par_1_85' title="bbox 206 5113 1772 5200">
     <span class='ocr_line' id='line_1_87' title="bbox 206 5113 1772 5200; baseline 0.015 -38"><span class='ocrx_word' id='word_1_615' title='bbox 206 5113 515 5181; x_wconf 72' lang='grc' dir='ltr'>εξρημένων</span> <span class='ocrx_word' id='word_1_616' title='bbox 560 5114 731 5181; x_wconf 80' lang='grc' dir='ltr'>ἁγίων</span> <span class='ocrx_word' id='word_1_617' title='bbox 759 5116 994 5171; x_wconf 78' lang='grc' dir='ltr'>ἐτελεῖτο</span> <span class='ocrx_word' id='word_1_618' title='bbox 1044 5122 1077 5191; x_wconf 83' lang='grc' dir='ltr'><strong>ή</strong></span> <span class='ocrx_word' id='word_1_619' title='bbox 1125 5126 1362 5196; x_wconf 82' lang='grc' dir='ltr'>μυστικὴ</span> <span class='ocrx_word' id='word_1_620' title='bbox 1399 5127 1537 5200; x_wconf 79' lang='grc' dir='ltr'>αὕτη</span> <span class='ocrx_word' id='word_1_621' title='bbox 1588 5131 1772 5187; x_wconf 84' lang='grc' dir='ltr'>θυσία’</span> 
     </span>
    </p>
   </div>
   <div class='ocr_carea' id='block_1_86' title="bbox 204 5196 1772 5297">
    <p class='ocr_par' dir='ltr' id='par_1_86' title="bbox 204 5196 1772 5297">
     <span class='ocr_line' id='line_1_88' title="bbox 204 5196 1772 5297; baseline 0.015 -41"><span class='ocrx_word' id='word_1_622' title='bbox 204 5203 321 5256; x_wconf 73' lang='grc' dir='ltr'>ἀλλ’</span> <span class='ocrx_word' id='word_1_623' title='bbox 349 5196 608 5259; x_wconf 79' lang='grc' dir='ltr'>οὐδέποτε</span> <span class='ocrx_word' id='word_1_624' title='bbox 653 5207 831 5263; x_wconf 70' lang='grc' dir='ltr'>διτταὶ</span> <span class='ocrx_word' id='word_1_625' title='bbox 878 5213 1217 5285; x_wconf 77' lang='grc' dir='ltr'>λειτουργίαι</span> <span class='ocrx_word' id='word_1_626' title='bbox 1269 5196 1595 5292; x_wconf 75' lang='grc' dir='ltr'>ἐρρέθησαν,</span> <span class='ocrx_word' id='word_1_627' title='bbox 1637 5224 1772 5297; x_wconf 82' lang='grc' dir='ltr'>διότι</span> 
     </span>
    </p>
   </div>
   <div class='ocr_carea' id='block_1_87' title="bbox 206 5297 1771 5384">
    <p class='ocr_par' dir='ltr' id='par_1_87' title="bbox 206 5297 1771 5384">
     <span class='ocr_line' id='line_1_89' title="bbox 206 5297 1771 5384; baseline 0.016 -38"><span class='ocrx_word' id='word_1_628' title='bbox 206 5298 303 5363; x_wconf 82' lang='grc' dir='ltr'><strong>μία</strong></span> <span class='ocrx_word' id='word_1_629' title='bbox 334 5298 369 5366; x_wconf 78' lang='grc' dir='ltr'><strong>ή</strong></span> <span class='ocrx_word' id='word_1_630' title='bbox 410 5297 497 5351; x_wconf 71' lang='grc' dir='ltr'>διὰ</span> <span class='ocrx_word' id='word_1_631' title='bbox 546 5300 656 5351; x_wconf 83' lang='grc' dir='ltr'>τῶν</span> <span class='ocrx_word' id='word_1_632' title='bbox 708 5300 871 5356; x_wconf 84' lang='grc' dir='ltr'>θείων</span> <span class='ocrx_word' id='word_1_633' title='bbox 919 5306 1202 5375; x_wconf 80' lang='grc' dir='ltr'>ῥημάτων,</span> <span class='ocrx_word' id='word_1_634' title='bbox 1249 5314 1346 5366; x_wconf 78' lang='grc' dir='ltr'>καὶ</span> <span class='ocrx_word' id='word_1_635' title='bbox 1390 5314 1486 5368; x_wconf 82' lang='grc' dir='ltr'><strong>τοῦ</strong></span> <span class='ocrx_word' id='word_1_636' title='bbox 1547 5318 1771 5384; x_wconf 86' lang='grc' dir='ltr'>σκοποῦ,</span> 
     </span>
    </p>
   </div>
   <div class='ocr_carea' id='block_1_88' title="bbox 202 5385 1771 5474">
    <p class='ocr_par' dir='ltr' id='par_1_88' title="bbox 202 5385 1771 5474">
     <span class='ocr_line' id='line_1_90' title="bbox 202 5385 1771 5474; baseline 0.019 -40"><span class='ocrx_word' id='word_1_637' title='bbox 202 5386 294 5437; x_wconf 75' lang='grc' dir='ltr'>καὶ</span> <span class='ocrx_word' id='word_1_638' title='bbox 349 5387 451 5454; x_wconf 74' lang='grc' dir='ltr'>τῆς</span> <span class='ocrx_word' id='word_1_639' title='bbox 506 5385 660 5457; x_wconf 74' lang='grc' dir='ltr'>ὕλης,</span> <span class='ocrx_word' id='word_1_640' title='bbox 718 5392 815 5444; x_wconf 76' lang='grc' dir='ltr'>καὶ</span> <span class='ocrx_word' id='word_1_641' title='bbox 864 5396 957 5448; x_wconf 84' lang='grc' dir='ltr'><strong>τοῦ</strong></span> <span class='ocrx_word' id='word_1_642' title='bbox 1023 5398 1216 5470; x_wconf 85' lang='grc' dir='ltr'>ίερέως</span> <span class='ocrx_word' id='word_1_643' title='bbox 1278 5404 1556 5474; x_wconf 83' lang='grc' dir='ltr'>ὑπηρέτου</span> <span class='ocrx_word' id='word_1_644' title='bbox 1613 5409 1771 5474; x_wconf 83' lang='grc' dir='ltr'>τάξιν</span> 
     </span>
    </p>
   </div>
   <div class='ocr_carea' id='block_1_89' title="bbox 202 5480 1763 5575">
    <p class='ocr_par' dir='ltr' id='par_1_89' title="bbox 202 5480 1763 5575">
     <span class='ocr_line' id='line_1_91' title="bbox 202 5480 1763 5575; baseline 0.018 -46"><span class='ocrx_word' id='word_1_645' title='bbox 202 5480 435 5547; x_wconf 72' lang='grc' dir='ltr'>ἔχοντος,</span> <span class='ocrx_word' id='word_1_646' title='bbox 468 5480 559 5533; x_wconf 74' lang='grc' dir='ltr'>καὶ</span> <span class='ocrx_word' id='word_1_647' title='bbox 594 5482 691 5552; x_wconf 78' lang='grc' dir='ltr'>τῆς</span> <span class='ocrx_word' id='word_1_648' title='bbox 740 5485 947 5542; x_wconf 80' lang='grc' dir='ltr'>ἄνωθεν</span> <span class='ocrx_word' id='word_1_649' title='bbox 980 5490 1133 5556; x_wconf 87' lang='grc' dir='ltr'>θείας</span> <span class='ocrx_word' id='word_1_650' title='bbox 1183 5496 1406 5567; x_wconf 83' lang='grc' dir='ltr'>χάριτος</span> <span class='ocrx_word' id='word_1_651' title='bbox 1440 5499 1763 5575; x_wconf 82' lang='grc' dir='ltr'>τελουμένη.</span> 
     </span>
    </p>
   </div>
   <div class='ocr_carea' id='block_1_90' title="bbox 268 5663 896 5740">
    <p class='ocr_par' dir='ltr' id='par_1_90' title="bbox 268 5663 896 5740">
     <span class='ocr_line' id='line_1_92' title="bbox 268 5663 896 5740; baseline 0.022 -28"><span class='ocrx_word' id='word_1_652' title='bbox 268 5664 340 5729; x_wconf 79' lang='lat' dir='ltr'><strong>(l)</strong></span> <span class='ocrx_word' id='word_1_653' title='bbox 370 5663 524 5740; x_wconf 69' lang='lat' dir='ltr'><strong>Orat.</strong></span> <span class='ocrx_word' id='word_1_654' title='bbox 556 5668 620 5721; x_wconf 86' lang='lat' dir='ltr'><strong>de</strong></span> <span class='ocrx_word' id='word_1_655' title='bbox 653 5669 821 5725; x_wconf 84' lang='lat' dir='ltr'><strong>tltool.</strong></span> <span class='ocrx_word' id='word_1_656' title='bbox 860 5689 896 5726; x_wconf 85' lang='grc' dir='ltr'>ι.</span> 
     </span>
    </p>
   </div>
   <div class='ocr_carea' id='block_1_91' title="bbox 1909 3114 3474 3205">
    <p class='ocr_par' dir='ltr' id='par_1_91' title="bbox 1909 3114 3474 3205">
     <span class='ocr_line' id='line_1_93' title="bbox 1909 3114 3474 3205; baseline 0.023 -44"><span class='ocrx_word' id='word_1_657' title='bbox 1909 3121 2232 3178; x_wconf 86' lang='lat' dir='ltr'><strong>posuerunt,</strong></span> <span class='ocrx_word' id='word_1_658' title='bbox 2265 3114 2414 3169; x_wconf 86' lang='lat' dir='ltr'><strong>aliud</strong></span> <span class='ocrx_word' id='word_1_659' title='bbox 2448 3132 2742 3189; x_wconf 75' lang='lat' dir='ltr'><strong>propterea</strong></span> <span class='ocrx_word' id='word_1_660' title='bbox 2789 3124 3109 3195; x_wconf 79' lang='lat' dir='ltr'><strong>Symbolum</strong></span> <span class='ocrx_word' id='word_1_661' title='bbox 3163 3144 3265 3191; x_wconf 91' lang='lat' dir='ltr'><strong>est.</strong></span> <span class='ocrx_word' id='word_1_662' title='bbox 3318 3114 3474 3205; x_wconf 78' lang='lat' dir='ltr'><strong>Quod</strong></span> 
     </span>
    </p>
   </div>
   <div class='ocr_carea' id='block_1_92' title="bbox 1906 3200 3475 3289">
    <p class='ocr_par' dir='ltr' id='par_1_92' title="bbox 1906 3200 3475 3289">
     <span class='ocr_line' id='line_1_94' title="bbox 1906 3200 3475 3289; baseline 0.024 -37"><span class='ocrx_word' id='word_1_663' title='bbox 1906 3200 2140 3255; x_wconf 82' lang='lat' dir='ltr'><strong>sietiam</strong></span> <span class='ocrx_word' id='word_1_664' title='bbox 2164 3203 2272 3258; x_wconf 91' lang='lat' dir='ltr'><strong>duo</strong></span> <span class='ocrx_word' id='word_1_665' title='bbox 2306 3220 2515 3274; x_wconf 85' lang='lat' dir='ltr'><strong>essent,</strong></span> <span class='ocrx_word' id='word_1_666' title='bbox 2570 3227 2639 3265; x_wconf 88' lang='lat' dir='ltr'><strong>ne</strong></span> <span class='ocrx_word' id='word_1_667' title='bbox 2693 3223 2820 3272; x_wconf 91' lang='lat' dir='ltr'><strong>tunc</strong></span> <span class='ocrx_word' id='word_1_668' title='bbox 2878 3220 3097 3289; x_wconf 89' lang='lat' dir='ltr'><strong>quidem</strong></span> <span class='ocrx_word' id='word_1_669' title='bbox 3142 3241 3475 3288; x_wconf 82' lang='lat' dir='ltr'><strong>vocarentur</strong></span> 
     </span>
    </p>
   </div>
   <div class='ocr_carea' id='block_1_93' title="bbox 1902 3291 3476 3387">
    <p class='ocr_par' dir='ltr' id='par_1_93' title="bbox 1902 3291 3476 3387">
     <span class='ocr_line' id='line_1_95' title="bbox 1902 3291 3476 3387; baseline 0.024 -42"><span class='ocrx_word' id='word_1_670' title='bbox 1902 3291 2015 3346; x_wconf 90' lang='lat' dir='ltr'><strong>duo</strong></span> <span class='ocrx_word' id='word_1_671' title='bbox 2044 3332 2060 3359; x_wconf 97' lang='lat'><strong>,</strong></span> <span class='ocrx_word' id='word_1_672' title='bbox 2115 3295 2387 3365; x_wconf 81' lang='lat' dir='ltr'><strong>siquidem</strong></span> <span class='ocrx_word' id='word_1_673' title='bbox 2430 3302 2579 3357; x_wconf 85' lang='lat' dir='ltr'><strong>aliud</strong></span> <span class='ocrx_word' id='word_1_674' title='bbox 2619 3305 2836 3361; x_wconf 85' lang='lat' dir='ltr'><strong>Patrum</strong></span> <span class='ocrx_word' id='word_1_675' title='bbox 2888 3309 3257 3387; x_wconf 64' lang='lat' dir='ltr'><strong>Nicanorum,</strong></span> <span class='ocrx_word' id='word_1_676' title='bbox 3321 3324 3476 3382; x_wconf 77' lang='lat' dir='ltr'><strong>aliud</strong></span> 
     </span>
    </p>
   </div>
   <div class='ocr_carea' id='block_1_94' title="bbox 1900 3386 3471 3476">
    <p class='ocr_par' dir='ltr' id='par_1_94' title="bbox 1900 3386 3471 3476">
     <span class='ocr_line' id='line_1_96' title="bbox 1900 3386 3471 3476; baseline 0.022 -39"><span class='ocrx_word' id='word_1_677' title='bbox 1900 3386 2271 3453; x_wconf 84' lang='lat' dir='ltr'><strong>apostolorum</strong></span> <span class='ocrx_word' id='word_1_678' title='bbox 2293 3389 2609 3461; x_wconf 79' lang='lat' dir='ltr'><strong>Symbolum</strong></span> <span class='ocrx_word' id='word_1_679' title='bbox 2643 3409 2762 3467; x_wconf 85' lang='lat' dir='ltr'><strong>est;</strong></span> <span class='ocrx_word' id='word_1_680' title='bbox 2790 3402 2903 3459; x_wconf 75' lang='lat' dir='ltr'><strong>haec</strong></span> <span class='ocrx_word' id='word_1_681' title='bbox 2933 3412 3111 3463; x_wconf 91' lang='lat' dir='ltr'><strong>tamen</strong></span> <span class='ocrx_word' id='word_1_682' title='bbox 3137 3413 3265 3476; x_wconf 85' lang='lat' dir='ltr'><strong>quia</strong></span> <span class='ocrx_word' id='word_1_683' title='bbox 3300 3429 3471 3472; x_wconf 88' lang='lat' dir='ltr'><strong>sensu</strong></span> 
     </span>
    </p>
   </div>
   <div class='ocr_carea' id='block_1_95' title="bbox 1900 3477 3470 3565">
    <p class='ocr_par' dir='ltr' id='par_1_95' title="bbox 1900 3477 3470 3565">
     <span class='ocr_line' id='line_1_97' title="bbox 1900 3477 3470 3565; baseline 0.022 -36"><span class='ocrx_word' id='word_1_684' title='bbox 1900 3491 2008 3531; x_wconf 83' lang='lat' dir='ltr'><strong>non</strong></span> <span class='ocrx_word' id='word_1_685' title='bbox 2028 3477 2312 3549; x_wconf 80' lang='lat' dir='ltr'><strong>dill‘erunt,</strong></span> <span class='ocrx_word' id='word_1_686' title='bbox 2343 3500 2691 3558; x_wconf 81' lang='lat' dir='ltr'><strong>nequaquam</strong></span> <span class='ocrx_word' id='word_1_687' title='bbox 2742 3495 2962 3552; x_wconf 85' lang='lat' dir='ltr'><strong>diversa</strong></span> <span class='ocrx_word' id='word_1_688' title='bbox 3000 3510 3292 3559; x_wconf 73' lang='lat' dir='ltr'><strong>vocantur.</strong></span> <span class='ocrx_word' id='word_1_689' title='bbox 3351 3507 3470 3565; x_wconf 90' lang='lat' dir='ltr'><strong>Duo</strong></span> 
     </span>
    </p>
   </div>
   <div class='ocr_carea' id='block_1_96' title="bbox 1897 3574 3476 3658">
    <p class='ocr_par' dir='ltr' id='par_1_96' title="bbox 1897 3574 3476 3658">
     <span class='ocr_line' id='line_1_98' title="bbox 1897 3574 3476 3658; baseline 0.022 -37"><span class='ocrx_word' id='word_1_690' title='bbox 1897 3574 2118 3641; x_wconf 82' lang='lat' dir='ltr'><strong>’quoque</strong></span> <span class='ocrx_word' id='word_1_691' title='bbox 2148 3576 2540 3634; x_wconf 78' lang='lat' dir='ltr'><strong>sacriﬁciorum</strong></span> <span class='ocrx_word' id='word_1_692' title='bbox 2602 3597 2800 3653; x_wconf 72' lang='lat' dir='ltr'><strong>genera</strong></span> <span class='ocrx_word' id='word_1_693' title='bbox 2837 3603 2936 3643; x_wconf 86' lang='lat' dir='ltr'><strong>uec</strong></span> <span class='ocrx_word' id='word_1_694' title='bbox 2967 3600 3117 3658; x_wconf 88' lang='lat' dir='ltr'><strong>sunt,</strong></span> <span class='ocrx_word' id='word_1_695' title='bbox 3146 3610 3246 3650; x_wconf 92' lang='lat' dir='ltr'><strong>nec</strong></span> <span class='ocrx_word' id='word_1_696' title='bbox 3277 3597 3476 3654; x_wconf 86' lang='lat' dir='ltr'><strong>dicun-</strong></span> 
     </span>
    </p>
   </div>
   <div class='ocr_carea' id='block_1_97' title="bbox 1898 3663 3466 3747">
    <p class='ocr_par' dir='ltr' id='par_1_97' title="bbox 1898 3663 3466 3747">
     <span class='ocr_line' id='line_1_99' title="bbox 1898 3663 3466 3747; baseline 0.022 -35"><span class='ocrx_word' id='word_1_697' title='bbox 1898 3667 2012 3724; x_wconf 90' lang='lat' dir='ltr'><strong>tur,</strong></span> <span class='ocrx_word' id='word_1_698' title='bbox 2045 3663 2302 3730; x_wconf 88' lang='lat' dir='ltr'><strong>quoniam</strong></span> <span class='ocrx_word' id='word_1_699' title='bbox 2341 3683 2545 3739; x_wconf 90' lang='lat' dir='ltr'><strong>scopus</strong></span> <span class='ocrx_word' id='word_1_700' title='bbox 2577 3688 2720 3730; x_wconf 88' lang='lat' dir='ltr'><strong>unus</strong></span> <span class='ocrx_word' id='word_1_701' title='bbox 2751 3664 2852 3743; x_wconf 84' lang='lat' dir='ltr'><strong>est,</strong></span> <span class='ocrx_word' id='word_1_702' title='bbox 2872 3688 2932 3733; x_wconf 91' lang='lat' dir='ltr'><strong>ut</strong></span> <span class='ocrx_word' id='word_1_703' title='bbox 2959 3682 3172 3739; x_wconf 74' lang='lat' dir='ltr'><strong>scilicet</strong></span> <span class='ocrx_word' id='word_1_704' title='bbox 3205 3690 3466 3747; x_wconf 88' lang='lat' dir='ltr'><strong>sacerdos</strong></span> 
     </span>
    </p>
   </div>
   <div class='ocr_carea' id='block_1_98' title="bbox 1894 3751 3456 3837">
    <p class='ocr_par' dir='ltr' id='par_1_98' title="bbox 1894 3751 3456 3837">
     <span class='ocr_line' id='line_1_100' title="bbox 1894 3751 3456 3837; baseline 0.02 -32"><span class='ocrx_word' id='word_1_705' title='bbox 1894 3751 1986 3807; x_wconf 83' lang='lat' dir='ltr'><strong>ﬁat</strong></span> <span class='ocrx_word' id='word_1_706' title='bbox 2012 3755 2263 3812; x_wconf 84' lang='lat' dir='ltr'><strong>minister</strong></span> <span class='ocrx_word' id='word_1_707' title='bbox 2298 3760 2459 3830; x_wconf 88' lang='lat' dir='ltr'><strong>hujus</strong></span> <span class='ocrx_word' id='word_1_708' title='bbox 2482 3766 2737 3822; x_wconf 82' lang='lat' dir='ltr'><strong>sacriﬁcii</strong></span> <span class='ocrx_word' id='word_1_709' title='bbox 2770 3789 2782 3824; x_wconf 90' lang='lat'><strong>:</strong></span> <span class='ocrx_word' id='word_1_710' title='bbox 2819 3779 2872 3825; x_wconf 91' lang='lat' dir='ltr'><strong>et</strong></span> <span class='ocrx_word' id='word_1_711' title='bbox 2913 3772 3012 3828; x_wconf 86' lang='lat' dir='ltr'><strong>hoc</strong></span> <span class='ocrx_word' id='word_1_712' title='bbox 3042 3786 3127 3830; x_wconf 90' lang='lat' dir='ltr'><strong>est</strong></span> <span class='ocrx_word' id='word_1_713' title='bbox 3160 3781 3311 3836; x_wconf 91' lang='lat' dir='ltr'><strong>omni</strong></span> <span class='ocrx_word' id='word_1_714' title='bbox 3361 3798 3456 3837; x_wconf 87' lang='lat' dir='ltr'><strong>sa-</strong></span> 
     </span>
    </p>
   </div>
   <div class='ocr_carea' id='block_1_99' title="bbox 1892 3847 3463 3935">
    <p class='ocr_par' dir='ltr' id='par_1_99' title="bbox 1892 3847 3463 3935">
     <span class='ocr_line' id='line_1_101' title="bbox 1892 3847 3463 3935; baseline 0.019 -36"><span class='ocrx_word' id='word_1_715' title='bbox 1892 3847 2100 3901; x_wconf 86' lang='lat' dir='ltr'><strong>cerdoti</strong></span> <span class='ocrx_word' id='word_1_716' title='bbox 2131 3850 2310 3906; x_wconf 87' lang='lat' dir='ltr'><strong>sacris</strong></span> <span class='ocrx_word' id='word_1_717' title='bbox 2353 3866 2651 3923; x_wconf 78' lang='lat' dir='ltr'><strong>operatum</strong></span> <span class='ocrx_word' id='word_1_718' title='bbox 2684 3858 3127 3935; x_wconf 74' lang='lat' dir='ltr'><strong>fundamentum,</strong></span> <span class='ocrx_word' id='word_1_719' title='bbox 3179 3868 3463 3930; x_wconf 88' lang='lat' dir='ltr'><strong>Dominica</strong></span> 
     </span>
    </p>
   </div>
   <div class='ocr_carea' id='block_1_100' title="bbox 1891 3946 3460 4027">
    <p class='ocr_par' dir='ltr' id='par_1_100' title="bbox 1891 3946 3460 4027">
     <span class='ocr_line' id='line_1_102' title="bbox 1891 3946 3460 4027; baseline 0.018 -35"><span class='ocrx_word' id='word_1_720' title='bbox 1891 3953 1996 3992; x_wconf 76' lang='lat' dir='ltr'><strong>vox</strong></span> <span class='ocrx_word' id='word_1_721' title='bbox 2027 3954 2189 4009; x_wconf 88' lang='lat' dir='ltr'><strong>quam</strong></span> <span class='ocrx_word' id='word_1_722' title='bbox 2224 3946 2455 4013; x_wconf 73' lang='lat' dir='ltr'><strong>protulit</strong></span> <span class='ocrx_word' id='word_1_723' title='bbox 2491 3947 2754 4008; x_wconf 85' lang='lat' dir='ltr'><strong>Dominus</strong></span> <span class='ocrx_word' id='word_1_724' title='bbox 2782 3974 2795 4009; x_wconf 90' lang='lat'><strong>:</strong></span> <span class='ocrx_word' id='word_1_725' title='bbox 2824 3954 2939 4009; x_wconf 75' lang='lat' dir='ltr'><strong>Hoc</strong></span> <span class='ocrx_word' id='word_1_726' title='bbox 2995 3959 3156 4027; x_wconf 76' lang='lat' dir='ltr'><strong>facile</strong></span> <span class='ocrx_word' id='word_1_727' title='bbox 3185 3963 3239 4017; x_wconf 83' lang='lat' dir='ltr'><strong>in</strong></span> <span class='ocrx_word' id='word_1_728' title='bbox 3291 3981 3460 4021; x_wconf 82' lang='lat' dir='ltr'><strong>meam</strong></span> 
     </span>
    </p>
   </div>
   <div class='ocr_carea' id='block_1_101' title="bbox 1890 4036 3455 4118">
    <p class='ocr_par' dir='ltr' id='par_1_101' title="bbox 1890 4036 3455 4118">
     <span class='ocr_line' id='line_1_103' title="bbox 1890 4036 3455 4118; baseline 0.019 -37"><span class='ocrx_word' id='word_1_729' title='bbox 1890 4036 2462 4103; x_wconf 72' lang='lat' dir='ltr'><strong>commemorationem,</strong></span> <span class='ocrx_word' id='word_1_730' title='bbox 2497 4056 2597 4109; x_wconf 85' lang='lat' dir='ltr'><strong>per</strong></span> <span class='ocrx_word' id='word_1_731' title='bbox 2622 4045 2899 4101; x_wconf 86' lang='lat' dir='ltr'><strong>triticeum</strong></span> <span class='ocrx_word' id='word_1_732' title='bbox 2957 4064 3153 4118; x_wconf 88' lang='lat' dir='ltr'><strong>panem</strong></span> <span class='ocrx_word' id='word_1_733' title='bbox 3184 4064 3236 4108; x_wconf 89' lang='lat' dir='ltr'><strong>et</strong></span> <span class='ocrx_word' id='word_1_734' title='bbox 3271 4057 3455 4112; x_wconf 88' lang='lat' dir='ltr'><strong>vinum</strong></span> 
     </span>
    </p>
   </div>
   <div class='ocr_carea' id='block_1_102' title="bbox 1890 4130 3459 4205">
    <p class='ocr_par' dir='ltr' id='par_1_102' title="bbox 1890 4130 3459 4205">
     <span class='ocr_line' id='line_1_104' title="bbox 1890 4130 3459 4205; baseline 0.02 -35"><span class='ocrx_word' id='word_1_735' title='bbox 1890 4132 2010 4172; x_wconf 90' lang='lat' dir='ltr'><strong>cum</strong></span> <span class='ocrx_word' id='word_1_736' title='bbox 2040 4136 2221 4191; x_wconf 88' lang='lat' dir='ltr'><strong>aqua;</strong></span> <span class='ocrx_word' id='word_1_737' title='bbox 2260 4134 2320 4179; x_wconf 89' lang='lat' dir='ltr'><strong>ut</strong></span> <span class='ocrx_word' id='word_1_738' title='bbox 2352 4142 2451 4196; x_wconf 90' lang='lat' dir='ltr'><strong>per</strong></span> <span class='ocrx_word' id='word_1_739' title='bbox 2485 4130 2621 4195; x_wconf 73' lang='lat' dir='ltr'><strong>haec,</strong></span> <span class='ocrx_word' id='word_1_740' title='bbox 2667 4142 2721 4187; x_wconf 89' lang='lat' dir='ltr'><strong>et</strong></span> <span class='ocrx_word' id='word_1_741' title='bbox 2744 4136 2884 4191; x_wconf 86' lang='lat' dir='ltr'><strong>ritus</strong></span> <span class='ocrx_word' id='word_1_742' title='bbox 2923 4151 3133 4205; x_wconf 86' lang='lat' dir='ltr'><strong>omnes,</strong></span> <span class='ocrx_word' id='word_1_743' title='bbox 3165 4152 3218 4195; x_wconf 79' lang='lat' dir='ltr'><strong>et</strong></span> <span class='ocrx_word' id='word_1_744' title='bbox 3274 4159 3459 4199; x_wconf 85' lang='lat' dir='ltr'><strong>sacra-</strong></span> 
     </span>
    </p>
   </div>
   <div class='ocr_carea' id='block_1_103' title="bbox 1891 4212 3455 4305">
    <p class='ocr_par' dir='ltr' id='par_1_103' title="bbox 1891 4212 3455 4305">
     <span class='ocr_line' id='line_1_105' title="bbox 1891 4212 3455 4305; baseline 0.019 -42"><span class='ocrx_word' id='word_1_745' title='bbox 1891 4212 2100 4266; x_wconf 85' lang='lat' dir='ltr'><strong>tissima</strong></span> <span class='ocrx_word' id='word_1_746' title='bbox 2136 4214 2356 4271; x_wconf 88' lang='lat' dir='ltr'><strong>Domini</strong></span> <span class='ocrx_word' id='word_1_747' title='bbox 2385 4221 2640 4290; x_wconf 88' lang='lat' dir='ltr'><strong>verba,et</strong></span> <span class='ocrx_word' id='word_1_748' title='bbox 2671 4225 2863 4293; x_wconf 88' lang='lat' dir='ltr'><strong>altare,</strong></span> <span class='ocrx_word' id='word_1_749' title='bbox 2896 4231 3215 4298; x_wconf 88' lang='lat' dir='ltr'><strong>perﬁciatur</strong></span> <span class='ocrx_word' id='word_1_750' title='bbox 3248 4248 3455 4305; x_wconf 76' lang='lat' dir='ltr'><strong>mySte-</strong></span> 
     </span>
    </p>
   </div>
   <div class='ocr_carea' id='block_1_104' title="bbox 1888 4304 3459 4396">
    <p class='ocr_par' dir='ltr' id='par_1_104' title="bbox 1888 4304 3459 4396">
     <span class='ocr_line' id='line_1_106' title="bbox 1888 4304 3459 4396; baseline 0.017 -40"><span class='ocrx_word' id='word_1_751' title='bbox 1888 4304 2055 4369; x_wconf 87' lang='lat' dir='ltr'><strong>rium,</strong></span> <span class='ocrx_word' id='word_1_752' title='bbox 2090 4307 2291 4377; x_wconf 83' lang='lat' dir='ltr'><strong>ﬁatque</strong></span> <span class='ocrx_word' id='word_1_753' title='bbox 2315 4324 2514 4381; x_wconf 80' lang='lat' dir='ltr'><strong>corpus</strong></span> <span class='ocrx_word' id='word_1_754' title='bbox 2545 4322 2599 4368; x_wconf 89' lang='lat' dir='ltr'><strong>et</strong></span> <span class='ocrx_word' id='word_1_755' title='bbox 2629 4318 2855 4387; x_wconf 73' lang='lat' dir='ltr'><strong>sanguis</strong></span> <span class='ocrx_word' id='word_1_756' title='bbox 2888 4320 3094 4377; x_wconf 83' lang='lat' dir='ltr'><strong>Christi</strong></span> <span class='ocrx_word' id='word_1_757' title='bbox 3124 4304 3459 4396; x_wconf 83' lang='lat' dir='ltr'><strong>Salvatoris,</strong></span> 
     </span>
    </p>
   </div>
   <div class='ocr_carea' id='block_1_105' title="bbox 1886 4397 3453 4481">
    <p class='ocr_par' dir='ltr' id='par_1_105' title="bbox 1886 4397 3453 4481">
     <span class='ocr_line' id='line_1_107' title="bbox 1886 4397 3453 4481; baseline 0.019 -32"><span class='ocrx_word' id='word_1_758' title='bbox 1886 4397 2120 4466; x_wconf 88' lang='lat' dir='ltr'><strong>ipsomet</strong></span> <span class='ocrx_word' id='word_1_759' title='bbox 2177 4410 2578 4461; x_wconf 89' lang='lat' dir='ltr'><strong>transmutante</strong></span> <span class='ocrx_word' id='word_1_760' title='bbox 2647 4410 3041 4480; x_wconf 78' lang='lat' dir='ltr'><strong>omnipatentis</strong></span> <span class='ocrx_word' id='word_1_761' title='bbox 3091 4418 3144 4471; x_wconf 86' lang='lat' dir='ltr'><strong>vi</strong></span> <span class='ocrx_word' id='word_1_762' title='bbox 3209 4418 3453 4481; x_wconf 87' lang='lat' dir='ltr'><strong>deitatis.</strong></span> 
     </span>
    </p>
   </div>
   <div class='ocr_carea' id='block_1_106' title="bbox 1882 4490 3456 4577">
    <p class='ocr_par' dir='ltr' id='par_1_106' title="bbox 1882 4490 3456 4577">
     <span class='ocr_line' id='line_1_108' title="bbox 1882 4490 3456 4577; baseline 0.016 -32"><span class='ocrx_word' id='word_1_763' title='bbox 1882 4490 2017 4545; x_wconf 85' lang='lat' dir='ltr'><strong>Nam</strong></span> <span class='ocrx_word' id='word_1_764' title='bbox 2049 4502 2103 4547; x_wconf 89' lang='lat' dir='ltr'><strong>et</strong></span> <span class='ocrx_word' id='word_1_765' title='bbox 2122 4495 2238 4564; x_wconf 88' lang='lat' dir='ltr'><strong>ipse</strong></span> <span class='ocrx_word' id='word_1_766' title='bbox 2296 4500 2623 4557; x_wconf 85' lang='lat' dir='ltr'><strong>venerabilis</strong></span> <span class='ocrx_word' id='word_1_767' title='bbox 2662 4500 2933 4573; x_wconf 81' lang='lat' dir='ltr'><strong>Ephesius</strong></span> <span class='ocrx_word' id='word_1_768' title='bbox 2960 4506 3247 4577; x_wconf 79' lang='lat' dir='ltr'><strong>fatebitur,</strong></span> <span class='ocrx_word' id='word_1_769' title='bbox 3312 4513 3456 4570; x_wconf 86' lang='lat' dir='ltr'><strong>divi-</strong></span> 
     </span>
    </p>
   </div>
   <div class='ocr_carea' id='block_1_107' title="bbox 1884 4589 3458 4664">
    <p class='ocr_par' dir='ltr' id='par_1_107' title="bbox 1884 4589 3458 4664">
     <span class='ocr_line' id='line_1_109' title="bbox 1884 4589 3458 4664; baseline 0.016 -26"><span class='ocrx_word' id='word_1_770' title='bbox 1884 4601 2014 4640; x_wconf 90' lang='lat' dir='ltr'><strong>num</strong></span> <span class='ocrx_word' id='word_1_771' title='bbox 2073 4589 2405 4646; x_wconf 86' lang='lat' dir='ltr'><strong>sacriﬁcium</strong></span> <span class='ocrx_word' id='word_1_772' title='bbox 2473 4595 2741 4651; x_wconf 83' lang='lat' dir='ltr'><strong>celebrari</strong></span> <span class='ocrx_word' id='word_1_773' title='bbox 2810 4601 3031 4655; x_wconf 83' lang='lat' dir='ltr'><strong>solitum</strong></span> <span class='ocrx_word' id='word_1_774' title='bbox 3086 4605 3253 4659; x_wconf 88' lang='lat' dir='ltr'><strong>etiam</strong></span> <span class='ocrx_word' id='word_1_775' title='bbox 3327 4619 3458 4664; x_wconf 86' lang='lat' dir='ltr'><strong>ante</strong></span> 
     </span>
    </p>
   </div>
   <div class='ocr_carea' id='block_1_108' title="bbox 1884 4685 3458 4764">
    <p class='ocr_par' dir='ltr' id='par_1_108' title="bbox 1884 4685 3458 4764">
     <span class='ocr_line' id='line_1_110' title="bbox 1884 4685 3458 4764; baseline 0.017 -34"><span class='ocrx_word' id='word_1_776' title='bbox 1884 4686 2131 4749; x_wconf 83' lang='lat' dir='ltr'><strong>tempora</strong></span> <span class='ocrx_word' id='word_1_777' title='bbox 2168 4691 2487 4740; x_wconf 86' lang='lat' dir='ltr'><strong>sanctorum</strong></span> <span class='ocrx_word' id='word_1_778' title='bbox 2531 4685 2721 4743; x_wconf 77' lang='lat' dir='ltr'><strong>Basilii</strong></span> <span class='ocrx_word' id='word_1_779' title='bbox 2776 4699 2830 4744; x_wconf 92' lang='lat' dir='ltr'><strong>et</strong></span> <span class='ocrx_word' id='word_1_780' title='bbox 2880 4692 3278 4764; x_wconf 80' lang='lat' dir='ltr'><strong>Chrysostomi,</strong></span> <span class='ocrx_word' id='word_1_781' title='bbox 3342 4715 3458 4756; x_wconf 87' lang='lat' dir='ltr'><strong>non</strong></span> 
     </span>
    </p>
   </div>
   <div class='ocr_carea' id='block_1_109' title="bbox 1884 4776 3453 4860">
    <p class='ocr_par' dir='ltr' id='par_1_109' title="bbox 1884 4776 3453 4860">
     <span class='ocr_line' id='line_1_111' title="bbox 1884 4776 3453 4860; baseline 0.014 -35"><span class='ocrx_word' id='word_1_782' title='bbox 1884 4779 2062 4827; x_wconf 85' lang='lat' dir='ltr'><strong>tamen</strong></span> <span class='ocrx_word' id='word_1_783' title='bbox 2095 4789 2160 4829; x_wconf 88' lang='lat' dir='ltr'><strong>eo</strong></span> <span class='ocrx_word' id='word_1_784' title='bbox 2193 4776 2325 4839; x_wconf 87' lang='lat' dir='ltr'><strong>ritu,</strong></span> <span class='ocrx_word' id='word_1_785' title='bbox 2360 4794 2520 4846; x_wconf 85' lang='lat' dir='ltr'><strong>quem</strong></span> <span class='ocrx_word' id='word_1_786' title='bbox 2557 4781 2657 4850; x_wconf 89' lang='lat' dir='ltr'><strong>ipsi</strong></span> <span class='ocrx_word' id='word_1_787' title='bbox 2713 4796 3096 4853; x_wconf 85' lang='lat' dir='ltr'><strong>exposuerunt</strong></span> <span class='ocrx_word' id='word_1_788' title='bbox 3131 4805 3146 4842; x_wconf 87' lang='lat'><strong>:</strong></span> <span class='ocrx_word' id='word_1_789' title='bbox 3196 4790 3453 4860; x_wconf 86' lang='lat' dir='ltr'><strong>quinam,</strong></span> 
     </span>
    </p>
   </div>
   <div class='ocr_carea' id='block_1_110' title="bbox 1882 4869 3452 4948">
    <p class='ocr_par' dir='ltr' id='par_1_110' title="bbox 1882 4869 3452 4948">
     <span class='ocr_line' id='line_1_112' title="bbox 1882 4869 3452 4948; baseline 0.014 -31"><span class='ocrx_word' id='word_1_790' title='bbox 1882 4878 2003 4918; x_wconf 83' lang='lat' dir='ltr'><strong>cum</strong></span> <span class='ocrx_word' id='word_1_791' title='bbox 2033 4869 2362 4934; x_wconf 86' lang='lat' dir='ltr'><strong>posteriores</strong></span> <span class='ocrx_word' id='word_1_792' title='bbox 2392 4871 2467 4925; x_wconf 91' lang='lat' dir='ltr'><strong>illi</strong></span> <span class='ocrx_word' id='word_1_793' title='bbox 2505 4872 2836 4930; x_wconf 82' lang='lat' dir='ltr'><strong>fueriut‘lEt</strong></span> <span class='ocrx_word' id='word_1_794' title='bbox 2886 4887 3176 4948; x_wconf 84' lang='lat' dir='ltr'><strong>postquam</strong></span> <span class='ocrx_word' id='word_1_795' title='bbox 3212 4882 3288 4936; x_wconf 91' lang='lat' dir='ltr'><strong>illi</strong></span> <span class='ocrx_word' id='word_1_796' title='bbox 3330 4900 3452 4938; x_wconf 84' lang='lat' dir='ltr'><strong>mo-</strong></span> 
     </span>
    </p>
   </div>
   <div class='ocr_carea' id='block_1_111' title="bbox 1881 4957 3452 5041">
    <p class='ocr_par' dir='ltr' id='par_1_111' title="bbox 1881 4957 3452 5041">
     <span class='ocr_line' id='line_1_113' title="bbox 1881 4957 3452 5041; baseline 0.011 -31"><span class='ocrx_word' id='word_1_797' title='bbox 1881 4957 2009 5011; x_wconf 90' lang='lat' dir='ltr'><strong>dum</strong></span> <span class='ocrx_word' id='word_1_798' title='bbox 2046 4960 2360 5015; x_wconf 86' lang='lat' dir='ltr'><strong>celebrandi</strong></span> <span class='ocrx_word' id='word_1_799' title='bbox 2382 4962 2605 5018; x_wconf 89' lang='lat' dir='ltr'><strong>missam</strong></span> <span class='ocrx_word' id='word_1_800' title='bbox 2637 4980 2968 5034; x_wconf 82' lang='lat' dir='ltr'><strong>exposuere,</strong></span> <span class='ocrx_word' id='word_1_801' title='bbox 3003 4985 3165 5027; x_wconf 89' lang='lat' dir='ltr'><strong>nemo</strong></span> <span class='ocrx_word' id='word_1_802' title='bbox 3215 4974 3452 5041; x_wconf 87' lang='lat' dir='ltr'><strong>probare</strong></span> 
     </span>
    </p>
   </div>
   <div class='ocr_carea' id='block_1_112' title="bbox 1879 5049 3451 5117">
    <p class='ocr_par' dir='ltr' id='par_1_112' title="bbox 1879 5049 3451 5117">
     <span class='ocr_line' id='line_1_114' title="bbox 1879 5049 3451 5117; baseline 0.01 -16"><span class='ocrx_word' id='word_1_803' title='bbox 1879 5050 2102 5117; x_wconf 87' lang='lat' dir='ltr'><strong>poterit,</strong></span> <span class='ocrx_word' id='word_1_804' title='bbox 2134 5049 2539 5107; x_wconf 88' lang='lat' dir='ltr'><strong>Occidentalem</strong></span> <span class='ocrx_word' id='word_1_805' title='bbox 2586 5052 2887 5112; x_wconf 89' lang='lat' dir='ltr'><strong>Ecclesiam</strong></span> <span class='ocrx_word' id='word_1_806' title='bbox 2939 5074 3005 5114; x_wconf 89' lang='lat' dir='ltr'><strong>eo</strong></span> <span class='ocrx_word' id='word_1_807' title='bbox 3058 5061 3221 5117; x_wconf 90' lang='lat' dir='ltr'><strong>modo</strong></span> <span class='ocrx_word' id='word_1_808' title='bbox 3274 5061 3451 5115; x_wconf 80' lang='lat' dir='ltr'><strong>fuisse</strong></span> 
     </span>
    </p>
   </div>
   <div class='ocr_carea' id='block_1_113' title="bbox 1879 5146 3448 5222">
    <p class='ocr_par' dir='ltr' id='par_1_113' title="bbox 1879 5146 3448 5222">
     <span class='ocr_line' id='line_1_115' title="bbox 1879 5146 3448 5222; baseline 0.006 -27"><span class='ocrx_word' id='word_1_809' title='bbox 1879 5156 2036 5196; x_wconf 89' lang='lat' dir='ltr'><strong>usam</strong></span> <span class='ocrx_word' id='word_1_810' title='bbox 2081 5158 2230 5197; x_wconf 87' lang='lat' dir='ltr'><strong>:nec</strong></span> <span class='ocrx_word' id='word_1_811' title='bbox 2274 5152 2456 5199; x_wconf 88' lang='lat' dir='ltr'><strong>tamen</strong></span> <span class='ocrx_word' id='word_1_812' title='bbox 2488 5146 2595 5200; x_wconf 90' lang='lat' dir='ltr'><strong>duo</strong></span> <span class='ocrx_word' id='word_1_813' title='bbox 2633 5148 2981 5206; x_wconf 88' lang='lat' dir='ltr'><strong>sacriﬁcandi</strong></span> <span class='ocrx_word' id='word_1_814' title='bbox 3039 5167 3240 5222; x_wconf 84' lang='lat' dir='ltr'><strong>genera</strong></span> <span class='ocrx_word' id='word_1_815' title='bbox 3302 5154 3448 5207; x_wconf 86' lang='lat' dir='ltr'><strong>dicta</strong></span> 
     </span>
    </p>
   </div>
   <div class='ocr_carea' id='block_1_114' title="bbox 1880 5237 3449 5305">
    <p class='ocr_par' dir='ltr' id='par_1_114' title="bbox 1880 5237 3449 5305">
     <span class='ocr_line' id='line_1_116' title="bbox 1880 5237 3449 5305; baseline 0.006 -20"><span class='ocrx_word' id='word_1_816' title='bbox 1880 5247 2120 5299; x_wconf 87' lang='lat' dir='ltr'><strong>unquam</strong></span> <span class='ocrx_word' id='word_1_817' title='bbox 2153 5244 2303 5297; x_wconf 91' lang='lat' dir='ltr'><strong>sunt,</strong></span> <span class='ocrx_word' id='word_1_818' title='bbox 2359 5249 2425 5289; x_wconf 82' lang='lat' dir='ltr'><strong>eo</strong></span> <span class='ocrx_word' id='word_1_819' title='bbox 2446 5237 2589 5305; x_wconf 85' lang='lat' dir='ltr'><strong>quod</strong></span> <span class='ocrx_word' id='word_1_820' title='bbox 2637 5252 2741 5292; x_wconf 87' lang='lat' dir='ltr'><strong>nua</strong></span> <span class='ocrx_word' id='word_1_821' title='bbox 2789 5238 3079 5294; x_wconf 81' lang='lat' dir='ltr'><strong>sitvocum</strong></span> <span class='ocrx_word' id='word_1_822' title='bbox 3137 5240 3449 5295; x_wconf 85' lang='lat' dir='ltr'><strong>divinarum</strong></span> 
     </span>
    </p>
   </div>
   <div class='ocr_carea' id='block_1_115' title="bbox 1883 5324 3445 5397">
    <p class='ocr_par' dir='ltr' id='par_1_115' title="bbox 1883 5324 3445 5397">
     <span class='ocr_line' id='line_1_117' title="bbox 1883 5324 3445 5397; baseline 0.007 -22"><span class='ocrx_word' id='word_1_823' title='bbox 1883 5324 2085 5389; x_wconf 84' lang='lat' dir='ltr'><strong>virtus,</strong></span> <span class='ocrx_word' id='word_1_824' title='bbox 2118 5334 2171 5379; x_wconf 90' lang='lat' dir='ltr'><strong>et</strong></span> <span class='ocrx_word' id='word_1_825' title='bbox 2204 5326 2460 5393; x_wconf 90' lang='lat' dir='ltr'><strong>intentio,</strong></span> <span class='ocrx_word' id='word_1_826' title='bbox 2489 5336 2545 5382; x_wconf 93' lang='lat' dir='ltr'><strong>et</strong></span> <span class='ocrx_word' id='word_1_827' title='bbox 2599 5330 2850 5397; x_wconf 88' lang='lat' dir='ltr'><strong>materia,</strong></span> <span class='ocrx_word' id='word_1_828' title='bbox 2884 5341 2938 5386; x_wconf 89' lang='lat' dir='ltr'><strong>et</strong></span> <span class='ocrx_word' id='word_1_829' title='bbox 2988 5331 3285 5386; x_wconf 86' lang='lat' dir='ltr'><strong>sacerdotis</strong></span> <span class='ocrx_word' id='word_1_830' title='bbox 3346 5331 3445 5386; x_wconf 85' lang='lat' dir='ltr'><strong>mi-</strong></span> 
     </span>
    </p>
   </div>
   <div class='ocr_carea' id='block_1_116' title="bbox 1880 5413 3446 5493">
    <p class='ocr_par' dir='ltr' id='par_1_116' title="bbox 1880 5413 3446 5493">
     <span class='ocr_line' id='line_1_118' title="bbox 1880 5413 3446 5493; baseline 0.004 -22"><span class='ocrx_word' id='word_1_831' title='bbox 1880 5415 2114 5471; x_wconf 89' lang='lat' dir='ltr'><strong>nisterio</strong></span> <span class='ocrx_word' id='word_1_832' title='bbox 2139 5413 2418 5485; x_wconf 71' lang='lat' dir='ltr'><strong>iungentis</strong></span> <span class='ocrx_word' id='word_1_833' title='bbox 2445 5416 2707 5485; x_wconf 81' lang='lat' dir='ltr'><strong>facultas,</strong></span> <span class='ocrx_word' id='word_1_834' title='bbox 2745 5431 2797 5475; x_wconf 89' lang='lat' dir='ltr'><strong>et</strong></span> <span class='ocrx_word' id='word_1_835' title='bbox 2842 5422 3079 5476; x_wconf 77' lang='lat' dir='ltr'><strong>ctelestis</strong></span> <span class='ocrx_word' id='word_1_836' title='bbox 3112 5422 3282 5491; x_wconf 74' lang='lat' dir='ltr'><strong>gratia</strong></span> <span class='ocrx_word' id='word_1_837' title='bbox 3324 5439 3446 5493; x_wconf 72' lang='lat' dir='ltr'><strong>qua:</strong></span> 
     </span>
    </p>
   </div>
   <div class='ocr_carea' id='block_1_117' title="bbox 1876 5505 3443 5580">
    <p class='ocr_par' dir='ltr' id='par_1_117' title="bbox 1876 5505 3443 5580">
     <span class='ocr_line' id='line_1_119' title="bbox 1876 5505 3443 5580; baseline 0.005 -18"><span class='ocrx_word' id='word_1_838' title='bbox 1876 5515 2157 5574; x_wconf 84' lang='lat' dir='ltr'><strong>operatur.</strong></span> <span class='ocrx_word' id='word_1_839' title='bbox 2190 5505 2350 5572; x_wconf 83' lang='lat' dir='ltr'><strong>Nam,</strong></span> <span class='ocrx_word' id='word_1_840' title='bbox 2382 5514 2439 5561; x_wconf 92' lang='lat' dir='ltr'><strong>ut</strong></span> <span class='ocrx_word' id='word_1_841' title='bbox 2471 5523 2639 5580; x_wconf 86' lang='lat' dir='ltr'><strong>supra</strong></span> <span class='ocrx_word' id='word_1_842' title='bbox 2680 5510 2883 5565; x_wconf 84' lang='lat' dir='ltr'><strong>dictum</strong></span> <span class='ocrx_word' id='word_1_843' title='bbox 2918 5518 3023 5579; x_wconf 82' lang='lat' dir='ltr'><strong>est,</strong></span> <span class='ocrx_word' id='word_1_844' title='bbox 3082 5513 3314 5569; x_wconf 85' lang='lat' dir='ltr'><strong>intentio</strong></span> <span class='ocrx_word' id='word_1_845' title='bbox 3363 5523 3443 5570; x_wconf 85' lang='lat' dir='ltr'><strong>est</strong></span> 
     </span>
    </p>
   </div>
   <div class='ocr_carea' id='block_1_118' title="bbox 1942 5685 2498 5760">
    <p class='ocr_par' dir='ltr' id='par_1_118' title="bbox 1942 5685 2498 5760">
     <span class='ocr_line' id='line_1_120' title="bbox 1942 5685 2498 5760; baseline 0.007 -19"><span class='ocrx_word' id='word_1_846' title='bbox 1942 5688 2016 5756; x_wconf 72' lang='lat'><strong>(2)</strong></span> <span class='ocrx_word' id='word_1_847' title='bbox 2049 5685 2200 5743; x_wconf 83' lang='lat' dir='ltr'><strong>Orat.</strong></span> <span class='ocrx_word' id='word_1_848' title='bbox 2232 5689 2498 5760; x_wconf 80' lang='lat' dir='ltr'><strong>apolugct.</strong></span> 
     </span>
    </p>
   </div>
  </div>
