3988 6216
524 259 626 322 135

1427 251 1815 314 GREGOBII
1859 250 2164 311 MAMMzE
2196 251 2313 312 ΟΡ.
2350 247 2865 310 ΡΑΤΒΙΑΙίΕΗπΕ

3675 240 3788 304 136

520 371 847 428 conﬁciendi
896 370 1038 439 quod
1101 366 1240 422 dixit
1304 366 1613 420 Dominus:
1660 363 1775 417 Hoc
1830 363 1992 433 facite
2048 363 2086 416 ii;

2206 363 2315 415 Kal
2368 364 2499 432 γὰρ,
2553 363 2627 418 ὡς
2688 360 3030 429 προείρηται,
3088 357 3115 409 6
3166 354 3370 416 σκοπός
3403 355 3572 416 ἔστιν,
3615 354 3697 406 ὅτι
3754 357 3777 404 ἑ

520 480 687 517 meam
713 461 1286 521 commemorationem,
1319 457 1540 511 materia
1572 456 1767 518 farina.
1796 456 1913 511 sive
1940 455 2096 525 panis

524 553 789 614 triticeos,
827 558 881 606 et
912 550 1098 604 vinum
1136 562 1260 602 cum
1287 561 1453 615 aqua,
1490 560 1654 613 super
1688 560 1808 613 qua:
1836 545 2098 598 Dominus

521 639 656 692 dixit
693 656 705 691 :
742 640 855 691 Hoc
883 646 958 691 est
1007 651 1200 704 corpus
1254 650 1425 687 meum
1456 651 1473 699 ;
1505 644 1559 688 et
1590 652 1605 688 :
1642 632 1745 686 llic
1771 645 1845 687 est
1878 634 2096 703 sanguis

521 746 698 793 meus,
729 727 897 797 ﬁtque
967 727 1197 781 materia
1230 725 1345 780 lucc
1394 739 1609 793 semper
1674 739 1874 793 corpus
1925 725 2097 793 ipsius

519 823 723 877 virtute
748 821 871 889 ejus
900 820 995 888 qui
1034 820 1147 873 haec
1175 826 1531 872 transmutat.
1559 817 1742 872 Unum
1781 825 1867 870 est
1932 816 2099 883 igitur

520 913 626 967 hoc
660 910 1019 976 sacriﬁcium,
1062 908 1189 962 dum
1228 908 1320 962 fiat
1353 908 1514 978 juxta
1572 922 1820 960 normam
1850 915 1904 961 et
1962 921 2090 975 prmo

520 1003 784 1073 scriptum
819 1001 981 1057 nobis
1005 1016 1035 1055 a
1064 1001 1293 1055 Domino
1345 999 1632 1062 traditum,
1670 1009 1725 1052 ut
1757 998 2097 1066 eXpIicatum

520 1106 627 1152 est.
656 1097 728 1150 De
766 1109 956 1164 azymo
993 1108 1123 1147 vero
1157 1102 1213 1147 et
1263 1091 1586 1146 fermentato
1643 1091 1754 1159 jam
1786 1090 1944 1143 allata
2005 1090 2099 1142 de-

521 1188 849 1243 monstratio
876 1194 962 1242 est
994 1203 1008 1252 ;
1050 1200 1172 1238 nam
1200 1191 1426 1238 sanctus
1472 1183 1630 1235 Pater
1661 1179 1737 1235 Ch
1751 1190 2094 1250 rysOstomns

520 1280 747 1335 homilia
816 1278 1268 1350 quinquagesima
1326 1277 1379 1330 in
1447 1275 1807 1329 Mattltaaum:
1854 1273 2094 1339 Credite,

520 1374 699 1442 inquit
725 1390 740 1439 ;
766 1372 856 1425 illa
892 1386 1037 1426 nunc
1070 1371 1235 1424 etiam
1278 1384 1434 1423 caena
1490 1368 1571 1430 lit,
1606 1367 1660 1420 in
1692 1381 1799 1436 qua
1859 1373 1909 1419 et
1970 1365 2088 1434 ipse

522 1464 918 1526 accumbebat;
952 1462 1089 1515 nihil
1119 1460 1264 1515 enim
1296 1459 1412 1512 haec
1449 1457 1635 1512 diilert
1660 1458 1727 1511 ah
1802 1457 1916 1519 illa,
1968 1470 2091 1511 cum

520 1572 628 1611 non
654 1556 818 1609 homo
848 1555 961 1619 hic,
988 1554 1105 1622 ipse
1146 1567 1275 1606 vero
1304 1551 1418 1604 illic
1462 1550 1534 1604 sit
1569 1558 1853 1618 operatus.
1888 1545 2091 1601 Verum

519 1649 653 1704 satis
677 1648 969 1717 probatum
999 1650 1103 1706 est.
1132 1643 1265 1713 quid
1297 1644 1367 1697 sit
1398 1641 1466 1696 de
1497 1640 1601 1695 hoc
1657 1640 1919 1708 mysterio
1963 1653 2091 1692 sen-

2203 454 2406 523 Κύριος
2470 449 2590 506 εῐπε
2624 468 2638 482 ο
2705 451 2886 505 Τοῦτο
2961 448 3183 503 ποιεῖτε
3264 448 3354 512 είς
3423 444 3538 513 τὴν
3622 445 3774 514 ἐμὴν

2199 544 2574 613 ἀνάμνησιν
2624 542 2722 609 ὕλη
2764 545 2791 594 6
2821 544 2885 594 ὲκ
2930 537 3025 592 τοῦ
3068 540 3212 592 σίτου
3254 538 3478 603 άλευρος
3534 537 3651 605 ἦτοι
3681 538 3773 604 ἄρ·

2199 654 2314 698 τος,
2346 639 2440 688 καὶ
2465 638 2493 689 ὁ
2522 634 2688 696 οἶνος,
2724 635 2817 687 καὶ
2845 633 2906 685 τὸ
2934 632 3097 703 ὕδωρ,
3133 631 3215 698 ἐφ’
3247 627 3329 692 οἷς
3354 629 3382 682 6
3407 628 3608 697 Κύριος
3632 628 3776 681 εἷπε·

2200 728 2386 784 Τοῦτό
2414 728 2550 781 ἐστι
2578 727 2643 779 τὸ
2669 725 2843 793 σῶμὰ
2859 742 3001 794 μου,
3031 724 3145 787 καὶ,
3184 722 3368 776 Τοῦτό
3401 722 3533 775 ἐστι
3552 721 3617 774 τὸ
3630 717 3775 789 αἴμά

2194 839 2333 891 μου’
2372 821 2467 875 καὶ
2492 821 2575 873 ἀεὶ
2611 823 2691 883 είς
2726 819 2886 886 σῶμα
2917 817 3086 871 αὑτοῦ
3119 820 3153 888 ἡ
3189 817 3288 886 ὕλη
3324 815 3536 884 γίνεται
3575 817 3639 884 τῇ
3678 814 3776 867 τοῦ

2203 911 2631 981 μεταποιοῦντος
2661 911 2802 964 αὐτά
2823 910 3073 979 δυνάμει.
3116 909 3234 963 Μία
3260 903 3353 961 οὖν
3381 909 3528 959 ἐστιν
3551 908 3583 975 ἠ
3614 906 3775 958 θυσία

2200 1001 2364 1071 αὕτη,
2394 1004 2441 1053 εἰ
2475 1003 2637 1070 μόνον
2683 1002 2823 1054 κατὰ
2857 1001 2948 1053 τὸν
2981 999 3360 1071 παραδοθέντα
3387 1000 3518 1068 ἡμῖν
3555 998 3660 1050 ὑπὸ
3678 998 3774 1050 τοῦ

2201 1093 2409 1163 Κυρίου
2436 1094 2563 1161 ὅρον
2592 1111 2650 1146 τε
2682 1095 2775 1145 καὶ
2805 1093 2962 1160 λόγον
2987 1094 3264 1157 τελεῖται,
3324 1090 3512 1155 καθὼς
3569 1091 3774 1161 ἐδηλὼ-

2201 1202 2398 1253 σαμεν.
2435 1186 2575 1253 Περὶ
2609 1185 2665 1237 δὲ
2698 1185 2767 1236 δι’
2803 1185 3041 1254 ὲνζύμου
3077 1184 3109 1252 ἢ
3144 1184 3213 1236 δι’
3268 1183 3483 1251 ἀζύμου
3531 1200 3774 1252 προαπεο

2194 1275 2378 1345 δείχθη
2400 1292 2414 1307 ο
2447 1277 2539 1328 καὶ
2568 1276 2676 1346 γὰρ
2711 1277 2738 1329 6
2769 1276 2913 1346 ἱερὸς
2966 1275 3361 1345 Χρυσόστομος
3391 1276 3448 1327 ὲν
3481 1277 3546 1345 τῇ
3582 1280 3624 1327 ν’
3649 1277 3775 1343 ὁμι-

2198 1369 2289 1440 λίᾳ
2335 1371 2432 1422 τοῦ
2484 1369 2625 1421 κατά
2658 1369 2937 1423 Ματθαῖὸν
2989 1385 3158 1439 φησι’
3190 1367 3522 1421 Πιστεύσατε
3565 1367 3773 1432 τοίνυν,

2196 1460 2376 1513 ἐκεῖνο
2407 1460 2503 1512 καὶ
2533 1458 2630 1512 νῦν
2666 1458 2728 1511 τὸ
2781 1458 2998 1511 δεῖπνόν
3039 1458 3210 1521 ἐστιν,
3267 1459 3325 1509 ἐν
3370 1451 3413 1523 ᾧ
3459 1456 3556 1508 καὶ
3612 1456 3773 1517 αὐτὸς

2209 1551 2481 1605 ἀνέκειτο·
2518 1551 2675 1604 οὐδὲν
2700 1551 2810 1620 γὰρ
2854 1551 3065 1604 ἐκείνου
3097 1548 3259 1602 τοῦτο
3293 1548 3597 1616 διενήνοχεν
3617 1561 3631 1575 ’
3651 1547 3773 1600 οὐδὲ

2195 1647 2305 1715 γὰρ
2336 1644 2491 1697 τοῦτο
2520 1645 2618 1713 μὲν
2646 1643 2937 1713 ἄνθρωπος
3002 1643 3321 1710 ὲργάζεται,
3365 1641 3541 1694 ἐκεῖνο
3584 1640 3641 1691 δὲ
3678 1639 3771 1692 αὖ·

522 1739 785 1795 tiendum.
834 1737 896 1792 1n
949 1738 1122 1791 nostri
1186 1749 1348 1805 porro
1406 1732 1565 1787 ollicii
1617 1730 1967 1796 lectionibus,
2024 1730 2086 1785 de

2198 1736 2308 1797 τός.
2356 1736 2516 1789 Ἀλλὰ
2542 1736 2600 1789 τὸ
2627 1736 2756 1805 περὶ
2807 1736 3111 1805 μυστηρίου
3169 1733 3489 1806 ἀρκούντως
3534 1729 3769 1800 ἐδείχθη.

518 1830 678 1884 beato
702 1827 966 1898 Gregorio
1009 1840 1200 1881 mense
1251 1823 1449 1877 Martio
1508 1829 1560 1877 et
1619 1822 1727 1877 boc
1774 1822 2090 1876 habemus:

520 1916 1078 1989 Grcgoriusemedio
1132 1917 1253 1969 vitae
1287 1913 1562 1978 sublatus,
1624 1921 1678 1967 et
1732 1913 1784 1965 in
1852 1912 2091 1966 medium

520 2011 841 2078 angelorum
867 2018 1069 2063 emtum
1090 2014 1374 2061 evocatus.
1433 2005 1547 2057 Et:
1599 2002 1836 2058 Sanctus
1886 2001 2093 2071 Grego-

523 2102 640 2156 rius
687 2102 742 2154 in
773 2100 921 2155 omni
963 2099 1323 2155 scientiarum
1380 2111 1579 2164 genere
1608 2104 1660 2150 et
1690 2094 1745 2148 in
1785 2095 2091 2163 Scripturis

521 2197 769 2245 versatus
803 2190 1003 2244 multos
1033 2204 1061 2240 a
1111 2202 1170 2242 se
1223 2186 1563 2254 compositos
1625 2185 1797 2240 libros
1845 2185 2087 2254 reliquit.

521 2282 583 2336 Et
618 2281 813 2351 paucis
844 2279 1151 2349 interiectis
1184 2296 1199 2331 :
1236 2277 1357 2331 Non
1380 2277 1661 2343 humanis,
1695 2277 1895 2346 inquit,
1925 2277 2090 2331 ratio-

519 2372 894 2428 cinationibus
925 2378 977 2425 et
1008 2369 1258 2423 studiosa
1317 2374 1529 2422 tantum
1590 2368 1900 2425 eruditione
1959 2381 2089 2420 con-

519 2464 777 2531 scriptos,
805 2460 903 2515 sed
932 2476 1027 2529 per
1076 2457 1341 2526 Spiritum
1399 2466 1674 2522 sanctum,
1733 2459 2092 2527 quemadmo-

520 2554 646 2607 dum
673 2566 738 2607 eo
772 2553 881 2605 vita
914 2550 1104 2604 functo
1135 2549 1328 2604 Petrus
1354 2549 1777 2603 archidiaconus
1816 2548 1934 2617 ejus
1960 2563 2089 2602 nar-

526 2643 689 2695 ravit.
724 2639 909 2696 Visam
942 2640 1089 2697 enim
1126 2653 1157 2693 a
1186 2655 1245 2694 se
1280 2639 1463 2693 aiebat
1521 2638 1700 2692 albam
1742 2637 2082 2705 columbam,

518 2735 647 2786 dum
685 2733 774 2787 ille
807 2731 1096 2797 scriberet,
1129 2731 1197 2784 ad
1244 2745 1305 2785 os
1334 2730 1454 2800 ejus
1474 2730 1842 2795 advolantem,
1901 2736 1956 2784 et
1994 2744 2087 2783 ve-

520 2822 617 2875 luti
657 2830 1041 2891 suggerentem
1071 2827 1125 2875 et
1154 2820 1452 2875 dictantem
1501 2834 1623 2890 quae
1674 2820 2087 2875 scribebantur.

521 2912 585 2966 Et
610 2928 717 2967 non
748 2913 919 2966 multo
942 2919 1065 2981 post
1099 2928 1115 2967 :
1147 2911 1316 2965 Aiunt
1361 2919 1542 2965 autem
1572 2927 1637 2966 ex
1666 2912 1832 2982 hujus
1873 2913 2092 2968 institu-

522 3004 917 3068 tioneiactum,
984 3010 1043 3058 ut
1093 3003 1561 3073 quadragesimali
1632 3013 1880 3076 tempore
1946 3006 2088 3076 apud

518 3097 799 3151 Romanos
832 3094 1011 3149 Missa:
1041 3093 1374 3148 sacriﬁcium
1439 3094 1713 3165 integrum
1770 3108 2085 3166 peragatur,

517 3190 663 3260 quod
700 3189 841 3259 apud
873 3188 995 3244 illos
1044 3187 1315 3256 hodieque
1344 3198 1616 3242 servatur.
1656 3186 1761 3243 Sed
1811 3204 1919 3247 non
1966 3204 2091 3259 pro-

519 3294 700 3350 pterea
730 3278 991 3348 disjuncti
1020 3276 1249 3343 fuimus,
1296 3293 1470 3347 neque
1495 3279 1640 3334 illius
1669 3279 1768 3335 aevi
1835 3282 2085 3339 homines

519 3374 626 3425 duo
661 3371 954 3427 missarum
1013 3385 1217 3439 genera
1276 3370 1671 3437 dixerunt;et
1728 3389 1907 3444 neque
1963 3376 2085 3431 illos

519 3466 622 3532 ipsi
654 3477 896 3533 unquam
921 3461 1285 3531 culparimus,
1323 3477 1500 3533 neque
1529 3463 1606 3517 illi
1642 3479 1743 3520 nos
1768 3475 2084 3535 coegerunt

520 3556 583 3608 ad
620 3554 932 3624 hujusmodi
967 3552 1465 3620 consuetudinem;
1503 3555 1766 3627 quoniam
1797 3558 1912 3613 haec
1938 3557 2087 3612 veri-

520 3650 614 3702 tati
635 3647 758 3702 ﬁdei
783 3647 921 3702 nihil
942 3646 1210 3701 alliciunt.

1163 3738 1411 3795 EPHES.

585 3832 716 3885 Bina
740 3847 955 3904 quoque
1004 3834 1367 3905 baptismata;
1421 3850 1589 3889 unum
1628 3836 1773 3904 quod
1808 3837 1951 3891 trina
1986 3839 2086 3894 im-

517 3926 790 3980 ntcrsione
821 3925 1130 3991 confertur,
1169 3927 1399 3982 alterum
1432 3926 1578 3995 quod
1616 3943 1770 3996 aqua:
1804 3928 2085 3988 inlusione

515 4032 546 4069 a
577 4030 788 4070 summo
816 4016 1054 4081 vertice;
1090 4024 1146 4071 et
1187 4032 1355 4071 unum
1395 4008 1813 4086 quidequuod
1838 4020 2081 4076 chrisma

513 4100 680 4155 etiam
738 4102 981 4170 adhibet,
1017 4107 1250 4159 alterum
1290 4119 1422 4160 vero
1457 4106 1601 4176 quod
1649 4106 1915 4163 adhibere
1949 4109 2081 4165 illud

515 4191 656 4245 nihil
678 4207 911 4262 prorsus
936 4207 1169 4250 necesse
1198 4194 1385 4252 habet.

1206 4286 1404 4343 RESP.

2205 1818 2295 1881 Ἓν
2330 1830 2440 1887 τοῖς
2466 1827 2819 1898 συναξαρίοις
2848 1827 2904 1880 δὲ
2970 1828 3127 1897 ἡμῶν
3161 1827 3289 1894 περὶ
3339 1826 3435 1879 τοῦ
3498 1824 3767 1894 μακαρίου

2196 1920 2499 1990 Γρηγορίου
2527 1922 2590 1972 ἐν
2614 1920 2693 1990 τῷ
2720 1921 2953 1991 Μαρτίῳ
2980 1922 3108 1990 μηνὶ
3122 1920 3215 1972 καὶ
3239 1917 3397 1971 τοῦτο
3424 1918 3764 1987 περιέχεται·

2207 2012 2266 2065 Ὀ
2295 2012 2597 2082 Γρηγόριος
2628 2013 2690 2065 ἐκ
2731 2013 2898 2081 μέσου
2953 2012 3052 2081 μὲν
3107 2010 3202 2063 ’τοῦ
3241 2009 3379 2080 βίου,
3432 2010 3491 2061 ἐν
3527 2010 3677 2078 μέσῳ
3710 2007 3766 2059 δὲ

2194 2101 2290 2156 τοῦ
2319 2104 2480 2173 χοροῦ
2529 2104 2637 2156 τῶν
2693 2104 2943 2172 ἀγγέλων
2985 2104 3312 2173 γενόμενος’
3362 2101 3485 2175 καίοη
3534 2100 3591 2154 '0
3623 2101 3766 2163 ὅσιος

2195 2195 2495 2264 Γρηγόριος
2529 2194 2709 2265 πάσης
2737 2196 2928 2265 σοφίας
2950 2195 3047 2247 καλ⁹
3076 2195 3299 2265 Γραφῆς
3320 2195 3583 2263 ἔμπειρος
3596 2191 3767 2245 πολλὰ

2196 2286 2608 2354 συγγράμματα
2638 2286 2999 2339 καταλέλοιπε
3020 2304 3033 2319 ο
3076 2288 3169 2341 καὶ
3210 2286 3329 2356 μετ’
3353 2286 3508 2355 ὀλίγα
3536 2301 3550 2316 ·
3581 2284 3657 2337 Οὐ
3695 2283 3763 2337 δι’

2194 2377 2561 2441 ἀνθρωπίνων
2586 2377 2967 2446 συλλογισμῶν
2996 2382 3089 2431 καὶ
3117 2379 3215 2446 τῆς
3258 2380 3316 2431 ὲν
3356 2378 3535 2446 λόγοις
3569 2378 3759 2445 σοφίας

2201 2468 2366 2538 μόνον
2396 2468 2742 2533 συντεθέντα,
2794 2469 2929 2522 ἀλλὰ
2958 2469 3046 2521 διὰ
3101 2468 3421 2540 Πνεύματος
3455 2470 3636 2536 ἁγίου,
3687 2469 3757 2533 ὡς

2197 2558 2337 2628 μετά
2367 2559 2467 2629 τὴν
2496 2559 2664 2614 αὑτοῦ
2703 2562 2767 2613 ἐκ
2795 2559 2892 2615 τοῦ
2931 2559 3051 2630 βίου
3086 2561 3352 2615 ἀνάλυσιν
3385 2563 3588 2632 Πέτρος
3617 2562 3644 2613 6
3666 2563 3756 2630 dip-

2194 2652 2503 2721 χιδιάκονος
2542 2653 2711 2706 αὑτοῦ
2765 2654 3097 2725 ἐξηγήσατο,
3143 2656 3270 2708 ἰδεῖν
3303 2655 3476 2721 λέγων
3514 2669 3737 2723 περιστε

2197 2744 2298 2814 ράν
2319 2743 2518 2814 λευκὴν
2550 2746 2607 2797 ὲν
2638 2745 2714 2815 τῷ
2744 2746 2983 2817 γράφειν
3017 2748 3182 2801 αὑτὸν
3206 2747 3281 2813 τῷ
3335 2747 3499 2799 αὑτοῦ
3531 2763 3755 2815 προσεγο

2193 2835 2461 2901 γίζουσαν
2491 2836 2744 2906 στόματι.
2778 2840 2873 2891 καὶ
2900 2834 3016 2891 οἷον
3066 2839 3443 2909 ἐξηγουμένην
3477 2838 3571 2892 καὶ
3599 2855 3739 2908 προσ

2193 2926 2454 2996 ορμῶσαν
2485 2929 2622 2998 πρὸς
2651 2932 2767 2992 τοῖς
2784 2931 3195 3001 γεγραμμένοις
3220 2932 3343 2984 ’καὶ
3372 2935 3507 3001 μετά
3532 2931 3758 3003 βραχέα⁹

2193 3018 2331 3070 Φασὶ
2364 3018 2441 3082 δὲ,
2474 3018 2553 3073 ὅτι
2584 3022 2956 3075 ἐπιτελεῖσθαι
2986 3023 3335 3093 λειτουργίαν
3368 3023 3580 3078 τελείαν
3610 3025 3756 3095 παρὸ

2204 3107 2499 3177 Ῥωμαίοις
2529 3111 2588 3162 ἐν
2617 3113 2741 3173 ταῖς
2772 3111 3054 3180 νηστίμοις
3126 3114 3365 3182 ἡμέραις
3407 3113 3560 3175 οὗτός
3614 3116 3755 3168 ἐστιν

2190 3198 2648 3267 ὁλνομοθετήσας,
2675 3198 2816 3270 ὅπερ
2868 3203 3155 3267 κρατεῖται
3188 3202 3353 3272 μέχρι
3394 3201 3495 3272 τῆς
3520 3203 3754 3272 σήμερον

2190 3287 2324 3357 παρ’
2353 3288 2563 3349 αὐτοῖς.
2606 3288 2747 3340 Ἀλλ’
2774 3290 2835 3340 οὐ
2885 3290 2973 3341 διὰ
3021 3289 3185 3344 τοῦτο
3236 3291 3591 3361 ἐσχίσθημεν,
3640 3291 3753 3346 οὐδὲ

2191 3379 2376 3442 διττὰς
2431 3379 2786 3449 λειτουργίας
2836 3380 3129 3447 ὠνόμασαν
3160 3382 3209 3432 οἱ
3260 3381 3383 3435 τότε
3435 3383 3617 3446 ὄντες·
3648 3383 3758 3437 ἀλλ’

2190 3470 2299 3521 οὐδ’
2371 3473 2537 3539 ἡμεῖς
2612 3486 2743 3523 ποτε
2820 3473 3050 3536 ἐκείνοις
3135 3474 3577 3545 ὲνεκαλέσαμεν,
3643 3477 3758 3530 ἀλλ’

2188 3564 2296 3615 οὐδ’
2344 3566 2491 3634 ημᾶς
2547 3565 2866 3634 ἠνάγκασαν
2941 3567 3083 3621 οὓτω
3149 3573 3348 3625 ποιεῖν.
3416 3572 3604 3627 Ταῦτα
3653 3575 3759 3645 γὰρ

2188 3659 2288 3721 τὴν
2321 3657 2419 3725 τῆς
2466 3657 2703 3720 πίστεως
2732 3658 2991 3729 ἀλήθειαν
3023 3662 3085 3715 οὐ
3110 3663 3617 3733 παραόλάπτουσιν.

2879 3752 3073 3809 ΕΦΕΣ.

2259 3840 2422 3893 Διττά
2467 3840 2524 3894 δὲ
2556 3840 2933 3912 βαπτῖσματα,
2968 3845 3028 3896 τὸ
3071 3846 3171 3915 μὲν
3194 3846 3283 3900 διὰ
3313 3848 3533 3918 τριττῆς
3584 3865 3759 3903 κατα-

2185 3929 2389 3993 δύσεως
2416 3933 2676 3998 τελειοῦν,
2707 3935 2765 3988 τὸ
2797 3935 2852 3988 δὲ
2880 3936 2949 3988 δι’
2983 3937 3290 4007 ἐπιχύσεως
3337 3938 3527 4003 ὓδατος
3568 3942 3632 3993 ὲκ
3670 3959 3759 3996 κο·

2190 4024 2364 4091 ρυφῆς
2395 4025 2621 4079 ἀνωθεν·
2660 4029 2752 4080 καὶ
2784 4030 2844 4081 τὸ
2882 4029 2979 4097 μὲν
3012 4032 3089 4101 τῷ
3122 4032 3280 4103 μύρῳ
3308 4036 3756 4106 προσχρώμενον,

2183 4115 2245 4168 τὸ
2278 4116 2322 4167 δ’
2350 4118 2458 4171 οὐδ’
2488 4121 2667 4174 ὁτιοῦν
2699 4123 2862 4176 αὑτοῦ
2889 4123 3077 4195 χρείαν
3117 4126 3261 4197 ἔχον.

2867 4302 3073 4356 ΑΠΟΛ.

582 4374 717 4430 Bina
733 4384 884 4431 certe
907 4374 1239 4446 baptismata
1265 4394 1426 4433 nemo
1447 4395 1687 4450 unquam
1711 4382 1867 4437 dixit.
1892 4381 2074 4438 Unum

2251 4387 2613 4458 Βαπτίσματα
2662 4390 2745 4443 δὲ.
2776 4392 2930 4445 διττά
2976 4393 3231 4446 οὐδέποτε
3282 4393 3605 4466 ἐρρέθησαν.
3660 4395 3757 4449 Ἐν

511 4468 711 4536 quippe
740 4477 826 4521 est
849 4480 1069 4523 sacrum
1133 4470 1425 4537 baptisma,
1478 4476 1619 4540 quod
1652 4476 1709 4528 lit
1760 4475 1814 4527 in
1856 4476 2079 4529 nomine

512 4557 706 4621 Patris,
747 4567 800 4611 et
831 4557 974 4622 Filii,
1003 4566 1057 4612 et
1094 4558 1336 4629 Spiritus
1364 4564 1544 4617 sancti
1580 4581 1595 4628 ;
1635 4577 1690 4619 et
1732 4567 1823 4633 qui
1866 4566 1939 4619 ita
1978 4567 2078 4621 ba-

514 4649 768 4719 ptizatur,
831 4651 1104 4720 perlectus
1146 4659 1229 4706 est
1272 4652 1645 4711 Christianus.
1684 4658 2079 4728 Signiﬁcantur

513 4752 689 4794 autem
711 4755 804 4810 per
834 4741 1075 4808 Patrem,
1110 4752 1164 4796 et
1199 4741 1395 4799 Filium
1431 4757 1486 4799 et
1518 4746 1783 4817 Spiritum
1825 4760 2075 4805 sanctum

510 4844 618 4889 tres
645 4833 840 4888 divina:
890 4835 1244 4907 hypostases;
1307 4852 1405 4907 per
1445 4854 1739 4895 commune
1813 4857 1941 4898 vero
1975 4858 2077 4898 no-

510 4942 633 4979 men
683 4926 864 4981 unitas
912 4936 979 4996 et.
1009 4927 1266 4983 identitas
1308 4932 1577 4996 essentia,
1614 4946 1715 4986 nec
1750 4949 1856 4987 non
1889 4950 2075 5004 aequa-

510 5020 632 5075 litas
691 5028 744 5074 et
805 5021 1252 5090 inscparabilitas
1317 5031 1372 5076 et
1431 5024 1776 5079 intlistinctio
1823 5027 2079 5093 potentiae

512 5116 673 5170 trium
707 5128 1088 5184 personarum.
1130 5113 1196 5167 Et
1224 5115 1472 5186 quisquis
1514 5116 1586 5169 ita
1620 5117 1949 5187 baptizatur,
2003 5120 2077 5174 ita

511 5208 813 5277 baptismus
867 5219 976 5259 non
1020 5204 1256 5259 iteratur
1304 5207 1496 5276 :quod
1551 5208 1595 5262 si
1660 5210 1849 5264 addito
1895 5211 2077 5280 aliquo

512 5299 593 5352 vel
627 5299 806 5353 ablato
844 5298 1179 5367 baptizetur,
1238 5309 1367 5355 tunc
1416 5318 1514 5356 nec
1561 5301 1787 5367 dicitur,
1839 5320 1940 5359 nec
1995 5313 2079 5359 est

510 5391 837 5458 baptismus.
887 5390 1196 5459 Baptismus
1237 5392 1382 5445 enim
1430 5408 1497 5447 cx
1549 5394 1659 5448 Deo
1696 5398 1924 5465 proprie
1956 5409 2075 5465 est;

510 5482 968 5548 quemadmodum
1001 5483 1224 5537 divinus
1265 5484 1425 5538 Pater
1453 5484 1883 5556 Chrysostomus
1917 5490 2079 5559 quin-

509 5572 820 5640 quagesima
846 5575 902 5627 in
942 5574 1255 5630 Matthaeum
1290 5576 1510 5630 homilia
1540 5580 1695 5633 docet
1726 5600 1737 5633 :
1786 5580 1920 5634 Nam
1974 5582 2077 5636 mi-

507 5660 699 5725 niStcr,
733 5662 930 5729 inquit,
991 5672 1074 5720 est
1124 5665 1421 5731 sacerdos;
1460 5668 1602 5725 sicut
1635 5669 1781 5725 enim
1816 5685 1938 5728 cum
1980 5671 2074 5726 ha-

2185 4478 2290 4547 γάρ
2320 4478 2433 4530 ἐστι
2461 4481 2521 4531 τὸ
2550 4482 2689 4532 θεῖον
2721 4480 3002 4551 βάπτισμα
3030 4484 3109 4548 είς
3130 4485 3189 4537 τὸ
3216 4485 3387 4554 ὄνομα
3419 4485 3635 4553 Πατρὸς
3662 4487 3756 4538 καὶ

2185 4571 2315 4624 Υίοῦ
2352 4573 2447 4624 καὶ
2478 4573 2636 4639 ἁγίου
2682 4573 3021 4643 Πνεύματος·
3053 4578 3147 4629 καὶ
3178 4579 3205 4629 6
3240 4577 3381 4630 οὕτω
3417 4577 3757 4646 βαπτιζόμε-

2183 4681 2269 4725 νος
2298 4664 2501 4725 τέλειός
2549 4665 2663 4717 ἐστι
2693 4665 3035 4734 Χριστιανός.
3077 4667 3239 4736 Δηλοῖ
3281 4669 3335 4721 δὲ
3383 4668 3473 4721 διὰ
3515 4669 3611 4738 μὲν
3658 4668 3752 4721 τοῦ

2183 4758 2400 4828 Πατρδς
2425 4761 2519 4813 καὶ
2562 4758 2656 4812 τοῦ
2683 4760 2811 4812 Υίοῦ
2845 4761 2940 4813 καὶ
2972 4761 3067 4814 τοῦ
3105 4762 3260 4827 ἁγίου
3302 4762 3621 4831 Πνεῦματος
3655 4763 3754 4825 τὰς

2179 4851 2328 4920 τρεῖς
2356 4849 2652 4919 θεαρχικάς
2684 4851 3028 4914 ὑποστάσεις·
3061 4852 3149 4904 διὰ
3186 4851 3242 4905 δὲ
3288 4851 3382 4905 τοῦ
3420 4854 3601 4907 κοινοῦ
3640 4855 3754 4908 ὀνό-

2184 4958 2354 5009 ματος
2374 4941 2434 4993 τὸ
2462 4941 2520 4994 ἓν
2549 4942 2647 5011 τῆς
2672 4942 2860 5006 οὐσίας
2886 4943 2981 4996 καὶ
3009 4944 3229 5009 ταυτὸν,
3264 4943 3359 4997 καὶ
3388 4944 3448 4998 τὸ
3483 4948 3538 4998 ἐν
3573 4947 3755 5015 τρισὶν

2182 5034 2546 5089 ὑποστάσεσιν
2576 5035 2691 5087 ἶσον
2722 5052 2779 5087 τε
2811 5037 2903 5090 καὶ
2932 5035 3235 5104 ἀχώριστον
3265 5037 3358 5089 καὶ
3388 5037 3754 5107 ὁμοδύναμον.

2181 5126 2293 5179 Καὶ
2319 5126 2465 5192 ὅστις
2495 5128 2637 5180 οὕτω
2672 5127 3019 5197 βαπτίζεται,
3071 5128 3170 5181 οὐκ
3196 5128 3653 5192 ἀναῦαπτίζεται.
3692 5130 3754 5182 El

2180 5214 2236 5267 δὲ
2266 5217 2404 5285 μετὰ
2450 5217 2767 5289 προσθήκης
2813 5218 2845 5288 ἢ
2883 5218 3175 5287 ἐλλείψεως
3217 5210 3559 5288 βαπτίζεται,
3596 5221 3756 5274 τοῦτο

2180 5306 2240 5358 οὐ
2277 5306 2561 5377 βάπτισμα
2602 5309 2817 5376 λέγεται
2855 5310 2978 5362 οὔτε
3025 5311 3162 5364 ἐστί.
3209 5310 3281 5364 Τὸ
3314 5312 3426 5382 γὰρ
3470 5312 3756 5381 βάπτισμα

2180 5398 2385 5467 κυρίως
2437 5401 2535 5467 μὲν
2568 5401 2632 5453 ὲκ
2660 5401 2819 5453 Θεοῦ’
2850 5401 2991 5455 οὕτω
3019 5402 3129 5471 γὰρ
3165 5402 3259 5457 καὶ
3295 5406 3321 5456 6
3350 5403 3491 5465 θεῖος
3536 5403 3756 5472 Χρυσό-

2181 5503 2376 5556 στομο;
2402 5488 2459 5540 ὲν
2487 5488 2564 5558 τῷ
2592 5490 2730 5543 κατά
2760 5492 3041 5546 Ματθαῖον
3076 5494 3133 5546 ὲν
3156 5497 3222 5564 τῇ
3253 5495 3595 5564 πεντηκοστῇ
3633 5494 3756 5564 ὀμι-

2179 5580 2268 5652 λίᾳ
2312 5582 2496 5650 φησίν·
2542 5581 2858 5654 Ὑπηρέτης
2907 5585 3013 5654 γάρ
3050 5586 3195 5638 ἐστιν
3237 5587 3263 5636 ὁ
3318 5585 3513 5652 ἱερεύς
3564 5582 3756 5653 ὥσπερ

2179 5674 2289 5735 γάρ
2328 5675 2458 5729 ὅταν
2508 5674 2767 5739 ϐαπτίζῃ,
2815 5677 2910 5730 οὐκ
2956 5676 3114 5742 αὑτός
3162 5692 3219 5729 σε
3271 5675 3549 5741 βαπτίζει,
3581 5674 3701 5731 ἀλλ’
3730 5676 3755 5727 ὁ
