3988 6216
380 271 479 335 H3

1314 272 1693 335 GREGDRII
1733 270 2035 332 MAMM/F.
2067 272 2175 334 CP.
2213 271 2725 333 ΡΑΤΒῘΛΒΟΙΙΕ

3542 256 3639 323 lii

379 393 750 449 Damascenus
766 393 946 463 capite
968 392 1179 448 decimo
1195 393 1367 447 tertio
1390 393 1467 464 (.9)
1494 411 1507 447 :
1541 392 1781 463 Spiritus
1805 405 1956 455 vero,

2072 395 2228 464 μέρος
2257 394 2448 462 ἁγίους
2482 394 2637 447 τοῦτο
2660 391 3028 463 κηρύττοντας
3073 386 3435 459 ἀπαριθμεῖν,
3462 386 3639 456 αὐτῆς

375 486 574 555 inquit,
616 497 841 541 sanctus
872 485 1107 541 occulta:
1160 484 1344 540 Patris
1371 484 1593 541 deitatis
1632 481 1955 538 manifesta-

372 580 487 633 tiva
515 580 615 643 vis,
648 579 952 648 procedens
976 586 1061 633 est
1083 594 1146 633 ex
1193 577 1350 633 Patre
1376 592 1470 646 per
1502 576 1726 637 Filium.
1754 584 1816 629 ut
1842 575 1958 644 ipso

377 674 549 729 novit.
572 672 641 725 At
667 672 799 742 quid
820 688 960 740 opus
979 682 1065 726 est
1081 672 1328 740 singulos
1351 684 1679 725 enumerare
1710 678 1955 731 sanctos,

377 765 470 835 qui
523 764 573 817 id
606 763 956 832 apertissime
1004 761 1386 831 pronuntiant.
1432 775 1557 815 cum
1604 759 1722 825 ipsa
1765 766 1955 813 sancta

376 856 721 912 mcumenica
751 855 996 924 synodus
1042 854 1274 923 septima
1315 853 1421 907 hoc
1447 854 1593 907 dicat
1622 850 1781 921 (l0)?
1819 848 1957 903 Nam

377 949 469 1005 illa
530 963 625 1016 per
676 946 963 1001 Tarasium
1028 945 1404 1017 patri-archani
1468 944 1549 997 sic
1601 946 1674 996 ait
1720 958 1734 993 :
1781 941 1960 995 Credo

375 1026 539 1095 etiam
565 1042 618 1093 in
643 1038 913 1107 Spiritum
936 1046 1216 1103 sanctum,
1240 1037 1334 1107 qui
1367 1052 1431 1091 ex
1456 1036 1616 1089 Patre
1642 1050 1739 1104 per
1761 1032 1957 1087 Filium

378 1130 648 1199 procedit,
680 1130 771 1199 q’ui
803 1138 857 1183 et
891 1129 1011 1198 ipse
1039 1137 1121 1181 est
1148 1135 1200 1180 et
1232 1126 1552 1196 agnoscitur
1578 1124 1741 1179 Deus.
1776 1124 1832 1177 Si
1867 1121 1958 1191 qui

378 1240 511 1277 vero
535 1225 679 1291 quod
735 1223 910 1277 sancti
957 1220 1169 1285 dicunt,
1222 1220 1325 1274 Per
1372 1217 1594 1280 Filium,
1648 1216 1790 1270 idem
1838 1229 1961 1269 esse

379 1314 570 1367 volunt
622 1329 707 1378 ac,
738 1313 896 1368 simul
927 1327 1054 1366 cum
1119 1308 1256 1365 Filio
1310 1308 1610 1380 procedere
1668 1304 1958 1375 Spiritum,

380 1422 490 1461 non
523 1406 658 1460 bene
692 1407 794 1460 hoc
828 1405 1159 1473 intelligunt.
1192 1399 1327 1456 Nam
1356 1408 1583 1457 sanctus
1623 1397 1961 1453 Athanasius

378 1499 436 1553 in
493 1498 723 1573 epistola
779 1497 845 1551 ad
901 1495 1280 1566 Serapionem,
1312 1510 1435 1566 quae
1486 1494 1699 1563 incipit,
1745 1490 1963 1544 Littera

378 1600 485 1643 tuae
508 1590 723 1659 pietatis
751 1605 768 1643 ξ
800 1587 858 1641 In
884 1586 1126 1650 Christo,
1157 1586 1361 1655 inquit,
1381 1593 1500 1640 erat
1539 1583 1794 1650 Spiritus,
1820 1582 1963 1637 sicut

382 1681 556 1738 Filius
580 1685 633 1735 in
652 1680 836 1735 Patre.
861 1679 1067 1734 Rursus
1093 1678 1292 1733 ibidetn
1322 1698 1334 1733 :
1363 1676 1561 1732 Sancta
1583 1684 1636 1730 et
1665 1675 1817 1729 beata
1841 1673 1963 1727 Tri-

2062 488 2159 557 τῆς
2194 487 2357 555 ἁγίας
2391 484 2785 555 οἶκουμενικῆς
2838 483 3079 552 ἑϐδόμης
3116 478 3334 532 συνόδου
3372 476 3528 530 τοῦτο
3552 477 3639 529 λε-

2058 579 2304 650 γούσηςς
2343 579 2453 633 Καὶ
2488 579 2601 648 γὰρ
2628 577 2765 648 αὐτὴ
2797 577 2885 631 διὰ
2924 574 3200 645 Ταρασίου
3235 572 3330 625 τοῦ
3371 571 3639 642 πατριάρ-

2059 693 2153 745 χου
2187 675 2353 743 φησί·
2389 672 2637 725 Πιστεύω
2674 674 2779 737 ἱκαὶ
2820 671 2901 733 είς
2934 670 2996 721 τὸ
3049 668 3269 733 Πνεῦμα
3305 666 3364 717 τδ
3398 664 3551 731 ἆγιον
3578 663 3640 731 τὸ

2061 770 2124 819 ἐκ
2178 767 2271 818 τοῦ
2328 765 2545 835 Πατρδς
2595 765 2660 818 δι’
2709 763 2841 817 Υίοῦ
2890 756 3347 831 ἐκπορευόμενον,
3380 758 3472 810 xui
3506 755 3639 808 αὐτὸ

2061 859 2193 913 Θεὸν
2223 859 2281 912 ὅν
2312 877 2371 911 τε
2400 862 2493 912 καὶ
2522 859 2944 929 γνωριζόμενον.
2982 856 3041 907 Εἰ
3074 855 3129 907 δέ
3163 870 3305 914 τινες
3329 852 3387 904 τδ
3417 850 3483 903 δι’
3508 849 3637 902 Υίοῦ

2063 950 2121 1003 τὸ
2157 951 2304 1019 μετὰ’
2322 951 2416 1002 τοῦ
2445 948 2577 1002 Υίοῦ
2612 948 2644 1017 ἢ
2680 951 2777 1000 σῦν
2808 945 2885 1015 τῷ
2916 944 3032 1007 Υἱῷ
3056 945 3116 997 τὸ
3148 942 3371 1011 Πνεῦμα
3398 941 3456 994 τὸ
3479 940 3639 1007 ἅγιον
3724 994 3735 1002 ,

2061 1040 2460 1111 ἐκπορεύεσθαι
2506 1041 2781 1106 λέγουσιν,
2828 1038 2888 1091 οὑ
2934 1036 3115 1097 καλῶς
3167 1034 3323 1087 τοῦτο
3370 1031 3637 1102 ἒννοοῦσι.

2062 1132 2201 1202 Φησὶ
2221 1132 2328 1199 γὰρ
2355 1134 2383 1184 ὁ
2412 1131 2554 1193 θεῖος
2595 1128 2918 1190 Ἀθανόισιος
2946 1129 3002 1179 ὲν
3032 1128 3095 1195 τῇ
3127 1124 3263 1193 πρὸς
3314 1121 3639 1193 Σεραπίωνα

2064 1223 2347 1292 ἐπιστολῇ,
2370 1217 2437 1293 ἧς
2471 1224 2502 1291 ὴ
2536 1220 2700 1291 ἀρχὴ,
2727 1220 2807 1272 Τὰ
2862 1219 3165 1287 γράμματα
3200 1214 3301 1283 τῆς
3355 1216 3452 1283 σῆς
3487 1212 3639 1282 ἱερᾶς

2062 1315 2355 1378 διαθέσεως
2382 1333 2396 1347 ο
2443 1315 2531 1368 Ἐν
2564 1312 2643 1382 τῷ
2683 1312 2904 1382 Χριστῷ
2955 1307 3023 1382 ἦν
3070 1309 3130 1361 τὸ
3168 1308 3417 1377 Πνεῦμα,
3448 1305 3642 1373 ὥσπερ

2063 1409 2092 1461 ὀ
2120 1408 2248 1470 Υἱὸς
2280 1408 2338 1460 ὲν
2367 1406 2444 1475 τῷ
2476 1405 2648 1476 Πατρί
2671 1422 2683 1437 ·
2715 1406 2809 1459 καὶ
2840 1403 3003 1457 πάλιν
3030 1407 3085 1456 ἐν
3108 1404 3173 1472 τῇ
3205 1400 3345 1470 αὐτῇ
3367 1416 3380 1430 ⁸
3420 1397 3483 1451 Ἦ
3507 1396 3637 1466 ἁγία

2064 1501 2159 1554 καὶ
2217 1502 2463 1571 μακαρία
2510 1499 2682 1568 Τριὰς
2726 1498 3033 1569 ἀδιαίρετος
3069 1497 3165 1547 καὶ
3212 1493 3467 1564 ἡνωμένη
3504 1490 3643 1557 πρὸς

2067 1592 2266 1662 ἑαυτήν
2302 1594 2441 1653 ἐστι,
2482 1590 2578 1644 καὶ
2608 1590 2906 1659 λεγομένου
2962 1589 3053 1641 τοῦ
3112 1585 3323 1656 Πατρὸς
3377 1583 3643 1653 πρόσεστι

2068 1684 2161 1735 καὶ
2192 1685 2219 1735 ὁ
2245 1680 2439 1734 τούτου
2470 1681 2641 1747 Λόγος
2671 1680 2764 1732 καὶ
2796 1678 2858 1729 τὸ
2889 1680 2948 1729 ὲν
2979 1676 3055 1745 τῷ
3088 1675 3200 1743 Υἱῴ
3236 1670 3456 1740 Πνεῦμα
3480 1685 3494 1701 ο
3549 1668 3643 1720 καὶ⁵

384 1774 786 1830 nitasindirisa
821 1784 873 1826 et
899 1772 1049 1826 unita
1075 1772 1128 1824 in
1163 1787 1221 1826 se
1247 1780 1363 1835 est;
1397 1779 1449 1823 et
1472 1770 1515 1822 si
1550 1770 1674 1837 quis
1697 1768 1953 1823 dicatl’a-

2072 1773 2229 1825 πάλιν
2258 1774 2317 1823 ὲν
2350 1771 2513 1841 ἑτέρᾳ
2548 1769 2810 1839 ἐπιστολῇ
2849 1768 2986 1836 πρὸς
3009 1766 3100 1818 τὸν
3126 1764 3310 1825 αὑτὸν,
3332 1756 3397 1833 ἦς
3421 1761 3455 1831 ἠ
3477 1757 3640 1829 ἀρχὴ,

381 1880 543 1934 trem,
577 1870 631 1921 in
673 1883 737 1922 eo
757 1875 840 1921 est
872 1867 989 1935 ejus
1014 1863 1273 1929 Verbum,
1300 1872 1352 1918 et
1373 1863 1464 1932 qui
1490 1871 1574 1917 est
1606 1863 1657 1915 in
1684 1861 1822 1915 Filio
1843 1861 1967 1930 Spi-

383 1965 544 2017 ritus.
572 1962 630 2017 ltt
656 1962 760 2015 alia
785 1975 1002 2032 quoque
1026 1958 1257 2029 cpistola
1280 1958 1345 2013 ad
1380 1957 1651 2020 eumdem,
1679 1970 1800 2025 quae
1833 1955 1966 2008 inci-

380 2055 484 2123 pit,
510 2051 765 2106 Fertasse
798 2048 1083 2101 miraberis
1107 2063 1121 2098 :
1145 2045 1261 2100 Nou
1284 2046 1427 2100 enim
1454 2057 1562 2107 est,
1593 2045 1790 2114 inquit,
1812 2059 1965 2098 esara

381 2142 619 2199 Verbum
648 2140 909 2210 Spiritus,
940 2141 1036 2192 sed
1069 2152 1192 2192 cum
1221 2138 1272 2190 in
1324 2134 1503 2190 Verbo
1531 2135 1624 2198 sit,
1649 2150 1746 2203 per
1788 2134 1964 2203 ipsum

381 2241 438 2292 in
463 2237 570 2290 Deo
592 2243 696 2290 est.
724 2231 795 2285 Ex
826 2217 1029 2303 quibus
1055 2224 1369 2283 ostendimr
1387 2243 1482 2282 eos
1501 2230 1594 2298 qui
1616 2228 1826 2293 dicunt,
1848 2225 1969 2295 Spi-

381 2332 549 2386 ritum
576 2327 872 2398 procedere
900 2339 995 2393 per
1020 2320 1237 2381 Filium.
1276 2323 1377 2374 hoc
1412 2328 1495 2374 est
1518 2335 1644 2373 cum
1668 2317 1826 2380 Filio,
1859 2318 1967 2371 dis-

380 2422 590 2477 sentire
605 2419 673 2471 ab
701 2417 785 2469 his
814 2416 906 2485 qui
932 2414 1130 2484 prolati
1161 2422 1381 2475 sunt,et
1403 2411 1616 2465 caeteris
1645 2410 1737 2478 qui
1767 2408 1985 2463 similia'

379 2518 593 2577 dicunt,
616 2525 774 2580 quos,
803 2524 868 2561 ne
892 2507 1120 2560 nimium
1149 2506 1238 2569 sit,
1266 2504 1580 2558 omisimus.
1619 2501 1779 2555 Certe
1819 2498 1965 2552 enim

386 2606 579 2662 modus
632 2604 737 2658 iste
781 2600 850 2655 ad
907 2598 1161 2652 unionetn
1211 2597 1391 2665 potius
1442 2610 1602 2666 quam
1658 2594 1724 2647 ad
1771 2594 1969 2648 distin-

382 2701 630 2756 etionem
664 2705 895 2764 spectat.
932 2691 1140 2744 Idcirco
1166 2689 1420 2743 doctores
1460 2686 1717 2741 Ecclesia:
1751 2700 1857 2739 non
1896 2685 1968 2737 ita

383 2794 709 2859 loquuntur,
732 2798 906 2853 neque
931 2784 1003 2835 ita
1026 2783 1130 2835 huc
1154 2778 1490 2848 intelligunt,
1516 2778 1608 2832 sed
1633 2779 1831 2831 dictam
1858 2776 1969 2829 dis-

388 2882 708 2935 tinctionem
727 2873 1091 2933 tradiderunt,
1116 2869 1226 2923 imo
1245 2880 1372 2922 vero
1392 2865 1857 2937 praepositionum,
1878 2878 1970 2931 per

387 2967 920 3033 etex,concordiam
950 2970 1202 3018 statuunt
1227 2978 1242 3026 ;
1267 2973 1470 3029 el,per,
1498 2958 1810 3028 signiﬁcare
1832 2971 1968 3010 cau-

2071 1865 2225 1927 Ἰσως
2254 1864 2582 1933 θαυμάσεις,
2619 1862 2783 1930 φησίν
2809 1875 2823 1889 ⁸
2858 1861 2931 1912 Οὐ
2965 1860 3071 1927 γὰρ
3102 1856 3255 1918 ἐκτός
3281 1857 3398 1905 ἐστι
3430 1850 3522 1906 τοῦ
3544 1849 3643 1903 Λό-

2068 1974 2168 2024 γου
2199 1957 2257 2008 τὸ
2288 1956 2534 2025 Πνεῦμα,
2562 1954 2675 2007 ἀλλ’
2707 1956 2764 2006 ὲν
2808 1952 2887 2022 τῷ
2919 1952 3078 2020 Λόγῳ
3116 1948 3196 2013 ὃν,
3230 1949 3283 1999 ὲν
3318 1945 3394 2016 τῷ
3425 1942 3540 2013 Θεῷ
3573 1943 3646 1995 δι’

2067 2049 2235 2103 αὐτοῦ
2266 2050 2435 2102 ἐστιν.
2463 2048 2628 2101 Ὅθεν
2654 2047 2956 2107 δείκνυται,
2978 2045 3061 2096 ὅτι
3083 2042 3178 2094 τοῦ
3230 2040 3369 2110 μετὰ
3393 2040 3485 2090 τοῦ
3514 2034 3644 2089 Υίοῦ

2066 2144 2099 2214 ἢ
2134 2143 2231 2196 σὺν
2258 2141 2338 2212 τῷ
2365 2139 2482 2206 Υίῷ
2517 2140 2576 2194 τὸ
2614 2138 2839 2208 Πνεῦμα
2872 2134 3293 2206 ἐκπορεύεσθαι,
3325 2134 3386 2187 οὐ
3420 2148 3644 2202 συμφω-

2068 2236 2150 2286 νεῖ
2187 2235 2327 2302 μετὰ
2358 2232 2468 2284 τῶν
2504 2233 2943 2301 προειρημένων,
2991 2231 3086 2281 και
3129 2228 3238 2281 τῶν
3289 2225 3492 2280 λοιπῶν
3536 2222 3647 2276 τῶν

2068 2326 2329 2386 ὡσαύτως
2379 2323 2732 2391 λεγόντων,ἅ
2764 2322 2854 2375 διὰ
2912 2323 2970 2374 τὸ
3019 2321 3226 2391 πλῆθος
3281 2320 3643 2389 παρήκαμεν.

2069 2416 2181 2468 Καὶ
2234 2415 2408 2476 ἄλλως
2450 2416 2478 2466 ό
2511 2414 2716 2484 τρόπος
2761 2408 2917 2474 οὗτος
2967 2412 3216 2475 ἑνὼσεως
3269 2412 3470 2480 μᾶλλόν
3525 2412 3647 2462 ἐστι

2069 2508 2164 2561 καί
2205 2508 2268 2560 οὐ
2301 2505 2627 2577 διακρίσεως
2651 2521 2664 2536 ·
2700 2505 2787 2558 διὰ
2834 2503 2993 2557 ⁶τοῦτο
3024 2505 3071 2557 οἱ
3108 2503 3351 2572 θεολόγοι
3392 2504 3491 2574 τῆς
3527 2503 3650 2555 Ἐκο

2069 2601 2299 2669 κλησίας
2329 2601 2389 2653 οὐ
2424 2601 2676 2669 λέγουσιν
2718 2601 2838 2652 οῦδὲ
2886 2599 3070 2652 νοοῦσι
3104 2598 3263 2650 τοῦτο
3290 2596 3482 2659 οὕτως,
3510 2595 3649 2648 ἀλλὰ

2070 2696 2169 2764 τὴν
2223 2694 2634 2764 προειρημένην
2686 2693 2963 2761 διάκρισιν
3027 2691 3363 2753 ἀποδιδόασι,
3410 2688 3649 2758 μάλιστα

2068 2786 2189 2856 τὴν,
2215 2785 2334 2849 διὰ,
2360 2786 2497 2855 μετὰ
2521 2785 2641 2853 τῆς,
2671 2784 2760 2847 ὲκ,
2785 2785 2959 2835 οίόασι
2982 2781 3320 2851 συμφωνεῖν,
3347 2780 3441 2833 καὶ
3466 2778 3648 2831 αἰτίαν

2068 2877 2274 2945 ταύτην
2299 2875 2546 2946 νομίζειν
2575 2875 2632 2941 ἐξ
2664 2876 2927 2940 ἅπαντος,
2957 2874 3033 2936 ὥς
3071 2890 3238 2942 φησιν
3270 2875 3296 2925 ὁ
3331 2872 3473 2933 θεῖος
3499 2870 3644 2939 Χρυ-

2072 2971 2335 3039 σὸστομος
2368 2972 2423 3021 ὲν
2457 2969 2533 3038 τῷ
2564 2969 2706 3021 κατὰ
2742 2968 3025 3021 Ματοαίον
3054 2968 3110 3019 ὲν
3142 2965 3218 3017 νθ’
3267 2965 3457 3034 ὁμιλίᾳ
3483 2980 3496 2993 ·
3535 2958 3645 3015 οἵδε

388 3083 504 3123 sam
533 3060 760 3117 omnino
805 3057 1150 3114 existimant.
1200 3054 1274 3109 Ita
1298 3055 1518 3109 divinus
1539 3054 1966 3125 (Ihrysostomus

2072 3064 2179 3133 γὰρ
2212 3063 2273 3116 τὸ
2303 3062 2370 3117 δι’
2410 3060 2536 3114 Υίοῦ
2568 3060 2627 3113 τὸ
2658 3059 2746 3128 ὑφ’
2770 3054 2831 3112 οῦ
2860 3060 3041 3127 λέγειν
3075 3061 3104 3128 ἠ
3137 3058 3327 3128 Γραφή
3356 3074 3369 3088 ο
3411 3056 3487 3120 ὡς
3515 3058 3646 3109 ὅταν

384 3155 609 3213 homilia
651 3150 1106 3223 quinquagesima
1143 3164 1287 3201 nona
1322 3148 1377 3201 in
1410 3146 1723 3201 Matthanun
1754 3163 1769 3201 :
1802 3144 1965 3200 Novit

2072 3156 2202 3226 λέγῃ
2224 3172 2237 3186 ·
2284 3152 2663 3223 Ἔκτησάμην
2691 3154 3010 3220 ἄνθρωπον
3038 3149 3135 3204 διὰ
3164 3150 3271 3203 τοῦ
3296 3148 3444 3204 Θεοῦ
3466 3164 3480 3178 ·
3504 3149 3563 3200 οὐ
3586 3147 3650 3201 τὸ

384 3248 530 3303 enim
576 3244 881 3313 Scriptura,
922 3242 1126 3312 inquit,
1168 3239 1286 3293 loco
1322 3239 1488 3307 hujus
1532 3240 1705 3303 vocis,
1751 3239 1830 3292 Ex
1868 3240 1967 3292 ali-

386 3354 517 3410 quo,
555 3337 633 3391 uti
683 3338 786 3389 hac
828 3346 987 3395 voce,
1031 3331 1133 3384 l’cr
1184 3330 1447 3398 aliquem,
1495 3338 1556 3383 ut
1614 3345 1736 3383 cum
1790 3330 1962 3384 dicit:

387 3430 606 3485 Possedi
647 3428 907 3482 hominem
934 3442 1026 3495 per
1064 3424 1229 3478 Deum
1266 3423 1333 3487 ",
1404 3436 1513 3476 non
1560 3420 1964 3484 secundariam,

389 3523 487 3577 scd
554 3521 875 3590 primariam
935 3517 1245 3586 intelligens
1289 3529 1512 3568 causam
1551 3530 1567 3575 ;
1601 3523 1655 3566 et
1712 3527 1905 3566 rursus
1951 3530 1963 3565 :

396 3612 654 3682 Nunquid
674 3628 775 3665 non
796 3627 888 3679 per
906 3608 1071 3662 Deum
1092 3612 1185 3661 cati
1207 3607 1546 3675 nterpretatio
1563 3621 1743 3658 eorum
1771 3601 1814 3633 ³⁸
1831 3604 1852 3656 ?
1873 3613 1928 3656 et
1950 3619 1965 3658 :

399 3707 597 3762 fidelis
642 3706 777 3760 Deus
792 3720 883 3773 per
914 3720 1065 3773 quem
1090 3701 1263 3756 vocati
1291 3701 1415 3753 t’slts
1438 3703 1492 3752 in
1515 3700 1819 3752 societatem
1844 3696 1971 3751 Filii

386 3803 500 3869 ejus
536 3800 598 3855 ¹’.
626 3799 813 3864 Vides,
837 3796 1211 3857 vocemhanc,
1237 3794 1337 3848 Per
1356 3790 1577 3853 Filium,
1598 3800 1783 3858 aperte
1798 3792 1968 3844 deno-

388 3906 506 3948 tare
534 3907 785 3954 causam,
823 3896 880 3941 ut
913 3886 1300 3943 contradicere
1334 3900 1495 3939 nemo
1523 3872 1737 3953 possit?
1768 3880 1969 3938 Verum

389 3996 449 4041 ut
486 3986 750 4054 probetur
793 3979 1096 4044 ellieacius,
1144 3994 1237 4047 per
1269 3986 1320 4031 et
1378 3991 1464 4041 ex,
1502 3977 1576 4030 ita
1625 3975 1854 4029 alteram
1917 3974 1985 4028 iu-

389 4078 625 4134 alterius
665 4073 1125 4141 signiﬁcationem
1162 4071 1423 4140 migrare,
1451 4079 1510 4123 ut
1540 4084 1764 4122 causam
1800 4067 1973 4136 signi—

397 4172 583 4231 ficent,
617 4168 753 4221 alios
775 4180 991 4235 qunque
1016 4171 1240 4217 sanctus
1266 4164 1575 4216 audiamus.
1608 4160 1792 4229 Itaque
1822 4161 1972 4214 Basi-

394 4264 501 4318 lius
530 4259 757 4329 Magnus
789 4258 843 4312 in
870 4255 1160 4326 capitulari
1192 4263 1453 4319 tractatu,
1479 4268 1643 4322 quem
1669 4252 1736 4307 de
1765 4253 1972 4322 Spiritu

391 4361 586 4409 Sancto
618 4349 924 4419 inscripsit,
944 4362 1068 4414 cap.
1100 4345 1153 4409 5,
1181 4345 1340 4413 cujus
1367 4345 1582 4398 initium
1620 4361 1635 4396 :
1674 4341 1799 4397 [hec
1822 4353 1969 4407 sunt,

2067 3248 2320 3318 δεύτερον
2347 3248 2547 3311 αίτιον,
2575 3247 2711 3299 ἀλλὰ
2740 3246 2801 3298 τὸ
2825 3245 3038 3315 πρῶτον
3064 3245 3273 3296 τιθεῖσι
3300 3262 3313 3276 ·
3346 3244 3439 3295 καὶ
3464 3241 3648 3295 πάλιν·

2073 3342 2221 3410 Οὐχὶ
2268 3340 2366 3394 διὰ
2412 3340 2519 3394 τοῦ
2572 3339 2721 3393 Θεοῦ
2754 3339 2790 3405 ἠ
2829 3337 3208 3405 διασάρησις
3253 3333 3452 3390 αὐτῶν
3482 3333 3653 3397 éa'tr;

2070 3433 2184 3491 mi.
2204 3432 2429 3496 Πιστὸς
2454 3434 2486 3483 ὁ
2511 3432 2674 3496 Θεὸς,
2692 3431 2766 3483 δι’
2787 3424 2858 3483 οὗ
2881 3428 3032 3495 ἐκλή
3047 3435 3180 3494 Ἰητε
3200 3430 3286 3493 είς
3311 3426 3650 3480 διακονίαν.

2082 3524 2248 3595 Ὁρᾷς
2282 3526 2364 3586 τὸ,
2389 3523 2456 3576 δι’
2495 3521 2649 3588 Υἱοῦ,
2685 3523 2801 3584 πῶς
2850 3522 3031 3573 αἰτίαν
3066 3520 3323 3590 σημαίνει
3355 3519 3651 3589 προφανῶς

2070 3616 2168 3667 καὶ
2198 3618 2637 3685 ἀναντιῤῥήτωςς
2657 3612 2795 3667 Ἀλλ’
2827 3613 2913 3665 ἵνα
2944 3613 3040 3665 καὶ
3072 3612 3150 3663 ἔτι
3177 3611 3520 3680 βεϐαιότερον
3546 3611 3656 3664 δει-

2072 3708 2200 3778 χθῇ,
2243 3709 2325 3760 ὅτι
2377 3707 2825 3776 ἀντιμεθίσταται
2856 3708 2910 3776 η,
2943 3707 3060 3771 διὰ,
3094 3710 3180 3773 τῇ,
3212 3708 3301 3770 ἐκ,
3332 3707 3424 3759 καὶ
3472 3708 3654 3760 αἰτίαν

2076 3802 2355 3868 σημαίνει,
2385 3798 2495 3851 τῶν
2529 3798 2731 3850 λοιπῶν
2764 3799 2938 3866 ἁγίων
2983 3798 3333 3866 ἀκούσωμεν.
3368 3799 3506 3866 Φησὶ
3538 3800 3653 3867 γὰρ

2073 3893 2101 3944 ὁ
2133 3890 2307 3960 μέγας
2340 3890 2619 3952 Βασίλειος
2651 3890 2708 3941 ὲν
2742 3890 2821 3959 τῷ
2854 3890 3053 3941 οὑτωσί
3079 3906 3194 3951 πως
3228 3889 3655 3959 ἐπιγραφομένῳ

2076 3982 2324 4052 περὶτοῦ
2361 3982 2520 4049 ἁγίου
2573 3982 2893 4050 Πνεῦματος
2944 3980 3311 4049 κεφαλαιώδει
3346 3983 3488 4051 λόγῳ
3525 3997 3649 4048 κεφ.

2076 4081 2136 4136 ε’,
2165 4072 2224 4125 οῦ
2261 4075 2294 4142 ἡ
2331 4073 2493 4143 ἀρχὴ,
2521 4074 2601 4126 Τὰ
2646 4072 2746 4140 μὲν
2781 4072 2845 4141 δὴ
2877 4073 3102 4125 ἐκείνων
3131 4072 3379 4134 τοιαῦτα,
3405 4074 3564 4141 ἡμεῖς
3598 4070 3654 4122 δὲ

2076 4166 2323 4235 δείξομεν
2351 4166 2378 4217 ὃ
2414 4164 2792 4235 προεθέμεθα·
2841 4166 2985 4233 Ἤδη
3021 4165 3074 4216 δὲ
3107 4167 3242 4233 πρὸς
3270 4167 3338 4218 τὰ
3366 4164 3457 4217 ὑπ’
3492 4164 3656 4233 ἀλλή-

2077 4258 2185 4311 λων
2218 4258 2597 4326 σημαινόμενα
2641 4257 2903 4318 πολλάκις
2951 4257 3435 4323 ἀντιμεθίστανται
3469 4259 3500 4327 ἡ
3537 4255 3655 4316 διὰ,

2083 4348 2173 4398 καὶ
2211 4348 2267 4416 ἡ,
2291 4347 2379 4412 ἐκ,
2406 4347 2533 4399 ὅταν
2565 4347 2727 4415 ἑτέρα
2750 4347 2845 4413 τῆς
2875 4346 3065 4414 ἑτέρας
3096 4348 3374 4414 σημασίαν
3400 4345 3659 4413 ἀντιλαμ-

392 4462 515 4519 ῳιίιι
547 4446 615 4499 ab
671 4443 780 4496 illis
808 4441 1090 4502 dicuntur,
1130 4452 1233 4490 nos
1265 4447 1446 4489 autem
1484 4434 1630 4502 quod
1668 4434 1967 4501 proposui‘

2084 4439 2221 4508 δάνῃ
2247 4455 2259 4467 °
2296 4432 2428 4501 οἷον,
2471 4435 2856 4506 Ἑκτησάμην
2884 4436 3202 4505 ἄνθρωπον
3226 4436 3325 4489 διὰ
3350 4436 3454 4490 τοῦ
3482 4436 3656 4490 Θεοῦο

394 4554 541 4602 mus,
572 4534 968 4591 ostendemus:
1000 4526 1121 4581 iam
1155 4540 1308 4587 rem,
1354 4526 1448 4589 ait,
1472 4540 1563 4591 per
1590 4534 1642 4577 et
1675 4539 1761 4585 ex,
1801 4523 1972 4575 altera

396 4631 450 4684 in
476 4627 706 4683 alterius
733 4638 875 4692 sarpe
901 4622 1076 4674 locum
1104 4618 1372 4679 succedit,
1394 4633 1519 4671 cum
1548 4616 1719 4668 altera
1748 4616 1973 4669 alterius

396 4721 546 4776 subit
571 4717 937 4787 signiﬁcatum
968 4728 986 4780 ;
1029 4721 1108 4778 ut,
1135 4710 1353 4766 Possedi
1374 4711 1636 4764 hominem
1666 4725 1758 4779 per
1785 4710 1972 4773 Deum,

397 4811 544 4881 quod
580 4808 806 4878 perinde
844 4819 947 4872 εει,
989 4821 1053 4859 ac
1090 4805 1137 4859 si
1175 4803 1405 4870 diceret,
1441 4803 1512 4855 Ex
1549 4802 1677 4857 Deo.
1710 4801 1773 4854 Et
1802 4802 1929 4853 alibi
1963 4820 1973 4853 :

402 4906 740 4970 Quacunqne
781 4906 1099 4968 praeceperat
1128 4894 1335 4967 Moyses
1360 4893 1534 4948 Israel
1558 4910 1646 4962 per
1668 4892 1976 4945 mandatum

400 4994 634 5049 Domini.
671 4990 732 5047 Et
801 5005 993 5045 rursus
1037 5007 1050 5045 :
1088 4986 1342 5056 Nunquid
1389 5004 1493 5041 non
1537 5002 1626 5054 per
1678 4984 1845 5038 Deum
1902 4993 1978 5035 cst

399 5087 766 5157 interpretatio
799 5085 1032 5138 eorum?
1085 5083 1188 5137 Per
1240 5084 1408 5135 Deum
1467 5080 1608 5133 enim
1643 5068 1975 5142 dixit,'cnm

401 5182 587 5234 dicere
642 5176 824 5239 vellet,
881 5176 961 5228 Ex
999 5173 1130 5228 Deo.
1187 5172 1424 5227 Sanctus
1459 5173 1622 5225 etiam
1655 5169 1891 5241 Cyrillus
1922 5169 1974 5220 in

401 5272 632 5342 epistola
664 5269 729 5324 ad
764 5266 1098 5331 Nestorium,
1123 5280 1245 5335 quia
1271 5264 1461 5334 incipit
1491 5282 1503 5318 :
1539 5262 1787 5329 Intelligo
1818 5275 1981 5331 ques-

404 5364 529 5417 dam
581 5362 720 5415 l‘also
744 5362 1033 5415 detrahere
1056 5374 1187 5412 meae
1208 5356 1598 5411 existimationi
1632 5373 1643 5408 :
1676 5354 1974 5420 Quoniam,

585 5538 625 5567 "
655 5538 788 5591 Gen.
838 5554 910 5605 iv,
954 5542 998 5593 l.
1114 5538 1153 5568 "
1186 5538 1321 5592 Gen.
1349 5552 1435 5601 ιι,
1465 5537 1519 5591 8.

471 5725 549 5797 (ο)
584 5724 656 5779 De
680 5722 781 5792 ﬁde
800 5694 1111 5777 orthodoxa.

1624 5536 1706 5588 "l
1759 5535 1884 5589 Cur.
1926 5552 1961 5596 ι,
1988 5536 2043 5588 9.

2085 4529 2179 4579 καὶ
2199 4528 2445 4609 ἑτέρωθγ
2475 4528 2629 4579 Ὅσα
2654 4527 2993 4580 ἐνετείλατο
3021 4526 3280 4595 Μωῦσῆς
3311 4525 3388 4597 τῷ
3406 4526 3659 4594 Ἰσραὴλ

2083 4619 2184 4673 διὰ
2218 4618 2684 4687 προστάγματος
2716 4619 2937 4686 Κυρίου
2964 4635 2977 4648 ·
3009 4621 3101 4672 καὶ
3133 4619 3297 4671 milvi
3321 4633 3334 4646 °
3362 4620 3509 4686 Οὐχί
3562 4617 3661 4671 διὰ

2086 4711 2193 4766 τοῦ
2225 4711 2373 4765 Θεοῦ
2420 4713 2456 4777 ἡ
2503 4710 2876 4780 διασὰφηοίς
2918 4709 3118 4765 αὐτῶν
3148 4712 3360 4775 ἐστιν;
3391 4712 3512 4762 ἀντὶ
3566 4710 3659 4764 τοῦ

2086 4807 2149 4857 ἐκ
2172 4804 2262 4856 τοῦ
2288 4804 2423 4854 Θεοῦ
2447 4804 2619 4855 εἰπεῖν
2645 4804 2732 4856 διὰ
2772 4802 2866 4855 τοῦ
2892 4802 3026 4855 Θεοῦ
3058 4802 3303 4870 εἴρηκεν.
3345 4804 3405 4853 ὐ
3428 4802 3482 4854 δὲ
3507 4802 3661 4870 ἅγιος

2087 4894 2355 4964 Κύριλλος
2386 4896 2442 4947 ὲν
2466 4898 2532 4965 τῇ
2560 4895 2693 4965 πρὸς
2718 4894 3013 4963 Νεστόριον
3042 4891 3327 4961 ἐπιστολῇ,
3348 4885 3414 4962 ἦς
3438 4894 3471 4962 ὴ
3495 4892 3660 4962 ἁρχὴ,

2088 4986 2550 5056 Καταφλυαροῦσι
2604 4989 2725 5055 μὲν,
2760 4987 2832 5048 ὡς
2885 4984 3162 5053 μανθάνω,
3192 4984 3338 5047 τινὲς
3384 4983 3485 5053 τῆς
3523 4988 3663 5054 ἐμῆς

2086 5079 2429 5150 ὑπολήψεως,
2466 5081 2626 5147 φησίν
2652 5095 2663 5107 ·
2712 5078 2927 5147 Ἐπειδὴ
2958 5078 3135 5146 σάρκα
3162 5076 3344 5129 λαϐὼν
3373 5080 3660 5148 κεχρημά-

2086 5188 2206 5224 τικε
2256 5174 2350 5225 καὶ
2408 5172 2521 5233 υίὸς
2572 5169 2883 5239 ἀνθρώπου.
2915 5171 3213 5236 ἀναγκαῖον
3245 5170 3548 5240 ὁμολογεῖν,
3578 5169 3661 5222 ὅτι

2090 5262 2413 5332 γεγέννηται
2465 5267 2607 5316 κατὰ
2662 5264 2840 5329 σάρκα
2886 5260 2973 5314 διὰ
3022 5262 3312 5328 γυναικός·
3372 5265 3465 5315 καὶ
3522 5264 3660 5329 μετὰ

2093 5355 2331 5425 βραχέαι
2379 5356 2436 5407 '0
2471 5358 2532 5406 ὲκ
2570 5353 2706 5405 Θεοῦ
2760 5354 2970 5421 Πατρὸς
3009 5356 3179 5422 Λόγος
3228 5357 3289 5406 ὲκ
3348 5354 3445 5426 τῆς
3495 5353 3663 5423 ἁγίας

2169 5715 2277 5785 (ιο)
2313 5718 2427 5769 Act.
2452 5713 2504 5780 5,
2542 5713 2594 5766 in
2615 5713 2809 5769 litteris
2829 5712 3064 5772 Tarasii.
