3988 6216
408 337 512 404 151

1398 344 1781 406 GREGURII
1816 346 2118 406 MAMMIE
2159 348 2269 408 (ΞΡ.
2304 348 2819 408 PATHIARCl-l/E

3568 344 3671 411 1-52

412 473 559 523 esse,
610 458 706 513 sed
769 458 913 525 dici;
968 460 1108 515 alias
1139 475 1288 527 esse,
1324 463 1418 517 sed
1470 477 1578 518 non
1609 465 1753 528 dici;
1782 472 1976 521 rursus

2085 467 2205 522 οὕτε
2238 469 2375 530 ἐστὶ,
2397 465 2525 520 οὔτε
2550 467 2791 534 λέγεται·
2818 464 2890 517 τὰ
2915 464 2969 517 δὲ
3002 465 3193 534 ἄμφω,
3212 463 3310 517 καὶ
3333 463 3564 519 ἐστικαὶ
3585 464 3672 516 λέ-

405 548 619 620 aliquas
639 565 739 605 nec
770 564 916 614 esse,
950 566 1052 605 nec
1081 550 1191 606 dici
1215 570 1228 616 ;
1259 553 1475 623 aliquas
1503 568 1634 609 vero
1659 566 1974 627 utrumque,

403 650 461 696 et
485 657 608 697 esse
634 650 687 694 et
719 641 853 697 dici.
906 641 1061 696 Sicut
1098 644 1245 697 enim
1284 644 1371 698 hic
1426 648 1770 715 apertissime
1796 647 1977 702 decla-

401 733 547 787 ravit
574 774 589 797 ,
630 748 737 787 non
772 734 876 788 dici
904 735 1301 805 Cliristiparam
1337 749 1560 806 propter
1584 737 1895 794 Nestorium
1926 748 1981 793 et

398 832 700 876 seetatores
729 824 871 891 ejus,
930 841 1037 877 non
1074 827 1221 895 quod
1253 843 1314 879 ea
1347 843 1454 880 non
1490 829 1594 894 sit;
1646 830 1719 882 ita
1755 840 1991 901 propter

397 912 730 968 Ennomiuin
750 926 1084 970 asserentem
1114 934 1177 971 ex
1212 920 1329 973 solo
1359 917 1494 973 Filio
1518 935 1640 975 esse
1668 922 1933 990 Spiritum
1963 942 1989 980 τ’

397 1006 473 1058 Ex
517 1004 675 1069 Filio,
714 1006 912 1075 inquit,
967 1006 1230 1074 Spiritum
1288 1012 1680 1068 nondieimus.
1727 1015 1784 1068 Si
1834 1018 1977 1070 enim

396 1098 625 1149 sentiret
660 1097 811 1151 illum
846 1114 873 1150 a
902 1097 1041 1152 Filio
1072 1116 1176 1153 non
1212 1116 1357 1166 esse,
1387 1104 1460 1155 ita
1492 1107 1710 1161 loeutus
1736 1117 1886 1161 esset
1914 1109 1980 1162 de

396 1188 521 1253 hoc,
547 1190 691 1240 sicut
718 1188 795 1242 ait
826 1190 894 1244 de
946 1191 1117 1255 Filio;
1169 1193 1367 1247 Filium
1421 1211 1548 1251 vero
1605 1214 1707 1253 nec
1741 1199 1980 1269 Spiritus

312 1286 333 1319 ς·
393 1292 519 1332 esse
551 1278 810 1344 dicimus,
844 1297 1022 1351 neque
1048 1282 1114 1337 de
1145 1282 1386 1352 Spiritu;
1422 1274 1980 1356 quemadmodum-et

394 1370 694 1441 Gregorius
741 1373 1023 1443 Nyssenus
1053 1376 1131 1428 ait
1159 1395 1171 1429 :
1207 1376 1378 1432 Filius
1416 1388 1599 1435 autem
1631 1397 1755 1436 cum
1782 1398 1847 1438 ex
1873 1386 1983 1441 Deo

394 1466 493 1529 sit,
528 1479 629 1519 nec
661 1474 769 1532 est,
801 1482 905 1521 nec
935 1468 1141 1522 dicitur
1171 1469 1342 1524 Filius
1364 1472 1640 1541 Spiritus;
1698 1466 1797 1531 nec
1832 1482 1979 1534 rela-

394 1555 501 1607 tiva
547 1556 661 1610 haec
696 1561 1090 1628 consequentia
1111 1565 1477 1619 convertitur.
1507 1565 1815 1623 Notandum
1844 1586 1983 1641 quo-

391 1660 499 1707 que
531 1644 663 1698 illud
704 1646 979 1712 :Quaudo
1012 1651 1158 1705 enim
1209 1653 1587 1711 Damascenus
1637 1660 1853 1729 inquit,
1900 1662 1981 1717 Ex

392 1733 457 1787 Fi
483 1735 534 1788 i0
556 1751 664 1789 non
692 1738 949 1805 dicimus,
1010 1757 1121 1796 non
1149 1744 1296 1798 sistit
1344 1746 1459 1800 illic
1497 1763 1835 1819 sermonem,
1879 1755 1972 1810 sed

2087 576 2248 627 γεται
2275 576 2289 590 ⁸
2322 558 2650 628 ὥσπερργὰρ
2682 555 2920 612 ἐνταῦθα
2950 555 3267 624 σαφέστατα
3291 554 3551 624 ἐδήλωσε,
3578 554 3669 606 διὰ

2083 652 2171 703 τὸν
2214 651 2509 721 Νεστόριον
2540 649 2637 701 καὶ
2668 648 2796 708 τοὺς
2851 648 2973 699 κατ’
3008 647 3169 699 αὑτὸν
3203 646 3571 714 Χριστατόκον
3606 645 3672 697 οὔ

2084 742 2335 810 λέγομεν,
2365 742 2427 793 οὐ
2461 739 2551 792 διὰ
2584 738 2647 791 τὸ
2674 737 2749 807 μὴ
2776 734 2918 789 εἶναι
2938 753 2952 768 ·
2987 735 3131 789 οῦτω
3162 737 3256 788 καὶ
3280 734 3367 787 διὰ
3394 736 3487 787 τὸν
3510 733 3677 786 Εὐνό-

2088 852 2211 905 μιον
2243 834 2492 899 λέγοντα,
2524 832 2584 882 ἐκ
2614 830 2777 897 μόνου
2804 829 2897 881 τοῦ
2926 828 3055 881 Υἱοῦ
3082 823 3222 880 εἶναι
3248 827 3307 878 τὸ
3338 826 3583 894 Πνεῦμα,
3610 829 3675 878 ἐκ

2084 926 2179 979 τοῦ
2214 926 2366 990 Υῑοῦ,
2392 924 2549 993 φησὶ,
2580 923 2642 975 τὸ
2671 920 2893 991 Πνεῦμα
2928 921 2988 973 οὐ
3014 920 3268 989 λέγομεν.
3298 919 3360 972 Ei
3391 921 3497 986 γὰρ
3533 918 3672 988 ᾔδει,

2097 1020 2180 1072 ὅτι
2229 1018 2329 1070 οὐκ
2380 1016 2528 1069 ἔστιν
2554 1059 2568 1082 ,
2611 1015 2798 1083 ἔλεγεν
2835 1014 2901 1068 ἂν
2937 1014 3032 1068 καὶ
3068 1015 3196 1082 περὶ
3224 1012 3437 1075 τούτου,
3484 1011 3675 1078 ὥσπερ

2084 1110 2231 1178 λέγει
2282 1109 2379 1162 καὶ
2431 1108 2564 1176 περὶ
2610 1106 2721 1163 ,τοῦ
2773 1105 2943 1167 Υἱοῦ,
2995 1105 3088 1157 τὸν
3128 1105 3185 1157 δὲ
3240 1104 3366 1156 Υἰδν
3404 1102 3528 1155 οῦτε
3576 1101 3672 1155 τοῦ

2088 1202 2411 1271 Πνεύματος
2449 1201 2705 1268 λέγομεν,
2750 1197 2876 1251 οὕτε
2921 1198 3027 1268 μὴν
3077 1199 3143 1250 ἐκ
3172 1196 3264 1248 τοῦ
3315 1197 3672 1263 Πνεύματοςο

2032 1362 2035 1365 γ
2087 1295 2161 1357 ὼς
2202 1295 2295 1347 καὶ
2349 1295 2376 1345 ὁ
2430 1292 2649 1357 Νύσσης
2684 1291 2987 1361 Γρηγὸριός
3032 1306 3220 1358 φησιν·
3263 1288 3321 1341 '0
3353 1288 3408 1340 δὲ
3458 1288 3584 1349 Υἱὸς
3611 1289 3673 1339 ὲκ

2083 1388 2177 1439 τοῦ
2213 1385 2349 1439 Θ;οῦ
2401 1386 2477 1437 ὢν
2504 1424 2519 1447 ,
2552 1385 2652 1437 οὐκ
2688 1384 2805 1436 ἐστι
2863 1384 2957 1435 καὶ
2994 1382 3089 1435 τοῦ
3144 1380 3463 1450 Πνεύματρς
3492 1421 3506 1438 .
3547 1380 3674 1433 οὔτε

2085 1481 2236 1533 ἐστὶν
2293 1477 2418 1531 οὔτε
2480 1477 2727 1545 λέγεται,
2787 1477 2912 1530 οὐδὲ
2954 1475 3383 1543 ἀντιστρέφειή
3442 1476 3671 1543 σχετικὴ

2085 1571 2378 1625 ἀκολουθία
2413 1570 2578 1641 αῦτη.
2632 1571 2949 1640 Σημεῖωσαι
3005 1570 3100 1622 καὶ
3132 1569 3343 1629 ἄλλως*
3381 1567 3514 1619 ὅταν
3564 1567 3672 1636 γάρ

2086 1677 2281 1730 φησιν,
2324 1659 2419 1714 Ἐκ
2445 1660 2541 1714 τοῦ
2582 1661 2716 1714 Υἱοῦ
2765 1661 2828 1712 οὐ
2870 1659 3128 1726 λέγομεν,
3162 1659 3223 1710 οὗ
3259 1660 3421 1727 μέχρι
3474 1656 3669 1711 τούτου

2091 1756 2334 1818 ἵσταται,
2372 1755 2489 1808 ἀλλ’
2515 1754 2678 1816 εὐθὺς
2712 1755 3079 1820 συνημμένως
3132 1752 3409 1818 ἐπιφέρει,
3442 1751 3541 1802 Διὰ
3574 1749 3671 1803 τοῦ

391 1830 660 1883 continuo
682 1829 871 1895 infert,
898 1832 999 1887 Per
1021 1834 1260 1902 Filium;
1285 1854 1408 1893 nam
1430 1839 1623 1896 Rerum
1646 1845 1974 1916 divinarum,

2085 1847 2220 1901 Υἱοῦ
2246 1865 2258 1879 ο
2294 1849 2431 1917 Φησὶ
2466 1848 2573 1915 γὰρ
2604 1846 2700 1900 καὶ
2726 1849 2781 1897 ἐν
2810 1843 2887 1913 τῷ
2919 1840 2986 1909 ιγ’
3015 1842 3124 1895 τῶν
3155 1841 3552 1911 Θεολογικῶν·
3594 1843 3668 1895 Τὸ

393 1933 515 1986 cap.
586 1920 669 1984 l3,
725 1920 987 1990 Spiritus,
1022 1929 1220 1997 inquit,
1254 1944 1480 1987 sanctus
1531 1936 1770 2005 Spiritus
1798 1950 1881 1993 est
1912 1957 1977 1995 ex

392 2007 555 2064 Patre
598 2015 924 2081 procedens,
982 2021 1131 2073 nulla
1181 2024 1325 2077 enim
1366 2027 1540 2081 motio
1582 2029 1704 2084 sine
1736 2030 1971 2101 Spiritu;

390 2098 514 2153 Filii
575 2118 791 2174 quoque
828 2119 912 2162 est
954 2108 1214 2179 Spiritus,
1266 2132 1373 2170 non
1419 2129 1475 2171 ut
1510 2134 1578 2173 ex
1620 2098 1890 2189 ipsoised
1920 2136 1978 2179 ut

392 2206 490 2260 per
516 2195 690 2264 ipsum
734 2213 799 2252 ex
832 2199 991 2257 Patre
1021 2207 1345 2272 procedens.
1372 2210 1726 2281 Perspectum
1772 2219 1976 2286 quippe

390 2296 510 2340 erat
541 2299 734 2345 sancto
768 2291 938 2360 Patri,
966 2298 1169 2369 quippe
1192 2310 1251 2354 ut
1283 2304 1457 2371 perito
1504 2306 1807 2364 Graecanici
1841 2311 1979 2365 idio-

392 2381 558 2436 matis
605 2398 672 2437 ea:
735 2390 1179 2456 praepositionem
1256 2396 1574 2465 ubicunque
1636 2402 1972 2469 apponitur.

394 2471 528 2524 nihil
563 2473 881 2544 significare,
902 2482 1189 2545 anterius;
1220 2486 1316 2539 sed
1353 2487 1599 2541 indicare
1635 2491 1788 2557 illud,
1823 2493 1971 2546 unde

394 2562 566 2625 prima
608 2565 787 2635 origo,
820 2568 1004 2639 ibique
1055 2575 1248 2629 sistere
1274 2585 1511 2631 mentem
1564 2581 1976 2650 auditoris;per

390 2652 547 2719 rem,
585 2656 675 2710 ubi
734 2662 981 2728 ponitur,
1025 2664 1293 2721 den0tare
1345 2672 1575 2725 omnino
1640 2675 1972 2743 principium

396 2743 545 2801 aliud
584 2750 856 2821 originale
887 2761 943 2807 et
975 2756 1328 2824 primarium.
1362 2760 1476 2815 Hac
1506 2764 1574 2817 de
1606 2779 1774 2819 causa
1813 2777 1974 2837 negat

393 2853 522 2894 esse
552 2840 869 2910 dicendum,
921 2845 999 2899 Ex
1052 2848 1227 2915 Filio;
1285 2850 1390 2907 Per
1448 2853 1648 2908 Filium
1680 2873 1811 2911 vero
1841 2873 1976 2913 sane

390 2944 556 2995 quam
588 2934 934 3001 comprobat.
988 2938 1065 2991 Ex
1101 2939 1264 3004 Filio,
1301 2942 1504 3012 inquit,
1558 2961 1665 2999 non
1707 2947 1973 3014 dicimus;

352 3034 501 3083 ,non
535 3021 703 3088 dicit,
735 3023 797 3078 Et
824 3041 887 3080 ex
926 3026 1064 3083 Filio
1100 3047 1208 3085 non
1246 3032 1506 3100 dicimus,
1534 3038 1719 3093 addita
1749 3043 1977 3112 copula.

2085 1942 2310 2011 Πνεῦμα
2344 1943 2403 1993 τὸ
2434 1941 2590 2006 ἆγιον
2630 1937 2853 2007 Πνεῦμα
2882 1938 2946 1989 ἐκ
2978 1934 3072 1987 τοῦ
3122 1933 3335 2001 Πατρός
3368 1934 3667 2002 ἐκπορευό·

2087 2053 2271 2105 μενον,
2307 2034 2536 2102 οὐδεμία
2565 2032 2674 2101 γὰρ
2708 2031 2851 2100 ὁρμὴ
2879 2030 3007 2083 ἄνευ
3042 2027 3382 2095 Πνεῦματος·
3413 2029 3507 2079 καὶ
3532 2025 3666 2079 Υίοῦ

2081 2129 2136 2182 δὲ
2161 2126 2411 2195 Πνεῦμα,
2445 2125 2544 2195 οὐχ
2576 2124 2651 2187 ὡς
2686 2120 2746 2187 ἐξ
2780 2119 2973 2184 αὑτοῦ,
3008 2119 3123 2171 ἀλλ’
3156 2118 3232 2179 ὡς
3275 2117 3344 2169 δι’
3396 2117 3569 2171 αὑτοῦ
3600 2118 3664 2167 ἐκ

2081 2220 2176 2272 τοῦ
2209 2219 2423 2287 Πατρὺς
2453 2216 2914 2286 ἐκπορευόμενον.
2949 2207 3074 2264 Οἵδε
3117 2210 3225 2278 γὰρ
3267 2210 3294 2261 ὁ
3321 2209 3478 2275 ἆγιος
3502 2210 3669 2278 ἀκρι-

2082 2310 2216 2371 ϐὡς,
2270 2307 2344 2369 ὡς
2401 2308 2728 2373 ἐπιστήμων
2784 2303 2885 2371 τῆς
2947 2300 3274 2369 Ἑλληνικῆς
3332 2297 3549 2364 σοφίας,
3588 2296 3666 2358 ὡς

2080 2403 2215 2453 ὅπου
2242 2400 2306 2452 ἂν
2344 2399 2553 2450 τίθεται
2608 2399 2663 2467 ή,
2706 2395 2798 2459 ἐκ,
2862 2394 3143 2463 πρόθεσις,
3174 2392 3451 2462 ὰνώτερόν
3493 2407 3546 2441 τι
3596 2390 3660 2441 οὐ

2082 2495 2258 2565 ζητεῖ,
2294 2493 2411 2546 ἀλλ’
2438 2492 2646 2545 ἐκεῖθεν
2684 2490 2797 2559 ἔχει
2838 2490 2938 2556 τὴν
2975 2487 3202 2557 πρώτην
3233 2484 3432 2555 ἀρχὴν,
3469 2484 3657 2536 κάκεῖ-

2083 2606 2138 2641 σε
2174 2589 2353 2655 ἵστησι
2386 2586 2476 2638 τὸν
2511 2583 2813 2655 ἀκροατήν
2865 2583 2897 2651 ή
2928 2581 3008 2644 δὲ,
3061 2580 3180 2643 διὰ,
3222 2578 3481 2645 πρόθεσις
3529 2575 3662 2628 ὅπου

2082 2682 2147 2734 ἂν
2178 2677 2483 2743 τίθεται,ὲξ
2514 2678 2757 2737 ἅπαντος
2790 2677 2986 2744 ἑτέραν
3017 2672 3270 2739 ἐπιζητεί
3298 2672 3395 2738 τὴν
3425 2673 3659 2738 ἅρχοει-,

2078 2774 2141 2839 δῇ
2173 2774 2268 2824 καὶ
2301 2769 2811 2841 προκαταρκτικὴν.
2844 2767 3049 2820 Τούτου
3078 2765 3172 2817 οὖν
3198 2766 3358 2833 χάριν
3394 2763 3452 2815 τὸ
3478 2766 3540 2814 ἐκ
3567 2761 3681 2814 τοῦ

2082 2864 2212 2918 Υξοῦ
2264 2865 2617 2932 ἀπαρνεῑται,
2653 2862 2712 2914 τὸ
2734 2862 2791 2915 δὲ
2825 2861 2892 2913 δι’
2922 2860 3078 2923 Υῑοῦ,
3113 2859 3209 2910 καὶ
3246 2858 3387 2910 πάνυ
3425 2855 3659 2910 τίθεται.

2092 2958 2185 3010 Ἐκ
2212 2956 2304 3010 τοῦ
2336 2955 2465 3009 Υἰοῦ
2496 2958 2557 3010 οὐ
2591 2955 2850 3023 λέγομεν,
2898 2952 3085 3023 φησίνο
3118 2952 3179 3005 οὐ
3208 2951 3315 3020 γὰρ
3347 2949 3524 3016 λέγει,
3554 2949 3659 3009 ὅτι,

2079 3052 2189 3105 Καὶ
2226 3054 2291 3105 ἐκ
2344 3051 2437 3105 τοῦ
2465 3048 2597 3102 Υιοῡ
2635 3050 2694 3101 οὺ
2737 3047 3008 3116 λέγομεν,
3047 3046 3187 3116 μετὰ
3218 3043 3335 3107 τοῦ,
3363 3043 3483 3107 καὶ,
3523 3059 3662 3109 cup.-

391 3112 500 3167 tiva
528 3116 922 3185 conjunctione
953 3123 1136 3184 et,sed
1157 3124 1235 3179 Ex
1256 3126 1395 3183 Filio
1419 3144 1526 3185 non
1545 3132 1812 3200 dicimus;
1846 3151 1970 3188 nam

2085 3140 2378 3196 πλεκτικοῦ
2438 3141 2767 3208 συνδέσμου,
2822 3136 2962 3202 ἀλλ’,
3012 3137 3107 3189 Ἐκ
3141 3135 3235 3188 τοῦ
3281 3133 3437 3192 Υἱοῦ,
3473 3133 3658 3204 φησὶν,

392 3206 711 3274 conjunctiu
752 3221 821 3274 et,
854 3213 1013 3268 sicuti
1053 3224 1108 3272 et
1153 3233 1265 3285 per,
1304 3222 1564 3291 quiddam
1613 3226 1779 3280 etiam
1827 3228 1975 3282 aliud

392 3300 625 3365 quaerit;
674 3303 1234 3378 conjunctionemque
1289 3313 1450 3367 aliam
1498 3325 1570 3378 et,
1630 3318 1978 3389 pr'eintelligi

395 3388 627 3445 indicat.
668 3391 737 3446 Et
770 3395 914 3461 vide,
956 3408 1017 3452 ut
1074 3402 1327 3471 exemplo
1363 3407 1742 3475 antiquiorum
1791 3388 1981 3466 docto-

404 3497 522 3535 rum
557 3494 611 3538 et
649 3486 766 3554 ipse
803 3488 975 3553 dicat,
1020 3491 1123 3546 Per
1173 3492 1396 3551 Filium.
1444 3498 1535 3551 Ait
1585 3500 1730 3554 enim
1766 3501 1983 3570 :Spiri-

398 3584 490 3631 tus
513 3589 742 3635 sanctus
779 3583 1185 3641 manifestativa
1216 3589 1299 3644 vis
1335 3593 1571 3647 occultas
1622 3592 1805 3649 Patris
1840 3596 1981 3649 divi-

405 3669 621 3738 nitatis,
649 3676 955 3741 procedens
975 3686 1146 3733 estex
1170 3677 1334 3733 Patre
1366 3696 1463 3750 per
1482 3681 1704 3747 Filium,
1744 3694 1803 3737 ut
1832 3688 1982 3740 novit

399 3762 543 3829 ipse.
577 3764 834 3823 Rursus:
870 3770 993 3837 ipse
1031 3770 1223 3840 igitur,
1259 3788 1454 3843 nempe
1486 3775 1669 3845 Pater,
1693 3786 1779 3831 est
1804 3793 1979 3845 mens,

400 3848 565 3908 Verbi
592 3855 844 3926 abyssus,
876 3856 1039 3914 Verbi
1059 3862 1294 3928 genitor,
1324 3879 1529 3934 perque
1552 3865 1788 3921 Verbum
1811 3866 1986 3937 Spiri-

403 3953 495 3998 tus
564 3946 963 4003 manifestativi
1021 3951 1347 4020 productor.
1420 3953 1613 4024 Itaque
1664 3960 1757 4027 qui
1787 3960 1982 4015 dicunt

400 4037 843 4106 prapositionem
898 4056 991 4108 per
1044 4046 1188 4097 sumi
1236 4044 1361 4100 loco
1392 4049 1802 4116 praepositionis
1842 4070 1982 4121 cum,

401 4127 713 4200 intelligant
750 4140 805 4186 et
860 4132 1139 4189 fateantur
1177 4137 1281 4193 hoc
1316 4139 1440 4194 loco
1478 4141 1667 4208 etiam,
1717 4157 1981 4212 mentem,

400 4220 568 4276 Verbi
606 4223 890 4294 abyssum,
939 4225 1105 4282 Verbi
1162 4232 1468 4299 genitorem
1505 4249 1614 4289 una
1649 4250 1776 4289 cum
1798 4234 1985 4292 Verbo

400 4312 706 4381 producere
737 4315 1029 4385 Spiritum.
1063 4318 1285 4386 Verum,
1320 4332 1378 4376 ut
1402 4335 1556 4393 puto,
1592 4341 1701 4381 non
1734 4326 1985 4383 fatebun-

400 4415 514 4459 tur.
556 4406 737 4476 Atque
798 4408 927 4464 hinc
980 4411 1133 4466 falsa:
1159 4417 1529 4483 expositionis
1576 4418 1855 4474 inventum
1901 4437 1986 4475 re-

399 4498 724 4567 darguetur.
755 4500 873 4556 Non
912 4504 1056 4557 enim
1094 4505 1296 4560 frustra
1333 4519 1583 4571 sanctus,
1612 4510 1705 4567 ubi
1731 4525 1985 4581 negasset
2017 4507 2059 4559 D

401 4590 850 4661 przrpésilionem
910 4610 998 4657 ex,
1033 4596 1219 4649 iutuiit
1250 4613 1380 4665 per;
1412 4599 1512 4654 sed
1554 4601 1626 4655 ob
1666 4604 1982 4670 praedictam

401 4698 655 4748 causam,
699 4686 764 4739 ad
803 4685 1171 4742 refellendum
1201 4691 1412 4746 scilicet
1449 4693 1775 4749 Eunomiuni
1818 4706 1871 4751 et
1900 4714 1986 4753 se-

402 4788 632 4844 quaces.
671 4776 769 4845 qui
822 4776 1086 4848 Spiritum
1139 4798 1205 4836 ex
1261 4785 1380 4837 solo
1430 4786 1568 4841 Filio
1620 4787 1983 4844 affirmabant.

403 4866 567 4921 Novit
590 4869 738 4924 enim
765 4871 883 4939 ipse
921 4869 1190 4941 Spiritum
1224 4887 1477 4931 sanctum
1509 4880 1892 4947 procedentem
1915 4897 1981 4935 ex

400 4963 568 5018 Patre
600 4980 698 5033 per
729 4964 963 5033 Filium;
995 4975 1162 5037 atque
1194 4971 1267 5024 ita
1292 4971 1361 5025 de
1384 4988 1451 5027 eo
1483 4973 1721 5041 disserit,
1748 4987 1806 5029 ut
1834 4986 1987 5045 patet

401 5072 468 5111 ex
513 5057 651 5113 locis
673 5057 784 5125 jam
819 5058 1025 5125 citatis,
1076 5071 1131 5115 et
1168 5078 1231 5116 ex
1271 5062 1513 5133 bymnis,
1547 5082 1686 5141 quos
1722 5069 1835 5135 ipse
1874 5069 1978 5121 Do-

402 5149 556 5204 mino
586 5150 1125 5218 canit:Pr0pitinm,
1152 5153 1351 5223 inquit.
1383 5157 1583 5227 largire
1616 5160 1774 5212 nobis
1806 5161 1984 5228 Spiri-

403 5251 518 5296 tum
574 5259 605 5298 a
637 5259 747 5315 quo
803 5244 1024 5299 bonitas
1073 5258 1314 5311 emanat,
1354 5257 1407 5304 et
1443 5266 1504 5304 ex
1565 5250 1725 5307 Patre
1779 5268 1877 5323 per
1934 5263 1984 5308 te

403 5337 819 5403 procedentem.
878 5339 952 5392 lta
999 5339 1160 5409 plane
1194 5356 1293 5395 nos
1346 5357 1566 5411 quoque
1630 5344 1869 5400 fatemur
1924 5356 1985 5403 nt

405 5428 649 5497 Spiritus
704 5449 769 5486 ex
827 5433 968 5489 Filio
1033 5448 1383 5505 nequaquam
1429 5437 1834 5507 principaliter,
1887 5440 1981 5493 sed

402 5522 568 5574 etiam
596 5538 661 5575 ex
697 5525 817 5592 ipso
864 5527 1105 5581 dicatur.
1146 5527 1454 5583 Fatendum
1490 5533 1693 5602 quippe
1740 5542 1846 5598 est,
1886 5549 1983 5602 pa-

404 5621 620 5667 ternam
648 5613 987 5685 hypostasim
1016 5637 1140 5678 esse
1163 5623 1497 5693 principium
1526 5635 1573 5679 et
1609 5640 1831 5681 causam
1857 5626 1979 5680 Filii

397 5712 453 5757 et
486 5703 757 5774 Spiritus;
806 5708 1006 5765 Filium
1056 5729 1189 5770 vero
1245 5716 1602 5785 primordiale
1652 5717 1979 5786 principium

284 5799 288 5802 ’
398 5796 826 5869 haudquaquam
883 5800 1220 5873 fatebimur,
1278 5824 1375 5865 nec
1436 5809 1683 5867 dit-ciuus
1715 5811 1976 5879 Spiritum

2082 3236 2143 3287 οὐ
2194 3234 2446 3302 λέγομεν.
2488 3234 2548 3285 '0
2604 3234 2736 3301 γὰρ,
2773 3230 2895 3295 arat,
2945 3228 3245 3297 σύνδεσμος
3298 3227 3395 3283 καὶ
3427 3226 3558 3279 ἄλλο
3604 3243 3658 3277 τι

2083 3329 2253 3395 ζητεῖ,
2307 3327 2498 3394 ὥσπερ
2533 3326 2629 3377 καὶ
2672 3328 2725 3394 ἡ,
2758 3321 2877 3387 διὰ,
2930 3321 3213 3392 πρόθεσις,
3266 3320 3365 3373 καὶ
3420 3335 3658 3389 «poem-

2083 3419 2376 3488 νοούμενον
2427 3418 2540 3488 ἔχει
2591 3416 2702 3477 τὸν,
2762 3414 2885 3479 καὶ,
2942 3413 3260 3482 σύνδεσμον.
3305 3413 3449 3482 Ὅρα
3495 3411 3553 3464 δὲ
3600 3411 3661 3464 τδ

2082 3511 2181 3562 Διά
2211 3510 2303 3562 τοῦ
2337 3509 2484 3573 Υἱοῦ,
2523 3509 2671 3571 ὅπως
2702 3507 2969 3578 ἑπόμενος
3004 3508 3116 3567 τοῖς
3164 3504 3375 3566 λοιποῖς
3423 3502 3528 3573 πρὸ
3563 3502 3663 3555 αῦ-

2082 3604 2175 3657 τοῦ
2202 3602 2378 3670 ἁγίοις
2410 3601 2559 3668 λέγει
2588 3616 2602 3629 ο
2640 3601 2776 3669 φησὶ
2822 3600 2932 3669 γάρ
2957 3614 2972 3631 ³
3031 3598 3091 3650 τὸ
3132 3595 3354 3666 Πνεῦμα
3387 3596 3448 3647 τὸ
3481 3595 3673 3663 ἅγιον,⁸

2082 3700 2115 3766 ή
2156 3696 2529 3765 ὲκφαντορικὴ
2576 3694 2673 3745 τοῦ
2712 3692 2945 3762 κρυφίου
2983 3692 3083 3760 τῆς
3128 3690 3384 3759 θεότητος
3428 3686 3661 3755 δύναμις

2082 3789 2177 3842 τοῦ
2202 3789 2438 3856 Πατρὸς.
2470 3788 2535 3839 ἐκ
2567 3785 2779 3856 Πατρός
2807 3786 2924 3837 ἐστι
2955 3783 3023 3837 δι’
3057 3782 3186 3836 Υἱοῦ
3217 3781 3655 3851 ἐκπορευομένη,

2084 3881 2161 3943 ὡς
2202 3876 2333 3933 οἶδε.
2386 3880 2498 3933 Καὶ
2530 3878 2714 3932 πάλιν⁶
2751 3876 2925 3938 Αὐτὸς
2957 3876 3054 3945 μέν
3079 3877 3200 3928 ἐστι
3232 3874 3381 3936 νοῦς.
3410 3875 3438 3925 ὁ
3471 3871 3660 3938 Πατὴρ

2084 3973 2269 4041 δῆλον,
2310 3972 2488 4037 Λόγου
2542 3970 2806 4031 ἄϐυσσος,
2846 3969 3025 4036 Λόγου
3076 3967 3382 4036 γεννήτωρ,
3435 3966 3530 4016 καὶ
3573 3962 3664 4015 διὰ

2084 4066 2260 4132 Λόγου
2288 4064 2590 4134 προϐολείις
2622 4058 3027 4131 ἐκφαντορικοῦ
3057 4059 3395 4128 Πνεῦματος.
3437 4058 3500 4110 0i
3530 4054 3663 4123 γοῦν

2084 4157 2353 4225 λέγοντες,
2383 4155 2464 4207 ὅτι
2500 4156 2558 4222 ή,
2612 4153 2712 4207 διὰ
2745 4192 2759 4217 ,
2795 4151 3054 4222 πρόθεσις
3108 4151 3231 4203 ἀντὶ
3293 4150 3390 4216 τῆς
3417 4188 3432 4213 ,
3468 4148 3619 4216 μετὰ
3644 4185 3661 4208 ,

2088 4252 2406 4321 προθέσεως
2444 4249 2808 4318 λαμϐάνεται,
2860 4247 2956 4299 καὶ
3005 4246 3126 4314 τῆς.
3187 4243 3332 4307 σὺν,
3366 4241 3665 4295 νοείτωσαν

2086 4344 2184 4396 καὶ
2239 4343 2551 4409 λεγέτωσαν
2609 4342 2707 4393 καὶ
2748 4337 3007 4403 ἐνταῦθα,
3060 4338 3144 4389 ὅτι
3188 4337 3217 4388 ὀ
3247 4333 3373 4397 νοῦς
3416 4334 3445 4386 ὁ
3485 4332 3664 4401 Λόγου

2087 4437 2164 4488 ὢν
2196 4435 2453 4498 ἄϐυσσος,
2499 4434 2526 4485 ὁ
2560 4434 2739 4501 Λόγου
2796 4431 3083 4501 γεννήτωρ
3133 4428 3275 4499 μετὰ
3325 4425 3424 4480 τοῦ
3486 4424 3664 4491 Λόγου

2091 4527 2386 4600 προϐάλλει
2423 4527 2482 4579 τὸ
2525 4526 2750 4595 Πνεῦμα
2773 4566 2787 4589 ,
2834 4524 2867 4595 ἢ
2904 4524 3003 4577 σὺν
3039 4522 3116 4592 τῷ
3150 4522 3310 4591 Λόγῳ
3343 4519 3665 4590 προϐάλλει.

2102 4622 2244 4676 Ἀλλ’
2284 4621 2345 4674 οὐ
2372 4621 2720 4690 θελήσουσιν,
2754 4619 2830 4683 ὡς
2854 4613 3031 4687 οἶμαι·
3061 4616 3157 4669 καὶ
3198 4613 3450 4668 ἐντεῦθεν
3481 4614 3513 4680 ή
3563 4628 3670 4681 μη-

2091 4714 2230 4785 χανὴ
2258 4714 2360 4782 τῆς
2392 4710 2825 4780 παρεξηγήσεως
2852 4707 3267 4777 ἐλεγχθήσεται.
3306 4705 3383 4757 Οὐ
3411 4702 3519 4771 γὰρ
3557 4700 3667 4770 μά·

2090 4824 2197 4877 την
2219 4809 2248 4859 ό
2287 4805 2471 4872 ἆγιος,
2516 4804 2646 4857 ὃταν
2676 4802 2797 4873 τὴν,
2832 4802 2922 4866 ἐκ,
2957 4801 3221 4871 πρόθεσιν
3254 4795 3509 4867 ἀρνῆται,
3544 4795 3671 4847 ἐπο-

2095 4898 2270 4965 μένως
2302 4896 2426 4965 τήν,
2451 4893 2572 4959 διὰ,
2606 4896 2893 4963 ἐπιφέρει,
2929 4892 3066 4945 ἀλλὰ
3089 4891 3179 4943 διὰ
3203 4891 3301 4957 τὴν
3331 4886 3672 4958 προειρημέ-

2089 5006 2189 5056 νην
2217 4988 2397 5038 αἰτίαν
2446 4986 2666 5038 καὶτὸν
2718 4985 2983 5052 Εὐνόμιον
3036 4984 3132 5035 καὶ
3186 4980 3312 5040 τοὺς
3349 4976 3468 5030 κατ’
3506 4976 3668 5030 αὐτὸν

2091 5078 2405 5141 ἀποσοϐῶν,
2435 5078 2500 5129 ἐκ
2539 5076 2703 5144 μόνου
2741 5074 2838 5126 τοῦ
2870 5072 2999 5124 Υἱοῦ
3026 5072 3087 5123 τὸ
3124 5069 3353 5137 Πνεῦμα
3385 5067 3664 5133 λέγοντας

2089 5167 2199 5221 οἶδε
2246 5170 2355 5239 γὰρ
2390 5168 2547 5231 οὗτος
2602 5170 2667 5220 ἐκ
2718 5166 2928 5236 Πατρὶις
2957 5164 3024 5215 δι’
3061 5162 3193 5216 Υῑοῦ
3231 5159 3666 5229 ἐκπορευόμενον

2091 5262 2154 5314 τὸ
2190 5262 2418 5327 Πνεῦμα
2447 5261 2508 5313 τὸ
2536 5260 2712 5328 ἅγιον·
2749 5260 2842 5310 καὶ
2872 5255 3019 5308 οὕτω
3061 5255 3321 5321 θεολογείο
3369 5253 3528 5321 δῆλον
3560 5251 3668 5319 γὰρ

2091 5352 2154 5402 ἐκ
2189 5351 2298 5402 τῶν
2330 5349 2770 5419 προειρημένων,
2806 5348 2900 5400 καὶ
2955 5349 3014 5398 ἐν
3059 5339 3139 5409 οἷς
3183 5345 3320 5412 πρὸς
3369 5344 3573 5411 Κύριον
3610 5344 3669 5394 ἐν

2093 5443 2282 5511 ὕμνοις
2310 5442 2505 5511 ψάλλει
2533 5459 2549 5474 ο
2580 5442 2772 5494 ’Ἰλεων
2822 5442 3008 5507 νέμοις
3054 5441 3187 5511 ήμίν
3229 5437 3459 5504 Πνεῦμα
3498 5452 3670 5505 μετα-

2089 5536 2301 5589 δοτικὸν
2335 5534 2674 5603 ἁγαθότητος
2700 5575 2714 5598 ,
2757 5534 2821 5585 ἐκ
2853 5533 3067 5604 Πατρδς
3122 5532 3215 5585 δια
3270 5530 3365 5583 σοῦ
3397 5528 3667 5599 προερχό-

2078 5645 2279 5696 μενον.
2319 5627 2478 5679 Οὒτω
2536 5626 2633 5679 καὶ
2682 5627 2844 5697 ήμείς
2879 5625 3283 5696 ὁμολογοῦμεν,
3336 5623 3411 5686 ὡς
3466 5624 3567 5675 οὐκ
3599 5623 3666 5673 ἂν

2091 5722 2154 5773 ἐκ
2186 5718 2278 5771 τοῦ
2314 5720 2443 5771 Υἱοῦ
2496 5721 2931 5789 προηγουμένως
2967 5719 3185 5789 λεχθείη
3213 5718 3276 5769 τὸ
3320 5714 3549 5781 Πνεῦμα
3601 5714 3663 5766 τὸ

2094 5814 2268 5883 ἅγιον,
2305 5813 2437 5867 ἀλλὰ
2472 5815 2563 5866 καὶ
2627 5815 2689 5867 ὲκ
2730 5812 2819 5867 τοῦ
2861 5813 3028 5868 Υῐοῦο
3077 5812 3252 5883 χρεὼν
3321 5812 3426 5881 γὰρ
3474 5808 3661 5877 ὁμόγο-
