3988 6216
255 347 367 411 153

1500 353 1806 412 CONTRA
1852 354 2280 421 EPHESWM.

3415 359 3518 425 156

247 461 477 530 γεῖσθαι
507 461 609 530 τὴν
639 462 918 532 πατρικὴν
962 464 1269 518 ὑπόστασιν
1299 468 1474 537 ἀργὴν
1532 470 1625 522 καὶ
1660 469 1841 522 αἰτίαν

1953 485 2197 531 sanctmn
2245 493 2369 533 esse
2424 485 2492 532 ex
2545 476 2703 543 Filio,
2734 477 2827 533 sed
2866 477 3030 531 etiam
3071 491 3136 532 ex
3185 475 3328 530 Filio
3393 484 3520 545 post

248 551 392 604 Υἱοῦ
431 553 528 604 καὶ
562 552 886 621 Πνεύματος
907 570 922 585 ·
953 555 1045 606 τὺν
1077 555 1134 607 δὲ
1166 556 1294 609 Υῐδν
1345 561 1445 610 οὐκ
1494 559 1561 612 ἂν
1609 560 1838 629 ἀρχικὸν

251 643 436 696 ιιῐτιον
465 643 934 714 ὁμολογήσαιμεν,
963 646 1088 698 οὐδὲ
1130 650 1192 700 ὲκ
1223 648 1316 701 τοῦ
1347 649 1478 702 Υίοῦ
1513 651 1572 702 τδ
1613 650 1834 720 Πνεῦμα

251 735 317 789 τδ
375 737 534 803 ἅγιον
586 736 859 807 ἐροῦμεν,
916 741 1056 794 ἀλλὰ
1109 743 1204 794 καὶ
1250 744 1313 795 ὲκ
1369 743 1464 796 τοῦ
1523 744 1655 797 Υἱοῦ
1704 745 1841 812 μετα

255 827 350 880 τὶν
384 829 627 898 Πατέρα,
661 831 806 897 μετὰ
848 830 970 894 τοῦ,
1004 832 1125 896 καί,
1185 834 1598 900 συμπλεκτικοῦ
1655 835 1843 886 συνδέ-

256 936 426 987 σμου.
462 919 522 972 ὐ
586 921 687 988 μὲν
717 922 824 992 γὰρ
858 923 920 974 ὲκ
983 923 1080 975 τοῦ
1113 923 1243 976 Υἰοῦ
1295 924 1354 976 τὸ
1394 924 1616 993 Πνεῦμα
1666 925 1842 993 λέγων

255 1011 505 1080 ὑποψίαν
569 1013 798 1084 παρέχει
859 1019 953 1067 τὸν
1003 1016 1130 1068 Υίδν
1172 1017 1400 1087 ἀρχικὸν
1449 1017 1624 1070 αίτιον
1674 1022 1838 1073 νοεῖν.

255 1104 361 1156 Διὰ
397 1105 559 1158 τοῦτο
613 1108 710 1159 καὶ
763 1108 791 1159 6
843 1107 988 1170 θεῖος
1034 1109 1292 1180 Ἰωάννης
1346 1113 1513 1180 φησιν
1542 1151 1556 1174 ,
1607 1113 1708 1164 Ἐκ
1748 1112 1839 1164 τοῦ

257 1197 393 1250 Υίοῦ
452 1199 512 1250 τὸ
567 1199 790 1269 Πνεῦμα
847 1191 909 1254 οὖ
966 1202 1218 1270 λέγομεν.
1279 1205 1340 1258 '0
1391 1205 1447 1257 δὲ
1501 1205 1712 1270 λέγων,
1769 1204 1842 1258 Τδ

257 1289 492 1355 Πνεῦμα
543 1293 607 1344 ὲκ
658 1292 752 1344 τοῦ
805 1294 1017 1364 Πατρδς
1056 1295 1144 1347 διὰ
1198 1296 1292 1349 τοῦ
1345 1295 1498 1359 Υίοῦ,
1552 1297 1583 1365 ἢ
1635 1298 1697 1350 ἐκ
1747 1296 1839 1348 τοῦ

263 1382 482 1450 Πατρδς
509 1384 604 1435 καὶ
631 1385 694 1436 ἐκ
720 1383 815 1436 τοῦ
843 1384 996 1448 Υίοῦ,
1027 1387 1310 1457 προδήλως
1335 1389 1592 1457 ὁμολογεῖ
1615 1388 1704 1441 τόν
1732 1390 1841 1440 Πα-

260 1472 397 1537 τέρα
431 1471 596 1538 μόνον
622 1473 855 1542 ἀρχικὸν
881 1474 1055 1527 αἴτιον
1083 1478 1178 1544 τῆς
1204 1477 1297 1529 τοῦ
1331 1478 1645 1548 Πνεύματος
1675 1482 1842 1531 ἐκπο-

265 1562 504 1627 ρεῦσεως
529 1579 546 1595 ·
585 1563 764 1616 πάντα
805 1565 915 1633 γὰρ
956 1568 1054 1619 ὅσα
1097 1568 1209 1635 ἔχει
1251 1571 1276 1619 6
1317 1569 1473 1631 Υίξς,
1512 1569 1624 1638 ἔχει
1664 1569 1841 1622 λαϐὼν

262 1653 436 1738 ταῦτα
468 1654 620 1723 παρὰ
645 1655 738 1707 τοῦ
769 1658 1002 1723 Πατρὺς,
1032 1659 1301 1723 οὑσιωδῶς
1330 1662 1534 1732 δηλαδὴ
1563 1665 1654 1715 καὶ
1685 1681 1838 1730 φυσιν

265 1745 400 1810 κῶς,
433 1745 510 1808 ὡς
541 1749 744 1815 κυρίως
783 1749 906 1810 Υἱὸς
938 1751 1002 1802 ὲκ
1035 1753 1236 1820 κυρίως
1270 1755 1479 1822 Πατρός
1505 1773 1519 1786 ·
1557 1758 1755 1824 μᾶλλον
1783 1756 1838 1807 δὲ

269 1839 458 1891 πάντα
501 1839 607 1908 ἔχει
655 1843 791 1908 μετὰ
837 1843 926 1894 τοῦ
975 1845 1208 1924 Πατρδς,
1249 1847 1323 1909 ὡς
1366 1848 1528 1909 αὐτὸς
1567 1849 1595 1900 6
1642 1849 1839 1918 Κύριός

273 1945 433 1998 φησι,
463 1931 554 1984 καὶ
580 1933 650 1993 ὡς
680 1933 708 1984 6
740 1933 1009 2000 Κύριλλος
1036 1935 1317 2004 ἐξηγεῖται
1341 1954 1355 1966 ·
1387 1940 1524 2008 φησὶ
1551 1938 1659 2007 γὰρ
1689 1941 1748 1992 ὲν
1771 1943 1838 2009 τῇ

274 2025 539 2094 ἀπολογίᾳ
570 2029 634 2095 τῇ
672 2027 807 2095 πρδς
839 2027 1185 2097 Θεοδώρητον
1215 2028 1309 2081 τοῦ
1344 2029 1389 2082 θ’
1413 2031 1708 2097 κεφαλαίου
1729 2073 1743 2097 ,
1774 2027 1841 2102 ἦς

266 2119 298 2183 ἡ
336 2117 504 2184 ἁρχὴ,
540 2116 758 2178 Φθάσας
794 2119 948 2189 ἔφην,
987 2121 1068 2173 ὅτι
1107 2123 1217 2184 τοῖς
1252 2122 1550 2191 Νεστορίου
1587 2123 1844 2192 βατταρι-

268 2210 447 2273 σμοῖς,
481 2208 651 2277 ἤγουν
679 2210 1048 2280 δυσφημίαις·
1087 2213 1480 2281 Ἐκπορεύεται
1515 2217 1612 2284 μὲν
1643 2215 1748 2284 γὰρ
1779 2219 1841 2268 ἐκ

262 2299 357 2352 τοῦ
391 2301 529 2353 Θεοῦ
563 2304 660 2356 καὶ
692 2305 904 2374 Πατρδς
937 2306 996 2357 τὸ
1034 2306 1259 2373 Πνεῦμα
1291 2307 1353 2358 τὸ
1386 2308 1542 2375 ἅγιον
1575 2309 1715 2360 κατὰ
1743 2311 1842 2376 τὴν

266 2393 365 2446 τοῦ
413 2394 669 2464 Σωτῆρος
719 2397 926 2463 φωνὴν,
972 2397 1087 2450 ἀλλ’
1114 2400 1217 2452 οὐκ
1261 2399 1543 2467 ἀλλότριόν
1586 2401 1703 2452 ἐστι
1748 2401 1840 2451 τοῦ

265 2485 404 2538 Tia-3
428 2526 442 2551 ,
482 2487 659 2540 πάντα
693 2488 799 2558 γὰρ
831 2491 944 2559 ἔχει
975 2491 1114 2543 κατά
1143 2491 1236 2543 τοῦ
1275 2493 1483 2560 Πατρός
1511 2507 1524 2520 ·
1560 2493 1652 2544 καὶ
1683 2491 1843 2544 τοῦτο

265 2579 433 2642 αὐτὸς
474 2579 713 2645 ἐδίδαξεν
755 2581 924 2633 εἰπὼν
966 2584 1096 2650 περὶ
1140 2583 1234 2635 τοῦ
1281 2584 1437 2651 ἁγίου
1482 2584 1798 2652 Πνεῦματος
1825 2601 1839 2614 ·

265 2672 474 2724 Πάντα
503 2672 618 2726 ὅσα
647 2672 770 2742 ἔχει
799 2678 834 2727 ὁ
863 2675 1063 2743 Πατὴρ
1093 2677 1203 2743 ἐμά
1233 2677 1365 2730 ἐστι
1386 2693 1400 2706 ·
1435 2677 1533 2730 διὰ
1563 2677 1736 2730 τοῦτο
1765 2673 1842 2730 εἷ-

265 2775 413 2830 :zor,
445 2766 550 2820 Ἕκ
582 2768 688 2821 τοῦ
720 2768 865 2836 ἐμοῦ
897 2771 1159 2837 λήψεται
1193 2770 1290 2822 καὶ
1327 2768 1651 2839 ἀναγγελεῖ
1677 2771 1839 2837 ὑμῖν.

266 2857 380 2910 Καὶ
425 2856 572 2910 οῦτω
615 2859 844 2927 νοοῦμεν
893 2860 988 2912 τὸν
1028 2860 1184 2927 ἅγιον
1223 2861 1479 2930 Ἰωάννην
1531 2865 1844 2932 συμφωνεῖν

269 2949 412 3017 μετὰ
444 2950 553 3003 τῶν
589 2950 789 3004 λοιπῶν
823 2952 995 3018 ἁγίων
1028 2953 1136 3005 τῶν
1171 2953 1439 3022 λεγόντων
1460 2995 1474 3018 ,
1513 2955 1619 3007 Καὶ
1653 2958 1718 3008 ὲκ
1748 2955 1842 3007 τοῦ

277 3043 404 3095 Υίοῦ
428 3085 444 3108 ,
481 3043 567 3096 διὰ
597 3044 690 3096 τοῦ
731 3045 858 3096 Υὶοῦ
881 3088 893 3108 ,
931 3046 1026 3098 καὶ
1063 3045 1152 3110 Ἐξ
1189 3047 1409 3116 ἀμφοῖν.
1452 3048 1512 3101 El
1546 3049 1602 3102 δὲ
1637 3050 1733 3119 οὐχ
1768 3051 1843 3110 ὡς

1945 571 2182 634 Patrem,
2207 573 2450 640 apposita
2497 581 2545 624 et
2583 571 2974 637 conjunctione
3006 569 3344 638 copulativa.
3381 567 3516 622 Nam

1943 664 2036 731 qui
2070 664 2334 733 Spiritum
2364 679 2426 717 ex
2464 662 2600 716 Filio
2651 663 2802 724 dicit,
2852 662 3225 730 suspicionem
3255 661 3368 725 dat,
3426 659 3519 715 Fi-

1943 756 2072 809 lium
2108 771 2137 808 a
2175 771 2233 809 se
2276 755 2502 821 intelligi
2553 755 2874 820 primarium
2911 753 3264 822 principium.
3311 753 3520 806 Idcirco

1943 857 2171 902 sanctus
2221 845 2487 910 Joannes,
2543 844 2805 914 Spiritum
2837 882 2851 901 .
2903 843 3100 912 inquit,
3135 859 3199 896 ex
3236 841 3376 894 F-ilio
3405 857 3514 894 non

1942 940 2196 995 dicimus.
2239 939 2342 1003 Qui
2402 954 2529 992 vero
2589 937 2718 992 dicit
2780 937 3040 1003 Spiritum
3099 951 3165 988 ex
3227 934 3386 988 Patre
3427 950 3520 1002 per

1948 1030 2168 1093 Filium,
2224 1032 2338 1083 sive
2368 1048 2428 1083 ex
2490 1031 2652 1084 Patre
2679 1037 2732 1082 et
2763 1043 2826 1081 ex
2887 1027 3046 1089 Filio,
3103 1035 3290 1094 aperte
3323 1025 3520 1078 fatetur

1943 1124 2119 1179 solum
2157 1124 2371 1175 Patrem
2403 1137 2526 1176 esse
2547 1119 2903 1189 primordiale
2941 1117 3274 1186 principium
3314 1115 3520 1184 produ-

1943 1215 2142 1268 ctionis
2193 1215 2366 1267 sancti
2416 1212 2674 1282 Spiritus.
2713 1208 2846 1263 Nam
2878 1210 3060 1263 omnia
3092 1224 3212 1276 qute
3238 1205 3402 1260 habet
3430 1204 3519 1259 Fi-

1944 1307 2068 1370 lius,
2120 1314 2342 1374 accepta
2405 1306 2574 1359 refert
2614 1303 2783 1363 Patri,
2826 1299 3197 1355 essentialiter
3258 1299 3515 1351 nimirum

1943 1407 1997 1452 et
2031 1398 2374 1460 naturaliter,
2428 1404 2486 1449 ut
2526 1389 2742 1463 proprie
2774 1392 2947 1446 Filius
2984 1391 3256 1460 propried
3291 1390 3365 1442 cti
3417 1389 3517 1442 Pa-

1944 1487 2044 1542 tris
2078 1506 2091 1540 :
2123 1487 2233 1540 imo
2295 1501 2426 1539 vero
2476 1501 2601 1540 cum
2659 1483 2818 1538 Patre
2881 1484 3044 1536 habet
3075 1482 3282 1541 omnia,
3310 1489 3368 1533 nt
3399 1481 3516 1547 ipse

1947 1580 2208 1633 Dominus
2232 1580 2328 1642 ait,
2357 1589 2411 1632 et
2468 1577 2706 1647 Cyrillns
2758 1575 2999 1643 exponit.
3043 1573 3095 1628 Is
3125 1573 3294 1633 enim,
3342 1572 3396 1624 in
3436 1588 3518 1624 rc-

1945 1670 2240 1739 sponsione
2271 1670 2340 1723 ad
2368 1669 2770 1723 Theodorctum
2819 1681 2917 1734 pro
2973 1681 3121 1718 nono
3153 1664 3353 1731 capite,
3397 1677 3518 1730 quae

1948 1763 2140 1830 incipit
2173 1778 2185 1812 :
2216 1760 2333 1815 Jam
2371 1760 2504 1821 dixi,
2539 1745 2731 1813 contra
2790 1756 3028 1811 Nestorii
3065 1769 3258 1822 nugas,
3295 1755 3395 1807 hoc
3432 1762 3520 1806 est

1948 1853 2364 1924 blasphemias:
2413 1853 2664 1908 Procedit
2722 1851 2967 1920 quidem,
3028 1849 3229 1916 inquit,
3279 1845 3518 1917 Spiritus

1945 1929 2171 2002 sanctus
2195 1962 2260 1999 ex
2291 1947 2396 1999 Deo
2419 1943 2582 1998 Patre
2635 1945 2787 2012 juxta
2822 1957 3009 1996 vocem
3065 1941 3388 2002 Salvatoris,
3421 1937 3517 1993 scd

1947 2056 2053 2094 non
2103 2049 2188 2093 est
2219 2038 2429 2091 alienus
2461 2053 2486 2089 a
2517 2035 2680 2096 Filio.
2749 2050 2871 2087 nam
2936 2034 3119 2085 omnia
3179 2047 3305 2084 cum
3361 2029 3520 2083 Patre

1946 2132 2139 2195 habet;
2162 2137 2214 2182 et
2233 2129 2338 2181 hoc
2365 2129 2481 2196 ipse
2515 2128 2722 2188 docu't,
2748 2126 2814 2178 de
2841 2124 3046 2192 Spiritu
3075 2132 3266 2177 sancto
3288 2122 3476 2174 dicens
3503 2135 3515 2169 :

1947 2224 2137 2277 Omnia
2161 2237 2478 2292 quacunque
2512 2219 2663 2272 habet
2721 2217 2902 2280 Pater,
2932 2233 3045 2268 mea
3087 2224 3249 2275 sunt;
3278 2219 3520 2278 propter-

1945 2331 2004 2367 ea
2033 2314 2167 2376 dixi,
2224 2314 2350 2382 quia
2385 2312 2448 2364 de
2508 2327 2619 2362 meo
2665 2309 2906 2375 accipiet,
2945 2317 2990 2360 et
3058 2303 3392 2357 annuntiabit
3435 2320 3522 2356 ro-

1947 2410 2028 2463 bis
2061 2409 2129 2462 ".
2161 2409 2339 2474 Atque
2394 2403 2472 2456 ita
2529 2401 2890 2470 intelligimus
2949 2408 3198 2450 sanctum
3250 2395 3519 2449 Joannem

1944 2499 2236 2553 convenire
2257 2511 2378 2549 tum
2408 2494 2620 2547 caeteris
2637 2491 2840 2545 sanctis
2864 2488 3172 2543 dicentibus
3197 2505 3210 2540 :
3242 2487 3304 2540 Et
3343 2501 3404 2538 ex
3439 2484 3524 2537 Fi-

1946 2593 2040 2653 lio,
2069 2590 2171 2644 Per
2216 2587 2436 2649 Filium,
2475 2594 2529 2639 et
2559 2585 2639 2637 Ab
2667 2590 2924 2650 utroque.
2970 2579 3125 2646 Quod
3172 2577 3216 2632 si
3256 2577 3524 2645 intelliga-

1947 2699 2067 2739 mus
2093 2700 2201 2739 non
2233 2699 2299 2738 eo
2320 2697 2482 2738 sensu
2534 2679 2743 2732 dictum
2786 2691 2906 2730 esse
2940 2690 2968 2728 a
3004 2682 3217 2736 sancto,
3254 2670 3326 2723 Ex
3390 2668 3524 2721 Filio

1945 2791 2074 2830 vero
2111 2791 2216 2828 non
2249 2774 2489 2828 dicimus
2520 2789 2534 2824 :
2571 2781 2628 2823 ut
2662 2767 2982 2837 primarium
3030 2771 3260 2832 negaret
3319 2761 3523 2830 princi-

1945 2871 2115 2939 pium,
2149 2869 2243 2922 sed
2270 2865 2592 2935 simpliciter
2624 2872 2680 2916 et
2711 2860 2958 2915 absolute
2995 2879 3005 2912 :
3041 2872 3216 2927 neque
3251 2854 3358 2909 sibi
3397 2868 3530 2907 con—

1945 2970 2200 3024 stantem,
2236 2974 2412 3027 neqne
2443 2972 2566 3011 cum
2595 2954 2817 3022 reliquis
2847 2952 3052 3005 sanctis
3083 2947 3522 3004 consentientem

1945 3051 2162 3105 Patrem
2191 3052 2334 3103 hunc
2368 3057 2694 3102 statuemus.
2746 3041 2876 3095 Illud
2910 3041 3054 3094 enim
3090 3055 3104 3091 :
3140 3037 3243 3090 Per
3271 3035 3520 3088 Verbum

267 3137 501 3205 ἀρχικὸν
531 3137 704 3189 αἴτιον
730 3139 945 3205 νοοῖμεν
974 3139 1062 3190 τὸν
1090 3139 1245 3206 ἅγιον
1272 3143 1492 3208 φρονεῖν
1521 3145 1611 3194 καὶ
1641 3143 1845 3209 λέγειν,

1953 3145 2188 3214 Spiritus
2213 3138 2576 3199 manifestavi,
2611 3134 2907 3204 productor
2933 3149 2947 3196 ;
2977 3141 3032 3185 et
3054 3147 3066 3182 :
3091 3128 3319 3198 Oportet
3346 3126 3525 3180 Verbo

269 3229 335 3279 ἐκ
371 3227 464 3279 τοῦ
506 3228 634 3281 Tia-'3
676 3230 731 3280 δὲ
771 3231 829 3283 οὐ
868 3230 1118 3300 λέγομεν,
1156 3230 1272 3282 ἀλλ’
1301 3233 1484 3295 ἁπλῶς
1527 3236 1618 3287 καὶ
1658 3235 1850 3287 ἀπολε-

268 3319 559 3387 λυμένως.
596 3320 720 3373 οὔτε
762 3324 900 3393 πρὸς
943 3327 1135 3379 ἑαυτὸν
1171 3331 1261 3380 τὸν
1299 3327 1453 3395 ᾶγιον
1491 3330 1843 3397 συμφωνήσο-

277 3430 401 3482 μεν,
431 3411 551 3465 οὔτε
586 3418 727 3482 μετὰ
758 3417 870 3468 τῶν
901 3418 1103 3471 λοιπῶν
1131 3421 1300 3487 ἁγίων
1327 3437 1342 3454 ’
1375 3421 1434 3473 τὸ
1464 3420 1589 3489 γὰρ,
1624 3421 1723 3472 Διὰ
1752 3419 1852 3472 A6-

271 3521 374 3572 γου
414 3505 716 3573 προσολεὺς
757 3509 1158 3579 ὲκφαντορικοῦ
1199 3507 1517 3580 Πνεύςιατος
1543 3527 1556 3542 ·
1594 3514 1722 3572 καὶ,
1762 3515 1852 3564 Δεῖ

275 3596 370 3648 τὸν
400 3597 575 3663 Λόγον
605 3599 698 3650 καὶ
733 3599 956 3670 Πνεῦμα
986 3601 1132 3670 ἔχειν
1157 3642 1170 3665 ,
1201 3603 1278 3666 ὡς
1307 3605 1365 3656 ὲν
1396 3603 1474 3672 τῷ
1504 3603 1548 3666 ζ’
1571 3604 1678 3655 τῶν
1711 3605 1850 3656 Θεο-

277 3687 545 3756 λοτικῶν
573 3707 757 3759 φησιν,
790 3693 851 3744 οὺ
886 3697 1188 3764 συγχωρεῖ,
1216 3696 1351 3758 ὅλως
1386 3697 1459 3764 μὴ
1490 3692 1632 3749 εἶναι
1665 3699 1758 3749 καὶ
1789 3698 1851 3748 ἐκ

271 3781 372 3834 τοῦ
407 3781 562 3843 Υἱοῦ,
602 3784 633 3854 ἢ
670 3785 755 3836 διὰ
786 3784 878 3836 τοῦ
913 3785 1066 3840 Υίοῦ.
1102 3787 1273 3840 Τοῦτο
1308 3787 1362 3839 δὲ
1398 3789 1494 3843 καὶ
1529 3788 1792 3856 Κύριλλος
1829 3792 1854 3841 ὁ

272 3876 421 3938 θεῖος
458 3877 786 3944 παρίστησιν
817 3868 895 3940 είς
929 3880 990 3932 τό
1019 3896 1032 3910 ο
1067 3881 1255 3934 'Ot'ar
1286 3881 1434 3949 ἔλθῃ
1470 3883 1502 3934 ὀ
1538 3881 1854 3948 Παράλλη-

274 3986 387 4034 τος
413 3987 427 3999 ·
461 3971 592 4038 φησὶ
624 3971 734 4040 γάρ
761 3986 775 4002 ·
809 3971 1022 4041 Ὠσπερ
1057 3973 1164 4039 γάρ
1196 3973 1345 4025 ἐστιν
1378 3972 1509 4025 ἴδιον
1537 3973 1598 4025 τὸ
1631 3971 1856 4042 Πνεῦμα

272 4060 376 4113 τοῦ
411 4060 537 4113 Υίσρῦ
570 4061 845 4129 φυσικῶς,
880 4065 936 4114 ὲν
966 4063 1114 4132 αὐτῷ
1140 4080 1198 4114 τε
1233 4063 1510 4132 ὑπάρχον,
1543 4065 1634 4116 καὶ
1665 4063 1730 4116 δι’
1757 4063 1856 4115 αὐ-

275 4152 372 4206 τοῦ
404 4155 618 4221 προϊὸν,
647 4152 790 4205 οῦτω
821 4154 916 4206 καὶ
948 4153 1040 4206 τοῦ
1075 4155 1285 4224 Πατρός
1305 4171 1320 4186 ·
1352 4149 1428 4214 οἷς
1461 4155 1518 4207 δὲ
1547 4156 1608 4207 τὺ
1639 4155 1859 4225 Πνεῦμα

276 4245 487 4310 κοινὸν,
519 4245 732 4307 τούτοις
761 4246 844 4314 εἴη
876 4246 1045 4312 δήπου
1077 4247 1296 4309 πάντως
1328 4246 1391 4299 ἂν
1420 4251 1514 4299 καὶ
1544 4247 1611 4299 τὰ
1640 4251 1738 4316 τῆς
1766 4249 1858 4300 οὔ·

279 4337 400 4398 σίας
433 4337 498 4388 οὗ
531 4336 881 4406 διωρισμένα.
918 4339 991 4389 Τὸ
1024 4337 1080 4389 δὲ
1103 4378 1119 4402 ,
1153 4339 1329 4400 Μόνος
1365 4341 1538 4401 αἴτιος
1572 4340 1600 4390 ὁ
1638 4339 1856 4409 Πατὴρ,

281 4429 340 4480 ἰν
378 4430 493 4490 τοῖς
534 4429 918 4491 παλαιοτάτοις
949 4428 1056 4481 τῶν
1096 4428 1319 4498 βιϐλίων
1357 4431 1454 4500 οὐχ
1495 4431 1809 4496 εὑρίσκεται
1837 4446 1850 4461 ο

281 4519 398 4573 ἀλλ’
422 4482 585 4588 ἡμεῖς
613 4520 709 4571 καὶ
735 4482 1213 4588 τοῦτίδεχὸμεθα,
1246 4519 1341 4572 καὶ
1372 4482 1731 4590 καλῶςιέχειν
1761 4482 1853 4572 λέ·
1893 4482 1937 4538 D

279 4629 455 4680 γομεν
479 4627 494 4640 °
529 4613 623 4664 καὶ
663 4610 771 4682 γὰρ
811 4611 989 4664 πάντα
1025 4611 1126 4662 ὅσα
1168 4609 1281 4680 ἔχει
1321 4613 1348 4662 ὁ
1387 4612 1514 4673 Υἱὸς
1537 4651 1552 4674 ,
1589 4614 1724 4680 πρὸς
1756 4611 1855 4679 τὴν

283 4702 513 4772 πρώτην
543 4703 722 4755 αἰτίαν
748 4703 839 4755 τὸν
871 4702 1090 4771 Πατέρα
1121 4703 1413 4769 ἀνάγονται
1437 4741 1451 4762 ,
1485 4702 1668 4763 καθὼς
1703 4705 1794 4754 καὶ
1827 4703 1856 4754 6

286 4798 463 4866 μέγας
499 4796 778 4859 Βασίλειος
811 4798 870 4848 ὲν
901 4796 978 4863 τῷ
1016 4797 1150 4862 πρὸς
1188 4797 1567 4865 Ἀμφιλόχιον,
1603 4797 1731 4864 περὶ
1761 4796 1856 4847 τοῦ

287 4891 364 4959 μὴ
396 4891 611 4956 ἀγνοεῖν
638 4889 735 4959 τὴν
766 4889 981 4958 ἡμέραν
1005 4891 1098 4940 τοῦ
1128 4889 1312 4950 τέλους
1342 4890 1431 4940 τὸν
1463 4888 1687 4959 Κύριον,
1717 4887 1859 4941 οὕτω

285 4983 454 5050 φησίν
475 4997 487 5009 ·
517 4982 674 5035 Οὕτω
703 4984 796 5034 καὶ
826 4981 999 5042 οὐδεὶς
1026 4975 1134 5033 οἶδε
1165 4983 1259 5049 τὴν
1287 4981 1498 5048 ἡμέραν
1525 4981 1622 5032 τοῦ
1649 4979 1860 5045 τέλους,

287 5078 336 5127 ιὶ
381 5073 458 5142 μὴ
494 5075 521 5127 6
560 5072 748 5142 Πατὴρ
791 5073 986 5142 μόνος,
1023 5073 1124 5138 τὴν
1159 5070 1386 5141 πρώτην
1419 5072 1628 5139 εἴδησιν
1664 5073 1772 5124 τῶν
1804 5089 1862 5142 τε

286 5163 460 5215 ὅντων
496 5164 604 5215 τῶν
643 5180 700 5215 τε
739 5165 1013 5233 ἐσομένων
1052 5163 1145 5215 ἐπὶ
1183 5165 1273 5215 τὸν
1311 5165 1533 5232 Πατέρα
1573 5165 1866 5230 ἀνάγοντος

285 5251 383 5305 τοῦ
425 5253 584 5318 rio-3,
627 5255 722 5304 καὶ
758 5253 846 5305 διὰ
887 5253 1104 5305 πάντων
1141 5251 1240 5321 τὴν
1276 5250 1501 5321 πρώτην
1539 5251 1718 5304 αἰτίαν
1753 5253 1866 5312 τοῖς

287 5345 600 5415 ἀνθρώποις
634 5345 1096 5407 ὑποδεικνύοντος,
1128 5343 1383 5412 εἰρῆσθαι
1414 5343 1724 5412 νομίζομεν.
1758 5343 1867 5396 Καὶ

289 5437 592 5508 Γρηγὸριος
627 5441 655 5490 6
686 5437 947 5504 Θεολὸγος
986 5440 1040 5489 ἐν
1070 5439 1136 5507 τῇ
1171 5437 1269 5504 τῆς
1307 5436 1671 5505 εὐαγγελικῆς
1705 5452 1867 5505 περι-

395 5617 440 5648 ³³
474 5615 634 5671 han.
670 5629 782 5681 XVI,
814 5615 904 5669 15.

368 5798 480 5869 (15)
503 5797 657 5852 Orat.
691 5794 795 5849 21a
816 5793 1028 5850 Filium.

1956 3252 2061 3291 non
2097 3235 2287 3287 deesse
2313 3230 2577 3296 Spiritum
2602 3267 2617 3288 .
2649 3235 2710 3278 ut
2745 3223 2982 3293 septimo
3014 3236 3192 3274 rerum
3218 3219 3522 3271 divinarum

1953 3312 2128 3397 capite
2179 3326 2255 3380 ait
2291 3343 2304 3379 :
2339 3324 2487 3377 nullo
2540 3319 2702 3373 modo
2757 3315 3120 3388 permittunt,
3167 3321 3227 3366 ut
3290 3311 3527 3379 Spiritus

1955 3439 2060 3475 non
2095 3420 2164 3474 sit
2199 3418 2360 3470 etiam
2395 3430 2458 3466 ex
2495 3413 2653 3474 Filio,
2686 3409 2768 3463 vel
2805 3423 2901 3477 per
2953 3405 3176 3460 Filium.
3240 3403 3353 3458 lloc
3383 3403 3524 3455 idem

1955 3521 2179 3569 sanctus
2221 3505 2458 3577 Cyrillus
2500 3501 2763 3563 ostendit,
2815 3498 3128 3566 explanans
3178 3495 3306 3548 illud
3346 3516 3356 3548 :
3393 3492 3528 3547 Cum

1954 3603 2150 3659 teneri!
2190 3598 2525 3652 Paracletus.
2563 3594 2649 3646 Ait
2673 3592 2815 3646 enim
2844 3610 2857 3644 :
2887 3588 3019 3642 Nam
3071 3585 3526 3656 quemadmodum

1957 3693 2211 3766 proprius
2249 3691 2365 3745 Filii
2411 3694 2496 3743 est
2529 3684 2772 3755 Spiritus
2803 3679 3150 3740 naturaliter,
3185 3692 3308 3731 cum
3332 3675 3384 3728 in
3413 3677 3530 3743 ipso

1957 3788 2049 3848 sit,
2078 3795 2130 3839 et
2177 3797 2272 3852 per
2307 3781 2482 3850 ipsum
2536 3775 2820 3846 procedat,
2857 3775 2932 3826 ita
2967 3781 3043 3830 et
3080 3769 3300 3823 Patris:
3331 3767 3531 3836 qtt:hus

1957 3882 2136 3928 autem
2169 3868 2479 3924 communis
2501 3875 2583 3920 est
2619 3863 2882 3933 Spiritus,
2921 3862 3144 3916 illorum
3202 3867 3355 3912 certe
3398 3856 3529 3909 sub-

1959 3965 2159 4021 stantia
2189 3978 2295 4015 non
2330 3969 2506 4028 potest
2554 3972 2678 4012 esse
2727 3955 3003 4010 distincta.
3042 3953 3317 4006 Cazterum
3354 3964 3526 4003 erum-

1962 4055 2151 4108 tiatum
2195 4051 2324 4104 illud
2361 4067 2375 4103 :
2432 4047 2594 4103 Solus
2635 4047 2793 4100 Pater
2819 4053 2904 4098 est
2959 4057 3148 4103 causa,
3181 4041 3235 4094 in
3273 4039 3531 4093 vetustis-

1961 4149 2116 4202 simis
2153 4145 2306 4200 libris
2350 4158 2454 4196 nou
2488 4141 2758 4202 habetur;
2795 4152 2896 4191 nos
2929 4150 3057 4187 vero
3095 4135 3197 4186 hoc
3229 4133 3396 4185 etiam
3431 4130 3532 4181 ad-

1929 4266 1932 4269 λ
1964 4239 2256 4299 mittimus,
2282 4245 2446 4302 atque
2477 4240 2534 4283 nt
2557 4238 2705 4283 recte
2734 4228 2946 4281 dictum
2980 4229 3367 4292 approbamus.
3402 4217 3532 4270 Nam

1963 4329 2144 4386 omnia
2187 4342 2306 4396 qua:
2348 4325 2514 4378 habet
2540 4320 2733 4395 Filius,
2773 4319 2840 4372 ad
2877 4316 3110 4386 primam
3149 4326 3395 4374 causam,
3430 4311 3536 4362 hoc

1965 4431 2048 4476 est
2070 4419 2136 4472 ad
2164 4417 2375 4470 Patrem
2413 4413 2764 4473 reieruntnr;
2799 4397 3533 4478 quemadmodumtestaturi

1965 4524 2018 4568 et
2050 4525 2277 4580 magnus
2319 4505 2555 4560 Basilius
2597 4503 2650 4554 in
2683 4499 2914 4570 epistola
2943 4497 3009 4550 ad
3045 4490 3533 4564 Amphilochium:

1965 4607 2084 4672 Quo
2111 4619 2217 4657 non
2239 4602 2309 4656 sit
2345 4603 2530 4669 ignota
2573 4594 2802 4648 Domino
2855 4591 3044 4645 ultima
3099 4588 3240 4648 dies,
3280 4600 3375 4651 per
3425 4583 3538 4636 haec

1968 4670 2131 4751 verba
2168 4693 2285 4749 :lta
2320 4700 2372 4746 et
2405 4702 2565 4743 nemo
2617 4686 2756 4740 diem
2822 4681 3182 4736 novissimum
3221 4675 3396 4737 novit,
3431 4670 3538 4726 nisi

1970 4790 2120 4845 solus
2154 4785 2320 4839 Pater
2357 4801 2372 4837 :
2405 4783 2614 4836 dictum
2652 4787 2930 4845 putamus.
2965 4772 3092 4841 quia
3122 4767 3295 4823 Filius
3349 4766 3542 4820 tribuit

1970 4883 2112 4936 Patri
2146 4881 2375 4949 primam
2404 4889 2581 4928 rerum
2617 4867 2961 4939 praesentium
3006 4864 3417 4927 futurarumque
3454 4871 3546 4909 co-

1969 4972 2288 5042 gnitionem,
2356 4973 2409 5018 et
2480 4962 2704 5031 primam
2769 4969 2990 5012 causam
3072 4950 3385 5006 hominibus
3447 4959 3545 5012 per

1970 5062 2152 5117 omnia
2189 5057 2467 5126 patefacit.
2497 5051 2793 5121 Gregorius
2828 5062 3050 5118 quoque
3093 5043 3409 5110 Tlteologus
3443 5052 3541 5090 ex-

1973 5169 2181 5227 ponens
2204 5152 2314 5221 (l3)
2339 5152 2516 5204 locum
2560 5143 2952 5214 evangelicum,
2976 5140 3055 5194 sic
3073 5138 3148 5190 ait
3184 5152 3196 5188 :
3230 5131 3301 5186 Ut
3329 5130 3543 5227 singula

1974 5249 2193 5319 quidem
2227 5245 2352 5307 alia,
2388 5243 2467 5296 sic
2487 5240 2650 5295 etiam
2687 5252 2867 5291 rerum
2907 5231 3316 5302 potissimarum
3351 5219 3546 5274 notitia

1976 5315 2251 5397 referatur
2276 5337 2340 5391 ad
2377 5349 2624 5396 causam,
2661 5339 2712 5386 et
2749 5327 2992 5383 Genitori
3035 5323 3208 5383 honos
3258 5315 3543 5369 habeatur.

1987 5433 2218 5490 Videtur
2252 5426 2414 5503 porro
2447 5425 2602 5494 mihi,
2633 5423 2677 5480 si
2712 5422 2837 5493 quis
2895 5417 2966 5472 ita
3027 5413 3190 5480 legat,
3222 5415 3280 5463 ut
3323 5405 3548 5477 quidam
