3988 6216
448 326 549 390 155

1338 325 1725 387 GREGORII
1768 324 2070 384 MAMMIE
2103 324 2215 389 ΟΡ.
2260 327 2769 387 ΡΑΤΒΙΑΒΟΗιΕ

3614 323 3712 388 156

443 456 476 491 e
508 440 709 493 ιιιιειτὶς
751 437 1034 492 studiosus
1062 476 1077 501 ,
1120 435 1552 507 haudquaquam
1589 439 2025 495 contemnendus

2137 440 2313 508 κοπῆς
2341 440 2603 508 ἐξηγήσει
2626 420 2771 494 οὕτω
2796 438 2963 509 φησίν
2980 455 2992 469 ο
3021 438 3232 507 Ὥσπερ
3253 437 3361 490 τῶν
3382 438 3558 492 ἄλλων
3576 439 3713 493 ικα-

443 545 642 586 scasus
682 547 693 581 :
726 528 861 581 Filio
892 528 1102 582 scilicet
1142 542 1250 581 non
1288 529 1446 582 aliter
1475 544 1597 583 esse
1640 539 1827 583 notum
1878 532 2029 587 illum

446 620 584 683 diem
620 626 669 672 et
697 621 994 682 horam,ac
1028 618 1118 673 illa
1180 620 1289 672 sint
1350 628 1476 675 nota
1530 619 1696 675 Patri.
1726 621 1856 675 Na‘u
1900 623 2029 691 quid

447 710 767 776 colligitur?
798 709 1070 774 Quoniam
1098 708 1261 763 Pater
1299 713 1470 777 novit,
1502 712 1708 768 idcirco
1739 723 1791 767 et
1822 713 1989 770 Filius
2011 754 2028 782 ,

453 815 578 852 rum
613 808 825 852 certum
859 800 951 862 sit,
982 800 1085 854 hoc
1114 815 1140 850 a
1169 801 1316 853 nullo
1337 802 1443 855 alio
1466 803 1596 856 sciri
1623 814 1676 857 et
1702 806 1819 873 capi
1846 820 2029 874 posse,

450 903 613 955 quam
647 905 673 939 a
704 899 896 941 natura
946 888 1153 942 divina.
1206 889 1597 945 Creaturarum
1648 910 1867 963 quoque
1899 911 2031 949 cau—

448 978 751 1042 salitatem,
805 994 927 1033 Cum
973 981 1042 1033 sit
1080 982 1297 1036 illarum
1363 983 1531 1038 Filius
1571 990 1733 1040 etiam
1777 986 2029 1042 conditor

453 1082 508 1124 et
543 1070 748 1139 upiiex,
780 1070 1017 1125 Basilius
1051 1074 1279 1141 Magnus
1309 1076 1374 1130 ad
1404 1077 1616 1132 Patrem
1657 1079 1853 1135 refert.
1894 1079 2028 1136 Nam

450 1170 644 1215 octavo
672 1163 852 1225 capite
887 1164 1010 1216 libri
1069 1165 1135 1218 ad
1169 1166 1615 1239 Amphilochium
1661 1172 1776 1224 haec
1818 1173 1982 1229 habet
2012 1192 2025 1229 :

448 1251 539 1304 Ait
564 1253 709 1305 enim
736 1254 798 1307 ad
836 1254 1000 1321 Deum
1035 1266 1087 1309 et
1118 1255 1331 1310 Patrem
1363 1259 1627 1315 Dominus
1654 1279 1668 1318 :
1696 1261 1891 1317 Omnia
1917 1280 2030 1318 mea

449 1354 538 1397 tua
564 1354 721 1405 sunt,
787 1347 932 1413 quod
987 1336 1067 1402 illi
1134 1360 1356 1418 accepta
1406 1351 1679 1405 referatur
1730 1355 2031 1412 causalitas

447 1445 822 1491 urenturarum
851 1478 864 1499 ,
900 1450 950 1491 et
976 1449 1067 1491 tua
1103 1458 1219 1495 mea
1252 1443 1316 1507 ’⁸,
1352 1445 1495 1511 quod
1532 1445 1659 1500 inde
1693 1446 1767 1501 illi
1834 1464 2032 1518 prove-

447 1525 559 1578 niat
591 1526 669 1580 vis
704 1536 755 1579 ct
784 1528 1018 1584 facultas
1053 1534 1273 1587 creandi
1314 1551 1330 1588 ε
1364 1553 1599 1604 quorum
1630 1548 1812 1599 autem
1852 1543 2031 1601 tit-tus

445 1621 675 1686 aequalis
709 1628 814 1685 est,
849 1622 952 1675 erit
1011 1624 1171 1689 plane
1220 1626 1385 1680 etiam
1454 1614 1705 1695 operatio
1761 1633 2025 1701 aqualis;

447 1710 704 1765 Christus
742 1714 884 1765 enim
932 1714 1023 1766 Dei
1078 1716 1258 1772 virtus
1304 1730 1358 1771 et
1389 1720 1482 1771 Dei
1518 1721 1826 1790 sapientia;
1868 1734 2030 1794 atque

450 1801 527 1855 ita
550 1803 731 1857 omnia
771 1821 861 1871 per
890 1805 1062 1871 ipsum
1100 1806 1240 1863 facta
1263 1819 1412 1864 sunt.
1438 1812 1579 1864 Idem
1604 1826 1859 1882 praeterea
1888 1812 2034 1872 8ηεί-
2064 1781 2106 1838 Β

446 1892 551 1946 lius
591 1898 640 1947 in
674 1897 981 1963 opusculis.
1021 1898 1225 1966 quibus
1255 1900 1503 1956 coulutat
1535 1903 1862 1960 Eunotuium
1894 1910 2029 1977 (Μ),

449 1989 665 2055 egregie
702 1989 993 2043 admodum
1033 1993 1272 2048 ostendit
1319 2009 1555 2061 arguens
1595 1999 1742 2064 quod
1800 2002 1893 2056 ille
1928 2006 2029 2058 soli

450 2078 740 2148 Un‘geuito
782 2083 1042 2138 tribuerit
1082 2102 1327 2150 causam,
1386 2088 1645 2157 Patrique
1689 2092 1838 2147 illam
1868 2095 2033 2151 deue-

443 2180 618 2239 εει-ει.
658 2182 713 2228 et
743 2186 1048 2229 creaturam
1093 2176 1215 2232 Filii
1250 2180 1458 2235 diceret
1493 2182 1787 2252 Spiritum.
1834 2187 2025 2255 Itaque

442 2273 674 2317 sanctus
708 2279 815 2318 non
865 2268 967 2320 soli
1026 2269 1187 2335 Filio,
1221 2272 1314 2326 sed
1350 2273 1493 2326 Patri
1527 2291 1745 2345 quoque
1779 2279 2028 2353 tribuen-

444 2349 567 2403 dam
600 2354 975 2408 causalitatetu
1004 2367 1261 2412 astruens
1287 2376 1300 2413 :
1323 2362 1454 2415 Illud
1490 2380 1645 2429 vero,
1674 2368 1870 2434 inquit,
1900 2371 2028 2436 quis

447 2441 611 2509 plane
644 2443 881 2511 ignorat,
913 2448 1112 2501 nullam
1156 2450 1276 2504 Filii
1313 2457 1684 2520 Operationem
1718 2474 1842 2513 esse
1872 2476 1900 2512 a
1934 2461 2034 2514 Pa—

445 2539 527 2584 tre
554 2532 861 2600 seiunctam
890 2575 906 2601 ,
965 2554 1064 2593 nec
1101 2556 1226 2602 esse
1268 2545 1494 2599 omnino
1527 2547 1852 2616 quidquam.
1883 2552 2026 2619 quod

447 2620 615 2677 Filius
658 2624 877 2691 haheat,
928 2630 1169 2686 alienum
1200 2649 1229 2687 a
1265 2633 1464 2690 Patre?
1501 2636 1694 2693 Omnia
1739 2642 1900 2705 enim,
1947 2646 2031 2698 iu-

447 2715 586 2781 quit,
625 2733 734 2769 mea
763 2728 851 2771 tua
879 2733 1020 2781 sunt.
1048 2734 1094 2776 et
1134 2733 1224 2779 tua
1259 2742 1393 2782 mea.
1419 2728 1704 2793 Quomodo
1737 2734 1899 2804 igitur
1927 2737 2027 2790 soli

451 2804 744 2878 Unigenito
769 2814 1002 2867 ascribit
1034 2818 1421 2872 causalitatcut
1462 2820 1733 2889 Spiritus.
1757 2836 1923 2893 atque
1960 2830 2025 2881 ad

448 2898 863 2964 depriuteudant
902 2904 1023 2973 ejus
1061 2915 1314 2962 naturam
1349 2916 1618 2969 creaturis
1653 2915 1805 2971 illum
1853 2919 2030 2973 adnu-

452 2993 661 3045 merat?
697 2993 750 3047 Si
787 2996 952 3065 igitur
1011 2998 1125 3053 haec
1183 3002 1320 3057 dicit
1386 3006 1452 3059 ad
1506 3009 1891 3066 constituenda
1918 3014 2029 3067 duo

2137 548 2283 594 στον,
2314 531 2460 585 οὕτω
2492 532 2557 601 δὴ
2594 531 2691 586 καὶ
2726 534 2758 601 ὴ
2794 532 2997 600 γνῶσις
3030 530 3139 583 τῶν
3175 530 3451 597 μεγίστων
3484 530 3579 581 ἐπὶ
3611 532 3712 599 τὴν

2134 624 2318 677 αἰτίαν
2357 624 2717 691 ἁναφερὲσθω
2753 625 2889 691 τιμῇ
2930 621 3026 675 τοῦ
3067 621 3412 690 γεννήτορας.
3457 623 3615 675 Δοκεῖ
3653 623 3718 684 δέ

2135 715 2225 783 μοί
2250 732 2334 778 τις
2368 717 2489 785 μηδ’
2512 714 2578 768 ἂν
2606 715 2828 777 ἐκείνως
2860 714 3150 780 ἀναγνοὺς,
3179 711 3253 775 ὡς
3279 712 3386 765 τῶν
3417 713 3540 765 καθ’
3564 714 3716 781 ἡμᾶς

2134 808 2431 876 φιλολόγων
2463 826 2567 871 τις.
2603 811 2797 876 μικρθιν
2834 807 3109 873 ἐννοῆσαι,
3138 805 3224 858 ὅτι
3251 805 3373 861 οὐδὲ
3401 805 3428 856 6
3462 805 3587 867 Υἱὸς
3616 807 3718 861 ἅλ-

2132 900 2237 962 λως
2270 897 2377 955 οἶδε
2409 900 2508 966 τὴν
2540 899 2755 968 ἡμέραν
2784 900 2816 967 ἦ
2850 898 2950 967 τὴν
2980 897 3130 962 ὤραν
3224 896 3299 958 ὡς
3331 899 3359 949 ὁ
3391 898 3579 967 Πατήρ
3603 915 3616 932 ’
3647 899 3714 950 τὸ

2134 993 2240 1057 γὰρ
2285 990 2657 1057 συναγόμενον
2704 989 2924 1050 ὀποίονς
2973 986 3190 1051 Ἐπειδὴ
3236 988 3283 1039 6.
3310 984 3498 1055 Πατὴρ
3542 987 3715 1052 γινώ.

2135 1099 2277 1146 σκει,
2317 1082 2403 1134 διὰ
2442 1082 2603 1135 τοῦτο
2646 1083 2737 1133 καὶ
2776 1083 2803 1133 6
2844 1080 2973 1142 Υἰός
2998 1094 3011 1106 ·
3056 1080 3131 1141 ὡς
3173 1078 3355 1146 δῆλον,
3396 1081 3476 1133 ὃτι
3520 1080 3717 1148 μηδενὶ

2134 1176 2373 1239 γνωστὸν
2406 1171 2557 1224 τοῦτο
2576 1210 2591 1229 ,
2626 1169 2761 1237 μηδὲ
2790 1169 3025 1236 ληπτὸν,
3059 1166 3199 1235 πλὴν
3228 1169 3327 1233 τῆς
3356 1164 3575 1234 πρώτης
3610 1166 3720 1231 φύε

2136 1282 2295 1327 σεως.
2334 1263 2496 1316 Ἀλλὰ
2532 1264 2626 1315 κα).
2660 1262 2765 1315 τῶν
2800 1258 3298 1330 δημιουργημάτων
3333 1260 3360 1311 6
3401 1259 3574 1327 μέγας
3611 1259 3719 1310 Βα-

2136 1359 2333 1419 σίλειος
2360 1355 2458 1426 τὴν
2491 1356 2689 1417 αἰτίαν,
2723 1348 2797 1405 ὧν
2829 1353 2923 1405 καὶ
2951 1355 2976 1404 6
3007 1351 3133 1413 Υἰὸς
3163 1350 3496 1420 δημιουργός
3525 1366 3583 1400 τε
3618 1350 3718 1401 καὶ

2133 1448 2304 1513 αῐτιος
2332 1449 2589 1517 ὑπάρχει,
2618 1449 2712 1500 ἐπὶ
2739 1446 2828 1498 τὸν
2860 1445 3081 1512 Πατέρα
3110 1442 3374 1510 ἀναφέρει
3395 1457 3408 1471 ⁶
3438 1443 3573 1508 φησὶ
3602 1442 3716 1511 γὰρ

2135 1539 2271 1609 πρὸς
2312 1541 2403 1591 τὸν
2442 1539 2576 1591 Θεὸν
2620 1538 2714 1590 καὶ
2758 1537 2970 1605 Πατέρα
3014 1540 3041 1588 6
3087 1537 3312 1603 Κύριος.
3352 1534 3533 1593 καθώς
3576 1551 3715 1602 φησι

2134 1632 2412 1692 Βασίλειος
2446 1632 2474 1683 6
2507 1629 2694 1695 Μέγας
2729 1630 2786 1680 ὲν
2816 1627 2894 1694 τῷ
2925 1624 2977 1695 η’
3000 1626 3109 1685 τῶν
3144 1627 3277 1695 πρὸς
3315 1625 3662 1693 ’Δμφιλὸχιον
3693 1640 3711 1655 ·

2140 1725 2220 1779 Τὰ
2256 1723 2367 1794 ἐμὰ
2408 1723 2607 1777 πάντα
2646 1722 2728 1776 σά
2767 1722 2958 1785 ἐστιν,
2994 1720 3069 1783 ὡς
3104 1721 3191 1773 ἐπ’
3215 1719 3373 1772 αὑτὸν
3405 1722 3501 1788 τῆς
3535 1717 3717 1788 ἀρχῆς

2135 1817 2242 1870 τῶν
2273 1815 2775 1885 δημιουργημάτων
2805 1814 3147 1883 ἀναγομένης
3173 1827 3186 1841 ·
3225 1810 3322 1865 καί
3356 1810 3426 1865 τὰ
3455 1809 3537 1864 σὰ
3566 1809 3711 1878 ἐμὰ.

2133 1910 2208 1972 ὡς
2242 1908 2454 1960 ἐκεῖθεν,
2484 1906 2634 1975 αὑτῷ
2666 1906 2768 1972 τῆς
2806 1905 2985 1965 αἰτίας
3017 1902 3110 1956 τοῦ
3144 1902 3503 1972 δημιουργεῖν
3535 1900 3712 1972 καθη-

2135 2000 2358 2066 κούσης.
2378 1991 2477 2050 Ὧν
2506 1999 2561 2049 δὲ
2591 1997 2622 2065 ἡ
2651 1996 2878 2064 δύναμις
2910 1995 3021 2063 ἴση,
3052 1995 3141 2063 ἴση
3171 2010 3273 2047 που
3306 1994 3520 2055 πάντως
3552 1994 3646 2047 καί
3676 1996 3711 2061 ἠ

2135 2090 2386 2159 ἐνέργεια
2414 2106 2427 2119 ο
2479 2087 2709 2156 Χριστος
2745 2086 2850 2152 γὰρ
2883 2085 3018 2136 Θεοῦ
3053 2085 3281 2154 δύναμις
3316 2085 3410 2137 καὶ
3443 2086 3575 2137 Θεοῦ
3615 2102 3712 2136 σο-

2134 2184 2234 2251 φία
2263 2200 2275 2213 ο
2310 2183 2403 2235 καὶ
2432 2182 2573 2235 οῦτω
2605 2180 2779 2231 πάντα
2808 2178 2877 2231 δι’
2899 2178 3063 2231 αὑτοῦ
3096 2177 3331 2245 ἐγένετο.
3371 2177 3429 2230 ’0
3459 2179 3619 2240 αὐτὸς
3649 2178 3710 2229 δὲ

2135 2276 2411 2337 Βασίλειος
2450 2274 2594 2344 μάλα
2630 2273 2810 2333 καλῶς
2845 2273 3179 2341 παρίστησιν
3212 2272 3270 2323 ἐν
3302 2272 3413 2333 τοῖς
3456 2270 3576 2323 κατ’
3604 2271 3712 2323 Εὐ-

2133 2365 2323 2435 νομίου
2352 2366 2781 2435 ἁντιρῥητικοῖς,
2807 2363 3045 2431 ἐλέγχων
3071 2363 3300 2424 ἐκεῖνος,
3323 2362 3471 2422 ὅπως
3497 2361 3594 2430 τὴν
3622 2363 3713 2413 αἰ-

2133 2458 2254 2511 τίαν
2286 2457 2447 2524 μόνον
2475 2454 2552 2526 τῷ
2584 2458 2881 2523 Μονογενεῖ
2911 2454 3097 2518 ἐτίθει,
3125 2454 3376 2522 ἀφαιρῶν
3406 2453 3612 2521 ταύτην
3641 2456 3707 2506 ἐκ

2132 2548 2226 2603 τοῦ
2258 2548 2490 2620 Πατρὸς,
2518 2548 2611 2600 καὶ
2646 2547 2855 2616 ποίημα
2881 2545 2977 2599 τοῦ
3008 2545 3139 2599 Υἰοῦ
3167 2545 3226 2597 τὸ
3257 2544 3481 2613 Πνεῦμα
3505 2545 3705 2611 λέγων.

2144 2640 2202 2693 '0
2235 2640 2384 2708 ἅγιος
2419 2636 2806 2705 πιστούμενος,
2833 2636 2907 2699 ὡς
2938 2639 3031 2691 καὶ
3059 2640 3088 2690 ὁ
3120 2637 3308 2704 Πατήρ
3338 2636 3483 2690 ἐστιν
3510 2632 3703 2694 αἴτιος,

2133 2733 2228 2785 καί
2272 2732 2334 2784 οὐ
2387 2730 2548 2799 μόνος
2590 2732 2617 2782 6
2662 2729 2813 2791 Υἱὸς,
2858 2729 3057 2797 φησίν·
3096 2728 3304 2781 Ἐκεῖνο
3346 2728 3401 2783 δὲ
3448 2727 3554 2779 τίνι
3595 2727 3707 2778 τῶν

2132 2824 2389 2879 ἁπάντων
2413 2822 2626 2892 ἄδηλον,
2656 2822 2737 2874 ὅτι
2763 2820 2991 2888 οὐδεμία
3020 2821 3268 2889 ἐνέργεια
3292 2819 3387 2873 τοῦ
3415 2820 3542 2875 Υίοῦ
3572 2820 3707 2875 ἀπο-

2131 2918 2449 2986 τετμημένη
2501 2917 2619 2969 ἐστὶ
2663 2914 2757 2968 τοῦ
2813 2914 3046 2983 Πατρδς,
3094 2913 3342 2968 οὐδ’ἔστι
3392 2930 3445 2968 τι
3488 2916 3545 2967 ὲν
3592 2915 3708 2974 τοῖς

2132 3008 2253 3067 οὖσι
2286 3011 2365 3077 τῷ
2400 3009 2516 3077 Υίῷ
2553 3010 2794 3078 ὑπάρχον
2816 3047 2830 3069 .
2865 3007 2895 3060 ὃ
2926 3007 3019 3060 τοῦ
3061 3008 3270 3076 ιιατρὺς
3307 3007 3703 3076 ὴλλοτρὶωτακ

448 3083 713 3152 principia
746 3087 849 3141 sibi
879 3087 1115 3145 invicem
1148 3095 1428 3163 opposita,
1465 3112 1593 3152 cum
1645 3099 1945 3159 Manicharo
1972 3116 2025 3161 et

2135 3106 2336 3161 Πάντα
2365 3102 2496 3171 τὰρ,
2529 3100 2681 3170 φησὶ,
2712 3100 2783 3153 τὰ
2809 3099 2919 3166 ἐμὰ
2944 3097 3026 3151 σά
3052 3099 3206 3162 ἐστι,
3236 3098 3334 3153 καὶ
3366 3097 3437 3151 τὰ
3464 3096 3547 3151 σὰ
3571 3096 3703 3164 ἐμά.

446 3173 720 3234 “Nolunt!
781 3196 1003 3247 pessum
1043 3184 1142 3238 ibit
1172 3204 1187 3242 :
1217 3187 1314 3243 sed
1388 3189 1429 3245 si
1470 3206 1556 3247 res
1597 3207 1791 3251 omnes
1819 3197 1885 3249 ah
1918 3213 2022 3252 una

448 3280 613 3318 causa
672 3269 905 3333 pendere
943 3273 1075 3339 vult,
1110 3276 1256 3343 quod
1313 3277 1515 3332 factum
1548 3296 1576 3335 a
1610 3280 1749 3338 Filio
1785 3285 2016 3355 dicitur,

445 3356 517 3410 ad
550 3357 775 3426 primam
805 3378 1022 3416 causam
1058 3367 1312 3423 refertur.
1355 3368 1421 3423 Ut
1447 3373 1571 3427 licet
1601 3377 1780 3431 omnia
1820 3382 2023 3445 produ-

448 3456 538 3501 cta
579 3450 868 3508 credamus
902 3470 997 3519 per
1043 3456 1208 3512 Deum
1245 3457 1508 3525 Verbum,
1552 3464 1660 3523 Deo
1698 3478 1875 3524 tamen
1905 3473 2025 3527 uui-

452 3554 735 3595 versorum
770 3543 1037 3615 integrum
1100 3549 1232 3604 illud
1292 3567 1657 3619 reservemus,
1714 3569 1772 3613 ιιι
1808 3561 1921 3629 ipse
1952 3563 2022 3618 sit

454 3645 634 3686 rerum
695 3635 939 3690 omnium
987 3653 1175 3694 causa.
1209 3643 1386 3711 Atque
1418 3645 1489 3699 ita
1520 3646 1873 3719 intelligimus
1905 3668 2024 3709 cre-

452 3722 1014 3793 dimusqueasancto
1072 3746 1290 3803 quoque
1352 3734 1582 3791 Maximo
1636 3743 2015 3799 eausalitatem

456 3816 638 3869 reduci
684 3820 748 3869 ad
779 3818 1020 3877 Patrem.

2133 3195 2255 3257 Πῶς
2299 3193 2391 3246 οῦν
2431 3191 2526 3244 τοῦ
2571 3187 2889 3259 Πνεῦματος
2929 3188 3026 3257 τὴν
3072 3187 3252 3240 αἰτίαν
3292 3186 3368 3255 τῷ
3412 3187 3710 3251 Μονογενετ

2145 3287 2290 3357 μόνῳ
2320 3282 2683 3354 προστίθησι,
2717 3280 2809 3332 καὶ
2839 3280 3203 3349 κατηγόρημα
3233 3279 3330 3346 τῆς
3363 3278 3577 3344 φύσεως
3607 3278 3707 3329 αὖ·

2139 3377 2233 3431 τοῦ
2270 3377 2368 3447 τὴν
2401 3378 2591 3428 τούτου
2633 3372 2900 3443 λαμϐάνει
2937 3371 3334 3440 δημιουργίανς
3378 3369 3440 3422 Εἰ
3480 3369 3577 3435 μὲν
3614 3364 3705 3421 οὖν

2141 3467 2235 3521 δύο
2286 3466 2457 3536 ἀρχὰς
2511 3462 2959 3530 ἀντιπαρεξάγων
3012 3462 3267 3532 ἀλλήλαις
3315 3460 3489 3514 ταῦτά
3537 3477 3703 3531 φησι,

2145 3561 2282 3630 μετά
2324 3557 2626 3626 Μανιχαίου
2665 3554 2756 3609 καὶ
2789 3557 3115 3624 Μαρκίωνος
3152 3555 3570 3625 ωντριὸήσεται
3602 3569 3614 3580 ·
3657 3553 3706 3605 εἰ

2132 3651 2188 3703 δὲ
2223 3650 2351 3717 μιᾶς
2380 3648 2600 3711 ἐξάπτει
2630 3644 2697 3695 τὰ
2726 3643 2853 3695 ὄντα
2873 3685 2887 3709 ,
2918 3643 2977 3695 τὸ
3007 3644 3158 3713 παρὰ
3185 3642 3280 3695 τοῦ
3310 3641 3439 3694 Υἱοῦ
3472 3643 3708 3713 γεγενῆ-

2135 3743 2255 3796 σοαι
2295 3742 2584 3808 λεγόμενον
2615 3738 2748 3809 πρὸς
2778 3738 2876 3807 τὴν
2908 3737 3130 3806 πρώτην
3166 3737 3343 3790 αἰτίαν
3373 3738 3471 3805 τὴν
3500 3737 3705 3802 ἀναφοο

2135 3839 2233 3908 ραν
2260 3836 2391 3907 εχει.
2418 3834 2580 3885 Ὥστε
2610 3831 2711 3885 κᾶν
2738 3832 2914 3885 πάντα
2945 3832 3021 3894 είς
3046 3830 3106 3883 τὸ
3134 3826 3273 3882 εἷναι
3306 3847 3375 3880 πα
3388 3828 3580 3897 ρῆχθαι
3619 3826 3705 3879 διὰ

452 3908 548 3962 τοῦ
580 3910 715 3965 Θεοῦ
745 3914 919 3983 Λόγου
948 3917 1325 3988 πιστεύωμεν,
1352 3922 1488 3977 ἀλλὰ
1519 3924 1575 3977 τὸ
1638 3926 1853 3981 πάντων
1917 3932 2085 3985 αἴτιον
2124 3927 2263 3985 εἶναι
2290 3932 2385 3983 τὸν
2410 3929 2544 3983 Θεὸν
2570 3928 2677 3980 τῶν
2703 3926 2839 3981 ὅλων
2867 3927 2964 3979 οὐκ
2994 3923 3394 3994 ἀφαιρούμεθα.
3424 3924 3529 3975 Καὶ
3556 3922 3615 3976 οῦ
3628 3941 3698 3977 τω

420 4002 682 4073 ⁵νοοῦμεν
746 4009 839 4062 καὶ
873 4013 1197 4081 πιστεύομεν
1225 4017 1319 4070 καὶ
1346 4017 1438 4070 τὸν
1501 4021 1649 4090 ἱερὸν
1677 4022 1928 4095 Μάξιμον
1954 4027 2089 4097 πρὸς
2127 4028 2218 4082 τὸν
2248 4026 2468 4097 Πατέρα
2497 4024 2788 4094 ἀναφέρειν
2818 4024 2917 4085 τὴν
2944 4021 3146 4075 αἰτίαν.

1119 4103 1359 4163 EPHES.

520 4185 659 4251 Quid
694 4192 999 4257 pratterea?
1046 4190 1303 4261 Latinos,
1337 4198 1540 4267 inquit,
1601 4218 1883 4274 nunquam
1914 4207 2017 4260 ha-

449 4277 671 4333 buimus
708 4290 767 4335 ut
828 4283 1135 4352 lucreticos,
1192 4288 1286 4342 sed
1340 4298 1556 4347 tantum
1616 4294 2025 4354 schismaticos.

448 4368 815 4439 Sumpserunt
856 4383 1034 4429 autem
1078 4377 1181 4432 hoc
1205 4379 1362 4437 abiis
1394 4383 1525 4451 ipsis
1589 4384 1844 4455 Latinis;
1901 4404 2025 4443 nam

451 4460 527 4514 illi
571 4478 673 4518 nos
710 4473 910 4518 vocant
949 4468 1360 4533 schismaticos.
1416 4475 1553 4530 nihil
1598 4478 1886 4546 habentes,
1925 4496 2023 4535 cur

450 4568 553 4607 nos
585 4554 650 4608 de
685 4567 870 4611 nostra
902 4574 1162 4616 accusent
1205 4570 1508 4633 sententia,
1547 4570 1644 4625 sed
1694 4574 1958 4653 quoniam
1992 4588 2023 4627 a

448 4645 633 4701 debita
667 4647 795 4713 illis,
842 4660 1135 4722 utputant.
1182 4656 1519 4716 descivimus
1559 4663 1897 4721 obedientia.
1934 4646 2018 4722 Ᾱιι

451 4752 582 4792 vero
622 4740 691 4795 sit
720 4758 960 4811 acquum,
989 4761 1019 4799 a
1048 4748 1206 4804 nobis
1230 4750 1395 4805 etiam
1428 4752 1568 4809 idem
1600 4756 1710 4810 illis
1741 4762 2015 4827 praestari,

448 4839 505 4884 et
534 4837 828 4889 accusandi
865 4852 972 4893 non
1006 4839 1117 4896 sint
1143 4841 1208 4896 de
1234 4846 1505 4900 sententia
1531 4846 1637 4917 ipsi
1665 4864 1788 4913 sua,
1830 4852 2022 4909 consi-

446 4920 776 4982 derandum.

1139 5021 1337 5077 RESP.

520 5105 598 5160 Ita
632 5117 748 5172 est,
780 5108 853 5162 illi
878 5124 979 5166 nos
1016 5112 1255 5168 vicissim
1294 5116 1562 5173 vocabant
1617 5120 2023 5179 schismalicos.

444 5198 589 5263 Quid
617 5200 763 5254 enim
793 5202 1081 5270 culparent
1142 5205 1196 5260 in
1252 5207 1412 5264 nobis
1439 5207 1479 5277 ’ί-
1501 5210 1793 5267 orthodoxi
1830 5214 2024 5267 ortho-

444 5291 648 5345 coxis?
694 5292 750 5345 Si
793 5295 936 5349 enim
990 5311 1117 5350 vere
1157 5300 1212 5352 in
1275 5297 1378 5354 ﬁde
1433 5301 1509 5355 illi
1561 5314 1847 5369 errarent,
1909 5321 2018 5359 non

448 5379 865 5449 schismaticos,
901 5386 994 5440 sed
1049 5387 1339 5443 haereticos
1382 5405 1483 5446 nos
1551 5402 1835 5451 vocarent.
1889 5394 2024 5452 Nam

525 5560 570 5591 ’⁸
607 5558 765 5613 Joan.
798 5576 940 5627 xvu,
978 5564 1066 5619 10.

525 5736 637 5807 (li)
668 5736 819 5795 Orat.
844 5739 882 5792 »2
922 5750 1111 5798 contra
1142 5739 1493 5800 Eunomium.

1344 5938 1363 5965 Ι

2825 4113 3010 4166 ΕΦΕΣ.

2198 4206 2264 4259 Τί
2291 4204 2406 4271 ἔτις
2439 4203 2708 4257 Οὐδέποτε
2730 4241 2744 4267 ,
2774 4201 2905 4270 φησί
2923 4241 2936 4264 ,
2964 4201 3085 4261 τοὺς
3112 4199 3377 4260 Λατίνους
3401 4199 3475 4261 ὼς
3502 4201 3705 4270 αἱρετι-

2128 4299 2259 4360 κοὺς
2293 4298 2530 4367 εἴχομεν,
2568 4295 2705 4351 ἀλλὰ
2742 4295 2903 4359 μόνον
2940 4291 3359 4380 Σχισματικούς.
3400 4291 3569 4344 Τοῦτο
3605 4293 3704 4361 μὲν

2129 4390 2222 4443 οῦν
2248 4387 2376 4457 παρ’
2399 4386 2574 4439 αὐτῶν
2599 4383 2821 4438 ἐκείνων
2846 4381 3103 4451 εἰλήφασι
3123 4397 3138 4412 θ
3171 4383 3566 4450 σχισματικοὺς
3596 4384 3702 4451 γὰρ

2058 4522 2107 4582 D
2129 4484 2279 4555 ἡμᾶς
2313 4481 2509 4533 ἐκεῖνοι
2542 4476 2834 4539 καλοῦσιν,
2868 4474 3018 4526 οὐδὲν
3048 4473 3177 4544 ἡμῖν
3208 4473 3458 4541 ἐγκαλεῖν
3491 4472 3704 4581 ἔχοντες

2134 4573 2264 4642 περί
2287 4572 2385 4643 τὴν
2413 4570 2690 4639 ἡμετέραν
2718 4568 2895 4633 δόξαν,
2925 4566 3042 4619 ἀλλ’
3067 4567 3149 4620 ὅτι
3178 4566 3276 4635 τῆς
3303 4565 3579 4636 ὑποταγῆς
3609 4564 3708 4618 αὑ-

2128 4665 2238 4718 τῶν
2267 4663 2721 4733 ἀπεσχίσθημεν,
2754 4662 2819 4729 ἣν
2850 4658 3140 4729 ὀφείλομεν
3163 4698 3178 4723 ,
3210 4656 3284 4721 ὡς
3316 4658 3515 4710 ἐκεῖνοι
3549 4659 3704 4727 νομί-

2128 4756 2333 4822 ζουσιν.
2370 4756 2428 4808 Εἰ
2462 4754 2518 4808 δὲ
2553 4753 2646 4806 καὶ
2683 4754 2831 4822 ἡμᾶς
2862 4750 3020 4804 τοῦτο
3054 4749 3260 4803 δίκαιον
3292 4750 3515 4813 ἐκείνοις
3556 4752 3706 4803 ἀντι-

2127 4845 2484 4916 χαρίζεσθαι,
2521 4842 2615 4897 καὶ
2654 4842 2804 4896 οὐδὲν
2840 4841 3023 4902 αὐτοῖς
3062 4837 3403 4908 ἐγκαλοῦμεν
3442 4839 3569 4909 περὶ
3604 4841 3700 4909 τὴν

2128 4936 2309 5002 δόξαν,
2344 4936 2628 4989 σκεπτέον.

2811 5024 3017 5079 ΑΠΟΛ.

2200 5122 2323 5173 ’Ότι
2356 5119 2455 5191 μὲν
2483 5114 2579 5174 οὖν
2606 5118 2847 5171 κάκεῖνοι
2879 5115 3281 5185 Σχισματικοῦς
3312 5117 3459 5184 ἡμᾶς
3489 5116 3698 5183 ἔλεγον,

2128 5213 2327 5284 ἀληθές
2351 5229 2365 5243 ο
2401 5212 2452 5265 τί
2487 5211 2592 5282 γὰρ
2631 5210 2697 5265 ἂν
2733 5211 2826 5262 καὶ
2860 5204 3006 5273 εἰχον
3037 5209 3168 5278 ἡμῖν
3202 5209 3455 5273 ἐγκαλεῖν
3488 5208 3703 5277 690066-

2134 5306 2242 5370 ξοις
2271 5305 2412 5369 οὖσι,
2442 5306 2681 5357 κάκεῖνοι
2707 5301 2745 5372 νζ-
2771 5298 3037 5371 ὸρθόδοξοι
3063 5299 3245 5364 ὄντες
3277 5300 3335 5352 Εἰ
3362 5301 3469 5368 γὰρ
3498 5299 3699 5367 κυρίως

2128 5397 2407 5463 κακόδοξοι
2441 5396 2720 5465 ὑπῆρχον,
2756 5392 2816 5446 οὐ
2852 5392 3255 5463 Σχισματικοῦς
3291 5392 3436 5463 ἡμᾶς
3470 5390 3701 5445 ἐκάλουν
