3988 6216
445 293 549 360 159
607 366 619 377 .

1373 297 1755 358 GREGORII
1790 298 2092 359 MAMNMB
2121 300 2234 360 ΟΡ.
2270 296 2779 359 ΡΑΤῐὶῐΔΙὶΟιῐιΕ

3622 287 3726 351 tm

446 420 553 471 sati
597 435 609 471 :
640 428 694 475 et
727 420 865 473 hanc
886 417 955 473 ob
977 432 1196 472 causam
1226 433 1418 474 sumus
1479 421 1547 474 ah
1580 420 1689 475 illis
1715 420 2020 475 dissociati.
2052 422 2070 478 Α

2173 418 2258 471 οὖν
2301 418 2376 479 ὡς
2406 416 2724 489 αἱρετικοῦς
2769 413 2966 474 αὐτοὺς
3019 410 3483 478 ἀπεστράφημεν,
3510 409 3607 460 καὶ
3630 408 3721 461 διὰ

449 510 592 576 Quid
626 510 770 564 enim
809 509 952 562 aliud
982 524 1158 563 causa:
1194 509 1355 564 fuerit
1396 512 1606 565 ?Aiunt
1640 527 1767 566 vero
1830 513 1931 580 pia:
1967 514 2038 566 le-

448 618 543 671 ges
577 619 590 653 :
626 600 924 654 [hereticus
968 611 1072 664 est,
1108 612 1160 655 et
1212 602 1598 661 hmreticorum
1658 605 1870 674 legibus
1910 606 2039 661 sub-

413 760 425 770 O
446 693 610 761 jacet,
666 692 759 761 qui
788 692 869 747 vel
902 693 1189 749 minimum
1220 710 1251 748 ε
1281 706 1429 749 recta
1483 697 1589 751 (ide
1613 697 1875 751 declinat.

1128 873 1332 930 RESP.

528 962 649 1015 Non
689 962 793 1015 alia
824 963 889 1018 de
924 978 1111 1025 causa,
1141 966 1579 1034 quam'praadicta
1615 981 1755 1035 :qna
1829 982 2046 1036 permo-

457 1053 494 1104 ti
528 1055 1195 1125 argumentabantur,qui
1230 1068 1421 1111 contra
1485 1058 1605 1111 illos
1663 1061 1865 1128 scripta
1919 1059 2046 1113 ede-

459 1145 613 1208 bant,
643 1144 883 1198 absnrda
914 1162 1038 1215 quae
1068 1148 1393 1201 videbantur
1424 1164 1487 1201 ex
1537 1148 1915 1203 additamento
1955 1164 2043 1203 se-

457 1236 574 1302 qui,
608 1236 932 1304 objicieutes
968 1251 1022 1293 et
1051 1238 1287 1294 fatentes
1332 1240 1551 1309 quidem
1580 1240 1735 1305 illud,
1778 1240 1854 1294 Ex
1882 1240 2042 1304 Filio,

460 1342 650 1381 vocem
684 1343 806 1383 esse
830 1340 1147 1383 sanctorum
1184 1329 1430 1392 Patrum,
1485 1347 1708 1385 sensum
1775 1346 1906 1385 vero
1954 1347 2046 1385 ne-

462 1429 674 1486 gantes,
710 1428 873 1487 atque
900 1437 962 1473 ex
1001 1436 1062 1473 ea
1111 1422 1194 1475 vel
1238 1422 1344 1475 duo
1383 1423 1669 1492 principia,
1734 1423 1817 1475 vel
1853 1437 2045 1491 perso-

463 1526 655 1564 narum
681 1512 1060 1566 confusionem
1091 1515 1412 1568 inferentes.
1436 1515 1758 1584 Quanquam
1780 1517 1827 1570 si
1866 1517 1939 1569 ita
1964 1532 2050 1569 es-

466 1614 571 1668 set,
604 1619 711 1657 non
746 1603 949 1669 Latini,
987 1606 1082 1659 sed
1120 1609 1298 1661 sancti
1342 1594 1529 1661 Patres
1557 1616 1741 1661 essent
1774 1608 1826 1661 in
1860 1606 2047 1660 crimi-

463 1711 552 1761 ne,
590 1697 683 1766 qui
712 1698 873 1766 primi
910 1714 1096 1753 vocem
1144 1701 1284 1753 hanc
1337 1701 1588 1754 emisere.
1623 1699 1887 1754 Caeterum
1947 1699 2047 1764 illi,

464 1803 585 1855 quae
623 1790 775 1859 sequi
811 1789 1088 1858 aliquibus
1116 1791 1374 1845 videntur
1402 1807 1467 1845 ex
1499 1792 1601 1845 hac
1648 1807 1774 1846 voce
1798 1791 2053 1860 absurda,

465 1877 772 1946 subjiciunt
810 1882 1171 1936 anathemati:
1201 1882 1410 1937 idcirco
1444 1884 1596 1936 nullo
1652 1883 1810 1937 modo
1861 1899 2050 1937 sumus

468 1980 649 2023 mente
676 1973 931 2038 pertnoti,
964 1988 1073 2041 quo
1107 1989 1206 2027 nos
1239 1974 1353 2043 ipse
1385 1974 1638 2028 convicio
1690 1976 1914 2029 lacerat.
1942 1975 2053 2028 Nec

475 2079 601 2118 vero
635 2063 860 2119 Latinos
887 2067 1122 2119 aversati
1157 2082 1373 2122 sumus.
1418 2084 1472 2120 nt
1509 2068 1747 2123 absurda
1803 2078 1851 2122 et
1887 2069 2052 2135 impia

471 2157 872 2224 przedicantes;
905 2175 1027 2211 nam
1056 2161 1099 2214 si
1135 2160 1372 2215 absurda
1399 2169 1451 2213 et
1479 2160 1640 2229 impia
1669 2162 2053 2231 praedicarent,

468 2250 702 2303 ecclesia
771 2262 957 2305 nostra
979 2262 1032 2305 et
1087 2253 1445 2322 imperatores
1492 2255 1662 2307 Itostri
1709 2270 1816 2307 non
1874 2254 2056 2308 misis-

470 2340 864 2395 sentassiduas
896 2343 1192 2411 legationes
1248 2344 1312 2396 ad
1367 2343 1715 2413 ﬂagitaudam
1768 2345 2056 2413 synodum.

476 2433 777 2488 llatreticos
813 2435 958 2487 enim
996 2436 1063 2486 ab
1098 2432 1354 2489 Ecclesiae
1400 2450 1628 2503 corpore
1663 2437 1832 2491 semel
1854 2438 2062 2507 abscis-

473 2544 568 2584 sos
604 2528 859 2582 catholici
895 2527 1044 2581 nullo
1072 2528 1188 2582 loco
1221 2527 1428 2583 habent
1483 2545 1496 2581 :
1531 2538 1585 2583 at
1615 2544 1746 2582 vero
1769 2545 1799 2584 e
1834 2533 2059 2593 uestris,

479 2623 575 2690 qui
612 2622 877 2691 sapientia
932 2631 983 2675 et
1044 2621 1246 2675 virtute
1311 2621 1606 2690 plurimum
1664 2623 2065 2687 excelluerunt,

477 2715 745 2770 Macarius
767 2714 1221 2779 Nicomediensis,
1263 2723 1314 2769 et
1354 2714 1699 2785 Eutltymius,
1727 2715 1818 2784 qui
1880 2716 1944 2767 ad
1975 2732 2065 2769 se-

478 2806 602 2858 dem
642 2814 829 2874 postea
874 2806 1536 2875 Constantinopolitanam
1603 2815 1826 2860 eiectus
1874 2816 1979 2871 est,
2013 2814 2067 2860 ct

478 2895 714 2967 .lnasaph
752 2895 1041 2966 Ephesius,
1084 2908 1133 2951 et
1161 2898 1435 2951 Macarius
1498 2899 1668 2953 abbas
1740 2899 2062 2954 monasterii

483 2990 645 3045 titulo
683 2991 1120 3056 Pantocratoris,
1153 2992 1285 3046 illuc
1343 2991 1573 3061 profecti
1624 2992 2063 3047 benedictionem

483 3098 634 3153 papm
663 3083 1027 3151 accipiebant,
1070 3083 1203 3153 quin
1244 3086 1354 3138 imo
1387 3092 1440 3138 et
1474 3086 1565 3154 qui
1603 3087 1720 3140 haec
1784 3086 1903 3153 ipsa
1927 3086 2063 3140 scri-

483 3178 585 3241 hit,
619 3177 746 3231 fecit
776 3178 997 3245 quodet
1051 3179 1164 3233 alii.
1220 3177 1338 3232 Non
1395 3194 1527 3249 ergo
1589 3181 1825 3235 aversati
1873 3196 2063 3235 sumus

482 3285 578 3326 eos
611 3279 666 3323 ut
697 3271 1003 3325 haereticos.
1037 3269 1241 3325 Verum
1275 3272 1403 3340 quia
1434 3274 1602 3341 legem
1659 3274 1886 3342 profert,
1914 3272 2063 3327 Lati-

488 3363 541 3415 ni
606 3378 825 3429 quoqne
880 3363 1052 3433 legem
1117 3364 1416 3417 citabunt:
1486 3361 1766 3427 Neminem
1819 3363 2067 3417 videlicet

488 3453 735 3507 damnari
763 3454 1064 3508 absentem.
1098 3453 1206 3508 Lex
1241 3456 1385 3509 cnim
1438 3454 1510 3508 ita
1561 3454 1808 3523 prmCIpit
1840 3476 1852 3511 :
1911 3453 2066 3520 Quod

489 3545 535 3600 si
565 3559 695 3599 reus
735 3546 934 3599 citatus
970 3560 1075 3598 non
1096 3560 1152 3598 se
1184 3545 1362 3608 sistat,
1427 3560 1584 3614 ptena
1643 3555 1851 3598 tantum
1916 3553 2067 3597 lene-

491 3650 677 3700 netur,
703 3638 845 3705 quod
870 3638 1135 3705 judicium
1168 3637 1549 3701 declinaverit,
1573 3639 1751 3693 donec
1786 3639 1839 3691 in
1863 3637 1951 3705 jus
1978 3637 2073 3689 ad-

492 3731 747 3786 ducatur.
786 3731 1003 3785 licirce
1063 3741 1117 3785 et
1181 3746 1212 3785 e
1270 3731 1545 3802 diptychis
1586 3744 1919 3800 expunetum
1971 3730 2073 3783 fuit

496 3839 691 3876 nomen
727 3839 897 3889 papa'.
928 3822 1058 3877 Esse
1084 3838 1248 3892 porro
1279 3823 1618 3888 Itaereticum,
1651 3827 1745 3891 qui
1802 3825 1866 3878 de
1925 3831 2074 3877 recta

497 3918 601 3971 lide
632 3913 932 3978 deﬂexerit,
964 3933 1068 3969 non
1107 3932 1245 3984 opus
1272 3929 1356 3971 est
1389 3916 1598 3985 legibus
1627 3919 1874 3985 prchare
1912 3933 2074 3973 :nam

497 4022 826 4076 persuasum
857 4006 1061 4061 habent
1095 4008 1198 4061 hoc
1226 4023 1420 4063 omnes
1451 4008 1777 4073 Christiani,
1810 4018 1861 4062 et
1887 4008 2081 4077 prtedi-

497 4110 656 4154 t-atur
686 4100 754 4153 ab
791 4101 1045 4155 omnibus
1079 4111 1187 4154 tam
1235 4112 1361 4156 ante
1385 4102 1583 4170 legem,
1637 4116 1804 4172 quam
1854 4111 1976 4168 post
2006 4103 2081 4157 le-

500 4210 645 4262 gem.
682 4192 884 4247 Verum
921 4195 1022 4247 hoc
1057 4193 1193 4261 ipse,
1224 4210 1346 4247 cum
1374 4194 1447 4247 ibi
1509 4210 1752 4263 praesens
1818 4208 1971 4249 esset
2027 4204 2083 4249 et

499 4285 835 4355 disputaret,
865 4301 974 4339 non
1013 4284 1421 4339 demonsuavit
1453 4303 1470 4348 ;
1524 4287 1634 4339 imo
1688 4286 2083 4353 disputationis

502 4389 751 4446 tempore
788 4377 1223 4445 disputationem
1252 4378 1625 4443 detrectatit;
1682 4394 1807 4432 naut
1867 4380 1914 4433 si
1980 4379 2085 4434 hoc

2142 511 2301 564 τοῦτο
2324 510 2504 563 αὐτῶν
2538 506 2922 578 ὲχωρίσθημεν
2957 520 2972 536 ·
3008 503 3096 557 διά
3131 506 3183 554 τί
3232 503 3342 568 γὰρ
3369 500 3532 565 ἄλλος
3593 499 3731 569 φασὶ

2141 603 2251 672 γὰρ
2310 600 2359 653 oi
2435 597 2781 667 φιλευσεϐεῖς
2832 597 3022 662 νόμοι·
3086 592 3375 663 Λίρετικὸς
3428 593 3570 653 ἔστι,
3628 592 3725 642 καὶ

2143 697 2261 756 τοῖς
2319 692 2465 746 κατὰ
2504 691 2615 744 τῶν
2649 688 2947 759 αίρετικῶν
2984 687 3170 754 νόμοις
3212 684 3519 745 ὑπόκειται,
3579 683 3607 731 ὁ
3638 684 3731 733 καὶ

2149 787 2347 857 μικρὸν
2387 785 2524 855 γοῦν
2568 801 2622 837 τι
2665 781 3051 854 παρεκκλίνων
3085 779 3188 847 τῆς
3228 777 3394 848 ὀρθῆς
3429 776 3692 837 πίστεως.

2485 887 2488 891 ‘
2834 874 3040 928 ΑΠΟΛ.

2216 977 2317 1030 Διὰ
2349 974 2447 1044 τὴν
2497 968 2907 1041 προειρημένην
2954 964 3134 1017 αἰτίαν
3198 963 3290 1015 καὶ
3354 962 3544 1030 μόνην,
3608 957 3729 1011 καθ’

2147 1072 2213 1143 ἣν
2239 1069 2287 1122 οἱ
2323 1066 2443 1121 κατ’
2472 1064 2658 1117 αὐτῶν
2706 1059 3117 1129 συγγράφοντες
3153 1056 3338 1122 ἔλεγον
3367 1054 3436 1106 τὰ
3485 1053 3594 1105 ἀπὸ
3630 1051 3732 1143 τῆς

2148 1139 2472 1229 προσθήκης
2525 1152 2901 1214 ὑπονοούμενα
2962 1149 3142 1203 ἄτοπα
3201 1144 3582 1213 ἐγκαλοῦντες,
3638 1139 3737 1193 καὶ

2148 1253 2209 1305 τὸ
2250 1251 2349 1304 Ἐκ
2378 1247 2470 1300 τοῦ
2516 1246 2671 1308 Υῐοῦ,
2729 1241 3125 1312 ὁμολογοῦντες
3160 1238 3259 1305 μὲν
3305 1232 3447 1289 εἶναι
3478 1235 3589 1286 τῶν
3624 1234 3737 1286 Πα-

2150 1346 2325 1410 τέρων
2359 1340 2569 1408 φωνὴν,
2612 1337 2711 1406 τὴν
2740 1337 2796 1389 δὲ
2827 1336 3042 1387 ἔννοιαν
3095 1329 3447 1400 ἀρνούμενοι,
3508 1325 3604 1377 καὶ
3655 1323 3734 1385 ὡς

2152 1437 2230 1496 εἰς
2264 1434 2355 1484 δύο
2390 1431 2586 1500 ἀρχὰς,
2619 1426 3002 1497 ἢσυναλοιφὴν
3032 1422 3133 1490 τὴν
3172 1419 3356 1487 φωνὴν
3396 1414 3732 1482 ἀνάγοντες-ο

2153 1529 2328 1581 καίτοι
2361 1542 2422 1592 γε
2460 1524 2508 1575 εί
2535 1521 2692 1574 τοῦτο
2721 1516 2811 1590 ἦν,
2843 1518 2905 1571 οὐ
2946 1516 3082 1585 πρὸς
3116 1513 3313 1572 αὐτοὺς
3357 1509 3419 1562 τὸ
3450 1506 3729 1575 ἔγκλημα,

2154 1620 2289 1674 ἀλλά
2345 1618 2479 1688 πρὸς
2526 1614 2651 1675 τοὺς
2704 1612 2892 1678 ἁγίους
2922 1609 3171 1675 Πατέρας
3202 1604 3323 1665 τοὺς
3378 1600 3586 1668 ταύτην
3634 1600 3736 1666 τὴν

2134 1708 2341 1777 aptath
2395 1705 2626 1778 πρώτως
2669 1702 2961 1763 εἰπόντας·
2999 1698 3155 1751 αὐτοὶ
3189 1697 3244 1748 δὲ
3280 1696 3342 1747 ὲκ
3397 1694 3498 1761 τῆς
3546 1688 3734 1759 φωνῆς

2094 1798 2130 1851 Β
2162 1801 2367 1869 ταύτης
2419 1799 2801 1865 ὑπονοοῦμενα
2846 1795 3023 1847 ἄτοπα
3048 1791 3124 1859 τῷ
3168 1788 3472 1857 ἀναθέματι
3495 1784 3741 1836 καθυπο-

2153 1894 2440 1948 6άλλουσι,
2468 1891 2558 1943 Διὸ
2601 1889 2720 1942 οὐδὲ
2760 1885 3197 1953 διασεσεισμένοι
3220 1883 3356 1943 ὅλως
3385 1879 3478 1932 τὸν
3505 1877 3741 1945 ἐγκέφαο

2153 1990 2265 2051 λον,
2279 1987 2353 2050 ὡς
2372 1986 2533 2048 αὐτὸς
2553 1984 2699 2053 ἡμᾶς
2715 1980 3039 2048 διαλοιδορεῖ
3059 1997 3073 2009 ο
3093 1976 3209 2030 ἀλλ’
3229 1975 3337 2027 οὐδ’
3356 1973 3430 2037 ὡς
3450 1971 3625 2025 ἄτοπα
3648 1970 3745 2023 καὶ

2154 2077 2389 2143 δυσσεϐῆ
2424 2075 2792 2144 κηρὺττοντας
2818 2072 3016 2133 αὐτοὺς
3043 2069 3483 2137 ἀπεστράφημεν
3504 2077 3515 2089 ·
3549 2063 3599 2115 εί
3629 2061 3738 2129 γὰρ

2156 2175 2334 2227 ἄτοπα
2372 2171 2465 2224 καὶ
2496 2169 2734 2237 δυσσεϐῆ
2772 2168 3099 2234 ἐκήρυττον,
3133 2162 3236 2214 οὐκ
3268 2161 3331 2214 ἂν
3359 2161 3392 2228 ἡ
3427 2157 3552 2211 καθ’
3593 2157 3744 2226 ἡμᾶς

2170 2266 2470 2334 Ἐκκλησία
2493 2282 2552 2317 τε
2608 2263 2705 2315 καὶ
2747 2258 2995 2328 βασιλεία
3048 2257 3296 2324 συνεχεῖς
3336 2250 3631 2321 πρεσϐείας
3681 2249 3738 2301 ὲ-

2160 2360 2367 2423 ποίουν,
2400 2357 2617 2409 σύνοδον
2662 2352 2938 2413 αἰτοῦντες
2969 2349 3224 2417 γενέσθαι
3251 2362 3266 2376 ⁸
3298 2348 3424 2407 τοὺς
3456 2344 3564 2413 γὰρ
3589 2343 3742 2411 αἰρε-

2160 2450 2345 2512 τικοὺς
2404 2448 2553 2513 ἅπαξ
2582 2448 2677 2500 τοῦ
2703 2446 2806 2513 τῆς
2833 2444 3128 2511 ἐκκλησίας
3161 2440 3531 2508 πληρώματος
3602 2436 3745 2487 ἀπο-

2164 2544 2427 2610 τεμόντες
2450 2541 2498 2592 οί
2522 2538 2816 2607 ὀρθόδοξοι,
2850 2534 3100 2603 οὐδαμῶς
3137 2531 3351 2597 ἀξιοῦσι
3382 2530 3543 2598 λόγου
3566 2544 3581 2560 ο
3625 2525 3749 2580 ἀλλ’

2166 2637 2215 2688 οἱ
2252 2634 2512 2703 ἡμέτεροι
2541 2632 2590 2681 οἱ
2621 2631 2768 2682 κατὰ
2812 2628 3004 2695 σοφίαν
3050 2627 3147 2678 καὶ
3188 2625 3391 2694 ἀρετὴν
3424 2622 3750 2689 θαυμάσιοι,

2165 2724 2535 2796 Νικομηδείας
2566 2739 2624 2773 τε
2659 2720 2966 2786 Μακάριος,
3021 2717 3118 2769 καὶ
3160 2714 3433 2781 Εὐθύμιος
3459 2713 3487 2763 ὁ
3517 2708 3742 2764 ἐσύστε-

2169 2837 2259 2888 ρον
2308 2818 2401 2870 ἐπὶ
2457 2816 2554 2884 τὴν
2612 2812 2905 2882 προεδρίαν
2973 2809 3074 2877 τῆς
3110 2802 3749 2862 Κωνσταντινουπό).εως

2170 2908 2586 2980 προϐιϐασθεὶς,
2630 2905 2725 2959 καὶ
2778 2903 3015 2969 Ίωάσαφ
3056 2901 3083 2952 ὁ
3132 2899 3385 2967 Ἐφέσου,
3424 2899 3516 2951 καὶ
3543 2895 3743 2950 Maxi-

2172 3020 2286 3071 ριος
2320 3006 2346 3054 ὁ
2367 3004 2463 3070 τῆς
2502 2998 2672 3068 μονῆς
2706 2995 2800 3049 τοῦ
2848 2990 3303 3061 Παντοκράτορος
3336 2988 3741 3059 προϊστάμενος

2168 3096 2346 3145 ἐκεῖσε
2411 3088 2856 3159 παραγενόμενοι
2917 3085 3168 3150 εὐλογίαν
3202 3082 3353 3152 παρά
3403 3084 3498 3135 τοῦ
3544 3080 3749 3133 πάππα

2167 3186 2499 3255 ὲλάμὸανονα
2534 3183 2666 3237 ἀλλᾶ
2694 3180 2789 3234 καὶ
2811 3180 2975 3241 αὐτὸς
3002 3179 3030 3231 ὁ
3066 3178 3239 3230 ταῦτα
3284 3176 3514 3245 γράφων
3543 3173 3749 3243 ὁμοίως

2166 3281 2275 3340 τοῖς
2326 3277 2505 3339 ἄλλοις
2546 3274 2850 3342 πεποίηκεν
2882 3286 2895 3299 °
2936 3269 3138 3324 οὐκοῦν
3188 3270 3287 3338 οὐχ
3320 3268 3396 3331 ὡς
3433 3265 3750 3334 αἰρετικοὺς

2169 3372 2365 3433 αὐτοὺς
2403 3369 2858 3439 ἀπεστράφημεν.
2895 3364 3049 3418 Ἐπεὶ
3083 3365 3138 3417 δὲ
3165 3365 3261 3417 καλ⁸
3298 3364 3461 3432 νόμον
3500 3359 3740 3429 προδάλ·

2168 3462 2340 3524 λεται,
2374 3463 2466 3513 καὶ
2500 3461 2719 3513 Λατῖνοι
2746 3460 2908 3526 νόμον
2944 3457 3165 3526 ἐροῦσιν
3187 3472 3202 3488 ·
3239 3455 3315 3517 ὠς
3359 3453 3542 3507 Ἀπὼν
3572 3452 3757 3513 οὐδεὶς

2172 3554 2592 3618 καταδικάζεται
2619 3550 2801 3604 ὀὕτω
2850 3551 2959 3622 γάρ
3010 3566 3177 3619 φησιν
3214 3551 3242 3603 ὁ
3281 3548 3465 3617 νόμος·
3518 3546 3649 3600 Ἐὰν
3699 3545 3757 3600 δὲ

2173 3645 2392 3717 κληθεὶς
2420 3647 2448 3697 ὁ
2475 3642 2955 3713 κατηγορούμενος
2989 3643 3090 3694 οὐκ
3122 3642 3429 3711 ἀπαντήσει
3454 3680 3468 3702 ,
3525 3637 3604 3706 τῷ
3656 3637 3759 3705 τῆς

2174 3737 2520 3807 φευγοδικίας
2549 3737 2643 3789 καὶ
2686 3736 2845 3805 μόνον
2875 3733 3163 3787 ὑπόκειται
3216 3735 3501 3800 ἐπιτιμίῳ,
3540 3729 3647 3792 ἕως
3694 3718 3759 3780 οὗ

2176 3831 2464 3901 ἀπαντήσῃ
2492 3831 2570 3893 εἰς
2601 3828 2661 3881 τὸ
2691 3832 2997 3897 κριτήριον.
3032 3826 3129 3878 Διὰ
3168 3823 3325 3876 τοῦτο
3377 3822 3473 3874 καὶ
3516 3820 3626 3873 τῶν
3675 3820 3760 3872 δι-

2178 3924 2400 3991 πτύχων
2435 3922 2497 3974 τὸ
2525 3920 2620 3974 τοῦ
2654 3922 2859 3989 πάππα
2905 3920 3074 3986 ὄνομα
3131 3914 3397 3985 ἐξεϐλήθη
3430 3915 3442 3966 !
3492 3914 3575 3966 ὅτι
3627 3912 3687 3964 δὲ
3724 3912 3754 3962 ὸ

2180 4006 2445 4067 ἐκκλίνων
2476 4012 2576 4078 τῆς
2619 4012 2908 4082 ὀρθοδόξου
2962 4011 3200 4070 πίστεως
3247 4004 3527 4075 αἱρετικὸς
3578 4006 3751 4065 ἔστιν,

2179 4108 2240 4160 οὑ
2290 4106 2450 4175 χρεία
2477 4104 2680 4174 νόμον
2719 4103 2921 4163 πάντες
2971 4101 3080 4169 γάρ
3126 4100 3176 4152 οἱ
3218 4095 3539 4168 Χριστιανοὶ
3586 4093 3750 4147 τοῦτο

2184 4200 2505 4255 πιστεύουσι
2535 4199 2630 4251 καὶ
2660 4195 2994 4264 κηρύττουσι
3024 4193 3119 4245 καὶ
3149 4194 3256 4261 πρδ
3293 4189 3387 4243 τοῦ
3439 4188 3632 4256 νόμον,
3665 4185 3766 4240 καὶ

2188 4292 2326 4361 μετᾶ
2351 4291 2439 4342 τὸν
2468 4290 2657 4357 νόμον.
2695 4286 2833 4338 Ἀλλ’
2863 4286 2962 4337 οὐκ
2993 4282 3242 4346 ἀπέδειξε
3268 4281 3426 4334 τοῦτο
3449 4281 3628 4332 ἐκεῖσε
3658 4293 3760 4328 πα-

2190 4386 2299 4457 ρὼν
2330 4385 2425 4438 καὶ
2453 4381 2875 4448 διαλεγόμενος;
2918 4376 3056 4430 ἀλλὰ
3115 4375 3318 4444 μᾶλλον
3362 4375 3420 4426 ὲν
3464 4372 3542 4440 τῷ
3592 4369 3769 4441 καιρῷ

505 4471 961 4531 demonstrasset,
1006 4469 1190 4522 nullus
1248 4470 1480 4523 omnino
1542 4470 1887 4525 Christianus
1925 4472 2070 4524 unio-

2192 4481 2289 4546 τῆς
2319 4473 2605 4539 διαλέξεως
2637 4472 2912 4525 ἀπείπατο
2938 4472 3037 4537 τὴν
3082 4467 3318 4531 διάλεξιν
3340 4482 3353 4496 ’
3385 4468 3432 4518 εί
3465 4465 3572 4533 γάρ
3602 4462 3765 4515 τοῦτο

508 4577 631 4617 nem
667 4576 791 4615 cum
818 4561 1027 4617 Latinis
1092 4562 1437 4628 admisisset,
1468 4563 1771 4633 praasertim
1829 4562 2088 4617 Ecclesia

509 4654 795 4727 przeules.
827 4663 882 4709 et
907 4655 1094 4710 clerici
1128 4656 1223 4725 qui
1246 4656 1720 4725 subscripserunt.
1742 4655 1916 4711 Nemo
1941 4657 2088 4710 enim

511 4750 627 4801 sive
662 4748 866 4814 minor,
900 4748 1015 4802 sive
1048 4748 1220 4818 major
1255 4749 1464 4804 Christi
1495 4749 1767 4804 beneﬁcio
1826 4751 2094 4805 voluisset

513 4841 799 4909 Suscipere
827 4844 1087 4897 unionem
1140 4840 1489 4907 Latinorum,
1546 4843 1592 4897 si
1654 4844 2095 4899 demnnstrassct

516 4933 633 5001 ipse
668 4949 779 4988 non
813 4944 965 4989 recte
1001 4934 1125 4990 illos
1160 4935 1388 4990 sentire.
1455 4936 1562 4991 Sed
1627 4934 2093 5005 quemadmodum

515 5027 570 5081 in
600 5026 705 5080 hac
728 5027 960 5095 epistola
980 5042 1193 5092 vocem,
1218 5028 1295 5081 Ex
1322 5030 1463 5094 solo,
1489 5029 1835 5098 pronuntiat:
1860 5030 1933 5082 ita
1964 5041 2101 5096 quo-

515 5138 623 5189 que
656 5119 731 5175 ibi
765 5136 888 5173 cum
918 5120 1020 5175 hoc
1053 5122 1223 5187 idem,
1266 5119 1344 5175 Ex
1396 5122 1539 5187 εοΙιο,
1611 5122 1862 5186 inferret,
1923 5120 2100 5173 Latini

518 5213 742 5269 Patrum
778 5210 1097 5266 testimonio
1128 5212 1407 5281 prOtulere
1440 5227 1453 5264 :
1483 5212 1601 5280 ipse
1662 5226 1791 5265 vero
1845 5208 2099 5277 disputa-

523 5325 581 5363 re
611 5308 852 5379 amplius
885 5307 1084 5373 noluit,
1118 5322 1219 5362 nec
1254 5308 1481 5360 omnino
1510 5305 1577 5359 ad
1620 5303 1889 5375 synodum
1946 5316 2106 5356 acce—

522 5403 655 5457 dere
680 5402 858 5457 voluit
900 5419 913 5455 :
949 5416 1074 5457 cum
1103 5409 1284 5456 tamen
1317 5401 1365 5454 is
1397 5400 1490 5469 qui
1520 5415 1641 5453 cunt
1677 5413 1743 5453 co
1769 5396 2105 5466 disputabat,

529 5509 808 5568 praesente
836 5498 1197 5568 imperatore,
1240 5506 1295 5552 et
1322 5495 1707 5566 nptimatibus,
1743 5501 1799 5546 et
1856 5489 2108 5561 przesuli-

528 5592 657 5656 bus,
685 5592 1023 5645 etuniverso
1062 5593 1268 5662 populo
1299 5589 1563 5643 clamaret
1603 5605 1617 5642 :
1676 5584 1920 5640 Accedat
1976 5582 2100 5636 volo

532 5680 793 5737 dominus
848 5683 1187 5737 reverendus
1252 5679 1542 5748 Ephesius,
1602 5685 1661 5731 ut
1726 5673 2113 5744 responsiones

536 5773 721 5831 audiat
756 5774 822 5832 ad
847 5786 911 5828 ca
948 5788 1066 5844 qum
1090 5774 1250 5841 dixit,
1295 5772 1594 5840 reddatque
1616 5766 1882 5823 rationem
1916 5763 1980 5819 de
2023 5762 2107 5818 iis.

2193 4569 2568 4630 ἀπεδείκνυεν,
2605 4565 2779 4627 οὐδεὶς
2826 4565 2892 4617 ἂν
2924 4563 3268 4631 Χριστιανοῖς
3305 4558 3564 4611 συνέθετο
3601 4572 3771 4607 κατα-

2194 4664 2453 4730 δέξασθαι
2504 4662 2604 4731 τὴν
2644 4661 2753 4713 τῶν
2815 4657 3064 4712 Λατίνων
3108 4655 3326 4716 ἕνωσιν,
3379 4651 3471 4703 καὶ
3528 4647 3772 4717 μάλιστα

2194 4758 2243 4809 οἱ
2273 4756 2371 4823 τῆς
2398 4751 2724 4821 Ἐκκλησίας
2772 4748 3076 4819 προστάται
3105 4745 3201 4799 καὶ
3233 4741 3492 4813 κληρικοὶ
3528 4737 3777 4807 ὑπογρά-

2196 4848 2396 4918 ψαντες
2418 4864 2433 4878 ⁸
2458 4846 2634 4906 οὐδεὶς
2662 4842 2771 4913 γὰρ
2797 4843 2884 4895 διὰ
2906 4839 3007 4906 τῆς
3034 4841 3255 4908 χάριτος
3288 4836 3383 4888 τοῦ
3416 4831 3679 4903 Χριστοῦ,
3705 4830 3771 4884 οὐ

2202 4939 2421 5011 μικρὸς,
2470 4938 2532 4989 οὐ
2573 4937 2766 5005 μέγας,
2799 4933 3033 5003 ἠθέλησε
3089 4925 3495 4992 καταδέξισθαι
3526 4924 3631 4993 τὴν
3667 4923 3780 4974 τῶν

2202 5030 2443 5086 Λατίνων
2480 5028 2695 5090 ἕνωσιν,
2720 5026 2766 5077 εί
2782 5023 2944 5085 αὐτος
2965 5020 3323 5075 ἀπεδείκνυεν
3339 5017 3537 5077 αὐτοὺς
3555 5014 3781 5068 κακοδό-

2206 5118 2350 5183 ξουςο
2382 5118 2497 5171 ἀλλ’
2515 5118 2701 5185 ὥσπερ
2728 5117 2781 5167 ἐν
2797 5114 2968 5182 ταύτῃ
2986 5116 3051 5181 τῇ
3074 5112 3336 5179 επιστολῇ
3365 5110 3426 5161 τὸ
3451 5108 3549 5161 Ἐκ
3575 5106 3770 5174 μόνον,

2203 5214 2376 5280 λέγει,
2419 5210 2564 5262 οὕτω
2600 5210 2824 5261 κάκεῖσε
2850 5206 2911 5258 τὸ
2964 5206 3062 5255 Ἐκ
3116 5203 3302 5273 μόνου,
3356 5197 3780 5270 συμπεραίνων,

2208 5306 2257 5357 οἱ
2297 5306 2518 5357 Λατῖνοι
2552 5303 2650 5362 τὰς
2704 5299 2813 5351 τῶν
2849 5298 3110 5365 Πατέρων
3149 5293 3458 5365 μαρτυρίας
3510 5288 3787 5360 προκομί-

2213 5411 2443 5459 σαντες,
2485 5392 2647 5451 uoca;
2688 5388 3007 5459 ἀπηνῄνατο
3067 5386 3166 5455 τὴν
3229 5382 3485 5447 διάλεξιν,
3541 5379 3790 5450 μηδόλως

2212 5484 2475 5553 ἐθελήσας
2527 5478 2873 5548 ἀπαντῆσαιο
2927 5478 3108 5532 καίτοι
3149 5492 3213 5543 γε
3254 5474 3345 5527 τοῦ
3394 5471 3789 5543 προσδιαλεγο-

2219 5577 2385 5646 μένου
2428 5574 2660 5644 βοῶντος
2717 5570 2953 5625 ἐνώπιον
3005 5569 3299 5639 βασιλέως,
3342 5566 3436 5617 καὶ
3487 5563 3788 5632 ἀρχόντων,

2218 5668 2310 5719 καὶ
2348 5666 2680 5737 ἀρχιερέων,
2715 5666 2809 5719 καὶ
2842 5665 3041 5725 παντδς
3091 5662 3186 5715 τοῦ
3248 5658 3402 5719 λαοῦ,
3458 5658 3547 5709 τὸν
3602 5653 3790 5723 κύριον

2220 5759 2309 5813 τὸν
2339 5758 2618 5829 αἰδέσιμον
2648 5757 2735 5811 τὸν
2766 5756 2995 5826 Ἐφέσου
3032 5754 3200 5809 ἐθέλω
3233 5752 3425 5817 ἐλθεῖν,
3462 5749 3545 5801 ἵνα
3574 5744 3782 5813 ἀκούσῃ
