3988 6216
254 270 354 336 161

1528 268 1836 331 CONTRA
1884 266 2167 331 EPHESI
2179 267 2227 327 U
2241 266 2314 326 Μ.

3432 264 3531 328 1θῖ

248 383 353 444 τὰς
382 378 684 449 ἀπολογίας
723 381 805 445 είς
837 380 873 434 ἃ
926 382 1132 457 ἐκεῖνος
1182 378 1328 447 εἷπε,
1372 383 1466 435 καὶ
1510 382 1670 451 λόγον
1698 388 1836 439 ἀπο-

1944 382 2007 436 At
2039 382 2154 450 ipse
2188 379 2361 433 noluit
2392 377 2657 433 accedere
2691 376 2876 432 multis
2897 390 3032 433 sane
3058 376 3306 432 omnium
3333 381 3532 433 cohor-

246 472 469 527 δοῦναι.
508 470 656 523 Ἀλλ’
686 472 785 523 οὐκ
816 470 1083 540 ἠθέλησεν
1110 472 1448 542 ἀπαντῆσαι,
1486 472 1656 524 πολλὰ.
1689 472 1839 541 παρᾶ

246 566 478 619 πάντων
531 565 922 632 ἀναγκασθείς.
979 564 1103 628 Πῶς
1151 561 1246 619 οὖν
1300 564 1476 618 ταῦτα
1517 564 1669 632 λέγει
1722 564 1838 626 νῦν,

247 651 285 703 ἃ
315 652 445 718 μήτ’
473 651 627 704 ἄλλοι
678 649 853 715 εἷπον,
900 654 1025 723 μήτ’
1058 654 1221 716 αὐτὸς
1254 654 1486 724 ἐδυνήθη
1517 656 1839 720 ἁποδεῖξαι;

250 745 473 797 Ἐκεῖσε
505 742 601 799 οὖν
638 746 893 817 ὑπῆρχεν
929 749 961 816 ή
1005 749 1175 817 πάλη,
1208 750 1304 802 καὶ
1331 751 1382 801 οί
1433 749 1603 817 λόγοι,
1661 752 1756 802 καὶ
1787 751 1843 803 αἱ

251 838 571 904 ἀπολογίαι,
609 839 705 891 καὶ
751 840 853 891 οὐκ
881 840 1149 909 ἠθέλησεν
1206 843 1547 912 ἀπαντῆσαι.
1605 843 1701 895 καὶ
1746 842 1843 895 νῦν

251 928 410 996 λέγει
438 931 539 983 ὅσα
566 934 660 984 καὶ
698 932 985 1002 βούλεται·
1020 936 1100 987 διὸ
1135 935 1255 988 οὐδὲ
1282 936 1441 1004 χρεία
1469 936 1674 1007 πολλῆς
1706 938 1843 991 ἁπο-

252 1025 448 1090 ὶ.ογίας
484 1066 500 1078 .

940 1118 1135 1175 ΕΦΕΣ.

330 1210 393 1260 El
427 1206 526 1277 μὲν
557 1209 652 1262 οὖν
686 1211 843 1263 οὐδέν
885 1228 941 1264 τι
999 1212 1469 1282 παρεκκλίνουσιν
1520 1216 1573 1268 οἱ
1622 1216 1842 1268 Λατῖνοι

253 1300 355 1368 τῆς
381 1302 557 1370 ὀρθῆς
591 1303 851 1365 πίστεως,
879 1305 1057 1372 μάτην
1085 1305 1286 1368 αὐτοὺς
1314 1307 1391 1369 ὡς
1438 1307 1616 1360 ἔοικεν
1644 1307 1844 1360 ἀπεκό-

250 1392 441 1461 ψαμεν
469 1410 484 1424 ο
524 1395 575 1445 εί
606 1394 663 1446 δὲ
693 1394 1153 1463 παρεκκλίνουσιν
1184 1397 1341 1460 ὅλως,
1383 1401 1473 1453 καὶ
1504 1397 1679 1452 ταῦτα
1712 1400 1844 1468 περὶ

254 1483 355 1552 τὴν
394 1483 683 1552 θεολογίαν
713 1484 807 1537 τοῦ
870 1485 1211 1555 Πνεύματος,
1260 1490 1339 1551 είς
1367 1489 1394 1541 ὂ
1444 1488 1842 1560 βλασφημῆσαι

256 1575 531 1629 κινδύνων
564 1578 593 1628 6
630 1577 1043 1645 χαλεπώτατος,
1078 1580 1349 1649 αἱρετικοί
1398 1582 1538 1633 εἰσιν
1584 1582 1715 1651 ἄρα,
1746 1582 1843 1636 καὶ

260 1669 335 1730 ὡς
369 1670 682 1731 αἰρετικοῦς
716 1670 911 1731 αὐτοὺς
936 1671 1318 1741 ἁπεκόψαμεν.

950 1765 1159 1819 ΑΠΟΛ.

306 1852 471 1903 Ἐἴτε
533 1855 984 1920 παρεκκλίνουσιν
1036 1861 1143 1910 εἴτε
1209 1859 1306 1927 μὴ,
1348 1861 1839 1929 προαποδέδεικται

265 1941 345 1993 Τδ
375 1942 430 1993 δὲ
460 1942 850 2014 βλασφημῆσαι
884 1965 948 1999 πε
961 1949 1014 2017 ρὶ
1036 1949 1134 2019 τήν
1163 1950 1442 2017 θεολογίαν
1465 1952 1557 2004 τοῦ
1593 1954 1842 2022 Πνεύμα-

262 2051 371 2095 τος,
406 2037 557 2098 ὅπως
590 2039 620 2089 6
664 2038 869 2109 Κὺριος
897 2042 958 2093 τό
1012 2060 1070 2095 τε
1104 2045 1218 2106 τοῖς
1274 2044 1556 2104 Ἰουδαίοις
1594 2047 1838 2116 εἴρηκεν,

255 2129 357 2179 οὐκ
384 2124 505 2181 οἶδα
534 2131 651 2193 πῶς
683 2133 872 2200 ἀγνοεῖ
894 2150 908 2165 ο
945 2135 1108 2205 ἡμεῖς
1149 2137 1259 2206 γὰρ
1297 2140 1379 2201 είς
1428 2140 1702 2209 ὁποτέραν
1733 2141 1843 2192 τῶν

257 2219 428 2271 θείων
458 2222 815 2276 ὑποστάσεων
852 2224 1249 2297 βλασφημήσει
1286 2247 1390 2303 τις,
1431 2231 1717 2293 κινδύνων,
1752 2231 1840 2283 λέ-

254 2328 453 2379 γομεν,
496 2316 649 2367 ἐστὶν
678 2318 706 2369 6
734 2316 1122 2385 χαλεπώτατος
1146 2338 1161 2353 ·
1220 2323 1417 2391 ἐπίσης
1458 2325 1566 2391 γὰρ
1620 2326 1687 2377 τὰ
1721 2326 1840 2377 θεῖα

254 2406 532 2470 πρΰσωπα
569 2407 943 2478 ὁμολογοῦμεν
972 2410 1028 2463 ἐν
1058 2429 1117 2464 τε
1158 2414 1421 2484 ὰῖδιότητι
1471 2420 1564 2467 καὶ
1609 2417 1839 2485 δυνάμει

258 2496 357 2546 καὶ
393 2495 642 2567 θεότητι·
690 2502 784 2552 καὶ
809 2500 866 2563 ὃς
902 2505 981 2565 εἰς
1020 2504 1316 2574 πρόσωπον
1366 2507 1476 2560 τῶν
1525 2508 1839 2576 θεαρχικῶν

256 2590 614 2643 ὑποστὰσεων
648 2592 1059 2665 βλασφημήσει,
1094 2599 1191 2667 οὐχ
1224 2599 1337 2663 ἔξει
1383 2600 1578 2668 ἄφεσιν
1608 2601 1733 2654 οὔτε
1780 2604 1839 2654 ἐν

256 2680 335 2745 τῷ
380 2679 477 2731 νῦν
523 2682 702 2745 αἰῶνι,
741 2683 864 2736 οὔτε
922 2688 977 2737 ἐν
1027 2687 1105 2753 τῷ
1161 2689 1425 2757 μέλλοντι.
1481 2689 1653 2743 Τοῦτο
1694 2694 1785 2745 καὶ
1814 2696 1841 2746 6

262 2772 439 2837 μέγας
480 2773 802 2837 Ἀθανάσιος
832 2778 889 2829 ὲν
922 2781 988 2845 τῇ
1028 2779 1289 2849 ἐξηγήσει
1338 2782 1431 2835 τοῦ
1476 2784 1837 2851 εὖαγγελικοῦ

260 2860 453 2928 ῥητοῦ,
477 2861 793 2933 Πάνταμοι
817 2867 1144 2935 παρεδόθη,
1170 2871 1494 2927 διαϐεϐαιοῖ.
1528 2876 1586 2927 ὐ
1614 2876 1727 2946 γὰρ
1756 2880 1834 2938 είς

258 2954 528 3021 ὁποτέραν
552 2957 685 3025 φησι
737 2958 845 3011 τῶν
875 2960 1039 3013 θείων
1082 2963 1441 3019 ὑποστάσεων
1487 2969 1836 3038 βλασφημῶν

255 3040 482 3112 οὐχέξει
506 3044 701 3109 ἄφεσιν
727 3048 853 3100 οὔτε
876 3052 935 3101 ἐν
958 3050 1034 3119 τῷ
1059 3052 1153 3104 νῦν
1176 3056 1355 3121 αῐῷνι,
1373 3057 1497 3111 οὕτε
1525 3062 1580 3111 ὲν
1604 3062 1681 3130 τῷ
1706 3063 1832 3131 μέλ-
1864 3077 1911 3129 c

258 3136 433 3192 λοντι.
470 3139 579 3191 Καὶ
600 3141 943 3210 Γρηγόριοςὸ
995 3146 1259 3213 Θεολόγος
1301 3147 1446 3201 οὕτω
1471 3152 1739 3219 φησίν·ὡ;
1769 3154 1837 3205 Ὅ

258 3243 314 3279 τι
336 3227 403 3277 ἂν
433 3230 538 3279 τῶν
559 3232 728 3301 τριῶν
753 3234 903 3285 κάτω
930 3234 1117 3307 βάλῃς,
1147 3239 1207 3291 τὸ
1228 3240 1333 3291 πᾶν
1356 3239 1452 3309 ἔσῃ
1477 3241 1836 3312 καθῃρηκὼς,
1898 3292 1903 3297 .

257 3320 357 3371 καὶ
406 3326 614 3391 σεαυτῲ
662 3326 759 3395 τήν
799 3326 1102 3382 τελείωσιν.
1134 3331 1242 3383 Καὶ
1289 3334 1336 3385 oi
1386 3333 1609 3388 Λατῖνοι
1644 3335 1738 3390 οὖν
1774 3339 1838 3389 ὲκ

258 3410 369 3461 τῶν
416 3414 583 3480 τριῶν
615 3416 766 3467 οὐδὲν
797 3419 950 3471 κάτω
1002 3420 1291 3488 βάλλουσιν
1316 3443 1329 3458 ·
1363 3426 1562 3494 ἐπίσης
1613 3431 1724 3498 γὰρ
1771 3431 1839 3483 τὰ

258 3502 377 3554 θεῖα
407 3506 679 3573 πρόσωπα
710 3511 1065 3578 ὁμολογοῦσιν
1101 3514 1156 3566 ἐν
1186 3532 1243 3567 τε
1274 3517 1503 3587 δυνάμει
1529 3522 1622 3572 καὶ
1653 3524 1813 3592 κυριὸ

254 3612 381 3660 τητι
418 3601 510 3648 καὶ
553 3597 793 3669 θεότητι,
829 3605 919 3655 καὶ
948 3606 1233 3675 ἁῖδιότητι.
1272 3609 1398 3672 Πῶς
1428 3610 1522 3665 οὖν
1550 3614 1721 3681 λέγει,
1754 3616 1837 3668 ὅτι

256 3688 336 3748 είς
366 3689 427 3738 τὸ
466 3690 693 3758 Πνεῦμα
723 3695 782 3744 τὸ
814 3694 970 3760 ἅγιον
1008 3696 1436 3771 βλασφημοῦσι;
1472 3704 1642 3756 Πόθεν
1678 3708 1839 3761 τοῦτο

256 3778 450 3849 μαθὼν
475 3781 662 3850 ).ἐγει;
699 3784 820 3838 Ὅτι
854 3788 909 3839 δὲ
946 3787 1115 3855 λέγει,
1153 3793 1423 3861 αἱρετικοί
1468 3798 1597 3859 είσι,
1627 3800 1718 3850 καὶ
1762 3801 1837 3864 ὡς

252 3873 569 3942 αίρετικοϋς
600 3878 796 3939 αὐτοὺς
843 3881 1228 3951 ἀπεκόψαμεν,
1267 3885 1672 3957 ἀναμνησθήτω
1708 3891 1838 3959 πρό-

249 3982 417 4035 τερον
462 3966 707 4020 Ίωάννου
738 3969 832 4022 τοῦ
873 3973 1203 4042 Ἀντιοχείας
1234 3979 1328 4029 καὶ
1360 3979 1632 4046 Κυρίλλου
1665 3997 1678 4012 ο
1726 3983 1834 4050 ἀμ-

250 4058 479 4126 φότεροι
530 4058 636 4126 γὰρ
683 4062 779 4126 τῆς
816 4064 981 4131 ὀρθῆς
1031 4067 1269 4131 πίστεως
1316 4072 1543 4138 εἴχοντο,
1580 4073 1716 4125 ἀλλά
1748 4074 1833 4126 διὰ

250 4150 312 4199 τὸ
345 4150 422 4216 μὴ
465 4153 794 4219 προσμεῖναι
822 4153 913 4204 τὸν
943 4154 1232 4224 Κύριλλον,
1276 4159 1411 4211 ἀλλὰ
1440 4162 1830 4232 ἀποφήνασθαι

252 4242 397 4293 κατὰ
431 4241 737 4310 Νεστορίου
795 4246 900 4313 πρὸ
932 4246 1029 4299 τοῦ
1082 4251 1493 4318 παραγενέσθαι
1529 4257 1618 4305 τὸν
1653 4254 1834 4307 Ἰωάν-

251 4333 548 4397 νηνριατὰ
581 4334 853 4401 Κυρίὶλου
884 4337 979 4389 τοῦ
1016 4338 1161 4390 θείου
1199 4341 1247 4392 οἱ
1284 4343 1410 4411 περὶ
1439 4345 1528 4394 τὸν
1578 4345 1834 4417 Ἰωάννην

1947 473 2252 527 tationibus
2283 471 2638 526 sollicitatus.
2669 471 2957 537 Quomodo
2982 486 3115 542 ergo
3182 487 3327 527 nunc
3343 488 3405 528 ea
3446 474 3533 529 di-

1944 565 2040 628 cit,
2081 580 2200 632 qua:
2241 579 2340 617 nec
2375 564 2441 615 ab
2465 563 2586 617 aliis
2616 564 2761 616 dicta
2802 571 2953 624 sunt,
2988 578 3091 617 nec
3151 564 3221 616 ab
3265 564 3385 632 ipso
3438 565 3531 618 dc-

1946 655 2242 710 monstrari
2276 663 2573 723 potuerunt
2600 656 2623 707 ?
2651 655 2727 708 ibi
2767 656 2908 709 lucta
2980 670 3120 719 erat,
3170 657 3243 709 ἰΙιὶ
3274 657 3528 726 disputa-

1948 747 2124 798 tiones
2155 754 2207 797 et
2244 746 2638 811 responsiones
2666 787 2679 809 ,
2720 754 2773 797 et
2813 747 2986 799 noluit
3039 748 3301 801 accedere
3332 765 3344 800 :
3380 761 3529 801 nunc

1945 836 2078 889 dicit
2109 850 2445 905 quaecunque
2477 838 2617 890 vult.
2656 838 2843 908 Itaque
2885 853 2992 891 non
3062 856 3198 907 opus
3251 847 3335 893 est
3367 839 3525 909 longa

1946 929 2322 997 restionsione.

2617 1067 2860 1124 EPHES.

2018 1203 2071 1258 Si
2116 1205 2284 1273 igitur
2318 1207 2500 1261 Latini
2523 1223 2551 1259 a
2586 1218 2736 1262 recta
2775 1207 2875 1261 (ide
2898 1206 3032 1259 nihil
3082 1206 3402 1272 deﬂectunt,
3430 1221 3531 1261 ne-

1947 1297 2245 1367 quidquam
2284 1299 2405 1352 illOa
2432 1300 2591 1368 plane
2629 1300 3000 1368 praacidimns,
3036 1302 3129 1352 sed
3160 1299 3204 1351 si
3255 1311 3405 1351 certe
3435 1300 3528 1351 de-

1947 1389 2192 1450 ﬂectunt.
2227 1392 2389 1460 idque
2409 1392 2555 1445 circa
2588 1392 2924 1444 divinitatem
2961 1392 3222 1459 Spiritus,
3278 1390 3331 1443 in
3363 1407 3526 1460 quem

1946 1481 2330 1551 blasphcniarc
2348 1482 2651 1551 periculum
2674 1491 2758 1535 est
2780 1484 3022 1535 omnium
3047 1481 3524 1547 exitiosiSsimum,

1946 1572 2189 1627 haeretici
2225 1587 2356 1640 ergo
2396 1580 2545 1636 sunt,
2577 1580 2744 1640 atque
2782 1581 2839 1623 ut
2868 1572 3157 1627 haereticos
3182 1587 3209 1623 a
3283 1571 3522 1626 ﬁdelium

1946 1675 2091 1720 t‘astu
2124 1665 2486 1720 abscidimus.

2637 1753 2838 1812 BESP.

2027 1852 2106 1906 Διι
2138 1852 2215 1906 illi
2250 1851 2541 1905 dcﬂectant
2575 1866 2765 1917 necne,
2799 1852 2906 1919 jam
2954 1849 3384 1904 demonstratum
3421 1854 3525 1900 cst.

1944 1944 2332 2013 Blasphemare
2396 1954 2579 1996 autem
2635 1946 2779 1996 circa
2842 1943 3183 1996 divinitatem
3241 1943 3525 2009 Spiritus,

1945 2050 2053 2104 quo
2111 2051 2272 2089 sensu
2346 2032 2510 2087 fuerit
2548 2032 2754 2086 Judazis
2809 2048 2838 2086 a
2881 2032 3110 2086 Domino
3162 2033 3392 2097 dictum,
3426 2047 3528 2087 cur

1945 2127 2174 2189 nesciat,
2205 2128 2415 2196 ignoro.
2452 2126 2559 2179 Nos
2593 2128 2736 2177 enim
2764 2126 3069 2193 periculum
3125 2140 3248 2178 esse
3286 2125 3526 2177 dicimus

1946 2220 2425 2282 cxitiosissimum,
2462 2219 2513 2271 in
2544 2234 2932 2287 quamcunque
2988 2219 3112 2286 quis
3180 2218 3523 2285 blasphemct

1944 2308 2182 2363 divinam
2222 2326 2793 2379 personant;namcas
2833 2323 2885 2363 et
2904 2312 3208 2364 aeternitate
3250 2321 3300 2362 et
3331 2318 3526 2378 poten-

1948 2404 2017 2455 tia
2052 2414 2105 2458 ct
2140 2404 2432 2457 divinitate
2464 2405 2704 2457 fatemur
2729 2404 2968 2471 :Pqttales
3026 2422 3041 2457 :
3100 2412 3159 2456 ut
3208 2404 3525 2473 quicnnqm:

1946 2497 2000 2549 in
2032 2496 2269 2550 divinam
2298 2497 2534 2564 aliquam
2560 2497 2880 2565 hypostasin
2907 2497 3390 2563 blasphemavcrit,
3421 2497 3526 2550 hoc

1944 2589 1991 2642 ei
2026 2603 2201 2657 neque
2227 2590 2279 2641 in
2311 2592 2411 2641 hoc
2444 2589 2644 2640 swt'lllti
2680 2603 2856 2655 neque
2882 2589 2934 2639 in
2969 2586 3154 2641 futuro
3192 2589 3519 2641 remittatur.

1943 2681 2022 2734 Ita
2049 2680 2213 2734 sentit.
2232 2696 2460 2750 magnus
2486 2681 2819 2733 Athanasius
2842 2695 3122 2747 exponens
3142 2680 3271 2732 illud
3294 2696 3528 2750 evange-

1943 2773 2105 2827 licum
2136 2788 2150 2826 :
2195 2771 2386 2825 Omnia
2418 2774 2544 2823 mihi
2580 2774 2781 2824 tradita
2814 2782 2953 2823 sunt.
2997 2770 3098 2835 Qui
3124 2775 3288 2835 enim,
3324 2772 3522 2841 inquit,

1944 2864 1996 2917 in
2024 2879 2184 2916 unam
2203 2862 2511 2915 divinarum
2532 2864 2898 2932 hypostaseon
2922 2864 3520 2932 blasphemaverit,non

1946 2957 2251 3009 remittetur
2268 2955 2314 3008 ei
2334 2970 2511 3023 neque
2535 2956 2586 3007 in
2608 2958 2710 3009 hoc
2728 2959 2949 3019 saeculo,
2973 2972 3143 3024 neque
3160 2957 3209 3009 in
3235 2957 3435 3009 futuro.
3460 2956 3525 3008 Et

1942 3048 2242 3117 Gregorius
2260 3048 2565 3116 Tht-ologus
2585 3049 2694 3115 (Ιὸ)
2732 3050 3030 3117 Quidquid,
3054 3051 3321 3118 inquit,ex
3347 3050 3522 3104 tribus

1943 3147 2009 3193 de
2042 3139 2213 3208 gradu
2250 3140 2515 3207 dcjeceris
2543 3179 2557 3204 ,
2610 3148 2781 3191 totum
2829 3139 3071 3207 profecto
3118 3142 3517 3200 deturbaveris,

1944 3246 1996 3287 et
2029 3232 2385 3300 perfectionis
2419 3242 2821 3285 sacramentum
2884 3233 2980 3285 tibi
3014 3232 3409 3300 dcperdidcris.
3445 3230 3521 3285 lia

1941 3342 2070 3395 ergo
2101 3325 2281 3378 Latini
2315 3325 2521 3377 nullam
2559 3341 2588 3378 ο
2622 3325 2797 3377 tribus
2829 3324 3078 3393 personis
3131 3327 3196 3376 de
3229 3323 3398 3393 gradu
3435 3323 3469 3377 ι]
3492 3350 3524 3363 -

1940 3418 2165 3486 gnitatis
2195 3418 2495 3473 dimovent.
2516 3430 2640 3467 cum
2674 3413 2947 3468 fateantur
2977 3418 3097 3469 illas
3126 3430 3248 3469 esse
3278 3416 3524 3484 zeqnales

1941 3509 2209 3577 potentia,
2236 3509 2573 3577 principatu,
2600 3507 2800 3561 deitate
2850 3521 2902 3562 ct
2931 3508 3250 3561 mtet'nitate.
3279 3508 3521 3572 Qnomm

1940 3608 2011 3658 do
2050 3620 2184 3672 ergo
2235 3604 2369 3657 dicit
2438 3619 2533 3657 eos
2584 3604 2634 3655 in
2670 3602 2934 3670 Spiritum
2983 3612 3231 3657 sanctum
3272 3601 3526 3670 blaSphe-

1941 3697 2132 3751 mare?
2181 3695 2332 3751 Unde
2396 3712 2525 3750 vero
2590 3705 2866 3761 sumptum
2932 3697 3029 3748 hoe
3068 3694 3308 3747 δεδι)νὶῑῖ
3361 3690 3518 3758 Quod

1942 3806 2103 3861 porro
2132 3790 2230 3855 ait,
2264 3790 2549 3843 hmreticos
2577 3804 2720 3850 esse,
2744 3799 2905 3857 atque
2935 3798 2992 3841 ut
3022 3776 3313 3842 haereticus
3346 3787 3523 3842 fuisse

1940 3900 1967 3935 ο
2003 3883 2158 3936 nobis
2187 3882 2483 3950 praecisos;
2526 3880 2711 3933 redeat
2735 3882 2888 3948 prius
2924 3881 2973 3931 in
3009 3881 3324 3934 ιιιοιιιοι·ἰ;ιιιι
3358 3878 3524 3932 Joan-

1941 3976 2024 4027 nis
2060 3974 2388 4027 Antiocheni
2436 3984 2490 4028 et
2519 3973 2706 4044 Cyrilli
2744 3991 2755 4026 :
2793 3990 2917 4026 nam
2968 3984 3117 4026 recte
3155 3975 3314 4026 tidem
3367 3984 3521 4026 uter-

1908 4058 2050 4136 lqne
2086 4068 2419 4121 defendebat
2453 4085 2467 4130 ;
2504 4070 2627 4135 quia
2666 4076 2846 4118 tamen
2891 4066 3128 4133 Cyiillus
3162 4081 3269 4118 non
3319 4081 3517 4133 exspe~

1939 4168 2205 4222 Claverat,
2243 4160 2335 4212 scd
2376 4167 2502 4211 ante
2542 4157 2773 4209 Joannis
2811 4157 3107 4207 adventum
3145 4158 3346 4208 tulerat
3391 4173 3522 4209 con—

1939 4263 2020 4305 tra
2073 4251 2385 4304 Nestorium
2434 4252 2783 4308 sententiam.
2850 4246 3090 4300 Joannes
3141 4249 3521 4301 Antiochcnns

1940 4344 2163 4415 scriptis
2195 4352 2441 4395 sanctum
2493 4340 2760 4411 Cyrillum
2794 4339 3095 4415 eaagitavit
3123 4356 3137 4394 :
3169 4340 3517 4392 testabuntnr

265 4423 602 4493 Ἀντιοχείας
646 4425 920 4495 ἔγραφον·
970 4432 1064 4483 καὶ
1107 4433 1268 4484 τοῦτο
1301 4405 1714 4505 μαρτυρήσουσι
1764 4405 1832 4492 τὰ

1944 4438 2041 4490 huc
2072 4411 2206 4489 Acta
2243 4436 2413 4488 tertia:
2441 4433 2655 4504 synodi.
2689 4433 2743 4485 Si
2772 4414 2950 4485 aniein
2982 4432 3104 4485 illos
3132 4444 3188 4484 ut
3228 4416 3517 4485 hairetic’os

250 4516 348 4581 τῆς
387 4516 575 4583 τρίτης
607 4518 827 4570 συνόδου
864 4521 1171 4587 Πρακτικά.
1207 4525 1267 4577 Ei
1301 4526 1358 4579 δὲ
1402 4527 1478 4589 ὡς
1511 4530 1831 4597 αἱρετικοὺς

250 4606 637 4676 ἀπεκόψαμεν,
668 4609 742 4671 ὼς
774 4613 936 4673 αὑτός
969 4631 1152 4684 φησιν,
1195 4618 1555 4685 ἐμφανισάτω
1584 4621 1683 4690 τήν
1711 4621 1832 4675 κατ’

250 4698 436 4749 αὐτῶν
464 4698 739 4766 ἀπόφασιν
771 4703 867 4769 τῆς
893 4705 1132 4766 συνόδου,
1172 4706 1318 4766 ὃπως
1350 4710 1444 4760 καὶ
1487 4710 1617 4762 πότε
1662 4728 1827 4763 κατεο

250 4788 591 4857 δικασθησαν
616 4806 630 4819 ·
666 4791 758 4843 καὶ
798 4795 847 4844 εἰ
883 4794 1167 4862 ἐμμένωσι
1226 4801 1293 4867 τῇ
1350 4800 1606 4872 κριθείσῃ
1662 4820 1831 4855 κακο-

248 4878 424 4950 δοξίᾳ,
455 4881 522 4931 δι’
580 4883 645 4951 ἢν
701 4885 1174 4954 κατεδικάσθησαν
1201 4904 1214 4918 ·
1254 4891 1341 4942 ῖνα
1389 4892 1484 4944 καὶ
1512 4896 1674 4962 ήμεῖς
1731 4895 1832 4962 τὴν

248 4974 437 5039 κρίσιν
466 4976 688 5039 γνόντες
716 4977 812 5029 καὶ
856 4978 956 5047 τὴν
991 4980 1267 5049 ἀπόρασιν
1304 4982 1622 5051 στέρξωμεν
1654 4988 1829 5054 ἀσμε-

250 5069 504 5121 νέστατα.
550 5070 692 5123 Ἀλλ’
753 5072 853 5126 οὐκ
908 5074 1021 5144 ἔχει
1082 5077 1257 5130 ταῦτα
1314 5079 1523 5141 δείξαι·
1572 5080 1672 5131 ποῦ
1719 5084 1828 5149 γὰρ

252 5158 366 5225 ἔχει
417 5158 718 5223 δείξαι,ὀτι
768 5163 979 5233 αἰρεσιν
1037 5166 1408 5236 κηρύττουσιν
1465 5168 1514 5219 oi
1563 5169 1826 5233 Λατῖνοι;

251 5250 303 5299 εί
331 5250 431 5317 μὴ,
462 5252 545 5303 ὅτι
587 5252 800 5307 ἕπεται.
831 5257 891 5307 Οἱ
922 5258 975 5309 δὲ
1005 5259 1228 5311 Λατῖνοί
1288 5276 1478 5327 φασιν,
1511 5260 1559 5312 εἰ
1588 5262 1681 5312 καὶ
1705 5261 1830 5311 ’ἑπε-

250 5356 364 5401 ται,
421 5343 576 5411 ὑμεῖς
642 5346 861 5409 λέγετε·
906 5348 1021 5401 ἀλλ’
1087 5347 1182 5404 οὖν
1245 5353 1426 5420 ἡμεῖς,
1461 5353 1558 5422 οὐχ
1614 5353 1827 5421 ἕπεται,

323 5520 368 5551 ³⁷
391 5519 583 5576 Matth.
634 5536 709 5584 xl,
744 5522 838 5577 27.

325 5708 437 5778 (15)
464 5706 620 5763 Orat.
656 5712 708 5763 in
731 5710 788 5764 S.
820 5712 1129 5784 baptisma.

1936 4529 2301 4589 resecuimus,
2322 4530 2464 4595 quod
2493 4527 2609 4595 ipse
2634 4524 2886 4588 afﬁrmat,
2912 4525 3161 4577 ostendat
3182 4524 3512 4577 Sententiam

1935 4618 2152 4688 synodi,
2174 4634 2296 4687 quae
2322 4618 2442 4670 illos
2462 4617 2798 4670 damnavcrit
2813 4653 2828 4675 ,
2845 4631 3021 4684 quove
3042 4616 3203 4669 modo
3220 4626 3274 4668 et
3298 4616 3517 4683 quando

1935 4711 2036 4763 hoc
2066 4710 2155 4763 illa
2185 4709 2416 4773 fecerit;
2456 4719 2509 4762 et
2530 4716 2609 4760 an'
2629 4708 2705 4761 illi
2743 4708 3028 4760 damnatas
3064 4706 3368 4775 sequantur
3398 4709 3517 4776 opi-

1937 4804 2147 4868 niones,
2205 4805 2274 4857 ob
2313 4816 2451 4870 quas
2506 4801 2613 4854 lata
2665 4802 2827 4854 fuerit
2867 4802 2921 4852 in
2960 4814 3055 4854 eos
3106 4802 3423 4865 suadentia;
3459 4811 3517 4855 ut

1935 4895 2119 4963 agnito
2142 4892 2350 4962 judicio
2396 4906 2496 4944 nos
2531 4905 2752 4959 quoque
2782 4890 3150 4943 libentissime
3188 4890 3516 4959 pronuntia-

1940 4996 2050 5040 tam
2086 4986 2484 5052 amplectamur
2538 4981 2891 5035 sententiam.
2942 4984 3012 5034 At
3050 4998 3331 5051 nunquam
3401 4982 3514 5035 haec

1938 5077 2280 5137 ostenderit;
2318 5077 2460 5127 unde
2489 5074 2633 5127 enim
2674 5074 2988 5142 probaverit
3056 5074 3287 5127 haeresin
3312 5090 3338 5125 a
3370 5073 3514 5126 Lati-

1938 5169 2022 5223 nis
2046 5167 2271 5222 defendi
2298 5168 2321 5221 ?
2358 5167 2507 5220 Dicet
2538 5166 2594 5219 id
2624 5167 2804 5234 colligi
2835 5183 2927 5235 per
2953 5166 3228 5234 Sequelam
3258 5180 3272 5228 ;
3305 5174 3359 5215 at
3385 5178 3513 5216 vero

1940 5259 2115 5311 Latini
2150 5258 2507 5327 respondent,
2530 5255 2584 5309 id
2604 5256 2785 5324 sequi,
2817 5256 2912 5309 sed
2934 5256 3074 5323 apud
3108 5268 3242 5316 vos;
3279 5267 3402 5305 nam
3436 5261 3515 5305 ta-

1940 5354 2043 5407 lem
2080 5352 2355 5421 sequelam
2388 5349 2489 5418 ipsi
2544 5363 2843 5417 negamus;
2881 5347 3056 5416 primo
3089 5345 3337 5413 quidem,
3368 5347 3517 5417 quod
