3982 6208
412 347 508 413 1⁵71

1303 332 1675 405 οιιΕοοιιιι
1723 326 2019 404 ΜᾹΜΜᾹΞ
2061 340 2165 401 οι).
2213 320 2720 401 PATltIARCH/‘E

3078 269 3133 281 ν,

3554 286 3660 397 re;

407 463 728 519 homtrusion
753 474 877 514 vero
904 473 1015 512 rem
1049 457 1467 513 assimulatioue
1492 474 1596 514 non
1635 456 1978 519 dissimilem,

2098 453 2303 522 Ὅμοια
2357 453 2529 507 ἐστίν
2572 454 2610 519 ἢ
2658 442 2951 516 ,ϐασιλεία
2996 451 3112 504 τῶν
3164 445 3437 516 οὐρανῶν
3460 448 3659 511 κόκκῳ

408 556 569 626 quale
592 564 673 610 est
710 552 841 607 illud
872 569 888 609 :
927 550 1110 606 Simile
1155 562 1229 606 est
1259 568 1474 622 regnum
1526 551 1777 606 cwlorum
1810 563 1977 620 grano

408 648 607 714 sinapis
666 647 753 710 ”;
793 653 847 699 et
906 641 1085 697 illud:
1160 642 1291 697 Cum
1353 643 1593 698 Christus
1650 641 1977 709 apparuerit,

410 739 608 793 similes
635 727 682 790 ei
706 736 903 790 erimus
939 737 1055 799 ¹⁹·;
1099 736 1213 788 haec
1235 735 1379 789 enim
1420 751 1526 788 non
1563 734 1804 789 indicant
1830 732 1983 787 simi-

412 828 699 882 litudinem
724 824 1094 879 essentialcm.
1128 824 1193 876 At
1225 838 1352 876 vero
1381 824 1432 876 in
1480 822 1572 876 Dei
1607 821 1744 876 Filio
1793 820 1980 874 Salva-

410 930 528 973 ture
577 928 767 971 nostro
804 930 911 969 non
943 916 1041 978 ita,
1073 917 1167 968 sed
1222 913 1744 968 consubstantialem
1800 912 1976 981 ipsum

410 1013 688 1071 novimus,
740 1008 1019 1062 Christum
1093 1006 1269 1075 ipsum
1325 1007 1612 1061 audientes
1666 1004 1978 1060 dicentem:

410 1103 523 1172 Ego
555 1112 599 1153 et
640 1100 801 1153 Pater
828 1115 986 1152 unum
1021 1115 1202 1153 sumus
1247 1098 1312 1151 '°.
1344 1096 1444 1151 Ubi
1476 1112 1568 1166 per
1611 1096 1766 1157 illud,
1793 1110 1977 1157 unum,

413 1192 751 1245 identitatem
780 1190 1033 1247 esscutias
1060 1205 1182 1243 cum
1211 1188 1635 1242 iuvariabilitate
1661 1185 1981 1251 declaravit;

412 1300 511 1354 per
540 1285 668 1338 illud
698 1293 900 1347 autem,
938 1292 1144 1347 sumus,
1180 1281 1318 1337 duas
1342 1280 1616 1349 expressit
1641 1278 1981 1349 hypostases.

2080 544 2426 610 σινάπεως-ο
2484 544 2618 598 καί·
2687 544 2867 596 Ὅταν
2931 546 2964 596 ὀ
3013 543 3275 608 Χριστὸς
3318 538 3655 607 φανερωθῇ.

2082 636 2270 704 ὅμοιοι
2295 634 2455 699 αὐτῷ
2489 635 2751 703 ἐσόμεθα
2780 650 2795 665 ’
2830 635 2890 685 οὐ
2929 634 2998 703 τῇ
3033 631 3194 702 οὐσίᾳ
3222 630 3390 699 δηλοῖ.
3438 629 3564 681 Ἐπὶ
3601 626 3658 681 δὲ

2080 725 2174 779 τοῦ
2221 725 2353 777 Υίοῦ
2402 724 2498 796 τοῦ
2549 724 2687 777 Θεοῦ
2738 721 2831 776 τοῦ
2886 723 3136 794 Σωτῆρος
3197 719 3355 799 ήμῶν
3417 718 3516 799 οὐχ
3566 719 3663 799 οὓς

2081 835 2209 882 τως,
2243 817 2357 870 ἀλλ’
2415 817 2699 885 ὁμοούσιον
2751 815 3019 883 ἔγνωμεν,
3056 812 3222 867 αὑτοῦ
3270 809 3363 864 τοῦ
3418 789 3657 881 Χριστοῦ

2082 908 2373 969 ἀκούοντες
2405 909 2654 976 λέγοντος
2683 923 2696 937 ”
2753 896 2900 977 Ἐγὼ
2928 907 3025 960 καί
3053 894 3087 960 ὅ
3116 892 3315 972 Πατὴρ
3342 904 3412 958 ἓν
3434 904 3659 972 ἐσμεν·

2081 999 2170 1052 διὰ
2219 998 2340 1063 τοῦ,
2372 998 2462 1063 ἐν,
2492 998 2552 1050 τὸ
2604 1000 2800 1050 ταυτὸν
2848 998 2946 1067 τῆς
2994 997 3186 1057 οὐσίας
3234 997 3521 1066 ἐμφαίνων
3562 996 3660 1048 καὶ

2082 1089 2540 1159 ἀπαράλλακτον·
2572 1089 2660 1142 διά
2691 1088 2748 1140 δὲ
2780 1086 2895 1153 τοῦ,
2921 1074 3135 1163 ἐσμεν⁹
3164 1086 3263 1150 τάς
3295 1086 3388 1139 δύο
3419 1086 3637 1139 ὑποστά

2085 1197 2199 1255 ast;
2226 1180 2423 1248 δηλῶν.
2470 1180 2636 1232 Ὅθεν
2667 1180 2717 1230 oi
2749 1179 2876 1249 περὶ
2906 1180 2997 1231 τὸν
3039 1180 3259 1248 Ἀρειον
3291 1175 3365 1247 μὴ
3400 1175 3664 1255 φρονοῦνι

2083 1254 2175 1332 τες
2233 1272 2326 1323 τὸν
2362 1270 2488 1323 Υἱὸν
2520 1270 2614 1322 τοῦ
2668 1268 2925 1338 ἀληθινοῦ
2974 1268 3114 1322 Θεοῦ
3169 1268 3264 1322 καὶ
3300 1268 3513 1340 Πατρδς
3560 1252 3665 1335 τῆς

410 1376 677 1430 Caeterum
728 1374 937 1436 Ariani,
987 1373 1114 1443 quia
1155 1382 1262 1427 n0n
1302 1372 1600 1427 credebant
1645 1369 1737 1424 Dei
1770 1368 1884 1423 veri
1931 1376 1985 1421 et

2094 1362 2257 1430 αὐτῆς
2289 1361 2479 1424 οὐσίας
2528 1360 2671 1414 κατά
2729 1361 2907 1414 πάντα
2937 1360 3384 1430 ἀπαράλλακτον,
3415 1363 3513 1415 καὶ
3548 1360 3664 1412 ἴσον

414 1469 591 1523 Patris
631 1466 824 1521 Filium
854 1465 1099 1520 eamdem
1148 1480 1313 1534 quam
1348 1472 1402 1518 et
1428 1464 1589 1523 Pater
1620 1460 1820 1515 habere
1853 1460 1985 1515 sub-

2094 1454 2164 1524 τῷ
2204 1454 2382 1522 Πατρὶ
2430 1452 2570 1523 πλὴν
2601 1451 2695 1504 τοῦ
2730 1452 2952 1521 γεννᾷν,
2982 1450 3306 1521 ἀμείϐοντες
3353 1450 3413 1504 τὸ
3462 1449 3663 1519 ὁμοσύ-

409 1559 691 1621 stantiam,
732 1562 943 1610 remota
968 1567 1193 1624 prorsus
1214 1552 1367 1606 omni
1393 1550 1717 1615 variatione,
1752 1558 1983 1617 esseque

2094 1564 2225 1612 σιον,
2265 1548 2326 1598 τὸ
2349 1544 2655 1614 ὁμοιούσιον
2681 1544 2956 1607 ἐτίθεσαν,
2988 1544 3084 1596 καὶ
3119 1543 3403 1611 μεσότητα
3439 1541 3659 1607 ὠνόμαο

410 1647 490 1701 illi
533 1646 818 1715 aequalem,
863 1644 907 1696 si
962 1641 1373 1711 generationem
1406 1638 1673 1706 excipias,
1700 1643 1983 1689 mutarunt

2094 1637 2179 1702 ζον
2226 1637 2545 1699 ἀπατῶντες
2576 1638 2701 1700 τοὺς
2752 1635 3174 1705 ἀφελεστέρους.
3204 1632 3327 1698 Πῶς
3359 1634 3663 1703 ἐφαρμόζει

412 1737 739 1793 homousiou
766 1737 821 1788 in
857 1732 1204 1787 homteusion
1231 1748 1245 1785 :
1276 1732 1438 1798 idque
1464 1729 1699 1781 medium
1730 1725 1986 1780 nomina-

2094 1729 2245 1783 τοῦτο
2288 1728 2374 1798 ἐφ’
2423 1722 2581 1798 ἡμῶν
2633 1740 2692 1779 τε
2751 1729 2845 1779 καὶ
2901 1724 3171 1790 Λατίνων,
3225 1726 3419 1787 οἵτινες
3473 1725 3664 1788 κοινῶς

413 1831 571 1893 bant,
598 1835 652 1881 et
684 1822 1113 1895 simplicioribus
1158 1821 1533 1891 imponebant.
1570 1818 1685 1872 Hoc
1717 1818 1771 1870 iu
1804 1831 1905 1870 nos
1930 1823 1986 1869 et

2094 1820 2460 1890 ίμολογοῦμεν
2497 1820 2586 1873 τὸν
2641 1819 2858 1887 Πατέρα
2888 1818 2983 1870 καὶ
3012 1817 3102 1868 τὸν
3134 1814 3262 1868 Υίδν
3293 1819 3391 1870 καλ⁵
3417 1817 3475 1867 τὸ
3508 1816 3665 1882 ἀγιον

414 1921 641 1976 Latinos
668 1916 941 1987 quomodo
960 1913 1277 1985 ‘quadrahit,
1322 1910 1413 1980 qui
1461 1909 1673 1963 Patrem
1707 1915 1759 1961 et
1788 1906 1984 1960 Filium

2094 1914 2315 1982 Πνεῦμα
2366 1912 2465 1964 ἕνα
2509 1912 2674 1965 Θεόν·
2712 1912 2807 1963 καὶ
2839 1909 3024 1962 πάντα
3059 1908 3159 1961 ὅσα
3189 1909 3218 1960 6
3250 1907 3459 1977 Πατὴρ,
3489 1907 3665 1960 ταῦτα

412 2023 470 2066 et
496 2012 758 2081 Spiritum
775 2012 1025 2060 sanctum
1048 2018 1213 2057 unum
1240 2004 1403 2057 Deum
1420 2002 1625 2071 pariter
1648 2004 1912 2061 fatemur;
1935 2004 1986 2051 et

2094 2008 2182 2058 xui
2205 2006 2233 2058 6
2264 2004 2391 2066 Υἱός
2416 2018 2433 2035 ο
2467 2003 2564 2055 καὶ
2590 2002 2690 2055 ὅσα
2719 2002 2747 2054 6
2777 1999 2966 2069 Πατὴρ
2998 2001 3094 2052 καὶ
3128 1999 3156 2051 6
3186 1997 3334 2062 Υἱὸς,
3370 1988 3544 2050 ταῦτα
3573 1988 3668 2049 καὶ

416 2101 681 2174 quidquid
728 2108 814 2154 est
858 2099 1019 2153 Pater
1074 2105 1126 2151 et
1168 2096 1364 2154 Filius.
1424 2096 1528 2148 hoc
1552 2108 1673 2147 esse
1721 2091 1991 2159 Spiritum

2094 2096 2150 2149 τὸ
2177 2096 2404 2165 Πνεῦμα
2430 2095 2490 2147 τὸ
2516 2092 2674 2162 ἅγιον
2700 2092 2757 2145 ἐν
2795 2108 2854 2144 τε
2879 2090 3107 2159 δυνάμει
3140 2090 3234 2142 καὶ
3257 2089 3544 2174 κυριᾴτητι
3570 2084 3668 2141 καὶ

411 2202 686 2260 sanctum,
727 2190 840 2245 sive
874 2188 1156 2251 virtutem,
1211 2186 1325 2241 sive
1381 2184 1753 2254 principatum
1814 2179 1991 2242 dicas,

414 2287 530 2340 sive
557 2288 882 2354 potestatem
917 2290 973 2334 et
996 2278 1278 2343 deitatem,
1312 2276 1747 2345 proprietatibus
1790 2271 1989 2326 immo-

416 2378 487 2433 tis
510 2370 909 2430 manentibus?

1076 2455 1321 2510 EPIIES.

476 2555 626 2621 Quid
652 2569 781 2622 ergo
817 2553 1061 2605 futurum
1088 2557 1173 2602 est
1200 2546 1391 2600 mediis
1424 2542 1993 2607 hisceGrzecolatittis,

2092 2184 2313 2257 ἱξουσίᾳ
2371 2185 2486 2241 καὶ·
2522 2184 2761 2253 Θεότὴτι,
2820 2179 3175 2252 τηρουμένων
3228 2170 3335 2232 τῶν
3392 2172 3666 2248 ίδιοτήτων

2092 2277 2366 2348 ἀκινήτων
2382 2295 2397 2344 ;
2456 2298 2467 2308 υ

2788 2456 2977 2509 ΕΦΕΣ.

2186 2549 2346 2603 ’Ᾱλλὰ
2375 2547 2454 2604 τί.
2486 2546 2639 2616 φησὶ,
2672 2547 2945 2615 δράσομεν
2975 2544 3111 2613 πρὸς
3148 2549 3271 2608 τοὺς
3310 2544 3509 2614 μέσους
3548 2544 3670 2597 τοῦδ

418 2664 511 2713 qut
544 2646 780 2707 medium
816 2643 1241 2711 atuplectentes,
1280 2652 1345 2691 ex
1374 2637 1695 2691 Latinorum
1730 2634 1992 2688 institutis

2098 2659 2222 2702 τους
2262 2638 2736 2711 Γραικολατίνους,
2761 2637 2812 2692 οἶ
2842 2638 2936 2707 τὴν
2978 2637 3252 2707 μεσότητα
3286 2639 3670 2706 περιέποντες.

416 2750 473 2793 et
516 2735 866 2805 dogmatibus
915 2731 1162 2801 quzedam
1207 2738 1390 2797 aperte
1437 2727 1781 2795 approbant;
1818 2725 1992 2793 aliqua

2097 2733 2167 2786 τὰ
2195 2731 2295 2801 μὲν
2328 2728 2612 2783 ἐπαινοῦσι
2635 2730 2745 2781 τῶν
2768 2727 3073 2805 Λατινικῶν
3103 2728 3242 2781 ὲοῶν
3265 2728 3359 2781 καὶ
3385 2727 3674 2798 δογμάτων

418 2844 549 2885 vero
594 2802 839 2897 probant
868 2823 1106 2892 quidem,
1142 2821 1233 2875 sed
1264 2819 1368 2888 ipsi
1405 2830 1753 2888 nequaquam
1789 2816 1992 2885 ample-

2102 2821 2450 2891 ἀναφανδδν,
2499 2822 2567 2873 τά
2624 2818 2671 2873 δ’
2742 2802 3022 2872 ἑπαινοῦδι
3091 2812 3212 2888 μὲν,
3260 2817 3375 2871 ἀλλ’
3442 2820 3541 2871 οὐκ
3606 2819 3676 2872 ἂν

419 2920 611 2975 ctenda
657 2916 960 2979 duxerint,
1014 2913 1120 2967 alia
1170 2924 1301 2964 vero
1345 2923 1415 2964 ne
1454 2910 1689 2978 probant
1736 2904 2001 2976 quidem?
2100 2914 2304 2968 ἕλοιντο
2331 2953 2345 2976 ,
2379 2912 2446 2964 τὰ
2479 2911 2526 2965 δ’
2567 2910 2678 2964 οὐδ’
2724 2909 3037 2964 ἐπαινοῦσιν
3073 2909 3244 2976 ὅλως;
3273 2910 3540 2963 Φευκτέον
3570 2910 3675 2963 αὖ.

419 3009 703 3065 Devitandi
740 3014 865 3063 sunt
894 3020 1001 3060 non
1027 3018 1188 3059 secus
1220 3010 1383 3070 atque
1409 2998 1661 3063 colubri;
1699 3012 1805 3051 non
1839 3010 1992 3050 secus

2102 3006 2249 3068 τοὺς,
2275 3005 2349 3067 ὡς
2379 3002 2571 3072 φεύγει
2602 3019 2683 3066 τις
2709 3001 2817 3056 ἀπὸ
2841 3001 3016 3069 δφεως
3045 3016 3059 3031 ·
3083 3000 3159 3063 ὡς
3180 3000 3377 3063 αὐτοὺς
3408 3000 3678 3069 ἐκείνους,

420 3112 581 3171 atque
608 3100 710 3165 illi,
747 3113 869 3153 cum
900 3097 1012 3152 sint
1033 3095 1194 3149 etiam
1220 3092 1543 3152 deteriores,
1566 3090 1662 3158 qni
1700 3088 1986 3142 Christum

2104 3094 2137 3168 ἢ
2180 3094 2449 3149 κάκείνων
2485 3091 2667 3161 πολλῷ
2699 3092 2869 3161 δήπου
2916 3090 3170 3161 χείρονας
3217 3089 3343 3152 τοὺς
3372 3087 3680 3159 Χριστοκα-

418 3201 822 3262 cauponantur,
865 3188 1179 3256 habentque
1230 3183 1379 3237 illum
1430 3180 1661 3251 quaestui
1702 3196 1717 3233 :
1755 3178 1826 3231 Hi
1858 3180 1999 3231 enim

426 3295 577 3347 sunt,
618 3291 675 3334 ut
709 3280 887 3348 inquit
926 3278 1245 3346 Apostolus,
1277 3273 1367 3343 qui
1390 3273 1693 3325 existimant
1739 3279 2000 3339 ([ιιιειιιινι

420 3389 536 3427 esse
563 3373 854 3440 pietatem;
886 3368 954 3422 tle
980 3367 1183 3436 quibus
1231 3366 1348 3434 ipse
1388 3362 1675 3431 subiungit
1725 3378 1739 3413 :
1796 3360 2002 3429 Hujus-

423 3463 565 3518 modi
597 3462 831 3515 homines
858 3459 1031 3513 devita
1060 3456 1151 3522 ’δίς
1186 3470 1297 3510 non
1348 3453 1494 3508 enim
1552 3463 1610 3507 ut
1672 3451 1962 3506 addiscant
1984 3490 1999 3514 ,

423 3559 518 3612 sed
548 3566 606 3609 ut
629 3554 733 3609 sibi
768 3550 979 3621 aliquid
1012 3549 1309 3611 asciscant,
1338 3546 1405 3600 ad
1443 3545 1570 3599 illos
1610 3544 2000 3614 transfugiunt.

426 3651 559 3716 Quae
592 3661 721 3701 vero
752 3644 992 3698 societas
1020 3642 1129 3695 luci
1163 3639 1227 3693 ad
1278 3637 1529 3693 tenebras
1559 3676 1574 3703 ,
1605 3647 1695 3690 aut
1725 3649 1846 3704 qua:
1874 3648 2003 3688 con-

425 3739 609 3795 ventio
644 3735 847 3793 Christi
878 3733 943 3788 ad
978 3731 1187 3788 Belial?
1240 3729 1304 3784 Et
1358 3744 1476 3799 qua:
1524 3742 1652 3797 pars
1697 3726 1838 3781 lideli
1876 3739 1999 3780 cum

428 3829 673 3887 inlldeli?
1242 3807 1248 3814 ’

1115 3915 1316 3971 RESP.

498 4015 578 4069 Ad
610 4014 725 4068 haec
750 4010 897 4065 nulla
923 4006 1284 4078 responsione
1310 4013 1392 4060 est
1424 4018 1596 4072 opus;
1636 3999 1999 4057 contumelias

427 4106 571 4160 enim
600 4106 651 4159 in
673 4101 922 4173 nosjacit
957 4101 1034 4153 ira
1070 4098 1320 4168 percitus
1351 4110 1414 4149 ac
1444 4094 1834 4149 inﬂammatus.
1861 4090 2005 4144 Bene

425 4214 555 4267 ergo
584 4196 754 4259 dicat,
786 4207 984 4258 necne,
1060 4191 1449 4261 responsiones
1485 4203 1620 4258 quas
1648 4187 1902 4241 dedimus
1950 4193 2005 4237 et

426 4288 607 4343 daturi
642 4303 856 4353 sumus,
890 4284 1217 4346 ostendunt,
1268 4294 1321 4336 et
1361 4280 1569 4351 patebit
1620 4279 1725 4333 hoc
1756 4278 2000 4332 cordatis

429 4379 766 4434 hominibus.

1102 4463 1231 4517 EPH
1241 4464 1341 4517 ES.

502 4556 781 4625 Siquidem
811 4571 910 4610 nos
936 4571 1058 4610 cum
1100 4556 1436 4609 Damasceuo
1476 4560 1531 4607 ct
1578 4550 1795 4605 cunctis
1830 4548 2004 4603 Patri-

430 4647 553 4711 bus,
582 4663 647 4701 ex
676 4646 814 4701 Filio
852 4662 982 4705 vero
1012 4644 1273 4714 Spiritutn
1323 4658 1434 4696 non
1471 4641 1704 4697 dicimus
1735 4658 1750 4694 :
1784 4640 1874 4696 isti
1910 4655 2005 4695 au-

431 4746 537 4789 tem
572 4752 694 4791 cum
727 4734 937 4791 Latinis
965 4750 1030 4790 ex
1070 4733 1209 4789 Filio
1242 4734 1505 4803 Spiritum
1552 4731 1762 4787 dicunt.

1111 4912 1312 4969 RESP.

1960 4466 1968 4473 ’
2040 4460 2087 4516 D

2104 3190 2309 3260 πήλους
2336 3189 2431 3242 καὶ
2466 3185 2947 3257 Χριστεμπόρους.
2995 3178 3167 3238 Οὗτοι
3216 3182 3324 3251 γάρ
3356 3188 3499 3247 εισι,
3534 3186 3679 3235 κατά

2102 3281 2192 3334 τὸν
2220 3282 2365 3334 Θεῖον
2407 3279 2751 3343 Ἀπόστολον,
2784 3279 2839 3332 οι
2867 3274 3169 3344 πορισμὸν
3206 3274 3529 3343 ἡγούμενοι
3559 3274 3680 3342 τὴν

2102 3362 2422 3425 εὐσέϐειαν
2446 3387 2459 3401 ο
2500 3369 2629 3439 περὶ
2656 3362 2730 3423 ὧν
2748 3368 2942 3435 ὲπάγει
2972 3367 3145 3435 λέγων
3163 3382 3177 3396 ⁸
3209 3366 3530 3439 Ἆφίσταᾳο
3561 3365 3681 3420 ἀπὸ

2102 3460 2224 3515 τῶν
2258 3432 2589 3517 τοιούτων·⁷
2622 3463 2681 3514 οὐ
2732 3461 2841 3530 γὰρ
2868 3432 2976 3514 τίνα
3024 3432 3291 3529 μάθωσιν,
3326 3457 3441 3513 ἀλλ’
3462 3432 3561 3511 ’ἵνα
3588 3456 3683 3511 λά-

2103 3553 2240 3608 δωσι
2288 3554 2422 3624 πρὸς
2479 3553 2721 3613 ἐκείνους
2756 3549 3137 3622 αὐτομολοῦσι.
3172 3548 3307 3605 Ποία
3334 3550 3391 3605 δὲ
3421 3550 3680 3603 κοινωνία

2105 3644 2245 3711 φωτὶ
2276 3645 2410 3714 πρὸς
2451 3644 2641 3706 σκότος
2662 3681 2679 3707 ,
2707 3640 2739 3713 ἢ
2775 3642 3130 3713 συμφώνησις
3162 3640 3380 3712 Χριστῷ
3413 3641 3549 3712 πρὸς
3578 3640 3684 3691 Bs.

2102 3736 2227 3806 λίαρ
2251 3743 2270 3804 ἶ
2296 3737 2367 3790 Ἥ
2392 3737 2473 3800 τίς
2509 3737 2664 3807 μερὶς
2694 3735 2866 3805 πιστῷ
2893 3736 3032 3803 μετά
3059 3734 3289 3786 ἀπίστου
3312 3750 3327 3797 ;

2789 3919 2996 3973 ᾹΠΟΛ.

2190 4013 2454 4067 Ἐνταῦθα
2497 4012 2725 4081 οὐδεμία
2779 4008 3078 4078 ἀπολογίας
3120 4011 3307 4083 χρεία’
3346 4004 3534 4081 ὕϐρεις
3571 4005 3681 4083 γάρ

2106 4105 2232 4157 καθ’
2272 4103 2431 4174 ἡμῶν
2461 4102 2732 4172 προφέρει
2770 4101 3112 4171 Θυμούμενος
3152 4103 3354 4174 μᾶλλον
3399 4104 3494 4156 καὶ
3534 4104 3687 4175 ὀργι-

2107 4194 2353 4265 ζόμενος.
2405 4192 2529 4246 Εἴτε
2583 4187 2677 4246 οὖν
2708 4191 2892 4255 καλῶς
2941 4192 3112 4260 λέγει,
3143 4193 3253 4245 εἴτε
3289 4192 3386 4262 μὴ,
3417 4192 3474 4246 ai
3509 4208 3681 4262 προα-

2106 4286 2564 4355 ναγεγραμμὲνσι
2613 4282 2901 4351 ἀπολογίαι
2932 4283 3174 4351 δηλοῦσι,
3215 4283 3312 4338 καὶ
3347 4282 3428 4335 ετι
3474 4282 3530 4335 αί
3580 4283 3689 4352 ὀδῷ

2106 4376 2505 4447 προσαίνουσαι
2526 4390 2540 4404 ⁸
2576 4374 2671 4427 καὶ
2702 4376 2731 4427 6
2760 4375 2897 4428 νοῶν
2927 4375 3133 4444 νοήσει.

2805 4465 2993 4521 ΕΦΕΣ.

2200 4555 2395 4625 Ἡμεῖς
2438 4555 2536 4625 μὲν
2584 4552 2691 4623 γὰρ
2731 4553 2869 4623 μετὰ
2899 4553 2994 4607 τοῦ
3036 4552 3401 4625 Δαμασκηνοῦ
3454 4552 3551 4606 καὶ
3582 4553 3691 4606 τῶν

2107 4646 2367 4715 Πατέρων
2402 4644 2678 4712 ἁπάντων,
2712 4646 2776 4698 ὲκ
2808 4645 2903 4698 τοῦ
2934 4646 3064 4699 Υἱοῦ
3100 4647 3158 4699 δὲ
3183 4646 3407 4717 Πνεῦμα
3439 4646 3499 4700 οὐ
3530 4644 3687 4712 λέγι.-

2110 4755 2247 4808 μεν·
2278 4732 2422 4791 οῦτοι
2453 4738 2508 4792 δὲ
2560 4738 2701 4805 μετὰ
2752 4738 2860 4791 τῶν
2914 4738 3163 4793 Λατίνων
3210 4741 3277 4791 ἐκ
3325 4738 3421 4793 τοῦ
3464 4736 3595 4792 Υίοῦ
3623 4738 3689 4793 τὸ

2111 4828 2330 4898 Πνεῦμα
2360 4828 2602 4897 λέγουσι.

2792 4922 3001 4975 ΔΠΟΛ.

496 5005 607 5063 Nos
628 5022 846 5078 quoque
867 5022 993 5061 cum
1023 5014 1213 5061 sancto
1240 5005 1577 5061 Damasceno
1599 5004 1864 5075 Spiritum
1892 5020 1992 5059 non

2181 5012 2293 5066 Καὶ
2338 5014 2499 5080 ἡμεῖς
2555 5012 2694 5081 μετὰ
2734 5012 2828 5065 τοῦ
2875 5013 3032 5080 ἀγίου
3080 5012 3447 5082 Δαμασκηνοῦ
3494 5014 3558 5066 ἑκ
3590 5014 3685 5068 τοῦ

426 5099 663 5155 dicimus
687 5114 754 5155 ex
788 5097 949 5161 Filio,
975 5097 1070 5152 Sed
1097 5098 1265 5153 etiam
1296 5113 1360 5151 ex
1398 5096 1568 5159 Filio;
1607 5111 1731 5150 nam
1762 5096 1992 5164 conjun-

2110 5104 2240 5158 Υἱοῦ
2273 5104 2333 5155 τὸ
2367 5104 2589 5173 Πνεῦμα
2616 5106 2679 5158 οὐ
2710 5106 2963 5175 λέγομεν.
2994 5102 3128 5157 ἀλλά
3173 5106 3268 5157 καὶ
3298 5105 3363 5156 ἐκ
3388 5102 3484 5157 τοῦ
3515 5103 3646 5157 Υίοῦ
3672 5121 3688 5138 ο

428 5194 539 5248 ctio
571 5189 884 5261 copulativa
915 5189 1121 5257 optime
1149 5188 1353 5242 indicat
1378 5186 1646 5257 Spiritum
1677 5196 1729 5240 et
1750 5203 1817 5241 ex
1842 5186 1992 5242 Patre

2108 5196 2242 5249 διότι
2272 5198 2300 5247 6
2329 5214 2394 5248 συ
2404 5196 2737 5264 μπλεκτικὸς
2772 5194 3071 5263 σύνδεσμος
3087 5195 3387 5263 παρίστησι
3409 5194 3555 5264 μάλα
3582 5211 3685 5247 κα-

425 5301 478 5339 et
507 5301 571 5340 ex
601 5283 766 5339 Filio.
804 5282 989 5337 Dicere
1034 5289 1216 5335 autem
1252 5280 1499 5334 absolute
1525 5279 1789 5361 Spiritum
1821 5295 1887 5334 ex
1914 5279 1992 5333 Fi-

2112 5286 2220 5348 λῶς
2253 5288 2348 5341 κιιλ⁸
2378 5288 2443 5338 ἑκ
2474 5285 2566 5338 τοῦ
2620 5285 2834 5353 Πατρδς
2868 5286 2964 5337 καὶ
2990 5284 3092 5337 ’τοῦ
3127 5283 3259 5337 Υίοῦ
3286 5299 3300 5313 ·
3328 5284 3389 5335 τδ
3418 5284 3465 5335 δ’
3494 5284 3558 5336 ὲκ
3585 5282 3683 5337 τοῦ

429 5376 523 5440 lio,
554 5377 779 5432 denotat
816 5372 1013 5429 Filium
1048 5388 1174 5429 esse
1203 5388 1428 5426 causam
1466 5372 1847 5441 origiuarium,
1882 5388 1992 5442 qua

2112 5378 2244 5430 Υἱοῦ
2292 5377 2715 5446 ἀπολελυμένως
2752 5376 2953 5443 λέγειν,
2982 5375 3462 5446 προκαταρκτικὸν
3511 5376 3690 5429 αίτιον

428 5476 546 5520 erat
571 5466 827 5523 Eunomii
859 5476 915 5521 et
942 5464 1257 5535 sequacium
1288 5464 1405 5534 ejus
1430 5465 1720 5519 sententia.
1746 5463 1856 5519 Nos
1880 5480 1992 5518 νοτ(

2111 5468 2203 5519 τὸν
2249 5468 2375 5520 Υἰδν
2408 5468 2643 5534 τίθησιν,
2703 5468 2839 5537 ὅπερ
2869 5469 2897 5518 6
2928 5467 3197 5537 Εὑνόμιος
3227 5468 3323 5521 καὶ
3349 5468 3396 5520 oi
3426 5467 3566 5520 κατὰ
3594 5467 3691 5517 τὸν

429 5572 553 5613 cum
590 5556 929 5613 Damasceno
980 5568 1033 5612 et
1084 5556 1354 5611 universis
1394 5555 1649 5610 Patt'ibus
1678 5555 1917 5611 dici.uus
1952 5566 1992 5610 el

2114 5558 2376 5627 Εὐνόμιον
2409 5557 2690 5625 ἐφρόνουν.
2728 5556 2921 5626 ’Πμεῖς
2946 5557 3002 5611 δὲ
3026 5558 3167 5629 μετά
3192 5556 3285 5611 τοῦ
3321 5553 3689 5626 Δαμασκηνοῦ

517 5736 782 5793 "Matth.
821 5749 935 5792 xm.
970 5737 1057 5792 51.
1116 5730 1125 5736 ’
1188 5738 1248 5767 ’9‘
1282 5734 1298 5787 Ι
1340 5733 1492 5791 Joau.
1525 5734 1685 5801 "1,2.
1782 5734 1994 5791 "Joan.
2022 5737 2186 5805 x,50.
2283 5738 2321 5770 "
2352 5734 2537 5793 iTitn.
2567 5750 2641 5806 tv,
2682 5738 2767 5793 15.

3193 5858 3228 5866 ο.
3254 5860 3305 5867 ‹....
3318 5863 3335 5867 .ν
