3982 6208
244 359 338 423 ΥΠ

1474 369 1789 431 CONTRA
1818 371 2241 439 EPIIESIUM.

3400 384 3499 444 ΓΗ

239 487 329 540 καὶ
371 483 449 555 μὴ
487 480 550 537 τί,
593 480 697 552 μὶν
727 481 819 536 διὰ
870 478 967 535 τοῦ
1002 478 1133 535 Υἰοῦ
1171 480 1580 551 παραδραμεῖν,
1626 486 1687 536 τὸ
1723 484 1781 538 δέ
1804 501 1820 517 ⁸

1952 492 2082 561 llud,
2148 493 2251 551 Per
2286 494 2509 562 Filium,
2562 500 2845 567 praeterire
2903 499 3156 567 silentio;
3192 499 3311 555 illas
3369 517 3500 558 vero

218 581 351 631 ιθῦκ
384 575 574 630 αἰτίαν
606 573 905 637 ποιοῦντας
956 572 1050 627 τὶν
1106 572 1236 628 Υἰδν
1282 576 1429 642 σφᾶς
1465 576 1665 639 αὐτοὺς
1692 577 1823 630 ἀπέ-

241 669 447 733 δειξαψ
475 667 574 721 καὶ
617 668 783 737 μόνον
821 666 1206 737 προκομίζειν.
1255 668 1398 721 Ἀλλ’
1424 668 1591 739 opai;
1626 669 1686 723 τὸ
1711 688 1821 740 χω-

245 763 354 833 ρίον
382 763 505 816 ὅλον
551 761 887 831 ἐπιθήσομεν,
918 761 1028 813 ’ἴνα
1078 762 1174 815 καὶ
1208 762 1521 832 σαφεστέρα
1583 763 1823 831 γίνηται

245 859 274 921 ἡ
318 854 597 923 δήλωσις,
627 851 893 915 ὡσαύτως
932 853 1031 907 καὶ
1074 855 1108 923 ἡ
1136 836 1469 923 ἀπάντησις.
1497 854 1639 922 Φησὶ
1676 855 1825 925 γάρ·

245 947 364 1000 Τῶν
391 945 489 999 τοῦ
523 945 620 998 νῦν
670 946 984 1012 ἁγιωτάτου
1020 947 1223 1001 πάππα
1279 946 1579 1000 συναδικῶν
1623 948 1726 1001 οὐκ
1767 949 1826 1002 ἑν

245 1039 519 1100 τοσούτοις
555 1040 705 1100 ὅσοις
741 1037 1059 1105 γεγράφατε
1106 1039 1431 1109 κεφαλαίοις
1453 1041 1504 1093 οἰ
1544 1041 1641 1111 τῆς
1672 1040 1827 1111 βασι-

246 1130 385 1192 λίδος
416 1127 765 1191 ἐπελάϐοντο,
793 1128 915 1183 δυσὶ
946 1128 1003 1181 δὲ
1038 1130 1250 1197 μόνοιςο
1286 1123 1363 1184 ὧν
1404 1131 1468 1184 τὸ
1500 1132 1604 1202 μὲν
1647 1132 1827 1201 ὑπάρ-

248 1238 329 1291 χει
382 1222 514 1289 περὶ
558 1219 885 1287 θεολογίας,
941 1220 1024 1273 ὅτι
1059 1238 1143 1283 τε,
1185 1222 1373 1291 φησὶν,
1426 1218 1620 1289 εἶπεν,
1660 1225 1830 1278 ὲκπο-

253 1312 503 1380 ρεύεσθαι
538 1314 648 1366 κάκ
676 1312 772 1366 τοῦ
830 1313 964 1366 Υίοῦ
991 1313 1053 1366 τὸ
1082 1313 1313 1385 Πνεῦμα
1358 1314 1421 1367 τὸ
1453 1315 1615 1384 ἅγιον
1636 1332 1655 1347 ⁸
1685 1316 1745 1369 τὸ
1782 1314 1841 1370 δ’·

251 1405 374 1457 ἄλλο
415 1404 549 1474 περὶ
607 1402 709 1472 τῆς
750 1403 904 1464 θείας
959 1406 1316 1474 σαρκώσεως.
1350 1406 1461 1459 Καὶ
1495 1408 1634 1475 μετά
1683 1408 1829 1461 πάνυ

255 1495 475 1563 βραχέω
518 1495 633 1549 Καὶ
676 1494 757 1563 τῷ
801 1495 901 1563 μὶν
958 1493 1167 1565 πρώτῳ
1215 1497 1546 1566 συμφώνους
1579 1499 1833 1567 παρήγα-

256 1604 346 1654 γον
384 1587 617 1657 χρήσεις
669 1586 963 1655 Ῥωμαίων
1008 1586 1312 1656 Πατέρων,
1342 1588 1425 1642 ἔτι
1463 1606 1526 1655 γε
1581 1589 1688 1659 μὴν
1736 1591 1834 1643 καὶ

260 1678 526 1748 Κυρέλλου
570 1676 990 1746 Ἀλεξανδρείας
1045 1679 1109 1732 ὲκ
1159 1681 1261 1749 τῆς
1318 1679 1650 1750 πονηθείσης
1684 1682 1833 1753 αὐτῷ

259 1768 334 1830 εἰς
356 1768 450 1821 τον
492 1767 887 1837 εὖαγγελιστὴν
924 1768 1183 1840 Ἰωάννην
1216 1769 1373 1839 ἰεράς
1401 1772 1793 1840 πραγματείας
1815 1788 1830 1803 ·

261 1858 321 1923 ἐξ
363 1851 441 1911 ὢν
496 1857 557 1911 οὔ
606 1858 695 1910 τδν
736 1858 869 1912 Υἰὸν
904 1859 1086 1912 αἰτίαν
1125 1860 1416 1925 ποιοῦντας
1450 1862 1547 1916 τοῦ
1585 1863 1837 1929 Πνεῦμα-

264 1967 355 2014 τος
383 1952 523 2019 σφᾶς
554 1950 751 2015 αὐτοὺς
786 1951 1099 2016 ἀπέδειξαν.
1147 1951 1295 2007 Μίαν
1333 1952 1442 2024 γάρ
1478 1955 1661 2008 ἴσασιν
1704 1955 1835 2008 Υἰοῦ

266 2046 356 2099 καί
398 2044 713 2117 Πνεῦματος
750 2047 844 2099 τὸν
882 2045 1106 2115 Πατέρα
1158 2049 1363 2114 αἰτίαν,
1394 2047 1492 2101 τοῦ
1541 2050 1640 2119 μὲν
1692 2052 1838 2103 κατὰ

259 2136 534 2205 γέννησιν,
563 2137 658 2189 τοῦ
713 2137 771 2191 δὲ
807 2136 925 2191 κατ’
957 2137 1291 2208 ὲκπόρευσιν
1313 2155 1328 2169 ο
1361 2139 1478 2191 ἀλλ’
1519 2140 1608 2194 ἶνα
1661 2141 1721 2193 τὸ
1769 2140 1839 2193 δι’

259 2228 418 2284 αὑτοῦ
453 2229 709 2299 προϊέναι
738 2229 1032 2298 δηλώσωσι
1062 2268 1078 2292 ,
1122 2230 1217 2283 καὶ
1270 2230 1548 2303 ταύτῃτδ
1602 2233 1841 2300 συναφὲς

260 2321 353 2387 τῆς
379 2320 569 2383 οὐσίας
620 2323 717 2373 καί
764 2320 1199 2389 ἀπαράλλακτον
1229 2324 1682 2393 παραστήσωσιν.
1720 2325 1841 2377 Οὐκ

271 2412 382 2466 ἔδει
410 2411 507 2465 οὖν
555 2410 649 2465 τὸν
692 2413 975 2483 αἰδέσιμον
1005 2414 1175 2482 ἄνδρα
1200 2414 1390 2469 τοῦτον
1420 2415 1711 2483 λέγεινντὸ,
1743 2416 1841 2470 Ἐκ

261 2504 425 2571 μόνου
449 2519 465 2535 ⁶
510 2504 621 2558 ἰδοὺ
662 2504 773 2574 γὰρ
830 2505 1127 2572 προφανῶς
1190 2508 1285 2558 καὶ
1324 2506 1594 2576 ἀριδήλως
1623 2508 1651 2560 6
1684 2506 1843 2575 ἅγιος

261 2597 523 2666 Μάξιμος·
561 2599 851 2669 μαρτυρεῖ.
905 2596 983 2659 ὡς
1041 2596 1092 2650 οἰ
1142 2598 1291 2665 ἅγιοι
1348 2598 1596 2669 Πατέρες
1647 2599 1695 2651 οἰ
1742 2598 1843 2666 τῆς

270 2684 546 2756 Ἑσπέρας
602 2687 741 2755 μετὰ
781 2688 871 2738 καί
903 2685 999 2739 τοῦ
1033 2686 1187 2740 θείου
1216 2688 1491 2758 Κυρελλου
1527 2688 1623 2741 καὶ
1656 2689 1718 2742 ἐκ
1748 2688 1843 2742 τοῦ

262 2775 392 2830 Υἰοῦ
434 2778 838 2846 ἐκπορεύεσθαι
886 2779 949 2831 τὸ
1003 2777 1162 2846 ἅγιον
1196 2778 1421 2848 Πνεῦμα
1476 2779 1842 2848 θεολογοῦσιν.

260 2866 317 2921 Ι·Ιί
349 2868 448 2921 οὖν
475 2871 572 2922 καί
600 2871 663 2922 ἐκ
696 2870 789 2924 τοῦ
825 2868 982 2933 Υἰοῦ,
1007 2871 1170 2940 δῆλον
1201 2869 1278 2933 ὡς
1303 2871 1406 2924 οὐκ
1438 2871 1505 2923 ἐκ
1537 2871 1702 2941 μόνου
1748 2872 1846 2925 τοῦ

259 2959 495 3029 Πατρδς,
526 2960 602 3023 ῶς
647 2961 810 3021 αὐτὸς
861 2961 1128 3023 πολλάκις
1178 2960 1400 3030 εἴρηκε.
1439 2962 1577 3031 Περὶ
1626 2962 1683 3015 δὲ
1720 2962 1841 3026 τοῦ,

256 3050 358 3103 οὐκ
414 3048 600 3103 αἰτίαν
627 3055 720 3103 τὸν
769 3051 899 3104 Υἰδν
963 3048 1280 3114 ποιοῦντας,
1310 3050 1595 3104 τουτέστιν
1646 3052 1767 3105 οἰαν
1818 3053 1847 3105 6

1926 588 2137 637 tantum
2166 599 2333 641 vocas
2354 585 2571 651 aﬂ'erre,
2619 586 2982 645 Ostenderunt
3006 605 3034 642 a
3070 606 3132 644 se
3161 589 3359 646 Filium
3393 607 3500 646 nou

1926 677 2094 730 statui
2124 691 2347 732 causam
2374 678 2613 737 Spiritus
2644 681 2845 736 sancti.
2878 682 3018 753 Ergo
3050 698 3169 737 nos
3195 681 3375 739 locum
3414 684 3504 738 in-

1927 776 2138 837 tegrum
2169 784 2530 836 exponemus,
2573 782 2637 827 ut
2676 788 2765 828 res
2796 773 2997 828 clarius
3052 775 3407 844 intelligatur.
3446 782 3505 831 et

1925 847 2223 928 objectioni
2258 859 2557 917 dilucidius
2593 864 3013 933 respondeatur.
3064 866 3157 920 Ait
3189 848 3357 935 igitur
3390 884 3404 921 :
3445 866 3501 922 In

1929 951 2212 1033 synodicl‘s
2294 954 2633 1009 sanctissimi
2702 970 2875 1025 papas,
2934 956 3024 1024 qui
3086 972 3231 1010 nunc
3290 968 3507 1026 praeest,

1929 1041 2128 1097 litteris
2169 1058 2274 1097 non
2336 1052 2416 1099 tot
2448 1044 2648 1114 capita,
2678 1056 2738 1100 ut
2790 1046 3117 1118 scripsistis,
3174 1049 3335 1117 regia:
3358 1050 3511 1103 urbis

1929 1132 2124 1189 lncolze
2147 1142 2425 1198 notarunt,
2452 1136 2545 1191 sed
2580 1136 2689 1191 duo
2713 1145 2929 1193 tantum
2956 1154 2972 1202 ;
3003 1153 3240 1207 quorum
3273 1140 3507 1193 alterum

1930 1224 1996 1278 ad
2030 1224 2211 1279 divina
2264 1234 2502 1293 spectat,
2552 1226 2705 1297 quod
2757 1228 3024 1297 Spiritum
3073 1236 3323 1283 sanctum
3356 1229 3514 1283 aiunt

1930 1316 2094 1369 etiam
2129 1332 2192 1370 ex
2237 1316 2373 1370 Filio
2397 1317 2696 1383 procedere
2743 1319 2970 1383 dixerit,
3001 1319 3238 1375 alterum
3287 1333 3420 1374 vero
3444 1319 3514 1374 ad

1934 1406 2392 1462 incarnationem.
2450 1408 2516 1461 Et
2583 1410 2770 1479 paucis
2810 1410 3109 1465 admodum
3166 1411 3514 1480 interjectis:

1937 1496 2000 1552 Et
2025 1499 2078 1551 in
2104 1498 2339 1565 primum
2363 1498 2581 1567 quidem
2604 1514 2877 1555 consonas
2898 1501 3270 1555 Romanorum
3292 1500 3514 1555 Patrum

1935 1589 2170 1645 attulere
2210 1591 2540 1657 sententias,
2603 1607 2704 1646 nec
2758 1609 2863 1646 non
2919 1592 3107 1663 Cyrilli
3163 1591 3517 1659 Alexandrini

1934 1697 2000 1735 ett
2051 1680 2228 1736 sacris
2292 1681 2411 1751 ejus
2473 1682 2527 1737 iu
2594 1682 2859 1738 Joannem
2918 1684 3380 1749 commentariis;
3420 1697 3518 1752 per

1937 1788 2075 1841 quas
2102 1772 2387 1827 evidenter
2428 1774 2811 1838 ostenderunt,
2845 1791 2967 1829 sese
2993 1790 3102 1830 non
3159 1784 3402 1830 statuere
3428 1772 3518 1829 Fi-

1939 1864 2070 1918 lium
2102 1864 2344 1935 Spiritus
2380 1868 2559 1922 sancti
2590 1883 2813 1924 causam
2849 1871 3039 1935 (unam
3085 1868 3286 1939 quippe
3316 1876 3521 1922 norunt

1939 1972 2164 2013 causam
2190 1958 2313 2013 Filii
2341 1969 2397 2013 et
2428 1960 2667 2030 Spiritus
2707 1960 2947 2025 Patrem,
2981 1961 3129 2016 illius
3164 1976 3259 2031 per
3289 1973 3520 2027 genera-

1940 2047 2166 2111 tionem,
2200 2050 2360 2117 hujus
2406 2065 2503 2119 per
2550 2052 3007 2119 processioneut),
3040 2052 3136 2106 sed
3175 2051 3415 2105 voluisse
3440 2049 3523 2104 si-

1941 2140 2201 2211 gnificare
2232 2140 2500 2211 Spiritum
2564 2142 2794 2213 produci
2852 2158 2949 2211 per
3003 2142 3252 2208 Filium;
3306 2150 3359 2195 et
3416 2139 3523 2195 hac

1942 2232 2158 2287 ratione
2229 2236 2463 2301 probare
2524 2233 2778 2289 essentia:
2850 2232 2997 2287 nulla
3069 2247 3198 2287 eum
3255 2230 3522 2288 varietate

1942 2326 2411 2380 communionem.
2448 2322 2566 2380 Non
2597 2340 2727 2395 ergo
2763 2324 2994 2380 debebat
3047 2323 3300 2395 egregius
3328 2324 3418 2380 hic
3440 2322 3525 2378 vir

1943 2428 2214 2482 usurpare
2270 2430 2481 2477 vocem,
2547 2415 2621 2469 Ex
2694 2420 2835 2470 solo.
2891 2413 2970 2468 En
3039 2414 3241 2484 quippe
3301 2424 3529 2470 sanctus

1942 2502 2215 2561 Maximus
2248 2515 2432 2575 aperte
2468 2507 2759 2577 palamque
2787 2515 3045 2573 testatur,
3086 2514 3309 2563 sanctos
3339 2506 3528 2561 Patres

1944 2595 2323 2653 Occidentales
2352 2614 2455 2653 ttna
2480 2613 2603 2653 cum
2630 2608 2821 2654 sancto
2849 2598 3058 2667 Cyrillo
3091 2613 3337 2653 asserere
3356 2597 3529 2667 Spiri-

1946 2699 2058 2743 tum
2077 2700 2325 2744 sancutm
2342 2690 2503 2744 etiant
2523 2706 2587 2745 ex
2603 2689 2741 2745 Filio
2783 2690 3111 2758 procedere;
3133 2688 3279 2759 quod
3300 2688 3348 2744 sl
3366 2689 3528 2743 etiam

1945 2794 2011 2835 ex
2034 2778 2192 2845 Filio,
2224 2789 2461 2845 constat,
2491 2797 2600 2836 non
2625 2797 2688 2837 ex
2721 2780 2881 2837 Patre
2919 2782 3061 2845 solo,
3098 2780 3241 2849 quod
3277 2796 3423 2849 saepe
3452 2780 3536 2836 di-

1945 2878 2095 2924 ctum
2122 2869 2191 2923 ab
2214 2872 2332 2940 ipso
2351 2880 2454 2925 est.
2471 2869 2639 2925 Porro
2657 2880 2839 2926 autem
2858 2886 3019 2927 voces
3045 2872 3173 2935 illae,
3193 2886 3318 2926 sese
3332 2870 3533 2925 Filium

1948 2974 2056 3014 non
2076 2969 2316 3015 statuere
2333 2977 2576 3024 causam,
2595 2962 2965 3030 intelligenda:
2983 2969 3116 3016 sunt
3130 2962 3196 3015 de
3213 2975 3380 3014 causa
3395 2975 3530 3030 qua-

1948 3052 2053 3107 lem
2088 3055 2323 3122 ponebat
2364 3053 2687 3118 Eunomius,
2723 3054 3188 3120 quemadmodum
3226 3052 3535 3106 declaravi-

259 3141 536 3211 Εὑνόμιος
567 3142 778 3210 ἔλεγεν,
806 3141 884 3203 ὡς
916 3142 1014 3195 καὶ
1046 3142 1105 3194 ιν
1134 3143 1249 3205 τοίς
1277 3139 1594 3211 ἔμπροσθεν
1645 3140 1848 3210 ἐδηλώ-

1952 3157 2094 3196 mus.
2114 3141 2351 3197 Causam
2381 3142 2526 3196 enim
2558 3142 2777 3210 pr0prie
2800 3141 3203 3211 primordialem
3231 3140 3408 3197 sancti
3434 3141 3535 3196 Pa-

260 3252 439 3305 σιμεν
458 3251 473 3266 ·
511 3236 604 3288 καὶ
630 3236 738 3305 γάρ
768 3234 950 3289 αἰτίαν
976 3233 1198 3305 κυρίως
1239 3235 1287 3286 οἰ
1328 3233 1476 3302 am.
1508 3231 1607 3303 τὴν
1632 3233 1848 3304 ἀρχοει-

258 3328 323 3397 ὄῆ
347 3331 451 3382 καί
482 3327 970 3398 προκαταρκτικὴν
1008 3328 1234 3382 εἰώθασι
1283 3327 1485 3395 λέγειν,
1522 3326 1708 3389 καθὼς
1753 3326 1849 3379 καὶ

255 3424 287 3478 ὁ
342 3422 609 3489 Θεολὸγος
649 3421 956 3491 Γρηγόριος
1001 3418 1156 3490 δηλοῖ
1201 3419 1258 3471 ἑν
1311 3419 1392 3488 τῷ
1444 3419 1526 3482 εἰς
1558 3418 1653 3473 τὸν
1682 3416 1849 3471 κατά-

262 3514 438 3566 πλουν
466 3511 560 3565 τὸν
594 3512 691 3565 ἀπ’
726 3511 1031 3579 Αἰγύπτου,
1068 3511 1301 3577 φάσκων
1354 3508 1533 3571 οὕτως
1560 3525 1575 3541 ·
1624 3508 1761 3572 Θεὸς
1791 3510 1851 3561 ιν

262 3602 447 3672 τρισὶν
490 3603 711 3655 ἵσταται
764 3602 878 3664 τοῖς
913 3601 1218 3671 μεγίστοις,
1250 3599 1432 3671 αἰτίῳ,
1458 3601 1553 3653 καί⁵
1584 3599 1850 3669 δημιουρ-

260 3692 368 3762 γῷ,
406 3693 500 3745 καὶ
543 3691 887 3760 τελειοποιῷ,
947 3690 1026 3760 τῷ
1077 3690 1259 3756 Πατρί
1302 3689 1447 3757 λέγω
1479 3690 1574 3743 καὶ
1621 3688 1701 3758 τῷ
1740 3687 1854 3759 Υίῷ

263 3786 361 3838 καὶ
413 3783 491 3855 τῷ
535 3784 678 3854 άγίῳ
718 3783 1021 3852 Πνεῦματι.
1057 3781 1124 3834 Τί
1154 3780 1271 3847 οὖν,
1302 3781 1408 3834 οὐκ
1436 3782 1611 3844 αἴτιος
1645 3782 1674 3834 6
1722 3779 1852 3843 Υίὺς

259 3880 361 3948 τῆς
396 3876 493 3929 τοῦ
532 3877 742 3946 κόσμου
792 3874 1199 3944 δημιουργίαςς
1256 3872 1380 3936 Πῶς
1415 3867 1511 3926 οὗν
1560 3889 1743 3942 φαμεν
1798 3873 1856 3925 ἰν

261 3972 330 4038 τῇ
375 3968 645 4038 ὁμολογίᾳ
668 3970 765 4036 τῆς
798 3968 1061 4031 πίστεως,
1095 3965 1178 4020 Δι’
1222 3960 1296 4021 οὖ
1336 3963 1409 4018 τὰ
1464 3963 1663 4018 πάντα
1730 3963 1857 4032 ἐγό-

262 4079 415 4116 νετο
449 4078 466 4123 ;
514 4060 660 4114 Ἀλλ’
692 4062 720 4113 6
748 4059 1009 4127 Θεολόγος
1043 4059 1140 4112 καὶ
1165 4060 1193 4111 6
1219 4057 1506 4119 Βασίλειος
1540 4058 1623 4120 τὸ,
1659 4058 1855 4123 αῐτιος,

264 4154 364 4204 ἐπὶ
404 4152 569 4221 μόνου
600 4149 696 4203 τοῦ
747 4151 961 4218 Πατρδς
993 4150 1224 4219 ἔφησαν.
1272 4148 1413 4203 Ἀλλ’
1450 4148 1571 4202 οὐδὲ
1622 4148 1800 4219 μάτην
1828 4149 1859 4200 6

265 4244 421 4307 θεῖος
457 4242 713 4311 Μάξιμος
768 4244 854 4308 τὸ,
907 4244 987 4296 Δι’
1024 4243 1195 4296 αὑτοῦ
1250 4243 1527 4307 προῖέναι,
1580 4242 1855 4313 ἐπιφέρειο

270 4339 403 4391 ἐπεὶ
447 4337 713 4391 ἀδύνατον
744 4336 833 4391 διὰ
865 4334 958 4389 τοῦ
994 4335 1126 4389 Υἰοῦ
1180 4336 1456 4406 προϊέναι,
1500 4337 1595 4390 καὶ
1651 4335 1729 4406 μὴ
1764 4334 1860 4388 καὶ

264 4432 365 4484 τδν
411 4430 541 4483 my
573 4431 750 4482 αίτιον
782 4429 1053 4499 ὑπάρχειν
1080 4428 1182 4497 τῆς
1221 4427 1317 4480 τοῦ
1350 4428 1665 4498 Πνεῦματος
1696 4429 1859 4480 ἐκπο-

1952 3241 2063 3287 tres
2083 3247 2403 3301 nuncupare
2427 3233 2628 3298 solent,
2648 3243 2707 3287 ut
2732 3231 3030 3302 Gregorius
3048 3233 3429 3289 Nazianzenus
3440 3234 3537 3288 do-

1951 3328 2039 3375 cet
2079 3322 2324 3375 oratione
2366 3321 2431 3374 ad
2473 3335 2568 3376 eos
2608 3323 2699 3391 qui
2731 3337 2799 3376 ex
2834 3319 3069 3392 Αἰμιηο
3101 3322 3532 3392 ούηονίεατυιιι.

1954 3411 2041 3468 bis
2061 3411 2242 3467 verbis
2273 3411 2457 3467 :Deus
2480 3412 2532 3466 in
2562 3412 2737 3467 tribus
2770 3412 2918 3466 hisce
2952 3411 3211 3466 maximis
3259 3411 3536 3475 subsistit,

1954 3516 2143 3564 causa,
2179 3511 2428 3556 creatore
2466 3509 2521 3556 et
2547 3500 2880 3571 perfectore,
2904 3499 3351 3571 Patre,.inquam,
3372 3510 3427 3555 et
3452 3500 3510 3555 ιη
3529 3530 3541 3541 -

1955 3594 2052 3657 lio,
2075 3602 2127 3647 et
2146 3591 2353 3662 Spiritu
2377 3606 2587 3647 saneto.
2608 3593 2764 3648 Anne
2785 3592 2950 3663 igitur
2968 3591 3140 3648 Filius
3172 3608 3278 3646 non
3317 3591 3424 3646 erit
3444 3608 3542 3645 an-

1955 3694 2077 3741 ctor
2091 3685 2390 3741 creationis
2408 3682 2629 3739 mundi?
2646 3683 2934 3751 Quomodo
2948 3700 3078 3754 ergo
3102 3684 3155 3761 in
3181 3684 3301 3739 lidei
3323 3684 3539 3738 confes-

1958 3780 2110 3834 sione
2135 3778 2407 3833 dicimus:
2442 3776 2545 3832 Per
2570 3794 2725 3848 quem
2746 3779 2926 3832 omnia
2958 3777 3105 3847 facta
3136 3788 3257 3853 sunt
3284 3780 3309 3833 Ρ
3339 3776 3539 3831 Verum

1957 3869 2331 3925 Naaianzenus
2362 3880 2414 3925 et
2438 3869 2673 3926 Basilius
2701 3884 2882 3924 causa:
2902 3885 3099 3924 nomen
3134 3870 3233 3925 soli
3268 3867 3416 3923 Patri
3448 3871 3546 3923 tri-

1958 3960 2157 4017 buunt.
2200 3960 2310 4016 Nec
2357 3976 2490 4016 vero
2542 3959 2749 4017 frustra
2793 3961 3015 4017 divinus
3064 3961 3334 4017 Maximus
3382 3961 3547 4016 infert

1960 4054 2126 4111 verba
2153 4053 2267 4119 illa,
2311 4053 2415 4109 Per
2449 4054 2629 4123 ipsum
2657 4052 2882 4123 produci
2909 4069 2925 4118 ;
2956 4069 3083 4109 cum
3110 4052 3448 4122 impossibile
3476 4056 3548 4109 sit

1961 4163 2060 4218 per
2091 4146 2294 4201 Filium
2333 4142 2654 4214 procedere,
2683 4143 2815 4212 quin
2856 4143 2929 4196 sit
2955 4154 3010 4218 et
3034 4142 3151 4211 ipse
3178 4142 3352 4195 Filius
3380 4157 3545 4195 causa

1962 4215 2337 4310 processlonis
2370 4235 2635 4305 Spiritus.
2678 4231 2793 4287 Hoc
2836 4215 3221 4301 idetn'egregie
3252 4231 3546 4285 admodum

1968 4331 2262 4384 continuat
2310 4327 2478 4382 etiam
2532 4324 2835 4395 Gregorius
2883 4320 3163 4404 Nyssenus
3227 4323 3399 4394 prima
3449 4339 3548 4378 sua

1969 4423 2220 4481 oratione
2253 4422 2395 4476 inter
2416 4434 2531 4483 eas,
2563 4418 2765 4489 quibus
2805 4416 3057 4474 conlutat
3080 4415 3429 4480 Eunomium,
3457 4432 3550 4484 per

271 4525 542 4594 ρεύσεως.
566 4522 740 4575 Τοῦτο
770 4524 865 4574 καὶ
898 4520 1203 4590 Γρηγόριος
1245 4523 1274 4573 6
1322 4520 1549 4588 Νύσσης
1593 4518 1737 4588 μάλα
1767 4534 1849 4571 κα·

1972 4514 2086 4569 haec
2117 4514 2282 4568 verba
2323 4528 2337 4565 :
2372 4510 2505 4566 Nam
2544 4514 2591 4567 si
2618 4509 2857 4581 spatium
2890 4509 3157 4580 temporis
3206 4518 3332 4562 ante
3365 4523 3553 4577 perso—

270 4616 385 4679 λῶς
416 4616 629 4685 βεϐαιοί
670 4619 731 4668 ἐν
761 4613 840 4684 τῷ
869 4614 994 4667 κατ’
1034 4613 1307 4683 Εὑνομίου
1356 4605 1731 4685 άντιῤῥήτικῷ
1761 4612 1863 4665 αὖ·

271 4709 372 4762 τοῦ
408 4709 555 4778 λόγῳ
585 4706 811 4779 πρώτῳ,
860 4706 1038 4774 λέγων
1069 4706 1244 4767 οὕτως
1269 4721 1283 4735 ο
1334 4703 1399 4758 Εἰ
1434 4704 1535 4774 μὲν
1560 4700 1657 4758 οὖν
1682 4721 1867 4775 χρονι-

271 4806 381 4872 κην
427 4802 674 4871 ἔμφασιν
706 4798 1011 4870 ὑπερετίθη
1054 4798 1156 4868 τῆς
1204 4796 1301 4850 τοῦ
1355 4797 1699 4866 Μονογενοῦς
1731 4797 1867 4850 ὐπο-

272 4894 529 4955 στάσεως
566 4893 595 4945 6
648 4892 742 4945 τὸν
774 4892 997 4961 Πατέρα
1043 4890 1139 4944 τοῦ
1194 4889 1328 4943 Υἰοῦ
1366 4890 1515 4962 μόνῳ
1538 4888 1617 4960 τῷ
1642 4890 1745 4956 τῆς
1778 4890 1870 4942 αἰ-

270 4987 402 5048 τίας
433 4984 576 5054 λόγῳ
607 4983 945 5054 προθεωρῶν
977 5022 990 5044 ,
1028 4984 1255 5045 εἰκότως
1295 4982 1363 5035 ἂν
1412 4984 1440 5035 6
1478 4981 1580 5051 τῆς
1626 4981 1870 5051 άῖδιότη-

270 5091 373 5137 τος
418 5073 553 5141 ἡμῖν
608 5072 738 5140 περὶ
787 5071 885 5125 τοῦ
932 5070 1064 5124 Υἰοῦ
1114 5070 1273 5137 λόγος
1312 5068 1706 5124 ὲκινδυνεύετο.
1760 5070 1873 5123 Καὶ

276 5165 437 5237 μετά
460 5183 583 5219 τινα
606 5179 623 5195 ⁶
668 5166 757 5229 Ὡς
798 5165 907 5234 γὰρ
943 5158 1279 5216 συνάπτεται
1316 5164 1396 5233 τῷ
1440 5162 1614 5232 Harp!
1661 5162 1689 5214 6
1721 5161 1872 5227 Υἱὸς,

271 5263 379 5314 καὶ
432 5258 511 5329 τῷ
560 5257 621 5323 ἐξ
679 5257 848 5312 αὑτοῦ
908 5251 1049 5310 εἰναι
1110 5256 1210 5325 οὐχ
1266 5254 1542 5327 ὑστερίζει
1589 5255 1732 5307 κατὰ
1776 5254 1873 5324 τὴν

275 5352 565 5419 ὓπαρξινο
602 5349 748 5404 οὕτω
804 5348 970 5403 πάλιν
1022 5346 1116 5401 τοῦ
1181 5345 1519 5415 Ιίονογενοῦς
1579 5345 1766 5417 ἔχεται
1815 5346 1875 5400 τὸ

278 5443 521 5512 Πνεῦμα
571 5444 632 5495 τὸ
684 5444 863 5511 ἅγιον,
900 5439 1118 5509 ἐπινοίᾳ
1156 5438 1294 5510 μόνῃ
1353 5439 1494 5492 κατὰ
1546 5438 1639 5492 τὸν
1694 5437 1877 5501 αἰτίας

278 5537 457 5602 λόγον
485 5533 979 5603 προθεωρουμὲνου
1029 5534 1129 5601 τῆς
1162 5529 1258 5585 τοῦ
1291 5530 1610 5600 Πνεύματος
1642 5528 1876 5582 ὑποστά-

280 5644 458 5687 σεως.
488 5626 599 5679 Καὶ
628 5624 914 5687 Βασίλειος
960 5626 1018 5676 ὲν
1056 5621 1136 5693 τῷ
1168 5621 1304 5690 πρὸς
1331 5620 1683 5691 Ἀμφιλόχιον
1718 5623 1776 5675 ἑν
1801 5619 1878 5690 τῷ

284 5727 369 5785 ις’
397 5718 701 5787 κεφαλαίῳ,
730 5709 792 5769 οὗ
824 5718 856 5787 ἡ
888 5714 1200 5785 ἐπιγραφὴ,
1237 5714 1366 5765 Ὅτι
1397 5714 1745 5782 ἀχώριστον
1774 5712 1876 5767 ἐπὶ

278 5812 500 5880 πάσης
550 5810 794 5875 ἐννοίας
840 5807 1069 5877 Πατρός
1118 5804 1217 5861 καί
1279 5801 1414 5860 Υίοῦ
1476 5806 1538 5864 τὸ
1597 5804 1875 5878 Πνεῦμα,

1972 4621 2097 4661 nam
2121 4602 2388 4675 unigeniti
2413 4598 2717 4666 statueret,’
2740 4601 2832 4671 qui
2864 4598 3082 4655 Patrem
3114 4598 3256 4655 Filio
3279 4599 3553 4669 praeintt-l-

1972 4698 2089 4768 ligit
2113 4697 2231 4753 sola
2259 4710 2442 4751 causae
2470 4694 2780 4765 prioritate,
2806 4693 2931 4759 iure
2964 4690 3214 4763 profecto
3240 4691 3401 4747 nobis
3428 4688 3551 4744 Filii

1971 4788 2252 4845 tcternitas
2276 4786 2704 4858 periclitaretur.
2756 4784 2822 4840 Et
2865 4783 3028 4854 paulo
3082 4791 3249 4852 post:
3283 4780 3556 4848 Quemad-

1974 4880 2194 4936 modum
2241 4880 2389 4935 enim
2417 4878 2749 4948 coniunctus
2781 4885 2865 4931 est
2910 4874 3056 4930 Patri
3099 4874 3293 4939 Filius,
3331 4888 3428 4927 nec
3471 4883 3555 4927 est

1973 4971 2068 5025 illo
2116 4970 2408 5041 posterior,
2458 4966 2609 5039 quod
2658 4968 2726 5022 ab
2767 4966 2889 5036 ipso
2941 4966 3051 5020 sit:
3098 4964 3172 5019 ita
3230 4972 3286 5019 et
3316 4962 3555 5032 Spiritus

1976 5073 2201 5120 sanctus
2224 5060 2578 5132 Unigenitum
2608 5059 2881 5127 sequitur,
2910 5058 3029 5113 sola
3072 5057 3271 5112 mentis
3303 5052 3555 5108 conside-

1977 5156 2193 5212 ratione
2224 5155 2583 5209 autecedenle
2613 5151 2753 5207 Ftlio
2806 5152 3120 5223 ltypostasin
3182 5147 3418 5215 Spiritus
3464 5161 3551 5198 ra-

1978 5251 2127 5306 tione
2155 5248 2522 5304 causalitatis.
2557 5247 2623 5300 Et
2678 5245 2909 5301 Basilius
2958 5245 3010 5299 in
3046 5244 3184 5297 libro
3231 5240 3296 5293 ad
3332 5240 3557 5308 Amphi-

1979 5344 2245 5405 lochium,
2302 5342 2482 5410 capite
2514 5340 2732 5394 decimo
2764 5350 2943 5402 sexto,
3000 5336 3088 5392 cui
3135 5332 3325 5388 titulus
3359 5351 3371 5386 :
3402 5332 3555 5399 Quod

1980 5434 2353 5502 inseparabilis
2376 5434 2444 5486 sit
2484 5432 2717 5500 Spiritus
2745 5439 2957 5484 sanctus
2980 5444 3012 5479 a
3050 5425 3212 5480 Patre
3242 5434 3292 5478 et
3334 5424 3469 5477 Filio
3500 5425 3558 5479 in

1981 5528 2161 5594 quouis
2195 5542 2368 5581 rerum
2396 5536 2668 5593 conceptu.
2692 5516 3125 5591 Comprehende.
3151 5517 3345 5588 inquit,
3373 5517 3557 5571 animo
3610 5568 3615 5575 ,

1984 5620 2228 5686 Patrem,
2262 5635 2444 5675 rerum
2489 5633 2610 5686 quae
2639 5616 2775 5668 linat
2831 5612 3239 5683 primordialem
3300 5624 3549 5671 causam,

1985 5708 2306 5763 creatricetn
2336 5694 2555 5767 Ftﬂnm,
2581 5701 2963 5772 perl'ectricent'
2981 5698 3249 5770 Spiritum
3274 5708 3549 5753 sanctum.

1986 5799 2054 5857 lli
2090 5816 2281 5858 omnes
2324 5796 2702 5855 causalitatcnt
2754 5795 3000 5853 referunt
3029 5792 3096 5850 ad
3142 5792 3379 5860 Patrem,
3428 5806 3555 5846 cum
