3982 6208
290 297 387 363 ιει

290 524 490 571 ματος.
524 507 585 559 οὑ
618 506 712 559 δύο
738 508 938 576 ἀρχάςο
967 509 1103 561 ἀλλὰ
1148 509 1406 580 καθάπερ
1435 512 1463 563 6
1512 511 1701 581 Πατὴρ
1728 510 1820 564 καὶ
1842 513 1871 563 6

290 598 424 659 Υἱὸς
453 593 536 660 εἷς
565 597 719 662 Θεὸς,
746 600 840 651 καὶ
882 598 1018 668 πρὸς
1056 599 1156 662 τὴν
1197 602 1374 652 κτίσιν
1408 601 1758 669 ἁναφορικῶς
1789 595 1869 664 εἷς

1500 366 1505 370 .
1536 310 1845 371 CONTRA
1890 313 2308 377 ETIIESIUM.
2788 372 2795 375 ι

283 416 514 485 Πατέρα
547 414 644 466 καὶ
674 413 767 467 τὸν
809 414 945 467 Υἱὶν
970 414 1152 486 ἀρχὴν
1187 410 1328 469 εἶναι
1380 415 1475 470 τοῦ
1512 418 1668 486 ἁγίου
1701 419 1873 471 Πνεῦ-

1992 420 2153 477 Filius
2206 441 2347 480 unus
2399 426 2559 496 Deus,
2615 437 2669 483 et
2696 429 2763 485 ad
2796 439 3101 486 creaturam
3153 435 3375 491 relative
3407 453 3551 491 unus

3451 324 3565 389 182’

1980 524 2200 568 creator
2230 526 2285 569 et
2338 535 2486 573 unus
2513 520 2782 576 Dominus
2826 540 2842 578 :
2878 525 2958 579 sie
2995 525 3218 579 relative
3254 531 3320 580 ad
3373 528 3551 596 Spiri-

1976 612 2089 659 tum
2114 620 2364 664 sanetum
2394 628 2563 667 unum
2596 614 2923 685 principium
2951 618 3058 671 :ad
3082 629 3395 673 creaturam
3420 635 3553 675 vero

288 689 515 759 κτίστης
542 691 636 742 καὶ
665 683 745 751 εἷς
780 690 1008 758 Κύριος,
1036 690 1210 754 οὕτως
1243 692 1599 762 ἀναφορικῶς
1635 693 1771 763 πρὸς
1802 694 1865 745 τὸ

1992 696 2131 753 later
2166 710 2219 754 et
2255 699 2427 759 Filius
2478 714 2534 759 et
2587 683 2829 774 Spiritus
2855 718 3083 764 sanctus
3124 726 3294 765 unum
3345 712 3554 779 princio

291 778 525 847 Πνεῦμα
572 780 634 833 τὸ
662 781 822 849 ἅγιον
856 781 988 851 μίαν
1031 782 1230 852 ἀρχὴν,
1269 784 1527 855 καθάπερ
1587 785 1723 855 πρὸς
1764 784 1864 854 τὴν

1992 788 2147 850 tium.
2168 792 2319 851 sicut
2352 811 2495 849 unus
2521 809 2738 852 creator
2767 807 2820 853 et
2872 814 3018 855 unus
3057 800 3338 859 Dominus.

292 876 469 926 κτίσιν
503 876 531 926 6
560 874 752 944 Πατὴρ
781 873 876 926 καὶ
905 877 933 928 6
987 874 1115 938 Υἱὸς
1142 876 1237 929 καὶ
1275 875 1336 928 τὸ
1369 874 1597 945 Πνεῦμα
1630 876 1690 929 τὸ
1749 875 1907 943 ἅγιον
1945 875 2093 947 ἀρχὴ
2148 881 2247 949 μία
2296 883 2474 950 εἰσὶν,
2553 886 2741 954 ὥσπερ
2798 882 2886 951 εἷς.
2936 889 3273 961 δημιουργὸς
3324 895 3418 946 καὶ
3473 889 3555 958 ετς

294 968 525 1038 Κύριος.

371 1062 656 1114 Δέδεικται
683 1061 896 1129 σαφῶς,
932 1061 1017 1115 ὅτι
1049 1063 1106 1115 αἱ
1158 1062 1407 1132 χρήσεις,
1436 1061 1502 1126 ἃς
1536 1062 1809 1133 μαρτυροῖ
1841 1060 1870 1114 6

296 1154 441 1217 θεῖος
468 1153 745 1223 Μάξιμος,
775 1154 867 1205 καὶ
894 1154 986 1207 τὸν
1034 1155 1163 1207 Υῐὸν
1221 1154 1395 1207 αἴτιον
1432 1157 1527 1224 τῆς
1557 1153 1653 1207 τοῦ
1696 1151 1874 1207 Ilvati—

300 1262 472 1314 ματος
504 1245 795 1315 ὑπάρξεως
841 1249 1239 1316 μαρτυροῦσιν.
1277 1247 1399 1299 Ὀτι
1427 1247 1485 1299 δὲ
1514 1246 1601 1300 διὰ
1635 1245 1744 1298 τῶν
1778 1245 1874 1298 δύο

308 1341 378 1408 ρῤ
401 1339 553 1405 λέγει
612 1339 784 1408 τιμᾷν
838 1338 931 1389 τὸν
972 1338 1109 1407 ,ὅρον
1158 1339 1322 1407 (οὕτω
1357 1339 1488 1409 γὰρ,
1515 1339 1674 1408 φησι,
1705 1339 1874 1409 τιμᾷν

296 1430 458 1483 αὑτὸν
486 1429 722 1481 δίκαιονο
748 1428 847 1481 καὶ
870 1429 941 1481 τὰ
978 1428 1168 1499 ἑξῆς),
1204 1428 1422 1499 πρῶτον
1457 1429 1556 1497 μὲν
1606 1428 1874 1498 θαυμάζω

303 1523 402 1593 τὴν
453 1522 549 1576 τοῦ
598 1522 792 1592 ἀνδρὸς
826 1521 1138 1585 εὖλάὸειαν,
1175 1524 1271 1574 καὶ
1314 1520 1395 1573 ὅτι
1438 1519 1539 1572 οὐκ
1585 1517 1726 1572 οἶδεν
1749 1520 1876 1571 ὅσον

305 1616 469 1682 τιμῆς
521 1614 760 1678 ἄξιοντὸ
798 1614 940 1667 θεῖον
995 1614 1187 1683 ὄνομα.
1242 1614 1303 1668 Εἰ
1343 1614 1449 1683 γὰρ
1502 1616 1570 1666 τὰ
1618 1614 1723 1665 ὑπὸ
1777 1612 1873 1665 τοῦ

307 1707 486 1759 Δαθὰν
518 1708 614 1759 καὶ
655 1706 923 1777 Ἀδειρὼν
970 1706 1490 1760 κατασκευασθέντα
1542 1708 1621 1767 εἰς
1677 1706 1875 1775 ὑπουρο

305 1801 433 1864 γειν
480 1799 579 1850 καὶ
606 1797 864 1867 λατρείαν
911 1797 1045 1851 Θεοῦ
1106 1800 1134 1849 6
1183 1798 1415 1866 θεόπτης
1482 1794 1719 1867 Μωῦσῆς
1770 1797 1871 1849 οὐκ

2048 1057 2343 1124 Perspicue
2372 1069 2662 1117 ostensum
2688 1071 2796 1128 est,
2828 1062 3553 1130 dictasanemrunt,qttibtts

1977 1158 2203 1205 sanctus
2230 1150 2500 1207 Maximus
2530 1152 2631 1208 dat
2660 1156 3064 1222 testimonium,
3089 1156 3253 1211 etiam
3291 1154 3431 1210 Filio
3455 1158 3571 1211 tri-'
3666 1168 3669 1169 '

1977 1241 2143 1297 liuere
2168 1244 2550 1299 causalitatem
2580 1247 2949 1304 sumsistentiae
2965 1248 3222 1319 Spiritus.
3243 1249 3399 1316 Quod
3423 1265 3551 1305 vero

1976 1333 2355 1389 definitionem
2382 1352 2502 1405 quae
2531 1338 2656 1408 ὅρος
2678 1336 2864 1394 Gmce
2887 1340 3111 1404 dicitur,
3178 1341 3551 1395 honorandam

1977 1440 2099 1482 esse
2122 1427 2198 1480 ait
2234 1443 2329 1498 per
2362 1428 2560 1497 duplex
2615 1446 2707 1499 ρρ,
2740 1430 3042 1486 scribendo
3076 1432 3263 1502 ὅῤῥον,
3315 1435 3437 1505 huc.
3469 1440 3559 1485 est

1977 1526 2279 1573 extremam
2314 1521 2663 1584 caudam'fita
2692 1523 2859 1586 enim,
2886 1524 3085 1593 inquit,
3123 1524 3271 1577 illam
3297 1524 3555 1578 honorari

1976 1626 2188 1680 aequum
2208 1619 2312 1676 est,
2346 1613 2499 1681 etc.).
2540 1614 2777 1681 primum
2812 1617 3031 1684 quidem
3066 1615 3241 1671 miror
3298 1616 3554 1685 pietatem

1976 1703 2237 1768 hominis;
2261 1706 2517 1775 quodque
2553 1707 2786 1775 ignoret,
2817 1706 2908 1762 Dei
2941 1723 3145 1761 nomen
3161 1717 3367 1780 quanto
3394 1708 3467 1763 sit
3501 1707 3553 1761 in

1977 1796 2186 1852 honore
2212 1797 2544 1853 habendum.
2577 1796 2713 1852 Nam
2735 1814 2780 1853 SI
2813 1814 2945 1856 vaca
2973 1815 3002 1853 a
3034 1799 3249 1853 Dathan
3272 1808 3326 1853 et
3351 1799 3556 1853 Abimn

317 1891 547 1961 ἠθέλησε
584 1866 736 1946 κοινᾷ
785 1886 948 1953 εἶναι,
981 1891 1070 1944 διὰ
1120 1892 1179 1944 τὸ
1231 1891 1378 1954 ἅπαξ
1438 1892 1519 1954 εις
1574 1866 1878 1958 ὑπουργίαν

1992 1890 2212 1943 conflata
2250 1889 2318 1943 ad
2354 1890 2722 1945 ministerium
2745 1901 2793 1945 et
2822 1891 3035 1945 cultum
3067 1890 3181 1957 Dei,
3245 1890 3424 1946 Moses
3472 1891 3559 1943 ille

314 1982 444 2035 θεοῦ
490 1983 583 2035 καὶ
634 1982 893 2052 λατρείαν
923 1982 1333 2052 ὀνομασθῆναιο
1370 1981 1529 2034 τοῦτο
1576 1980 1685 2051 γὰρ
1714 1981 1808 2032 καὶ
1851 1982 1879 2032 6

309 2074 435 2137 θεὸς
463 2074 540 2144 τῷ
576 2074 878 2145 Θεράποντι
911 2075 1079 2127 αὑτοῦ
1123 2075 1438 2128 ὶνετείλατο.
1462 2090 1477 2105 ⁸
1511 2073 1673 2133 αὐτὸς
1709 2072 1768 2124 ὲν
1800 2070 1879 2140 τῷ

311 2169 419 2236 ὅρῳ
457 2165 519 2218 τὸ
554 2163 647 2218 τοῦ
680 2163 816 2218 Θεοῦ
845 2164 1074 2234 φρικτὸν
1106 2164 1276 2233 ὄνομα
1310 2164 1619 2231 περιέχοντι
1664 2159 1882 2229 Πατρὸς

308 2259 401 2310 καὶ
430 2256 566 2311 me
599 2257 693 2310 xui
739 2256 897 2323 ἁγίου
928 2256 1248 2325 Πνεῦματος
1280 2253 1553 2322 πολλαχοῦ
1590 2253 1714 2323 μηδ’
1740 2252 1882 2314 ὅλως

304 2349 631 2419 εὐλαϐηθεὶς
663 2348 894 2403 τοιαῦτα
930 2348 1260 2418 ὲρεύγεταις
1288 2346 1431 2400 Ἀλλ’
1462 2346 1626 2415 ἡμεῖς
1676 2343 1881 2400 πάντος-

306 2442 401 2494 θεν
437 2442 496 2492 τὸ
546 2439 748 2509 σεμνὸν
794 2438 1248 2509 περιποιούμενοι
1291 2438 1347 2489 ὲν
1382 2439 1502 2499 ταῖς
1536 2434 1880 2501 ἀπολογίαις.

299 2530 717 2601 ἀναπολόγητον
753 2529 912 2583 τοῦτο
941 2532 1142 2601 ἐῶμεν,
1171 2527 1361 2597 ὥσπερ
1388 2528 1485 2581 καὶ
1507 2524 1699 2589 τᾶλλα,
1735 2524 1883 2594 ἅπερ

299 2625 418 2678 ἁπδ
459 2624 640 2693 θυμοῦ
683 2623 780 2677 καὶ
806 2622 1001 2693 ὀργῆς,
1035 2623 1113 2686 ὡς
1157 2622 1323 2684 ἔοικε,
1355 2618 1681 2688 κινούμενος
1705 2616 1877 2683 λέγει,

307 2717 439 2785 μηδ’
479 2718 618 2780 ὅλως
670 2717 759 2770 διὰ
806 2716 918 2769 τῶν
959 2716 1204 2785 ἐλέγχων
1255 2713 1503 2783 ἀπαντᾷν
1535 2709 1879 2780 βουλόμενοι⁹

304 2809 479 2877 μόνην
510 2808 617 2874 γὰρ
643 2806 740 2877 τὴν
771 2805 1034 2875 ἀλήθειαν
1066 2802 1339 2874 φανεροῦν
1368 2802 1673 2867 ἐθέλοντες,
1701 2800 1875 2855 τᾶλλα

302 2900 673 2970 παρορῶμεν,
730 2898 875 2967 ἅπερ
926 2897 987 2950 οῦ
1040 2896 1175 2966 πρὸς
1220 2894 1392 2965 αὐτὴν
1428 2894 1714 2964 φέρουσιν,
1747 2894 1884 2948 ἀλλὰ

299 2990 448 3063 πρὸς
496 2993 667 3061 μόνην
703 2989 987 3053 ὲπίδειξιν.

322 3124 327 3125 ,
1012 3079 1200 3132 ΕΦΕΣ.

1979 1978 2165 2034 divino
2182 1989 2409 2050 aspectu
2437 1981 2694 2050 dignatus
2716 1983 2896 2037 noluit
2913 1997 3037 2038 esse
3052 1984 3391 2044 communia,
3412 1981 3558 2050 quod

1979 2071 2145 2126 semel
2184 2071 2392 2125 fuerint
2435 2072 2525 2125 Dei
2578 2072 2888 2128 ministerio
2946 2084 2999 2127 et
3032 2074 3206 2127 culturi
3250 2073 3429 2127 dicata
3461 2074 3560 2141 (ita

1979 2159 2125 2215 enim
2158 2159 2450 2228 Deusipse
2475 2159 2681 2216 famqu
2706 2176 2811 2217 suo
2853 2161 3255 2231 mandaverat),
3285 2162 3575 2231 quomodo

1981 2251 2065 2307 vir
2091 2251 2197 2306 iste
2226 2251 2281 2305 in
2304 2250 2709 2316 definitionem,
2746 2268 2867 2322 quae
2895 2254 3138 2309 continet
3171 2261 3224 2309 et
3243 2268 3385 2322 saepe
3407 2269 3562 2322 repe-

1982 2343 2047 2399 tit
2082 2342 2429 2398 formidabile
2456 2342 2552 2399 Dei
2587 2359 2812 2410 nomen,
2857 2344 3035 2399 Patris
3077 2353 3133 2399 et
3166 2343 3289 2398 Filii
3336 2355 3391 2399 et
3442 2345 3577 2415 Spia.

1981 2435 2122 2491 ritus
2148 2435 2345 2500 sancti,
2376 2435 2514 2490 nihil
2546 2437 2753 2492 veritus
2776 2436 2908 2493 talia
2956 2439 3215 2495 eructat?
3241 2435 3440 2492 Verum
3462 2453 3573 2493 nos

1981 2528 2389 2598 respondendo,
2430 2529 2637 2599 ubique
2703 2528 3035 2585 modestiam
3096 2538 3395 2588 sectantes.
3426 2530 3575 2583 nihil-

1980 2620 2047 2674 ad
2078 2620 2181 2674 hoc
2214 2620 2478 2685 dicimus,
2508 2630 2568 2676 ut
2606 2622 2673 2677 ad
2707 2622 2814 2675 alia
2854 2636 3073 2693 quoque
3098 2622 3169 2678 ab
3214 2623 3331 2694 ipso
3353 2637 3450 2691 per
3485 2621 3566 2676 bi-

1981 2709 2088 2766 lem
2124 2713 2289 2782 plane
2320 2723 2371 2768 et
2402 2713 2744 2775 iracundiam
2774 2718 3008 2786 prolata,
3064 2731 3188 2786 quzn
3234 2717 3567 2785 redarguere

1977 2819 2093 2860 non
2124 2815 2207 2860 est
2236 2805 2293 2860 in
2313 2807 2539 2862 animo:
2584 2808 2757 2862 solam
2808 2810 3010 2879 quippe
3052 2810 3333 2864 veritatem
3391 2807 3565 2861 denu-

1982 2898 2115 2952 dare
2151 2897 2425 2961 volentes.
2451 2909 2647 2954 caetera
2677 2900 3125 2970 parvipendimus
3164 2915 3285 2968 qua:
3351 2914 3460 2953 non
3499 2913 3584 2953 eo.

1984 2989 2241 3055 tendunt,
2280 2990 2374 3044 sed
2400 2992 2826 3045 ostentationem
2884 3006 2991 3059 prie
3027 3005 3085 3044 se
3111 2992 3316 3045 ferunt.

2616 3080 2854 3134 EPIIES.

381 3174 496 3229 Καὶ
522 3175 681 3244 ἡμεῖς
718 3173 816 3242 μὲν
853 3171 993 3242 μετὰ
1020 3171 1113 3224 τοῦ
1146 3168 1442 3240 φιλοσόφου
1479 3170 1573 3223 καὶ
1604 3169 1881 3240 μάρτυρος

2058 3173 2123 3227 Ει
2165 3187 2263 3226 nos
2288 3172 2507 3241 quidem
2537 3173 2909 3228 cuntJustino
2949 3173 3275 3243 philosopho
3326 3180 3383 3226 et
3424 3186 3567 3224 mar—

316 3264 638 3331 Ἰουστίνου,
674 3263 751 3328 ὡς
782 3265 809 3317 6
855 3263 983 3327 Υἱὸς
1023 3264 1087 3314 ὲκ
1126 3262 1221 3315 τοῦ
1250 3260 1484 3333 Πατρὺς,
1515 3259 1660 3314 οὕτω
1699 3261 1793 3313 καὶ
1824 3260 1884 3311 τὸ

309 3357 547 3428 Πνεῦμα
584 3359 651 3410 ὲκ
680 3355 776 3411 τοῦ
812 3356 1025 3423 Πατρδς
1054 3351 1311 3424 λέγομεν*
1341 3353 1488 3406 οῦτοι
1512 3352 1569 3406 δι
1607 3352 1747 3424 μετὰ
1782 3350 1890 3405 τῶν

309 3451 569 3507 Λατίνων
602 3450 694 3504 τὸν
729 3449 829 3520 μὲν
866 3448 993 3502 Υἰδν
1033 3447 1277 3516 ἀμέσως,
1308 3445 1367 3498 τὸ
1416 3445 1475 3497 δὲ
1518 3444 1745 3513 Πνεῦμα
1789 3446 1891 3512 ἑμ-

309 3544 509 3614 μέσωςΔ
535 3545 595 3596 εκ
626 3540 721 3595 τοῦ
755 3539 973 3610 Πατρδς
1010 3538 1253 3607 λέγουσι.
1282 3538 1393 3590 Καὶ
1425 3538 1590 3607 ἡμεῖς
1615 3536 1715 3606 μὲν
1750 3536 1891 3604 μετὰ

306 3635 410 3689 τοῦ
466 3630 839 3704 Δαμασκηνοῦ
883 3630 980 3683 καὶ⁵
1023 3629 1133 3682 τῶν
1196 3627 1457 3697 Πατέρων
1494 3627 1751 3682 ἁπάντων
1791 3628 1890 3693 τὴν

304 3726 579 3796 διαφορὰν
609 3724 709 3793 τῆς
747 3723 1058 3795 γεννήσεως
1095 3724 1189 3774 καὶ
1222 3718 1608 3789 ἐκπορεύσεως
1670 3719 1890 3786 ἀγνοεῖν

302 3814 582 3887 ὁμολογοῦ
597 3830 718 3884 μεν·
754 3804 902 3867 οῦτοι
931 3811 988 3865 δὲ
1020 3810 1161 3883 μετὰ
1186 3810 1279 3864 τοῦ
1303 3809 1478 3879 Θωμᾶ
1506 3809 1601 3862 καὶ
1639 3808 1749 3862 τῶν
1781 3810 1885 3864 Λα-

301 3908 474 3961 τίνων
501 3903 577 3974 τῷ
611 3905 838 3975 ὲμμέσῳ
883 3904 978 3957 καὶ
1037 3900 1228 3973 ἀμέσῳ
1288 3900 1570 3972 διαφέρειν
1602 3900 1737 3968 φασὶ
1790 3900 1890 3965 τὰς

305 4020 350 4052 π
357 3998 602 4070 ροόδονςι
916 4026 917 4029 η

1006 4088 1215 4145 ΔῐῙΟΛ.

387 4183 504 4241 Καὶ
534 4182 692 4251 ἡμεῖς
740 4182 805 4234 ἐκ
857 4180 955 4234 τοῦ
1006 4180 1217 4247 Πατρδς
1244 4179 1478 4246 λέγομεν
1518 4177 1609 4231 τὸν
1640 4176 1765 4229 Υἱὸν
1796 4177 1890 4230 καὶ

306 4280 377 4330 τδ
411 4272 675 4342 Πνεῦμα,
724 4270 865 4341 πλὴν
916 4271 1009 4323 τοῦ
1059 4270 1268 4339 τρόπον
1314 4269 1411 4339 τῆς
1460 4268 1785 4338 ὑπάρξεως,
1813 4265 1891 4328 ὡς

312 4368 488 4428 αὐτὸς
522 4365 689 4427 πάλιν
718 4365 746 4418 6
773 4362 952 4431 ἅγιος,
981 4362 1085 4417 κᾶν
1116 4360 1279 4425 αὐτὸς
1310 4359 1468 4414 τοῦτο
1512 4358 1883 4431 παρέδραμεν.

314 4463 385 4515 Ei
414 4458 658 4537 γὰρκαὶ
698 4456 1029 4526 ἀμφοτέρων
1054 4455 1082 4511 6
1108 4452 1298 4524 Πατὴρ
1334 4453 1507 4517 αἴτιός
1554 4453 1722 4517 ἐστιν,
1756 4451 1890 4505 ἀλλὰ

1991 3273 2108 3334 tyre
2132 3262 2370 3318 dicimus
2402 3280 2419 3319 :
2455 3262 2927 3329 Quemadmodum
2954 3280 3020 3318 ex
3071 3264 3231 3318 Patre
3264 3264 3453 3328 Filius,
3490 3263 3563 3317 ita

1990 3355 2155 3409 etiam
2184 3369 2248 3409 ex
2278 3354 2439 3410 Patre
2474 3355 2716 3426 Spiritus
2743 3372 2757 3421 ;
2793 3356 2882 3409 isti
2916 3371 3047 3411 vero
3078 3372 3201 3411 cum
3248 3356 3457 3410 Latinis
3479 3354 3578 3409 F21

1992 3449 2124 3503 lium
2156 3448 2380 3518 quidem
2412 3450 2759 3517 immediate,
2800 3448 3064 3518 Spiritum
3109 3464 3239 3504 vero
3281 3465 3346 3502 ex
3410 3448 3575 3503 Patre

1992 3539 2228 3599 mediate
2250 3550 2527 3596 asserunt.
2556 3538 2618 3593 Et
2650 3556 2748 3597 nos
2783 3542 3003 3611 quidem
3052 3558 3172 3598 eum
3230 3540 3571 3596 Damasceno

1990 3641 2045 3688 et
2062 3631 2279 3691 cunctis
2296 3631 2553 3688 Patribus
2571 3632 2935 3688 differentiam
2954 3634 3324 3703 generationis
3355 3642 3410 3688 et
3442 3646 3570 3701 pro-

1992 3724 2267 3781 eessionis
2297 3724 2551 3793 ignorare
2585 3724 2821 3780 fatemur
2853 3741 2868 3789 ;
2898 3725 2989 3780 isti
3024 3740 3152 3781 vero
3176 3740 3303 3780 cum
3355 3724 3566 3779 Tltoma

1991 3825 2047 3871 et
2067 3814 2278 3872 Latinis
2322 3816 2656 3873 mediatione
2682 3825 2735 3873 et
2764 3816 3174 3879 innnediatione
3198 3816 3338 3873 hanc
3357 3815 3577 3872 diﬂ'erre

1992 3910 2150 3966 aiunt
2180 3911 2591 3982 productiones.

2674 4071 2873 4127 RESP.

2060 4169 2171 4226 Nos
2195 4184 2412 4241 quoque
2433 4169 2629 4225 Filium
2658 4173 2711 4220 et
2728 4164 2992 4233 Spiritum
3025 4180 3087 4217 ex
3127 4165 3287 4217 Patre
3312 4161 3573 4222 dicimus,

1992 4263 2215 4319 diverso
2254 4271 2440 4317 tamen
2472 4256 2811 4318 subsistentli
2844 4255 3026 4317 modo,
3065 4264 3123 4307 nt
3168 4254 3399 4323 ipsemet
3448 4266 3574 4308 san-

1990 4365 2114 4413 ctus
2134 4352 2412 4423 exprimit,
2458 4351 2585 4406 licet
2615 4349 2719 4405 iste
2750 4348 2853 4402 hoc
2904 4344 3223 4401 trausilierit
3251 4343 3392 4413 (18).⁴
3451 4340 3574 4399 Ειεὶ

2006 4448 2151 4505 enim
2188 4447 2353 4500 Pater
2380 4453 2465 4500 est
2498 4458 2667 4507 causa
2698 4441 3009 4509 utriusque,
3041 4449 3223 4492 tamen
3274 4437 3425 4491 illius
3480 4448 3577 4504 per

307 4550 413 4604 τοῦ
452 4529 552 4619 μιν
600 4545 718 4598 εστι
769 4545 915 4598 κατὰ
965 4543 1260 4613 γέννησιν,
1309 4541 1404 4595 τοῦ
1453 4542 1511 4594 δὲ
1558 4541 1679 4594 κατ’
1727 4542 1884 4596 ἐκπό-

2001 4539 2438 4613 generationem,
2471 4534 2634 4605 lmjus
2662 4548 2792 4592 vero
2833 4541 2925 4591 est
2972 4547 3070 4601 per
3120 4529 3527 4605 processioucm
3560 4542 3576 4582 2

312 4657 511 4711 ρενσιν
533 4654 547 4668 ·
580 4639 678 4690 καὶ
710 4631 804 4689 τοῦ
841 4635 941 4706 μὲν
973 4635 1050 4698 ὡς
1080 4634 1385 4703 γεννήτωρ,
1426 4631 1520 4685 τοῦ
1552 4632 1607 4685 δὲ
1636 4632 1713 4693 ὡς
1753 4649 1893 4702 προ-

312 4733 541 4793 ϐολεύς“
575 4732 668 4785 καὶ
704 4729 800 4785 τοῦ
849 4730 949 4800 μὲν
980 4727 1267 4799 προσεχῶς
1294 4727 1388 4782 καὶ
1418 4727 1663 4797 ἀμέσως,
1693 4726 1895 4798 δηλαδὴ

315 4826 421 4881 τοῦ
455 4823 588 4879 Υιοῦ
620 4824 686 4876 ὲκ
713 4822 809 4876 τοῦ
850 4821 1091 4891 Πατρὸς,
1124 4818 1221 4873 τοῦ
1261 4820 1316 4873 δὲ
1352 4820 1440 4873 διὰ
1465 4817 1562 4881 τοῦ
1612 4819 1895 4889 προσεχῶς

311 4923 387 4973 ἐκ
418 4916 513 4969 τοῦ
570 4914 788 4985 Πατρὸς
816 4954 832 4978 ,
888 4913 1169 4966 τουτέστιν
1219 4911 1481 4982 ὲμμέσως
1525 4911 1620 4964 καὶ
1670 4910 1757 4970 διὰ
1800 4908 1894 4963 τοῦ

310 5009 479 5076 Υἱοῦ,
506 5009 755 5064 τουτέστι
792 5007 888 5061 τοῦ
922 5007 1266 5077 Πνεῦματος.
1292 5007 1400 5058 Κα.
1431 5004 1602 5057 ταῦτα
1636 5004 1900 5073 μαθόντες

308 5109 380 5162 οὐ
424 5107 577 5173 παρὰ
604 5102 869 5168 Λατίνων,
898 5100 974 5165 ὠς
1008 5100 1173 5162 αὐτός
1205 5115 1397 5168 φησιν,
1434 5097 1573 5150 ἀλλὰ
1604 5097 1895 5167 ἀμφότερα

307 5198 432 5259 ἀπὸ
459 5196 570 5249 τῶν
623 5195 722 5265 τῆς
762 5192 1097 5259 Ἐκκλησίας
1152 5188 1510 5243 διδασκάλων.
1574 5188 1741 5242 Καὶὸ
1798 5187 1899 5256 μὲν

311 5288 631 5360 Γρηγόριος
666 5289 695 5339 ὁ
717 5283 1006 5353 Θεολόγος,
1028 5283 1102 5337 Τὸ
1134 5282 1233 5350 τῆς
1266 5283 1579 5350 ὲκφάνσεως
1613 5278 1896 5348 διάφορον,

309 5382 502 5449 φησι,
532 5378 790 5449 διάφορον
844 5378 940 5431 καὶ
988 5377 1088 5446 τὴν
1145 5375 1339 5445 κλῆσιν
1386 5371 1709 5440 πεποίηκεν.
1756 5370 1817 5423 '0
1843 5368 1900 5423 δὲ

312 5472 549 5541 Νύσσης
598 5469 902 5539 Γρηγόριος
984 5470 1043 5521 ὲν
1107 5466 1187 5537 τῷ
1242 5468 1378 5537 πρὸς
1438 5462 1724 5519 Ἀὁλάὃιον
1756 5461 1897 5531 λόγῳ

310 5564 480 5633 φησι·
516 5562 591 5615 τὸ
625 5563 725 5633 μὲν
760 5560 867 5631 γάρ
902 5562 1017 5613 ἐστι
1049 5575 1335 5630 προσεχως
1389 5558 1450 5609 ἐκ
1504 5553 1599 5609 τοῦ
1657 5552 1901 5626 πρώτου,-

395 5740 510 5811 (l8)
533 5738 592 5792 In
628 5737 983 5827 ﬁxpnsitioue
1007 5736 1153 5797 ﬁdei.

2003 4642 2057 4688 et
2092 4632 2239 4686 illius
2270 4628 2490 4698 quidem
2519 4634 2578 4679 ut
2608 4622 3043 4695 genitor,,hu1us
3096 4636 3226 4675 vero
3273 4628 3330 4674 ut
3378 4619 3582 4688 produ-

2003 4732 2122 4778 ctor
2158 4737 2172 4775 :
2201 4730 2255 4775 et
2288 4719 2437 4774 illius
2474 4717 2695 4787 quidem
2732 4714 2981 4785 proxime
3014 4723 3069 4767 et
3117 4711 3451 4774 immediate,
3476 4712 3582 4765 sci-

2005 4814 2130 4869 licet
2167 4809 2290 4866 Filii
2319 4828 2335 4877 ;
2365 4807 2535 4877 hujus
2568 4820 2700 4861 vero
2741 4819 2837 4875 per
2888 4803 3044 4860 illum
3070 4801 3163 4872 qui
3237 4802 3482 4871 proxime
3512 4813 3577 4852 ex

2003 4904 2166 4959 Patre
2195 4912 2298 4966 est,
2333 4902 2436 4956 hoc
2465 4910 2568 4964 est,
2604 4899 2866 4963 mediate,
2926 4906 2979 4957 et
3013 4910 3109 4967 per
3145 4891 3368 4959 Filium,
3403 4891 3578 4948 sancti

2006 4995 2261 5052 videlicet
2294 4993 2555 5064 Spiritus.
2590 4990 2653 5045 Et
2674 4992 2784 5046 haec
2816 4989 2919 5059 ipsi
2954 5005 3061 5043 non
3091 5003 3120 5042 a
3145 4986 3355 5041 Latinis
3380 4982 3577 5038 didici-

2003 5105 2150 5154 mus,
2179 5097 2236 5142 ut
2264 5087 2369 5142 iste
2393 5085 2488 5149 ait,
2516 5083 2610 5139 sed
2640 5091 2935 5150 utrumque
2957 5081 3026 5135 ab
3050 5078 3309 5133 Ecclesiae
3338 5071 3577 5127 doctori-

2004 5161 2128 5237 bus.
2164 5178 2296 5234 Nam
2327 5177 2624 5247 Gregorius
2659 5174 3039 5229 Nazianzenus
3102 5168 3235 5240 (l9),
3292 5167 3575 5227 Diversus,

2006 5272 2185 5345 inquit
2213 5314 2229 5338 ,
2289 5270 2667 5343 productionis
2706 5267 2903 5322 modus
2935 5266 3208 5319 diversam
3233 5272 3451 5327 quoque
3484 5271 3577 5326 ap-

2007 5367 2357 5437 pellationem
2391 5363 2535 5419 fecit.
2567 5360 2952 5431 EtGregorius
2996 5356 3293 5425 Nyssenus,
3356 5350 3409 5404 in
3470 5359 3576 5403 tra-

2008 5468 2156 5514 ctatu
2182 5458 2247 5510 ad
2273 5456 2585 5517 Ablabium.
2641 5452 2735 5507 ille
2775 5452 2918 5503 enim
2953 5457 3057 5509 est,
3100 5445 3298 5513 inquit,
3326 5441 3576 5514 proxime

2007 5565 2034 5604 a
2064 5549 2240 5620 primo
2262 5560 2284 5613 ‘;
2321 5548 2408 5602 hic
2430 5561 2559 5600 vero
2593 5560 2685 5612 per
2716 5544 2864 5597 illum
2886 5539 2978 5609 qui
3014 5536 3260 5608 proxime
3293 5544 3376 5591 est
3406 5550 3433 5587 a
3462 5533 3574 5606 pri-

2081 5731 2191 5801 (19)
2215 5729 2344 5784 Orat
2370 5729 2429 5782 tle
2464 5724 2663 5795 Spiritu
2692 5732 2900 5778 sancto.
