3982 6208
480 279 581 345 187
1408 284 1789 345 GREGOR"
1825 285 2055 345 MAMM

2172 284 2275 346 ΕΡ.
2304 284 2817 345 ΡΑΤΒΙᾹΒΟΠΛΕ
3648 284 3751 350 188

476 402 587 468 psit
604 416 932 461 sermonem.
953 401 1112 470 cujus
1137 403 1468 473 principium
1496 407 1602 461 tale
1625 417 1741 462 est:
1764 406 1915 475 Opus
1936 423 2066 477 pro-

2172 405 2319 459 Ἔδει
2356 409 2457 475 μὲν
2505 404 2723 475 ἀληθῶς
2786 404 2920 477 ήμῖν
2970 401 3372 474 οὐρανοδρόμου
3410 399 3506 455 τοῦ
3558 403 3746 471 λόγου,

478 493 619 546 facto
690 503 832 546 esset
889 493 1049 549 nobis
1125 510 1308 551 sermo
1380 499 1689 563 granditate
1768 500 2057 554 verborum

2172 498 2585 567 συνεπαρθῆναι
2618 498 2689 550 δι’
2748 494 2916 549 αὐτοῦ
2976 493 3053 565 τῷ
3115 494 3323 567 θεόπτῃ
3356 495 3747 564 προθυμουμέ-

478 583 722 652 turgidus
752 591 915 652 atque
942 583 996 639 in
1027 588 1273 641 cmlestia
1312 590 1624 657 pervolans,
1657 590 1784 643 dum
1815 592 2067 660 cupimus

2172 606 2279 649 νοις
2300 606 2315 619 ’
2340 591 2399 643 ὲν
2420 588 2595 657 τούτῳ
2626 590 2790 657 φησίν
2810 605 2823 618 '
2869 588 3015 656 Ἐγὼ
3036 586 3178 642 δ’ὅτι
3212 588 3312 669 μὲν
3336 588 3546 654 ἔξεστιν
3568 588 3745 654 αὐτῷ,

478 690 576 743 per
594 693 716 730 eum
734 692 840 731 una
867 692 990 731 cum
1012 692 1201 735 sancto
1218 683 1308 736 Dei
1332 693 1550 753 aspectu
1568 683 1789 755 dignata
1811 685 2063 741 sublimia

2172 680 2421 751 καθάπερ
2445 681 2537 734 καί¹
2562 682 2677 743 ταῖς
2704 680 2815 733 τῶν
2843 680 3015 748 ἁγίων
3044 678 3265 748 ψυχαῖς,
3295 678 3419 732 ὅποι
3447 677 3580 733 ποτὲ
3614 678 3745 747 βού-

481 780 690 836 petere.
736 771 802 825 In
834 772 935 825 hoc
968 773 1086 841 ipso
1122 775 1288 843 igitur
1347 781 1510 833 verba
1541 782 1657 835 haec
1689 783 1851 836 habet
1896 800 1910 836 :
1953 780 2066 851 Ego

477 876 608 912 vero
648 861 812 917 licere
839 865 1062 932 quidem
1094 866 1219 933 ipsi,
1290 870 1431 923 sicut
1493 881 1547 925 ct
1600 873 1885 926 animabus
1938 889 2064 927 sane

478 960 716 1016 ciorum,
761 967 1089 1023 quocunque
1120 957 1374 1023 voluerit,
1403 976 1499 1025 per
1545 970 1756 1029 tempus
1782 976 1908 1016 sese
1929 978 2064 1017 con-

486 1042 648 1107 ferre,
677 1046 891 1115 sibique
918 1049 1096 1103 dicata
1145 1053 1341 1119 templa
1400 1053 1652 1115 invisere,
1681 1068 1840 1123 atque
1869 1054 1935 1108 ad
1966 1070 2063 1110 eos

481 1136 769 1199 accedere,
803 1140 898 1206 qui
952 1142 1071 1207 ejus
1099 1158 1256 1209 Opem
1311 1145 1621 1213 implorant,
1687 1146 2059 1200 necessarium

482 1225 722 1281 arbitror
751 1239 799 1282 et
836 1246 1020 1283 verum
1058 1248 1201 1291 esse:
1238 1250 1342 1286 non
1375 1246 1552 1288 tamen
1583 1244 1873 1305 propterea
1907 1237 2063 1291 dixe-

484 1318 585 1367 rim
624 1318 818 1371 abesse
855 1321 1005 1374 illum
1030 1324 1230 1377 acmlis
1276 1333 1327 1376 et
1375 1326 1705 1381 micantibus
1740 1327 1850 1382 illic
1874 1328 2061 1397 splen-

487 1406 736 1470 dnrihus,
774 1413 1247 1480 autcumangelis
1299 1424 1353 1468 et
1404 1416 1582 1484 ipsum
1641 1433 1749 1471 non
1801 1421 2061 1473 assistere

489 1498 755 1564 Domino;
799 1504 869 1554 ita
898 1505 1043 1558 enim
1066 1506 1239 1568 fieret,
1274 1517 1329 1560 ut
1358 1508 1566 1562 ca‘teris
1616 1510 1820 1564 sanctis
1877 1512 2060 1566 minus

490 1591 727 1657 haberet,
764 1596 857 1662 qui
892 1595 1004 1650 fere
1030 1599 1287 1653 omnibus
1345 1600 1543 1663 anteit,
1576 1600 1619 1652 si
1649 1600 1778 1667 quia
1839 1616 2056 1655 carnem

488 1691 684 1745 gestat,
723 1686 947 1740 orbatus
973 1697 1118 1743 esset
1180 1704 1366 1743 eorum
1437 1692 1739 1754 consortio,
1798 1702 1852 1744 et
1915 1694 2057 1745 clara

488 1776 583 1830 Dei
617 1778 831 1834 visione
862 1795 967 1834 non
1004 1782 1302 1844 frueretur,
1330 1785 1493 1853 cujus
1548 1785 1820 1853 pra‘cipue
1846 1785 2063 1838 fruitio-

489 1883 557 1921 ne
584 1885 690 1922 non
721 1874 898 1925 caruit
934 1889 1029 1942 per
1067 1883 1238 1933 totum
1295 1876 1418 1928 vitae
1482 1876 1837 1930 curriculum.
1884 1877 2064 1931 Testi-

491 1963 670 2014 monio
699 1963 831 2016 mihi
869 1976 953 2018 est
989 1967 1116 2018 illud
1145 1967 1331 2029 etiam,
1387 1968 1530 2035 quod
1566 1968 1620 2021 iu
1673 1984 1795 2021 cum
1829 1970 1912 2023 his
1942 1984 2065 2022 ver-

490 2051 574 2105 his
606 2054 1009 2110 cauitEt-clcsia
1039 2076 1050 2110 :
1116 2058 1380 2127 Propheta
1404 2058 1604 2112 Christi
1628 2075 1803 2128 praeco
1833 2070 1885 2113 tu
1918 2077 2063 2113 nun-

492 2157 653 2207 quam
710 2160 739 2197 a
801 2147 929 2201 sede
989 2149 1292 2215 majestatis
1334 2149 1671 2219 abjungeris,
1730 2161 1780 2203 et
1834 2151 2062 2218 singulis

487 2236 885 2302 :rgrotautihus
914 2254 1129 2309 semper
1158 2242 1311 2307 ades,
1348 2244 1401 2297 in
1439 2243 1670 2297 excelsis
1701 2243 1933 2297 fundens
1966 2259 2063 2313 pro

489 2322 747 2378 ouinibus
775 2342 986 2393 preces,
1012 2330 1130 2383 orbi
1190 2339 1462 2385 terrarum
1519 2333 1784 2387 beneficia
1841 2335 2060 2396 tribuis,

492 2424 546 2465 ct
578 2416 833 2470 laudibus
853 2417 1055 2487 ubique
1100 2422 1422 2478 celebraris.
1450 2424 1526 2476 En
1553 2426 1634 2477 vir
1685 2425 1921 2479 eximius
1974 2441 2065 2493 pa-

492 2503 598 2557 lam
627 2515 920 2575 aperteque
949 2522 1229 2566 asseverat
1286 2523 1507 2570 sanctos
1557 2516 1663 2569 frui
1695 2517 1841 2570 clara
1864 2517 1955 2572 Dei
1987 2519 2066 2571 vi-

492 2594 666 2659 sione,
682 2606 736 2650 et
755 2608 1004 2655 sanctum
1035 2601 1203 2657 Eliam
1231 2604 1315 2656 vel
1345 2620 1470 2658 cum
1504 2607 1622 2675 ipso
1678 2621 1907 2677 corpore
1962 2609 2066 2663 hu—

487 2686 729 2753 jusmodi
767 2689 981 2746 visione
1006 2707 1110 2748 non
1130 2694 1312 2751 defici.
1336 2698 1534 2750 Doceat
1555 2712 1689 2767 ergo
1719 2712 1842 2763 nos,
1871 2713 1937 2751 an
1970 2714 2066 2769 pa-

492 2785 672 2841 ratum
706 2795 933 2850 regnum
960 2793 1014 2838 et
1046 2799 1248 2840 arcana
1279 2786 1368 2839 illa
1403 2788 1563 2842 bona-
1603 2788 1885 2844 diversum
1936 2789 2064 2859 quid

491 2871 651 2925 sinta
680 2873 826 2925 clara
862 2872 956 2927 Dei
989 2874 1222 2941 visione,
1251 2876 1323 2930 ita
1391 2877 1535 2933 enim
1582 2879 1770 2933 fruitio
1828 2880 1917 2933 illa
1962 2880 2068 2934 erit

493 2962 703 3019 visione
734 2964 825 3020 Dei
854 2966 982 3035 quid
1045 2969 1244 3039 majus.
1297 2970 1370 3023 At
1422 2985 1583 3024 nemo
1629 2980 1944 3026 sanctorum
1997 2973 2064 3025 ad

434 3128 439 3133 ἡ
493 3056 635 3113 hanc
667 3055 810 3111 diem
840 3056 998 3126 dixit,
1034 3062 1507 3130 esse'quidpiam,
1552 3064 1833 3133 quod‘uoa
1858 3064 2067 3119 visione

495 3143 585 3201 Dei
619 3144 742 3213 plus
766 3144 1015 3203 conferat
1046 3148 1109 3202 ad
1131 3149 1445 3204 fruitionem
1486 3168 1500 3202 :
1541 3150 1684 3206 sicut
1713 3154 1876 3205 etiam
1909 3168 2070 3208 nemo

490 3237 649 3317 dixit,
678 3238 823 3306 quod
859 3239 976 3307 ipse
1000 3242 1222 3305 asserit,
1256 3241 1338 3317 in.
1366 3243 1536 3312 hujus
1565 3245 1917 3300 scilicetvitae
1946 3261 2072 3301 cur-

490 3314 663 3381 riculo
701 3327 973 3399 ejusmodi
1012 3329 1275 3388 visionem
1300 3314 1550 3389 concedi.
1588 3334 1751 3400 Quod
1795 3350 1923 3389 vero
1947 3351 2073 3391 sau-

494 3432 526 3473 c
556 3419 568 3471 i
606 3417 771 3475 Deum
804 3414 953 3474 clare
988 3435 1135 3481 nunc
1166 3421 1408 3488 videant,
1433 3434 1805 3492 congruenter
1836 3440 2074 3495 vereque

492 3509 767 3579 afﬁrmat;
829 3512 993 3569 habet
1038 3513 1183 3569 enim
1233 3514 1397 3584 hujus
1460 3517 1537 3571 rei
1603 3524 1768 3572 testes
1823 3527 1877 3572 et
1911 3518 2072 3579 alios.

494 3618 691 3674 nempe
724 3612 970 3667 sanctos,
1027 3604 1171 3660 inter
1202 3622 1343 3675 quos
1402 3606 1619 3662 Patrem
1685 3608 2074 3679 ductoremque

490 3690 758 3749 Joannem
789 3693 1272 3765 Chrysostomum,
1303 3698 1402 3767 qui
1436 3699 1489 3753 in
1514 3698 1606 3752 illo
1669 3713 1947 3766 sermone,
1976 3718 2075 3755 cu-

487 3783 581 3854 jus
633 3786 922 3857 inscriptio
977 3797 1062 3842 cst
1108 3804 1122 3844 :
1184 3787 1340 3853 Quod
1394 3799 1699 3860 peccatores
1753 3790 2073 3860 deplorandi

492 3879 623 3939 sint,
675 3878 913 3949 quodque
958 3880 1339 3934 dormientibus
1389 3898 1637 3951 magnam
1674 3883 1905 3951 afferant
1968 3887 2078 3960 uti:

497 3970 698 4023 litatem
733 3970 1002 4037 sacriﬁcia
1029 3988 1125 4039 pro
1157 3972 1263 4026 illis
1303 3973 1484 4028 oblata
1514 3984 1539 4027 ξ
1559 3972 1777 4029 initium
1809 3991 1938 4030 vero
1960 3991 2077 4031 ser-

495 4059 674 4115 monis
719 4060 867 4116 tale:
934 4059 1104 4127 Mors,
1159 4067 1381 4128 fratres,
1444 4078 1532 4118 res
1592 4072 1679 4119 est
1733 4063 2069 4132 indifferens,

493 4150 861 4217 Gaudeamus,
893 4152 1093 4224 inquit,
1121 4164 1343 4223 prapter
1389 4155 1569 4223 justos
1612 4170 1719 4214 non
1779 4158 1955 4211 solum
1983 4173 2076 4213 su-

496 4244 775 4313 perstites,
792 4244 885 4299 sed
913 4243 1075 4298 etiam
1098 4246 1205 4299 vita
1224 4247 1462 4308 functos.
1488 4246 1564 4302 [lli
1589 4246 1715 4301 dum
1736 4245 1913 4302 adhuc
1935 4246 2077 4303 hanc

500 4336 673 4391 lucem
694 4338 989 4405 aspiciunt,
1016 4336 1314 4393 miserandi
1353 4339 1611 4393 omnibus
1636 4348 1787 4403 sunt,
1817 4340 2074 4409 quoniam

2164 775 2315 826 λεται
2340 773 2477 826 κατά
2496 773 2689 841 καιρὸν
2718 772 3129 842 ἐπιχωριάζειν,
3147 773 3295 833 ναοῖς
3314 788 3372 823 τε
3398 770 3623 831 οἰκείοις
3644 770 3746 834 ἐμ-

2166 867 2515 935 φιλοχωρεῖν,
2545 866 2642 917 καὶ
2679 864 2792 924 τοῖς
2816 864 3075 917 ἑκάστοτε
3115 863 3390 932 δεομένοις
3425 860 3740 928 ἐπιφοιτᾷν,

2165 957 2463 1024 ἀναγκαῖόν
2497 974 2554 1009 τε
2584 956 2829 1025 ἠγοῦμαι
2859 956 2954 1009 καὶ
2983 954 3185 1023 ἀληθὲς
3216 950 3388 1027 εἶναι’
3422 953 3483 1007 οὐ
3517 950 3628 1020 μὴν
3655 950 3749 1003 διὰ

2163 1046 2336 1101 ταῦτα
2364 1046 2531 1117 φαίην
2566 1047 2634 1100 ἂν
2663 1047 2825 1099 αὑτὸν
2864 1045 2974 1098 τῶν
3025 1042 3272 1115 οὐρανῶν
3322 1038 3747 1105 ἀπολείπεσθαι,

2166 1138 2262 1190 καὶ
2296 1138 2397 1207 τῆς
2436 1138 2616 1190 ἐκεῖσε
2646 1136 3093 1207 λαμπροφορίας,
3139 1135 3236 1189 καὶ
3271 1134 3408 1203 μετὰ
3433 1134 3542 1185 τῶν
3568 1133 3747 1201 ἀγγέ-

2163 1228 2271 1280 λων
2328 1228 2657 1298 δεσποτικῆς
2715 1220 3210 1297 παραστάσεωςοῆ
3248 1225 3356 1296 γὰρ
3392 1225 3460 1278 ἂν
3516 1222 3747 1275 ἔλαττον

2162 1320 2275 1394 εἶχε
2322 1322 2432 1375 τῶν
2464 1321 2640 1375 ἄλλων
2667 1321 2839 1389 ἁγίων
2863 1323 2890 1373 ὀ
2915 1319 3055 1387 ὑπὲρ
3095 1319 3304 1381 πάντας
3357 1315 3568 1385 σχεδὸν,
3602 1313 3660 1368 ετ
3677 1330 3745 1380 γε

2160 1412 2248 1466 διὰ
2278 1411 2337 1464 τὸ
2360 1410 2458 1480 τὴν
2480 1409 2658 1479 σάρκα
2686 1411 2874 1479 φορεῖν
2900 1407 3225 1477 ἀφειστήκει
3259 1408 3360 1476 τῆς
3404 1404 3520 1475 μετ’
3557 1403 3745 1456 αὐτῶν

2162 1503 2447 1564 κοινωνίας
2468 1502 2563 1555 καὶ
2582 1502 2683 1570 τῆς
2703 1501 2798 1553 τοῦ
2824 1498 2960 1553 Θεοῦ
2986 1498 3123 1569 πρὸς
3154 1496 3447 1566 πρόσωπον
3478 1495 3740 1565 θεωρίας,

2161 1591 2228 1664 ἧς
2258 1594 2353 1647 καὶ
2388 1592 2541 1663 παρά
2569 1593 2749 1645 πάντα
2775 1590 2868 1643 τὸν
2899 1589 3013 1661 βίον

2162 1687 2449 1756 Μαρτυρεῖ
2496 1701 2586 1753 μοι
2616 1682 2693 1751 τῷ
2740 1683 2881 1751 λόγῳ
2916 1680 3010 1734 καὶ
3041 1682 3099 1734 τὸ
3152 1682 3233 1739 είς
3271 1677 3430 1731 αὑτὸν
3462 1677 3611 1747 παρὰ
3639 1677 3745 1746 τῆς

2179 1774 2505 1843 Ἐκκλησίας
2545 1774 2804 1845 ᾀδόμενον
2841 1769 3014 1832 οὕτως
3049 1769 3170 1839 ἔχον
3194 1781 3209 1797 ’
3245 1768 3503 1837 Προφῆτα
3560 1762 3743 1834 κῆρυξ

2171 1865 2409 1939 Χριστοῦ
2461 1865 2557 1917 τοῦ
2621 1863 2812 1933 θρόνου
2862 1862 2965 1931 τῆς
3028 1857 3425 1930 μεγαλωσύνης
3482 1857 3742 1909 οὐδέποτε

2170 1956 2399 2028 χωρίζῃ,
2453 1956 2541 2006 καλ
2598 1953 2812 2023 ἑκάστῳ
2863 1950 3177 2004 ἀσθενοῦντι
3237 1948 3324 2001 ἀεὶ
3379 1947 3744 2013 παρίστασαι,

2170 2050 2229 2099 ἐν
2246 2049 2360 2110 τοῖς
2378 2046 2624 2116 ὑψίστοις
2654 2043 2986 2113 λειτουργῶν
3008 2042 3106 2112 τὴν
3137 2040 3469 2109 οἰκουμένην
3493 2038 3743 2104 εὐλογεῖς

2172 2137 2449 2209 πανταχοῦ
2486 2138 2872 2207 δοξαζόμενος.
2912 2136 3044 2191 Ἰδοὺ
3086 2133 3356 2205 λαμπρῶς
3394 2133 3488 2185 καὶ
3523 2147 3743 2200 προφα-

2171 2234 2539 2301 νῶςὸτίμιος
2610 2225 2764 2295 οὗτος
2790 2234 2891 2302 τῆς
2946 2229 3083 2298 πρὸς
3156 2228 3448 2293 πρόσωπον
3505 2223 3745 2291 Θεωρίας

2169 2325 2262 2379 τοῦ
2304 2324 2439 2376 Θεοῦ
2490 2324 2617 2385 τοὺς
2666 2323 2856 2391 ἁγίους
2885 2320 3178 2374 ἀπολαύειν
3198 2315 3613 2387 διισχυρίζεται,
3649 2312 3749 2366 καὶ

2171 2415 2263 2469 τον
2290 2414 2448 2483 ἅγιον
2478 2415 2666 2468 Ἠλίαν
2686 2413 2780 2467 καὶ
2805 2414 2945 2483 μετὰ
2959 2413 3056 2467 τοῦ
3084 2410 3330 2481 σώματος
3364 2410 3464 2480 τῆς
3484 2408 3748 2477 τοιαύτης

2170 2508 2451 2574 ἀξιοῦσθαι
2501 2507 2741 2577 θεωρίας
2808 2508 3028 2574 φάσκει.
3099 2506 3159 2558 Εί
3207 2503 3300 2556 οῦν
3338 2503 3469 2557 ἄλλο
3509 2504 3563 2554 τί
3593 2504 3750 2555 ἐστιν

2172 2599 2207 2668 ἡ
2239 2598 2620 2668 ἡτοιμασμένη
2656 2594 2903 2666 βασιλεία
2962 2593 3058 2647 καὶ
3108 2592 3177 2646 τὰ
3221 2593 3513 2663 ἀπόρρητα
3562 2587 3751 2656 ἀγαθὰ

2171 2690 2220 2740 εί
2253 2687 2382 2757 μ.ὴὴ
2420 2687 2511 2739 τοῦ
2540 2686 2677 2739 Θεοῦ
2717 2685 2921 2754 θεωρία
2955 2686 2988 2754 ἡ
3022 2683 3317 2753 πρόσωπον
3355 2682 3494 2751 πρδς
3523 2678 3753 2751 πρόσω-

2172 2759 2297 2845 πον,
2331 2777 2688 2848 ὲμφανισάτω
2719 2778 2853 2847 ἡμῖν
2878 2794 2891 2809 ’
2942 2776 3096 2830 ἔσται
3136 2776 3243 2845 γὰρ
3302 2775 3485 2845 ἐκείνη
3540 2771 3749 2841 μείζων

2172 2873 2274 2941 τῆς
2306 2870 2541 2939 θεωρίας
2570 2868 2738 2923 αὐτοῦ
2771 2867 2863 2921 τοῦ
2898 2867 3032 2921 Θεοῦ
3066 2869 3099 2938 ἡ
3134 2868 3452 2928 ἀπόλαυσις.
3483 2864 3630 2917 Ἀλλ’
3653 2864 3752 2917 ού-

2172 2962 2285 3026 δεὶς
2320 2962 2429 3014 τῶν
2463 2960 2638 3029 ἁγίων
2671 2960 2837 3029 μέχρι
2888 2958 2985 3011 καὶ
3029 2958 3272 3028 τήμερον
3322 2955 3469 3010 τοῦτ’
3496 2954 3749 3026 εἴρηκεν,

2174 3055 2257 3107 ὅτι
2290 3052 2407 3106 εστι
2438 3069 2491 3105 τι
2525 3051 2711 3121 μεῖζον
2745 3052 2826 3114 είς
2858 3049 3184 3115 ἀπόλαυσιν,
3221 3048 3269 3100 εί
3304 3048 3380 3118 μὴ
3413 3047 3553 3117 μόνη
3583 3049 3616 3115 ἡ
3648 3045 3751 3099 τοῦ

2168 3145 2309 3217 Θεοῦ
2343 3145 2568 3216 θεωρία.
2599 3144 2767 3201 Ἀλλά
2800 3145 2897 3199 καὶ
2930 3143 2991 3198 τὸ
3042 3140 3196 3213 παρᾶ
3248 3140 3439 3194 τοῦτον
3488 3139 3581 3193 τὸν
3630 3138 3752 3210 βίον

2174 3240 2435 3309 τοιαύτης
2469 3235 2755 3302 ἀξιοῦσθαι
2791 3236 3053 3307 θεωρίας,
3087 3236 3164 3300 ὡς
3208 3235 3372 3298 αὑτός
3425 3251 3610 3305 φησιν,
3657 3235 3755 3288 οὐ·

2172 3333 2280 3394 δεῖς
2305 3333 2494 3400 εἴρηκε
2514 3345 2527 3358 '
2561 3330 2621 3385 τὸ
2659 3329 2718 3383 δὲ
2749 3329 3044 3397 πρόσωπον
3089 3328 3226 3399 πρὸς
3258 3327 3551 3397 πρόσωπον
3608 3325 3749 3397 δρᾷν

2172 3423 2301 3485 τοὺς
2335 3420 2525 3489 ἁγίους
2557 3420 2655 3497 νῦν
2680 3423 2773 3476 τὸν
2800 3421 2931 3474 Θεὸν
2967 3420 3151 3482 καλῶς
3174 3420 3270 3472 καὶ
3298 3418 3517 3489 ἀληθῶς
3564 3418 3715 3487 λέγει
3733 3434 3753 3451 ’

2173 3515 2303 3585 ἔχει
2324 3516 2432 3586 γὰρ
2484 3514 2579 3568 καὶ
2630 3514 2822 3578 ἄλλους
2883 3515 2991 3567 τῶν
3037 3513 3211 3580 ἁγίων
3262 3511 3523 3579 λέγοντας
3574 3508 3763 3573 τοῦτοι

2174 3607 2311 3662 ἀλλά
2337 3608 2435 3662 καὶ
2465 3609 2556 3663 τὸν
2592 3608 2814 3679 Πατέρα
2845 3608 2941 3662 καὶ
2993 3605 3318 3661 διδάσκαλον
3366 3605 3621 3675 Ἰωάννην
3664 3602 3761 3656 τὸν

2175 3701 2411 3773 χρυσοῦν
2448 3700 2548 3773 τὴν
2581 3700 2867 3769 γλῶτταν·
2923 3700 3060 3768 φησι
3087 3697 3200 3768 γὰρ
3236 3698 3297 3752 ἒν
3351 3696 3428 3767 τῷ
3475 3695 3646 3765 λόγῳ,
3693 3685 3763 3749 οὗ

2175 3793 2209 3863 ἡ
2227 3793 2529 3863 ἐπιγραφήο
2551 3791 2680 3845 Ὅτι
2708 3790 2850 3858 τοὺς
2869 3788 3259 3861 ἁμαρτωλοὺς
3284 3788 3381 3843 δεῖ
3397 3787 3761 3857 θρηνεῖν-και

2176 3883 2264 3939 ὅτι
2298 3882 2571 3953 μεγάλως
2613 3880 2917 3951 ὠφελοῦσι
2954 3880 3100 3949 τοὺς
3142 3880 3623 3949 κεκοιμημένους
3686 3881 3753 3932 αι

2177 3976 2330 4044 ὑπὲρ
2380 3973 2580 4029 αὐτῶν
2631 3974 2995 4042 λειτουργίαι
3021 3990 3037 4005 ο
3069 3974 3103 4045 ὴ
3146 3974 3204 4026 δὲ
3247 3971 3392 4043 ἁρχὴ
3427 3971 3522 4026 τοῦ
3553 3970 3715 4038 λόγου
3739 3985 3760 4001 ο

2130 4065 2142 4075 “
2176 4068 2438 4131 Θάνατις,
2484 4066 2721 4137 ἀδελφοὶ,
2745 4065 2853 4119 τῶν
2875 4064 3191 4136 ἀδιαφόρων
3212 4064 3358 4118 ἐστίν
3383 4064 3680 4134 Χαίρωμεν
3703 4059 3763 4115 δὲ

2178 4157 2274 4214 ἐπὶ
2303 4159 2418 4217 τοῖς
2451 4156 2685 4217 δικαίοις
2720 4155 2796 4227 μὴ
2824 4150 2973 4220 ζῶσι
3024 4156 3209 4225 μόνον,
3238 4154 3375 4211 ἀλλὰ
3427 4154 3521 4211 καὶ
3602 4169 3763 4237 τίετεέ

2179 4249 2523 4320 λευτηκόσιν.
2579 4248 2814 4302 Ἐκεῖνοι
2874 4248 2972 4300 καὶ
3033 4245 3273 4302 ἐνταῦθα
3326 4246 3483 4309 ὄντες
3532 4245 3763 4297 ὲλεεινοὶ

2181 4343 2344 4398 πᾶσίν
2375 4342 2536 4405 εἰσιν,
2582 4341 2770 4407 ἐπειδὴ
2802 4338 3244 4410 προσκρούουσιν
3265 4355 3279 4370 ·
3326 4337 3472 4391 οῦτοι
3499 4338 3595 4389 καὶ
3632 4336 3754 4389 ἐκεῖ

495 4426 805 4495 offendunt,
838 4428 892 4481 hi
913 4443 1041 4482 vero
1065 4429 1153 4482 ubi
1182 4429 1344 4482 etiam
1366 4431 1495 4483 illuc
1539 4431 1918 4500 migraverint,
1944 4432 2067 4486 bea-

2182 4436 2550 4505 μεταστάντες
2586 4432 2867 4502 μακάριοι,
2928 4433 3013 4483 ὅτι
3047 4430 3186 4502 πρὸς
3216 4420 3455 4501 Χριστὸν
3485 4428 3759 4499 ἀπῆλθον’

500 4518 534 4567 ti
585 4527 739 4578 sunt.
770 4518 1031 4587 quoniam
1073 4517 1364 4573 evolarunt
1415 4518 1480 4572 ad
1533 4520 1843 4576 Christum.
1873 4521 2073 4577 Pecca-

500 4618 645 4663 torcs
676 4609 989 4680 ubicunque
1018 4610 1245 4676 fuerint,
1300 4612 1490 4681 procul
1552 4628 1580 4665 a
1635 4629 1761 4682 rege
1814 4627 1961 4696 suuj,
2022 4624 2076 4670 et

499 4711 779 4769 propterea
816 4701 1050 4757 dedendi
1071 4720 1088 4769 ;
1110 4703 1243 4774 justi
1274 4714 1455 4759 autem
1479 4705 1591 4761 sive
1614 4705 1727 4769 hic,
1754 4706 1868 4760 sive
1896 4707 1966 4761 ibi
2001 4708 2078 4762 vi-

499 4801 606 4846 tam
627 4805 810 4865 agant,
830 4811 952 4850 cum
974 4810 1099 4865 rege
1113 4804 1273 4851 sunt:
1297 4806 1458 4867 atque
1490 4797 1562 4852 ibi
1588 4799 1813 4869 prapius
1850 4798 2078 4867 conjun-

2175 4528 2239 4581 Οί
2306 4525 2619 4597 ἁμαρτωλοὶ
2679 4525 2812 4578 ὅπου
2864 4523 2932 4585 ἂν
2982 4516 3087 4576 ὦσι
3120 4523 3310 4601 πόρρω
3348 4520 3441 4574 τοῦ
3496 4519 3763 4590 βασιλέως

2176 4621 2307 4682 εἰσὶ,
2342 4619 2429 4671 διὰ
2476 4618 2632 4676 τοῦτο
2680 4617 2776 4669 καὶ
2828 4616 3083 4685 δακρύων
3118 4613 3297 4678 ἄξιοιο
3338 4615 3387 4667 οἱ
3441 4614 3501 4666 δὲ
3541 4614 3749 4667 δίκαιοι

2179 4715 2243 4768 ἄν
2272 4730 2332 4765 τε
2369 4709 2623 4775 ἐνταῦθα,
2653 4709 2717 4761 ἂν
2749 4726 2807 4760 τε
2845 4708 2984 4773 ἐκεῖ,
3018 4705 3160 4776 μετὰ
3192 4704 3287 4757 τοῦ
3319 4705 3589 4775 βασιλέως
3623 4706 3757 4770 είσὶ,

2180 4806 2341 4861 κάκεῖ
2378 4803 2579 4872 μᾶλλον
2609 4802 2704 4854 καὶ
2734 4802 3055 4869 ἐγγύτερον,
3110 4798 3171 4852 οὗ
3232 4796 3322 4850 διὰ
3357 4796 3653 4866 ἐσόπτρου,
3698 4796 3762 4850 οὐ

497 4888 770 4957 ctiusque,
808 4905 913 4944 non
939 4905 1033 4959 per
1061 4889 1369 4959 speculum,
1403 4906 1511 4945 non
1542 4906 1636 4957 per
1666 4890 1846 4955 fidem,
1873 4894 1965 4946 sed
1992 4909 2069 4945 co-

2184 4896 2273 4948 διὰ
2297 4897 2522 4957 πίστιος.
2560 4892 2698 4945 ἀλλά
2743 4891 3033 4962 πρόσωπον
3083 4890 3218 4958 πρῦς
3270 4887 3589 4958 πρόσωπον.
3648 4888 3764 4945 Καὶ

498 4980 807 5049 ramjpsum
826 4979 1119 5035 intuentes.
1146 4980 1212 5035 Et
1229 4980 1525 5051 Gregorius
1542 4980 1915 5038 Nazianzenus
1941 4982 2007 5037 ad
2026 4983 2085 5037 ﬁ-

499 5088 621 5126 nem
641 5072 910 5129 sermonis
938 5074 990 5127 in
1017 5082 1261 5128 sanctum
1276 5066 1631 5145 Cyprianum,
1675 5074 1738 5128 Et
1760 5077 2085 5141 radiantem,

504 5164 703 5234 inquit,
731 5164 997 5236 fulgorem
1033 5179 1235 5221 sancta:
1275 5166 1581 5231 Trinitatis,
1608 5167 1694 5221 cui
1737 5184 1882 5221 nunc
1914 5178 2086 5221 astas.

2190 4988 2495 5059 Γρηγόριος
2527 4984 2581 5036 δὲ
2609 4986 2636 5036 ό
2662 4982 2927 5049 Θεολόγος
2969 4985 3026 5035 ἐν
3058 4980 3133 5050 τῷ
3165 4979 3312 5033 τέλει
3339 4977 3433 5032 τοῦ
3464 4979 3621 5046 λόγου
3668 4977 3764 5031 τοῦ

2186 5084 2264 5144 είς
2296 5080 2385 5132 τὸν
2413 5080 2568 5147 ἆγιον
2599 5075 2922 5145 Κυπριανόν
2971 5086 3130 5142 φησι⁸
3176 5072 3285 5124 Καὶ
3314 5071 3415 5141 τὴν
3460 5069 3558 5139 τῆς
3600 5069 3767 5137 ἁγίας

2187 5175 2417 5243 Τριάδος
2469 5171 2759 5241 ἒλλαμψιν,
2796 5163 2885 5241 »ἧς
2944 5166 3040 5220 νῦν
3070 5166 3432 5235 παραστάτης
3475 5163 3628 5235 (21)·
3686 5163 3765 5215 ἔτι

502 5258 649 5311 Idem
682 5256 860 5314 fusius
887 5259 956 5314 de
993 5260 1097 5314 hac
1127 5259 1241 5328 ipsa
1275 5275 1330 5315 re
1362 5262 1414 5314 in
1481 5260 1695 5314 funebri
1748 5260 1994 5315 oratione
2032 5261 2069 5314 ir

2193 5260 2584 5327 πλατύτερονό
2615 5257 2773 5319 αὐτὸς
2837 5255 2969 5323 περὶ
3034 5254 3227 5307 τούτου
3280 5255 3339 5304 ὲν
3402 5252 3480 5321 τῷ
3537 5252 3617 5314 είς
3664 5248 3767 5317 τὴν

506 5363 772 5405 sororem.
796 5351 865 5406 At
886 5351 1015 5421 quid
1036 5365 1173 5421 opus
1197 5361 1283 5407 est
1300 5350 1495 5406 afferre
1515 5351 1684 5405 multa
1731 5352 2041 5406 testimonia
2067 5360 2069 5367 ‘

2194 5351 2434 5419 ἀδελφὴν
2464 5347 2762 5417 ἐπιταφίῳ.
2801 5346 2912 5399 Καὶ
2939 5345 2993 5399 τί
3015 5345 3098 5399 δεῖ
3130 5343 3330 5404 πολλὰς
3357 5342 3601 5410 εἰσάγειν
3629 5356 3769 5409 μαρ-

510 5439 646 5493 Nam
687 5442 741 5496 in
770 5452 1031 5509 tractatu,
1064 5462 1225 5516 quem
1254 5444 1323 5501 de
1374 5445 1476 5498 hac
1529 5442 1754 5499 materia
1793 5441 2084 5507 edidimus,

513 5531 792 5602 copiosius
844 5539 1286 5608 esplicatiusque
1365 5536 1753 5600 disseruimus,
1783 5535 2082 5605 apologiam

587 5710 696 5779 (Ἦ)
734 5712 1180 5786 Πεεδιίνπὰρχεις
1216 5726 1305 5772 aut
1350 5712 1478 5790 quid
1529 5713 1724 5770 simile.

2193 5442 2421 5511 τυρίας;
2455 5442 2546 5493 Ἐν
2594 5440 2700 5510 γὰρ
2740 5441 2804 5510 τῇ
2838 5438 2965 5507 περὶ
2999 5435 3191 5489 τούτου
3229 5431 3585 5505 πραγματείᾳ
3633 5430 3772 5481 πλα-

2195 5535 2419 5604 τύτερον
2452 5532 2677 5603 εἴπομεν
2710 5533 2803 5585 καὶ
2839 5528 3191 5600 σαφέστερον,
3241 5520 3773 5593 ύπεραπολογούμε·

3091 1588 3387 1655 ἐξαιρέτως
3425 1585 3737 1654 ἀπήλαυσε.
3844 1624 3849 1627 ε
