3982 6208
466 284 570 354 195

1364 285 1741 346 GREGORII
1781 275 2079 342 ΜΛΜΜΕ
2120 271 2228 344 CP.
2274 236 2782 341 ruminans:

3597 241 3702 341 ne

462 417 598 460 vero
627 417 720 457 seu
748 400 978 468 mystica
1027 398 1283 464 abrogata
1311 438 1327 462 ,
1364 397 1860 456 circuittcisionem.
1897 396 2034 447 Sab-

2169 396 2237 448 ιαὶ
2289 393 2620 457 ἀπεδὲωξαν,
2655 392 2754 458 τὴν
2800 390 2855 441 δὲ
2900 387 3202 455 σεμνότητα
3244 384 3580 455 ἐτράνωσαν,
3610 393 3709 442 καὶ

463 500 672 557 batum,
703 491 1105 546 immolationes
1130 487 1474 550 animalium,
1504 488 1708 541 Pascha
1733 497 1785 540 et
1816 502 2039 555 agmini.

465 589 806 656 Quapropter
839 580 1233 647 Hierosolymis
1264 586 1472 632 tantum
1505 580 1784 632 observari
1821 579 2042 651 illave-

470 680 667 737 luerat.
700 684 759 726 ut
797 672 974 726 facilis
1021 680 1165 725 esset
1200 685 1387 724 eorum
1414 668 1719 735 abrogatio,
1758 667 1958 736 templo
1988 674 2042 719 et

469 767 607 821 urbe
623 763 870 817 funditus
894 763 1124 817 eversis.
1148 759 1283 814 Cum
1316 761 1462 813 enim
1484 760 1613 814 alibi
1647 775 1752 813 non
1787 766 1932 813 esset
1960 756 2042 810 fas

467 860 558 911 illa
590 865 829 918 servare,
856 863 1005 909 certe
1027 852 1184 905 finem
1209 851 1460 905 habitura
1484 856 1656 905 erant.
1696 850 1930 905 Umbras
1948 849 2041 902 de-

469 965 617 1002 mum
652 952 707 1001 iu
742 947 918 999 lucem
954 943 1207 998 veritatis
1233 943 1403 997 fuisse
1434 950 1688 995 mutatas.
1719 942 1828 995 Iste
1860 949 2043 994 autem

472 1042 824 1094 incruentum
865 1041 1318 1109 tremendumque
1363 1033 1721 1099 sacrificium,
1752 1033 1899 1101 quod
1931 1032 2041 1085 vir-

475 1137 589 1181 tute
622 1126 863 1194 Spiritus
889 1133 942 1178 et
974 1123 1145 1192 ipsius
1175 1122 1375 1177 ChriSti
1402 1121 1688 1188 Patrisque
1723 1119 2040 1187 perficitur:

471 1216 704 1270 indivisa
749 1215 891 1268 enim
940 1223 1070 1268 sunt
1114 1229 1276 1282 opera
1333 1222 1535 1267 sancta:
1567 1209 1875 1275 Trinitatis,
1916 1210 2044 1264 licet

471 1324 574 1362 vox
615 1308 703 1361 illa
735 1305 925 1360 eIIicax
949 1306 1021 1359 sit
1043 1306 1341 1359 Salvatoris
1362 1321 1375 1356 :
1398 1306 1510 1357 Hoc
1529 1313 1607 1357 est
1636 1298 1825 1369 corpus
1848 1311 2043 1367 meum;

472 1407 577 1454 et:
622 1398 720 1453 llic
760 1406 835 1452 est
884 1397 1101 1466 sanguis
1152 1410 1336 1459 meus;
1385 1408 1492 1463 qua
1546 1393 1729 1462 panis,
1759 1403 1814 1445 et
1856 1392 2044 1446 vinum

474 1505 597 1545 cum
644 1504 787 1558 aqua
825 1496 1263 1543 transmutantur
1295 1487 1349 1540 in
1394 1500 1598 1555 corpus
1636 1494 1690 1538 et
1721 1483 2043 1553 sanguinem

475 1580 705 1644 Christi,
739 1588 795 1633 ut
845 1579 1025 1648 inquit
1058 1578 1521 1649 Chrysostomus;
1576 1575 1641 1629 ad
1686 1573 1900 1628 Iudaici
1946 1571 2049 1626 Pa-

477 1672 685 1727 schalis
714 1670 1151 1724 observationem
1187 1667 1376 1731 refert,
1405 1676 1461 1723 et
1500 1680 1764 1720 canonem
1794 1678 2048 1733 perverse

478 1765 892 1830 interpretatur.
924 1762 992 1813 At
1038 1776 1137 1815 nos
1185 1761 1447 1830 mysticae
1497 1772 1688 1812 omnes
1735 1756 2046 1810 Iudaeorum

479 1854 835 1908 caeremonias
879 1869 976 1922 pro
1024 1853 1254 1923 impuris
1299 1859 1351 1904 et.
1393 1849 1640 1920 profanis
1674 1848 1964 1906 habemus.
1996 1837 2058 1898 ιιι

477 1946 905 2016 Chrysostomus
939 1945 1100 1998 etiam
1136 1945 1189 1997 in
1217 1942 1564 1997 sermonibus
1593 1942 1783 1994 contra
1828 1937 2048 1992 Iudaeos

481 2038 680 2092 habitis
705 2037 953 2105 apertius
984 2036 1197 2104 probat,
1232 2036 1376 2089 inter
1418 2048 1558 2102 quas
1597 2044 1651 2086 et
1699 2030 1911 2085 Pascha
1954 2044 2054 2083 nu-

482 2138 727 2183 meratur
763 2143 776 2179 :
815 2142 941 2180 cum
972 2136 1123 2180 extra
1169 2125 1431 2192 templum
1490 2122 2049 2192 IIierosolymitanum

477 2231 670 2277 contra
698 2220 946 2275 divinum
977 2226 1310 2288 praeceptum
1347 2216 1498 2269 fiant.
1551 2214 1625 2269 De
1676 2214 1778 2268 hac
1830 2212 2054 2266 materia

482 2313 697 2384 mystici
728 2311 985 2367 sacriﬁcii
1006 2310 1116 2379 jam
1146 2319 1303 2363 antea
1352 2305 1613 2369 diximus,
1648 2318 1748 2358 nec
1791 2315 1929 2373 opus
1974 2310 2060 2357 est

483 2410 733 2472 repetere
754 2402 941 2455 eadem
975 2417 991 2454 :
1019 2409 1332 2468 quanquam
1367 2396 1435 2448 ab
1459 2395 1578 2463 ipso
1601 2397 1779 2448 coacti
1806 2393 1911 2445 hoc
1936 2391 2058 2445 loco

483 2492 905 2562 disputavimus,
947 2489 1091 2543 haud
1123 2503 1259 2543 sane
1290 2486 1523 2542 libentes
1544 2525 1560 2550 ,
1593 2486 1712 2555 ipse
1747 2482 1891 2538 enim
1927 2497 2058 2536 cau-

488 2600 604 2638 sam
627 2583 797 2639 dedit.

2142 489 2261 548 ταῖς
2311 486 2419 537 τῶν
2464 483 2769 552 ἀνθρώπων
2819 481 3018 550 ψυχαῖς
3075 477 3462 546 ὲνεφύτευσαν.
3518 478 3601 531 Τὰ
3651 480 3709 533 δὲ

2141 578 2345 632 τυπικὰ
2394 576 2429 630 ἃ.
2486 578 2582 628 καὶ
2643 575 2882 644 μυστικὰ
2943 570 3203 625 καλοῦσιν
3256 571 3545 639 ἀπέκοψε·
3608 573 3712 639 τὴν

2145 675 2472 744 περιτομὴν,
2510 674 2605 725 καὶ
2634 670 2710 725 »τὸ
2765 667 3063 731 Σάϐϐατον,
3094 677 3191 722 καὶ
3235 665 3333 731 τὰς
3384 667 3709 733 ζωοθυσίὰς,

2143 765 2237 819 καὶ
2271 766 2329 818 τὸ
2364 762 2573 832 Πάσχα,
2616 764 2708 817 καὶ
2745 764 2836 816 τὸν
2875 762 3068 830 ἀμνόν.
3092 761 3192 813 Διὰ
3223 755 3381 812 τοῦτο
3415 761 3511 812 καὶ
3536 757 3711 812 ταῦτα

2142 860 2201 909 ὲν
2245 857 2639 928 Ἰεροσολύμοις
2670 852 2921 909 ἐκέλευσε
2970 852 3063 907 καὶ⁸
3109 854 3269 922 μόνον
3295 850 3588 915 τελεῖσθαι,
3624 835 3714 905 ῖνα

2145 947 2239 1001 καὶ
2273 947 2471 1018 ῥᾳδίως
2520 948 2554 1015 ἡ
2605 942 2903 1007 κατᾶλυσις
2948 941 3131 995 αὐτῶν
3162 943 3408 1010 γένηται,
3449 938 3544 993 τοῦ
3581 941 3711 993 ναοῦ

2112 1040 2243 1093 ,καὶ
2296 1017 2396 1107 τῆς
2446 1038 2654 1101 πόλεως
2698 1038 3196 1105 κατασκαφέντων,
3238 1022 3463 1088 ἄλλοθεν
3516 1017 3573 1087 δὲ
3640 1033 3716 1101 μὴ

2144 1131 2457 1198 δυναμένων
2505 1129 2677 1182 ταῦτα
2721 1129 2895 1181 τελεῖν
2927 1129 3270 1181 παύσωνται.
3305 1128 3386 1179 Τὰ
3413 1125 3472 1179 δὲ
3506 1125 3715 1194 σκιώδη

2145 1221 2557 1287 ἀνεμὸρφωσεν,
2584 1217 2706 1270 ἀντὶ
2752 1218 2909 1278 σκιᾶς
2941 1216 3040 1284 τὴν
3090 1215 3352 1284 ἀλήθειαν
3387 1214 3715 1283 μορφώσας.

2145 1309 2316 1373 Αὐτὸς
2354 1306 2409 1362 δὲ
2440 1308 2538 1379 τὴν
2586 1308 2928 1377 ἀναίμακτον
2969 1307 3065 1359 καὶ
3094 1304 3330 1375 φρικτὴν
3373 1303 3587 1367 θυσίαν,
3615 1304 3719 1371 τὴν

2146 1401 2530 1470 τελειουμένην
2558 1400 2709 1469 παρὰ
2743 1396 2839 1450 τοῦ
2869 1397 3192 1467 Πνεύματος
3227 1397 3327 1450 καὶ
3371 1393 3540 1448 αὑτοῦ
3572 1394 3717 1461 Χρι-

2149 1492 2274 1546 στοῦ
2334 1494 2431 1546 καὶ
2475 1492 2571 1546 τοῦ
2627 1486 2860 1561 Πατρδς,
2899 1491 2975 1552 ὡς
3028 1488 3351 1559 ἀδιαιρέτων
3405 1487 3576 1541 ὄντων
3607 1482 3723 1561 τῶν

2148 1584 2325 1652 ἔργων
2350 1584 2448 1653 τῆς
2478 1584 2640 1651 ἁγίας
2670 1581 2919 1653 Τριάδος,
2957 1582 3006 1634 εί
3058 1580 3156 1635 καὶ
3190 1569 3330 1648 αὕτη
3366 1578 3400 1648 ἡ
3433 1574 3586 1647 φωνὴ
3619 1568 3717 1628 τοῦ

2151 1676 2404 1745 Σωτῆρός
2439 1676 2606 1737 ἐστιν,
2635 1666 2668 1741 ή
2694 1673 2993 1727 κελεύουσα
3016 1688 3030 1704 ο
3080 1670 3259 1725 Τοῦτό
3298 1672 3429 1724 ἐστι
3455 1669 3519 1724 τὸ
3546 1667 3720 1737 σῶμά

2158 1787 2278 1838 μου
2306 1784 2319 1798 ’
2351 1766 2445 1819 καί
2470 1782 2484 1796 ’
2524 1758 2701 1819 Τοῦτό
2722 1765 2855 1819 ἐστι
2903 1764 2970 1820 τὸ
2994 1752 3141 1833 οἷμά
3163 1770 3284 1832 μου
3304 1779 3318 1794 ’
3348 1760 3383 1832 ἠ
3407 1764 3497 1815 τδν
3529 1761 3725 1838 ἄρτον,

2163 1836 2257 1912 καὶ
2284 1857 2376 1910 τὸν
2402 1854 2542 1909 οἶνον
2572 1856 2664 1910 xm
2693 1856 2752 1907 τὸ
2780 1840 2925 1923 ὕδωρ
2949 1856 3027 1917 είς
3054 1852 3211 1922 σῶμα
3239 1838 3479 1922 Χριστοῦ
3518 1836 3723 1920 μεταρ-

2163 1936 2502 2021 ῥυθμίζουσα
2539 1948 2629 2000 καὶ
2660 1942 2821 2011 αἷμα,
2846 1945 2921 2009 ὥς
2974 1962 3141 2015 φησιν
3184 1945 3213 1997 ό
3239 1931 3384 2008 θεῖος
3412 1942 3727 2014 Χρυσόστο-

2163 2054 2258 2105 μος
2278 2053 2293 2067 ’
2325 2038 2403 2096 είς
2432 2035 2531 2103 τὴν
2562 2034 2651 2088 τοῦ
2691 2022 2984 2087 ’ίουδαῗκοῦ
3018 2034 3211 2103 Πάσχα
3252 2034 3477 2102 τελετὴν
3504 2034 3723 2098 ἀνάγει,

2157 2129 2251 2181 καὶ
2280 2127 2371 2179 τὸν
2421 2128 2624 2180 κανόνα
2669 2120 3083 2196 παρεξηγεῒται.
3120 2125 3266 2179 Ἀλλ’
3316 2127 3481 2195 ἡμεῖς
3544 2126 3726 2179 πάντα

2157 2215 2266 2266 τῶν
2324 2204 2601 2267 ⁴ἰουδαίων
2656 2216 2723 2268 τὰ
2781 2215 3019 2281 μυστικὰ
3074 2212 3384 2284 ἀκάθαρτά,
3430 2200 3505 2276 ὥς
3562 2217 3654 2267 καὶ
3698 2200 3728 2266 ό

2161 2303 2547 2374 Χρυσόστομος
2579 2295 2635 2359 ἐν
2684 2308 2798 2368 τοῖς
2832 2307 2975 2359 κατὰ
3008 2293 3281 2360 Ἰουδαίων
3325 2306 3504 2373 λόγοις
3530 2305 3731 2375 τρανό-

2160 2413 2317 2464 τερον
2365 2396 2719 2466 παρίστησιν,
2752 2382 2928 2451 ὧν’ἓν
2977 2398 3092 2452 ἐστι
3147 2400 3245 2452 καὶ
3302 2388 3366 2451 τό
3412 2384 3624 2467 Πάσχα,
3651 2396 3731 2458 ὡς

2162 2483 2266 2546 ἔξω
2306 2483 2398 2536 τοῦ
2436 2484 2564 2537 ναοῦ
2616 2486 2711 2538 τοῦ
2743 2488 2801 2539 ὲν
2840 2470 3244 2558 Ἰεροσολύμοις
3277 2487 3430 2557 παρὰ
3478 2473 3577 2553 τῆν
3630 2486 3729 2537 τοῦ

2163 2575 2308 2628 θείου
2358 2577 2529 2645 νόμου
2581 2577 2836 2633 κέλευσιν
2878 2574 3207 2650 τελούμενα.
3253 2572 3594 2648 Προείπομεν
3636 2574 3733 2633 καὶ

489 2677 619 2747 περὶ
647 2676 744 2742 τῆς
783 2671 1049 2741 μυστικῆς
1085 2670 1292 2739 ταύτης
1320 2667 1537 2730 θυσίας,
1573 2668 1667 2720 καὶ
1700 2666 1761 2719 ού
1795 2666 1902 2737 χρὴ
1979 2666 2108 2735 περὶ
2145 2667 2336 2721 τούτου
2393 2664 2773 2738 παλιλλογεῖν·
2855 2673 2905 2725 εί
2957 2676 3053 2726 καὶ⁵
3118 2658 3357 2727 mesen
3416 2671 3507 2725 ὑπ’
3562 2658 3731 2726 αὐτού

489 2764 929 2834 ἀναγκαζόμενοι
972 2761 1227 2832 λέγομεν,
1257 2761 1357 2812 ὅσα
1402 2758 1540 2827 δῆτα
1575 2756 1671 2811 καὶ
1694 2757 1928 2827 λέγομεν
1962 2757 2056 2810 καὶ
2095 2758 2169 2829 μὴ
2199 2758 2535 2830 βουλόμενοι,
2570 2755 2731 2825 αύτὺς
2758 2766 2867 2832 γὰρ
2897 2767 2925 2817 ό
2951 2752 3143 2828 αἴτιος,

1152 2852 1396 2907 EPIIES.

1152 2854 1396 2908 EPIIES.

562 2949 629 3004 Et
674 2962 774 3002 nos
822 2946 1041 3015 quidem
1082 2954 1273 3000 contra
1324 2945 1498 3014 leges,
1550 2944 1703 3013 jussa
1756 2950 1810 2994 et
1841 2938 2057 2993 decreta

2820 2842 3010 2910 ans.

2237 2940 2347 3002 Καὶ
2393 2950 2553 3019 ἡμεῖς
2607 2949 2706 3017 μὲν
2745 2947 3038 3018 ἀθεμίτως,
3081 2950 3174 3002 καὶ
3234 2950 3588 3021 παρανόμως,
3637 2950 3734 3002 κάι

370 3050 384 3060 ’
464 3041 715 3095 'Patrum
744 3040 980 3098 dicimus
1028 3030 1352 3106 appositum'
1391 3050 1512 3089 esse
1556 3031 1819 3103 Symbolo
1853 3028 2060 3083 addita-

2169 3044 2278 3103 τοῖς
2321 3041 2602 3111 Πατράσιν
2674 3040 2730 3106 ἐξ
2775 3035 3021 3093 ἐναντίου
3073 3040 3171 3111 τὴν
3221 3040 3279 3093 ὲν
3342 3040 3420 3111 τῷ
3477 3032 3735 3109 συμϐόλῳ

491 3146 759 3187 mentum.
799 3129 889 3183 Isti
937 3143 1068 3182 vero
1118 3126 1267 3187 licite
1313 3134 1367 3179 et
1414 3122 1814 3179 rationabiliter
1860 3119 2062 3174 factum

2169 3131 2485 3201 προσθήκην
2555 3130 2881 3199 γεγενῆσθαί
2945 3148 3160 3199 φαμεν·
3216 3130 3362 3184 οὗτοι
3438 3131 3496 3184 δὲ
3564 3131 3734 3198 αὑτὴν

494 3225 628 3279 illud
657 3229 909 3277 asserunt
944 3236 957 3272 :
990 3218 1125 3274 adeo
1166 3224 1372 3273 norunt
1410 3215 1629 3273 veritati
1674 3221 1729 3270 et
1781 3209 1887 3268 sibi
1935 3211 2068 3282 ipsis

493 3312 853 3384 congruentia
881 3310 1088 3364 dicere.

1183 3506 1381 3563 RESP.
1420 3518 1421 3521 ‘

571 3603 679 3659 Nos
704 3615 923 3658 omnem
960 3598 1379 3668 explicationem
1414 3608 1469 3655 et
1510 3596 1929 3654 declarationem
1965 3610 2071 3649 non

497 3696 833 3754 contrariam
868 3693 1152 3749 sententia:
1175 3700 1513 3757 sanctorum,
1546 3692 1638 3745 sed
1666 3706 1759 3761 per
1790 3691 1939 3759 ipsos
1981 3696 2077 3756 po-

500 3790 612 3843 tius
639 3788 935 3849 iirmatam,
966 3799 994 3837 a
1028 3783 1236 3853 synodo
1285 3784 1478 3850 quovis
1524 3783 1577 3837 in
1613 3783 1731 3836 loco
1776 3780 2074 3850 appositam

500 3879 815 3947 recipimus.
846 3877 901 3929 In
928 3876 1029 3928 hac
1049 3874 1318 3928 sententia
1342 3884 1426 3928 est
1457 3874 1617 3927 etiam
1653 3882 1879 3927 sanctus
1907 3871 2076 3924 Maxi-

504 3985 625 4023 mus
650 4009 664 4031 ,
702 3979 760 4019 nt
792 3974 1006 4022 constat
1035 3980 1100 4019 ex
1135 3964 1255 4032 ejus
1292 3964 1506 4031 dialogo
1539 3978 1663 4017 cum
1708 3960 2076 4015 Eunomiano.

503 4060 801 4129 Interrogat
842 4060 986 4112 enim
1043 4055 1115 4109 ibi
1174 4055 1524 4109 Macedonius
1589 4053 1878 4107 Maximum
1909 4093 1924 4114 ,
1976 4061 2074 4105 et:

447 4166 451 4169 '
504 4149 1133 4218 Subscribisne,inquit,
1153 4147 1477 4217 expositioni
1512 4142 1774 4201 Luciaui?
1796 4142 2077 4198 Maximus.

503 4244 643 4309 Quid
675 4242 818 4296 enim
861 4251 946 4295 est
977 4256 1193 4304 causze,
1233 4253 1332 4291 cur
1377 4237 1682 4305 improbata
1735 4235 2079 4303 expositione

503 4345 812 4390 sanctorum
831 4334 1050 4385 Patrum
1072 4341 1440 4384 trecentorum
1460 4330 1646 4383 decem
1670 4338 1723 4380 et
1745 4339 1868 4380 octo
1889 4320 2080 4379 Nicaaze

2169 3220 2408 3289 θεμιτῶς
2478 3213 2576 3273 καὶ
2643 3208 2880 3288 εὐλόγως
2956 3212 3284 3292 διορίζονται
3354 3207 3733 3289 γεγενῆσθαιδ

2168 3312 2425 3365 τοσοῦτον
2474 3310 2651 3365 οίδασι
2698 3304 2763 3382 τῇ
2824 3304 3053 3382 ἀληθείᾳ
3096 3314 3192 3369 καὶ
3243 3314 3459 3375 ἑαυτοῖς
3510 3329 3736 3381 συμφωεί

2171 3403 2301 3456 νεῖν.

2854 3487 3062 3549 ΑΠΟΔ.

2246 3584 2353 3638 Καὶ
2401 3580 2560 3653 ἡμεῖς
2609 3584 2792 3637 πᾶσαν
2841 3585 3137 3650 ἀνάπτυξιν
3185 3588 3281 3640 καὶ⁸
3315 3588 3613 3657 σαφήνειαν
3664 3576 3740 3655 Idi

2177 3677 2423 3730 ἐναντίαν
2474 3670 2639 3730 οὖσαν
2688 3678 2754 3748 τῇ
2784 3671 2912 3748 δόξῃ
2941 3679 3047 3731 τῶν
3080 3680 3270 3747 ἁγίων,
3303 3679 3418 3733 ἀλλ’
3448 3680 3507 3745 ἐξ
3555 3679 3740 3734 αύτιῖιν

2180 3768 2376 3837 μᾶλλον
2405 3768 2824 3837 βεϐαιουμένην,
2861 3766 3014 3840 παρὰ
3047 3772 3265 3823 συνόδου
3316 3772 3737 3842 προστεθεῖσαν,

2178 3861 2310 3915 ὅπου
2360 3862 2426 3915 ἂν
2472 3856 2775 3932 προστεθῇ,
2805 3856 3094 3932 δεχόμεθα.
3129 3852 3300 3916 Τούτο
3348 3866 3440 3917 καὶ
3489 3852 3744 3934 Μάξιμος

2178 3953 2204 4004 ὁ
2233 3952 2373 4013 θεῖος
2406 3946 2615 4021 βεϐαιοῖ
2640 3955 2697 4005 ὲν
2726 3956 2791 4022 τῇ
2820 3948 3053 4019 διαλέξει
3089 3955 3255 4007 αὐτοῦ
3285 3957 3350 4025 τῇ
3380 3956 3518 4025 πρὸς
3546 3955 3641 4009 τὸν
3672 3957 3744 4008 τὰ

2180 4044 2446 4112 Εύνομίου
2511 4045 2831 4113 φρονοῦντα.
2879 4038 3019 4113 Φησὶ
3070 4040 3405 4123 Μακεδόνὶος
3458 4046 3593 4116 πρὸς
3646 4046 3741 4098 τδυ

2180 4133 2431 4202 Μάξιμον
2453 4150 2467 4164 ’
2509 4132 2875 4206 ’Υπογράψεις
2922 4128 3016 4187 οὖν
3050 4139 3113 4205 τῇ
3152 4134 3368 4189 ἐκθέσει
3400 4124 3743 4201 Λουκιανούζ

2181 4223 2469 4293 Μάξιμος.
2500 4223 2566 4278 Τί
2597 4227 2880 4293 κατέγνως
2910 4220 3014 4294 τῆς
3064 4227 3167 4279 ὑπὸ
3200 4228 3310 4278 τῶν
3345 4235 3450 4297 τιη⁹
3483 4224 3747 4297 Πατέρων

2183 4318 2353 4385 ἁγίων
2401 4318 2507 4370 τῶν
2542 4319 2597 4369 ὲν
2624 4309 2830 4385 Nn:an
2863 4318 2959 4385 τῆς
2992 4312 3245 4380 Βιθυνίας
3275 4308 3621 4387 ὲκτεθείσης,
3658 4310 3746 4372 ἵνα

507 4429 561 4481 in
623 4426 873 4493 Bithynia
931 4434 1420 4492 congregatorum,
1479 4421 1722 4488 inquiras
1777 4416 2062 4471 aliam?—

2177 4403 2273 4455 καὶ
2292 4402 2460 4471 ἄλλην
2489 4403 2823 4476 περιόλὲψῃς
2845 4422 2859 4469 ;
2885 4434 2955 4444 —-
2989 4406 3377 4472 Μακεδόνιος.
3418 4398 3489 4459 Σὺ
3528 4408 3582 4459 τί
3611 4425 3751 4461 κατε

509 4515 870 4568 δυαεειίοηὶυδ.
912 4513 992 4565 Tu
1035 4527 1164 4565 vero
1197 4527 1301 4579 qua
1336 4511 1403 4564 de
1443 4522 1604 4563 causa
1653 4510 1932 4577 improbas
1969 4507 2076 4561 Lu-

505 4607 647 4661 ciani
687 4602 1125 4673 expositionem?
1156 4630 1225 4642 —
1261 4600 1620 4655 Orthodoxus.
1651 4600 1906 4667 Improbe
1932 4597 2077 4665 quod

506 4693 794 4750 addidistis
823 4690 1157 4746 contrarium
1191 4688 1314 4743 [idei
1345 4687 1591 4741 Patrum.
1617 4715 1687 4727 —
1714 4684 2075 4738 Macedonius.

507 4786 668 4851 Quasi
712 4800 816 4849 .vos
857 4799 963 4838 non
1014 4781 1329 4835 addideritis
1371 4781 1436 4832 ad
1487 4779 1644 4831 fidem
1684 4775 1977 4829 Nicrenam.
2010 4803 2079 4815 ——

509 4876 879 4932 Orllzodoxus.
910 4872 1249 4935 Addidimus,
1283 4871 1377 4925 sed
1414 4885 1522 4923 non
1553 4866 1844 4923 contraria.
1869 4893 1938 4904 -—
1966 4864 2082 4917 Ma-

509 4971 783 5023 cedonius.
836 4966 1073 5020 Omnino
1123 4963 1433 5018 addidistis.
1460 4992 1529 5002 ——
1554 4960 1915 5014 Orthodoxus.
1950 4956 2082 5022 Quae.

506 5073 636 5118 tunc
666 5063 719 5115 in
747 5059 1185 5129 disquisitionem
1219 5071 1327 5109 non
1362 5062 1643 5115 venerant,
1676 5051 1864 5104 Patres
1894 5057 2079 5118 postea

507 5155 597 5223 pie
620 5161 1010 5222 exposuerunt.
1045 5148 1256 5203 Idcirco
1277 5161 1376 5199 nos
1400 5145 1563 5199 etiam
1592 5142 1752 5212 hujus
1775 5149 1826 5193 et
1853 5140 2080 5192 aliorum

509 5243 728 5296 Patrum
761 5238 1077 5295 testimonio
1106 5237 1224 5289 fulti
1255 5235 1643 5293 asscrentium,
1686 5230 2081 5299 expositionem

510 5351 678 5387 sacra:
719 5334 1016 5402 Scriptura:
1068 5336 1455 5397 congruentem
1507 5340 1612 5377 non
1650 5338 1772 5378 esse
1819 5321 2039 5375 vetitam
2068 5357 2082 5381 ,

509 5426 788 5493 suIIragati
829 5439 1018 5478 sumus
1056 5420 1297 5472 veritati.
1346 5418 1424 5470 An
1461 5430 1658 5485 negare
1693 5416 1809 5484 ipse
1860 5409 2081 5481 poterit,

512 5519 819 5569 universam
873 5529 1084 5569 sacram
1121 5509 1465 5576 Seripturam
1495 5508 1782 5562 admittere
1828 5505 2082 5570 explana—

508 5606 751 5660 tionem?
777 5606 958 5671 Quare
997 5605 1047 5658 id
1079 5603 1249 5673 quod,
1274 5601 1519 5656 additum
1565 5609 1646 5653 est
1688 5594 1947 5667 Symbolo
1994 5611 2085 5646 ur-

511 5708 669 5770 gente
693 5696 1037 5763 necessitate,
1062 5699 1233 5753 risum
1263 5706 1342 5749 cst
1368 5696 1491 5765 jme
1518 5691 1723 5761 optimo
1750 5686 2082 5761 appositum.

2184 4495 2356 4562 έγνως
2410 4496 2506 4564 τῆς
2570 4494 2666 4548 τοῦ
2745 4497 3073 4557 Λουκιανοῦς
3121 4527 3193 4538 -—-
3245 4497 3308 4549 Ὀ
3371 4498 3748 4567 Ὀρθόδοξος.

2182 4587 2477 4651 Κατέγνων
2510 4580 2609 4656 τῆς
2634 4589 2973 4658 προσθήκης,
3008 4584 3073 4659 ἧς
3102 4588 3481 4661 προσεθήκατε
3526 4593 3752 4644 ἐναντία

2182 4680 2373 4754 αὐτῆς.
2396 4699 2463 4717 —'-
2485 4677 2875 4744 Μακεδόνιος.
2920 4674 3108 4749 Ὑμεῖς
3142 4673 3247 4751 γὰρ
3277 4678 3338 4734 ού
3365 4675 3751 4753 προσεθήκατε

2180 4775 2248 4840 τῇ
2280 4773 2337 4824 ἐν
2366 4771 2710 4849 Νικαίᾳςν-
2748 4772 2813 4824 '0
2853 4768 3223 4839 Ὀρθόδυξος.
3273 4768 3415 4826 *Δλῖ
3456 4766 3558 4827 ούκ
3587 4776 3747 4827 ὲναν-

2181 4863 2274 4917 τία
2302 4865 2458 4931 αὐτῇ.
2490 4892 2559 4902 -
2589 4860 2978 4928 Μακεδόνιος.
3012 4865 3188 4926 Ὅλως
3241 4867 3640 4935 προσεθήκατε.
3681 4884 3758 4905 -ι

2196 4947 2561 5022 Ὀρθόδοξος.
2596 4953 2675 5006 Τὰ
2732 4955 2852 5006 τότε
2889 4955 2963 5024 μὴ
2998 4950 3305 5024 ζητηθέντα
3332 4956 3427 5008 νῦν
3470 4958 3755 5026 ἡρμήνευ-

2187 5064 2285 5098 σαν
2323 5047 2370 5098 οί
2401 5045 2643 5109 Πατέρες
2673 5044 2934 5116 εὐσεϐῶς.
2962 5044 3053 5097 Διὸ
3098 5047 3189 5098 καὶ
3218 5048 3382 5114 ἡμεῖς
3427 5048 3525 5115 τὴν
3554 5047 3750 5099 τούτου

2189 5134 2497 5206 μαρτυρίαν
2551 5135 2764 5204 ἔχοντες
2818 5137 2910 5187 καὶ
2953 5129 3062 5189 τῶν
3100 5135 3305 5188 λοιπῶν
3338 5137 3597 5206 ῐίατέρων
3640 5136 3753 5189 τῶν

2186 5229 2473 5296 λεγόντων,
2503 5229 2585 5279 ὃτι
2617 5226 2911 5289 ἀνάπτυξις
2962 5228 3022 5279 ού
3064 5220 3336 5279 κωλύεται
3382 5227 3752 5295 συμφωνοῦσα

2186 5323 2251 5388 τῇ
2306 5318 2430 5389 ίερᾷ
2470 5310 2684 5388 Γραφῇ,
2737 5321 2802 5388 τῇ
2862 5318 3088 5389 ἀληθείᾳ
3144 5320 3620 5388 συνηγορήσαμεν.
3674 5319 3756 5373 οὐ

2189 5409 2295 5477 γὰρ
2347 5408 2571 5460 δύναται
2627 5401 2790 5468 αὐτὸς
2852 5406 3151 5471 ἀντειπεῖν,
3206 5406 3287 5459 ὅτι
3354 5408 3576 5477 animi)
3627 5407 3756 5462 θεία

2188 5501 2377 5570 Γραφὴ
2428 5494 2727 5563 ἀνάπτυξιν
2770 5498 3033 5568 δεχομένη
3067 5501 3129 5552 ού
3182 5500 3452 5552 κωλύεται
3480 5515 3492 5528 °
3540 5500 3621 5554 δι’)
3658 5504 3758 5553 καὶ

2188 5595 2248 5643 τὺ
2283 5591 2600 5659 προστεθὲν,
2636 5591 2881 5658 ἀνάγκης
2914 5590 3237 5665 γενομένης,
3273 5593 3333 5643 ὲν
3376 5590 3455 5659 τῷ
3489 5591 3755 5660 συμϐόλῳ

2191 5683 2393 5736 δίκαιον
2441 5681 2580 5744 ἔδοξε
2634 5682 3008 5736 προσκεῖσθαι.
3044 5680 3147 5732 Καὶ
3182 5683 3257 5733 Et:
3307 5682 3365 5734 ἐκ
3402 5683 3496 5745 τῆς
3548 5668 3753 5745 3161::—
