3982 6208
227 290 340 355 ιειτ

1486 292 1789 360 CONTRA
1830 290 2245 361 EPIIESIUM.

3398 311 3497 377 l98

218 406 643 459 πανσυλλέκτου
705 400 1048 474 ’Λνθολογίας
1126 398 1388 476 Εὐλογίου
1466 414 1810 481 πατριάρχου

1920 409 2031 464 lloc
2070 412 2211 465 idem
2264 411 2526 481 probatur
2556 427 2619 466 ex
2654 401 2943 484 Florilegio
2984 410 3434 479 collectanebrntn
3468 444 3499 481 e

230 497 690 565 Ἀλεξανδρείας·
746 498 883 566 φησὶ
950 500 1060 568 γάρ
1091 516 1105 532 ·
1150 500 1314 554 Ἀλλά
1362 502 1472 571 γάρ
1518 505 1616 571 τῆς
1652 506 1809 573 αίρέ-

218 606 368 652 σεως
422 588 584 642 πάλιν
643 590 677 659 ἡ
735 590 964 644 ἀπόνοια
1032 591 1132 661 τὴν
1194 591 1465 663 τετάρτην
1531 595 1810 664 μέμφεται

220 682 475 743 σύνοδον,
529 680 605 743 ὡς
679 682 806 749 ὅρον
871 682 1195 752 έκθεμένην,
1256 685 1636 755 διατεινομένη
1712 688 1811 757 τὴν

219 772 492 840 τοιαύτην
540 771 888 843 ἐπιχείρησιν
942 776 1047 828 ὑπὸ
1088 776 1189 846 τῆς
1236 779 1379 831 κατά
1436 779 1537 847 τὴν
1570 782 1810 848 Ἔφεσον

225 867 463 933 πρώτης
499 867 724 919 συνόδου
782 867 1063 932 παντελῶς
1100 860 1577 926 ἀποκεκωλῦσθαι.
1623 874 1812 925 Καίτοι

224 974 294 1025 γε
334 960 385 1010 εί
444 956 587 1010 κατὰ
622 958 718 1010 τὸν
776 957 941 1029 λῆρον
999 960 1182 1014 αὐτῶν
1232 962 1497 1032 ἀπεῖργεν
1532 964 1564 1033 ἠ
1596 962 1813 1027 σύνοδος

225 1050 422 1117 ἕτερον
469 1048 712 1117 μηδόλως
765 1050 1065 1117 προάγειν,
1113 1052 1254 1124 αὑτὴ
1302 1054 1425 1107 καθ’
1468 1048 1815 1127 έαυτῆςπρδ

174 1164 181 1171 ·
226 1139 341 1191 τῶν
373 1138 554 1191 ἄλλων
607 1140 704 1207 τὴν
738 1140 1223 1205 καταδικάζουσαν
1278 1146 1543 1215 ἐξήνεγκε
1592 1148 1771 1217 ψῆφον
1797 1165 1813 1179 ·

228 1231 407 1301 ὁρίζει
454 1231 562 1301 γάρ
620 1231 754 1284 αὐτὸ
803 1230 961 1284 τοῦτο
1009 1232 1278 1299 τυποῦσα,
1311 1236 1349 1289 ἀ
1396 1237 1673 1308 μηδετέρα
1706 1238 1815 1292 τῶν

232 1324 341 1392 πρὸ
370 1323 544 1390 αὐτῆς
571 1322 881 1392 διωρίσατο.
930 1323 1091 1378 Ἀλλά
1122 1328 1219 1378 καὶ
1270 1326 1303 1396 ἠ
1346 1326 1469 1380 καθ’
1507 1329 1812 1382 ὑπόστασιν

238 1414 441 1476 ἓνωσις
468 1413 640 1482 αὐτῆς
688 1415 835 1467 ἐστιν
864 1414 1010 1483 ὅρος,
1041 1415 1068 1467 ὃ
1099 1418 1216 1479 ταῖς
1260 1419 1667 1487 πρεσϐυτέραις
1706 1421 1814 1474 τῶν

235 1506 474 1557 συνόδων
498 1504 559 1555 ού
590 1503 893 1574 διώρισται.
929 1504 1034 1558 Ναὶ
1062 1506 1125 1577 δὴ
1158 1510 1250 1560 καὶ
1284 1510 1382 1579 τὴν
1414 1512 1470 1563 ὲν
1518 1514 1815 1566 Κωνσταν-

234 1595 543 1648 τινουπόλει
599 1595 709 1649 τῶν
762 1598 838 1666 ρν¹
895 1599 1070 1666 ἁγίων
1125 1601 1387 1674 Πατέρων
1439 1605 1498 1669 ἐξ
1533 1601 1607 1660 ὢν
1661 1609 1815 1662 αὐτοὶ¹

234 1686 470 1755 ληροῦσι
500 1689 977 1757 παραγράφονται,
1008 1691 1133 1760 ἥτις
1176 1692 1285 1746 τῶν
1321 1690 1807 1768 Πνευματομάχων

235 1779 340 1849 τὴν
367 1781 580 1849 αἵρεσιν
612 1780 933 1847 καθελοῦσα,
960 1784 1036 1851 τῷ
1070 1786 1209 1839 κατά
1235 1787 1334 1856 τὴν
1363 1789 1601 1844 Νίκαιαν
1636 1794 1816 1861 ἐκφω-

238 1870 469 1938 νηθέντι
494 1871 600 1941 ὅρῳ
631 1870 728 1941 τὴν
762 1873 893 1940 περὶ
945 1873 1039 1926 τοῦ
1073 1875 1230 1951 ἁγίου
1264 1870 1584 1948 ΙΙνεύματος
1628 1882 1813 1935 θεολο-

239 1963 375 2029 γίαν
400 1962 691 2030 προσθεῖσα
724 1965 1091 2034 συνήρμοσεν.
1124 1968 1184 2020 Ei
1219 1968 1328 2039 γὰρ
1355 1972 1409 2023 αἱ
1442 1972 1817 2041 προλαϐοῦσαι

238 2053 618 2125 προσ-τιθεῖσαι
648 2057 740 2109 τδν
795 2055 990 2125 μῶμον
1038 2058 1427 2128 ἐκφεύγουσιν,
1457 2064 1568 2117 οὐδ’
1601 2066 1656 2118 αί
1692 2065 1814 2135 μετ’

237 2146 412 2207 αὑτάς
462 2148 520 2198 ἐν
558 2149 671 2209 τοῖς
726 2149 934 2215 ὁμοίοις
980 2150 1252 2220 ἀνομοίως
1285 2153 1470 2219 ἕξουσι
1504 2156 1603 2226 τὴν
1646 2158 1816 2211 κατά-

237 2246 461 2304 γνωσιν.
498 2238 653 2292 Οὕτω
703 2238 761 2292 τδ
811 2240 1075 2294 ἀσύνετον
1128 2244 1307 2298 πάντα
1356 2246 1519 2315 φύρει
1563 2248 1658 2300 καὶ
1702 2249 1820 2302 δια-

240 2331 489 2400 στρέφει.
514 2331 622 2383 Καὶ
661 2332 768 2401 γάρ
798 2334 828 2400 ἠ
862 2334 920 2385 ὲν
962 2332 1178 2404 Ἐφέσῳ
1218 2336 1437 2400 σύνοδος
1484 2338 1666 2394 πίστιν
1713 2342 1815 2412 μὲν

238 2423 458 2489 ἑτέραν,
487 2417 555 2491 ἧς
586 2422 805 2475 ἐναντία
831 2425 899 2476 τά
927 2424 1175 2493 δόγματα
1215 2426 1352 2495 πρὸς
1383 2429 1484 2498 τὴν
1518 2431 1577 2483 έν
1608 2430 1815 2505 Νικαίᾳ

236 2510 551 2579 καθέστηκε
583 2512 822 2576 σύνοδον,
861 2513 1145 2578 παντελῶς
1184 2516 1501 2573 ἐκτίθεσθαι
1551 2521 1813 2575 διεκώλυ-

234 2614 336 2654 σεν
358 2618 374 2632 ·
417 2604 707 2671 ἀκηράτων
726 2604 782 2656 δὲ
812 2603 919 2656 τῶν
949 2606 1008 2658 ὲν
1050 2606 1189 2676 αὐτῇ
1229 2606 1577 2678 σωζομένων,
1614 2613 1759 2680 ἅπερ
1787 2615 1815 2666 ὁ

238 2695 435 2760 καιρὸς
459 2695 684 2749 ἀπαιτετ
708 2696 1056 2765 προστιθέναι
1088 2700 1258 2769 αὐτῆς
1288 2718 1348 2754 τε
1377 2703 1605 2770 γέγονεν
1632 2706 1815 2782 ἔργον,

238 2787 475 2840 καὶτῶν
513 2786 856 2857 πραγμάτων
909 2790 942 2854 ἡ
1001 2789 1161 2858 φύσις
1208 2791 1551 2859 διδάσκαλος,
1591 2796 1815 2865 καὶτῆς

253 2878 586 2946 Ἐκκλησίας
632 2880 825 2949 δρᾶται
862 2878 1021 2933 τοῦτο
1059 2882 1365 2950 στέργουσα
1414 2883 1501 2937 διά
1548 2886 1814 2958 παντὸςη

240 2970 567 3039 παράδοσις.
601 2971 692 3022 Διὸ
736 2970 829 3022 καὶ
862 2971 1004 3023 κατά
1053 2974 1153 3039 τὴν
1192 2970 1629 3045 Ἀλεξάνδρειαν,
1663 2976 1815 3031 οὔπω

1917 503 2057 557 libro
2088 502 2334 570 cujusvis
2374 494 2840 575 generis'Eulogii
2887 510 3212 577 patriarclne
3256 516 3499 570 Alexan-

1914 594 2076 647 drini.
2122 596 2211 649 Sic
2257 596 2401 649 enim
2432 598 2506 650 ait
2539 613 2552 649 :
2586 597 2797 653 Rursus
2834 602 3213 657 haereticorum
3261 611 3497 662 amentia

1914 683 1982 738 de
2015 695 2221 755 quartae
2267 687 2460 757 synodi
2503 687 2823 744 delinitione
2874 696 3245 759 conqueritur,
3286 713 3500 753 asSeve-

1918 791 2051 830 rans
2082 776 2313 843 primam
2342 778 2606 848 synodum
2641 780 2969 848 Ephesinam
3005 784 3105 840 hoc
3135 765 3358 855 penitus.
3385 791 3498 845 ﬁeri

1914 865 2285 941 prohibuisse.
2324 870 2479 932 Quod
2509 873 2575 934 si,
2614 880 2669 924 ut
2699 872 2775 925 illi
2820 886 3114 941 nugantur,
3144 880 3383 947 synodus
3413 899 3501 935 νον

1916 960 2020 1014 ιυίι
2045 960 2263 1030 quidvis
2295 962 2442 1016 aliud
2477 964 2704 1016 omnino
2733 965 2987 1032 proferri,
3014 977 3159 1021 certe
3189 970 3241 1023 in
3262 972 3497 1038 seipsam

1916 1052 2067 1121 prior
2102 1052 2190 1105 illa
2230 1053 2354 1107 tulit
2393 1054 2754 1108 sententiam.
2792 1055 2913 1123 Ipsa
2964 1058 3108 1111 enim
3150 1060 3337 1114 deﬁnit
3383 1077 3503 1128 utne

1915 1145 2067 1196 nulla
2116 1142 2269 1208 prior
2313 1142 2643 1198 deﬁniverat
2686 1145 2927 1214 synodus
2968 1163 2983 1200 :
3018 1148 3288 1216 siquidem
3330 1152 3503 1219 ipsius

1917 1234 2244 1287 auctoritate
2278 1243 2495 1303 recepta
2542 1243 2625 1291 est
2667 1252 2765 1289 vox
2799 1237 2887 1291 illa
2914 1279 2928 1303 ,
2959 1238 3318 1310 liypostatica
3351 1246 3501 1305 unio,

1916 1322 1982 1377 de
2012 1340 2117 1392 qua
2147 1325 2335 1396 synodi
2391 1328 2729 1395 antiquiores
2777 1331 2852 1384 nil
2898 1344 3214 1387 sanxerant.
3262 1322 3410 1400 lQuin
3452 1349 3504 1391 et

1917 1414 2585 1486 Constantinopolitanum
2613 1432 2834 1473 centum
2863 1422 3257 1491 quinquaginta
3288 1440 3506 1481 saneto-

1918 1522 2036 1560 rum
2066 1505 2294 1562 Patrum
2331 1512 2623 1564 Concilium
2660 1527 2755 1579 pro
2798 1513 2915 1566 suis
2952 1515 3111 1583 nugis
3141 1513 3432 1584 rejiciuut;
3470 1537 3497 1569 ει

1915 1613 2023 1666 quo
2057 1598 2342 1669 profligata
2389 1604 2615 1657 haeresis
2647 1608 3086 1672 oppugnantium
3128 1605 3414 1675 Spiritum,
3445 1620 3498 1662 et

1916 1689 2119 1743 additis
2162 1690 2381 1745 Nicaeno
2410 1690 2669 1763 Symbolo
2708 1695 2890 1749 verbis
2944 1698 3011 1749 de
3048 1700 3222 1752 sancti
3268 1697 3506 1767 Spiritus

1920 1780 2228 1845 divinitate,
2261 1781 2393 1837 ﬁdes
2425 1795 2789 1854 congruenter
2820 1787 3086 1856 explicata
3122 1797 3227 1844 est.
3262 1790 3316 1844 Si
3357 1792 3503 1846 enim

1920 1872 2133 1940 priores
2183 1874 2375 1942 synodi
2412 1874 2663 1931 addendo
2707 1880 3195 1945 reprehensionem
3246 1882 3504 1953 fugiunt.

1920 1978 2026 2017 non
2069 1964 2269 2019 debent
2298 1969 2629 2036 posteriores
2664 1970 2717 2023 in
2755 1971 3026 2028 similibus
3051 1973 3395 2030 dissimiliter
3427 1977 3505 2031 vi—

1920 2058 2319 2125 tnperationem
2368 2060 2574 2114 subire.
2612 2062 2690 2115 Ita
2735 2064 3121 2131 desipientium
3170 2082 3326 2121 mens
3370 2083 3505 2123 con-

1920 2147 2098 2202 fundit
2131 2149 2312 2203 omnia
2350 2152 2740 2219 pervertitque.
2773 2148 2907 2206 Nam
2938 2154 3211 2222 Ephesium
3243 2140 3487 2227 synodus

1920 2238 2078 2293 [idem
2101 2238 2397 2303 diversam,
2425 2240 2580 2308 cujus
2607 2242 2860 2312 dogmata
2895 2241 3015 2299 ﬁdei
3043 2239 3278 2301 Nicena:
3306 2246 3505 2302 adver-

1921 2338 2131 2393 sentur,
2166 2330 2391 2383 omnino
2425 2329 2710 2398 prohibuit
2746 2349 2760 2387 :
2795 2330 2923 2388 dum
2967 2344 3148 2390 tamen
3178 2334 3381 2392 illibata
3415 2338 3504 2393 illa

1922 2430 2200 2485 servetur,
2236 2416 2360 2474 addi
2415 2432 2672 2490 poterunt
2712 2440 2833 2494 qua:
2880 2428 3099 2481 occasio
3129 2427 3336 2493 tulerit,
3365 2430 3508 2483 sicut

1922 2512 2148 2578 ipsamet
2196 2504 2403 2564 addidit
2444 2527 2457 2563 :
2504 2512 2607 2567 hoc
2647 2522 2701 2567 et
2756 2516 3018 2585 magistra
3074 2530 3259 2572 rerum
3311 2529 3507 2573 natura

1920 2600 2101 2663 docet,
2132 2612 2185 2656 et
2218 2603 2480 2658 Ecclesia:
2509 2620 2642 2659 usus
2669 2602 2825 2675 juxta
2879 2620 3197 2678 perpetuam
3254 2608 3510 2664 traditio-

1919 2707 2041 2745 nem
2076 2693 2387 2748 conlirmat.
2427 2694 2719 2775 Propterea
2758 2694 2841 2752 vir
2873 2697 3210 2780 admirabilis
3249 2698 3510 2772 Cyrillus.

1920 2785 2256 2839 meumenica
2296 2786 2506 2855 synodo
2545 2772 2788 2842 nondum
2826 2772 3123 2854 celebrata,
3160 2796 3511 2862 congregatis

1918 2876 2213 2945 provincia:
2246 2894 2359 2933 sua:
2388 2877 2689 2948 episcopis,
2715 2881 3104 2938 Alexandrinae
3141 2884 3263 2938 lidei
3288 2886 3511 2955 scripsit

1918 2970 2343 3037 expositionem,
2401 2986 2566 3039 quam
2626 2970 2880 3026 Nestorio
2918 2973 3085 3027 misit.
3139 2971 3202 3028 Et
3257 2974 3397 3028 infra
3456 2978 3512 3029 in

237 3061 342 3129 τῆς
377 3062 765 3130 οἰκουμενικῆς
811 3062 1281 3134 συγκροτηθείσης
1312 3067 1560 3133 συνόδου,
1591 3070 1717 3131 τοὺς
1756 3071 1813 3123 ὲν

1920 3059 2110 3113 eodem
2140 3060 2280 3114 libro
2317 3064 2480 3115 verba
2515 3061 2630 3115 haec
2668 3063 2847 3131 magni
2885 3060 3189 3131 Ephraemii
3232 3066 3510 3132 reperies:

238 3155 379 3222 αὐτῇ
410 3154 517 3204 τῶν
549 3153 742 3223 ἱερέων
770 3151 1003 3221 λογάδας
1029 3158 1057 3208 ὀ
1090 3156 1380 3221 Θεσπέσιος
1408 3159 1814 3230 ἀθροισάμενος

240 3244 537 3313 Κύριλ).ος,
600 3246 694 3298 καὶ
763 3246 946 3299 πίστιν
1000 3246 1324 3317 διαθέμενος
1381 3248 1680 3321 ἔγγραφον,
1743 3254 1820 3321 τῷ

237 3337 525 3407 Νεστορίῳ
579 3336 934 3407 διεπέμψατο.
973 3339 1079 3390 Καὶ
1133 3339 1275 3408 μετά
1326 3358 1445 3394 τινα
1499 3344 1560 3396 έν
1588 3348 1652 3415 τῇ
1681 3347 1819 3417 αὐτῇ

194 3428 416 3501 ⁸βξελῳ
459 3428 783 3497 Ἐφραιμίου
839 3428 935 3480 τοῦ
988 3430 1248 3497 Μεγάλου
1298 3431 1602 3487 καὶταῦτα
1652 3436 1820 3505 εὑρή-

240 3531 395 3580 οεις·
427 3518 599 3570 Πάλιν
631 3517 687 3569 δὲ
738 3518 1140 3587 ἐπηρεάζουσιν
1188 3521 1235 3572 oi
1280 3521 1554 3590 alpettxol
1605 3523 1706 3595 τὴν
1737 3543 1822 3578 τε·

236 3609 449 3675 τάρτην
477 3608 713 3671 σύνοδον,
748 3609 1025 3676 λέγοντες,
1062 3608 1137 3672 ὡς
1163 3610 1587 3681 ὲδεδογμάτιστο
1629 3616 1823 3685 μηδενὶ

240 3703 454 3764 ἐξεῖναι
509 3702 827 3769 προφέρειν,
858 3700 891 3771 ἦ
928 3702 1292 3771 συγγράφειν,
1334 3706 1365 3774 ἢ
1421 3700 1752 3771 συντιθέναι,
1785 3705 1819 3777 ἢ

237 3795 461 3860 φρονεῖν
486 3793 671 3844 πίστιν
701 3793 917 3861 ἑτέραν,
951 3794 1085 3863 παρ’
1118 3795 1187 3863 ἢν
1216 3794 1432 3861 ἐξέθετο
1474 3798 1613 3866 αὐτή
1638 3813 1651 3827 ·
1696 3798 1821 3851 καί·-

235 3901 321 3936 τοι
351 3884 417 3936 οὐ
448 3882 606 3936 τοῦτο
638 3885 669 3952 ὴ
702 3883 917 3947 σύνοδος
953 3884 1265 3954 διωρίσατο,
1304 3886 1409 3939 κάν
1441 3888 1820 3957 ἀναισχύντως

235 3977 386 4029 οὗτοι
413 3978 862 4044 καταψεύδωνται
892 3993 905 4008 ·
940 3976 1075 4030 ἀλλά
1108 3976 1205 4047 τὴν
1238 3976 1437 4043 πίστιν,
1474 3979 1540 4051 ἢν
1588 3981 1636 4032 οἱ
1664 3998 1821 4051 τρια-

235 4068 418 4121 κόσιοι
480 4068 609 4120 δέκα
669 4069 765 4119 καὶ
826 4065 972 4120 ὀκτὼ
1035 4069 1186 4135 ἇγιοι.
1247 4070 1487 4139 Πατέρες
1542 4071 1814 4137 ἐξέθεντο,

236 4159 463 4227 τιμῶσά
486 4177 543 4210 τε
572 4159 659 4211 καὶ
697 4159 1007 4222 θειάζουσα,
1044 4160 1192 4228 παρᾶ
1252 4160 1458 4229 ταύτην
1506 4162 1675 4232 ἔφησε
1714 4183 1818 4234 μη-

234 4252 351 4303 δενὶ
384 4250 587 4313 ἐξεῖναι
636 4252 931 4321 προφέρειν
962 4249 1157 4318 ἑτέραν
1212 4251 1415 4314 πίστιν,
1450 4253 1543 4303 καὶ
1590 4254 1657 4306 τά
1688 4254 1819 4306 ὑπό·

236 4344 429 4395 λοιπα.
457 4340 629 4409 Δῆλον
670 4342 724 4394 δέ
756 4343 903 4393 ἔστιν
941 4341 999 4405 ἐξ
1030 4342 1209 4394 αὐτῶν
1245 4343 1485 4410 μάλιστα
1517 4345 1626 4397 τῶν
1658 4362 1817 4399 συνο-

234 4526 437 4592 septi;
496 4524 663 4591 ἄλλης
738 4523 910 4575 δεῖται
989 4524 1345 4591 κατασκευῆς
1406 4525 1437 4593 ἢ
1506 4527 1819 4588 συστάσεως

234 4616 615 4683 ἑπιδειχθεῐσα
685 4616 717 4685 ἡ
792 4614 1204 4682 ἀλήθεια.’Καὶ
1265 4617 1363 4683 οὐχ
1426 4613 1595 4685 ὥρισε
1655 4618 1819 4684 μόνον

233 4708 419 4767 τοῦτο,
453 4706 653 4778 ἔπραξε
705 4707 761 4758 δὲ
818 4707 1024 4767 ἄλλως·
1084 4705 1201 4758 ἀλλ’
1258 4707 1331 4768 ὡς
1391 4706 1613 4776 ὥρισεν,
1674 4708 1817 4761 οὕτω

236 4802 519 4868 πανταχοῦ
548 4798 995 4868 διαπραττομέηιη
1028 4799 1378 4867 γνωρίζεται.
1411 4800 1518 4851 Καὶ
1548 4800 1655 4870 γάρ
1688 4800 1814 4863 τοὺς

233 4898 304 4962 τῇ
362 4890 615 4958 εύσεδεία
673 4890 1004 4959 προσιόντας
1052 4889 1154 4941 οὐκ
1201 4888 1328 4941 ἄλλο
1381 4887 1647 4956 σύμϐολον
1679 4888 1816 4940 ἀλλὰ

237 4985 353 5036 τῶν
393 4983 498 5051 τιη¹
532 4984 704 5049 ἁγίων
748 4982 1054 5033 ἐκδιδάσκει
1084 4979 1179 5032 καὶ
1207 4978 1561 5049 παραδίδωσι.
1597 4978 1817 5031 Γέλωτα

234 5076 295 5127 δὲ
331 5074 530 5142 μᾶλλον
560 5072 684 5125 καθ⁹
716 5071 925 5123 ἑαυτῶν
956 5071 988 5137 ἢ
1019 5068 1276 5131 διαόολὴν
1316 5070 1416 5133 τῆς
1461 5069 1679 5121 συνόδου
1717 5088 1817 5122 κα-

235 5165 525 5232 ταχέουσιν
555 5164 612 5213 ὲν
644 5156 723 5222 οἷς
761 5175 929 5243 φασιν
977 5157 1146 5227 αὐτὴν
1185 5156 1290 5209 ὑπὸ
1317 5155 1529 5208 πολλῶν
1558 5156 1815 5225 διασύρε-

234 5254 405 5305 σθαι·
462 5252 626 5303 πόσαι
676 5251 787 5319 γάρ
840 5248 940 5316 τῆς
997 5246 1218 5316 πρώτης
1269 5248 1365 5298 καὶ
1423 5247 1814 5315 οἰκουμενικῆς

233 5345 398 5411 ἀγίας
448 5343 669 5395 συνόδου
729 5344 989 5395 κατεῖπον
1022 5340 1231 5392 σύνοδοι
1280 5337 1456 5390 καίτοι
1508 5339 1813 5407 ἀρχιερέων

232 5438 390 5490 οὖσαι
425 5436 733 5504 πλήρωμα;
764 5433 875 5502 Τὴν
905 5433 960 5485 δὲ
992 5431 1099 5484 τῶν
1140 5436 1213 5500 ρν¹
1242 5430 1351 5483 οὐδ’
1377 5431 1423 5482 εί
1448 5430 1637 5497 γέγονε
1670 5429 1816 5491 τινὲς

234 5529 344 5581 τῶν
382 5528 697 5595 Αἰγυπτίων
733 5524 928 5578 ειδέναι
961 5523 1252 5591 ἠθέλησαν.
1300 5522 1441 5574 Ἀλλ’
1468 5523 1723 5589 ἐάσωμεν
1754 5520 1813 5572 τὸ

236 5624 559 5687 ἀλόγιστονο
603 5620 713 5672 τῶν
769 5620 878 5687 γὰρ
918 5617 1089 5685 ἁγίων
1144 5616 1403 5683 Πατέρων
1450 5614 1593 5668 οὕτω
1628 5614 1821 5665 διασα-

244 5719 516 5789 φούντων,
557 5718 653 5771 καὶ
700 5716 901 5789 λήρους
949 5712 1347 5783 ἀναισχύντους
1404 5713 1494 5764 καὶ
1530 5711 1850 5779 ἀλογίστους

1923 3146 2131 3201 Rursus
2175 3148 2419 3201 irzeretici
2471 3161 2718 3218 quartam
2767 3150 3041 3219 synodum
3092 3153 3514 3208 calumniantur

1923 3240 2169 3293 dicentes
2198 3239 2478 3294 decretum
2516 3240 2691 3296 fuisse
2722 3253 2849 3296 ante
2880 3242 3052 3309 illam,
3100 3260 3167 3297 ne
3200 3246 3287 3299 cui
3320 3244 3511 3299 liceret

1922 3330 2191 3399 proferre,
2222 3344 2316 3387 aut
2352 3333 2619 3397 scribere,
2648 3342 2741 3386 aut
2770 3350 3101 3404 componere
3128 3376 3144 3401 ,
3198 3345 3292 3390 aut
3327 3346 3512 3392 tenere

1923 3421 2086 3475 aliam
2122 3418 2304 3485 ﬁdem,
2335 3430 2534 3493 praeter
2562 3440 2679 3478 eam
2715 3442 2837 3495 qua:
2862 3436 2980 3480 erat
3012 3428 3256 3495 exposita
3285 3448 3299 3483 :
3336 3448 3514 3498 quau-

1922 3528 2081 3579 quam
2123 3512 2363 3582 synodus
2406 3530 2515 3567 non
2554 3513 2658 3569 hoc
2688 3515 3027 3578 decreverat,
3067 3516 3195 3571 licet
3226 3518 3514 3588 impuden—

1923 3610 2007 3654 ter
2054 3603 2155 3669 ipsi
2210 3604 2549 3658 mentiantur
2585 3622 2598 3659 :
2634 3607 2728 3659 sed
2767 3608 2926 3659 iidem
2963 3623 2993 3659 a
3024 3610 3284 3661 trecentis
3319 3610 3510 3665 decem

1923 3701 1975 3743 ct
2007 3701 2134 3744 octo
2164 3691 2421 3765 Patribus
2452 3696 2758 3762 expositam
2809 3710 3027 3751 summo
3084 3697 3137 3750 in
3176 3696 3386 3753 honore
3415 3700 3513 3753 ha-

1924 3784 2061 3839 bens
2092 3796 2454 3855 praeceperat,
2492 3803 2561 3840 ne
2598 3786 2684 3840 cui
2740 3784 2823 3840 fas
2871 3796 3015 3841 esset
3066 3785 3227 3843 aliam
3270 3791 3515 3859 proferre

1926 3877 2107 3941 ﬁdem,
2134 3886 2197 3932 et
2244 3893 2364 3946 quae
2397 3888 2731 3939 sequuntur.
2766 3876 2821 3930 ιιι
2855 3891 3001 3933 certe
3031 3897 3095 3934 ex
3144 3880 3279 3949 ipsis
3316 3880 3511 3953 synodi

1922 3966 2154 4020 vocibus
2183 3966 2424 4020 maxime
2463 3975 2715 4031 constat;
2763 3968 2966 4035 patebit
2994 3969 3137 4022 enim
3187 3971 3301 4036 ipsa
3335 3988 3430 4040 per
3456 3989 3515 4023 se.

1938 4059 2141 4111 veritas
2189 4059 2337 4111 nulla
2374 4058 2695 4127 probatione
2726 4048 3002 4127 indigens,
3032 4061 3076 4113 si
3120 4062 3293 4114 solum
3326 4078 3403 4117 ea:
3434 4066 3508 4116 leo

1922 4159 2143 4219 gantur.
2179 4149 2290 4203 Nec
2338 4150 2412 4202 ita
2457 4151 2679 4219 quidem
2709 4150 2971 4214 decrevit,
3008 4151 3153 4203 aliud
3189 4168 3317 4205 vero
3350 4155 3508 4214 fecit;

1922 4239 2017 4293 sed
2070 4240 2203 4292 illud
2257 4239 2461 4307 ubique
2510 4243 2787 4305 servavit,
2824 4243 2964 4310 quod
3015 4242 3082 4293 ah
3118 4259 3179 4294 ea
3230 4244 3450 4297 decrettt
3479 4265 3507 4295 ιι

1925 4333 2048 4385 l'uit.
2076 4330 2210 4384 Nam
2242 4332 2307 4384 ad
2333 4346 2514 4385 veram
2549 4334 2880 4387 accedentes
2904 4332 3224 4399 religionem
3266 4350 3374 4389 non
3403 4335 3510 4387 alio
3584 4390 3587 4393 _

233 4434 407 4486 δικῶν
438 4433 651 4499 φωνῶν,
680 4427 755 4485 ὧν
800 4433 896 4484 καὶ
944 4435 1121 4502 μόνων
1170 4434 1703 4505 ἀναγινωσκομένων
1733 4438 1816 4489 ού-

1930 4422 2210 4493 Symbolo.
2240 4440 2400 4492 quam
2437 4441 2465 4478 a
2498 4428 2760 4479 trecentis
2794 4430 2979 4479 decem
3018 4436 3070 4480 et
3097 4437 3221 4479 octo
3255 4422 3509 4482 l’atrihus

1929 4517 2101 4579 edito,
2139 4517 2397 4570 instituit.
2442 4518 2633 4572 Risum
2667 4533 2797 4572 vero
2851 4520 3032 4584 potius
3068 4519 3119 4571 in
3153 4534 3210 4572 se
3240 4531 3459 4573 movent
3489 4562 3503 4581 ,

1928 4625 2089 4679 quam
2128 4620 2321 4679 petunt
2350 4610 2643 4663 calumniis
2682 4610 2952 4681 synodum
2974 4652 2990 4676 ,
3023 4611 3151 4665 dum
3186 4612 3342 4665 aiunt
3373 4614 3511 4665 mul-

1934 4712 2017 4755 tos
2050 4702 2126 4755 illi
2157 4703 2488 4755 obtrectare.
2525 4699 2657 4755 Nam
2710 4704 2776 4756 de
2825 4701 3002 4772 prima
3056 4714 3245 4757 sancta
3277 4716 3330 4759 et
3360 4722 3511 4759 mcu-

1929 4792 2140 4845 menica
2182 4794 2391 4863 synodo
2428 4787 2565 4863 (μιὉὶ
2614 4794 2808 4865 synodi
2865 4795 3249 4859 detraxerunt,
3280 4812 3405 4849 cum
3454 4808 3506 4850 et

1926 4881 2059 4952 ipsae
2098 4895 2276 4939 coetus
2314 4894 2498 4938 essent
2543 4885 2971 4955 episcoporum?
3020 4887 3164 4951 Quid
3209 4887 3388 4942 dicam
3441 4889 3507 4941 de

1928 4977 2140 5045 synodo
2164 4987 2381 5030 centum
2420 4978 2817 5046 quinquaginta
2846 4979 3092 5043 Patrum,
3119 4980 3187 5035 de
3213 4997 3320 5051 qua
3343 4980 3505 5050 Λευ.

1928 5067 2025 5131 ptii
2062 5066 2310 5134 quidam,
2351 5082 2418 5119 ne
2458 5066 2505 5119 si
2543 5068 2681 5119 facta
2726 5069 2943 5134 quidem
2995 5070 3179 5132 fuerit,
3224 5072 3364 5123 scire
3405 5086 3501 5121 vo-

1919 5157 2165 5209 luerunt?
2190 5156 2291 5209 Sed
2314 5158 2480 5211 inissa
2506 5158 2769 5211 faciamus
2798 5160 3147 5213 deliramenta
3177 5173 3191 5211 :
3216 5160 3346 5212 Nam
3375 5174 3503 5212 san-

1919 5251 2023 5301 ctis
2059 5249 2313 5301 Pati-ibus
2356 5248 2425 5299 ita
2479 5252 2907 5316 exponentihus,
2945 5260 2995 5302 et
3027 5266 3200 5317 nugas
3235 5250 3346 5301 haec
3379 5266 3498 5302 esse

1922 5339 2267 5406 impudentes
2315 5339 2590 5407 verbaque
2656 5341 2831 5393 iutilia
2874 5325 3318 5401 afﬁrmantibus,
3369 5340 3498 5408 quid

1924 5448 2020 5483 no.~
2053 5432 2117 5480 ad
2154 5427 2495 5497 profert-lites
2520 5446 2581 5484 ea
2605 5431 2893 5484 dicamus?
2920 5430 3323 5484 llefcllanmsne
3355 5431 3499 5491 illos,

1924 5537 1989 5571 an
2022 5536 2151 5571 vero
2172 5520 2314 5573 dicta
2348 5521 2679 5587 probemus?
2707 5519 3008 5588 Utrumque
3043 5522 3346 5590 negaverit,
3377 5524 3502 5594 qui—

1921 5627 2136 5679 cunque
2179 5628 2289 5664 sine
2326 5614 2522 5665 mentis
2549 5621 2632 5663 est
2663 5624 2906 5678 Campos.

1907 5709 2076 5762 ταῦτα
2128 5707 2567 5776 ἀποφηναμένων
2626 5708 2735 5767 τοῖς
2798 5704 2864 5757 τὰ
2905 5705 3126 5761 τοιαῦτα
3195 5706 3498 5779 φθεγγομέο

3573 4536 3591 4631 ι

3583 4634 3599 4799 ἓ

3590 4814 3600 4883 2
