3982 6208
413 248 518 310 ἳθἹ

1327 241 1705 312 GREGORII
1741 243 2037 306 MAMMA!
2077 245 2182 306 CP.
2226 245 2731 311 PATRIARCl-i/E

3539 256 3647 321 204

412 367 477 419 Et
512 363 638 417 alibi
669 378 898 418 rursus:
937 364 992 416 Si
1024 363 1139 427 quis
1159 350 1298 415 vobis
1317 363 1749 432 euangelizarerit
1785 372 1953 430 prwte:

2079 365 2328 432 στερῤός
2351 365 2621 434 θεμέλιος
2649 365 2754 432 τῆς
2783 368 3040 433 πῖστεως
3067 367 3506 437 ἔστηκεν-ἔχων
3536 372 3649 438 τὴν

410 459 466 511 id
495 455 632 526 quod
647 457 950 525 'arrrpistis,
1009 456 1124 508 licet
1174 455 1390 524 angelus
1417 456 1478 509 de
1507 456 1654 522 caelo,
1689 457 1970 512 aunt/sema

407 550 476 602 sit
509 549 573 600 “.
610 547 812 600 Videtis
865 547 1182 615 prOphetice
1228 547 1436 602 dictum
1468 549 1600 602 illud
1636 567 1649 603 :
1696 549 1835 602 Licet
1872 566 1971 603 (ιιις

405 641 547 707 geltts
579 641 641 692 de
668 639 799 692 ctet'o
821 679 836 703 ,
875 654 940 692 ne
966 640 1090 708 quis
1121 639 1472 693 eminentiam
1507 655 1656 709 papa:
1687 641 1968 695 ohtendat.

405 732 468 784 Et
504 731 738 785 dilectus
795 730 1100 798 discipulus
1132 745 1146 782 :
1206 730 1266 784 Si
1311 731 1454 799 quis,
1497 732 1698 798 inquit,
1730 734 1867 786 venit
1900 735 1969 786 ad

337 840 342 846 ·
401 840 508 886 ros,
557 831 608 877 et
656 826 790 877 hanc
839 823 1134 903 doctrinam
1182 837 1283 874 non
1341 823 1518 890 aﬁ'ert,
1555 814 1714 877 nolite
1741 827 1969 893 recipere

399 932 514 968 eum
543 917 595 968 in
625 915 868 977 domum,
908 930 998 968 nec
1043 914 1150 966 Ave
1196 913 1242 966 ei
1274 913 1562 968 dixeritis:
1603 917 1692 986 qui
1726 918 1865 969 enim
1889 917 1970 969 di-

400 1011 467 1060 rit
523 1006 604 1060 illi
652 1007 755 1060 Ave
777 1044 792 1068 ,
827 1007 1180 1059 communicat
1208 1007 1449 1075 operibus
1474 1007 1587 1076 ejus
1619 1008 1867 1078 malignis
1897 1009 1964 1064 ".

2083 456 2384 524 σφραγῖδα
2433 458 2691 522 ταύτην.
2751 458 2860 509 Καὶ
2914 457 3149 527 ἀλλαχοῦ
3204 457 3401 511 πάλιν·
3456 461 3526 510 Et
3557 477 3647 526 τις

2078 547 2234 615 ὑμᾶς
2265 547 2702 616 εὐαγγελίζεται
2723 546 2857 611 παρ’
2878 546 2910 600 ὃ
2943 547 3328 615 παρελάϐετε,
3382 549 3496 603 κᾶν
3545 550 3646 617 ὀτ-

2077 641 2255 707 γελος
2285 639 2354 702 ἐξ
2383 638 2664 706 οὐρανοῦ,
2700 639 2967 707 ἀνάθεμα
3003 638 3177 693 ἔστω.
3221 640 3453 692 Βλέπετε
3512 657 3647 711 προ-

2077 732 2324 802 φητικῶς
2357 733 2438 796 τὸ,
2475 731 2594 787 κᾶν
2635 732 2890 801 ἄγγελος
2915 724 2982 796 ἐξ
3004 733 3288 799 οὐρανοῦ,
3321 733 3407 785 ἵνα
3450 736 3524 803 μή
3561 753 3643 798 τις

2073 825 2170 896 τὴν
2207 824 2483 894 ὑπεροχὴν
2509 823 2599 878 τοῦ
2627 825 2827 877 πάππα.
2871 823 3266 894 προϐάλληται.
3316 825 3423 877 Καὶ
3449 827 3478 876 ό
3508 827 3644 893 ἠγα-

2073 919 2318 988 πημένος
2357 919 2630 987 μαθητής·
2659 917 2731 970 Ef
2763 932 2854 982 τις
2889 916 3122 986 ἔρχεται
3153 917 3303 985 πρὸς
3333 917 3511 986 ὑμᾶς,
3541 918 3636 969 καὶ

2076 1010 2303 1076 ταύτην
2329 1008 2447 1077 τὴν
2469 1009 2729 1076 διδαχὴν
2775 1011 2847 1063 οὐ
2879 1007 3088 1078 φέρει(
3107 1010 3193 1075 εις
3217 1011 3412 1064 οὶκίαν·
3455 1009 3643 1063 αὐτὸν

400 1105 485 1174 μὴ
516 1103 872 1172 λαμϐάνετε,
905 1101 1004 1154 καί
1064 1103 1296 1171 χαίρειν
1338 1103 1500 1169 αὐτῷ
1537 1105 1624 1174 μὴ
1677 1105 1904 1174 λέγετε-ο
1942 1107 1976 1159 δ
2013 1105 2121 1175 γὰρ
2153 1108 2347 1174 λέγων
2398 1103 2558 1170 αὐτῷ
2645 1105 2876 1174 xat'pstr
2963 1104 3236 1160 κοινωνεῖ
3275 1103 3400 1170 τοῖς
3446 1103 3641 1172 ἔργοις

397 1215 433 1248 ιι
445 1195 583 1249 ὺτοῦ
614 1195 736 1259 τὸῖς
755 1193 1061 1260 πονηροῖς.

469 1292 602 1345 Cum
646 1291 760 1344 lucc
813 1292 965 1344 vobis
1017 1291 1127 1344 sint
1179 1305 1212 1344 a—
1268 1292 1477 1346 sanctis
1526 1294 1787 1362 apostolis
1831 1311 1970 1366 prrs-

408 1385 634 1454 scripta,
670 1391 810 1437 state
843 1382 894 1436 in
923 1383 1310 1438 traditionibus
1341 1398 1479 1451 quas
1509 1385 1819 1454 accepistis,
1852 1388 1968 1442 sive

401 1476 670 1545 scriptas,
702 1475 815 1529 sive
850 1488 959 1528 non
992 1474 1262 1543 scriptas;
1289 1489 1355 1530 ne
1387 1474 1756 1544 improborum
1780 1491 1967 1532 errore

401 1566 632 1620 traduCIi
663 1580 692 1619 a
724 1567 941 1635 prepria
981 1565 1251 1619 excidatis
1304 1565 1584 1619 ﬁrmitate.
1618 1567 1760 1621 Deus
1786 1575 1963 1621 autem

399 1658 495 1725 qui
521 1657 701 1712 omnia
732 1665 932 1726 potest,
957 1668 1009 1710 et
1040 1657 1174 1719 illis,
1203 1666 1261 1711 ut
1290 1673 1448 1712 sumn
1483 1670 1782 1729 agnoscant
1814 1675 1965 1713 crro-

398 1764 532 1814 rem,
593 1757 838 1819 praestet,
896 1757 948 1802 et
1000 1764 1099 1802 nos
1146 1748 1310 1803 veluti
1363 1765 1557 1819 purum
1599 1750 1966 1821 selectumque

397 1841 724 1896 frumentum
769 1843 835 1896 ah
864 1841 972 1896 illis
1024 1849 1284 1912 tanquam
1318 1843 1500 1912 pravis
1528 1827 1755 1897 zizaniis
1784 1857 1965 1897 secer-

398 1949 555 1997 nens,
592 1936 644 1988 in
679 1934 875 1989 horreo
903 1949 1001 1988 suo
1033 1940 1376 2002 reponendus
1409 1934 1626 2002 colligat
1663 1935 1713 1988 iu
1748 1935 1966 1990 Christo

398 2025 526 2080 Jesu
583 2025 813 2078 Domino
862 2033 1082 2089 nostro,
1118 2039 1277 2094 quem
1340 2024 1497 2078 decet
1552 2025 1731 2078 mnuis
1767 2025 1959 2096 gloria,

401 2118 598 2184 honor,
631 2126 682 2171 et
716 2116 984 2172 adoratio.

1098 2295 1299 2350 RESP.

469 2392 545 2445 Ad
572 2390 683 2444 haec
715 2403 868 2451 sane,
901 2402 1022 2457 quae
1051 2387 1140 2441 hic
1165 2388 1387 2457 profert,
1419 2389 1564 2446 nulla
1606 2401 1752 2445 esset
1786 2391 1965 2446 danda

393 2482 716 2551 responsio;
753 2495 872 2534 nam
905 2494 1007 2534 suo
1032 2479 1329 2548 morejacit
1352 2466 1403 2534 in
1437 2464 1549 2537 nos
1566 2483 1922 2536 contumelias
1943 2500 1962 2539 :

399 2584 579 2628 tamen
635 2572 881 2633 dicemus
932 2585 1128 2638 pauca.
1162 2570 1301 2635 Vox,
1356 2572 1872 2638 Consubstantialis,
1907 2584 1962 2631 et

391 2679 494 2720 vox
554 2663 800 2732 Deipara,
858 2671 911 2716 et
958 2675 1295 2732 quaecunque
1348 2667 1522 2719 sancti
1574 2667 1957 2732 explanarunt,

355 2764 358 2770 '
400 2773 508 2809 non
539 2762 667 2810 sunt
698 2754 764 2808 ab
807 2755 1069 2822 apostolis
1103 2755 1355 2824 explicite
1391 2755 1608 2812 tradita.
1640 2757 1750 2812 Nos
1779 2769 1956 2813 tamen

329 2867 334 2870 ·
391 2848 600 2910 omnia,
650 2861 771 2916 qua:
819 2845 1008 2900 Patres
1057 2847 1226 2899 nostri
1266 2847 1330 2901 de
1359 2847 1524 2902 rebus
1555 2848 1758 2903 divinis
1787 2847 1952 2902 locuti

393 2939 558 2993 latius
583 2938 964 3008 explicarunt,
1003 2947 1258 3006 tanquam
1301 2939 1630 3008 apostolicos
1662 2940 1954 3010 recipimus

2145 1297 2362 1350 Τούτων
2415 1297 2544 1367 ὑμῖν
2597 1297 2703 1349 ὑπὸ
2749 1295 2858 1350 τῶν
2906 1297 3080 1365 ἀγίων
3113 1295 3426 1350 ἀποστόλων
3454 1296 3642 1368 διωριο

2075 1391 2310 1460 σμένων,
2362 1391 2590 1457 στήκετε
2648 1388 2978 1457 κρατοῦντες
3029 1389 3126 1451 τὰς
3193 1389 3541 1456 παραδόσεις,
3573 1389 3640 1452 ἃς

2074 1481 2414 1552 παρελάϐετε
2446 1484 2544 1542 τάς
2577 1496 2635 1532 τε
2677 1480 2992 1548 ἐγγράφους
3042 1480 3136 1533 καὶ
3185 1480 3465 1550 ἀγράφους
3490 1499 3504 1514 ·
3552 1481 3638 1534 ἶνα

2077 1575 2151 1644 μὴ
2179 1576 2245 1644 τῇ
2275 1573 2383 1626 τῶν
2415 1557 2668 1641 ἀθέσμων
2697 1572 2873 1643 πλάνῃ
2909 1570 3348 1640 συναπαχθέντες
3371 1573 3636 1642 ἐκπέσητε

2072 1661 2168 1718 τοῦ
2207 1665 2339 1716 ίδίου
2393 1661 2720 1734 στηριγμοῦ.
2766 1663 2899 1724 Θεὸς
2948 1663 3004 1715 δὲ
3055 1666 3084 1716 ό
3117 1664 3295 1717 πάντα
3339 1663 3636 1734 δυνάμενος

2069 1753 2312 1816 ἐκείνους
2341 1772 2398 1807 τε
2435 1749 2728 1820 ἐπιγνῶναι
2779 1752 2878 1822 τὴν
2927 1753 3138 1806 οἰκείαν
3185 1755 3397 1824 πλάνην
3449 1767 3668 1823 παραο’

2071 1833 2374 1910 σκευάσειε,
2409 1844 2501 1898 καὶ
2534 1847 2680 1915 ἡμᾶς
2716 1845 2895 1898 αὐτῶν
2923 1843 3240 1908 ἀπαλλάξας
3273 1845 3348 1907 ὡς
3374 1845 3630 1914 πονηρῶν

2067 1935 2326 2000 ζιζανίων
2355 1931 2443 1990 οἷα
2471 1937 2712 2006 καθαρὸν
2742 1937 2836 1989 καὶ
2880 1935 3181 2007 εὔχρηστον
3210 1939 3357 1989 σῖτον
3402 1939 3482 1999 είς
3530 1939 3629 1999 τὰς

2067 2027 2269 2082 ἑαυτοῦ
2295 2029 2579 2098 ἀποθήκας
2631 2027 2913 2093 συνάξειεν
2943 2029 3000 2080 ὲν
3055 2027 3278 2098 Χριστῷ
3327 2027 3504 2095 Ἰησοῦ
3551 2026 3629 2095 τῷ

2065 2117 2452 2189 Κυρίῳὴμῶν,
2483 2111 2528 2186 ᾧ
2552 2117 2753 2188 πρέπει
2785 2119 2932 2172 πᾶσα
2976 2116 3124 2181 δόξα,
3145 2115 3280 2186 τιμὴ
3335 2116 3430 2170 καὶ
3461 2131 3628 2186 προσ-

2065 2208 2314 2280 κῦνησις.

2739 2298 2946 2352 ΑΠΟΛ.
3196 2313 3199 2317 ‘
3223 2341 3226 2343 .

2139 2390 2410 2458 Ἕδειμὲν
2458 2390 2606 2460 ἡμᾶς
2655 2390 2927 2460 μηδεμίαν
2985 2387 3284 2457 ἀπολογίαν
3312 2389 3518 2452 δοῦναι,
3569 2390 3631 2441 ἐν

2061 2471 2142 2539 οἷς
2163 2475 2398 2531 ἐνταῦθα
2418 2479 2717 2547 προφέρει·
2752 2477 3000 2548 συνήθως
3026 2480 3142 2548 γὰρ
3163 2461 3312 2532 ποιεί
3333 2480 3627 2548 προφέρων

2064 2566 2246 2637 ὕϐρεις
2279 2567 2401 2620 καθ’
2434 2568 2611 2638 ἡμῶν·
2633 2570 2782 2638 ὅμως
2813 2569 3052 2639 ἐροῦμεν
3075 2570 3250 2638 ὀλίγα.
3281 2571 3388 2623 Καὶ
3418 2571 3523 2640 γὰρ
3540 2568 3628 2635 τὸ,

2095 2659 2416 2727 Ομοούσιον,
2443 2661 2536 2712 καὶ
2567 2659 2628 2711 τὸ
2647 2698 2662 2722 ,
2695 2659 2978 2725 Θεοτόκος,
3012 2660 3107 2713 atati.
3135 2662 3234 2714 ὅσα
3261 2662 3310 2714 οί
3343 2660 3486 2729 ἀγιοι
3515 2661 3621 2712 διε-

2059 2751 2384 2818 τράνωσαν,ο
2409 2751 2598 2813 αὑταῖς
2625 2751 2835 2817 λέξεσιν
2859 2752 2906 2804 oi
2939 2752 3224 2807 ἀπόστολοι
3253 2753 3356 2806 οὐκ
3390 2753 3625 2822 εὐηγγε-

2059 2843 2297 2897 λίσαντο.
2334 2842 2475 2896 Ἀλλ’
2504 2844 2664 2914 ἡμεῖς
2695 2844 2792 2896 ὅσα
2817 2861 2876 2897 τε
2921 2844 2971 2897 οί
3001 2845 3244 2914 Πατέρες
3290 2843 3448 2913 ἡμῶν
3475 2844 3624 2897 ἐθιο-

2057 2935 2300 3003 λόγησαν
2328 2933 2423 2987 καὶ
2443 2933 2865 2998 ὲξ-ήπλωσαν,ὼς
2894 2935 3259 2998 ἀποστολικάς
3289 2936 3620 3004 παραδόσεις

390 3029 738 3084 traditiones.
777 3028 962 3095 Itaque
997 3028 1038 3082 si
1083 3029 1259 3083 sa‘ncti
1291 3030 1366 3084 illi
1392 3031 1568 3100 poenis
1601 3047 1696 3102 per
1729 3041 1952 3102 aposto-

2060 3024 2347 3078 καὶταῦτα
2377 3025 2710 3095 στέργομεν.
2751 3026 2812 3079 Ei
2852 3025 2947 3080 οῦν
2981 3027 3084 3080 ὑπὸ
3117 3028 3178 3080 τὸ
3208 3027 3485 3096 ἐπιτίμιον
3522 3025 3618 3080 τοῦ

337 3137 340 3142 ·
385 3123 496 3176 lum
558 3121 879 3175 constitutis
933 3129 1206 3183 tenentur,
1259 3132 1313 3178 et
1365 3138 1466 3178 nos
1521 3133 1786 3180 tenemur.
1825 3126 1954 3192 Quae

363 3228 547 3282 porro
572 3211 624 3266 in
662 3227 764 3267 nos
795 3211 1003 3282 profert
1030 3225 1091 3265 ex
1131 3212 1388 3282 Epistolis
1421 3217 1813 3285 apostolorum,
1845 3233 1952 3274 non

385 3304 593 3358 faciunt
625 3304 690 3357 ad
737 3319 876 3359 rem.
904 3302 1250 3359 Traditioncs
1282 3305 1428 3360 enim
1474 3309 1804 3376 apostolicas
1841 3318 1950 3364 tam

387 3399 621 3468 scriptas
680 3412 840 3468 quam
908 3412 1013 3451 non
1073 3395 1306 3466 scriptas
1353 3398 1696 3452 orationibus
1731 3400 1948 3455 illorum

388 3490 508 3544 fulti
547 3498 868 3544 constanter
901 3497 1182 3552 tenemus,
1217 3487 1504 3543 credentes
1537 3489 1591 3543 in
1623 3487 1948 3546 Trinitatem

387 3581 928 3644 consubstantialem,
963 3579 1704 3650 Deumqueincarnatum,ex
1735 3597 1953 3652 semper

382 3671 603 3742 Virgine
655 3669 747 3726 Dei
800 3672 1080 3728 Genitrice
1137 3680 1348 3726 natum.
1382 3670 1487 3726 Sed
1531 3673 1645 3728 haec
1672 3673 1813 3728 dicta
1840 3675 1949 3729 sint

374 3782 487 3822 non
540 3768 902 3822 contentiosae
953 3766 1343 3821 ostentationis
1371 3781 1544 3834 ergo;
1581 3763 1761 3837 neque
1800 3769 1950 3826 enim-

377 3859 546 3912 rixari
581 3866 632 3912 et
665 3856 998 3912 contendere
1027 3857 1300 3922 volumus,
1335 3857 1429 3912 sed
1465 3859 1748 3912 veritatem
1783 3872 1944 3912 seru.

378 3952 480 4004 tari
514 3950 653 4004 duce
681 3949 841 4004 nobis
869 3948 1130 4002 divinitus
1162 3949 1359 4001 tradita
1393 3948 1622 4003 scientia
1655 3959 1709 4004 et
1741 3948 1944 4003 doctri-

377 4058 445 4097 na
495 4054 812 4098 sanetorum
841 4079 858 4106 ,
886 4054 916 4094 a
952 4039 1154 4109 quibus
1189 4054 1346 4095 sacra
1374 4040 1629 4110 dogmata
1674 4042 1942 4111 explicata

375 4142 527 4197 sunt,
578 4149 684 4187 non
723 4132 828 4186 alia
870 4132 956 4186 via
989 4131 1315 4202 persuadere
1334 4133 1576 4187 volentes
1605 4131 1940 4199 hominibus,

340 4258 349 4270 .
376 4239 538 4294 quam
571 4239 655 4289 ea,
686 4237 806 4292 quae
834 4222 992 4277 nobis
1011 4222 1324 4290 perlumina
1360 4223 1612 4278 Ecclesia:
1641 4233 1805 4292 patet.
1843 4223 1943 4278 Te-

377 4319 477 4372 stis
507 4316 897 4385 cogitationum
962 4313 1244 4379 Dominus,
1271 4315 1360 4384 qui
1392 4315 1654 4370 rationem
1688 4315 1758 4371 ab
1792 4315 1937 4369 omni

380 4408 727 4463 mendacium
761 4405 1075 4475 proferente
1102 4415 1370 4474 reposcet.
1403 4405 1512 4460 Nos
1544 4409 1690 4460 enim
1729 4408 1935 4461 inimici

373 4501 523 4567 pacis
549 4514 671 4553 esse
705 4513 805 4552 nec
841 4499 1132 4552 habuimus
1159 4539 1172 4562 ,
1207 4513 1309 4552 nec
1345 4497 1671 4552 habebimus
1697 4511 1936 4567 unquam

370 4593 424 4646 in
463 4592 685 4656 animo;
722 4605 845 4644 nam
894 4590 936 4644 si
983 4585 1178 4660 pacem‘
1219 4589 1552 4654 amittamus,
1609 4594 1793 4645 hostes
1818 4592 1936 4645 illo-

372 4699 491 4736 rum
528 4683 754 4749 erimus,
791 4684 990 4752 quibus
1017 4697 1044 4735 a
1072 4681 1294 4737 Christo
1323 4669 1525 4734 dictum
1567 4689 1688 4735 est:
1717 4679 1940 4736 Paxvo-

372 4774 470 4837 bis,
493 4756 584 4826 sed
613 4772 748 4825 hanc
774 4781 957 4826 tenere
989 4770 1238 4826 volumus
1257 4771 1592 4838 ethptamus.
1616 4768 1814 4825 Potens
1843 4787 1938 4826 au-

371 4873 476 4916 tem
543 4873 626 4917 est
692 4863 829 4916 Deus
880 4877 1064 4932 pacem
1129 4863 1333 4918 donare
1366 4869 1418 4915 et
1468 4865 1793 4916 conﬁrmare
1842 4877 1937 4930 per

372 4948 678 5009 mirer-53m
717 4953 1011 5009 Ecclesium
1045 4969 1199 5008 suam
1231 4973 1242 5007 :
1281 4963 1338 5007 ut
1379 4967 1569 5008 omnes
1600 4954 1931 5008 unanimiter

374 5048 512 5100 --dcm
546 5047 850 5101 sentientes
880 5053 931 5099 ct
959 5046 1295 5114 proﬁtentes,
1327 5045 1546 5099 Christo
1571 5045 1701 5108 D‘eo,
1731 5046 1818 5102 cui
1853 5047 1932 5099 sic

371 5139 625 5203 placitum
657 5146 777 5200 est,
807 5138 1034 5206 gloriam
1069 5139 1400 5201 tribuamus,
1459 5137 1714 5206 quoniam
1750 5137 1928 5204 ipsum

369 5232 522 5284 decet
551 5230 723 5300 gloria
752 5230 803 5283 iu
836 5231 1059 5285 srecula.
1104 5229 1294 5284 Amen.

441 5513 485 5546 ⁸⁸
517 5515 692 5573 Galat.
729 5533 769 5586 ι,
796 5521 844 5577 8.
936 5522 1042 5576 ⁸⁵11
1069 5520 1226 5575 .loan.
1273 5538 1322 5586 χ,
1357 5521 1437 5574 Η.

2070 3118 2396 3171 Ἀποστόλου
2444 3118 2492 3171 οί
2517 3117 2691 3173 ταῦτα
2739 3119 3044 3189 ἐκθέμενος,
3097 3121 3192 3175 καὶ
3237 3123 3395 3192 ἡμεῖς
3429 3121 3618 3190 ἐσμεν.

2057 3209 2202 3262 Ὅσα
2231 3208 2287 3261 δὲ
2314 3210 2378 3261 ἐκ
2403 3209 2511 3262 τῶν
2536 3209 2912 3266 ἀποστολικῶν
2947 3211 3278 3266 Ἐπιστολῶν
3307 3212 3430 3266 καθ’
3463 3212 3620 3283 ἡμῶν

2053 3303 2342 3372 προφέρει,
2399 3303 2460 3354 οὐ
2519 3303 2889 3372 συμϐάλλουσι
2936 3304 3072 3375 πρὸς
3127 3307 3296 3376 ἡμᾶς.
3349 3307 3461 3371 Τὰς
3509 3308 3619 3376 γὰρ

2054 3394 2384 3462 παραδόσεις
2421 3394 2536 3446 τῶν
2564 3395 2901 3460 ἀποστόλων,
2945 3397 3042 3459 τάς
3065 3413 3124 3449 τε
3165 3398 3480 3467 ἐγγράφους
3519 3401 3617 3454 καὶ¹

2051 3484 2356 3553 ἀγράφους,
2385 3485 2503 3547 ταῖς
2528 3485 2714 3554 εὐχαῖς
2744 3485 2926 3540 αὐτῶν
2965 3486 3346 3558 στηριζόμενοι
3379 3487 3616 3558 βεεαίως

2052 3575 2377 3644 κατέχομεν,
2405 3576 2484 3638 είς
2514 3575 2729 3644 Τριάδα-
2776 3577 3128 3641 πιστεύοντες
3166 3579 3478 3648 ὁμοούσιον,
3515 3582 3611 3634 καὶ

2050 3665 2183 3718 Θεὸν
2215 3665 2636 3736 σεσαρκωμένον
2682 3667 2748 3719 ὲκ
2798 3667 2894 3737 τῆς
2945 3669 3307 3739 ἀειπαρθένου
3351 3670 3616 3724 Θεοτόκου

2048 3755 2399 3826 γεννηθέντα.
2440 3756 2604 3810 Ἀλλὰ
2625 3756 2796 3811 ταῦτα
2826 3758 2926 3825 μὲν
2954 3759 3170 3830 εἴρηται
3199 3761 3258 3814 οὗ
3290 3765 3432 3815 κατά
3463 3763 3617 3831 φιλόο

2050 3864 2230 3901 νεικον
2251 3847 2550 3915 ἀπόδειξιν,
2583 3848 2702 3902 οὐδὲ
2735 3850 2844 3919 γάρ
2867 3850 3168 3921 βουλόμεθα
3199 3853 3402 3922 ἐρίζειν
3430 3871 3488 3908 τε
3523 3857 3621 3910 καὶ

2048 3941 2394 4010 φιλονεικεῖν,
2427 3943 2562 3996 ἀλλά
2589 3945 2690 4014 τὴν
2719 3945 2979 4015 ἀλήθειαν
3001 3948 3228 4018 ἐρευνᾷν
3257 3949 3343 4004 διὰ
3369 3949 3465 4019 τῆς
3489 3951 3616 4019 ὁδη-

2047 4031 2251 4100 γούσης
2280 4035 2417 4102 ἡμῖν
2439 4033 2591 4104 παρά
2618 4035 2755 4088 Θεοῦ
2781 4035 3036 4102 γνώσεως
3068 4038 3162 4090 καὶ
3187 4037 3285 4105 τῆς
3311 4038 3418 4091 τῶν
3439 4038 3635 4106 ἀγῐων-

2044 4125 2417 4190 διδασκαλίας,
2449 4128 2643 4190 οἵτινες
2675 4128 2742 4204 τὰ
2784 4128 2900 4181 θεῖα
2945 4129 3192 4198 δόγματα
3223 4130 3608 4201 διετράνωσαν²

2044 4214 2146 4269 οὐκ
2173 4214 2346 4278 ἄλλως
2398 4214 2714 4285 βουλόμενοι
2752 4217 2963 4271 πείθειν
3013 4219 3392 4290 ἀνθρώπουςῆ
3439 4221 3513 4283 ὼς
3560 4223 3617 4275 οἱ

2044 4304 2147 4372 τῆς
2207 4305 2538 4375 Ἐκκλησίας
2581 4308 2868 4378 φωστῆρες
2911 4309 3248 4364 διδάσκουσι.
3301 4312 3528 4382 Μάρτυς
3583 4315 3612 4366 ὁ

2043 4396 2151 4448 τῶν
2174 4395 2396 4448 ἐννοιῶν
2443 4398 2743 4467 Δεσπότης,
2772 4399 2832 4463 ὃς
2882 4401 3178 4472 ἀπαιτήσει
3223 4402 3380 4469 λόγον
3430 4405 3610 4458 πάντα

2045 4486 2135 4540 τὸν
2163 4486 2429 4543 λαλοῦντα
2487 4490 2548 4543 τὸ
2593 4489 2811 4560 ψεῦδος.
2867 4492 2980 4544 Καὶ
3010 4492 3119 4564 γὰρ
3154 4493 3340 4564 ἐχθροὶ
3383 4495 3614 4564 εἰρήνης

2046 4576 2169 4631 οὕτε
2224 4580 2596 4650 ἠθελήσαμεν,
2631 4579 2758 4634 οὔτε
2790 4582 2918 4634 ποτὲ
2975 4581 3277 4654 θελήσομεν
3309 4583 3565 4653 γενέσθαι
3589 4602 3606 4618 ο

2044 4668 2138 4720 ἐὰν
2161 4668 2269 4740 γὰρ
2291 4670 2389 4738 τὴν
2413 4671 2638 4740 εἰρήνην
2658 4672 3036 4743 ἀπολέσωμεν,
3062 4673 3247 4744 ἐχθροί
3271 4675 3436 4743 ἐσμεν
3464 4675 3610 4728 ὲκεί-

2043 4779 2149 4813 νων
2179 4761 2286 4813 τῶν
2314 4762 2665 4817 ἀκουσάντων
2695 4764 2842 4834 παρὰ
2872 4765 3132 4836 Χριστοῦ·
3160 4768 3386 4836 Εἰρήνη
3420 4767 3566 4838 ὑμῖν
3590 4785 3606 4800 ·

2044 4850 2179 4903 ἀλλά
2203 4850 2409 4920 ταύτην
2443 4851 2668 4922 θέλομεν
2700 4856 2796 4906 καὶ
2819 4855 3090 4926 ποθοῦμεν
3140 4859 3416 4927 κατέχειν·
3441 4855 3607 4911 δυνα-

2043 4942 2132 5005 τὸς
2162 4943 2218 4996 δὲ
2248 4945 2274 4995 ό
2322 4941 2455 5005 Θεὸς
2503 4945 2726 5014 εἰρήνην
2770 4944 2953 5000 δοῦναι
2988 4947 3082 4999 καὶ⁸
3129 4949 3294 5016 πῆξαι
3318 4951 3413 5002 καὶ
3465 4947 3603 5017 βρα-

2039 5033 2231 5086 ϐεῦσαι
2257 5035 2313 5087 ὲν
2341 5023 2418 5104 τῷ
2442 5035 2770 5105 πληρώματι
2802 5039 2898 5104 τῆς
2930 5039 3097 5094 αὐτοῦ
3129 5038 3477 5109 Ἐκκλησίας,
3518 5039 3603 5094 ῐνα

2041 5127 2240 5188 πάντες
2265 5125 2608 5196 ὁμοθυμαδὸν
2626 5128 2762 5198 τὸὲν
2778 5129 3103 5199 φρονοῦντες
3133 5132 3226 5184 καὶ
3249 5131 3496 5196 λέγοντες
3527 5133 3605 5203 τῷ

2039 5219 2215 5280 οὓτως
2251 5217 2608 5271 εὐδοκήσαντι
2637 5221 2859 5292 Χριστῷ
2883 5221 2960 5293 τῷ
2997 5221 3113 5293 Θεῷ
3154 5223 3311 5290 δόξαν
3350 5225 3601 5294 ἀναπέμ-

2038 5310 2267 5379 ψωμενο
2319 5313 2402 5366 ὅτι
2455 5312 2605 5384 αὐτῷ
2654 5313 2852 5385 πρέπει
2898 5314 3024 5381 δόξα
3071 5317 3150 5380 είς
3195 5318 3320 5380 τοὺς
3376 5316 3605 5380 ultimae.-

2051 5403 2240 5472 Ἀμήν.
