3982 6208
360 271 460 337 ’Ξθῖ
997 255 1009 262 ’
1281 261 1655 326 GREGORII
1689 262 1990 324 MMIM/‘E
2031 264 2136 327 CP.
2177 263 2690 328 PATRIARCIIJ!

2269 151 2314 161 ον·
2341 148 2426 160 ..θ’

3485 265 3592 331 208

361 387 718 454 prxbeamus.
759 400 774 434 r
811 380 875 435 Et
896 379 1262 435 'ni’nilominus
1291 394 1411 444 uos,
1436 379 1691 439 Veritum,
1727 384 1777 428 et
1806 390 1924 428 mll-

2035 393 2164 445 μεν·
2197 380 2288 431 καὶ
2325 380 2487 432 πλέον
2535 379 2636 432 οῦκ
2687 376 2946 446 ἐθέλομεν
2977 375 3211 432 ἑκούειν.
3246 393 3266 427 ι
3304 375 3496 430 Καίτοι
3530 394 3593 446 γε

364 492 514 540 nere,
562 477 843 546 gratiaque
891 471 1104 526 Domini
1141 480 1192 523 et
1221 469 1533 522 Servatoris
1576 469 1751 522 nostri
1794 465 1922 520 .lesu

2034 471 2118 521 ἐπ’
2147 467 2413 540 ’ἀληθείας
2461 471 2554 523 καὶ
2615 469 2824 538 δωρεᾶς
2876 471 2969 521 καὶ
2997 468 3216 536 χάριτος
3248 467 3342 521 τοῦ
3385 468 3594 536 Κυρίου

363 567 565 624 Christi
595 575 645 621 et
672 566 787 629 Dei,
823 568 1108 637 paternum
1143 556 1335 630 dogma
1365 559 1530 614 rebus
1583 558 1634 611 in
1669 557 1924 612 omnibus

2036 563 2127 614 καὶ
2157 562 2404 632 Σωτῆρος
2435 561 2592 632 ἡμῶν
2636 559 2813 631 Ἰησοῦ
2863 560 2898 612 λ
2914 558 3098 629 ριστοῦ
3130 560 3221 611 καὶ
3242 558 3408 624 Θεοῦ,
3438 562 3596 630 ἡμεῖς

367 662 638 729 integrum
693 667 963 720 tenemus,
1000 664 1051 709 et
1098 665 1510 716 conscrvamns,
1534 657 1589 705 et
1619 663 1924 704 conserva-

370 757 572 819 bimus,
606 760 665 806 nt
699 751 1002 822 procedens
1025 747 1200 801 oratio
1219 743 1568 814 apertissime
1599 741 1921 795 declarabit.

293 870 324 933 γ
370 848 781 914 l‘roptereaque
819 839 1168 910 simplicibus
1213 836 1392 890 verbis
1437 835 1550 888 haec
1576 831 1924 902 exponimus,

371 939 654 992 industriis
681 976 696 1000 ,
727 943 780 988 et
809 934 1110 987 dictionum
1143 929 1304 999 plicis
1326 966 1341 991 ,
1379 924 1926 994 illisquerperobscu-

311 1013 314 1016 ’
371 1032 447 1084 ris
475 1025 797 1087 eliminatis,
853 1039 922 1076 ne
975 1035 1096 1090 quae
1122 1034 1151 1072 a
1183 1017 1338 1070 nobis
1368 1017 1646 1080 dicuntur,
1673 1021 1769 1066 aut
1798 1013 1928 1067 seri-

371 1119 577 1171 buntnr
608 1111 905 1182 perniciem
928 1108 1180 1172 aderant,
1215 1107 1268 1160 in
1310 1107 1414 1159 hoc
1437 1118 1658 1173 quoque
1687 1117 1930 1158 commu-

372 1221 495 1260 nem
558 1203 802 1256 omnium
864 1199 1154 1254 Dominum
1211 1212 1273 1251 ac
1315 1194 1632 1264 Magistrum
1666 1193 1929 1258 aemulati,

371 1299 641 1352 dicentem
665 1313 682 1351 :
707 1293 887 1349 Sermo
917 1303 963 1344 et
986 1288 1294 1363 praedicatio
1338 1303 1402 1340 ne
1430 1286 1497 1363 sit
1529 1285 1583 1337 in
1611 1284 1930 1350 persuasibi-

371 1385 507 1438 libus
559 1383 802 1434 humana:
853 1360 1126 1447 sapientior
1170 1375 1361 1438 rerbls,
1404 1360 1492 1427 sei!
1529 1373 1582 1428 in
1638 1372 1932 1425 ostensione

377 1477 608 1545 Spiritus
647 1485 696 1528 et
729 1472 967 1535 uirtutis,
1041 1479 1096 1524 ut
1152 1469 1280 1537 ﬁdes
1312 1477 1490 1520 nostra
1523 1481 1624 1518 non
1665 1466 1732 1518 sit
1763 1464 1814 1517 in
1846 1479 1934 1516 sa-

375 1569 572 1638 pientia
603 1567 868 1619 hominum
903 1603 917 1627 ,
949 1561 1039 1615 sed
1075 1563 1126 1614 in
1160 1561 1347 1612 virtute
1383 1558 1478 1610 Dei
1516 1557 1554 1608 ‘.
1589 1557 1932 1624 Quapropter

2036 653 2097 706 τὸ
2133 655 2359 723 πάτριον
2393 653 2570 722 δόγμα
2611 655 2668 705 ὲν
2705 654 2838 705 πᾶσι
2875 651 3174 722 τηροῦμεκν,
3202 649 3297 703 καὶ
3335 651 3598 720 φυλάττο-

2039 761 2159 813 μτν,
2213 744 2308 798 καὶ.
2359 743 2692 815 φυλάξομεν,
2734 743 2811 806 ὡς
2866 744 3077 812 προῖὼν
3138 743 3168 807 ὁ
3209 739 3364 807 λόγος
3412 757 3589 810 παρα-

2039 836 2224 904 στήσει
2261 835 2598 904 σαφὲστατα.
2640 834 2739 888 Διὰ
2781 833 2944 887 τοῦτο
2973 832 3069 886 καί
3101 833 3158 885 ὲν
3187 832 3466 891 ἁπλοῖκοῖς
3499 834 3595 902 ῥή-

2042 945 2174 998 μασι
2203 929 2382 982 ταῦτα
2409 926 2720 997 ἐκτίθεμεν,
2757 925 2894 998 μηδὲ
2921 909 3130 996 κομψὸν
3162 927 3317 995 ῥῆμα
3339 925 3600 987 τιθέντες,

2042 1020 2178 1088 μήτε
2233 1018 2439 1082 πλοκὰς
2485 1018 2688 1082 λέξεων
2718 1017 2799 1082 είς
2826 1017 2898 1071 τὰ
2930 1016 3113 1085 ἀσαφῆ
3187 1016 3284 1070 καὶ
3316 1014 3600 1085 δηλήματα

2001 1091 2178 1164 ἐἶναι
2213 1110 2281 1164 τὰ
2327 1110 2460 1180 παρ’
2500 1109 2658 1181 ἡμῶν
2699 1109 2997 1179 λεγόμενα,
3047 1108 3080 1179 ἦ
3128 1106 3471 1179 γραφόμενα,
3499 1105 3602 1158 κάν

2025 1203 2216 1272 ’τούτῳ
2241 1201 2332 1254 τὸν
2360 1200 2540 1254 κοινὸν
2574 1201 2905 1270 μιμούμενοι
2934 1197 3201 1266 δεσπότην
3230 1192 3324 1250 καὶ
3345 1195 3602 1250 διδάσκα-

2041 1293 2131 1345 λον
2159 1293 2461 1362 φάσκοντα,
2528 1291 2612 1347 ὅτι
2653 1291 2717 1366 '9
2748 1291 2932 1360 λόγος
2960 1288 3054 1343 καί
3085 1288 3152 1346 τὸ
3178 1287 3449 1356 κήρυγμὰ
3476 1303 3596 1355 μου

2040 1387 2152 1439 οὐκ
2181 1385 2251 1438 ἐν
2301 1383 2500 1440 πειθοῖ
2541 1383 2924 1452 ἀνθρωπίνης
2957 1382 3180 1450 σοφίας
3206 1381 3430 1448 λόγοις,
3456 1378 3596 1433 ἀλλ’

2039 1475 2109 1528 ἐν
2159 1474 2468 1538 ἀποδείξει
2516 1474 2856 1543 πνεύματος
2901 1472 3001 1526 καὶ
3053 1469 3383 1540 δυνάμεως,
3427 1470 3527 1523 ἵνα
3561 1470 3600 1534 ἡ

2045 1567 2250 1632 πίστις
2296 1565 2465 1636 ἡμῶν
2485 1566 2570 1636 μὴ
2595 1561 2636 1641 ᾖ
2664 1567 2732 1620 ἐν
2761 1565 2950 1635 σοφίᾳ
2983 1565 3325 1632 ἀνθρώπων,
3351 1563 3490 1618 ἀλλ’
3535 1562 3604 1616 ἐν

376 1674 478 1714 nos
517 1672 757 1727 quoque,
790 1655 938 1708 illius
960 1652 1263 1705 doctrinam
1291 1659 1602 1716 sequentes,
1629 1662 1748 1716 qua!
1782 1645 1930 1698 nobis

2043 1659 2291 1727 δυνάμει
2344 1659 2513 1715 Θεοῦ.
2562 1658 2653 1713 Διδ
2697 1659 2791 1712 καὶ
2823 1659 2985 1729 ἡμεῖς
3032 1657 3290 1725 ἑπόμενοι
3316 1657 3384 1726 τῇ
3411 1654 3602 1708 τούτου

375 1751 574 1804 tradita
598 1756 727 1802 sunt
753 1764 779 1800 a
808 1744 1010 1799 Christi
1047 1741 1286 1796 Ecclesia
1313 1741 1548 1795 dicimus
1596 1749 1647 1793 et
1673 1739 1930 1818 praedica—

2042 1752 2389 1824 διδασκαλίᾳ,
2411 1751 2480 1804 τὰ
2531 1751 2906 1822 παραδοθέντα
2937 1749 3068 1820 ἡμῖν
3091 1748 3199 1800 ἀπὸ
3232 1747 3330 1816 τῆς
3373 1746 3604 1814 Ἐκκλη-

379 1849 526 1907 inus,
556 1857 664 1894 non
692 1838 1039 1894 sermonibus
1068 1834 1312 1887 venustis
1339 1833 1625 1900 scitisque,
1657 1823 1833 1898 neque
1865 1828 1932 1881 ab

375 1933 614 1989 externis
642 1929 824 1999 petitis
862 1923 1428 1995 argumentationibus
1459 1962 1472 1986 ,
1507 1930 1565 1973 ιιι
1596 1920 1800 1974 dictum
1826 1927 1930 1982 est,

376 2031 470 2082 sed
496 2041 561 2079 ex
597 2023 818 2075 Patrum
847 2017 1070 2073 monitis
1094 2026 1146 2068 ct
1169 2015 1376 2082 scripto
1407 2013 1566 2066 nobis
1585 2010 1792 2086 tradita
1824 2017 1934 2060 tra-

373 2119 600 2181 ditione,
620 2116 780 2169 verba
808 2121 990 2166 nostra
1018 2110 1332 2178 scriptaque
1352 2105 1800 2172 cornprobanms,
1831 2098 1933 2155 Pa-

376 2223 630 2279 trumque
653 2217 968 2262 nostrorum
1004 2204 1058 2256 in
1089 2201 1346 2256 omnibus
1368 2197 1594 2268 testigia
1622 2195 1929 2264 sequimur,

374 2313 801 2373 sequemurque,
845 2309 1022 2363 neque
1066 2306 1305 2358 unquam
1346 2291 1506 2344 aliter
1550 2288 1934 2342 comminisce-

373 2411 499 2450 mur
533 2411 548 2446 :
581 2385 1039 2460 quemadmodum
1084 2394 1294 2434 sacram
1337 2388 1483 2432 tuam
1518 2388 1570 2432 et
1599 2377 1930 2444 imperialem

375 2488 612 2540 animam
651 2479 1110 2549 imaginamur,et
1135 2473 1436 2536 credimus,
1465 2482 1742 2536 nunquam
1775 2469 1934 2521 aliter

375 2592 433 2631 se
465 2576 793 2629 habituram.
1681 2610 1690 2620 .

441 2671 496 2722 5.
515 2666 702 2732 Neque
725 2669 947 2732 propter
968 2661 1031 2714 de
1059 2672 1195 2711 novo
1222 2655 1377 2710 statis
1400 2653 1732 2722 temporibus
1783 2667 1927 2721 quae-

373 2762 578 2812 stiones
601 2765 837 2816 exortas,
857 2758 909 2806 et
928 2748 1064 2803 male
1086 2745 1426 2814 opinantium
1485 2759 1618 2797 nova
1661 2758 1936 2797 commen-

376 2859 454 2912 ta,
479 2848 638 2902 ﬁdem
667 2845 829 2898 aliam
866 2850 1086 2897 sanctos
1115 2837 1306 2892 Patres
1336 2837 1386 2889 id
1409 2835 1506 2889 τονὶ
1538 2839 1588 2888 in
1607 2849 1778 2888 unum
1808 2848 1935 2886 coa-

2039 1845 2157 1908 σίας
2190 1843 2425 1912 Χριστοῦ
2454 1841 2685 1913 λέγομέν
2716 1854 2780 1895 τε
2816 1841 2913 1896 καὶ
2942 1836 3292 1912 κηρύττομεν
3322 1837 3385 1891 οὐ
3416 1837 3600 1907 λόγοις

2038 1920 2272 2006 mutor;
2317 1936 2410 1989 καὶ
2449 1935 2833 2004 συλλογισμοῖς
2863 1935 2928 1986 ὲκ
2975 1933 3082 1986 τῶν
3112 1931 3334 1996 ἔξωθεν,
3360 1929 3434 1992 ὡς
3465 1947 3598 1999 προ-

2037 2025 2313 2093 λέλεκται,
2343 2026 2459 2081 ἀλλ’
2516 2029 2579 2079 ἐκ
2629 2027 2731 2094 τῆς
2776 2025 2886 2080 τῶν
2935 2024 3194 2094 Πατέρων
3228 2022 3598 2084 διδασκαλίας,

2037 2119 2132 2172 καὶ
2166 2119 2262 2188 τῆς
2294 2118 2573 2190 ἐγγράφου
2608 2117 2766 2188 ἡμῶν
2793 2115 3145 2186 παραδόσεως
3176 2112 3499 2176 πιστοῦντες
3531 2113 3598 2165 τὰ

2036 2201 2168 2276 παρ’
2218 2207 2375 2278 ἡμῶν
2426 2205 2699 2276 λεγόμενά
2734 2222 2792 2257 τε
2828 2205 2923 2258 καὶ
2974 2203 3321 2274 γραφόμενα,
3355 2202 3449 2254 καὶ
3488 2203 3600 2263 τοῖς

2037 2299 2312 2368 Πατράσιν
2355 2298 2511 2368 ἡμῶν
2554 2299 2612 2352 ὲν
2659 2297 2863 2352 ἃπασιν
2909 2294 3308 2364 ἀκολουθοῦμεν
3353 2294 3446 2347 καὶ
3474 2294 3602 2347 dato-
3695 2355 3714 2373 .

2035 2391 2390 2460 λουθὴσομεν,
2409 2391 2504 2444 καὶ
2522 2389 2776 2444 οὐδέποτε
2805 2389 2980 2451 ἄλλως
3004 2388 3202 2458 ἕξομεν
3225 2401 3240 2416 ⁸
3262 2385 3455 2457 ὥσπερ
3476 2385 3595 2439 οὐδὲ

2035 2483 2134 2553 τὴν
2165 2484 2264 2553 σὴν
2291 2482 2442 2555 ίερὰν
2493 2481 2587 2536 καὶ
2617 2481 2902 2552 βασιλικὴν
2951 2479 3130 2550 ψυχὴν
3163 2477 3454 2548 ἐννοοῦμεν
3504 2477 3600 2534 καὶ

2036 2574 2365 2642 πιστεύομεν
2398 2573 2571 2636 ἄλλως
2593 2574 2734 2640 ἕξειν
2764 2572 3001 2641 πώποτε.

2107 2671 2180 2734 γ’.
2227 2666 2361 2719 Οὐδὲ
2408 2666 2497 2719 διὰ
2538 2665 2635 2728 τὰς
2663 2665 2998 2734 ἀναφυείσας
3029 2664 3173 2718 κατὰ
3207 2663 3399 2734 καιρὸν
3428 2663 3596 2731 Coti..-

2041 2774 2173 2822 σεις,
2201 2756 2428 2810 καὶτῶν
2468 2755 2776 2820 κακοδοξῶν
2826 2753 3189 2830 καινοφωνίας
3220 2753 3388 2821 ἄλλην
3419 2753 3600 2806 πίστιν

2036 2851 2160 2913 τοὺς
2189 2850 2374 2917 ἁγίους
2411 2849 2659 2918 Πατέρας
2688 2847 2918 2917 ἐροῦμεν
2933 2835 3060 2901 τοὺς
3079 2845 3220 2900 κατά
3249 2845 3438 2915 καιρὸν
3465 2861 3592 2896 συν-

372 2950 492 2996 ctos
519 2935 865 3008 propriorum
893 2935 1177 2986 verborum
1211 2943 1347 2982 nova
1366 2928 1680 2992 inductione
1703 2926 1930 2982 edidisse

2037 2940 2300 3010 αχθέντας
2353 2939 2707 3008 πεποιηκέναι
2753 2937 2844 2992 διὰ
2919 2937 3021 3008 τῆς
3076 2936 3458 3005 ἐπεισαγωγῆς
3488 2933 3595 2986 τῶν

373 3028 788 3090 aliirmabimus,
821 3033 880 3078 ut
909 3032 1130 3090 sanctus
1161 3019 1427 3074 Maxiinns
1468 3018 1640 3088 palam
1676 3018 1930 3086 explicat,

2035 3034 2254 3087 οἰκείων
2289 3033 2570 3103 ῥημάτων,
2605 3032 2678 3095 ὡς
2706 3033 2801 3086 καὶ
2829 3033 2857 3084 ὁ
2886 3031 3026 3094 θεῖος
3059 3029 3310 3098 Μάξιμος
3340 3027 3596 3094 διασαφεῖ

371 3139 492 3176 cum
546 3121 691 3175 hunc
734 3119 787 3171 in
823 3117 1040 3170 modum
1077 3112 1329 3167 edisserit
1361 3126 1376 3163 :
1408 3132 1425 3160 ι
1462 3109 1707 3178 Namque
1752 3111 1798 3164 si
1836 3124 1930 3178 pro

2037 3125 2210 3192 λέγων
2238 3123 2444 3185 οὕτως’
2479 3141 2498 3175 ι
2545 3123 2610 3177 El
2635 3123 2744 3192 γάρ
2774 3124 2889 3176 ἐστι
2929 3122 3138 3192 τάληθῆ
3167 3121 3309 3191 ὑπὲρ
3337 3120 3596 3191 ἀληθείας

369 3213 598 3267 veritate
637 3223 762 3263 vera
813 3202 1144 3261 enuntianda
1183 3211 1332 3265 sunt,
1368 3216 1557 3254 omnes
1592 3210 1710 3267 post
1757 3199 1930 3254 Niem-

370 3319 493 3358 nam
526 3301 789 3372 synodum
823 3311 852 3350 a
886 3299 992 3351 Deo
1019 3295 1176 3349 electi
1201 3293 1409 3355 Patres,
1445 3292 1818 3360 universa-que
1845 3305 1933 3361 sy-

371 3395 498 3451 nodi
525 3401 672 3449 recte
699 3387 1079 3448 sentientium,
1111 3392 1165 3438 ct
1189 3385 1476 3438 sanctitate
1501 3382 1793 3436 illustrium
1829 3379 1931 3434 Ρα-

370 3499 542 3548 trum,
568 3499 676 3538 non
703 3480 866 3534 aliam
899 3477 1020 3532 lidci
1040 3474 1415 3531 deﬁnitionem
1444 3472 1786 3542 propriorum
1809 3485 1931 3525 ver-

372 3580 561 3632 borum
585 3573 857 3628 additione
875 3582 1098 3640 prorsus
1117 3566 1635 3636 superinduxerunt,
1656 3562 1820 3617 veluti
1835 3575 1932 3616 vos

370 3667 601 3721 nimium
639 3675 922 3732 perperam
953 3658 1332 3727 obloquentes,
1365 3665 1419 3708 et
1460 3653 1620 3722 plane
1652 3651 1932 3706 insanien-

368 3770 452 3812 tes
499 3754 816 3817 decernitis,
849 3771 866 3802 ι
909 3758 963 3805 et
1010 3764 1131 3818 qua:
1173 3755 1497 3814 sequuntur,
1543 3758 1668 3812 qua:
1719 3752 1928 3809 tempo-

369 3867 430 3904 re
475 3855 784 3915 Opportune
806 3843 872 3896 ad
918 3841 1202 3893 veritatem
1253 3840 1494 3890 nostram
1535 3830 1929 3901 explanandam

371 3941 424 3994 in
459 3936 702 3992 medium
739 3932 1093 3986 adducemus.
1122 3927 1367 3996 Namque
1385 3939 1724 3994 unaqumque
1744 3931 1931 3979 sancta

369 4045 543 4100 atque
573 4026 910 4082 morinienica
940 4021 1178 4093 synodus
1209 4017 1603 4088 superaddidit,
1631 4015 1775 4086 quod
1808 4029 1932 4070 ver-

369 4123 450 4178 bis
482 4120 618 4191 ipsis
659 4117 802 4173 haud
831 4124 948 4169 erat
985 4115 1038 4166 in
1075 4126 1226 4168 sacra
1263 4110 1544 4178 Scriptura
1589 4106 1928 4176 explicitum,

367 4215 463 4270 sed
510 4213 597 4266 illa
644 4225 739 4266 sua
768 4207 1045 4262 additione
1089 4206 1248 4260 aliain
1298 4216 1598 4271 novamque
1641 4199 1799 4254 [idem
1833 4198 1932 4252 mi-

367 4307 514 4359 nime
545 4302 915 4363 concinnavit,
953 4298 1080 4352 licet
1118 4296 1358 4350 additum
1409 4292 1563 4347 nullo
1592 4294 1644 4345 in
1677 4291 1796 4345 loco
1835 4305 1930 4342 an-

2037 3220 2230 3281 είκτν,
2249 3215 2445 3279 πάντες
2477 3217 2527 3268 ot
2565 3215 2703 3285 μετὰ
2736 3215 2834 3286 τὴν
2883 3214 3136 3268 Νικαέων
3184 3213 3451 3284 θεύιιριτοι
3478 3214 3595 3266 Πα-

2034 3313 2212 3384 τΰρες.
2235 3312 2332 3365 καὶ
2356 3310 2505 3363 πᾶσα
2527 3308 2744 3370 σύνοδος
2759 3306 3057 3377 δρθοδόξων
3079 3307 3172 3356 καὶ
3191 3305 3364 3373 ἁγίων
3383 3303 3594 3373 ἀνδρῶν

2032 3405 2132 3459 οὐκ
2178 3403 2338 3459 ἄλλον
2383 3402 2620 3464 πίστεως
2668 3401 2794 3470 ὅρον
2820 3399 2907 3453 διὰ
2939 3398 3038 3466 τῆς
3073 3395 3456 3467 ἑπεισαγωγῆς
3487 3395 3596 3448 τῶν

2033 3497 2249 3549 οἰκείων
2283 3479 2548 3564 ῥημάτων
2591 3489 2872 3554 παντελῶς
2919 3489 3310 3557 ὲπεισήγαγον,
3337 3487 3412 3548 ὡς
3439 3487 3597 3555 ὑμεῖς

2035 3584 2402 3654 ἀποφαίνεσθε
2456 3585 2708 3638 πλεῖστον
2738 3579 3212 3653 παραληροῦντες,
3244 3579 3339 3634 καὶ
3365 3580 3428 3633 τὸ
3468 3579 3593 3631 ὅλον

2037 3679 2350 3748 μαινόμενοι
2375 3695 2388 3709 ·
2427 3696 2446 3730 ι
2490 3677 2588 3730 καὶ
2613 3676 2681 3730 τὰ
2707 3674 2834 3746 ἑξῆς
2878 3675 2935 3727 ὲν
2967 3672 3046 3744 τῷ
3073 3673 3410 3744 προσήκοντι
3441 3671 3593 3740 τόπῳ

2035 3771 2360 3840 ἐκθήσομεν,
2410 3769 2828 3840 διατρανοῠντες
2853 3765 2954 3836 τὴν
2988 3766 3246 3836 ἀλήθειαν
3275 3765 3450 3834 ἡμῶν.
3487 3766 3597 3819 Καὶ

2034 3864 2145 3933 γὰρ
2171 3863 2377 3930 ἑκάστη
2409 3860 2541 3928 ἁγία
2573 3858 2672 3913 καὶ
2718 3857 3075 3930 οίκουμενικὴ
3127 3856 3344 3920 σύνοδος
3394 3857 3566 3928 προσέ

2034 3953 2222 4022 θηκεν,
2252 3952 2282 4006 δ
2312 3952 2387 4023 μὴ
2415 3951 2595 4022 ῥητῶς
2627 3950 2954 4021 προσέκειτο
2981 3951 3049 4018 τῇ
3084 3948 3206 4020 θείᾳ
3238 3948 3450 4018 Γραφῇ,
3480 3947 3595 4000 ἀλλ’

2033 4043 2131 4096 οὐκ
2177 4041 2344 4108 ἀλλην
2389 4040 2570 4093 πίστιν
2605 4039 2876 4108 πεποίηκε
2925 4038 3010 4091 διὰ
3040 4039 3140 4108 τῆς
3165 4038 3547 4105 ὲπεισαγωγῆς
3574 4053 3590 4069 ο

2035 4135 2213 4188 καίτοι
2248 4149 2311 4201 γε
2338 4131 2433 4185 τοῦ
2455 4130 2850 4200 προστεθέντος
2874 4129 3116 4200 οὐδαμοῦ
3145 4111 3590 4202 προκηρυττομέ-

2035 4243 2126 4281 νου
2172 4225 2347 4287 ὄντος.
2396 4222 2603 4276 Αὐτίκα
2653 4223 2764 4293 γὰρ
2793 4219 2855 4275 τὸ
2903 4220 3250 4290 όμοούσιον,
3299 4218 3330 4272 δ
3365 4219 3504 4289 μήτε
3537 4219 3594 4270 ὲν

2033 4319 2099 4384 τῇ
2135 4316 2256 4385 ίερᾷ
2291 4315 2479 4386 Γραφῇ
2508 4313 2898 4382 εῦρισκόμενον
2924 4312 3183 4380 ὑπάρχει,
3218 4311 3357 4379 μήτε
3378 4311 3438 4362 ὲν
3471 4309 3594 4363 Ἐλ-

369 4408 453 4450 tea
489 4396 833 4450 enuntiatum
875 4399 1055 4454 esset;
1105 4399 1159 4457 et
1206 4396 1331 4442 ante
1373 4386 1554 4439 omnia
1595 4383 1925 4445 homousion,

2034 4383 2251 4479 ληνικήῇ,
2301 4383 2416 4460 ἀλλ’
2447 4383 2568 4458 οὐδὲ
2598 4406 2706 4458 τῶν
2754 4404 2929 4472 ἁγίων
2959 4403 3275 4457 ἀποστόλων
3307 4400 3464 4455 τοῦτο
3497 4402 3598 4472 pr,-

368 4489 482 4540 sive
506 4481 976 4540 consubstantiale,
1007 4494 1181 4548 neque
1206 4479 1261 4531 in
1298 4490 1456 4531 sacra
1488 4474 1795 4542 Scriptura,
1831 4487 1925 4526 ne-

368 4591 475 4645 que
515 4574 679 4628 etiam
734 4572 788 4624 in
839 4568 1124 4639 gentilium
1182 4565 1570 4628 monumentis,
1619 4564 1728 4616 imo
1773 4576 1871 4616 nec
1901 4576 1932 4614 a

366 4663 573 4716 sanctis
597 4659 857 4730 apostolis
887 4671 1144 4726 expresse
1167 4656 1425 4709 traditum
1450 4655 1561 4707 haec
1581 4652 1822 4722 synodus
1841 4650 1935 4704 ad-

367 4754 536 4819 didit;
570 4767 676 4804 non
725 4751 842 4803 ideo
882 4759 1061 4804 tamen
1093 4749 1235 4817 apud
1278 4761 1374 4800 eos
1402 4745 1488 4814 qui
1538 4744 1819 4798 veritatem
1844 4758 1934 4796 se-

369 4847 498 4901 dulo
544 4843 876 4913 exquirunt,
924 4839 1084 4894 aliam
1131 4839 1287 4893 [idem
1336 4835 1646 4892 condidisse
1689 4841 1933 4903 reputata

366 4951 468 4994 est.
500 4937 617 4992 Bion
649 4935 754 4990 alia
786 4933 995 4988 ratione
1021 4943 1076 4987 et
1100 4941 1287 4986 sancta
1316 4915 1654 4984 cecurri-enica
1687 4927 1925 4982 secunda

368 5029 611 5098 synodus
639 5026 1046 5084 sanctissimum
1067 5022 1327 5094 Spiritum
1354 5021 1520 5076 Deum
1541 5035 1662 5075 csse
1685 5027 1928 5089 pronun-

366 5126 539 5186 tiavit,
587 5133 642 5178 et
690 5134 839 5185 vere,
888 5115 1346 5187 quemadmodum
1381 5122 1435 5168 et
1485 5113 1659 5183 prima
1705 5113 1930 5166 homon-

366 5217 511 5268 sion.
531 5214 635 5268 Sed
664 5213 715 5267 id
739 5223 1010 5279 nusquam
1037 5210 1090 5261 in
1124 5205 1323 5261 divinis
1371 5203 1595 5258 Litteris
1623 5212 1760 5257 erat.
1792 5198 1930 5254 San-

365 5320 562 5374 etaque
596 5306 723 5359 item
773 5302 930 5356 tertia
968 5300 1210 5369 synodus
1242 5303 1451 5362 voCem,
1497 5294 1751 5364 Deipara.
1801 5292 1931 5357 Qua:

366 5397 549 5448 omnia
582 5389 862 5451 verissima
897 5402 1045 5459 sunt,
1077 5404 1252 5460 ecquo
1293 5388 1450 5442 modo
1479 5402 1540 5442 se
1569 5387 1789 5450 habent,
1822 5398 1930 5452 quo

370 5481 542 5538 sancti
565 5486 748 5540 divino
775 5485 980 5553 Spiritu
1010 5483 1211 5538 conciti
1241 5483 1621 5538 decreverunt.
1660 5479 1723 5532 Et
1758 5493 1928 5546 quar-

363 5581 420 5628 ta
451 5578 576 5628 item
616 5579 877 5644 synodus,
908 5577 1042 5632 duas
1072 5585 1298 5632 naturas
1340 5585 1392 5630 et
1429 5578 1682 5632 unionem
1725 5591 1927 5631 secun-

438 5713 455 5743 ⁸
488 5709 504 5764 Ι
537 5706 661 5764 Cor.
694 5708 824 5771 ",4.

2035 4500 2145 4562 τῶς
2177 4499 2468 4562 εἰπόντων,
2501 4498 2534 4565 ή
2569 4496 2788 4560 σύνοδος
2817 4495 2955 4564 αῦτη
2984 4495 3343 4567 προσέθηκεν,
3373 4495 3492 4548 ἀλλ’
3509 4495 3597 4548 οὐ·

2032 4591 2217 4659 δαμῶς
2247 4588 2506 4660 ἐνομίσθη
2540 4589 2692 4657 παρὰ
2732 4591 2846 4651 τοῖς
2897 4589 2996 4659 τὴν
3042 4574 3301 4658 ἀλήθειαν
3328 4586 3590 4656 ἐκζητοῦ-

2036 4697 2142 4744 σιν,
2197 4680 2390 4750 ἑτέραν
2448 4680 2630 4731 πίστιν
2681 4683 3067 4749 πεποιηκέναι.
3129 4679 3402 4742 Ὡσαύτως
3450 4679 3508 4732 δὲ
3559 4681 3592 4750 η

2037 4770 2170 4839 ἁγία
2204 4769 2558 4839 οίκουμενικὴ
2587 4768 2814 4838 δευτέρα
2844 4767 3060 4831 σύνοδος
3089 4768 3225 4821 Θεδν
3246 4770 3308 4821 τὸ
3327 4769 3592 4835 πανάγιον

2036 4859 2258 4929 Πνεῦμα
2288 4860 2536 4928 εἴρηκεν,
2571 4859 2664 4912 καὶ
2693 4858 2932 4928 ἀληθῶς,
2969 4858 3158 4929 ὥσπερ
3183 4858 3282 4912 καὶ
3305 4858 3368 4911 τδ
3397 4859 3591 4930 δμοού-
3649 4909 3652 4912 .

2037 4967 2171 5006 σιον.
2215 4949 2355 5001 Ἀλλ’
2379 4946 2620 5018 οὐδαμοῦ
2654 4951 2713 5001 ὲν
2741 4951 2811 5018 τῇ
2862 4949 3052 5018 Γραφῇ
3092 4949 3251 5002 τοῦτο
3281 4950 3588 5020 εὑρίσκετο.

1999 5041 2201 5110 ’Καὶὴ
2238 5041 2370 5109 ἁγία
2419 5039 2478 5092 δὲ
2531 5041 2691 5109 τρίτη
2751 5031 2990 5101 σύνοδο(
3015 5040 3095 5104 τὸ,
3130 5043 3438 5109 Θεοτόκος.
3487 5045 3594 5096 Καὶ

2037 5135 2257 5204 ἀληθῶς
2314 5133 2498 5203 ἔχουσι
2552 5131 2652 5202 μὲν
2705 5131 2897 5196 ταῦτα,
2937 5135 3034 5186 καὶ
3083 5132 3254 5196 οὕτως
3289 5134 3364 5196 ὡς
3421 5133 3515 5188 καὶ
3545 5139 3593 5187 οἱ

2037 5226 2181 5293 ἅγιοι
2231 5223 2749 5292 πνευματοκινήτως
2798 5223 3255 5294 ἐθεσμοθέτησαν.
3306 5227 3474 5297 Kcin
3510 5244 3595 5280 τε-

2038 5317 2210 5389 τάρτη
2239 5318 2313 5369 δὲ
2362 5315 2459 5377 τὰς
2490 5315 2584 5366 δύο
2619 5314 2831 5382 φύσεις,
2876 5317 2971 5370 καὶ
3019 5316 3116 5386 τὴν
3144 5317 3266 5370 καθ’
3302 5318 3596 5374 ὑπόστασιν

2036 5408 2251 5468 ἕνωσιν,
2281 5409 2378 5458 καὶ
2417 5407 2450 5474 ἡ
2486 5404 2710 5474 πέμπτη
2740 5405 2796 5457 δὲ
2825 5406 2891 5458 τὰ
2925 5407 3018 5458 δύο
3046 5407 3347 5478 θελήματα,
3371 5410 3464 5463 καὶ
3497 5411 3597 5465 ἕνα

2029 5499 2129 5551 ’τὸν
2176 5499 2418 5559 θέλοντα,
2455 5499 2548 5547 καὶ
2581 5499 2611 5565 ἡ
2647 5497 2781 5566 ἕκτη
2814 5497 2868 5549 δὲ
2904 5497 3000 5559 τὰς
3045 5498 3140 5550 δύο
3166 5499 3468 5570 ἐνεργείας,
3503 5502 3596 5556 καὶ

2042 5589 2136 5638 ἕνα
2174 5591 2264 5641 τὸν
2320 5586 2665 5657 ἐνεργοῦντα.
2719 5589 2853 5641 Ἀλλ’
2885 5590 3118 5661 οὐδαμοῦ
3144 5592 3397 5661 εὑρήσεις
3430 5592 3597 5668 ταῦτα
