3982 6208
329 345 438 405 ’215

1260 348 1642 413 GllEGORll
1676 351 1975 414 ΜΛΜΜᾸΞ
2001 348 2108 412 CP.
2151 349 2658 414 PATRIARCILE

3485 350 3594 415 216

405 459 455 508 Ἰ.
487 457 866 514 Verunnamen
905 457 1192 518 necessum
1224 480 1345 521 esse
1397 466 1578 530 video,
1605 477 1664 522 ut
1695 469 1746 523 id
1772 482 1912 538 quo-

2087 468 2148 533 ζ’.
2197 471 2336 524 Ἀλλ’
2365 470 2664 538 ἀναγκαῖόν
2707 470 2824 520 ⁴ἐστι
2874 470 2963 522 καὶ
3013 469 3216 537 μᾶλλον
3260 467 3463 529 δεῖξαι,
3507 467 3591 518 ὅτι

331 558 440 620 q‘ue
488 554 731 620 apertius
787 552 1253 624 demonstremus,
1300 575 1400 617 nos
1451 560 1634 616 divina
1703 568 1909 616 statuta

333 644 510 710 neque
563 641 962 711 contempsisse
1010 661 1190 714 neque
1245 663 1347 717 pro
1379 649 1554 706 nihilo
1581 649 1827 716 duxisse,
1851 661 1911 704 ut

333 717 434 801 qui;
456 742 728 788 terrarum
759 735 948 792 orbem
1003 740 1321 794 universum
1373 742 1602 812 scriptis
1646 743 1912 798 adversus

335 838 438 878 nos
471 823 636 879 editis
678 825 975 894 replevere,
1011 828 1115 882 hac
1141 829 1358 885 ratione
1390 841 1494 886 nos
1535 830 1911 895 dilfam‘antes,

335 915 869 985 ronuniscentesque
923 919 1109 972 Omnia
1169 921 1429 987 sollicite,
1465 923 1532 976 ad
1576 922 1784 979 Christi
1817 925 1914 978 Ec-

335 1006 560 1060 clesiam
612 1007 987 1075 dividendam,
1052 1011 1182 1066 licet
1246 1014 1490 1069 divinum
1544 1031 1608 1070 ac
1659 1026 1910 1072 sanctum

339 1097 552 1152 Patrem
615 1100 1072 1178 Chrysostomum
1126 1107 1179 1160 in
1255 1109 1604 1178 expositione
1662 1108 1915 1177 Epistula:

341 1190 482 1243 beati
514 1188 667 1245 Pauli
709 1194 775 1246 ad
828 1174 1093 1263 Ephesios
1116 1174 1388 1254 dicentem
1430 1200 1654 1254 audiant
1691 1218 1707 1256 :
1741 1220 1758 1253 ι
1796 1202 1912 1256 Non

340 1283 522 1335 minus
553 1281 753 1337 malum
783 1295 904 1341 c‘sse
932 1287 1234 1344 Ecclesium
1260 1290 1505 1347 dividere
1534 1309 1699 1363 quam
1724 1296 1775 1349 in
1799 1297 1912 1349 lue-

343 1373 506 1427 resim
529 1374 765 1441 prolabi.
791 1397 810 1429 ι
858 1378 923 1435 Et
954 1381 1008 1434 in
1041 1385 1230 1438 eadem
1252 1385 1497 1454 Epistola
1525 1387 1784 1442 idemmet
1811 1389 1915 1442 alia

343 1465 574 1520 llomilia
633 1467 942 1525 fateturu
1001 1471 1144 1530 Nihil
1207 1485 1422 1530 tantum
1486 1477 1656 1532 Deum
1709 1478 1913 1543 irritat,

339 1565 606 1624 quantum
643 1562 844 1618 divisio
873 1562 1151 1633 Ecclesiae,
1183 1575 1239 1622 et
1285 1569 1412 1625 lieet
1447 1572 1736 1625 innumera
1777 1572 1917 1626 bona

339 1649 708 1720 effecerimus,
741 1663 842 1711 nos
887 1656 982 1727 qui
1029 1657 1424 1734 plenitudinem
1461 1667 1518 1718 et
1542 1663 1915 1734 integritatem

339 1743 767 1818 ecclesiasticam
808 1748 1136 1819 scindimus,
1173 1768 1279 1807 non
1314 1733 1559 1812 minores
1587 1733 1784 1826 paruas
1821 1757 1914 1810 da-

341 1835 544 1901 bimus,
582 1855 747 1908 quam
799 1842 891 1912 qui
923 1857 1127 1914 corpus
1164 1845 1370 1904 Christi
1407 1849 1749 1922 discerpunt.
1804 1849 1916 1906 Hoc

341 1929 488 1984 enim
517 1929 570 1984 in
605 1931 893 1988 utilitatem
940 1935 1107 1991 totius
1133 1936 1282 1992 orbis
1334 1945 1615 2008 peractum
1659 1951 1765 2004 εει,
1793 1940 1921 1995 licet

346 2033 455 2074 non
493 2036 561 2074 co
611 2023 820 2086 animo,
859 2025 906 2080 si
963 2028 1232 2098 reprobos
1263 2029 1390 2085 illos
1426 2032 1757 2102 respexeris,
1789 2033 1918 2088 illud

341 2127 472 2164 vero
505 2114 634 2167 nulli
669 2118 958 2172 commodo
980 2128 1083 2183 est.
1110 2122 1240 2191 quin
1267 2123 1376 2177 imo
1395 2125 1690 2178 maximam
1719 2140 1918 2181 noxam

347 2204 526 2288 τισυινοι.
569 2205 694 2284 llaec
725 2221 855 2266 vero
891 2227 1000 2267 non
1041 2214 1105 2267 ad
1134 2213 1410 2284 principes
1428 2215 1716 2283 duntaxat,
1741 2217 1835 2274 sed
1854 2213 1921 2272 ad

346 2298 593 2354 ‘suhditos
647 2305 869 2371 quoque"
927 2303 1241 2359 edicuntur.
1287 2304 1384 2362 Vir
1445 2309 1667 2378 quidam
1698 2321 1923 2366 sanctus

346 2394 741 2462 pronuntiavit,
781 2397 930 2466 quod
982 2399 1262 2455 nonnullis
1295 2400 1582 2457 audaciam
1616 2418 1808 2471 sapere
1845 2405 1924 2458 vi-

349 2493 470 2539 sum
501 2492 584 2540 est
610 2526 625 2552 ,
662 2497 718 2542 at
753 2490 1138 2557 pronuntiavit
1197 2500 1406 2548 tamen.
1464 2488 1604 2560 Quid
1636 2494 1770 2549 illud
1804 2495 1926 2552 est?

348 2574 536 2645 Neque
567 2578 813 2647 martyrii
852 2585 1122 2654 sanguine
1161 2584 1340 2639 simile
1375 2585 1585 2641 facinus
1617 2586 1925 2642 oblitterari

353 2681 536 2736 posse.
567 2667 740 2730 Dicito
760 2670 905 2724 enim
941 2672 1098 2738 mihi,
1133 2689 1340 2741 quaeso,
1382 2691 1543 2745 quam
1577 2677 1648 2740 ob
1703 2677 1926 2734 causam

351 2761 617 2830 martyrio
643 2771 696 2818 te
715 2763 894 2818 dedis.
947 2764 1136 2822 Nonne
1164 2778 1389 2838 propter
1409 2770 1618 2827 Christi
1645 2771 1928 2857 gloriam

350 2855 472 2921 Quo
527 2856 713 2927 itaque
763 2858 926 2915 modo
950 2860 1256 2943 Ecclesiapi
1304 2863 1662 2934 deprmdaris,
1699 2881 1798 2936 pro
1819 2855 1926 2938 qua

349 2947 602 3006 Christus
642 2964 796 3008 suam
828 2954 1060 3025 projecit
1114 2955 1354 3011 animam
1389 2959 1412 3011 ἲ
1448 2978 1466 3010 ι
1518 2959 1584 3014 Et
1635 2961 1930 3033 Dionysius

349 3040 752 3102 Alexandrinus
806 3045 858 3098 in
893 3047 1139 3118 propriis
1172 3050 1484 3106 canonibus
1524 3053 1598 3106 ait
1635 3075 1644 3109 :
1687 3073 1705 3105 ι
1746 3053 1929 3120 Quod-

1953 1814 1995 1871 Β

2013 560 2133 612 οὐδὲ
2168 561 2277 613 τῶν
2313 560 2474 614 θείων
2539 561 2680 627 ὅρων
2718 560 3210 630 κατεφρονήσαμεν
3260 558 3292 627 ἢ
3339 557 3594 626 παρείδο-

2017 669 2136 722 μεν,
2174 653 2250 716 ὡς
2291 655 2342 705 οἱ
2379 652 2478 724 τὴν
2519 655 2850 723 οἰκουμένην
2889 652 3115 708 ἃπασαν
3154 648 3275 706 καθ’
3304 651 3464 720 ἡμῶν
3501 652 3596 720 ὲμ-

2020 742 2323 812 πλήσαντες
2356 747 2586 815 γραφῶν
2609 787 2624 811 ,
2658 746 2802 799 οὓτω
2833 745 3220 816 περισύροντες
3243 786 3256 808 ,
3294 745 3386 796 καὶ
3417 744 3596 798 πάντα

2018 836 2153 904 πρὸς
2182 837 2242 888 τὸ
2269 837 2502 907 διαιρεῖν
2531 839 2630 908 τὴν
2658 837 2753 890 τοῦ
2783 825 3026 907 Χριστοῦ
3060 836 3395 912 Ἐκκλησίαν
3423 837 3596 888 σπεύ-

1993 907 2217 990 δοντες,
2245 929 2398 997 φασί.
2431 907 2624 983 Καίτοι
2652 947 2715 997 γε
2742 930 2838 984 τοῦ
2871 930 3017 983 θείου
3048 910 3439 1001 Χρυσοστόμου
3502 928 3596 980 καὶ

2018 1020 2166 1086 ίεροῦ
2218 1021 2431 1088 Harp-3c;
2474 1020 2765 1085 ἀκούοντες
2808 1023 2865 1076 ὲν
2905 1025 2971 1093 τῇ
3020 1023 3279 1090 ἐξηγήσει
3315 1022 3414 1089 τῆς
3461 1022 3598 1088 πρὸς

2027 1109 2650 1180 ΞΕφεσίουςἙπιστολῆς
2669 1113 2763 1164 τοῦ
2801 1113 3074 1182 μακαρίου
3111 1113 3327 1164 Παύλου
3360 1112 3599 1178 φάσκον-

2016 1214 2144 1260 τος,
2186 1218 2205 1250 ι
2247 1199 2353 1250 Τοῦ
2389 1201 2468 1260 είς
2503 1201 2718 1268 αἵρεσιν
2749 1203 3014 1271 ἐμπεσεῖν
3043 1204 3106 1255 τὸ
3135 1202 3234 1272 τὴν
3268 1201 3599 1270 Ἐκκλησίαν

2021 1292 2201 1359 σχίσαι
2244 1291 2396 1345 οὐδὲν
2435 1293 2662 1348 ἔλαττον
2704 1295 2875 1348 κακὸν
2913 1295 3177 1356 δείκνυσι.
3223 1315 3241 1347 ι
3281 1294 3392 1348 Καὶ
3433 1297 3492 1346 ἐν
3530 1296 3597 1363 τῇ

2019 1383 2153 1454 αὐτῇ
2191 1384 2479 1456 Ἐπιστολῇ
2518 1387 2547 1440 δ
2581 1387 2744 1451 αὐτὸς
2807 1387 2960 1454 ἅγιος
2993 1389 3050 1440 ὲν
3089 1375 3245 1458 ¹ἆλλῃ
3269 1386 3456 1456 ὁμιλίᾳ
3488 1402 3600 1455 φη-

2021 1481 2126 1545 σὶν,
2160 1491 2178 1529 r‘
2213 1479 2382 1532 Οὐδὲν
2406 1477 2552 1533 οὕτω
2580 1480 2872 1550 παροξύνει
2897 1481 3052 1544 Θεὸν,
3080 1480 3154 1544 ὡς
3179 1479 3241 1531 τδ
3273 1477 3601 1548 Ἐκκλησίαν

2017 1571 2380 1642 διαιρεθῆναι,
2434 1573 2538 1626 κᾶν
2590 1573 2761 1643 μυρία
2810 1568 2963 1644 ὦμεν
3011 1572 3381 1642 ἐργασάμενοι
3432 1569 3599 1633 καλὰ,

2021 1665 2128 1716 τῶν
2161 1665 2224 1716 τὸ
2259 1665 2422 1734 σῶμα
2458 1665 2627 1722 αὐτοῦ
2661 1667 3030 1737 διατεμόντων
3064 1667 3162 1720 οὐκ
3197 1665 3460 1718 ἐλάττονα
3493 1663 3597 1716 δὼ-

2025 1773 2192 1825 σομεν
2221 1756 2378 1826 δίκην
2400 1798 2415 1824 ,
2448 1760 2496 1811 οί
2528 1759 2590 1812 τὺ
2641 1759 2921 1830 πλήρωμα
2954 1758 3387 1828 κατατέμνοντες
3418 1755 3480 1808 τδ
3511 1756 3603 1808 ἐκ·

2025 1849 2436 1919 κλησιαστικὸν.
2469 1852 2680 1906 Ἐκεῖνο
2707 1856 2808 1922 μὲν
2833 1853 2944 1922 γὰρ
2969 1853 3061 1906 ἐπὶ
3087 1851 3269 1921 κέρδει
3295 1851 3394 1919 τῆς
3421 1851 3602 1902 οἰκου-

2029 1941 2196 2010 μένης
2240 1943 2474 2011 ἐγίνετο,
2513 1945 2564 1996 εί
2611 1946 2705 2000 καὶ
2752 1944 2828 2017 μὴ
2873 1944 2981 1997 ἀπὸ
3022 1941 3263 2006 διανοίας
3301 1941 3557 2011 τοιαύτης
3585 1957 3600 1974 ⁸

2024 2034 2180 2087 τοῦτο
2211 2035 2268 2087 δὲ
2297 2036 2538 2106 οὐδαμοῦ
2565 2036 2627 2089 τὸ
2656 2037 2950 2109 χρήσιμον,
2978 2035 3116 2090 ἀλλὰ
3143 2034 3311 2105 πολλὴ
3341 2036 3373 2105 ἡ
3407 2034 3602 2104 βλάϐη.

2025 2127 2212 2182 Ταῦτά
2255 2145 2344 2198 μοι
2387 2129 2448 2181 οὗ
2494 2130 2632 2197 πρὸς
2674 2129 2800 2192 τοὺς
2844 2129 3111 2199 ἄρχοντας
3160 2128 3321 2197 μόνον
3365 2127 3608 2197 εἴρηται,

2028 2220 2164 2274 ἀλλὰ
2194 2222 2287 2274 καὶ
2318 2220 2455 2289 πρὸς
2482 2223 2607 2282 τοὺς
2637 2220 2997 2290 ἀρχομένους.
3030 2218 3197 2288 ’Λνὴρ
3227 2219 3284 2270 δέ
3313 2236 3397 2280 τις
3426 2217 3605 2284 ἅγιος.

2029 2313 2194 2383 φησὶν
2261 2307 2383 2364 εἶπέ
2413 2329 2466 2364 τι
2498 2311 2686 2366 δοκοῦν
2721 2313 3026 2382 τολμηρὸν,
3059 2313 3202 2382 πλὴν
3230 2312 3378 2380 ὅμως
3407 2307 3606 2378 ἐφθέγ-

2030 2404 2176 2468 ξατο.
2205 2406 2273 2459 Τί
2300 2406 2356 2457 δὲ
2382 2405 2542 2458 τοῦτό
2569 2406 2747 2470 ὲστινς
2779 2406 2913 2458 Οὐδὲ
2947 2407 3257 2477 μαρτυρίου
3285 2399 3423 2472 αἷμα
3451 2404 3610 2455 δύνα-

2027 2516 2117 2554 ται
2153 2499 2456 2567 ἐξαλείφειν
2488 2499 2588 2568 τὴν
2627 2497 2904 2570 ἁμαρτίαν
2939 2496 3169 2568 ταύτην.
3204 2497 3338 2549 Εἰπὲ
3371 2495 3478 2564 γάρ
3517 2511 3609 2564 μοι

2029 2591 2176 2653 τίνος
2207 2590 2398 2643 ἕνεκεν
2435 2593 2762 2660 μαρτυρεῖς;
2795 2590 2868 2643 Οὐ
2903 2589 2992 2642 διὰ
3023 2590 3124 2658 τὴν
3153 2587 3314 2652 δόξαν
3347 2587 3444 2641 τοῦ
3479 2588 3612 2656 Χρι-

2037 2683 2162 2736 στοῦ
2188 2700 2203 2749 ;
2234 2667 2359 2745 Πῶς
2393 2669 2723 2752 Ἐκκλησίαν
2755 2669 3005 2752 πορθεῖς,
3037 2682 3178 2752 ὑπὲρ
3208 2676 3276 2752 ἧς
3303 2680 3403 2751 τὴν
3429 2680 3610 2750 ψυχὴν

2035 2775 2320 2844 προήκατο
2364 2776 2391 2826 ὁ
2436 2775 2704 2843 Χριστός;
2759 2794 2778 2826 ι
2827 2774 2937 2828 Καὶ
2981 2774 3255 2837 Διονύσιος
3294 2775 3323 2827 ὁ
3361 2771 3612 2852 Ἀλεξαιν-

2032 2865 2216 2934 δρείας
2248 2866 2306 2917 ὲν
2336 2866 2448 2928 τοῖς
2486 2864 2636 2926 ίδίοις
2671 2865 2855 2916 κανόσι
2891 2867 3055 2936 φησίν
3081 2882 3094 2895 ·
3135 2883 3154 2915 ι
3190 2864 3336 2917 Ἔδει
3372 2861 3472 2931 μὲν
3500 2859 3618 2931 γὰρ

2035 2957 2131 3010 καὶ
2172 2956 2282 3009 πᾶν
2320 2954 2500 3010 ὁτιοῦν
2540 2957 2733 3010 παθεῖν
2781 2957 2920 3027 ὑπὲρ
2957 2955 3052 3012 τοῦ
3097 2951 3172 3028 μὴ
3214 2953 3472 3024 διακόψαι
3512 2953 3615 3022 τὴν

2046 3052 2378 3122 Ἐκκλησίαν
2418 3049 2514 3103 τοῦ
2559 3051 2717 3104 Θεοῦ.
2759 3050 2869 3104 Καὶ
2906 3046 2975 3120 ἦν
3014 3051 3116 3103 οὐκ
3157 3048 3474 3118 ἀδοξότερον
3512 3047 3614 3114 τῆς

352 3123 482 3191 libet
508 3129 852 3200 tolerandum
903 3139 1042 3202 erat.
1076 3158 1145 3200 ne
1175 3133 1269 3198 Dei
1319 3143 1566 3200 Ecclesia
1655 3146 1926 3202 discinde-

2035 3142 2222 3218 ἕνεκεν
2256 3142 2349 3196 τοῦ
2395 3141 2468 3212 μὴ
2523 3139 2987 3209 εἰδωλολατρῆσαι
3024 3135 3316 3207 γινομένης
3350 3137 3384 3204 ἠ
3423 3133 3615 3186 ἕνεκεν

358 3240 530 3294 retur,
574 3231 748 3299 neqiie
775 3233 956 3287 minus
979 3229 1278 3306 gloriosum
1313 3247 1433 3291 erat
1461 3239 1530 3292 ob
1577 3253 1685 3298 non
1722 3236 1930 3294 sacriﬁ-

351 3319 613 3388 candum,
642 3337 804 3390 quam
836 3323 905 3377 ob
933 3323 1038 3381 non
1067 3321 1418 3382 dividendam
1454 3314 1751 3386 Ecclesium
1785 3348 1932 3400 mar-

275 3406 283 3412 ’
352 3413 589 3483 tyrium:
623 3429 708 3468 me
730 3402 910 3469 autem
954 3412 1163 3481 judice,
1186 3429 1238 3472 et
1266 3415 1435 3474 mulo
1466 3421 1750 3477 illustrius.
1785 3441 1804 3476 ι
1831 3409 1935 3478 Vc-

352 3507 496 3571 ruin,
529 3505 678 3568 hisce
699 3511 1029 3578 postputatis
1055 3505 1445 3582 neglectisque,
1470 3513 1766 3570 obturbant
1796 3530 1935 3575 con-

354 3586 696 3668 funduntque
715 3609 767 3656 et
789 3601 841 3654 in
869 3602 973 3668 his,
1004 3603 1126 3658 etin
1151 3605 1379 3673 reliquis
1443 3606 1564 3661 aliis
1619 3606 1934 3676 regionibus

353 3705 566 3747 omnes.
609 3691 716 3769 Ego
755 3708 920 3762 porro
953 3710 1053 3764 pro
1075 3706 1226 3751 certo
1258 3697 1523 3752 confirmo
1545 3697 1935 3754 excelsissimae

355 3780 464 3837 tum
502 3782 796 3853 majestati,
831 3795 884 3840 et
933 3791 1219 3845 veritatem
1255 3791 1429 3859 ipsam
1463 3799 1658 3856 testor,
1701 3808 1786 3846 me
1813 3809 1937 3861 pro-

355 3871 684 3944 pensissimo
743 3879 928 3936 animo
993 3897 1152 3948 esse,
1210 3883 1548 3953 minimeque
1583 3883 1868 3948 reluctari,
1903 3901 1935 3941 e

357 3967 494 4024 solio
525 3963 891 4040 patriarchico
953 3974 1214 4030 dimoveri
1243 3993 1258 4030 :
1291 3992 1470 4046 neque
1497 3979 1646 4032 enim
1684 3994 1930 4048 unquam

356 4053 412 4114 in
442 4075 675 4118 mentem
708 4079 882 4120 meam
907 4064 1150 4129 venerat.
1183 4076 1490 4138 testemque
1512 4069 1719 4124 advoco
1741 4070 1932 4133 Deum,

354 4152 722 4221 patriarchatn
780 4154 1459 4229 Constantinopolitanum
1519 4160 1732 4224 creari,
1801 4163 1935 4231 quin

355 4241 468 4303 imo
511 4259 612 4302 nec
649 4256 778 4304 ante
838 4250 1056 4320 triginta
1087 4268 1263 4330 annos
1296 4254 1644 4324 episcopum,
1683 4253 1780 4308 sed
1816 4265 1936 4308 tan—

355 4345 638 4398 tummodo
692 4345 747 4399 in
801 4347 910 4401 vita
965 4350 1268 4406 monastica
1325 4331 1629 4406 immorari.
1685 4351 1934 4407 Debitum

356 4446 484 4487 vero
508 4449 595 4489 me
623 4447 926 4506 praegravat
946 4428 1370 4508 indeprecabile,
1393 4456 1502 4494 non
1523 4451 1735 4496 tantum
1760 4442 1938 4497 excelo

355 4527 586 4581 sissimac
615 4535 719 4582 tua:
751 4530 1048 4598 majestati.
1075 4540 1128 4584 et
1160 4534 1354 4587 anima:
1383 4549 1575 4598 sacrae,
1603 4535 1697 4590 sed
1737 4544 1792 4588 et
1824 4534 1936 4589 sin-

358 4615 504 4687 gulis
567 4618 906 4688 hominibus,
974 4620 1137 4693 prout
1197 4627 1340 4681 vires
1370 4634 1682 4696 suppetent,
1741 4627 1933 4682 isthaac

358 4706 656 4773 declarare,
689 4721 741 4765 et
782 4727 924 4767 nunc
956 4729 1020 4767 ex
1063 4722 1217 4780 parte
1243 4705 1467 4772 declaro
1492 4759 1506 4783 ,
1543 4729 1599 4771 et
1634 4717 1780 4786 quod
1816 4734 1934 4774 rur—

2037 3232 2128 3285 τοῦ
2165 3232 2239 3303 μὴ
2272 3232 2454 3302 σχίσαι
2488 3231 2787 3301 μαρτυρία.
2819 3229 2958 3282 Κατ’
2981 3229 3079 3298 ἐμὲ
3110 3226 3166 3280 δὲ
3197 3223 3294 3278 κάὶ
3327 3223 3549 3293 μείζων.
3591 3240 3610 3271 ι

2052 3317 2214 3380 ’Ᾱλλὰ
2240 3323 2412 3382 ταῦτα
2442 3325 2521 3385 είς
2549 3322 2703 3376 οὐδὲν
2730 3322 2947 3391 θέμενοι
2973 3317 3276 3374 διακυκῶσι
3329 3316 3421 3368 καὶ
3452 3317 3616 3368 ἔκτα-

2042 3418 2329 3488 ράττουσι,
2377 3419 2472 3471 καὶ
2513 3414 2924 3479 τοὺς-ἐνταῦθα
2966 3413 3063 3467 καὶ
3107 3411 3230 3474 τοὺς
3276 3406 3644 3476 ἁπανταχοῦ.-
3721 3431 3730 3436 -

2051 3505 2197 3576 Ἐγὼ
2231 3509 2286 3562 δὲ
2321 3506 2654 3577 πληροφορῶ
2789 3507 2854 3575 σῇ
2890 3503 3200 3574 ὑψηλοτάτη
3239 3499 3486 3571 βασιλείᾳ
3521 3495 3615 3549 ἐπὶ

2042 3603 2282 3672 μάρτυρι
2311 3595 2378 3672 τῇ
2410 3599 2659 3670 ἀληθείᾳ,
2689 3597 2748 3666 ἐξ
2777 3598 2906 3666 ὅλης
2935 3595 3036 3666 τῆς
3066 3589 3242 3666 ψυχῆς
3275 3591 3613 3661 ἀποδέχομαι

2041 3692 2274 3760 ἐξελθεῖν
2307 3693 2401 3746 τοῦ
2447 3692 2865 3764 πατριαρχείου.
2903 3691 3173 3744 Οὐδέποτε
3210 3688 3319 3758 γᾶρ
3354 3685 3522 3754 ἀνέϐη
3557 3683 3618 3736 τὸ

2041 3785 2281 3844 τοιοῦτον
2316 3789 2406 3841 ἐπὶ
2448 3787 2688 3858 μάρτυιρι
2721 3787 2798 3856 τῷ
2836 3784 3026 3854 Κυρίῳ
3057 3785 3136 3847 είς
3172 3783 3264 3835 τὸν
3297 3781 3429 3850 ἐμὸν
3464 3781 3615 3847 λογι-

2044 3878 2213 3950 σμὸν,
2248 3882 2308 3933 τὸ
2346 3879 2604 3948 γενέσθαι
2650 3896 2717 3949 με
2760 3880 3061 3932 ἐπίσκοπον
3095 3873 3614 3929 Κωνσταντινουπῆ-

2041 3975 2195 4038 λεως,
2229 3975 2344 4028 ἀλλ’
2368 3973 2489 4031 οὐδὲ
2525 3973 2630 4044 πρὸ
2657 3971 2955 4042 τριάκοντα
2986 3971 3216 4042 χρόνων,
3250 3969 3340 4024 ἵνα
3371 3967 3617 4036 γένωμαι

2042 4066 2365 4135 ἀρχιερεὺς,
2398 4063 2514 4120 ἀλλ’
2542 4067 2600 4118 ὲν
2636 4064 2784 4134 μόνῳ
2817 4066 3078 4136 ἐμμένειν
3113 4064 3186 4131 τῷ
3219 4063 3325 4115 τῶν
3359 4059 3618 4132 μονοτρό-

2043 4173 2161 4209 πων
2198 4157 2457 4227 σχήματι.
2497 4155 2670 4224 Χρέος
2716 4156 2772 4208 δὲ
2820 4155 2929 4226 ἔχω
2971 4153 3349 4224 ἀπαραίτητον
3385 4152 3524 4205 κατὰ
3559 4153 3620 4204 τὸ

2043 4253 2161 4304 ὲνόν
2195 4269 2285 4320 μοι
2314 4251 2655 4320 διασαφῆσαι
2685 4249 2748 4302 οὗ
2782 4249 2944 4322 μόνον
2973 4250 3040 4318 τῇ
3073 4251 3139 4318 σῇ
3173 4246 3486 4318 ὑψηλοτάτη
3521 4247 3622 4317 βα-

2045 4343 2220 4413 σιλεία
2265 4345 2358 4396 καὶ
2402 4343 2524 4412 ἱερᾷ
2568 4341 2740 4412 ψυχῇ,
2788 4342 2925 4396 ἀλλὰ
2971 4341 3064 4394 καὶ
3112 4343 3275 4394 παντὶ
3318 4339 3617 4409 ἀνθρώπῳ.

2045 4434 2159 4487 Νῦν
2191 4431 2284 4486 οὖν
2317 4433 2424 4486 ἀπὸ
2463 4423 2658 4502 μέροῦς
2696 4432 2979 4501 διασαφεῖ),
3017 4434 3113 4486 καὶ
3145 4433 3354 4492 ὂπὰλιν
3390 4431 3622 4485 ἐλλείπει

2047 4527 2124 4590 είς
2164 4525 2560 4594 ίκανοποίησιν,
2600 4525 2693 4576 καὶ
2727 4524 2906 4590 τοῦτο,
2940 4527 2988 4578 εί
3025 4525 3156 4589 Θεὸς
3193 4525 3425 4588 κελεύει,
3462 4529 3553 4579 καὶ
3589 4529 3621 4596 ή

2049 4621 2114 4690 σὴ
2151 4620 2394 4690 βασιλεία
2428 4619 2543 4688 ἔχει
2574 4619 2805 4687 θέλημα,
2837 4617 3106 4688 βασιλέων
3134 4620 3345 4689 ἄριστε,
3374 4621 3660 4712 ἀποπληοι

2048 4715 2313 4783 ρὼσομεν.

358 4818 455 4866 sus
507 4803 681 4860 deerit
730 4807 797 4861 ad
847 4811 1350 4881 complementum,
1404 4814 1537 4868 illud
1598 4827 1855 4884 quoque,
1890 4813 1936 4870 si
1979 4805 2121 4870 Deus
2148 4813 2385 4876 dederit,
2413 4824 2466 4868 et
2518 4825 2610 4867 tua
2666 4811 2924 4885 maiestas
2961 4813 3281 4884 injunxerit,
3332 4813 3622 4880 imperato-

355 4918 479 4960 rum
509 4905 736 4974 optime,
764 4908 1050 4976 supplebo.

427 4997 482 5053 8.
541 4997 923 5075 Necessarium
984 5020 1146 5075 porro
1209 5007 1374 5064 ducto
1430 5007 1596 5065 altius
1647 5010 1806 5063 initio
1869 5007 1939 5061 de

357 5073 596 5171 decretis
643 5102 698 5148 et
746 5073 1163 5154 deﬁnitionibus
1192 5101 1339 5165 lidei,
1365 5111 1628 5171 quantum
1665 5115 1759 5170 per
1796 5110 1926 5154 tem-

356 5195 462 5251 pus
485 5167 726 5251 licuerit,
751 5183 804 5240 in
829 5189 1084 5258 praesenti
1109 5190 1536 5254 Commentario,
1563 5191 1629 5246 ad
1653 5192 1935 5246 veritatem

359 5286 825 5342 manifestandam
859 5285 1066 5356 aliquid
1101 5285 1154 5339 in
1203 5285 1442 5339 medium
1475 5285 1689 5340 allerrc.
1722 5282 1934 5339 Etenim

365 5382 410 5433 si
444 5357 619 5436 semel
667 5381 944 5450 quispiam
977 5377 1536 5434 excommunicationi
1563 5378 1826 5433 subactus
1872 5376 1940 5431 ab

361 5466 644 5536 episcopo,
679 5469 919 5541 tympani
966 5468 1140 5524 instar
1195 5467 1535 5532 intumescit,
1571 5475 1630 5520 ut
1667 5468 1772 5521 hoc
1838 5481 1938 5520 nos

362 5565 478 5609 stro
520 5567 766 5625 tempore
791 5560 1051 5627 vidimus,
1087 5567 1140 5615 et
1171 5559 1423 5629 prmsulis
1449 5559 1798 5614 absolutionc
1821 5557 1939 5612 dis-

360 5647 616 5712 solvitur,
649 5660 702 5703 et
736 5650 792 5704 in
826 5652 1103 5718 pulverem
1137 5650 1363 5717 fatiscit,
1391 5651 1564 5705 multo
1613 5651 1787 5720 magis
1812 5664 1935 5705 cum

362 5743 534 5794 sancti
570 5739 761 5794 l’atres
789 5739 842 5791 in
875 5743 1235 5800 atcumenicis
1288 5744 1508 5816 synodis
1556 5744 1935 5804 cmivcnerint,

358 5833 414 5889 in
451 5832 669 5891 nomine
689 5832 898 5890 Cbtisti
941 5832 1253 5894 SCI‘l‘JIOI'iS
1282 5854 1380 5908 pro
1422 5840 1747 5906 vetttatc,ct
1775 5837 1936 5892 rectis

2119 5004 2189 5076 η’.
2228 5005 2366 5058 ’Δλλ⁹
2390 5005 2690 5073 ἀναγκαῖον
2719 4987 2961 5072 ἠγοῦμαι
2992 5002 3197 5055 ἄνωθέν
3227 5018 3284 5054 τε
3318 5002 3408 5052 καὶ
3440 4999 3499 5063 ἐξ
3526 4999 3596 5067 ἀρ

2048 5098 2149 5166 χῆς
2176 5099 2414 5150 ἐκθεῖναι
2439 5097 2500 5150 τὸ
2531 5097 2660 5169 περὶ
2683 5097 2792 5149 τῶν
2815 5097 2981 5166 ὅρων,
3006 5095 3240 5174 καθόσον
3265 5095 3503 5165 ἐγχωρεῖ
3529 5093 3622 5145 νῦν

2047 5193 2103 5243 ἐν
2127 5190 2204 5259 τῷ
2234 5192 2463 5260 παρόντι
2492 5191 2850 5259 ὑπομνήματι
2880 5193 2957 5253 είς
2989 5190 3225 5259 δήλωσιν
3251 5189 3527 5259 ἀληθείας.
3561 5188 3621 5239 Ei

2047 5283 2156 5351 γὰρ
2181 5283 2368 5344 ἁπλῶς
2394 5282 2701 5352 ἀφορισμὸν
2727 5282 3026 5335 ἐπισκόπου
3053 5281 3347 5350 δεξάμενός
3372 5299 3454 5343 τις
3480 5297 3622 5349 τυμ-

2045 5374 2245 5435 πανίας
2275 5374 2504 5442 ὁρᾶται,
2538 5371 2612 5436 ὡς
2645 5373 2736 5425 καὶ
2767 5372 2862 5425 νῦν
2896 5373 3141 5442 εἴδομεν,
3175 5372 3270 5424 καὶ
3300 5374 3366 5440 τῇ
3403 5388 3618 5438 συγχω-

2045 5467 2199 5537 ρήσει
2244 5466 2338 5520 τοῦ
2365 5466 2668 5534 ἀρχιερέως
2691 5463 2988 5529 διαλύεται,
3016 5464 3196 5533 πολλῷ
3224 5465 3426 5533 μᾶλλον
3451 5464 3624 5529 ἁγίων

2045 5561 2302 5627 Πατὲρων
2336 5560 2392 5612 ἐν
2428 5559 2837 5626 οἰκοῦμενικαίς
2881 5558 3121 5620 συνόδοις
3158 5558 3526 5610 συνελθόντων
3562 5558 3621 5611 ἐν

2043 5651 2270 5721 ὀνόματί
2314 5649 2407 5702 τοῦ
2454 5650 2705 5722 Σωτῆρος
2753 5648 2988 5717 Χριστοῦ
3035 5649 3176 5718 ὑπὲρ
3221 5649 3480 5716 ἀληθείας
3526 5648 3623 5701 καὶ

2050 5745 2156 5798 τῶν
2197 5743 2372 5812 ὀρθῶν
2405 5741 2727 5810 δογμάτων,
2768 5743 2859 5794 καὶ
2895 5742 2984 5794 τὸν
3020 5742 3253 5812 Χριστὸν
3291 5740 3523 5809 ἑχόντων
3565 5742 3620 5792 ὲν
3683 5784 3689 5790 .

2052 5839 2263 5899 ἑαυτοῖς
2301 5833 2586 5901 λαλοῦκτα,
2630 5834 2809 5898 καθὼς
2851 5835 3009 5899 αὑτός
3056 5850 3245 5905 φησιν,
3274 5834 3456 5887 Ὅπου
3501 5832 3620 5886 sint
