3982 6208
304 346 418 408 ΞΠ

1422 342 1463 405 Λ
1477 346 1522 405 D
1577 344 1659 406 1M
1672 345 1941 408 PERAT.

1995 341 2481 411 TRAPEZUNT.
3487 351 3593 418 213

312 468 688 540 συνηγμένοι
712 470 779 522 ἐν
808 468 887 534 τῷ
914 471 1157 538 ὀνόματι
1187 469 1377 523 αὐτοῦ
1398 470 1596 537 μέσον
1619 461 1771 521 εἶναι
1790 506 1803 526 ,
1831 466 1897 518 τὰ

2015 466 2133 521 lidei
2164 467 2531 536 dogmatibus,
2562 468 2844 523 Christum
2891 468 2947 523 in
3008 467 3318 538 semetipsis
3357 468 3594 537 loquen-

314 567 449 635 παρ’
477 565 708 616 ἐκείνων
752 564 1018 632 εἰρημένα
1068 562 1320 615 τοσοῦτον
1370 564 1483 632 ἔχει
1533 562 1594 614 τὸ
1645 561 1893 631 ἰσχυρὸν,

313 658 459 712 ὥστε
494 655 698 726 μηδένα
734 655 868 725 πρὸς
898 654 1070 709 ταῦτα
1100 654 1465 709 ἀντιϐλέπειν.
1509 654 1670 708 Ἀλλὰ
1699 656 1758 706 τὸ
1790 653 1898 707 κώ-

316 751 469 819 λυμα
518 748 620 816 τῆς
669 748 868 816 ἐτέρας
921 745 1160 809 πίστεως
1209 746 1319 798 ἀπὸ
1366 746 1475 798 τῶν
1524 744 1900 812 πανευφήμων

316 843 637 896 ἀποστόλων
681 842 853 893 ἐστίν.
893 840 1048 892 Ἐπεὶ
1094 838 1276 901 καθώς
1321 857 1453 908 φησι
1502 838 1735 899 Παῦλος,
1782 838 1901 891 Μία

317 935 545 998 πίστις,
580 929 666 997 εἷς
702 932 943 999 Κύριος.
982 931 1138 985 Ἐπεὶ
1170 927 1264 985 οὖν
1300 932 1397 1000 μία
1432 932 1632 995 πίστις,
1669 932 1702 999 ὴ
1736 929 1900 998 ἑτέρα

319 1032 540 1090 παντως
574 1027 817 1081 ἐναντία.
856 1028 917 1078 Εἰ
953 1028 1063 1096 γὰρ
1098 1026 1262 1096 ἑτέρα
1285 1065 1299 1089 ,
1334 1025 1392 1078 οὐ
1435 1024 1556 1094 μία.
1579 1004 1690 1077 Ἦν
1726 1024 1831 1093 γὰρ
1865 1023 1897 1092 ή

318 1125 481 1188 αὑτὴ,
511 1122 604 1173 καὶ
632 1120 753 1191 οὐχὶ
784 1115 965 1188 ἑτέρα.
998 1119 1058 1172 Ei
1085 1119 1139 1173 δὲ
1170 1120 1359 1187 ἑτέρα,
1382 1119 1534 1188 οὖχὴ
1567 1118 1728 1187 αὐτή.
1759 1116 1903 1170 Παῦ-

319 1218 407 1279 λος
440 1218 497 1269 δι
527 1219 557 1268 ὁ
591 1214 763 1283 μέγας
792 1213 1091 1274 ἀπόστολος
1122 1212 1405 1280 κηρύττει,
1439 1212 1510 1264 ΕΖ
1542 1228 1629 1275 τις
1658 1212 1902 1279 εὐαγγε-

318 1310 541 1370 λίζεται
577 1308 733 1363 ἄλλο
765 1307 903 1375 παρ’
928 1303 960 1359 ὃ
994 1304 1386 1373 παρελάϐετε,
1419 1302 1689 1371 ἀνάθεμα
1722 1302 1897 1357 ἔστω.

325 1400 433 1457 Καὶ
459 1400 740 1463 Διονύσιος
763 1399 821 1453 δὲ
848 1400 876 1450 ὁ
901 1398 1094 1451 τούτου
1126 1396 1390 1466 φοιτητὴς
1417 1395 1779 1463 ἀποφαίνεται
1806 1413 1903 1447 κα-

304 1497 478 1549 θόλου
510 1496 688 1563 λέγων
708 1536 721 1559 ,
760 1512 779 1547 ι
817 1482 893 1547 Οὐ
923 1492 1224 1562 τολμητέον
1253 1491 1431 1543 εἰπεῖν
1464 1491 1613 1561 παρὰ
1646 1488 1714 1542 τὰ
1747 1490 1903 1542 θειω-

320 1594 425 1656 δὼς
456 1592 589 1661 ἡμῖν
618 1592 749 1661 περὶ
773 1589 886 1643 τῶν
917 1589 1079 1643 θείων
1106 1585 1303 1653 λογίων
1331 1586 1751 1655 ὲκπεφαομένα,
1780 1583 1903 1638 οὔτε

318 1688 531 1751 εἰπεῖν,
556 1682 682 1737 οὗτε
713 1683 994 1752 ἐννοῆσαι.
1032 1701 1051 1735 ι
1093 1681 1255 1736 Ἀλλὰ
1285 1682 1457 1734 πᾶσαι
1486 1681 1540 1733 αἱ
1573 1679 1780 1733 σύνοδοι
1812 1678 1905 1731 καλ⁸

320 1781 485 1847 artat
520 1779 613 1830 καὶ
648 1773 793 1846 ἱεραὶ
825 1775 1153 1846 ὲξήπλωσαν
1189 1776 1279 1828 καὶ
1318 1774 1691 1843 διεσάφησαν,
1729 1772 1823 1825 καὶ
1855 1769 1905 1823 οἱ
1940 1811 1980 1865 Β

326 1876 371 1927 ιε
387 1876 474 1945 ρο).
523 1874 785 1943 Πατέρες,
828 1870 927 1925 καὶ
970 1870 1210 1939 οὐδαμοῦ
1252 1870 1439 1936 ἔδοξαν
1482 1870 1679 1937 ἑτέραν
1720 1867 1903 1919 πίστιν

325 1968 551 2037 ποιῆσαι
588 1965 677 2019 διὰ
711 1965 809 2033 τῆς
842 1965 1227 2032 διασαφήσεως
1270 1962 1361 2016 καὶ
1400 1960 1762 2027 ἔξαπλώσεως
1792 1959 1904 2012 τῶν

321 2062 488 2129 ιερῶν
517 2058 740 2127 λογίων.
780 2057 923 2110 Ἀλλ’
950 2056 1122 2124 ἴωμεν
1146 2057 1237 2108 ἐπὶ
1262 2055 1362 2124 τὴν
1386 2055 1662 2118 ἀπόδειξιν
1688 2054 1905 2107 ἀποδει-

318 2153 579 2215 κνύντες,
617 2149 695 2213 ὡς
729 2149 791 2203 οὐ
827 2149 1009 2213 καλῶς
1046 2148 1318 2215 λεγόντων
1352 2148 1463 2201 τῶν
1504 2148 1904 2214 καινοφωνούν-

318 2263 448 2309 των,
476 2244 562 2296 ὅτι
587 2244 717 2305 τοὺς
740 2245 900 2311 ὅρους
926 2242 1280 2310 παρείδομεν,
1307 2240 1577 2307 λεγόντων
1604 2239 1727 2293 καθ’
1749 2239 1905 2309 ἡμῶν

318 2340 540 2400 ἐκεῖνα,
577 2336 729 2404 ἅπερ
764 2335 824 2387 ού
864 2335 1023 2402 θέμις
1057 2334 1265 2401 λέγειν.
1304 2334 1413 2387 Καὶ
1452 2334 1559 2401 γὰρ
1598 2333 1657 2385 τὸ
1692 2333 1905 2402 όμοού-

318 2447 481 2495 σιον,
509 2429 687 2481 καὶτὸ
719 2428 858 2493 Θεὸς
886 2427 952 2479 τὸ
982 2427 1225 2495 Πνεῦμα
1251 2427 1314 2480 τὸ
1343 2426 1535 2495 ἅγιον,
1562 2427 1656 2479 καὶ
1682 2427 1743 2479 τὸ
1772 2429 1904 2481 Θεο-

322 2522 535 2587 τόκος,
575 2520 674 2574 καὶ
713 2518 827 2586 τὴν
867 2519 998 2573 καθ’
1024 2519 1378 2574 ὑπόστασιν
1414 2519 1637 2572 ἕνωσιν
1676 2520 1726 2572 οἱ
1771 2518 1905 2572 θεῑοι

320 2610 616 2665 ἀπόστολοι
648 2611 749 2663 οὐκ
776 2608 953 2676 εἷπον,
988 2610 1105 2663 ἀλλ’
1130 2610 1240 2663 οὐδ’
1264 2612 1366 2665 ὅσα
1394 2613 1442 2664 οἱ
1475 2612 1619 2679 ἆγιοι
1647 2610 1903 2679 διεσάφη-

324 2721 424 2757 σαν
453 2719 465 2731 ’
502 2702 618 2757 ἀλλ’
640 2703 701 2756 ού
728 2702 1017 2772 τολμηταὶ,
1045 2701 1156 2755 οὐδ’
1180 2701 1286 2754 ὑπὸ
1313 2702 1375 2754 τὸ
1404 2702 1652 2771 ἀνάθεμα
1683 2703 1906 2772 ἐκρίθη-

325 2814 447 2850 σαν.
476 2796 593 2849 Καὶ
612 2793 773 2847 τοῦτο
802 2793 948 2863 μάλα
972 2794 1152 2856 καλῶς
1180 2793 1475 2863 παρίστησι
1503 2795 1599 2846 καί
1626 2794 1658 2863 ἡ
1687 2792 1906 2855 σύνοδος

325 2891 357 2957 ή
394 2888 543 2941 κατὰ
581 2886 891 2941 ’Δκινδύνου
929 2886 1260 2955 συναχθεῖσα
1285 2926 1301 2950 ,
1337 2883 1718 2956 ἐγκαλουμένη
1756 2886 1906 2954 παρᾶ

324 2985 436 3037 τῶν
469 2982 871 3045 στασιαζόντων
893 3023 907 3043 ,
940 2981 1121 3041 καθὼς
1152 2981 1471 3049 περιέχεται
1504 2982 1563 3033 ἐν
1594 2977 1674 3050 τῷ
1709 2979 1871 3049 Τόμῳ
1891 3018 1907 3044 ,

327 3076 386 3131 οὗ
433 3078 468 3147 ἡ
512 3075 692 3147 ἀρχήο
742 3094 762 3127 ι
810 3071 953 3129 Οὔτε
997 3072 1138 3125 κατὰ
1178 3071 1277 3140 τὴν
1317 3072 1415 3139 τῆς
1448 3070 1772 3140 Ἐκκλησίας
1811 3071 1905 3124 τοῦ

2009 571 2119 614 tem
2160 560 2469 625 habentes,
2528 570 2591 615 ut
2671 561 2787 631 ipse
2825 560 3003 615 dicit:
3063 560 3161 615 Ubi
3208 571 3330 614 sunt
3377 577 3592 631 congre-

2002 654 2203 722 gatiin
2258 652 2466 707 nomine
2527 669 2682 718 meo,
2748 654 2800 706 in
2860 654 3032 707 medio
3118 670 3300 707 eorum
3358 668 3477 706 sum
3548 655 3588 715 ¹,

2000 760 2118 798 ca-n
2181 744 2417 799 decretis
2480 743 2597 799 suis
2652 744 2968 798 lirmitatean
3049 744 3342 805 tribuunt,
3379 750 3437 795 ut
3487 759 3586 797 nc-

2006 838 2134 891 mini
2178 835 2257 892 fas
2292 840 2364 891 sit
2394 851 2458 890 ex
2501 834 2733 892 adverso
2803 836 2857 889 in
2924 850 2989 890 ea
3043 837 3317 905 aspicere.
3388 835 3589 889 Prohi-

2004 932 2139 987 bitio
2165 930 2390 985 alterius
2417 930 2537 985 tidei
2562 944 2590 983 a
2608 924 3182 999 gloriosissimisipsis
3201 926 3461 995 apostolis
3484 934 3592 993 est,

2007 1022 2450 1093 quandoquidem
2509 1022 2714 1077 Paulus
2766 1020 2960 1076 scribit
3004 1037 3019 1075 :
3070 1016 3187 1073 Una
3252 1018 3407 1088 ﬁdes,
3455 1035 3589 1072 unus

2014 1117 2271 1171 Dominus
2328 1116 2372 1169 ¹.
2418 1115 2554 1168 Cum
2644 1114 2821 1186 igitur
2874 1129 2983 1168 una
3068 1114 3203 1168 lldes
3266 1121 3395 1177 est,
3467 1126 3593 1164 mo—

2003 1209 2090 1262 dis
2145 1208 2407 1261 omnibus
2461 1207 2567 1261 alia
2627 1206 2902 1261 contraria
2961 1207 3039 1261 illi
3106 1204 3272 1260 fuerit
3308 1223 3322 1260 :
3365 1219 3488 1258 nam
3543 1203 3588 1257 si

2006 1301 2111 1355 alia
2141 1309 2247 1366 est,
2275 1315 2384 1355 non
2414 1302 2603 1369 utique
2625 1314 2732 1355 una
2765 1306 2867 1356 est.
2907 1300 3068 1355 Esset
3096 1300 3248 1354 enim
3274 1298 3463 1353 eodem
3494 1336 3507 1359 ,
3536 1305 3590 1350 et
3626 1294 3633 1305 ’

1990 1410 2116 1467 διοο
2140 1393 2243 1449 alia
2273 1410 2290 1460 ;
2339 1393 2485 1463 quod
2513 1394 2558 1448 si
2587 1392 2695 1447 alia
2741 1403 2848 1459 est,
2882 1407 2988 1446 non
3020 1393 3211 1447 eadem
3242 1401 3347 1445 est.
3383 1388 3592 1443 Paulus

2008 1488 2135 1543 item
2196 1502 2427 1557 magnus
2492 1487 2779 1555 apostolus
2805 1487 3021 1541 intonat
3048 1502 3065 1541 :
3092 1484 3151 1540 Si
3179 1487 3298 1554 quis
3328 1482 3593 1553 evangeli-

2008 1592 2087 1638 κει
2150 1583 2297 1637 aliud
2355 1592 2548 1650 prazter
2614 1584 2668 1637 id
2725 1581 2868 1653 quod
2928 1580 3234 1650 accepistis,
3300 1577 3589 1633 anathema

2008 1676 2075 1730 sit
2109 1667 2152 1730 ’ζ
2185 1675 2249 1729 Et
2276 1674 2567 1745 Dionysius
2624 1675 2775 1730 illius
2815 1674 3123 1764 discipulus
3161 1671 3429 1734 decernit,
3476 1688 3493 1721 ι
3530 1670 3589 1723 In

2010 1768 2326 1825 universum
2359 1783 2467 1823 non
2519 1781 2643 1823 esse
2691 1768 2854 1823 nobis
2898 1766 3215 1821 audendum
3268 1771 3465 1833 praeter
3498 1775 3591 1823 ea,

2008 1878 2130 1933 quae
2183 1860 2447 1916 divinitus
2498 1859 2567 1915 de
2598 1859 2801 1914 divinis
2845 1858 3081 1927 eloquiis
3142 1856 3382 1911 revelata
3424 1834 3587 1917 sunt;

2008 1954 2216 2023 aliquid
2252 1955 2332 2009 vel
2382 1952 2627 2009 dictione
2682 1951 2963 2023 prosequi,
3027 1950 3115 2006 vel
3169 1954 3353 2004 mente
3404 1944 3593 2003 conci-

2008 2062 2158 2118 pere.
2200 2066 2218 2100 ι
2275 2048 2380 2103 Sed
2408 2047 2680 2101 universa:
2731 2046 2927 2117 synodi
2970 2051 3366 2107 sacrosanctae,
3408 2050 3464 2094 et
3494 2037 3593 2092 Pa-

2010 2148 2123 2195 tres
2156 2154 2243 2194 res
2281 2138 2497 2194 divinas
2548 2137 2942 2199 extenderunt,
2980 2143 3037 2188 et
3097 2132 3480 2195 declararunt,
3534 2136 3592 2184 et

2010 2242 2189 2287 tamen
2224 2231 2372 2286 mllio
2404 2232 2456 2284 in
2492 2229 2880 2297 loco1eputati
2933 2234 3341 2295 sunt,.propter
3368 2231 3592 2277 sancto-

2009 2342 2129 2380 rum
2183 2323 2928 2395 eloquiormnextensionem
2987 2329 3044 2375 et
3107 2316 3588 2381 declarationem,

2010 2420 2172 2473 aliam
2224 2416 2387 2472 ﬁdem
2441 2416 2845 2485 composuisse.
2904 2412 3269 2483 Pmperemus
3303 2409 3369 2463 ad
3410 2409 3588 2477 ipsam

2008 2510 2556 2574 demonstrationem,
2576 2522 2682 2577 qua
2710 2508 2885 2576 palam
2905 2504 3163 2560 omnibus
3184 2504 3297 2566 liet,
3323 2516 3425 2556 non
3445 2507 3592 2554 recte

2011 2605 2185 2675 loqui,
2222 2603 2315 2673 qui
2368 2601 2607 2659 inaniter
2653 2599 3031 2655 vociferantur
3058 2639 3073 2663 ,
3117 2604 3455 2658 asserentes,
3491 2607 3591 2648 nos

2010 2699 2232 2753 decreta
2265 2697 2487 2752 Patrum
2513 2693 2934 2763 contempsisse,
2972 2691 3461 2759 obloquunturque
3493 2685 3591 2739 ad-

2010 2807 2205 2848 versus
2237 2806 2358 2854 nos,
2396 2804 2519 2860 quae
2551 2787 2707 2842 nefas
2739 2798 2822 2842 est
2845 2786 3050 2841 dicere.
3091 2783 3308 2838 Etenim
3350 2780 3591 2834 Homon-

2011 2888 2224 2951 sion,et
2262 2884 2427 2938 Deum
2487 2882 2747 2952 Spiritum
2805 2889 3072 2941 sanctum,
3100 2887 3149 2931 et
3211 2876 3591 2942 Deiparam,u
3684 2874 3685 2877 “

2011 2978 2298 3034 secundum
2333 2974 2653 3045 (typostasim
2687 2972 2960 3035 unionem,
3012 2983 3191 3036 neque
3250 2966 3415 3019 divini
3447 2966 3594 3031 Apo-

1978 3068 2571 3129 ~stolienuntiarunt,
2631 3078 2808 3131 neque
2864 3061 3056 3114 Patres
3112 3056 3448 3112 sanctissimi
3502 3072 3533 3123 p
3570 3066 3597 3108 r

327 3146 512 3226 κοινοῦ
539 3146 801 3237 πολεμίου
827 3168 1041 3233 ἀγνοεῖν
1060 3164 1270 3218 οὐδένα.
1307 3182 1324 3214 ι
1353 3162 1510 3217 Μετὰ
1538 3163 1708 3215 πολλά
1734 3177 1870 3232 φησι
1892 3180 1904 3194 ’

2015 3162 2198 3219 omnia
2257 3158 2634 3222 declararunt,
2695 3153 2792 3209 sed
2848 3167 2956 3207 non
3005 3158 3294 3221 propterea
3355 3146 3593 3201 audaces

334 3286 354 3319 ι
383 3266 541 3326 Τίνος
567 3264 757 3316 ἕνεκεν
784 3261 1047 3332 βασιλέως
1075 3259 1330 3319 εὐσεϐοῦς
1356 3258 1555 3321 ζῶντος
1583 3258 1712 3325 παρ’
1731 3257 1910 3309 αὐτῶν

327 3356 555 3412 τοιαῦτα
584 3356 726 3408 κατὰ
758 3353 855 3424 τῆς
890 3351 1179 3414 εὐσεϐείας
1216 3350 1527 3418 τολμᾶται;
1562 3349 1627 3402 Ol
1661 3348 1717 3400 δὲ
1753 3348 1910 3419 ᾐτιά-

331 3467 497 3504 σαντο
532 3450 854 3520 προσθήκην
888 3444 1012 3500 τινὰ
1046 3445 1104 3497 ἐν
1134 3446 1200 3514 τῇ
1236 3441 1495 3513 ὁμολογίᾳ
1526 3442 1634 3493 τῶν
1667 3456 1911 3509 χειροτο-

330 3545 614 3615 νουμένων
636 3539 943 3611 ἀρχιερέων
966 3536 1345 3608 γεγενημένην
1372 3550 1384 3562 ο
1422 3551 1441 3585 ι
1470 3533 1566 3586 καὶ
1593 3532 1732 3602 μετά
1755 3548 1877 3583 τινα
1899 3546 1911 3559 ·

338 3660 355 3692 ι
400 3638 524 3691 Ἐπὶ
551 3636 761 3697 τούτοις
793 3634 827 3703 ἡ
858 3631 977 3685 Θεία
1010 3630 1253 3691 σύνοδος,
1287 3628 1423 3697 πρὸς
1455 3626 1523 3696 ἣν
1552 3625 1688 3694 φατὲ
1719 3624 1911 3692 δυσχε-

334 3732 540 3801 ραίνειν
561 3766 576 3788 ,
609 3726 743 3793 φησι
768 3766 783 3789 ,
823 3721 1183 3791 προσθήκην,
1216 3718 1339 3787 ἥτις
1366 3715 1490 3769 οὐδὲ
1525 3714 1813 3785 προσθήκη
1845 3712 1911 3763 ἂν

329 3821 559 3885 δικαίως
592 3819 835 3871 καλεῖται
854 3854 870 3879 ,
900 3814 975 3876 ὼς
1004 3810 1305 3876 ἀνάπτυξις
1336 3803 1472 3860 οὖσα
1496 3806 1598 3876 τῆς
1632 3804 1788 3871 ἁγίας
1819 3802 1911 3855 καὶ

331 3913 724 3983 οίκουμενικῆς
756 3909 921 3979 ἕκτης
957 3906 1198 3959 συνόδου.
1244 3923 1263 3955 ι
1304 3903 1465 3957 Οὖτω
1498 3899 1684 3968 σαφῶς
1722 3899 1911 3965 φαίνει

329 4028 429 4063 ται
464 4008 559 4061 καὶ
592 4005 742 4073 παρὰ
776 4002 985 4056 τούτων
1018 4000 1128 4052 τῶν
1162 3997 1423 4064 Πατέρων
1444 4036 1457 4059 ,
1494 3996 1578 4046 ὅτι
1612 3990 1912 4054 ἀνάπτυξις

330 4100 393 4152 οὺ
428 4096 728 4156 κωλύεται,
787 4092 908 4144 οὐδὲ
942 4090 1238 4159 σαφήνεια,
1267 4089 1343 4149 ὡς
1371 4086 1665 4153 νοουμένου
1696 4082 1788 4134 καὶ
1818 4080 1911 4133 τοῦ

336 4192 415 4262 μὴ
455 4188 773 4260 εἰρημένου.
813 4186 935 4248 Πῶς
978 4179 1071 4238 οὖν
1111 4184 1169 4234 ὲν
1208 4181 1401 4240 αἰτίοις
1446 4177 1747 4245 ποιήσομεν
1787 4174 1913 4235 τοὺς

333 4282 509 4333 ταυτὰ
536 4278 746 4338 τούτοις
778 4276 1036 4345 λέγοντας
1058 4316 1073 4341 ,
1106 4274 1179 4337 ὡς
1214 4272 1512 4343 σαφήνειαν
1546 4268 1642 4320 καὶ
1674 4267 1917 4321 ἀνάπτυ-

337 4376 422 4439 ξιν
453 4372 815 4441 πεποιηκέναι
837 4389 851 4433 ;

2018 3255 2212 3319 fuisse,
2240 3264 2293 3308 et
2312 3250 2604 3306 anathema
2637 3245 2944 3302 incurrisse
2967 3260 3063 3300 eos
3097 3242 3190 3314 qui
3215 3241 3593 3303 declararunt,

2018 3332 2397 3403 exisdmatum'
2420 3350 2503 3398 est
2540 3358 2555 3395 :
2590 3339 2735 3410 quod
2767 3336 3054 3407 aptissime
3078 3332 3371 3414 confirmat
3404 3330 3602 3385 adver-

2021 3455 2116 3496 sus
2144 3435 2488 3506 Acindyuuni
2512 3442 2701 3487 coacta
2728 3430 2992 3502 synodus,
3045 3427 3114 3483 ab
3140 3425 3228 3492 iis,
3257 3425 3349 3494 qui
3375 3422 3599 3477 seditio-

2022 3533 2187 3588 nibus
2208 3543 2427 3599 operam
2456 3526 2683 3589 dabant,
2705 3526 2757 3579 in
2793 3524 3001 3580 crimen
3028 3526 3247 3583 vocata,
3281 3524 3340 3571 ut
3364 3518 3596 3571 habetur

2023 3624 2078 3678 in
2115 3631 2287 3688 tomo,
2321 3618 2481 3689 cujus
2508 3616 2837 3685 principium
2870 3632 2885 3669 :
2929 3632 2947 3665 ι
2978 3612 3160 3682 Neque
3182 3608 3450 3664 adversus
3488 3604 3595 3659 Ec-

2020 3716 2239 3772 clesiam
2268 3712 2580 3769 communis
2626 3707 2927 3764 adversarii
2956 3707 3210 3775 ignorare
3238 3702 3537 3758 neminem.
3574 3714 3593 3746 ι

2025 3809 2206 3887 blultis
2242 3806 2541 3877 iuterjcCtis
2589 3804 2811 3859 demum
2861 3799 3052 3856 subdit
3080 3817 3095 3855 :
3128 3818 3144 3849 ι
3173 3797 3289 3863 Qua
3323 3794 3393 3849 de
3431 3805 3599 3848 causa

2022 3901 2115 3971 pio
2171 3900 2507 3967 imperatore
2551 3896 2733 3951 adhuc
2793 3893 3096 3963 superstite
3147 3889 3349 3946 similia
3408 3894 3600 3941 contra

2022 3993 2277 4062 pietatem
2327 3989 2574 4045 audent?
2630 3987 2690 4041 lli
2726 4002 2855 4042 vero
2890 3986 3164 4039 criminati
3196 3992 3326 4038 sunt
3372 3978 3603 4033 additio-

2023 4100 2145 4139 ncm
2187 4083 2479 4152 quamdam
2531 4082 2731 4135 factam
2771 4096 2893 4135 esse
2930 4080 2983 4132 in
3018 4074 3375 4132 confessione
3409 4087 3597 4127 eorum

2020 4177 2341 4247 prsesulum,
2401 4176 2493 4244 qui
2550 4173 2603 4226 in
2659 4172 2977 4241 dignitatem
3028 4175 3442 4237 promoventur.
3480 4180 3498 4213 ι
3538 4163 3602 4215 Et

2027 4276 2153 4338 post
2204 4280 2373 4336 pauca
2410 4280 2427 4319 :
2460 4284 2477 4315 ι
2538 4263 2613 4316 De
2642 4263 2727 4318 his
2766 4270 2954 4316 sancta
3009 4256 3282 4328 synodus,
3335 4255 3600 4307 adversus

1955 4337 1998 4393 θ
2028 4337 2190 4429 quam
2216 4358 2519 4427 iniquiores
2538 4355 2695 4419 estis,
2757 4353 3115 4416 additionem,
3150 4349 3304 4411 dicit,
3340 4362 3461 4415 qua:
3506 4358 3605 4398 nec

334 4472 533 4527 merito
563 4439 771 4525 additio
804 4465 983 4521 vocari
1030 4462 1215 4527 debet,
1249 4468 1512 4531 tanquam
1562 4473 1685 4530 quae
1717 4456 2025 4513 declaratio
2054 4456 2125 4512 sit
2184 4464 2389 4511 sancta:
2452 4462 2504 4508 et
2536 4450 2891 4507 recumenicce
2933 4455 3102 4502 sexta:
3166 4442 3382 4513 synodi.
3418 4458 3437 4490 ι
3511 4439 3605 4492 Sic

334 4564 631 4621 manifesto
702 4570 929 4632 apparet
982 4559 1125 4626 apud
1190 4558 1290 4613 hos
1339 4570 1558 4625 quoque
1610 4552 1802 4608 Patres
1854 4567 1963 4605 non
2042 4548 2323 4619 prohiberi
2389 4543 2832 4615 expositionem,
2904 4552 3082 4607 neque
3126 4532 3599 4592 declarationem,

335 4681 492 4733 aeque
549 4680 612 4718 ac
665 4661 710 4717 si
754 4658 1277 4729 subiutelligerctur,
1315 4655 1460 4723 quod
1523 4652 1703 4707 verbis
1736 4663 2056 4719 expressum
2096 4662 2204 4701 non
2236 4653 2338 4700 est.
2382 4643 2499 4709 Qua
2558 4640 2724 4711 igitur
2776 4638 2987 4693 ratione
3052 4635 3106 4688 in
3173 4632 3380 4688 crimen
3441 4641 3608 4682 voca-

338 4764 521 4819 bimus
551 4773 667 4821 eos,
703 4757 794 4825 qui
820 4755 1009 4810 eadem
1039 4765 1204 4823 atque
1234 4753 1320 4806 isti
1349 4751 1610 4812 fatentur,
1640 4757 1693 4801 et
1721 4745 2142 4801 declarationem
2174 4750 2339 4811 atque
2366 4738 2765 4810 expositionem
2795 4731 3122 4802 apposuisse
3151 4743 3258 4782 non
3303 4722 3536 4794 negant?

410 4855 475 4907 θ’.
510 4855 630 4905 Ἔτι
656 4852 712 4904 δὲ
750 4852 935 4918 ἔλεγεν
974 4849 1001 4901 ὁ
1038 4848 1289 4915 Ἐφέσου,
1320 4846 1396 4907 ὼς
1427 4844 1488 4896 et
1510 4843 1736 4913 κώλυμα
1762 4836 1922 4893 τοῦτο

340 4948 497 5015 παρὰ
529 4945 627 5014 τῆς
670 4945 830 5010 ἁγίας
883 4940 974 4995 καὶ
1032 4937 1420 5007 οἰκουμενικῆς
1470 4937 1660 5007 τρίτης
1700 4932 1919 4986 συνόδου

337 5039 756 5107 νενομοθέτητυ.
784 5035 921 5104 Φησὶ
947 5033 1079 5101 γὰρ,
1126 5050 1144 5082 ι
1184 5028 1318 5083 Κατ’
1343 5027 1535 5081 οὐδένα
1590 5025 1794 5096 τρόπον
1826 5040 1923 5075 σα-

340 5132 603 5185 λεύεσθαι
632 5129 783 5199 παρά
812 5146 975 5180 τινων
1015 5123 1323 5193 ἀνεχόμεθα
1348 5123 1447 5193 τὴν
1487 5120 1802 5190 ὁρισθεῖσαν
1836 5119 1921 5169 πί·-
1962 5178 1979 5195 ¹

343 5242 487 5287 στιν,
518 5223 637 5293 ήτοι
664 5222 724 5274 τὸ
752 5221 855 5289 τῆς
884 5220 1122 5280 πίστεως
1151 5214 1449 5285 Σύμϐολον,
1505 5213 1564 5266 τὸ
1606 5214 1756 5278 παρὰ
1818 5211 1927 5262 τῶν

343 5318 523 5384 ἁγίων
563 5316 824 5385 Πατέρων
846 5313 1007 5382 ἡμῶν
1037 5310 1145 5363 τῶν
1197 5312 1253 5361 ἐν
1302 5307 1507 5375 Νικαῖᾳ
1559 5302 1927 5356 συνελθόντων

344 5410 491 5464 κατὰ
518 5408 767 5478 καιροὺς,
795 5404 919 5459 οὔτε
957 5403 1064 5474 μὴν
1089 5401 1459 5469 ἐπιτρέπομεν
1494 5400 1729 5460 ὲαυτεῖς,
1752 5399 1786 5465 ἢ
1816 5397 1929 5450 ἐτέ-

348 5519 486 5571 ροις,
518 5499 552 5569 ἦ
580 5498 726 5563 λέξιν
755 5495 985 5565 ἀμεῖψαι
1012 5493 1120 5546 τῶν
1148 5492 1488 5560 ἐγκειμένων
1517 5490 1720 5553 ἐκεῖσε,
1745 5490 1775 5557 ἢ
1804 5488 1931 5556 μίαν

345 5593 481 5663 γοῦν
519 5590 834 5662 παραϐῆναι
872 5586 1164 5655 συλλαϐὴν,
1220 5582 1561 5653 μεμνημένοι
1620 5580 1714 5631 τοῦ
1750 5581 1929 5646 λέγονς

348 5706 462 5753 τος,
532 5704 549 5737 ι
590 5685 681 5752 Μὴ
712 5682 937 5751 μέταιρε
972 5680 1096 5746 ὅρια
1129 5676 1347 5741 αἰῶνα,
1380 5674 1413 5729 ἃ
1453 5676 1641 5727 ἔθεντο
1679 5674 1725 5724 οἱ
1765 5672 1936 5723 Πατέ-

2101 4838 2156 4893 9.
2222 4836 2491 4890 Prmterea
2534 4830 2751 4886 dicebat
2814 4825 3104 4896 Ephesius,
3178 4819 3601 4891 prohibitionem

2034 4926 2172 4980 hanc
2206 4939 2233 4976 a
2264 4932 2455 4977 sancta
2471 4929 2525 4975 et
2556 4916 2891 4975 mcumeniea
2941 4916 3101 4969 tertia
3135 4910 3343 4982 synodo
3363 4907 3606 4979 praescri-

2031 5032 2174 5090 ptam
2208 5019 2376 5074 fuisse
2399 5034 2413 5081 ;
2440 5030 2673 5079 namque
2703 5010 2890 5067 scribit
2919 5028 2932 5064 :
2970 5028 2987 5060 ι
3026 5007 3187 5062 Nullo
3217 5004 3383 5061 modo
3428 5014 3611 5054 move-

2033 5114 2076 5167 ri
2114 5113 2182 5167 ab
2216 5111 2489 5181 aliquibus
2529 5117 2871 5162 sustinemus
2919 5103 3196 5157 decretam
3259 5097 3440 5157 fidem,
3495 5092 3608 5147 sive

2033 5203 2154 5258 lidei
2195 5180 2511 5273 Symbolum
2546 5213 2573 5251 ο
2599 5195 2807 5253 sanctis
2862 5193 3119 5248 Patribus
3171 5185 3375 5242 nostris
3412 5180 3609 5236 Nicaea:

2033 5297 2200 5354 certis
2239 5292 2575 5363 temporibus
2597 5285 2945 5360 congregatis
2976 5280 3342 5352 compositum
3385 5293 3399 5331 :
3432 5292 3610 5345 neque

2037 5390 2196 5445 nobis
2226 5387 2383 5457 ipsis,
2419 5384 2503 5439 vel
2539 5383 2663 5439 aliis
2713 5379 3104 5451 permittimus,
3161 5381 3255 5426 aut
3308 5385 3486 5425 rerum
3537 5370 3608 5425 ibi

2035 5482 2329 5553 positarum
2368 5477 2663 5533 dictionem
2691 5473 2999 5533 immutare,
3037 5473 3311 5519 autunam
3345 5461 3608 5533 syllabam

2036 5570 2404 5645 prmtergredi,
2441 5567 2673 5623 dicentis
2720 5554 3033 5627 inemores,~
3066 5573 3133 5613 ne
3190 5556 3418 5613 sustolle
3478 5556 3612 5610 lines

2037 5668 2422 5740 sempiternos,
2455 5678 2591 5734 quos
2627 5670 2859 5731 posuere
2894 5655 3082 5710 Patres
3123 5654 3225 5720 tui,
3256 5663 3308 5712 ct
3350 5665 3469 5722 qua:
3523 5664 3611 5704 se-

454 5857 468 5886 ¹
491 5853 679 5909 Matth.
715 5852 958 5919 xm,20.
1040 5854 1056 5884 ε
1082 5848 1279 5918 liphcs.
1304 5859 1449 5911 μ’μ’.
1544 5844 1561 5875 ³
1596 5840 1767 5897 Galat.
1799 5854 1835 5900 ι,
1869 5837 1919 5891 8.
