3982 6208
407 377 516 440 219

1335 384 1719 444 GREGORH
1773 380 2071 441 ΜΑΜΜᾸΞ
2111 380 2216 441 CP.
2267 380 2776 440 PATRIARCUE

3558 378 3665 442 5220

408 484 675 567 ιιυυιιιιιτ.
710 498 832 555 Haec
858 510 915 554 ut
945 515 1003 557 se
1034 501 1288 565 habeant,
1315 501 1750 555 consideremus.
1794 498 1980 565 Neque

2096 536 2177 587 ρες
2210 534 2323 571 σου’
2364 538 2380 570 ι
2426 519 2519 571 καὶ
2552 519 2618 570 τα
2649 517 2795 583 ἑξῆς.
2839 516 3075 583 Ἰδωμεν
3107 514 3162 568 δὲ
3192 516 3306 576 πῶς
3346 516 3484 585 ἔχει.
3551 518 3661 570 Καὶ

408 607 477 645 ει
511 592 725 655 alienis,
758 608 933 661 neque
958 607 1021 647 ex
1072 594 1275 649 nostris
1325 593 1577 663 cogitatis
1638 594 1980 648 demonstra-

409 685 610 745 bimus.
640 684 732 739 sed
758 702 821 740 ex
849 695 1163 740 sanctorum
1192 687 1410 741 Patrum
1444 696 1500 741 et
1531 687 1784 741 Ecclesia:
1800 686 1985 739 docto-

412 791 531 830 rum
566 777 751 841 dictis,
783 794 889 832 non
920 793 948 830 a
982 780 1140 832 tertia
1162 779 1385 849 synodo,
1412 778 1506 834 sed
1541 788 1666 832 ante
1684 778 1981 833 secundam

410 881 628 936 quoque
656 869 1074 936 prohibitionem
1112 870 1256 923 illam
1284 869 1484 927 iactam
1509 870 1698 924 fuisse.
1772 868 1982 923 Scribit

413 974 647 1029 namque
667 976 898 1030 magnus
929 962 1162 1017 Basilius
1214 963 1444 1033 epistola
1486 965 1551 1017 ad
1588 965 1983 1018 Antiochenam

415 1051 738 1119 licelesiam,
780 1056 936 1123 Cujus
1006 1057 1337 1125 principium
1382 1075 1395 1111 :
1441 1057 1573 1123 Quis
1631 1058 1781 1112 dabit
1850 1059 1982 1113 mihi

414 1148 530 1203 alas
564 1150 739 1202 instar
797 1149 1099 1203 columbze?
1141 1169 1153 1204 :
1192 1170 1213 1201 ι
1240 1149 1423 1205 Fidem
1463 1168 1561 1207 nos
1594 1168 1771 1221 neque
1800 1169 1985 1208 recen-

414 1243 605 1294 tiorem
634 1242 699 1295 ab
718 1240 839 1295 aliis
859 1245 1219 1313 conscriptam
1252 1254 1623 1313 acceptamus,
1647 1262 1825 1316 neque
1850 1247 1983 1316 ipsis

412 1334 615 1387 mentis
646 1340 847 1389 nostra!
876 1336 1037 1390 foetus
1065 1337 1186 1391 aliis
1225 1328 1523 1392 ob'lrudere
1576 1339 1862 1402 audemus,
1918 1356 1987 1394 ne

414 1426 648 1480 lnunana
687 1428 951 1484 faciamus
1016 1431 1234 1500 pietatis
1263 1432 1447 1497 verba,
1474 1432 1567 1487 sed
1603 1449 1721 1503 quae
1748 1450 1777 1487 a
1808 1434 1988 1489 sancti

414 1518 667 1575 l’atribus
698 1522 876 1577 edocti
902 1540 1114 1586 stnnus,
1142 1540 1203 1577 ea
1235 1540 1335 1579 nos
1361 1526 1831 1595 interrogantibus
1885 1544 1986 1582 an-

414 1614 751 1667 nuntiamus.
790 1615 882 1668 Est
914 1616 1101 1684 itaque
1127 1618 1382 1671 Ecclesiae
1421 1629 1621 1671 nostra:
1652 1633 1680 1670 a
1733 1619 1987 1673 Patribus

414 1706 809 1762 administratre
831 1708 1051 1781 etiam.a
1085 1713 1292 1764 sanctis
1320 1707 1595 1778 Patr-ibus,
1652 1711 1745 1780 qui
1799 1712 1989 1767 Nica'a:

414 1811 739 1861 convenere,
792 1799 1104 1869 conscripta
1165 1802 1320 1861 fides,
1373 1817 1535 1870 quam
1603 1805 1989 1859 tametsiarhi-

417 1898 626 1943 tramur
650 1905 742 1944 ore
769 1900 949 1955 tenus,
976 1904 1025 1946 et
1062 1894 1203 1960 apud
1236 1908 1333 1948 vos
1356 1894 1408 1946 in
1459 1910 1555 1949 usu
1613 1895 1819 1961 haberi,
1880 1914 1985 1953 non

416 1991 595 2034 tamen
625 1982 1071 2046 detrectabimus,
1130 2000 1197 2038 ne
1261 1986 1487 2041 desidiei
1542 1988 1775 2042 crimine
1831 1996 1986 2041 note-

416 2089 557 2137 mur,
594 2076 706 2143 ipsa
744 2089 851 2141 quo
872 2090 960 2142 lue
986 2078 1146 2130 verba
1177 2076 1376 2133 litteris
1402 2084 1686 2134 annotare.
1715 2079 1855 2134 Sunt
1893 2095 1987 2133 au-

413 2174 519 2219 tem
552 2166 655 2220 ista
692 2182 705 2219 :
734 2165 1013 2221 Credimus
1044 2169 1098 2222 in
1121 2185 1281 2231 unum
1317 2170 1481 2225 Deum
1514 2170 1728 2225 Patrem
1754 2173 1987 2240 omnipo-

415 2266 623 2319 tentem,
654 2266 708 2312 et
727 2258 934 2328 reliqua
957 2258 1199 2329 Symboli
1236 2260 1496 2316 Nicmni.)
1532 2264 1723 2317 Annon
1754 2280 1986 2333 congru-

411 2360 509 2403 unt
539 2351 679 2403 inter
712 2366 771 2405 se
824 2352 1176 2407 concorditer
1230 2363 1283 2407 et
1340 2368 1570 2422 magnus
1632 2354 1890 2420 Basilius,
1934 2366 1989 2410 ct

411 2441 571 2495 divus
607 2441 865 2511 Cyrillus,
900 2444 993 2512 qui
1023 2445 1120 2507 ait,
1152 2461 1169 2494 ι
1209 2444 1325 2498 Νοη
1387 2445 1756 2513 permittimus
1810 2460 1989 2515 neque

413 2531 849 2600 nobismetipsis,
886 2549 1061 2602 neque
1104 2534 1224 2590 aliis
1252 2535 1275 2588 τ
1304 2553 1322 2586 ›
1360 2534 1425 2589 Et
1493 2534 1712 2591 divinus
1764 2538 1986 2606 quidem

411 2624 650 2693 Cyl-illus
679 2625 782 2679 hac
818 2626 1002 2690 modo,
1037 2634 1092 2682 et
1121 2644 1347 2696 magnus
1382 2629 1641 2694 Basilius,
1668 2646 1789 2699 qua:
1818 2647 1986 2704 supra

412 2716 659 2785 apposita
684 2726 810 2771 sunt
847 2736 860 2773 :
900 2736 918 2770 ι
953 2717 1139 2773 Fidem
1174 2734 1274 2775 nos
1308 2736 1485 2791 neque
1510 2722 1864 2778 recentiorem
1922 2725 1988 2779 ab

413 2809 534 2864 aliis
564 2811 928 2880 conscriptam
962 2820 1334 2882 acceptamus,
1391 2829 1571 2882 neque
1619 2814 1722 2884 ipsi
1784 2816 1987 2871 mentis

412 2912 615 2958 nostra;
638 2904 806 2960 fimus
853 2904 979 2960 aliis
1036 2904 1333 2964 obtrudere
1390 2906 1681 2962 audemus.
1740 2926 1759 2960 υ
1831 2909 1987 2976 Quod

412 3011 580 3050 unum
615 2996 868 3066 idemque
893 3007 977 3053 est
1009 3014 1135 3055 cum
1160 3014 1228 3056 eo
1260 3017 1273 3055 :
1300 3018 1320 3052 ι
1357 2997 1474 3056 Νοη
1500 3001 1873 3073 permittimus
1894 3018 1990 3058 no-

410 3088 495 3144 bis
528 3089 680 3157 ipsis,
714 3106 814 3146 nec
836 3091 982 3147 aliis.
1014 3110 1034 3145 ›

484 3274 571 3329 10.
614 3274 902 3341 Praeterea,
936 3274 1186 3345 pluribus
1220 3278 1366 3332 enim
1394 3278 1497 3335 hoc
1528 3277 1672 3336 idem
1711 3292 1991 3351 exponen-

410 3364 536 3416 dum
563 3373 666 3429 est,
696 3366 773 3433 ait
805 3378 1033 3422 sanctus
1060 3367 1395 3424 Athanasius
1456 3378 1606 3425 tomo
1662 3372 1728 3427 ad
1801 3374 1993 3429 Antio-

409 3454 638 3523 chenos,
674 3459 831 3525 Clljtls
874 3459 1242 3528 principium,
1278 3458 1517 3522 Dilectis,
1541 3471 1597 3516 et
1641 3462 1993 3521 desideratis-

411 3549 586 3609 simis.
624 3566 636 3602 :
672 3570 693 3601 ‹
736 3549 819 3603 Nil
859 3558 1156 3620 praeterea,
1185 3566 1307 3620 qua:
1341 3551 1532 3608 Nicmae
1559 3553 1781 3609 decreta
1837 3568 1989 3624 sunt,

414 3658 684 3711 promere.
721 3662 740 3695 ι
776 3643 844 3697 Ει
890 3645 1077 3713 paucis
1114 3645 1413 3713 interiectis
1451 3662 1467 3701 :
1512 3665 1531 3699 ο
1569 3644 1802 3703 Voiuere
1844 3650 1990 3704 enim

412 3736 656 3789 nonnulli
691 3737 847 3805 quasi
904 3751 1096 3791 manca
1168 3746 1520 3809 essent,qu:e
1558 3738 1776 3794 Nicasna
1834 3756 1993 3811 syno-

411 3831 512 3879 dus
544 3828 861 3892 tradiderat,
898 3827 967 3882 de
993 3830 1095 3883 lide
1144 3831 1352 3901 aliquid
1407 3833 1647 3887 scribere
1688 3842 1742 3888 et
1793 3851 1991 3891 manus

412 3922 676 3974 audacter
712 3921 1024 3977 admovere.
1055 3919 1438 3978 Verumtamen
1469 3926 1713 3994 synodus
1746 3925 1991 3982 Sardicze

409 4022 597 4065 eoat-ta
654 4028 936 4083 nonmquo
982 4014 1167 4068 animo
1220 4014 1361 4080 ltllil,
1407 4017 1811 4086 ordinavitque,
1858 4018 1993 4072 nihil

410 4116 671 4175 pra-terea
699 4107 764 4160 de
788 4107 889 4160 [ide
916 4108 1121 4176 scripto
1142 4107 1377 4172 tradere,
1404 4102 1497 4163 sed
1519 4109 1871 4177 acquiescere
1914 4111 1991 4165 illi

408 4214 526 4266 qum
545 4215 570 4252 a
593 4199 839 4254 Patribus
864 4200 913 4252 in
944 4198 1122 4254 Nirma
1178 4199 1313 4254 urbe
1337 4200 1469 4255 fides
1494 4201 1689 4255 tradita
1720 4212 1824 4269 est,
1851 4203 1993 4274 quod

410 4293 545 4344 nihil
566 4293 617 4346 in
641 4310 702 4345 ea
721 4294 885 4356 desit,
906 4292 998 4347 sed
1019 4295 1220 4363 pietate
1243 4294 1502 4348 abundet.
1526 4296 1585 4348 Et
1622 4297 1768 4365 quod
1804 4313 1997 4353 secun-

410 4382 475 4433 da
504 4382 636 4435 ﬁdes
662 4383 1020 4450 scriptitanda
1048 4399 1153 4436 non
1180 4391 1285 4447 est,
1307 4400 1394 4447 ne,
1416 4400 1543 4453 qua)
1562 4385 1753 4440 Nic-ma:
1781 4388 1985 4455 scripta

408 4475 697 4533 cst,veluti
732 4488 923 4528 manca
973 4484 1135 4542 atque
1161 4476 1482 4541 imperfecta
1499 4478 1829 4541 existimata,
1856 4494 1992 4534 ansa

2018 1847 2065 1907 B

2084 612 2183 664 οὐκ
2215 610 2410 685 ἔχομχεν
2436 609 2595 663 τοῦτο
2622 608 2795 670 ἄλλως
2828 609 3106 672 ἀποδεῖξαι
3138 608 3247 663 οὐδ’
3275 609 3381 662 ἀπὸ
3414 610 3662 680 τῆςὴμε-

2085 703 2244 771 τέρας
2277 703 2535 767 διανοίας,
2568 701 2683 756 ἀλλ’
2718 699 2774 765 ἐξ
2807 695 2880 752 ὧν
2912 702 2960 754 οἱ
2996 701 3129 753 θεῖοι
3162 702 3407 771 Πατέρες
3463 702 3558 754 καὶ
3589 702 3666 754 δι⁴

2084 793 2343 847 δασκαλοι
2373 794 2645 861 λέγουσιν,
2679 795 2760 846 ὅτι
2785 793 2884 845 οὐκ
2912 792 3022 845 ἀπὸ
3057 792 3159 859 τῆς
3192 794 3381 861 τρίτης
3440 794 3666 849 συνόδου

2086 887 2303 953 ἐγένετο
2328 887 2387 937 τὸ
2415 884 2665 952 κώλυμα,
2700 885 2837 938 ἀλλὰ
2896 885 2991 937 καὶ
3059 883 3168 952 πρὸ
3227 885 3327 950 τῆς
3368 884 3662 953 δευτέρας.

2085 978 2223 1043 Φησὶ
2254 978 2418 1048 γὰρό
2468 977 2641 1047 μέγας
2696 978 2976 1037 Βασίλειος
3030 977 3089 1027 ἐν
3142 978 3209 1044 τῇ
3271 975 3524 1045 ἐπιστολῇ
3598 979 3667 1045 τῇ

2086 1068 2223 1139 πρὸς
2256 1069 2354 1137 τὴν
2397 1069 2717 1137 Ἀντιοχέων
2759 1066 3113 1136 Ἐκκλησίαν,
3152 1061 3220 1137 ἦς
3280 1067 3313 1133 ἡ
3355 1065 3517 1135 ἀρχὴ,
3569 1067 3671 1127 Τίς

2087 1160 2244 1214 δώσει
2276 1178 2363 1231 μοι
2382 1164 2658 1227 πτέρυγας
2680 1160 2809 1211 ὠσεῖ
2837 1159 3168 1229 περιστερᾶς
3196 1173 3209 1186 ⁸
3248 1174 3267 1207 I
3294 1158 3482 1208 Πίστιν
3507 1158 3670 1226 ἡμεῖς

2087 1253 2211 1306 οὔτε
2242 1256 2372 1323 παρ’
2403 1256 2561 1307 ἄλλον
2590 1252 2948 1322 γραφομένην
2995 1252 3133 1320 ἡμῖν
3178 1238 3453 1318 νεώτέραν
3490 1267 3675 1317 παρα-

2090 1343 2532 1415 δεχόμεθα,οὖτε
2593 1344 2747 1398 αὐτοὶ
2808 1342 2877 1395 τὰ
2936 1342 3039 1410 τῆς
3090 1340 3365 1411 ἡμετέρας
3427 1341 3673 1401 διανοίας

2090 1440 2407 1507 γεννήματα
2437 1438 2792 1508 παραδιδόναι
2820 1436 3138 1505 τολμῶμεν,
3199 1434 3287 1487 ἵνα
3345 1433 3419 1504 μὴ
3456 1432 3675 1501 ἀνθρώ-

2091 1549 2222 1585 πινα
2249 1532 2565 1600 ποιήσωμεν
2595 1531 2660 1583 τὰ
2679 1530 2780 1597 τῆς
2802 1528 3087 1588 εὐσεϐείας
3115 1529 3357 1596 ῥήματα,
3385 1526 3501 1578 ἀλλ’
3526 1527 3674 1595 ἅπερ

2091 1624 2240 1694 παρὰ
2270 1622 2379 1675 τῶν
2411 1620 2582 1689 ἁγίων
2617 1620 2882 1689 Πατέρων
2930 1617 3321 1688 δεδιδάγμεθα,
3354 1617 3525 1671 ταῦτα
3556 1620 3673 1681 τοῖς

2093 1717 2368 1786 ἐρωτῶσιν
2412 1717 2541 1791 ἡμῖν
2572 1712 2986 1791 διαγγέλλομεν.
3026 1711 3181 1763 Ἐστι
3230 1710 3413 1761 τοίνυν
3466 1710 3527 1761 ὲκ
3561 1711 3671 1761 lia—

2090 1792 2265 1872 τὲρων
2296 1802 2764 1870 ἑμπολιτευομένη
2798 1803 2865 1870 τῇ
2905 1800 3213 1871 Ἐκκλησία
3264 1798 3425 1868 ἡμῶν
3473 1800 3505 1867 ἡ
3536 1815 3675 1867 γρα-

2098 1899 2258 1963 φεῖσα
2294 1896 2442 1965 παρὰ
2468 1895 2576 1946 τῶν
2607 1894 2779 1962 ἁγίων
2816 1894 3077 1962 Πατέρων
3126 1893 3311 1953 πίστις
3364 1892 3475 1943 τῶν
3530 1892 3673 1942 κατᾶ

2094 1989 2332 2041 Νίκαιαν
2372 1985 2737 2039 συνελθόντων
2768 1987 2919 2056 ἡμῖν,
2974 1985 3041 2054 ἦν
3102 1982 3390 2053 ἡγούμεθα
3447 1982 3547 2052 μὲν
3580 1982 3674 2033 διὰ

2098 2078 2366 2146 στόματος
2401 2075 2655 2129 εἶναικαὶ
2686 2076 2818 2145 παρ’
2851 2077 3003 2145 ὑμῖν,
3052 2075 3113 2127 οὐ
3147 2074 3565 2144 παραιτούμεθα
3592 2073 3676 2139 δὲ,

2098 2172 2185 2222 ἵνα
2219 2171 2355 2239 μηδὲ
2387 2170 2546 2222 ὄκνου
2583 2168 2840 2237 ἔγκλημα
2890 2165 3345 2236 ἐπενεγκώμεθα,
3407 2167 3502 2217 καὶ
3531 2165 3676 2218 αὐτὰ

2094 2266 2164 2317 τα
2233 2264 2455 2335 ῥήματα
2515 2260 2823 2330 ἐνσημῆναι
2895 2260 2975 2330 τῷ
3033 2261 3346 2329 γράμματι.
3398 2258 3553 2311 Ἐστι
3614 2258 3675 2310 δὲ

2093 2357 2285 2411 ταῦτα·
2319 2357 2693 2423 Πιστεύομεν
2722 2357 2809 2420 εις
2838 2353 2949 2420 ἕνα
3005 2354 3156 2407 Θεὸν
3184 2350 3421 2419 Πατέρα
3445 2367 3675 2405 παντο-

2095 2453 2372 2520 κράτορα,
2398 2450 2493 2503 καὶ
2524 2450 2591 2503 τὰ
2620 2449 2746 2519 ἑξῆς
2759 2448 2854 2501 τοῦ
2886 2448 3028 2500 κατὰ
3052 2447 3291 2500 Νίκαιαν
3332 2444 3672 2513 Συμϐόλου.»

2097 2547 2173 2598 Οὐ
2208 2542 2517 2613 συμφώνως
2552 2541 2628 2612 τῷ
2658 2541 2790 2611 θείῳ
2823 2538 3078 2609 Κυρίλλῳ
3103 2538 3198 2589 καὶ
3244 2538 3272 2589 ό
3307 2537 3480 2606 μέγας
3513 2537 3699 2588 Βασίο·

2094 2637 2232 2698 λειος
2265 2634 2437 2688 ταῦτά
2464 2649 2669 2703 φησινς
2702 2634 2808 2695 ὅτι,
2847 2650 2865 2684 ι
2901 2633 3016 2683 Οὐκ
3048 2628 3419 2701 ἐπιτρέπομεν
3439 2629 3677 2693 ἑαυτοῖς,

2096 2730 2128 2798 ἢ
2161 2728 2427 2797 ἑτέροις.»
2465 2725 2577 2780 Καὶ
2606 2725 2636 2778 ὁ
2667 2725 2765 2794 μὲν
2797 2726 2937 2786 θεῖος
2968 2723 3236 2793 Κύριλλος
3290 2722 3485 2784 οὕτως·
3535 2723 3564 2774 ό
3618 2720 3677 2773 δὲ

2100 2824 2275 2893 μέγας
2304 2823 2583 2884 Βασίλειος
2616 2822 2685 2872 τὰ
2735 2818 3004 2890 ἀνώτερα,
3059 2821 3163 2883 ὃτι,
3208 2836 3226 2869 ι
3270 2817 3459 2870 Πίστιν
3510 2817 3677 2886 ἡμεῖς

2096 2914 2220 2968 οὔτε
2246 2915 2376 2985 παρ’
2402 2914 2563 2967 ἄλλου
2588 2913 2945 2984 γραφομένην
2968 2913 3108 2982 ἡμῖν
3138 2910 3411 2979 νεωτέραν
3438 2908 3684 2979 παραδε-

2096 3007 2328 3078 χόμεθα,
2360 3003 2486 3058 οὔτε
2522 3004 2685 3059 αὐτοὶ
2714 3005 2782 3056 τὰ
2809 3003 2908 3072 τῆς
2949 3001 3231 3073 ἡμετέρας
3259 3001 3499 3062 διανοίας
3554 3015 3681 3067 γεν-

2096 3100 2314 3169 νήματα
2337 3096 2690 3166 παραδιδόναι
2714 3095 3020 3163 τολμῶμεν.
3036 3112 3052 3145 ι
3085 3094 3264 3163 Ὅπερ
3289 3093 3403 3145 ἴσον
3430 3094 3524 3146 καὶ
3544 3107 3679 3143 ταυ-

2018 3212 2063 3272 c
2096 3190 2188 3243 τόν
2222 3190 2339 3242 ἐστι
2364 3187 2461 3257 τῷ,
2495 3208 2512 3239 ι
2541 3188 2654 3241 Οὐκ
2685 3189 3052 3257 ἐπιτρέπομεν
3082 3186 3316 3250 ἑαυτοῖς,
3343 3186 3375 3255 ἢ
3409 3185 3670 3256 ὲτέροες.»

2176 3286 2228 3335 ι’.
2267 3281 2417 3345 Ἔτι,
2450 3281 2532 3333 δεῖ
2555 3280 2664 3350 γὰρ
2689 3280 2784 3333 καὶ
2812 3280 2899 3332 διὰ
2945 3278 3204 3331 πλειόνων
3234 3278 3296 3329 τὺ
3335 3279 3465 3344 περὶ
3519 3276 3679 3328 τοῦτο

2095 3374 2451 3442 διασαφῆσαι,
2488 3373 2656 3441 φησίν
2715 3373 2743 3424 ὁ
2781 3373 3055 3441 μακάριος
3131 3368 3451 3431 Ἀθανάσιος
3510 3369 3569 3419 ἒν
3600 3366 3677 3435 τῷ

2097 3464 2230 3532 πρὸς
2275 3465 2567 3533 ’Δντιοχεῖς
2618 3463 2874 3531 τόμῳ,οὑ
2912 3463 2942 3531 ἡ
2989 3461 3153 3531 ἀρχὴ,
3198 3460 3323 3522 Τοῖς
3369 3461 3677 3527 ἀγαπητοῖς

2097 3557 2191 3609 καὶ
2222 3555 2646 3622 ποθεινοτάτοις,
2678 3573 2695 3605 ι
2724 3555 2905 3624 Μηδὲν
2930 3554 3101 3606 πλέον
3128 3552 3204 3623 τῷ
3234 3556 3290 3606 ἑν
3323 3551 3524 3620 Νικαία
3548 3568 3667 3620 προ-

2095 3647 2413 3701 ϐάλλεσθαι⁹
2445 3666 2463 3698 ι
2490 3648 2581 3701 κα)⁸
2610 3647 2751 3716 μετά
2774 3662 2917 3699 τινα·
2956 3663 2975 3696 ι
3000 3645 3273 3709 Ἦξίωσαν
3290 3643 3512 3712 μὲνγὰρ
3534 3636 3679 3703 τινες

2094 3738 2167 3801 ὡς
2206 3738 2403 3799 ἐνδεῶς
2428 3738 2663 3808 ἐχούσης
2696 3737 2795 3802 τῆς
2822 3736 2959 3789 κατὰ
2990 3734 3226 3789 Νίκαιαν
3258 3734 3501 3795 συνόδου,
3539 3730 3678 3800 γράο

2093 3830 2193 3900 ψαι
2222 3831 2350 3901 περὶ
2392 3831 2651 3894 πίστεως,
2686 3832 2781 3883 καὶ
2828 3830 3199 3899 ἐπεχείρησαν
3227 3825 3540 3897 προπετῶς.
3610 3825 3677 3877 'H

2094 3924 2148 3976 δὲ
2175 3925 2306 3991 ἁγία
2339 3923 2613 3994 σύνοδοςή
2651 3924 2709 3976 ὲν
2787 3922 3028 3992 Σαρδικῇ
3091 3921 3416 3989 συναχθεῖσα
3472 3917 3674 3986 ἠγανά-

2094 4033 2288 4086 κτησε,
2324 4017 2418 4069 καὶ
2481 4015 2648 4087 ὥρισε
2710 4015 2875 4086 μηδὲν
2928 4015 3009 4068 ἔτι
3064 4015 3195 4084 περὶ
3247 4014 3485 4074 πίστεως
3544 4010 3675 4080 γρά-

2096 4107 2456 4178 φεσθαι,ἀλλ’
2495 4109 2787 4178 ἀρκεῖσθαι
2850 4110 2917 4178 τῇ
2979 4109 3038 4160 ὲν
3100 4106 3309 4175 Νικαίᾳ
3355 4104 3508 4173 παρὰ
3566 4104 3675 4155 τῶν

2098 4203 2357 4270 [Ιατέρων
2389 4198 2794 4272 ὁμολογηθείσῃ
2824 4200 3029 4266 πίστει,
3072 4199 3162 4253 διὰ
3194 4197 3253 4251 τὸ
3309 4198 3476 4268 μηδὲν
3535 4198 3675 4267 αὐτῇ

2095 4292 2382 4353 ἐλλείπειν,
2413 4290 2549 4343 ἀλλὰ
2584 4291 2767 4360 πλήρη
2801 4290 3086 4352 εὐσεϐείας
3134 4283 3295 4343 εἶναι·
3351 4288 3444 4342 καί
3472 4289 3554 4341 ὃτι
3600 4288 3674 4358 μὴ

2093 4385 2204 4435 δεῖν
2227 4382 2490 4451 δευτέραν
2522 4382 2841 4435 ἐκτίθεσθαι
2897 4382 3104 4445 πίστιν,
3156 4381 3244 4434 ἵνα
3272 4381 3399 4451 μὴή
3461 4382 3519 4433 ὲν
3580 4379 3672 4432 Nt-

2095 4474 2228 4545 καίᾳ
2255 4481 2533 4545 γραφεῖσα
2568 4473 2642 4537 ώς
2673 4474 2875 4544 ἀτελὴς
2906 4469 3043 4527 οὖσα
3099 4475 3360 4545 νομισθῇ,
3415 4475 3509 4526 καὶ
3540 4472 3671 4543 πρό-

409 4562 719 4627 prabcatur
748 4562 1051 4617 volentibus
1084 4564 1252 4616 multa
1283 4565 1525 4620 scribere
1585 4567 1988 4639 deccrncrcque

2098 4584 2261 4636 φασις
2283 4568 2410 4637 δοοῇ
2440 4569 2552 4631 τοῖς
2596 4566 2845 4619 ἐθέλουσι
2882 4567 3051 4619 πολλὰ
3076 4567 3336 4637 γράφειν,
3407 4566 3505 4620 καὶ
3562 4565 3672 4634 ὁρί-

411 4656 476 4705 de
523 4653 643 4706 tide.
680 4673 697 4705 ι
738 4652 805 4706 Et
839 4670 944 4708 non
1003 4656 1305 4725 postmuita
1336 4674 1350 4711 :
1386 4676 1402 4708 ι
1442 4658 1715 4715 Meliorem
1769 4676 1994 4717 actura-

413 4747 714 4815 tioremque
746 4762 887 4810 esse,
923 4765 1044 4816 qua:
1072 4765 1102 4803 a
1139 4750 1394 4807 i’atribus
1415 4754 1547 4807 lidcs
1569 4757 1867 4823 composita
1886 4765 1990 4819 est,

411 4850 466 4891 et
501 4840 552 4891 in
586 4850 866 4907 posterum
896 4842 1043 4896 illius
1099 4844 1279 4899 verbis
1324 4860 1449 4901 esse
1501 4848 1991 4916 acquiescendum,

407 4931 631 4999 iliisque
663 4931 948 4987 utendum.
999 4952 1018 4985 ι
1055 4932 1129 4985 Ex
1166 4936 1270 4989 hoc
1296 4936 1427 4991 item
1467 4945 1658 4992 sancto
1693 4937 1870 5007 palam
1904 4942 1986 5000 iit,

406 5038 535 5082 ante
564 5029 859 5084 secundam
875 5032 1138 5096 synodum
1161 5031 1301 5087 hanc
1339 5014 1763 5101 prohibitionem
1787 5033 1957 5089 fuisse
1977 5072 1993 5097 ,

407 5119 860 5191 superadditque,
903 5120 1287 5177 Sardicensem
1333 5126 1626 5193 synodum,
1676 5139 1781 5178 non
1832 5140 1991 5194 aequo

404 5216 594 5267 animo
649 5214 860 5279 tulisse,
894 5214 1293 5285 crdinasseqae
1344 5232 1412 5269 ne
1460 5218 1589 5285 quid
1621 5218 1673 5271 in
1712 5226 1991 5285 posterum

406 5307 475 5360 de
514 5309 616 5361 lide
646 5311 1006 5373 scriberetur,
1036 5310 1129 5364 sed
1153 5311 1568 5378 acquiescerent
1604 5310 1725 5365 lidei
1750 5327 1787 5362 ,ιι
1820 5309 1988 5364 Patri-

409 5400 512 5477 hus
538 5400 729 5456 Nicaeae
760 5404 1106 5475 conscriptze,
1138 5402 1283 5472 quod
1320 5403 1452 5457 nihil
1502 5402 1555 5456 in
1607 5419 1669 5457 ea
1712 5402 1993 5471 deﬁceret,

405 5502 503 5550 Sed
525 5508 667 5552 esset
690 5500 907 5566 pietatis
933 5502 1109 5571 plena.
1146 5501 1647 5569 Subscripsereque
1670 5499 1817 5554 dicto
1849 5512 1995 5556 tomo

410 5589 630 5657 triginta
674 5602 802 5648 tres.
838 5593 902 5646 Et
929 5578 1155 5650 sanctus
1184 5594 1250 5648 ad
1297 5593 1701 5647 rorroboranda
1762 5594 1995 5648 dicenda

412 5679 754 5734 Sardiceusis
784 5685 977 5752 synodi
1007 5686 1338 5737 mentionem
1363 5680 1595 5737 inducit.
1628 5680 1692 5734 Et
1723 5680 1836 5735 haec
1858 5680 1995 5735 satis

414 5772 734 5841 almndcque
752 5779 861 5829 sint
891 5790 906 5838 ;
939 5776 1135 5845 quibus
1161 5783 1661 5831 commonstratum
1688 5782 1792 5833 est.
1817 5772 1997 5842 probi-

416 5867 493 5923 bit
520 5884 677 5923 onem
715 5866 939 5925 alterius
970 5869 1092 5925 iidei
1128 5870 1300 5927 multo
1327 5871 1393 5926 ab
1424 5870 1550 5925 hinc
1593 5877 1837 5935 tempore
1875 5874 1927 5921 ct
1962 5883 1989 5919 ιι

2099 4660 2212 4724 ζειν
2245 4662 2372 4731 περὶ
2399 4661 2656 4721 πίστεως.
2682 4668 2706 4709 δ
2745 4660 2852 4712 Καὶ
2890 4660 3029 4725 μετά
3059 4663 3183 4712 τινά
3208 4675 3365 4728 φησι·
3405 4677 3423 4711 ι
3465 4658 3672 4710 Βελτίοο

2098 4772 2163 4807 να
2196 4755 2291 4811 καὶ
2323 4752 2723 4823 ἀκριϐεστέραν
2753 4751 2893 4806 εἶναι
2924 4754 3027 4823 τὴν
3072 4756 3129 4807 ὲν
3156 4753 3364 4823 Νικαία⁵
3396 4753 3546 4823 παρὰ
3570 4755 3671 4804 τῶι

2098 4847 2359 4918 Πατέρων
2377 4846 2807 4917 ὁμολογηθεῖσαν
2870 4846 3075 4911 πίστιν,
3110 4849 3199 4899 καὶ
3220 4845 3534 4923 redactum?
3565 4848 3672 4908 τοῖς

2100 4939 2300 5007 ταύτης
2332 4938 2634 5008 ἀρκεῖσθαι
2662 4940 2757 4992 καὶ
2793 4937 3028 5009 χρῆσθαι
3064 4939 3326 5009 ῥήμασιν.
3363 4956 3381 4989 ι
3449 4939 3561 4990 Kal
3613 4938 3671 4989 ἐκ

2099 5030 2291 5085 τούτου
2324 5030 2414 5083 τοῦ
2448 5030 2607 5095 ἁγίου
2636 5032 2878 5101 φανερλιν
2912 5031 3264 5095 καθίσταται,
3290 5031 3374 5083 δτι
3407 5034 3501 5082 καὶ
3538 5029 3672 5099 πρὸς

2100 5123 2198 5191 τῆς
2224 5122 2491 5191 δευτέρας
2533 5122 2757 5175 συνόδου
2815 5122 2976 5176 τοῦτο
3029 5124 3089 5175 sb
3130 5120 3363 5193 κώλυμα
3416 5118 3504 5193 ἦν.
3567 5122 3671 5175 Καὶ

2099 5214 2462 5284 προστίθησιν
2518 5215 2668 5285 δτιή
2725 5216 2782 5267 ὲν
2844 5214 3084 5286 Σαρδικῇ
3147 5217 3524 5286 ἠγανάκτησε,
3585 5216 3672 5267 καὶ

2100 5308 2322 5376 ὥρισεν,
2359 5304 2485 5361 Ὀτι
2524 5306 2693 5377 μηδὲν
2750 5307 2831 5359 ἔτι
2863 5308 2994 5378 περὶ
3057 5308 3295 5371 πίστεως
3340 5308 3670 5379 γράφεσθαι,

2099 5397 2528 5470 ἁλλ’ἀρκεῖσθαι
2577 5402 2643 5469 τῇ
2701 5400 2758 5450 ὲν
2791 5399 2997 5471 Νικαίᾳ
3041 5400 3192 5469 παρὰ
3248 5401 3357 5453 τῶν
3421 5399 3670 5467 Πατέρωκ

2100 5491 2499 5561 ὁμολογηθείσῃ
2531 5492 2738 5554 πίστει,
2775 5492 2862 5544 διὰ
2888 5491 2947 5544 τὸ
2984 5493 3148 5560 μηδὲν
3182 5491 3321 5562 αὑτῇ
3383 5490 3670 5543 ἐλλείπειν.

2100 5584 2235 5639 ἀλλὰ
2267 5585 2451 5652 πλήρη
2493 5584 2774 5647 εὐσεϐείας
2806 5580 2968 5638 εἶναι.
2999 5586 3107 5638 Καὶ
3129 5583 3320 5637 τοῦτον
3378 5583 3471 5636 τὸν
3499 5582 3669 5652 Τόμοι

2102 5675 2429 5745 ὑπέγραψαν
2458 5676 2751 5745 τριάκοντα
2813 5677 2983 5742 τρεῖς.
3052 5674 3110 5729 '0
3146 5675 3200 5728 δὲ
3238 5674 3395 5742 ἆγιος
3446 5674 3528 5735 εις
3592 5672 3667 5741 βε.

2102 5769 2330 5822 (ulmea:
2354 5769 2459 5822 τῶν
2495 5770 2884 5837 ῥηθησομένων
2932 5768 3147 5838 καὶτῆς
3204 5770 3261 5820 ὲν
3284 5768 3528 5838 Σαρδικῇ
3584 5765 3665 5831 μέο

2105 5880 2308 5933 μνηται
2348 5862 2585 5915 συνόδου.
2624 5862 2727 5914 Καὶ
2770 5861 2941 5915 ταῦτα
2978 5861 3077 5931 μὲν
3109 5862 3166 5925 ἐς
3196 5859 3476 5915 τοσοῦτον.
3512 5856 3666 5910 Ὅθεν
