3982 6208
308 337 409 399 (221

1453 345 1548 404 AD
1592 344 1956 408 IMPEBAT.
2001 351 2476 415 ΤΠΛΡΕΖΠΝΤ.

3464 371 3568 430 222

309 452 582 504 δ’δεικτιι
614 454 695 504 ὅτι
729 455 786 504 τ),
815 455 1041 524 κώλυμα
1074 458 1168 526 τῆς
1204 457 1399 526 ἐτέρας
1450 461 1694 524 πίστεως
1752 463 1893 516 ἄνω-

2000 469 2261 540 priueipio
2284 487 2311 524 a
2343 476 2550 529 sanctis
2586 476 2841 534 Patribus
2877 480 3046 536 fuisse
3097 482 3396 538 decretum.
3461 487 3565 540 Sed

310 542 407 592 οὲν
435 559 494 593 τε
522 543 614 594 καὶ
635 543 693 605 ἐξ
718 544 889 610 ἀρχῆς
915 546 1066 612 παρὰ
1122 546 1228 598 τῶν
1286 548 1456 612 ἁγίων
1493 550 1751 617 “animi
1816 548 1885 620 ἦν

309 631 647 700 ἀποφανθέν.
682 633 843 686 Ἀλλὰ
879 636 969 686 καὶ
1000 637 1046 688 οἱ
1083 636 1200 704 ὅροι
1240 637 1349 690 τῶν
1367 640 1552 704 ’ἁγίων
1605 643 1888 708 Πατὲρων,

311 730 359 780 εἰ
387 731 468 781 δεῖ
501 730 730 799 τάληθὲς
755 731 955 792 εἰπεῖν,
1006 735 1102 787 καὶ
1151 733 1211 785 τὺ
1267 735 1360 786 τοῦ
1405 735 1567 802 ἁγίου
1619 738 1887 807 Κυρίλλου

1993 570 2046 613 et
2073 562 2419 620 deﬁnitiones
2460 579 2776 624 sanctorum
2811 572 3052 637 Patrum,
3095 575 3137 627 si
3176 592 3361 629 verum
3397 576 3568 630 faten-

1995 652 2120 704 dum
2153 663 2260 721 est,
2293 667 2344 710 et
2381 658 2509 713 illud
2539 660 2726 731 Cyrilli
2763 679 2778 717 :
2812 681 2830 713 ι
2859 663 2974 716 Non
3011 667 3376 733 permittimus
3405 669 3566 719 nobis

1997 743 2152 811 ipsis.
2181 760 2356 814 neque
2385 749 2528 811 aliis,
2572 770 2590 802 ι
2615 752 2682 805 de
2704 753 2940 824 Nycreno
2966 753 3223 823 Symlmlo
3246 756 3568 825 loquuntur.

311 821 396 884 τὸ,
429 838 446 871 ι
478 822 594 874 Οὐκ
635 823 1006 894 ἐπιτρέπομεν
1047 826 1285 890 ἑαυτοῖς,
1337 826 1368 893 ἢ
1401 829 1632 897 ἑτέροις,
1665 849 1684 880 ι
1743 831 1871 898 περὶ
1904 833 2000 885 τοῦ
2036 836 2094 887 ἐν
2129 836 2331 908 Noui;
2358 841 2640 910 Συμϐόλου
2673 821 2861 912 φασίν.

387 920 479 967 ια’.
514 913 635 966 Ὅτι
655 913 709 964 δὲ
737 917 806 965 τὰ
835 914 927 968 δύο
956 916 1212 983 Σύμϐολα
1243 918 1344 969 οὐκ
1368 919 1614 983 ἐγένοντο
1655 919 1712 971 ἒν
1774 922 1880 988 μά-

311 1003 491 1070 θημα,
529 1003 648 1055 οὐδὲ
677 1004 856 1072 ἥνωσέ
911 1023 996 1068 τις
1037 1008 1145 1058 τῶν
1196 1009 1456 1078 Πατέρων
1502 1011 1699 1073 ταῦτα,
1744 1013 1878 1065 ἀπο-

309 1095 662 1164 θειχθήσεται
691 1096 806 1151 νῦν.
841 1098 952 1151 Καὶ
989 1099 1208 1168 πρῶτον
1269 1101 1369 1167 μὲν
1404 1101 1512 1153 ἀπὸ
1549 1102 1650 1170 τῆς
1698 1103 1888 1173 τρίτης

313 1187 565 1242 συνόδου.
598 1187 746 1256 Λύτη
779 1190 888 1260 γὰρ
924 1190 1016 1244 τοῦ
1071 1191 1128 1242 ἐν
1184 1191 1391 1262 Nimia
1453 1193 1748 1263 μέμνηται,
1796 1197 1893 1250 καὶ

313 1282 444 1344 περὶ
472 1280 690 1349 ἐκείνης
721 1283 912 1348 φησὶν,
965 1300 982 1332 ι
1018 1280 1153 1335 Οῦτε
1199 1284 1305 1350 μὴν
1355 1284 1729 1353 ἐπιτρέπομεν
1762 1287 1888 1338 ἐαυ-

310 1373 452 1432 τοῖς,
488 1369 521 1440 ἢ
560 1371 798 1441 ἑτέροις,
827 1372 860 1441 ἦ
893 1373 1043 1438 λέξιν
1100 1375 1333 1442 ἀμεῖψαι
1382 1376 1493 1427 τῶν
1554 1378 1892 1444 ἐγκειμένων

313 1465 514 1526 ἐκεῖσε,
551 1464 586 1528 ἢ
623 1464 752 1532 μίαν
782 1463 914 1531 γοῦν
942 1466 1258 1535 παραϐῆναι
1293 1469 1586 1536 συλλαὸἡν.
1630 1488 1648 1520 ι
1713 1469 1887 1523 Τοῦτο

309 1553 368 1603 δέ
403 1553 559 1620 ἔλεγε
591 1556 725 1623 πρὸς
763 1557 887 1617 τοὺς
927 1557 1276 1625 μαχομένους
1324 1560 1414 1612 ἀεὶ
1465 1557 1544 1624 τῷ
1593 1559 1890 1629 ὀμοουσίῳ,

315 1646 393 1705 ὡς
445 1645 654 1714 προῖὼν
682 1649 708 1700 ὁ
740 1647 894 1713 λόγος
927 1648 1179 1716 δηλώσει.
1217 1650 1342 1700 Ὅτι
1374 1649 1429 1701 δὲ
1457 1647 1629 1712 οὕτως
1654 1648 1786 1720 ἔχει,
1818 1650 1892 1711 ὡς

314 1734 666 1805 διῃρημένως
712 1736 897 1804 ἔχουσι
940 1739 1005 1790 τὰ
1039 1737 1316 1807 Σύμϐολα,
1373 1740 1672 1808 παρίστησι
1737 1739 1896 1798 τοῦτο

321 1803 521 1892 σαφῶς
574 1827 606 1895 ἡ
662 1803 794 1895 ἁγία
835 1827 928 1880 καὶ
974 1803 1329 1897 οἰκον-μενικὴ
1385 1803 1619 1900 τετάρτη
1678 1827 1894 1889 σύνοδος
1926 1803 1970 1864 Β

323 1918 383 1966 ἐν
416 1920 481 1986 τῇ
517 1917 738 1988 δευτέρᾳ
767 1919 962 1989 πράξει
1001 1921 1191 1989 αὐτῆς·
1235 1939 1252 1970 ι
1297 1921 1636 1988 Πιστεύομεν
1687 1921 1764 1982 είς
1795 1919 1892 1972 ἕνα

323 2011 458 2062 Θεὸν
493 2010 708 2081 Πατέρα
733 2012 1185 2082 παντοκράτορα,
1246 2013 1457 2080 ὁρατῶν
1497 2028 1556 2064 τε
1606 2012 1696 2070 καί
1729 2009 1894 2081 ἀορά-

314 2122 424 2158 των
456 2106 706 2174 ποιητὴν,
737 2103 830 2159 καὶ
867 2107 948 2168 είς
975 2105 1080 2158 ἕνα
1106 2105 1312 2176 Κύριον
1351 2105 1561 2176 Ἰησοῦν
1625 2105 1884 2174 Χριστὸν,

312 2198 408 2250 τὸν
442 2199 574 2251 Υἱὸν
599 2198 692 2250 τοῦ
713 2197 868 2262 Θεοῦ,
899 2198 1228 2264 γεννηθέντα
1251 2200 1314 2252 ἐκ
1353 2198 1447 2251 τοῦ
1475 2196 1711 2266 [ἰατρὸς.
1740 2212 1895 2262 μονο-

317 2293 476 2356 γενῆ,
507 2289 791 2342 τουτέστιν
817 2291 882 2343 ἐκ
913 2292 1013 2354 τῆς
1047 2289 1237 2353 οὐσίας
1265 2289 1362 2343 τοῦ
1402 2289 1639 2358 Πατρὺς,
1671 2289 1803 2340 Θεὸν
1825 2291 1890 2340 ἐκ

311 2381 475 2446 Θεοῦ,
509 2381 624 2452 φῶς
657 2384 720 2434 ἐκ
749 2383 952 2450 φωτὸς,
989 2380 1125 2434 Θεὸν
1161 2379 1412 2450 ἀληθινὸν
1443 2383 1505 2433 ἐκ
1534 2380 1671 2433 Θεοῦ
1700 2379 1894 2448 ἀληθιο
1964 2398 1969 2406 ·

310 2476 428 2540 νοῦ,
462 2475 815 2542 γεννηθέντα,
847 2476 906 2526 οὐ
944 2474 1260 2543 ποιηθέντα,
1317 2473 1607 2544 ὁμοούσιον
1648 2473 1725 2539 τῷ
1781 2473 1890 2526 Πα-

310 2567 424 2632 τρὶ.
457 2565 527 2619 δι’
549 2559 611 2619 οῦ
661 2567 729 2620 τὰ
759 2567 937 2620 πάντα
971 2568 1212 2634 ἐγένετο.
1241 2566 1310 2620 τά
1349 2583 1410 2618 τε
1447 2567 1506 2618 ἐν
1551 2566 1766 2636 οὐρανῷ
1795 2566 1892 2618 καὶ

310 2658 381 2707 τὰ
412 2659 474 2706 ἐν
503 2658 569 2725 τῇ
605 2659 697 2722 γῇ,
720 2656 809 2708 τὸν
840 2656 908 2708 δι’
939 2657 1087 2726 ἡμᾶς
1115 2655 1239 2716 τοὺς
1260 2655 1607 2723 ἀνθρώπους,
1675 2655 1768 2708 καὶ
1801 2653 1889 2708 διὰ

313 2748 416 2816 τὴν
470 2748 748 2817 ἡμετέραν
795 2748 1073 2816 σωτηρίαν
1133 2747 1484 2812 κατελθόντα,
1539 2747 1634 2798 καὶ
1671 2762 1890 2815 σαρκω-

313 2839 504 2904 θέντα,
556 2840 656 2892 καὶ
704 2837 1224 2908 ἐνανθρωπήσαντα,
1288 2836 1554 2902 παθόντα,
1614 2837 1710 2890 καὶ
1762 2839 1892 2889 ἀνα-

314 2929 522 2983 στάντα
565 2931 632 2999 τῇ
662 2929 824 3002 τρίτῃ
855 2929 1063 2998 ἡμέρᾳ,
1119 2927 1414 2981 ἀνελθόντα
1461 2929 1544 2987 εἰς
1601 2925 1886 2996 οὐρανοὺς,

311 3021 610 3088 ἐρχόμενον
632 3022 816 3091 κρῖναι
851 3019 1060 3084 ζῶντας
1089 3021 1202 3072 ’καὶ
1251 3019 1502 3090 νεκροὺς,
1545 3017 1640 3071 καὶ
1699 3017 1779 3080 είς
1832 3013 1892 3068 τὸ

316 3109 545 3179 Πνεῦμα
575 3109 635 3163 τδ
661 3112 837 3179 ἅγιον.
865 3111 1002 3176 Τοὺς
1028 3110 1084 3164 δὲ
1107 3110 1386 3179 λέγοντας,
1438 3107 1545 3162 Ἦν
1602 3125 1738 3161 ποτε
1803 3108 1890 3159 ὅτε

316 3207 419 3256 οἶσι
445 3198 535 3272 ἦν,
565 3203 662 3255 καὶ
693 3204 822 3273 πρὶν
849 3201 1175 3272 γεννηθῆναι
1201 3202 1298 3255 οὐκ
1322 3195 1414 3271 ἦν,
1470 3200 1565 3254 καὶ
1587 3201 1670 3252 ὅτι
1702 3198 1765 3262 ἐξ
1790 3197 1892 3250 οὐκ

318 3292 494 3345 ὄντων
524 3293 758 3358 ἐγένετο,
802 3291 916 3362 ἠὲξ
946 3291 1141 3363 ἐτέρας
1181 3293 1536 3350 ὑποστάσεως
1617 3290 1651 3360 ἢ
1703 3288 1894 3353 οὐσίας

316 3384 637 3451 φάσκοντας
659 3380 824 3444 εἶναι,
861 3385 1172 3454 ἦτρεπτὸν,
1220 3385 1253 3453 ἢ
1279 3383 1569 3438 ἀλλοιωτὸν
1619 3383 1711 3436 τὸν
1761 3381 1892 3434 Υίὸν

311 3474 413 3530 τοῦ
443 3474 604 3540 Θεοῦ,
635 3474 860 3538 τούτους
887 3475 1276 3545 ἀναθεματίζει
1309 3477 1344 3544 ἡ
1369 3477 1717 3546 ἁποστολικη
1766 3475 1896 3530 Ἐκ-

319 3565 549 3635 κλησία.
587 3567 649 3619 Oi
679 3566 1062 3621 εὐλαϐέστατοι
1111 3567 1401 3620 ἐπίσκοποι
1435 3567 1691 3637 ἐϐόησαν·
1742 3567 1891 3636 Αὕτη

318 3659 353 3725 ἡ
382 3657 569 3721 πίστις
595 3657 703 3711 τῶν
725 3656 1041 3727 ὀρθοδόξων.
1063 3658 1281 3728 Ταύτην
1318 3659 1519 3721 πάντες
1543 3658 1896 3729 πιστεύομεν.

336 3748 434 3800 Ἐν
451 3748 628 3819 ταύτῃ
645 3748 1075 3819 ἐϐαπτίσθημεν.
1097 3749 1186 3801 Ἐν
1213 3749 1385 3821 ταύτῃ
1419 3749 1784 3820 βαπτίζομεν.
1836 3753 1894 3803 Ὀ

321 3841 602 3912 μακάριος
630 3841 926 3906 ἐπίσκοπος
955 3840 1221 3913 Κύριλλος
1241 3841 1409 3904 οὕτως
1429 3842 1692 3907 ἐδίδαξεν.
1745 3840 1894 3910 Λῦτη

318 3937 353 4002 ἡ
377 3933 610 4002 ἀληθινὴ
628 3935 832 3996 πίστις.
854 3931 1000 4000 Λῦτη
1034 3932 1162 4000 ἁγία
1181 3933 1385 3994 πίστις.
1415 3930 1566 4001 Αῦτη
1589 3931 1784 3984 αίωνία.
1805 3931 1896 3982 πί-

317 4042 464 4087 στις.
491 4024 578 4085 Ei;
595 4023 792 4094 ταύτην
815 4025 1244 4093 ἐδαπτίσθημεν.
1277 4026 1334 4076 '0
1382 4023 1610 4084 πάππας
1637 4024 1790 4076 Λέων
1808 4022 1898 4074 οῦ-

318 4133 432 4176 τω;
450 4115 788 4168 ἐπίστευσεν.
806 4117 865 4168 Ὀ
885 4116 1117 4178 πάππις
1147 4115 1297 4168 Λέων
1326 4114 1498 4178 οὕτως
1525 4115 1894 4184 ὴρμήνευσεν.

323 4206 396 4261 ΟΞ
428 4207 758 4270 ἐνδοξότατοι
783 4209 1040 4278 ἄρχοντες
1098 4209 1192 4260 καὶ
1224 4209 1257 4277 ἡ
1308 4207 1595 4276 ὑπερφυὴς
1656 4206 1897 4275 σύγκλη-

317 4315 415 4350 τος
447 4293 627 4350 εἶπον·
687 4299 1240 4366 Ἀναγινωσκέτωσαν
1274 4299 1331 4350 δὲ
1378 4301 1471 4352 καὶ
1505 4298 1574 4352 τὰ
1605 4297 1899 4350 ἐκτεθέντα

324 4391 483 4460 παρὰ
512 4389 622 4440 τῶν
657 4390 851 4444 ἑκατὸν
885 4391 1224 4460 πεντήκοντα
1258 4388 1430 4458 ἁγίων
1461 4390 1740 4458 Πατὲρων.
1781 4389 1900 4442 ’Λέ-

2060 927 2146 979 il.
2185 930 2302 985 Duo
2339 947 2502 999 porro
2529 933 2786 1004 Symbola
2829 951 2933 989 non
2965 935 3134 991 fuisse
3165 953 3328 991 unam
3365 940 3566 992 doctri-

1989 1033 2138 1083 nam,
2174 1036 2353 1091 ueque
2413 1039 2474 1076 ea
2501 1023 2734 1092 aliquem
2771 1041 2936 1079 unum
2965 1043 3028 1080 ex
3051 1026 3302 1081 Patribus
3331 1030 3570 1084 univissc

1987 1111 2060 1164 in-
2081 1115 2337 1180 praesenti
2371 1115 2850 1172 detuoustrabitur.
2879 1118 2937 1172 Et
2969 1120 3202 1187 primum
3232 1121 3451 1190 quidem
3501 1139 3565 1176 ex

1991 1207 2149 1258 tertia
2184 1207 2416 1276 synodo.
2445 1206 2568 1263 [Lee
2596 1211 2740 1264 enim
2776 1210 3014 1282 Symboli
3081 1210 3284 1266 Nicmni
3339 1215 3573 1266 mentio-

1991 1311 2115 1351 nem
2161 1296 2309 1362 fecit,
2348 1300 2494 1354 etde
2521 1316 2583 1354 ea
2634 1302 2800 1356 tradit

2844 1319 2858 1356 :
2895 1321 2913 1353 ι
2958 1301 3148 1371 Neque
3201 1303 3571 1372 permittimus

1999 1387 2154 1442 nobis
2193 1389 2344 1458 ipsis.
2370 1407 2547 1462 neque
2585 1393 2730 1458 aliis,
2789 1404 2881 1447 aut
2935 1393 3228 1449 dictionem
3275 1396 3570 1449 immutare

1997 1497 2060 1536 ex
2107 1482 2172 1536 iis
2207 1498 2326 1551 qua:
2359 1483 2430 1538 ibi
2475 1493 2626 1548 sunt,
2688 1494 2782 1539 aut.
2825 1485 3013 1540 saltem
3075 1502 3236 1539 unam
3304 1486 3568 1554 syllabam

1997 1583 2339 1640 prrevertere.
2379 1591 2398 1626 ι
2435 1573 2546 1628 Hoc
2580 1588 2707 1628 vero
2740 1576 3000 1629 adversus
3059 1573 3329 1629 homousii
3390 1592 3560 1644 oppu-

1997 1673 2249 1734 gnatores
2275 1665 2512 1731 dicebat,
2563 1675 2626 1721 ut
2663 1667 2964 1737 procedens
2994 1669 3181 1722 oratio
3240 1670 3566 1724 manifesta-

2001 1758 2094 1810 bit.
2130 1757 2185 1810 ld
2244 1767 2422 1812 autem
2470 1759 2540 1813 ita
2595 1775 2654 1815 se
2711 1761 2929 1826 habere,
2960 1761 3070 1815 duo
3123 1761 3332 1815 scilicet
3409 1761 3572 1830 Sym-

1999 1847 2121 1914 bola
2156 1848 2326 1902 divisa
2356 1850 2497 1904 inter
2523 1865 2580 1904 se
2609 1865 2749 1915 esse,
2783 1852 2940 1917 plane
2967 1853 3259 1906 eontirmat
3295 1845 3482 1906 saneta
3518 1859 3573 1904 et

1998 1940 2337 1999 meumenica
2363 1952 2554 2010 quarta
2589 1943 2830 2011 synodus
2855 1943 3066 1998 actione
3087 1945 3357 1999 secunda:
3394 1961 3413 1993 ι
3438 1943 3572 1996 Cre-

1996 2031 2178 2085 dimus
2213 2032 2264 2086 in
2299 2049 2464 2085 unum
2499 2033 2666 2086 Deum
2700 2033 2912 2087 Patrem
2943 2036 3404 2102 omnipotentem.
3431 2033 3566 2087 visi-

1996 2121 2187 2175 bilium
2223 2129 2278 2175 et
2305 2121 2661 2175 invisibilium
2686 2121 2968 2176 factorem.
2999 2123 3060 2177 Et
3099 2124 3150 2175 in
3183 2137 3352 2175 unum
3378 2122 3560 2174 Domi-

1996 2229 2126 2268 num
2161 2211 2346 2270 Jesum
2381 2213 2661 2268 Christum
2699 2213 2894 2267 Filium
2924 2213 3043 2278 Dei,
3067 2230 3130 2268 ex
3167 2213 3326 2266 Patre
3359 2219 3572 2273 natum,

1997 2303 2356 2371 unigenitum,
2385 2306 2486 2358 hoc
2516 2313 2600 2360 est
2630 2305 2874 2372 ejusdem
2899 2320 3020 2358 cum
3046 2305 3202 2359 Patre
3231 2305 3572 2367 substantia»,

1999 2391 2163 2448 Deum
2190 2394 2257 2447 de
2283 2393 2411 2458 Deo,
2435 2394 2613 2447 lumen
2637 2394 2706 2459 de
2725 2393 2951 2455 lumine,
2982 2392 3148 2448 Deum
3174 2409 3358 2448 verum
3380 2395 3447 2447 de
3467 2395 3574 2447 Deo

1998 2498 2148 2548 vero,
2181 2483 2447 2552 genitum,
2483 2499 2589 2537 non
2626 2483 2852 2546 factum,
2885 2485 3416 2540 consubstantialem
3469 2487 3576 2537 Pa—

1999 2573 2089 2637 tri,
2120 2589 2210 2642 per
2241 2590 2400 2644 quem
2422 2575 2607 2630 omnia
2635 2576 2776 2630 facta
2810 2585 2959 2641 sunt,
2988 2586 3099 2628 tum
3138 2591 3264 2644 quae
3310 2577 3363 2628 in
3408 2575 3573 2639 ccelo,

1997 2675 2112 2721 tum
2148 2682 2269 2736 quae
2293 2668 2509 2722 interra
2536 2679 2687 2722 sant.
2715 2667 2820 2733 Qui
2849 2675 3071 2738 propter
3101 2682 3201 2721 nos
3223 2666 3494 2729 homines,
3523 2675 3571 2719 ct

1997 2769 2221 2830 propter
2301 2769 2546 2814 nostram
2634 2760 2868 2815 salutem
2961 2757 3272 2823 descendit,
3348 2767 3404 2813 et
3490 2757 3574 2810 iu-

1997 2861 2268 2906 carnatus.
2313 2859 2418 2915 est,
2475 2859 2532 2906 et
2610 2851 2941 2906 humanatns
3035 2858 3138 2913 est,
3223 2864 3443 2918 passus,
3517 2853 3575 2902 et

1997 2943 2296 2999 resurrexit
2322 2943 2477 2998 tertia
2513 2943 2626 3004 die,
2655 2943 2977 2998 etiaseendit
3029 2943 3083 2996 in
3133 2942 3326 3006 cmlos,
3359 2953 3412 2994 et
3440 2955 3570 2993 ven-

1999 3040 2150 3086 turus
2180 3040 2264 3088 est
2327 3031 2570 3100 judicare
2625 3031 2778 3084 vivos
2809 3040 2862 3084 et
2918 3041 3182 3084 mortuos.
3247 3029 3312 3081 Et
3360 3028 3410 3080 in
3453 3027 3571 3096 Spi-

1997 3123 2163 3175 ritum
2205 3131 2480 3176 sanctnm.
2529 3118 2634 3174 Eos
2695 3117 3002 3188 porro,qui
3054 3117 3263 3179 dicunt,
3299 3127 3416 3170 erat
3465 3117 3572 3170 ali-

2000 3210 2220 3282 quando
2268 3209 2494 3281 quando
2524 3224 2632 3264 non
2669 3220 2810 3272 erat,
2833 3218 2888 3264 et
2914 3219 3040 3264 ante
3107 3224 3270 3280 quam
3341 3223 3572 3277 genera-

1999 3316 2150 3359 retur
2186 3318 2294 3358 non
2329 3313 2466 3365 erat,
2491 3313 2546 3357 et
2573 3302 2716 3372 quod
2737 3302 2888 3357 exiis
2905 3316 3026 3371 qua:
3043 3315 3150 3355 non
3177 3309 3334 3355 erant
3393 3299 3570 3354 factus

1999 3401 2104 3458 est,
2134 3401 2226 3446 aut
2256 3407 2321 3446 ex
2356 3391 2460 3444 alia
2491 3390 2821 3456 substantia,
2845 3399 2940 3444 aut
2970 3390 3211 3446 essentia
3238 3389 3572 3443 aﬂirmautes

1999 3497 2143 3545 esse,
2167 3491 2259 3536 aut
2295 3481 2632 3545 mutabilem,
2667 3488 2762 3534 aut
2786 3466 3152 3543 alterabilein,
3179 3495 3274 3535 eos
3323 3479 3568 3534 Ecclesia

2000 3575 2296 3644 apostolica
2315 3576 2662 3627 anathemata
2683 3572 2828 3627 ferit.
2855 3571 3314 3630 Reverendissimi
3331 3570 3569 3640 episcopi

2003 3666 2393 3720 clamaret-unt.
2423 3663 2548 3719 [late
2580 3663 2714 3719 ﬁdes
2742 3663 3198 3719 orthodoxorum.
3235 3663 3439 3718 Omnes
3491 3666 3571 3716 sic

2000 3756 2290 3809 credimus.
2321 3755 2504 3833 ln'hac
2529 3753 2787 3823 baptizati
2813 3770 3028 3810 sumus.
3061 3756 3120 3808 in
3177 3755 3281 3807 hac
3333 3753 3576 3822 baptiza-

2001 3861 2143 3900 mus.
2177 3844 2374 3901 Beatus
2399 3846 2688 3914 episcopus
2759 3847 2994 3916 Cyrinus
3047 3847 3117 3900 ita
3177 3845 3383 3900 docuit.
3447 3845 3571 3898 llaec

2001 3952 2124 3991 vera
2171 3936 2323 3991 ﬁdes.
2368 3936 2494 3992 llaec
2523 3947 2710 3991 sancta
2752 3937 3050 3994 lides.lla:c
3078 3947 3277 3992 aeterna
3324 3936 3477 3991 ﬁdes.
3509 3937 3565 3988 lu

2001 4026 2141 4081 hanc
2181 4027 2438 4096 baptizati
2463 4043 2672 4085 smmis.
2702 4028 2841 4097 Papa
2873 4027 2983 4081 Leo
3013 4029 3084 4080 ita
3123 4027 3378 4081 credidit.
3423 4026 3567 4093 Papa

1999 4114 2110 4171 Leo
2143 4117 2214 4170 ita
2243 4119 2633 4185 interpretatus
2662 4128 2766 4173 est.
2826 4116 3224 4172 Gratiosissimi
3275 4115 3570 4184 principes,

1999 4215 2054 4260 et
2089 4206 2456 4274 amplissimus
2479 4217 2706 4261 senatus
2723 4206 2978 4260 dixerunt
3005 4204 3352 4260 :Reciteutur
3374 4213 3427 4258 et
3449 4221 3569 4273 qua:

2001 4314 2030 4351 a
2085 4307 2304 4351 centum
2358 4298 2746 4366 quinquaginta
2815 4295 3064 4352 Patribus
3115 4296 3365 4364 exposita
3420 4303 3570 4348 sunt.

2001 4389 2190 4444 Aetius
2251 4388 2530 4459 piissimus
2564 4387 2832 4443 diaconus
2855 4403 2917 4441 ex
2971 4387 3248 4442 volumine
3278 4386 3528 4440 recitavit
3561 4401 3574 4436 :

331 4497 450 4541 τιος
501 4479 891 4543 εὐλαϐέστατος
941 4481 1186 4544 διάκονος
1251 4481 1356 4533 ἀπὸ
1400 4480 1602 4550 βιϐλίου
1657 4480 1890 4548 ὰιέγνω·

2004 4479 2201 4534 Sancta
2229 4480 2383 4543 lides,
2410 4495 2572 4549 quam
2601 4479 2890 4534 ediderunt
2922 4487 3142 4534 centum
3168 4479 3576 4548 quinquaginta

346 4571 415 4622 Ἦ
439 4571 570 4638 ἁγία
605 4571 806 4634 πίστις,
839 4570 905 4641 ἢν
936 4572 1185 4637 ἐξέθεντο
1211 4572 1260 4623 οἱ
1292 4570 1438 4637 ἅγιοι
1467 4570 1660 4623 ἑκατὸν
1708 4571 1903 4639 πεντή-

334 4681 504 4714 κοντα
538 4664 780 4733 Πατέρά·
837 4664 1207 4732 συμφωνοῦσα
1256 4667 1320 4733 τῇ
1355 4663 1486 4732 ἁγίᾳ
1545 4663 1637 4714 καὶ
1689 4662 1901 4731 μεγάλῃ

328 4754 538 4822 συνίδῳ
566 4758 631 4823 τῇ
659 4757 716 4808 ἐν
745 4755 968 4824 Νικαία·
1005 4753 1338 4824 Πιστεύομεν
1363 4755 1443 4816 είς
1491 4755 1584 4807 ἕνα
1615 4755 1748 4806 Θεὸν
1789 4755 1900 4806 Πα-

323 4849 464 4914 τέρα
499 4849 968 4913 παντοκράτορϊι
1005 4847 1102 4898 καὶ
1125 4847 1191 4899 τὰ
1222 4845 1348 4914 ἐξῆς
1387 4847 1549 4914 μέχρι
1582 4843 1700 4909 τοῦ,
1741 4845 1902 4912 (μέλ-

324 4939 517 4998 ὶοντος
546 4939 756 5000 αίιῖ.’νος.
795 4937 990 5005 Ἀμήν.
1031 4937 1240 4998 Πάντες
1286 4937 1336 4988 oi
1364 4935 1748 4987 εὐλαϐέστατοι
1775 4935 1896 4987 ἐπί-

321 5043 533 5080 σκοποι
562 5027 815 5096 ἐϐόησαν·
849 5027 992 5098 Λῦτη
1023 5028 1240 5093 πάντων
1283 5029 1489 5090 πίστις.
1518 5026 1666 5095 Α’ὐτη
1719 5027 1900 5090 πίστις

319 5120 436 5171 τῶν
465 5118 949 5186 όρθοδόξων.0’ύτω
973 5121 1172 5182 πάντες
1199 5119 1582 5187 πιστεύομεν.»
1627 5119 1901 5186 ’Λναγνω-

323 5209 570 5262 σθέντων
606 5210 661 5262 δέ
694 5212 788 5262 καὶ
841 5211 946 5262 τῶν
981 5211 1252 5278 Κυρίλλου
1300 5209 1622 5271 ἐπιστολῶν,
1678 5210 1726 5261 οἱ
1780 5209 1902 5262 ἐπί-

321 5318 526 5352 σκοποι
605 5302 878 5371 ἐϐόησανυ
940 5320 957 5351 ι
1040 5304 1244 5364 Πάντες
1337 5300 1476 5353 οῦῑω
1548 5299 1894 5368 πιστεύομεν.

328 5394 397 5444 '0
423 5394 654 5455 πάππας
694 5394 851 5447 Λέων
902 5395 1073 5457 οῦτως
1127 5393 1393 5446 πιστεύει.
1473 5392 1704 5459 Ὁμοίως
1743 5394 1898 5446 Λέων

321 5485 425 5535 καὶ
453 5485 784 5548 ’Λνατόλιος.
835 5484 923 5545 Ὣς
958 5485 1248 5554 Κύριλλος,
1279 5483 1421 5536 οὐτω
1480 5485 1833 5551 πιστεύομεν,
1870 5504 1888 5537 ι

333 5577 808 5647 Ἀναγνωσθείσης
847 5578 903 5631 δέ
941 5578 1034 5629 καὶ
1062 5578 1155 5644 τῆς
1201 5578 1487 5645 ἐπιστολῆς
1530 5577 1780 5640 Λέοντος,
1829 5579 1896 5629 τὰ

321 5669 468 5721 αὑτὰ
499 5669 828 5740 ἐπεϐόησαν.
873 5669 1151 5732 Ὡσαύτως
1180 5668 1534 5739 περὶτούτων
1606 5669 1711 5720 τῶν
1755 5685 1895 5737 συμ-

319 5758 524 5827 ϐόλων,
557 5761 651 5814 καὶ
694 5763 747 5814 ἐν
792 5766 856 5832 τῇ
925 5766 1146 5833 πέμπτῃ
1211 5763 1338 5831 ἁγίᾳ
1396 5763 1488 5815 καὶ
1535 5765 1888 5833 οἰκονμῑνσκῇ

2005 4571 2212 4635 Patres,
2239 4581 2403 4625 etest
2452 4585 2684 4624 concors
2739 4579 2941 4624 sanctae
2980 4584 3310 4640 magnaeque
3369 4571 3578 4640 synodo

2004 4661 2265 4716 Nicmnae:
2289 4661 2573 4716 Credimus
2605 4662 2657 4716 iu
2683 4678 2849 4716 unum
2882 4661 3070 4727 Deum,
3095 4661 3306 4717 Patrem
3329 4664 3580 4732 omnipo-

2007 4751 2230 4818 tentem,
2273 4773 2290 4805 ι
2323 4763 2375 4808 et
2401 4753 2611 4822 seliq‘ua
2652 4769 2823 4821 usque
2851 4754 2916 4806 ad
2949 4754 3062 4820 illa,
3106 4773 3124 4806 ι
3157 4754 3324 4810 futuri
3369 4755 3576 4809 saeculi.

2002 4842 2196 4898 Amen.
2227 4843 2427 4898 Omnes
2449 4843 2676 4914 piissimi
2708 4841 2963 4914 Episcopi
2994 4845 3405 4900 clamaverunt:
3448 4845 3572 4898 Ilaec

2003 4936 2246 4989 omnium
2279 4935 2410 4990 iides
2435 4943 2538 4990 est.
2575 4934 2701 4989 Haec
2755 4934 2888 4989 ﬁdes
2951 4936 3403 4991 orthodoxorum.
3481 4934 3572 4987 Sic

2004 5045 2195 5085 Omnes
2228 5027 2524 5082 credimus.
2558 5045 2577 5078 ι
2622 5025 2885 5082 liecitatis
2939 5038 3119 5082 autem
3150 5035 3204 5082 et
3232 5026 3414 5095 Cyrilti
3457 5025 3572 5091 epi-

2003 5121 2185 5184 stolis,
2205 5117 2442 5187 episcopi
2472 5117 2779 5172 clamarunt
2810 5134 2824 5171 :
2861 5136 2879 5169 ι
2925 5117 3014 5172 Sic
3051 5132 3242 5173 omnes
3271 5114 3574 5170 credimus.

2001 5211 2108 5266 Leo
2137 5209 2280 5279 Papa
2313 5209 2392 5264 sic
2425 5209 2618 5264 credit.
2657 5208 3042 5264 SimiliterLeo
3067 5217 3118 5262 et
3162 5205 3464 5260 Anatolius.
3493 5203 3579 5259 Uti

1999 5305 2254 5376 Cyrillus,
2285 5304 2357 5357 ita
2411 5304 2706 5358 credimus.
2757 5323 2775 5356 ι
2817 5301 2980 5356 Lecta
3028 5302 3155 5354 item
3205 5298 3405 5351 Leonis
3454 5296 3576 5366 epi-

2003 5398 2162 5460 stola,
2182 5397 2368 5450 eadem
2402 5397 2799 5450 clamaverunt.
2820 5394 3020 5449 Eodem
3055 5405 3267 5459 quoque
3287 5389 3578 5443 modoha'c

2005 5487 2259 5559 Symbola
2277 5496 2329 5542 et
2365 5488 2416 5542 in
2450 5495 2637 5544 sancta
2671 5488 2857 5556 quinta
2887 5495 2935 5537 et
2969 5482 3303 5538 (ecumenica
3340 5480 3574 5551 synodo,

2008 5582 2155 5634 nullo
2178 5581 2484 5643 immutate,
2518 5579 2648 5632 etin
2690 5585 2881 5631 octavo
2949 5583 3094 5626 tomo
3150 5583 3356 5627 sancire
3407 5583 3574 5629 sexta:

2003 5671 2214 5742 synodi,
2253 5670 2462 5724 actione
2489 5669 2696 5724 decima
2728 5666 2955 5736 septima
2981 5681 3086 5720 non
3114 5666 3218 5721 alia
3248 5668 3457 5720 ratione
3481 5667 3567 5719 di-

2001 5766 2113 5822 visa
2147 5764 2405 5836 reperies.
2439 5761 2680 5832 Namque
2705 5759 2968 5817 scribitur
3001 5779 3012 5815 :
3052 5779 3067 5812 ι
3106 5759 3386 5832 Expositio
3440 5759 3566 5814 ﬁdei
