3982 6208
433 326 540 395 223

1376 331 1768 396 GREGORII
1799 337 2102 398 ΜΑΜΜΕ
2145 341 2255 401 (ΣΡ.
2301 342 2817 406 PATRIARCH/E

3593 347 3703 411 224

436 459 654 506 centum
694 449 894 508 decem
923 461 976 509 et
1010 460 1138 511 octo
1167 452 1528 511 .Nicarnorum
1580 463 1894 512 sanctorum
1958 465 2013 514 et

2121 463 2324 533 συνόδῳ
2387 465 2847 536 ἀπαραλλάκτως,
2925 471 3018 521 καὶ
3069 471 3126 522 ὲν
3178 468 3256 538 τῷ
3312 468 3483 538 ὀγδόῳ
3535 467 3702 539 Τόμῳ

437 543 716 595 beatorum
738 543 1306 604 Patrum:Credimus
1329 548 1383 602 in
1415 564 1584 602 unum
1613 549 1780 603 Deum
1805 548 2019 604 Patmn

435 632 900 699 omnipotentem:
947 651 964 686 ι
1008 643 1180 690 totum
1243 635 1548 701 Nicmnum,
1579 639 1739 706 cujus
1798 640 1852 693 in
1915 641 2020 696 line

436 722 730 778 subditur:
776 743 796 777 ι
830 724 1113 795 Expositio
1164 728 1287 783 lidei
1339 737 1560 784 centum
1621 731 2021 802 quinquaginta

432 813 1170 887 Constantinopolilanorum
1198 819 1481 876 beatorum
1507 821 1752 877 Patrum.
1772 842 1790 876 ι
1824 822 2019 878 Vides-

434 922 502 960 ne
540 909 833 975 separatim
853 911 1256 980 sejunctimque
1290 913 1404 968 lucc
1441 928 1596 968 sacra
1644 914 1902 985 Symbola
1933 915 2017 969 di-

432 1001 570 1069 geri,
592 1008 646 1054 et
677 1015 785 1054 non
809 1011 868 1056 ut
902 1003 1174 1073 Ephesius
1232 1006 1620 1068 contendebat,
1653 1024 1671 1058 ι
1709 1005 1880 1061 Unam
1919 1007 2020 1062 do-

433 1093 668 1146 ctrinam
699 1092 899 1149 fecisse
932 1093 1145 1161 Patres,
1185 1097 1238 1150 in
1279 1113 1445 1152 unum
1508 1097 1618 1152 illis
1654 1098 1844 1164 unitis,
1879 1099 2023 1153 sicut

435 1199 615 1261 rerum
636 1185 826 1240 harum
861 1185 1050 1244 insciis
1077 1189 1394 1245 videbatur?
1415 1191 1476 1244 Et
1497 1189 1718 1246 divinus
1745 1190 1979 1261 Cyrillus
2004 1207 2018 1244 :

440 1295 458 1329 ι
483 1276 600 1332 Non
630 1280 994 1350 permittimus
1017 1297 1194 1351 neque
1214 1283 1374 1338 nobis
1390 1284 1542 1352 ipsis,
1565 1297 1742 1352 neque
1759 1282 1905 1347 aliis,
1925 1290 2020 1336 aut

435 1372 729 1430 dictionem
757 1376 912 1432 exiis
957 1393 1080 1448 qua:
1107 1379 1159 1433 in
1184 1393 1250 1432 eo
1275 1378 1569 1445 habentur,
1594 1381 1904 1440 immutare,
1926 1387 2021 1432 aut

434 1480 597 1520 unam
619 1467 807 1522 saltem
827 1467 1086 1539 syllabam
1129 1479 1472 1542 przevertere,
1487 1491 1506 1524 ι
1530 1472 1791 1529 adversus
1807 1485 1902 1527 eos
1921 1471 2014 1541 qui

434 1571 650 1628 semper
675 1559 962 1617 homousio
998 1564 1450 1627 adversabantur.
1477 1565 1777 1635 eloquitur.

2120 552 2218 617 τῆς
2251 555 2410 622 ἁγίας
2437 555 2602 627 ἕκτης
2633 557 2856 610 συνόδου
2891 559 2948 611 ἐν
2965 558 3172 629 Πράξει
3232 558 3700 629 ἑπτακαιδεκάτῃ,

2123 645 2377 714 εὑρήσεις
2402 645 2546 700 οὔτω
2575 649 2642 700 τὰ
2678 647 2928 714 σύμϐολα
2967 649 3296 721 διῃρημένα.
3352 650 3493 720 Φησὶ
3556 651 3690 718 γάρ·

2125 758 2142 788 ι
2173 738 2429 802 ’Έκθεσις
2455 739 2691 803 πίστεως
2718 741 2826 794 τῶν
2847 741 2904 794 ὲν
2927 742 3134 813 Νικαία
3195 749 3302 810 τιη¹
3358 742 3538 810 ἁγίων
3588 743 3687 794 καὶ

2107 829 2412 897 ,μακαρίων
2444 832 2728 902 Πατέρωνο
2774 833 3116 902 Πιστεὺομεν
3139 835 3219 898 είς
3257 833 3356 888 Eva
3413 833 3549 887 Θεὸν
3587 835 3706 888 Πα-

2123 922 2258 992 τέρα
2291 925 2711 994 παντοκράτορα
2735 941 2750 956 ·
2785 943 2802 976 ι
2837 924 2897 978 τὸ
2923 926 3056 977 ὅλον
3085 925 3146 978 τὸ
3198 925 3258 978 ὲν
3318 924 3545 994 Νικαίᾳ,
3609 925 3705 978 καὶ

2127 1014 2266 1084 μετὰ
2299 1016 2362 1068 τὸ
2402 1017 2557 1080 τέλος
2602 1017 2798 1070 τούτου
2850 1017 3042 1086 φησίν
3100 1035 3120 1070 ι
3149 1017 3406 1081 Ἐκθεσις
3463 1016 3707 1079 πίστεως

2121 1106 2230 1160 τῶν
2274 1107 2333 1160 ὲν
2359 1109 2938 1163 Κωνσταντινουπόλει
2971 1109 3168 1163 ἑκατὸν
3199 1111 3542 1187 πεντήκοντα
3597 1125 3705 1178 μα-

2123 1199 2333 1266 καρίων
2362 1197 2649 1268 Πατάρων.
2685 1217 2704 1250 ι
2755 1199 2923 1270 Ὁρᾷς
2971 1199 3054 1252 ὅτι
3085 1198 3189 1252 ἀνὰ
3216 1199 3379 1268 μέρος
3411 1197 3597 1268 ἔχουσι
3633 1199 3707 1251 τὰ

2125 1290 2248 1359 ιερὰ
2283 1289 2550 1359 συμβολα,
2577 1290 2671 1344 καὶ
2701 1290 2802 1358 οὐχ
2823 1290 2898 1353 ὡς
2921 1292 2949 1344 ό
2992 1290 3223 1361 Ἐφέσου
3269 1290 3490 1359 ἔλεγεν,
3525 1290 3609 1343 ὅτι
3639 1291 3702 1343 ἓν

2128 1377 2358 1448 μάθημα
2411 1379 2680 1446 ἐποίησαν
2726 1379 2776 1432 οἱ
2835 1379 3102 1450 Πατέρες,
3151 1379 3450 1442 ἑνώσαντες
3501 1379 3704 1446 ταῦτα,

2121 1469 2259 1539 ὅπερ
2279 1471 2390 1532 τοῖς
2416 1470 2702 1537 ἀγνοοῦσιν
2730 1471 2925 1525 ἐδόκει.
2955 1473 3063 1525 Καὶ
3091 1474 3119 1526 ὁ
3147 1473 3289 1536 θεῖος
3325 1473 3383 1525 δὲ
3435 1473 3706 1542 Κύριλλος

2125 1559 2208 1625 τὸ,
2255 1577 2274 1612 ι
2305 1558 2422 1615 Οὐκ
2457 1560 2828 1633 ἐπιτρέπομεν
2883 1563 3123 1628 ἑαυτοῖς,
3175 1565 3210 1636 ἢ
3253 1563 3485 1633 ἑτέροις,
3546 1563 3580 1631 ἦ
3614 1563 3704 1616 λέ-

435 1654 515 1716 ξιν
545 1655 778 1724 ἀμεῖψαι
808 1656 918 1709 τῶν
949 1658 1292 1727 ἐγκειμένων
1339 1661 1548 1726 ἐκεῖσε,
1612 1659 1648 1730 ἦ
1686 1657 1816 1730 μίαν
1870 1656 2004 1726 γοῦν
2040 1653 2364 1724 παραϐῆναι
2393 1654 2696 1725 συλλαϐὴν,
2729 1675 2747 1708 ι
2815 1655 2955 1728 πρὸς
3021 1659 3148 1721 τοὺς
3212 1659 3550 1729 μαχόμένοος
3615 1660 3704 1713 ἀεὶ

433 1745 510 1814 τῷ
537 1747 809 1818 όμοσυσίῳ
826 1747 988 1804 τοῦτό
1017 1768 1206 1821 φησιν.

506 1839 596 1895 ιε.
629 1839 695 1920 Et
728 1859 839 1898 rem
865 1844 938 1899 ita
976 1860 1036 1901 se
1103 1846 1323 1912 habere,
1387 1857 1552 1918 atque
1615 1849 1684 1904 de
1718 1848 2005 1907 bomousio

2187 1839 2278 1911 ιβ’.
2315 1841 2436 1896 Ὅτι
2471 1841 2528 1895 δὲ
2560 1841 2736 1906 οὕτως
2783 1842 3029 1914 ixmil);
3076 1844 3205 1915 περὶ
3273 1842 3368 1896 τοῦ
3411 1842 3699 1912 ὁμοουσίου

435 1946 740 1986 sermonem
770 1949 892 1989 esse
923 1944 976 1990 et
997 1937 1088 1990 alii
1140 1938 1360 2008 quidem
1417 1939 1808 2010 quamplurimi
1862 1955 2013 1995 asse-

435 2032 626 2079 verant
657 2043 672 2092 ;
703 2027 798 2081 sed
828 2029 892 2082 ad
929 2029 978 2082 id
1005 2031 1372 2085 roborandum
1405 2033 1542 2087 satis
1573 2049 1846 2104 superque
1877 2034 2010 2088 mihi

435 2114 636 2171 fuerint
671 2126 726 2173 et
753 2119 985 2176 Basilius
1015 2132 1068 2176 et
1103 2121 1390 2186 Maximus,
1441 2124 1700 2180 Ecclesiae
1730 2127 1932 2180 lumina
1960 2133 2014 2180 et

433 2209 706 2263 doctores.
769 2210 862 2264 llle
930 2213 1099 2279 enim,
1128 2214 1194 2267 ad
1254 2213 1631 2284 Patrophilum
1692 2217 2011 2287 episcopum

432 2293 660 2363 epistula
692 2336 705 2359 ,
771 2298 930 2367 cujus
986 2301 1312 2370 principium
1347 2343 1364 2370 ,
1429 2303 1550 2375 Legi
1604 2305 1811 2362 litteras
1867 2315 2011 2372 tuas,

437 2394 558 2449 post
594 2387 764 2440 tnttlta
798 2405 810 2440 :
847 2407 864 2440 ι
911 2389 976 2444 Ut
1007 2407 1129 2459 qua:
1161 2393 1368 2448 interea
1401 2397 1662 2466 temporis
1702 2406 1851 2468 gesta
1885 2404 2016 2454 sunt

436 2478 504 2528 ab
531 2477 660 2537 illis.
693 2481 967 2545 omittam,
1009 2484 1224 2552 quoties
1258 2485 1417 2540 tidem
1467 2491 1788 2557 exponendo
1849 2507 2015 2546 nova-

415 2570 604 2624 .runt?
647 2571 876 2638 Ancyra:
933 2574 1204 2630 deterunt
1259 2577 1444 2642 aliam,
1509 2577 1771 2636 Seleucia:
1829 2583 2012 2649 aliam,

436 2657 596 2713 aliam
635 2659 1107 2736 Constantinopoli
1143 2665 1476 2739 divulgatam
1519 2671 1665 2726 illam
1695 2712 1709 2736 ,
1743 2680 1797 2728 (ιι
1852 2676 2014 2729 aliam

438 2749 775 2820 Lampsaci;
821 2765 1094 2824 postea.et
1122 2774 1285 2828 quam
1316 2761 1586 2817 dederunt
1631 2762 1774 2819 Nira:
1840 2765 2016 2819 Thra-

435 2841 554 2909 cim,
587 2853 642 2895 et
666 2842 780 2912 jam
814 2861 962 2902 nunc
983 2862 1172 2904 rursus
1196 2850 1358 2905 aliam
1387 2853 1594 2924 Cyzici,
1623 2855 1689 2910 de
1722 2865 1915 2922 quaet
1969 2857 2013 2911 si

438 2933 644 3002 reliqua
697 2936 910 3004 ignoro,
972 2939 1075 2996 hoc
1136 2950 1319 2998 tamen
1380 2944 1568 3011 audio,
1598 2933 1742 3017 quod.
1795 2948 2016 3006 silentio

433 3025 636 3080 oudssa
685 3029 1170 3090 consubstantialis
1225 3036 1624 3105 coniesssione,
1659 3040 1719 3093 τὸ
1777 3040 2016 3094 mme-

436 3114 559 3166 σίαν
587 3115 797 3186 ὅμοιον,
856 3122 1160 3178 secundum
1216 3127 1516 3182 essentiam
1581 3144 1775 3201 nempe
1815 3132 2013 3200 simile,

430 3206 542 3275 jam
569 3209 982 3269 circumferunt.
1028 3233 1047 3267 ι
1101 3215 1330 3274 Divinus
1359 3235 1579 3291 quoque
1616 3221 1880 3280 Maximus
1897 3226 2014 3282 hee

434 3299 642 3355 habet:
683 3321 702 3354 ι
745 3305 802 3358 Si
840 3305 1016 3362 factas
1040 3311 1284 3380 synodos
1309 3312 1704 3382 imperatorum
1753 3320 2013 3376 mandata

434 3393 765 3449 conﬁrmant
811 3405 866 3451 et
920 3414 1030 3452 non
1065 3401 1355 3470 piaJides,
1415 3411 1776 3476 arceptahunt
1827 3413 2015 3483 utique

434 3483 703 3540 adversus
771 3486 1098 3544 homousion
1153 3493 1459 3553 celebratas
1503 3501 1765 3569 synodos,
1797 3505 2014 3572 quando

431 3575 543 3643 jam
580 3576 683 3632 illa:
731 3579 988 3650 jussibus
1062 3583 1464 3656 imperatorum
1521 3593 1810 3651 celebrata:
1863 3607 2010 3664 sunt,

438 3684 630 3738 nempe
659 3673 886 3741 primam
910 3674 1062 3747 Tyri,
1096 3682 1394 3736 secundam
1422 3670 1747 3752 Antiochiae,
1793 3691 2012 3747 tertiam

438 3761 714 3832 Seleuciae,
751 3772 1004 3836 quartam
1075 3770 1316 3843 Byzantii
1369 3778 1469 3830 sub
1516 3778 1728 3835 Adetio
1787 3781 2010 3849 Ariano,

436 3855 682 3923 quintam
710 3858 855 3916 Nlcae
881 3861 933 3916 in
956 3861 1208 3931 Thracia,
1241 3878 1448 3923 sextam
1480 3868 1664 3927 Sirmii
1697 3890 1711 3927 :
1743 3882 1794 3931 et
1820 3887 2014 3946 praeter

439 3950 534 4002 has
557 3948 760 4006 multos
783 3962 1103 4021 postannos
1127 3958 1414 4026 septimam
1460 3960 1662 4033 Ephesi
1709 3967 2010 4023 secundum

433 4049 702 4104 coactam,
722 4043 808 4097 cui
844 4043 1137 4104 Dioscorus
1163 4063 1412 4116 praeerat.
1466 4072 1484 4105 ι
1522 4053 1734 4121 Quibus
1759 4067 2010 4129 apertum

436 4141 682 4186 remanet
735 4135 1010 4193 homousii
1046 4141 1217 4209 gratia
1257 4159 1567 4203 sermonem
1618 4149 1690 4203 ita
1743 4151 2011 4220 digestum

435 4219 624 4276 fuisse.
654 4221 1062 4299 Proptercaque
1119 4240 1174 4286 et
1223 4234 1560 4296 Athanasius
1594 4250 1647 4296 et
1681 4219 1912 4300 Basilius
1958 4253 2012 4301 et

433 4312 690 4385 Cyrillus,
779 4318 1039 4377 Ecclesiae
1103 4324 1416 4384 ﬁrmissima
1484 4332 1867 4404 fundamenta,
1911 4338 2012 4393 hoc

433 4409 653 4476 preprie
685 4409 894 4481 abipsa
925 4415 1100 4482 prima
1145 4431 1334 4474 sancta
1396 4427 1608 4493 synodo
1655 4429 2008 4496 confitentur,

2115 1934 2288 2001 λέγει,
2334 1935 2429 1988 καὶ
2475 1933 2626 1990 ἄλλοι
2685 1936 2786 2004 μὲν
2853 1935 3042 1989 πολλοὶ.
3099 1935 3259 1990 τοῦτο
3314 1934 3696 2005 διασαφοῦσιν·

2115 2027 2232 2081 ἀλλ’
2267 2028 2430 2092 ἀρκεῖ
2463 2045 2555 2094 μοι
2577 2027 2658 2091 είς
2687 2027 2787 2099 τὴν
2823 2027 3019 2082 τούτου
3092 2026 3388 2100 βδδαίωσιν
3420 2028 3703 2092 Βασίλειης

2117 2121 2210 2174 καὶ
2247 2118 2519 2191 Μάξιμος,
2543 2120 2594 2173 οἱ
2618 2123 2716 2191 τῆς
2759 2121 3091 2192 Ἐκκλησίας
3143 2123 3433 2192 φωστῆρες
3487 2123 3584 2175 καὶ
3619 2121 3700 2174 δι-

2115 2211 2391 2266 δάσκαλοι.
2441 2213 2502 2265 ὐ
2532 2212 2630 2282 μὲν
2661 2213 2771 2282 γάρ
2795 2214 2853 2266 ὲν
2881 2216 2946 2284 τῇ
3007 2218 3146 2285 πρὸς
3205 2214 3548 2283 Πατρόφιλον
3605 2215 3701 2268 τὸν

2117 2304 2416 2357 ἐπίσκοπον
2467 2303 2725 2375 ἐπιστολῇ
2797 2304 2988 2370 αὐτοῦ,
3043 2301 3110 2379 ἧς
3179 2308 3212 2374 ἡ
3279 2307 3442 2378 ἁρχὴ,
3487 2307 3703 2360 Ἑνέτυο

2118 2398 2210 2468 χόν
2259 2414 2353 2452 σου
2395 2399 2507 2459 τοῖς
2539 2398 2854 2468 γράμμασι,
2899 2403 3035 2470 μετὰ
3085 2401 3256 2455 πολλά
3290 2417 3489 2471 φησιν·
3543 2400 3702 2455 «Ἵνα

2115 2492 2185 2544 τά
2233 2491 2294 2544 ἐν
2327 2491 2481 2560 μέσῳ
2536 2491 2884 2560 παραλείπω,
2946 2495 3083 2556 ὅσας
3141 2492 3386 2560 ἐξέθεντο
3434 2495 3693 2558 πίστειςς

2120 2583 2206 2635 ἐπ’
2248 2584 2534 2652 Ἀγκύρας
2560 2580 2750 2654 ἄλλην,
2770 2584 2966 2655 ἑτέραν
3011 2587 3066 2637 ἐν
3114 2583 3702 2639 Κωνσταντινουπόλει

2118 2675 2217 2744 τὴν
2268 2676 2739 2746 πολυθρύλητον,
2803 2677 2862 2728 ὲν
2916 2677 3207 2746 Λαμψάκῳ
3275 2676 3492 2744 ἑτέραν,
3557 2676 3702 2746 μετὰ

2119 2766 2290 2822 ταῦτα
2315 2768 2414 2838 τὴν
2436 2769 2494 2820 ὲν
2524 2768 2669 2841 Νίκῃ
2689 2768 2792 2838 τῆς
2822 2768 3072 2841 Θρᾴκης,
3127 2769 3224 2822 νῦν
3269 2769 3438 2824 πάλιν
3489 2768 3592 2840 τὴν
3642 2771 3705 2821 ὲν

2119 2861 2366 2932 Κυζίκῳ,
2428 2856 2496 2934 ἦς
2531 2863 2701 2926 τᾶλλα
2765 2864 2864 2932 μὲν
2907 2863 3009 2917 οὐκ
3067 2862 3392 2933 ἐπίσταμαι,
3436 2861 3599 2917 τοῦτο
3641 2860 3701 2916 δὲ

2121 2955 2332 3019 ἀκούω,
2363 2955 2447 3008 ὅτι
2486 2955 2549 3008 τὸ
2580 2954 2892 3036 δμοούσιον.
2926 2955 3427 3024 κατασιγάσαντες,
3479 2956 3541 3010 τὸ
3574 2957 3702 3010 κατ’

2119 3044 2310 3098 οὐσίαν
2333 3045 2519 3114 ὅμοιον
2549 3047 2927 3115 ἐπιφέρουσιν.
2974 3065 2992 3098 ι
3039 3047 3102 3101 Ὀ
3125 3047 3182 3101 δὲ
3239 3047 3388 3112 θεῖος
3449 3048 3704 3112 Μάξιμος

2119 3136 2243 3190 τάδε
2267 3136 2455 3206 φησιν·
2480 3137 2576 3192 «Εἰ
2594 3138 2692 3200 τὰς
2710 3139 3010 3208 γενομένας
3031 3134 3285 3203 συνόδους
3322 3143 3378 3194 αἱ
3417 3139 3702 3202 κελεύσεις

2116 3229 2227 3282 τῶν
2246 3229 2516 3300 βασιλέων
2560 3231 2846 3301 κυροῦσιν,
2869 3230 2990 3284 ἀλλ’
3006 3230 3375 3303 οὐχὶξεύσεόὴς
3395 3233 3598 3297 πίστις,
3616 3229 3701 3286 δέν

2119 3318 2287 3385 ξαιντ’
2302 3320 2368 3375 ἂν
2384 3321 2642 3386 τὰς’κατὰ
2659 3322 2752 3377 τοῦ
2767 3323 3056 3393 δμοουσίου
3075 3325 3374 3394 γενομένας
3419 3325 3694 3389 συνόδους,

2117 3410 2304 3481 ἐπειδὴ
2318 3411 2650 3483 κελεύσμασι
2669 3412 2934 3482 βασιλέων
2951 3415 3234 3484 γεγόνασιο
3255 3417 3400 3485 φημί
3419 3415 3484 3486 δὴ
3511 3415 3611 3487 τὴν
3632 3417 3689 3468 έν

2117 3503 2279 3575 Τύρῳ
2304 3503 2552 3575 πρώτην,
2573 3507 2834 3576 δευτέραν
2853 3508 2950 3578 τὴν
2984 3509 3042 3562 ὲν
3057 3508 3384 3581 ’Δντιοχείᾳ,
3397 3508 3586 3580 τρίτην
3598 3508 3700 3573 τὴν

2118 3598 2176 3649 ὲν
2200 3596 2517 3668 Σελευκείᾳ,
2562 3597 2837 3670 τετάρτην
2881 3600 2980 3668 τὴν
3023 3601 3082 3654 ὲν
3117 3601 3698 3654 Κωνσταντινουπόλεε

2117 3691 2208 3745 ἐπὶ
2237 3691 2471 3758 Ἀδοξίου
2499 3691 2593 3747 τοῢ
2620 3691 3205 3772 Ἀρειανοιλπέμπτην
3234 3698 3332 3770 τὴν
3349 3699 3574 3771 ἐν’Νίκῃ
3591 3699 3695 3768 τῆς

2118 3785 2361 3857 Θρᾴκης,
2393 3785 2563 3856 ἒκτην
2598 3787 2697 3856 τὴν
2752 3787 2811 3841 ἐν
2842 3787 2917 3859 τῷ
2944 3789 3177 3860 Σιρμίῳ,
3228 3791 3324 3844 καὶ
3375 3790 3516 3858 μετὰ
3568 3793 3695 3844 ταύ-

2115 3893 2215 3940 τας
2245 3877 2465 3940 πολλοῖς
2501 3878 2731 3950 ὓστερον
2759 3881 2992 3949 χρόνοις,
3031 3881 3271 3952 ἑϐδόμην
3295 3883 3394 3952 τὴν
3431 3884 3490 3935 ὲν
3537 3882 3699 3950 Ἐφέο

2120 3985 2199 4038 σῳ
2263 3970 2325 4022 τὸ
2385 3969 2665 4041 δεύτερον,
2717 3967 2784 4041 ἧς
2864 3971 3060 4044 ἐξῆρχε
3110 3975 3467 4044 Διόσκορος.»
3532 3973 3702 4032 Ὅθεν

2117 4059 2352 4128 φανερόν
2402 4061 2574 4123 ἐστιν,
2603 4061 2684 4115 ὅτι
2743 4062 2839 4116 τοῦ
2886 4066 3180 4134 όμοουσίου
3228 4068 3391 4138 χάριν
3435 4069 3464 4120 δ
3509 4067 3690 4137 λόγος.

2117 4154 2216 4204 Διά
2266 4150 2426 4204 τοῦτο
2454 4152 2918 4223 καὶᾌθανάσιος,
2956 4160 3053 4210 καὶ
3081 4160 3389 4226 Βασίλειος,
3446 4161 3543 4215 καὶ
3580 4161 3696 4214 Κύ-

2120 4232 2319 4312 ριλλος,
2355 4244 2404 4296 οἱ
2431 4246 2532 4312 τῆς
2602 4244 2936 4315 Ἐκκλησίας
2997 4249 3264 4321 ἀρῤαγεῖς
3310 4251 3582 4322 θεμέλιοι,
3644 4253 3692 4306 oi

2115 4335 2271 4387 τοῦτο
2301 4336 2505 4403 κυρίως
2541 4337 2932 4406 ὁμολογοῦντες
2961 4340 3071 4396 άπδ
3126 4342 3228 4414 τῆς
3273 4344 3499 4414 πρώτης
3525 4344 3693 4414 ἁγίας

2118 4426 2358 4491 συνόδου,
2401 4430 2429 4482 ὁ
2461 4427 2562 4496 μὲν
2593 4430 2689 4483 καὶ
2743 4433 2981 4500 συνθεὶς,
3011 4429 3060 4487 oi
3083 4433 3139 4489 δὲ
3173 4433 3269 4491 καὶ
3291 4437 3689 4507 διαδεξάμενοι.

437 4495 525 4550 hic
552 4500 798 4566 quidem,
831 4505 976 4571 quod
1011 4515 1066 4561 et
1093 4522 1385 4565 assensum
1413 4516 1729 4585 praebuerit,
1756 4520 1832 4575 illi
1861 4495 2008 4590 quod

2128 4519 2186 4572 '0
2219 4521 2318 4590 μὲν
2353 4495 2497 4585 Θεῖος
2535 4517 2816 4588 Βασίλειός
2847 4495 3004 4595 φησί’
3060 4547 3078 4582 ι
3118 4523 3310 4583 Πίστιν
3349 4495 3526 4600 qtae-ig.
3563 4528 3690 4584 οὔτε

435 4591 768 4658 exceperint.
807 4593 975 4652 Divus
1031 4609 1210 4654 autem
1273 4601 1506 4662 Basilius
1551 4608 1719 4666 dicit:
1766 4631 1784 4662 ι
1824 4609 2008 4668 Fidem

2117 4606 2243 4682 παρ⁶
2281 4609 2442 4666 ἄλλου
2467 4614 2832 4686 γραφομένην
2862 4591 3003 4687 ήήμῖν
3063 4621 3339 4690 νεωτέραν
3370 4591 3693 4692 ’παραδεχόιί

438 4695 733 4751 uosueque
758 4688 1120 4744 recentiorem
1152 4692 1222 4749 ab
1277 4696 1399 4752 aliis
1451 4701 1822 4772 conscriptam
1867 4703 2012 4760 acci-

437 4771 640 4839 pimus,
667 4784 845 4848 neque
894 4780 997 4852 ipsi
1032 4792 1234 4841 nostra
1291 4789 1489 4846 mentis
1535 4771 1702 4849 l‘c'etus
1753 4795 1880 4850 aliis
1913 4799 2012 4853 ob-

437 4865 656 4923 trudere
706 4871 1010 4943 audemus;
1066 4891 1135 4932 ne
1195 4877 1427 4935 humana
1489 4882 1755 4941 iaciamus
1796 4887 2010 4956 pietatis

438 4961 660 5026 verba,»
702 4970 810 5020 etc.
846 4965 1086 5023 Sanctus
1137 4969 1515 5028 Athanasius:
1558 4994 1576 5029 ι
1615 4975 1757 5030 Nihil
1816 4988 2010 5047 [πεδιει-

433 5065 522 5114 ca,
557 5067 678 5121 qua:
707 5053 910 5113 Nicaea:
951 5059 1168 5115 decreta
1195 5072 1346 5130 sunt,
1407 5081 1678 5135 promere.
1726 5067 1791 5122 Et
1828 5070 2012 5126 Sardi-

435 5155 656 5198 censem
691 5147 987 5216 synodum,
1033 5165 1176 5221 aegre
1237 5152 1450 5218 tulisse,
1485 5157 1885 5228 ordinas-seque
1944 5177 2012 5218 ne

435 5235 562 5298 quid
594 5237 646 5290 in
671 5251 952 5307 posterum
986 5242 1053 5297 de
1089 5243 1193 5297 lide
1239 5245 1596 5313 scriberetur,
1648 5250 1740 5305 sed
1792 5253 2011 5322 acquie-

365 5370 386 5388 ,
435 5336 650 5379 scereut
676 5329 796 5384 fidei
826 5345 855 5385 a
883 5330 1142 5388 Patrihus
1177 5333 1369 5390 Nicaea:
1407 5339 1640 5403 traditae,
1684 5343 1830 5410 quod
1862 5345 1911 5397 in
1949 5359 2009 5398 ea

433 5415 570 5469 nihil
593 5418 870 5489 deﬁceret,
906 5424 1000 5482 sed
1028 5426 1185 5496 plena
1218 5438 1363 5483 esset
1387 5430 1625 5498 pictatis.
1667 5454 1685 5484 ι
1718 5436 1953 5505 Cyrillus
1993 5455 2005 5491 :

440 5521 458 5554 ι
513 5502 630 5558 Νυιι
673 5515 1038 5577 permittimus
1098 5517 1533 5590 nobismetipsis,
1587 5531 1681 5577 aut
1728 5502 1870 5589 aliis,
1920 5539 2009 5580 aut

435 5595 730 5653 dit-tionem
767 5620 831 5658 ex
876 5605 940 5661 iis
970 5623 1088 5679 quae
1120 5608 1193 5664 ibi
1242 5622 1391 5678 sunt,
1417 5613 1727 5682 iu‘uuutare,
1788 5628 1881 5671 aut
1925 5621 2006 5674 vel

435 5704 598 5742 uuam
625 5693 890 5761 syllabam
925 5710 1268 5767 prmvcrterc.
1311 5723 1328 5754 ι
1363 5705 1538 5769 Adde,
1574 5707 1666 5776 qui
1692 5709 1743 5762 iu
1777 5708 2008 5780 A'Zgypto

428 5795 484 5837 et
517 5786 568 5836 itt
599 5782 764 5857 Libya
795 5800 976 5858 erant,
1009 5797 1301 5864 nonaginta
1338 5800 1720 5869 cpistfnpmutu
1756 5813 1806 5858 ct
1866 5804 2005 5858 beati

2118 4703 2278 4773 μεοα,
2303 4701 2427 4756 οὔτε
2455 4706 2607 4758 αὐτοὶ
2633 4705 2701 4760 τά
2728 4708 2831 4777 τῆς
2883 4710 3160 4781 ἡμετέρας
3215 4711 3451 4776 διανοίας
3492 4716 3691 4781 γεννή-

2119 4812 2266 4865 ματα
2295 4795 2658 4875 ,παραδιδόναι
2723 4797 3038 4870 τολμῶμεν,
3082 4802 3171 4856 ἵνα
3229 4803 3305 4872 μὴ
3368 4801 3691 4874 ἀνθρώπινα

2114 4890 2434 4958 ποιήσωμεν
2474 4891 2544 4945 τά
2598 4891 2700 4961 τῆς
2761 4893 3046 4958 εὐσεϐείας
3099 4895 3347 4965 ῥήματαο
3411 4914 3432 4946 ι
3469 4897 3563 4948 καὶ
3621 4898 3690 4949 τά

2115 4979 2263 5048 ἑξῆς.
2302 4981 2363 5033 Ὀ
2389 4981 2444 5034 δὲ
2475 4981 2629 5048 ἆγιος
2659 4982 3000 5052 Ἀθανάσιος,
3032 4987 3246 5054 «Μηδὲν
3277 4987 3441 5042 πλέον
3489 4986 3601 5040 τῶν
3631 4987 3689 5039 ὲν

2111 5067 2320 5141 Νικαία
2362 5071 2787 5142 προΰάλλεσοαι,
2831 5079 2927 5130 καὶ
2966 5077 3048 5130 ὅτι
3089 5078 3121 5146 ή
3162 5077 3220 5130 ὲν
3240 5077 3478 5148 Σαρδικῇ
3518 5079 3688 5147 ὴγαν-

2111 5163 2464 5234 άκτησε,κκαὶ
2528 5165 2727 5235 ὥρισεν
2766 5168 2850 5220 ὅτι
2891 5168 3057 5237 μηδὲν
3115 5169 3196 5222 ἔτι
3267 5171 3398 5239 περὶ
3455 5170 3686 5231 πίστεως

2113 5257 2446 5326 γράφεσθαι,
2475 5258 2590 5310 ἀλλ’
2620 5260 2910 5328 ἀρκεῖσθαι
2933 5263 2997 5330 τῇ
3024 5263 3081 5314 ὲν
3127 5256 3336 5333 Νικαεᾳ
3385 5262 3538 5332 παρὰ
3579 5262 3688 5315 τῶν

2116 5348 2381 5416 Ποιτέρων¹
2409 5347 2814 5422 ὁμολογηθείσῃ
2848 5353 3050 5414 πίστει,
3099 5351 3188 5406 διὰ
3219 5355 3282 5405 τὸ
3344 5354 3513 5424 μηδὲν
3547 5353 3685 5421 αὐτῇ

2113 5440 2405 5504 ἐλλείπειν,
2452 5439 2587 5492 ἀλλὰ
2654 5442 2836 5512 πλήρη
2895 5442 3174 5507 εὐσεϐείας
3237 5441 3434 5500 εἶναι.»
3495 5447 3604 5501 Καὶ
3662 5450 3690 5500 ὁ

2116 5530 2383 5600 Κύριλλος
2406 5531 2461 5582 δέ
2492 5549 2677 5600 φησιν’
2744 5553 2763 5586 t
2800 5538 2912 5588 υὺκ
2950 5537 3327 5608 ἐπιτρέπομεν
3389 5541 3605 5603 ἑαυτοῖς
3652 5540 3685 5610 ἢ
3730 5533 3738 5539 ’

2114 5624 2343 5693 ἑτέροις,
2379 5626 2409 5695 ἦ
2447 5627 2588 5692 λέξιν
2621 5628 2850 5698 ἀμεῖψαι
2877 5633 2986 5684 τῶν
3038 5633 3380 5703 ἐγκειμένων
3421 5635 3623 5695 ἐκεῖσε,
3657 5632 3685 5700 ἢ

2116 5715 2242 5783 μίαν
2277 5715 2405 5782 γοῦν
2462 5721 2777 5790 παραϐῆναι
2835 5724 3132 5792 συλλαϐήν.
3167 5743 3182 5773 ι
3247 5725 3364 5777 Ἔτι
3410 5723 3517 5776 τῶν
3566 5724 3688 5776 κατ’

2117 5806 2389 5874 Αἴγυπτον
2417 5811 2505 5864 καὶ
2543 5813 2750 5884 Λιϐύην
2810 5817 3125 5869 ἐπισκόπων
3184 5818 3536 5886 ἐνενήκοντα,
3590 5816 3685 5869 καὶ
