3982 6208
282 258 395 322 2'29
1407 263 1510 324 AD
1552 262 1910 329 IMPERAT.
1957 263 2433 340 TRAI‘EZUNT.
3441 289 3548 352 230

288 378 738 432 σταντινονπὸλει
771 379 985 435 κεῖσθαι
1033 381 1106 444 ὼς
1161 382 1306 452 ὅρον.
1336 383 1396 438 Εἰ
1428 386 1535 457 γὰρ
1566 389 1658 441 καὶ
1712 388 1840 442 ὖστε

1979 395 2288 463 appositum
2319 407 2488 454 esset.
2525 397 2678 454 Licet
2724 403 2868 460 enim
2908 407 3250 476 posmodum
3280 406 3334 463 in
3365 425 3429 465 eo
3458 413 3552 465 ba-

289 487 386 542 ρον
429 471 488 521 ἐν
543 467 718 539 τούτῳ
775 470 1153 542 βαπιζόμεθα
1213 474 1304 527 καὶ
1344 476 1678 549 βαπτίζομεν
1704 519 1718 543 ,
1754 480 1852 532 ἀλλ

1977 488 2249 553 ριῖιριηυι-
2278 497 2332 543 et
2361 491 2994 561 baptizcmus.attamen
3034 497 3310 555 Nicaenum
3350 503 3402 556 in
3434 520 3552 558 om-

286 563 382 617 οὖν
402 564 462 617 τὸ
493 563 550 616 ἐν
569 562 777 635 Νικαῖᾳ
795 563 1006 628 πάντας
1032 565 1120 618 διὰ
1146 564 1392 636 γλώττης
1422 567 1589 639 εἶχον,
1623 571 1696 630 ὡς
1725 571 1820 626 καὶ
1843 591 1852 624 ι

1976 580 2122 634 nium
2185 599 2280 639 ore
2325 595 2466 648 erat,
2531 597 2587 641 ut
2638 589 2864 644 tradidit
2918 591 3137 648 divinus
3200 592 3454 659 Basilius,
3495 605 3552 652 et

287 657 438 718 θεῖος
472 655 758 718 Βασίλειος
793 655 1037 725 εἴρηκεν,
1069 658 1212 723 καὶῆ
1248 658 1381 726 ἁγία
1405 661 1563 731 τρίτη
1602 662 1840 728 σύνοδος.

1973 666 2344 731 saucta'tertia
2372 679 2636 747 synodus.

364 753 448 802 ιε’.
496 746 638 800 Ἀλλ’
670 747 972 813 ἀναγκαῖον
1000 749 1096 802 καὶ⁴
1115 750 1182 803 τὰ
1209 753 1656 822 προκομιζόμενα
1674 758 1737 808 ὲκ
1760 757 1870 809 τῶν

287 838 434 901 ὅρων
465 836 766 905 προθεῖναι,
818 837 888 890 ἵν’
920 838 1255 910 ἐκδηλοτέρα
1307 845 1532 913 γένηται
1568 846 1600 914 ἡ
1649 846 1872 900 ἀπόδει-

290 927 395 990 ξις⁸
426 927 563 998 φησι
590 927 718 997 γάρ’
759 945 779 978 ι
814 928 1034 982 Τούτων
1066 932 1245 985 τοίνυν
1273 935 1412 1002 μετὰ
1451 935 1633 1006 πάσης
1667 953 1871 992 παντα-

286 1019 448 1086 χκίθεν
486 1018 779 1087 ἀκριϐείας
811 1037 884 1072 τε
913 1024 1008 1074 κα)⁸
1056 1023 1350 1093 ἐμμελείας
1380 1029 1512 1098 παρ’
1544 1031 1704 1099 ἡμῶν
1755 1034 1871 1088 δια⁶

286 1109 675 1172 τυπωθέντων,
708 1112 964 1180 ὁρίζομεν
989 1114 1182 1182 ἑτέραν
1218 1117 1401 1171 πίστιν
1437 1121 1626 1190 μηδενὶ
1668 1123 1868 1191 ἐξεῖναι

287 1201 609 1270 προφέρειν,
637 1202 669 1272 ἢ
693 1203 824 1270 γοῦν
855 1207 1218 1274 συγγράφειν,
1247 1208 1279 1277 ἦ
1306 1210 1636 1278 συντιθέναι,
1667 1214 1700 1286 ἢ
1735 1233 1872 1287 φρο-

287 1293 419 1354 νεῖν,
448 1290 480 1358 ἦ
514 1291 788 1344 διδάσκειν
820 1292 1048 1362 ἑτέρως.
1075 1294 1211 1358 Τοὺς
1244 1298 1299 1352 δὲ
1328 1301 1645 1370 τολμῶντας
1670 1306 1702 1376 ἢ
1739 1324 1869 1360 συν-

2053 767 2139 821 15.
2176 767 2372 822 Verum
2404 770 2697 840 digerenda
2730 786 2855 827 sunt
2883 775 2995 837 hic,
3033 791 3155 843 quas
3195 777 3247 831 in
3277 777 3551 833 definitio-

1974 858 2135 912 nibus
2162 872 2535 927 apponuntur.
2566 871 2625 916 ut
2676 864 2879 917 clarior
2933 866 3331 922 demonstratio
3380 873 3548 925 collu-

1973 962 2175 1005 cescat.
2208 951 2483 1008 Scribitur
2503 956 2645 1010 etiitu
2682 971 2697 1010 :
2736 974 2754 1008 ι
2797 955 2893 1011 llis
2918 959 3100 1028 itaque
3130 975 3253 1014 cum
3293 978 3552 1019 accurata

1973 1044 2254 1114 diligentia
2281 1055 2333 1102 et
2357 1047 2662 1104 attentione
2693 1063 2724 1101 a
2778 1050 2936 1104 nobis
2988 1053 3344 1121 praescriptis.
3396 1072 3550 1110 man-

1974 1137 2168 1192 damus
2201 1154 2310 1192 non
2354 1138 2521 1194 licere
2573 1139 2860 1207 cuiquam,
2901 1143 3059 1195 aliam
3114 1143 3272 1198 fidem
3331 1146 3550 1212 aﬂ'erre,

1972 1228 2057 1281 vel
2083 1229 2351 1290 scribere.
2399 1230 2479 1284 vel
2517 1245 2872 1300 componere,
2898 1233 2980 1288 vel
3021 1241 3241 1296 tenere,
3277 1235 3359 1289 vel
3393 1238 3552 1291 aliter

1974 1324 2193 1378 docere.
2247 1320 2350 1387 Qui
2409 1328 2588 1377 autem
2640 1325 2842 1379 audent
2905 1325 3064 1380 fidem
3109 1327 3272 1381 aliam
3324 1343 3552 1399 cotnpo-

286 1381 499 1432 τιθέναι
527 1381 710 1435 πίστιν
741 1382 1000 1455 ἑτέραν,ἢ
1035 1389 1411 1457 προκομίζειν,
1437 1392 1468 1462 ἢ
1498 1393 1792 1464 διδάσκειν,
1834 1401 1852 1452 i

1975 1428 2115 1468 nere
2142 1451 2156 1478 ,
2197 1411 2281 1467 vel
2330 1410 2551 1476 offerre,
2592 1413 2672 1467 vel
2739 1412 2970 1483 docere,
3002 1415 3085 1470 vel
3139 1417 3353 1473 tradere
3401 1419 3549 1474 aliud

287 1473 648 1540 παραδιδόναι
684 1476 874 1545 ἕτερον
935 1479 1206 1551 σύμϐολον
1247 1485 1358 1547 τοῖς
1411 1486 1688 1544 ἐθέλουσιν
1747 1493 1852 1546 ἐπι·

298 1557 451 1577 μ-,η
575 1561 612 1577 _.
667 1562 679 1577 .
741 1561 754 1576 .
1023 1565 1046 1577 -
1115 1567 1157 1577 ..
1215 1569 1292 1577 -.
1392 1571 1449 1577 --

1975 1506 2296 1576 Symbolum
2323 1507 2392 1562 iis
2421 1508 2514 1576 qui
2550 1508 2617 1561 ad
2649 1507 2897 1561 veritatis
2939 1510 3306 1577 cognitionem
3361 1513 3550 1570 velunt

288 1557 541 1627 στρέφειν
564 1561 642 1622 είς
663 1561 960 1630 ἐπίγνωσιν
989 1565 1086 1635 τῆς
1105 1567 1360 1638 ἀληθείας
1389 1571 1450 1637 ἐξ
1513 1575 1852 1648 Ἑλληνισμοῐ

1990 1557 2295 1576 τηρ-η-
2323 1557 2389 1562 --_
2553 1557 2616 1561 μ
2658 1557 2896 1561 ---η-ν-
2947 1557 3306 1577 -η,,-----ν-.ν--.

1973 1596 2242 1662 converti,
2279 1596 2362 1652 vel
2395 1610 2460 1651 ex
2483 1597 2790 1667 gentilitate
2827 1639 2840 1662 ,
2873 1597 2960 1652 vel
3009 1614 3071 1652 ex
3107 1598 3405 1668 judaismo,
3464 1602 3549 1656 Vel

286 1649 320 1719 ἢ
368 1650 728 1720 Ἰουδαϊσμοῶ
789 1657 959 1725 ἦγουν
991 1659 1050 1726 ἐξ
1084 1661 1349 1732 αἱρέσεως
1390 1667 1630 1732 οίασοῢν,
1683 1670 1852 1742 ἢκαι·

1973 1703 2038 1743 ex
2062 1702 2391 1758 quacunque
2421 1689 2527 1742 alia
2555 1687 2770 1752 haeresi,
2809 1697 2905 1742 aut
2951 1703 3146 1744 novam
3206 1706 3416 1756 vocem,
3466 1694 3548 1746 vel

287 1747 582 1812 νοφωνίαν,
610 1745 729 1816 ἦτοι
764 1746 962 1815 λέξεως
998 1753 1289 1824 ἐφεύρεσιν
1356 1759 1491 1828 πρὸς
1553 1761 1852 1835 άνατροπὴε

1973 1780 2270 1836 dictionem
2297 1779 2645 1837 introducere
2676 1781 2744 1836 ad
2769 1783 3092 1846 evertenda,
3139 1798 3262 1853 quae
3320 1800 3469 1840 nunc
3517 1799 3550 1838 a

287 1842 536 1905 εἰσάγειν
560 1842 662 1892 τῶν
694 1842 814 1895 νυνὶΙ
840 1843 972 1914 παρ’
1002 1845 1160 1917 ἡμῶν
1193 1848 1594 1919 διορισθέντων,
1621 1853 1852 1918 τούτους

1973 1871 2131 1927 nobis
2161 1872 2388 1928 decreta
2417 1881 2570 1936 sunt,
2603 1887 2725 1935 eos.
2751 1873 2795 1927 si
2843 1882 2972 1928 sunt
3001 1875 3244 1944 episcOpi
3287 1884 3379 1930 aut
3437 1876 3546 1931 cle—

291 1932 342 1982 εί
376 1929 479 2000 μὲν
510 1931 792 1988 ἐπίσκοποι
833 1931 943 1989 εἷεν
997 1937 1028 2008 ἢ
1061 1937 1338 2010 κληρικοὶ,
1380 1943 1694 2014 ἀλλοτρίους
1729 1943 1852 2002 εἶναι

1972 1963 2094 2027 rici,
2127 1964 2422 2034 episcopos
2461 1965 2530 2019 ab
2559 1966 2879 2035 episcopatu
2910 1980 3034 2021 esse
3083 1967 3316 2032 alienos,
3360 1977 3412 2023 et
3439 1971 3548 2024 cle-

287 2023 414 2086 τοὺς
441 2026 774 2091 ἐπισκόπους
830 2030 926 2099 τῆς
961 2031 1288 2104 ἐπισκοπῆς,
1340 2038 1436 2089 καὶ
1488 2039 1614 2101 τοὺς
1669 2040 1852 2110 κληρι-

1971 2055 2117 2110 ricos
2154 2070 2184 2109 a
2219 2056 2369 2112 clero
2401 2073 2417 2123 ;
2450 2056 2498 2110 si
2525 2073 2652 2111 vero
2683 2057 2938 2112 monachi
2985 2059 3214 2124 fuerint,
3249 2069 3343 2114 aut
3396 2062 3546 2127 laici,

284 2118 412 2180 κους
445 2119 540 2172 τοῦ
575 2120 800 2191 κλήρου’
828 2124 878 2176 εί
925 2123 983 2176 δὲ
1051 2126 1376 2193 μονάζοντες
1427 2124 1540 2182 εἷεν
1594 2132 1626 2203 ἢ
1664 2131 1852 2197 λαῖκοὶε

1969 2149 2446 2202 auatbematizari.
2467 2167 2485 2198 ι
2516 2148 2582 2203 Ει
2611 2149 2663 2202 in
2694 2158 2844 2204 sexta
2875 2151 3122 2220 synodo:
3164 2171 3183 2204 ι
3235 2149 3331 2205 llis
3364 2153 3547 2222 itaque

283 2211 788 2282 ἀναθεματίζεσθαι
813 2216 1037 2281 αὐτούς.
1072 2237 1091 2270 ι
1130 2219 1238 2273 Καὶ
1285 2222 1343 2273 ἒν
1369 2225 1434 2292 τῇ
1493 2223 1630 2298 ἕκτῃ
1661 2226 1852 2297 συνόδῳ

1968 2249 2225 2295 accurate
2254 2225 2546 2296 admodum
2578 2240 2987 2312 diligenterque
3035 2243 3280 2307 statutis,
3321 2244 3547 2298 manda-

284 2304 457 2371 φησί·
518 2322 538 2355 ι
583 2304 800 2361 Τούτων
851 2308 1030 2361 τοίνυν
1087 2310 1230 2379 μετὰ
1293 2317 1472 2383 πάσης
1529 2317 1852 2386 πανταχόθει

1967 2334 2044 2387 vit
2070 2341 2256 2388 sancta
2287 2332 2399 2388 base
2417 2345 2470 2388 et
2496 2348 2692 2402 magna
2713 2335 2959 2405 synodus
3004 2336 3372 2398 mcumenica,
3408 2337 3543 2390 nulli

282 2393 568 2462 ἀκριϐείας
588 2399 676 2450 καὶ
706 2399 1002 2468 ἐμμελείας
1027 2400 1158 2472 παρ’
1184 2404 1340 2473 ἡμῶν
1394 2405 1852 2476 διατυπωθὲντων1

1967 2426 2154 2493 licere,
2181 2426 2338 2481 fidem
2367 2427 2531 2481 aliam
2587 2441 2912 2497 proponere,
2967 2438 3064 2482 aut
3121 2429 3384 2495 scribere,
3447 2439 3544 2483 aut

281 2488 482 2557 ὥρισεν
512 2493 544 2561 ἡ
581 2494 712 2562 ἁγία
743 2495 884 2568 αὕτη
942 2500 1036 2555 καὶ
1065 2500 1281 2570 μεγάλη
1342 2501 1560 2567 σύνοδος
1605 2504 1852 2576 οίκουμε·

1964 2529 2430 2589 componere,aut
2453 2527 2662 2581 tenere,
2695 2525 2791 2574 aut
2829 2520 2934 2575 alio
2967 2522 3128 2576 modo
3151 2521 3385 2588 docere;
3448 2523 3541 2590 qui

281 2587 425 2658 νικὴ,
457 2587 652 2657 ἑτέραν
681 2587 868 2644 πίστῖν
928 2592 1122 2660 μηδενὶ
1189 2593 1392 2658 ἐξεῖναι
1450 2599 1767 2667 προφέρειν.
1798 2599 1852 2671 ἧ-

1964 2629 2094 2670 vero
2155 2615 2274 2670 ausi
2333 2613 2558 2677 fuerint,
2606 2621 2701 2668 aut
2749 2627 3082 2684 componere
3127 2615 3289 2668 aliam
3358 2616 3548 2682 fidem,

281 2698 413 2750 γουν
445 2682 809 2753 συγγράφειν,
841 2683 873 2753 ἢ
908 2685 1301 2752 συντιθέναι,ἢ
1353 2693 1594 2761 φρονεῖν,
1645 2691 1678 2763 ἢ
1712 2693 1852 2748 διδά-

1963 2714 2058 2758 aut
2094 2684 2421 2774 proponere,
2453 2714 2550 2760 aut
2601 2706 2822 2770 docere,
2845 2682 2936 2759 aut
2960 2705 3178 2760 tradere
3223 2706 3368 2760 aliud
3394 2709 3546 2778 Sym-

279 2791 437 2828 σκειν
499 2775 723 2846 ἑτέρως.
791 2777 1018 2841 Τοὺς’δὲ
1071 2780 1389 2850 τολμῶντας
1451 2783 1482 2853 ἢ
1550 2787 1852 2840 συντιθέναι

1964 2799 2171 2862 bolum,
2203 2799 2272 2853 iis
2299 2800 2390 2869 qui
2430 2814 2496 2853 ex
2530 2798 2837 2865 gentilitate
2866 2805 2921 2853 et
2962 2798 3268 2868 judaismo,
3315 2799 3395 2852 vel
3438 2775 3548 2853 alia

276 2867 463 2919 πίστιν
546 2868 764 2936 ἑτέραν,
824 2868 857 2942 ἦ
920 2871 1299 2940 προκομίζειν,
1378 2873 1412 2944 ἦ
1468 2875 1764 2941 διδάσκειν,
1819 2876 1852 2950 ἢ

1961 2892 2207 2961 qualibet
2240 2867 2430 2947 haeresi
2465 2900 2885 2953 convertantur,
2909 2867 3028 2953 eos,
3073 2891 3118 2946 si
3148 2891 3388 2960 episcopi
3451 2899 3546 2943 aut

275 2957 634 3026 παραδιδόναι
730 2959 918 3030 ἓτερον
1015 2957 1292 3029 Σύμϐολον
1387 2967 1499 3029 τοῖς
1576 2967 1852 3024 ἐθέλουσιν

1961 2985 2145 3040 clerici
2191 2994 2342 3049 sunt,
2393 2985 2685 3054 episcopos
2733 2985 3076 3053 episcopatu,
3127 2983 3360 3037 clericos
3392 2983 3543 3038 clero

273 3052 634 3120 ἐπιστρέφειν
688 3052 747 3117 ἐξ
779 3053 1139 3124 Ἑλληνισμοῦ
1211 3057 1246 3127 ἢ
1293 3057 1656 3129 ’Ῑουδαῖσμοῦ,
1701 3061 1734 3132 ἢ
1796 3063 1852 3131 te

1963 3076 2272 3141 moveri;si
2311 3091 2442 3131 vero
2476 3076 2728 3129 monachi
2791 3082 2886 3128 aut
2945 3074 3070 3128 laici
3125 3083 3278 3136 sunt,
3312 3075 3545 3127 anathe-

268 3143 550 3210 αἱρέσεως
577 3144 995 3216 οίασδηποτοῦν,
1036 3145 1285 3214 τούτους,
1317 3150 1366 3202 εί
1429 3151 1530 3220 μὲν
1566 3150 1677 3207 εἷεν
1732 3155 1854 3209 επί-

272 3252 473 3288 σκοποι
533 3235 871 3306 ἢκὶηρικοὶ,
920 3239 1237 3310 ἀλλοτρίους
1272 3236 1416 3296 εἶναι
1449 3244 1574 3308 τοὺς
1628 3247 1854 3305 ἐπισκό-

270 3346 411 3392 πους
438 3329 537 3399 τῆς
575 3330 909 3400 ἐπισκοπῆς,
939 3334 1039 3388 καὶ
1071 3333 1200 3397 τοὺς
1231 3335 1544 3407 κληρωτοὺς
1571 3339 1664 3393 τοῦ
1718 3340 1852 3412 κλή-

272 3435 398 3491 ρουε
431 3423 480 3475 εί
513 3421 572 3474 δὲ
607 3423 937 3492 μονάζοντες
993 3420 1106 3478 εἶεν
1135 3428 1167 3498 ἢ
1201 3426 1404 3494 Minoi,
1449 3430 1850 3501 ἀναθεματίζε-

268 3515 400 3567 σθαι
431 3513 655 3578 αὐτούς.
699 3535 717 3568 ι
747 3517 992 3587 Φανερδν
1024 3513 1118 3572 οὖν
1149 3520 1297 3573 ἐστιν
1325 3522 1390 3576 ἐκ
1415 3523 1528 3578 τῶν
1542 3526 1854 3597 εἰρημένων

260 3606 416 3676 ὅρων
453 3605 564 3658 τῶν
606 3606 899 3678 μακαρίων
932 3609 1217 3681 Πατάρων,
1245 3611 1323 3676 ὡς
1355 3615 1417 3668 τὸ
1439 3615 1634 3686 ἑτέραν
1663 3618 1849 3674 πίστιν

262 3698 468 3770 μηδενὶ
506 3699 704 3763 ἐξεῖναι
759 3702 1147 3773 προφέρειν,ἢ
1199 3704 1339 3773 γοῦν
1394 3711 1755 3779 συγγράφειν,
1811 3714 1845 3782 ἢ

261 3791 671 3863 summam}
710 3796 1098 3863 καινοφωνίαν,
1140 3797 1260 3868 ἦτοι
1303 3798 1504 3864 λέξεως
1558 3802 1849 3871 ἔφεύρεσιν

262 3883 413 3951 πρὸς
466 3885 782 3954 ἀνατροπὴν
828 3887 1075 3955 εἰσάγειν
1127 3891 1237 3945 τῶν
1301 3892 1656 3961 ὁρισθέντων,
1722 3899 1850 3966 περὶ

260 3975 522 4036 ἑνα-ιτίασς
571 3976 700 4042 φασὶ
729 3976 989 4042 πίστεως.
1033 3980 1106 4034 Τὸ
1142 3982 1252 4052 γάρ
1285 3983 1440 4054 πρὸς
1493 3985 1850 4056 ἀνατροπὴν

258 4067 446 4121 τοῦτο
479 4067 648 4137 δηλοῖ.
690 4070 766 4124 Ού
798 4071 911 4141 γὰρ
936 4072 1100 4142 μόνον
1139 4077 1275 4146 περὶ
1303 4077 1413 4129 τῶν
1443 4078 1604 4150 ιερῶν
1638 4081 1850 4148 Συμϐό-

256 4162 382 4215 λων
418 4159 597 4215 ταῦτά
624 4179 778 4231 φασι.
811 4164 970 4218 Πᾶσα
1022 4164 1238 4230 suam;
1295 4169 1531 4234 πίστεως
1572 4171 1850 4242 Σύμϐολον

254 4253 602 4320 ὀνομάζεται
656 4256 752 4308 καὶ
804 4257 946 4312 ἔστι.
1013 4260 1264 4331 Περιέχει
1308 4263 1417 4334 γὰρ
1458 4263 1614 4328 οὗτος
1662 4268 1690 4320 ὁ
1723 4267 1847 4338 ὅρος

257 4345 405 4414 περὶ
435 4347 532 4414 τῆς
562 4348 889 4419 ὲνανθρωπή
903 4367 1038 4414 rem;
1070 4353 1163 4405 τοῦ
1195 4356 1428 4424 Κυρίου,
1464 4358 1558 4410 καὶ
1583 4360 1664 4412 ὅτι
1695 4363 1840 4416 ἀπα-

1963 3163 2235 3218 matizari.
2274 3183 2293 3216 ι
2346 3163 2443 3218 Est
2497 3178 2625 3233 ergo
2688 3162 3037 3218 manifestum
3096 3179 3161 3220 ex
3204 3164 3319 3234 jam
3383 3162 3549 3220 dictis

1959 3254 2244 3311 beatorum
2295 3255 2517 3311 Patrum
2565 3256 3006 3321 definitionibus,
3041 3257 3202 3310 aliam
3255 3258 3545 3312 fidem-ne-

1962 3348 2094 3404 mini
2128 3347 2293 3404 licere
2321 3364 2653 3418 proponere,
2706 3361 2802 3402 aut
2837 3349 3099 3413 scribere,
3157 3359 3254 3404 aut
3318 3365 3545 3417 (ompo-
3621 3337 3625 3340 ’

1962 3452 2116 3505 nere,
2150 3447 2242 3492 aut
2280 3451 2451 3494 novas
2481 3452 2639 3493 voces
2704 3445 2802 3491 aut
2853 3435 3124 3492 dictiones
3176 3436 3548 3502 comminisci,

1958 3542 2012 3586 et
2045 3532 2112 3586 ad
2134 3533 2477 3587 eversionem
2511 3531 2866 3586 decretorum
2899 3528 3275 3592 introducere,
3313 3527 3382 3583 de
3438 3527 3543 3582 fide

1959 3624 2235 3680 contraria
2252 3638 2374 3679 esse
2415 3621 2582 3678 dicta.
2643 3621 2889 3690 Namque
2918 3620 2987 3673 ad
3019 3620 3356 3683 eversionem,
3407 3619 3541 3673 illud

1958 3725 2129 3772 notat.
2161 3715 2280 3770 Non
2317 3716 2462 3771 enim
2491 3714 2558 3770 de
2586 3714 2794 3769 sanctis
2843 3712 3121 3784 Symbolis
3155 3715 3271 3768 btec
3328 3712 3536 3783 prolata

1957 3818 2106 3871 sunt,
2139 3822 2262 3861 cum
2291 3809 2468 3862 omnis
2502 3808 2624 3863 fidei
2676 3806 2947 3877 expositio
3000 3804 3318 3876 Symbolum
3355 3805 3540 3875 appel-

1960 3900 2124 3961 latnr.
2143 3909 2197 3954 et
2227 3907 2335 3955 est.
2361 3900 2620 3955 Continet
2665 3899 2939 3971 siquidem
2986 3899 3100 3954 haec
3163 3897 3432 3964 definitio,
3473 3897 3541 3952 de

1958 3991 2343 4048 incarnatione
2401 3991 2638 4057 Domini,
2700 3992 3046 4047 divinitatem
3099 4006 3208 4045 non
3249 4005 3372 4045 esse
3415 4004 3544 4058 pas-

1956 4085 2207 4141 si0uibns
2289 4086 2632 4148 obnoxiam,
2691 4097 2747 4141 ct.
2808 4086 2876 4140 de
2955 4085 3171 4140 duabus
3239 4083 3542 4138 voluntati-

1959 4177 2083 4230 bus.
2125 4175 2256 4242 Quze
2285 4192 2408 4231 cum
2443 4177 2648 4246 optime
2699 4177 3068 4246 expediissent
3130 4175 3339 4230 Patres.
3409 4175 3545 4230 subd

1956 4268 2134 4322 dunt:
2176 4266 2312 4322 illis
2345 4269 2646 4337 itaque
2693 4268 2968 4324 mandavit
3024 4277 3214 4323 saneta
3271 4268 3542 4333 synodus.

1958 4361 2162 4416 nemini
2197 4361 2384 4416 licere.
2451 4380 2470 4413 ι
2538 4361 2606 4416 Ει
2662 4363 2778 4417 haec
2835 4361 3059 4430 quidem
3109 4361 3164 4416 in
3221 4358 3540 4416 definitione

257 4439 370 4509 θὴς
400 4441 431 4509 ἡ
467 4439 684 4511 θεότης.
713 4441 814 4495 καὶ
843 4445 975 4513 περὶ
1007 4445 1104 4499 δύο
1133 4446 1484 4518 θελημάτων,
1518 4453 1614 4504 καὶ
1664 4455 1846 4518 καλῶς

1960 4465 2161 4509 sanctae
2196 4454 2386 4526 synodi
2413 4454 2790 4510 continentur.
2844 4454 2948 4512 Sed
2983 4471 3070 4516 ea.
3130 4469 3252 4523 quae
3283 4463 3370 4508 est
3427 4460 3540 4507 tera

256 4531 447 4584 ταῦτα
532 4534 1070 4605 ἑπεξεργασαμένων
1114 4539 1407 4611 -Πατέρων
1502 4543 1842 4612 ἐπάγουσιν·

262 4641 282 4674 ι
329 4621 556 4677 Τούτων
581 4627 784 4692 τοίνυν,
833 4646 852 4678 ι
887 4630 982 4681 καὶ
1035 4631 1106 4683 τὰ
1129 4631 1314 4686 λοιπά.
1348 4673 1361 4687 .
1392 4673 1404 4688 .
1429 4633 1630 4703 ὥρισεν
1661 4637 1848 4707 ήάγία

255 4714 490 4779 σύνοδος
523 4718 717 4786 μηδενὶ
747 4718 971 4785 ἐξεῖναι.
1013 4740 1034 4773 ι
1072 4723 1183 4775 Καὶ
1208 4723 1382 4778 ταῦτα
1422 4726 1520 4796 μὲν
1569 4729 1850 4798 περιέχον·

251 4823 358 4860 ται
388 4806 446 4857 ἐν
473 4807 550 4876 τῷ
587 4811 702 4879 ὅρῳ
747 4811 846 4880 τῆς
895 4811 1056 4879 ἁγίας
1105 4815 1325 4869 συνόδου
1351 4832 1366 4848 ο
1405 4818 1433 4869 ὁ
1461 4817 1517 4870 δὲ
1556 4819 1656 4889 τῆς
1685 4820 1848 4886 άγῐας

222 4894 461 4968 ξτριτης
497 4901 716 4954 συνόδου
741 4903 943 4971 φησίν⁶
982 4922 1000 4955 ι
1030 4905 1241 4976 ιἼΙρκει
1273 4905 1374 4975 μὲν
1409 4907 1503 4960 οὖν
1534 4910 1614 4971 εἰς
1654 4911 1846 4980 ἐντελῆ

245 4992 367 5058 τῆς
401 4989 690 5056 εὐσεϐείας
744 4995 1048 5061 ὲπίγνωσίν
1092 5014 1150 5048 τε
1194 4997 1288 5050 καὶ
1336 4998 1629 5068 βεϐαίωσιν
1689 5003 1849 5055 τοῦτο

244 5082 318 5134 τὸ
350 5081 455 5150 τῆς
483 5082 630 5148 θείας
678 5086 902 5156 χάριτος
951 5087 1256 5158 Σύμϐολον·
1314 5093 1448 5160 περί
1485 5108 1544 5144 τε
1587 5094 1697 5162 γὰρ
1750 5095 1845 5146 τοῦ

249 5173 488 5244 Πατρδς
518 5179 613 5230 καὶ
652 5179 746 5231 τοῦ
787 5180 920 5234 Υίοῦ
963 5183 1058 5234 καὶ
1088 5183 1181 5236 τοῦ
1211 5183 1372 5251 ἁγίου
1411 5185 1552 5239 Πνεύ
1565 5202 1732 5255 ματος
1753 5188 1846 5241 ἐκ·

245 5266 510 5322 διδάσκει
540 5268 604 5321 τὸ
646 5270 882 5326 τέλειον.
919 5291 938 5325 ι
975 5267 1109 5327 Εἶτα
1140 5275 1294 5342 λέγει
1319 5277 1450 5345 περὶ
1481 5277 1580 5346 τῆς
1603 5278 1697 5331 τοῦ
1733 5280 1849 5332 Κυ-

251 5362 388 5432 ρίου
439 5361 943 5434 ὲνανθρωπήσεως,
991 5366 1086 5418 καὶ
1153 5367 1237 5420 ὅτι
1301 5367 1566 5431 Θεοτόκος
1615 5370 1648 5439 ἡ
1715 5371 1846 5438 ἁγία

248 5453 567 5525 Παρθένος,
623 5457 720 5510 καὶ
773 5457 874 5528 τὴν
926 5458 1124 5512 ἕνωσιν
1157 5460 1266 5512 τῶν
1321 5459 1417 5513 δύο
1475 5462 1714 5530 φύσεων,
1753 5465 1846 5516 καὶ

245 5551 342 5601 ὅτι
374 5548 438 5600 τὸ
469 5549 582 5602 τῶν
609 5552 941 5621 τριακοσίων
963 5553 1094 5606 δέκα
1127 5553 1221 5606 καὶ
1242 5554 1386 5606 ὀκτὼ
1422 5556 1680 5624 Πατέριυν
1704 5557 1849 5626 Σύμ-

247 5643 423 5696 ϐολον
471 5645 676 5713 ὀφείλει
721 5646 905 5714 μένειν
941 5648 1418 5718 ἀπαρεγχείρητον
1445 5664 1457 5678 ·
1507 5646 1626 5703 εἶτα
1665 5652 1758 5703 καὶ
1785 5651 1848 5704 τὸ

249 5737 373 5788 τῶν
395 5737 592 5791 ἑκατὸν
624 5741 965 5813 πεντήκοντα
1025 5740 1322 5809 Σύμϐολον,
1390 5742 1482 5796 καὶ
1544 5743 1698 5815 φησὶ,
1747 5743 1845 5803 διὰ

1952 4547 2042 4602 tiae
2090 4548 2310 4618 synodi,
2371 4547 2488 4602 ait:
2538 4567 2556 4598 ι
2601 4547 2748 4604 Satis
2810 4549 2976 4620 igitur
3031 4555 3178 4604 esset
3241 4547 3309 4601 ad
3363 4545 3540 4613 perfe-

1951 4648 2095 4694 ctam
2147 4641 2367 4710 pietatis
2422 4642 2795 4710 cognitionem
2841 4658 2908 4698 ac
2957 4642 3274 4697 firmitatem
3312 4641 3415 4694 hoc
3459 4638 3544 4694 di-

1950 4732 2092 4786 vina:
2121 4733 2312 4802 gratiae
2370 4734 2728 4805 Symbolum;
2772 4753 2792 4788 ι
2871 4735 3223 4805 postmodum
3274 4733 3560 4797 adnectit,-

1952 4823 2017 4879 de
2046 4825 2258 4879 Domini
2284 4827 2689 4890 incarnatione,
2727 4835 2782 4882 et
2806 4837 3055 4883 sanctam
3092 4825 3372 4898 Virginem
3419 4839 3544 4880 esse

1955 4913 2267 4985 Deiparam,
2330 4930 2382 4974 et
2450 4919 2683 4973 duarum
2749 4929 3080 4974 naturarum
3147 4920 3428 4981 unionem,
3483 4925 3539 4971 et

1952 5019 2322 5084 trecentorum
2351 5013 2541 5067 decem
2579 5022 2632 5067 et
2651 5023 2774 5068 octo
2826 5013 3050 5067 Patrum
3084 5013 3406 5084 Symbolum
3456 5013 3536 5064 in-

1954 5111 2155 5158 tactum
2194 5104 2698 5174 atqueinviolatmu
2724 5107 3166 5160 conservandum
3199 5120 3356 5168 esse;
3418 5113 3539 5156 tum-

1951 5196 2210 5266 deinceps
2226 5207 2284 5252 et
2319 5208 2542 5253 centum
2575 5200 2972 5270 quinquaginta
3008 5200 3349 5271 Symbolum,
3409 5196 3540 5250 subs

1951 5289 2156 5357 ditqne,
2189 5298 2399 5358 propter
2430 5289 2662 5358 Spiritus
2688 5295 2859 5346 sancti
2902 5294 3095 5355 hostes,
3151 5299 3206 5344 et
3239 5288 3538 5359 synodiras

1950 5379 2136 5450 Cyrilli
2160 5390 2211 5434 et
2232 5381 2430 5437 Leonis
2460 5384 2744 5452 epistolas,
2775 5396 2828 5439 et
2866 5384 3212 5438 Diviuitatem
3243 5380 3525 5450 Uuigeuiti

1950 5472 2298 5539 passiou'ibus
2337 5490 2444 5528 nou
2489 5476 2800 5546 subjaeere,
2852 5485 2903 5529 et
2935 5473 3224 5530 Dominum
3281 5483 3533 5528 nostrum

1948 5561 2134 5620 .lesum
2166 5566 2446 5626 Christum
2477 5571 2774 5632 secundum
2834 5567 3172 5623 divinitatem
3231 5583 3354 5623 esse
3397 5583 3532 5623 cons

1950 5656 2371 5712 substantialem
2397 5659 2573 5724 Patri,
2600 5662 2900 5716 secundum
2948 5675 3076 5716 vero
3133 5660 3534 5717 humanitatem

1951 5749 2133 5806 nobis.
2175 5750 2389 5817 Quibus
2443 5755 2695 5810 omnibus
2743 5769 3008 5826 perquam
3047 5759 3408 5815 accommoda
3438 5774 3528 5814 ex!
