3982 6208
318 316 428 380 233

1439 314 1537 371 AD
1589 312 1955 371 IMPERAT.
1997 308 2477 369 TllAi'EZUN'l‘.

3463 307 3570 371 23S

318 438 500 490 πάντα
529 435 692 503 φύρει
726 436 821 488 καὶ
849 432 1186 504 διαστρέφει.
1220 431 1329 485 Καὶ
1360 431 1468 501 γὰρ
1521 433 1553 502 ή
1595 433 1654 484 ὲν
1681 430 1892 500 Ἐφέσῳ

2002 426 2247 496 synodus
2266 427 2426 481 [idem
2450 425 2671 495 quidem
2692 425 2877 491 aliam,
2892 426 3051 495 cujus
3074 425 3327 497 dogmata
3346 426 3574 484 Nic-anas

319 528 544 589 σύνοδος
581 526 765 577 πίστιν
791 525 889 594 μὲν
913 526 1133 591 ἑτέραν,
1166 518 1233 595 ἧς
1285 522 1508 576 ἐναντία
1535 524 1604 575 τὰ
1650 522 1902 588 δόγματα

319 621 460 688 πρὸς
486 621 585 687 τὴν
609 621 668 671 ὲν
709 615 915 687 Νικαία
960 616 1270 684 καθίστηκε
1321 614 1561 674 σύνοδον,
1619 611 1901 673 παντελῶς

317 711 639 765 ἐκτίθεσθαι
668 710 998 761 διεκώλυσεν
1024 725 1039 739 ·
1077 707 1374 778 ἀκηράτων
1412 707 1469 759 δὲ
1498 706 1606 758 τῶν
1642 707 1698 757 ἐν
1759 704 1898 771 αὐτῇ

320 801 673 869 σωζομένων,
734 798 881 867 ἁπερ
922 800 950 850 ὁ
1008 799 1202 866 καιρὸς
1248 798 1471 851 ἀπαιτεῖ
1521 792 1898 864 προστιθέναι,

318 895 490 960 αὐτῆς
522 909 582 944 τε
612 889 837 958 γέγονεν
869 890 1056 959 ἔργον,
1088 890 1183 942 καὶ
1215 888 1324 941 τῶν
1347 888 1695 958 πραγμάτων
1724 886 1757 956 ἡ
1793 884 1900 954 φύ-

322 1004 410 1048 at;
456 984 798 1045 διδάσκαλος,
849 983 943 1034 καὶ
971 982 1074 1049 τῆς
1115 980 1446 1051 Ἐκκλησίας
1490 980 1689 1050 ὁρᾶται
1741 977 1900 1031 τοῦτο

322 1076 630 1144 στέργουσα
654 1070 745 1124 διὰ
802 1070 1070 1139 παντὸςη
1115 1069 1443 1138 παράδοσις.
1478 1067 1572 1120 Διὸ
1611 1068 1709 1120 καὶ
1755 1066 1896 1120 κατὰ

316 1165 421 1233 τὴν
465 1161 879 1229 Ἀλεξάνδρειαν
906 1158 1061 1214 οὔπω
1085 1160 1182 1228 τῆς
1234 1161 1629 1228 οἱκουμενικῆς
1659 1173 1898 1226 συγκρο-

318 1254 585 1324 τηθείσης
619 1253 871 1315 συνόδου,
896 1252 1021 1314 τοὺς
1054 1252 1112 1304 ὲν
1144 1252 1284 1320 αὐτῇ
1308 1252 1414 1303 τῶν
1439 1250 1631 1321 ἱερέων
1660 1249 1893 1314 λογάδας

317 1349 347 1399 ὁ
413 1346 707 1406 θεσπέσιος
766 1343 1039 1413 Κύριλλος
1098 1340 1520 1410 ἀθροισάμενος,
1563 1342 1660 1396 καὶ
1712 1341 1897 1395 πίστιν

317 1440 640 1507 διαθέμενος
666 1437 946 1506 ἔγγραφον
988 1436 1068 1503 τῷ
1118 1434 1404 1503 Νεστορίῳ
1457 1432 1820 1503 διεπέμψατο.
1870 1450 1891 1484 ι

320 1534 429 1583 Καὶ
478 1533 508 1583 ὁ
565 1532 719 1597 ἅγιος
761 1528 1085 1600 Ἐφραίμιος
1145 1526 1494 1597 πατριάρχης
1563 1524 1894 1594 Ἀντιοχείας

323 1622 499 1691 φησί·
536 1639 556 1671 ι
596 1621 768 1674 Ιιάλιν
814 1620 871 1672 δὲ
908 1619 1316 1688 ἐπηρεάζουσιν
1368 1618 1419 1670 οί
1468 1618 1735 1688 αίρετικοὶ
1795 1618 1895 1686 τὴν

319 1712 590 1780 τετάρτην
613 1711 853 1773 σύνοδον,
886 1709 1160 1777 λέγοντες,
1180 1707 1257 1771 ὡς
1284 1707 1663 1776 ἐδογμάτισεν,
1703 1706 1895 1776 μηδενὶ

320 1802 531 1866 ἐξεῖναι
565 1799 885 1871 προφέρειν,
922 1801 957 1868 ἢ
986 1801 1353 1868 συγγράφειν,
1378 1797 1417 1868 ἢ
1473 1798 1777 1851 συντιθέναι
1804 1797 1895 1850 πί·
1927 1784 1968 1841 Β

326 1910 452 1945 στιν
477 1894 688 1961 ἑτέραν,
724 1891 757 1955 ἢ
786 1894 1027 1959 φρονεῖν,
1059 1890 1191 1959 παρ’
1226 1890 1293 1960 ἦν
1319 1889 1536 1953 ἐξέθετο
1560 1888 1722 1959 αύτή.
1758 1889 1895 1943 Κλί-

325 2002 410 2038 τοι
432 1985 495 2037 οὺ
534 1983 689 2036 τοῦτο
722 1985 755 2051 ὴ
785 1982 1000 2044 σύνοδος
1025 1982 1343 2050 διωρίσατο,
1388 1980 1491 2035 κᾶν
1519 1978 1894 2049 ἀναισχύντως

320 2071 470 2127 οὗτοι
491 2072 958 2142 καταψεύδωνται.
996 2071 1159 2124 Ἀλλὰ
1190 2073 1289 2141 τὴν
1318 2073 1522 2134 πίστιν,
1558 2070 1626 2140 ἣν
1655 2070 1704 2123 οί
1738 2086 1894 2141 τρια-

318 2165 496 2217 κόσιοι
530 2164 664 2217 δέκα
698 2164 793 2217 καὶ
824 2162 973 2216 ὀκτὼ
1000 2163 1243 2232 Πατέρες
1283 2164 1550 2229 ἐξέθεντο,
1588 2162 1807 2232 τιμῶσα
1834 2178 1894 2214 τε

319 2257 417 2309 καὶ
444 2255 811 2320 θεσπίζουσα,
853 2254 1008 2325 παρὰ
1028 2254 1235 2323 ταύτην
1270 2255 1439 2323 εφησε
1477 2254 1668 2325 μηδενὶ
1691 2253 1894 2317 ἐξεῖναι

323 2348 623 2417 προφέρειν
644 2348 839 2415 ἑτέραν
883 2347 1088 2412 πίστιν,
1114 2365 1132 2398 ι
1153 2349 1246 2399 καὶ
1275 2345 1344 2401 τὰ
1375 2346 1696 2401 ὑπόλοιπα.ι
1726 2348 1893 2417 Δῆλον

315 2440 380 2493 δέ
402 2442 554 2493 ἐστιν
590 2438 650 2503 ἐξ
673 2439 857 2491 αὐτῶν
914 2438 1152 2508 μάλιστα
1181 2438 1290 2492 τῶν
1346 2439 1638 2493 συναδικῶν
1677 2440 1890 2508 φωνῶν,

315 2525 398 2582 ὦν
419 2532 517 2583 καὶ
555 2531 717 2599 μόνον
778 2530 1325 2600 ἀναγινωσκομένων,
1373 2530 1493 2584 οὐδὲ
1548 2534 1680 2597 μιᾶς
1727 2529 1893 2599 ἄλλης

314 2623 526 2675 δεῖσθαι
560 2621 998 2692 κατασκευῆς,ἤ
1060 2622 1372 2684 συστάσεως
1442 2619 1808 2690 ἐπιδειχθεῖσα
1858 2622 1890 2690 η

317 2714 574 2780 ἀλήθεια.
610 2715 717 2766 Καὶ
741 2715 838 2784 οὐχ
865 2713 1033 2784 ὥρισε
1086 2713 1189 2783 μὲν
1218 2714 1396 2779 τοῦτο,
1456 2713 1661 2784 ἔπραξε
1692 2714 1749 2765 δὲ
1797 2714 1893 2766 ἄλ-

317 2805 453 2872 λως,
483 2805 601 2858 ἀλλ’
622 2805 699 2868 ὡς
733 2805 959 2874 ὥρισεν,
990 2804 1162 2868 οὕτως
1188 2805 1462 2874 πανταχοῦ
1501 2808 1593 2858 καὶ
1632 2807 1910 2875 διαπρατ-Ι

315 2899 522 2965 τομένη
557 2896 851 2963 λογίζεται.
878 2898 985 2949 Καὶ
1017 2896 1125 2964 γὰρ
1156 2898 1284 2958 τοὺς
1313 2898 1381 2967 τῇ
1433 2897 1690 2969 εὐσεϐείᾳ
1720 2916 1892 2967 προσ-

318 2992 505 3049 ιόντας
535 2990 635 3041 οὐκ
665 2989 792 3041 ἄλλο
819 2987 1114 3057 σύμὸολο),
1148 2986 1295 3040 ἁλλὰ
1334 2991 1392 3040 τὸ
1422 2989 1529 3040 τῶν
1564 2993 1892 3059 τριακοσίων

314 3079 456 3131 δέκα
486 3078 580 3130 καὶ
603 3076 746 3129 ὀκτὼ
772 3079 946 3145 ἁγίων
980 3079 1240 3147 Πατέρων
1293 3079 1605 3133 ἐκδιδάσκει
1642 3083 1735 3133 καὶ
1783 3099 1889 3134 πα-

317 3169 605 3239 ραδιδωσι.
634 3168 852 3221 Γελωτα
881 3169 938 3222 δὲ
965 3171 1166 3239 μᾶλλον
1195 3170 1315 3224 καθ’
1344 3173 1554 3223 ἑαυτῶν
1577 3172 1608 3242 ἢ
1634 3172 1890 3244 διαὸλλὴν

314 3260 422 3327 τῆς
462 3260 679 3312 συνόδου
716 3261 1061 3331 κατέχουσιν,
1098 3264 1156 3313 ἐν
1209 3255 1290 3324 οἷς
1347 3280 1510 3330 φασιν
1563 3262 1734 3334 αὐτὴν
1786 3265 1891 3317 ὑπὸ

320 3350 539 3403 πολλῶν
566 3350 945 3419 διασύρεσθαι.
981 3354 1155 3407 Πόσαι
1192 3355 1300 3425 γὰρ
1331 3356 1429 3423 τῆς
1452 3356 1675 3424 πρώτης
1694 3358 1788 3409 καὶ
1816 3359 1892 3410 0t-

314 3443 652 3513 κουμενικῆς
709 3444 875 3512 ἁγίας
929 3445 1149 3498 συνόδου
1209 3449 1468 3499 κατεῖπον
1516 3448 1759 3515 σύνοδοι,
1795 3450 1890 3505 καὶ

313 3532 443 3585 τότε
472 3534 774 3603 ἀρχιερέων
799 3530 955 3609 οὖσαι
999 3534 1273 3606 πλήρωμα
1298 3553 1313 3603 ;
1344 3537 1453 3607 Τὴν
1473 3537 1526 3589 δὲ
1556 3540 1661 3591 τῶν
1694 3541 1891 3594 ἑκατὸν

316 3626 690 3693 πεντήκοντα,
723 3626 832 3677 οὐδ’
867 3627 917 3678 εί
972 3628 1190 3695 γέγονε,
1228 3632 1370 3692 τινὲς
1427 3630 1535 3683 τῶν
1578 3632 1890 3699 Αἰγυπτίων

314 3715 525 3768 εἰδέναι
564 3717 857 3786 ἠθέλησαν.
906 3717 1047 3771 Ἀλλ’
1099 3720 1355 3790 ἐάσωμεν
1416 3723 1476 3774 τὸ
1525 3723 1833 3790 ἀλόγιστον.
1863 3745 1882 3776 ο

313 3807 432 3859 Καὶ
460 3807 620 3861 πάλιν
654 3805 849 3871 ὸθεῖος
898 3807 1190 3878 Μάξιμος*
1227 3830 1245 3862 ι
1289 3812 1410 3877 Πῶς
1459 3810 1552 3868 οὖν
1600 3814 1700 3883 τὴν
1747 3814 1889 3868 οὕτω

310 3898 498 3952 ταῦτα
530 3899 843 3969 σεϐασμίως
870 3899 987 3970 ἅμα
1052 3903 1145 3955 καί
1194 3901 1534 3972 διαπρυσίως
1568 3904 1785 3975 δρώσὰν
1829 3924 1889 3958 τε

311 3990 415 4039 καὶ
441 3987 875 4058 διαγορεύουσαν
910 3990 1074 4058 ἁγίαν
1109 3994 1165 4047 ὲν
1192 3993 1500 4063 Χαλκηδόνι
1551 3994 1789 4062 σύνοδον,
1813 3995 1889 4059 ὡς

310 4080 778 4153 διαπεμπομένην
803 4083 893 4135 τὸν
923 4084 1019 4153 τῆς
1056 4084 1310 4139 Νικαέων
1352 4087 1477 4157 ὅρον
1513 4088 1887 4158 παραστῆσαι,

317 4171 410 4231 τίς
441 4172 506 4223 ἂν
535 4173 837 4241 ἐξισχύσειε
879 4174 1123 4240 πώποτε,
1157 4177 1262 4230 κᾶν
1298 4177 1517 4232 πάντων
1646 4177 1890 4248 ποριμώ-

310 4279 480 4326 τατος
522 4268 602 4326 είς
653 4266 932 4336 ἐξεύρεσιν
992 4269 1102 4321 τῶν
1152 4270 1243 4323 διὰ
1301 4271 1527 4338 ψεύδους
1556 4273 1623 4324 τὰ
1652 4274 1728 4340 μῆ
1759 4271 1888 4324 ὄντα

314 4356 460 4404 κατὰ
507 4354 603 4422 τῆς
650 4356 886 4426 ἀληθοῦς
933 4358 1025 4411 καί
1053 4357 1221 4420 ὅντως
1263 4358 1688 4430 πλαττομένωνς
1723 4362 1782 4413 Ei
1828 4361 1884 4415 δὲ

312 4446 410 4496 καὶ
439 4445 512 4508 ὡς
543 4446 731 4499 τοῦτον
764 4448 863 4517 μὲν
890 4449 1169 4519 τηροῦσαν
1222 4450 1481 4520 βεϐαίως,
1510 4452 1583 4516 ὼς
1630 4452 1886 4522 δεύτερον

310 4538 374 4587 δὲ
397 4538 560 4606 τυχὸν
592 4541 995 4609 ὲπεισάγουσαν
1021 4543 1149 4611 ὅρον
1178 4542 1562 4613 διαλοιδορεῐτε
1620 4546 1716 4598 καὶ
1749 4549 1889 4615 μέμ-

310 4630 505 4698 gadiis,
534 4631 616 4693 τίς
641 4630 796 4696 οὗτος
830 4634 1170 4703 καθέστηκεν
1203 4637 1230 4687 ὁ
1270 4635 1361 4688 ὑπ’
1384 4637 1552 4706 αὐτῆς
1590 4638 1884 4705 ἐπεισαγό-

310 4739 480 4790 μενος
512 4723 759 4793 δεύτερος
785 4726 943 4795 ὃρος;
984 4726 1050 4778 ἸΙ
1106 4729 1392 4798 ὁμολογία,
1426 4732 1583 4798 φησὶ,
1643 4731 1752 4783 τῶν
1792 4730 1888 4783 δύο

310 4815 555 4883 φύσεων,
618 4818 713 4868 καὶ
767 4818 826 4868 ὲν
857 4817 951 4869 δύο
998 4818 1194 4886 φύσεσι
1254 4821 1459 4889 φωνῆς.
1507 4823 1583 4874 Οὐ
1634 4823 1742 4891 γάρ
1776 4822 1890 4891 ἔχει

308 4910 520 4975 ταύτην
543 4910 574 4961 ὁ
598 4909 691 4978 τῆς
716 4906 969 4964 Νικαέων
1013 4914 1160 4981 ὅρος.
1192 4914 1431 4985 Είσήχθη
1484 4916 1545 4969 δι
1599 4917 1887 4986 προδήλως

309 5000 424 5053 ὑπὸ
454 5001 563 5052 τῶν
612 5004 667 5055 εν
698 5001 1320 5077 Χαλκηδόνιιιιατέρων,
1351 5009 1413 5060 οὐ
1443 5010 1713 5081 πρότερον
1743 5028 1886 5080 γνω-

308 5094 651 5167 praesumi)
682 5096 1050 5167 ὀνομασθεῖσα
1082 5102 1235 5171 παρὰ
1262 5117 1430 5167 τινος.
1462 5103 1585 5157 Ὀτι
1629 5106 1728 5176 μὲν
1766 5107 1889 5160 οὐδὲ

307 5187 478 5241 τοῦτο
509 5188 766 5255 δύνασθε,
804 5195 1159 5263 παραστῆσαι
1202 5196 1382 5265 δῆλον.
1429 5198 1647 5262 Πολλοῖς
1685 5216 1743 5251 τε
1778 5201 1887 5269 γὰρ

304 5278 427 5330 τῶν
462 5280 569 5347 πρὸ
612 5281 783 5347 αὐτῆς
812 5282 987 5350 ἁγίων
1026 5284 1288 5356 Πατέρων
1310 5287 1385 5351 ὡς
1419 5288 1650 5357 εὐσεϐὴς
1677 5289 1709 5358 ἡ
1737 5290 1888 5358 φωνὴ

310 5370 413 5424 καὶ
445 5373 641 5444 ἐκρίθη
676 5377 770 5428 καὶ
796 5378 1167 5449 ἀνηγορεύθη,
1229 5380 1327 5432 καὶ
1386 5381 1726 5451 μαρτυροῦσι
1777 5383 1887 5435 τῶν

308 5464 523 5534 ταύτην
564 5468 923 5536 κηρυξάντων
955 5472 1005 5522 οί
1036 5471 1205 5539 λόγοι,
1242 5473 1421 5541 πάσης
1462 5474 1615 5535 ὄντες
1655 5475 1885 5545 ἡλιακῆς

306 5557 534 5620 ἀκτῖνος
619 5561 1070 5627 φωτοειδέστατοι
1146 5566 1246 5617 καὶ
1291 5565 1715 5636 ,λαμπρότεροι.
1773 5568 1882 5620 Καὶ

308 5650 472 5717 ὑμεῖς
501 5652 534 5720 ἢ
564 5652 809 5716 ἀγνοεῖτε
858 5654 927 5706 δι’
962 5656 1345 5723 ἀπαιδευσίαν,
1382 5658 1413 5728 ἢ
1468 5660 1683 5726 ἀγνοεῖν
1716 5677 1887 5730 προτ-

308 5744 557 5796 ποιεῖσθε
591 5745 679 5797 διὰ
712 5746 1002 5815 λοδορίαν,
1037 5750 1132 5800 καὶ
1185 5749 1293 5801 τῶν
1331 5752 1569 5803 suas.wa
1622 5753 1882 5825 Ματέρων

639 5844 885 5903 Parum.
954 5853 1069 5903 tun.
1118 5844 1288 5905 CLX.

2004 522 2276 576 contraria
2306 529 2513 583 essent,
2541 520 2769 575 omnino
2792 520 2989 589 exponi
3026 520 3217 573 vetuit.
3255 518 3416 576 Puris
3444 536 3576 576 vero

2003 621 2169 679 atque
2202 611 2504 675 inviolatis,
2540 627 2663 681 quae
2693 612 2750 667 in
2784 628 2847 664 ea
2877 622 3027 676 sunt,
3059 613 3312 676 servatis,
3336 628 3457 681 quae
3486 628 3581 668 oc-

2001 702 2151 757 casio
2206 704 2445 772 postulat
2500 702 3021 772 apponcnda,sicut
3056 705 3284 773 ipsamet
3343 704 3577 766 addidit,

2005 797 2107 850 hoc
2127 806 2181 849 et
2215 810 2399 850 rerum
2426 806 2625 849 natura
2662 795 2923 866 magistra
2977 797 3155 861 docet,
3210 805 3266 851 et
3316 797 3578 852 Ecclesia:

2005 903 2140 943 usus
2197 888 2416 943 videtur
2480 902 2591 942 non
2638 888 2916 957 reiecisse.
2959 888 3142 953 Quare
3179 897 3235 941 et
3275 888 3574 942 Alexandri

2002 978 2241 1033 nondum
2268 979 2603 1034 mcumenica
2633 980 2845 1047 synodo
2878 986 3088 1042 coacta,
3153 978 3398 1033 delectos
3432 980 3485 1032 in
3510 996 3573 1032 ea

1999 1070 2310 1126 sacerdotes
2325 1068 2543 1125 divinus
2559 1068 2793 1141 Cyrillus
2812 1081 3171 1138 congregans,
3190 1078 3244 1121 et
3262 1068 3422 1123 tidem
3444 1068 3577 1123 scri-

1999 1171 2144 1230 ptam
2162 1161 2478 1229 disponens,
2497 1159 2753 1217 Nestorio
2773 1161 2945 1217 misit.
2963 1181 2979 1211 ι
3002 1162 3068 1217 Ει
3082 1163 3256 1216 sancti
3284 1162 3577 1230 Ephrtemii

1997 1250 2319 1319 patriarcha:
2333 1252 2691 1306 Antiocheni:
2724 1269 2742 1303 ι
2768 1252 2904 1307 Ecce
2920 1252 3118 1307 iterum
3134 1261 3391 1320 quartam
3418 1267 3582 1321 syno-

1998 1342 2131 1395 dum
2150 1343 2560 1397 calumniantur
2575 1342 2841 1407 haeretici,
2864 1352 3123 1411 tanquam
3154 1358 3276 1413 qua:
3308 1342 3578 1405 docuerit,

1998 1431 2289 1487 noulicere
2325 1431 2484 1487 alicui
2517 1430 2781 1501 proferre,
2813 1439 2905 1485 aut
2937 1431 3204 1499 scribere,
3241 1441 3337 1485 aut
3359 1445 3581 1501 compo-

2002 1541 2157 1591 nere,
2195 1534 2292 1581 aut
2327 1536 2514 1580 tenere
2564 1525 2727 1579 aliam
2760 1525 2923 1579 tidem
2964 1533 3162 1594 praeter
3189 1538 3309 1579 eam
3328 1539 3491 1592 quam
3514 1538 3580 1578 ea

1996 1617 2274 1689 exposuit.
2322 1616 2390 1672 Et
2449 1625 2633 1672 tamen
2678 1615 2734 1672 id
2796 1616 3037 1687 synodus
3078 1631 3186 1672 non
3238 1616 3580 1680 decreverat,

1995 1711 2249 1780 quamvis
2264 1710 2320 1765 id
2338 1709 2582 1766 haeretici
2599 1708 3074 1778 impudentissime
3093 1710 3450 1763 mentiantur.
3472 1707 3579 1763 Sed

1997 1818 2117 1860 eam
2134 1803 2318 1869 ﬁdem,
2342 1818 2504 1873 quam
2530 1802 2758 1858 trecenti
2782 1800 3087 1857 octodecim
3109 1798 3301 1856 Patres
3323 1814 3580 1856 asserue-

1996 1904 2146 1959 rant,
2164 1911 2380 1951 summo
2417 1896 2471 1951 in
2527 1895 2736 1951 honore
2776 1895 2985 1953 habens
3022 1904 3189 1963 atque
3220 1893 3579 1965 conﬁrmans,

1996 1989 2364 2058 praeteritum
2385 1988 2552 2054 dixit,
2591 1988 2800 2044 nemini
2844 1987 3009 2045 licere
3035 1988 3197 2043 aliam
3256 1986 3416 2041 [idem
3446 2000 3579 2056 pro-

1997 2083 2138 2137 t‘erre
2162 2120 2178 2147 ,
2221 2100 2239 2133 ι
2274 2091 2331 2137 et
2356 2097 2478 2152 quae
2502 2092 2827 2150 sequuntur.
2854 2099 2872 2133 ι
2900 2080 2975 2135 Ex
2996 2080 3082 2134 his
3111 2079 3366 2135 omnibus
3381 2078 3578 2150 synodi

1996 2176 2247 2239 vocibus,
2310 2190 2434 2244 qua:
2486 2173 2785 2229 dummodo
2835 2172 2987 2229 lectae
3027 2171 3232 2228 fuerint
3253 2170 3405 2227 nulla
3463 2169 3576 2225 alia

1996 2266 2321 2337 probatione
2372 2276 2469 2321 aut
2490 2265 2962 2322 demonstratione
2984 2265 3274 2320 veritatem
3304 2262 3575 2333 indigere,

1993 2368 2327 2430 compertum
2379 2370 2488 2426 est,
2518 2373 2618 2415 nec
2655 2360 2803 2416 aliud
2831 2359 3108 2424 deﬁnisse,
3160 2357 3307 2413 aliud
3341 2371 3470 2413 vero
3500 2354 3580 2410 fc-

1994 2454 2136 2508 cissc
2165 2470 2181 2517 ;
2208 2454 2300 2508 sed
2322 2463 2381 2508 ut
2410 2453 2674 2517 decrevit,
2709 2453 2789 2507 sic
2821 2462 2877 2508 et
2907 2452 3111 2522 uhique
3140 2452 3338 2506 fecisse
3369 2464 3576 2519 cogno-

1994 2548 2184 2601 scitur.
2208 2545 2453 2616 Namque
2478 2560 2572 2600 eos
2587 2546 2678 2615 qui
2695 2544 2762 2600 ad
2783 2546 3041 2615 pietatem
3084 2544 3310 2616 gradum
3347 2541 3575 2600 iaciunt.

1994 2640 2202 2694 nullum
2229 2640 2373 2693 aliud
2403 2641 2744 2708 Symbolum.
2767 2653 2931 2709 quam
2966 2647 3333 2694 trecentorum
3360 2636 3579 2690 octode-

1991 2732 2097 2785 cim
2118 2731 2335 2784 Patrum
2363 2732 2549 2785 docuit
2593 2730 2944 2801 tradiditQue,
2967 2731 3136 2785 risum
3167 2737 3353 2785 autem
3391 2732 3575 2799 potius

1993 2834 2183 2877 contra
2210 2823 2448 2894 scipsos,
2478 2840 2641 2894 quam
2670 2824 2863 2894 synodi
2890 2824 3296 2878 accusationem
3316 2823 3577 2886 excitant,

1995 2914 2083 2968 uhi
2116 2916 2307 2969 dicunt
2338 2931 2456 2969 eam
2483 2932 2513 2969 ιι
2538 2916 2784 2984 pluribus
2810 2914 3069 2970 derideri.
3103 2914 3251 2980 Quot
3274 2913 3423 2967 enim
3461 2913 3577 2980 pri-

1994 3021 2139 3059 mam
2163 3020 2210 3061 et
2236 3009 2633 3061 meumenicatn
2666 3019 2910 3061 sanctam
2936 3006 3207 3075 synodum
3233 3004 3428 3073 synodi
3469 3004 3577 3057 cri-

1996 3098 2214 3150 minatur
2226 3107 2383 3160 sunt,
2400 3108 2510 3150 tum
2531 3110 2579 3151 et
2591 3097 2699 3149 iam
2713 3097 2840 3164 ipsa:
2859 3096 3183 3165 prazsnlihus
3203 3094 3577 3150 abundantes?

1996 3186 2142 3241 Illam
2162 3203 2288 3242 vero
2302 3198 2522 3243 centum
2557 3187 2949 3256 quinquaginta
2967 3185 3206 3253 Patrum,
3224 3201 3292 3239 au
3310 3184 3390 3240 vel
3408 3184 3573 3240 fuerit

1996 3276 2238 3348 Egyptii
2271 3279 2413 3334 scire
2457 3282 2774 3333 noluerunt.
2821 3276 2928 3331 Sed
2962 3278 3130 3335 inissa
3183 3276 3447 3333 faciamus
3484 3291 3577 3332 σοι

1935 3435 1945 3443 ⁸
1996 3372 2239 3425 rumdent
2280 3369 2664 3443 deliramenta.
2713 3389 2733 3422 ι
2770 3369 2852 3424 Ad
2894 3368 3011 3423 haec
3048 3371 3205 3425 divus
3252 3368 3522 3425 Maximus
3556 3385 3572 3422 :

1998 3482 2018 3516 ι
2048 3465 2294 3529 Quanam
2316 3446 2481 3533 igitur
2507 3463 2742 3528 ratione,
2775 3478 2899 3533 quae
2935 3464 3038 3518 hoc
3068 3472 3226 3533 pacto
3258 3463 3461 3518 similia
3489 3464 3577 3532 pie

1993 3558 2248 3625 clareque
2276 3565 2542 3622 operatur
2576 3567 2631 3609 et
2677 3555 2856 3609 sancit
2879 3564 3130 3609 sanctam
3159 3553 3575 3610 Chalcedonen-

1992 3664 2105 3703 sem
2132 3647 2400 3716 synodum
2426 3660 2581 3715 aeque
2614 3660 2679 3700 ac
2708 3647 2752 3701 si
2784 3643 3062 3700 Nicmnam
3095 3646 3465 3702 deﬁnitionem
3491 3662 3575 3700 re-

1994 3739 2265 3808 pudiaret,
2294 3740 2494 3808 poterit
2539 3754 2785 3808 unquam
2833 3737 3108 3808 quispiam
3138 3739 3390 3808 probare,
3441 3738 3575 3793 licet

1990 3832 2236 3885 omnium
2268 3832 2337 3886 ad
2371 3847 2481 3898 res,
2505 3847 2629 3903 quae
2679 3846 2953 3902 nusquam
2997 3840 3146 3898 sunt,
3184 3830 3573 3903 tinguntur-que

1992 3925 2256 3978 adversus
2289 3925 2598 3990 veritatem,
2619 3922 2787 3977 etiam
2818 3938 2944 3978 cum
2969 3923 3258 3979 mendacio
3281 3925 3573 3979 commini-

1992 4014 2224 4070 scendas
2249 4016 2557 4071 acerrimus
2579 4015 2672 4071 sit.
2698 4013 2853 4082 Quod
2870 4015 2921 4069 si
2940 4027 2996 4069 ut
3017 4016 3133 4070 haec
3153 4016 3372 4086 quidem
3396 4018 3567 4074 ﬁrmi-

1992 4115 2076 4161 ter
2113 4117 2558 4169 conservantetn,
2584 4116 2640 4162 et
2665 4105 2967 4161 secundant
3018 4105 3159 4162 forte
3191 4107 3567 4165 deﬁnitionem

1991 4196 2431 4251 introducentem
2460 4194 2845 4250 maledictione
2888 4204 2945 4248 et
2974 4195 3225 4248 convicio
3260 4194 3526 4262 excipitis
3548 4236 3563 4259 ,

1991 4308 2111 4362 quae
2123 4293 2238 4346 ha:c
2252 4292 2415 4346 fuerit
2427 4289 2697 4345 aheadem
2715 4288 2957 4346 secunda
2971 4290 3219 4345 delinitio
3230 4290 3566 4347 introducta!

1990 4384 2297 4449 Confessio,
2319 4385 2527 4454 inquis,
2550 4385 2784 4438 duarum
2804 4383 3565 4452 naturarum,dictioqueilla,

1992 4478 2046 4531 in
2074 4476 2288 4530 duabus
2323 4475 2559 4545 naturis,
2595 4490 2723 4544 qua:
2754 4474 2903 4530 nullo
2927 4474 3093 4529 modo
3120 4473 3340 4529 Nicaeus
3374 4475 3570 4530 delini—

1993 4571 2070 4623 tio
2102 4569 2368 4633 continet,
2391 4566 2488 4623 sed
2521 4567 2699 4637 palam
2740 4582 2772 4621 α
2805 4566 3348 4622 Cltulccdonensihus
3392 4567 3568 4622 Patri-

1991 4658 2093 4713 hus
2125 4658 2520 4721 intrusarsunt,
2554 4656 2707 4711 nullo
2730 4656 2894 4711 modo
2942 4664 3101 4711 antea
3141 4656 3386 4727 cognita,
3413 4657 3492 4709 vel
3538 4672 3567 4710 a

1989 4763 2261 4819 quoquam
2298 4749 2591 4803 recensita.
2621 4748 2773 4814 Quod
2809 4764 2937 4803 vero
2997 4765 3174 4818 neque
3220 4750 3271 4804 id
3335 4752 3570 4818 probare

1990 4842 2240 4910 potestis,
2264 4842 2617 4895 manifestum
2649 4851 2772 4894 est:
2808 4856 2839 4894 a
2870 4843 3059 4896 multis
3108 4841 3384 4911 siquidem
3438 4853 3566 4896 ante

1990 4951 2113 4990 eam
2147 4935 2399 4990 Patr-ibus
2429 4949 2535 4988 vox
2568 4934 2659 4989 illa
2692 4934 2769 4989 uti
2802 4935 2887 5003 pia
2930 4944 3180 5004 reputata
3221 4946 3306 4990 est
3360 4945 3415 4988 et
3466 4948 3561 5005 pu-

1992 5028 2133 5083 hlice
2171 5026 2558 5097 depraedicata,
2608 5035 2886 5097 testesque
2919 5036 3050 5082 sunt
3108 5042 3298 5082 eorum
3358 5040 3568 5080 sermo-

1990 5134 2112 5184 nes,
2180 5120 2273 5187 qui
2307 5133 2427 5173 eam
2456 5119 2766 5184 edixerunt,
2818 5121 3013 5188 quovis
3058 5119 3192 5175 solis
3233 5118 3385 5172 radio
3448 5115 3564 5169 cla-

1991 5212 2167 5265 riores
2217 5219 2382 5280 atque
2410 5212 2836 5280 splendidiores.
2866 5211 3086 5281 Vosque
3121 5212 3173 5265 id
3200 5221 3296 5263 aut
3344 5214 3567 5275 propter

1990 5301 2265 5356 inscitiam
2318 5302 2604 5371 ignoratis,
2672 5311 2768 5358 aut
2824 5305 3077 5373 ignorare
3116 5302 3320 5369 ﬁngitis
3346 5306 3566 5367 propter

1991 5394 2454 5459 maledictionctn,
2497 5405 2552 5449 et
2577 5398 2793 5464 piorum
2853 5397 3070 5449 l‘atrutn
3128 5406 3195 5447 ac
3240 5392 3562 5461 dogtnatunt

1991 5498 2246 5538 vesanam
2282 5485 2742 5539 criminationem.
2790 5482 3001 5548 Quodsi
3034 5483 3245 5537 nullum
3275 5480 3327 5535 id
3347 5496 3564 5550 quoque

1993 5584 2159 5640 esset,
2208 5592 2329 5630 cum
2360 5586 2541 5630 tamen
2579 5579 2896 5644 plurimum,
2930 5585 2989 5629 ut
3015 5575 3150 5639 dixi,
3192 5591 3314 5631 sese
3345 5574 3561 5639 oﬂerat,

1993 5669 2125 5738 quid
2155 5670 2381 5737 impedit
2432 5679 2513 5722 tot
2556 5669 2763 5733 Patres,
2792 5669 2900 5720 into
2950 5669 3388 5724 Christianorum
3444 5685 3558 5721 utr--

1996 5779 2144 5815 tttuut
2188 5756 2411 5829 cwtuln,
2438 5762 2489 5816 id
2519 5779 2751 5831 [tantque
2786 5779 3003 5831 pmpt‘tc
3029 5776 3112 5816 cst
3135 5765 3560 5816 nrtlmluxmutu

3125 5856 3158 5912 ὅ
