  <div class='ocr_page' id='page_1' title='image "/cluster/home/n/w/nwhite01/storage/ocr_20150623/160/hvd.32044073502692/126.png"; bbox 0 0 3982 6208; ppageno 0'>
   <div class='ocr_carea' id='block_1_1' title="bbox 357 324 3620 397">
    <p class='ocr_par' dir='ltr' id='par_1_1' title="bbox 357 324 3620 397">
     <span class='ocr_line' id='line_1_1' title="bbox 357 324 3620 397; baseline 0.003 -19"><span class='ocrx_word' id='word_1_1' title='bbox 357 332 466 397; x_wconf 64' lang='lat'><strong>237</strong></span> <span class='ocrx_word' id='word_1_2' title='bbox 1153 325 1156 328; x_wconf 76' lang='grc'><strong>’</strong></span> <span class='ocrx_word' id='word_1_3' title='bbox 1476 325 1574 383; x_wconf 80' lang='lat' dir='ltr'><strong>AD</strong></span> <span class='ocrx_word' id='word_1_4' title='bbox 1620 324 1977 385; x_wconf 77' lang='lat' dir='ltr'><strong>lMPERAT.</strong></span> <span class='ocrx_word' id='word_1_5' title='bbox 2022 325 2509 386; x_wconf 71' lang='lat' dir='ltr'><strong>TRAPEZUNT.</strong></span> <span class='ocrx_word' id='word_1_6' title='bbox 3513 336 3620 397; x_wconf 71' lang='lat'><strong>233</strong></span> 
     </span>
    </p>
   </div>
   <div class='ocr_carea' id='block_1_2' title="bbox 364 422 1930 516">
    <p class='ocr_par' dir='ltr' id='par_1_2' title="bbox 364 422 1930 516">
     <span class='ocr_line' id='line_1_2' title="bbox 364 422 1930 516; baseline -0.008 -15"><span class='ocrx_word' id='word_1_7' title='bbox 364 422 694 516; x_wconf 17' lang='grc' dir='ltr'>Πατέρεςθού</span> <span class='ocrx_word' id='word_1_8' title='bbox 729 440 1120 511; x_wconf 80' lang='grc' dir='ltr'>συνεχώρησαν</span> <span class='ocrx_word' id='word_1_9' title='bbox 1163 438 1253 492; x_wconf 83' lang='grc' dir='ltr'>διά</span> <span class='ocrx_word' id='word_1_10' title='bbox 1301 437 1411 490; x_wconf 89' lang='grc' dir='ltr'><strong>τῶν</strong></span> <span class='ocrx_word' id='word_1_11' title='bbox 1473 439 1689 490; x_wconf 72' lang='grc' dir='ltr'>οίκείων</span> <span class='ocrx_word' id='word_1_12' title='bbox 1745 439 1930 506; x_wconf 68' lang='grc' dir='ltr'>φωνῶν</span> 
     </span>
    </p>
   </div>
   <div class='ocr_carea' id='block_1_3' title="bbox 2032 422 3621 516">
    <p class='ocr_par' dir='ltr' id='par_1_3' title="bbox 2043 440 3621 511">
     <span class='ocr_line' id='line_1_3' title="bbox 2043 440 3621 511; baseline 0.004 -18"><span class='ocrx_word' id='word_1_13' title='bbox 2043 454 2097 493; x_wconf 86' lang='lat' dir='ltr'><strong>et</strong></span> <span class='ocrx_word' id='word_1_14' title='bbox 2123 440 2477 511; x_wconf 71' lang='lat' dir='ltr'><strong>Eutyelaetem</strong></span> <span class='ocrx_word' id='word_1_15' title='bbox 2498 440 2835 497; x_wconf 80' lang='lat' dir='ltr'><strong>confundere</strong></span> <span class='ocrx_word' id='word_1_16' title='bbox 2868 448 3167 497; x_wconf 88' lang='lat' dir='ltr'><strong>tentantem</strong></span> <span class='ocrx_word' id='word_1_17' title='bbox 3189 447 3485 501; x_wconf 79' lang='lat' dir='ltr'><strong>venerandi</strong></span> <span class='ocrx_word' id='word_1_18' title='bbox 3524 451 3621 503; x_wconf 73' lang='lat' dir='ltr'><strong>Pa-</strong></span> 
     </span>
    </p>
   </div>
   <div class='ocr_carea' id='block_1_4' title="bbox 362 529 1930 609">
    <p class='ocr_par' dir='ltr' id='par_1_4' title="bbox 362 529 1930 607">
     <span class='ocr_line' id='line_1_4' title="bbox 362 529 1930 607; baseline -0.006 -14"><span class='ocrx_word' id='word_1_19' title='bbox 362 541 460 597; x_wconf 75' lang='grc' dir='ltr'><strong>καὶ</strong></span> <span class='ocrx_word' id='word_1_20' title='bbox 519 538 830 607; x_wconf 82' lang='grc' dir='ltr'>δογμάτων.</span> <span class='ocrx_word' id='word_1_21' title='bbox 892 532 1048 587; x_wconf 82' lang='grc' dir='ltr'>υῦτω</span> <span class='ocrx_word' id='word_1_22' title='bbox 1102 532 1161 585; x_wconf 74' lang='grc' dir='ltr'><strong>δὲ</strong></span> <span class='ocrx_word' id='word_1_23' title='bbox 1209 529 1429 585; x_wconf 75' lang='grc' dir='ltr'>καὶτὸν</span> <span class='ocrx_word' id='word_1_24' title='bbox 1488 530 1589 599; x_wconf 81' lang='grc' dir='ltr'>τῆς</span> <span class='ocrx_word' id='word_1_25' title='bbox 1631 532 1930 599; x_wconf 70' lang='grc' dir='ltr'><strong>οἰκονομίας</strong></span> 
     </span>
    </p>
   </div>
   <div class='ocr_carea' id='block_1_5' title="bbox 2032 529 3618 609">
    <p class='ocr_par' dir='ltr' id='par_1_5' title="bbox 2048 535 3618 609">
     <span class='ocr_line' id='line_1_5' title="bbox 2048 535 3618 609; baseline 0.004 -20"><span class='ocrx_word' id='word_1_26' title='bbox 2048 545 2159 591; x_wconf 92' lang='lat' dir='ltr'><strong>tres</strong></span> <span class='ocrx_word' id='word_1_27' title='bbox 2176 535 2652 592; x_wconf 86' lang='lat' dir='ltr'><strong>Chalcedonenses</strong></span> <span class='ocrx_word' id='word_1_28' title='bbox 2675 537 3099 607; x_wconf 83' lang='lat' dir='ltr'><strong>impediverunt.</strong></span> <span class='ocrx_word' id='word_1_29' title='bbox 3121 539 3303 604; x_wconf 76' lang='lat' dir='ltr'><strong>Quare</strong></span> <span class='ocrx_word' id='word_1_30' title='bbox 3326 540 3493 609; x_wconf 79' lang='lat' dir='ltr'><strong>igitur</strong></span> <span class='ocrx_word' id='word_1_31' title='bbox 3516 559 3618 596; x_wconf 85' lang='lat' dir='ltr'><strong>una</strong></span> 
     </span>
    </p>
   </div>
   <div class='ocr_carea' id='block_1_6' title="bbox 361 623 1930 701">
    <p class='ocr_par' dir='ltr' id='par_1_6' title="bbox 361 623 1930 699">
     <span class='ocr_line' id='line_1_6' title="bbox 361 623 1930 699; baseline -0.007 -13"><span class='ocrx_word' id='word_1_32' title='bbox 361 631 679 699; x_wconf 62' lang='lat' dir='ltr'><strong>Naasdptov</strong></span> <span class='ocrx_word' id='word_1_33' title='bbox 728 628 967 697; x_wconf 85' lang='grc' dir='ltr'>διαιρεῖν</span> <span class='ocrx_word' id='word_1_34' title='bbox 1006 623 1399 695; x_wconf 74' lang='grc' dir='ltr'><strong>μηχανώμενον</strong></span> <span class='ocrx_word' id='word_1_35' title='bbox 1451 625 1480 675; x_wconf 84' lang='grc' dir='ltr'>ὁ</span> <span class='ocrx_word' id='word_1_36' title='bbox 1524 624 1796 692; x_wconf 75' lang='grc' dir='ltr'>μακάριος</span> <span class='ocrx_word' id='word_1_37' title='bbox 1838 625 1930 676; x_wconf 72' lang='grc' dir='ltr'>οὐκ</span> 
     </span>
    </p>
   </div>
   <div class='ocr_carea' id='block_1_7' title="bbox 2032 623 3621 701">
    <p class='ocr_par' dir='ltr' id='par_1_7' title="bbox 2044 630 3621 701">
     <span class='ocr_line' id='line_1_7' title="bbox 2044 630 3621 701; baseline 0.002 -17"><span class='ocrx_word' id='word_1_38' title='bbox 2044 643 2168 684; x_wconf 91' lang='lat' dir='ltr'><strong>cum</strong></span> <span class='ocrx_word' id='word_1_39' title='bbox 2199 630 2310 683; x_wconf 88' lang='lat' dir='ltr'><strong>illis</strong></span> <span class='ocrx_word' id='word_1_40' title='bbox 2362 631 2588 699; x_wconf 87' lang='lat' dir='ltr'><strong>synodis</strong></span> <span class='ocrx_word' id='word_1_41' title='bbox 2623 631 2767 685; x_wconf 87' lang='lat' dir='ltr'><strong>bane</strong></span> <span class='ocrx_word' id='word_1_42' title='bbox 2823 646 3045 701; x_wconf 85' lang='lat' dir='ltr'><strong>quoque</strong></span> <span class='ocrx_word' id='word_1_43' title='bbox 3105 641 3326 701; x_wconf 75' lang='lat' dir='ltr'><strong>propter</strong></span> <span class='ocrx_word' id='word_1_44' title='bbox 3369 632 3510 686; x_wconf 88' lang='lat' dir='ltr'><strong>idem</strong></span> <span class='ocrx_word' id='word_1_45' title='bbox 3567 647 3621 687; x_wconf 84' lang='lat' dir='ltr'><strong>et</strong></span> 
     </span>
    </p>
   </div>
   <div class='ocr_carea' id='block_1_8' title="bbox 360 713 1930 792">
    <p class='ocr_par' dir='ltr' id='par_1_8' title="bbox 360 713 1930 791">
     <span class='ocr_line' id='line_1_8' title="bbox 360 713 1930 791; baseline -0.007 -14"><span class='ocrx_word' id='word_1_46' title='bbox 360 724 515 779; x_wconf 76' lang='grc' dir='ltr'>σίασε</span> <span class='ocrx_word' id='word_1_47' title='bbox 549 719 863 791; x_wconf 80' lang='grc' dir='ltr'>Κύριλλος’</span> <span class='ocrx_word' id='word_1_48' title='bbox 899 717 1089 787; x_wconf 83' lang='grc' dir='ltr'>ὥσπερ</span> <span class='ocrx_word' id='word_1_49' title='bbox 1136 713 1231 770; x_wconf 67' lang='grc' dir='ltr'>οὖν</span> <span class='ocrx_word' id='word_1_50' title='bbox 1278 716 1374 769; x_wconf 68' lang='grc' dir='ltr'><strong>καί</strong></span> <span class='ocrx_word' id='word_1_51' title='bbox 1425 715 1669 784; x_wconf 78' lang='grc' dir='ltr'>Εύτυχέα</span> <span class='ocrx_word' id='word_1_52' title='bbox 1718 718 1930 785; x_wconf 63' lang='grc' dir='ltr'>συγχεῖν</span> 
     </span>
    </p>
   </div>
   <div class='ocr_carea' id='block_1_9' title="bbox 2032 713 3617 792">
    <p class='ocr_par' dir='ltr' id='par_1_9' title="bbox 2042 722 3617 792">
     <span class='ocr_line' id='line_1_9' title="bbox 2042 722 3617 792; baseline 0.003 -18"><span class='ocrx_word' id='word_1_53' title='bbox 2042 736 2141 790; x_wconf 83' lang='lat' dir='ltr'><strong>par</strong></span> <span class='ocrx_word' id='word_1_54' title='bbox 2178 722 2378 775; x_wconf 89' lang='lat' dir='ltr'><strong>bonum</strong></span> <span class='ocrx_word' id='word_1_55' title='bbox 2413 738 2521 778; x_wconf 90' lang='lat' dir='ltr'><strong>non</strong></span> <span class='ocrx_word' id='word_1_56' title='bbox 2550 723 2945 792; x_wconf 69' lang='lat' dir='ltr'><strong>amplectimini</strong></span> <span class='ocrx_word' id='word_1_57' title='bbox 2974 724 3127 778; x_wconf 71' lang='lat' dir='ltr'><strong>iAnt</strong></span> <span class='ocrx_word' id='word_1_58' title='bbox 3153 725 3295 778; x_wconf 88' lang='lat' dir='ltr'><strong>hanc</strong></span> <span class='ocrx_word' id='word_1_59' title='bbox 3332 727 3497 780; x_wconf 87' lang='lat' dir='ltr'><strong>veluti</strong></span> <span class='ocrx_word' id='word_1_60' title='bbox 3532 743 3617 779; x_wconf 84' lang='lat' dir='ltr'><strong>rc-</strong></span> 
     </span>
    </p>
   </div>
   <div class='ocr_carea' id='block_1_10' title="bbox 364 807 1930 886">
    <p class='ocr_par' dir='ltr' id='par_1_10' title="bbox 364 807 1930 885">
     <span class='ocr_line' id='line_1_10' title="bbox 364 807 1930 885; baseline -0.006 -16"><span class='ocrx_word' id='word_1_61' title='bbox 364 816 704 885; x_wconf 75' lang='grc' dir='ltr'>ἐθελήσαντα</span> <span class='ocrx_word' id='word_1_62' title='bbox 779 810 1116 865; x_wconf 79' lang='grc' dir='ltr'><strong>διεκώλυσαν</strong></span> <span class='ocrx_word' id='word_1_63' title='bbox 1179 810 1228 861; x_wconf 89' lang='grc' dir='ltr'><strong>οί</strong></span> <span class='ocrx_word' id='word_1_64' title='bbox 1302 810 1359 861; x_wconf 75' lang='grc' dir='ltr'>ὲν</span> <span class='ocrx_word' id='word_1_65' title='bbox 1409 807 1717 876; x_wconf 77' lang='grc' dir='ltr'><strong>Χαλκηδόνι</strong></span> <span class='ocrx_word' id='word_1_66' title='bbox 1765 809 1930 875; x_wconf 87' lang='grc' dir='ltr'>τίμιοι</span> 
     </span>
    </p>
   </div>
   <div class='ocr_carea' id='block_1_11' title="bbox 2032 807 3617 886">
    <p class='ocr_par' dir='ltr' id='par_1_11' title="bbox 2044 814 3617 886">
     <span class='ocr_line' id='line_1_11' title="bbox 2044 814 3617 886; baseline 0.005 -21"><span class='ocrx_word' id='word_1_67' title='bbox 2044 828 2165 866; x_wconf 86' lang='lat' dir='ltr'><strong>rum</strong></span> <span class='ocrx_word' id='word_1_68' title='bbox 2214 814 2575 869; x_wconf 74' lang='lat' dir='ltr'><strong>honestarum</strong></span> <span class='ocrx_word' id='word_1_69' title='bbox 2635 829 2827 869; x_wconf 89' lang='lat' dir='ltr'><strong>osores</strong></span> <span class='ocrx_word' id='word_1_70' title='bbox 2892 816 3195 885; x_wconf 88' lang='lat' dir='ltr'><strong>opprobrio</strong></span> <span class='ocrx_word' id='word_1_71' title='bbox 3257 817 3617 886; x_wconf 73' lang='lat' dir='ltr'><strong>excipientes.</strong></span> 
     </span>
    </p>
   </div>
   <div class='ocr_carea' id='block_1_12' title="bbox 364 898 1930 977">
    <p class='ocr_par' dir='ltr' id='par_1_12' title="bbox 364 898 1930 976">
     <span class='ocr_line' id='line_1_12' title="bbox 364 898 1930 976; baseline -0.006 -16"><span class='ocrx_word' id='word_1_72' title='bbox 364 906 632 976; x_wconf 77' lang='grc' dir='ltr'>Πατέρες.</span> <span class='ocrx_word' id='word_1_73' title='bbox 671 903 798 966; x_wconf 83' lang='grc' dir='ltr'>Πῶς</span> <span class='ocrx_word' id='word_1_74' title='bbox 823 898 920 955; x_wconf 85' lang='grc' dir='ltr'><strong>οῦν</strong></span> <span class='ocrx_word' id='word_1_75' title='bbox 977 902 1120 971; x_wconf 79' lang='grc' dir='ltr'>ὑπὲρ</span> <span class='ocrx_word' id='word_1_76' title='bbox 1179 898 1276 952; x_wconf 87' lang='grc' dir='ltr'><strong>τοῦ</strong></span> <span class='ocrx_word' id='word_1_77' title='bbox 1310 898 1519 967; x_wconf 80' lang='grc' dir='ltr'><strong>ἀγαθοῦ</strong></span> <span class='ocrx_word' id='word_1_78' title='bbox 1556 900 1653 952; x_wconf 85' lang='grc' dir='ltr'>σὺν</span> <span class='ocrx_word' id='word_1_79' title='bbox 1700 899 1930 961; x_wconf 77' lang='grc' dir='ltr'><strong>ἐκείναις</strong></span> 
     </span>
    </p>
   </div>
   <div class='ocr_carea' id='block_1_13' title="bbox 2032 898 3614 977">
    <p class='ocr_par' dir='ltr' id='par_1_13' title="bbox 2037 905 3614 977">
     <span class='ocr_line' id='line_1_13' title="bbox 2037 905 3614 977; baseline 0 -18"><span class='ocrx_word' id='word_1_80' title='bbox 2037 905 2335 974; x_wconf 88' lang='lat' dir='ltr'><strong>opprobrio</strong></span> <span class='ocrx_word' id='word_1_81' title='bbox 2369 906 2498 960; x_wconf 91' lang='lat' dir='ltr'><strong>item</strong></span> <span class='ocrx_word' id='word_1_82' title='bbox 2522 917 2578 960; x_wconf 91' lang='lat' dir='ltr'><strong>et</strong></span> <span class='ocrx_word' id='word_1_83' title='bbox 2606 906 2729 961; x_wconf 89' lang='lat' dir='ltr'><strong>illas</strong></span> <span class='ocrx_word' id='word_1_84' title='bbox 2759 907 3035 975; x_wconf 85' lang='lat' dir='ltr'><strong>exeipitis,</strong></span> <span class='ocrx_word' id='word_1_85' title='bbox 3064 909 3210 977; x_wconf 91' lang='lat' dir='ltr'><strong>quod</strong></span> <span class='ocrx_word' id='word_1_86' title='bbox 3269 910 3614 977; x_wconf 85' lang='lat' dir='ltr'><strong>potissimum</strong></span> 
     </span>
    </p>
   </div>
   <div class='ocr_carea' id='block_1_14' title="bbox 361 991 1933 1068">
    <p class='ocr_par' dir='ltr' id='par_1_14' title="bbox 361 991 1933 1068">
     <span class='ocr_line' id='line_1_14' title="bbox 361 991 1933 1068; baseline -0.004 -18"><span class='ocrx_word' id='word_1_87' title='bbox 361 998 507 1068; x_wconf 77' lang='grc' dir='ltr'>φημὶ</span> <span class='ocrx_word' id='word_1_88' title='bbox 559 999 681 1058; x_wconf 88' lang='grc' dir='ltr'>ταῖς</span> <span class='ocrx_word' id='word_1_89' title='bbox 735 994 979 1056; x_wconf 78' lang='grc' dir='ltr'>συνόδοις</span> <span class='ocrx_word' id='word_1_90' title='bbox 1040 994 1135 1046; x_wconf 73' lang='grc' dir='ltr'>καὶ</span> <span class='ocrx_word' id='word_1_91' title='bbox 1168 992 1377 1061; x_wconf 87' lang='grc' dir='ltr'>ταύτην</span> <span class='ocrx_word' id='word_1_92' title='bbox 1429 992 1532 1046; x_wconf 81' lang='grc' dir='ltr'>οὐκ</span> <span class='ocrx_word' id='word_1_93' title='bbox 1580 991 1933 1061; x_wconf 76' lang='grc' dir='ltr'>ἀποδέχεσθε,</span> 
     </span>
    </p>
   </div>
   <div class='ocr_carea' id='block_1_15' title="bbox 360 1081 1933 1153">
    <p class='ocr_par' dir='ltr' id='par_1_15' title="bbox 360 1081 1933 1153">
     <span class='ocr_line' id='line_1_15' title="bbox 360 1081 1933 1153; baseline -0.004 -11"><span class='ocrx_word' id='word_1_94' title='bbox 360 1090 450 1142; x_wconf 66' lang='grc' dir='ltr'><strong>διὰ</strong></span> <span class='ocrx_word' id='word_1_95' title='bbox 478 1088 541 1140; x_wconf 80' lang='grc' dir='ltr'>τὸ</span> <span class='ocrx_word' id='word_1_96' title='bbox 560 1086 692 1140; x_wconf 76' lang='grc' dir='ltr'>αὐτὸ</span> <span class='ocrx_word' id='word_1_97' title='bbox 722 1086 818 1139; x_wconf 76' lang='grc' dir='ltr'>καὶ</span> <span class='ocrx_word' id='word_1_98' title='bbox 855 1085 968 1137; x_wconf 83' lang='grc' dir='ltr'>ίσον</span> <span class='ocrx_word' id='word_1_99' title='bbox 995 1084 1196 1149; x_wconf 84' lang='grc' dir='ltr'>καλόν;</span> <span class='ocrx_word' id='word_1_100' title='bbox 1235 1084 1304 1136; x_wconf 87' lang='grc' dir='ltr'><strong>Ἦ</strong></span> <span class='ocrx_word' id='word_1_101' title='bbox 1353 1081 1559 1153; x_wconf 87' lang='grc' dir='ltr'>ταύτην</span> <span class='ocrx_word' id='word_1_102' title='bbox 1595 1082 1672 1146; x_wconf 80' lang='grc' dir='ltr'><strong>ὡς</strong></span> <span class='ocrx_word' id='word_1_103' title='bbox 1705 1084 1933 1150; x_wconf 63' lang='grc' dir='ltr'>μισ-ὁκα-</span> 
     </span>
    </p>
   </div>
   <div class='ocr_carea' id='block_1_16' title="bbox 359 1174 1934 1246">
    <p class='ocr_par' dir='ltr' id='par_1_16' title="bbox 359 1174 1934 1246">
     <span class='ocr_line' id='line_1_16' title="bbox 359 1174 1934 1246; baseline -0.001 -16"><span class='ocrx_word' id='word_1_104' title='bbox 359 1180 446 1233; x_wconf 81' lang='grc' dir='ltr'><strong>λοι</strong></span> <span class='ocrx_word' id='word_1_105' title='bbox 484 1174 948 1246; x_wconf 78' lang='grc' dir='ltr'>διαλοιδοροῦντες</span> <span class='ocrx_word' id='word_1_106' title='bbox 1008 1174 1506 1243; x_wconf 75' lang='grc' dir='ltr'>συνδιαλοιόορεῖτε</span> <span class='ocrx_word' id='word_1_107' title='bbox 1546 1174 1851 1241; x_wconf 77' lang='grc' dir='ltr'>κάκείνας,</span> <span class='ocrx_word' id='word_1_108' title='bbox 1904 1176 1934 1228; x_wconf 82' lang='grc' dir='ltr'><strong>ὃ</strong></span> 
     </span>
    </p>
   </div>
   <div class='ocr_carea' id='block_1_17' title="bbox 359 1263 1934 1338">
    <p class='ocr_par' dir='ltr' id='par_1_17' title="bbox 359 1263 1934 1338">
     <span class='ocr_line' id='line_1_17' title="bbox 359 1263 1934 1338; baseline -0.003 -17"><span class='ocrx_word' id='word_1_109' title='bbox 359 1270 424 1335; x_wconf 80' lang='grc' dir='ltr'><strong>δὴ</strong></span> <span class='ocrx_word' id='word_1_110' title='bbox 454 1269 693 1338; x_wconf 81' lang='grc' dir='ltr'>μάλιστα</span> <span class='ocrx_word' id='word_1_111' title='bbox 746 1266 1027 1328; x_wconf 82' lang='grc' dir='ltr'>ποιοῦντες</span> <span class='ocrx_word' id='word_1_112' title='bbox 1070 1268 1186 1329; x_wconf 77' lang='grc' dir='ltr'>τοῖς</span> <span class='ocrx_word' id='word_1_113' title='bbox 1235 1263 1580 1335; x_wconf 79' lang='grc' dir='ltr'>πράγμασιν,</span> <span class='ocrx_word' id='word_1_114' title='bbox 1614 1265 1934 1319; x_wconf 81' lang='grc' dir='ltr'>εύλαὸεῖσθε</span> 
     </span>
    </p>
   </div>
   <div class='ocr_carea' id='block_1_18' title="bbox 361 1356 1936 1430">
    <p class='ocr_par' dir='ltr' id='par_1_18' title="bbox 361 1356 1936 1430">
     <span class='ocr_line' id='line_1_18' title="bbox 361 1356 1936 1430; baseline -0.002 -18"><span class='ocrx_word' id='word_1_115' title='bbox 361 1364 480 1422; x_wconf 87' lang='grc' dir='ltr'>τοῖς</span> <span class='ocrx_word' id='word_1_116' title='bbox 539 1361 804 1430; x_wconf 76' lang='grc' dir='ltr'>ῥήμασιν,</span> <span class='ocrx_word' id='word_1_117' title='bbox 868 1358 937 1410; x_wconf 79' lang='grc' dir='ltr'><strong>ἶν’</strong></span> <span class='ocrx_word' id='word_1_118' title='bbox 998 1356 1285 1419; x_wconf 77' lang='grc' dir='ltr'>ιὺσεόείας</span> <span class='ocrx_word' id='word_1_119' title='bbox 1354 1357 1673 1425; x_wconf 81' lang='grc' dir='ltr'>πλάσμασιν</span> <span class='ocrx_word' id='word_1_120' title='bbox 1722 1357 1936 1419; x_wconf 78' lang='grc' dir='ltr'>ὲκείνας</span> 
     </span>
    </p>
   </div>
   <div class='ocr_carea' id='block_1_19' title="bbox 357 1448 1937 1520">
    <p class='ocr_par' dir='ltr' id='par_1_19' title="bbox 357 1448 1937 1520">
     <span class='ocr_line' id='line_1_19' title="bbox 357 1448 1937 1520; baseline 0.001 -18"><span class='ocrx_word' id='word_1_121' title='bbox 357 1450 526 1519; x_wconf 79' lang='grc' dir='ltr'>δῆθεν</span> <span class='ocrx_word' id='word_1_122' title='bbox 554 1450 702 1503; x_wconf 86' lang='grc' dir='ltr'><strong>κατά</strong></span> <span class='ocrx_word' id='word_1_123' title='bbox 758 1449 963 1518; x_wconf 87' lang='grc' dir='ltr'>ταύτης</span> <span class='ocrx_word' id='word_1_124' title='bbox 1020 1448 1411 1518; x_wconf 79' lang='grc' dir='ltr'>σεμνύναντες,</span> <span class='ocrx_word' id='word_1_125' title='bbox 1471 1449 1558 1502; x_wconf 74' lang='grc' dir='ltr'><strong>διὰ</strong></span> <span class='ocrx_word' id='word_1_126' title='bbox 1604 1450 1808 1520; x_wconf 81' lang='grc' dir='ltr'><strong>ταύτης</strong></span> <span class='ocrx_word' id='word_1_127' title='bbox 1839 1453 1937 1503; x_wconf 81' lang='grc' dir='ltr'><strong>κάο</strong></span> 
     </span>
    </p>
   </div>
   <div class='ocr_carea' id='block_1_20' title="bbox 361 1540 1935 1612">
    <p class='ocr_par' dir='ltr' id='par_1_20' title="bbox 361 1540 1935 1612">
     <span class='ocr_line' id='line_1_20' title="bbox 361 1540 1935 1612; baseline -0.001 -18"><span class='ocrx_word' id='word_1_128' title='bbox 361 1544 549 1603; x_wconf 81' lang='grc' dir='ltr'>κείνας</span> <span class='ocrx_word' id='word_1_129' title='bbox 592 1541 931 1612; x_wconf 86' lang='grc' dir='ltr'>λυμήνησθε,</span> <span class='ocrx_word' id='word_1_130' title='bbox 986 1542 1048 1593; x_wconf 77' lang='grc' dir='ltr'><strong>τὸ</strong></span> <span class='ocrx_word' id='word_1_131' title='bbox 1095 1540 1209 1594; x_wconf 75' lang='grc' dir='ltr'>ἴσον</span> <span class='ocrx_word' id='word_1_132' title='bbox 1257 1540 1448 1605; x_wconf 83' lang='grc' dir='ltr'>αὑταῖς</span> <span class='ocrx_word' id='word_1_133' title='bbox 1499 1541 1586 1594; x_wconf 79' lang='grc' dir='ltr'>διὰ</span> <span class='ocrx_word' id='word_1_134' title='bbox 1651 1542 1752 1611; x_wconf 81' lang='grc' dir='ltr'>τὴν</span> <span class='ocrx_word' id='word_1_135' title='bbox 1810 1543 1935 1612; x_wconf 82' lang='grc' dir='ltr'>ίσην</span> 
     </span>
    </p>
   </div>
   <div class='ocr_carea' id='block_1_21' title="bbox 2041 998 3616 1072">
    <p class='ocr_par' dir='ltr' id='par_1_21' title="bbox 2041 998 3616 1072">
     <span class='ocr_line' id='line_1_21' title="bbox 2041 998 3616 1072; baseline 0.003 -23"><span class='ocrx_word' id='word_1_136' title='bbox 2041 1010 2164 1050; x_wconf 90' lang='lat' dir='ltr'><strong>eum</strong></span> <span class='ocrx_word' id='word_1_137' title='bbox 2194 1011 2358 1067; x_wconf 82' lang='lat' dir='ltr'><strong>opere</strong></span> <span class='ocrx_word' id='word_1_138' title='bbox 2412 998 2708 1067; x_wconf 65' lang='lat' dir='ltr'><strong>prmstetis,</strong></span> <span class='ocrx_word' id='word_1_139' title='bbox 2745 1000 2925 1053; x_wconf 78' lang='lat' dir='ltr'><strong>verbis</strong></span> <span class='ocrx_word' id='word_1_140' title='bbox 2972 1000 3024 1053; x_wconf 92' lang='lat' dir='ltr'><strong>id</strong></span> <span class='ocrx_word' id='word_1_141' title='bbox 3073 1000 3354 1055; x_wconf 80' lang='lat' dir='ltr'><strong>adversari</strong></span> <span class='ocrx_word' id='word_1_142' title='bbox 3388 1002 3616 1072; x_wconf 82' lang='lat' dir='ltr'><strong>ﬁngitis,</strong></span> 
     </span>
    </p>
   </div>
   <div class='ocr_carea' id='block_1_22' title="bbox 2026 1080 3616 1157">
    <p class='ocr_par' dir='ltr' id='par_1_22' title="bbox 2026 1080 3616 1157">
     <span class='ocr_line' id='line_1_22' title="bbox 2026 1080 3616 1157; baseline 0.001 -16"><span class='ocrx_word' id='word_1_143' title='bbox 2026 1080 2102 1141; x_wconf 82' lang='lat' dir='ltr'><strong>ut</strong></span> <span class='ocrx_word' id='word_1_144' title='bbox 2153 1086 2372 1157; x_wconf 88' lang='lat' dir='ltr'><strong>pietatis</strong></span> <span class='ocrx_word' id='word_1_145' title='bbox 2420 1088 2736 1142; x_wconf 78' lang='lat' dir='ltr'><strong>ﬁctionibus</strong></span> <span class='ocrx_word' id='word_1_146' title='bbox 2798 1088 2918 1143; x_wconf 85' lang='lat' dir='ltr'><strong>illas</strong></span> <span class='ocrx_word' id='word_1_147' title='bbox 2969 1088 3235 1142; x_wconf 82' lang='lat' dir='ltr'><strong>adversus</strong></span> <span class='ocrx_word' id='word_1_148' title='bbox 3283 1088 3423 1144; x_wconf 91' lang='lat' dir='ltr'><strong>banc</strong></span> <span class='ocrx_word' id='word_1_149' title='bbox 3463 1105 3616 1144; x_wconf 57' lang='lat' dir='ltr'><strong>como-</strong></span> 
     </span>
    </p>
   </div>
   <div class='ocr_carea' id='block_1_23' title="bbox 2044 1176 3616 1245">
    <p class='ocr_par' dir='ltr' id='par_1_23' title="bbox 2044 1176 3616 1245">
     <span class='ocr_line' id='line_1_23' title="bbox 2044 1176 3616 1245; baseline 0.003 -16"><span class='ocrx_word' id='word_1_150' title='bbox 2044 1176 2363 1231; x_wconf 87' lang='lat' dir='ltr'><strong>mendantcs</strong></span> <span class='ocrx_word' id='word_1_151' title='bbox 2398 1185 2560 1245; x_wconf 87' lang='lat' dir='ltr'><strong>atque</strong></span> <span class='ocrx_word' id='word_1_152' title='bbox 2588 1176 2936 1240; x_wconf 84' lang='lat' dir='ltr'><strong>extollentes,</strong></span> <span class='ocrx_word' id='word_1_153' title='bbox 2958 1191 3061 1243; x_wconf 85' lang='lat' dir='ltr'><strong>per</strong></span> <span class='ocrx_word' id='word_1_154' title='bbox 3090 1177 3232 1231; x_wconf 88' lang='lat' dir='ltr'><strong>bane</strong></span> <span class='ocrx_word' id='word_1_155' title='bbox 3253 1187 3308 1231; x_wconf 93' lang='lat' dir='ltr'><strong>et</strong></span> <span class='ocrx_word' id='word_1_156' title='bbox 3337 1178 3444 1233; x_wconf 89' lang='lat' dir='ltr'><strong>illis</strong></span> <span class='ocrx_word' id='word_1_157' title='bbox 3470 1179 3616 1233; x_wconf 87' lang='lat' dir='ltr'><strong>Iabe-</strong></span> 
     </span>
    </p>
   </div>
   <div class='ocr_carea' id='block_1_24' title="bbox 2042 1265 3611 1336">
    <p class='ocr_par' dir='ltr' id='par_1_24' title="bbox 2042 1265 3611 1336">
     <span class='ocr_line' id='line_1_24' title="bbox 2042 1265 3611 1336; baseline 0 -16"><span class='ocrx_word' id='word_1_158' title='bbox 2042 1265 2280 1328; x_wconf 76' lang='lat' dir='ltr'><strong>laetatis,</strong></span> <span class='ocrx_word' id='word_1_159' title='bbox 2314 1266 2522 1335; x_wconf 62' lang='lat' dir='ltr'><strong>aequale</strong></span> <span class='ocrx_word' id='word_1_160' title='bbox 2546 1266 2655 1319; x_wconf 83' lang='lat' dir='ltr'><strong>illis</strong></span> <span class='ocrx_word' id='word_1_161' title='bbox 2688 1275 2907 1335; x_wconf 83' lang='lat' dir='ltr'><strong>propter</strong></span> <span class='ocrx_word' id='word_1_162' title='bbox 2925 1266 3133 1336; x_wconf 64' lang='lat' dir='ltr'><strong>aequale</strong></span> <span class='ocrx_word' id='word_1_163' title='bbox 3165 1266 3375 1322; x_wconf 81' lang='lat' dir='ltr'><strong>facinus</strong></span> <span class='ocrx_word' id='word_1_164' title='bbox 3404 1268 3611 1322; x_wconf 73' lang='lat' dir='ltr'><strong>crimen</strong></span> 
     </span>
    </p>
   </div>
   <div class='ocr_carea' id='block_1_25' title="bbox 2042 1358 3613 1429">
    <p class='ocr_par' dir='ltr' id='par_1_25' title="bbox 2042 1358 3613 1429">
     <span class='ocr_line' id='line_1_25' title="bbox 2042 1358 3613 1429; baseline 0.001 -19"><span class='ocrx_word' id='word_1_165' title='bbox 2042 1358 2516 1428; x_wconf 73' lang='lat' dir='ltr'><strong>appingatis.Quis</strong></span> <span class='ocrx_word' id='word_1_166' title='bbox 2548 1360 2730 1427; x_wconf 83' lang='lat' dir='ltr'><strong>itaque</strong></span> <span class='ocrx_word' id='word_1_167' title='bbox 2762 1365 2969 1412; x_wconf 84' lang='lat' dir='ltr'><strong>tantam</strong></span> <span class='ocrx_word' id='word_1_168' title='bbox 2994 1360 3159 1413; x_wconf 84' lang='lat' dir='ltr'><strong>vestri</strong></span> <span class='ocrx_word' id='word_1_169' title='bbox 3188 1358 3453 1413; x_wconf 85' lang='lat' dir='ltr'><strong>adversus</strong></span> <span class='ocrx_word' id='word_1_170' title='bbox 3496 1360 3613 1429; x_wconf 72' lang='lat' dir='ltr'><strong>pie-</strong></span> 
     </span>
    </p>
   </div>
   <div class='ocr_carea' id='block_1_26' title="bbox 2041 1450 3614 1520">
    <p class='ocr_par' dir='ltr' id='par_1_26' title="bbox 2041 1450 3614 1520">
     <span class='ocr_line' id='line_1_26' title="bbox 2041 1450 3614 1520; baseline 0.001 -16"><span class='ocrx_word' id='word_1_171' title='bbox 2041 1459 2208 1505; x_wconf 81' lang='lat' dir='ltr'><strong>tatem</strong></span> <span class='ocrx_word' id='word_1_172' title='bbox 2243 1450 2467 1520; x_wconf 88' lang='lat' dir='ltr'><strong>piosque</strong></span> <span class='ocrx_word' id='word_1_173' title='bbox 2508 1451 2654 1505; x_wconf 88' lang='lat' dir='ltr'><strong>viros</strong></span> <span class='ocrx_word' id='word_1_174' title='bbox 2684 1450 3048 1518; x_wconf 73' lang='lat' dir='ltr'><strong>arrogantiam</strong></span> <span class='ocrx_word' id='word_1_175' title='bbox 3110 1451 3444 1506; x_wconf 82' lang='lat' dir='ltr'><strong>sustinebit?</strong></span> <span class='ocrx_word' id='word_1_176' title='bbox 3483 1472 3500 1502; x_wconf 76' lang='grc' dir='ltr'><strong>ι</strong></span> <span class='ocrx_word' id='word_1_177' title='bbox 3559 1461 3614 1508; x_wconf 89' lang='lat' dir='ltr'><strong>et</strong></span> 
     </span>
    </p>
   </div>
   <div class='ocr_carea' id='block_1_27' title="bbox 2042 1537 3659 1611">
    <p class='ocr_par' dir='ltr' id='par_1_27' title="bbox 2042 1537 3659 1611">
     <span class='ocr_line' id='line_1_27' title="bbox 2042 1537 3659 1611; baseline 0 -16"><span class='ocrx_word' id='word_1_178' title='bbox 2042 1558 2163 1611; x_wconf 67' lang='lat' dir='ltr'><strong>qua:</strong></span> <span class='ocrx_word' id='word_1_179' title='bbox 2197 1550 2521 1610; x_wconf 87' lang='lat' dir='ltr'><strong>sequuntur.</strong></span> <span class='ocrx_word' id='word_1_180' title='bbox 3652 1537 3659 1543; x_wconf 71' lang='grc'><em>’</em></span> 
     </span>
    </p>
   </div>
   <div class='ocr_carea' id='block_1_28' title="bbox 358 1631 3613 1707">
    <p class='ocr_par' dir='ltr' id='par_1_28' title="bbox 358 1631 3613 1707">
     <span class='ocr_line' id='line_1_28' title="bbox 358 1631 3613 1707; baseline 0.002 -20"><span class='ocrx_word' id='word_1_181' title='bbox 358 1636 562 1707; x_wconf 78' lang='grc' dir='ltr'>πρᾶξιν</span> <span class='ocrx_word' id='word_1_182' title='bbox 593 1637 945 1705; x_wconf 72' lang='grc' dir='ltr'>ἐπιφέροντες</span> <span class='ocrx_word' id='word_1_183' title='bbox 973 1633 1245 1702; x_wconf 79' lang='grc' dir='ltr'>ἔγκλημα.</span> <span class='ocrx_word' id='word_1_184' title='bbox 1269 1634 1366 1696; x_wconf 85' lang='grc' dir='ltr'>Τίς</span> <span class='ocrx_word' id='word_1_185' title='bbox 1406 1633 1500 1687; x_wconf 84' lang='grc' dir='ltr'><strong>οῦν</strong></span> <span class='ocrx_word' id='word_1_186' title='bbox 1538 1633 1696 1702; x_wconf 77' lang='grc' dir='ltr'>ἡμῶν</span> <span class='ocrx_word' id='word_1_187' title='bbox 1720 1633 1818 1702; x_wconf 86' lang='grc' dir='ltr'>τὴν</span> <span class='ocrx_word' id='word_1_188' title='bbox 1851 1631 2120 1703; x_wconf 79' lang='grc' dir='ltr'>τοσαύτην</span> <span class='ocrx_word' id='word_1_189' title='bbox 2190 1633 2403 1686; x_wconf 75' lang='grc' dir='ltr'>ύποίσει</span> <span class='ocrx_word' id='word_1_190' title='bbox 2466 1634 2608 1688; x_wconf 84' lang='grc' dir='ltr'><strong>κατά</strong></span> <span class='ocrx_word' id='word_1_191' title='bbox 2663 1635 2761 1705; x_wconf 82' lang='grc' dir='ltr'>τῆς</span> <span class='ocrx_word' id='word_1_192' title='bbox 2806 1633 3092 1698; x_wconf 76' lang='grc' dir='ltr'>εὐσεϐείας</span> <span class='ocrx_word' id='word_1_193' title='bbox 3138 1636 3233 1690; x_wconf 61' lang='grc' dir='ltr'>κοί</span> <span class='ocrx_word' id='word_1_194' title='bbox 3303 1636 3413 1689; x_wconf 86' lang='grc' dir='ltr'><strong>τῶν</strong></span> <span class='ocrx_word' id='word_1_195' title='bbox 3460 1638 3613 1693; x_wconf 70' lang='grc' dir='ltr'><strong>εὐσε-</strong></span> 
     </span>
    </p>
   </div>
   <div class='ocr_carea' id='block_1_29' title="bbox 358 1726 1414 1796">
    <p class='ocr_par' dir='ltr' id='par_1_29' title="bbox 358 1726 1414 1796">
     <span class='ocr_line' id='line_1_29' title="bbox 358 1726 1414 1796; baseline -0.001 -15"><span class='ocrx_word' id='word_1_196' title='bbox 358 1729 603 1782; x_wconf 77' lang='grc' dir='ltr'>εούντων</span> <span class='ocrx_word' id='word_1_197' title='bbox 634 1727 961 1791; x_wconf 73' lang='grc' dir='ltr'>αύθάδιιαν;</span> <span class='ocrx_word' id='word_1_198' title='bbox 998 1744 1017 1778; x_wconf 77' lang='grc' dir='ltr'><strong>ι</strong></span> <span class='ocrx_word' id='word_1_199' title='bbox 1056 1727 1243 1781; x_wconf 75' lang='grc' dir='ltr'>καὶτὰ</span> <span class='ocrx_word' id='word_1_200' title='bbox 1268 1726 1414 1796; x_wconf 75' lang='grc' dir='ltr'>ἑξῆς.</span> 
     </span>
    </p>
   </div>
   <div class='ocr_carea' id='block_1_30' title="bbox 435 1815 1930 1890">
    <p class='ocr_par' dir='ltr' id='par_1_30' title="bbox 435 1815 1914 1890">
     <span class='ocr_line' id='line_1_30' title="bbox 435 1815 1914 1890; baseline -0.001 -16"><span class='ocrx_word' id='word_1_201' title='bbox 435 1820 525 1885; x_wconf 74' lang='grc' dir='ltr'>ιζ’.</span> <span class='ocrx_word' id='word_1_202' title='bbox 550 1821 672 1874; x_wconf 80' lang='grc' dir='ltr'><strong>Ὀτι</strong></span> <span class='ocrx_word' id='word_1_203' title='bbox 699 1815 757 1873; x_wconf 72' lang='grc' dir='ltr'><strong>δὲ</strong></span> <span class='ocrx_word' id='word_1_204' title='bbox 782 1822 815 1889; x_wconf 78' lang='grc' dir='ltr'>ἡ</span> <span class='ocrx_word' id='word_1_205' title='bbox 863 1820 995 1887; x_wconf 84' lang='grc' dir='ltr'>ἀγία</span> <span class='ocrx_word' id='word_1_206' title='bbox 1043 1822 1139 1873; x_wconf 60' lang='grc' dir='ltr'><strong>καί¹</strong></span> <span class='ocrx_word' id='word_1_207' title='bbox 1177 1819 1534 1890; x_wconf 76' lang='grc' dir='ltr'>οἱκουμονικὴ</span> <span class='ocrx_word' id='word_1_208' title='bbox 1581 1820 1744 1889; x_wconf 85' lang='grc' dir='ltr'>τρίτη</span> <span class='ocrx_word' id='word_1_209' title='bbox 1785 1820 1914 1874; x_wconf 82' lang='grc' dir='ltr'>σύν-</span> 
     </span>
    </p>
   </div>
   <div class='ocr_carea' id='block_1_31' title="bbox 2032 1815 3603 1890">
    <p class='ocr_par' dir='ltr' id='par_1_31' title="bbox 2104 1819 3603 1889">
     <span class='ocr_line' id='line_1_31' title="bbox 2104 1819 3603 1889; baseline -0.001 -14"><span class='ocrx_word' id='word_1_210' title='bbox 2104 1821 2190 1875; x_wconf 76' lang='grc'><strong>17.</strong></span> <span class='ocrx_word' id='word_1_211' title='bbox 2220 1819 2474 1874; x_wconf 83' lang='lat' dir='ltr'><strong>Sanctam</strong></span> <span class='ocrx_word' id='word_1_212' title='bbox 2529 1830 2788 1889; x_wconf 64' lang='lat' dir='ltr'><strong>praeterea</strong></span> <span class='ocrx_word' id='word_1_213' title='bbox 2826 1830 2880 1876; x_wconf 88' lang='lat' dir='ltr'><strong>et</strong></span> <span class='ocrx_word' id='word_1_214' title='bbox 2925 1821 3327 1877; x_wconf 70' lang='lat' dir='ltr'><strong>meumenicam</strong></span> <span class='ocrx_word' id='word_1_215' title='bbox 3387 1822 3603 1877; x_wconf 81' lang='lat' dir='ltr'><strong>tertiam</strong></span> 
     </span>
    </p>
   </div>
   <div class='ocr_carea' id='block_1_32' title="bbox 364 1909 1915 1980">
    <p class='ocr_par' dir='ltr' id='par_1_32' title="bbox 364 1909 1915 1980">
     <span class='ocr_line' id='line_1_32' title="bbox 364 1909 1915 1980; baseline 0 -16"><span class='ocrx_word' id='word_1_216' title='bbox 364 1912 489 1971; x_wconf 81' lang='grc' dir='ltr'>οδος</span> <span class='ocrx_word' id='word_1_217' title='bbox 531 1912 617 1964; x_wconf 79' lang='grc' dir='ltr'><strong>διὰ</strong></span> <span class='ocrx_word' id='word_1_218' title='bbox 642 1910 736 1963; x_wconf 87' lang='grc' dir='ltr'><strong>τοῦ</strong></span> <span class='ocrx_word' id='word_1_219' title='bbox 772 1911 919 1963; x_wconf 86' lang='grc' dir='ltr'>θείου</span> <span class='ocrx_word' id='word_1_220' title='bbox 955 1909 1220 1978; x_wconf 75' lang='grc' dir='ltr'>Κυρξλλον</span> <span class='ocrx_word' id='word_1_221' title='bbox 1268 1912 1369 1980; x_wconf 79' lang='grc' dir='ltr'>τὴν</span> <span class='ocrx_word' id='word_1_222' title='bbox 1402 1910 1649 1963; x_wconf 72' lang='grc' dir='ltr'>ἐναντίαν</span> <span class='ocrx_word' id='word_1_223' title='bbox 1676 1911 1915 1980; x_wconf 82' lang='grc' dir='ltr'>ἀποτρέ-</span> 
     </span>
    </p>
   </div>
   <div class='ocr_carea' id='block_1_33' title="bbox 367 1998 1927 2071">
    <p class='ocr_par' dir='ltr' id='par_1_33' title="bbox 367 1998 1927 2071">
     <span class='ocr_line' id='line_1_33' title="bbox 367 1998 1927 2071; baseline -0.001 -17"><span class='ocrx_word' id='word_1_224' title='bbox 367 2018 484 2066; x_wconf 78' lang='grc' dir='ltr'>πει,</span> <span class='ocrx_word' id='word_1_225' title='bbox 513 1998 625 2054; x_wconf 83' lang='grc' dir='ltr'>ἀλλ’</span> <span class='ocrx_word' id='word_1_226' title='bbox 656 2000 718 2053; x_wconf 83' lang='grc' dir='ltr'><strong>ού</strong></span> <span class='ocrx_word' id='word_1_227' title='bbox 761 2000 861 2070; x_wconf 78' lang='grc' dir='ltr'>τὴν</span> <span class='ocrx_word' id='word_1_228' title='bbox 890 1999 1193 2070; x_wconf 76' lang='grc' dir='ltr'>ὀρθόδοξον,</span> <span class='ocrx_word' id='word_1_229' title='bbox 1232 1999 1369 2053; x_wconf 88' lang='grc' dir='ltr'>ἀλλὰ</span> <span class='ocrx_word' id='word_1_230' title='bbox 1427 2001 1525 2054; x_wconf 72' lang='grc' dir='ltr'>καὶ</span> <span class='ocrx_word' id='word_1_231' title='bbox 1562 2000 1762 2069; x_wconf 81' lang='grc' dir='ltr'>μᾶλλον</span> <span class='ocrx_word' id='word_1_232' title='bbox 1792 2017 1927 2071; x_wconf 79' lang='grc' dir='ltr'>προ-</span> 
     </span>
    </p>
   </div>
   <div class='ocr_carea' id='block_1_34' title="bbox 358 2090 1928 2163">
    <p class='ocr_par' dir='ltr' id='par_1_34' title="bbox 358 2090 1928 2163">
     <span class='ocr_line' id='line_1_34' title="bbox 358 2090 1928 2163; baseline -0.001 -17"><span class='ocrx_word' id='word_1_233' title='bbox 358 2094 554 2163; x_wconf 73' lang='grc' dir='ltr'>τρέπει</span> <span class='ocrx_word' id='word_1_234' title='bbox 600 2091 829 2163; x_wconf 84' lang='grc' dir='ltr'>ταύτην,</span> <span class='ocrx_word' id='word_1_235' title='bbox 872 2093 970 2145; x_wconf 77' lang='grc' dir='ltr'><strong>καὶ</strong></span> <span class='ocrx_word' id='word_1_236' title='bbox 1026 2093 1226 2160; x_wconf 79' lang='grc' dir='ltr'>ἑτέραν</span> <span class='ocrx_word' id='word_1_237' title='bbox 1280 2090 1487 2162; x_wconf 86' lang='grc' dir='ltr'>κυρίως</span> <span class='ocrx_word' id='word_1_238' title='bbox 1539 2093 1639 2163; x_wconf 80' lang='grc' dir='ltr'>τὴν</span> <span class='ocrx_word' id='word_1_239' title='bbox 1678 2093 1928 2146; x_wconf 70' lang='grc' dir='ltr'>ἐναντίαν</span> 
     </span>
    </p>
   </div>
   <div class='ocr_carea' id='block_1_35' title="bbox 356 2183 1926 2254">
    <p class='ocr_par' dir='ltr' id='par_1_35' title="bbox 356 2183 1926 2254">
     <span class='ocr_line' id='line_1_35' title="bbox 356 2183 1926 2254; baseline -0.002 -14"><span class='ocrx_word' id='word_1_240' title='bbox 356 2186 668 2240; x_wconf 75' lang='grc' dir='ltr'>ἀποκαλεῖ’</span> <span class='ocrx_word' id='word_1_241' title='bbox 702 2188 768 2254; x_wconf 81' lang='grc' dir='ltr'>τῇ</span> <span class='ocrx_word' id='word_1_242' title='bbox 816 2184 874 2237; x_wconf 69' lang='grc' dir='ltr'><strong>δὲ</strong></span> <span class='ocrx_word' id='word_1_243' title='bbox 914 2183 1109 2254; x_wconf 85' lang='grc' dir='ltr'>ἀληθεῖ</span> <span class='ocrx_word' id='word_1_244' title='bbox 1139 2186 1231 2237; x_wconf 80' lang='grc' dir='ltr'>καὶ</span> <span class='ocrx_word' id='word_1_245' title='bbox 1264 2184 1577 2253; x_wconf 82' lang='grc' dir='ltr'>προσίεται,</span> <span class='ocrx_word' id='word_1_246' title='bbox 1614 2184 1709 2237; x_wconf 78' lang='grc' dir='ltr'>καὶ</span> <span class='ocrx_word' id='word_1_247' title='bbox 1740 2184 1926 2254; x_wconf 71' lang='grc' dir='ltr'>βδελυ-</span> 
     </span>
    </p>
   </div>
   <div class='ocr_carea' id='block_1_36' title="bbox 360 2275 1927 2349">
    <p class='ocr_par' dir='ltr' id='par_1_36' title="bbox 360 2275 1927 2349">
     <span class='ocr_line' id='line_1_36' title="bbox 360 2275 1927 2349; baseline 0 -19"><span class='ocrx_word' id='word_1_248' title='bbox 360 2280 490 2349; x_wconf 77' lang='grc' dir='ltr'>ροὺς</span> <span class='ocrx_word' id='word_1_249' title='bbox 538 2277 811 2331; x_wconf 80' lang='grc' dir='ltr'>ἀποκαλεῖ</span> <span class='ocrx_word' id='word_1_250' title='bbox 853 2277 981 2341; x_wconf 77' lang='grc' dir='ltr'>τοὺς</span> <span class='ocrx_word' id='word_1_251' title='bbox 1031 2276 1463 2345; x_wconf 76' lang='grc' dir='ltr'>ἀποσειομένους</span> <span class='ocrx_word' id='word_1_252' title='bbox 1491 2275 1723 2346; x_wconf 84' lang='grc' dir='ltr'>ταύτην,</span> <span class='ocrx_word' id='word_1_253' title='bbox 1754 2277 1927 2345; x_wconf 79' lang='grc' dir='ltr'>αὐτῆς</span> 
     </span>
    </p>
   </div>
   <div class='ocr_carea' id='block_1_37' title="bbox 357 2365 1929 2439">
    <p class='ocr_par' dir='ltr' id='par_1_37' title="bbox 357 2365 1929 2439">
     <span class='ocr_line' id='line_1_37' title="bbox 357 2365 1929 2439; baseline -0.003 -16"><span class='ocrx_word' id='word_1_254' title='bbox 357 2371 457 2439; x_wconf 81' lang='grc' dir='ltr'>τῆς</span> <span class='ocrx_word' id='word_1_255' title='bbox 491 2369 657 2438; x_wconf 77' lang='grc' dir='ltr'>ἁγίας</span> <span class='ocrx_word' id='word_1_256' title='bbox 706 2369 928 2422; x_wconf 85' lang='grc' dir='ltr'>συνόδου</span> <span class='ocrx_word' id='word_1_257' title='bbox 963 2369 1102 2438; x_wconf 77' lang='grc' dir='ltr'>πρὸς</span> <span class='ocrx_word' id='word_1_258' title='bbox 1143 2367 1403 2424; x_wconf 75' lang='grc' dir='ltr'>’Δκάκιον</span> <span class='ocrx_word' id='word_1_259' title='bbox 1453 2365 1720 2438; x_wconf 78' lang='grc' dir='ltr'>λεγούσης</span> <span class='ocrx_word' id='word_1_260' title='bbox 1763 2367 1929 2420; x_wconf 85' lang='grc' dir='ltr'>ἀκού-</span> 
     </span>
    </p>
   </div>
   <div class='ocr_carea' id='block_1_38' title="bbox 360 2459 1928 2534">
    <p class='ocr_par' dir='ltr' id='par_1_38' title="bbox 360 2459 1928 2534">
     <span class='ocr_line' id='line_1_38' title="bbox 360 2459 1928 2534; baseline -0.001 -19"><span class='ocrx_word' id='word_1_261' title='bbox 360 2480 571 2531; x_wconf 79' lang='grc' dir='ltr'>σωμεν.</span> <span class='ocrx_word' id='word_1_262' title='bbox 601 2462 746 2534; x_wconf 64' lang='grc' dir='ltr'>Φησὶ</span> <span class='ocrx_word' id='word_1_263' title='bbox 771 2464 883 2533; x_wconf 77' lang='grc' dir='ltr'>γὰρ</span> <span class='ocrx_word' id='word_1_264' title='bbox 938 2464 998 2515; x_wconf 79' lang='grc' dir='ltr'>ὲν</span> <span class='ocrx_word' id='word_1_265' title='bbox 1048 2461 1245 2532; x_wconf 67' lang='grc' dir='ltr'><strong>ταύτῃ⁹</strong></span> <span class='ocrx_word' id='word_1_266' title='bbox 1286 2478 1307 2513; x_wconf 79' lang='grc' dir='ltr'><strong>ι</strong></span> <span class='ocrx_word' id='word_1_267' title='bbox 1345 2460 1419 2513; x_wconf 84' lang='grc' dir='ltr'><strong>υύ</strong></span> <span class='ocrx_word' id='word_1_268' title='bbox 1448 2460 1684 2523; x_wconf 82' lang='grc' dir='ltr'>πίστεως</span> <span class='ocrx_word' id='word_1_269' title='bbox 1714 2459 1928 2514; x_wconf 77' lang='grc' dir='ltr'>ἔκθεσιν</span> 
     </span>
    </p>
   </div>
   <div class='ocr_carea' id='block_1_39' title="bbox 355 2551 1929 2627">
    <p class='ocr_par' dir='ltr' id='par_1_39' title="bbox 355 2551 1929 2627">
     <span class='ocr_line' id='line_1_39' title="bbox 355 2551 1929 2627; baseline -0.002 -19"><span class='ocrx_word' id='word_1_270' title='bbox 355 2556 619 2627; x_wconf 66' lang='grc' dir='ltr'>ἐξῄτηντο</span> <span class='ocrx_word' id='word_1_271' title='bbox 652 2554 786 2625; x_wconf 75' lang='grc' dir='ltr'>παρ’</span> <span class='ocrx_word' id='word_1_272' title='bbox 820 2554 981 2625; x_wconf 71' lang='grc' dir='ltr'>ἡμῶν</span> <span class='ocrx_word' id='word_1_273' title='bbox 1008 2571 1176 2617; x_wconf 80' lang='grc' dir='ltr'>τινες,</span> <span class='ocrx_word' id='word_1_274' title='bbox 1210 2554 1241 2619; x_wconf 80' lang='grc' dir='ltr'>ἢ</span> <span class='ocrx_word' id='word_1_275' title='bbox 1276 2551 1409 2620; x_wconf 89' lang='grc' dir='ltr'>γοῦν</span> <span class='ocrx_word' id='word_1_276' title='bbox 1443 2552 1929 2623; x_wconf 84' lang='grc' dir='ltr'>καινοτομηθείσαν</span> 
     </span>
    </p>
   </div>
   <div class='ocr_carea' id='block_1_40' title="bbox 356 2644 1923 2716">
    <p class='ocr_par' dir='ltr' id='par_1_40' title="bbox 356 2644 1923 2716">
     <span class='ocr_line' id='line_1_40' title="bbox 356 2644 1923 2716; baseline -0.003 -15"><span class='ocrx_word' id='word_1_277' title='bbox 356 2648 494 2716; x_wconf 76' lang='grc' dir='ltr'>παρ’</span> <span class='ocrx_word' id='word_1_278' title='bbox 524 2649 729 2716; x_wconf 75' lang='grc' dir='ltr'>ἑτέρων</span> <span class='ocrx_word' id='word_1_279' title='bbox 774 2645 1206 2714; x_wconf 69' lang='grc' dir='ltr'>κατεδεξάμεθα.</span> <span class='ocrx_word' id='word_1_280' title='bbox 1252 2645 1491 2714; x_wconf 82' lang='grc' dir='ltr'>Ἀπόχρη</span> <span class='ocrx_word' id='word_1_281' title='bbox 1550 2644 1660 2715; x_wconf 74' lang='grc' dir='ltr'><strong>γὰρ</strong></span> <span class='ocrx_word' id='word_1_282' title='bbox 1709 2647 1842 2715; x_wconf 77' lang='grc' dir='ltr'>ἡμῖν</span> <span class='ocrx_word' id='word_1_283' title='bbox 1890 2647 1923 2714; x_wconf 80' lang='grc' dir='ltr'>ἡ</span> 
     </span>
    </p>
   </div>
   <div class='ocr_carea' id='block_1_41' title="bbox 357 2739 1925 2811">
    <p class='ocr_par' dir='ltr' id='par_1_41' title="bbox 357 2739 1925 2811">
     <span class='ocr_line' id='line_1_41' title="bbox 357 2739 1925 2811; baseline 0 -18"><span class='ocrx_word' id='word_1_284' title='bbox 357 2742 720 2803; x_wconf 76' lang='grc' dir='ltr'>θεόπνευστος</span> <span class='ocrx_word' id='word_1_285' title='bbox 777 2740 1008 2811; x_wconf 77' lang='grc' dir='ltr'>Γραφὴ,</span> <span class='ocrx_word' id='word_1_286' title='bbox 1065 2742 1159 2794; x_wconf 72' lang='grc' dir='ltr'>καὶ</span> <span class='ocrx_word' id='word_1_287' title='bbox 1202 2739 1309 2792; x_wconf 82' lang='grc' dir='ltr'><strong>τῶν</strong></span> <span class='ocrx_word' id='word_1_288' title='bbox 1364 2739 1540 2807; x_wconf 85' lang='grc' dir='ltr'>ἀγίων</span> <span class='ocrx_word' id='word_1_289' title='bbox 1589 2740 1853 2810; x_wconf 81' lang='grc' dir='ltr'>Πατέρων</span> <span class='ocrx_word' id='word_1_290' title='bbox 1892 2743 1925 2809; x_wconf 81' lang='grc' dir='ltr'>ἡ</span> 
     </span>
    </p>
   </div>
   <div class='ocr_carea' id='block_1_42' title="bbox 359 2829 1927 2901">
    <p class='ocr_par' dir='ltr' id='par_1_42' title="bbox 359 2829 1927 2901">
     <span class='ocr_line' id='line_1_42' title="bbox 359 2829 1927 2901; baseline 0 -17"><span class='ocrx_word' id='word_1_291' title='bbox 359 2832 547 2901; x_wconf 74' lang='grc' dir='ltr'>νῆψις,</span> <span class='ocrx_word' id='word_1_292' title='bbox 586 2833 683 2884; x_wconf 72' lang='grc' dir='ltr'><strong>καὶ</strong></span> <span class='ocrx_word' id='word_1_293' title='bbox 708 2831 771 2885; x_wconf 77' lang='grc' dir='ltr'>τὸ</span> <span class='ocrx_word' id='word_1_294' title='bbox 803 2832 912 2901; x_wconf 84' lang='grc' dir='ltr'><strong>πρὸ</strong></span> <span class='ocrx_word' id='word_1_295' title='bbox 964 2831 1073 2885; x_wconf 80' lang='grc' dir='ltr'>πᾶν</span> <span class='ocrx_word' id='word_1_296' title='bbox 1107 2829 1288 2884; x_wconf 73' lang='grc' dir='ltr'>ὁτιοῦν</span> <span class='ocrx_word' id='word_1_297' title='bbox 1317 2832 1547 2900; x_wconf 70' lang='grc' dir='ltr'>ἑχόντων</span> <span class='ocrx_word' id='word_1_298' title='bbox 1575 2831 1751 2901; x_wconf 83' lang='grc' dir='ltr'>ὀρθῶς</span> <span class='ocrx_word' id='word_1_299' title='bbox 1776 2833 1927 2884; x_wconf 73' lang='grc' dir='ltr'>ἑκτι-</span> 
     </span>
    </p>
   </div>
   <div class='ocr_carea' id='block_1_43' title="bbox 357 2917 1922 2993">
    <p class='ocr_par' dir='ltr' id='par_1_43' title="bbox 357 2917 1922 2993">
     <span class='ocr_line' id='line_1_43' title="bbox 357 2917 1922 2993; baseline -0.001 -18"><span class='ocrx_word' id='word_1_300' title='bbox 357 2923 721 2992; x_wconf 75' lang='grc' dir='ltr'>τορνιυμένον</span> <span class='ocrx_word' id='word_1_301' title='bbox 773 2924 873 2990; x_wconf 82' lang='grc' dir='ltr'>τῆς</span> <span class='ocrx_word' id='word_1_302' title='bbox 905 2922 1140 2985; x_wconf 73' lang='grc' dir='ltr'>πίστεως</span> <span class='ocrx_word' id='word_1_303' title='bbox 1173 2921 1473 2990; x_wconf 80' lang='grc' dir='ltr'>Σύμϐολον.</span> <span class='ocrx_word' id='word_1_304' title='bbox 1508 2920 1663 2974; x_wconf 71' lang='grc' dir='ltr'><strong>Ἐπεὶ</strong></span> <span class='ocrx_word' id='word_1_305' title='bbox 1696 2922 1755 2975; x_wconf 74' lang='grc' dir='ltr'><strong>δὲ</strong></span> <span class='ocrx_word' id='word_1_306' title='bbox 1780 2917 1922 2993; x_wconf 77' lang='grc' dir='ltr'>ἦσαν</span> 
     </span>
    </p>
   </div>
   <div class='ocr_carea' id='block_1_44' title="bbox 356 3013 1927 3085">
    <p class='ocr_par' dir='ltr' id='par_1_44' title="bbox 356 3013 1927 3085">
     <span class='ocr_line' id='line_1_44' title="bbox 356 3013 1927 3085; baseline -0.001 -16"><span class='ocrx_word' id='word_1_307' title='bbox 356 3018 410 3068; x_wconf 82' lang='grc' dir='ltr'>οἱ</span> <span class='ocrx_word' id='word_1_308' title='bbox 444 3017 585 3069; x_wconf 80' lang='grc' dir='ltr'><strong>κατά</strong></span> <span class='ocrx_word' id='word_1_309' title='bbox 611 3018 711 3085; x_wconf 79' lang='grc' dir='ltr'>τὴν</span> <span class='ocrx_word' id='word_1_310' title='bbox 747 3013 1017 3083; x_wconf 77' lang='grc' dir='ltr'>ἀνατολὴν</span> <span class='ocrx_word' id='word_1_311' title='bbox 1048 3013 1336 3067; x_wconf 78' lang='grc' dir='ltr'>ὁσιώτατοι</span> <span class='ocrx_word' id='word_1_312' title='bbox 1366 3014 1661 3067; x_wconf 72' lang='grc' dir='ltr'>ἐπίσκοποι</span> <span class='ocrx_word' id='word_1_313' title='bbox 1680 3014 1927 3084; x_wconf 78' lang='grc' dir='ltr'>διχονοή-</span> 
     </span>
    </p>
   </div>
   <div class='ocr_carea' id='block_1_45' title="bbox 358 3103 1930 3175">
    <p class='ocr_par' dir='ltr' id='par_1_45' title="bbox 358 3103 1930 3175">
     <span class='ocr_line' id='line_1_45' title="bbox 358 3103 1930 3175; baseline 0.001 -18"><span class='ocrx_word' id='word_1_314' title='bbox 358 3122 560 3167; x_wconf 83' lang='grc' dir='ltr'>σαντες</span> <span class='ocrx_word' id='word_1_315' title='bbox 599 3106 736 3175; x_wconf 79' lang='grc' dir='ltr'>πρὸς</span> <span class='ocrx_word' id='word_1_316' title='bbox 775 3105 924 3174; x_wconf 77' lang='grc' dir='ltr'>ἡμᾶς</span> <span class='ocrx_word' id='word_1_317' title='bbox 974 3103 1118 3157; x_wconf 85' lang='grc' dir='ltr'><strong>κατά</strong></span> <span class='ocrx_word' id='word_1_318' title='bbox 1168 3104 1266 3175; x_wconf 76' lang='grc' dir='ltr'>τὴν</span> <span class='ocrx_word' id='word_1_319' title='bbox 1307 3104 1593 3174; x_wconf 80' lang='grc' dir='ltr'>Ἐφεσίων,</span> <span class='ocrx_word' id='word_1_320' title='bbox 1638 3106 1735 3159; x_wconf 59' lang='grc' dir='ltr'><strong>καί⁸</strong></span> <span class='ocrx_word' id='word_1_321' title='bbox 1769 3106 1930 3173; x_wconf 84' lang='grc' dir='ltr'>γεγό-</span> 
     </span>
    </p>
   </div>
   <div class='ocr_carea' id='block_1_46' title="bbox 358 3169 1998 3267">
    <p class='ocr_par' dir='ltr' id='par_1_46' title="bbox 358 3169 1998 3267">
     <span class='ocr_line' id='line_1_46' title="bbox 358 3169 1998 3267; baseline -0.001 -18"><span class='ocrx_word' id='word_1_322' title='bbox 358 3197 489 3249; x_wconf 83' lang='grc' dir='ltr'>νασί</span> <span class='ocrx_word' id='word_1_323' title='bbox 522 3169 727 3259; x_wconf 41' lang='grc' dir='ltr'>πως-ὲν</span> <span class='ocrx_word' id='word_1_324' title='bbox 754 3169 961 3267; x_wconf 48' lang='lat' dir='ltr'><strong>{inedia}</strong></span> <span class='ocrx_word' id='word_1_325' title='bbox 988 3196 1084 3251; x_wconf 89' lang='grc' dir='ltr'><strong>τοῦ</strong></span> <span class='ocrx_word' id='word_1_326' title='bbox 1136 3169 1234 3250; x_wconf 62' lang='grc' dir='ltr'><strong>καί</strong></span> <span class='ocrx_word' id='word_1_327' title='bbox 1280 3169 1548 3249; x_wconf 80' lang='grc' dir='ltr'>ἐναλῶναι</span> <span class='ocrx_word' id='word_1_328' title='bbox 1575 3169 1791 3265; x_wconf 76' lang='grc' dir='ltr'>βρόχοις</span> <span class='ocrx_word' id='word_1_329' title='bbox 1816 3169 1926 3247; x_wconf 78' lang='grc' dir='ltr'><strong>τῶν</strong></span> <span class='ocrx_word' id='word_1_330' title='bbox 1951 3169 1998 3233; x_wconf 78' lang='lat' dir='ltr'><strong><em>C</em></strong></span> 
     </span>
    </p>
   </div>
   <div class='ocr_carea' id='block_1_47' title="bbox 358 3286 1930 3359">
    <p class='ocr_par' dir='ltr' id='par_1_47' title="bbox 358 3286 1930 3359">
     <span class='ocr_line' id='line_1_47' title="bbox 358 3286 1930 3359; baseline -0.002 -17"><span class='ocrx_word' id='word_1_331' title='bbox 358 3288 461 3342; x_wconf 81' lang='grc' dir='ltr'><strong>τοῦ</strong></span> <span class='ocrx_word' id='word_1_332' title='bbox 492 3289 785 3358; x_wconf 77' lang='grc' dir='ltr'>Νεστορίου</span> <span class='ocrx_word' id='word_1_333' title='bbox 816 3288 1168 3359; x_wconf 76' lang='grc' dir='ltr'>δυσφημιῶν,</span> <span class='ocrx_word' id='word_1_334' title='bbox 1197 3287 1372 3359; x_wconf 81' lang='grc' dir='ltr'>ταύτῃ</span> <span class='ocrx_word' id='word_1_335' title='bbox 1398 3304 1488 3340; x_wconf 85' lang='grc' dir='ltr'><strong>τοι</strong></span> <span class='ocrx_word' id='word_1_336' title='bbox 1518 3286 1615 3341; x_wconf 78' lang='grc' dir='ltr'>καὶ</span> <span class='ocrx_word' id='word_1_337' title='bbox 1653 3288 1800 3356; x_wconf 79' lang='grc' dir='ltr'>μάλα</span> <span class='ocrx_word' id='word_1_338' title='bbox 1830 3289 1930 3355; x_wconf 76' lang='grc' dir='ltr'><strong>ἐμ-</strong></span> 
     </span>
    </p>
   </div>
   <div class='ocr_carea' id='block_1_48' title="bbox 361 3378 1929 3449">
    <p class='ocr_par' dir='ltr' id='par_1_48' title="bbox 361 3378 1929 3449">
     <span class='ocr_line' id='line_1_48' title="bbox 361 3378 1929 3449; baseline -0.001 -17"><span class='ocrx_word' id='word_1_339' title='bbox 361 3381 583 3449; x_wconf 70' lang='grc' dir='ltr'>φρόνως</span> <span class='ocrx_word' id='word_1_340' title='bbox 637 3381 1075 3442; x_wconf 70' lang='grc' dir='ltr'>ἀπαλλάττοντες</span> <span class='ocrx_word' id='word_1_341' title='bbox 1128 3379 1357 3442; x_wconf 77' lang='grc' dir='ltr'>ἑαυτοὺς</span> <span class='ocrx_word' id='word_1_342' title='bbox 1411 3380 1507 3448; x_wconf 85' lang='grc' dir='ltr'>τῆς</span> <span class='ocrx_word' id='word_1_343' title='bbox 1568 3379 1661 3431; x_wconf 75' lang='grc' dir='ltr'><strong>ἐπὶ</strong></span> <span class='ocrx_word' id='word_1_344' title='bbox 1718 3378 1929 3441; x_wconf 89' lang='grc' dir='ltr'>τούτοις</span> 
     </span>
    </p>
   </div>
   <div class='ocr_carea' id='block_1_49' title="bbox 360 3469 1926 3542">
    <p class='ocr_par' dir='ltr' id='par_1_49' title="bbox 360 3469 1926 3542">
     <span class='ocr_line' id='line_1_49' title="bbox 360 3469 1926 3542; baseline -0.001 -19"><span class='ocrx_word' id='word_1_345' title='bbox 360 3472 565 3534; x_wconf 82' lang='grc' dir='ltr'>αίτίας,</span> <span class='ocrx_word' id='word_1_346' title='bbox 614 3473 709 3524; x_wconf 76' lang='grc' dir='ltr'><strong>καὶ</strong></span> <span class='ocrx_word' id='word_1_347' title='bbox 757 3474 882 3535; x_wconf 83' lang='grc' dir='ltr'>τοὺς</span> <span class='ocrx_word' id='word_1_348' title='bbox 925 3471 1026 3540; x_wconf 79' lang='grc' dir='ltr'>τῆς</span> <span class='ocrx_word' id='word_1_349' title='bbox 1080 3472 1387 3542; x_wconf 80' lang='grc' dir='ltr'>ἀμωμήτου</span> <span class='ocrx_word' id='word_1_350' title='bbox 1423 3469 1658 3533; x_wconf 80' lang='grc' dir='ltr'>πίστεως</span> <span class='ocrx_word' id='word_1_351' title='bbox 1690 3471 1926 3539; x_wconf 74' lang='grc' dir='ltr'>ἐραστὰς</span> 
     </span>
    </p>
   </div>
   <div class='ocr_carea' id='block_1_50' title="bbox 359 3560 1927 3631">
    <p class='ocr_par' dir='ltr' id='par_1_50' title="bbox 359 3560 1927 3631">
     <span class='ocr_line' id='line_1_50' title="bbox 359 3560 1927 3631; baseline -0.001 -16"><span class='ocrx_word' id='word_1_352' title='bbox 359 3562 734 3630; x_wconf 75' lang='grc' dir='ltr'>πληροφορείν</span> <span class='ocrx_word' id='word_1_353' title='bbox 763 3562 1265 3626; x_wconf 75' lang='grc' dir='ltr'>σπουδάζοντες,ὃτι</span> <span class='ocrx_word' id='word_1_354' title='bbox 1288 3561 1386 3631; x_wconf 81' lang='grc' dir='ltr'>τῆς</span> <span class='ocrx_word' id='word_1_355' title='bbox 1404 3561 1616 3614; x_wconf 68' lang='grc' dir='ltr'>ἐκείνου</span> <span class='ocrx_word' id='word_1_356' title='bbox 1644 3560 1927 3630; x_wconf 70' lang='grc' dir='ltr'>βδελυρίας</span> 
     </span>
    </p>
   </div>
   <div class='ocr_carea' id='block_1_51' title="bbox 359 3646 1909 3723">
    <p class='ocr_par' dir='ltr' id='par_1_51' title="bbox 359 3646 1909 3723">
     <span class='ocr_line' id='line_1_51' title="bbox 359 3646 1909 3723; baseline -0.001 -16"><span class='ocrx_word' id='word_1_357' title='bbox 359 3646 613 3723; x_wconf 79' lang='grc' dir='ltr'>ἀμοιρεῖν</span> <span class='ocrx_word' id='word_1_358' title='bbox 661 3653 959 3722; x_wconf 64' lang='grc' dir='ltr'>ἐγνώκασι,</span> <span class='ocrx_word' id='word_1_359' title='bbox 1041 3655 1367 3723; x_wconf 77' lang='grc' dir='ltr'>πεποίηνται</span> <span class='ocrx_word' id='word_1_360' title='bbox 1420 3651 1519 3723; x_wconf 83' lang='grc' dir='ltr'>τὴν</span> <span class='ocrx_word' id='word_1_361' title='bbox 1590 3652 1909 3719; x_wconf 73' lang='grc' dir='ltr'>ἀπολογίαν.</span> 
     </span>
    </p>
   </div>
   <div class='ocr_carea' id='block_1_52' title="bbox 366 3741 1923 3812">
    <p class='ocr_par' dir='ltr' id='par_1_52' title="bbox 366 3741 1923 3812">
     <span class='ocr_line' id='line_1_52' title="bbox 366 3741 1923 3812; baseline -0.004 -15"><span class='ocrx_word' id='word_1_362' title='bbox 366 3744 482 3797; x_wconf 73' lang='grc' dir='ltr'><strong>Καὶ</strong></span> <span class='ocrx_word' id='word_1_363' title='bbox 524 3743 582 3794; x_wconf 83' lang='grc' dir='ltr'>τὸ</span> <span class='ocrx_word' id='word_1_364' title='bbox 623 3742 816 3812; x_wconf 80' lang='grc' dir='ltr'>χρῆμά</span> <span class='ocrx_word' id='word_1_365' title='bbox 860 3744 982 3795; x_wconf 70' lang='grc' dir='ltr'>ἐστι</span> <span class='ocrx_word' id='word_1_366' title='bbox 1028 3743 1203 3811; x_wconf 79' lang='grc' dir='ltr'>ψόγου</span> <span class='ocrx_word' id='word_1_367' title='bbox 1242 3759 1302 3795; x_wconf 83' lang='grc' dir='ltr'>τε</span> <span class='ocrx_word' id='word_1_368' title='bbox 1358 3743 1558 3804; x_wconf 79' lang='grc' dir='ltr'>παντὸς</span> <span class='ocrx_word' id='word_1_369' title='bbox 1606 3743 1699 3794; x_wconf 79' lang='grc' dir='ltr'>καὶ</span> <span class='ocrx_word' id='word_1_370' title='bbox 1728 3741 1923 3811; x_wconf 85' lang='grc' dir='ltr'>μώμου</span> 
     </span>
    </p>
   </div>
   <div class='ocr_carea' id='block_1_53' title="bbox 365 3827 1926 3903">
    <p class='ocr_par' dir='ltr' id='par_1_53' title="bbox 365 3827 1926 3903">
     <span class='ocr_line' id='line_1_53' title="bbox 365 3827 1926 3903; baseline -0.001 -19"><span class='ocrx_word' id='word_1_371' title='bbox 365 3833 607 3901; x_wconf 76' lang='grc' dir='ltr'>μακράν.</span> <span class='ocrx_word' id='word_1_372' title='bbox 640 3834 787 3903; x_wconf 79' lang='grc' dir='ltr'>’Δρα</span> <span class='ocrx_word' id='word_1_373' title='bbox 819 3833 866 3886; x_wconf 84' lang='grc' dir='ltr'><strong>εί</strong></span> <span class='ocrx_word' id='word_1_374' title='bbox 902 3835 1000 3887; x_wconf 68' lang='grc' dir='ltr'><strong>καὶ</strong></span> <span class='ocrx_word' id='word_1_375' title='bbox 1025 3833 1319 3902; x_wconf 75' lang='grc' dir='ltr'>Νιστόριος</span> <span class='ocrx_word' id='word_1_376' title='bbox 1357 3831 1480 3886; x_wconf 77' lang='grc' dir='ltr'>κατ’</span> <span class='ocrx_word' id='word_1_377' title='bbox 1500 3833 1677 3884; x_wconf 68' lang='grc' dir='ltr'>ἐκεῖνο</span> <span class='ocrx_word' id='word_1_378' title='bbox 1706 3827 1926 3899; x_wconf 80' lang='grc' dir='ltr'>καιροῦ,</span> 
     </span>
    </p>
   </div>
   <div class='ocr_carea' id='block_1_54' title="bbox 357 3918 1929 3992">
    <p class='ocr_par' dir='ltr' id='par_1_54' title="bbox 357 3918 1929 3992">
     <span class='ocr_line' id='line_1_54' title="bbox 357 3918 1929 3992; baseline 0.001 -19"><span class='ocrx_word' id='word_1_379' title='bbox 357 3920 488 3973; x_wconf 79' lang='grc' dir='ltr'>καθ’</span> <span class='ocrx_word' id='word_1_380' title='bbox 516 3922 575 3974; x_wconf 81' lang='grc' dir='ltr'>ὃν</span> <span class='ocrx_word' id='word_1_381' title='bbox 609 3923 743 3975; x_wconf 76' lang='grc' dir='ltr'>αὐτὸ</span> <span class='ocrx_word' id='word_1_382' title='bbox 787 3923 1130 3992; x_wconf 70' lang='grc' dir='ltr'>προετείνετο</span> <span class='ocrx_word' id='word_1_383' title='bbox 1182 3922 1334 3990; x_wconf 84' lang='grc' dir='ltr'><strong>παρά</strong></span> <span class='ocrx_word' id='word_1_384' title='bbox 1395 3921 1612 3975; x_wconf 85' lang='grc' dir='ltr'>πάντων</span> <span class='ocrx_word' id='word_1_385' title='bbox 1642 3920 1821 3990; x_wconf 78' lang='grc' dir='ltr'>ἡμῶν,</span> <span class='ocrx_word' id='word_1_386' title='bbox 1867 3918 1929 3970; x_wconf 85' lang='grc' dir='ltr'>τὸ</span> 
     </span>
    </p>
   </div>
   <div class='ocr_carea' id='block_1_55' title="bbox 360 4012 1929 4084">
    <p class='ocr_par' dir='ltr' id='par_1_55' title="bbox 360 4012 1929 4084">
     <span class='ocr_line' id='line_1_55' title="bbox 360 4012 1929 4084; baseline -0.004 -15"><span class='ocrx_word' id='word_1_387' title='bbox 360 4014 571 4083; x_wconf 75' lang='grc' dir='ltr'>χρῆναι</span> <span class='ocrx_word' id='word_1_388' title='bbox 596 4014 1086 4083; x_wconf 82' lang='grc' dir='ltr'>καταψηφίσασθαι</span> <span class='ocrx_word' id='word_1_389' title='bbox 1115 4014 1226 4069; x_wconf 84' lang='grc' dir='ltr'><strong>τῶν</strong></span> <span class='ocrx_word' id='word_1_390' title='bbox 1255 4013 1453 4068; x_wconf 64' lang='grc' dir='ltr'>ἐαυτοῦ</span> <span class='ocrx_word' id='word_1_391' title='bbox 1488 4014 1796 4084; x_wconf 80' lang='grc' dir='ltr'>δογμάτων,</span> <span class='ocrx_word' id='word_1_392' title='bbox 1833 4012 1929 4064; x_wconf 75' lang='grc' dir='ltr'>καὶ</span> 
     </span>
    </p>
   </div>
   <div class='ocr_carea' id='block_1_56' title="bbox 361 4101 1924 4175">
    <p class='ocr_par' dir='ltr' id='par_1_56' title="bbox 361 4101 1924 4175">
     <span class='ocr_line' id='line_1_56' title="bbox 361 4101 1924 4175; baseline -0.005 -14"><span class='ocrx_word' id='word_1_393' title='bbox 361 4106 686 4161; x_wconf 71' lang='grc' dir='ltr'>ἀνθελέσθαι</span> <span class='ocrx_word' id='word_1_394' title='bbox 718 4107 817 4175; x_wconf 78' lang='grc' dir='ltr'>τὴν</span> <span class='ocrx_word' id='word_1_395' title='bbox 859 4105 1140 4175; x_wconf 79' lang='grc' dir='ltr'>ἀληθειαν,</span> <span class='ocrx_word' id='word_1_396' title='bbox 1188 4106 1468 4175; x_wconf 67' lang='grc' dir='ltr'>ἔγγραφον</span> <span class='ocrx_word' id='word_1_397' title='bbox 1499 4106 1798 4174; x_wconf 70' lang='grc' dir='ltr'>ἐποιήσατο</span> <span class='ocrx_word' id='word_1_398' title='bbox 1826 4101 1924 4171; x_wconf 76' lang='grc' dir='ltr'>τὴν</span> 
     </span>
    </p>
   </div>
   <div class='ocr_carea' id='block_1_57' title="bbox 360 4196 1927 4268">
    <p class='ocr_par' dir='ltr' id='par_1_57' title="bbox 360 4196 1927 4268">
     <span class='ocr_line' id='line_1_57' title="bbox 360 4196 1927 4268; baseline -0.003 -14"><span class='ocrx_word' id='word_1_399' title='bbox 360 4202 458 4254; x_wconf 72' lang='grc' dir='ltr'><strong>ἐπὶ</strong></span> <span class='ocrx_word' id='word_1_400' title='bbox 492 4200 703 4263; x_wconf 87' lang='grc' dir='ltr'>τούτοις</span> <span class='ocrx_word' id='word_1_401' title='bbox 748 4198 1061 4268; x_wconf 71' lang='grc' dir='ltr'>ὁμολογίανο</span> <span class='ocrx_word' id='word_1_402' title='bbox 1110 4200 1201 4251; x_wconf 76' lang='grc' dir='ltr'>καὶ</span> <span class='ocrx_word' id='word_1_403' title='bbox 1235 4199 1399 4251; x_wconf 80' lang='grc' dir='ltr'>αὐτὸν</span> <span class='ocrx_word' id='word_1_404' title='bbox 1446 4198 1512 4250; x_wconf 85' lang='grc' dir='ltr'>ἂν</span> <span class='ocrx_word' id='word_1_405' title='bbox 1568 4197 1653 4258; x_wconf 73' lang='grc' dir='ltr'><strong>τίς</strong></span> <span class='ocrx_word' id='word_1_406' title='bbox 1694 4196 1797 4265; x_wconf 73' lang='grc' dir='ltr'>ἔφη</span> <span class='ocrx_word' id='word_1_407' title='bbox 1834 4196 1927 4250; x_wconf 61' lang='lat' dir='ltr'><strong>xi-</strong></span> 
     </span>
    </p>
   </div>
   <div class='ocr_carea' id='block_1_58' title="bbox 365 4290 1926 4362">
    <p class='ocr_par' dir='ltr' id='par_1_58' title="bbox 365 4290 1926 4362">
     <span class='ocr_line' id='line_1_58' title="bbox 365 4290 1926 4362; baseline -0.003 -16"><span class='ocrx_word' id='word_1_408' title='bbox 365 4309 540 4355; x_wconf 83' lang='grc' dir='ltr'>στεως</span> <span class='ocrx_word' id='word_1_409' title='bbox 588 4293 721 4362; x_wconf 77' lang='grc' dir='ltr'>ἡμῖν</span> <span class='ocrx_word' id='word_1_410' title='bbox 779 4291 1180 4362; x_wconf 68' lang='grc' dir='ltr'>καινοτομῆται</span> <span class='ocrx_word' id='word_1_411' title='bbox 1247 4291 1564 4360; x_wconf 75' lang='grc' dir='ltr'>Σύμϐο).ον;</span> <span class='ocrx_word' id='word_1_412' title='bbox 1624 4290 1689 4343; x_wconf 80' lang='grc' dir='ltr'>Τί</span> <span class='ocrx_word' id='word_1_413' title='bbox 1742 4290 1926 4342; x_wconf 88' lang='grc' dir='ltr'>τοίνυν</span> 
     </span>
    </p>
   </div>
   <div class='ocr_carea' id='block_1_59' title="bbox 358 4368 1929 4456">
    <p class='ocr_par' dir='ltr' id='par_1_59' title="bbox 358 4368 1929 4456">
     <span class='ocr_line' id='line_1_59' title="bbox 358 4368 1929 4456; baseline -0.005 -16"><span class='ocrx_word' id='word_1_414' title='bbox 358 4384 820 4456; x_wconf 77' lang='grc' dir='ltr'>διαλοιδοροῦντες</span> <span class='ocrx_word' id='word_1_415' title='bbox 856 4384 1037 4454; x_wconf 86' lang='grc' dir='ltr'>μάτην</span> <span class='ocrx_word' id='word_1_416' title='bbox 1082 4384 1298 4437; x_wconf 65' lang='grc' dir='ltr'>ἔκθεσιν</span> <span class='ocrx_word' id='word_1_417' title='bbox 1357 4382 1633 4455; x_wconf 76' lang='grc' dir='ltr'>Συμϐόλου</span> <span class='ocrx_word' id='word_1_418' title='bbox 1686 4368 1785 4434; x_wconf 65' lang='grc' dir='ltr'><strong>καί</strong></span> <span class='ocrx_word' id='word_1_419' title='bbox 1835 4380 1929 4435; x_wconf 90' lang='grc' dir='ltr'><strong>νῦν</strong></span> 
     </span>
    </p>
   </div>
   <div class='ocr_carea' id='block_1_60' title="bbox 360 4475 2006 4557">
    <p class='ocr_par' dir='ltr' id='par_1_60' title="bbox 360 4475 2006 4557">
     <span class='ocr_line' id='line_1_60' title="bbox 360 4475 2006 4557; baseline -0.003 -28"><span class='ocrx_word' id='word_1_420' title='bbox 360 4477 724 4545; x_wconf 74' lang='grc' dir='ltr'>ὀνομάζοντες</span> <span class='ocrx_word' id='word_1_421' title='bbox 756 4477 857 4548; x_wconf 77' lang='grc' dir='ltr'>τὴν</span> <span class='ocrx_word' id='word_1_422' title='bbox 896 4477 1120 4531; x_wconf 82' lang='grc' dir='ltr'>σύνεσιν</span> <span class='ocrx_word' id='word_1_423' title='bbox 1152 4476 1261 4530; x_wconf 88' lang='grc' dir='ltr'><strong>τῶν</strong></span> <span class='ocrx_word' id='word_1_424' title='bbox 1318 4476 1461 4528; x_wconf 88' lang='grc' dir='ltr'><strong>κατά</strong></span> <span class='ocrx_word' id='word_1_425' title='bbox 1512 4475 1619 4543; x_wconf 82' lang='grc' dir='ltr'>τὴν</span> <span class='ocrx_word' id='word_1_426' title='bbox 1669 4476 1927 4541; x_wconf 81' lang='grc' dir='ltr'>Φοινίκην</span> <span class='ocrx_word' id='word_1_427' title='bbox 1959 4499 2006 4557; x_wconf 78' lang='lat' dir='ltr'><strong>D</strong></span> 
     </span>
    </p>
   </div>
   <div class='ocr_carea' id='block_1_61' title="bbox 362 4564 1925 4636">
    <p class='ocr_par' dir='ltr' id='par_1_61' title="bbox 362 4564 1925 4636">
     <span class='ocr_line' id='line_1_61' title="bbox 362 4564 1925 4636; baseline -0.003 -14"><span class='ocrx_word' id='word_1_428' title='bbox 362 4568 796 4623; x_wconf 73' lang='grc' dir='ltr'>θεοσεσεστάτων</span> <span class='ocrx_word' id='word_1_429' title='bbox 820 4568 1166 4631; x_wconf 69' lang='grc' dir='ltr'>ἐπισκόπων,</span> <span class='ocrx_word' id='word_1_430' title='bbox 1198 4567 1264 4636; x_wconf 76' lang='grc' dir='ltr'>ἣν</span> <span class='ocrx_word' id='word_1_431' title='bbox 1305 4567 1603 4634; x_wconf 80' lang='grc' dir='ltr'>πεποίηται</span> <span class='ocrx_word' id='word_1_432' title='bbox 1636 4564 1925 4635; x_wconf 83' lang='grc' dir='ltr'>χρησίμως</span> 
     </span>
    </p>
   </div>
   <div class='ocr_carea' id='block_1_62' title="bbox 359 4655 1930 4727">
    <p class='ocr_par' dir='ltr' id='par_1_62' title="bbox 359 4655 1930 4727">
     <span class='ocr_line' id='line_1_62' title="bbox 359 4655 1930 4727; baseline -0.005 -12"><span class='ocrx_word' id='word_1_433' title='bbox 359 4678 424 4715; x_wconf 75' lang='grc' dir='ltr'>τε</span> <span class='ocrx_word' id='word_1_434' title='bbox 471 4660 567 4713; x_wconf 75' lang='grc' dir='ltr'>καὶ</span> <span class='ocrx_word' id='word_1_435' title='bbox 599 4659 935 4727; x_wconf 79' lang='grc' dir='ltr'>ἀναγκαίως,</span> <span class='ocrx_word' id='word_1_436' title='bbox 966 4656 1403 4725; x_wconf 80' lang='grc' dir='ltr'>ἀπολογούμεναί</span> <span class='ocrx_word' id='word_1_437' title='bbox 1438 4674 1498 4709; x_wconf 81' lang='grc' dir='ltr'>τε</span> <span class='ocrx_word' id='word_1_438' title='bbox 1542 4658 1639 4709; x_wconf 76' lang='grc' dir='ltr'>καὶ</span> <span class='ocrx_word' id='word_1_439' title='bbox 1664 4655 1930 4724; x_wconf 72' lang='grc' dir='ltr'>θεραπεύ-</span> 
     </span>
    </p>
   </div>
   <div class='ocr_carea' id='block_1_63' title="bbox 344 4743 1927 4820">
    <p class='ocr_par' dir='ltr' id='par_1_63' title="bbox 344 4743 1927 4820">
     <span class='ocr_line' id='line_1_63' title="bbox 344 4743 1927 4820; baseline -0.004 -17"><span class='ocrx_word' id='word_1_440' title='bbox 344 4766 517 4813; x_wconf 78' lang='grc' dir='ltr'><strong>⁹οντες</strong></span> <span class='ocrx_word' id='word_1_441' title='bbox 549 4751 672 4813; x_wconf 75' lang='grc' dir='ltr'>τοὺς</span> <span class='ocrx_word' id='word_1_442' title='bbox 699 4748 1011 4820; x_wconf 76' lang='grc' dir='ltr'>οίηθέντας.</span> <span class='ocrx_word' id='word_1_443' title='bbox 1042 4748 1125 4800; x_wconf 82' lang='grc' dir='ltr'>ὅτι</span> <span class='ocrx_word' id='word_1_444' title='bbox 1169 4748 1289 4809; x_wconf 87' lang='grc' dir='ltr'>ταῖς</span> <span class='ocrx_word' id='word_1_445' title='bbox 1346 4743 1645 4811; x_wconf 86' lang='grc' dir='ltr'>Νεστορίου</span> <span class='ocrx_word' id='word_1_446' title='bbox 1687 4761 1927 4797; x_wconf 78' lang='grc' dir='ltr'>κατακο-</span> 
     </span>
    </p>
   </div>
   <div class='ocr_carea' id='block_1_64' title="bbox 360 4833 1928 4909">
    <p class='ocr_par' dir='ltr' id='par_1_64' title="bbox 360 4833 1928 4909">
     <span class='ocr_line' id='line_1_64' title="bbox 360 4833 1928 4909; baseline -0.004 -14"><span class='ocrx_word' id='word_1_447' title='bbox 360 4840 620 4895; x_wconf 87' lang='grc' dir='ltr'>λουθοῦσι</span> <span class='ocrx_word' id='word_1_448' title='bbox 650 4838 1079 4909; x_wconf 69' lang='grc' dir='ltr'>καινοφωνίαιςς</span> <span class='ocrx_word' id='word_1_449' title='bbox 1124 4837 1192 4890; x_wconf 80' lang='grc' dir='ltr'><strong><em>Ἥ</em></strong></span> <span class='ocrx_word' id='word_1_450' title='bbox 1245 4837 1344 4906; x_wconf 80' lang='grc' dir='ltr'>μὲν</span> <span class='ocrx_word' id='word_1_451' title='bbox 1391 4833 1485 4890; x_wconf 88' lang='grc' dir='ltr'><strong>οῦν</strong></span> <span class='ocrx_word' id='word_1_452' title='bbox 1520 4837 1653 4900; x_wconf 82' lang='grc' dir='ltr'>ἀγία</span> <span class='ocrx_word' id='word_1_453' title='bbox 1711 4835 1928 4897; x_wconf 85' lang='grc' dir='ltr'>σύνοδος</span> 
     </span>
    </p>
   </div>
   <div class='ocr_carea' id='block_1_65' title="bbox 364 4926 1926 5003">
    <p class='ocr_par' dir='ltr' id='par_1_65' title="bbox 364 4926 1926 5003">
     <span class='ocr_line' id='line_1_65' title="bbox 364 4926 1926 5003; baseline -0.006 -17"><span class='ocrx_word' id='word_1_454' title='bbox 364 4936 462 4988; x_wconf 79' lang='grc' dir='ltr'>καὶ</span> <span class='ocrx_word' id='word_1_455' title='bbox 489 4931 844 5002; x_wconf 77' lang='grc' dir='ltr'>οίκουμενικὴ</span> <span class='ocrx_word' id='word_1_456' title='bbox 867 4933 903 5003; x_wconf 75' lang='grc' dir='ltr'><strong>η</strong></span> <span class='ocrx_word' id='word_1_457' title='bbox 932 4931 1077 4985; x_wconf 86' lang='grc' dir='ltr'><strong>κατά</strong></span> <span class='ocrx_word' id='word_1_458' title='bbox 1097 4946 1162 4998; x_wconf 88' lang='grc' dir='ltr'>γε</span> <span class='ocrx_word' id='word_1_459' title='bbox 1180 4928 1279 4999; x_wconf 82' lang='grc' dir='ltr'>τὴν</span> <span class='ocrx_word' id='word_1_460' title='bbox 1307 4929 1415 4981; x_wconf 86' lang='grc' dir='ltr'><strong>τῶν</strong></span> <span class='ocrx_word' id='word_1_461' title='bbox 1453 4926 1718 4995; x_wconf 83' lang='grc' dir='ltr'>Ἐφεσίων</span> <span class='ocrx_word' id='word_1_462' title='bbox 1744 4943 1926 4979; x_wconf 81' lang='grc' dir='ltr'>συνει-</span> 
     </span>
    </p>
   </div>
   <div class='ocr_carea' id='block_1_66' title="bbox 362 5017 1927 5093">
    <p class='ocr_par' dir='ltr' id='par_1_66' title="bbox 362 5017 1927 5093">
     <span class='ocr_line' id='line_1_66' title="bbox 362 5017 1927 5093; baseline -0.005 -18"><span class='ocrx_word' id='word_1_463' title='bbox 362 5024 604 5093; x_wconf 70' lang='grc' dir='ltr'>λεγμένη</span> <span class='ocrx_word' id='word_1_464' title='bbox 642 5021 1048 5093; x_wconf 74' lang='grc' dir='ltr'>προτπενόησιν</span> <span class='ocrx_word' id='word_1_465' title='bbox 1077 5018 1395 5086; x_wconf 81' lang='grc' dir='ltr'>ἀναγκαίως</span> <span class='ocrx_word' id='word_1_466' title='bbox 1424 5019 1520 5070; x_wconf 88' lang='grc' dir='ltr'><strong>τοῦ</strong></span> <span class='ocrx_word' id='word_1_467' title='bbox 1555 5017 1631 5087; x_wconf 82' lang='grc' dir='ltr'>μὴ</span> <span class='ocrx_word' id='word_1_468' title='bbox 1661 5018 1773 5070; x_wconf 82' lang='grc' dir='ltr'>δεῖν</span> <span class='ocrx_word' id='word_1_469' title='bbox 1806 5018 1927 5076; x_wconf 84' lang='grc' dir='ltr'>ταῖς</span> 
     </span>
    </p>
   </div>
   <div class='ocr_carea' id='block_1_67' title="bbox 375 5108 1927 5183">
    <p class='ocr_par' dir='ltr' id='par_1_67' title="bbox 375 5108 1927 5183">
     <span class='ocr_line' id='line_1_67' title="bbox 375 5108 1927 5183; baseline -0.005 -16"><span class='ocrx_word' id='word_1_470' title='bbox 375 5115 727 5183; x_wconf 77' lang='grc' dir='ltr'>Ἐκκλησίαις</span> <span class='ocrx_word' id='word_1_471' title='bbox 754 5112 851 5166; x_wconf 87' lang='grc' dir='ltr'><strong>τοῦ</strong></span> <span class='ocrx_word' id='word_1_472' title='bbox 876 5110 1011 5166; x_wconf 82' lang='grc' dir='ltr'>Θιοῦ</span> <span class='ocrx_word' id='word_1_473' title='bbox 1047 5111 1288 5172; x_wconf 79' lang='grc' dir='ltr'>πίστεως</span> <span class='ocrx_word' id='word_1_474' title='bbox 1339 5109 1556 5163; x_wconf 71' lang='grc' dir='ltr'>ἔκθεσιν</span> <span class='ocrx_word' id='word_1_475' title='bbox 1599 5108 1795 5179; x_wconf 75' lang='grc' dir='ltr'>ἑτέραν</span> <span class='ocrx_word' id='word_1_476' title='bbox 1817 5110 1927 5159; x_wconf 77' lang='lat' dir='ltr'><strong>eta-</strong></span> 
     </span>
    </p>
   </div>
   <div class='ocr_carea' id='block_1_68' title="bbox 362 5197 1929 5275">
    <p class='ocr_par' dir='ltr' id='par_1_68' title="bbox 362 5197 1929 5275">
     <span class='ocr_line' id='line_1_68' title="bbox 362 5197 1929 5275; baseline -0.006 -17"><span class='ocrx_word' id='word_1_477' title='bbox 362 5206 645 5275; x_wconf 74' lang='grc' dir='ltr'>κρίνεσθαι</span> <span class='ocrx_word' id='word_1_478' title='bbox 690 5206 844 5273; x_wconf 78' lang='grc' dir='ltr'>παρά</span> <span class='ocrx_word' id='word_1_479' title='bbox 874 5219 940 5271; x_wconf 78' lang='grc' dir='ltr'>γε</span> <span class='ocrx_word' id='word_1_480' title='bbox 973 5201 1073 5273; x_wconf 79' lang='grc' dir='ltr'>τὴν</span> <span class='ocrx_word' id='word_1_481' title='bbox 1098 5197 1287 5263; x_wconf 82' lang='grc' dir='ltr'>οὖσαν,</span> <span class='ocrx_word' id='word_1_482' title='bbox 1324 5200 1393 5270; x_wconf 81' lang='grc' dir='ltr'>ἢν</span> <span class='ocrx_word' id='word_1_483' title='bbox 1435 5200 1489 5252; x_wconf 88' lang='grc' dir='ltr'>οἰ</span> <span class='ocrx_word' id='word_1_484' title='bbox 1539 5199 1929 5267; x_wconf 82' lang='grc' dir='ltr'>τρισμακάριοι</span> 
     </span>
    </p>
   </div>
   <div class='ocr_carea' id='block_1_69' title="bbox 363 5287 1923 5364">
    <p class='ocr_par' dir='ltr' id='par_1_69' title="bbox 363 5287 1923 5364">
     <span class='ocr_line' id='line_1_69' title="bbox 363 5287 1923 5364; baseline -0.005 -17"><span class='ocrx_word' id='word_1_485' title='bbox 363 5294 605 5364; x_wconf 72' lang='grc' dir='ltr'>Πατιρις</span> <span class='ocrx_word' id='word_1_486' title='bbox 646 5294 704 5347; x_wconf 71' lang='grc' dir='ltr'>ὲν</span> <span class='ocrx_word' id='word_1_487' title='bbox 754 5294 899 5363; x_wconf 82' lang='grc' dir='ltr'>ἀγίῳ</span> <span class='ocrx_word' id='word_1_488' title='bbox 952 5291 1236 5361; x_wconf 81' lang='grc' dir='ltr'>Πνεύματι</span> <span class='ocrx_word' id='word_1_489' title='bbox 1293 5287 1580 5350; x_wconf 71' lang='grc' dir='ltr'>λαλοῦντες</span> <span class='ocrx_word' id='word_1_490' title='bbox 1633 5288 1923 5358; x_wconf 81' lang='grc' dir='ltr'>ὡρίσαντο.</span> 
     </span>
    </p>
   </div>
   <div class='ocr_carea' id='block_1_70' title="bbox 360 5379 1927 5456">
    <p class='ocr_par' dir='ltr' id='par_1_70' title="bbox 360 5379 1927 5456">
     <span class='ocr_line' id='line_1_70' title="bbox 360 5379 1927 5456; baseline -0.003 -17"><span class='ocrx_word' id='word_1_491' title='bbox 360 5386 433 5441; x_wconf 74' lang='grc' dir='ltr'>Οζ</span> <span class='ocrx_word' id='word_1_492' title='bbox 468 5402 532 5454; x_wconf 80' lang='grc' dir='ltr'>γε</span> <span class='ocrx_word' id='word_1_493' title='bbox 566 5387 675 5456; x_wconf 69' lang='grc' dir='ltr'><strong>μην</strong></span> <span class='ocrx_word' id='word_1_494' title='bbox 704 5386 854 5451; x_wconf 79' lang='grc' dir='ltr'>ἀπαξ</span> <span class='ocrx_word' id='word_1_495' title='bbox 887 5386 988 5438; x_wconf 86' lang='grc' dir='ltr'><strong>ούκ</strong></span> <span class='ocrx_word' id='word_1_496' title='bbox 1018 5385 1221 5446; x_wconf 83' lang='grc' dir='ltr'>εἰδότες</span> <span class='ocrx_word' id='word_1_497' title='bbox 1262 5380 1357 5436; x_wconf 90' lang='grc' dir='ltr'><strong>τοῦ</strong></span> <span class='ocrx_word' id='word_1_498' title='bbox 1391 5381 1466 5451; x_wconf 77' lang='grc' dir='ltr'>μὴ</span> <span class='ocrx_word' id='word_1_499' title='bbox 1510 5379 1683 5451; x_wconf 84' lang='grc' dir='ltr'>ὀρθῶς</span> <span class='ocrx_word' id='word_1_500' title='bbox 1712 5379 1927 5434; x_wconf 74' lang='grc' dir='ltr'>ἑλέσθαι</span> 
     </span>
    </p>
   </div>
   <div class='ocr_carea' id='block_1_71' title="bbox 359 5471 1926 5549">
    <p class='ocr_par' dir='ltr' id='par_1_71' title="bbox 359 5471 1926 5549">
     <span class='ocr_line' id='line_1_71' title="bbox 359 5471 1926 5549; baseline -0.006 -16"><span class='ocrx_word' id='word_1_501' title='bbox 359 5482 581 5549; x_wconf 73' lang='grc' dir='ltr'>φρονεῖν</span> <span class='ocrx_word' id='word_1_502' title='bbox 605 5518 620 5545; x_wconf 93' lang='grc'><strong>,</strong></span> <span class='ocrx_word' id='word_1_503' title='bbox 673 5481 815 5549; x_wconf 79' lang='grc' dir='ltr'>μήτε</span> <span class='ocrx_word' id='word_1_504' title='bbox 879 5480 987 5549; x_wconf 74' lang='grc' dir='ltr'>μὴν</span> <span class='ocrx_word' id='word_1_505' title='bbox 1016 5479 1127 5540; x_wconf 81' lang='grc' dir='ltr'>τοῖς</span> <span class='ocrx_word' id='word_1_506' title='bbox 1171 5475 1553 5534; x_wconf 81' lang='grc' dir='ltr'>ἀποστολικοῖς</span> <span class='ocrx_word' id='word_1_507' title='bbox 1590 5489 1650 5524; x_wconf 81' lang='grc' dir='ltr'>τε</span> <span class='ocrx_word' id='word_1_508' title='bbox 1686 5472 1781 5524; x_wconf 75' lang='grc' dir='ltr'>καὶ</span> <span class='ocrx_word' id='word_1_509' title='bbox 1829 5471 1926 5523; x_wconf 77' lang='grc' dir='ltr'><strong>εύ-</strong></span> 
     </span>
    </p>
   </div>
   <div class='ocr_carea' id='block_1_72' title="bbox 358 5563 1926 5639">
    <p class='ocr_par' dir='ltr' id='par_1_72' title="bbox 358 5563 1926 5639">
     <span class='ocr_line' id='line_1_72' title="bbox 358 5563 1926 5639; baseline -0.008 -14"><span class='ocrx_word' id='word_1_510' title='bbox 358 5573 669 5639; x_wconf 76' lang='grc' dir='ltr'>αγγελικοῖς</span> <span class='ocrx_word' id='word_1_511' title='bbox 687 5571 917 5625; x_wconf 71' lang='grc' dir='ltr'>ἕπεσθαι</span> <span class='ocrx_word' id='word_1_512' title='bbox 941 5570 1225 5639; x_wconf 72' lang='grc' dir='ltr'>δόγμασιν,</span> <span class='ocrx_word' id='word_1_513' title='bbox 1259 5563 1371 5635; x_wconf 76' lang='grc' dir='ltr'>ἄρα</span> <span class='ocrx_word' id='word_1_514' title='bbox 1407 5564 1718 5625; x_wconf 75' lang='grc' dir='ltr'>σιωπῶντες</span> <span class='ocrx_word' id='word_1_515' title='bbox 1746 5564 1926 5633; x_wconf 71' lang='grc' dir='ltr'>ἀπηλ-</span> 
     </span>
    </p>
   </div>
   <div class='ocr_carea' id='block_1_73' title="bbox 364 5655 1925 5731">
    <p class='ocr_par' dir='ltr' id='par_1_73' title="bbox 364 5655 1925 5731">
     <span class='ocr_line' id='line_1_73' title="bbox 364 5655 1925 5731; baseline -0.006 -15"><span class='ocrx_word' id='word_1_516' title='bbox 364 5666 623 5731; x_wconf 76' lang='grc' dir='ltr'>λάγησαν</span> <span class='ocrx_word' id='word_1_517' title='bbox 662 5667 726 5717; x_wconf 79' lang='grc' dir='ltr'>ἂν</span> <span class='ocrx_word' id='word_1_518' title='bbox 748 5665 843 5731; x_wconf 77' lang='grc' dir='ltr'>τῆς</span> <span class='ocrx_word' id='word_1_519' title='bbox 877 5664 970 5716; x_wconf 69' lang='grc' dir='ltr'><strong>ἐπὶ</strong></span> <span class='ocrx_word' id='word_1_520' title='bbox 1021 5662 1193 5727; x_wconf 83' lang='grc' dir='ltr'>τούτῳ</span> <span class='ocrx_word' id='word_1_521' title='bbox 1226 5658 1616 5721; x_wconf 81' lang='grc' dir='ltr'>δ.ὅασκαλίας;</span> <span class='ocrx_word' id='word_1_522' title='bbox 1656 5657 1688 5726; x_wconf 75' lang='grc' dir='ltr'><strong>ἦ</strong></span> <span class='ocrx_word' id='word_1_523' title='bbox 1727 5655 1925 5723; x_wconf 74' lang='grc' dir='ltr'>μᾶλλον</span> 
     </span>
    </p>
   </div>
   <div class='ocr_carea' id='block_1_74' title="bbox 360 5748 1925 5825">
    <p class='ocr_par' dir='ltr' id='par_1_74' title="bbox 360 5748 1925 5825">
     <span class='ocr_line' id='line_1_74' title="bbox 360 5748 1925 5825; baseline -0.008 -16"><span class='ocrx_word' id='word_1_524' title='bbox 360 5754 813 5825; x_wconf 73' lang='grc' dir='ltr'>ἀπολογούμενοι,</span> <span class='ocrx_word' id='word_1_525' title='bbox 857 5756 949 5807; x_wconf 46' lang='grc' dir='ltr'>καὶ</span> <span class='ocrx_word' id='word_1_526' title='bbox 1001 5755 1099 5823; x_wconf 68' lang='grc' dir='ltr'>τῆς</span> <span class='ocrx_word' id='word_1_527' title='bbox 1148 5751 1373 5821; x_wconf 75' lang='grc' dir='ltr'>ἐνούσης</span> <span class='ocrx_word' id='word_1_528' title='bbox 1414 5751 1597 5812; x_wconf 72' lang='grc' dir='ltr'>αὐτοῖς</span> <span class='ocrx_word' id='word_1_529' title='bbox 1634 5749 1790 5817; x_wconf 74' lang='grc' dir='ltr'>δόξης</span> <span class='ocrx_word' id='word_1_530' title='bbox 1828 5748 1925 5815; x_wconf 74' lang='grc' dir='ltr'>τὴν</span> 
     </span>
    </p>
   </div>
   <div class='ocr_carea' id='block_1_75' title="bbox 2034 1913 3606 1984">
    <p class='ocr_par' dir='ltr' id='par_1_75' title="bbox 2034 1913 3606 1984">
     <span class='ocr_line' id='line_1_75' title="bbox 2034 1913 3606 1984; baseline -0.001 -16"><span class='ocrx_word' id='word_1_531' title='bbox 2034 1915 2301 1984; x_wconf 86' lang='lat' dir='ltr'><strong>synodum</strong></span> <span class='ocrx_word' id='word_1_532' title='bbox 2332 1914 2444 1968; x_wconf 85' lang='lat' dir='ltr'><strong>divi</strong></span> <span class='ocrx_word' id='word_1_533' title='bbox 2485 1913 2673 1983; x_wconf 83' lang='lat' dir='ltr'><strong>Cyrilli</strong></span> <span class='ocrx_word' id='word_1_534' title='bbox 2736 1914 2938 1979; x_wconf 82' lang='lat' dir='ltr'><strong>verbis,</strong></span> <span class='ocrx_word' id='word_1_535' title='bbox 3014 1915 3342 1969; x_wconf 81' lang='lat' dir='ltr'><strong>contrariam</strong></span> <span class='ocrx_word' id='word_1_536' title='bbox 3410 1914 3606 1969; x_wconf 77' lang='lat' dir='ltr'><strong>abhor-</strong></span> 
     </span>
    </p>
   </div>
   <div class='ocr_carea' id='block_1_76' title="bbox 2037 2002 3606 2074">
    <p class='ocr_par' dir='ltr' id='par_1_76' title="bbox 2037 2002 3606 2074">
     <span class='ocr_line' id='line_1_76' title="bbox 2037 2002 3606 2074; baseline 0 -17"><span class='ocrx_word' id='word_1_537' title='bbox 2037 2018 2177 2065; x_wconf 88' lang='lat' dir='ltr'><strong>rere,</strong></span> <span class='ocrx_word' id='word_1_538' title='bbox 2211 2018 2320 2057; x_wconf 91' lang='lat' dir='ltr'><strong>non</strong></span> <span class='ocrx_word' id='word_1_539' title='bbox 2353 2002 2737 2067; x_wconf 80' lang='lat' dir='ltr'><strong>orthodoxam,</strong></span> <span class='ocrx_word' id='word_1_540' title='bbox 2799 2018 2962 2074; x_wconf 86' lang='lat' dir='ltr'><strong>quam</strong></span> <span class='ocrx_word' id='word_1_541' title='bbox 3019 2004 3201 2073; x_wconf 83' lang='lat' dir='ltr'><strong>potius</strong></span> <span class='ocrx_word' id='word_1_542' title='bbox 3234 2004 3493 2069; x_wconf 84' lang='lat' dir='ltr'><strong>inculcat,</strong></span> <span class='ocrx_word' id='word_1_543' title='bbox 3551 2015 3606 2059; x_wconf 92' lang='lat' dir='ltr'><strong>et</strong></span> 
     </span>
    </p>
   </div>
   <div class='ocr_carea' id='block_1_77' title="bbox 2033 2094 3605 2165">
    <p class='ocr_par' dir='ltr' id='par_1_77' title="bbox 2033 2094 3605 2165">
     <span class='ocr_line' id='line_1_77' title="bbox 2033 2094 3605 2165; baseline 0.001 -17"><span class='ocrx_word' id='word_1_544' title='bbox 2033 2094 2195 2148; x_wconf 85' lang='lat' dir='ltr'><strong>aliam</strong></span> <span class='ocrx_word' id='word_1_545' title='bbox 2222 2096 2439 2164; x_wconf 86' lang='lat' dir='ltr'><strong>preprie</strong></span> <span class='ocrx_word' id='word_1_546' title='bbox 2466 2095 2800 2163; x_wconf 83' lang='lat' dir='ltr'><strong>contrariam</strong></span> <span class='ocrx_word' id='word_1_547' title='bbox 2834 2104 3145 2163; x_wconf 83' lang='lat' dir='ltr'><strong>nuncupat:</strong></span> <span class='ocrx_word' id='word_1_548' title='bbox 3184 2111 3366 2150; x_wconf 84' lang='lat' dir='ltr'><strong>veram</strong></span> <span class='ocrx_word' id='word_1_549' title='bbox 3398 2097 3605 2165; x_wconf 81' lang='lat' dir='ltr'><strong>ample-</strong></span> 
     </span>
    </p>
   </div>
   <div class='ocr_carea' id='block_1_78' title="bbox 2034 2184 3598 2255">
    <p class='ocr_par' dir='ltr' id='par_1_78' title="bbox 2034 2184 3598 2255">
     <span class='ocr_line' id='line_1_78' title="bbox 2034 2184 3598 2255; baseline 0.001 -15"><span class='ocrx_word' id='word_1_550' title='bbox 2034 2186 2132 2251; x_wconf 91' lang='lat' dir='ltr'><strong>cti,</strong></span> <span class='ocrx_word' id='word_1_551' title='bbox 2170 2196 2225 2241; x_wconf 91' lang='lat' dir='ltr'><strong>et</strong></span> <span class='ocrx_word' id='word_1_552' title='bbox 2265 2200 2386 2240; x_wconf 89' lang='lat' dir='ltr'><strong>eam</strong></span> <span class='ocrx_word' id='word_1_553' title='bbox 2450 2184 2823 2255; x_wconf 86' lang='lat' dir='ltr'><strong>repudiantes,</strong></span> <span class='ocrx_word' id='word_1_554' title='bbox 2883 2186 3251 2242; x_wconf 86' lang='lat' dir='ltr'><strong>exsecrandos</strong></span> <span class='ocrx_word' id='word_1_555' title='bbox 3305 2187 3598 2255; x_wconf 82' lang='lat' dir='ltr'><strong>appellare.</strong></span> 
     </span>
    </p>
   </div>
   <div class='ocr_carea' id='block_1_79' title="bbox 2034 2276 3597 2349">
    <p class='ocr_par' dir='ltr' id='par_1_79' title="bbox 2034 2276 3597 2349">
     <span class='ocr_line' id='line_1_79' title="bbox 2034 2276 3597 2349; baseline 0.001 -16"><span class='ocrx_word' id='word_1_556' title='bbox 2034 2279 2102 2334; x_wconf 83' lang='lat' dir='ltr'><strong>ab</strong></span> <span class='ocrx_word' id='word_1_557' title='bbox 2123 2279 2311 2334; x_wconf 88' lang='lat' dir='ltr'><strong>eadem</strong></span> <span class='ocrx_word' id='word_1_558' title='bbox 2340 2278 2458 2346; x_wconf 85' lang='lat' dir='ltr'><strong>ipsa</strong></span> <span class='ocrx_word' id='word_1_559' title='bbox 2488 2278 2697 2349; x_wconf 79' lang='lat' dir='ltr'><strong>synodo</strong></span> <span class='ocrx_word' id='word_1_560' title='bbox 2757 2276 2994 2348; x_wconf 82' lang='lat' dir='ltr'><strong>Epistola</strong></span> <span class='ocrx_word' id='word_1_561' title='bbox 3025 2279 3092 2332; x_wconf 90' lang='lat' dir='ltr'><strong>ad</strong></span> <span class='ocrx_word' id='word_1_562' title='bbox 3131 2278 3413 2345; x_wconf 81' lang='lat' dir='ltr'><strong>Acacium,</strong></span> <span class='ocrx_word' id='word_1_563' title='bbox 3481 2279 3597 2335; x_wconf 67' lang='lat' dir='ltr'><strong>haec</strong></span> 
     </span>
    </p>
   </div>
   <div class='ocr_carea' id='block_1_80' title="bbox 2034 2368 3597 2440">
    <p class='ocr_par' dir='ltr' id='par_1_80' title="bbox 2034 2368 3597 2440">
     <span class='ocr_line' id='line_1_80' title="bbox 2034 2368 3597 2440; baseline -0.001 -15"><span class='ocrx_word' id='word_1_564' title='bbox 2034 2371 2221 2425; x_wconf 89' lang='lat' dir='ltr'><strong>eadem</strong></span> <span class='ocrx_word' id='word_1_565' title='bbox 2263 2370 2599 2435; x_wconf 84' lang='lat' dir='ltr'><strong>insinuante,</strong></span> <span class='ocrx_word' id='word_1_566' title='bbox 2619 2368 2926 2425; x_wconf 86' lang='lat' dir='ltr'><strong>audiamus.</strong></span> <span class='ocrx_word' id='word_1_567' title='bbox 2962 2369 3051 2423; x_wconf 85' lang='lat' dir='ltr'><strong>Ait</strong></span> <span class='ocrx_word' id='word_1_568' title='bbox 3089 2384 3326 2440; x_wconf 83' lang='lat' dir='ltr'><strong>namque</strong></span> <span class='ocrx_word' id='word_1_569' title='bbox 3385 2372 3440 2426; x_wconf 90' lang='lat' dir='ltr'><strong>in</strong></span> <span class='ocrx_word' id='word_1_570' title='bbox 3492 2386 3597 2427; x_wconf 88' lang='lat' dir='ltr'><strong>ea:</strong></span> 
     </span>
    </p>
   </div>
   <div class='ocr_carea' id='block_1_81' title="bbox 2038 2460 3603 2533">
    <p class='ocr_par' dir='ltr' id='par_1_81' title="bbox 2038 2460 3603 2533">
     <span class='ocr_line' id='line_1_81' title="bbox 2038 2460 3603 2533; baseline 0.003 -19"><span class='ocrx_word' id='word_1_571' title='bbox 2038 2482 2059 2514; x_wconf 76' lang='grc' dir='ltr'><strong>ι</strong></span> <span class='ocrx_word' id='word_1_572' title='bbox 2088 2462 2201 2517; x_wconf 84' lang='lat' dir='ltr'><strong>Nos</strong></span> <span class='ocrx_word' id='word_1_573' title='bbox 2224 2477 2398 2532; x_wconf 90' lang='lat' dir='ltr'><strong>neque</strong></span> <span class='ocrx_word' id='word_1_574' title='bbox 2418 2476 2611 2515; x_wconf 85' lang='lat' dir='ltr'><strong>novam</strong></span> <span class='ocrx_word' id='word_1_575' title='bbox 2635 2460 2755 2516; x_wconf 83' lang='lat' dir='ltr'><strong>ﬁdei</strong></span> <span class='ocrx_word' id='word_1_576' title='bbox 2783 2460 3175 2531; x_wconf 80' lang='lat' dir='ltr'><strong>expositionem</strong></span> <span class='ocrx_word' id='word_1_577' title='bbox 3198 2464 3267 2517; x_wconf 86' lang='lat' dir='ltr'><strong>ab</strong></span> <span class='ocrx_word' id='word_1_578' title='bbox 3295 2463 3403 2518; x_wconf 91' lang='lat' dir='ltr'><strong>ullo</strong></span> <span class='ocrx_word' id='word_1_579' title='bbox 3420 2464 3603 2533; x_wconf 73' lang='lat' dir='ltr'><strong>exegi-</strong></span> 
     </span>
    </p>
   </div>
   <div class='ocr_carea' id='block_1_82' title="bbox 2036 2552 3597 2621">
    <p class='ocr_par' dir='ltr' id='par_1_82' title="bbox 2036 2552 3597 2621">
     <span class='ocr_line' id='line_1_82' title="bbox 2036 2552 3597 2621; baseline 0.002 -15"><span class='ocrx_word' id='word_1_580' title='bbox 2036 2568 2178 2620; x_wconf 88' lang='lat' dir='ltr'><strong>mus,</strong></span> <span class='ocrx_word' id='word_1_581' title='bbox 2235 2568 2408 2621; x_wconf 87' lang='lat' dir='ltr'><strong>neque</strong></span> <span class='ocrx_word' id='word_1_582' title='bbox 2436 2553 2505 2607; x_wconf 90' lang='lat' dir='ltr'><strong>ab</strong></span> <span class='ocrx_word' id='word_1_583' title='bbox 2524 2553 2654 2608; x_wconf 88' lang='lat' dir='ltr'><strong>aliis</strong></span> <span class='ocrx_word' id='word_1_584' title='bbox 2677 2552 2991 2607; x_wconf 81' lang='lat' dir='ltr'><strong>innovatam</strong></span> <span class='ocrx_word' id='word_1_585' title='bbox 3028 2552 3376 2610; x_wconf 78' lang='lat' dir='ltr'><strong>admisimus.</strong></span> <span class='ocrx_word' id='word_1_586' title='bbox 3437 2554 3597 2610; x_wconf 82' lang='lat' dir='ltr'><strong>Sulli-</strong></span> 
     </span>
    </p>
   </div>
   <div class='ocr_carea' id='block_1_83' title="bbox 2033 2644 3602 2717">
    <p class='ocr_par' dir='ltr' id='par_1_83' title="bbox 2033 2644 3602 2717">
     <span class='ocr_line' id='line_1_83' title="bbox 2033 2644 3602 2717; baseline 0.003 -18"><span class='ocrx_word' id='word_1_587' title='bbox 2033 2646 2107 2699; x_wconf 89' lang='lat' dir='ltr'><strong>cit</strong></span> <span class='ocrx_word' id='word_1_588' title='bbox 2129 2646 2271 2699; x_wconf 90' lang='lat' dir='ltr'><strong>enim</strong></span> <span class='ocrx_word' id='word_1_589' title='bbox 2301 2646 2459 2701; x_wconf 89' lang='lat' dir='ltr'><strong>nobis</strong></span> <span class='ocrx_word' id='word_1_590' title='bbox 2488 2661 2517 2699; x_wconf 87' lang='lat' dir='ltr'><strong>a</strong></span> <span class='ocrx_word' id='word_1_591' title='bbox 2543 2645 2652 2700; x_wconf 92' lang='lat' dir='ltr'><strong>Deo</strong></span> <span class='ocrx_word' id='word_1_592' title='bbox 2700 2645 2961 2715; x_wconf 84' lang='lat' dir='ltr'><strong>inspirata</strong></span> <span class='ocrx_word' id='word_1_593' title='bbox 3010 2644 3312 2717; x_wconf 86' lang='lat' dir='ltr'><strong>Scriptura,</strong></span> <span class='ocrx_word' id='word_1_594' title='bbox 3380 2660 3602 2704; x_wconf 80' lang='lat' dir='ltr'><strong>sancto-</strong></span> 
     </span>
    </p>
   </div>
   <div class='ocr_carea' id='block_1_84' title="bbox 2034 2733 3602 2810">
    <p class='ocr_par' dir='ltr' id='par_1_84' title="bbox 2034 2733 3602 2810">
     <span class='ocr_line' id='line_1_84' title="bbox 2034 2733 3602 2810; baseline 0.005 -23"><span class='ocrx_word' id='word_1_595' title='bbox 2034 2750 2264 2804; x_wconf 86' lang='lat' dir='ltr'><strong>rumque</strong></span> <span class='ocrx_word' id='word_1_596' title='bbox 2292 2733 2514 2789; x_wconf 82' lang='lat' dir='ltr'><strong>Patrum</strong></span> <span class='ocrx_word' id='word_1_597' title='bbox 2560 2735 2877 2805; x_wconf 79' lang='lat' dir='ltr'><strong>prudentia,</strong></span> <span class='ocrx_word' id='word_1_598' title='bbox 2907 2744 2961 2790; x_wconf 91' lang='lat' dir='ltr'><strong>et</strong></span> <span class='ocrx_word' id='word_1_599' title='bbox 2982 2748 3114 2791; x_wconf 85' lang='lat' dir='ltr'><strong>ante</strong></span> <span class='ocrx_word' id='word_1_600' title='bbox 3144 2740 3328 2794; x_wconf 89' lang='lat' dir='ltr'><strong>omnia</strong></span> <span class='ocrx_word' id='word_1_601' title='bbox 3372 2738 3602 2810; x_wconf 80' lang='lat' dir='ltr'><strong>Symbo-</strong></span> 
     </span>
    </p>
   </div>
   <div class='ocr_carea' id='block_1_85' title="bbox 2034 2825 3601 2902">
    <p class='ocr_par' dir='ltr' id='par_1_85' title="bbox 2034 2825 3601 2902">
     <span class='ocr_line' id='line_1_85' title="bbox 2034 2825 3601 2902; baseline 0.004 -22"><span class='ocrx_word' id='word_1_602' title='bbox 2034 2826 2144 2880; x_wconf 86' lang='lat' dir='ltr'><strong>lum</strong></span> <span class='ocrx_word' id='word_1_603' title='bbox 2182 2825 2305 2881; x_wconf 84' lang='lat' dir='ltr'><strong>tidei</strong></span> <span class='ocrx_word' id='word_1_604' title='bbox 2341 2825 2409 2879; x_wconf 85' lang='lat' dir='ltr'><strong>ad</strong></span> <span class='ocrx_word' id='word_1_605' title='bbox 2466 2827 2652 2881; x_wconf 87' lang='lat' dir='ltr'><strong>omnia</strong></span> <span class='ocrx_word' id='word_1_606' title='bbox 2706 2837 2849 2880; x_wconf 87' lang='lat' dir='ltr'><strong>recta</strong></span> <span class='ocrx_word' id='word_1_607' title='bbox 2904 2826 3155 2898; x_wconf 72' lang='lat' dir='ltr'><strong>dogmata</strong></span> <span class='ocrx_word' id='word_1_608' title='bbox 3209 2838 3336 2898; x_wconf 87' lang='lat' dir='ltr'><strong>apte</strong></span> <span class='ocrx_word' id='word_1_609' title='bbox 3389 2833 3601 2902; x_wconf 89' lang='lat' dir='ltr'><strong>riteque</strong></span> 
     </span>
    </p>
   </div>
   <div class='ocr_carea' id='block_1_86' title="bbox 2030 2917 3599 2984">
    <p class='ocr_par' dir='ltr' id='par_1_86' title="bbox 2030 2917 3599 2984">
     <span class='ocr_line' id='line_1_86' title="bbox 2030 2917 3599 2984; baseline 0.005 -12"><span class='ocrx_word' id='word_1_610' title='bbox 2030 2917 2436 2973; x_wconf 86' lang='lat' dir='ltr'><strong>concinnatum.</strong></span> <span class='ocrx_word' id='word_1_611' title='bbox 2503 2919 2644 2984; x_wconf 85' lang='lat' dir='ltr'><strong>Quia</strong></span> <span class='ocrx_word' id='word_1_612' title='bbox 2708 2933 2840 2975; x_wconf 81' lang='lat' dir='ltr'><strong>vero</strong></span> <span class='ocrx_word' id='word_1_613' title='bbox 2899 2922 3233 2976; x_wconf 84' lang='lat' dir='ltr'><strong>sanctissimi</strong></span> <span class='ocrx_word' id='word_1_614' title='bbox 3292 2922 3599 2980; x_wconf 82' lang='lat' dir='ltr'><strong>Orientales</strong></span> 
     </span>
    </p>
   </div>
   <div class='ocr_carea' id='block_1_87' title="bbox 2030 3007 3596 3081">
    <p class='ocr_par' dir='ltr' id='par_1_87' title="bbox 2030 3007 3596 3081">
     <span class='ocr_line' id='line_1_87' title="bbox 2030 3007 3596 3081; baseline 0.004 -20"><span class='ocrx_word' id='word_1_615' title='bbox 2030 3007 2293 3078; x_wconf 82' lang='lat' dir='ltr'><strong>episcOpi,</strong></span> <span class='ocrx_word' id='word_1_616' title='bbox 2316 3024 2438 3064; x_wconf 87' lang='lat' dir='ltr'><strong>cum</strong></span> <span class='ocrx_word' id='word_1_617' title='bbox 2476 3008 2673 3079; x_wconf 80' lang='lat' dir='ltr'><strong>Ephesi</strong></span> <span class='ocrx_word' id='word_1_618' title='bbox 2703 3020 2909 3073; x_wconf 84' lang='lat' dir='ltr'><strong>essent,</strong></span> <span class='ocrx_word' id='word_1_619' title='bbox 2938 3026 2968 3065; x_wconf 89' lang='lat' dir='ltr'><strong>a</strong></span> <span class='ocrx_word' id='word_1_620' title='bbox 2996 3012 3153 3065; x_wconf 82' lang='lat' dir='ltr'><strong>nobis</strong></span> <span class='ocrx_word' id='word_1_621' title='bbox 3181 3012 3596 3081; x_wconf 82' lang='lat' dir='ltr'><strong>dissentiebant,</strong></span> 
     </span>
    </p>
   </div>
   <div class='ocr_carea' id='block_1_88' title="bbox 2030 3100 3597 3170">
    <p class='ocr_par' dir='ltr' id='par_1_88' title="bbox 2030 3100 3597 3170">
     <span class='ocr_line' id='line_1_88' title="bbox 2030 3100 3597 3170; baseline 0.004 -17"><span class='ocrx_word' id='word_1_622' title='bbox 2030 3114 2201 3169; x_wconf 82' lang='lat' dir='ltr'><strong>eaque</strong></span> <span class='ocrx_word' id='word_1_623' title='bbox 2228 3100 2296 3155; x_wconf 88' lang='lat' dir='ltr'><strong>de</strong></span> <span class='ocrx_word' id='word_1_624' title='bbox 2319 3114 2508 3163; x_wconf 87' lang='lat' dir='ltr'><strong>causa,</strong></span> <span class='ocrx_word' id='word_1_625' title='bbox 2557 3101 2717 3169; x_wconf 87' lang='lat' dir='ltr'><strong>quasi</strong></span> <span class='ocrx_word' id='word_1_626' title='bbox 2750 3101 3209 3170; x_wconf 74' lang='lat' dir='ltr'><strong>blasphemiarum</strong></span> <span class='ocrx_word' id='word_1_627' title='bbox 3235 3101 3469 3158; x_wconf 85' lang='lat' dir='ltr'><strong>Nestorii</strong></span> <span class='ocrx_word' id='word_1_628' title='bbox 3514 3107 3597 3160; x_wconf 83' lang='lat' dir='ltr'><strong>la-</strong></span> 
     </span>
    </p>
   </div>
   <div class='ocr_carea' id='block_1_89' title="bbox 2030 3191 3596 3261">
    <p class='ocr_par' dir='ltr' id='par_1_89' title="bbox 2030 3191 3596 3261">
     <span class='ocr_line' id='line_1_89' title="bbox 2030 3191 3596 3261; baseline 0.004 -17"><span class='ocrx_word' id='word_1_629' title='bbox 2030 3191 2187 3261; x_wconf 84' lang='lat' dir='ltr'><strong>queis</strong></span> <span class='ocrx_word' id='word_1_630' title='bbox 2216 3191 2457 3246; x_wconf 88' lang='lat' dir='ltr'><strong>irretitos</strong></span> <span class='ocrx_word' id='word_1_631' title='bbox 2488 3193 2684 3256; x_wconf 87' lang='lat' dir='ltr'><strong>teneri,</strong></span> <span class='ocrx_word' id='word_1_632' title='bbox 2715 3192 2959 3261; x_wconf 85' lang='lat' dir='ltr'><strong>suspicio</strong></span> <span class='ocrx_word' id='word_1_633' title='bbox 2987 3203 3129 3261; x_wconf 87' lang='lat' dir='ltr'><strong>erat,</strong></span> <span class='ocrx_word' id='word_1_634' title='bbox 3159 3203 3218 3248; x_wconf 93' lang='lat' dir='ltr'><strong>ut</strong></span> <span class='ocrx_word' id='word_1_635' title='bbox 3246 3210 3315 3249; x_wconf 92' lang='lat' dir='ltr'><strong>eo</strong></span> <span class='ocrx_word' id='word_1_636' title='bbox 3343 3196 3596 3261; x_wconf 84' lang='lat' dir='ltr'><strong>crimine,</strong></span> 
     </span>
    </p>
   </div>
   <div class='ocr_carea' id='block_1_90' title="bbox 2035 3282 3597 3352">
    <p class='ocr_par' dir='ltr' id='par_1_90' title="bbox 2035 3282 3597 3352">
     <span class='ocr_line' id='line_1_90' title="bbox 2035 3282 3597 3352; baseline 0.004 -18"><span class='ocrx_word' id='word_1_637' title='bbox 2035 3283 2108 3335; x_wconf 89' lang='lat' dir='ltr'><strong>uti</strong></span> <span class='ocrx_word' id='word_1_638' title='bbox 2133 3296 2228 3347; x_wconf 84' lang='lat' dir='ltr'><strong>par</strong></span> <span class='ocrx_word' id='word_1_639' title='bbox 2253 3291 2392 3345; x_wconf 88' lang='lat' dir='ltr'><strong>erat,</strong></span> <span class='ocrx_word' id='word_1_640' title='bbox 2419 3297 2580 3351; x_wconf 80' lang='lat' dir='ltr'><strong>quant</strong></span> <span class='ocrx_word' id='word_1_641' title='bbox 2614 3282 3042 3352; x_wconf 82' lang='lat' dir='ltr'><strong>prudentissime</strong></span> <span class='ocrx_word' id='word_1_642' title='bbox 3068 3300 3127 3339; x_wconf 89' lang='lat' dir='ltr'><strong>se</strong></span> <span class='ocrx_word' id='word_1_643' title='bbox 3152 3284 3469 3349; x_wconf 78' lang='lat' dir='ltr'><strong>liberarent,</strong></span> <span class='ocrx_word' id='word_1_644' title='bbox 3512 3288 3597 3341; x_wconf 81' lang='lat' dir='ltr'><strong>in-</strong></span> 
     </span>
    </p>
   </div>
   <div class='ocr_carea' id='block_1_91' title="bbox 2029 3374 3599 3445">
    <p class='ocr_par' dir='ltr' id='par_1_91' title="bbox 2029 3374 3599 3445">
     <span class='ocr_line' id='line_1_91' title="bbox 2029 3374 3599 3445; baseline 0.004 -16"><span class='ocrx_word' id='word_1_645' title='bbox 2029 3374 2377 3445; x_wconf 73' lang='lat' dir='ltr'><strong>culpataeque</strong></span> <span class='ocrx_word' id='word_1_646' title='bbox 2427 3374 2550 3429; x_wconf 88' lang='lat' dir='ltr'><strong>lidei</strong></span> <span class='ocrx_word' id='word_1_647' title='bbox 2584 3377 2926 3431; x_wconf 84' lang='lat' dir='ltr'><strong>amatoribus</strong></span> <span class='ocrx_word' id='word_1_648' title='bbox 2954 3390 3047 3445; x_wconf 85' lang='lat' dir='ltr'><strong>per</strong></span> <span class='ocrx_word' id='word_1_649' title='bbox 3074 3378 3258 3432; x_wconf 88' lang='lat' dir='ltr'><strong>omnia</strong></span> <span class='ocrx_word' id='word_1_650' title='bbox 3306 3379 3599 3435; x_wconf 79' lang='lat' dir='ltr'><strong>satisface-</strong></span> 
     </span>
    </p>
   </div>
   <div class='ocr_carea' id='block_1_92' title="bbox 2034 3464 3599 3540">
    <p class='ocr_par' dir='ltr' id='par_1_92' title="bbox 2034 3464 3599 3540">
     <span class='ocr_line' id='line_1_92' title="bbox 2034 3464 3599 3540; baseline 0.003 -19"><span class='ocrx_word' id='word_1_651' title='bbox 2034 3475 2181 3531; x_wconf 90' lang='lat' dir='ltr'><strong>rent,</strong></span> <span class='ocrx_word' id='word_1_652' title='bbox 2208 3480 2272 3520; x_wconf 88' lang='lat' dir='ltr'><strong>ac</strong></span> <span class='ocrx_word' id='word_1_653' title='bbox 2319 3464 2657 3522; x_wconf 67' lang='lat' dir='ltr'><strong>Nestorianze</strong></span> <span class='ocrx_word' id='word_1_654' title='bbox 2708 3466 3005 3535; x_wconf 85' lang='lat' dir='ltr'><strong>impietatis</strong></span> <span class='ocrx_word' id='word_1_655' title='bbox 3061 3483 3120 3523; x_wconf 89' lang='lat' dir='ltr'><strong>se</strong></span> <span class='ocrx_word' id='word_1_656' title='bbox 3168 3478 3419 3540; x_wconf 78' lang='lat' dir='ltr'><strong>expertes</strong></span> <span class='ocrx_word' id='word_1_657' title='bbox 3474 3487 3599 3528; x_wconf 85' lang='lat' dir='ltr'><strong>esse</strong></span> 
     </span>
    </p>
   </div>
   <div class='ocr_carea' id='block_1_93' title="bbox 2030 3557 3595 3633">
    <p class='ocr_par' dir='ltr' id='par_1_93' title="bbox 2030 3557 3595 3633">
     <span class='ocr_line' id='line_1_93' title="bbox 2030 3557 3595 3633; baseline 0.004 -21"><span class='ocrx_word' id='word_1_658' title='bbox 2030 3558 2402 3622; x_wconf 83' lang='lat' dir='ltr'><strong>ostenderent,</strong></span> <span class='ocrx_word' id='word_1_659' title='bbox 2442 3557 2741 3627; x_wconf 72' lang='lat' dir='ltr'><strong>apologiam</strong></span> <span class='ocrx_word' id='word_1_660' title='bbox 2806 3572 3256 3629; x_wconf 86' lang='lat' dir='ltr'><strong>composuerunt,</strong></span> <span class='ocrx_word' id='word_1_661' title='bbox 3283 3572 3337 3615; x_wconf 91' lang='lat' dir='ltr'><strong>et</strong></span> <span class='ocrx_word' id='word_1_662' title='bbox 3380 3562 3435 3617; x_wconf 90' lang='lat' dir='ltr'><strong>id</strong></span> <span class='ocrx_word' id='word_1_663' title='bbox 3471 3566 3595 3633; x_wconf 60' lang='lat' dir='ltr'><strong>qui-</strong></span> 
     </span>
    </p>
   </div>
   <div class='ocr_carea' id='block_1_94' title="bbox 2029 3650 3597 3720">
    <p class='ocr_par' dir='ltr' id='par_1_94' title="bbox 2029 3650 3597 3720">
     <span class='ocr_line' id='line_1_94' title="bbox 2029 3650 3597 3720; baseline 0.005 -16"><span class='ocrx_word' id='word_1_664' title='bbox 2029 3652 2151 3706; x_wconf 90' lang='lat' dir='ltr'><strong>dem</strong></span> <span class='ocrx_word' id='word_1_665' title='bbox 2202 3650 2493 3705; x_wconf 85' lang='lat' dir='ltr'><strong>admodum</strong></span> <span class='ocrx_word' id='word_1_666' title='bbox 2535 3651 2848 3719; x_wconf 83' lang='lat' dir='ltr'><strong>prudenter,</strong></span> <span class='ocrx_word' id='word_1_667' title='bbox 2903 3663 3113 3707; x_wconf 84' lang='lat' dir='ltr'><strong>tantum</strong></span> <span class='ocrx_word' id='word_1_668' title='bbox 3161 3657 3339 3720; x_wconf 88' lang='lat' dir='ltr'><strong>abest,</strong></span> <span class='ocrx_word' id='word_1_669' title='bbox 3382 3666 3441 3711; x_wconf 90' lang='lat' dir='ltr'><strong>ut</strong></span> <span class='ocrx_word' id='word_1_670' title='bbox 3494 3660 3597 3713; x_wconf 75' lang='lat' dir='ltr'><strong>hoe</strong></span> 
     </span>
    </p>
   </div>
   <div class='ocr_carea' id='block_1_95' title="bbox 2033 3742 3595 3820">
    <p class='ocr_par' dir='ltr' id='par_1_95' title="bbox 2033 3742 3595 3820">
     <span class='ocr_line' id='line_1_95' title="bbox 2033 3742 3595 3820; baseline 0.006 -22"><span class='ocrx_word' id='word_1_671' title='bbox 2033 3743 2258 3798; x_wconf 86' lang='lat' dir='ltr'><strong>istorum</strong></span> <span class='ocrx_word' id='word_1_672' title='bbox 2292 3742 2495 3798; x_wconf 79' lang='lat' dir='ltr'><strong>factum</strong></span> <span class='ocrx_word' id='word_1_673' title='bbox 2534 3743 2717 3814; x_wconf 85' lang='lat' dir='ltr'><strong>aliqua</strong></span> <span class='ocrx_word' id='word_1_674' title='bbox 2743 3747 2968 3801; x_wconf 87' lang='lat' dir='ltr'><strong>omnino</strong></span> <span class='ocrx_word' id='word_1_675' title='bbox 2997 3756 3122 3801; x_wconf 87' lang='lat' dir='ltr'><strong>nota</strong></span> <span class='ocrx_word' id='word_1_676' title='bbox 3156 3758 3250 3805; x_wconf 91' lang='lat' dir='ltr'><strong>aut</strong></span> <span class='ocrx_word' id='word_1_677' title='bbox 3300 3753 3595 3820; x_wconf 80' lang='lat' dir='ltr'><strong>reprehen-</strong></span> 
     </span>
    </p>
   </div>
   <div class='ocr_carea' id='block_1_96' title="bbox 2030 3836 3611 3909">
    <p class='ocr_par' dir='ltr' id='par_1_96' title="bbox 2030 3836 3611 3909">
     <span class='ocr_line' id='line_1_96' title="bbox 2030 3836 3611 3909; baseline 0.006 -18"><span class='ocrx_word' id='word_1_678' title='bbox 2030 3837 2187 3891; x_wconf 91' lang='lat' dir='ltr'><strong>sione</strong></span> <span class='ocrx_word' id='word_1_679' title='bbox 2216 3836 2440 3905; x_wconf 78' lang='lat' dir='ltr'><strong>dignum</strong></span> <span class='ocrx_word' id='word_1_680' title='bbox 2467 3836 2738 3892; x_wconf 74' lang='lat' dir='ltr'><strong>videatur.</strong></span> <span class='ocrx_word' id='word_1_681' title='bbox 2758 3836 2899 3903; x_wconf 84' lang='lat' dir='ltr'><strong>Quid</strong></span> <span class='ocrx_word' id='word_1_682' title='bbox 2925 3838 3069 3892; x_wconf 91' lang='lat' dir='ltr'><strong>enim</strong></span> <span class='ocrx_word' id='word_1_683' title='bbox 3096 3840 3143 3895; x_wconf 88' lang='lat' dir='ltr'><strong>si</strong></span> <span class='ocrx_word' id='word_1_684' title='bbox 3175 3839 3292 3909; x_wconf 89' lang='lat' dir='ltr'><strong>ipse</strong></span> <span class='ocrx_word' id='word_1_685' title='bbox 3315 3838 3611 3901; x_wconf 68' lang='lat' dir='ltr'><strong>Nestorius,</strong></span> 
     </span>
    </p>
   </div>
   <div class='ocr_carea' id='block_1_97' title="bbox 2030 3927 3596 4003">
    <p class='ocr_par' dir='ltr' id='par_1_97' title="bbox 2030 3927 3596 4003">
     <span class='ocr_line' id='line_1_97' title="bbox 2030 3927 3596 4003; baseline 0.006 -23"><span class='ocrx_word' id='word_1_686' title='bbox 2030 3940 2097 3980; x_wconf 88' lang='lat' dir='ltr'><strong>eo</strong></span> <span class='ocrx_word' id='word_1_687' title='bbox 2128 3936 2389 3994; x_wconf 80' lang='lat' dir='ltr'><strong>tempore,</strong></span> <span class='ocrx_word' id='word_1_688' title='bbox 2422 3941 2531 3995; x_wconf 87' lang='lat' dir='ltr'><strong>quo</strong></span> <span class='ocrx_word' id='word_1_689' title='bbox 2559 3940 2587 3979; x_wconf 90' lang='lat' dir='ltr'><strong>a</strong></span> <span class='ocrx_word' id='word_1_690' title='bbox 2619 3928 2777 3981; x_wconf 89' lang='lat' dir='ltr'><strong>nobis</strong></span> <span class='ocrx_word' id='word_1_691' title='bbox 2819 3927 3077 3983; x_wconf 89' lang='lat' dir='ltr'><strong>onmibus</strong></span> <span class='ocrx_word' id='word_1_692' title='bbox 3129 3930 3204 3985; x_wconf 90' lang='lat' dir='ltr'><strong>illi</strong></span> <span class='ocrx_word' id='word_1_693' title='bbox 3254 3936 3596 4003; x_wconf 86' lang='lat' dir='ltr'><strong>proponeba-</strong></span> 
     </span>
    </p>
   </div>
   <div class='ocr_carea' id='block_1_98' title="bbox 2031 4014 3593 4086">
    <p class='ocr_par' dir='ltr' id='par_1_98' title="bbox 2031 4014 3593 4086">
     <span class='ocr_line' id='line_1_98' title="bbox 2031 4014 3593 4086; baseline 0.008 -18"><span class='ocrx_word' id='word_1_694' title='bbox 2031 4024 2138 4079; x_wconf 89' lang='lat' dir='ltr'><strong>tur,</strong></span> <span class='ocrx_word' id='word_1_695' title='bbox 2168 4022 2227 4067; x_wconf 92' lang='lat' dir='ltr'><strong>ut</strong></span> <span class='ocrx_word' id='word_1_696' title='bbox 2255 4029 2355 4069; x_wconf 89' lang='lat' dir='ltr'><strong>sua</strong></span> <span class='ocrx_word' id='word_1_697' title='bbox 2387 4014 2502 4084; x_wconf 90' lang='lat' dir='ltr'><strong>ipse</strong></span> <span class='ocrx_word' id='word_1_698' title='bbox 2572 4016 2821 4086; x_wconf 79' lang='lat' dir='ltr'><strong>dogmata</strong></span> <span class='ocrx_word' id='word_1_699' title='bbox 2852 4019 3239 4076; x_wconf 85' lang='lat' dir='ltr'><strong>condemnaret</strong></span> <span class='ocrx_word' id='word_1_700' title='bbox 3281 4026 3593 4079; x_wconf 83' lang='lat' dir='ltr'><strong>veritatem-</strong></span> 
     </span>
    </p>
   </div>
   <div class='ocr_carea' id='block_1_99' title="bbox 2030 4103 3593 4175">
    <p class='ocr_par' dir='ltr' id='par_1_99' title="bbox 2030 4103 3593 4175">
     <span class='ocr_line' id='line_1_99' title="bbox 2030 4103 3593 4175; baseline 0.008 -18"><span class='ocrx_word' id='word_1_701' title='bbox 2030 4117 2135 4172; x_wconf 88' lang='lat' dir='ltr'><strong>que</strong></span> <span class='ocrx_word' id='word_1_702' title='bbox 2161 4103 2604 4170; x_wconf 87' lang='lat' dir='ltr'><strong>amplecteretur,</strong></span> <span class='ocrx_word' id='word_1_703' title='bbox 2627 4106 2886 4175; x_wconf 86' lang='lat' dir='ltr'><strong>scriptam</strong></span> <span class='ocrx_word' id='word_1_704' title='bbox 2916 4108 2985 4163; x_wconf 89' lang='lat' dir='ltr'><strong>iis</strong></span> <span class='ocrx_word' id='word_1_705' title='bbox 3010 4108 3077 4162; x_wconf 90' lang='lat' dir='ltr'><strong>de</strong></span> <span class='ocrx_word' id='word_1_706' title='bbox 3099 4110 3263 4165; x_wconf 86' lang='lat' dir='ltr'><strong>rebus</strong></span> <span class='ocrx_word' id='word_1_707' title='bbox 3292 4113 3593 4169; x_wconf 79' lang='lat' dir='ltr'><strong>confessio-</strong></span> 
     </span>
    </p>
   </div>
   <div class='ocr_carea' id='block_1_100' title="bbox 2028 4194 3587 4267">
    <p class='ocr_par' dir='ltr' id='par_1_100' title="bbox 2028 4194 3587 4267">
     <span class='ocr_line' id='line_1_100' title="bbox 2028 4194 3587 4267; baseline 0.007 -21"><span class='ocrx_word' id='word_1_708' title='bbox 2028 4208 2151 4247; x_wconf 89' lang='lat' dir='ltr'><strong>nem</strong></span> <span class='ocrx_word' id='word_1_709' title='bbox 2196 4194 2558 4261; x_wconf 85' lang='lat' dir='ltr'><strong>exbibuisset,</strong></span> <span class='ocrx_word' id='word_1_710' title='bbox 2616 4196 2887 4266; x_wconf 84' lang='lat' dir='ltr'><strong>quispiam</strong></span> <span class='ocrx_word' id='word_1_711' title='bbox 2942 4200 3186 4254; x_wconf 89' lang='lat' dir='ltr'><strong>dicturus</strong></span> <span class='ocrx_word' id='word_1_712' title='bbox 3249 4214 3386 4267; x_wconf 87' lang='lat' dir='ltr'><strong>erat,</strong></span> <span class='ocrx_word' id='word_1_713' title='bbox 3439 4204 3587 4258; x_wconf 87' lang='lat' dir='ltr'><strong>illum</strong></span> 
     </span>
    </p>
   </div>
   <div class='ocr_carea' id='block_1_101' title="bbox 2032 4284 3591 4359">
    <p class='ocr_par' dir='ltr' id='par_1_101' title="bbox 2032 4284 3591 4359">
     <span class='ocr_line' id='line_1_101' title="bbox 2032 4284 3591 4359; baseline 0.008 -23"><span class='ocrx_word' id='word_1_714' title='bbox 2032 4298 2229 4337; x_wconf 83' lang='lat' dir='ltr'><strong>novum</strong></span> <span class='ocrx_word' id='word_1_715' title='bbox 2264 4284 2387 4339; x_wconf 86' lang='lat' dir='ltr'><strong>lidei</strong></span> <span class='ocrx_word' id='word_1_716' title='bbox 2411 4286 2727 4356; x_wconf 83' lang='lat' dir='ltr'><strong>Symbolum</strong></span> <span class='ocrx_word' id='word_1_717' title='bbox 2762 4290 3195 4358; x_wconf 84' lang='lat' dir='ltr'><strong>conscripsisse?</strong></span> <span class='ocrx_word' id='word_1_718' title='bbox 3230 4293 3373 4359; x_wconf 84' lang='lat' dir='ltr'><strong>Quid</strong></span> <span class='ocrx_word' id='word_1_719' title='bbox 3422 4295 3591 4359; x_wconf 70' lang='lat' dir='ltr'><strong>igitur</strong></span> 
     </span>
    </p>
   </div>
   <div class='ocr_carea' id='block_1_102' title="bbox 2032 4378 3588 4440">
    <p class='ocr_par' dir='ltr' id='par_1_102' title="bbox 2032 4378 3588 4440">
     <span class='ocr_line' id='line_1_102' title="bbox 2032 4378 3588 4440; baseline 0.008 -12"><span class='ocrx_word' id='word_1_720' title='bbox 2032 4385 2234 4429; x_wconf 86' lang='lat' dir='ltr'><strong>temere</strong></span> <span class='ocrx_word' id='word_1_721' title='bbox 2253 4378 2517 4432; x_wconf 82' lang='lat' dir='ltr'><strong>conviciis</strong></span> <span class='ocrx_word' id='word_1_722' title='bbox 2544 4378 2878 4433; x_wconf 86' lang='lat' dir='ltr'><strong>insectantur</strong></span> <span class='ocrx_word' id='word_1_723' title='bbox 2895 4382 3274 4437; x_wconf 82' lang='lat' dir='ltr'><strong>sanctissimos</strong></span> <span class='ocrx_word' id='word_1_724' title='bbox 3293 4382 3588 4440; x_wconf 59' lang='lat' dir='ltr'><strong>Pbmniciu&#39;.</strong></span> 
     </span>
    </p>
   </div>
   <div class='ocr_carea' id='block_1_103' title="bbox 2030 4468 3588 4548">
    <p class='ocr_par' dir='ltr' id='par_1_103' title="bbox 2030 4468 3588 4548">
     <span class='ocr_line' id='line_1_103' title="bbox 2030 4468 3588 4548; baseline 0.008 -27"><span class='ocrx_word' id='word_1_725' title='bbox 2030 4468 2335 4537; x_wconf 86' lang='lat' dir='ltr'><strong>episcopos,</strong></span> <span class='ocrx_word' id='word_1_726' title='bbox 2392 4484 2581 4522; x_wconf 86' lang='lat' dir='ltr'><strong>eorum</strong></span> <span class='ocrx_word' id='word_1_727' title='bbox 2641 4485 2966 4526; x_wconf 87' lang='lat' dir='ltr'><strong>consensum</strong></span> <span class='ocrx_word' id='word_1_728' title='bbox 3019 4488 3218 4528; x_wconf 86' lang='lat' dir='ltr'><strong>novum</strong></span> <span class='ocrx_word' id='word_1_729' title='bbox 3271 4476 3588 4548; x_wconf 83' lang='lat' dir='ltr'><strong>Symbolum</strong></span> 
     </span>
    </p>
   </div>
   <div class='ocr_carea' id='block_1_104' title="bbox 2030 4560 3594 4628">
    <p class='ocr_par' dir='ltr' id='par_1_104' title="bbox 2030 4560 3594 4628">
     <span class='ocr_line' id='line_1_104' title="bbox 2030 4560 3594 4628; baseline 0.012 -18"><span class='ocrx_word' id='word_1_730' title='bbox 2030 4560 2383 4628; x_wconf 85' lang='lat' dir='ltr'><strong>appellantes.</strong></span> <span class='ocrx_word' id='word_1_731' title='bbox 2427 4576 2585 4627; x_wconf 89' lang='lat' dir='ltr'><strong>quem</strong></span> <span class='ocrx_word' id='word_1_732' title='bbox 2633 4561 2709 4615; x_wconf 85' lang='lat' dir='ltr'><strong>illi</strong></span> <span class='ocrx_word' id='word_1_733' title='bbox 2743 4563 2947 4618; x_wconf 88' lang='lat' dir='ltr'><strong>utiliter</strong></span> <span class='ocrx_word' id='word_1_734' title='bbox 2972 4574 3025 4619; x_wconf 87' lang='lat' dir='ltr'><strong>et</strong></span> <span class='ocrx_word' id='word_1_735' title='bbox 3053 4570 3366 4622; x_wconf 87' lang='lat' dir='ltr'><strong>necessario</strong></span> <span class='ocrx_word' id='word_1_736' title='bbox 3409 4574 3594 4628; x_wconf 88' lang='lat' dir='ltr'><strong>edide-</strong></span> 
     </span>
    </p>
   </div>
   <div class='ocr_carea' id='block_1_105' title="bbox 2031 4646 3592 4728">
    <p class='ocr_par' dir='ltr' id='par_1_105' title="bbox 2031 4646 3592 4728">
     <span class='ocr_line' id='line_1_105' title="bbox 2031 4646 3592 4728; baseline 0.011 -30"><span class='ocrx_word' id='word_1_737' title='bbox 2031 4655 2178 4711; x_wconf 92' lang='lat' dir='ltr'><strong>runt,</strong></span> <span class='ocrx_word' id='word_1_738' title='bbox 2200 4657 2253 4700; x_wconf 90' lang='lat' dir='ltr'><strong>ut</strong></span> <span class='ocrx_word' id='word_1_739' title='bbox 2278 4646 2533 4701; x_wconf 91' lang='lat' dir='ltr'><strong>nimirum</strong></span> <span class='ocrx_word' id='word_1_740' title='bbox 2559 4665 2617 4703; x_wconf 87' lang='lat' dir='ltr'><strong>se</strong></span> <span class='ocrx_word' id='word_1_741' title='bbox 2636 4663 2952 4720; x_wconf 78' lang='lat' dir='ltr'><strong>purgarent,</strong></span> <span class='ocrx_word' id='word_1_742' title='bbox 2974 4670 3175 4724; x_wconf 85' lang='lat' dir='ltr'><strong>eosque</strong></span> <span class='ocrx_word' id='word_1_743' title='bbox 3197 4658 3592 4728; x_wconf 89' lang='lat' dir='ltr'><strong>demulcercnt,</strong></span> 
     </span>
    </p>
   </div>
   <div class='ocr_carea' id='block_1_106' title="bbox 2032 4734 3594 4820">
    <p class='ocr_par' dir='ltr' id='par_1_106' title="bbox 2032 4734 3594 4820">
     <span class='ocr_line' id='line_1_106' title="bbox 2032 4734 3594 4820; baseline 0.013 -31"><span class='ocrx_word' id='word_1_744' title='bbox 2032 4734 2125 4804; x_wconf 88' lang='lat' dir='ltr'><strong>qui</strong></span> <span class='ocrx_word' id='word_1_745' title='bbox 2150 4738 2297 4805; x_wconf 89' lang='lat' dir='ltr'><strong>ipsos</strong></span> <span class='ocrx_word' id='word_1_746' title='bbox 2334 4738 2711 4795; x_wconf 84' lang='lat' dir='ltr'><strong>Nestorianam</strong></span> <span class='ocrx_word' id='word_1_747' title='bbox 2744 4758 2935 4798; x_wconf 74' lang='lat' dir='ltr'><strong>vocum</strong></span> <span class='ocrx_word' id='word_1_748' title='bbox 2961 4748 3254 4802; x_wconf 87' lang='lat' dir='ltr'><strong>novitatem</strong></span> <span class='ocrx_word' id='word_1_749' title='bbox 3286 4754 3594 4820; x_wconf 81' lang='lat' dir='ltr'><strong>approbare</strong></span> 
     </span>
    </p>
   </div>
   <div class='ocr_carea' id='block_1_107' title="bbox 2031 4828 3595 4915">
    <p class='ocr_par' dir='ltr' id='par_1_107' title="bbox 2031 4828 3595 4915">
     <span class='ocr_line' id='line_1_107' title="bbox 2031 4828 3595 4915; baseline 0.01 -33"><span class='ocrx_word' id='word_1_750' title='bbox 2031 4828 2133 4882; x_wconf 83' lang='lat' dir='ltr'><strong>sibi</strong></span> <span class='ocrx_word' id='word_1_751' title='bbox 2171 4845 2493 4899; x_wconf 79' lang='lat' dir='ltr'><strong>persuasum</strong></span> <span class='ocrx_word' id='word_1_752' title='bbox 2526 4832 2831 4889; x_wconf 81' lang='lat' dir='ltr'><strong>habebant?</strong></span> <span class='ocrx_word' id='word_1_753' title='bbox 2882 4837 3080 4893; x_wconf 83' lang='lat' dir='ltr'><strong>Sancta</strong></span> <span class='ocrx_word' id='word_1_754' title='bbox 3119 4841 3327 4915; x_wconf 79' lang='lat' dir='ltr'><strong>quippe</strong></span> <span class='ocrx_word' id='word_1_755' title='bbox 3352 4854 3406 4898; x_wconf 90' lang='lat' dir='ltr'><strong>et</strong></span> <span class='ocrx_word' id='word_1_756' title='bbox 3440 4862 3595 4900; x_wconf 54' lang='lat' dir='ltr'><strong>oecuo</strong></span> 
     </span>
    </p>
   </div>
   <div class='ocr_carea' id='block_1_108' title="bbox 2030 4917 3591 4995">
    <p class='ocr_par' dir='ltr' id='par_1_108' title="bbox 2030 4917 3591 4995">
     <span class='ocr_line' id='line_1_108' title="bbox 2030 4917 3591 4995; baseline 0.011 -24"><span class='ocrx_word' id='word_1_757' title='bbox 2030 4917 2241 4971; x_wconf 86' lang='lat' dir='ltr'><strong>tncnica</strong></span> <span class='ocrx_word' id='word_1_758' title='bbox 2272 4923 2536 4989; x_wconf 84' lang='lat' dir='ltr'><strong>synodus,</strong></span> <span class='ocrx_word' id='word_1_759' title='bbox 2578 4938 2700 4991; x_wconf 66' lang='lat' dir='ltr'><strong>quae</strong></span> <span class='ocrx_word' id='word_1_760' title='bbox 2723 4923 2924 4994; x_wconf 86' lang='lat' dir='ltr'><strong>prcsi</strong></span> <span class='ocrx_word' id='word_1_761' title='bbox 2949 4943 3305 4995; x_wconf 84' lang='lat' dir='ltr'><strong>convenerat,</strong></span> <span class='ocrx_word' id='word_1_762' title='bbox 3333 4948 3591 4989; x_wconf 86' lang='lat' dir='ltr'><strong>necessa-</strong></span> 
     </span>
    </p>
   </div>
   <div class='ocr_carea' id='block_1_109' title="bbox 2031 5010 3587 5090">
    <p class='ocr_par' dir='ltr' id='par_1_109' title="bbox 2031 5010 3587 5090">
     <span class='ocr_line' id='line_1_109' title="bbox 2031 5010 3587 5090; baseline 0.009 -28"><span class='ocrx_word' id='word_1_763' title='bbox 2031 5010 2114 5063; x_wconf 83' lang='lat' dir='ltr'><strong>rio</strong></span> <span class='ocrx_word' id='word_1_764' title='bbox 2142 5010 2397 5079; x_wconf 73' lang='lat' dir='ltr'><strong>providit,</strong></span> <span class='ocrx_word' id='word_1_765' title='bbox 2431 5026 2537 5066; x_wconf 91' lang='lat' dir='ltr'><strong>non</strong></span> <span class='ocrx_word' id='word_1_766' title='bbox 2566 5022 2819 5083; x_wconf 87' lang='lat' dir='ltr'><strong>oportere</strong></span> <span class='ocrx_word' id='word_1_767' title='bbox 2849 5017 3007 5074; x_wconf 90' lang='lat' dir='ltr'><strong>aliam</strong></span> <span class='ocrx_word' id='word_1_768' title='bbox 3040 5020 3163 5076; x_wconf 76' lang='lat' dir='ltr'><strong>fidei</strong></span> <span class='ocrx_word' id='word_1_769' title='bbox 3194 5023 3587 5090; x_wconf 80' lang='lat' dir='ltr'><strong>expositionem</strong></span> 
     </span>
    </p>
   </div>
   <div class='ocr_carea' id='block_1_110' title="bbox 2031 5100 3587 5183">
    <p class='ocr_par' dir='ltr' id='par_1_110' title="bbox 2031 5100 3587 5183">
     <span class='ocr_line' id='line_1_110' title="bbox 2031 5100 3587 5183; baseline 0.008 -29"><span class='ocrx_word' id='word_1_770' title='bbox 2031 5100 2085 5155; x_wconf 90' lang='lat' dir='ltr'><strong>in</strong></span> <span class='ocrx_word' id='word_1_771' title='bbox 2136 5100 2411 5158; x_wconf 87' lang='lat' dir='ltr'><strong>Ecclesias</strong></span> <span class='ocrx_word' id='word_1_772' title='bbox 2454 5102 2551 5159; x_wconf 84' lang='lat' dir='ltr'><strong>Dei</strong></span> <span class='ocrx_word' id='word_1_773' title='bbox 2601 5104 2841 5172; x_wconf 75' lang='lat' dir='ltr'><strong>inferre,</strong></span> <span class='ocrx_word' id='word_1_774' title='bbox 2894 5123 3086 5179; x_wconf 82' lang='lat' dir='ltr'><strong>praeter</strong></span> <span class='ocrx_word' id='word_1_775' title='bbox 3125 5129 3265 5180; x_wconf 83' lang='lat' dir='ltr'><strong>eam,</strong></span> <span class='ocrx_word' id='word_1_776' title='bbox 3312 5130 3432 5182; x_wconf 63' lang='lat' dir='ltr'><strong>quae</strong></span> <span class='ocrx_word' id='word_1_777' title='bbox 3474 5115 3587 5183; x_wconf 86' lang='lat' dir='ltr'><strong>jam</strong></span> 
     </span>
    </p>
   </div>
   <div class='ocr_carea' id='block_1_111' title="bbox 2030 5194 3591 5265">
    <p class='ocr_par' dir='ltr' id='par_1_111' title="bbox 2030 5194 3591 5265">
     <span class='ocr_line' id='line_1_111' title="bbox 2030 5194 3591 5265; baseline 0.008 -18"><span class='ocrx_word' id='word_1_778' title='bbox 2030 5194 2317 5260; x_wconf 85' lang='lat' dir='ltr'><strong>exstabat,</strong></span> <span class='ocrx_word' id='word_1_779' title='bbox 2360 5212 2524 5265; x_wconf 88' lang='lat' dir='ltr'><strong>quam</strong></span> <span class='ocrx_word' id='word_1_780' title='bbox 2577 5197 2878 5255; x_wconf 83' lang='lat' dir='ltr'><strong>beatissimi</strong></span> <span class='ocrx_word' id='word_1_781' title='bbox 2928 5202 3117 5260; x_wconf 85' lang='lat' dir='ltr'><strong>Patres</strong></span> <span class='ocrx_word' id='word_1_782' title='bbox 3169 5208 3340 5260; x_wconf 89' lang='lat' dir='ltr'><strong>nostri</strong></span> <span class='ocrx_word' id='word_1_783' title='bbox 3396 5217 3591 5262; x_wconf 79' lang='lat' dir='ltr'><strong>sancto</strong></span> 
     </span>
    </p>
   </div>
   <div class='ocr_carea' id='block_1_112' title="bbox 2033 5286 3588 5366">
    <p class='ocr_par' dir='ltr' id='par_1_112' title="bbox 2033 5286 3588 5366">
     <span class='ocr_line' id='line_1_112' title="bbox 2033 5286 3588 5366; baseline 0.011 -27"><span class='ocrx_word' id='word_1_784' title='bbox 2033 5286 2238 5356; x_wconf 82' lang='lat' dir='ltr'><strong>Spiritu</strong></span> <span class='ocrx_word' id='word_1_785' title='bbox 2263 5288 2429 5344; x_wconf 86' lang='lat' dir='ltr'><strong>locuti</strong></span> <span class='ocrx_word' id='word_1_786' title='bbox 2462 5288 2842 5350; x_wconf 78' lang='lat' dir='ltr'><strong>deﬁniverant.</strong></span> <span class='ocrx_word' id='word_1_787' title='bbox 2871 5297 2949 5352; x_wconf 87' lang='lat' dir='ltr'><strong>Illi</strong></span> <span class='ocrx_word' id='word_1_788' title='bbox 2980 5309 3160 5354; x_wconf 87' lang='lat' dir='ltr'><strong>tamen</strong></span> <span class='ocrx_word' id='word_1_789' title='bbox 3186 5300 3255 5352; x_wconf 88' lang='lat' dir='ltr'><strong>ab</strong></span> <span class='ocrx_word' id='word_1_790' title='bbox 3276 5299 3379 5355; x_wconf 87' lang='lat' dir='ltr'><strong>bac</strong></span> <span class='ocrx_word' id='word_1_791' title='bbox 3399 5304 3588 5366; x_wconf 67' lang='lat' dir='ltr'><strong>sctnvl,</strong></span> 
     </span>
    </p>
   </div>
   <div class='ocr_carea' id='block_1_113' title="bbox 2030 5379 3592 5461">
    <p class='ocr_par' dir='ltr' id='par_1_113' title="bbox 2030 5379 3592 5461">
     <span class='ocr_line' id='line_1_113' title="bbox 2030 5379 3592 5461; baseline 0.011 -30"><span class='ocrx_word' id='word_1_792' title='bbox 2030 5379 2216 5433; x_wconf 90' lang='lat' dir='ltr'><strong>nescio</strong></span> <span class='ocrx_word' id='word_1_793' title='bbox 2267 5381 2564 5449; x_wconf 85' lang='lat' dir='ltr'><strong>quomodo,</strong></span> <span class='ocrx_word' id='word_1_794' title='bbox 2621 5381 2914 5441; x_wconf 83' lang='lat' dir='ltr'><strong>dissentire</strong></span> <span class='ocrx_word' id='word_1_795' title='bbox 2963 5388 3085 5449; x_wconf 63' lang='lat' dir='ltr'><strong>Viai,</strong></span> <span class='ocrx_word' id='word_1_796' title='bbox 3133 5400 3187 5443; x_wconf 90' lang='lat' dir='ltr'><strong>et</strong></span> <span class='ocrx_word' id='word_1_797' title='bbox 3235 5390 3379 5458; x_wconf 91' lang='lat' dir='ltr'><strong>quod</strong></span> <span class='ocrx_word' id='word_1_798' title='bbox 3414 5406 3592 5461; x_wconf 83' lang='lat' dir='ltr'><strong>neque</strong></span> 
     </span>
    </p>
   </div>
   <div class='ocr_carea' id='block_1_114' title="bbox 2031 5472 3590 5556">
    <p class='ocr_par' dir='ltr' id='par_1_114' title="bbox 2031 5472 3590 5556">
     <span class='ocr_line' id='line_1_114' title="bbox 2031 5472 3590 5556; baseline 0.012 -32"><span class='ocrx_word' id='word_1_799' title='bbox 2031 5479 2181 5525; x_wconf 89' lang='lat' dir='ltr'><strong>recte</strong></span> <span class='ocrx_word' id='word_1_800' title='bbox 2211 5472 2497 5539; x_wconf 88' lang='lat' dir='ltr'><strong>sentirent,</strong></span> <span class='ocrx_word' id='word_1_801' title='bbox 2559 5490 2732 5545; x_wconf 78' lang='lat' dir='ltr'><strong>neque</strong></span> <span class='ocrx_word' id='word_1_802' title='bbox 2782 5478 3091 5546; x_wconf 83' lang='lat' dir='ltr'><strong>apostolicis</strong></span> <span class='ocrx_word' id='word_1_803' title='bbox 3152 5490 3207 5541; x_wconf 85' lang='lat' dir='ltr'><strong>et</strong></span> <span class='ocrx_word' id='word_1_804' title='bbox 3258 5485 3590 5556; x_wconf 72' lang='lat' dir='ltr'><strong>evangelicis</strong></span> 
     </span>
    </p>
   </div>
   <div class='ocr_carea' id='block_1_115' title="bbox 2033 5561 3583 5643">
    <p class='ocr_par' dir='ltr' id='par_1_115' title="bbox 2033 5561 3583 5643">
     <span class='ocr_line' id='line_1_115' title="bbox 2033 5561 3583 5643; baseline 0.011 -27"><span class='ocrx_word' id='word_1_805' title='bbox 2033 5561 2381 5632; x_wconf 82' lang='lat' dir='ltr'><strong>dogmatibus</strong></span> <span class='ocrx_word' id='word_1_806' title='bbox 2437 5566 2796 5633; x_wconf 79' lang='lat' dir='ltr'><strong>adluerereut,</strong></span> <span class='ocrx_word' id='word_1_807' title='bbox 2838 5570 2889 5622; x_wconf 89' lang='lat' dir='ltr'><strong>in</strong></span> <span class='ocrx_word' id='word_1_808' title='bbox 2931 5572 3302 5639; x_wconf 79' lang='lat' dir='ltr'><strong>suspicionem</strong></span> <span class='ocrx_word' id='word_1_809' title='bbox 3336 5577 3583 5643; x_wconf 88' lang='lat' dir='ltr'><strong>adducti,</strong></span> 
     </span>
    </p>
   </div>
   <div class='ocr_carea' id='block_1_116' title="bbox 2031 5656 3589 5733">
    <p class='ocr_par' dir='ltr' id='par_1_116' title="bbox 2031 5656 3589 5733">
     <span class='ocr_line' id='line_1_116' title="bbox 2031 5656 3589 5733; baseline 0.01 -25"><span class='ocrx_word' id='word_1_810' title='bbox 2031 5656 2292 5725; x_wconf 86' lang='lat' dir='ltr'><strong>numquid</strong></span> <span class='ocrx_word' id='word_1_811' title='bbox 2342 5658 2716 5713; x_wconf 69' lang='lat' dir='ltr'><strong>tariturnitate</strong></span> <span class='ocrx_word' id='word_1_812' title='bbox 2767 5660 2832 5713; x_wconf 86' lang='lat' dir='ltr'><strong>ab</strong></span> <span class='ocrx_word' id='word_1_813' title='bbox 2880 5662 2979 5716; x_wconf 85' lang='lat' dir='ltr'><strong>hac</strong></span> <span class='ocrx_word' id='word_1_814' title='bbox 3050 5663 3411 5733; x_wconf 81' lang='lat' dir='ltr'><strong>ignominiosa</strong></span> <span class='ocrx_word' id='word_1_815' title='bbox 3460 5682 3589 5725; x_wconf 88' lang='lat' dir='ltr'><strong>nota</strong></span> 
     </span>
    </p>
   </div>
   <div class='ocr_carea' id='block_1_117' title="bbox 2028 5748 3587 5821">
    <p class='ocr_par' dir='ltr' id='par_1_117' title="bbox 2028 5748 3587 5821">
     <span class='ocr_line' id='line_1_117' title="bbox 2028 5748 3587 5821; baseline -0.001 -18"><span class='ocrx_word' id='word_1_816' title='bbox 2028 5763 2087 5803; x_wconf 80' lang='lat' dir='ltr'><strong>se</strong></span> <span class='ocrx_word' id='word_1_817' title='bbox 2118 5748 2461 5813; x_wconf 70' lang='lat' dir='ltr'><strong>l.bcr.ts:cnt,</strong></span> <span class='ocrx_word' id='word_1_818' title='bbox 2495 5765 2561 5802; x_wconf 79' lang='lat' dir='ltr'><strong>an</strong></span> <span class='ocrx_word' id='word_1_819' title='bbox 2603 5750 2759 5820; x_wconf 75' lang='lat' dir='ltr'><strong>plena</strong></span> <span class='ocrx_word' id='word_1_820' title='bbox 2814 5752 2997 5821; x_wconf 82' lang='lat' dir='ltr'><strong>potius</strong></span> <span class='ocrx_word' id='word_1_821' title='bbox 3034 5760 3405 5817; x_wconf 68' lang='lat' dir='ltr'><strong>satisfactione</strong></span> <span class='ocrx_word' id='word_1_822' title='bbox 3448 5778 3587 5817; x_wconf 58' lang='grc' dir='ltr'><strong>ειυς.</strong></span> 
     </span>
    </p>
   </div>
  </div>
