3982 6208
417 346 523 410 243

1332 357 1712 419 GREGORII
1761 359 2059 421 ΜΛΜΜᾸΞ
2102 365 2210 427 CP.
2252 363 2758 427 PATltIAllCllﬁE

3561 364 3667 429 214

422 478 486 516 ex
514 461 695 519 Patre.
724 460 878 531 quod
905 466 1043 521 idem
1076 467 1180 522 erit
1212 483 1276 523 ac
1308 470 1514 537 dicere,
1548 488 1610 527 ex
1639 474 1798 528 Patre
1825 475 1988 530 simul

2113 492 2184 535 τοι
2246 476 2344 535 οὐκ
2404 476 2461 549 ἐξ
2522 481 2653 534 Υἰοῦ
2720 481 2781 535 τὸ
2842 474 3068 550 Πνεῦμά
3126 492 3333 550 φαμεν,
3365 479 3477 535 οὐτ’
3508 482 3666 536 ἔκπο-

418 571 485 614 ac
516 555 673 617 Filio.
708 564 767 610 ut
798 572 953 612 sacer
984 558 1316 631 divinusque
1341 563 1717 620 Damascenus
1749 568 1802 620 in
1845 565 1993 621 deci-

422 660 511 705 mo
555 647 718 699 tertio
773 648 956 717 capite
1014 651 1247 705 scribit:
1282 672 1300 704 ι
1348 655 1411 707 Et
1463 671 1556 724 per
1594 654 1833 710 Verbum
1869 672 1997 723 pro-

419 736 613 790 ductur
632 738 816 790 omnia
844 739 1242 796 manifestantis
1269 742 1557 811 Spiritus.’
1599 747 1836 818 inclytus
1868 748 1991 803 item

418 824 749 896 divinusque
797 829 1066 885 Maximus
1117 835 1167 887 in
1195 834 1665 905 interpretatione,
1694 854 1799 907 quo
1830 854 1994 895 sensu

416 917 801 1005 accipiendum
830 921 901 976 sit
930 922 1137 977 dictum
1167 924 1483 982 Zachariae:
1534 928 1601 982 Et
1633 946 1789 999 super
1826 932 1995 999 ipsam

417 1026 583 1077 parva
608 1010 835 1081 lampas,
855 1023 905 1067 et
935 1014 1160 1071 lucernw
1182 1018 1227 1082 ¹,
1246 1019 1445 1073 tradit:
1470 1039 1488 1072 ι
1513 1020 1749 1090 Spiritus
1774 1034 1997 1081 sanctus

418 1101 886 1166 quemadmodum
946 1118 1138 1160 natura
1196 1110 1501 1165 secundum
1559 1115 1850 1168 essentiam
1911 1125 1997 1169 est

417 1190 512 1244 Dei
551 1200 604 1245 et
636 1192 839 1261 Patris,
872 1197 942 1251 ita
973 1207 1027 1251 et
1063 1198 1189 1253 Filii
1217 1202 1518 1256 secundum
1551 1206 1846 1260 essentiam
1888 1214 1994 1273 est,

421 1292 682 1353 tanquam
716 1288 808 1356 qui
846 1304 912 1343 ex
947 1289 1107 1345 Patre
1142 1293 1514 1350 essentialiter
1543 1311 1640 1366 per
1674 1295 1871 1351 Filium
1905 1315 1998 1368 ge-

428 1376 628 1442 nitum,
666 1380 851 1445 modo,
889 1382 984 1451 qui
1013 1383 1248 1452 exprimi
1280 1386 1464 1441 verbis
1496 1402 1605 1443 nou
1639 1396 1842 1463 potest,
1869 1404 1997 1458 pro-

425 1469 651 1525 cedens.
694 1490 711 1521 ι
741 1471 809 1526 Ει
845 1474 1013 1527 multa
1050 1490 1342 1545 perpessus
1371 1477 1711 1536 Athanasius
1740 1481 1803 1535 ad
1834 1480 1993 1535 Sera-

425 1560 645 1629 pionem:
670 1563 936 1635 Epistola,
964 1569 1126 1637 cujus
1166 1570 1535 1641 principium:
1570 1592 1588 1625 ι
1622 1574 1998 1630 Admiraberis

423 1655 655 1710 fortasse
681 1674 695 1710 :
729 1676 851 1711 »με
895 1659 1012 1714 Non
1032 1661 1174 1716 enim
1205 1673 1355 1716 extra
1375 1662 1610 1720 Verbum
1630 1664 1869 1736 Spiritus
1892 1676 1997 1734 est,

422 1748 517 1802 sed
555 1750 611 1803 in
639 1748 822 1805 Verbo
865 1766 986 1807 cum
1031 1752 1123 1819 sit,
1175 1755 1226 1808 in
1282 1756 1390 1810 Deo
1416 1757 1709 1828 perlpsum
1734 1769 1835 1814 εει.
1884 1779 1903 1812 ι
1932 1760 1999 1814 Ει

427 1841 620 1908 paucis
654 1842 960 1913 interiectis
992 1863 1005 1897 :
1060 1864 1078 1897 ι
1125 1843 1335 1916 Spiritu
1384 1849 1687 1904 exsistente
1718 1850 1773 1904 in
1801 1849 1997 1921 Verbo,

422 1932 635 1987 clarum
693 1942 800 1997 est,
848 1943 902 1989 et
955 1936 1007 1991 in
1068 1935 1180 1992 Deo
1230 1953 1353 1994 esse
1414 1954 1513 2009 per
1551 1939 1789 1996 Verbum
1826 1940 2004 2013 Spiri-

424 2038 562 2080 tum.
605 2044 625 2079 ι

495 2205 585 2266 i9.
622 2203 810 2280 Neque
834 2209 978 2265 enim
1006 2209 1316 2282 proprietas
1349 2207 1528 2269 Patris
1562 2219 1647 2269 est
1670 2213 1998 2284 producere.

426 2310 484 2356 ut
514 2314 571 2357 et
601 2303 753 2359 solus
804 2304 1097 2374 producat.
1144 2302 1326 2363 Patris
1366 2306 1638 2377 siquidem
1678 2308 1987 2379 pr0prietas

427 2408 693 2459 generare
745 2404 870 2457 est;
934 2396 1203 2466 siquidem
1252 2406 1364 2451 tres
1387 2405 1601 2452 tantum
1637 2400 2003 2467 proprietates

425 2484 728 2551 credimus,
767 2494 828 2539 ut
873 2486 1047 2540 sancti
1096 2494 1153 2542 et
1202 2487 1347 2544 inter
1374 2503 1472 2545 eos
1499 2489 1809 2545 divinorum
1843 2505 2005 2545 arca-

434 2585 633 2625 norum
670 2573 939 2645 interpres
969 2573 1210 2631 Basilius
1237 2618 1254 2644 ,
1293 2577 1526 2647 epistola
1558 2578 1624 2632 ad
1653 2578 1899 2646 fratrem,
1930 2579 2005 2636 De

426 2665 670 2719 essentia
700 2674 756 2719 et
784 2666 1062 2736 hypostasi
1104 2668 1305 2724 tradit:
1362 2687 1381 2719 ι
1419 2669 1582 2724 Pater
1614 2685 1745 2726 vero
1781 2672 1873 2742 qui
1914 2686 2005 2727 su-

431 2771 529 2826 per
561 2759 747 2813 omnia
792 2768 899 2824 est,
944 2761 1271 2829 peculiarem
1320 2761 1631 2832 hypostasis
1665 2777 1779 2818 suae
1830 2764 2008 2819 nmio-

431 2866 555 2905 nem
597 2851 748 2907 solus
780 2851 969 2917 habet,
995 2852 1142 2923 quod
1168 2852 1328 2908 Pater
1360 2865 1464 2917 est,
1490 2863 1542 2909 et
1572 2854 1715 2922 quod
1759 2869 1825 2910 ex
1855 2856 2004 2910 nulla

430 2942 657 2996 omnino
706 2957 871 2999 causa
905 2943 1155 3000 subsistit
1183 2961 1198 3009 ;
1234 2952 1398 3014 atque
1433 2945 1538 3001 isto
1570 2945 1769 3001 iterum
1799 2946 2006 3003 indicio

428 3044 484 3090 et
515 3036 633 3106 ipse
658 3038 881 3108 praprie
912 3052 973 3093 ac
1009 3039 1302 3108 separatim
1336 3038 1670 3108 agnoscitur.
1720 3057 1739 3091 ι
1770 3039 2010 3095 Theolo-

2102 568 2379 645 ρεύεσθαι,
2417 576 2511 629 καὶ
2545 577 2606 629 τὸ
2662 569 2825 636 εἶναι,
2851 572 3174 643 λαμϐάνειν,
3209 572 3335 626 οὔτε
3386 575 3495 645 μὴν
3536 593 3669 647 προ-

2097 665 2332 736 χεῖσθαι,
2392 666 2460 720 δι’
2509 667 2640 721 Υίοῦ
2689 667 2748 721 δὲ
2793 667 2954 738 μόνον
3003 667 3065 719 ὲκ
3108 666 3345 737 Πατρός.
3377 667 3586 721 Ταυτδν
3614 669 3671 722 δὲ

2097 758 2272 809 εἰπεῖν
2304 758 2367 810 ὲκ
2393 758 2609 827 Πατρός
2641 775 2699 810 τε
2745 757 2863 826 ἅμα
2910 760 3007 813 ml
3042 756 3196 821 Υἰοῦ,
3225 756 3428 819 dic.le
3460 760 3490 811 6
3525 757 3671 828 ἱερὸς

2100 848 2198 901 καὶ
2228 848 2369 908 θεῖος
2414 848 2775 917 Δαμασκηνὸς
2827 850 2883 901 ὲν
2925 847 3361 918 τρισκαιδεκάτῳ
3389 848 3673 918 κεφαλαίῳ

2098 940 2276 1009 φησί·
2310 959 2329 992 ι
2372 942 2485 996 Kal
2536 941 2622 993 διὰ
2682 941 2856 1009 Λόγου
2921 941 3226 1010 προϐολεὺς
3269 940 3671 1010 ὲκφαντορικοῦ

2100 1032 2447 1104 Πνεύματος.
2498 1050 2517 1083 ι
2558 1032 2670 1084 Καὶ
2707 1034 2735 1085 6
2766 1031 2977 1096 κλεινὸς
3012 1032 3106 1085 καὶ
3159 1032 3303 1096 θεῖος
3332 1032 3583 1102 Μάξιμος
3613 1034 3673 1086 ὲν

2096 1117 2173 1185 οἷς
2202 1122 2516 1193 ὲρμηνεύει,
2547 1123 2597 1175 τί
2627 1122 2760 1191 δῆτα
2792 1122 3042 1192 βούλεται
3089 1121 3166 1192 τῷ
3198 1122 3455 1193 προφήτῃ
3485 1124 3671 1191 Ζαχα-

2099 1213 2211 1285 ρία,
2235 1213 2343 1267 Kal
2364 1213 2457 1266 ἐπ’
2479 1213 2634 1282 αὐτῇ
2655 1213 3001 1283 λαμπάδιον
3021 1213 3118 1266 καί
3148 1215 3203 1266 οι
3234 1212 3484 1284 λύχνοι,
3513 1214 3671 1283 φησὶ.

2105 1324 2123 1359 ι
2171 1306 2245 1360 Τὸ
2265 1305 2419 1375 ἅγιον
2436 1304 2658 1376 Πνεῦμα
2682 1305 2870 1376 ὥσπερ
2893 1306 3051 1375 φύσει
3078 1305 3198 1359 κατ’
3215 1306 3402 1360 οὐσίαν
3429 1308 3675 1377 ὑπάρχον

2098 1396 2190 1451 τοῦ
2216 1396 2351 1449 Θεοῦ
2383 1398 2478 1450 καὶ
2518 1395 2748 1465 Πατρὺς,
2773 1394 2914 1449 οὕτω
2931 1396 3025 1449 καὶ
3041 1395 3135 1449 τοῦ
3173 1393 3304 1449 Υἰοῦ
3330 1396 3451 1449 κατ’
3474 1396 3670 1448 οὐσίαν

2099 1485 2269 1550 ἐστὶν,
2300 1486 2376 1549 ὡς
2410 1487 2475 1538 ἐκ
2508 1485 2601 1538 τοῦ
2636 1485 2849 1548 Πιτρὸς
2889 1484 3162 1548 οὐσιωδῶς
3198 1484 3267 1540 δι’
3312 1485 3441 1538 Υἰοῦ
3472 1502 3671 1555 γεννη-

2101 1575 2284 1637 θέντος
2311 1575 2605 1643 ἀφράστως
2634 1576 3095 1644 ὲκπορευόμενον.
3146 1594 3164 1627 ι
3198 1577 3306 1631 Καὶ
3342 1578 3370 1629 6
3405 1576 3675 1639 πολύτλας

2100 1666 2158 1719 δὲ
2201 1660 2519 1728 Ἀθανάσιος
2558 1666 2614 1718 ἓν
2656 1668 2721 1736 τῇ
2766 1665 2904 1733 πρὸς
2936 1666 3284 1737 Σεραπίωνα.
3329 1661 3395 1738 ἧς
3431 1669 3463 1737 ἡ
3505 1668 3673 1737 ἀρχὴν

2109 1755 2300 1820 «Ἴσως
2328 1756 2623 1827 Θαυμάσεις
2648 1774 2663 1788 ⁸
2688 1776 2812 1810 ι-ι
2840 1758 2915 1811 Οὐ
2933 1757 3039 1828 γὰρ
3061 1758 3209 1822 ἐκτός
3228 1760 3344 1812 ἔστι
3373 1758 3466 1811 τοῦ
3496 1760 3668 1824 Λόγοι)

2101 1846 2162 1899 τὸ
2192 1841 2441 1915 Πνεῦμα,
2482 1844 2597 1898 ἀλλ’
2643 1847 2699 1898 ἑν
2748 1846 2824 1914 τῷ
2875 1846 3033 1917 Λόγῳ
3081 1847 3162 1909 ὃν,
3212 1848 3270 1903 ὲν
3315 1845 3395 1915 τῷ
3441 1845 3560 1915 Θεῷ
3604 1847 3672 1899 δι’
3784 1858 3801 1872 ‘

2105 1936 2270 1990 αὐτοῦ
2320 1937 2457 1991 ἑστι.
2496 1955 2515 1989 ι
2556 1939 2663 1991 Καὶ
2695 1939 2813 2007 μετ’
2843 1937 3022 2007 ὀλίγα·
3058 1958 3077 1991 ι
3118 1937 3224 1993 Τοῦ
3255 1938 3313 1991 δὲ
3353 1938 3674 2008 Πνεύματος

2103 2025 2256 2092 ϐντος
2287 2031 2344 2083 ἐν
2372 2021 2448 2098 τῷ
2482 2030 2663 2101 Λόγῳ,
2698 2029 2858 2100 δῆλον
2902 2030 2968 2084 ἂν
2996 2031 3107 2099 εἴη,
3137 2030 3213 2093 ὼς
3248 2030 3340 2083 καὶ
3368 2031 3427 2083 ἐν
3453 2028 3529 2100 τῷ
3555 2030 3677 2102 Θεῷ

2104 2117 2174 2193 ἦν
2206 2120 2293 2175 διὰ
2328 2120 2421 2175 τοῦ
2449 2121 2624 2190 Λόγου
2666 2120 2725 2175 τὸ
2753 2120 2997 2191 Πνεῦμα.
3031 2139 3050 2173 ›

2198 2212 2282 2269 ιϐ’.
2336 2213 2409 2267 Οὐ
2453 2214 2562 2283 γὰρ
2611 2213 2809 2281 ἰδιότης
2838 2212 2933 2267 τοῦ
2967 2213 3179 2285 Πατρός
3218 2214 3279 2267 τὸ
3317 2214 3673 2284 προϐάλλειν,

2108 2301 2195 2358 ἵνα
2250 2306 2343 2357 καὶ
2392 2302 2552 2375 μόνος
2601 2301 2902 2375 προϐάλλῃ.
2952 2303 3016 2357 Ἦ
3063 2305 3172 2374 γὰρ
3205 2303 3407 2370 ἰδιότης
3435 2303 3528 2357 τοῦ
3562 2307 3679 2358 Πα-

2111 2397 2239 2467 τρὸς
2284 2396 2344 2449 τὺ
2402 2396 2598 2467 γεννᾷν
2648 2397 2815 2461 ἐστιν,
2871 2396 3029 2466 εἰπερ
3072 2396 3220 2466 τρεῖς
3274 2395 3543 2463 ἰδιότητας
3592 2413 3679 2448 πι-

2110 2488 2374 2558 στεύομεν
2418 2488 2513 2543 καὶ
2541 2480 2700 2558 μόνον
2730 2487 2872 2542 κατὰ
2901 2489 3025 2551 τούς
3057 2488 3265 2556 ἁγίους,
3292 2485 3389 2540 καὶ
3413 2486 3555 2540 κατά
3584 2487 3678 2539 τὸν

2112 2580 2446 2651 θεοφάντορα
2477 2580 2775 2635 Βασίλειονο
2803 2582 2860 2635 ἒν
2894 2582 2959 2651 τῇ
2983 2579 3119 2650 πρὸς
3148 2580 3237 2632 τὸν
3267 2579 3401 2634 ίδιον
3430 2578 3678 2645 ἀδελφὸν,

2113 2670 2250 2741 Περί
2295 2672 2480 2735 οὐσίας
2531 2673 2624 2726 καί
2676 2671 3026 2735 ὑποστάσεως
3066 2670 3259 2741 φησίνο
3304 2689 3323 2722 ι
3369 2672 3433 2725 '0
3477 2669 3532 2723 δὲ
3587 2671 3681 2722 ἐπὶ

2109 2762 2332 2817 πάντων
2389 2762 2664 2833 ἐξαίρετον
2720 2762 3012 2833 γνώρισμα
3065 2763 3163 2831 τῆς
3196 2762 3388 2816 ἑαυτοῦ
3435 2763 3679 2817 ὑποστά-

2111 2873 2249 2919 σεως
2291 2855 2351 2909 τδ
2378 2856 2567 2927 Πατὴρ
2605 2851 2765 2922 εἶναι,
2794 2856 2888 2908 καὶ
2923 2857 2985 2908 ὲκ
3018 2839 3290 2925 μηδεμιᾶς
3334 2853 3512 2916 αἰτίας
3545 2856 3679 2907 ὐτιο⁶

2112 2949 2306 3017 στῆναι
2343 2944 2502 3016 μόνον
2553 2944 2702 3015 ἔχει·
2755 2944 2851 2998 καὶ
2911 2942 3002 2997 διὰ
3054 2941 3249 2996 τούτου
3301 2941 3394 2996 τοῦ
3444 2943 3677 3012 σημείου

2109 3037 2208 3091 καὶ
2262 3037 2426 3100 αὐτὸς
2484 3036 2794 3102 ἰδιαζόντως
2824 3034 3278 3103 ἐπιγινώσκεται·
3316 3053 3336 3086 ι
3374 3034 3467 3088 καὶ
3501 3028 3680 3087 τὸνίὲν

330 3121 333 3124 ’
424 3143 530 3197 gus
565 3129 864 3201 Gregorius
890 3129 943 3185 id
976 3128 1118 3184 idem
1163 3128 1350 3183 multis
1395 3129 1512 3184 suis
1543 3130 1889 3186 orationibus
1920 3146 2006 3186 as-

2116 3130 2367 3203 Θεολογὶᾳ
2410 3130 2713 3201 Γρηγόριον
2769 3131 2827 3182 ἐν
2871 3126 3089 3192 πολλοῖς
3141 3125 3250 3179 τῶν
3300 3125 3466 3181 αὐτοῦ
3504 3126 3683 3194 λόγων

433 3229 671 3287 several,
718 3231 834 3276 tum
874 3220 927 3275 in
959 3219 1177 3275 funebri
1234 3220 1546 3276 laudatione
1573 3222 1751 3292 magni
1779 3221 2003 3280 Basilii:

434 3328 456 3362 s
496 3309 625 3365 Tria
686 3311 906 3381 quidem
951 3310 1411 3379 preprietatibus,
1441 3312 1678 3366 essentia
1710 3328 1878 3367 unum
1910 3327 2007 3366 co-

431 3405 643 3468 lentes;
682 3420 701 3454 »
735 3411 848 3455 tum
888 3401 943 3455 in
968 3415 1125 3455 sacra
1159 3398 1423 3453 Lumina:
1456 3419 1476 3452 ‹
1502 3400 1601 3455 Dei
1630 3416 1758 3455 vero
1781 3416 1904 3455 cum
1924 3402 2009 3455 di-

430 3509 590 3559 xero,
641 3508 750 3548 uno
787 3492 996 3548 lumine
1040 3489 1473 3546 circumlustrati
1523 3491 1656 3549 estis
1696 3501 1751 3547 et
1800 3493 2003 3559 tribus,

432 3585 617 3641 tribus
655 3586 876 3655 quidem
908 3585 1214 3641 secundum
1243 3583 1613 3656 proprietates
1633 3622 1652 3649 ,
1684 3583 2010 3653 hypoStases

434 3680 689 3746 scilicet;
732 3698 751 3731 ι
796 3691 912 3733 tum
946 3679 1002 3732 in
1041 3676 1298 3735 sanctum
1347 3677 1749 3732 Athanasium:
1797 3694 1815 3728 ι
1848 3676 2011 3730 Nam-

434 3789 544 3843 que
572 3787 679 3827 una
706 3772 965 3838 essentia,
990 3779 1044 3827 et
1069 3771 1248 3825 tribus
1271 3768 1658 3841 hypostasibus
1686 3783 1714 3822 a
1742 3767 1901 3823 nobis
1926 3767 2012 3836 pie

437 3866 755 3930 intellectis,
790 3864 894 3920 hoc
920 3864 1067 3920 enim
1100 3862 1394 3919 essentiam
1440 3860 1681 3923 deitatis,
1728 3858 1857 3914 illud
1900 3867 2013 3914 tres

438 3971 594 4016 nutat
624 3958 1013 4030 proprietates.
1062 3975 1081 4010 ι
1142 3953 1283 4011 Tum
1314 3955 1381 4011 de
1415 3954 1669 4023 dogmate
1712 3961 1773 4008 et
1800 3954 2015 4023 episco.

436 4066 629 4123 patum
664 4050 1101 4121 compositione:
1154 4065 1173 4101 ι
1218 4046 1529 4102 Adoramus
1557 4045 1741 4116 itaque
1766 4041 2011 4108 Patrem,

436 4156 491 4201 et
509 4144 732 4208 Filium.
763 4152 819 4199 et
838 4141 1099 4213 Spiritum
1121 4148 1393 4204 sanctum,
1419 4138 1776 4207 proprietates
1798 4137 2013 4206 quidem

437 4244 782 4307 separantes,
823 4234 1165 4291 divinitatem
1195 4232 1471 4286 unientes.
1513 4249 1531 4282 ι
1562 4227 2010 4284 Demonstratum

445 4339 529 4386 est
562 4331 747 4400 itaque
776 4327 1150 4399 apertissime,
1174 4332 1289 4381 tres
1318 4339 1422 4379 nos
1451 4322 1677 4378 credere
1708 4320 2011 4391 preprieta-

438 4437 544 4480 tes.
591 4424 701 4479 Aut
733 4425 881 4479 enim
914 4423 1240 4492 producere,
1280 4426 1376 4474 aut
1411 4432 1674 4488 generare
1709 4416 2016 4487 proprietas

2112 3221 2269 3277 τοῦτο
2312 3219 2667 3291 θεολογοῦντα
2700 3237 2715 3253 ο
2762 3220 2937 3290 λέγων
2975 3220 3033 3273 ὲν
3068 3218 3167 3291 μὲν
3200 3219 3278 3291 τῷ
3309 3221 3403 3273 τοῦ
3444 3218 3683 3289 μεγάλου

2113 3314 2397 3369 Βασιλεῐου
2429 3314 2707 3383 ἐπιταφίῳ
2735 3328 2748 3343 ·
2788 3332 2807 3365 ι
2840 3313 2980 3384 Τρία
3015 3312 3116 3382 μὲν
3159 3313 3282 3375 ταῖς
3309 3312 3593 3385 ἰδιότησιν,
3623 3310 3681 3363 ἓν

2111 3409 2167 3462 δὲ
2193 3411 2260 3480 τῇ
2295 3407 2451 3479 οὐσίᾳ
2497 3407 2749 3469 σέϐοντες
2774 3423 2788 3436 ο
2824 3424 2843 3458 ι
2876 3407 2932 3459 ὲν
2969 3405 3025 3458 δὲ
3056 3406 3134 3469 εἰς
3161 3406 3232 3459 τὰ
3264 3404 3422 3457 Φῶτα
3445 3421 3460 3437 σ
3498 3423 3517 3456 ι
3545 3403 3683 3457 Θεοῦ

2111 3498 2169 3552 δὲ
2200 3498 2330 3551 ὅταν
2368 3496 2530 3559 εἴπω,
2561 3496 2641 3549 ἐνὶ
2672 3497 2814 3564 φωτὶ
2848 3495 3335 3567 περιηστράφθητε
3364 3497 3459 3549 καὶ
3494 3494 3678 3564 τρισί·

2113 3592 2262 3661 τρισί
2287 3590 2386 3660 μὲν
2413 3589 2555 3643 κατὰ
2583 3591 2681 3653 τὰς
2727 3589 3018 3658 ἰδιότητας,
3053 3589 3221 3659 ἤγουν
3251 3587 3580 3651 ὑποστάσεις
3601 3604 3615 3618 ·
3656 3604 3678 3639 ι

2118 3681 2214 3735 καὶ
2267 3683 2326 3735 ὲν
2380 3681 2461 3751 τῷ
2515 3680 2598 3744 εἰς
2639 3680 2731 3733 τὸν
2783 3678 2938 3749 ἅγιον
2981 3678 3343 3734 Ἀθανάσιον·
3381 3698 3399 3731 ι
3431 3679 3541 3748 Τῆς
3574 3680 3687 3749 γὰρ

2120 3772 2251 3842 μιᾶς
2282 3770 2493 3836 οὐσίας,
2526 3772 2621 3826 καὶ
2659 3772 2768 3824 τῶν
2793 3771 2963 3840 τριῶν
2991 3771 3348 3825 ὐποστάσεων
3374 3771 3685 3841 νοουμένων

2121 3862 2222 3932 μὲν
2247 3862 2337 3931 ὐφ’
2364 3861 2525 3932 ἡμῶν
2551 3861 2811 3922 εὐσεϐῶς·
2838 3859 2899 3913 τὸ
2934 3861 3032 3931 μὲν
3058 3861 3167 3931 γὰρ
3197 3861 3296 3930 τὴν
3323 3860 3511 3912 οὐσίαν
3532 3858 3687 3930 δηλοί

2111 3955 2231 4024 ,τῆς
2270 3956 2524 4026 θεότητος
2546 3995 2560 4021 ,
2592 3957 2653 4009 τὸ
2690 3955 2743 4007 δὲ
2771 3953 2870 4018 τὰς
2912 3956 3061 4027 τρεῖς
3095 3954 3382 4024 ἰδιότητας.
3420 3975 3437 4006 δ
3471 3954 3584 4007 Kal
3621 3954 3684 4005 ἐν

2071 4044 2197 4115 ⁸τῷ
2241 4047 2369 4116 περί
2418 4045 2685 4116 δόγματος
2736 4047 2829 4099 καὶ
2878 4048 3276 4110 καταστάσεως
3321 4047 3682 4101 ἐπισκόπων·

2124 4157 2144 4189 ι
2192 4137 2618 4208 Προσκυνοῦμεν
2686 4132 2782 4191 οῦν
2837 4138 3057 4207 Πατέρα
3095 4139 3189 4192 καὶ
3217 4138 3346 4191 Υἰδν
3387 4140 3481 4192 καὶ
3527 4138 3685 4205 άγιον

2120 4227 2366 4296 Πνεῦμα,
2404 4229 2503 4293 τὰς
2538 4230 2635 4300 μὲν
2672 4229 2938 4301 ἰδιότητας
2965 4230 3310 4303 χωρίζοντες,
3349 4230 3597 4295 ἑνοῦντες
3628 4230 3687 4285 δὲ

2120 4319 2221 4389 τὴν
2250 4320 2504 4392 Θεότητα.
2551 4338 2570 4372 ι
2608 4321 2887 4375 Δέδεικται
2926 4323 3018 4377 οῦν
3047 4324 3364 4394 περιφανῶς
3391 4364 3407 4387 ,
3443 4322 3518 4385 ὡς
3543 4324 3692 4393 τρεῖς

2124 4411 2399 4483 ἰδιότητας
2427 4413 2782 4483 πιστεύομεν.
2814 4416 2884 4467 Ἦ
2912 4414 3045 4483 γοῦν
3077 4415 3139 4467 τὸ
3186 4414 3513 4485 προϐάλλειν
3545 4415 3695 4469 ἔστὶν

436 4525 524 4572 est
551 4530 565 4581 ;
595 4517 689 4570 sed
728 4515 1031 4583 producere
1058 4512 1211 4566 nullo
1244 4509 1408 4565 modo
1443 4511 1749 4578 proprietas
1778 4517 1883 4573 eat,
1919 4522 2006 4577 ge-

2128 4504 2352 4575 ἰδιότης,
2383 4505 2417 4577 ἦ
2446 4505 2507 4559 τὺ
2545 4508 2763 4579 γεννᾷν.
2792 4507 2956 4561 Ἀλλὰ
2989 4506 3095 4579 μὴν
3138 4510 3198 4562 τὸ
3237 4509 3564 4580 προϐάλλειν
3595 4508 3697 4561 οὐκ

438 4623 636 4664 nerare
675 4606 842 4675 igitur
893 4602 1271 4659 tantummodo
1334 4600 1515 4656 Patris
1569 4598 1873 4670 proprietas
1905 4606 2009 4652 est.

438 4697 582 4754 Hinc
612 4699 782 4768 probe
836 4697 905 4752 ab
958 4694 1215 4750 Ecclesiae
1245 4692 1565 4749 doctoribus
1599 4689 1798 4744 Filium
1835 4703 1863 4742 a
1896 4688 2014 4742 solo

439 4791 604 4847 Patre
661 4790 914 4863 generari
967 4790 1288 4854 edocemur,
1334 4786 1604 4857 Spiritum
1636 4798 1768 4838 vero
1813 4797 1920 4835 nun
1950 4795 2016 4833 ex

442 4864 562 4943 solo
590 4926 605 4953 ,
651 4885 747 4941 sed
784 4900 849 4941 ex
884 4885 1041 4940 Patre
1076 4898 1171 4954 per
1206 4881 1430 4936 Filium.
1463 4866 1871 4949 Proptereaque
1899 4891 2019 4930 crc-

440 4980 626 5034 dimus
666 4976 886 5033 Patrem
925 4990 1186 5043 generare
1213 4985 1267 5026 et
1301 4971 1627 5043 producere,
1660 4978 1713 5025 et
1751 4982 2022 5040 generau—

441 5083 552 5128 tem
593 5069 901 5142 producere
952 5064 1252 5122 secundum
1298 5063 1573 5119 diversum
1623 5058 1867 5123 modum,
1910 5072 2019 5111 non

441 5166 750 5221 secundum
778 5162 943 5217 aliam
979 5159 1156 5229 ipsius
1186 5156 1578 5228 proprietatem
1613 5174 1626 5207 :
1662 5152 1898 5220 ideoque
1929 5164 2022 5219 per

443 5258 639 5312 Filium
692 5256 898 5311 dicitur
951 5253 1276 5324 producere,
1305 5258 1361 5304 et
1401 5262 1498 5318 per
1531 5242 1733 5300 Filium
1766 5244 2022 5308 educere,

443 5359 502 5402 ut
541 5348 913 5403 Damascenus
943 5347 1139 5401 eodem
1195 5345 1376 5416 capite
1432 5341 1599 5395 tradit
1634 5358 1646 5393 :
1693 5357 1710 5389 ι
1752 5336 2020 5390 itevelans

442 5442 637 5495 secreti
675 5441 902 5494 Deitatis
931 5439 1105 5493 virtus
1137 5437 1320 5491 Patris
1363 5451 1427 5489 ex
1471 5432 1633 5487 Patre
1670 5440 1749 5484 est
1802 5444 1894 5498 per
1935 5426 2023 5481 Fi-

447 5529 579 5593 lium
608 5532 935 5597 procedens.
976 5552 993 5582 ι

519 5795 795 5855 ’Zu-lur.
848 5817 919 5863 ιι,
951 5800 1009 5851 ιι.-

2125 4596 2274 4649 ἔστιν
2327 4597 2549 4667 ἰδιότης,
2577 4598 2641 4652 τὸ
2677 4600 2876 4671 γεννᾷν
2916 4599 3025 4671 ἄρα
3084 4602 3182 4655 καὶ
3239 4602 3400 4671 μόνον
3448 4600 3567 4653 ἐστὶ
3597 4598 3698 4654 τοῦ

2128 4690 2344 4761 Πατρδς
2379 4690 2600 4763 ἰδιότης.
2637 4693 2833 4758 Καλῶς
2866 4695 2962 4747 καὶ
3008 4695 3164 4766 παρὰ
3192 4696 3300 4748 τῶν
3329 4695 3428 4763 τῆς
3468 4694 3701 4764 Ἐκκλη-

2129 4783 2249 4846 σίας
2288 4782 2556 4852 θεολόγων
2581 4786 2646 4838 ὲκ
2689 4787 2849 4857 μόνου
2884 4787 2980 4840 τοῦ
3031 4786 3247 4857 Πατρδς
3291 4786 3382 4841 τὸν
3410 4785 3541 4838 Υἰδν
3571 4803 3702 4855 γεν-

2126 4878 2322 4932 νᾶσθαι
2352 4879 2702 4946 Οεολογοῦσι,
2744 4882 2805 4933 τ’)
2856 4881 2912 4934 δὲ
2962 4879 3187 4950 Πνεῦμα
3237 4880 3338 4933 οὐκ
3392 4879 3455 4931 ὲκ
3513 4878 3699 4948 μόνου,

2130 4971 2251 5023 ἀλλ’
2301 4973 2364 5024 ἐκ
2415 4972 2509 5025 τοῦ
2566 4973 2780 5043 Πατρός
2838 4973 2906 5027 δι’
2964 4971 3121 5027 Υίοῦ.
3153 4971 3253 5026 Διὰ
3295 4970 3579 5029 τοῦτοκαὶ
3612 4986 3703 5022 πι-

2131 5064 2398 5135 στεύομεν
2454 5068 2529 5129 ὡς
2582 5067 2610 5117 6
2661 5068 2852 5139 Πατὴρ
2903 5068 3068 5139 γεννᾷ
3102 5065 3200 5120 καὶ
3244 5066 3560 5137 προϐάλλει,
3606 5063 3705 5118 καὶ

2135 5156 2344 5225 γεννῶν
2375 5158 2669 5228 προϐάλλει
2716 5159 2859 5214 κατὰ
2907 5159 3163 5229 διάφορον
3207 5158 3435 5230 τρόπον,
3485 5159 3546 5211 οὐ
3580 5158 3706 5210 κατ’

2129 5246 2297 5319 ἄλλην
2348 5248 2585 5321 ἰδιότητα
2638 5252 2826 5306 αὐτοῦ.
2863 5254 2963 5306 Διὰ
3009 5252 3168 5305 τοῦτο
3210 5252 3305 5305 καὶ
3330 5251 3416 5305 διά
3451 5250 3546 5306 τοῦ
3578 5249 3711 5303 Υῐοῦ

2130 5341 2350 5411 λέγεται
2384 5344 2729 5413 προϐάλλειν,
2762 5349 2857 5400 καὶ
2886 5346 2951 5400 δι’
2987 5344 3119 5398 Υἰοῦ
3146 5345 3489 5415 ἐκπορεύειν,
3515 5347 3590 5408 ὡς
3615 5345 3715 5395 καὶ

2134 5436 2162 5488 ὁ
2207 5439 2565 5509 Δαμασκηνὸς
2599 5442 2657 5492 ἐν
2699 5440 2777 5509 τῷ
2820 5438 2968 5509 αὐτῷ
3011 5439 3294 5509 κεφαλαίῳ
3342 5440 3530 5509 φησίν⁹
3566 5457 3584 5491 ι
3646 5439 3716 5491 Ἠ

2136 5528 2510 5600 ἓκφαντορικὴ
2544 5529 2637 5583 τοῦ
2673 5532 2910 5601 κρυφίου
2931 5532 3030 5602 τῆς
3061 5532 3314 5601 θεότητος
3346 5532 3581 5595 δύναμις
3610 5529 3713 5584 τοῦ

2141 5619 2352 5691 Πατρδς
2396 5622 2464 5674 ἐκ
2516 5624 2726 5694 Πατρός
2767 5625 2881 5676 ἐστι
2936 5623 3003 5689 δι’
3038 5623 3172 5677 Υἱοῦ
3208 5622 3639 5695 ἐκπορευομένη.
3686 5641 3707 5674 ι
