3982 6208
364 312 475 376 245

1457 330 1559 392 ΑΒ
1603 333 1970 401 IMPERAT.
2011 341 2163 404 T'RA
2182 344 2501 414 PEZUNT.

3514 359 3618 422 246

443 428 514 484 κ’.
569 431 807 500 Φανερὶν
855 432 948 486 οὐν
1007 436 1155 490 ἐστιν
1203 438 1375 494 ἅπασι
1423 445 1772 513 Χριστιανοῖς
1830 456 1941 515 τοῖς

2116 459 2206 513 30.
2267 460 2497 518 Planum
2567 465 2753 534 itaque
2813 475 2899 522 est
2947 467 3274 524 Christianis
3323 470 3617 528 omnibuSo

369 520 538 588 λόγου
582 525 903 593 μετέχιιυσι,
962 527 1037 591 ὡς
1083 537 1491 599 προεπινοεϊται
1545 540 1578 607 ἠ
1639 539 1732 594 τοῦ
1809 542 1940 596 Υἰοῦ

367 613 625 681 γέννησις
679 617 779 684 τῆς
815 620 1047 686 προόδου
1087 623 1180 676 τοῦ
1216 625 1374 692 ἁγίου
1423 629 1757 698 Πνεύματος,
1791 635 1850 686 οὐ
1878 638 1941 706 τῇ

363 705 656 774 ἀῖδιότητι,
689 710 756 778 τῇ
789 709 900 778 γὰρ
940 712 1209 782 ἁῖδιὸτητι
1244 715 1359 784 ἅμα
1404 719 1546 771 εἰσιν
1570 722 1598 773 6
1630 723 1820 792 Πατὴρ
1848 725 1946 777 καὶ

367 800 399 851 6
444 798 595 862 Υίὸς,
625 801 720 852 καὶ
746 800 806 854 τὸ
837 802 994 870 ἅγιον
1053 805 1307 876 Πνεῦμα,
1335 809 1451 861 ἀλλ’
1485 811 1672 883 ὥσπερ
1707 829 1942 884 «posm-

370 891 641 944 νοείταιύ
675 891 861 962 Πατὴρ
889 895 984 947 τοῦ
1033 895 1204 962 Υίοῦ,
1263 898 1406 952 οὕτω
1455 905 1547 955 καὶ
1599 905 1626 957 6
1677 907 1806 970 Υἱὸς
1852 908 1946 961 τοῦ

368 981 531 1047 ἁγίου
568 981 906 1050 Πνεῦματος,
952 987 1141 1051 καθὼς
1191 992 1353 1046 τοῦτο
1402 995 1590 1050 πολλοὶ
1622 999 1732 1051 τῶν
1773 1001 1945 1069 ἁγίων

366 1075 462 1127 καὶ
497 1076 525 1126 6
552 1075 855 1129 Νυσσαὲων
897 1078 1043 1148 ἱερὸς
1072 1081 1378 1154 Γρηγόριος
1411 1088 1720 1144 ἐπιδεσαιοί
1751 1092 1944 1160 λέγων’

370 1183 392 1216 ι
445 1167 534 1228 Ὠς
586 1169 696 1236 γὰρ
733 1169 1067 1224 συνάπτεται
1099 1173 1178 1243 τῷ
1214 1176 1393 1248 Πατρὶ
1423 1181 1453 1232 6
1495 1181 1643 1244 Υίὸς,
1678 1185 1774 1237 καὶ
1800 1185 1861 1239 τὸ
1889 1187 1948 1254 ἐξ

316 1334 334 1352 .
365 1260 534 1312 αὐτοῦ
563 1255 706 1312 εἶναι
731 1260 892 1330 ἔχων,
924 1263 1025 1332 οὐχ
1057 1265 1339 1336 ὑστερίζει
1370 1273 1516 1327 κατὰ
1557 1275 1658 1346 τὴν
1689 1275 1946 1344 ὕπαρξιν,

302 1351 512 1403 -τοῦτω
542 1351 707 1404 πάλιν
739 1355 834 1405 καὶ
879 1355 976 1408 τοῦ
1022 1359 1368 1425 Μονογενοῦς
1411 1363 1596 1433 ἔχεται
1635 1368 1697 1421 τὸ
1727 1369 1950 1437 Πνεῦμα

367 1441 429 1492 τὺ
465 1440 624 1506 ἅγιον
670 1443 887 1514 ἐπινοίᾳ
929 1445 1067 1518 μόνῃ
1117 1450 1259 1502 κατὰ
1309 1452 1402 1504 τὸν
1435 1457 1538 1523 τῆς
1566 1459 1748 1521 αἰτίας
1782 1460 1944 1526 λόγον

367 1532 867 1601 προθεωρουμένου
907 1537 1006 1600 τῆς
1063 1539 1157 1590 τοῦ
1215 1543 1532 1612 Πνεύματος
1563 1548 1944 1612 ὑποστάσεως.

369 1623 434 1671 Αἰ
465 1623 542 1691 δὲ
618 1624 867 1691 χρονικαὶ
924 1629 1271 1696 παρατάσεις
1326 1634 1416 1686 ἐπὶ
1466 1635 1567 1704 τῆς
1621 1642 1948 1708 προαιωνίου

370 1711 519 1778 ζωῆς
540 1711 728 1779 χώραν
757 1713 858 1766 οὐκ
883 1713 1119 1784 ιχουσιν,
1151 1717 1293 1772 ὥστε
1324 1721 1418 1775 τοῦ
1449 1722 1610 1792 λόγου
1636 1727 1736 1789 τῆς
1769 1729 1950 1790 αίτίας

2049 552 2250 620 quibus
2284 570 2418 610 usus
2450 557 2681 612 rationis
2722 561 2885 626 inest,
2917 561 3259 632 prteintelligi
3299 562 3419 618 Filii
3457 580 3617 633 gene-

2051 643 2322 702 rationem
2377 649 2718 716 processioni
2753 649 2995 720 Spiritus
3024 653 3227 717 sancti,
3259 669 3368 708 non
3401 657 3618 708 atterat-

2051 747 2162 792 tate
2197 783 2212 804 ,
2260 754 2384 793 cum
2418 742 2732 795 aiteruitate
2764 757 2870 798 una
2912 743 3076 798 simul
3113 746 3188 798 sit
3226 743 3410 808 Pater,
3434 756 3486 801 et
3527 744 3620 800 Fi-

2049 830 2177 891 lius.
2199 839 2253 884 et
2270 831 2510 899 Spiritus
2531 841 2784 898 Sanctus;
2813 834 2904 889 sed
2931 837 3384 901 quemadmodum
3419 839 3616 905 prasin-

2050 923 2310 992 telligitur
2347 920 2508 978 Pater
2557 922 2717 988 Filio,
2753 925 2826 978 ita
2855 932 2910 979 et
2943 924 3107 978 Filius
3132 923 3362 994 Spiritui
3399 936 3615 989 sancto,

2050 1015 2218 1070 veluti
2261 1015 2438 1070 sancti
2475 1016 2722 1086 plerique
2751 1016 2964 1080 Patres,
3011 1026 3064 1070 et
3115 1018 3257 1072 inter
3291 1034 3390 1073 eos
3423 1021 3618 1087 przcci-

2050 1121 2190 1175 pnus
2249 1113 2474 1161 sanctus
2533 1106 2832 1177 Gregorius
2885 1107 3273 1177 Nyssaensinm
3326 1109 3618 1178 episcopus

2051 1198 2366 1252 constabilit
2421 1197 2651 1255 dicens:
2703 1219 2722 1252 ‹
2783 1199 3256 1266 Quemadmodum
3307 1200 3454 1255 enim
3489 1218 3621 1256 ron-

2046 1290 2296 1361 jungitur
2336 1290 2483 1346 Patri
2535 1291 2749 1357 Filius,
2795 1300 2849 1347 et
2888 1309 2951 1355 ex
2981 1309 3044 1347 eo
3080 1293 3314 1356 habens,
3353 1291 3496 1362 quod
3525 1294 3620 1358 sit,

2052 1381 2352 1436 secundum
2393 1382 2799 1444 exsistentiam,
2836 1391 3033 1436 tamen
3067 1399 3174 1437 non
3206 1395 3287 1439 est
3323 1387 3620 1454 posterior,

2049 1469 2126 1523 ita
2173 1483 2370 1522 rursus
2415 1477 2468 1521 et
2518 1468 2816 1539 Unigenito
2847 1469 3084 1525 adhaeret
3122 1473 3358 1540 Spiritus
3391 1483 3618 1528 sanctus

2052 1559 2328 1613 intellectu
2349 1567 2560 1612 tantum
2595 1560 2892 1614 secundum
2920 1575 3100 1616 causae
3129 1563 3395 1617 rationein
3422 1563 3622 1634 pra-iu-

2055 1650 2274 1704 tellecto
2306 1650 2544 1718 Spiritus
2566 1651 2866 1722 liypostasi.
2894 1652 3184 1723 Temporis
3217 1665 3398 1710 autem
3431 1665 3624 1710 exten-

2053 1742 2240 1798 siones
2283 1754 2337 1796 et
2363 1743 2653 1798 intervalla
2705 1744 2758 1799 in
2811 1747 2945 1810 vita,
2982 1763 3102 1816 qua:
3129 1757 3254 1801 ante
3288 1748 3484 1802 siccula
3513 1757 3620 1809 est.

369 1800 810 1870 ὑπεξῃρημένου,
865 1805 928 1856 ἑν
987 1806 1177 1876 μηδενὶ
1229 1811 1328 1878 τὴν
1372 1813 1541 1881 ἁγίαν
1575 1815 1784 1885 Τριάδα
1811 1821 1942 1886 πρὸς

2052 1831 2230 1887 locum
2260 1836 2394 1887 ’non
2453 1834 2679 1898 habent,
2711 1836 2847 1890 adeo
2883 1845 2943 1890 ut
2981 1838 3190 1890 ratione
3221 1851 3402 1891 causa:
3437 1837 3622 1891 ablata

372 1894 574 1962 ἑαυτὴν
603 1895 948 1963 ἀσυμφώνως
979 1897 1144 1968 ἔχειν.
1189 1913 1218 1953 ι’
1253 1903 1362 1956 Καὶ
1399 1906 1427 1957 6
1460 1905 1633 1973 μέγας
1667 1910 1946 1973 Βασίλειος

375 1986 435 2036 ἐν
485 1987 548 2054 τῇ
598 1986 733 2054 πρὸς
788 1986 886 2050 τὰς
924 1990 1232 2054 Κανονικὰς
1285 1995 1615 2066 τρανότερον
1649 2000 1808 2052 τοῦτο
1840 2019 1946 2055 πα-

369 2077 612 2147 ρίστησι.
662 2077 802 2146 Φησὶ
855 2078 997 2148 γάρ·
1042 2098 1062 2132 ι
1116 2082 1178 2134 Εί
1233 2085 1489 2154 ἀνωτέρω
1553 2087 1650 2141 τοῦ
1707 2091 1842 2142 Θεοῦ
1885 2091 1944 2145 τὸ

370 2168 614 2236 Πνεῦμα,
644 2169 743 2222 οὐκ
777 2171 840 2223 ἑκ
869 2171 963 2224 τοῦ
1000 2173 1135 2226 Θεοῦ
1159 2190 1180 2206 σ
1212 2177 1261 2229 εί
1295 2176 1353 2229 δὲ
1392 2180 1456 2230 ἐκ
1486 2180 1578 2232 τοῦ
1626 2179 1786 2242 Θεοῦ,
1820 2182 1936 2245 πῶς

367 2256 746 2327 πρεσϐύτερόν
775 2263 906 2334 ἐστι⁵
929 2260 1023 2314 τοῦ
1055 2262 1112 2327 ἐξ
1159 2263 1220 2316 οῦ
1276 2267 1462 2332 iactv;
1511 2268 1652 2321 Ἀλλ“
1691 2269 1812 2321 οὐδὲ
1840 2270 1935 2322 τοῦ

368 2351 711 2417 Μονογενοῦς
747 2352 1014 2424 πρότερον
1041 2370 1056 2386 ο
1111 2357 1234 2410 οὐδὶ
1289 2359 1398 2429 γὰρ
1438 2361 1607 2428 μέσον
1663 2362 1796 2414 Υίοῦ
1848 2365 1942 2416 καὶ

372 2441 605 2507 Πατρός.
640 2459 660 2492 ι
699 2443 807 2494 Kal
864 2444 923 2495 ὲν
973 2447 1039 2513 τῇ
1075 2444 1212 2514 πρὸς
1264 2447 1563 2518 Νεστόριον
1617 2451 1886 2520 nepote;
1915 2453 1942 2504 6

370 2533 546 2599 μέγας
581 2533 641 2584 τὸ
673 2551 692 2583 ι
726 2534 783 2598 ἐξ
814 2534 986 2587 αὐτοῦ
1030 2539 1125 2588 καὶ
1171 2536 1300 2588 ἴδιον
1332 2539 1496 2592 αὐτοῦ
1537 2559 1565 2591 »ί
1597 2558 1750 2608 φησι·
1785 2545 1876 2596 καὶ
1907 2545 1938 2612 ἡ

370 2622 502 2688 ἁγία
528 2622 586 2674 δὲ
623 2622 810 2693 πρώτη
838 2625 1056 2689 σύνοδος
1083 2627 1185 2680 ’διὰ
1226 2629 1500 2683 Λεοντίου·
1540 2649 1562 2682 ι
1601 2633 1842 2701 Εὕρηται
1881 2633 1942 2686 τὸ

369 2718 599 2787 Πνεῦμα
643 2721 703 2771 τὸ
735 2720 890 2787 ἅγιον
949 2723 1387 2793 ἐκπορευόμενον
1459 2729 1559 2797 μὲν
1619 2730 1686 2782 ἐκ
1707 2730 1800 2784 τοῦ
1834 2734 1941 2787 Πα-

366 2811 522 2875 τρδς,
564 2810 694 2862 [διον
725 2811 779 2863 δὲ
815 2811 910 2864 tu}
945 2813 1096 2878 Υἱοῦ,
1130 2816 1224 2866 καὶ
1253 2817 1313 2880 ἐξ
1345 2819 1512 2872 αὐτοῦ
1546 2820 1871 2885 ἁναϐλύζον.
1915 2841 1934 2874 ι

371 2899 572 2962 Καθὼς
589 2896 684 2954 οῦν
710 2901 929 2966 λέγεται
961 2903 1091 2956 [διον
1119 2904 1213 2959 τοῦ
1249 2908 1485 2977 Πατρδς,
1533 2909 1674 2962 οὕτω
1723 2911 1939 2980 λέγεται

368 2993 469 3043 καὶ
494 2991 626 3044 ἴδιον
648 2992 743 3045 τοῦ
787 2993 919 3046 Υίοῦ
948 3009 962 3024 °
1005 2997 1100 3048 ml
1128 2995 1321 3066 ὥσπερ
1379 2999 1599 3066 λέγεται
1639 3002 1703 3054 ἐκ
1731 3005 1828 3072 τῆς
1851 3003 1942 3055 οὐ·

309 3078 319 3083 '
362 3082 498 3142 ’σίας
529 3081 624 3134 τοῦ
664 3084 896 3154 Πατρδς,
937 3083 1080 3139 οὕτω
1107 3085 1328 3149 λέγεται
1360 3089 1453 3143 καὶ
1497 3093 1561 3142 ἐκ
1612 3092 1710 3160 τῆς
1756 3093 1941 3155 οὐσίας

368 3171 468 3224 τοῦ
507 3173 660 3228 Υί;ῦ.
697 3176 805 3227 Kal
832 3177 862 3229 6
895 3176 994 3244 μὲν
1025 3175 1165 3238 θεῖος
1214 3178 1470 3248 Ἰωάννης
1499 3182 1529 3234 6
1578 3185 1940 3253 Δαμασκηνὸς

371 3265 431 3316 ἐν
468 3264 750 3334 κεφαλαίῳ
794 3267 985 3337 ὀγδόῳ,
1026 3261 1151 3339 obl)
1207 3268 1372 3340 ἀρχὴ,
1405 3289 1423 3320 ι
1464 3271 1802 3343 Πιστεύομεν
1834 3291 1946 3327 τοι·

372 3353 603 3422 γαροῦνο
627 3373 646 3407 ι
662 3357 799 3408 «Καὶ
819 3358 976 3427 μόνον
992 3357 1053 3410 τὸ
1073 3358 1296 3428 Πνεῦμα
1324 3360 1385 3411 τδ
1413 3359 1570 3428 ᾶγιον
1601 3363 1933 3432 ὲκπορεντὸν

373 3445 440 3495 ἐκ
474 3443 571 3510 τῆς
623 3445 814 3506 οὐσίας
859 3445 953 3498 τοῦ
1003 3449 1240 3520 Πατρὺς,
1295 3450 1357 3503 οὐ
1419 3450 1784 3521 γεννώμενον,
1818 3453 1938 3505 ἀλλ’

323 3571 334 3580 .
373 3536 873 3604 ἐκπορευόμενον.»
910 3538 1083 3592 Τοῦτο
1117 3543 1210 3594 καὶ
1241 3545 1269 3594 6
1303 3543 1944 3612 πάμμεγαςἎθανάσιος

372 3624 526 3692 λέγει
547 3639 562 3652 ·
599 3644 623 3677 ι
660 3627 754 3680 Ἐκ
782 3631 894 3696 τῆς
926 3630 1116 3694 οὐσίας
1148 3631 1242 3684 τοῦ
1291 3635 1506 3704 Πατρὸς
1534 3635 1594 3688 τδ
1629 3636 1857 3706 Πνεῦμα
1885 3637 1947 3696 τὰ

373 3719 555 3786 ἆγιον.
600 3737 618 3770 ι
663 3719 825 3772 Ἀλλὰ
870 3725 964 3775 καὶ
1012 3725 1040 3775 6
1085 3723 1372 3790 θεσπέσιος
1407 3726 1678 3798 Κύριλλος
1732 3731 1796 3782 ἐκ
1846 3731 1945 3796 τῆς

372 3809 564 3874 οὐσίας
590 3811 685 3864 τοῦ
724 3812 855 3867 Υἱοῦ
901 3816 959 3866 ἐν
1006 3816 1292 3886 κεφαλαίῳ
1347 3820 1658 3889 τριακοστῷ
1699 3820 1946 3890 τετάρτῳ

370 3903 486 3957 τῶν
512 3905 844 3973 Θησαυρῶν
877 3906 1066 3976 λέγει·
1109 3925 1126 3959 t
1175 3910 1289 3963 Οὐκ
1336 3911 1396 3962 ἐν
1426 3911 1533 3982 ίδίᾳ
1567 3913 1674 3964 τινὶ
1708 3914 1945 3980 θελήσει,

371 3996 498 4048 οὐδὲ
535 3997 638 4066 μὴν
670 3998 933 4068 ἀλλοτρίᾳ
970 3998 1246 4069 βουλήσει,
1281 4003 1338 4054 ὲν
1389 3997 1432 4071 ᾧ
1477 4005 1572 4056 καὶ
1607 4004 1668 4067 ἐξ
1715 3999 1774 4058 οὗ
1799 4005 1946 4058 ἐστὶν

372 4090 796 4156 ὁμολογοῦντες,
847 4091 966 4144 ἀλλ’
1013 4095 1078 4144 ἑκ
1109 4095 1207 4163 τῆς
1251 4095 1440 4160 οὐσίας
1473 4096 1639 4150 αὐτοῦ
1672 4097 1880 4166 προϊὸν.
1921 4115 1939 4149 ι

377 4182 502 4234 Ἔτι
533 4177 649 4246 οὖν,
683 4199 704 4234 ι
757 4183 852 4235 Ἐκ
900 4183 999 4250 τῆς
1032 4184 1217 4248 οὐσίας
1269 4185 1365 4238 τοῦ
1420 4187 1548 4240 Υίοῦ
1593 4188 1655 4240 τὸ
1702 4188 1943 4256 Πνεῦμα,

372 4274 598 4343 ποιότης
638 4291 740 4336 τις,
778 4275 845 4327 ἵν’
883 4273 1060 4338 οὕτως
1113 4277 1382 4347 εἴπωμεν,
1414 4279 1660 4348 ὑπάρχον
1709 4279 1804 4333 τοῦ
1850 4298 1946 4334 κυ-

375 4365 650 4428 ριεύοντος
684 4366 941 4419 ἁπάντων
986 4367 1144 4419 Θεοῦ.
1188 4366 1252 4420 Εί
1307 4368 1360 4419 δὲ
1406 4368 1585 4427 τοῦτο.
1637 4371 1768 4432 Θεὸς
1810 4372 1939 4441 ἄρα,

2050 1923 2102 1977 in
2157 1923 2308 1977 nullo
2356 1937 2547 1979 sancta
2602 1925 2760 1981 Trias
2817 1927 2956 1980 inter
2990 1942 3111 1981 sese
3156 1927 3450 1982 discordet.
3502 1947 3521 1980 ι
3559 1929 3623 1980 Et

2047 2015 2282 2069 Basilius
2335 2015 2564 2086 Magnus
2608 2018 2675 2072 ad
2728 2018 3038 2111 Canoyicas
3068 2021 3302 2088 epistola
3339 2021 3438 2074 hoc
3475 2019 3618 2074 idem

2048 2108 2366 2174 expressius
2417 2108 2660 2162 asserit:
2727 2127 2746 2159 ι
2804 2108 3031 2164 δῖὀεο
3088 2110 3338 2165 subsistit
3373 2113 3644 2180 superior.

2047 2196 2305 2266 Spiritus,
2337 2213 2674 2268 nequaquam
2715 2207 2891 2268 potest
2915 2215 2975 2252 ex
3004 2199 3112 2253 Deo
3132 2215 3272 2254 esse.
3307 2199 3460 2267 Quod
3486 2200 3531 2256 si
3553 2217 3616 2253 ex

2047 2289 2154 2342 Deo
2206 2298 2312 2350 est.
2359 2291 2637 2360 antiquior
2676 2305 2798 2345 esse
2850 2290 2979 2353 Deo,
3025 2292 3117 2362 qui
3156 2299 3329 2359 potest
3360 2307 3502 2358 esse,
3551 2306 3619 2346 ex

2044 2399 2151 2451 quo
2194 2385 2326 2438 est?
2370 2384 2482 2438 lmo
2529 2401 2632 2437 nec
2687 2385 2839 2454 prior
2865 2387 3081 2455 quidem
3120 2384 3434 2456 Unigenito.
3494 2403 3618 2440 eum

2045 2477 2188 2529 inter
2233 2474 2430 2529 Filium
2485 2476 2557 2530 sit
2598 2485 2650 2532 et
2697 2477 2905 2533 Patrem
2949 2479 3156 2532 nullum
3194 2479 3454 2534 medium.
3496 2498 3514 2529 ι
3555 2477 3622 2531 Et

2043 2583 2274 2638 magnus
2320 2568 2579 2638 Cyrillus,
2624 2568 2852 2637 epistola
2903 2569 2971 2624 ad
3009 2569 3319 2625 Nestorium
3357 2588 3369 2623 :
3408 2589 3425 2621 ι
3463 2569 3618 2636 Quod

2041 2675 2104 2714 ex
2139 2675 2204 2714 eo
2236 2670 2343 2726 est,
2380 2669 2435 2714 et
2471 2661 2756 2731 prOprium
2791 2662 2988 2729 ipsius,
3025 2681 3044 2714 ι
3081 2665 3342 2732 appellat.
3381 2663 3443 2716 lit
3487 2679 3617 2716 san-

2040 2764 2124 2807 eta
2174 2754 2347 2822 prima
2377 2753 2620 2823 synodus
2662 2769 2756 2821 per
2777 2752 3063 2808 Leontium
3094 2773 3107 2809 :
3139 2775 3156 2806 ι
3191 2754 3467 2810 Invenitur
3499 2757 3619 2824 Spi-

2041 2844 2179 2897 ritus
2217 2853 2441 2898 sanctns
2477 2844 2770 2912 procedere
2803 2845 3024 2911 quidem
3057 2861 3118 2898 ex
3153 2845 3330 2905 Patre.
3366 2849 3618 2914 prapriu-s

2041 2950 2166 2988 vero
2185 2949 2306 2989 esse
2324 2934 2468 2998 Filii,
2487 2945 2542 2989 et
2562 2951 2627 2988 ex
2654 2950 3024 2995 eo,emanaus.
3041 2955 3058 2987 ι
3095 2937 3165 2989 Ea
3191 2937 3359 3004 igitur
3383 2938 3615 2994 τηιίυιιτι.

2041 3041 2145 3094 qua
2163 3026 2365 3079 dicitur
2382 3025 2634 3093 proprius
2651 3023 2843 3089 Patris,
2860 3035 2941 3077 est
2957 3035 3007 3078 et
3022 3025 3276 3094 pr0prius
3296 3025 3436 3080 Filii.
3458 3027 3519 3076 .Io
3541 3044 3618 3079 .n-

1965 3100 2010 3162 (ἶ
2045 3133 2141 3172 nes
2185 3117 2553 3170 Dalnascenus
2579 3156 2593 3175 ,
2622 3115 2797 3181 capite
2834 3125 3044 3176 octavo.
3066 3115 3225 3183 cujus
3264 3115 3615 3185 principium,

2050 3231 2069 3263 ι
2117 3208 2404 3265 Credimus
2440 3222 2592 3272 ergo,
2621 3225 2638 3256 ι
2680 3223 2698 3255 ι
2728 3205 2790 3256 Ει
2835 3205 3008 3259 solum
3059 3205 3318 3274 Spiritum
3361 3218 3612 3263 sanctum

2044 3299 2425 3370 procedentem
2474 3293 2538 3351 ex’
2593 3296 2832 3351 essentia
2869 3296 3045 3350 Patris
3092 3314 3196 3352 non
3235 3297 3614 3368 genitum,scd

2044 3387 2454 3457 procedentem.
2497 3404 2514 3438 ι
2564 3383 2677 3440 Hoc
2724 3401 2942 3454 quoque
2977 3388 3252 3442 maximus
3287 3389 3619 3446 Athanasius

2048 3477 2288 3531 insinuat
2330 3493 2343 3528 :
2377 3495 2393 3526 ι
2439 3475 2514 3528 Ex
2555 3478 2789 3530 essentia
2822 3476 3000 3530 Patris
3035 3477 3271 3543 Spiritus
3306 3489 3552 3534 sanctus.
3593 3499 3611 3531 ι

2047 3567 2156 3620 Nec
2190 3581 2295 3619 non
2326 3575 2378 3618 et
2415 3567 2631 3620 divinus
2662 3564 2936 3633 Cyrillus:
2980 3585 2997 3616 ι
3041 3567 3113 3619 Et
3144 3567 3386 3621 essentia
3419 3566 3564 3620 Filii.
3592 3587 3612 3620 ι

2046 3651 2234 3721 Capite
2256 3651 2537 3705 tricesimo
2557 3659 2751 3720 quarto
2789 3651 3173 3706 Tliesaurorum
3198 3655 3374 3724 inquit
3399 3672 3411 3709 :
3441 3673 3459 3707 ι
3497 3655 3614 3710 Non

2048 3744 2100 3797 in
2135 3744 2350 3814 propria
2388 3745 2691 3805 voluntate,
2732 3753 2824 3797 aut
2856 3745 3033 3798 alieno
3099 3760 3128 3799 a
3192 3747 3470 3802 voluntate
3499 3750 3618 3818 ejus

2048 3835 2303 3897 consilio,
2360 3835 2414 3888 in
2488 3852 2616 3904 quo,
2662 3844 2718 3890 et
2765 3852 2828 3889 ex
2855 3853 2962 3905 quo
2997 3847 3101 3902 est,
3140 3841 3487 3901 ciiiilitentes.
3518 3843 3613 3896 sed

2027 3927 2214 3981 'veluti
2249 3943 2313 3980 ex
2351 3929 2591 3981 essentia
2623 3928 2742 3994 ejus
2776 3944 3062 3983 einanaus.
3101 3949 3120 3981 ι
3171 3928 3323 3993 Ιιειιι,
3367 3950 3386 3982 ι
3427 3931 3503 3984 Ex
3534 3951 3620 3984 es-

2048 4019 2219 4073 sentia
2248 4014 2382 4072 Filii"
2405 4019 2676 4088 Spiritus,
2712 4030 2766 4072 et
2791 4022 2949 4088 quasi
2987 4021 3227 4090 qualitas
3257 4023 3530 4090 quzcdain.
3558 4033 3618 4075 ιιι

2049 4111 2124 4165 ita
2167 4111 2439 4170 dicamus,
2492 4121 2598 4176 est,
2641 4111 2976 4165 dominantis
3026 4113 3269 4164 omnium
3311 4113 3422 4166 Dei.
3478 4112 3531 4165 ld
3569 4118 3615 4168 si

2047 4211 2154 4264 est,
2196 4201 2343 4255 Deus
2370 4201 2539 4270 igitur
2569 4208 2674 4265 est,
2706 4210 2759 4253 et
2802 4218 2908 4254 non
2945 4212 3258 4268 generatus,
3289 4217 3388 4255 nec
3416 4203 3622 4276 factus,

2045 4289 2504 4360 quemadmodum
2558 4291 2806 4357 improbe
2850 4292 3199 4359 opinantibus
3245 4292 3550 4346 videbatur.
3593 4313 3612 4344 ι

2052 4385 2118 4439 Ει
2153 4398 2388 4438 rursus:
2436 4401 2452 4432 ι
2518 4383 2576 4437 ln
2631 4384 2940 4451 Et'angeliis
2989 4384 3240 4438 Salvator
3293 4385 3358 4439 de
3403 4400 3461 4440 se
3499 4387 3617 4454 ipsi:

375 4456 477 4507 καὶ
501 4457 562 4508 οὐ
597 4460 878 4526 γεννητὸν,
911 4458 944 4526 ἢ
992 4475 1234 4524 κτιστον,
1264 4463 1456 4529 ῶσπερ
1488 4464 1600 4526 τοῖς
1636 4464 1942 4527 κακοδόξοις

2051 4473 2221 4527 dicit:
2265 4471 2374 4542 Ego
2413 4470 2797 4526 sum'Veritas.
2829 4471 2892 4524 Et
2937 4473 3127 4526 beatus
3159 4471 3400 4528 Jonnnes
3428 4483 3618 4529 esu-n-

374 4548 572 4600 ἐδόκει.
617 4567 637 4598 ι
682 4550 790 4601 Kal
824 4550 1007 4615 πάλιν,
1048 4570 1066 4602 ι
1119 4549 1209 4603 Ἐν
1239 4555 1348 4611 τοῖς
1391 4552 1750 4619 Εὐαγγελίοι;
1776 4555 1803 4604 6
1837 4556 1950 4608 Σω-

372 4639 482 4705 τήρ
515 4637 618 4688 πού
653 4655 788 4706 φησι
844 4642 975 4710 περὶ
1022 4643 1242 4694 ἑαυτοῦ·
1290 4640 1440 4711 Ἑγώ
1467 4647 1584 4711 ειμι
1609 4644 1645 4711 ἡ
1673 4645 1943 4712 ἀλήθεια.

387 4729 449 4779 Ὀ
479 4728 534 4779 δὲ
568 4746 631 4794 γε
659 4731 846 4798 μακάρ
873 4749 932 4794 ος
971 4733 1224 4800 Ἰωάννης
1267 4734 1328 4785 ἐκ
1374 4751 1434 4785 τε
1474 4735 1574 4803 τῆς
1625 4737 1816 4798 οὐσίας
1851 4737 1948 4790 τοῦ

375 4821 584 4888 Πατρδς
617 4822 832 4875 καὶτοῦ
877 4825 1005 4876 Υίοῦ
1059 4826 1120 4878 τὸ
1171 4825 1394 4892 Πνεῦμα
1431 4828 1720 4890 δεικνύων,
1759 4832 1817 4880 ὲν
1849 4831 1948 4897 μὲν

375 4915 488 4972 τοῖς
521 4913 872 4979 Εὐαγγελίοις
895 4917 1028 4986 φησί
1047 4933 1060 4946 ο
1101 4918 1170 4970 Τὸ
1188 4919 1430 4988 Πνεῦμα
1446 4919 1556 4987 τῆς
1577 4922 1885 4987 ἀληθείας.
1923 4941 1940 4972 ι

375 5003 474 5055 Ἐκ
502 5006 600 5072 τῆς
627 5008 819 5070 οὐσίας
843 5003 938 5061 οὖν
971 5009 1181 5080 Πατρὸς
1211 5011 1308 5063 καὶ
1332 5011 1462 5063 Υίοῦ
1500 5013 1645 5080 παρὰ
1664 5013 1775 5064 τῶν
1801 5015 1947 5068 διδα-

372 5095 590 5147 σκάλων
629 5096 976 5167 ὁμολογεῖται
998 5117 1012 5130 ·
1050 5103 1144 5153 καὶ
1167 5103 1228 5154 οὐ
1255 5102 1489 5173 λέγομεν
1510 5104 1763 5174 διακεκρι
1773 5106 1944 5174 μένην

374 5189 468 5256 τὴν
491 5190 640 5242 θείαν
670 5191 860 5244 οὐσίαν
891 5195 953 5245 ἐκ
986 5193 1094 5248 τῶν
1122 5195 1283 5247 θείων
1317 5197 1649 5265 προσώπων.
1673 5196 1808 5251 ἀλλὰ
1833 5197 1943 5249 πᾶν

369 5286 513 5334 θεῖον
543 5285 838 5351 πρόσωπον
891 5286 1020 5355 ὅλην
1070 5287 1169 5356 τὴν
1212 5289 1407 5341 οὐσίαν
1452 5291 1509 5340 ὲν
1558 5289 1738 5356 ἑαυτῷ
1770 5289 1940 5357 ἔχειν.

381 5377 543 5429 ὐταν
593 5373 687 5431 οὖν
725 5378 978 5449 λέγωμεν
1037 5381 1229 5433 οὐσίαν
1277 5381 1416 5447 μετὰ
1460 5381 1553 5434 τοῦ
1607 5381 1942 5450 ἀναφορικοῦ

368 5473 657 5537 ὀνόματος,
697 5472 757 5521 τὸ
804 5473 987 5524 κοινὸν
1029 5474 1165 5542 μετὰ
1208 5473 1304 5525 τοῦ
1344 5475 1641 5537 ἰδιάζοντος
1683 5474 1940 5543 λέγομεν,

367 5561 444 5621 ὼς
504 5562 584 5628 τῷ
639 5563 772 5633 ἱερῷ
831 5565 1178 5632 Δαμασκηνῴ
1213 5565 1396 5628 δοκεῖ,
1452 5565 1542 5617 καὶ
1573 5566 1942 5630 τοῖς“λοιποί’ς

368 5653 568 5717 ἁγξοις,
604 5655 699 5705 καὶ
746 5654 823 5722 τῷ
855 5655 982 5724 θείῳ
1015 5657 1275 5725 Μαξίμῳ.
1315 5657 1466 5710 Μετὰ
1501 5657 1788 5728 Ἀνομοίου
1833 5659 1941 5729 γὰρ

369 5739 524 5807 ὦτος
571 5746 947 5817 διαλεγόμενός
1001 5767 1158 5819 φησι,
1205 5749 1295 5815 τοῦ
1350 5751 1628 5820 ’Δνομοίου
1667 5752 1936 5820 λέγοντος,

2055 4561 2189 4616 deus
2215 4561 2478 4630 Spiritum
2523 4577 2588 4614 ex
2638 4565 2874 4615 essmtia
2935 4562 3110 4615 Patris
3141 4571 3194 4614 ct
3249 4562 3371 4615 Filii
3410 4579 3530 4618 esse
3563 4567 3616 4616 in

2053 4651 2362 4721 Erangeliis
2393 4650 2652 4719 Spiritum
2686 4653 2926 4705 veritatis
2975 4654 3232 4721 appellat.
3271 4672 3290 4703 ι
3329 4651 3404 4706 Ex
3432 4669 3622 4708 essen-

2055 4745 2124 4794 tia
2181 4744 2362 4809 itaque
2425 4742 2604 4798 Patris
2657 4752 2709 4796 et
2744 4742 2861 4796 Filii
2895 4759 2921 4794 τι
2953 4743 3277 4799 doctoribus
3307 4745 3615 4807 asset-itum

2051 4851 2229 4904 neque
2274 4852 2374 4890 nos
2429 4836 2665 4888 divinam
2718 4835 3017 4890 essentiam
3060 4851 3087 4888 a
3122 4836 3324 4891 divinis
3369 4837 3618 4906 personis

2050 4929 2315 4997 disjungi,
2362 4931 2456 4982 sed
2516 4928 3055 4996 dixinatnqnamque
3081 4943 3368 4995 personam
3405 4931 3619 4982 uniter-

2049 5036 2167 5074 sam
2221 5022 2515 5075 essentiam
2564 5021 2618 5072 in
2679 5020 2971 5087 semetipsa
3035 5020 3322 5074 continere
3359 5020 3614 5071 dicimus.

2048 5113 2182 5167 Cum
2223 5112 2408 5181 itaque
2433 5112 2671 5164 dit-imus
2695 5111 2993 5165 essentiam
3025 5126 3149 5164 cum
3183 5110 3403 5164 nomine
3433 5112 3616 5160 relati-

2047 5218 2136 5268 vo,
2169 5217 2460 5257 commune
2492 5217 2614 5256 cum
2645 5204 2868 5272 proprio
2896 5201 3154 5262 dicimus,
3185 5209 3243 5254 ut
3275 5206 3466 5252 sancto
3501 5201 3616 5267 pla-

2048 5302 2134 5348 cet
2172 5291 2513 5346 Damasceno
2550 5299 2603 5344 et
2633 5291 2842 5345 sanctis
2872 5291 3017 5353 aliis,
3054 5297 3167 5341 tum
3207 5295 3465 5354 praeterea
3491 5303 3617 5340 sau-

2045 5395 2134 5439 cto
2176 5384 2431 5437 Maximo.
2482 5381 2576 5435 Hic
2624 5385 2768 5436 enim
2827 5399 2948 5434 cum
2990 5383 3254 5432 Anomteo
3285 5379 3614 5446 edisserens,

2045 5494 2169 5531 cum
2223 5477 2312 5530 ille
2376 5474 2626 5537 divissct,
2687 5495 2704 5527 ι
2765 5476 2920 5528 Aliud
2965 5472 3222 5530 essentia.
3263 5473 3485 5526 etaliud
3520 5475 3616 5544 liy-

2045 5572 2328 5639 postasis;
2381 5589 2396 5619 ι
2456 5587 2474 5619 ι
2515 5568 2694 5631 Aliud,
2756 5567 2888 5621 dixit
2948 5572 3193 5629 sanelus,
3219 5575 3270 5618 et
3304 5564 3472 5628 aliud,
3509 5583 3614 5620 non

2048 5663 2126 5715 nti
2172 5677 2280 5715 res.
2345 5679 2362 5712 ι
2411 5661 2516 5713 Sed
2577 5660 2735 5712 Pater
2786 5657 3047 5726 Spiritum
3087 5657 3362 5724 producit,
3406 5672 3512 5710 non
3546 5660 3620 5710 ab

2047 5757 2152 5810 alio
2180 5753 2494 5824 accipiens:
2534 5754 2646 5822 ipsc
2692 5753 2835 5804 enim
2886 5757 2967 5803 est
3027 5749 3142 5805 sola
3184 5765 3348 5803 causa
3385 5759 3426 5802 ει
3461 5752 3615 5815 pm;-
