3980 6214
390 250 495 313 ξιτ
1100 248 1326 312 GREG.
1375 247 1677 314 MAMM/E
1716 254 1827 316 ΕΡ.
1869 254 1957 315 ΡΑ

2072 302 2084 315 .
2126 254 2224 314 AD
2266 251 2420 316 lMP.
2464 250 2940 314 TRAPEZUNT.
3544 249 3649 313 258

393 368 621 435 cipium.
668 368 853 439 Neque
920 372 1065 428 enim
1123 389 1291 429 causa
1338 377 1444 433 alia
1494 379 1964 453 praeintelligitur,

2081 402 2098 435 ι
2123 380 2287 435 Ἄλλο
2317 379 2472 433 οὑσία
2498 382 2592 431 καὶ
2621 378 2750 433 ἄλλο
2781 378 3098 434 ὑπόστασις,
3131 391 3148 422 ι
3184 392 3201 423 ι
3239 371 3419 433 Ἄλλο,
3449 370 3648 440 ἔφησεν

392 475 571 531 neque
599 462 925 532 principium
955 479 970 530 ;
1006 470 1061 519 at
1093 463 1263 523 Filius
1296 485 1402 527 non
1431 486 1460 525 a
1492 473 1676 543 seipso
1702 472 1964 544 Spiritum

2071 479 2096 529 6
2122 472 2296 539 ἅγιος,
2333 469 2486 523 εἷπον
2532 470 2628 523 καὶ
2672 469 2822 533 ἄλλο,
2862 469 2962 536 οὑχ
2989 467 3064 528 ὼς
3111 465 3367 536 πρᾶγμα.
3397 483 3416 515 ι
3446 463 3589 517 Ἀλλ’
3620 467 3647 516 6

390 552 576 617 habet,
602 553 696 608 sed
730 568 759 608 a
790 553 984 617 Patre.
1027 555 1189 613 sicuti
1244 559 1405 618 divus
1433 561 1672 634 Cyrillus
1707 567 1759 621 in
1793 568 1963 621 inter-

2071 560 2168 629 μὶν
2203 561 2392 629 Πατὴρ
2417 559 2533 629 ἔχει
2560 560 2618 613 τὸ
2653 559 2879 629 Πνεῦμα
2921 558 2979 611 τὸ
3015 557 3171 625 ἆγιον
3210 555 3557 625 προϐάλλων,
3584 557 3644 609 οὑ

390 644 748 713 pretationem
778 645 958 704 illius:
994 649 1062 704 Et
1086 652 1194 719 ipse
1229 654 1419 725 rogabo
1448 655 1690 722 Patrem,
1719 669 1769 713 et
1799 660 1964 714 alium

2071 652 2196 722 παρ’
2218 653 2378 707 ἄλλου
2400 649 2584 706 λαϐὼν
2603 669 2617 681 ·
2654 651 2817 713 αὐτὸς
2847 650 2955 717 γάρ
2980 650 3099 702 ἔστι
3128 651 3223 705 καὶ
3260 648 3420 718 μόνος
3453 646 3643 708 αἴτιος,

388 734 751 799 Paracletum.
792 737 907 791 ait:
952 756 971 790 ι
1010 738 1103 795 Dei
1135 741 1284 796 enim
1319 752 1375 799 et
1408 742 1591 801 Patris
1623 748 1960 803 naturalium

2071 746 2164 800 καὶ
2215 746 2350 815 μόνη
2402 745 2584 815 ἀρχίγ
2619 743 2682 797 οὑ
2730 743 2839 813 γὰρ
2892 741 3006 812 ἔχει
3037 740 3539 809 προεπινοοὺμενον
3560 742 3645 793 af-

390 826 658 880 honorum
686 826 863 885 Filius
890 830 1168 900 particeps
1200 847 1323 887 cum
1358 835 1451 900 sit,
1485 835 1655 892 habet
1689 837 1958 907 Spiritum

2071 853 2199 899 τιον,
2247 835 2367 890 οὑδὲ
2407 832 2914 905 προεπινοουμένην
2956 830 3131 902 ἀρχὴν
3162 844 3175 857 °
3215 829 3242 880 6
3296 827 3352 880 δὲ
3408 827 3534 889 Υἱὸς
3582 827 3644 878 οὑ

387 922 693 974 secundum
716 920 869 976 illum
896 922 1151 979 eumdem
1185 926 1432 993 modum,
1463 931 1774 989 secundum
1802 949 1963 1002 quem

2071 928 2199 996 παρ’
2228 925 2427 981 ἑαυτοῦ
2466 925 2528 978 τὸ
2583 922 2807 992 Πνεῦμα
2848 922 2986 990 ἔχει,
3013 918 3131 974 ἀλλ’
3170 920 3234 971 ὲκ
3258 916 3367 970 τοῦ
3405 918 3641 987 Πατρὶς.

389 1010 716 1080 intelligitur
751 1012 915 1069 Pater
968 1015 1195 1073 habere.
1255 1037 1274 1066 ι
1324 1018 1461 1075 Tum
1514 1025 1733 1080 modum
1786 1026 1965 1097 expri-

389 1118 548 1159 mens
570 1106 822 1176 cxemplo
844 1107 910 1160 ab
934 1108 1153 1167 homine
1180 1110 1476 1183 desumpta
1494 1122 1659 1185 quam
1680 1117 1965 1187 aptissimo

386 1195 490 1263 rei,
519 1196 587 1252 de
619 1214 723 1268 qua
762 1214 946 1256 sermo
977 1212 1081 1266 est,
1116 1214 1279 1274 atque
1308 1207 1512 1262 indicio
1541 1208 1760 1265 subdit:
1797 1228 1816 1263 ι
1854 1211 1960 1266 Sed

388 1288 847 1355 quemadmodum
917 1294 1301 1365 unusquisque
1388 1307 1636 1354 nostrum
1707 1302 1963 1370 spiritum

387 1379 674 1449 pr0prium
708 1379 761 1435 in
788 1385 1088 1454 semetipso
1115 1388 1386 1448 continet.
1419 1399 1471 1444 et
1505 1404 1569 1445 ex
1594 1390 1808 1448 intimis
1831 1409 1966 1463 prae-

387 1468 598 1525 cordiis
641 1471 705 1525 ad
755 1474 1033 1530 exteriora
1081 1479 1305 1535 emittit.
1366 1477 1596 1548 Propter
1639 1482 1689 1537 id
1730 1487 1876 1538 enim
1910 1494 1965 1540 et

389 1574 654 1630 corporea
713 1562 868 1619 illum
929 1564 1188 1622 Christus
1236 1566 1572 1635 iusulllavit,
1630 1573 1962 1638 ostendens,

2065 1023 2251 1086 καθὼς
2290 1025 2387 1078 καὶ
2425 1023 2453 1075 6
2490 1019 2774 1080 θεσπέσιος
2832 1014 3100 1084 Κύριλλος
3161 1015 3219 1067 ἣν
3276 1014 3345 1083 τῇ
3378 1010 3643 1079 ἑρμηνεία

2064 1118 2133 1185 τῇ
2168 1116 2247 1175 είς
2278 1113 2361 1180 τὸ,
2396 1111 2569 1182 Κάγὼ
2602 1109 2882 1179 ἐρωτήσω
2907 1107 3015 1160 τὸν
3048 1106 3297 1173 Πατέρα,
3331 1104 3427 1157 καὶ
3452 1103 3645 1155 ἄλλον

2069 1205 2488 1275 Παράκλητυν,
2515 1203 2671 1273 φησί·
2695 1221 2714 1254 ι
2743 1202 2864 1254 Τῶν
2891 1200 3000 1269 γὰρ
3023 1199 3116 1253 τοῦ
3140 1197 3275 1251 Θεοῦ
3298 1196 3395 1250 καὶ
3432 1195 3644 1264 Πατρδς

2067 1299 2317 1370 φυσικῶν
2354 1296 2575 1365 ἀγαθῶν
2624 1293 2901 1355 οὑσιωδῶς
2932 1292 3197 1361 ὑπάρχων
3229 1289 3258 1341 6
3291 1288 3419 1350 Υἱὸς
3452 1304 3644 1340 atomo-

2065 1392 2174 1454 νδς,
2207 1391 2318 1459 ἔχει
2351 1390 2412 1443 τὸ
2463 1387 2691 1454 Πνεῦμα
2742 1384 2884 1437 κατὰ
2914 1383 3107 1437 τοῦτον
3146 1382 3239 1435 τὸν
3272 1381 3476 1451 τρόπον
3519 1379 3643 1432 καθ’

2064 1484 2235 1552 ὅνπερ
2263 1481 2330 1535 ἂν
2356 1482 2529 1534 νοοῖτο
2569 1480 2664 1533 καὶ
2691 1479 2719 1531 6
2764 1479 2979 1546 Πατήρ.
3024 1496 3044 1529 ι
3082 1471 3215 1529 Εἶτα
3251 1475 3345 1528 καὶ
3394 1473 3485 1525 τὸν
3513 1472 3639 1541 τρό-

2068 1591 2169 1628 πον
2204 1573 2486 1642 ὲκφαίνων
2540 1570 2632 1624 διά
2681 1586 2742 1623 τε
2787 1568 3237 1639 παραδείγματος
3293 1564 3639 1635 ἀνθρωπίνου

388 1654 850 1721 quemadmodum
890 1672 955 1711 ex
994 1671 1089 1713 ore
1118 1658 1356 1715 hominis
1386 1662 1666 1731 egreditur
1732 1664 1964 1732 spiritus

2071 1666 2162 1719 ml.
2215 1665 2444 1734 σημείου
2503 1660 2845 1716 οἰκειοτάτου
2905 1659 2983 1726 τῷ
3032 1657 3365 1727 πράγματι,
3429 1654 3593 1723 φησίν
3624 1670 3640 1685 υ

389 1758 677 1813 corporee,
732 1747 847 1816 pari
894 1746 1059 1823 modp
1088 1762 1152 1801 ex
1183 1748 1365 1804 divina
1399 1751 1663 1811 essentia.
1701 1762 1758 1806 ut
1794 1753 1961 1808 Deum

2071 1775 2093 1807 ο
2144 1724 2303 1809 an"
2335 1754 2526 1825 ὥσπερ
2569 1754 2729 1824 ἡμῶν
2765 1724 3004 1813 ἕκαστος
3055 1724 3118 1803 ιδ
3171 1724 3305 1802 is...
3364 1748 3422 1801 ιν
3465 1746 3644 1812 ἑαυτῷ

389 1832 565 1902 decet,
629 1836 972 1902 elTunditur,
1023 1840 1121 1910 qui
1176 1855 1242 1894 ex
1292 1839 1406 1911 ipsa
1450 1852 1556 1899 est.
1602 1862 1619 1898 ι
1658 1843 1780 1900 Jam
1817 1846 1963 1899 enim

391 1927 526 1982 satis
584 1937 837 1998 patenter
888 1938 943 1984 et
989 1932 1215 1985 modum
1267 1933 1516 2001 tradidit,
1545 1950 1655 2009 quo
1692 1934 1961 2007 Spiritum

390 2018 568 2075 Filius
623 2020 833 2076 habet:
870 2038 979 2077 non
1034 2023 1143 2079 σεο
1183 2024 1416 2089 scilicet.
1466 2041 1629 2096 quam
1668 2042 1775 2096 quo
1810 2028 1961 2083 illum

389 2109 550 2166 Pater
578 2112 780 2166 habet.
814 2112 919 2167 Sed
954 2113 1042 2169 hic
1068 2114 1289 2185 quidem
1322 2132 1433 2172 non
1474 2132 1503 2171 a
1545 2118 1754 2188 seipse,
1805 2108 1899 2174 Sed
1934 2134 1964 2172 a

388 2202 548 2259 Patre
569 2245 585 2270 ,
620 2204 783 2261 Pater
816 2214 999 2262 autem
1026 2222 1133 2262 non
1163 2207 1232 2261 ab
1269 2207 1378 2263 alio
1398 2248 1413 2273 ,
1452 2209 1547 2264 sed
1577 2225 1607 2266 a
1637 2211 1840 2279 seipso.
1869 2210 1964 2265 llis

392 2293 698 2349 conformia
728 2304 957 2353 sanctus
989 2313 1214 2368 quoque
1244 2298 1592 2366 Augustinus
1612 2300 1744 2355 dicit
1771 2316 1965 2356 secun-

388 2386 462 2442 do
512 2387 581 2442 de
640 2378 910 2443 Trinitatc
965 2390 1143 2454 libro,
1206 2392 1387 2461 capite
1445 2402 1643 2447 octavo
1700 2396 1805 2455 (est
1839 2394 1963 2449 libri

388 2492 441 2532 tv
466 2493 590 2547 cap.
624 2478 757 2549 20):
790 2500 817 2528 α
849 2478 960 2535 Nec
980 2494 1279 2550 possumus
1311 2483 1519 2546 dicere,
1550 2485 1691 2553 quod
1725 2483 1964 2553 Spiritus

390 2579 616 2624 sanctus
646 2578 701 2624 et
732 2584 760 2624 a
785 2569 929 2626 Filio
976 2588 1084 2626 non
1123 2574 1405 2641 procedat.
1442 2573 1626 2641 Neque
1668 2574 1815 2629 enim
1849 2577 1961 2629 fru-

392 2670 505 2714 stra
541 2660 681 2716 idem
718 2661 962 2730 Spiritus
1006 2672 1061 2719 et
1094 2662 1273 2720 Patris
1308 2673 1361 2717 et
1390 2664 1509 2719 Filii
1546 2664 1787 2735 Spiritus
1828 2668 1962 2722 dici-

390 2762 502 2807 tur.
523 2752 632 2808 Nec
666 2754 845 2820 video,
866 2757 1012 2824 quod
1041 2755 1186 2809 aliud
1218 2756 1528 2827 signiﬁcare
1552 2755 1805 2821 voluerit,
1834 2771 1958 2811 cum

393 2843 617 2900 sufﬂans
658 2845 711 2898 iu
763 2845 956 2900 faciem
990 2846 1394 2916 discipulorum
1426 2847 1501 2900 ait
1530 2862 1545 2899 :
1578 2847 1811 2915 Accipite
1844 2845 1963 2916 Spi-

388 2936 551 2987 ritum
585 2946 853 2994 sanctum.
887 2935 1071 3006 Neque
1114 2939 1260 2992 enim
1297 2935 1511 2992 afﬂatus
1546 2937 1639 2994 ille
1665 2952 1962 3007 corporeus

366 3020 512 3080 eum
545 3045 708 3082 sensu
739 3030 1105 3097 corporaliter
1131 3029 1387 3099 tangendi
1414 3029 1716 3099 procedens
1745 3046 1808 3085 ex
1841 3044 1964 3084 cor-

391 3136 519 3189 pore
544 3120 851 3176 substantia
873 3120 1113 3191 Spiritus
1133 3137 1252 3177 sant
1272 3121 1310 3177 ti
1338 3122 1443 3175 fuit
1464 3137 1478 3188 ;
1499 3121 1592 3175 sed
1616 3124 1961 3175 demonstra-

391 3214 465 3266 tio
532 3229 627 3283 per
668 3228 972 3283 congruam
1028 3215 1513 3283 significationem,
1548 3226 1657 3268 non
1691 3220 1901 3267 tantum
1932 3227 1961 3266 a

387 3301 567 3366 Patre,
600 3303 693 3358 sed
720 3314 818 3357 eta
850 3302 988 3356 Filio
1010 3304 1305 3373 procedere
1332 3302 1595 3372 Spiritum
1622 3312 1896 3359 sanetum.
1941 3322 1959 3355 ι

2069 1846 2287 1916 πνεῦμα
2318 1844 2557 1915 συνέχει,
2597 1844 2693 1898 καὶ
2739 1845 2802 1897 ἐκ
2851 1841 2959 1895 τῶν
2990 1838 3286 1913 ἐνδοτάτων
3318 1835 3645 1905 σπλάγχνων

2067 1940 2151 1997 τίς
2181 1938 2242 1990 τὺ
2274 1937 2380 2001 ἔξω
2410 1934 2659 2006 προχέει.
2694 1934 2795 1987 Διά
2832 1934 2942 2004 γάρ
2976 1948 3061 1985 τοι
3085 1929 3244 1983 τοῦτο
3270 1929 3368 1983 καὶ
3403 1942 3645 1995 σωματιο

2070 2028 2185 2093 κῶς
2219 2028 2351 2082 αὐτὸ
2379 2028 2718 2096 ἐνεφύσησεν
2753 2027 2780 2078 6
2827 2023 3086 2095 Χριστὸς,
3137 2020 3380 2084 δεικνὺς,
3407 2019 3489 2071 ὃτι
3536 2034 3643 2069 κα-

2071 2118 2250 2187 θάπερ
2301 2118 2363 2168 ὲκ
2410 2115 2505 2169 τοῦ
2559 2115 2828 2185 στόματος
2871 2112 2969 2166 τοῦ
3024 2109 3369 2179 ἀνθρωπείου
3422 2108 3646 2175 πρόεισι

2072 2211 2136 2263 τὸ
2172 2208 2389 2279 πνεῦμα
2435 2208 2788 2277 σωματικῶς,
2824 2202 2968 2261 οὕτω
2994 2204 3090 2258 καὶ
3120 2205 3182 2255 ὲκ
3217 2203 3315 2271 τῆς
3346 2201 3497 2261 θεέας
3540 2199 3641 2251 οὑ-

2068 2302 2189 2365 σίας
2216 2300 2539 2370 θεοπρεπῶς
2567 2301 2855 2370 προχεῖται
2885 2296 2945 2349 τὸ
2976 2295 3035 2360 ἐξ
3059 2295 3250 2362 αὑτῆς.
3294 2311 3313 2343 ι
3361 2292 3502 2360 Ἤδη
3532 2289 3645 2357 γὰρ

2068 2393 2259 2461 σαφῶς
2288 2393 2385 2445 καὶ
2422 2391 2518 2445 τδν
2552 2391 2754 2459 τρόπον
2788 2388 3066 2453 ἀπέδωκε,
3106 2385 3230 2439 καθ’
3265 2384 3327 2437 δν
3363 2384 3424 2435 τὸ
3469 2380 3648 2433 Πνεῦ-

2071 2502 2147 2555 μα
2200 2484 2312 2555 ἔχει
2341 2485 2368 2537 6
2404 2482 2555 2547 Υίδς,
2604 2482 2703 2534 οὑκ
2732 2480 2891 2535 ἄλλον
2931 2476 3181 2549 δηλονότι
3224 2475 3257 2545 ἢ
3291 2473 3416 2527 καθ’
3442 2472 3500 2524 ὃν
3527 2469 3645 2539 ἔχει

2064 2580 2224 2631 τοῦτο
2263 2577 2292 2629 6
2329 2576 2539 2644 Πατήρ.
2584 2573 2731 2629 Ἀλλ’
2763 2576 2791 2626 6
2839 2573 2938 2642 μὲν
2977 2572 3077 2625 οὐκ
3122 2571 3217 2638 ἀφ’
3263 2565 3478 2632 ἑαυτοῦ,
3522 2564 3646 2617 ἀλλ’

2066 2670 2129 2721 ὲκ
2183 2665 2277 2720 τοῦ
2329 2667 2581 2735 Πατρός·
2619 2667 2647 2719 6
2692 2666 2747 2719 δὲ
2785 2664 2974 2735 Πατὴρ
3025 2664 3086 2717 οὑ
3136 2661 3268 2731 παρ’
3302 2659 3485 2723 ἄλλου,
3519 2656 3648 2710 ἀλλ’

2066 2758 2162 2828 ἀφ’
2193 2758 2415 2814 ἑαυτοῦ.
2443 2758 2665 2829 Συνῳδὰ
2698 2757 2874 2829 τούτῳ
2906 2756 3004 2811 καὶ
3039 2756 3066 2809 ὁ
3094 2756 3238 2816 θεῖος
3276 2751 3647 2819 Αὑγουστῐνος

2068 2852 2372 2920 φθέγγεται
2418 2853 2474 2903 ὲν
2528 2850 2605 2920 τῷ
2652 2849 2783 2923 περὶ
2815 2849 3049 2919 Τριάδος
3091 2845 3283 2918 βιϐλίῳ
3315 2846 3551 2912 δευτέρῳ
3580 2844 3648 2892 ὲν

2066 2942 2352 3010 κεφαλαίῳ
2393 2941 2585 3011 ὀγδόῳ,
2640 2942 2867 3009 φάσκων
2894 2957 2909 2973 ο
2943 2957 2966 2989 ι
3002 2938 3081 2995 Οὐ
3130 2937 3315 3008 μέντοι
3358 2932 3646 3001 δυνάμεθα

2067 3033 2270 3100 λέγειν,
2295 3033 2377 3086 ὅτι
2426 3033 2486 3086 τὸ
2550 3034 2775 3103 Πνεῦμα
2830 3032 2891 3087 τὸ
2942 3033 3100 3101 ἅγιον
3147 3030 3270 3099 οὐχὶ
3322 3026 3418 3080 καὶ
3450 3029 3511 3080 ὲκ
3540 3022 3642 3076 τοῦ

2070 3126 2202 3179 Υἰοῦ
2232 3126 2612 3198 ἐκπορεύεται.
2645 3125 2781 3180 Οὐδὲ
2835 3126 2942 3195 γὰρ
2974 3124 3150 3194 μάτην
3180 3122 3315 3175 αὐτὸ
3350 3118 3418 3177 τὺ
3465 3114 3646 3173 Πνεῦ-

2076 3234 2152 3287 μα
2188 3217 2405 3288 Πατρδς
2440 3219 2533 3291 καὶ
2564 3217 2695 3273 me
2738 3216 2979 3285 λέγεται.
3014 3211 3155 3269 Οῦτε
3186 3212 3293 3282 μὴν
3325 3207 3649 3289 συνορῶμεν

2075 3308 2128 3359 τί
2159 3326 2289 3363 ποτε
2318 3310 2505 3381 ἕτερον
2540 3311 2787 3379 σημᾶναι
2815 3307 3097 3378 ἡόούλετο,
3137 3304 3299 3373 ἡνίκα
3320 3299 3644 3371 ἐμφυσήσας

387 3394 468 3456 είς
520 3395 578 3445 τὸ
625 3394 917 3463 πρόσωπον
966 3396 1072 3447 τῶν
1132 3394 1393 3464 μαθητῶν
1425 3433 1441 3459 ,
1502 3393 1648 3448 εἴπεο
1704 3395 1929 3449 Λάϐετε
1999 3394 2252 3468 Πνεῦμα
2309 3402 2503 3472 ἅγιον.
2573 3402 2712 3458 Οὐδὲ
2770 3402 2880 3471 γὰρ
2954 3399 3016 3452 τὸ
3078 3394 3389 3465 σωματικὸν
3464 3392 3647 3444 ἐκεῖνο

388 3485 697 3557 ἐμφύσημα
753 3487 1111 3555 συναισθήσει
1188 3486 1281 3539 τοῦ
1338 3485 1671 3555 σωματικῶς
1714 3484 1998 3553 θιγγάνειν
2041 3491 2232 3557 προϊὸν
2299 3492 2364 3544 ἐκ
2391 3492 2484 3545 τοῦ
2533 3493 2807 3561 στόματος
2839 3491 2872 3559 ἡ
2903 3490 3059 3542 οὑσία
3080 3484 3173 3540 τοῦ
3206 3483 3362 3551 ἁγίου
3392 3482 3657 3546 Πνεῦμα..

386 3599 480 3643 τος
515 3575 605 3651 ἦν,
636 3578 755 3635 ἀλλ’
783 3578 1013 3645 ἔνδειξις
1051 3577 1140 3632 διὰ
1168 3579 1508 3651 καταλλήλου
1541 3576 1854 3649 δηλώσεως,
1893 3577 1968 3649 μὴ
2011 3580 2175 3648 μόνον
2225 3585 2290 3635 ἐκ
2341 3583 2435 3638 τοῦ
2487 3585 2724 3655 Πατρὸς,
2758 3582 2893 3635 ἀλλὰ
2934 3580 3029 3634 καὶ
3078 3580 3144 3632 ὲκ
3195 3576 3293 3630 τοῦ
3360 3572 3491 3627 Υἱοῦ
3546 3571 3644 3622 ικ-

392 3674 721 3741 πορεὺεσθαι
757 3672 818 3726 τὸ
865 3672 1093 3742 Πνεῦμα
1131 3673 1193 3726 τὸ
1224 3672 1402 3741 ἆγιον.
1439 3692 1459 3726 ι

465 3769 557 3823 21.
621 3768 687 3823 Et
742 3767 823 3823 sic
878 3782 1000 3833 nos,
1054 3769 1355 3823 orationem
1399 3765 1556 3822 facile
1604 3780 1668 3821 ac
1718 3771 1965 3836 prompte

389 3863 726 3935 digereutcs,
770 3858 837 3913 ad
874 3860 1036 3913 linem
1072 3857 1439 3927 pervenimus,
1478 3855 1719 3911 debitum
1754 3854 1964 3923 persol-

2073 3858 2390 3929 βουλόμενοι
2447 3859 2711 3924 ποιῆσαι,
2766 3856 2865 3925 ἤδη
2912 3853 3009 3907 καὶ
3068 3854 3453 3921 πεποιήκαμεν
3504 3851 3641 3918 ἀφο-

392 3965 599 4015 ventes,
625 3960 687 4007 ut
714 3960 874 4006 antea
909 3949 1121 4020 praefati
1148 3964 1364 4015 sumus,
1404 3964 1434 4003 a
1468 3948 1626 4002 nobis
1658 3947 1808 4002 hisce
1838 3960 1963 4015 pro-

2071 3949 2317 4012 σιοῦντες
2343 3951 2403 4003 τὸ
2430 3952 2612 4021 χρέος.
2674 3948 2750 4012 ὡς
2784 3947 2881 4002 καὶ
2913 3946 3216 4015 φθάσαντες
3266 3945 3494 4012 ἔφημεν,
3524 3943 3641 3994 δει-

397 4043 591 4113 positis
614 4042 1080 4102 demonstrantes,
1100 4045 1416 4093 nostrorum
1436 4052 1749 4093 sermonum
1772 4035 1962 4090 Patres

2071 4039 2296 4102 κνὺντες
2328 4038 2420 4091 διὰ
2463 4039 2572 4091 τῶν
2606 4037 2933 4108 εἰρημένων,
2964 4036 3037 4097 ὡς
3077 4035 3202 4097 τοὺς
3227 4035 3366 4086 Πατέ
3378 4049 3476 4101 ρας
3508 4033 3645 4099 ἡγε-

395 4144 647 4191 auctores
682 4133 883 4189 habere
917 4148 933 4186 :
967 4138 1022 4187 et
1047 4131 1152 4186 hac
1176 4131 1390 4187 ratione
1427 4145 1529 4185 nos
1559 4130 1612 4183 iu
1645 4138 1831 4185 nostro
1862 4142 1959 4196 pa-

2076 4133 2244 4200 μόνας
2281 4131 2390 4183 τῶν
2422 4129 2710 4199 ἡμετέρων
2746 4129 2921 4194 λόγων
2966 4128 3184 4197 ἔχομεν,
3221 4125 3312 4177 καὶ
3362 4122 3535 4184 οὕτως
3580 4121 3642 4173 ἐν

391 4236 550 4282 terno
573 4225 622 4280 dc
646 4234 825 4296 gmate
849 4238 1218 4293 perseverare,
1245 4222 1407 4278 sicuti
1430 4238 1517 4286 ea,
1548 4237 1669 4291 qua:
1699 4220 1959 4287 diximus,

2072 4223 2151 4293 τῷ
2208 4224 2460 4292 ἡμετέρῳ
2507 4222 2585 4290 τῷ
2640 4222 2854 4291 πατρίῳ
2906 4220 3226 4289 ἐμμένομεν
3261 4218 3527 4286 δόγματι,
3562 4216 3641 4277 ὡς

392 4318 571 4389 palam
594 4317 803 4371 faciunt
832 4333 848 4369 :
874 4324 928 4371 et
949 4315 1085 4369 nihil
1117 4316 1244 4369 novi
1274 4316 1325 4367 in
1359 4325 1606 4369 sanctam
1627 4314 1831 4369 Christi
1861 4313 1964 4369 Ec-

2072 4314 2401 4379 6taaazpo§ct
2459 4314 2603 4381 μάλα
2652 4312 2871 4383 τρανῶς
2915 4313 2982 4365 τὰ
3022 4311 3313 4380 εἰρημένα.
3346 4311 3458 4363 Καὶ
3488 4306 3642 4360 οὐδὲν

395 4411 620 4464 elesiam
656 4424 764 4476 pra:
796 4408 881 4461 his
901 4424 1020 4475 qua:
1046 4423 1073 4461 a
1100 4408 1312 4462 sanctis
1333 4408 1541 4461 nostris
1560 4405 1838 4467 Patribus.
1861 4420 1960 4461 nec

2072 4408 2262 4461 καινὸν
2292 4406 2590 4476 εισήξαμεν
2646 4407 2727 4467 είς
2776 4404 2877 4474 τὴν
2915 4402 3010 4457 τοῦ
3043 4401 3280 4473 Χριστοῦ
3311 4401 3474 4467 ἁγίαν
3517 4399 3643 4452 Ἐκ-

400 4514 507 4554 non
536 4496 857 4552 doctoribus
888 4508 941 4550 et
990 4495 1257 4563 theologis
1284 4493 1587 4547 constituta
1626 4504 1754 4549 sunt
1785 4495 1962 4548 intro-

2071 4499 2300 4570 κλησίαν
2347 4498 2503 4567 παρὰ
2547 4496 2616 4549 τὰ
2666 4496 2965 4565 δεδογμένα
2990 4497 3103 4556 τοῖς
3136 4494 3315 4561 ἁγίοις
3338 4492 3499 4561 ἡμῶν
3528 4492 3639 4544 Πα-

394 4589 636 4643 duxisse.
661 4586 817 4651 Quod
839 4585 886 4637 si
911 4600 974 4639 ea
1001 4584 1273 4652 majestati
1298 4593 1403 4638 tute
1430 4584 1564 4638 satis
1583 4599 1690 4638 non
1715 4584 1961 4645 sunt,scd

2071 4591 2232 4661 τράσι
2265 4590 2361 4643 καὶ
2403 4588 2748 4650 διδασκάλοις
2808 4587 2901 4640 καὶ
2964 4585 3261 4653 θεολόγοις.
3325 4584 3387 4637 EE
3438 4584 3494 4636 δὲ
3538 4584 3641 4636 οὐκ

397 4694 461 4756 ea
491 4677 744 4749 pluribus
784 4691 1002 4745 quoque
1041 4675 1607 4731 demonstrationibus
1639 4675 1958 4730 confirmari

2071 4685 2324 4754 ἀρκεῖται
2353 4684 2385 4750 ἡ
2420 4684 2486 4749 σὴ
2518 4679 2773 4751 βασιλεία
2806 4680 2865 4731 ὲν
2890 4680 3124 4741 τούτοις,
3165 4678 3304 4729 ἀλλὰ
3330 4677 3426 4729 καὶ
3458 4676 3642 4728 πλείου

394 4768 701 4832 desideras,
730 4768 1049 4829 dummodo.
1101 4767 1244 4836 quod
1278 4766 1596 4823 scandalum
1633 4767 1828 4835 injicit,
1878 4768 1960 4821 iu-

2071 4791 2155 4828 σιν
2178 4773 2490 4839 ἀποδείξεσι
2537 4772 2747 4842 βούλει,
2795 4772 2845 4823 εί
2901 4772 3064 4840 μόνον
3110 4770 3331 4839 γνῶμεν
3372 4768 3434 4821 τὸ
3475 4784 3640 4820 σκαν-

2143 3762 2254 3818 κα’.
2286 3762 2476 3818 Ταῦτα
2531 3762 2634 3833 μὲν
2695 3758 2789 3816 οὖν
2824 3762 2901 3824 ῶς
2956 3761 3014 3813 ιν
3056 3759 3334 3830 προχείρῳ
3363 3756 3455 3810 τδν
3476 3756 3647 3824 λόγον

395 4872 664 4924 notescat,
697 4860 971 4916 similibus
1006 4868 1324 4915 sanctorum
1378 4859 1707 4915 testimoniis
1730 4859 1968 4928 explica-

394 4956 597 5012 bimus.
634 4952 751 5009 Non
774 4953 918 5007 enim
949 4967 1235 5022 possumus
1272 4952 1478 5013 omnia,
1515 4966 1636 5019 quae
1663 4950 1968 5006 afferuntur

394 5049 451 5103 in
482 5048 585 5100 hoc
616 5052 966 5114 argumento,
989 5045 1154 5097 unico
1180 5052 1390 5097 tantum
1424 5043 1700 5112 colloquio
1748 5043 1969 5112 expedi-

396 5156 454 5195 re
483 5146 707 5211 propter
731 5138 1057 5199 satietatem,
1088 5152 1204 5203 qua:
1234 5138 1461 5191 auribus
1480 5137 1822 5201 adversatur,
1842 5136 1968 5191 licet

405 5242 565 5295 quam
603 5226 838 5281 maxime
866 5225 1028 5294 digna
1086 5226 1159 5280 sit
1209 5224 1613 5288 admiratione,
1669 5226 1968 5295 gratiisque

401 5317 663 5373 abundet.
717 5317 1019 5372 Conscrvrt
1055 5314 1318 5370 Dominus
1348 5316 1684 5385 majestatem
1716 5326 1863 5370 tuam
1902 5316 1967 5373 ad

402 5411 604 5463 multos
648 5425 822 5465 annos
854 5425 976 5463 cum
1003 5412 1241 5463 sanitate
1283 5407 1494 5478 integra
1525 5417 1582 5463 et
1626 5408 1966 5477 incorrupta,

402 5497 648 5564 acceptis
676 5496 895 5551 Numini
929 5498 1185 5565 precibus
1208 5505 1549 5561 sanctorum,
1583 5498 1678 5566 qui
1718 5499 1817 5552 ista
1862 5508 1970 5550 Ira-

403 5588 660 5643 dideruut
698 5592 761 5641 ad
809 5592 1077 5659 ingentem
1132 5599 1375 5647 nostram
1429 5590 1671 5647 laetitiam
1720 5600 1771 5645 t-t
1820 5591 1966 5643 \‘hlu-

405 5688 634 5752 ptatem.

2066 4866 2309 4930 ὕαλίζον,
2371 4865 2437 4918 δι’
2485 4865 2690 4935 ὁμοίων
2753 4863 3073 4934 μαρτυριῶν
3111 4863 3290 4929 ἁγίων
3338 4858 3635 4913 καὶταῦτα

2067 4957 2511 5027 διασαφήσομεν.
2550 4956 2691 5011 Οὐδὲ
2734 4956 2844 5025 γὰρ
2897 4952 3175 5022 δυνάμεθα
3232 4951 3393 5006 πάνθ’
3422 4952 3521 5003 ὅσα
3550 4951 3639 5002 λέ-

2070 5064 2260 5115 γουσιν
2298 5049 2356 5099 ἒν
2406 5047 2578 5118 ταύτῃ
2617 5049 2683 5116 τῇ
2718 5046 2974 5098 ὑποθέσει
3000 5047 3178 5098 εἰπεῖν
3217 5047 3274 5096 ὲν
3322 5045 3424 5115 μιᾷ
3453 5044 3645 5113 ὁμιλίᾳ

2069 5141 2158 5192 διὰ
2184 5140 2279 5193 τὸν
2311 5140 2494 5209 κόρον,
2533 5139 2592 5203 ὃς
2624 5139 2887 5208 πολέμιος
2939 5137 3180 5206 ὑπάρχει
3227 5139 3349 5199 ταῖς
3410 5137 3641 5197 ἀκοαῖς,

2074 5230 2178 5284 κᾶν
2214 5231 2355 5283 πάνυ
2391 5230 2834 5298 ἁξιοθαύμαστος
2873 5230 2969 5280 καὶ
3010 5228 3234 5297 χάριτος
3274 5228 3481 5297 γέμων.
3518 5230 3647 5278 Δια-

2075 5321 2304 5388 φυλάξοι
2332 5322 2388 5374 δὲ
2428 5321 2526 5391 τὴν
2559 5322 2659 5390 σὴν
2692 5319 2973 5388 βασιλείαν
3005 5320 3033 5371 6
3064 5320 3267 5389 Κύριος
3302 5321 3358 5372 ὲν
3388 5318 3649 5371 πολυετεῖ

2072 5414 2188 5482 ζωῇ
2224 5414 2319 5464 σὺν
2348 5412 2507 5482 ὑγεία
2541 5412 2790 5480 σταθηρᾷ
2841 5410 3270 5478 εὑπροσδέκτοις
3317 5410 3504 5478 εὐχαῖς
3532 5408 3647 5460 τῶν

2072 5496 2241 5551 ταῦτα
2288 5500 2730 5569 θεολογησάντων
2773 5500 2947 5567 ἁγίων
2998 5502 3080 5562 είς
3132 5500 3338 5568 πολλὴν
3373 5499 3646 5568 εὐφροσύ-

2072 5608 2168 5659 νην
2213 5589 2387 5658 ἡμῶν.
