3980 6214
467 340 568 406 2’›1

1530 346 1910 407 GENNADII
1969 343 2076 407 ΟΡ.
2126 346 2320 410 PATB
2336 355 2636 417 iAIiCIIrE

3615 348 3716 412 2ἰέ

536 456 747 525 Agebat
811 457 1240 512 Protestantium
1291 473 1516 513 causam
1566 460 1647 513 vir
1679 459 1941 519 d'sertus,
1978 466 2029 509 et
2060 453 2107 509 Α
2134 463 2522 532 stantiationis,
2549 484 2734 525 vocem
2764 470 3043 539 exprimit,
3067 484 3187 539 qua:
3215 468 3266 521 in
3291 468 3717 534 tnetaphoricam

466 548 655 602 multis
682 558 892 600 naturze
927 549 1199 616 praesidiis
1228 549 1293 603 ad
1320 550 1566 603 suaviter
1602 550 1877 619 politeque
1906 549 2048 601 scri-

467 641 699 695 bendum
752 640 1157 708 paratissimus,
1190 640 1287 696 sed
1330 641 1598 696 doctrina:
1646 640 1961 699 mediocris.
1994 649 2048 693 et

464 732 518 783 in
552 731 879 801 antiquitate
909 732 1312 797 ecclesiastica,
1352 734 1593 788 maxime
1641 747 1773 787 vero
1814 733 1867 786 in
1900 730 2047 785 Grae-

462 822 563 874 ciae
600 822 847 877 barbarae
902 824 1100 878 litteris
1134 824 1456 893 peregrinus
1486 840 1649 893 supra
1697 838 1859 893 quam
1895 822 2044 878 credi

464 926 663 983 potest.
692 914 998 970 Accedebat
1044 917 1326 986 negantis,
1378 932 1500 986 quae
1544 918 1661 971 luce
1709 918 1878 985 magis
1928 930 2051 984 per-

470 1006 663 1075 spicua
700 1006 900 1073 forent,
932 1017 1234 1077 sancteque
1273 1008 1341 1063 de
1395 1009 1559 1063 rebus
1593 1016 1688 1061 aut
1727 1007 2046 1063 falsissimis

464 1107 559 1153 aut
592 1100 934 1154 inanissitnis
967 1099 1291 1155 aﬂirmantis
1316 1100 1497 1154 audax
1524 1100 1768 1169 quidem,
1806 1100 1901 1154 sed
1932 1114 2049 1150 mo-

464 1189 618 1241 desta
660 1199 714 1243 et
752 1188 963 1258 placida
1000 1178 1337 1257 impudentia
1360 1228 1376 1252 ,
1407 1204 1528 1258 qua:
1571 1190 1845 1244 hominem
1879 1203 2050 1258 popu-

468 1278 638 1331 larem
692 1280 866 1349 magis
901 1280 1043 1333 inter
1080 1294 1212 1334 suos
1278 1280 1702 1344 commendavit,
1750 1294 1912 1349 quam
1951 1278 2047 1332 do-

462 1372 664 1433 etrina,
718 1372 1056 1440 eloquentia,
1109 1372 1359 1426 sincerus
1412 1370 1631 1425 animus
1680 1372 1931 1425 meliores
1980 1386 2047 1426 ex

464 1466 654 1516 eadem
688 1472 837 1517 secta
871 1464 1175 1533 theologos.
1216 1462 1353 1517 Cum
1386 1479 1521 1517 vero
1555 1464 1644 1516 ille
1683 1463 1867 1531 spisso
1893 1463 2048 1515 votu-

466 1554 610 1606 mine
646 1562 817 1606 totmn
868 1554 1213 1608 Albertinnm
1270 1556 1621 1624 explicuisset
1652 1595 1666 1615 .
1706 1563 1760 1609 et
1800 1570 1939 1608 nova
1978 1555 2047 1609 de

466 1646 719 1711 praesenti
752 1645 1122 1699 Ecclesiarmn
1160 1646 1521 1701 Orientalium
1558 1649 1858 1716 praesertim
1892 1646 2045 1701 Grae-

466 1750 655 1789 carum
692 1737 795 1790 [ide
835 1738 1067 1806 quaastio
1100 1739 1493 1793 institueretur
1522 1741 1607 1792 vix
1655 1755 1683 1794 a
1723 1738 2042 1793 Protestan-

469 1826 615 1880 tibus
644 1826 903 1892 delibata,
953 1828 1171 1897 negavit
1221 1829 1444 1884 Grmcos
1492 1830 1719 1884 credere
1762 1846 1945 1885 veram
1992 1832 2044 1884 in

473 1917 822 1974 Eucharistia
876 1921 1124 1990 corporis
1165 1920 1373 1978 Christi
1418 1924 1805 1991 praesentiam:
1851 1922 1898 1978 si
1950 1922 2045 1993 qui

472 2008 722 2063 fortassis
768 2010 841 2064 ita
893 2012 1295 2079 existimarent,
1329 2011 1552 2068 Graecos
1603 2029 1632 2067 a
1676 2012 1886 2068 Latinis
1921 2029 2051 2068 cor-

469 2107 662 2167 ruptos
694 2115 817 2155 esse
851 2103 1127 2169 asseruit;
1172 2111 1337 2173 atque
1370 2105 1446 2157 ita
1478 2119 1702 2159 causam
1740 2106 1943 2162 vicisse
1971 2107 2049 2161 si-

470 2190 523 2245 bi
560 2192 709 2247 visus
748 2202 855 2247 est.
897 2194 1217 2249 Provocavit
1267 2196 1333 2249 ad
1393 2197 1831 2265 patriarcharum
1892 2200 2048 2253 testi-

475 2285 699 2349 monia;
750 2287 1047 2355 postulavit
1091 2296 1152 2341 ut
1199 2297 1320 2342 aeta
1368 2289 1589 2357 publica
1632 2291 2042 2356 exhiberentur,

470 2385 531 2429 ut
579 2376 699 2430 lidci
759 2377 1135 2434 confessiones
1169 2420 1184 2444 ,
1233 2390 1291 2433 ut
1354 2380 1685 2450 synodormn
1723 2381 2043 2443 sententiae,

468 2468 795 2523 existimans
857 2470 1070 2524 scilicet
1134 2470 1248 2523 ﬁeri
1295 2486 1402 2524 non
1460 2486 1621 2540 posse
1673 2480 1733 2526 ut
1802 2472 1914 2526 hrcc
1977 2489 2045 2527 ex

468 2557 682 2611 Grmcia
729 2559 1085 2616 haberentur.
1154 2560 1437 2615 Venerunt
1488 2573 1665 2617 tamen
1720 2563 1808 2618 vix
1857 2565 2044 2633 elapso

469 2648 692 2703 biennio
747 2650 1112 2705 instrumenta
1165 2668 1193 2704 a
1243 2652 1585 2719 Graecorum,
1612 2665 1662 2707 et
1714 2670 1742 2707 a
1779 2654 2041 2725 Syrorum

468 2738 881 2802 Melchitarum,
916 2739 1292 2797 Jacobitarmn
1348 2754 1403 2799 et
1443 2746 1894 2801 Nestorianormn
1944 2750 2045 2804 Ec-

468 2831 673 2896 clcsiis,
719 2843 772 2886 et
804 2845 925 2902 post
951 2849 1125 2888 annos
1161 2837 1299 2889 duos
1337 2845 1392 2891 et
1425 2838 1682 2908 deinceps
1727 2851 1832 2893 tam
1876 2843 2040 2896 multa

469 2925 573 2977 alia
606 2939 634 2976 a
672 2925 744 2979 cl.
777 2926 896 2979 viro
942 2926 1143 2982 Carolo
1191 2926 1486 2985 Francisco
1535 2930 1720 2985 Olerio
1766 2933 2042 2990 Nointelio

467 3015 612 3079 r~'gis
643 3015 709 3067 ad
746 3014 1164 3071 Othomanicatn
1209 3021 1388 3074 aulam
1423 3022 1621 3091 legato,
1654 3032 1712 3077 ut
1744 3026 1856 3094 jam
1895 3026 2040 3081 desi-

2153 559 2611 628 signiﬂeationem
2663 563 2803 617 trahi
2840 580 2934 633 per
2975 562 3350 617 calutnniosas
3399 560 3718 627 interpreta-

2153 651 2331 706 tiones
2364 667 2470 707 non
2499 665 2693 722 potest.
2731 654 2788 709 Si
2819 656 2950 724 quid
2984 652 3233 708 fortassis
3268 667 3331 705 ex
3370 647 3721 703 bibliothecis

2151 743 2205 796 in
2240 743 2418 798 lucem
2446 747 2650 810 editur,
2677 748 2825 816 quod
2860 748 3126 801 doctrinae
3152 743 3442 823 catholicm
3474 740 3722 796 videatur

2149 838 2513 901 contrarium,
2542 839 2651 892 duo
2672 854 2701 893 a
2742 838 3014 909 theologis
3047 836 3293 907 prmstari
3322 834 3503 888 solent
3534 847 3721 887 :scru-

2153 940 2339 984 tantur
2385 946 2576 998 nempe
2606 932 2849 997 codices,
2882 942 2942 987 ut
2988 931 3223 1001 primum
3262 929 3329 983 de
3356 927 3503 981 illius
3532 926 3622 995 qni
3664 926 3718 986 in

2152 1023 2526 1077 testimonium
2578 1026 2895 1089 adducitur,
2936 1025 3263 1079 auctoritate
3313 1030 3560 1085 constet,
3603 1028 3715 1071 tmn

2150 1112 2757 1183 doctrina'explicatur,
2805 1131 2979 1184 neque
3012 1116 3056 1169 si
3098 1131 3128 1169 a
3169 1113 3379 1181 vulgari
3419 1112 3602 1174 inqua
3636 1110 3720 1162 vi-

2149 1205 2329 1259 vimus
2372 1206 2628 1275 Opinione
2660 1208 2913 1263 recedere
2938 1209 3212 1271 videatur,
3235 1206 3419 1260 statim
3462 1211 3720 1258 censetur

2148 1297 2510 1364 explodenda.
2538 1300 2641 1365 Qui
2670 1301 2828 1355 aliter
2861 1298 3061 1363 fecere,
3099 1308 3157 1353 ut
3188 1300 3318 1352 olim
3350 1310 3576 1350 avorum
3608 1310 3723 1347 me-

2151 1388 2322 1440 moria
2364 1388 2561 1445 Petrus
2609 1391 2924 1456 Molinaus,
2967 1390 3059 1461 qui
3113 1402 3454 1459 quascunque
3501 1385 3718 1438 Patrum

2150 1480 2377 1550 scripta,
2424 1482 2467 1536 si
2496 1482 2623 1537 sua:
2674 1494 2839 1539 sectas
2888 1483 3103 1553 placitis
3142 1481 3602 1541 adversarentur,
3662 1486 3721 1528 ut

2150 1574 2334 1640 spuria
2370 1574 2670 1643 rejiciebat,
2713 1575 2747 1629 ii
2801 1576 3244 1630 doctissimorum
3298 1573 3439 1626 inter
3482 1584 3609 1623 suos
3640 1571 3721 1621 vi-

2152 1677 2334 1716 rormn
2370 1680 2655 1719 censuram
2694 1665 2901 1734 experti
2933 1675 3083 1721 sunt.
3117 1665 3185 1718 At
3229 1678 3405 1718 novus
3440 1662 3527 1714 ille
3565 1659 3721 1712 theo-

2149 1757 2306 1827 logus
2338 1774 2515 1827 neque
2562 1759 3017 1813 bibliothecarum
3054 1758 3260 1811 forulos
3298 1764 3574 1810 scrutatus
3611 1760 3718 1809 est.

2155 1864 2330 1917 neque
2365 1850 2597 1905 criticen
2642 1852 2803 1907 ullam
2833 1851 3099 1912 adhibuit,
3132 1849 3228 1904 sed
3258 1858 3424 1901 totam
3452 1844 3716 1899 Graeciam

2150 1950 2415 2007 veterem,
2442 1957 2662 2006 novam,
2688 1950 2740 1996 et
2763 1956 3102 2011 quaecunque
3145 1940 3359 1993 tandem
3390 1938 3566 1990 futura
3594 1934 3719 1996 erit,

2151 2049 2260 2087 uno
2289 2034 2393 2089 sibi
2441 2035 2588 2088 visus
2617 2042 2702 2088 est
2752 2041 3075 2101 argumento
3111 2030 3495 2101 prostravisse.
3531 2027 3721 2079 Aiebat

2148 2126 2360 2180 scilicet
2407 2142 2467 2181 se
2519 2126 2779 2195 probasse
2831 2134 3098 2195 quantum
3158 2125 3292 2179 satis
3333 2130 3470 2184 erat,
3513 2119 3721 2174 Graecis

2147 2220 2495 2288 praesentiam
2520 2218 2742 2282 realem,
2766 2220 2938 2273 multo
2972 2219 3153 2273 minus
3177 2212 3722 2271 transubstantiatio—

2148 2326 2271 2365 nem
2310 2312 2530 2365 venisse
2570 2324 2839 2377 nusquam
2885 2308 2939 2361 in
2979 2318 3238 2368 mentem,
3270 2318 3464 2358 omnes
3509 2303 3575 2357 ab
3609 2302 3716 2355 ini-

2146 2404 2221 2457 tio
2270 2403 2629 2457 sehismatum
2664 2417 2784 2455 eam
2821 2401 2982 2454 ﬁdem
3026 2397 3323 2458 habuisse,
3359 2411 3481 2465 quat
3527 2392 3715 2463 Cyrilli

2145 2490 2376 2546 Lnearis
2414 2491 2777 2547 Confessione
2807 2492 3182 2547 contineretur
3210 2505 3224 2542 :
3258 2488 3350 2557 qui
3382 2502 3511 2555 ergo
3559 2486 3723 2538 aliter

2144 2584 2434 2644 sentirent.
2461 2598 2557 2637 eos
2579 2583 2987 2653 Λατινόφρονας
3013 2595 3156 2644 esse,
3189 2594 3297 2633 non
3324 2578 3557 2633 Graecos
3588 2576 3722 2645 legi-

2143 2675 2326 2734 timos.
2362 2674 2454 2729 sed
2480 2676 2640 2729 avita:
2665 2674 2811 2736 fidei,
2839 2686 3236 2740 sacrorumque
3261 2669 3556 2739 patriorum
3589 2681 3723 2734 pro-

2141 2766 2375 2827 ditores.
2412 2782 2648 2841 quorum
2686 2766 2829 2819 nulla
2872 2772 3020 2819 esset
3058 2764 3121 2831 in
3172 2761 3442 2830 ejusmodi
3492 2768 3721 2814 contro-

2142 2860 2339 2913 versiis
2377 2860 2701 2912 auctoritas.
2738 2857 2849 2911 Hoc
2889 2856 3242 2909 fundamento
3286 2852 3518 2908 subnixa
3568 2852 3723 2905 stetit

2141 2965 2241 3018 per
2296 2965 2473 3005 annos
2504 2949 2706 3003 multos
2766 2957 2874 3002 tota
2912 2946 3339 3001 Claudianarum
3379 2943 3715 3013 argutiarum

2142 3043 2420 3096 machina.
2452 3040 2608 3094 Mitto
2652 3042 2758 3094 alia
2801 3039 3108 3108 ejusmodi,
3153 3052 3385 3107 quormn
3434 3038 3514 3090 vel
3568 3035 3717 3104 ipsos

466 3106 646 3161 derari
686 3109 817 3163 nihil
855 3120 1041 3179 posset
1080 3113 1162 3165 vel
1207 3114 1272 3167 ad
1315 3115 1596 3169 veritatem
1633 3119 2038 3185 stabiliendam,

2149 3133 2522 3189 Protestantes
2558 3133 2777 3202 pudeat,
2815 3141 2871 3185 ut
2908 3131 3113 3185 multos
3151 3146 3282 3184 sane
3340 3129 3518 3182 audivi
3571 3128 3719 3183 viros

468 3201 550 3253 vel
574 3204 638 3253 ad
669 3200 945 3257 hominem
972 3214 1237 3273 perpetuo
1264 3207 1487 3261 silentio
1510 3210 1902 3267 damnandum.
1928 3213 2035 3270 Sed

465 3292 559 3361 qui
596 3295 938 3351 verecundiae
986 3297 1121 3352 lines
1156 3299 1322 3353 semel
1378 3302 1734 3367 transilierat,
1778 3321 1900 3360 eum
1937 3322 2036 3361 na-

469 3385 609 3438 viter
643 3386 931 3453 oportebat
960 3404 1084 3443 esse
1111 3391 1500 3459 impudentem.
1534 3393 1609 3449 ιω
1644 3399 1736 3467 qui
1773 3397 1826 3452 in
1857 3400 2037 3468 priva-

470 3477 541 3529 tis
564 3476 785 3547 jndieiis
819 3489 927 3535 tatu
960 3489 1111 3537 certa
1147 3492 1395 3537 actorum
1440 3485 1544 3540 ﬁde
1584 3488 1873 3545 calumnia:
1907 3506 2037 3545 con-

470 3570 647 3624 victus
682 3571 956 3627 infamiam
990 3573 1212 3629 tulisset
1240 3615 1254 3638 ,
1289 3576 1593 3632 cavillando
1624 3580 1864 3635 obtinuit
1893 3586 2035 3653 apud

469 3678 597 3717 Suus
632 3674 689 3717 ut
721 3667 826 3719 sibi
859 3666 925 3722 de
959 3668 1320 3724 Orientalium
1363 3671 1608 3726 doctrina
1655 3685 1845 3728 contra
1888 3685 2039 3730 acto-

468 3771 588 3810 rum
629 3756 787 3810 tidem
823 3760 1159 3817 crederetur.
1197 3760 1383 3830 Neque
1432 3771 1550 3817 acta
1593 3766 1771 3819 Solum
1820 3777 1874 3821 et
1916 3784 2037 3822 scn-

470 3852 653 3903 tcntiae
688 3851 1000 3921 synodales,
1034 3854 1125 3905 sed
1158 3862 1211 3906 ct
1234 3853 1355 3907 libri
1383 3854 1548 3908 etiam
1582 3857 1774 3926 integri
1801 3876 1864 3913 ex
1890 3859 2040 3915 Gne-

470 3942 552 3994 cia
596 3943 748 3996 missi
807 3952 954 4003 sunt,
1012 3942 1217 4012 quibus
1271 3952 1389 3996 acta
1440 3945 1931 4011 conﬁrmarentur;
1986 3962 2040 4005 et

471 4052 604 4089 sane
637 4037 833 4091 multos
866 4036 933 4090 ad
962 4037 1233 4091 saniorem
1286 4046 1521 4093 mentem
1554 4051 1857 4106 revocatos,
1888 4055 1943 4100 et
1971 4045 2038 4098 ad

471 4131 796 4184 catholicam
852 4128 1076 4185 Matrem
1127 4147 1417 4196 reversos,
1477 4148 1664 4186 eorum
1718 4140 2041 4194 auctoritate

472 4239 577 4276 nou
623 4226 741 4278 sine
775 4224 962 4279 laetitia
999 4226 1209 4295 experti
1245 4243 1464 4280 smnus.
1502 4227 1785 4297 Ejusmodi
1822 4229 2062 4301 fuerunt,

471 4316 743 4386 Confessio
776 4318 1071 4373 orthodoxa
1098 4318 1351 4374 Ecclesia:
1377 4320 1687 4385 Orientalis,
1723 4322 1855 4390 ipsis
1879 4322 2041 4378 Bata-

473 4428 665 4466 vorum
697 4413 838 4481 typis
870 4412 1014 4465 edita
1050 4412 1102 4464 in
1134 4414 1365 4478 gratiam
1401 4414 1759 4484 Panagiottis,
1792 4419 2038 4485 primarii

474 4501 795 4569 interpretis
823 4500 966 4569 apud
997 4500 1301 4555 Turcarum
1344 4502 1760 4570 imperatorem;
1794 4508 2041 4576 Synodus

470 4589 921 4654 Bcthlehemitica,
963 4600 1017 4643 et
1039 4589 1239 4643 Meletii
1275 4589 1448 4659 Syrigi
1485 4591 1628 4659 Opus
1660 4594 1906 4654 adversus
1941 4602 2044 4672 Cy.

473 4683 582 4735 rilli
608 4682 828 4735 Lucoris
859 4683 1054 4750 falsam
1089 4683 1215 4749 ﬁdei
1236 4684 1630 4750 expositionem,
1668 4705 1831 4756 quam
1861 4704 2045 4751 tanto-

475 4791 603 4845 perc
654 4779 1043 4830 exosculantur
1088 4776 1244 4828 multi
1296 4774 1696 4845 Protestantes,
1743 4782 2047 4843 reclaimn-

474 4868 620 4919 tihus
657 4868 797 4936 apud
830 4882 927 4921 eos
956 4868 1314 4923 doetissimis.

546 4960 690 5011 lnter
734 4958 837 5011 alia
862 4974 982 5027 quae
1007 4961 1274 5016 adversus
1308 4963 1609 5019 inauditam
1636 4965 1863 5025 Lucaris
1893 4974 2047 5027 theo-

475 5050 672 5121 logiam
716 5051 1024 5105 testimonia
1070 5054 1401 5121 produxerat
1432 5057 1682 5128 Syrigus,
1718 5066 2043 5119 occurrebat

476 5145 746 5199 sententia
791 5142 1083 5209 Gennadii,
1117 5147 1230 5214 qui,
1276 5148 1451 5216 inquit
1489 5150 1595 5213 ille,
1638 5152 1855 5220 ﬂorebat
1904 5158 2045 5210 circa

478 5253 677 5290 annum
718 5237 878 5295 “55.
916 5238 1117 5305 primus
1149 5249 1501 5308 postcaptam
1544 5244 1725 5295 urbem
1767 5248 2044 5299 renuntia-

478 5340 561 5383 tus
600 5331 932 5398 patriarcha.
962 5330 1058 5385 Illo
1098 5346 1231 5385 sane
1276 5332 1593 5386 testimonio
1626 5334 1712 5387 vix
1745 5337 2042 5405 quidquam

476 5420 531 5477 3n
557 5423 861 5477 litterarum
900 5424 1269 5479 monumentis
1297 5426 1618 5492 expressius
1642 5430 1905 5483 occurrit.
1931 5430 2045 5484 Nec

477 5513 620 5565 enim
670 5517 801 5569 solae
841 5518 1123 5571 sententiae
1170 5516 1436 5570 Gennadii
1471 5518 1881 5573 Catholicnrum
1923 5536 2048 5575 scn-

482 5602 692 5665 tentiis,
734 5606 833 5659 sed
885 5609 1050 5663 verba
1098 5608 1261 5661 etiam
1307 5606 1489 5663 verbis
1520 5612 1875 5674 conveniunt,
1917 5613 2046 5665 dum

482 5697 996 5751 transmutationem
1033 5700 1423 5755 elementorum
1466 5701 1517 5753 in
1576 5717 1777 5770 corpus
1827 5711 1879 5755 et
1925 5720 2049 5757 san-

482 5782 702 5852 guinem
743 5784 946 5842 Christi
1000 5801 1096 5857 per
1130 5789 1562 5858 μετουτιώπως,
1637 5790 1750 5844 sive
1808 5796 2047 5845 transab-

2140 3226 2313 3280 bonos
2341 3226 2430 3294 qui
2462 3225 2753 3281 Claudium
2779 3224 2959 3279 valere
2989 3222 3267 3292 juberent,
3302 3222 3443 3289 quod
3469 3236 3719 3275 cominu-

2137 3334 2263 3373 nem
2298 3334 2523 3373 causam
2575 3317 2625 3371 in
2680 3317 2818 3372 tales
2864 3317 3145 3379 angustias
3189 3314 3526 3374 deduxisset.
3569 3314 3718 3367 unde

2140 3409 2330 3478 pedem
2358 3410 2564 3464 referre
2590 3424 2695 3462 non
2729 3406 2946 3461 licebat.
2972 3405 3160 3475 Neque
3181 3406 3350 3469 enim,
3376 3405 3725 3473 inquiebaut,

2139 3511 2334 3557 nostra
2388 3500 2556 3556 refert
2603 3500 2735 3569 quid
2794 3499 2968 3555 Graeci
3022 3508 3117 3552 aut
3160 3498 3358 3566 reliqui
3411 3495 3726 3552 Orientales

2138 3594 2387 3655 credant,
2420 3592 2549 3661 qttid
2597 3594 2910 3661 vituperent
2954 3592 3008 3643 in
3057 3599 3244 3644 nostra
3290 3589 3561 3651 doctrina,
3595 3604 3727 3657 quae

2139 3699 2249 3739 non
2268 3684 2522 3740 Immanis
2539 3684 2949 3751 peregrinarum
2974 3680 3337 3735 Eeclesiarum
3355 3680 3726 3743 testimoniis,

2140 3775 2234 3830 sed
2266 3776 2385 3829 solo
2414 3775 2503 3828 Dei
2540 3776 2709 3829 verbo
2745 3775 2957 3829 nititur.

2210 3866 2518 3920 Productus
2555 3873 2675 3919 erat
2714 3880 2775 3918 ex
2812 3864 3026 3919 Meletio
3053 3862 3247 3933 Syrigo
3272 3862 3623 3924 Gennadius;
3666 3872 3731 3918 et

2142 3972 2265 4011 cum
2307 3970 2563 4025 excerpta
2612 3971 2678 4011 ex
2726 3958 2912 4011 eodem
2946 3956 3257 4010 Iticltardns
3306 3955 3496 4009 Simon
3533 3954 3729 4023 publi-

2142 4058 2346 4111 cassCt,
2371 4049 2609 4105 Thomas
2661 4050 2833 4104 Smith
2868 4051 3153 4116 theologus
3194 4046 3523 4103 Oxoniensis
3548 4062 3721 4115 opus-

2142 4141 2265 4193 cula
2302 4140 2411 4193 duo
2455 4140 2625 4194 edidit
2655 4139 2721 4194 de
2756 4139 3067 4194 Graecarum
3106 4138 3475 4194 Ecclesiarnm
3529 4144 3707 4203 statu,

2141 4244 2197 4288 et
2234 4232 2585 4286 Miscellanea
2617 4231 2887 4299 quasdam,
2942 4232 2996 4284 in
3047 4230 3246 4299 quibus
3279 4230 3346 4284 de
3385 4228 3709 4283 Graecinum

2143 4326 2267 4389 ﬁde,
2306 4325 2374 4379 de
2405 4324 2592 4394 Cyrilli
2619 4323 2852 4378 Lucaris
2896 4323 3257 4377 Confessione
3289 4333 3342 4377 et
3386 4323 3505 4392 ejus
3544 4324 3726 4375 histo~

2145 4418 2224 4472 ria
2259 4429 2467 4471 veteres
2501 4418 2705 4471 litanias
2738 4416 3064 4471 certissimis
3096 4416 3435 4484 argumentis
3464 4414 3727 4466 conlata-

2151 4519 2233 4564 tas
2265 4510 2459 4563 iterum
2492 4510 2797 4577 proposuit,
2829 4517 2995 4576 atque
3027 4508 3167 4561 inter
3191 4507 3295 4560 alia
3325 4506 3725 4558 divinationem

2148 4604 2409 4657 adversus
2458 4601 2831 4664 Gennadimn,
2890 4601 2969 4654 vel
3021 4600 3201 4667 potius
3253 4599 3515 4653 adversus
3562 4596 3728 4651 Mele-

2149 4696 2282 4749 tium
2312 4693 2591 4765 Syrigum,
2620 4707 2782 4762 quem
2816 4691 3113 4760 supposita:
3148 4689 3434 4743 Gennadio
3470 4686 3728 4741 llnmilizn

2146 4788 2212 4841 de
2244 4786 2589 4841 Eucharistia
2640 4801 2797 4840 reum
2838 4784 3069 4853 peragit,
3120 4782 3286 4836 nullis
3336 4780 3572 4840 indic-iis,
3620 4780 3727 4833 sed

2148 4889 2358 4933 tantum
2405 4878 2758 4947 conjecturis,
2805 4892 2927 4945 qua:
2960 4875 3157 4942 opinor
3200 4873 3373 4941 aequis
3420 4871 3728 4926 lectoribus

2149 4969 2487 5024 inanissima:
2545 4968 2899 5023 videbuntur.
2973 4963 3144 5019 Decet
3210 4978 3430 5031 quoque
3481 4960 3727 5015 Gabrieli

2149 5060 2539 5129 Philadelphia
2581 5059 2939 5128 metropolitte
2967 5056 3167 5111 debere
3206 5053 3425 5110 Graecos
3459 5052 3732 5108 recentio-

2148 5168 2237 5208 res
2284 5167 2470 5207 vocem
2504 5150 2938 5222 μετουσιὼαεως,
2985 5164 3093 5216 qua
3129 5146 3197 5201 ab
3245 5147 3408 5200 annis
3442 5144 3727 5213 octoginta

2149 5244 2225 5298 uti
2276 5244 2474 5303 solent,
2514 5257 2580 5296 ex
2613 5257 2723 5310 quo
2755 5239 2935 5294 infusa
2982 5238 3124 5306 apud
3162 5252 3257 5292 eos
3302 5236 3544 5290 latinitas
3594 5234 3727 5298 iuit,

2148 5334 2293 5403 quod
2345 5334 2696 5389 falsissimum
2734 5346 2858 5387 esse
2898 5329 3139 5398 Epistula
3181 5326 3382 5382 Meletii
3414 5326 3577 5396 l’igae,
3620 5338 3731 5391 pa-

2150 5425 2403 5479 triarchae
2434 5422 2781 5477 Alexandrini
2811 5460 2824 5483 ,
2858 5436 3020 5489 quam
3092 5420 3329 5480 edimus,
3364 5417 3455 5471 fiet
3486 5414 3733 5469 manife-

2150 5529 2323 5573 stum.
2377 5512 2560 5567 Virum
2601 5526 2720 5574 sua,
2755 5522 2811 5564 ut
2851 5512 3248 5577 existimamus,
3274 5508 3462 5577 religio
3509 5505 3731 5573 fefellit,

2152 5607 2309 5675 cujus
2347 5605 2603 5659 iaborans
2638 5603 2995 5672 przejndiciis,
3022 5599 3498 5669 Constantinopoli
3534 5596 3732 5651 indili-

2156 5708 2366 5766 gentem
2406 5695 2629 5750 omnino
2663 5712 2881 5765 operam
2934 5696 3151 5749 navavit
3183 5695 3236 5748 in
3268 5709 3332 5748 co
3360 5693 3503 5763 quod
3538 5706 3734 5745 susce-

2154 5799 2304 5847 ucrat
2343 5788 2556 5857 anotio
2587 5790 2928 5859 explicando,
2963 5799 3053 5843 aut
3102 5788 3332 5843 fateatur
3376 5797 3601 5841 necesse
3635 5796 3730 5839 est
