3982 6208
288 318 398 376 2ῢῖ
1548 344 1579 366 ς

1805 334 2003 393 \‘i'l'A.

3431 342 3539 403 ‘ZM

293 424 433 479 nihil
467 424 596 479 inde
641 425 896 482 retulisse
920 432 1062 498 quod
1107 432 1172 485 ad
1221 449 1401 489 causa!
1434 436 1726 507 deplorata:
1755 457 1867 495 sure
1895 460 1936 509 Α
1970 445 2080 506 rit;
2136 460 2259 498 nam
2315 447 2413 499 soli
2466 447 2826 502 ecclesiastici
2874 449 3307 514 subscribehaut,
3362 460 3416 504 et
3465 466 3533 505 ex

294 517 660 584 ratrocinittm
708 521 1023 587 pertineret.
1058 522 1245 578 Varios
1292 527 1436 581 enim
1490 545 1739 584 rumores
1791 531 1860 587 de

297 605 518 671 Lucari,
548 622 685 676 qttos
722 608 975 665 Ecclesia:
997 611 1623 685 Constantinopolitame
1655 622 1861 677 tabula-

294 700 374 751 ria
407 697 677 759 refellunt.
712 700 1046 771 collectaque
1076 721 1140 759 ex
1169 707 1372 762 Allatio
1395 720 1447 763 et
1472 709 1855 783 CaryOphyllo,

294 789 341 841 si
370 803 433 840 ex
467 788 816 842 miscellaneo
845 791 937 846 illo
994 808 1159 862 opere
1190 798 1516 866 dempseris.
1551 803 1862 872 quicunque

298 879 524 935 Graeciaa
556 882 876 936 recentioris
928 885 1137 942 litteras
1176 890 1261 942 vel
1307 891 1640 959 primoribus
1694 896 1861 950 labris

295 970 626 1039 degustarit.
662 972 795 1027 nihil
846 990 1068 1040 novum.
1107 981 1240 1033 nihil
1290 991 1439 1036 trans
1482 999 1633 1040 mare
1670 998 1858 1042 natum

295 1071 573 1124 agnoscet.
611 1062 784 1116 Nemo
831 1066 1157 1133 catholicus,
1205 1072 1305 1124 etsi
1354 1074 1535 1128 Allatii
1564 1115 1578 1139 ,
1617 1076 1863 1142 Arcudii,

297 1150 671 1222 Caryophyili.
704 1164 756 1208 et
801 1155 1033 1210 aliorum
1069 1159 1207 1215 bene
1248 1162 1313 1217 de
1351 1162 1594 1220 Ecclesia
1642 1167 1863 1223 merito-

300 1256 418 1291 rum
467 1242 786 1295 memoriam
841 1260 965 1299 cum
1010 1248 1277 1305 charitate
1325 1254 1761 1322 complectatur.
1808 1259 1863 1310 in

298 1346 488 1385 eorum
520 1333 685 1387 verba
729 1335 1023 1403 jnrandum
1072 1340 1175 1394 sibi
1215 1342 1533 1409 arbitratur,
1584 1355 1678 1399 aut
1730 1348 1862 1402 nihil

300 1422 353 1474 in
387 1437 579 1476 eorum
613 1427 830 1494 scriptis
859 1430 1157 1484 desiderat.
1190 1429 1304 1484 Itno
1331 1434 1421 1503 qui
1452 1450 1511 1489 se
1552 1436 1603 1489 in
1648 1436 1863 1493 Grazcas

302 1513 513 1567 litteras
543 1514 890 1581 abdiderunt.
924 1520 1254 1591 codicesque
1285 1523 1437 1592 ipsos
1479 1527 1625 1581 serio
1660 1537 1864 1583 tracta-

296 1609 515 1665 verunt,
552 1603 866 1660 desiderant
912 1607 1126 1663 illorum
1174 1612 1511 1682 diligentiam
1541 1626 1595 1670 et
1628 1619 1866 1686 pruden-

300 1692 456 1756 tiam,
489 1708 589 1749 nec
633 1711 765 1749 raro
792 1701 1082 1755 candorem
1126 1713 1181 1757 et
1222 1704 1419 1760 bonam
1459 1706 1640 1762 (idem.
1672 1707 1863 1763 Testes

300 1795 381 1837 tot
418 1788 807 1844 catholicorum
854 1792 975 1847 libri
1010 1796 1141 1850 editi
1186 1797 1255 1852 ab
1309 1800 1468 1853 annis
1515 1794 1864 1871 triginta,'in

300 1875 506 1943 quibus
554 1879 819 1937 Arcudius
869 1886 1090 1953 vapulat
1124 1894 1382 1957 tanquam
1429 1903 1720 1960 perpetuus
1758 1892 1863 1949 Ec-

304 1967 489 2021 clesia:
516 1967 712 2023 Graeca:
742 1972 1139 2044 calumniator;
1190 1981 1388 2035 Ailatio
1439 1999 1545 2037 non
1587 1987 1863 2053 parcitur;

297 2055 696 2128 (Iaryopltyllus
724 2070 777 2115 et
801 2064 890 2117 alii
924 2061 1410 2139 Heilenomastiges
1437 2089 1576 2143 sape
1610 2075 1869 2131 refellun-

301 2156 411 2200 tur.
462 2148 562 2212 Qui
614 2150 780 2217 igitur
846 2152 1097 2226 Syrigum
1157 2167 1411 2230 tanquam
1475 2163 1867 2232 ὑποϐολιμαῖον

299 2238 650 2308 scriptorem,
700 2242 1042 2301 Gennadium
1080 2259 1139 2303 ut
1167 2252 1535 2325 Λατινόφρονα
1576 2256 1867 2311 traducere

299 2331 357 2385 in
383 2332 627 2386 animum
662 2335 949 2391 induxerat
977 2354 1161 2408 suum,
1198 2342 1429 2399 debebat
1459 2345 1505 2402 is
1540 2349 1728 2416 procul
1761 2349 1863 2402 du-

301 2424 394 2476 bio
422 2438 529 2477 non
559 2424 845 2495 Allatium,
878 2444 985 2483 non
1014 2430 1336 2501 Arcadium,
1376 2450 1486 2491 non
1509 2435 1862 2493 Passerinum

298 2517 639 2581 exscribere,
672 2520 766 2573 sed
809 2522 1025 2577 codices
1048 2540 1181 2579 mss.
1210 2526 1274 2579 ad
1306 2543 1446 2596 quos
1483 2544 1860 2597 provocamus.

300 2620 364 2660 ea
390 2607 456 2661 de
482 2606 769 2664 Gennadio
796 2611 1022 2677 dictttri,
1056 2630 1177 2684 qum
1202 2617 1346 2671 nulla
1379 2618 1636 2687 deinceps
1659 2620 1868 2674 ratione

304 2701 489 2753 vocari
522 2702 737 2770 possint
769 2703 821 2757 in
865 2705 1118 2762 dubium.
1170 2708 1275 2763 Sed
1322 2710 1473 2779 prius
1518 2712 1771 2767 videntur
1812 2715 1865 2767 in

302 2790 537 2845 medimn
580 2793 892 2850 adducenda
931 2810 1052 2867 qua:
1104 2798 1173 2853 ab
1223 2802 1542 2858 auctoribus
1585 2805 1866 2859 catholicis

302 2882 371 2937 de
405 2882 687 2939 Gennadio
717 2887 916 2957 scripta
946 2897 1092 2953 sunt,
1143 2892 1347 2959 quibus
1381 2908 1536 2948 suam
1588 2894 1866 2950 Smitheus

302 2976 728 3055 disputationem
793 2988 1057 3050 tanquam
1120 2982 1451 3040 certissimis
1495 2984 1868 3042 fundamentis

302 3070 690 3137 superstruxit.

374 3161 711 3228 Gennadius,
724 3166 814 3236 qui
834 3167 1041 3237 primus
1056 3182 1207 3223 novae
1220 3167 1407 3223 Romae
1424 3168 1733 3240 patriarcha
1750 3178 1869 3239 post

307 3252 525 3321 imperii
565 3253 879 3311 Graecorum
900 3258 1194 3315 Orientalis
1223 3260 1493 3315 excidium
1527 3263 1869 3316 renuntiatus

305 3353 416 3409 est,
463 3354 590 3401 ante
639 3358 950 3417 susceptam
1001 3349 1318 3418 dignitatem
1351 3350 1566 3420 Georgii
1598 3351 1867 3406 Scholarii

300 3453 509 3493 nomen
574 3441 782 3497 habuit.
842 3436 918 3495 l'ta
984 3450 1256 3498 testantur
1313 3454 1565 3499 auctores
1616 3445 1871 3499 Historiae

303 3531 929 3601 Constantinopolitanae
961 3536 1099 3602 apud
1139 3535 1393 3590 Crusium
1428 3536 1481 3589 in
1509 3533 1870 3590 Tereo-Grat—

303 3624 391 3678 cia
425 3641 439 3678 :
477 3641 498 3675 ι
533 3622 827 3694 Elegerunt
851 3664 867 3688 ,
916 3626 1114 3695 inquit,
1156 3626 1539 3696 pltllOSOpllum
1587 3626 1866 3681 deminuat

303 3714 625 3784 Georgium,
658 3714 833 3769 virum
867 3725 1115 3770 sanctum
1144 3723 1195 3770 et
1232 3717 1660 3786 pium,judicem
1696 3718 1868 3788 impe-

304 3807 502 3861 ratorii
541 3806 755 3876 judicii,
790 3816 843 3862 et
871 3807 1191 3862 electionem
1218 3809 1337 3877 ejus
1385 3809 1541 3877 juxta
1584 3802 1874 3863 consuetu-

307 3902 494 3954 dinem
546 3901 1033 3955 acclamationibus
1075 3902 1522 3969 comprobantes,
1570 3902 1872 3955 constitue-

312 3999 451 4045 runt
508 3991 895 4061 patriarcham,
948 3991 1285 4059 appellantes
1338 4004 1461 4044 eum
1508 3987 1870 4043 Gennadium.

309 4085 494 4149 llunc,
520 4095 577 4140 ut
599 4087 790 4140 scribit
810 4084 1077 4148 Malaxus.
1107 4083 1345 4139 Joannes
1362 4082 1719 4154 Palaeologus,
1748 4097 1871 4136 cum

310 4177 367 4230 in
400 4174 687 4229 Franciam
723 4190 816 4230 seu
852 4174 1058 4228 Italiam
1082 4174 1543 4243 proficisceretur,
1568 4173 1659 4227 ubi
1696 4172 1875 4227 habita

308 4274 398 4318 est
427 4274 617 4318 octava
650 4265 912 4333 synodus.
949 4278 1132 4319 secum
1177 4263 1331 4316 duxit
1364 4272 1617 4331 tanquam
1664 4264 1879 4331 sapien-

310 4359 612 4414 tissimum.
666 4375 685 4408 ι
734 4358 790 4412 in
839 4357 988 4411 Actis
1035 4355 1238 4410 Gmcis
1295 4354 1621 4409 Florentium
1662 4355 1875 4424 synodi,

311 4464 455 4504 sess.
492 4447 582 4513 25,
631 4446 845 4515 Georgii
873 4446 1144 4501 Scholarii
1194 4446 1356 4499 verba
1396 4445 1463 4499 ad
1498 4447 1874 4513 imperatorem

311 4539 647 4601 referuntur,
682 4552 709 4589 a
741 4550 849 4606 quo
872 4545 1092 4605 rogatus
1121 4537 1443 4591 sententiam
1478 4535 1545 4589 de
1585 4536 1877 4590 sancienda

312 4646 439 4686 cum
483 4628 695 4683 Latinis
734 4630 1067 4694 concordia,
1114 4627 1394 4696 respondit
1445 4642 1503 4681 se
1555 4626 1666 4696 jam
1718 4626 1879 4680 editis

312 4721 656 4779 orationibus
697 4721 1019 4789 exposuisse
1049 4721 1185 4789 'quae
1216 4719 1320 4773 sibi
1370 4733 1522 4772 meus
1569 4727 1735 4780 esset,
1770 4732 1882 4768 am-

312 4811 480 4882 plecti
510 4809 766 4865 Romana:
787 4811 1044 4865 Ecclesia:
1072 4809 1374 4864 doctrinam
1406 4810 1468 4861 de
1505 4806 1769 4876 capitibus
1795 4805 1882 4858 in.

312 4916 401 4959 ter
449 4914 737 4972 utramque
788 4901 1090 4956 Ecclesiam
1140 4900 1535 4963 controversis,
1587 4914 1707 4966 qua:
1755 4912 1881 4951 mox

309 4994 562 5063 synodali
592 4994 907 5050 definitione
939 4993 1209 5062 explicata
1252 4999 1399 5045 sunt.
1432 4991 1631 5044 Earum
1664 5003 1882 5058 quoque

308 5088 623 5144 orationum
665 5069 867 5141 mentio
920 5085 978 5139 tit
1028 5085 1083 5139 in
1120 5084 1385 5154 Apologia
1416 5081 1633 5151 Joscphi
1678 5082 1882 5135 Metho-

311 5182 541 5243 nensis;
578 5188 631 5233 et
665 5192 859 5248 magna
892 5178 1035 5232 inter
1063 5177 1309 5232 eruditos
1341 5175 1568 5245 quaestio
1611 5184 1716 5237 est,
1752 5190 1877 5227 ntnn

309 5272 380 5325 de
410 5270 479 5324 iis
508 5285 643 5342 quas
672 5269 937 5324 habemus
959 5266 1147 5325 Grazce
1176 5274 1232 5322 et
1254 5265 1443 5320 Latine
1470 5265 1522 5319 in
1557 5263 1879 5317 Bibliothera

310 5358 562 5426 Patrum,
594 5368 647 5416 et
676 5362 731 5415 in
766 5359 1124 5415 conciliorum
1158 5356 1592 5413 Collectionibus
1617 5395 1631 5418 .
1681 5352 1882 5407 intelli-

309 5454 486 5523 genda
535 5453 647 5507 sint
686 5451 1001 5507 Graecorum
1054 5450 1315 5505 Actorum
1345 5448 1526 5501 verba.
1583 5446 1710 5499 Erat
1752 5453 1880 5498 tunc

307 5546 579 5617 Georgius
608 5542 929 5601 Scholarius
964 5546 1109 5598 inter
1138 5543 1333 5608 laicos,
1353 5538 1631 5610 judexque
1671 5537 1876 5606 prima-

318 5639 436 5694 rius
462 5637 600 5693 aulis
654 5636 1057 5706 imperatorias;
1100 5643 1264 5702 atque
1314 5632 1449 5686 adeo
1488 5629 1619 5683 nihil
1656 5629 1873 5691 mirum,

307 5734 458 5805 quod
486 5733 541 5789 in
578 5730 897 5788 deﬁnitione
931 5728 1189 5800 synodica
1228 5722 1519 5783 scribendo
1549 5738 1652 5777 non
1688 5722 1874 5776 adrue-

1972 533 2127 588 laieis
2170 545 2378 602 praeter
2433 537 2812 603 imperatorem
2853 548 3045 590 'nento.
3087 538 3357 591 Reversus
3397 540 3537 593 Con.

1967 624 2380 692 stantinopolim
2424 620 2735 678 Gennadius
2768 642 2912 679 anno
2966 627 3121 685 1659.
3150 638 3264 695 post
3318 630 3538 682 absolu-

1967 717 2073 761 tam
2112 711 2404 779 synodutn,
2441 712 2493 764 in
2530 727 2723 780 magna
2759 715 2900 780 apttd
2932 712 3195 769 Joannem
3235 717 3529 783 imperato-

1966 816 2079 854 rem
2113 801 2641 870 Constantinumque
2676 802 2892 856 fratrem
2931 816 2983 856 et
3012 820 3390 860 successorem
3447 808 3535 860 di-

1965 891 2173 959 gnitate
2221 893 2375 954 vixit,
2417 908 2587 959 usque
2619 894 2682 946 ad
2718 909 2922 947 annuat
2976 896 3138 961 1455,
3169 896 3264 965 qui
3306 897 3535 966 imperio

1969 983 2281 1038 Graecorum
2350 983 2964 1053 ConstantinOpolitano
3038 1002 3333 1056 supremus
3408 991 3531 1044 fuit.

1964 1075 2102 1147 Quid
2129 1090 2255 1129 vero
2281 1076 2411 1129 totis
2438 1076 2524 1130 his
2547 1077 2708 1130 annis
2738 1079 2997 1132 tredecim
3024 1078 3532 1134 Genuadiofactuut

1965 1165 2054 1227 sit.
2104 1165 2366 1220 divinavit
2414 1167 2665 1223 Allatius.
2708 1165 2901 1236 Neque
2948 1169 3095 1223 enim
3140 1184 3169 1222 a
3203 1169 3394 1223 Greco
3421 1170 3532 1223 ullo

1966 1265 2187 1310 auctore
2224 1256 2415 1310 didicit
2438 1272 2559 1312 eunt
2589 1260 2871 1314 catholica:
2916 1259 3061 1323 lidei,
3098 1275 3259 1328 quam
3304 1260 3535 1314 Floren-

1966 1349 2056 1403 tiae
2093 1363 2216 1402 cum
2263 1348 2385 1403 aliis
2430 1348 2638 1404 Graecis
2686 1351 2967 1419 professus
3004 1349 3202 1413 iuerat.
3232 1351 3531 1405 observan-

1966 1437 2260 1503 tissimum,
2309 1438 2718 1493 schismasticos
2780 1455 2913 1493 voce
2974 1451 3027 1494 et
3054 1441 3276 1508 scriptis
3334 1440 3535 1494 conﬁr-

1967 1542 2182 1590 masse,
2220 1530 2521 1598 praesertim
2566 1545 2695 1583 vero
2726 1529 2968 1584 Marcum
3014 1531 3305 1599 Ephesium
3356 1533 3532 1585 schis-

1965 1614 2126 1675 tn:ttis
2166 1621 2610 1689 antesignanum.
2655 1620 2957 1691 Latinoque
2983 1624 3188 1677 nomini
3218 1622 3531 1678 int‘ensissi-

1967 1727 2136 1765 mtttn.
2162 1711 2297 1778 Quia
2342 1721 2519 1766 tamen
2554 1728 2619 1767 ex
2652 1715 2819 1769 variis
2863 1715 3000 1768 actis
3032 1723 3087 1769 et
3136 1715 3528 1781 monumentis,

1898 1788 1938 1843 Β
1966 1818 2195 1873 quorum
2227 1818 2400 1872 pauca
2440 1802 2588 1859 edita
2626 1815 2775 1868 sunt,
2814 1806 3019 1876 reliqua
3051 1816 3341 1862 servantur
3368 1806 3421 1859 in
3451 1806 3534 1859 bi-

1973 1895 2296 1961 bliothecis,
2336 1895 2657 1966 intelligitur
2708 1896 2897 1952 eodem
2950 1906 3197 1968 tempore
3240 1897 3527 1967 quemdam

1972 1984 2261 2053 Georgium
2284 1986 2628 2041 Scholarium
2659 1986 2842 2043 Marco
2872 1988 3106 2056 Ephesio
3134 2005 3342 2043 summa
3375 1988 3530 2042 lami-

1973 2076 2205 2131 liaritate
2227 2077 2599 2144 conjunctum.
2635 2079 2802 2133 multa
2829 2078 3092 2133 adversus
3145 2080 3368 2134 Latinos
3396 2081 3530 2135 scri-

1973 2169 2165 2237 psisse.
2192 2167 2483 2223 Matthteus
2515 2169 2929 2240 Caryopltyllus,
2960 2180 3153 2225 eteum
3179 2180 3401 2226 secutus
3418 2171 3528 2227 Leo

1970 2259 2227 2326 Allatius,
2253 2259 2390 2314 duos
2406 2259 2742 2325 Gennadius,
2765 2261 2903 2316 duos
2926 2262 3188 2330 Gcorgios
3214 2262 3529 2317 Seholarios

1972 2349 2314 2412 ellinxerunt,
2349 2348 2497 2402 illum
2538 2351 2628 2419 qui
2658 2351 2893 2404 concilio
2918 2350 3231 2410 Florentino
3258 2350 3527 2416 interfuit,

1973 2441 2337 2506 catholicum;
2370 2441 2597 2495 alterum
2639 2441 3017 2497 schimaticum
3057 2457 3181 2498 esse
3227 2442 3525 2511 jusserunt.

1973 2530 2071 2586 llic
2110 2531 2411 2587 monachus
2453 2530 2650 2597 factus,
2684 2531 2946 2587 Gennadii
2982 2548 3175 2587 nomen
3204 2534 3365 2588 simul
3405 2549 3525 2587 cum

1975 2622 2159 2675 habitu
2210 2622 2487 2692 religionis
2532 2623 2773 2693 accepit;
2805 2623 2897 2677 ille
2936 2639 2996 2678 ex
3037 2624 3174 2678 laico
3222 2626 3397 2678 factus
3440 2640 3533 2691 pa-

1973 2713 2211 2768 triarcha
2266 2722 2388 2782 post
2444 2725 2655 2784 captam
2712 2716 2924 2783 urbem,
2966 2716 3278 2772 Gennadius
3316 2733 3533 2786 quoque

1974 2823 2114 2862 novo
2144 2807 2366 2863 nomine
2397 2809 2703 2879 appellatus
2732 2809 2855 2871 fuit,
2892 2811 2981 2879 qui
3014 2818 3138 2879 post
3168 2827 3342 2865 annos
3374 2815 3533 2880 quiu-

1972 2914 2096 2967 que,
2125 2899 2386 2968 depositis
2419 2899 2606 2954 infulis
2635 2900 3116 2969 patriarchalibus.
3167 2901 3220 2956 in
3256 2914 3533 2956 monaste-

1973 2992 2114 3047 rium
2165 3007 2223 3047 se
2272 2993 2494 3061 recepit,
2526 3002 2689 3062 atque
2743 3008 2886 3046 anno
2943 2994 3168 3047 circiter
3216 2993 3353 3047 1460
3387 2993 3528 3046 diem

1974 3098 2133 3136 suum
2163 3083 2321 3137 obiit.
2344 3083 2460 3137 lmo
2488 3082 2649 3135 alium
2672 3082 2957 3151 quemdam
2986 3082 3274 3150 Georgium
3306 3083 3532 3136 Schola.

1893 3141 1940 3206 ϐ
1975 3173 2109 3227 rium
2134 3172 2435 3228 Cortesium
2464 3174 2739 3228 exstitisse
2762 3173 3074 3242 suspicatur
3097 3173 3346 3237 Allatius.
3370 3190 3528 3241 quem

1971 3273 2244 3319 auctorem
2296 3264 2569 3321 existimat
2616 3264 2955 3319 diversorum
3007 3268 3269 3320 adversus
3309 3265 3532 3320 Latinos

1970 3370 2228 3425 operum;
2267 3362 2429 3424 atque
2500 3356 2572 3409 ita
2605 3362 2715 3409 tres
2771 3355 3032 3425 Georgios
3096 3355 3408 3411 Scholarios
3477 3367 3534 3413 et

1972 3447 2281 3503 Gennadios
2315 3456 2586 3513 recenset,
2619 3449 2736 3509 sed.
2779 3458 2837 3502 ut
2870 3449 3013 3504 inira
3046 3450 3342 3516 videbitur,
3378 3450 3536 3520 plane

1969 3536 2284 3593 infeliciter.
2341 3538 2489 3594 lianc
2538 3547 2719 3595 tamen
2774 3541 2893 3609 ejus
2944 3542 3313 3611 conjecturam
3362 3542 3535 3597 secuti

1970 3638 2096 3685 sunt
2130 3644 2320 3686 omnes
2363 3630 2534 3685 ferme
2590 3631 2872 3701 theologi,
2920 3633 3090 3687 donec
3142 3633 3206 3687 R.
3238 3632 3426 3686 Simon
3453 3632 3537 3686 vir

1972 3722 2320 3777 doctissimus
2348 3722 2533 3777 docuit
2572 3722 2896 3780 certissimis
2938 3724 3275 3792 argumentis
3302 3724 3535 3778 'unicum

1973 3809 2144 3866 fuisse
2166 3811 2528 3867 Gennadium.
2558 3811 2691 3879 Quia
2724 3820 2904 3867 tamen
2940 3813 3054 3868 haec
3094 3812 3247 3882 quasi
3292 3812 3345 3866 in
3393 3830 3536 3882 mp-

1975 3906 2125 3974 ἔργῳ
2157 3904 2226 3959 ab
2260 3919 2325 3958 eo
2367 3906 2568 3974 scripta
2595 3914 2743 3969 sunt.
2786 3921 2908 3959 cum
2938 3903 3178 3959 brevitas
3208 3906 3388 3974 operis
3427 3920 3534 3959 non

1975 4002 2250 4062 pateretur
2290 4003 2348 4048 ut
2388 4003 2556 4049 totam
2588 4010 2651 4050 ex
2683 3996 2924 4066 antiquis
2992 3997 3360 4051 monumentis
3386 4010 3537 4065 qure-

1976 4084 2211 4139 stionem
2268 4085 2603 4154 explicaret,
2638 4093 2882 4154 superest
2923 4094 2982 4139 ut
3034 4092 3296 4147 quantum
3353 4085 3538 4138 licebit

1978 4176 2163 4244 paucis
2202 4190 2319 4230 eam
2349 4175 2716 4244 expediamus.

2050 4264 2359 4320 Gennadius
2410 4279 2543 4319 sane
2598 4264 2687 4332 qui
2729 4262 2942 4332 Georgii
2998 4262 3267 4317 Scholarii
3326 4278 3525 4316 nomen

1981 4358 2191 4423 habuit,
2252 4358 2425 4426 patria
2494 4364 2553 4409 ut
2610 4357 2826 4410 videtur
2879 4353 3536 4423 Conslautinopolitauus,

1911 4479 1953 4534 ο
1983 4446 2255 4511 doctrina,
2305 4446 2612 4515 eloquentia
2668 4452 2720 4498 et
2748 4445 2891 4514 juris
2944 4444 3133 4513 petilia
3194 4459 3438 4511 magnam
3472 4445 3539 4495 ab

1984 4538 2209 4592 ineunte
2241 4545 2400 4591 :etate
2448 4535 2645 4589 famam
2710 4536 2848 4603 apud
2904 4550 3031 4591 suos
3085 4544 3430 4596 consecutus.
3485 4536 3537 4588 in

1991 4630 2127 4682 aula:
2157 4625 2517 4695 imperatoriae
2547 4623 2852 4679 ministerio
2888 4623 3011 4685 fuit.
3065 4632 3350 4691 antequam
3380 4621 3515 4676 Joan

1985 4735 2081 4774 nes
2106 4717 2442 4786 Palmologus
2507 4715 2562 4769 in
2607 4715 2815 4767 italiam
2879 4714 3336 4783 proﬁcisceretur.
3390 4713 3542 4766 Tuus

1983 4827 2111 4866 vero
2149 4809 2353 4878 judicis
2412 4807 2655 4878 primarii
2714 4821 2915 4860 munus
2977 4804 3543 4875 sustinebat,Kpnij;

1982 4906 2083 4967 τῆς
2139 4899 2432 4969 βασιλικῆς
2465 4898 2724 4967 κρίσεως,
2787 4904 2847 4948 ιιι
2898 4911 3004 4949 ηοη
3066 4897 3239 4950 solum
3302 4892 3542 4948 Historia
3608 4943 3617 4953 ,

1981 4992 2201 5063 politica
2253 4998 2308 5045 et
2356 4988 2723 5042 ecclesiastica
2770 4985 2911 5055 apud
2947 4985 3345 5047 Crusium,sed
3410 4982 3539 5034 varii
3609 4987 3621 5033 .'

1981 5088 2144 5143 etiam
2192 5083 2583 5153 opusculorum
2643 5079 2785 5132 tituli
2846 5087 3138 5132 testantur.
3189 5076 3540 5144 Negotiorutn

1984 5175 2099 5240 ipse
2125 5172 2426 5226 molestiam
2448 5172 2803 5238 conqueritur
2828 5169 2891 5222 ad
2929 5167 3265 5235 Pllllelplmltt
3298 5165 3543 5218 scribens

1984 5262 2067 5314 Itis
2102 5260 2321 5313 verbis:
2369 5256 2508 5311 Ἀλλ’
2543 5257 2647 5310 ὑπὸ
2678 5257 2787 5309 τῶν
2808 5257 2863 5308 ὲν
2899 5255 2976 5324 τῷ
3008 5255 3250 5316 δικάζειν
3294 5252 3541 5318 θορύϐων

1980 5353 2089 5405 οὐδ’
2153 5352 2411 5404 ἀναπνεῖν
2472 5348 2654 5418 σχεδὸν
2718 5346 3191 5417 συγχωρούμὶνῠς,
3250 5345 3343 5395 καὶ
3389 5345 3539 5397 ἄκων

1981 5441 2344 5513 ἐξαμαρτάνω
2388 5458 2441 5493 τι
2476 5442 2614 5508 πρὸς
2637 5441 2766 5501 τοὺς
2826 5438 3035 5505 φίλους.
3087 5433 3192 5488 Sed
3213 5435 3541 5503 judiciorum

1982 5535 2211 5588 tumultu
2281 5547 2577 5600 oppressus.
2636 5530 2721 5582 ria:
2776 5528 3037 5595 réspirare
3087 5536 3145 5579 ut
3195 5528 3538 5584 concedatur.

1979 5626 2138 5679 etiam
2171 5625 2362 5677 invitus
2406 5620 2787 5687 uonnihilcrga
2831 5619 3026 5670 amicos
3060 5617 3327 5687 deliraque.
3384 5618 3538 5683 Quod

1982 5720 2141 5773 etiam
2177 5720 2227 5771 in
2253 5716 2371 5770 aliis
2405 5711 2733 5787 quibusdam
2787 5709 2854 5762 ad
2913 5709 3118 5762 amicos
3186 5710 3447 5777 epistolis,
3485 5718 3535 5759 ct
