3982 6208
429 293 540 360 255

1516 283 1560 342 G
1575 283 1768 343 ENNA
1782 283 1854 342 Di
1869 282 1907 340 [.
1931 282 2036 343 CP.
2079 281 2590 341 ΡΑΤΒῙΛἨΟΗΕ

3579 271 3681 334 Ξῗδ

433 409 486 457 in
522 401 862 457 e-ratiouibus
908 398 1268 471 apologetieis
1303 412 1410 451 non
1443 397 1682 452 obscure
1731 394 2004 463 designat.
2041 399 2084 452 Α
2117 395 2349 447 nondum
2384 394 2710 448 tricesimum
2770 405 2970 444 annum
3014 402 3250 458 egressus
3299 383 3525 454 ﬁrmiter
3565 397 3679 441 sta.

431 495 640 549 interra
663 508 788 546 cum
817 492 1158 546 doctissimis
1183 491 1354 556 Italis,
1378 490 1676 544 Frauciseo
1702 487 2007 555 Pbilelphn,

443 583 735 638 Ambrosio
792 582 1219 642 Camaldulensi,
1261 581 1444 635 Marco
1505 581 1803 649 Lipomano
1839 577 2010 646 patri-

433 676 507 728 tio
552 675 782 739 Veneto,
818 674 1124 727 litterarum
1164 673 1556 727 commercium
1595 670 1855 732 habebat,
1875 683 2011 739 qua-

433 783 554 818 rum
585 769 775 835 plures
819 775 1043 820 exstant
1096 766 1238 818 haud
1302 751 1640 831 ineleganies
1673 763 1756 816 'in
1823 762 2011 816 codice

435 857 602 927 Regio
654 857 819 922 2955,
880 872 1066 926 panem
1115 857 1168 910 in
1238 856 1554 910 Colbertino
1615 853 1790 919 4958;
1823 868 2009 907 verum

434 966 650 1003 summa
690 951 1046 1005 librariorum
1103 950 1460 1020 negligentia,
1509 949 1627 1002 sine
1657 948 1744 1002 die
1795 954 1848 1002 et
1878 962 2011 1002 con-

433 1042 576 1104 sule,
601 1052 695 1096 aut
727 1042 847 1096 loco
880 1042 1026 1095 unde
1071 1044 1253 1097 missas
1286 1051 1434 1104 sunt,
1469 1043 1605 1096 adeo
1659 1049 1717 1095 ut
1771 1040 2011 1096 historia:

433 1129 701 1184 Gennadii
731 1132 1064 1186 mediocrem
1095 1134 1320 1185 omnino
1355 1133 1529 1185 lucent
1571 1130 1824 1186 afferant.
1887 1130 2011 1184 Phi-

435 1224 652 1292 lelpltus
682 1224 798 1294 ipse
827 1225 902 1292 (Ι)
962 1224 1152 1279 Graeco
1201 1227 1435 1292 quodam
1485 1225 1730 1278 carmine
1776 1231 2011 1278 testatur

438 1330 497 1367 se
521 1315 806 1368 admodum
828 1318 1082 1382 juvenem
1133 1317 1186 1368 in
1218 1315 1338 1383 ejus
1368 1316 1547 1369 adhuc
1595 1314 1816 1383 juvenis
1852 1312 2010 1367 lami-

434 1403 726 1459 liaritatetn
761 1407 994 1471 venisse,
1031 1406 1508 1476 Constantinopoli
1548 1421 1671 1460 cum
1707 1415 1876 1460 esset.

623 1508 839 1583 "Guyet.
871 1515 984 1567 ὄντι
1013 1516 1116 1582 νέῳ
1166 1517 1360 1583 νεαρὸν
1389 1516 1527 1568 πάνυ
1570 1517 1656 1568 διὰ
1686 1514 1866 1568 θεάων

676 1581 772 1636 Ἐν
794 1584 1067 1649 Βύζαντος
1091 1581 1198 1654 ἔρῳ
1218 1581 1397 1654 ἥψατο
1423 1587 1730 1655 Καλλιόπη.

473 1673 640 1738 Quem
668 1676 855 1749 juveni
882 1681 952 1730 mi
999 1680 1147 1749 olim,
1175 1679 1423 1747 juvenem
1477 1679 1732 1749 Bysantis
1769 1681 1822 1733 in
1847 1693 1974 1734 uroe

745 1748 1014 1815 Calliopes
1045 1748 1162 1802 Dia:
1197 1750 1502 1803 conciliavit
1527 1748 1704 1803 amor.

437 1859 519 1915 Ad
549 1872 798 1916 nostrum
854 1864 999 1918 enim
1036 1863 1379 1918 Gennadium
1443 1864 1684 1932 pertinet
1730 1865 1835 1920 hoc
1882 1863 2015 1918 Phi-

437 1952 600 2022 lelplti
627 1970 871 2019 carmen,
921 1970 1055 2018 non,
1113 1968 1170 2009 ut
1201 1964 1388 2010 censet
1440 1957 1694 2019 Allatius,
1732 1957 1795 2010 ad
1829 1957 2014 2013 nescio

435 2061 598 2113 quem
635 2044 928 2115 Georgium
981 2049 1322 2102 Scluoiarium
1380 2046 1750 2114 Gennadiunt,
1806 2061 2011 2105 metro-

435 2138 658 2206 politam
689 2138 1018 2192 l’liasorum.
1061 2145 1404 2211 Argumenta
1436 2151 1518 2196 est
1556 2159 1718 2210 quam
1747 2159 1868 2197 mox
1895 2145 2014 2198 Ian-

437 2231 688 2286 davitnus
719 2231 975 2298 epistola,
1003 2249 1123 2300 qua-
1159 2234 1211 2286 iit
1251 2233 1421 2304 Regio
1462 2236 1651 2289 codice
1687 2244 1876 2290 octava
1907 2245 2011 2297 est,

429 2336 543 2390 .qua
629 2321 914 2393 Philelplto
983 2325 1222 2390 scribit,
1281 2327 1601 2396 imperatori
1661 2343 2013 2397 summopere

435 2414 713 2483 placuisse
769 2419 1010 2486 scriptas
1073 2419 1141 2473 ab
1200 2434 1265 2472 co
1301 2419 1539 2482 litteras,
1577 2419 1736 2489 cujus
1789 2435 2012 2490 perspe-

433 2517 580 2561 ctam
613 2507 840 2563 haberet
875 2525 1003 2578 erga
1063 2527 1122 2566 se
1158 2511 1577 2567 humanitatem.
1635 2511 1902 2568 Utebatnr
1936 2514 2014 2568 la-

441 2601 816 2656 miiiarissime
876 2603 1145 2674 Georgius
1199 2603 1522 2658 Sabaiarius
1606 2603 1750 2659 Luca
1810 2607 2011 2660 Notara

441 2705 640 2760 magno
670 2691 829 2756 duce,
891 2693 1237 2763 imperatoris
1294 2693 1524 2750 Joannis
1568 2695 1853 2766 Palaeologi
1919 2711 2014 2765 ge-

428 2799 596 2850 nere,
647 2785 716 2839 ad
761 2801 921 2856 quem
981 2795 1198 2842 exstant
1253 2790 1459 2857 aliquot
1511 2805 1616 2844 non
1674 2788 2014 2860 inelegantes

436 2876 714 2946 Epistulae,
779 2887 835 2934 et
888 2878 1048 2934 ducis
1111 2882 1177 2934 ad
1237 2881 1625 2948 Scitolarium;
1664 2881 2014 2951 imperatoris

435 2969 680 3039 ejusdem
710 2969 877 3026 fratre
907 2971 1272 3027 Constantino
1319 2971 1647 3042 Paizeologo,
1696 2975 1787 3042 qui
1842 2973 2014 3040 impe-

2116 489 2309 541 tuerint
2345 497 2396 542 et
2425 488 2648 542 raverim
2679 485 2917 549 Christo,
2957 484 3334 554 magistratum
3389 491 3442 534 ut
3478 481 3682 536 incont-

2115 580 2329 633 modum
2362 579 2615 647 quiddam
2643 579 2902 649 negotium
2933 578 3203 638 abdicare,
3237 587 3288 634 et
3317 581 3385 632 ad
3419 579 3684 641 privatam

2087 674 2299 734 uitam,
2355 688 2513 742 quam
2565 670 2812 726 Christus
2849 670 2998 726 nobis
3029 673 3342 740 designavit,
3393 671 3680 735 declinare,

2117 772 2369 833 tanquam
2397 763 2578 817 multcc
2607 763 2973 832 philosOphiaa,
3008 765 3118 835 spei
3142 781 3344 835 quoque
3377 765 3684 830 futurorum

2112 868 2159 910 et
2191 874 2295 910 uno
2327 859 2482 912 verbo
2513 858 2636 912 boni
2668 853 3028 927 cujuscunque
3053 857 3442 925 plenissimam,
3503 857 3682 910 nullus

2114 951 2349 1002 arbitror
2374 965 2610 1004 meorum
2659 949 2846 1004 civium
2875 952 3109 1018 ignorat.
3143 949 3377 1004 Causam
3413 965 3511 1004 cur
3564 960 3688 1003 tan-

2113 1041 2523 1104 diudistnierit,
2559 1036 2727 1096 fuisse
2753 1041 2919 1096 refert
2967 1049 3252 1111 parentum
3300 1057 3510 1103 curam,
3546 1056 3690 1110 quos

2112 1133 2168 1187 in
2211 1132 2372 1187 senili
2433 1141 2594 1188 :etate
2625 1132 2926 1188 destituere
2985 1133 3195 1202 absque
3255 1132 3529 1203 impietate
3594 1132 3690 1187 vis

2113 1233 2353 1295 poterat,
2385 1232 2440 1280 et
2463 1225 2727 1294 quasdam
2752 1224 2908 1279 alias.

2182 1317 2374 1385 Itaque
2411 1314 2513 1370 sub
2543 1313 2757 1370 Joanne
2810 1312 3115 1384 Palmologo
3146 1310 3412 1384 Georgius
3461 1313 3695 1368 Schola-

2112 1417 2229 1470 r’us
2259 1412 2562 1483 intperialis
2597 1411 2806 1483 jndici's
2839 1425 3039 1465 munus
3063 1409 3365 1472 sustinens.
3394 1427 3518 1466 cum
3556 1425 3692 1480 pro-

2113 1509 2368 1563 curandae
2399 1507 2871 1564 concordiazinter
2901 1507 3153 1562 Latinam
3203 1505 3524 1562 etCraecam
3583 1505 3690 1560 Ec-

2114 1600 2337 1654 ciesiam
2369 1615 2536 1654 causa
2592 1599 2897 1669 imperator
2952 1598 3005 1652 iit
3043 1599 3254 1652 Italiam
3309 1597 3691 1668 proficiscere-

2114 1702 2202 1750 tur
2234 1693 2338 1765 (ἓ).
2369 1692 2422 1746 in
2454 1692 2576 1763 ejus
2609 1691 2875 1747 comitatu
2936 1688 3248 1746 Ferrariam
3308 1691 3506 1760 primo,
3559 1707 3690 1746 mox

2120 1787 2446 1842 Fiorentiam
2467 1785 2640 1840 venit.
2674 1785 2753 1840 ita
2788 1793 3066 1839 testantur
3093 1792 3347 1840 auctores
3375 1783 3551 1839 ferme
3571 1801 3690 1838 om-

2118 1895 2238 1942 nes,
2261 1888 2315 1933 et
2338 1887 2457 1933 acta
2489 1877 2676 1933 Graeca
2713 1877 2955 1932 concilii.
2984 1876 3273 1939 Ferrarim.
3337 1885 3404 1952 ut.
3451 1877 3692 1941 videtur,

2117 1971 2339 2040 Scripta:
2367 1978 2492 2023 sunt
2519 1968 2763 2036 epistolae
2797 1965 2938 2032 dine,
3004 1982 3111 2020 una
3149 1965 3407 2022 Venetias
3445 1968 3511 2021 ad
3550 1967 3700 2022 Diar-

2117 2077 2239 2114 cum
2266 2060 2656 2127 Lipomanum,
2697 2058 2763 2112 ad
2819 2057 3172 2111 Ambrosium
3212 2058 3692 2114 Camaidulensem

2116 2154 2310 2207 altera.
2347 2151 2401 2204 in
2441 2153 2616 2221 prima
2645 2150 2837 2206 scribit
2881 2157 3104 2218 optasse
3160 2165 3218 2204 se
3251 2150 3317 2204 ad
3350 2165 3474 2204 eum
3528 2153 3698 2218 proli-

2089 2229 2275 2301 icisci.
2316 2241 2406 2294 sed
2469 2241 2689 2309 fortuna
2729 2239 3000 2306 qutcdam.
3070 2238 3272 2307 inquit,
3325 2255 3405 2293 me
3435 2240 3504 2292 ad
3533 2241 3698 2309 impe-

2118 2341 2346 2385 ratorem
2378 2347 2588 2384 currere
2614 2347 2826 2400 cogens,
2851 2331 3032 2382 aureis
3083 2328 3318 2384 ienetiis
3369 2332 3695 2383 commorari

2115 2440 2219 2477 non
2248 2423 2399 2479 sinit.
2435 2438 2598 2491 neque
2630 2421 2830 2490 lepores
2858 2422 3018 2489 hujus
3049 2422 3194 2476 urbis
3251 2435 3301 2476 et
3334 2424 3538 2493 gratias
3595 2423 3696 2478 ds-

2113 2528 2348 2588 gustare,
2377 2519 2430 2570 in
2456 2535 2559 2586 qua
2589 2515 2913 2585 Lipomanus
2968 2520 3198 2585 optimus
3231 2520 3548 2582 primarium
3605 2518 3696 2574 ιο-

2115 2629 2234 2666 cum
2269 2612 2495 2675 obtinet;
2528 2613 2621 2667 sed
2661 2611 2840 2664 statim
2889 2623 3044 2680 atque
3093 2627 3398 2666 exsectisth
3433 2611 3655 2677 fecimus
3680 2651 3696 2675 ,

2115 2708 2218 2761 iter
2239 2709 2307 2760 ad
2331 2707 2700 2772 imperatorem
2735 2722 2826 2773 per
2855 2708 3052 2775 flumen
3092 2705 3446 2760 instituimus.
3489 2703 3698 2774 Nempe

2120 2797 2368 2853 fortassis
2401 2798 2526 2867 quia
2565 2798 2746 2852 serius
2773 2798 3087 2851 advenerat.
3122 2795 3179 2850 in
3223 2797 3396 2851 altera
3437 2796 3505 2850 ad
3559 2796 3697 2852 Am-

2117 2890 2387 2953 brosium,
2412 2907 2573 2960 quem
2604 2900 2711 2946 non
2746 2890 2914 2944 alium
2949 2905 3072 2946 esse
3091 2889 3482 2944 existimamus
3525 2905 3694 2956 quam

2115 2984 2626 3048 Camaltlulensem,
2685 2984 2760 3037 ita
2829 2985 3076 3038 scribit:
3126 2983 3193 3036 At
3269 2982 3702 3059 quandoquidem

372 3058 386 3068 ’
435 3063 576 3115 ravit
607 3062 832 3118 ultimus
865 3063 1334 3131 Christianorum,
1369 3066 1432 3118 ad
1465 3082 1624 3133 quem
1661 3055 1866 3135 sciipta
1928 3076 2010 3122 est
2041 3083 2087 3141 ρ
2119 3095 2234 3131 cum
2271 3079 2586 3146 imperatore
2608 3076 2699 3145 qui
2726 3085 2776 3130 te
2791 3074 3082 3143 plurimum
3128 3055 3330 3141 diligit,
3356 3091 3451 3129 nos
3490 3090 3702 3144 quoque

437 3153 676 3207 secunda
716 3154 947 3222 epistola
989 3155 1142 3223 Regii
1167 3156 1414 3220 Codicis;
1446 3157 1738 3213 Theodoro
1771 3158 2009 3228 Despota

435 3260 625 3297 eorum
659 3245 846 3307 fratre,
881 3261 1042 3314 quem
1071 3245 1285 3312 funebri
1318 3249 1570 3300 oratione
1606 3249 1870 3311 laudavit,
1892 3266 2014 3317 qua:

435 3343 613 3387 exstat
636 3335 688 3386 in
711 3335 902 3388 eodem
933 3336 1118 3390 codice
1146 3353 1160 3402 ;
1196 3348 1247 3391 et
1274 3338 1396 3392 aliis
1426 3339 1703 3408 praecipue
1765 3341 2013 3411 dignita-

441 3429 511 3479 Iis
547 3427 702 3484 viris.
735 3427 882 3483 Inter
923 3429 1331 3486 ecclesiasticos
1381 3430 1596 3486 colebat
1651 3435 1760 3500 prae
1800 3434 2014 3490 c:rteris

442 3519 678 3574 Marcum
715 3520 1120 3590 Epltesium.ad
1144 3538 1303 3591 quem
1335 3530 1516 3576 exstat
1551 3521 1762 3576 decima
1795 3525 2011 3593 quinta,

441 3628 545 3680 qna
599 3613 872 3684 signiﬁcat
931 3613 1150 3668 mittere
1203 3629 1262 3668 se
1317 3614 1693 3668 defensionem
1754 3616 2016 3672 doctrinze

443 3706 756 3761 Aristotelis
801 3715 991 3761 contra
1042 3705 1386 3762 Gcmistitum
1476 3706 1816 3773 Pletltonem,
1900 3717 2012 3764 tum

437 3797 605 3852 etiam
656 3798 1138 3869 Nomophylaretn,
1204 3797 1688 3869 Citartopltyiacem
1769 3801 2011 3857 Paisium

441 3893 619 3947 Creta:
658 3902 717 3946 ut
767 3893 982 3947 videtur
1053 3892 1549 3960 archiepiscopum,
1610 3902 1662 3948 et
1714 3894 1852 3950 alios
1907 3910 2012 3950 non

445 3985 778 4054 paucost
813 3986 912 4042 lios
957 3994 1174 4040 exstant
1231 3984 1483 4055 Epistolm
1506 3986 1574 4041 de
1631 3987 1858 4056 privatis
1906 3987 2014 4058 ple-

442 4095 672 4148 rumque
731 4081 981 4146 negotiis.
1015 4072 1233 4133 omnes
1301 4078 1423 4133 sine
1508 4077 1596 4132 die
1653 4093 1708 4134 et
1767 4081 2013 4136 console.

421 4175 634 4230 .Plures
681 4175 879 4242 opinor
939 4173 1359 4240 interciderunt,
1391 4172 1516 4240 quia
1572 4171 1858 4228 electiores
1899 4186 2016 4226 tan-

439 4267 722 4321 tummodo
746 4266 962 4321 selectaa
993 4266 1255 4319 videntur
1299 4263 1488 4328 fuisse,
1525 4273 1583 4319 ut
1621 4266 1866 4336 antiquis
1912 4265 2016 4322 De-

439 4362 762 4427 mosthenis,
798 4360 1078 4421 laceratis,
1108 4359 1346 4420 Libanii,
1367 4369 1418 4413 et
1445 4360 1569 4414 aliis
1608 4361 2014 4430 principuorum

2118 3172 2326 3224 uninnis
2359 3171 2674 3224 desiderium
2731 3168 2800 3222 ad
2843 3179 2988 3222 tuam
3035 3169 3215 3222 urbem
3265 3167 3547 3236 transfert,
3597 3177 3699 3220 aut

2117 3267 2288 3334 potius
2327 3265 2440 3332 ipse
2486 3277 2550 3315 ex
2609 3262 2705 3314 tali
2763 3261 3026 3316 desiderio
3081 3262 3227 3314 nobis
3277 3258 3701 3326 transmigrandi

2119 3357 2485 3410 necessitatem
2511 3355 2759 3423 imposuit
2785 3371 2804 3416 ;
2838 3353 3057 3417 reliquis
3087 3353 3299 3420 quidem
3329 3353 3516 3420 sufficit
3544 3361 3697 3406 tuam

2119 3450 2264 3502 adire
2325 3451 2531 3508 urbem,
2577 3457 2626 3501 et
2685 3448 2874 3501 habere
2912 3446 3020 3500 illic
3077 3445 3324 3508 delicias,
3369 3444 3700 3510 spectacula,

2121 3538 2256 3592 (ιιιιεε
2290 3537 2597 3604 magniﬁcas
2631 3545 2680 3589 ct
2735 3537 2846 3589 alia
2903 3535 3212 3588 domesticis
3280 3551 3383 3587 non
3420 3534 3698 3604 inferiora.

2122 3629 2291 3683 Nolis
2321 3646 2438 3684 vero
2467 3629 2717 3699 angulum
2751 3630 2986 3695 aliquem
3033 3627 3258 3680 concede
3283 3626 3360 3678 tui
3391 3625 3703 3679 monasterii

2119 3718 2257 3788 quod
2311 3720 2358 3772 in
2418 3719 2578 3772 chara
2637 3717 2763 3770 urbe
2797 3717 3174 3771 charissimunt
3215 3716 3372 3769 habes
3407 3725 3454 3766 et
3512 3733 3698 3770 ornas.

2121 3808 2208 3862 Ita
2233 3825 2319 3863 eos
2354 3808 2446 3878 qui
2472 3818 2520 3861 te
2547 3808 2775 3860 maxime
2813 3807 3065 3875 diligunt,
3092 3816 3306 3860 tuorum
3343 3805 3437 3883 tibi
3468 3807 3696 3875 conjun-

2117 3902 2369 3956 ctissimis
2413 3917 2514 3954 non
2572 3900 2832 3954 immerito
2876 3899 3148 3967 prwferes,
3207 3909 3433 3972 tuncque
3484 3899 3701 3968 facilius

2099 3981 2224 4048 luna
2251 4011 2364 4049 esse
2414 3994 2564 4048 nobis
2615 3992 2817 4052 licebit,
2869 4009 3031 4062 neque
3065 3991 3274 4046 morbos
3337 3993 3701 4056 causabimur,

2120 4103 2280 4156 neque
2296 4095 2496 4138 tantum
2519 4100 2582 4140 ca:
2605 4085 2920 4152 infelicitate
2939 4094 3125 4138 nostra
3150 4084 3384 4139 dolorem
3407 4086 3703 4152 capiemus.

2119 4176 2268 4240 Quod
2315 4192 2358 4228 st
2408 4173 2697 4242 aliquando
2744 4190 2956 4234 rursus.
3011 4175 3186 4228 minus
3262 4185 3438 4228 tamen
3467 4174 3703 4232 omnino

2116 4282 2277 4334 quam
2311 4281 2470 4326 nunc,
2505 4277 2600 4318 tea
2637 4266 2786 4318 nobis
2806 4264 3117 4334 disjungunt
3167 4265 3494 4332 publicorum
3536 4281 3698 4332 nego-

2121 4373 2313 4410 ttorunt
2347 4373 2515 4416 curae,
2550 4356 2687 4410 hanc
2734 4355 3028 4410 absentiam
3061 4359 3440 4411 monachorum
3483 4358 3594 4410 illic
3626 4357 3704 4412 ri-

440 4463 727 4506 auctornm
757 4451 1213 4519 adjungercntnr,
1245 4460 1303 4503 ut
1334 4451 1386 4503 in
1421 4451 1610 4506 codice
1652 4451 2012 4518 Colhertino;
2050 4434 2091 4486 D
2123 4452 2348 4506 centium
2385 4451 2549 4503 virtus
2579 4458 2627 4503 et
2667 4450 2936 4518 sapientia
2957 4449 3298 4514 solabuutur.
3326 4449 3471 4516 Quos
3494 4450 3702 4518 quidem

441 4545 666 4613 reliqua:
691 4543 996 4612 perierunt,
1029 4550 1088 4596 ut
1139 4542 1302 4596 multa
1339 4543 1444 4596 alia
1499 4542 1771 4599 Geunadii
1825 4560 2013 4612 opera,

441 4636 568 4704 quia
607 4645 800 4689 auctor
856 4649 1136 4705 nunquam
1177 4649 1262 4695 ea.
1321 4643 1381 4688 ut
1416 4635 1653 4699 videtur,
1713 4636 2013 4708 colligenda

441 4729 694 4795 curavit;
757 4729 851 4784 sed
887 4737 1010 4798 post
1037 4726 1158 4796 ejus
1202 4726 1412 4782 obitum
1461 4742 1489 4780 a
1519 4726 1785 4782 studiosis
1823 4728 1877 4781 in
1925 4745 2017 4782 co-

438 4823 588 4876 dices
613 4821 778 4876 relata
832 4828 962 4876 sunt
991 4835 1336 4888 quaecunque
1370 4829 1476 4874 tam
1536 4819 2012 4888 Constantinopoli

436 4929 602 4984 quam
661 4913 715 4966 in
782 4899 1258 4968 monasteriorum.
1319 4911 1674 4968 bibliothecis
1724 4911 2014 4968 delitesce-

438 5007 590 5059 bant.

509 5095 813 5153 Triecsimo
829 5096 1012 5154 aetatis
1033 5112 1178 5152 anno
1195 5095 1464 5166 Georgius
1485 5094 1809 5152 Scirolarius
1830 5105 2015 5152 votum

440 5187 569 5242 fecit
603 5187 998 5258 amplectenda
1024 5187 1287 5244 solitaria:
1313 5187 1460 5247 vitta.
1485 5188 1630 5256 quod
1659 5194 1844 5241 tamen
1878 5201 2018 5242 non-

443 5279 543 5332 nisi
578 5281 741 5348 pauls
771 5287 900 5336 ante
949 5289 1168 5350 captam
1226 5277 1444 5342 urbem,
1498 5287 1554 5332 et
1609 5288 1730 5345 post
1786 5276 2017 5334 Joannis

439 5369 726 5444 Palatologi
761 5381 992 5429 mortem
1038 5370 1324 5442 persolvit.
1379 5369 1454 5424 Ita
1489 5369 1556 5424 de
1587 5384 1646 5424 se
1701 5369 1898 5424 scribit
1963 5370 2014 5422 in

441 5460 706 5533 Apologia
763 5466 830 5520 ad
895 5463 1373 5522 Constantinum:
1444 5461 1620 5528 Quod,
1672 5461 1872 5532 inquit,
1921 5478 2016 5532 ego

515 5663 592 5732 (l)
631 5665 951 5733 Pltiio-lplius
973 5667 1504 5732 Constantinopolim
1563 5664 1782 5730 juvenis
1827 5661 1998 5733 proie-

442 5731 566 5792 ctus
592 5745 692 5802 est,
727 5731 1100 5792 Enitnanuclis
1127 5738 1472 5810 Cittysolora:
1525 5735 1686 5827 tiliam
1726 5736 1897 5790 duxit.
1945 5731 2010 5787 ν.

2124 4543 2218 4596 sub
2260 4541 2358 4595 tali
2385 4552 2538 4611 patre
2563 4551 2612 4596 et
2650 4551 2850 4595 rectore
2886 4541 2954 4595 ad
2991 4541 3240 4596 uirtutem
3265 4552 3559 4610 provectos,
3599 4541 3675 4593 uti
3690 4553 3706 4580 λ

2123 4626 2365 4689 lissimos
2387 4645 2434 4688 ct
2458 4633 2880 4701 jucundissimos
2907 4635 3273 4688 accedentibus
3321 4633 3437 4701 fore
3465 4633 3703 4700 conﬁdo,

2123 4727 2254 4780 adeo
2287 4735 2342 4779 ut
2377 4726 2574 4796 singuli
2610 4727 2850 4796 ipsorum
2907 4726 3189 4796 sufﬁciant
3227 4741 3332 4780 non
3390 4724 3705 4780 habentibus

2121 4829 2348 4887 patrem.

2191 4909 2310 4965 Non
2343 4909 2530 4964 alieno
2579 4906 2650 4963 ab
2713 4906 3094 4963 ecclesiastica
3157 4908 3455 4964 concordia
3522 4910 3707 4962 animo

2121 5002 2466 5058 St-ltoiarium
2492 5001 2666 5057 fuisse
2695 5010 2893 5071 praeter
2921 5014 2984 5056 ea
3021 5015 3144 5072 quas
3175 5014 3343 5070 supra
3375 4999 3521 5054 dicta
3550 5007 3702 5062 sunt,

2117 5096 2312 5152 suadet
2352 5094 2615 5162 particula
2649 5094 2894 5164 epistola:
2915 5093 2984 5148 ad
2999 5109 3255 5164 magnum
3283 5095 3500 5156 ducem,
3534 5108 3702 5164 quam

2118 5188 2301 5244 aliena
2329 5187 2789 5257 interpretatione
2813 5188 3064 5254 corrupit
3113 5185 3376 5251 Allatius,
3399 5184 3530 5239 dum
3581 5199 3702 5238 eam

2121 5294 2186 5334 ex
2227 5276 2441 5332 Grzccia
2498 5277 2762 5345 scriptam
2825 5268 3190 5342 existimarit,
3244 5290 3368 5330 cum
3429 5291 3498 5330 ex
3555 5274 3706 5327 italia

2125 5370 2290 5426 inissa
2331 5368 2519 5423 fuerit.
2549 5367 2708 5422 Nunc
2731 5383 2850 5422 uero
2883 5366 3019 5421 scito
3051 5382 3148 5420 nos
3176 5367 3442 5433 praeclara
3491 5367 3706 5420 omnino

2125 5459 2534 5531 tranquillitatis
2583 5458 2743 5512 initia
2806 5457 3232 5529 expcriri;qu:e
3288 5457 3458 5510 verba
3509 5455 3578 5509 ad
3614 5469 3706 5510 ec-

2108 5662 2368 5732 Poggimu
2403 5663 2469 5716 de
2500 5660 2770 5733 Philol-pit.
2812 5659 2909 5733 Ep.
2942 5662 3008 5719 ad
3037 5660 3410 5719 Iustinianum
3443 5659 3482 5712 ι.
3520 5671 3631 5712 ssi.

2196 5736 2271 5804 (-2)
2304 5733 2460 5788 Anno
2497 5731 2652 5787 1458.
