3982 6208
263 269 377 331 2ἰ7

1786 264 1989 326 VITA.

3350 294 3357 297 ι
3426 265 3529 329 2ἷ8

271 380 608 436 clesiasticm
656 381 970 436 concordiae
1006 393 1157 448 spem
1218 377 1473 431 videntur
1537 372 1849 428 referenda.
1882 381 1927 435 Α
1958 370 2121 424 variis
2141 370 2480 433 bibliotheca:
2506 369 2684 441 ltegire
2705 370 2897 438 codd.,
2922 385 3113 439 nempe
3139 371 3431 427 Hotiiiliam
3460 377 3529 429 ad

276 474 387 526 Sed
425 489 549 541 qua:
608 475 809 543 legitur
864 481 971 526 act.
1031 470 1103 523 ‘25
1161 467 1462 522 Florentini
1525 467 1743 520 concilii
1800 468 1853 517 in

275 561 488 617 Gratis
515 565 655 616 actis
685 562 907 631 Georgii
940 558 1205 615 Scholsrii
1235 557 1562 625 Responsio,
1586 556 1855 624 ejusmodi

272 664 386 716 est,
422 665 477 706 ut
506 656 622 708 viro
655 656 744 724 pio
778 656 1039 723 pacisque
1069 652 1479 707 studiosissimo
1533 649 1855 716 dignissima

276 744 554 797 videatur.
588 746 832 815 Rogatus
861 745 1009 798 enim
1045 745 1115 797 ab
1138 744 1471 809 imperatore
1531 740 1854 793 sententiain

275 834 355 888 de
382 838 601 891 unionis
655 839 880 892 decreto
903 877 918 901 ,
971 838 1045 890 ita
1108 838 1386 904 respondit
1410 837 1489 901 (l)
1516 850 1529 885 :
1559 834 1768 902 Optime
1807 820 1855 885 et

272 929 648 991 potentissime
675 930 987 996 imperator,
1019 945 1177 997 quam
1211 944 1304 997 ego
1337 927 1551 996 quidem
1582 927 1855 979 habuerim

275 1028 327 1069 et
389 1035 527 1072 nunc
559 1022 782 1073 habeam
853 1024 1169 1074 sententious
1230 1023 1295 1073 de
1328 1022 1603 1087 proposita
1648 1021 1856 1072 unionis

278 1114 532 1175 materia,
565 1114 767 1166 indicat
802 1129 973 1166 sermo
1020 1130 1051 1165 a
1094 1128 1176 1165 me
1213 1124 1474 1175 utcunque
1511 1113 1851 1180 compositus,

275 1214 329 1253 et
353 1203 478 1254 huic
524 1217 719 1256 nostrte
772 1207 972 1273 synodo
1020 1204 1254 1268 oblatus,
1321 1220 1423 1273 quo
1474 1221 1653 1258 sacros
1702 1205 1856 1257 hosce

279 1295 614 1347 adhortabar
646 1294 838 1350 Patres
864 1298 933 1348 ad
979 1298 1225 1350 unionem
1287 1306 1335 1350 et
1388 1297 1648 1349 auxilium
1704 1296 1855 1350 rebus

278 1384 890 1455 Constantinopolitanis
973 1388 1269 1456 ferendum.
1333 1389 1618 1443 Testantur
1692 1390 1855 1442 etiam

278 1480 386 1530 duo
420 1480 604 1542 libelli,
636 1498 765 1549 quos
821 1493 977 1534 antea
1031 1483 1371 1549 compositos,
1436 1499 1571 1535 nunc
1609 1484 1857 1549 prtesenti

278 1570 482 1634 synodo
514 1572 690 1630 trado,
725 1587 951 1639 quorum
999 1575 1138 1625 alter
1171 1573 1448 1624 consilium
1484 1573 1574 1624 dat
1638 1584 1694 1624 ut
1735 1573 1851 1641 fiat,

279 1670 329 1708 et
373 1662 636 1727 quomodo
665 1662 783 1729 ﬁeri
833 1665 1018 1730 debeat
1078 1664 1227 1724 maio,
1260 1671 1308 1715 et
1337 1666 1547 1729 exponit
1600 1664 1855 1732 quidquid

278 1749 431 1800 aliud
466 1754 532 1801 ad
568 1757 705 1803 hanc
732 1755 1014 1805 materiam
1066 1763 1309 1818 spectat:
1348 1756 1485 1806 alter
1541 1767 1656 1807 vero
1713 1770 1855 1821 qua:-

280 1849 511 1892 sttonem
542 1843 705 1903 ipsam
762 1851 980 1906 tractat,
1010 1855 1189 1913 estque
1221 1845 1303 1895 illi
1334 1860 1522 1912 scapus
1578 1851 1852 1900 ostendere

281 1932 526 1984 doctores
563 1931 808 1986 Ecclesia:
852 1936 990 1987 inter
1030 1951 1085 1988 se
1130 1938 1410 1988 concordes
1468 1950 1579 1988 esse
1633 1953 1733 1988 non
1769 1952 1857 1988 ra-

282 2024 514 2075 tionibus
550 2040 613 2077 ac
638 2026 1178 2078 dentonstrationibus
1226 2027 1497 2088 Imumnis,
1536 2027 1627 2078 scd
1688 2042 1859 2079 sacra!

279 2110 577 2178 Scriptum
618 2116 976 2168 etdoctorum
1007 2117 1310 2169 earumdem
1365 2116 1659 2169 sententiis.
1720 2117 1858 2170 Eos-

279 2202 407 2254 dem
435 2202 605 2258 libros
632 2206 850 2260 oblatos
882 2206 1095 2276 synodo
1133 2208 1303 2259 fuisse
1343 2213 1618 2260 testantur
1665 2211 1855 2260 eadem

280 2292 415 2344 Aeta
476 2297 641 2361 paulo
682 2299 979 2366 superius:
1011 2295 1141 2351 Post
1193 2300 1480 2351 orationem
1529 2296 1856 2352 Bessariouis

279 2386 469 2438 obtulit
531 2390 677 2442 trabis
745 2388 1056 2443 Scltalarius
1139 2393 1383 2444 dominus
1433 2390 1686 2461 Georgius
1754 2404 1856 2446 tres

283 2480 569 2534 Orationes
596 2497 693 2549 pro
751 2484 943 2536 unione
968 2484 1369 2547 deliberativas,
1404 2487 1684 2537 cohortans
1737 2488 1858 2537 ani-

282 2590 536 2640 citatisque
597 2589 691 2626 nos
744 2576 814 2627 ad
867 2579 1286 2642 amplectendam
1351 2579 1620 2631 unionem.
1684 2576 1858 2647 Vulgo

282 2664 600 2717 existimant
658 2667 781 2721 illas
844 2668 993 2735 ipsas
1048 2670 1329 2721 orationes
1382 2685 1506 2722 esse
1562 2687 1682 2735 qum
1733 2687 1855 2723 cum

280 2754 436 2807 Actis
461 2756 707 2821 concilii,
761 2766 815 2811 et
875 2760 1106 2812 seorsim
1161 2760 1263 2812 sub
1305 2760 1524 2827 Georgii
1589 2760 1855 2815 Scliolarii

284 2854 509 2900 nomine
529 2853 688 2902 editae
715 2857 865 2912 sunt,
904 2860 1091 2904 contra
1135 2867 1296 2920 quam
1340 2855 1513 2905 sensit
1565 2851 1852 2909 Matthqu

282 2937 702 3006 tlaryophyllus,
733 2942 821 3008 qui
877 2944 1016 2993 lianc
1064 2940 1346 3009 vulgarem
1405 2942 1717 3011 Opinionem
1767 2958 1855 2998 so-

1958 466 2367 533 Λατινίφρονας
2421 466 2485 517 de
2532 465 2881 533 purgatorio,
2910 476 2963 518 ct
3000 464 3401 533 Responsionem
3459 468 3529 522 ad

1957 571 2139 609 eorum
2164 554 2479 622 objectiones
2499 572 2517 620 ;
2541 555 2616 608 De
2639 557 2968 623 processione
2993 555 3229 625 Spiritus
3266 560 3456 625 sancti.
3477 568 3531 614 ct

1958 650 2063 702 alia
2096 648 2365 717 quaedam.
2413 650 2481 702 de
2544 650 2747 728 quibus
2801 650 3019 703 dicetur
3072 666 3172 728 suo
3209 651 3352 706 loco.
3419 652 3532 708 Hac

1958 738 2247 791 occasione
2270 721 2906 807 Georgiits'Scholarius
2970 740 3021 792 in
3047 721 3273 796 Joannis
3320 740 3527 797 Palam.

1959 830 2063 897 logi
2093 829 2449 884 oli‘cusionem
2488 830 2747 894 incurrit,
2780 833 3016 899 graviter
3056 835 3319 888 c’ommoti
3380 836 3524 903 «ιιιοά

1960 924 2217 975 unionem
2246 926 2400 976 tanto
2438 922 2621 975 labore
2648 938 2677 976 a
2721 937 2781 977 se
2840 934 3211 992 procuratam,
3260 935 3315 979 et
3369 928 3526 996 cujus

1958 1013 2221 1069 beneﬁcio
2248 1015 2446 1068 auxilia
2478 1016 2545 1069 ab
2578 1015 2726 1069 Italis
2754 1017 2806 1069 in
2837 1030 3053 1069 souimo
3092 1032 3272 1070 rerum
3303 1033 3525 1072 suarum

1957 1105 2276 1160 discrimine
2326 1108 2639 1161 necessaria
2694 1108 2967 1187 sperabat,
3008 1108 3323 1165 Scltolarius
3375 1128 3526 1174 voce,

1959 1199 2176 1267 scriptis
2209 1208 2263 1252 et
2321 1199 2672 1261 auctoritate,
2711 1214 2831 1267 quin
2878 1210 2999 1253 erat
3058 1201 3197 1269 apud
3242 1202 3529 1269 populares

1958 1304 2090 1343 suos
2123 1289 2417 1357 praecipua,
2447 1288 2764 1342 disturbare
2821 1300 3135 1343 conaretur.
3171 1287 3356 1344 Testis
3413 1289 3530 1359 ipse

1958 1381 2311 1435 in‘Uratioue
2371 1381 2714 1449 apologetica
2767 1383 2833 1435 ad
2887 1381 3313 1437 Constantinum
3356 1384 3532 1450 impe-

1961 1483 2224 1537 ratorem,
2265 1474 2338 1527 ita
2392 1484 2571 1527 tamen
2607 1486 2663 1527 ut
2720 1476 2918 1529 Joanui
2981 1475 3290 1529 simulatam
3349 1479 3530 1543 potius

1960 1563 2386 1632 indignationem
2452 1580 2611 1632 quam
2666 1566 2934 1618 sinceram
3003 1567 3262 1620 ascribat.
3308 1566 3526 1631 Deinde,

1959 1652 2156 1719 inquit,
2199 1655 2397 1719 optimo
2426 1648 2891 1721 illo'imperatore
2942 1656 3358 1723 indignationem
3420 1673 3530 1723 pra:

1958 1760 2012 1796 se
2030 1746 2224 1812 ferente
2248 1743 2310 1797 ob
2344 1759 2581 1797 verorum
2612 1747 2919 1813 dogmatum
2960 1746 3336 1814 defensionem,
3389 1764 3531 1801 com-

1957 1836 2271 1887 mittendum
2298 1853 2397 1889 non
2424 1838 2724 1890 existimavi
2749 1877 2762 1900 ,
2795 1849 2852 1890 ut
2903 1838 3090 1906 quibus
3122 1837 3305 1907 fabula
3351 1840 3531 1909 ignota

1958 1936 2092 1989 erat,
2116 1926 2379 1980 videretur
2400 1933 2537 1997 quod
2578 1946 2657 1982 me
2688 1930 2770 1981 ira
2826 1930 3158 1999 imperatoris
3212 1933 3282 1984 ad
3331 1932 3532 1987 Christi

1950 2018 2141 2086 jugnm
2179 2020 2534 2084 compelleret,
2579 2032 2629 2073 et
2654 2023 2794 2089 quod
2852 2023 3043 2076 invitus
3072 2027 3140 2077 ad
3186 2027 3530 2096 tranquillam

1958 2111 2117 2162 vitam
2145 2112 2497 2180 confugerent.
2524 2112 2673 2165 Illam
2712 2114 2858 2166 enim
2883 2129 3102 2168 causam
3139 2117 3408 2187 assignat,
3432 2134 3530 2173 cur

1960 2204 2083 2257 vivo
2106 2202 2315 2258 Joanne
2344 2213 2530 2257 votum
2564 2204 2881 2260 monastica:
2924 2206 3045 2261 vita:
3093 2207 3187 2261 diu
3238 2222 3365 2265 ante
3401 2226 3529 2265 con-

1958 2305 2174 2363 ceptum
2211 2310 2317 2349 non
2349 2296 2673 2365 impleverit.

2035 2386 2107 2439 Eo
2172 2388 2336 2441 etiam
2402 2400 2686 2459 regnante,
2772 2400 2895 2459 post
2962 2393 3198 2447 reditum
3256 2410 3323 2449 ex
3375 2396 3529 2451 Italia

1959 2481 2182 2547 scripsit
2220 2478 2512 2537 Orationes
2538 2481 2590 2535 in
2630 2484 2981 2536 homtliarum
3026 2486 3248 2539 modum
3307 2489 3529 2549 multas.

1959 2588 2080 2643 quae
2110 2575 2433 2643 legebantur
2489 2576 2777 2629 concionis
2818 2576 2960 2638 loco,
2994 2578 3078 2631 vel
3132 2579 3531 2645 scribebantur,

1959 2679 2247 2735 poStqnam
2282 2668 2399 2719 viva
2439 2681 2569 2719 voce
2621 2676 2777 2720 erant
2822 2668 3161 2730 declamatm,
3224 2678 3283 2723 ut
3323 2686 3386 2724 ex
3446 2670 3531 2724 in-

1958 2759 2256 2826 scriptione
2288 2773 2411 2826 quae
2454 2759 2694 2812 occurrit
2744 2758 2798 2811 in
2848 2771 3040 2813 nostro
3082 2761 3272 2814 codice
3325 2763 3533 2831 colligi-

1959 2862 2104 2901 mus.
2159 2848 2270 2902 Etsi
2323 2851 2467 2902 enim
2520 2851 2693 2904 laicus
2732 2866 2904 2919 usque
2953 2853 3018 2905 ad
3075 2864 3387 2922 susceptam
3441 2871 3535 2924 pa-

1960 2938 2310 2992 triarchalem
2338 2941 2653 3008 dignitatem
2681 2941 2949 3011 Georgius
3001 2942 3323 2999 Scholarius
3382 2947 3534 2999 rixe-

286 3027 569 3083 lidissiinis
632 3032 935 3085 rationibus
1006 3032 1332 3097 confutavit,
1385 3034 1650 3088 adversus
1715 3050 1851 3103 quas
1878 3046 1921 3103 ο
1962 3033 2054 3095 rit,
2084 3036 2169 3084 vix
2197 3042 2377 3086 tamen
2400 3033 2653 3087 dubitare
2680 3036 2804 3088 licet
2829 3050 2952 3088 eum
2984 3049 3168 3089 coram
3202 3038 3539 3105 imperatore

280 3121 552 3175 Allatiaua
586 3122 838 3176 defensio
869 3123 1007 3177 nihil
1040 3136 1134 3176 aut
1190 3138 1384 3193 parum
1444 3127 1595 3178 facit.
1634 3125 1741 3179 Sed
1791 3130 1855 3181 de

282 3214 393 3277 his,
435 3214 561 3282 quia
605 3216 890 3283 operosior
931 3216 1165 3284 quaestio
1225 3227 1330 3282 cst,
1364 3218 1576 3271 dicetur
1639 3218 1730 3271 ubi
1789 3217 1857 3272 de

282 3308 550 3374 Operibus
578 3306 854 3362 Scholarii
884 3308 1279 3377 disputandum
1309 3312 1432 3363 crit.
1476 3311 1533 3363 id
1574 3310 1731 3363 habet
1766 3327 1861 3363 au-

283 3411 391 3453 tem
413 3398 757 3469 Caryopbilli
794 3401 1064 3454 sententia
1096 3401 1391 3465 commodi,
1418 3401 1561 3470 quod
1589 3403 1633 3456 si
1654 3417 1856 3471 suppo-

280 3492 420 3545 sitas
447 3493 734 3546 Scliolario
764 3492 936 3545 fuisse
963 3507 994 3546 a
1021 3490 1228 3546 Graecis
1254 3493 1564 3547 concordiae
1594 3492 1859 3548 studiosis

281 3587 567 3638 orationes
592 3584 727 3639 istas
769 3587 1089 3648 statuimus,
1125 3586 1275 3638 nulla
1308 3586 1480 3640 lenne
1512 3597 1768 3657 superest
1792 3589 1859 3641 tle

284 3692 397 3728 uno
419 3676 502 3728 rel
546 3676 781 3744 geminis
837 3675 1141 3730 Scitolariis
1199 3687 1253 3731 et
1281 3677 1582 3732 Genuadiis
1632 3689 1859 3734 contro-

282 3766 616 3830 versia.Qui
665 3768 812 3820 enim
877 3766 1051 3821 letqu
1101 3767 1245 3821 litmc
1306 3769 1664 3823 celeberrimo
1714 3768 1858 3837 apud

280 3859 508 3913 Graecos
536 3859 845 3914 schismatis
873 3862 1263 3915 tenacissimos
1293 3863 1503 3915 auctori
1544 3863 1856 3931 supposuit,

285 3952 465 4020 potuit
502 3952 664 4003 etiam
700 3952 848 4005 nullo
897 3953 1119 4021 negotio
1173 3952 1326 4007 Actis
1363 3954 1567 4043 ‘grzccis
1618 3955 1859 4007 inserere

283 4058 408 4111 qua:
438 4042 552 4097 illic
602 4044 664 4097 ad
714 4044 932 4098 illarum
988 4042 1379 4101 auctoritatem
1431 4045 1860 4099 continuandam

285 4136 569 4203 leguntur.
600 4135 739 4187 Nam
758 4136 803 4189 si
837 4136 950 4189 haec
984 4151 1156 4205 pauca
1196 4138 1356 4191 verba
1387 4138 1760 4206 excipiuntur,
1804 4147 1858 4191 et

288 4228 457 4281 Marci
491 4227 714 4297 Ephesii
751 4229 993 4298 Epistula
1027 4244 1146 4297 qua:
1177 4238 1302 4283 ante
1336 4244 1543 4298 paucos
1577 4244 1750 4283 annos
1792 4230 1860 4283 ab

283 4318 489 4370 Allatio
521 4319 666 4371 edita
732 4327 835 4380 est,
879 4320 967 4372 vix
1030 4320 1331 4387 quidquam
1389 4322 1439 4371 in
1490 4320 1629 4372 illius
1678 4321 1855 4373 szeculi

287 4411 669 4462 monumentis
692 4413 959 4475 occurrit,
991 4414 1132 4463 unde
1155 4408 1501 4463 Getinadiutu
1554 4426 1665 4463 sive
1691 4412 1863 4465 Scho-

285 4500 488 4553 larium
529 4511 751 4555 constet
788 4500 1161 4555 Ecclesiarum
1212 4501 1523 4555 sanciendae
1559 4503 1860 4555 concordiis

286 4606 521 4644 navasse
542 4607 791 4659 operam,
818 4608 939 4646 cum
975 4592 1028 4645 iu
1059 4594 1250 4646 eadem
1288 4591 1679 4661 disrumpenda
1706 4591 1859 4645 deiu-

283 4697 417 4750 ccps
452 4684 519 4734 ad
568 4693 870 4736 extremam
933 4700 1107 4753 usque
1161 4691 1377 4738 aetatem
1417 4686 1859 4754 pertinacissime

284 4785 593 4842 occupatus
628 4774 800 4827 fuisse
836 4777 1106 4828 videatur.
1564 4819 1571 4826 .

360 4868 489 4920 Sive
513 4869 700 4933 igitur,
725 4882 782 4923 ut
803 4870 915 4922 ﬁeri
944 4869 1167 4921 omnino
1190 4866 1382 4936 potuit,
1408 4864 1668 4936 Georgius
1691 4865 1859 4921 Scho-

284 4961 461 5014 larius
493 4960 713 5016 Graecos
752 4961 1042 5015 Florentiae
1074 4962 1139 5013 ad
1160 4960 1414 5012 unionem
1456 4959 1706 5013 hortatus
1738 4958 1857 5012 lue-

284 5059 381 5110 rit.
419 5053 535 5105 sive
594 5066 755 5107 secus
818 5053 1010 5121 egerit,
1056 5052 1108 5104 id
1162 5051 1305 5103 enim
1341 5049 1497 5119 plane
1561 5051 1855 5103 obscurum

282 5154 392 5205 cst,
422 5160 677 5198 reversus
699 5160 821 5197 cum
862 5142 1071 5198 Joanne
1131 5142 1435 5209 Palmologo
1467 5139 1858 5195 Constantino-

283 5235 475 5303 polim,
509 5236 761 5304 atljunxit
809 5251 866 5289 sc
902 5234 1082 5288 Marco
1112 5235 1347 5303 Ephesio
1404 5233 1456 5286 in
1491 5234 1853 5301 oppugnanda

286 5330 494 5380 itiiiune
521 5344 642 5394 qua:
667 5325 956 5381 Florentia:
981 5327 1187 5379 sancita
1219 5324 1415 5378 fuerat.
1444 5326 1619 5392 Atque
1651 5325 1763 5386 illo,
1800 5334 1883 5407 ut-

285 5422 525 5483 videtur,
592 5422 856 5488 tempOris
942 5418 1226 5472 intervallo
1308 5416 1532 5484 scripsit
1592 5415 1859 5485 Georgius

285 5511 459 5564 multa
500 5512 763 5567 achrsus
792 5510 1016 5566 lsatiuos
1062 5511 1487 5581 opuscula,qu;e
1546 5519 1765 5563 csstant
1801 5511 1855 5564 iu

355 5694 432 5764 (1)
462 5652 537 5745 si
568 5693 815 5749 version:
852 5694 1120 5763 CaryOph.
1144 5708 1195 5762 p.
1224 5688 1327 5744 478
1354 5690 1481 5745 cdit.
1522 5689 1647 5745 Par.

1958 3134 2009 3177 et
2040 3133 2233 3176 senatu
2289 3124 2518 3193 singulis
2576 3124 2747 3179 sextis
2783 3124 2932 3179 feriis
2991 3141 3057 3180 ex
3090 3138 3344 3196 suggestu
3405 3120 3537 3182 con;

1958 3215 2232 3267 cionatutn
2272 3214 2465 3279 fuisse,
2501 3229 2606 3268 non
2643 3216 2791 3285 quod
2831 3217 3185 3286 magistratus
3220 3219 3310 3273 ille
3371 3236 3533 3288 quem

1958 3306 2219 3375 gerebat,
2314 3309 2744 3361 ecclesiasticam
2816 3309 3110 3377 quamdam
3211 3310 3536 3377 dignitatem

1958 3398 2272 3465 adjnnctam
2328 3399 2696 3461 liabcrct,sed
2729 3400 2856 3468 quia
2912 3401 2965 3453 in
3020 3402 3383 3470 imperatorio
3439 3406 3541 3456 tri-

1959 3490 2123 3545 clinio
2161 3491 2494 3558 vespertinis
2522 3501 2575 3545 ct
2625 3492 3019 3561 pontcridianis
3051 3494 3203 3545 boris
3255 3494 3532 3547 declama-

1959 3580 2070 3642 bat,
2106 3597 2211 3635 non
2242 3598 2304 3635 ex
2334 3586 2592 3646 amboue,
2628 3595 2719 3636 aut
2756 3600 2914 3638 mane
2945 3586 3083 3640 inter
3109 3601 3383 3657 synaxes:
3428 3588 3533 3641 hoc

1959 3674 2103 3724 enim
2139 3671 2487 3726 sacerdotum
2536 3674 2839 3729 secundum
2900 3676 3328 3730 ecclesiaSticam
3373 3679 3537 3732 disci-

1961 3762 2163 3832 plinam
2215 3780 2416 3818 munus
2460 3774 2657 3828 erat,et
2710 3768 2920 3820 similes
2973 3769 3169 3821 Leonis
3216 3765 3533 3839 Philosophi

1958 3866 2011 3910 et
2035 3856 2244 3924 aliquot
2275 3856 2508 3910 aliorum
2540 3857 2807 3912 laicorum
2837 3859 3124 3915 orationes
3151 3872 3390 3917 chtant.

2034 3946 2292 4000 Testatur
2324 3949 2439 4017 ipse
2467 3946 2784 4003 Scholarius
2828 3952 3244 4003 reconciliatum
3315 3955 3532 4006 tandem

1961 4041 2065 4096 sibi
2098 4041 2268 4095 fuisse
2325 4053 2569 4094 extremo
2626 4042 2745 4094 vita:
2804 4052 3049 4109 tempore
3109 4040 3374 4096 Joannem
3430 4045 3535 4097 ini-

1962 4142 2291 4200 peratot‘cm,
2341 4134 2565 4197 jamque
2623 4130 2725 4185 sibi
2787 4146 2895 4185 non
2979 4132 3212 4184 obscure
3268 4134 3532 4187 latentem

1960 4222 2126 4274 vitam
2196 4236 2320 4274 cum
2378 4232 2551 4275 n.0rte
2612 4235 3001 4274 commutasse.
3050 4221 3308 4286 Quamvis
3374 4240 3535 4292 pono

1964 4313 2102 4379 apud
2125 4309 2351 4364 Latinos
2382 4326 2573 4363 omnes
2602 4323 2857 4365 auctores
2881 4322 2933 4365 et
2972 4312 3189 4367 Graecos
3225 4315 3414 4366 unioni
3438 4315 3536 4367 ad-

1966 4405 2141 4456 dictus
2177 4406 2419 4470 legamus
2446 4402 2791 4471 imperatoris
2855 4406 3098 4457 animum
3158 4420 3185 4458 a
3242 4407 3537 4461 concordia

1966 4508 2127 4559 quam
2161 4491 2448 4546 Florentia}
2467 4493 2877 4561 Subscripti‘one
2905 4494 3239 4559 (irritaverat,
3268 4511 3535 4564 unsquani

1968 4585 2140 4639 fuisse
2190 4586 2525 4650 alicuattnu;
2578 4586 2911 4640 dissentiunt
2967 4596 3146 4639 tamen
3200 4587 3534 4641 scliismatict

1964 4678 2138 4731 ferme
2203 4694 2413 4731 omnes.
2475 4678 2550 4731 Ita
2584 4680 2781 4747 legitur
2815 4680 2866 4732 in
2931 4680 3090 4731 titulo
3133 4682 3537 4750 pseudosynodi

1965 4769 2631 4837 Constantinopolitanis,
2712 4772 2764 4825 in
2823 4773 3104 4827 Atldcntlis
3170 4778 3307 4843 apud
3390 4779 3538 4829 Alla-

1970 4863 2101 4914 titnn
2160 4859 2234 4928 (ἓ)
2270 4878 2282 4915 :
2318 4861 2470 4925 Qum,
2517 4862 2714 4929 inquit,
2769 4863 2950 4916 habita
3002 4864 3105 4931 fuit
3148 4877 3261 4933 post
3296 4878 3534 4920 exactam

1965 4954 2423 5022 pseudosynodunt
2452 4952 2821 5007 Florentino»:
2857 4959 3013 5009 unius
3043 4969 3088 5010 et
3149 4961 3357 5011 dimidii
3402 4960 3530 5012 anni

1965 5047 2269 5109 intervallo,
2302 5058 2349 5097 et
2380 5056 2496 5113 post
2527 5044 2724 5097 obitum
2745 5046 2969 5101 Joannis
3000 5048 3288 5117 l’alteologi
3309 5056 3531 5119 quicum

1965 5136 2170 5190 Latinis
2202 5140 2485 5199 sentiebat,
2507 5138 2570 5188 ab
2618 5137 2775 5189 Italis
2810 5142 2903 5191 sub
2937 5156 3025 5208 spe
3057 5143 3247 5193 auxilii
3296 5141 3528 5207 delusus,

1965 5243 2086 5284 ante
2142 5242 2315 5284 tamen
2375 5232 2571 5283 obitum
2620 5232 2909 5284 orthodoxa
2966 5233 3201 5301 dogmati
3262 5249 3532 5286 assensum

1966 5327 2287 5393 prabucrat.
2322 5322 2471 5376 Tunc
2523 5324 2841 5379 Scliolarius
2885 5326 3199 5377 domesticis
3252 5327 3413 5378 rebus
3443 5344 3535 5379 or-

1968 5418 2172 5472 dinatis
2196 5424 2451 5469 eratmox
2482 5431 2598 5468 sese
2653 5414 2707 5467 in
2744 5414 3138 5468 monasterium
3194 5427 3527 5482 recepturus.

1965 5526 2087 5563 cum
2126 5508 2465 5576 proposimnt
2500 5518 2709 5559 mutare
2741 5517 2961 5559 coactus
2995 5516 3104 5558 cst.
3161 5507 3309 5561 Oniit
3340 5515 3528 5563 eodem

2042 5688 2113 5759 (‘2)
2142 5690 2278 5743 Adii.
2313 5691 2376 5742 ad
2407 5689 2441 5741 l.
2483 5704 2535 5741 ιιι
2578 5688 2647 5740 De
2678 5704 2827 5756 pcrp.
2862 5702 3016 5742 cons.
3051 5706 3101 5760 p.
3142 5690 3272 5747 ίῦθζυ
3302 5705 3352 5746 ct
3414 5708 3526 5757 SL‘l].
