3982 6208
378 234 486 290 ⁸259

1487 228 1530 283 Ο
1548 224 1861 285 ENNADll
1908 221 2014 281 (ΞΡ.
2062 218 2569 280 PATBIARCH/E

3515 211 3625 275 260

379 342 597 395 circiter
622 348 864 407 tempore
899 338 1108 390 Marcus
1142 336 1440 406 Ephesius,
1468 337 1627 406 paulo
1652 344 1779 388 ante
1808 347 1951 389 mor—
1982 338 2024 391 Α
2056 333 2284 400 recepit.
2327 332 2561 400 Scripsit
2621 329 2783 386 simul
2837 328 3248 383 valedictoriam
3307 324 3623 380 Orationem

385 443 490 484 tem
548 430 773 485 Joannis
804 429 1116 496 Palaeologi.
1174 428 1449 497 Georgius
1504 427 1790 482 morientis
1849 439 1944 479 su-

386 535 599 591 premas
642 534 798 573 voces
851 520 1085 587 excepit,
1136 527 1190 572 et
1242 520 1294 572 in
1341 519 1463 587 ejus
1495 520 1657 572 verba
1700 516 1945 586 iuravit,

386 610 493 664 Deo
512 621 566 664 et
597 610 803 679 angelis
837 609 893 662 in
928 608 1306 664 testimonium
1359 612 1660 675 advocatis,
1702 617 1949 664 servatu-

384 717 505 756 tum
562 717 622 757 se
679 714 912 756 veterem
966 701 1149 762 iidem.
1201 710 1255 754 et
1342 711 1531 755 contra
1579 700 1947 755 Florentinam

389 794 641 847 unionem
672 802 934 861 perpetuo
957 807 1021 846 ex
1052 791 1214 845 amici
1246 798 1301 845 et
1325 791 1679 859 praeceptoris
1712 792 1793 844 sui
1823 805 1949 844 sen-

390 886 565 937 tentia
591 891 983 951 pugnaturum.
1010 878 1135 933 Haec
1160 881 1272 948 ipse
1296 879 1495 933 scribit
1523 879 1577 932 iu
1612 880 1860 949 Epistula
1882 877 1949 931 ad

390 971 1027 1040 Constantinopolitanos
1108 979 1367 1039 tanquam
1428 971 1755 1025 notissima:
1807 985 1953 1023 mor-

393 1076 542 1118 tuum
572 1079 699 1116 vero
737 1063 985 1115 oratione
1020 1061 1281 1126 laudavit,
1315 1077 1437 1130 qua:
1471 1072 1650 1116 exstat
1685 1063 1737 1115 in
1787 1061 1953 1116 variis

393 1156 692 1210 codicibus.
726 1155 951 1207 Exstant
982 1169 1199 1221 quoque
1230 1153 1282 1205 iu
1314 1153 1598 1208 codicibus
1650 1151 1836 1221 liegiis
1862 1169 1954 1205 ex-

397 1259 564 1299 trema
592 1243 753 1299 Marci
784 1243 1004 1311 Ephesii
1033 1244 1281 1295 morituri
1310 1244 1375 1295 ad
1403 1242 1747 1297 Scholarium
1770 1245 1953 1307 verba,

398 1339 597 1406 quibus
624 1337 724 1405 ipsi
758 1334 960 1388 Graecae
991 1333 1246 1387 Ecclesiae
1275 1344 1329 1388 et
1362 1334 1483 1403 ejus
1518 1334 1837 1402 dogmatum
1862 1334 1955 1387 dc-

401 1429 706 1482 feusioucm
749 1426 1137 1480 commendat:
1174 1425 1443 1481 Scholarii
1490 1441 1705 1494 quoque
1735 1440 1958 1495 respon-

399 1522 501 1583 sio,
531 1533 651 1587 quaa
679 1517 805 1570 huic
839 1515 1091 1584 Epistolze
1116 1517 1274 1585 plane
1308 1527 1671 1572 consentanea
1712 1524 1814 1569 est.

470 1608 660 1663 Joauni
692 1607 994 1674 Palzeulogo
1041 1604 1725 1660 suecessitCoustautinus
1762 1605 1957 1670 frater,

2051 424 2118 478 ad
2148 425 2588 487 Constantinum,
2619 438 2740 492 qua:
2777 431 2953 475 exstat
2994 421 3055 475 in
3080 419 3273 474 codice
3294 416 3482 484 Regio,
3514 430 3624 484 qua

2054 531 2158 569 non
2208 515 2384 571 Solum
2425 515 2838 569 criminationes
2891 512 3341 566 adversariorum
3395 515 3629 562 conatur

2053 606 2289 670 diluere,
2348 606 2440 662 sed
2491 620 2635 673 saepe
2688 605 2743 659 in
2802 603 2918 659 suis
2972 601 3227 657 laudibus
3264 599 3491 661 nimius,
3539 611 3628 651 res

2055 709 2236 769 gestas
2265 713 2363 767 pro
2420 698 2692 777 majorum
2741 695 3007 765 religione
3045 691 3272 755 tuenda,
3307 695 3630 755 susceptos-

2056 808 2161 859 que
2189 792 2402 846 labores
2432 792 2485 844 iu
2517 791 2716 845 cmlum
2750 789 2913 852 tollit,
2942 787 3017 841 ita
3048 794 3108 838 ut
3135 782 3394 838 vanitatis
3416 787 3470 834 et
3498 792 3629 849 pro-

2059 883 2262 944 terviae,
2289 882 2344 935 in
2383 897 2486 950 qua
2508 889 2800 935 accusatus
2825 886 2931 940 est.
2957 876 3118 944 culpa
3149 889 3254 928 non
3280 880 3457 925 vacet.
3484 869 3627 923 Cum

2060 973 2202 1027 hanc
2228 974 2530 1027 orationem
2564 971 2853 1034 scriberet,
2909 968 3088 1022 adhuc
3136 965 3313 1020 laicus
3341 963 3394 1016 in
3442 975 3635 1014 mona-

2062 1065 2232 1119 sterio
2287 1061 2697 1117 l‘antocratoris
2742 1058 3039 1122 residebat,
3094 1055 3242 1110 unde
3299 1053 3543 1122 migrans
3576 1049 3631 1103 iu

2060 1156 2392 1220 Card’aueti,
2440 1154 2549 1207 illic
2593 1152 2812 1206 schema
2860 1149 2975 1204 sive
3035 1147 3277 1201 habitum
3314 1142 3631 1210 religiosum

2062 1249 2289 1318 accepit.
2321 1248 2394 1300 ita
2419 1246 2576 1300 ducet
2607 1259 2708 1297 nos
2741 1241 2903 1310 hujus
2928 1239 3199 1295 orationis
3239 1234 3533 1304 inscriptio
3568 1233 3624 1285 in

2066 1339 2231 1409 Regio
2252 1338 2463 1392 codice.
2483 1334 2712 1389 Videtur
2739 1342 2920 1389 autem
2949 1330 3109 1386 simul
3126 1327 3408 1397 accepisse
3430 1338 3635 1377 nomen

2066 1426 2332 1483 Genuadii
2380 1426 2533 1495 juxta
2589 1424 2868 1491 vulgarem
2899 1419 3044 1490 apud
3073 1418 3303 1472 Graecos
3330 1420 3634 1467 consuetu-

2066 1522 2270 1585 dinem,
2298 1530 2358 1574 ut
2407 1519 2500 1586 qui
2536 1516 2737 1570 utundo
2778 1528 2875 1583 per
2905 1512 3034 1566 vita:
3074 1508 3393 1565 monasticae
3422 1504 3637 1575 proles-

2070 1614 2280 1667 sionem
2317 1607 2711 1669 renuntiarent,
2743 1605 2907 1659 etiam
2937 1615 3137 1656 nomen
3159 1598 3444 1667 antiquum
3475 1596 3631 1664 quasi

405 1704 795 1769 imperatorum
839 1696 1571 1765 Coustantinopolitanorum
1627 1705 1963 1762 postremus,

2078 1722 2167 1776 per
2197 1703 2420 1756 alteram
2450 1693 2796 1754 nativitatem
2824 1704 3137 1749 mutarent:
3168 1709 3290 1747 mox
3314 1693 3465 1745 enim
3488 1689 3633 1745 Gen-

405 1802 635 1845 exeuute
677 1804 821 1844 anno
865 1788 997 1843 Jesu
1034 1788 1237 1843 ChriSti
1288 1787 1446 1842 1448.
1478 1786 1635 1855 Apud
1668 1801 1828 1855 quem
1856 1797 1969 1841 sta-

409 1882 502 1936 tim
532 1878 851 1934 Scholarius
883 1886 1174 1932 accusatus
1215 1884 1320 1940 est,
1355 1875 1516 1945 quasi
1555 1875 1968 1938 ecclesiasticis.

406 1974 547 2051 apud
581 1986 717 2039 quos
768 1970 1060 2039 plurimum
1104 1976 1341 2037 poterat,
1387 1976 1584 2021 auctor
1618 1967 1812 2023 fuisset
1843 1982 1971 2036 pro-

408 2064 776 2121 crastinandre
839 2062 1214 2118 coronatiunis
1265 2076 1388 2130 quae
1429 2061 1807 2116 ecclesiastico
1859 2062 1970 2116 ritu

408 2172 532 2210 cum
574 2155 741 2211 variis
781 2155 1035 2225 precibus
1068 2154 1334 2208 celebrari
1375 2152 1607 2209 solebat.
1653 2152 1839 2223 Neque
1870 2170 1968 2210 ne-

409 2248 568 2318 gabat
598 2247 756 2314 plane
780 2244 1055 2314 Georgius
1087 2245 1410 2317 Scholarius
1433 2244 1795 2300 dili‘erendam
1827 2261 1968 2311 esse,

409 2338 585 2393 donec
630 2336 888 2391 Ecclesiae
940 2344 993 2391 et
1037 2336 1353 2403 reipublicae
1411 2337 1821 2402 consuleretur;
1879 2339 1973 2392 sed

392 2445 522 2501 non
549 2429 659 2483 alio
692 2429 742 2483 id
783 2427 960 2481 aiebat
1003 2428 1202 2481 fecisse
1262 2426 1470 2493 animo,
1522 2442 1686 2497 quam
1732 2429 1969 2483 utlabe-

415 2520 672 2574 factatam
721 2516 987 2586 majorum
1043 2517 1205 2573 (idem
1240 2518 1661 2575 restauraudam
1712 2530 1971 2584 curaret.

414 2618 527 2667 tam
552 2608 672 2667 [idet
697 2626 857 2681 quam
881 2609 1200 2679 imperatori
1240 2614 1561 2674 consulens,
1596 2609 1668 2663 ab
1694 2609 1971 2664 hominum

417 2718 546 2758 vero
572 2700 911 2756 nefariorum
950 2699 1194 2754 consiliis
1219 2699 1590 2753 alienissimus
1615 2738 1631 2765 ,
1656 2697 1855 2767 quippe
1881 2696 1973 2766 qui

415 2808 614 2849 novum
649 2792 1036 2861 imperatorem
1076 2789 1364 2859 ,siugulari
1402 2803 1589 2844 amore
1647 2789 1978 2856 complecte-

418 2896 594 2951 retur,
624 2892 680 2937 et
714 2882 782 2936 ah
810 2897 876 2936 eo
925 2882 979 2935 in
1014 2881 1214 2935 melius
1255 2897 1342 2937 res
1400 2896 1529 2936 suos
1577 2888 1975 2935 commutatum

420 2974 486 3026 iri
516 2982 785 3043 speraret,
818 2973 978 3040 cujus
1013 2971 1189 3041 gratia
1233 2970 1554 3033 adversam,
1612 2980 1671 3024 ut
1730 2969 1976 3024 sciebant

417 3078 632 3133 omnes,
665 3063 941 3120 fortunam
974 3062 1164 3118 fuisset
1193 3076 1472 3132 expertus.
1504 3060 1642 3116 Cum
1674 3076 1807 3117 vero
1830 3060 1975 3117 Con-

420 3156 693 3209 stantinus
730 3154 1106 3209 imminentem
1145 3153 1271 3217 sibi,
1303 3162 1357 3208 ct
1384 3167 1506 3223 qua:
1531 3161 1654 3222 post
1683 3166 1858 3207 annos
1889 3151 1977 3206 ris

420 3247 663 3313 quinque
685 3255 981 3299 consecuta
1013 3252 1120 3307 est,
1152 3244 1358 3298 cladem
1386 3251 1657 3306 metuens,
1690 3243 1889 3296 auxilia
1911 3242 1981 3299 ab

424 3336 571 3389 Italis
601 3335 921 3403 postularet,
966 3349 1088 3403 qua:
1114 3332 1374 3388 Nicotaus
1408 3336 1468 3401 V,
1500 3333 1744 3403 pontifex
1782 3333 1979 3388 Roma-

422 3440 549 3486 nus,
586 3437 691 3477 non
716 3425 876 3477 aliter
909 3425 1303 3492 pollicebatur,
1339 3440 1501 3494 quam
1538 3425 1584 3478 si
1608 3425 1980 3480 Florentinam

423 3517 680 3569 unionem
739 3514 1112 3581 confirmaret,
1161 3524 1215 3570 et
1271 3514 1335 3569 ad
1394 3530 1513 3571 eam
1545 3516 1981 3584 amplectendam

421 3608 642 3661 Graecos
665 3606 963 3676 praesertim
990 3606 1399 3662 ecclesiasticos
1425 3617 1477 3663 et
1510 3606 1812 3663 monachos
1836 3622 1984 3664 com-

422 3699 669 3767 pelleret,
696 3697 875 3753 missa:
914 3704 1040 3751 sunt
1074 3713 1105 3750 a
1136 3696 1395 3766 pontiﬁce
1436 3696 1737 3767 legationes
1777 3698 1984 3768 aliquot

421 3788 994 3859 Constantinopolim;
1045 3786 1219 3859 prima
1269 3788 1486 3842 videtur
1536 3788 1707 3844 fuisse
1740 3790 1981 3863 episcopi

421 3881 693 3943 Cortona,
731 3882 825 3950 qui
868 3896 990 3934 cum
1042 3878 1246 3935 Graecis
1272 3880 1540 3950 theologis
1575 3881 1774 3952 saepius
1794 3882 1980 3953 dispu-

423 3972 579 4035 tat-it,
603 3973 761 4026 anuis
785 3972 1005 4026 circiter
1065 3979 1303 4040 quatuor
1337 3980 1463 4026 ante
1514 3982 1727 4041 captam
1768 3975 1981 4030 urbem.

422 4060 738 4116 Graecorum
776 4072 962 4132 partes
1016 4066 1275 4119 tuebatur
1317 4064 1588 4136 Georgius
1636 4065 1980 4133 Scholarius,

422 4155 513 4222 qui
541 4153 936 4224 disputationes
978 4156 1187 4225 scripto
1218 4157 1541 4226 complexus
1574 4166 1680 4222 est,
1705 4166 1761 4212 et
1810 4159 1981 4212 variis

422 4245 705 4314 opusculis
751 4243 979 4301 Latinos
1036 4245 1366 4300 refellendos
1411 4247 1676 4316 suscepit.
1740 4245 1983 4302 Meminit

424 4336 623 4404 ipsein
672 4334 912 4405 Epistula
952 4335 1019 4389 ad
1072 4336 1719 4405 CuustatttinOpolitauos
1777 4339 1983 4407 scripta
2017 4338 2225 4419 Dpuos
2278 4347 2348 4402 ab
2390 4362 2466 4417 vea
2516 4346 2689 4402 fuisse
2748 4346 3115 4402 alienissimos

419 4426 489 4480 29
521 4427 844 4480 Novembris
888 4441 1031 4480 anno
1069 4427 1226 4494 1452,
1272 4430 1327 4481 in
1367 4444 1474 4498 qua
1499 4430 1695 4483 scribit
1727 4444 1985 4500 perseve-

422 4531 544 4569 rare
576 4530 633 4569 se
668 4517 723 4570 in
756 4532 819 4571 ea
846 4517 1095 4572 doctrina
1133 4533 1296 4586 quam
1342 4531 1667 4588 exposuerat
1703 4522 1756 4574 in
1797 4521 1986 4592 dispu-

423 4604 662 4658 tiouibus
719 4605 919 4661 habitis
950 4606 1221 4661 adversus
1259 4608 1506 4664 Cortouae
1539 4614 1859 4684 episcopum
1909 4615 1977 4667 ad

420 4697 942 4759 demonstrationem,
1016 4699 1217 4766 inquit,
1279 4700 1396 4768 ejus
1448 4718 1564 4771 quia
1594 4704 1734 4772 apud
1784 4721 1877 4758 nos
1908 4716 1984 4760 est

419 4790 683 4854 ueritatis,
715 4797 765 4841 et
825 4789 1007 4842 multis
1048 4790 1312 4860 uariisque
1356 4794 1592 4861 operibus
1638 4811 1754 4862 qua:
1786 4798 1983 4865 scripta

418 4898 512 4949 pro
529 4884 703 4951 patria
722 4880 825 4948 ﬁde
848 4880 1020 4935 divino
1052 4898 1284 4947 munere,
1309 4894 1363 4936 ut
1397 4886 1553 4937 etiam
1584 4886 1636 4938 in
1660 4887 1986 4955 confessione

421 4972 541 5041 ﬁdei
566 4988 693 5032 sure.
722 4972 799 5027 vel
845 4975 1020 5043 potius
1056 4975 1330 5028 cat/colica:
1363 4974 1637 5041 Ecclesia,
1663 4994 1820 5047 quam
1860 4992 1985 5034 ante

422 5084 584 5121 annos
616 5078 718 5121 tres
749 5067 1076 5121 elaboratam
1106 5069 1505 5137 publicaverat.

492 5161 569 5215 Eo
596 5162 814 5216 circiter
843 5172 1087 5231 tempore
1115 5159 1384 5231 Georgius
1414 5164 1486 5217 ob
1522 5165 1741 5218 uniouis
1771 5164 1982 5230 odium,

424 5265 531 5317 quo
562 5252 741 5304 omnia
774 5252 1123 5320 imperatoris
1146 5252 1379 5306 consilia
1415 5256 1765 5309 vehementer
1794 5256 1984 5308 turba-

346 5338 357 5351 '
431 5343 540 5404 bat,
559 5342 687 5407 sibi,
713 5355 769 5396 ut
793 5342 1025 5406 videtur,
1055 5355 1305 5396 metuens
1330 5344 1527 5397 smculo
1555 5344 1906 5407 renuntiarit,
1931 5353 1985 5397 et

430 5436 481 5487 iu
530 5440 917 5493 tuonaSterium
961 5436 1373 5491 l’autocratoris
1431 5437 1546 5489 urbi
1587 5441 1895 5506 proximum
1928 5457 1987 5496 se

501 5616 580 5685 (')
620 5614 713 5669 Ed.
742 5630 877 5683 reg"
910 5631 958 5683 p.
993 5616 1110 5670 ΗΞ.

2002 3016 2049 3079 C

2076 1798 2268 1853 nadius
2299 1795 2480 1851 vocari
2516 1791 2700 1862 cmpit,
2736 1800 2897 1859 atque
2919 1788 3057 1861 adeo
3080 1794 3373 1853 antequam
3403 1783 3640 1850 patriam

2075 1892 2177 1946 cha
2211 1890 2609 1957 designaretur,
2632 1892 2826 1939 contra
2863 1897 3025 1949 quam
3057 1896 3123 1934 ex
3161 1878 3374 1931 Malaxo
3401 1873 3637 1929 Historia

2074 1980 2313 2051 politica,
2351 1988 2404 2032 ct
2427 1975 2754 2048 quibusdam
2787 1973 2910 2027 aliis
2931 1969 3252 2025 auctoribus
3281 1965 3469 2021 docuit
3488 1964 3636 2018 Alla-

2079 2073 2206 2127 tius.
2247 2070 2368 2137 Quo
2411 2068 2528 2124 solo
2563 2072 2905 2138 argumento,
2939 2062 3043 2117 etsi
3092 2060 3296 2115 nullius
3350 2054 3635 2128 ponderis,

2079 2174 2249 2220 totam
2290 2162 2357 2217 de
2405 2162 2619 2216 duobus
2669 2158 2967 2214 Gennadiis
2994 2155 3417 2224 disputationem
3448 2165 3641 2221 super-

2079 2254 2305 2309 struxit.
2337 2250 2495 2306 Unde
2554 2251 2715 2304 etiam
2769 2246 3039 2301 refellitur
3092 2246 3263 2299 altera
3302 2244 3417 2313 ejus
3471 2242 3644 2295 histo.

2080 2345 2194 2400 rica
2222 2342 2531 2399 observatio
2559 2340 2700 2395 circa
2721 2336 2986 2393 Geunadii
3015 2334 3410 2403 professionem
3450 2346 3643 2386 monac

2079 2435 2295 2496 sticam,
2353 2444 2516 2501 quam
2571 2428 2822 2483 abdicata
2871 2422 3227 2495 patriarchali
3258 2421 3547 2492 dignitate,
3586 2429 3645 2474 et

2078 2523 2456 2595 quinquennio
2482 2529 2600 2589 post
2630 2526 2846 2587 captam
2884 2515 3075 2571 urbem
3110 2513 3310 2568 factam
3338 2512 3640 2573 existimat,

2080 2631 2205 2671 cum
2259 2611 2530 2666 novennio
2592 2608 2714 2678 plus
2741 2606 2923 2661 minus
2966 2604 3363 2661 abdicationem
3406 2617 3644 2673 praeces-

2082 2706 2234 2761 serit.
2265 2701 2375 2756 Nec
2405 2699 2549 2755 enim
2585 2696 2780 2752 Malaxi
2812 2706 2867 2752 et
2896 2694 3168 2750 Theodori
3189 2693 3511 2764 Zygomalzc,
3547 2694 3643 2762 qui

2080 2796 2368 2852 Historiam
2391 2791 2663 2861 politicam
2694 2789 3066 2852 concinnavit,
3102 2795 3254 2842 tanta
3282 2796 3366 2841 est
3402 2786 3645 2838 auctori-

2085 2897 2189 2950 tus,
2222 2895 2281 2940 ut
2314 2895 2599 2939 auctorum
2652 2880 2942 2949 aequalium
2974 2876 3290 2935 testimonia
3326 2876 3644 2931 labefactet.

2085 2978 2219 3033 Nam
2251 2958 2474 3032 Michael
2528 2975 2704 3030 Ducas
2736 2983 2859 3027 ante
2907 2978 3123 3038 captam
3150 2973 3335 3025 urbem
3374 2967 3647 3023 Gennadii

2082 3067 2330 3123 monachi
2364 3066 2582 3121 nomine
2614 3064 2860 3132 designat
2897 3077 3022 3119 eum
3053 3060 3147 3131 qui
3194 3068 3355 3115 antea
3377 3058 3651 3130 Georgius

2083 3158 2405 3215 Scholarius
2434 3154 2746 3210 dicebatur.

2152 3251 2287 3307 Cum
2316 3247 2633 3303 Gennadius
2666 3243 2871 3300 saeculo
2899 3242 3271 3306 valedisisset,
3302 3242 3452 3296 misit
3477 3242 3649 3311 impe-

2082 3352 2231 3397 rator
2255 3342 2321 3394 ad
2376 3338 2659 3393 Nicolaum
2707 3352 2901 3409 papam
2945 3335 3261 3391 Brienniutu
3301 3336 3651 3388 Leontaretn.

2082 3434 2323 3493 Isidorus
2351 3431 2643 3487 cardiualis
2671 3429 2885 3484 [tussire
2929 3428 3087 3497 paulo
3139 3437 3319 3497 posta
3353 3426 3572 3482 Nicolao
3602 3424 3645 3479 ν

2084 3529 2294 3597 legatus
2316 3522 2850 3592 Constantinopolim
2887 3522 3035 3573 venit
3072 3536 3216 3574 anno
3254 3520 3505 3587 “52,.ut
3541 3518 3657 3572 Du-

2083 3634 2177 3675 cas
2208 3620 2261 3671 in
2296 3615 2531 3671 llistoria
2569 3616 2727 3669 docet
2749 3612 2851 3683 (λι),
2883 3628 2990 3681 quo
3035 3628 3197 3669 nemo
3232 3611 3425 3668 melius
3475 3611 3655 3666 cccle-

2082 3708 2336 3767 siastiCas
2393 3721 2483 3759 res
2535 3704 2684 3760 illius
2730 3704 2993 3774 temporis
3051 3706 3267 3759 videtur
3318 3704 3654 3774 esplicasse.

2082 3802 2134 3859 ls
2162 3804 2325 3869 igitur
2352 3804 2584 3871 legatum
2607 3795 3121 3865 Constantinopolin
3147 3796 3427 3866 appulisse
3457 3794 3656 3851 scribit

2082 3907 2269 3948 mense
2291 3889 2597 3954 Novembri,
2626 3902 2768 3942 anno
2797 3889 3095 3942 secundum
3133 3886 3350 3942 Graecos
3366 3884 3525 3949 6961,
3558 3885 3655 3955 qui

2082 3993 2199 4039 erat
2224 3982 2431 4038 Christi
2455 3981 2615 4047 1452;
2646 3980 2846 4036 habitis
2870 3980 2936 4034 de
2964 3980 3329 4035 Ecclesiarum
3349 3979 3648 4033 concordia

2084 4074 2455 4137 sermonibus,
2487 4075 2870 4141 imperatorem
2904 4080 2958 4127 et
2984 4072 3254 4141 quosdam
3309 4070 3649 4127 ecclesiasti-

2084 4182 2180 4222 cos
2212 4164 2564 4221 consensisse
2595 4174 2653 4217 ut
2703 4163 2833 4218 unio
2884 4161 3201 4218 Florentiua
3247 4162 3655 4224 observaretur,

2086 4256 2587 4311 ecclesiasticorum
2631 4264 2688 4308 et
2728 4254 3121 4311 monachorum
3157 4255 3344 4324 plures
3383 4263 3435 4309 et
3461 4254 3659 4323 praeci-

3167 4364 3182 4400 :
3243 4344 3607 4399 Nihilominus
3635 4385 3651 4410 ,

2085 4437 2283 4506 inquit,
2316 4438 2405 4507 qui
2432 4435 2687 4491 lienotico
2712 4435 3067 4506 obtemperare
3103 4438 3412 4491 videbantur
3449 4437 3654 4503 clerici,

2085 4531 2382 4584 sacerdotes
2407 4538 2456 4583 et
2493 4529 2707 4583 diaconi
2730 4569 2745 4594 ,
2793 4530 3082 4596 imperator
3109 4539 3157 4583 et
3191 4537 3402 4584 senatus
3439 4529 3495 4582 in
3535 4532 3655 4582 Ma-

2086 4637 2242 4692 gnam
2268 4618 2558 4673 Ecclesium
2591 4629 2957 4685 conuenerunt,
3002 4630 3056 4673 ut
3092 4620 3435 4674 concordibus
3459 4620 3654 4673 animis

2085 4720 2135 4764 et
2173 4713 2338 4764 unitis
2377 4712 2609 4790 divinam
2656 4713 2925 4780 liturgiam
2961 4713 3303 4777 celebrarent,
3349 4712 3657 4781 sinceraque

2089 4814 2257 4858 mente
2284 4813 2400 4858 vota
2425 4803 2530 4858 Deo
2554 4806 2848 4859 redderent.
2881 4804 3015 4858 Tum
3051 4807 3208 4858 etiam
3230 4805 3558 4859 schismatici
3583 4809 3651 4857 ad

2087 4894 2488 4950 Pantocratoris
2554 4898 2933 4949 monasterium
3004 4906 3263 4961 currunt,
3320 4894 3650 4950 Ccnnadium

2089 4997 2243 5041 antea
2273 4984 2552 5056 Georgium
2586 4987 2925 5041 Scltolarium
2947 4988 3164 5050 adeunt,
3189 4988 3567 5056 consiliumque
3587 4989 3651 5040 ab

2088 5095 2147 5132 eo
2178 5078 2434 5147 quomodo
2482 5093 2534 5131 se
2575 5093 2750 5148 gerere
2801 5075 3023 5131 debeant
3064 5086 3267 5147 petunt.
3311 5075 3369 5130 Is
3392 5076 3655 5128 inclusum

2091 5186 2145 5224 se
2179 5170 2311 5223 cella
2372 5170 2617 5235 tenebat;
2656 5180 2874 5237 accepta
2904 5185 3021 5239 ergo
3071 5173 3277 5231 charta,
3341 5162 3654 5223 sententiam

2090 5279 2244 5319 suam
2279 5262 2655 5331 consiliumque
2701 5275 2939 5332 rogatus,
2979 5263 3172 5327 scripto
3200 5261 3425 5329 aperuit,
3448 5274 3547 5326 quo
3577 5270 3657 5311 ta-

2092 5353 2658 5407 liuocontinebantur:
2694 5350 2873 5404 Miseri
2941 5349 3162 5415 Ronw'i,
3243 5363 3404 5419 quare
3444 5347 3658 5399 aberra-

2096 5444 2184 5506 lis,
2218 5455 2349 5507 ct--.,
2384 5457 2502 5511 qun'
2532 5442 2673 5510 apud
2729 5442 2932 5495 Ducam
2981 5442 3254 5511 leguntur.
3300 5438 3425 5493 llu'c
3460 5447 3505 5490 et
3546 5435 3660 5489 alia
