3982 6208
299 239 401 305 Ξδι

1804 255 2006 317 νιτΑ.

3444 268 3549 330 262

292 363 411 399 cum
478 348 802 416 scripsisset,
861 349 1007 403 cella:
1036 367 1145 407 sua:
1172 354 1355 422 janua:
1388 372 1418 409 α
1448 360 1653 413 cunctis
1688 372 1858 428 postea

1973 381 2065 418 τον
2096 371 2446 438 καινοτομίαν
2474 371 2576 439 τῆς
2602 371 2858 436 aiat-em.
2882 373 3141 431 Gennadii
3168 380 3368 434 minimi
3389 380 3536 437 Scito

290 441 429 492 lecta
457 443 606 493 clavo
645 441 831 508 a/ﬁxit,
863 442 1150 512 iterumque
1174 446 1316 498 intra
1351 466 1467 502 eam
1497 467 1550 504 se
1584 453 1862 506 conclusit.

286 530 512 584 Scilicet
547 547 613 584 ex
646 533 816 587 variis
864 542 920 586 et
975 535 1096 589 aliis
1147 535 1312 601 hujus
1350 543 1611 609 temporis
1645 542 1783 596 actis
1811 550 1866 596 ct

288 623 539 693 epistolis
570 624 895 693 intelligitur
951 637 1073 694 post
1148 628 1361 684 habitas
1414 646 1539 686 cum
1605 634 1864 703 episcopo

287 714 541 769 Cortona:
569 723 622 769 et
659 717 777 769 aliis
815 713 1025 771 Latinis
1072 718 1139 773 de
1189 720 1391 773 unione
1436 722 1863 791 disputationes,

286 806 630 861 Gcnuadium
652 822 711 862 se
757 810 809 861 in
846 808 1036 862 cellam
1062 820 1365 879 receperat,
1390 827 1567 881 neque
1596 814 1853 880 prodibat

289 901 342 951 in
372 899 591 966 vulgus,
629 898 699 951 ita
739 898 991 952 fortassis
1047 899 1275 967 jubente
1329 903 1718 965 Constantino,
1779 904 1863 959 vel

284 999 515 1057 erigente
559 992 757 1059 petitis,
792 1007 857 1046 ne
890 992 1173 1054 unionem,
1222 1009 1383 1062 quam
1425 994 1537 1048 sive
1569 1010 1664 1063 per
1698 994 1861 1049 dissi-

284 1082 667 1144 mulationem,
726 1083 839 1136 sive
870 1084 1087 1137 sincero
1120 1083 1303 1136 animo
1336 1086 1639 1138 conabatur
1669 1100 1863 1154 procu-

282 1185 428 1232 rare,
468 1172 566 1224 viri
602 1172 741 1239 apud
786 1174 997 1241 plebem
1031 1185 1085 1228 et
1136 1176 1539 1229 ecclesiasticos
1589 1178 1859 1246 acceptis-
1907 1205 1919 1219 -

282 1263 409 1315 simi
450 1266 745 1318 auctoritas
780 1266 1139 1320 disturbaret.
1173 1266 1411 1334 Questus
1438 1277 1519 1319 est
1548 1268 1667 1337 ipse
1716 1284 1860 1337 saepe

284 1353 584 1407 intentaias
642 1355 853 1420 minas;
926 1366 1093 1424 atque
1154 1372 1217 1410 ea
1288 1357 1633 1426 potissimum
1691 1372 1859 1413 causa

282 1441 456 1498 fuisse
489 1444 703 1497 videtur
728 1446 928 1500 servati
962 1462 1055 1515 per
1091 1462 1262 1501 annos
1308 1449 1598 1500 admodum
1629 1447 1764 1502 duos
1782 1449 1857 1501 sio

280 1533 432 1586 lentii
467 1536 649 1588 statim
684 1546 806 1604 post
850 1547 1167 1606 susceptum
1218 1537 1541 1606 religiosum
1589 1539 1854 1593 habitum.

283 1622 360 1675 Eo
388 1624 650 1692 temporis
675 1626 960 1680 intervallo
985 1628 1202 1696 scripsit
1224 1628 1542 1683 Orationem
1561 1639 1749 1683 contra
1772 1628 1860 1682 Si-

1977 456 2100 509 larii
2130 459 2194 513 de
2216 478 2276 514 ea
2301 478 2416 529 qua:
2430 480 2523 529 per
2550 465 2644 517 Dei
2692 466 3037 522 desertionem
3098 470 3243 537 facta
3284 480 3359 525 est
3415 490 3547 527 vana

1974 548 2152 617 inepta
2175 562 2220 604 et
2245 553 2558 607 inconcinna
2591 556 2714 623 [ἱαεὶ
2763 560 3115 619 innovatione.
3151 561 3427 630 Scriptum
3449 564 3545 618 fuit

1973 641 2026 715 in
2050 647 2374 699 monasterio
2398 644 2829 712 Pantocratoris,
2865 653 2917 703 in
2933 652 3080 718 quod
3104 656 3318 708 venisse
3335 654 3547 709 Genna-

1971 732 2519 804 diumintelligimus,
2570 741 2896 809 imperatore
2946 747 3019 798 ita
3066 745 3312 813 jubente,
3360 748 3533 801 existi-

1974 834 2152 879 mante
2180 827 2332 882 illum
2360 829 2406 882 si
2438 828 2821 897 Latinismum,
2871 842 2930 887 ut
2981 843 3197 899 vocant,
3257 838 3545 905 amplexus

1970 913 2187 980 luisset,
2225 920 2454 987 reliquis
2491 931 2549 975 ut
2577 923 2717 977 idem
2749 924 2997 979 lacerent
3030 928 3213 981 statim
3251 946 3547 996 persuasu-

1972 1021 2092 1060 rum
2125 1024 2139 1071 ;
2180 1009 2274 1062 sed
2304 1013 2636 1065 contrarium
2667 1030 2891 1082 prorsus
2917 1018 3133 1073 accidit.
3171 1017 3356 1087 Neque
3397 1024 3542 1073 enim

1968 1112 1997 1151 a
2028 1104 2297 1154 sententia
2329 1117 2429 1156 Sua
2460 1107 2729 1159 removeri
2762 1106 3077 1162 Gennadius
3096 1111 3291 1178 potuit,
3316 1124 3415 1163 nec
3433 1112 3543 1163 elli-

1969 1205 2091 1243 cere
2122 1202 2178 1245 ut
2210 1195 2485 1261 negotium
2520 1197 2737 1251 ttttitmis
2772 1199 3141 1263 omitteretur,
3196 1216 3314 1269 qua:
3367 1210 3423 1254 ut
3477 1218 3545 1257 ex

1967 1280 2188 1336 Scholio
2220 1284 2344 1339 cod.
2379 1282 2511 1352 Reg.
2538 1286 2798 1341 dist-imus
2852 1289 2903 1342 iu
2963 1291 3150 1344 eodem
3214 1295 3542 1348 monasterio

1966 1372 2206 1441 perlecta
2242 1381 2324 1427 est
2352 1390 2461 1427 uno
2488 1392 2669 1429 iucnse
2699 1387 2982 1447 postquam
3002 1378 3313 1435 Gennadius
3339 1384 3544 1436 oratio-

1967 1465 2088 1516 nein
2118 1479 2272 1518 suam
2306 1465 2612 1521 recitasset.
2666 1467 2815 1521 Unde
2878 1472 3110 1526 turbatis
3157 1472 3267 1539 jam
3314 1474 3541 1528 omnino

1966 1555 2148 1617 rebus,
2178 1565 2228 1610 et
2257 1554 2449 1610 Turcis
2470 1558 2655 1611 urbem
2677 1558 2964 1615 obsidione
2987 1550 3358 1631 cingentibus,
3386 1567 3542 1620 unio-

1965 1660 2087 1699 nem
2120 1646 2346 1700 liberius
2370 1648 2535 1716 coepit
2568 1649 2908 1718 impugnare,
2942 1651 3318 1709 etLatinismo
3368 1658 3536 1712 insul-

286 1716 596 1801 niouiacam
630 1716 878 1770 haeresim
908 1716 976 1771 ad
1009 1716 1462 1782 Constantinum,
1484 1718 1697 1774 duobus
1730 1728 1858 1773 ante
1893 1756 1935 1810 Β
1965 1746 2077 1792 mre
2113 1740 2468 1807 petulantius.

279 1790 560 1874 elicidiuut
586 1810 735 1863 urbis
760 1811 938 1874 annis,
957 1811 1109 1880 cujus
1137 1812 1330 1865 titulus
1356 1813 1408 1865 iu
1433 1813 1557 1867 eod.
1579 1812 1712 1882 Reg.
1736 1813 1859 1866 talis

281 1905 373 1951 est
410 1914 424 1951 :
458 1898 735 1950 Γενναδίου
786 1899 1023 1970 μονοιχοῦ
1069 1901 1162 1953 τοῦ
1225 1902 1521 1973 Σχολαρίωυ
1577 1905 1719 1957 κατὰ
1761 1904 1861 1973 τῆς

283 1989 616 2060 Σιμονιακῆς
649 1992 936 2059 αἱρέσεως,
961 1993 1081 2062 ἦτοι
1106 1994 1388 2056 ἀπιστίας.
1426 1995 1677 2065 Ἑγράφη
1707 1995 1855 2050 δυοῖν

280 2080 433 2133 ἔτεπι
466 2084 575 2151 πρὸ
624 2082 722 2151 τῆς
759 2082 1036 2147 ἁλώσεως,
1082 2088 1178 2136 καὶ
1233 2085 1491 2154 ἐπέμφθη
1528 2085 1603 2155 τῷ
1652 2086 1862 2155 βασιλεῖ

281 2173 706 2242 Κωνσςαντίνῳ,
767 2174 885 2229 ἀλλ’
944 2176 1152 2237 ἐκεῖνος
1206 2175 1327 2228 οἱ,δέ
1390 2195 1443 2228 τι
1487 2175 1710 2245 βελτίων
1766 2172 1856 2247 ἦν.

283 2263 547 2317 Gennadii
574 2266 837 2331 monachi,
872 2266 959 2333 qui
1001 2275 1049 2319 et
1098 2265 1422 2328 Scholarius,
1472 2276 1656 2320 contra
1688 2266 1861 2321 Simo-

282 2359 496 2409 niacmu
537 2358 799 2422 haeresim,
832 2362 936 2411 sive
966 2356 1359 2423 inﬁdelitatem.
1395 2357 1605 2428 Scripta
1636 2369 1710 2413 est
1743 2376 1859 2413 ora-

283 2450 361 2501 tio
390 2448 592 2502 duobas
616 2451 769 2502 annis
831 2459 952 2503 ante
988 2461 1197 2518 captant
1241 2451 1446 2514 urbem,
1477 2461 1525 2504 et
1568 2453 1731 2516 missa
1756 2453 1857 2504 int-

278 2540 513 2604 peratori
546 2536 919 2603 Constantino,
969 2542 1057 2594 sed
1090 2541 1178 2594 ille
1210 2542 1376 2593 nihilo
1408 2542 1596 2594 melior
1641 2541 1855 2608 e/fectus

279 2639 384 2681 est.
418 2629 712 2698 Epistulam
740 2633 865 2685 item
901 2632 963 2684 ad
989 2632 1263 2696 eumdem,
1300 2633 1459 2701 Cttjtls
1490 2634 1705 2685 initium
1730 2641 1811 2686 est
1840 2646 1853 2683 :

295 2720 445 2772 Ἀλλ’
490 2723 592 2774 οὔ).
624 2720 800 2787 ἔξεστι
834 2724 1109 2793 μοναχοίς,
1169 2723 1359 2791 ἄριστε
1420 2722 1665 2791 βασιλεῦ,
1717 2741 1859 2776 σπι-

284 2820 424 2875 νιοις
458 2815 553 2865 καὶ
587 2814 969 2885 δυσπυρὶστοις
1012 2815 1311 2884 τρέφεσθαι
1377 2814 1702 2884 βρώμασιν.
1754 2814 1855 2869 Ve-

282 2923 408 2957 rum
459 2922 559 2957 non
605 2906 724 2959 licet
774 2908 1070 2973 monachis,
1126 2911 1319 2975 Optime
1361 2909 1672 2975 imperator,
1716 2910 1856 2963 raris

285 3015 379 3051 uec
411 2996 568 3066 facile
587 2999 921 3064 parabilibus
950 3000 1214 3054 alimentis
1244 3002 1360 3054 uti:
1389 3016 1508 3070 qua:
1533 3002 1694 3054 ollicii
1724 3013 1856 3054 tan-

2031 1831 2242 1921 luterea
2277 1846 2422 1895 cum,
2452 1840 2508 1884 ut
2535 1833 2728 1887 scribit
2772 1833 2974 1900 Ducas,
3040 1837 3169 1891 cella
3233 1854 3291 1894 se
3322 1816 3537 1895 iterum

1962 1921 2348 1988 conclusisset,
2407 1933 2462 1977 et
2494 1924 2769 1978 nemiuem
2799 1924 3127 1991 admitteret,
3168 1932 3388 1997 scripsit
3419 1933 3536 2001 epi-

1961 2010 2131 2065 stolas
2156 2013 2319 2074 duas,
2348 2028 2509 2065 unam
2541 2013 2607 2068 ad
2647 2014 3287 2086 Constantiimpolitanos
3348 2039 3536 2078 omnes

1958 2105 2360 2159 ecclesiasticos
2391 2117 2444 2158 et
2465 2106 2658 2170 laicos,
2689 2106 2758 2160 27
2784 2106 3107 2162 Novembris
3153 2112 3357 2177 datam,
3378 2114 3537 2179 cujus

1960 2196 2148 2250 titulus
2166 2205 2247 2249 est
2273 2213 2286 2249 :
2319 2196 2604 2259 Γεννάδιος
2630 2199 2657 2249 ὁ
2682 2196 3033 2266 ἁμαρτωλὸς,
3077 2199 3171 2251 τοῦ
3193 2201 3328 2252 Θεοῦ
3352 2202 3537 2266 δοῦλ›;

1959 2288 2052 2339 καὶ
2108 2286 2414 2355 ἐλάχιστος,
2473 2288 2588 2349 τοῖς
2646 2287 3057 2356 εὐγενεστάτοις
3123 2290 3369 2355 πολίταις
3430 2293 3533 2361 τῆς

1959 2380 2610 2445 Κωνσταντινουπόλεως,
2648 2382 2855 2433 ἅπασιν
2907 2382 3229 2451 ἱερωμένοις
3282 2387 3379 2437 καὶ
3410 2403 3537 2438 κοσ-

1960 2472 2162 2539 μικιιίς·
2196 2469 2502 2523 Gennadius
2535 2480 2803 2538 peccator,
2837 2470 2933 2525 Dei
2960 2488 3139 2526 servus
3172 2483 3220 2527 et
3266 2478 3535 2544 minimas,

1958 2560 2302 2613 nobilissimis
2335 2562 2538 2614 civibus
2568 2561 3084 2631 Constantinopolis,
3132 2568 3370 2621 uultibus
3426 2579 3537 2621 tant

1957 2654 2098 2706 sacri
2124 2654 2324 2707 ordinis
2356 2671 2516 2721 quant
2544 2655 2917 2709 swcularibus.
2977 2654 3101 2711 Ha'c
3158 2657 3229 2711 ita
3292 2658 3479 2730 incipit
3520 2679 3534 2720 :

1958 2744 2263 2796 Γινώσκετε
2295 2748 2495 2807 πάντες
2525 2747 2725 2808 καλῶς.
2745 2746 2980 2800 Alteram
3001 2748 3068 2802 ad
3099 2752 3525 2820 ecclesiasticos,

1957 2848 2077 2903 quat
2103 2835 2294 2888 eodem
2324 2844 2567 2902 tempore
2598 2838 2722 2889 d.ita
2754 2838 2988 2901 videtur,
3020 2848 3072 2891 et
3104 2842 3268 2895 missa
3326 2843 3533 2898 dicitur

1956 2925 2026 2976 ad
2058 2942 2305 2995 inagnum
2335 2928 2771 2987 eccieeiarchant,
2824 2927 3151 2996 Syrnpnlum
3177 2932 3385 2985 scilicet
3429 2950 3527 2986 au-

1959 3025 2162 3068 ctorem
2186 3016 2437 3069 Historia:
2473 3018 2661 3085 synodi
2693 3016 3040 3077 Florentium,
3074 3033 3322 3086 magnum
3357 3020 3532 3074 Char-

279 3100 403 3144 tnm
437 3106 601 3144 causa
658 3094 858 3162 scripta
896 3095 1128 3156 videtur,
1169 3100 1224 3146 ut
1257 3094 1325 3147 de
1382 3096 1551 3148 misso
1605 3095 1854 3148 fortassis
1886 3093 1928 3149 C
1962 3106 2291 3173 tophylacem
2320 3107 2686 3175 Agalliauum,
2722 3107 2933 3175 quando
2960 3107 3304 3162 εεείεδιιιειδεί
3348 3127 3536 3165 comic-

284 3185 614 3256 munusculo
652 3189 856 3256 gratias
909 3195 1115 3255 ageret.
1148 3184 1340 3241 Exstat
1392 3185 1604 3240 decima
1633 3186 1686 3239 in
1730 3182 1856 3241 cod.

282 3254 426 3341 Reg.

362 3366 595 3435 Scripsit
624 3367 786 3421 etiam
825 3368 1079 3422 homilias
1134 3369 1421 3437 quasdam,
1497 3369 1589 3423 sed
1635 3376 1856 3422 contro-

283 3458 483 3512 versiis
507 3460 892 3513 ecclesiasticis
916 3461 1081 3529 plane
1117 3474 1175 3513 se
1198 3476 1305 3512 non
1344 3453 1639 3513 iuimismit
1686 3475 1857 3529 usque

283 3550 355 3603 ad
377 3551 665 3604 adventum
704 3550 999 3605 cardinalis
1037 3548 1268 3605 RUSSllB.
1324 3548 1458 3603 Nam
1517 3551 1679 3621 paulo
1731 3562 1857 3608 ante

284 3658 455 3711 quam
485 3643 789 3706 adveniret,
818 3642 1035 3711 scripsit
1056 3642 1369 3696 Gennadius
1393 3643 1457 3696 ad
1492 3644 1853 3714 Ἀγιορείτας,

282 3736 393 3788 hoc
423 3745 511 3789 est
541 3734 714 3788 sancti
751 3736 943 3788 montis
1000 3734 1135 3788 Atho
1190 3739 1497 3801 monachos,
1554 3735 1854 3805 Epistulam

284 3826 663 3889 ltortatoriam,
692 3834 750 3878 ut
785 3826 837 3879 in
874 3826 1095 3893 antiqua
1129 3826 1251 3891 ﬁde,
1284 3827 1490 3880 omissa
1513 3829 1705 3897 synodi
1735 3828 1855 3880 Flo-

282 3918 518 3970 rentinte
549 3916 893 3981 definitione,
928 3925 1312 3986 permanerent
1339 3935 1353 3982 ;
1380 3933 1543 3986 quam
1569 3918 1854 3987 epistolam

282 4008 435 4062 misit
461 4022 557 4078 per
589 4007 833 4076 ejusdem
866 4009 1069 4062 montis
1096 4011 1396 4062 monachos
1426 4009 1566 4062 duos
1631 4012 1858 4063 Anasta-

280 4102 423 4152 sium
456 4108 510 4153 et
536 4098 923 4163 Si.nottem,ttt
976 4099 1090 4165 ipse
1143 4101 1196 4152 itt
1253 4100 1538 4169 cujusdam
1609 4101 1857 4168 epistolae

279 4192 587 4258 tragtnento
612 4200 860 4243 testatur.
895 4187 1129 4257 Scripsit
1161 4191 1325 4244 etiam
1353 4191 1418 4243 ad
1472 4192 1854 4259 imperatorem

281 4280 352 4333 12
388 4280 585 4343 Martii,
618 4280 805 4334 eodem
845 4290 901 4333 ut
935 4276 1149 4335 videtur
1184 4297 1350 4346 anno,
1382 4281 1463 4335 vel
1501 4281 1659 4344 H53,
1691 4282 1856 4351 paulo

276 4385 410 4424 ante
442 4372 672 4424 cladem.
709 4368 1023 4430 Orationem
1080 4388 1303 4441 quoque
1364 4373 1617 4426 recitavit
1669 4388 1852 4426 coram

276 4480 367 4526 eo,
397 4477 591 4532 ittagua
632 4462 896 4515 nobilium
935 4463 1136 4516 civium
1202 4466 1526 4531 frequentia,
1561 4466 1612 4516 in
1666 4479 1855 4517 mona-

277 4569 309 4609 δ
338 4557 457 4607 crio
514 4554 925 4607 Pantocratoris
961 4569 1056 4607 seu
1111 4552 1534 4624 Omnipoteutis,
1569 4558 1695 4627 περὶ
1756 4558 1854 4624 τῆς

278 4645 547 4707 uidisset;
593 4646 686 4699 τοῦ
734 4646 879 4698 Θεὶου
926 4647 1020 4697 καὶ
1080 4647 1295 4700 οῐκοθεν
1341 4653 1754 4719 παρασακευῆς.
1783 4648 1855 4702 De

276 4736 547 4801 placando
584 4734 808 4788 Numine
857 4746 907 4788 et
953 4737 1197 4789 interiori
1220 4740 1629 4804 pra‘paratione,
1660 4738 1726 4791 15
1751 4738 1859 4791 No—

279 4827 522 4881 vembris
541 4828 664 4880 anui
702 4826 862 4891 1452,
898 4827 1038 4881 forte
1073 4835 1364 4896 antequam
1425 4829 1633 4897 legatus
1676 4830 1856 4883 venis-

275 4928 367 4972 set
397 4934 413 4981 ;
449 4933 571 4969 nam
598 4918 979 4986 imperatorem
1016 4921 1241 4971 oumino
1272 4918 1667 4973 deltortabatur
1709 4918 1857 4974 Geu-

279 5009 489 5061 nadius
513 5010 581 5061 ab
600 5010 798 5062 unione
816 5006 1128 5063 Florentina
1147 5012 1529 5076 observanda;
1559 5014 1703 5079 quod
1726 5030 1860 5081 pra:-

277 5111 445 5155 sente
474 5103 647 5168 legato
677 5116 776 5154 nec
804 5103 916 5170 ipse
949 5116 1117 5155 ausus
1149 5101 1360 5167 fuisset,
1383 5118 1482 5158 nec
1505 5119 1698 5173 passus
1756 5107 1852 5157 itit-

282 5202 524 5262 perator.
564 5190 700 5246 Cum
737 5208 884 5259 vero,
920 5204 976 5247 ut
1009 5210 1174 5265 supra
1211 5212 1274 5251 ex
1310 5198 1451 5251 Duca
1498 5200 1705 5252 dictum
1752 5208 1855 5265 est,

283 5290 493 5341 [rustra
511 5286 787 5355 plerisque
808 5289 1230 5344 reclamantibus
1255 5303 1509 5345 renovata
1531 5302 1676 5346 esset
1707 5294 1858 5356 unio,

282 5374 478 5430 sntiat
506 5392 625 5428 eam
662 5392 793 5431 voce
817 5387 870 5430 et
908 5380 1129 5447 scriptis
1151 5380 1465 5435 Gennadius
1499 5382 1855 5451 impugnavit.

280 5468 480 5523 Exstat
510 5484 571 5523 ea
608 5471 674 5524 de
717 5486 775 5525 re
833 5478 1158 5543 Optiscutttni
1199 5476 1686 5530 virulentisslmum
1757 5475 1859 5529 hoc

282 5561 487 5613 titulo:
527 5560 810 5615 Γενναδίου
857 5564 1145 5634 ἐλαχίστου
1178 5565 1473 5635 Σχολαρίθυ
1524 5566 1617 5618 ἐπὶ
1662 5566 1760 5638 τὴν
1791 5565 1857 5618 δι’

281 5652 674 5712 ε’,νκατάλειψιν
704 5656 838 5709 Stet?
877 5660 1113 5712 ματαίαν
1149 5661 1235 5712 καὶ
1270 5659 1462 5721 immo;
1509 5659 1601 5712 xal
1636 5660 1856 5715 easea-

1960 3198 2228 3264 nirejussi
2255 3208 2376 3249 sunt
2400 3199 2448 3251 in
2475 3200 2737 3264 palatium
2764 3195 3067 3266 Xyloccrci,
3089 3209 3137 3251 et
3165 3201 3427 3255 celebrata
3459 3213 3535 3257 est

1959 3285 2219 3356 Liturgia,
2250 3304 2369 3341 cum
2401 3288 2576 3341 omnia
2597 3303 2661 3340 ea:
2695 3290 2956 3340 sententia
2983 3290 3279 3344 cardinalis
3307 3303 3354 3345 et
3373 3295 3535 3346 trium

1956 3380 2261 3449 pontiﬁcum
2290 3381 2416 3432 anni
2445 3380 2600 3433 istius
2631 3391 2777 3449 gesta
2832 3390 2998 3431 essent
3055 3380 3117 3433 l5
3170 3380 3305 3436 Nov.
3365 3384 3420 3437 ln
3473 3401 3536 3439 ea

1956 3480 2177 3524 excusat
2210 3487 2262 3525 se
2284 3471 2422 3540 quod
2456 3487 2558 3525 non
2588 3472 2805 3535 venerit,
2840 3480 3168 3542 testaturque
3199 3490 3252 3528 se
3276 3490 3392 3528 cum
3420 3479 3541 3530 mil~

1957 3564 2050 3617 lies
2078 3564 2380 3630 exposuerit
2406 3565 2721 3617 sententiam
2761 3563 2826 3616 de
2892 3564 2990 3616 hoc
3050 3565 3261 3618 uniouis
3326 3568 3536 3635 negotio

1955 3672 2129 3720 suam,
2164 3656 2543 3725 displicereque
2575 3655 2674 3708 sibi
2703 3653 2852 3706 illam
2879 3656 3220 3718 rehententer,
3254 3666 3358 3708 tam
3378 3659 3538 3724 impe-

1959 3756 2107 3799 rator
2133 3760 2292 3812 quam
2324 3746 2515 3814 reliqui
2551 3761 2727 3797 omnes
2760 3744 3059 3813 intelligant
3095 3745 3149 3798 in
3185 3746 3365 3799 eadem
3422 3762 3537 3813 per-

1958 3840 2161 3891 sistere.
2192 3836 2311 3890 Mox
2341 3839 2597 3889 unionem
2629 3845 2680 3889 et
2710 3834 2915 3889 Latinae
2947 3836 3207 3890 Ecclesiae
3235 3838 3392 3892 tidem
3439 3853 3536 3894 ve-

1958 3929 2238 3996 ltz-mentcr
2271 3928 2531 3996 exagitat.

2028 3995 2255 4088 Scripsit
2290 4030 2571 4088 praeterea,
2595 4028 2652 4071 ut
2673 4019 2849 4074 Ducas
2872 4022 3146 4084 observat,
3166 4018 3383 4073 brevem
3404 4034 3536 4074 con-

1960 4124 2040 4166 tra
2067 4110 2426 4164 Latiuismum
2480 4111 2880 4178 querimoniam
2910 4129 2926 4177 ;
2961 4113 3055 4167 sed
3078 4128 3197 4180 qu.e
3223 4114 3291 4165 ab
3316 4111 3409 4165 illo
3433 4127 3532 4163 au-

1957 4213 2107 4255 ctore
2143 4200 2398 4263 refertur,
2430 4199 2610 4252 diﬂ‘ert
2657 4200 2725 4252 ab
2757 4202 2933 4253 altero
2973 4200 3217 4268 ejusdem
3256 4201 3531 4267 exemplo,

1960 4294 2101 4363 quod
2136 4293 2445 4361 suppeditat
2469 4291 2635 4344 codex
2665 4291 2867 4361 [legitis
2895 4293 2946 4345 iu
2969 4294 3080 4345 haec
3108 4292 3267 4343 verba
3297 4308 3310 4343 :
3340 4291 3533 4355 Opau-

1956 4401 2102 4454 peres
2131 4386 2282 4446 cives,
2314 4378 2626 4450 perdidistis
2649 4385 2851 4445 omnia,
2878 4392 2925 4433 et
2951 4398 3089 4434 nunc
3121 4382 3335 4433 laudent
3387 4383 3529 4449 abji-

1958 4477 2076 4529 citis
2105 4478 2349 4543 pietatem
2378 4473 2603 4539 turpiter
2645 4483 2696 4527 et
2753 4477 2949 4543 absque
2995 4474 3337 4527 conscientia.
3397 4473 3533 4528 Cum

1957 4570 2094 4621 etaim
2132 4568 2384 4621 deberetis
2411 4569 2479 4620 ad
2511 4566 2677 4621 Deum
2708 4566 2991 4636 confugere
3012 4568 3063 4619 in
3090 4566 3336 4635 prwsenti
3358 4581 3533 4618 rerum
3558 4552 3566 4564 ’

1957 4670 2122 4718 statu.
2152 4677 2183 4711 a
2208 4658 2312 4712 Deo
2340 4661 2688 4728 separantini.
2728 4657 2839 4728 Ego
2868 4659 3111 4712 innoxius
3144 4674 3281 4721 sum,
3326 4667 3537 4709 testem-

1959 4770 2055 4821 que
2080 4754 2240 4806 trabea
2274 4756 2458 4816 Deunt,
2483 4755 2599 4821 ejus
2638 4765 2851 4807 sanctos
2883 4764 2932 4807 et
2961 4770 3046 4808 vos
3068 4756 3231 4820 ipsos,
3264 4754 3403 4822 quod
3451 4754 3535 4805 ni-

1958 4843 2035 4895 hil
2064 4859 2289 4912 unquam
2324 4848 2662 4914 neglexerim.
2697 4845 2765 4898 Et
2796 4862 2933 4898 nunc
2959 4848 3031 4897 ita
3066 4862 3145 4899 me
3179 4845 3317 4897 Deus
3372 4847 3533 4909 iuret,

1960 4935 2157 4987 malam
2181 4937 2426 4990 unionem
2459 4939 2658 5004 facitis,
2692 4937 2954 5005 peribitia.
2984 4936 3399 4992 Calumniamini
3429 4952 3529 4999 me,

1958 5034 2007 5079 et
2036 5026 2205 5078 minas
2238 5027 2511 5079 intentatis
2544 5044 2562 5092 ;
2604 5028 2694 5082 sed
2724 5031 2939 5081 etiamsi
2973 5041 3194 5082 mortem
3220 5046 3374 5098 quam
3434 5028 3534 5079 mi-

1960 5117 2161 5170 namini
2192 5117 2456 5183 inferatis,
2481 5136 2572 5189 ego
2601 5124 2667 5172 atl
2717 5120 2868 5173 illam
2934 5124 3256 5175 subeundam
3307 5126 3528 5186 paratus

1959 5225 2096 5261 sunt.
2132 5207 2272 5272 Quid
2302 5214 2437 5263 enim
2460 5213 2612 5279 juvat
2644 5213 2834 5278 vivere,
2860 5223 2915 5266 ut
2938 5215 3137 5268 videam
3163 5211 3256 5263 Dei
3290 5221 3393 5262 tam
3420 5226 3532 5263 ma-

1960 5300 2208 5367 nifestans
2232 5315 2355 5369 erga
2385 5318 2473 5355 vos
2514 5303 2949 5360 derelictionem?
2980 5304 3219 5365 Domine,
3266 5318 3329 5354 ne
3385 5300 3531 5353 sinas

1958 5393 2049 5446 hos
2076 5392 2311 5447 homines
2342 5394 2396 5445 in
2424 5394 2581 5447 talem
2617 5396 2829 5448 ruinam
2863 5395 3217 5462 prwcipitari;
3266 5409 3328 5445 ne
3370 5392 3533 5460 justi«

1959 5483 2147 5549 /i.etur
2175 5482 2467 5538 orthodoxa
2497 5486 2627 5554 ﬁdes
2659 5487 2713 5538 in
2746 5485 2976 5550 Oriente,
3015 5485 3068 5537 in
3103 5484 3385 5539 Occidmte
3411 5496 3456 5539 et
3479 5485 3531 5538 in

1961 5574 2151 5629 insulis
2181 5586 2367 5629 contra
2392 5587 2629 5632 nostrant
2662 5579 2863 5641 urbem,
2893 5581 2968 5631 ita
2998 5586 3056 5630 ut
3084 5582 3207 5647 quia
3234 5580 3378 5632 illam
3412 5590 3459 5633 et
3488 5591 3535 5633 te

1910 5714 1927 5723 ι
1963 5669 2305 5726 rivaleximtts.
2336 5686 2633 5727 percautus.
2658 5671 2907 5726 Justihci
2966 5675 3141 5727 potius
3176 5677 3343 5727 illum.
3376 5678 3448 5725 ita
3479 5689 3535 5725 ut
