3982 6208
385 289 500 350 Ξῦδ

1927 288 2126 351 ἚΊΤᾹ.

3534 295 3639 358 266

385 398 558 452 multa
595 394 766 447 omnia
799 393 1162 462 impleverant,
1191 392 1280 461 qui
1311 393 1475 446 etiam
1503 409 1640 446 nunc
1676 396 1960 463 plusquam
1996 401 2038 454 Α
2067 397 2330 467 Apologia
2360 399 2562 467 Scripta
2587 406 2690 462 est,
2721 397 2813 453 se.l
2842 398 3104 454 continua
3129 398 3397 465 oratione,
3427 405 3638 468 qualem

389 508 521 560 opus
573 498 688 543 erat
748 495 1092 556 praetexentes
1137 486 1568 540 Christianorum
1606 488 1967 549 calamitates,

389 585 718 638 occasionem
751 579 995 647 explendi
1031 579 1515 646 concupiscentiam
1550 581 1713 638 nacti.
1744 579 1971 647 infamia

389 676 598 744 quidem
637 688 846 726 sacrum
882 671 1012 725 olim
1031 672 1291 734 ordinem,
1328 669 1588 723 seandalo
1613 681 1971 739 spectatorum

389 771 624 829 animas,
663 766 805 817 omni
825 763 964 816 malo
992 772 1161 815 totum
1185 763 1357 815 orbem
1379 763 1705 831 repleverunt
1731 801 1744 814 .
1771 761 1973 814 Deinde

389 861 656 928 a'rliﬁcare
695 874 853 925 cogor
879 896 891 918 ,
930 855 1126 924 templa
1164 872 1342 908 eversa
1380 872 1411 908 a
1438 855 1801 924 fundamentis
1831 854 1972 907 exei-

392 965 542 1015 tare,
573 958 621 1003 et
658 950 957 1002 necessaria
989 947 1263 1015 providere
1289 948 1428 1007 istis.
1460 949 1666 999 utinam
1703 946 1972 1000 Christia-

394 1047 476 1097 nis
499 1084 512 1104 ,
540 1045 629 1113 qui
662 1042 888 1110 singulis
921 1042 972 1093 in
1002 1041 1131 1095 locis
1160 1042 1376 1110 reperti,
1409 1057 1511 1110 qua
1541 1042 1746 1092 ratione
1786 1054 1972 1091 seran-

389 1140 518 1190 dunt
549 1137 712 1204 legem
745 1135 982 1201 patriam
1019 1135 1269 1194 uiuerent,
1305 1133 1575 1226 Deumque
1605 1131 1845 1184 colerent
1873 1147 1973 1183 non

391 1231 698 1283 curabant.
762 1227 962 1281 Deinde
1039 1237 1222 1280 coacta
1266 1235 1343 1280 est
1397 1223 1630 1295 synodus
1686 1223 1974 1276 multarunt

388 1327 759 1388 episcoporum
807 1337 871 1374 ea:
918 1319 1134 1386 Europa
1165 1330 1210 1372 et
1238 1319 1368 1372 Asia
1398 1319 1768 1386 confluentium
1800 1355 1813 1379 ,
1843 1333 1970 1385 qna-

392 1433 510 1468 run
541 1416 812 1484 stt/fragiis
841 1431 936 1485 ego
967 1415 1194 1481 primunt
1216 1412 1492 1477 diaconus,
1527 1412 1718 1464 deinde
1756 1409 1975 1479 presby-

397 1527 502 1574 ter,
544 1510 732 1562 deinde
767 1509 1038 1574 episcopus
1070 1518 1113 1559 et
1149 1505 1454 1574 patriarcha
1489 1505 1808 1557 constituor.

469 1603 601 1667 Quae
643 1605 694 1653 in
743 1599 1098 1669 patriarcliali
1134 1612 1359 1651 munere
1387 1598 1721 1650 constitutus
1756 1595 1975 1650 Genna-

396 1695 524 1748 dius
593 1692 858 1760 gesserit,
916 1692 1004 1743 vix
1057 1687 1276 1742 aliunde
1334 1687 1620 1752 habemus,
1684 1704 1845 1755 quam
1906 1703 1969 1740 et

397 1785 638 1840 Historia
700 1783 1078 1838 ecclesiastica
1146 1781 1608 1837 Grmco-Barbara
1677 1783 1770 1851 (l).
1826 1779 1964 1834 Cum

399 1875 594 1927 'l‘urca:
635 1872 849 1926 Sancta:
878 1871 1097 1941 Sephia:
1131 1872 1392 1940 templum
1443 1880 1495 1924 et
1533 1871 1965 1938 patriarcheium

402 1973 787 2034 occupassent,
834 1966 951 2034 ipse
994 1965 1062 2018 ad
1115 1963 1216 2017 SS.
1255 1963 1647 2032 Apostolorum
1688 1974 1964 2018 monaste-

399 2061 538 2112 rium
582 2074 640 2112 se
697 2059 942 2126 recepit,
975 2059 1188 2110 vastuui
1222 2067 1274 2110 et
1306 2056 1416 2122 jam
1449 2055 1752 2110 solitudine
1789 2057 1970 2110 horri-

395 2153 549 2211 dum,
585 2147 726 2200 unde
756 2148 944 2200 eodem
980 2157 1072 2200 aut
1104 2149 1352 2216 sequenti
1387 2147 1727 2216 anno‘lugit,
1762 2148 1972 2202 veritus

399 2257 466 2294 ne
519 2239 685 2293 cmdis
735 2238 1050 2320 commissae
1082 2255 1206 2308 erga
1240 2240 1502 2300 'l'urcam,
1540 2240 1698 2308 cujus
1732 2239 1972 2293 cadaver

398 2336 537 2382 intra
596 2344 786 2382 muros
843 2337 1122 2396 repertum
1173 2341 1314 2390 erat,
1366 2345 1540 2398 ptent}:
1573 2348 1600 2382 υ
1636 2331 1969 2384 Christianis

395 2424 766 2488 exigerentur.
801 2417 1027 2472 Videtur
1071 2433 1238 2487 porro
1271 2418 1589 2472 Gennadius
1622 2419 1756 2473 urbe
1787 2418 1970 2484 profu-

396 2512 560 2581 gisse,
601 2525 725 2563 nam
773 2517 884 2564 tres
933 2509 1115 2579 βιαίας
1167 2511 1410 2575 ἀνόδους,
1453 2510 1567 2564 sive
1624 2510 1888 2564 violentos
1918 2510 1971 2562 in

399 2604 589 2656 urbem
639 2616 925 2670 regressus
972 2614 1372 2656 commemorat
1405 2602 1460 2656 in
1497 2602 1703 2671 aliquot
1735 2616 1972 2670 opuscu—

398 2698 575 2749 lorum
602 2693 948 2764 titulisjuxta
972 2693 1421 2757 antiquissimum
1444 2691 1671 2764 Regium
1697 2693 1966 2748 codicem.

396 2786 504 2840 Ter
539 2795 723 2840 autem
785 2786 922 2839 urbe
971 2785 1253 2847 excessit,
1301 2785 1469 2838 semel
1527 2799 1648 2839 cum
1691 2786 1863 2840 hostis
1894 2786 1970 2838 ir-

397 2889 697 2948 rumperct,
733 2881 932 2932 iterum
988 2886 1112 2948 post
1168 2878 1368 2933 caedent
1430 2894 1550 2948 qua:
1601 2877 1745 2932 intra
1783 2893 1970 2933 muros

396 2969 499 3026 SS.
525 2972 917 3040 Apostolorum
949 2978 1162 3040 patrata
1193 2979 1275 3024 est
1303 2986 1317 3036 ;
1353 2971 1570 3025 tandem
1608 2971 1856 3040 deposito
1878 2985 1970 3040 pa-

2077 503 2263 542 coram
2311 491 2531 544 sultano
2577 489 2894 544 Gennadius
2928 490 3138 556 habuit,
3165 501 3458 560 antequam
3495 507 3647 546 coin-

2077 581 2412 648 pendiariam
2467 583 2610 635 illam
2684 583 3012 638 Christianae
3066 585 3186 639 ﬁdei
3245 587 3642 656 expositionem

2076 672 2285 739 scripto
2331 676 2815 741 complecteretur.
2875 677 3036 732 Edita
3084 687 3166 733 est
3219 693 3436 746 quoque.
3465 681 3645 734 oratio

2077 762 2194 829 ipsa
2241 764 2548 827 tuultoties,
2602 777 2714 819 tum
2775 769 3031 833 scorsitn,
3082 771 3283 823 tumin
3323 769 3646 826 Bibliotheca

2077 854 2326 909 l’ulrnm.

2147 946 2320 1002 Paulo
2357 959 2644 1020 postquam
2676 951 2815 1007 banc
2848 955 3153 1009 orationem
3191 957 3475 1012 habuisset
3507 959 3652 1013 Gen-

2078 1038 2298 1102 nadius,
2348 1042 2706 1110 patriarehali
2758 1059 2816 1098 se
2867 1046 3135 1114 dignitate
3186 1050 3651 1118 3i)dl('3\’il,:Pg'l't3

2077 1129 2299 1183 obtenta
2329 1145 2356 1182 a
2388 1132 2612 1187 sultauo
2637 1135 2790 1188 venia
2826 1152 2985 1196 :niox
3021 1139 3309 1205 epistolam
3343 1156 3436 1193 seu
3471 1153 3651 1208 potius

2075 1222 2345 1290 prolixam
2407 1224 2727 1280 Orationem
2812 1229 3212 1297 apologoticam
3285 1233 3511 1300 scripsit
3576 1233 3646 1284 ad

2079 1326 2255 1365 omnes
2277 1314 2459 1382 ﬁdeles
2481 1318 2533 1369 in
2555 1315 2768 1372 Christo
2789 1319 2936 1379 Jesu.
2971 1324 3084 1384 τοῖς
3113 1324 3394 1392 πανταχοῦ
3428 1330 3648 1388 marsi,-

2077 1406 2134 1454 ἐν
2185 1407 2404 1475 Χριστῷ
2475 1411 2674 1479 Ἰησοῦ.
2745 1411 2942 1467 Narrat
2998 1418 3273 1484 quomodo
3346 1430 3466 1486 post.
3515 1435 3653 1487 prm-

2078 1495 2278 1551 dictam
2316 1502 2531 1569 sa-pius-
2556 1503 2706 1558 urbis
2737 1513 2788 1557 et
2822 1507 3228 1575 totiusimporii
3259 1511 3465 1564 cladem
3501 1527 3653 1566 com-

2079 1588 2552 1660 minatiouemquc
2616 1594 2814 1648 divinae
2889 1597 3142 1651 vindicta:
3204 1601 3274 1653 ob
3330 1613 3647 1670 SltSiCpltlttt

2078 1677 2440 1735 Latinistnum
2468 1725 2482 1746 ,
2513 1693 2674 1754 capta
2710 1686 2844 1742 urbe
2880 1689 2933 1740 in
2971 1689 3210 1744 hostium
3248 1708 3442 1747 manus
3480 1711 3639 1748 rene-

2076 1774 2168 1837 rit,
2201 1785 2253 1828 et
2293 1791 2356 1830 ex
2410 1777 2535 1846 fuga
2586 1788 2881 1847 retractus,
2950 1785 3262 1852 patriarcha
3297 1791 3640 1844 renuntiatus

2075 1865 2256 1932 fuerit,
2312 1870 2438 1925 licet
2493 1872 2738 1929 invitus:
2793 1877 2882 1929 cui
2937 1879 3154 1932 tandem
3190 1883 3426 1945 inuneii,
3458 1885 3639 1937 statim

2075 1969 2236 2028 atque
2268 1977 2364 2029 per
2393 1964 2673 2017 sultanum
2710 1967 2890 2032 licuit,
2919 1971 3346 2024 renuntiandum
3371 1979 3646 2038 stutirem,

2075 2059 2187 2101 tum
2217 2052 2346 2117 quia
2382 2053 2677 2108 destitutus
2708 2067 2857 2110 esset
2893 2075 3084 2112 eorum
3120 2064 3359 2122 auxilio.
3398 2067 3487 2132 qui
3518 2080 3651 2116 out-,-

2075 2140 2150 2192 ris
2186 2150 2394 2210 partem
2451 2148 2759 2200 secundum
2801 2150 3217 2206 ecclesiasticas
3275 2155 3423 2225 leges
3475 2159 3648 2212 susti-

2075 2249 2207 2288 nere
2242 2235 2571 2304 debuerant,
2605 2250 2716 2293 tum
2753 2241 2822 2295 ob
2856 2245 3138 2313 impensas
3168 2247 3402 2302 inaniter
3435 2250 3647 2303 labores

2075 2327 2129 2380 in
2191 2327 2504 2385 aufu'endis
2553 2333 2831 2389 scatidalis
2881 2344 2935 2390 et
2977 2342 3368 2408 componendis
3403 2345 3649 2396 simulta-

2078 2419 2244 2474 tibus.
2273 2419 2466 2477 Varias
2499 2425 2664 2479 etiam
2697 2429 3040 2485 calamitates
3079 2433 3262 2496 refert,
3301 2448 3437 2502 quas
3465 2437 3532 2488 ab
3570 2437 3652 2488 in-

2075 2511 2214 2566 vidis
2265 2513 2461 2569 l'uisset
2501 2532 2793 2586 perpessus
2829 2559 2845 2583 ,
2906 2522 2998 2589 qui
3057 2525 3488 2590 patriarcliatum
3540 2543 3652 2582 non

2077 2600 2308 2657 obscure
2342 2606 2671 2670 ambientes,
2704 2611 2870 2664 multa
2898 2613 2996 2682 ipsi
3021 2614 3237 2684 negotia
3269 2617 3650 2677 lacessebant:

2077 2694 2353 2764 signiﬁcat
2393 2701 2610 2755 tandem
2645 2718 2705 2756 se
2752 2704 3009 2773 dignitati
3043 2711 3393 2778 renuntiare,
3445 2722 3503 2768 ut
3537 2714 3648 2782 jam

2076 2787 2179 2842 sibi
2224 2790 2327 2844 soli
2381 2801 2559 2860 vacet,
2613 2796 3109 2869 poenitentiamque
3157 2802 3213 2856 in
3279 2807 3572 2875 tranquilla
3597 2819 3652 2862 et

2076 2882 2324 2937 solitaria
2373 2886 2483 2939 vita
2533 2886 2602 2942 de
2658 2892 2900 2956 peccatis
2947 2893 3063 2948 suis
3105 2905 3248 2963 agat.
3279 2898 3406 2953 l-lsec
3440 2909 3522 2955 est
3564 2902 3652 2954 illa

2075 2977 2405 3044 παραίτησις
2429 3017 2445 3042 ,
2484 2993 2647 3047 quam
2682 2981 2734 3034 in
2760 2983 2948 3037 codice
2976 2985 3236 3040 Ecclesia:
3259 2988 3658 3055 Constantino-

397 3065 675 3116 triarcbali
731 3079 956 3117 munere
995 3077 1117 3117 cum
1150 3078 1208 3118 se
1242 3065 1448 3132 recepit
1477 3063 1530 3116 in
1567 3064 1966 3116 monasterium
2002 3075 2046 3136 ρ
2084 3069 2336 3136 petitante
2389 3069 2715 3137 descriptam
2783 3073 2959 3128 fuisse
3023 3078 3303 3132 memoria:
3361 3092 3411 3132 et
3461 3093 3654 3135 aucto-

397 3155 680 3210 Prodromi
711 3156 774 3209 ad
818 3153 1149 3210 Menteceum
1185 3163 1444 3217 montem,
1481 3154 1622 3208 unde
1657 3155 1973 3223 compulsus

397 3259 479 3304 cst
512 3254 562 3302 in
598 3248 782 3302 urbem
834 3248 1011 3304 redire
1035 3287 1048 3310 ,
1084 3254 1136 3300 et
1170 3258 1300 3300 tunc
1347 3247 1560 3316 aliquas
1597 3245 1861 3300 llomilias
1905 3251 1969 3300 ad

399 3344 659 3409 populum
708 3339 917 3394 habuit.
963 3337 1100 3392 [line
1145 3339 1490 3394 emendanda
1534 3354 1656 3407 quae
1686 3348 1810 3392 ante
1840 3356 1972 3406 pau-

398 3448 492 3486 cos
560 3448 735 3487 annos
807 3431 1008 3501 prodiit
1070 3431 1304 3500 Philippi
1358 3431 1542 3500 Cyprii
1590 3429 1972 3483 Patriarchahs

397 3524 661 3590 Historia,
701 3526 796 3594 qui
845 3525 1027 3579 statim
1081 3525 1424 3592 patriarchas
1474 3524 1971 3591 ConstantinOpoli-

397 3627 556 3672 tanos
603 3620 669 3670 ad
713 3617 1163 3671 l’ammacarislze
1214 3617 1496 3670 habitasse
1549 3615 1744 3670 scribit
1775 3627 1969 3669 contra

397 3710 788 3764 historicorum
844 3712 1090 3763 omnium
1139 3709 1321 3773 (idem,
1351 3720 1406 3761 ut
1433 3719 1486 3762 et
1516 3712 1685 3761 multa
1711 3708 1814 3760 alia
1853 3724 1970 3776 qua:

396 3806 542 3857 hunc
575 3812 856 3856 auctorem
903 3803 1018 3856 sive
1066 3804 1247 3872 potius
1275 3803 1780 3856 Consarcinatorcnt
1828 3817 1970 3870 saepe

394 3894 784 3948 hallucinatum
815 3909 934 3948 esse
965 3894 1365 3948 demonstrant.

457 3987 606 4040 Cum
650 4002 714 4040 ex
763 3986 889 4055 fuga
935 3987 1214 4049 rediissct,
1251 3986 1348 4040 sed
1380 4002 1490 4054 quo
1521 4000 1666 4038 anno
1701 3986 1966 4049 nescitur,

394 4079 591 4132 habuit
638 4077 958 4132 Gennadius
1014 4076 1322 4131 orationem
1372 4077 1486 4130 sive
1534 4076 1964 4146 disputationem

394 4171 545 4224 illam
571 4170 836 4225 celebrem
857 4207 873 4232 ,
921 4184 1041 4238 qua:
1079 4167 1284 4234 Graece,
1315 4168 1529 4231 Latine,
1562 4167 1672 4222 into
1703 4175 1754 4221 et
1783 4164 1971 4221 Turci-

394 4281 478 4327 cc,
515 4265 609 4320 sed
630 4263 834 4318 Graecis
857 4262 1052 4316 litteris
1074 4261 1218 4315 edita
1245 4260 1488 4330 e5t,napi.
1514 4259 1614 4328 τῆς
1649 4259 1821 4328 μόνης
1847 4257 1967 4311 ὁδοῦ

396 4362 535 4424 πρὸς
558 4356 660 4424 τὴν
693 4355 968 4424 σωτηρίαν
1022 4354 1350 4422 ἀνθρώπων.
1382 4352 1743 4406 Occasionem
1777 4359 1971 4403 narrat

2081 3159 2257 3214 litatis
2310 3175 2476 3214 causa
2527 3161 2687 3217 docet
2751 3162 2995 3218 Historia
3053 3169 3449 3234 ecclesiastica,
3506 3176 3651 3241 apud

2080 3251 2332 3304 Crusiutn
2363 3254 2463 3319 (5).

2152 3343 2267 3396 Mox
2327 3347 2527 3414 recepit
2584 3363 2642 3400 se
2689 3349 2999 3404 Gennadius
3047 3353 3100 3406 in
3150 3358 3538 3410 lllOttarlel‘illlli
3593 3356 3652 3411 ὃ.

2077 3435 2305 3489 Joannis
2351 3436 2609 3506 Baptista:
2658 3442 2712 3493 in
2756 3452 2937 3496 monte
2982 3443 3262 3499 Menesi-eo
3321 3464 3486 3516 prope
3525 3442 3657 3502 Set-7

2082 3543 2168 3581 ras
2207 3529 2283 3580 γε]
2317 3529 2573 3593 I’hcrras,
2623 3541 2680 3584 ut
2727 3532 2989 3588 scribitur
3029 3537 3082 3587 in
3126 3538 3246 3591 cod.
3292 3536 3480 3608 Regio,
3529 3558 3653 3595 eum

2082 3632 2253 3672 annos
2285 3619 2524 3688 quinque
2550 3631 2603 3675 et
2637 3639 2847 3677 nienSes
2880 3625 3087 3693 aliquot
3108 3625 3366 3682 Ecclesia:
3389 3630 3656 3685 Constan-

2082 3711 2452 3779 tinopolitanae
2485 3713 2810 3782 praefuisset,
2843 3730 3004 3785 atque
3037 3719 3105 3772 ita
3137 3720 3256 3790 ejus
3285 3723 3559 3779 abdicatio
3590 3729 3655 3779 ad

2080 3815 2280 3853 artuum
2324 3802 2458 3856 H59
2524 3803 2778 3859 refertur.
2817 3804 3040 3862 Videtur
3084 3818 3260 3865 tamen
3329 3812 3487 3867 aliter
3541 3826 3656 3868 sta-

2083 3892 2382 3959 tuendum;
2426 3911 2548 3949 nam
2579 3898 2770 3954 titulus
2804 3899 3079 3956 Orationis
3101 3918 3261 3972 quam
3294 3905 3480 3959 habuit
3511 3907 3658 3960 Gz-n-

2081 3985 2276 4039 nadius
2311 3986 2364 4040 in
2410 3987 2598 4044 iuuere
2633 3990 2902 4046 Theodori
2938 3990 3220 4061 Sophiani,
3265 3995 3347 4048 sui
3382 4011 3446 4050 ex
3487 3996 3654 4050 fratre

2081 4077 2313 4145 nepotis,
2354 4081 2511 4132 docet
2545 4083 2952 4147 pronuntiatam
3002 4083 3171 4138 fuisse
3203 4085 3272 4139 ‘28
3311 4085 3652 4154 Septembris

2079 4180 2224 4219 anno
2264 4167 2423 4231 6965,
2458 4171 2759 4222 secundum
2796 4173 3036 4236 Graecos,
3066 4173 3169 4227 hoc
3201 4183 3284 4228 est
3319 4191 3465 4230 anno
3487 4179 3650 4231 Chri-

2079 4257 2148 4311 sti
2189 4258 2323 4312 H57
2366 4274 2396 4312 a
2435 4259 2718 4314 Gennadio
2769 4263 3054 4316 monacho.
3102 4263 3169 4317 At
3216 4264 3373 4334 vulgo
3419 4283 3527 4321 non
3577 4271 3651 4324 ita

2078 4350 2382 4417 appellatur
2436 4352 2488 4403 in
2539 4350 2708 4406 titulis
2760 4367 2948 4406 eorum
2994 4356 3380 4422 Opusculorum
3427 4374 3547 4427 qum
3598 4363 3652 4414 in

396 4447 640 4501 llistoria
684 4445 1149 4500 Graec-Barbara
1180 4445 1290 4512 (2).
1322 4442 1398 4496 Eo
1457 4451 1708 4510 tempore,
1761 4443 1957 4512 inquit,
1995 4434 2038 4488 D
2071 4443 2441 4510 patriarchatu
2493 4444 2729 4513 scripsit.
2782 4445 2912 4511 Qua:
2936 4446 3246 4514 conjectura
3296 4451 3655 4504 conﬁrmatur

395 4537 534 4591 idem
565 4537 809 4589 sultaaus
837 4539 1048 4596 ipsemet
1092 4535 1308 4586 intravit
1343 4533 1784 4602 patriarclteium,
1815 4549 1966 4585 cum.

397 4641 497 4693 que
528 4625 582 4676 in
608 4623 796 4692 templo
835 4622 1273 4676 Pammacarista:
1337 4627 1589 4687 uenisset,
1622 4624 1676 4674 in
1710 4623 1964 4676 sacellum

397 4719 666 4782 ingressus
701 4724 803 4776 est,
833 4714 920 4766 ubi
955 4715 1110 4767 hodie
1152 4715 1448 4766 armarium
1486 4731 1657 4766 rerum
1693 4730 1972 4767 sacrarum

395 4818 498 4872 est,
524 4817 575 4860 et
629 4824 745 4859 cum
773 4807 1078 4874 patriarcha
1120 4805 1394 4860 Gennadio
1444 4807 1662 4861 libenter
1706 4824 1971 4861 sermones

401 4902 657 4952 contulit.
699 4899 844 4952 Tunc
887 4902 1029 4953 omni
1065 4911 1200 4954 metu
1238 4902 1431 4968 posito,
1460 4903 1758 4954 universam
1788 4902 1836 4954 ei
1870 4918 1970 4969 pa-

399 4993 637 5045 triarcha
666 5002 933 5045 ceritatem
964 4993 1088 5060 fidei
1121 4991 1439 5046 Christiana:
1470 4994 1698 5061 aperuit,
1729 4995 1972 5062 scripsit-

395 5103 495 5154 que
534 5103 628 5154 pro
680 5102 899 5140 numero
947 5088 1294 5156 quwstionunt
1326 5090 1440 5155 ejus
1478 5089 1656 5152 capita
1691 5088 1970 5156 viginti....

397 5197 518 5250 qua:
551 5190 599 5234 et
658 5181 801 5234 dedit
825 5181 1060 5235 sultano.
1097 5179 1482 5249 Subjiciuntur
1513 5191 1691 5233 autent
1724 5180 1835 5234 Ιιῑυο
1874 5196 1966 5233 ca-

398 5277 574 5343 pitula
621 5274 744 5328 loco
784 5274 973 5338 citato,
1014 5289 1137 5328 cum
1202 5273 1440 5328 Turcica
1505 5274 1968 5342 interpretatiOne

391 5366 679 5420 Acumatis
707 5365 823 5420 sive
858 5367 1135 5419 Achnietis
1183 5365 1462 5420 Berrhieaz
1502 5365 1766 5435 priel'ecti.
1811 5367 1879 5418 At
1914 5365 1967 5418 in

391 5472 588 5513 nostro
623 5457 812 5512 codice
852 5473 962 5511 non
1015 5472 1110 5527 per
1154 5458 1385 5528 qtuesita
1431 5469 1485 5513 et
1545 5473 1813 5529 responsa
1849 5460 1965 5514 [nec

463 5660 540 5722 (l)
573 5659 839 5728 'I'urcogt‘.
879 5661 913 5714 Ι.
952 5677 1011 5715 tt.

465 5730 541 5796 (ἐξ)
574 5730 707 5783 Ibid.
757 5748 877 5800 pag.
927 5732 1043 5786 ωε).

649 5831 914 5884 lateo-1..
951 5841 959 5866 ⁴
1006 5847 1063 5884 lt.
1101 5821 1278 5883 CLX.

1047 5677 1098 5730 p.
1135 5661 1259 5714 μεθ.

2081 4533 2250 4586 altera
2287 4535 2424 4588 satis
2457 4534 2760 4590 verisimili.
2798 4535 2930 4590 Nam
2970 4537 3023 4592 in
3056 4541 3392 4595 monasterio
3423 4541 3652 4597 Joannis

2082 4627 2197 4681 sive
2227 4625 2531 4692 l’rodromi,
2571 4629 2741 4683 multa
2765 4628 3083 4686 Gennadius
3108 4632 3383 4688 elaborate
3409 4634 3652 4704 scripsit.

2082 4734 2203 4787 quae
2232 4719 2276 4772 si
2310 4719 2608 4773 secundum
2637 4720 2890 4776 Panviuii
2923 4732 2973 4776 et
2997 4721 3329 4778 Genebrardi
3355 4726 3654 4779 chronolo-

2083 4810 2250 4878 giam,
2291 4809 2427 4864 obiit
2463 4825 2609 4866 anno
2649 4811 2808 4877 1460,
2855 4814 3017 4866 unius
3058 4814 3187 4867 anni
3231 4815 3520 4870 intervallo
3565 4819 3652 4871 vix

2081 4910 2297 4969 poti-rat
2325 4902 2632 4956 absolvere.
2673 4901 2831 4957 Tales
2880 4914 3010 4958 sunt
3073 4915 3339 4960 tractatus
3410 4909 3483 4961 De
3543 4907 3654 4960 Ex-

2074 4994 2314 5047 sistentia
2334 5003 2381 5045 et
2404 5002 2596 5048 natura
2619 4997 2943 5060 animarum,
2970 4997 3032 5050 de
3055 4994 3392 5068 Purgatorio,
3413 5000 3476 5052 de
3504 5000 3653 5052 Pro:-

2076 5082 2447 5148 destinatione,
2478 5085 2542 5137 ad
2575 5082 2873 5154 losopbum
2906 5086 3449 5143 Thesisalouiccnsetn
3487 5105 3500 5151 ;
3534 5098 3645 5141 tres

2075 5179 2165 5230 alii
2189 5179 2253 5232 de
2275 5177 2758 5233 Pratdestinatione
2782 5179 3093 5244 Sermones,
3119 5180 3370 5250 Epistula.-
3393 5178 3459 5231 ad
3481 5179 3655 5232 Theo-

2077 5271 2271 5324 dorum
2318 5270 2590 5325 Brennum
2634 5272 2747 5326 sive
2781 5271 3120 5336 Briennium,
3172 5279 3224 5324 ct
3261 5271 3363 5322 alia
3406 5287 3505 5324 nec
3526 5286 3658 5339 puu-

2079 5380 2141 5415 ca
2176 5379 2275 5416 nec
2298 5371 2745 5430 cxtemporanea.
2769 5361 2924 5420 Unde
2944 5378 3064 5416 cum
3088 5377 3248 5416 nemo
3273 5364 3377 5415 huc
3397 5378 3566 5433 usque
3584 5379 3653 5418 ex

2077 5455 2245 5512 Certis
2265 5455 2467 5511 Graecae
2487 5455 2742 5512 Historia:
2764 5455 3132 5513 monumentis
3154 5470 3359 5510 annuat
3381 5454 3651 5512 Gcnnadii

2151 5661 2224 5729 (3)
2260 5660 2390 5715 Ibid.
2427 5676 2546 5732 pag.
2586 5661 2702 5716 120.
