3982 6208
388 259 504 323 967

1461 261 1844 323 GENNADII
1891 261 2000 324 CP.
2045 262 2567 325 PATRIARCH/E

3553 264 3670 327 268

390 392 704 447 supremum
746 377 1133 448 designavcrit,
1167 377 1211 432 si
1256 377 1381 448 quis
1417 391 1540 432 eum
1575 377 1718 432 ultra
1768 390 1972 430 annum
2011 377 2047 430 Α
2079 375 2221 440 quod
2292 373 2456 428 refert
2501 373 2815 428 Grtccornm
2882 381 3128 428 actorum
3175 375 3410 444 scriptor
3436 393 3458 430 .:
3499 380 3668 448 cujus
3757 398 3760 400 ·

392 473 535 526 “60
562 473 726 525 vitam
761 471 1085 541 produxisse
1110 480 1336 535 statuat,
1368 487 1474 527 non
1499 472 1737 526 inaniter
1761 471 1974 524 videbi-

395 577 482 620 ltlt‘
536 564 852 634 conjectari.
913 563 1046 618 Nam
1103 563 1179 618 in-
1216 565 1385 636 Regio
1437 565 1560 620 cod.
1620 563 1853 637 llomilia
1909 563 1976 616 de

392 658 624 712 transitu
669 656 730 709 Β.
765 654 950 711 Maria:
985 655 1215 725 virginis
1273 657 1480 727 scripta
1511 656 1977 724 Constantinopo-

393 751 426 802 li
461 749 662 802 dicitur
687 749 739 800 in
770 748 1106 803 monasterio
1158 748 1622 812 Pammacaristae,
1659 762 1782 800 cum
1814 745 1979 802 tertio

392 844 444 892 in
483 843 672 893 urbem
708 841 890 894 redire
927 849 1154 896 coactus
1196 840 1394 896 fuisset
1426 856 1571 895 anno
1595 842 1697 908 οϐ’,
1735 841 1837 896 hoc
1867 847 1976 902 est,

393 933 454 984 n't
496 947 656 987 nemo
695 948 800 985 non
855 933 1128 1003 intelligit,
1175 934 1336 998 6972,
1384 936 1688 989 secundum
1733 933 1980 988 Graecam

369 1023 828 1092 -cbrmml0giam.
879 1024 968 1092 qui
1016 1040 1192 1078 annus
1249 1025 1547 1094 respondet
1590 1039 1734 1078 anno
1776 1024 1981 1078 Christi

397 1113 556 1174 ΗΜ,
645 1115 798 1179 Cujus
866 1124 1048 1170 certus
1104 1117 1388 1171 character
1447 1125 1532 1172 est
1587 1117 1816 1171 indictio
1891 1115 1977 1180 12,

397 1223 557 1275 quam
633 1209 755 1260 huic
812 1222 956 1259 anno
1033 1208 1353 1276 adjunctam
1421 1209 1583 1264 habet
1623 1205 1813 1263 Canon
1886 1223 1985 1262 an-

391 1315 589 1350 norum
623 1314 990 1369 expausorum
1044 1300 1111 1354 ab
1144 1300 1339 1354 Allatio
1385 1300 1587 1366 editus,
1621 1301 1674 1355 in
1706 1316 1870 1370 opere
1914 1301 1988 1354 De

399 1395 672 1446 dominicis
715 1403 763 1448 et
815 1394 1224 1448 hebdomadibus
1279 1394 1582 1450 Graecorum
1635 1393 1990 1464 (i).Seripsit

399 1488 560 1540 etiam
595 1488 924 1556 opusculum
951 1487 1095 1557 Περὶ
1117 1487 1219 1556 τῆς
1274 1487 1496 1557 πρώτης
1545 1485 1643 1539 τοῦ
1695 1487 1830 1539 Θεοῦ
1886 1486 1988 1539 λα-

403 1579 590 1646 τρείας
623 1617 638 1641 ,
692 1587 815 1648 post
869 1578 1177 1633 abdicatam
1230 1578 1553 1648 dignitatem
1606 1581 1661 1631 in
1712 1577 1990 1632 Menoeceo

403 1679 586 1723 monte
625 1671 1032 1726 etmonasterio
1066 1669 1350 1724 Prodromi
1376 1685 1466 1723 an.
1490 1669 1677 1722 mundi
1705 1669 1866 1732 6966,
1891 1669 1985 1738 qui

2081 464 2288 518 ideirco
2325 465 2454 518 tiles
2500 466 2758 518 vacillare
2813 481 2918 519 non
2972 466 3158 522 debet.
3201 465 3477 538 Sylvester
3515 471 3669 524 enim

2081 557 2380 626 Syropulus
2413 558 2490 630 (2)
2524 558 2812 614 Latinismi
2849 573 2957 613 non
2994 569 3307 628 suspectus,
3339 559 3508 614 refert
3554 559 3678 615 for-

2084 649 2282 701 mulam
2317 650 2621 704 concordiaz
2653 651 2800 705 circa
2831 652 3191 721 qurestionern
3217 651 3284 706 de
3305 654 3674 722 processionc

2079 738 2320 808 Spiritus
2352 743 2554 808 sancti,
2592 758 2712 812 quae
2737 758 2766 796 a
2802 743 3034 814 Georgio
3067 742 3356 799 Scholario
3385 749 3677 816 composi-

2085 839 2160 893 ta,
2208 846 2392 886 coram
2434 835 2766 904 imperatore
2791 834 3183 890 et'Graccorum
3211 838 3498 908 praecipuis
3532 841 3675 893 Ιθιοιτι

2086 923 2268 980 fuerit.
2295 927 2615 982 Orationum
2651 943 2771 998 quae
2811 944 2935 984 cum
2965 929 3156 985 iisdem
3189 931 3326 985 actis
3370 931 3674 986 circumfe—

2085 1027 2299 1082 runtur,
2327 1019 2473 1072 nulla
2508 1021 2563 1075 in
2597 1022 2801 1076 nostris
2831 1021 3118 1077 codicibus
3146 1023 3410 1077 memoria
3433 1033 3537 1088 est,
3577 1040 3650 1077 ne

2087 1128 2192 1180 quc
2240 1114 2454 1167 illarum
2504 1114 2756 1169 meminit
2800 1114 3077 1187 Sylvester
3119 1115 3447 1186 Syropulus,
3487 1125 3543 1170 et
3578 1133 3680 1170 eas

2087 1202 2322 1271 Georgio
2355 1205 2644 1261 Seholario
2675 1205 2964 1261 Mattbaeus
2989 1207 3394 1278 Caryopbyllus
3420 1208 3683 1278 ahdjud’-

2088 1305 2196 1351 cat.
2227 1296 2344 1350 Etsi
2391 1298 2534 1350 enim
2565 1314 2672 1353 non
2707 1298 3061 1366 indiligentiae
3091 1300 3270 1353 solum
3299 1301 3538 1361 nomine,
3577 1302 3678 1353 sed

2089 1396 2355 1455 perpetuo
2411 1387 2678 1444 adversus
2733 1389 2960 1445 Latinos
3041 1391 3168 1445 odio
3223 1391 3679 1458 SllSptCiiSSillIUS

2092 1477 2396 1550 Syropulus
2420 1496 2542 1536 esse
2568 1482 2784 1546 debeat,
2818 1498 2978 1538 nemo
3015 1493 3196 1538 tamen
3225 1483 3427 1538 Graaca:
3482 1500 3679 1538 recen-

2092 1571 2248 1626 tioris
2303 1572 2542 1627 hismrize
2587 1572 2667 1628 vel
2711 1574 3064 1629 mediocriter
3106 1577 3337 1645 peritus,
3384 1573 3676 1645 cujusdam

2095 1663 2270 1716 critici
2295 1666 2966 1736 pra'posterumjudicium
2996 1683 3106 1736 quo
3143 1667 3348 1722 homini
3376 1666 3533 1721 iidem
3555 1684 3678 1720 om-

402 1770 488 1816 est
533 1760 661 1816 Jesu
688 1761 893 1818 Christi
948 1761 1106 1817 1458.
1141 1762 1327 1830 Itaque
1366 1760 1479 1830 jam
1517 1761 1585 1816 ab
1631 1776 1775 1814 anno
1821 1732 1983 1825 “38,
2019 1732 2057 1787 Β
2092 1769 2214 1809 nem
2245 1732 2901 1826 abjudicat,sequendum
2922 1732 3278 1813 existimabit.
3316 1757 3420 1814 Sed
3473 1759 3674 1813 Allatio

405 1862 498 1907 aut
535 1854 691 1918 1457,
732 1854 778 1909 si
811 1870 940 1908 vera
986 1862 1071 1908 est
1101 1853 1392 1922 inscriptio
1432 1852 1709 1907 Orationis
1740 1853 1793 1905 in
1828 1852 1987 1906 fune-

406 1961 463 2000 re
515 1945 806 2014 Sophiani,
855 1944 1170 2000 Gennadius
1223 1945 1525 1998 monachus
1559 1945 1897 2016 vocabatur,
1931 1951 1987 1998 et

404 2038 718 2107 patriarcha
751 2053 872 2092 esse
924 2038 1191 2100 desierat,
1232 2053 1385 2103 eum,
1411 2039 1458 2093 si
1488 2037 1700 2091 Malaxo
1725 2045 1777 2089 et
1813 2036 1987 2092 llisto-

403 2131 500 2183 rire
541 2130 787 2184 barbarae
823 2129 954 2184 ﬁdes
989 2129 1242 2183 habenda
1279 2137 1381 2194 est,
1412 2145 1519 2184 non
1550 2139 1678 2184 ante
1711 2129 1848 2184 “59
1879 2130 1990 2198 pri-

406 2231 582 2276 vatam
623 2221 790 2276 vitam
820 2222 1107 2291 repetiisse
1158 2221 1432 2276 videatur.
1477 2221 1615 2275 Tum
1659 2221 1823 2274 etiam
1879 2235 1985 2273 non

406 2324 556 2370 recte
595 2314 780 2368 statim
807 2328 932 2369 eum
966 2313 1174 2367 obiisse
1213 2312 1487 2376 scribunt,
1537 2325 1660 2365 cum
1710 2326 1885 2365 annos
1927 2318 1988 2364 ut

409 2408 696 2461 minimum
744 2413 984 2476 quatuor
1034 2403 1423 2476 supervixerit.
1472 2403 1650 2472 Atque
1695 2404 1812 2456 haec
1861 2392 1990 2457 sunt

407 2519 532 2572 qua:
565 2503 631 2557 de
665 2499 931 2555 Gennadii
969 2499 1080 2554 vita
1141 2507 1194 2552 et
1231 2499 1394 2552 rebus
1433 2497 1598 2567 gestis
1631 2497 1683 2550 in
1726 2504 1875 2550 tanta
1907 2495 1990 2549 hi-

405 2597 592 2651 atorire
643 2592 978 2661 rcecntioris}
1008 2590 1244 2660 caligine
1291 2590 1590 2644 observare.
1625 2588 1922 2658 potuimus.

476 2685 643 2740 Multa
675 2683 897 2753 scripsit
936 2682 1253 2738 Gennadius
1296 2689 1494 2751 praeter
1539 2697 1599 2736 ea
1657 2695 1776 2750 qua:
1821 2680 1989 2734 variis

407 2778 542 2834 locis
593 2774 800 2830 dudum
844 2772 988 2827 edita
1039 2779 1190 2827 sunt.
1234 2769 1366 2824 Nam
1418 2785 1763 2839 quaecunque
1807 2769 1986 2824 tribus

408 2871 521 2925 suis
542 2866 792 2936 Georgiis
815 2867 930 2920 sive
952 2863 1254 2920 Gennadiis
1282 2863 1512 2916 Allatius
1539 2862 1812 2926 attribuit,
1840 2861 1989 2917 hunc

407 2971 655 3018 nostrum
691 2969 972 3014 auctorem
1005 2957 1239 3024 habent;
1282 2956 1376 3010 sed
1424 2955 1580 3025 plura
1611 2941 1776 3024 longe
1817 2954 1870 3007 in
1901 2953 1985 3007 bi-

2092 1831 2273 1915 potius
2337 1849 2544 1915 credet,
2584 1851 2674 1919 qui
2705 1849 3042 1923 Sylvestrum
3091 1855 3335 1923 agnoscit
3391 1863 3674 1908 auctorem

2091 1953 2257 1994 unum
2291 1955 2353 1994 ex
2391 1942 2614 1997 asseclis
2649 1943 2989 2010 patriarcbze,
3023 1960 3131 1998 non
3163 1960 3286 1998 eum
3323 1952 3500 2000 tamen
3539 1961 3675 2014 qua-

2092 2029 2196 2084 lem
2227 2047 2256 2086 e
2289 2035 2517 2088 cerebro
2543 2050 2644 2090 suo
2674 2033 2880 2090 ellinxit
2910 2037 3233 2091 temerarius
3265 2039 3534 2106 interpres
3569 2039 3672 2108 (3),

2089 2120 2328 2192 linguam
2383 2133 2432 2178 et
2472 2135 2694 2180 mentem
2728 2129 2915 2197 synodi
2965 2127 3672 2194 ercorum,doctum,elc—

2092 2222 2324 2283 gantem,
2367 2217 2601 2285 antiquis
2642 2215 2860 2272 Grazcire
2901 2220 3188 2274 luminibus
3229 2223 3671 2290 comparandum,

2094 2320 2217 2360 cum
2249 2311 2491 2376 pessime
2522 2309 2728 2364 scribat
2759 2319 2814 2366 et
2852 2312 3246 2367 semibarbare.
3281 2314 3351 2369 At
3381 2315 3470 2369 ille
3498 2313 3673 2369 Geor-

2093 2400 2238 2468 gium
2291 2399 2638 2454 Scholarium
2697 2401 2752 2456 in
2802 2405 3014 2474 synodo
3057 2421 3182 2460 cum
3218 2405 3402 2461 Marco
3437 2407 3673 2477 Ephesio

2093 2491 2347 2545 unionem
2375 2481 2730 2563 impugnasse
2757 2510 2867 2549 non
2897 2496 3083 2562 refert,
3107 2505 3273 2567 atque
3303 2498 3376 2552 ita
3409 2486 3669 2553 Actorum

2089 2580 2406 2638 Graecorum
2433 2585 2593 2639 fidem
2618 2601 2728 2641 non
2759 2587 3066 2658 impugnat,
3093 2604 3216 2644 cum
3241 2605 3305 2645 eo
3336 2600 3517 2644 tamen
3545 2589 3672 2643 Flo-

2092 2675 2265 2728 rentia
2297 2689 2357 2730 se
2387 2676 2731 2746 proripuisse
2757 2684 2992 2734 testatur
3015 2689 3232 2749 peracta
3271 2683 3500 2752 synodo.
3538 2682 3671 2735 Nul-

2089 2767 2176 2822 lus
2210 2768 2420 2822 interea
2455 2769 2694 2826 occurrit
2719 2769 2834 2826 sive
2863 2773 3005 2842 apud
3028 2772 3250 2830 Graecos
3281 2784 3536 2829 auctores
3557 2779 3621 2829 ed
3639 2804 3671 2813 --

2095 2869 2175 2914 tos
2213 2862 2326 2915 sive
2355 2866 2764 2935 manuscriptos
2798 2866 2961 2932 alter,
2988 2883 3150 2936 quem
3188 2868 3586 2939 Caryopbyllus
3615 2879 3669 2922 et

2091 2953 2320 3008 Allatius
2366 2955 2676 3026 designant,
2697 2958 2970 3030 Georgius
3009 2959 3346 3027 Scholarius,
3386 2964 3480 3031 qui
3519 2963 3666 3021 Con-

408 3056 694 3110 bliothecis
719 3053 1076 3114 delitescunt,
1116 3063 1349 3117 quorum
1390 3047 1631 3102 indicem
1666 3045 1758 3116 qui
1792 3046 1984 3100 leviter
2015 3061 2064 3125 ρ
2094 3047 2447 3116 stantinopoli
2494 3047 2834 3116 subStiterit,
2879 3067 3002 3106 cum
3051 3051 3290 3109 Joannes
3329 3056 3666 3128 Ρθιωοιοειις

410 3147 743 3219 inspexerit,
774 3143 961 3199 mirari
993 3141 1202 3196 desinet
1231 3140 1408 3194 virum
1457 3138 1833 3193 doctissimum
1890 3152 1988 3206 pa-

406 3257 525 3295 rum
554 3245 864 3294 accuratam
886 3236 937 3287 iu
963 3234 1031 3287 iis
1063 3231 1414 3286 recensendis
1444 3230 1672 3284 criticen
1703 3227 1987 3284 exercuis-

404 3350 482 3387 δυ.
521 3332 619 3384 Vix
660 3330 805 3384 enim
856 3332 1109 3395 quartam
1149 3337 1339 3376 eorum
1394 3330 1604 3390 partem
1652 3319 1882 3381 viderat,
1931 3326 1986 3371 et

402 3425 726 3492 plerumque
763 3417 958 3471 alienis
1006 3414 1204 3470 oculis.
1239 3411 1425 3480 Neque
1473 3420 1656 3465 tamen
1692 3410 1794 3464 etsi
1826 3412 1982 3479 plura

401 3529 454 3569 et
497 3515 732 3569 certiora
761 3510 1136 3579 designamus,
1161 3505 1345 3560 omnia
1371 3504 1638 3558 Gennadii
1675 3502 1840 3571 opera
1865 3502 1985 3557 exi-

403 3604 754 3658 stimabimus
772 3598 1126 3670 explicuisse.
1165 3597 1370 3665 Sparsa
1429 3595 1698 3666 siquidem
1737 3603 1791 3649 et
1821 3595 1987 3664 disje-

401 3706 486 3749 cta
513 3695 639 3748 hinc
660 3693 786 3746 inde
807 3688 1012 3745 scrinia
1039 3703 1068 3740 a
1095 3686 1365 3742 studiosis
1399 3692 1527 3757 post
1567 3685 1716 3740 illius
1746 3693 1978 3738 mortem

401 3791 629 3846 collecta
677 3791 824 3846 sunt,
875 3790 1038 3850 atque
1086 3779 1159 3832 ita
1204 3794 1308 3832 non
1361 3780 1558 3832 mirum
1606 3787 1691 3831 est
1734 3777 1981 3846 quaedam

402 3879 771 3935 intercidisse.
805 3873 1053 3927 llomiliae
1097 3880 1223 3926 ante
1265 3871 1694 3940 patriarchatum
1743 3868 1981 3936 scriptaa,

401 3967 873 4036 Constantinopoli
913 3973 1144 4033 reperta
1179 3972 1310 4018 sunt
1352 3969 1478 4032 post
1515 3971 1727 4031 captam
1764 3961 1980 4024 urbem,

401 4064 645 4132 quaedam
683 4057 1093 4114 Thessalonicae
1122 4066 1174 4111 et
1200 4054 1473 4124 Gallipoli,
1511 4055 1699 4108 utalia
1731 4053 1979 4122 ejusdem

401 4160 625 4225 scripta,
667 4168 786 4224 qua:
817 4152 1076 4220 deinceps
1115 4148 1574 4211 recensehuntur,
1617 4147 1753 4200 adeo
1790 4155 1850 4199 ut
1880 4145 1984 4198 mi-

403 4253 508 4304 ΓειΓί
540 4262 699 4302 nemo
735 4245 857 4315 jure
910 4251 1074 4312 queat
1131 4240 1275 4310 quod
1327 4239 1589 4294 nonnulla
1628 4237 1893 4307 perierint
1927 4237 1979 4290 in

403 4348 550 4389 tanta
581 4335 889 4404 reipublicae
923 4342 978 4387 et
1015 4331 1273 4386 Ecclesiae
1305 4328 1508 4383 Graecae
1537 4329 1871 4383 calamitate.

2093 3148 2145 3193 et
2193 3139 2467 3210 Iosephus
2511 3143 2843 3212 patriarcha,
2885 3144 3044 3200 simul
3097 3161 3220 3199 cum
3269 3146 3474 3203 Graecis
3520 3151 3665 3213 aliis.

2094 3231 2358 3288 Ferrarize
2381 3242 2436 3289 et
2460 3233 2750 3291 Florentia:
2783 3237 2970 3290 unioni
2992 3237 3300 3294 sancienda:
3327 3254 3548 3309 operam
3573 3243 3667 3298 da-

2095 3335 2237 3380 rent.

2162 3416 2344 3472 Marco
2399 3419 2635 3488 Ephesio
2688 3421 2944 3477 utebatur
3002 3411 3426 3484 familiariSsime
3479 3440 3666 3486 noster

2092 3507 2357 3577 Georgius
2394 3527 2408 3576 ;
2448 3511 2584 3567 duos
2611 3523 2791 3569 autem
2831 3516 3077 3584 ejusdem
3113 3521 3351 3576 nominis
3377 3533 3430 3576 et
3465 3536 3668 3590 cegno-

2093 3601 2257 3656 minis
2283 3603 2474 3658 eodem
2499 3613 2763 3675 tempore,
2794 3623 2914 3662 sum
2928 3625 3012 3663 ma
3039 3610 3324 3679 doctrinm,
3359 3617 3662 3683 przesertim

2091 3710 2220 3748 vero
2269 3696 2630 3768 philosophia:
2658 3698 2748 3754 Pla
2775 3701 2950 3756 onica:
2971 3715 3027 3757 et
3068 3702 3454 3770 Aristotelian,
3510 3708 3668 3763 laude

2090 3786 2360 3850 ﬂoruisse,
2395 3788 2586 3844 iisdem
2619 3793 2812 3846 amicis
2846 3808 3001 3860 usos,
3033 3809 3160 3850 eum
3194 3797 3340 3852 circa
3383 3799 3667 3869 religionis

2092 3883 2364 3949 negotium
2397 3884 2870 3939 vehementissime
2887 3885 3236 3956 dissiderent,
3257 3890 3308 3944 id
3328 3891 3546 3960 quidem
3572 3893 3665 3947 tie-

2093 3970 2136 4023 ri
2181 3972 2264 4026 vix
2298 3973 2537 4042 potuisse
2580 3991 2740 4029 nemo
2781 3992 2890 4031 non
2923 3979 3094 4036 videt.
3115 3979 3185 4034 At
3209 3997 3273 4036 ex
3302 3983 3466 4038 meris
3483 3985 3667 4056 conje-

2091 4062 2263 4118 cturis
2292 4063 2361 4116 ita
2395 4071 2661 4128 statuere,
2692 4073 2754 4120 ut
2788 4066 3193 4141 Caryophyllus
3218 4081 3273 4127 et
3298 4072 3532 4129 Allatius
3585 4074 3666 4131 fe-

2090 4165 2302 4218 cerunt,
2335 4157 2453 4211 sine
2483 4158 2610 4214 ullis
2633 4171 2918 4215 auctorum
2959 4163 3316 4227 testimoniis,
3351 4166 3582 4220 confusa
3616 4176 3668 4220 et

2092 4250 2316 4319 insuper
2402 4251 2588 4306 habita
2667 4263 2972 4323 temporum
3067 4256 3301 4323 ratione,
3369 4257 3666 4313 absurdum

2093 4357 2318 4410 prorsus
2380 4351 2464 4398 est
2524 4352 2578 4398 et
2625 4346 2976 4402 excusatione
3046 4358 3218 4403 caret.
3266 4347 3452 4420 Neque
3495 4350 3664 4412 enim,

475 4431 546 4480 Es
585 4429 652 4481 iis
691 4440 812 4495 quae
844 4438 1007 4492 supra
1051 4422 1300 4491 exposita
1329 4431 1475 4483 sunt,
1506 4419 1860 4475 manifestum
1896 4427 1979 4475 est
2009 4421 2060 4480 D
2088 4441 2145 4486 ιιι
2198 4435 2269 4486 ila
2337 4436 2479 4504 apud
2563 4451 2620 4490 se
2691 4437 2975 4506 haberem,
3051 4419 3376 4511 εωιετῖεηυέ
3436 4443 3666 4498 suadere

401 4520 690 4586 Georgium
718 4515 1058 4571 Scholarium
1084 4512 1385 4581 Philelpho,
1408 4511 1732 4582 Lipomano,
1758 4513 1988 4567 Ambro-

405 4614 488 4664 sio
528 4605 933 4663 Camaldulensi
977 4603 1186 4658 Latinis
1234 4604 1552 4659 hominibus
1598 4605 1990 4675 conjunctissi-

404 4717 573 4763 mmn,
607 4698 814 4753 Grazeis
841 4711 970 4751 vero
1006 4695 1162 4750 Luca:
1185 4693 1425 4760 Notam,
1453 4693 1745 4749 Theodoro
1781 4697 1986 4765 Despo-

405 4804 493 4855 ιω,
549 4800 602 4844 et
651 4790 794 4851 aliis,
836 4789 1084 4844 eumdem
1143 4788 1346 4859 jndicis
1394 4787 1638 4859 primarii
1681 4803 1882 4843 munus
1930 4791 1980 4842 in

405 4885 528 4938 aula
560 4881 787 4938 Joannis
816 4881 1100 4948 Pal-.eologi
1148 4879 1500 4944 sustinuisse,
1545 4876 1879 4934 Florentiam
1929 4881 1979 4935 in

400 4975 644 5038 eiusdem
671 4973 1016 5042 imperatoris
1041 4971 1306 5026 comitatu
1335 4969 1552 5025 venisse
1579 4968 1764 5024 animo
1807 4986 1990 5040 prom-

404 5080 495 5138 pto
526 5079 578 5122 et
624 5066 793 5121 alacri
828 5065 904 5139 ad
955 5062 1357 5133 procurandam
1392 5061 1679 5131 utriusque
1725 5060 1984 5117 Ecclesiae

401 5162 780 5224 concordiam,
827 5159 899 5213 ita
940 5165 1124 5210 tamen
1170 5161 1229 5208 ut
1259 5154 1328 5208 ab
1375 5153 1758 5224 episcoporum
1792 5163 1848 5210 et
1890 5171 1987 5225 pa-

399 5257 655 5309 triarchae
681 5260 816 5307 nutu
850 5248 1131 5321 penderet,
1170 5239 1291 5301 cum
1338 5245 1514 5300 laicus
1549 5247 1690 5301 inter
1723 5261 1820 5301 eos
1850 5263 1978 5302 seu-

399 5345 622 5396 tcltlium
650 5344 832 5397 dicere
864 5355 969 5395 non
1002 5345 1208 5408 posset.
1242 5337 1319 5391 Eo
1342 5335 1598 5392 fortassis
1623 5338 1806 5393 animo
1836 5340 1977 5410 apud

397 5435 786 5503 imperatorem
821 5433 1079 5504 exposuit
1120 5428 1252 5500 quid
1283 5429 1385 5484 sibi
1421 5431 1565 5484 factu
1599 5431 1863 5499 optimum
1899 5434 1974 5486 vi-

396 5529 638 5590 deretur,
669 5536 723 5579 et
746 5527 1034 5581 consilium
1064 5524 1130 5579 de
1159 5520 1541 5592 amplectenda
1575 5521 1775 5576 unione
1803 5522 1974 5582 dedit.

467 5639 543 5710 (l)
570 5639 647 5693 De
688 5657 962 5706 consensu,
990 5656 1042 5710 p.
1070 5639 1226 5694 1522.

466 5715 542 5779 t2)
575 5712 713 5765 Hist.
760 5717 975 5766 C'llClilt
1009 5711 1153 5764 Flor.
1196 5729 1249 5782 p.
1305 5710 1434 5765 263.

2091 4536 2446 4590 conarentur,
2487 4525 2592 4580 alia
2625 4540 2792 4582 causa
2825 4528 2950 4591 fuit,
2983 4545 3146 4599 quam
3191 4530 3336 4600 quod
3369 4529 3662 4600 Georgium

2091 4614 2460 4681 Scholarium,
2494 4619 2585 4686 qui
2625 4617 2944 4673 Florentino
2974 4620 3208 4676 concilio
3239 4635 3363 4676 cum
3403 4637 3664 4692 purpura-

2088 4705 2158 4759 tis
2183 4706 2320 4759 aulre
2351 4704 2974 4778 Constantinopolitano:
3004 4711 3282 4775 interluit,
3317 4728 3381 4766 ex
3456 4727 3664 4768 suaso-

2089 4797 2168 4851 ria
2201 4798 2446 4853 oratione
2476 4815 2581 4869 qua
2608 4799 2872 4857 Joannem
2902 4802 3264 4876 Pola-ologum
3300 4805 3552 4860 hortatus
3583 4817 3663 4857 est

2087 4889 2153 4941 ad
2209 4890 2818 4954 unionem,Catholicis
2874 4893 3247 4963 adjztnxerint,
3281 4911 3441 4964 quem
3509 4893 3661 4950 deiu-

2087 4995 2214 5048 Ceps
2247 4979 2776 5053 Constantinopolim
2829 5001 3109 5041 reversum
3171 5003 3279 5042 non
3333 4999 3660 5057 agnoscmtt.

2087 5068 2242 5124 Tunc
2275 5072 2420 5126 enim
2457 5074 2732 5126 COltll‘aria
2766 5089 2992 5144 prorsus
3015 5077 3256 5132 sensisse
3286 5077 3462 5140 illum,
3499 5080 3663 5132 certis

2086 5165 2426 5230 argumentis
2459 5180 2522 5217 ex
2549 5165 2778 5219 historia
2813 5167 3034 5221 illorum
3077 5177 3384 5238 temporum
3421 5178 3660 5232 constat,

2088 5255 2324 5310 maxime
2356 5271 2485 5310 vero
2513 5259 2732 5327 scriptis
2765 5261 2817 5312 in
2847 5259 3072 5316 Latinos
3103 5260 3508 5325 acerbissimis,
3539 5276 3659 5329 rpite

2087 5357 2196 5401 tam
2219 5349 2520 5418 singulares
2553 5348 2769 5420 Georgii
2800 5352 3067 5407 Scholarii
3091 5355 3334 5409 auctoris
3369 5363 3527 5410 notas
3555 5370 3660 5423 pra:

2086 5458 2144 5497 se
2169 5441 2372 5505 l‘ernnt,
2410 5453 2466 5498 ut
2491 5443 2783 5513 benignam
2806 5445 3009 5500 nullam
3036 5445 3540 5517 interpretationem
3569 5457 3661 5502 aut

2086 5531 2237 5586 falsae
2273 5533 2647 5602 inscriptionis
2704 5535 3125 5591 accusationem
3183 5538 3500 5592 admittant.
3549 5537 3659 5593 lloc

2082 5729 2099 5775 ι
2161 5650 2236 5728 (5)
2273 5647 2388 5702 Rob
2433 5651 2810 5720 (Ireygthonus
2845 5653 2896 5707 in
2922 5633 3138 5708 Prail'at.
3169 5655 3234 5707 ad
3260 5653 3515 5725 Syropuli
3537 5651 3652 5707 His.

2107 5737 2296 5773 Oi‘liliil.

2107 5737 2273 5773 Oi‘lillll
2288 5764 2296 5772 .
