3982 6208
304 296 419 361 269

1865 268 2068 331 VlTA.
3455 256 3559 320 ἓῗῦ

307 425 494 471 autem
527 409 646 465 solo
675 409 998 477 argumento
1033 408 1140 454 tota
1191 393 1588 450 Allatianarum
1635 388 1881 457 disputa-
1913 389 1964 447 Α
1991 381 2212 436 tristitia
2240 380 2424 449 repleti
2453 395 2658 442 sumus,
2685 390 2802 432 cum
2831 381 2898 432 ad
2937 393 3093 432 aures
3144 384 3356 431 nostras
3382 391 3562 444 perre-

309 509 526 563 tionum
558 510 738 556 strues
766 496 973 558 nititur,
1000 501 1108 545 tam
1131 489 1184 542 in
1209 500 1372 555 opere
1399 484 1471 537 De
1498 491 1742 551 perpetuo
1768 495 1889 533 con-

310 613 502 660 ssnsu,
542 606 706 663 quam
745 591 798 644 in
825 586 1066 640 Diatriba
1097 581 1162 634 de
1209 577 1468 648 Georgiis,
1497 585 1551 629 et
1581 575 1633 627 in
1669 571 1889 625 Exerci-

310 689 607 748 tationibus
649 683 898 737 adversus
946 676 1225 729 Robertum
1282 668 1689 739 Creyglttonum.
1737 663 1892 730 Quod

311 787 706 853 argumentum
734 777 879 843 cogit
910 783 1014 823 nos
1043 778 1102 821 ut
1133 767 1198 820 de
1226 764 1331 818 itde
1360 759 1581 831 Georgii
1618 753 1892 810 Scholarii

313 877 435 930 sive
477 865 748 926 Gennadii
795 861 1157 933 quaestionem
1199 854 1577 915 instituamus,
1631 855 1892 915 tanquam

317 963 596 1018 institutae
622 951 983 1024 disputationi
1010 945 1401 1004 necessariam.

392 1051 592 1106 Statim
630 1060 762 1099 vero
816 1039 1100 1096 fatendum
1153 1046 1238 1090 est
1276 1049 1383 1088 non
1429 1031 1588 1099 plane
1627 1034 1890 1081 constare

315 1162 442 1217 qua:
479 1139 771 1196 Florentize
828 1136 974 1190 circa
1025 1130 1285 1186 unionem
1342 1124 1564 1193 Georgii
1621 1118 1892 1175 Scholarii

318 1235 598 1293 sententia
645 1229 810 1285 fuerit
841 1236 1207 1295 praeterquam
1244 1235 1309 1274 ex
1357 1218 1542 1272 citatis
1565 1217 1738 1280 Actis,
1785 1220 1894 1266 act.

316 1328 414 1392 25,
446 1339 569 1392 qua}
610 1337 717 1376 non
749 1317 1073 1389 quibusdam
1126 1312 1292 1382 regiis
1346 1309 1509 1363 codd.
1551 1309 1756 1366 solum,
1800 1303 1895 1359 sed

322 1421 484 1475 libris
509 1415 742 1470 vetustis
769 1408 1124 1466 consentiunt
1160 1414 1446 1472 antequam
1491 1399 1679 1455 Graeca
1712 1397 1898 1451 Romae

323 1511 632 1582 prodirent,
677 1515 843 1574 atque
869 1501 1004 1556 adeo
1041 1498 1296 1553 falsitatis
1331 1503 1426 1548 aut
1456 1490 1904 1560 interpolationis

325 1576 646 1670 suspicione
696 1601 915 1649 vacant.
962 1589 1098 1643 Eum
1156 1587 1302 1641 enim
1359 1578 1788 1637 reconciliandis
1843 1576 1899 1629 in

327 1669 617 1764 pristinam
667 1683 1015 1742 concordiam
1055 1677 1315 1735 Ecclesiis
1369 1675 1571 1728 lavisse
1606 1669 1747 1723 haud
1785 1683 1900 1720 me-

327 1758 614 1846 diocriter,
651 1796 758 1834 non
803 1779 1066 1830 Actorum
1109 1772 1225 1826 sola
1282 1769 1415 1823 ﬁdes
1466 1763 1777 1820 conlirmat.
1826 1758 1901 1812 Ea

332 1882 453 1936 sive
481 1870 893 1942 Xanthopulum
944 1851 1063 1920 sive
1103 1864 1274 1918 alium
1310 1867 1591 1914 auctorem
1632 1854 1890 1917 habeant,

335 1978 599 2042 prirstant
656 1978 790 2021 sane
832 1959 1134 2016 salebrosis
1177 1952 1431 2025 Syropuli
1462 1946 1902 2010 narrationibus,

333 2074 449 2118 tum
485 2059 720 2115 naturali
765 2054 1001 2127 quadam
1048 2047 1404 2116 simplicitate
1455 2052 1510 2100 et
1555 2042 1736 2096 nitore
1781 2054 1910 2094 ora-

330 2155 518 2215 tionis,
556 2165 667 2205 tum
695 2150 858 2204 etiam
897 2160 1077 2201 rerum
1105 2150 1383 2211 gestarum
1422 2137 1653 2192 historia
1691 2149 1810 2203 quae
1839 2131 1908 2186 ab

331 2248 484 2301 Actis
537 2243 748 2297 Latinis
801 2254 927 2293 raro
999 2235 1282 2299 dissentit,
1337 2245 1462 2287 cum
1531 2223 1908 2281 monumentis

334 2334 740 2393 ecclesiasticis
794 2340 1030 2399 utraque
1103 2326 1290 2396 lingua
1367 2319 1733 2380 exstantibus,
1792 2324 1904 2370 tam

329 2429 500 2483 editis
531 2440 694 2495 quam
745 2437 906 2485 mss.,
950 2417 1096 2472 nullo
1138 2414 1356 2485 negotio
1390 2417 1570 2480 potest
1600 2405 1908 2462 conciliari.

333 2525 415 2579 Es
449 2521 664 2572 illorum
700 2523 895 2568 autem—
914 2508 1252 2571 testimonio,
1292 2519 1354 2559 ex
1403 2501 1648 2572 Epistola
1680 2498 1747 2552 ad
1801 2496 1910 2550 Ma-

335 2624 503 2680 gnum
537 2606 730 2660 ducem
765 2610 813 2654 et
847 2601 1017 2654 altera
1050 2598 1114 2652 ad
1147 2593 1498 2650 Ambrosium
1529 2588 1912 2645 Gamaldulen-

339 2715 482 2762 sem,
537 2710 644 2751 non
701 2693 1022 2748 dubitamus
1077 2701 1330 2744 asserere
1383 2683 1730 2744 Scholarium
1786 2696 1909 2734 cum

346 2792 558 2848 Graecis
588 2788 712 2842 aliis
745 2784 1050 2856 praesertim
1089 2780 1408 2851 patriarcha
1441 2775 1681 2844 Josepho
1718 2771 1910 2827 unioni

341 2886 544 2940 favisse
573 2890 627 2938 et
656 2881 1042 2950 imperatorem
1101 2874 1303 2943 scripta
1352 2870 1600 2926 oratione
1632 2869 1913 2922 hortatum

343 2977 536 3041 fuisse,
589 2983 649 3030 ut
703 2974 796 3026 illa
857 2967 1160 3025 secundum
1210 2963 1553 3036 propositam
1591 2958 1916 3014 aPontilice

1994 474 2090 538 ait,
2125 482 2175 527 te
2201 489 2409 526 rursum
2452 473 2682 526 alterata
2730 471 2867 540 [acie
2921 471 3213 540 pugnantia
3263 479 3437 523 tenere
3488 470 3565 522 lo-

1994 567 2185 635 quique
2208 574 2258 617 et
2292 581 2408 618 cum
2459 565 2704 632 pessimis
2747 566 3030 619 ceconomis
3068 580 3174 616 una
3206 563 3468 632 conﬂuere
3499 563 3565 615 ad

1991 655 2334 724 procuranda
2368 657 2540 710 media
2579 657 2794 710 unionis
2829 663 2879 708 et
2903 656 3292 724 dispositionis.
3329 655 3406 709 lla
3448 671 3566 707 vcr-

1997 749 2062 803 tit
2091 749 2360 813 Allatius;
2399 750 2595 803 melius
2641 748 2898 813 dixisset,
2933 749 3002 800 ad
3039 747 3212 802 media
3241 749 3483 818 qtta’dam
3515 758 3565 801 et

1997 826 2414 908 temperamento
2435 854 2453 898 ;
2477 839 2530 892 id
2562 839 2732 901 enim,
2771 849 2829 890 ut
2855 854 2919 892 ex
2952 839 3102 892 Actis
3134 849 3366 900 constat,
3417 849 3567 891 sata-

1997 931 2196 1000 gebant
2227 932 2529 998 imperator
2569 943 2620 984 et
2672 930 3004 1000 patriarcha,
3051 929 3364 994 Bcssarion,
3400 930 3569 983 Isido-

1992 1038 2096 1081 rus
2127 1033 2181 1077 et
2205 1023 2580 1092 alii,quorum
2620 1023 2672 1076 in
2703 1037 2935 1076 numero
2972 1034 3103 1076 tunc
3146 1029 3265 1075 erat
3301 1020 3569 1089 Georgius

2003 1118 2339 1182 Scholarius,
2371 1125 2430 1171 ut
2449 1117 2597 1172 salva
2624 1117 2896 1182 doctrina,
2930 1118 3248 1186 integraque
3279 1114 3570 1184 disciplina

2001 1225 2140 1279 quas
2171 1225 2202 1264 a
2244 1209 2548 1279 majoribus
2597 1217 2950 1278 acceperant,
2983 1207 3280 1263 concordia
3314 1222 3437 1262 cum
3469 1204 3573 1258 La-

2006 1303 2135 1356 tinis
2157 1303 2507 1358 coalesceret.

2075 1416 2231 1482 Quod
2262 1431 2393 1471 vero
2419 1418 2687 1486 synodum
2721 1416 3092 1473 Florentinam
3118 1416 3364 1486 designet
3395 1417 3573 1485 Ephe-

2005 1507 2141 1573 sius,
2184 1510 2421 1578 probant
2483 1510 2876 1578 subsequentia
2919 1508 3172 1578 Epistola:
3209 1510 3372 1564 verba
3429 1510 3572 1562 Ἀλλ’

2005 1601 2150 1669 ἐρεῖς
2190 1602 2321 1664 ἴσως
2348 1601 2422 1664 ὡς
2463 1602 2562 1654 οὐκ
2608 1603 2702 1654 ἐπὶ
2757 1602 3019 1654 τάναντία
3067 1601 3292 1669 γέγονεν
3328 1603 3360 1670 ἡ
3409 1603 3576 1670 μετά--

2007 1691 2178 1754 Θεσις,
2217 1692 2492 1764 μεσότητα
2537 1693 2594 1746 δέ
2641 1709 2766 1746 τινα
2801 1694 2893 1746 καὶ
2943 1693 3258 1762 οἰκονομίαν
3312 1710 3578 1764 περισκο-

2009 1783 2218 1852 ποΰμεν
2243 1799 2256 1813 ·
2286 1784 2538 1836 οὐδέποτε
2572 1784 2658 1837 διὰ
2710 1786 3026 1854 μεσότητος,
3062 1786 3340 1856 ἄνθρωπε,
3374 1787 3442 1838 τὰ
3493 1788 3583 1839 ὲκ-

2009 1876 2374 1946 κλησιαστικὰ
2403 1877 2687 1948 διωρθώθη
2711 1896 2724 1910 ο
2752 1880 2916 1948 μέσον
2942 1879 3200 1950 ἀληθείας
3235 1881 3330 1933 καὶ
3355 1879 3583 1949 ψεύδους

2008 1966 2160 2019 οὐδέν
2188 1968 2357 2023 ἐστιν.
2386 1966 2599 2021 Forsan
2631 1985 2833 2025 asseres
2865 1987 2971 2025 non
3011 1972 3066 2024 in
3102 1973 3371 2024 contraria
3409 1981 3582 2023 nmta-

2012 2055 2204 2110 tionem
2237 2057 2460 2126 factam,
2502 2061 2729 2112 medium
2763 2077 2881 2114 vero
2937 2062 3205 2129 quoddam
3240 2072 3289 2113 et
3322 2069 3583 2129 tempera-

2012 2157 2244 2202 mentum
2286 2149 2688 2221 inrestigamus.
2724 2150 3030 2219 Nusquam,
3082 2153 3154 2205 mi
3206 2154 3379 2216 homo,
3437 2153 3585 2219 ejus-

2012 2242 2158 2294 modi
2187 2241 2373 2296 mediis
2423 2259 2505 2297 res
2557 2244 2932 2298 ecclesiastica:
2971 2246 3025 2298 in
3056 2245 3244 2298 melius
3279 2245 3587 2312 reformata:

2011 2343 2174 2389 sunt:
2206 2333 2434 2387 medium
2490 2337 2628 2389 inter
2678 2337 2950 2390 veritatem
2997 2348 3045 2390 et
3098 2337 3430 2390 mendacium
3463 2337 3586 2389 nul-

2011 2425 2121 2478 lum
2152 2435 2250 2481 est.
2283 2425 2431 2482 Citat
2463 2429 2628 2481 verba
2671 2429 2921 2498 Gregorii
2959 2429 3218 2499 'l‘hcologi
3266 2435 3330 2484 de
3360 2432 3584 2500 syno.lis

2015 2519 2366 2585 Arianorum,
2400 2521 2792 2590 quas-Caiphae
2837 2523 3135 2575 concilium
3194 2526 3452 2583 vocabat,
3493 2526 3582 2576 uhi

2015 2611 2268 2666 Christus
2295 2613 2697 2668 condemnatus
2731 2626 2898 2678 esset,
2951 2631 3074 2668 mox
3110 2615 3257 2668 addit
3288 2635 3301 2669 :
3337 2612 3461 2684 Ἆρ’
3521 2617 3585 2669 οὐ

2016 2707 2284 2773 προσήκει
2313 2705 2488 2759 ταῦτα
2528 2708 2592 2776 τῇ
2626 2705 2719 2758 νῦν
2747 2709 2998 2778 ἡμετέρᾳ
3041 2709 3241 2778 συνόδῳ
3268 2726 3282 2740 ·
3323 2711 3413 2760 καὶ
3447 2710 3588 2762 πάνυ

2019 2796 2118 2866 μὲν
2149 2796 2263 2861 οὖν,
2324 2797 2490 2866 φαίην
2539 2800 2602 2852 ἂν
2668 2798 2865 2867 ἔγωγε.
2956 2800 3020 2854 Ει
3061 2802 3197 2855 infra
3235 2819 3249 2855 :
3286 2802 3390 2855 Kal.
3449 2805 3593 2855 ἱστὶν

2019 2890 2263 2960 ἀράχνης
2321 2891 2632 2960 ὑφαίνουσι,
2675 2893 2763 2944 καὶ
2825 2892 2996 2955 ὅντως
3061 2894 3206 2956 ἱστὸς
3267 2895 3513 2964 ἀράχνης
3569 2899 3598 2947 ὁ

2022 2985 2154 3054 παρ’
2193 2983 2374 3036 αὐτῶν
2411 2985 2687 3048 συντεθεὶς
2723 2987 2812 3038 καὶ
2857 2987 3182 3054 ὀνομασθείς
3219 2989 3362 3055 ἔρος.
3406 2986 3598 3041 Nonne

343 3070 594 3123 Romano
665 3063 1006 3121 deﬁnitionis
1087 3057 1431 3149 form“13m_
1467 3060 1915 3149 οοωῐξοηξῖτθίυτ·
1946 3070 1990 3128 C
2025 3076 2135 3130 lta’c
2160 3077 2475 3130 conveniunt
2520 3077 2645 3129 huic
2700 3094 2839 3131 nunc
2892 3089 3222 3147 congregata:
3270 3089 3462 3134 nostra:
3518 3099 3600 3149 sy-

342 3163 639 3218 Orationes
665 3168 846 3212 tamen
883 3154 1006 3209 illas
1049 3151 1355 3207 secundum
1392 3144 1747 3217 Garyophylli
1792 3158 1918 3197 sen-

342 3257 573 3310 tentiam
634 3260 734 3304 aut
789 3247 992 3309 falsas,
1047 3251 1143 3298 aut
1204 3239 1498 3296 admodum
1554 3236 1919 3307 interpolatas

344 3364 494 3410 esse,
520 3361 627 3400 non
663 3340 937 3398 immerito
966 3336 1336 3406 suspicamur.
1375 3329 1511 3386 Nam
1548 3329 1603 3383 in
1636 3329 1919 3399 plerisque

344 3437 753 3508 exemplaribus
783 3430 988 3487 mentio
1025 3435 1200 3498 captaa
1235 3425 1388 3480 urbis
1410 3421 1783 3485 interseritur,
1818 3435 1920 3474 cu-

343 3537 434 3606 jus
463 3533 649 3589 clades
671 3544 792 3584 cum
839 3523 1058 3581 nonnisi
1095 3533 1214 3592 post
1246 3533 1424 3573 annos
1459 3515 1748 3572 duodecim
1786 3529 1920 3568 con-

345 3603 534 3682 secuta
581 3625 676 3686 sit,
733 3622 912 3674 locum
972 3615 1083 3670 illic
1141 3627 1250 3668 non
1320 3608 1580 3665 habebat.
1639 3606 1719 3660 Ita
1755 3603 1917 3660 etiam

346 3718 584 3774 suadent
617 3715 722 3768 alia
776 3727 884 3766 non
935 3721 1132 3777 pauca,
1186 3719 1308 3774 quae
1356 3702 1411 3755 in
1457 3700 1543 3755 bis
1578 3696 1922 3752 orationibus

347 3827 376 3866 a
406 3808 537 3863 viris
568 3804 750 3860 doctis
775 3804 1066 3858 observata
1107 3802 1257 3852 sunt.
1309 3793 1422 3847 Hac
1469 3790 1764 3846 occasione
1798 3803 1923 3856 pro-

346 3899 626 3975 pensioris
661 3899 713 3952 in
743 3894 966 3950 Latinos
1006 3888 1173 3944 animi
1227 3887 1442 3939 videtur
1493 3881 1711 3936 Marcus
1740 3879 1923 3947 Ephe-

347 3973 492 4062 sius,
549 3989 858 4047 arctissima
904 4000 1034 4039 .eum
1073 3978 1360 4036 Scholario
1409 3973 1652 4030 amicitia
1693 3975 1926 4040 conjun-

350 4097 500 4152 ctus,
545 4081 835 4151 scripsisse
880 4076 946 4130 ad
979 4073 1133 4128 illum
1213 4067 1523 4138 epistolam,
1561 4078 1724 4133 quam
1755 4063 1926 4116 edidit

351 4177 612 4238 Allatius,
659 4169 1123 4227 communicatam
1160 4178 1190 4217 a
1231 4163 1351 4218 viro
1400 4159 1471 4214 cl.
1538 4154 1787 4211 Etnerico
1835 4152 1929 4207 Bi-

353 4271 528 4344 gotio,
568 4267 660 4338 qui
697 4279 818 4319 eam
857 4277 924 4316 ex
964 4257 1342 4314 Ambrosiame
1372 4252 1630 4306 Biblioth.
1664 4246 1929 4304 Mediola-

355 4343 547 4420 nensis
578 4358 706 4414 cod.
755 4354 1144 4420 descripserat,
1193 4356 1246 4401 et
1295 4361 1457 4410 quam
1514 4343 1927 4412 integerrimam

355 4453 502 4508 nacti
570 4462 763 4505 sumus
825 4446 881 4498 in
940 4442 1152 4510 optimo
1221 4437 1413 4492 codice
1484 4449 1587 4487 ms.

356 4549 495 4616 Reg.
525 4544 601 4615 (l)
637 4557 652 4597 :
686 4540 862 4608 Ὅσης
901 4536 1044 4606 ἡμᾶς
1073 4529 1383 4600 ἐνέπλησας
1415 4524 1614 4597 ήδονῆς
1645 4523 1808 4596 ἡνίκα
1830 4525 1929 4591 τῆς

355 4638 530 4710 ὀρθῆς
562 4636 799 4692 πίστεως
833 4630 1044 4697 ἐγένου,
1076 4625 1170 4678 καὶ
1223 4620 1318 4674 τοῦ
1376 4617 1641 4680 εὐσεϐοῦς
1703 4617 1800 4670 καὶ
1823 4633 1930 4669 πα-

359 4709 518 4802 τρίου
571 4728 941 4799 φρονήματος,
986 4722 1081 4772 καὶ
1133 4721 1199 4789 τῇ
1256 4711 1724 4784 καταδικασθείσῃ
1780 4709 1937 4780 παρὰ

359 4826 474 4878 τῶν
498 4823 698 4876 ἀδίκων
727 4813 926 4888 κριτῶν
959 4811 1344 4880 συνηγόρησας
1373 4805 1626 4874 ἀληθείᾳ,
1667 4803 1939 4870 τοσαύτης

361 4920 430 4969 ἐκ
458 4915 552 4967 τοῦ
581 4912 825 4966 ἐναντίου
849 4906 1025 4976 λύπης
1052 4903 1148 4956 καὶ⁸
1169 4900 1474 4968 κατηφείας
1499 4899 1584 4948 ὲνε
1598 4894 1879 4965 πλήσοημε
1891 4911 1933 4957 ν,

361 5006 703 5064 ἀκούσαντες
768 4994 1122 5070 μεταθεῖσοαί
1181 5007 1242 5045 σε
1299 4991 1462 5043 πάλιν
1521 4989 1616 5040 καὶ
1670 4983 1936 5038 τάναντία

365 5117 403 5166 φ
415 5098 587 5168 ρονείν
603 5111 662 5145 τε
689 5093 783 5144 καὶ
803 5090 1006 5155 λέγειν,
1028 5085 1125 5137 καὶ
1147 5085 1259 5144 τοῖς
1285 5082 1476 5142 κακοῖς
1492 5076 1794 5166 οἰκονόμοις
1815 5089 1943 5125 συν-

366 5192 590 5260 τρέχει)
634 5185 726 5238 ἐπὶ
751 5184 846 5244 τὰς
881 5178 1186 5248 μεσότητας
1217 5175 1314 5226 καὶ
1355 5165 1673 5236 οἰκονομίας
1703 5184 1718 5198 ο
1755 5165 1940 5230 Quatt-

370 5259 482 5335 tum
514 5275 798 5344 voluptatis
829 5281 877 5325 et
903 5269 1102 5323 laetitia:
1140 5265 1290 5318 nobis
1323 5259 1574 5321 attulisti,
1597 5272 1714 5308 cum
1745 5263 1937 5306 rectam

371 5377 550 5443 ﬁdem,
584 5381 630 5424 et
662 5369 802 5436 piam
831 5364 1166 5431 patriamque
1182 5356 1492 5410 sententiam
1523 5349 1852 5417 amplexatus
1891 5362 1942 5398 es

370 5440 421 5521 et
454 5464 813 5517 condemnata:
849 5459 911 5508 ab
951 5452 1160 5520 injustis
1184 5440 1733 5518 judicibus,ueritatis
1764 5449 1945 5506 patro-

373 5558 573 5612 cinium
618 5548 924 5616 suscepisti;
959 5553 1163 5598 tantum
1223 5557 1250 5592 e
1308 5534 1581 5590 contrario
1627 5545 1849 5584 maerore
1898 5537 1944 5580 et

454 5735 534 5802 (l)
566 5733 795 5787 Allatius
831 5729 883 5783 in
923 5722 1204 5794 Creygtlr,
1234 5736 1285 5790 p.
1330 5717 1415 5772 88.

1669 4432 1925 4486 biblioth.
1961 4427 2006 4483 D

2027 3173 2187 3231 nodo,
2221 3178 2270 3222 et
2305 3169 2521 3221 omnino
2553 3185 2680 3222 sane
2735 3186 2849 3222 mea
2886 3169 3096 3239 quidem
3134 3174 3469 3227 sententia...
3505 3173 3600 3226 Tc-

2028 3262 2133 3315 lam
2167 3278 2490 3315 aranearum
2528 3271 2752 3326 texunt;
2789 3279 2906 3316 vere
2948 3263 3086 3315 enim
3115 3280 3328 3317 aranea:
3365 3265 3466 3317 tela
3499 3275 3600 3330 est,

2027 3357 2315 3423 composita
2344 3363 2394 3407 et
2444 3354 2508 3407 ab
2555 3356 2680 3423 ipsis
2733 3356 3008 3410 nominata
3043 3357 3307 3426 de/initio.
3343 3356 3603 3412 Hortatur

2029 3446 2215 3517 fugi-re
2271 3446 2569 3502 Sodomam
2631 3456 2684 3502 et
2755 3449 3122 3503 Gomorrham
3174 3467 3188 3508 :
3241 3453 3603 3520 reprehendit

2031 3540 2174 3608 quod
2207 3539 2492 3610 dignitatis
2527 3551 2580 3594 et
2619 3541 2936 3594 divitiarum
2999 3558 3172 3608 amor,
3217 3554 3267 3597 ct
3297 3546 3402 3597 alia
3448 3561 3604 3597 ninn-

2029 3632 2172 3686 dana
2207 3633 2494 3689 commoda
2551 3649 2677 3688 eum
2735 3636 3309 3704 pcrverteriut,jnl.et
3366 3637 3607 3705 cogitare

2031 3742 2194 3796 quam
2226 3725 2335 3780 cito
2374 3726 2533 3780 finem
2567 3735 2858 3796 acceptura
2914 3728 3026 3782 sint
3054 3739 3107 3783 et
3139 3729 3408 3797 judicium
3463 3733 3601 3785 sub-

2032 3819 2295 3873 eundum.
2339 3821 2550 3889 Ὥσπερ
2601 3818 3021 3888 ἡψευδώνυμος
3089 3821 3304 3883 σύνοδος
3368 3823 3606 3888 ἀπαιτῇ·

2033 3929 2187 3964 σεται
2225 3913 2285 3964 τὸ
2317 3905 2456 3981 αἷμα
2493 3913 2603 3964 τῶν
2635 3913 3028 3981 ἀπολλυμένων
3063 3914 3274 3983 ψυχῶν,
3302 3914 3409 3965 τῶν
3448 3931 3606 3966 exav-

2031 4001 2392 4058 δαλισοέντων
2432 4005 2526 4057 ἐπὶ
2578 4004 2658 4074 τῷ
2711 4005 3000 4075 μυστηρίῳ
3054 4009 3153 4070 τῆς
3200 4006 3461 4070 πίστεως,
3499 4009 3608 4057 τῶν

2033 4095 2130 4164 τὴν
2169 4095 2443 4165 ἀφόρητον
2493 4095 2844 4165 βλασφημίαν
2898 4099 2993 4149 καὶ
3034 4098 3426 4166 ἀσυγχώρητον
3485 4102 3609 4158 ταῖς

2034 4187 2236 4257 ψυχαῖς
2268 4187 2684 4256 ὑποδεξαμένων
2716 4188 2814 4257 τὴν
2855 4189 2998 4240 κατὰ
3030 4188 3122 4239 τοῦ
3159 4189 3318 4254 ἁγίου
3353 4190 3606 4255 Πνεῦμα-

2036 4296 2149 4343 τος,
2185 4279 2278 4332 καὶ
2309 4279 2390 4342 εἰς
2443 4278 2536 4331 δύο
2587 4278 2910 4348 τολμώντων
2953 4279 3127 4346 ἀρχὰς
3178 4279 3475 4346 ἀναφέρειν
3510 4278 3608 4348 τὴν

2037 4371 2199 4425 αὑτοῦ
2239 4371 2499 4442 ὓπαρξιν,
2545 4370 2654 4422 τῶν
2702 4369 3054 4440 ὑπαχθέντων
3083 4371 3193 4432 τοῖς
3223 4369 3484 4437 ἀθέσμοις
3516 4371 3610 4422 καὶ

2038 4465 2347 4526 Λατινικοῖς
2396 4461 2574 4515 ἔθεσιν
2611 4478 2626 4516 :
2661 4460 2729 4516 Ut
2779 4464 2939 4515 etiam
2981 4461 3411 4531 pseudosynodus
3446 4463 3614 4515 ratio-

2042 4574 2158 4613 nem
2207 4555 2424 4609 reddere
2473 4565 2692 4625 cogetur
2729 4556 3006 4625 sanguinis
3039 4557 3366 4625 pereuntium
3402 4558 3614 4608 anima-

2044 4667 2182 4715 rum,
2214 4665 2393 4702 eorum
2430 4648 2521 4717 qui
2555 4647 2912 4701 scandalizati
2939 4649 3152 4715 {uerunt
3180 4650 3234 4700 in
3273 4649 3520 4718 mysterio
3552 4649 3618 4716 ﬁ-

2045 4741 2257 4810 dei,qui
2281 4739 2667 4793 intolerabilem
2701 4738 3082 4808 blasphemiam
3113 4751 3161 4792 et
3199 4740 3616 4793 irremissibilem

2047 4843 2232 4887 contra
2276 4832 2535 4902 Spiritum
2596 4843 2838 4886 sanctum
2880 4831 3273 4900 amplexisunt,
3303 4833 3490 4900 quique
3519 4847 3618 4881 an-

2045 4927 2165 4979 dent
2194 4928 2261 4979 ad
2282 4930 2388 4979 duo
2418 4927 2681 4995 principia
2705 4925 2820 4994 ejus
2854 4925 3250 4979 subsistentiam
3280 4925 3492 4992 referre,
3526 4923 3615 4989 qui

2044 5019 2331 5088 illegitimis
2352 5018 2666 5073 Latinorum
2687 5017 2879 5074 ritibus
2900 5019 3091 5073 abduci
3119 5035 3172 5072 se
3195 5018 3341 5085 passi
3366 5025 3505 5067 sunt.

2119 5155 2266 5207 lianc
2310 5154 2607 5224 Epistolam
2637 5153 2925 5209 Florentiae
2953 5156 3212 5222 scriptam
3239 5149 3480 5220 Oportuit
3505 5158 3617 5200 sta-

2051 5248 2147 5298 titn
2183 5257 2346 5314 atque
2380 5244 2705 5300 Scholarius
2730 5247 3035 5300 oralionem
3067 5247 3215 5299 illam
3248 5240 3614 5300 exhibuisset,

2051 5338 2212 5407 cujus
2245 5340 2296 5390 in
2330 5340 2468 5392 actis
2497 5339 2703 5394 Grascis
2740 5341 2943 5394 mentio
2979 5347 3084 5402 est,
3118 5337 3198 5390 vel
3226 5335 3418 5389 saltem
3454 5333 3618 5402 paulo

2055 5443 2342 5500 pusutuam
2392 5432 2909 5502 Constantinopolin
2961 5430 3133 5484 Graeci
3171 5427 3470 5481 redierunt.
3513 5423 3622 5477 Nc-

2055 5539 2157 5593 quc
2197 5525 2426 5578 interest
2479 5524 2621 5594 quod
2663 5534 2889 5593 uterque
2921 5520 3188 5592 Ephesius
3217 5529 3268 5576 ct
3304 5516 3625 5576 Scholarius
