  <div class='ocr_page' id='page_1' title='image "/cluster/home/n/w/nwhite01/storage/ocr_20150623/160/hvd.32044073502692/143.png"; bbox 0 0 3982 6208; ppageno 0'>
   <div class='ocr_carea' id='block_1_1' title="bbox 346 222 459 289">
    <p class='ocr_par' dir='ltr' id='par_1_1' title="bbox 346 222 459 289">
     <span class='ocr_line' id='line_1_1' title="bbox 346 222 459 289; baseline 0.044 -5"><span class='ocrx_word' id='word_1_1' title='bbox 346 222 459 289; x_wconf 66' lang='grc'><strong>2⁷1</strong></span> 
     </span>
    </p>
   </div>
   <div class='ocr_carea' id='block_1_2' title="bbox 1410 221 2498 284">
    <p class='ocr_par' dir='ltr' id='par_1_2' title="bbox 1410 221 2498 284">
     <span class='ocr_line' id='line_1_2' title="bbox 1410 221 2498 284; baseline 0.006 -6"><span class='ocrx_word' id='word_1_2' title='bbox 1410 221 1795 280; x_wconf 84' lang='lat' dir='ltr'><strong>GENNADll</strong></span> <span class='ocrx_word' id='word_1_3' title='bbox 1834 223 1941 281; x_wconf 73' lang='lat' dir='ltr'><strong>GP.</strong></span> <span class='ocrx_word' id='word_1_4' title='bbox 1974 224 2202 282; x_wconf 73' lang='lat' dir='ltr'><strong>PATHI</strong></span> <span class='ocrx_word' id='word_1_5' title='bbox 2218 226 2498 284; x_wconf 54' lang='lat' dir='ltr'><strong>ARCHJE</strong></span> 
     </span>
    </p>
   </div>
   <div class='ocr_carea' id='block_1_3' title="bbox 3525 238 3633 299">
    <p class='ocr_par' dir='ltr' id='par_1_3' title="bbox 3525 238 3633 299">
     <span class='ocr_line' id='line_1_3' title="bbox 3525 238 3633 299; baseline 0 0"><span class='ocrx_word' id='word_1_6' title='bbox 3525 238 3633 299; x_wconf 68' lang='lat'><strong>972</strong></span> 
     </span>
    </p>
   </div>
   <div class='ocr_carea' id='block_1_4' title="bbox 363 333 3631 410">
    <p class='ocr_par' dir='ltr' id='par_1_4' title="bbox 363 333 3631 410">
     <span class='ocr_line' id='line_1_4' title="bbox 363 333 3631 410; baseline 0 -10"><span class='ocrx_word' id='word_1_7' title='bbox 363 342 656 400; x_wconf 78' lang='lat' dir='ltr'><strong>Florentiae</strong></span> <span class='ocrx_word' id='word_1_8' title='bbox 710 336 877 396; x_wconf 80' lang='lat' dir='ltr'><strong>simul</strong></span> <span class='ocrx_word' id='word_1_9' title='bbox 906 342 1116 394; x_wconf 90' lang='lat' dir='ltr'><strong>essent.</strong></span> <span class='ocrx_word' id='word_1_10' title='bbox 1167 334 1273 391; x_wconf 85' lang='lat' dir='ltr'><strong>Sed</strong></span> <span class='ocrx_word' id='word_1_11' title='bbox 1314 333 1610 406; x_wconf 83' lang='lat' dir='ltr'><strong>Ephesium</strong></span> <span class='ocrx_word' id='word_1_12' title='bbox 1643 333 2020 402; x_wconf 71' lang='lat' dir='ltr'><strong>verisimileA</strong></span> <span class='ocrx_word' id='word_1_13' title='bbox 2049 338 2259 394; x_wconf 71' lang='lat' dir='ltr'><strong>cicadae</strong></span> <span class='ocrx_word' id='word_1_14' title='bbox 2288 341 2562 397; x_wconf 87' lang='lat' dir='ltr'><strong>sententia</strong></span> <span class='ocrx_word' id='word_1_15' title='bbox 2607 340 2786 397; x_wconf 84' lang='lat' dir='ltr'><strong>fuisse</strong></span> <span class='ocrx_word' id='word_1_16' title='bbox 2845 342 3206 410; x_wconf 78' lang='lat' dir='ltr'><strong>existimavit,</strong></span> <span class='ocrx_word' id='word_1_17' title='bbox 3263 360 3373 400; x_wconf 89' lang='lat' dir='ltr'><strong>non</strong></span> <span class='ocrx_word' id='word_1_18' title='bbox 3431 349 3631 402; x_wconf 84' lang='lat' dir='ltr'><strong>mirum</strong></span> 
     </span>
    </p>
   </div>
   <div class='ocr_carea' id='block_1_5' title="bbox 357 427 1944 508">
    <p class='ocr_par' dir='ltr' id='par_1_5' title="bbox 357 427 1944 508">
     <span class='ocr_line' id='line_1_5' title="bbox 357 427 1944 508; baseline -0.009 -15"><span class='ocrx_word' id='word_1_19' title='bbox 357 450 442 495; x_wconf 88' lang='lat' dir='ltr'><strong>est</strong></span> <span class='ocrx_word' id='word_1_20' title='bbox 503 453 612 508; x_wconf 87' lang='lat' dir='ltr'><strong>quo</strong></span> <span class='ocrx_word' id='word_1_21' title='bbox 664 435 787 504; x_wconf 83' lang='lat' dir='ltr'><strong>plus</strong></span> <span class='ocrx_word' id='word_1_22' title='bbox 826 432 1057 486; x_wconf 90' lang='lat' dir='ltr'><strong>haberet</strong></span> <span class='ocrx_word' id='word_1_23' title='bbox 1097 429 1358 500; x_wconf 87' lang='lat' dir='ltr'><strong>ponderis</strong></span> <span class='ocrx_word' id='word_1_24' title='bbox 1387 427 1508 498; x_wconf 88' lang='lat' dir='ltr'><strong>ejus</strong></span> <span class='ocrx_word' id='word_1_25' title='bbox 1558 428 1739 483; x_wconf 85' lang='lat' dir='ltr'><strong>oratio</strong></span> <span class='ocrx_word' id='word_1_26' title='bbox 1764 465 1781 492; x_wconf 69' lang='grc' dir='ltr'><strong>ν</strong></span> <span class='ocrx_word' id='word_1_27' title='bbox 1822 442 1944 482; x_wconf 89' lang='lat' dir='ltr'><strong>eam</strong></span> 
     </span>
    </p>
   </div>
   <div class='ocr_carea' id='block_1_6' title="bbox 357 521 1948 601">
    <p class='ocr_par' dir='ltr' id='par_1_6' title="bbox 357 521 1948 601">
     <span class='ocr_line' id='line_1_6' title="bbox 357 521 1948 601; baseline -0.008 -14"><span class='ocrx_word' id='word_1_28' title='bbox 357 534 560 601; x_wconf 85' lang='lat' dir='ltr'><strong>scripto</strong></span> <span class='ocrx_word' id='word_1_29' title='bbox 594 524 1093 596; x_wconf 81' lang='lat' dir='ltr'><strong>comprehendisse.</strong></span> <span class='ocrx_word' id='word_1_30' title='bbox 1126 522 1274 577; x_wconf 83' lang='lat' dir='ltr'><strong>Sane</strong></span> <span class='ocrx_word' id='word_1_31' title='bbox 1311 530 1423 578; x_wconf 89' lang='lat' dir='ltr'><strong>tam</strong></span> <span class='ocrx_word' id='word_1_32' title='bbox 1469 521 1759 592; x_wconf 85' lang='lat' dir='ltr'><strong>perspicue</strong></span> <span class='ocrx_word' id='word_1_33' title='bbox 1785 534 1948 591; x_wconf 87' lang='lat' dir='ltr'><strong>syno-</strong></span> 
     </span>
    </p>
   </div>
   <div class='ocr_carea' id='block_1_7' title="bbox 332 614 1945 685">
    <p class='ocr_par' dir='ltr' id='par_1_7' title="bbox 332 614 1945 685">
     <span class='ocr_line' id='line_1_7' title="bbox 332 614 1945 685; baseline -0.006 -7"><span class='ocrx_word' id='word_1_34' title='bbox 332 624 496 678; x_wconf 90' lang='lat' dir='ltr'><strong>dum</strong></span> <span class='ocrx_word' id='word_1_35' title='bbox 549 618 925 676; x_wconf 88' lang='lat' dir='ltr'><strong>Florentinam</strong></span> <span class='ocrx_word' id='word_1_36' title='bbox 968 615 1246 685; x_wconf 76' lang='lat' dir='ltr'><strong>designat,</strong></span> <span class='ocrx_word' id='word_1_37' title='bbox 1299 622 1359 670; x_wconf 92' lang='lat' dir='ltr'><strong>ut</strong></span> <span class='ocrx_word' id='word_1_38' title='bbox 1403 615 1638 670; x_wconf 79' lang='lat' dir='ltr'><strong>Allatius</strong></span> <span class='ocrx_word' id='word_1_39' title='bbox 1676 614 1816 683; x_wconf 89' lang='lat' dir='ltr'><strong>ipse,</strong></span> <span class='ocrx_word' id='word_1_40' title='bbox 1848 614 1945 684; x_wconf 90' lang='lat' dir='ltr'><strong>qui</strong></span> 
     </span>
    </p>
   </div>
   <div class='ocr_carea' id='block_1_8' title="bbox 367 707 1948 783">
    <p class='ocr_par' dir='ltr' id='par_1_8' title="bbox 367 707 1948 783">
     <span class='ocr_line' id='line_1_8' title="bbox 367 707 1948 783; baseline -0.004 -14"><span class='ocrx_word' id='word_1_41' title='bbox 367 715 542 769; x_wconf 83' lang='lat' dir='ltr'><strong>nodos</strong></span> <span class='ocrx_word' id='word_1_42' title='bbox 572 710 844 783; x_wconf 78' lang='lat' dir='ltr'><strong>ejusmodi</strong></span> <span class='ocrx_word' id='word_1_43' title='bbox 880 710 1084 780; x_wconf 82' lang='lat' dir='ltr'><strong>sacpius</strong></span> <span class='ocrx_word' id='word_1_44' title='bbox 1113 707 1431 764; x_wconf 86' lang='lat' dir='ltr'><strong>rescindere</strong></span> <span class='ocrx_word' id='word_1_45' title='bbox 1468 722 1634 779; x_wconf 88' lang='lat' dir='ltr'><strong>quam</strong></span> <span class='ocrx_word' id='word_1_46' title='bbox 1671 707 1948 777; x_wconf 77' lang='lat' dir='ltr'><strong>explicare</strong></span> 
     </span>
    </p>
   </div>
   <div class='ocr_carea' id='block_1_9' title="bbox 358 800 1947 876">
    <p class='ocr_par' dir='ltr' id='par_1_9' title="bbox 358 800 1947 876">
     <span class='ocr_line' id='line_1_9' title="bbox 358 800 1947 876; baseline -0.006 -12"><span class='ocrx_word' id='word_1_47' title='bbox 358 810 519 873; x_wconf 83' lang='lat' dir='ltr'><strong>solet,</strong></span> <span class='ocrx_word' id='word_1_48' title='bbox 555 819 751 876; x_wconf 82' lang='lat' dir='ltr'><strong>aquam</strong></span> <span class='ocrx_word' id='word_1_49' title='bbox 787 803 893 859; x_wconf 89' lang='lat' dir='ltr'><strong>sibi</strong></span> <span class='ocrx_word' id='word_1_50' title='bbox 928 804 1133 857; x_wconf 66' lang='lat' dir='ltr'><strong>haerere</strong></span> <span class='ocrx_word' id='word_1_51' title='bbox 1180 816 1288 856; x_wconf 92' lang='lat' dir='ltr'><strong>non</strong></span> <span class='ocrx_word' id='word_1_52' title='bbox 1357 800 1672 864; x_wconf 78' lang='lat' dir='ltr'><strong>dililteatur,</strong></span> <span class='ocrx_word' id='word_1_53' title='bbox 1721 802 1815 855; x_wconf 86' lang='lat' dir='ltr'><strong>sed</strong></span> <span class='ocrx_word' id='word_1_54' title='bbox 1858 814 1947 855; x_wconf 86' lang='lat' dir='ltr'><strong>re-</strong></span> 
     </span>
    </p>
   </div>
   <div class='ocr_carea' id='block_1_10' title="bbox 360 891 1942 955">
    <p class='ocr_par' dir='ltr' id='par_1_10' title="bbox 360 891 1942 955">
     <span class='ocr_line' id='line_1_10' title="bbox 360 891 1942 955; baseline -0.006 0"><span class='ocrx_word' id='word_1_55' title='bbox 360 900 536 955; x_wconf 86' lang='lat' dir='ltr'><strong>currit.</strong></span> <span class='ocrx_word' id='word_1_56' title='bbox 570 898 636 952; x_wconf 91' lang='lat' dir='ltr'><strong>ad</strong></span> <span class='ocrx_word' id='word_1_57' title='bbox 669 912 831 951; x_wconf 91' lang='lat' dir='ltr'><strong>suum</strong></span> <span class='ocrx_word' id='word_1_58' title='bbox 864 896 1017 949; x_wconf 91' lang='lat' dir='ltr'><strong>illum</strong></span> <span class='ocrx_word' id='word_1_59' title='bbox 1054 893 1401 949; x_wconf 85' lang='lat' dir='ltr'><strong>Scholarlnm</strong></span> <span class='ocrx_word' id='word_1_60' title='bbox 1451 893 1566 949; x_wconf 93' lang='lat' dir='ltr'><strong>sive</strong></span> <span class='ocrx_word' id='word_1_61' title='bbox 1595 891 1942 948; x_wconf 87' lang='lat' dir='ltr'><strong>Geuuadium</strong></span> 
     </span>
    </p>
   </div>
   <div class='ocr_carea' id='block_1_11' title="bbox 354 987 1940 1059">
    <p class='ocr_par' dir='ltr' id='par_1_11' title="bbox 354 987 1940 1059">
     <span class='ocr_line' id='line_1_11' title="bbox 354 987 1940 1059; baseline -0.008 -7"><span class='ocrx_word' id='word_1_62' title='bbox 354 994 794 1053; x_wconf 72' lang='lat' dir='ltr'><strong>srliismaticum,</strong></span> <span class='ocrx_word' id='word_1_63' title='bbox 829 990 894 1044; x_wconf 87' lang='lat' dir='ltr'><strong>ad</strong></span> <span class='ocrx_word' id='word_1_64' title='bbox 919 1003 1081 1059; x_wconf 84' lang='lat' dir='ltr'><strong>quem</strong></span> <span class='ocrx_word' id='word_1_65' title='bbox 1100 988 1280 1043; x_wconf 84' lang='lat' dir='ltr'><strong>datam</strong></span> <span class='ocrx_word' id='word_1_66' title='bbox 1317 987 1639 1051; x_wconf 88' lang='lat' dir='ltr'><strong>arbitratur,</strong></span> <span class='ocrx_word' id='word_1_67' title='bbox 1681 987 1827 1041; x_wconf 91' lang='lat' dir='ltr'><strong>nulla</strong></span> <span class='ocrx_word' id='word_1_68' title='bbox 1854 1000 1940 1039; x_wconf 87' lang='lat' dir='ltr'><strong>ra-</strong></span> 
     </span>
    </p>
   </div>
   <div class='ocr_carea' id='block_1_12' title="bbox 359 1080 1939 1155">
    <p class='ocr_par' dir='ltr' id='par_1_12' title="bbox 359 1080 1939 1155">
     <span class='ocr_line' id='line_1_12' title="bbox 359 1080 1939 1155; baseline -0.007 -12"><span class='ocrx_word' id='word_1_69' title='bbox 359 1094 511 1145; x_wconf 84' lang='lat' dir='ltr'><strong>tione</strong></span> <span class='ocrx_word' id='word_1_70' title='bbox 540 1087 733 1151; x_wconf 79' lang='lat' dir='ltr'><strong>fultus,</strong></span> <span class='ocrx_word' id='word_1_71' title='bbox 760 1099 923 1155; x_wconf 87' lang='lat' dir='ltr'><strong>quam</strong></span> <span class='ocrx_word' id='word_1_72' title='bbox 952 1082 1097 1154; x_wconf 87' lang='lat' dir='ltr'><strong>quod</strong></span> <span class='ocrx_word' id='word_1_73' title='bbox 1126 1082 1170 1136; x_wconf 89' lang='lat' dir='ltr'><strong>si</strong></span> <span class='ocrx_word' id='word_1_74' title='bbox 1206 1083 1270 1135; x_wconf 90' lang='lat' dir='ltr'><strong>ad</strong></span> <span class='ocrx_word' id='word_1_75' title='bbox 1298 1080 1646 1135; x_wconf 86' lang='lat' dir='ltr'><strong>Scholarium</strong></span> <span class='ocrx_word' id='word_1_76' title='bbox 1677 1080 1773 1148; x_wconf 90' lang='lat' dir='ltr'><strong>qui</strong></span> <span class='ocrx_word' id='word_1_77' title='bbox 1815 1094 1939 1132; x_wconf 90' lang='lat' dir='ltr'><strong>cum</strong></span> 
     </span>
    </p>
   </div>
   <div class='ocr_carea' id='block_1_13' title="bbox 361 1171 1945 1252">
    <p class='ocr_par' dir='ltr' id='par_1_13' title="bbox 361 1171 1945 1252">
     <span class='ocr_line' id='line_1_13' title="bbox 361 1171 1945 1252; baseline -0.006 -19"><span class='ocrx_word' id='word_1_78' title='bbox 361 1186 695 1252; x_wconf 88' lang='lat' dir='ltr'><strong>imperatore</strong></span> <span class='ocrx_word' id='word_1_79' title='bbox 722 1178 789 1232; x_wconf 82' lang='lat' dir='ltr'><strong>ad</strong></span> <span class='ocrx_word' id='word_1_80' title='bbox 818 1176 1114 1233; x_wconf 87' lang='lat' dir='ltr'><strong>concilium</strong></span> <span class='ocrx_word' id='word_1_81' title='bbox 1142 1174 1320 1238; x_wconf 85' lang='lat' dir='ltr'><strong>venit,</strong></span> <span class='ocrx_word' id='word_1_82' title='bbox 1356 1171 1558 1242; x_wconf 85' lang='lat' dir='ltr'><strong>scripta</strong></span> <span class='ocrx_word' id='word_1_83' title='bbox 1583 1172 1677 1235; x_wconf 85' lang='lat' dir='ltr'><strong>sit,</strong></span> <span class='ocrx_word' id='word_1_84' title='bbox 1706 1172 1945 1226; x_wconf 87' lang='lat' dir='ltr'><strong>concidit</strong></span> 
     </span>
    </p>
   </div>
   <div class='ocr_carea' id='block_1_14' title="bbox 360 1263 1934 1334">
    <p class='ocr_par' dir='ltr' id='par_1_14' title="bbox 360 1263 1934 1334">
     <span class='ocr_line' id='line_1_14' title="bbox 360 1263 1934 1334; baseline -0.006 -6"><span class='ocrx_word' id='word_1_85' title='bbox 360 1286 472 1331; x_wconf 86' lang='lat' dir='ltr'><strong>tota</strong></span> <span class='ocrx_word' id='word_1_86' title='bbox 500 1274 736 1328; x_wconf 88' lang='lat' dir='ltr'><strong>duorum</strong></span> <span class='ocrx_word' id='word_1_87' title='bbox 777 1269 1185 1325; x_wconf 88' lang='lat' dir='ltr'><strong>Gennadiorutn</strong></span> <span class='ocrx_word' id='word_1_88' title='bbox 1223 1265 1435 1319; x_wconf 81' lang='lat' dir='ltr'><strong>fabula.</strong></span> <span class='ocrx_word' id='word_1_89' title='bbox 1467 1266 1534 1318; x_wconf 81' lang='lat' dir='ltr'><strong>At</strong></span> <span class='ocrx_word' id='word_1_90' title='bbox 1566 1280 1690 1318; x_wconf 88' lang='lat' dir='ltr'><strong>cum</strong></span> <span class='ocrx_word' id='word_1_91' title='bbox 1723 1263 1934 1334; x_wconf 89' lang='lat' dir='ltr'><strong>liquido</strong></span> 
     </span>
    </p>
   </div>
   <div class='ocr_carea' id='block_1_15' title="bbox 358 1356 1941 1437">
    <p class='ocr_par' dir='ltr' id='par_1_15' title="bbox 358 1356 1941 1437">
     <span class='ocr_line' id='line_1_15' title="bbox 358 1356 1941 1437; baseline -0.009 -15"><span class='ocrx_word' id='word_1_92' title='bbox 358 1375 624 1437; x_wconf 88' lang='lat' dir='ltr'><strong>appareat</strong></span> <span class='ocrx_word' id='word_1_93' title='bbox 648 1378 754 1417; x_wconf 93' lang='lat' dir='ltr'><strong>non</strong></span> <span class='ocrx_word' id='word_1_94' title='bbox 776 1361 943 1415; x_wconf 89' lang='lat' dir='ltr'><strong>alium</strong></span> <span class='ocrx_word' id='word_1_95' title='bbox 978 1361 1082 1413; x_wconf 92' lang='lat' dir='ltr'><strong>hoc</strong></span> <span class='ocrx_word' id='word_1_96' title='bbox 1113 1358 1233 1413; x_wconf 89' lang='lat' dir='ltr'><strong>loco</strong></span> <span class='ocrx_word' id='word_1_97' title='bbox 1254 1356 1552 1427; x_wconf 75' lang='lat' dir='ltr'><strong>designari,</strong></span> <span class='ocrx_word' id='word_1_98' title='bbox 1575 1371 1740 1425; x_wconf 89' lang='lat' dir='ltr'><strong>quam</strong></span> <span class='ocrx_word' id='word_1_99' title='bbox 1767 1357 1941 1408; x_wconf 90' lang='lat' dir='ltr'><strong>virum</strong></span> 
     </span>
    </p>
   </div>
   <div class='ocr_carea' id='block_1_16' title="bbox 358 1447 1945 1524">
    <p class='ocr_par' dir='ltr' id='par_1_16' title="bbox 358 1447 1945 1524">
     <span class='ocr_line' id='line_1_16' title="bbox 358 1447 1945 1524; baseline -0.011 -8"><span class='ocrx_word' id='word_1_100' title='bbox 358 1459 760 1521; x_wconf 85' lang='lat' dir='ltr'><strong>doctissimum,</strong></span> <span class='ocrx_word' id='word_1_101' title='bbox 797 1452 1213 1524; x_wconf 86' lang='lat' dir='ltr'><strong>philosophum,</strong></span> <span class='ocrx_word' id='word_1_102' title='bbox 1257 1452 1314 1504; x_wconf 91' lang='lat' dir='ltr'><strong>in</strong></span> <span class='ocrx_word' id='word_1_103' title='bbox 1354 1448 1697 1519; x_wconf 90' lang='lat' dir='ltr'><strong>amplissima</strong></span> <span class='ocrx_word' id='word_1_104' title='bbox 1761 1447 1945 1518; x_wconf 77' lang='lat' dir='ltr'><strong>digni-</strong></span> 
     </span>
    </p>
   </div>
   <div class='ocr_carea' id='block_1_17' title="bbox 358 1542 1945 1617">
    <p class='ocr_par' dir='ltr' id='par_1_17' title="bbox 358 1542 1945 1617">
     <span class='ocr_line' id='line_1_17' title="bbox 358 1542 1945 1617; baseline -0.009 -10"><span class='ocrx_word' id='word_1_105' title='bbox 358 1562 472 1609; x_wconf 85' lang='lat' dir='ltr'><strong>tate</strong></span> <span class='ocrx_word' id='word_1_106' title='bbox 511 1550 902 1610; x_wconf 85' lang='lat' dir='ltr'><strong>coustitutum,</strong></span> <span class='ocrx_word' id='word_1_107' title='bbox 936 1545 1031 1617; x_wconf 90' lang='lat' dir='ltr'><strong>qui</strong></span> <span class='ocrx_word' id='word_1_108' title='bbox 1059 1544 1127 1598; x_wconf 90' lang='lat' dir='ltr'><strong>ad</strong></span> <span class='ocrx_word' id='word_1_109' title='bbox 1161 1544 1519 1600; x_wconf 84' lang='lat' dir='ltr'><strong>concordiam</strong></span> <span class='ocrx_word' id='word_1_110' title='bbox 1541 1542 1784 1611; x_wconf 87' lang='lat' dir='ltr'><strong>reliquos</strong></span> <span class='ocrx_word' id='word_1_111' title='bbox 1816 1542 1945 1595; x_wconf 83' lang='lat' dir='ltr'><strong>hor-</strong></span> 
     </span>
    </p>
   </div>
   <div class='ocr_carea' id='block_1_18' title="bbox 358 1635 1943 1712">
    <p class='ocr_par' dir='ltr' id='par_1_18' title="bbox 358 1635 1943 1712">
     <span class='ocr_line' id='line_1_18' title="bbox 358 1635 1943 1712; baseline -0.008 -13"><span class='ocrx_word' id='word_1_112' title='bbox 358 1654 507 1700; x_wconf 85' lang='lat' dir='ltr'><strong>tatus</strong></span> <span class='ocrx_word' id='word_1_113' title='bbox 540 1644 727 1707; x_wconf 84' lang='lat' dir='ltr'><strong>fuerit,</strong></span> <span class='ocrx_word' id='word_1_114' title='bbox 758 1641 907 1712; x_wconf 90' lang='lat' dir='ltr'><strong>quod</strong></span> <span class='ocrx_word' id='word_1_115' title='bbox 940 1640 1005 1695; x_wconf 88' lang='lat' dir='ltr'><strong>de</strong></span> <span class='ocrx_word' id='word_1_116' title='bbox 1034 1653 1137 1694; x_wconf 91' lang='lat' dir='ltr'><strong>suo</strong></span> <span class='ocrx_word' id='word_1_117' title='bbox 1167 1636 1452 1699; x_wconf 83' lang='lat' dir='ltr'><strong>Gennadio</strong></span> <span class='ocrx_word' id='word_1_118' title='bbox 1482 1635 1850 1692; x_wconf 86' lang='lat' dir='ltr'><strong>schisinatico</strong></span> <span class='ocrx_word' id='word_1_119' title='bbox 1874 1647 1943 1687; x_wconf 90' lang='lat' dir='ltr'><strong>ue</strong></span> 
     </span>
    </p>
   </div>
   <div class='ocr_carea' id='block_1_19' title="bbox 358 1728 1941 1811">
    <p class='ocr_par' dir='ltr' id='par_1_19' title="bbox 358 1728 1941 1811">
     <span class='ocr_line' id='line_1_19' title="bbox 358 1728 1941 1811; baseline -0.01 -14"><span class='ocrx_word' id='word_1_120' title='bbox 358 1740 677 1811; x_wconf 82' lang='lat' dir='ltr'><strong>suspicatur</strong></span> <span class='ocrx_word' id='word_1_121' title='bbox 712 1736 933 1807; x_wconf 90' lang='lat' dir='ltr'><strong>quidem</strong></span> <span class='ocrx_word' id='word_1_122' title='bbox 978 1732 1217 1787; x_wconf 88' lang='lat' dir='ltr'><strong>Allatius</strong></span> <span class='ocrx_word' id='word_1_123' title='bbox 1239 1773 1254 1797; x_wconf 94' lang='lat'><strong>,</strong></span> <span class='ocrx_word' id='word_1_124' title='bbox 1308 1730 1424 1785; x_wconf 82' lang='lat' dir='ltr'><strong>haec</strong></span> <span class='ocrx_word' id='word_1_125' title='bbox 1456 1730 1511 1784; x_wconf 89' lang='lat' dir='ltr'><strong>in</strong></span> <span class='ocrx_word' id='word_1_126' title='bbox 1542 1730 1753 1785; x_wconf 82' lang='lat' dir='ltr'><strong>larvam</strong></span> <span class='ocrx_word' id='word_1_127' title='bbox 1794 1728 1941 1781; x_wconf 86' lang='lat' dir='ltr'><strong>illam</strong></span> 
     </span>
    </p>
   </div>
   <div class='ocr_carea' id='block_1_20' title="bbox 357 1816 1942 1900">
    <p class='ocr_par' dir='ltr' id='par_1_20' title="bbox 357 1816 1942 1900">
     <span class='ocr_line' id='line_1_20' title="bbox 357 1816 1942 1900; baseline -0.008 -15"><span class='ocrx_word' id='word_1_128' title='bbox 357 1834 555 1889; x_wconf 74' lang='lat' dir='ltr'><strong>cadere</strong></span> <span class='ocrx_word' id='word_1_129' title='bbox 601 1847 710 1886; x_wconf 92' lang='lat' dir='ltr'><strong>non</strong></span> <span class='ocrx_word' id='word_1_130' title='bbox 754 1835 1011 1900; x_wconf 82' lang='lat' dir='ltr'><strong>posSunt,</strong></span> <span class='ocrx_word' id='word_1_131' title='bbox 1054 1824 1402 1881; x_wconf 88' lang='lat' dir='ltr'><strong>Genuadium</strong></span> <span class='ocrx_word' id='word_1_132' title='bbox 1440 1838 1639 1893; x_wconf 85' lang='lat' dir='ltr'><strong>nempe</strong></span> <span class='ocrx_word' id='word_1_133' title='bbox 1682 1816 1942 1887; x_wconf 68' lang='lat' dir='ltr'><strong>alterum,</strong></span> 
     </span>
    </p>
   </div>
   <div class='ocr_carea' id='block_1_21' title="bbox 358 1914 1949 1998">
    <p class='ocr_par' dir='ltr' id='par_1_21' title="bbox 358 1914 1949 1998">
     <span class='ocr_line' id='line_1_21' title="bbox 358 1914 1949 1998; baseline -0.008 -19"><span class='ocrx_word' id='word_1_134' title='bbox 358 1927 453 1998; x_wconf 87' lang='lat' dir='ltr'><strong>qui</strong></span> <span class='ocrx_word' id='word_1_135' title='bbox 491 1926 765 1980; x_wconf 89' lang='lat' dir='ltr'><strong>obscurus</strong></span> <span class='ocrx_word' id='word_1_136' title='bbox 813 1924 869 1976; x_wconf 92' lang='lat' dir='ltr'><strong>in</strong></span> <span class='ocrx_word' id='word_1_137' title='bbox 914 1920 1074 1983; x_wconf 86' lang='lat' dir='ltr'><strong>cella,</strong></span> <span class='ocrx_word' id='word_1_138' title='bbox 1109 1921 1237 1974; x_wconf 86' lang='lat' dir='ltr'><strong>solo</strong></span> <span class='ocrx_word' id='word_1_139' title='bbox 1276 1918 1333 1972; x_wconf 90' lang='lat' dir='ltr'><strong>in</strong></span> <span class='ocrx_word' id='word_1_140' title='bbox 1374 1917 1601 1972; x_wconf 86' lang='lat' dir='ltr'><strong>Latinos</strong></span> <span class='ocrx_word' id='word_1_141' title='bbox 1635 1915 1766 1970; x_wconf 88' lang='lat' dir='ltr'><strong>odio</strong></span> <span class='ocrx_word' id='word_1_142' title='bbox 1796 1914 1949 1968; x_wconf 78' lang='lat' dir='ltr'><strong>clim-</strong></span> 
     </span>
    </p>
   </div>
   <div class='ocr_carea' id='block_1_22' title="bbox 363 2005 1947 2083">
    <p class='ocr_par' dir='ltr' id='par_1_22' title="bbox 363 2005 1947 2083">
     <span class='ocr_line' id='line_1_22' title="bbox 363 2005 1947 2083; baseline -0.008 -8"><span class='ocrx_word' id='word_1_143' title='bbox 363 2020 656 2076; x_wconf 81' lang='lat' dir='ltr'><strong>mendatus</strong></span> <span class='ocrx_word' id='word_1_144' title='bbox 683 2057 696 2082; x_wconf 87' lang='lat'><strong>,</strong></span> <span class='ocrx_word' id='word_1_145' title='bbox 728 2027 855 2071; x_wconf 86' lang='lat' dir='ltr'><strong>ante</strong></span> <span class='ocrx_word' id='word_1_146' title='bbox 886 2021 1100 2083; x_wconf 88' lang='lat' dir='ltr'><strong>captam</strong></span> <span class='ocrx_word' id='word_1_147' title='bbox 1136 2011 1333 2065; x_wconf 89' lang='lat' dir='ltr'><strong>urbem</strong></span> <span class='ocrx_word' id='word_1_148' title='bbox 1367 2010 1511 2065; x_wconf 87' lang='lat' dir='ltr'><strong>diem</strong></span> <span class='ocrx_word' id='word_1_149' title='bbox 1541 2023 1704 2064; x_wconf 83' lang='lat' dir='ltr'><strong>suum</strong></span> <span class='ocrx_word' id='word_1_150' title='bbox 1735 2005 1947 2062; x_wconf 83' lang='lat' dir='ltr'><strong>obiisse</strong></span> 
     </span>
    </p>
   </div>
   <div class='ocr_carea' id='block_1_23' title="bbox 355 2114 580 2169">
    <p class='ocr_par' dir='ltr' id='par_1_23' title="bbox 355 2114 580 2169">
     <span class='ocr_line' id='line_1_23' title="bbox 355 2114 580 2169; baseline -0.022 0"><span class='ocrx_word' id='word_1_151' title='bbox 355 2114 580 2169; x_wconf 81' lang='lat' dir='ltr'><strong>dicitur.</strong></span> 
     </span>
    </p>
   </div>
   <div class='ocr_carea' id='block_1_24' title="bbox 424 2195 1950 2261">
    <p class='ocr_par' dir='ltr' id='par_1_24' title="bbox 424 2195 1950 2261">
     <span class='ocr_line' id='line_1_24' title="bbox 424 2195 1950 2261; baseline -0.009 0"><span class='ocrx_word' id='word_1_152' title='bbox 424 2207 628 2261; x_wconf 69' lang='lat' dir='ltr'><strong>Verum</strong></span> <span class='ocrx_word' id='word_1_153' title='bbox 652 2202 753 2257; x_wconf 86' lang='lat' dir='ltr'><strong>etsi</strong></span> <span class='ocrx_word' id='word_1_154' title='bbox 783 2199 1106 2259; x_wconf 83' lang='lat' dir='ltr'><strong>Scholat‘ius</strong></span> <span class='ocrx_word' id='word_1_155' title='bbox 1130 2196 1511 2252; x_wconf 77' lang='lat' dir='ltr'><strong>Florentiuam</strong></span> <span class='ocrx_word' id='word_1_156' title='bbox 1537 2195 1797 2249; x_wconf 89' lang='lat' dir='ltr'><strong>unionem</strong></span> <span class='ocrx_word' id='word_1_157' title='bbox 1825 2209 1950 2249; x_wconf 84' lang='lat' dir='ltr'><strong>ora-</strong></span> 
     </span>
    </p>
   </div>
   <div class='ocr_carea' id='block_1_25' title="bbox 357 2287 1949 2357">
    <p class='ocr_par' dir='ltr' id='par_1_25' title="bbox 357 2287 1949 2357">
     <span class='ocr_line' id='line_1_25' title="bbox 357 2287 1949 2357; baseline -0.008 -2"><span class='ocrx_word' id='word_1_158' title='bbox 357 2301 508 2355; x_wconf 90' lang='lat' dir='ltr'><strong>tione</strong></span> <span class='ocrx_word' id='word_1_159' title='bbox 565 2293 921 2357; x_wconf 90' lang='lat' dir='ltr'><strong>laudaverit,</strong></span> <span class='ocrx_word' id='word_1_160' title='bbox 952 2306 1063 2346; x_wconf 91' lang='lat' dir='ltr'><strong>non</strong></span> <span class='ocrx_word' id='word_1_161' title='bbox 1126 2299 1312 2344; x_wconf 90' lang='lat' dir='ltr'><strong>tamen</strong></span> <span class='ocrx_word' id='word_1_162' title='bbox 1372 2302 1495 2344; x_wconf 91' lang='lat' dir='ltr'><strong>eam</strong></span> <span class='ocrx_word' id='word_1_163' title='bbox 1536 2287 1949 2355; x_wconf 89' lang='lat' dir='ltr'><strong>subscriptione</strong></span> 
     </span>
    </p>
   </div>
   <div class='ocr_carea' id='block_1_26' title="bbox 357 2380 1943 2453">
    <p class='ocr_par' dir='ltr' id='par_1_26' title="bbox 357 2380 1943 2453">
     <span class='ocr_line' id='line_1_26' title="bbox 357 2380 1943 2453; baseline -0.011 -4"><span class='ocrx_word' id='word_1_164' title='bbox 357 2392 616 2453; x_wconf 81' lang='lat' dir='ltr'><strong>ﬁrmavit,</strong></span> <span class='ocrx_word' id='word_1_165' title='bbox 654 2404 778 2443; x_wconf 90' lang='lat' dir='ltr'><strong>cum</strong></span> <span class='ocrx_word' id='word_1_166' title='bbox 817 2386 943 2439; x_wconf 85' lang='lat' dir='ltr'><strong>laici</strong></span> <span class='ocrx_word' id='word_1_167' title='bbox 981 2399 1091 2438; x_wconf 90' lang='lat' dir='ltr'><strong>non</strong></span> <span class='ocrx_word' id='word_1_168' title='bbox 1139 2380 1602 2451; x_wconf 85' lang='lat' dir='ltr'><strong>subscripseriut.</strong></span> <span class='ocrx_word' id='word_1_169' title='bbox 1637 2381 1819 2448; x_wconf 83' lang='lat' dir='ltr'><strong>Atque</strong></span> <span class='ocrx_word' id='word_1_170' title='bbox 1866 2380 1943 2432; x_wconf 89' lang='lat' dir='ltr'><strong>ita</strong></span> 
     </span>
    </p>
   </div>
   <div class='ocr_carea' id='block_1_27' title="bbox 360 2472 1946 2554">
    <p class='ocr_par' dir='ltr' id='par_1_27' title="bbox 360 2472 1946 2554">
     <span class='ocr_line' id='line_1_27' title="bbox 360 2472 1946 2554; baseline -0.011 -14"><span class='ocrx_word' id='word_1_171' title='bbox 360 2486 494 2540; x_wconf 86' lang='lat' dir='ltr'><strong>nihil</strong></span> <span class='ocrx_word' id='word_1_172' title='bbox 527 2480 925 2554; x_wconf 81' lang='lat' dir='ltr'><strong>propemodum</strong></span> <span class='ocrx_word' id='word_1_173' title='bbox 954 2476 1132 2535; x_wconf 68' lang='lat' dir='ltr'><strong>egisse</strong></span> <span class='ocrx_word' id='word_1_174' title='bbox 1172 2473 1279 2530; x_wconf 76' lang='lat' dir='ltr'><strong>Sibi</strong></span> <span class='ocrx_word' id='word_1_175' title='bbox 1316 2473 1469 2527; x_wconf 85' lang='lat' dir='ltr'><strong>visus</strong></span> <span class='ocrx_word' id='word_1_176' title='bbox 1500 2479 1606 2540; x_wconf 87' lang='lat' dir='ltr'><strong>est,</strong></span> <span class='ocrx_word' id='word_1_177' title='bbox 1633 2472 1794 2542; x_wconf 90' lang='lat' dir='ltr'><strong>quasi</strong></span> <span class='ocrx_word' id='word_1_178' title='bbox 1818 2484 1946 2527; x_wconf 88' lang='lat' dir='ltr'><strong>ora-</strong></span> 
     </span>
    </p>
   </div>
   <div class='ocr_carea' id='block_1_28' title="bbox 357 2551 1971 2646">
    <p class='ocr_par' dir='ltr' id='par_1_28' title="bbox 357 2551 1971 2646">
     <span class='ocr_line' id='line_1_28' title="bbox 357 2551 1971 2646; baseline -0.009 -13"><span class='ocrx_word' id='word_1_179' title='bbox 357 2579 496 2633; x_wconf 86' lang='lat' dir='ltr'><strong>toris</strong></span> <span class='ocrx_word' id='word_1_180' title='bbox 529 2551 723 2646; x_wconf 82' lang='lat' dir='ltr'><strong>potius</strong></span> <span class='ocrx_word' id='word_1_181' title='bbox 755 2587 914 2626; x_wconf 87' lang='lat' dir='ltr'><strong>more</strong></span> <span class='ocrx_word' id='word_1_182' title='bbox 944 2568 1276 2624; x_wconf 89' lang='lat' dir='ltr'><strong>sententiam</strong></span> <span class='ocrx_word' id='word_1_183' title='bbox 1328 2565 1566 2621; x_wconf 79' lang='lat' dir='ltr'><strong>dixisset</strong></span> <span class='ocrx_word' id='word_1_184' title='bbox 1619 2551 1971 2633; x_wconf 70' lang='lat' dir='ltr'><strong>imperatori&#39;</strong></span> 
     </span>
    </p>
   </div>
   <div class='ocr_carea' id='block_1_29' title="bbox 368 2656 1948 2742">
    <p class='ocr_par' dir='ltr' id='par_1_29' title="bbox 368 2656 1948 2742">
     <span class='ocr_line' id='line_1_29' title="bbox 368 2656 1948 2742; baseline -0.01 -17"><span class='ocrx_word' id='word_1_185' title='bbox 368 2668 790 2742; x_wconf 88' lang='lat' dir='ltr'><strong>perjueundam,</strong></span> <span class='ocrx_word' id='word_1_186' title='bbox 819 2663 1251 2729; x_wconf 64' lang='lat' dir='ltr'><strong>Graecorumque</strong></span> <span class='ocrx_word' id='word_1_187' title='bbox 1273 2656 1489 2712; x_wconf 85' lang='lat' dir='ltr'><strong>alllictis</strong></span> <span class='ocrx_word' id='word_1_188' title='bbox 1508 2656 1672 2712; x_wconf 89' lang='lat' dir='ltr'><strong>rebus</strong></span> <span class='ocrx_word' id='word_1_189' title='bbox 1701 2670 1948 2710; x_wconf 89' lang='lat' dir='ltr'><strong>commo-</strong></span> 
     </span>
    </p>
   </div>
   <div class='ocr_carea' id='block_1_30' title="bbox 358 2750 1945 2827">
    <p class='ocr_par' dir='ltr' id='par_1_30' title="bbox 358 2750 1945 2827">
     <span class='ocr_line' id='line_1_30' title="bbox 358 2750 1945 2827; baseline -0.009 -9"><span class='ocrx_word' id='word_1_190' title='bbox 358 2764 675 2818; x_wconf 85' lang='lat' dir='ltr'><strong>dissimam.</strong></span> <span class='ocrx_word' id='word_1_191' title='bbox 717 2760 901 2827; x_wconf 81' lang='lat' dir='ltr'><strong>Atque</strong></span> <span class='ocrx_word' id='word_1_192' title='bbox 938 2756 1014 2809; x_wconf 91' lang='lat' dir='ltr'><strong>ita</strong></span> <span class='ocrx_word' id='word_1_193' title='bbox 1069 2750 1625 2821; x_wconf 78' lang='lat' dir='ltr'><strong>Constantinopolim</strong></span> <span class='ocrx_word' id='word_1_194' title='bbox 1660 2764 1945 2817; x_wconf 84' lang='lat' dir='ltr'><strong>reversus,</strong></span> 
     </span>
    </p>
   </div>
   <div class='ocr_carea' id='block_1_31' title="bbox 360 2841 1946 2923">
    <p class='ocr_par' dir='ltr' id='par_1_31' title="bbox 360 2841 1946 2923">
     <span class='ocr_line' id='line_1_31' title="bbox 360 2841 1946 2923; baseline -0.011 -13"><span class='ocrx_word' id='word_1_195' title='bbox 360 2856 547 2911; x_wconf 80' lang='lat' dir='ltr'><strong>Marco</strong></span> <span class='ocrx_word' id='word_1_196' title='bbox 576 2853 819 2923; x_wconf 89' lang='lat' dir='ltr'><strong>Ephesio</strong></span> <span class='ocrx_word' id='word_1_197' title='bbox 857 2847 1250 2904; x_wconf 90' lang='lat' dir='ltr'><strong>reconciliatus</strong></span> <span class='ocrx_word' id='word_1_198' title='bbox 1300 2853 1407 2908; x_wconf 88' lang='lat' dir='ltr'><strong>est,</strong></span> <span class='ocrx_word' id='word_1_199' title='bbox 1441 2852 1496 2899; x_wconf 93' lang='lat' dir='ltr'><strong>et</strong></span> <span class='ocrx_word' id='word_1_200' title='bbox 1532 2858 1561 2899; x_wconf 91' lang='lat' dir='ltr'><strong>a</strong></span> <span class='ocrx_word' id='word_1_201' title='bbox 1592 2843 1810 2898; x_wconf 87' lang='lat' dir='ltr'><strong>Latinis</strong></span> <span class='ocrx_word' id='word_1_202' title='bbox 1834 2841 1946 2894; x_wconf 83' lang='lat' dir='ltr'><strong>He-</strong></span> 
     </span>
    </p>
   </div>
   <div class='ocr_carea' id='block_1_32' title="bbox 361 2934 1945 3017">
    <p class='ocr_par' dir='ltr' id='par_1_32' title="bbox 361 2934 1945 3017">
     <span class='ocr_line' id='line_1_32' title="bbox 361 2934 1945 3017; baseline -0.009 -15"><span class='ocrx_word' id='word_1_203' title='bbox 361 2950 675 3017; x_wconf 89' lang='lat' dir='ltr'><strong>noticisque</strong></span> <span class='ocrx_word' id='word_1_204' title='bbox 707 2943 1077 3008; x_wconf 88' lang='lat' dir='ltr'><strong>abalienatus,</strong></span> <span class='ocrx_word' id='word_1_205' title='bbox 1128 2941 1274 2994; x_wconf 90' lang='lat' dir='ltr'><strong>unde</strong></span> <span class='ocrx_word' id='word_1_206' title='bbox 1314 2938 1370 2992; x_wconf 90' lang='lat' dir='ltr'><strong>in</strong></span> <span class='ocrx_word' id='word_1_207' title='bbox 1397 2936 1626 2992; x_wconf 84' lang='lat' dir='ltr'><strong>Joannis</strong></span> <span class='ocrx_word' id='word_1_208' title='bbox 1678 2934 1945 2990; x_wconf 68' lang='lat' dir='ltr'><strong>Palaeolo-</strong></span> 
     </span>
    </p>
   </div>
   <div class='ocr_carea' id='block_1_33' title="bbox 2053 433 3631 508">
    <p class='ocr_par' dir='ltr' id='par_1_33' title="bbox 2053 433 3631 508">
     <span class='ocr_line' id='line_1_33' title="bbox 2053 433 3631 508; baseline 0.005 -21"><span class='ocrx_word' id='word_1_209' title='bbox 2053 433 2099 487; x_wconf 91' lang='lat' dir='ltr'><strong>si</strong></span> <span class='ocrx_word' id='word_1_210' title='bbox 2146 448 2305 502; x_wconf 83' lang='lat' dir='ltr'><strong>quem</strong></span> <span class='ocrx_word' id='word_1_211' title='bbox 2343 434 2539 489; x_wconf 87' lang='lat' dir='ltr'><strong>Latino</strong></span> <span class='ocrx_word' id='word_1_212' title='bbox 2571 435 2780 489; x_wconf 84' lang='lat' dir='ltr'><strong>nomini</strong></span> <span class='ocrx_word' id='word_1_213' title='bbox 2809 435 3249 491; x_wconf 82' lang='lat' dir='ltr'><strong>infensissimum</strong></span> <span class='ocrx_word' id='word_1_214' title='bbox 3274 454 3401 494; x_wconf 85' lang='lat' dir='ltr'><strong>esse</strong></span> <span class='ocrx_word' id='word_1_215' title='bbox 3437 455 3631 508; x_wconf 78' lang='lat' dir='ltr'><strong>negare</strong></span> 
     </span>
    </p>
   </div>
   <div class='ocr_carea' id='block_1_34' title="bbox 2050 528 3631 602">
    <p class='ocr_par' dir='ltr' id='par_1_34' title="bbox 2050 528 3631 602">
     <span class='ocr_line' id='line_1_34' title="bbox 2050 528 3631 602; baseline 0.004 -22"><span class='ocrx_word' id='word_1_216' title='bbox 2050 540 2160 580; x_wconf 91' lang='lat' dir='ltr'><strong>non</strong></span> <span class='ocrx_word' id='word_1_217' title='bbox 2192 534 2425 594; x_wconf 90' lang='lat' dir='ltr'><strong>poterat,</strong></span> <span class='ocrx_word' id='word_1_218' title='bbox 2462 528 2630 583; x_wconf 90' lang='lat' dir='ltr'><strong>alium</strong></span> <span class='ocrx_word' id='word_1_219' title='bbox 2662 528 2832 583; x_wconf 80' lang='lat' dir='ltr'><strong>fuisse</strong></span> <span class='ocrx_word' id='word_1_220' title='bbox 2874 528 3233 584; x_wconf 81' lang='lat' dir='ltr'><strong>existimavit.</strong></span> <span class='ocrx_word' id='word_1_221' title='bbox 3265 531 3423 587; x_wconf 81' lang='lat' dir='ltr'><strong>Alius</strong></span> <span class='ocrx_word' id='word_1_222' title='bbox 3442 548 3631 602; x_wconf 82' lang='lat' dir='ltr'><strong>nempe</strong></span> 
     </span>
    </p>
   </div>
   <div class='ocr_carea' id='block_1_35' title="bbox 2050 619 3633 688">
    <p class='ocr_par' dir='ltr' id='par_1_35' title="bbox 2050 619 3633 688">
     <span class='ocr_line' id='line_1_35' title="bbox 2050 619 3633 688; baseline 0.006 -16"><span class='ocrx_word' id='word_1_223' title='bbox 2050 619 2230 675; x_wconf 85' lang='lat' dir='ltr'><strong>factus</strong></span> <span class='ocrx_word' id='word_1_224' title='bbox 2265 630 2350 675; x_wconf 92' lang='lat' dir='ltr'><strong>est</strong></span> <span class='ocrx_word' id='word_1_225' title='bbox 2384 621 2513 676; x_wconf 90' lang='lat' dir='ltr'><strong>dum</strong></span> <span class='ocrx_word' id='word_1_226' title='bbox 2549 623 2781 678; x_wconf 86' lang='lat' dir='ltr'><strong>mutavit</strong></span> <span class='ocrx_word' id='word_1_227' title='bbox 2811 624 3169 688; x_wconf 86' lang='lat' dir='ltr'><strong>sententiam,</strong></span> <span class='ocrx_word' id='word_1_228' title='bbox 3203 634 3283 678; x_wconf 93' lang='lat' dir='ltr'><strong>tot</strong></span> <span class='ocrx_word' id='word_1_229' title='bbox 3307 624 3633 681; x_wconf 60' lang='lat' dir='ltr'><strong>Grecorum</strong></span> 
     </span>
    </p>
   </div>
   <div class='ocr_carea' id='block_1_36' title="bbox 2045 712 3635 788">
    <p class='ocr_par' dir='ltr' id='par_1_36' title="bbox 2045 712 3635 788">
     <span class='ocr_line' id='line_1_36' title="bbox 2045 712 3635 788; baseline 0.003 -22"><span class='ocrx_word' id='word_1_230' title='bbox 2045 712 2361 767; x_wconf 85' lang='lat' dir='ltr'><strong>antistitum</strong></span> <span class='ocrx_word' id='word_1_231' title='bbox 2424 715 2700 783; x_wconf 81' lang='lat' dir='ltr'><strong>exemplo,</strong></span> <span class='ocrx_word' id='word_1_232' title='bbox 2754 714 2848 783; x_wconf 90' lang='lat' dir='ltr'><strong>qui</strong></span> <span class='ocrx_word' id='word_1_233' title='bbox 2905 714 3099 770; x_wconf 90' lang='lat' dir='ltr'><strong>unioni</strong></span> <span class='ocrx_word' id='word_1_234' title='bbox 3168 718 3635 788; x_wconf 76' lang='lat' dir='ltr'><strong>subscripserant,</strong></span> 
     </span>
    </p>
   </div>
   <div class='ocr_carea' id='block_1_37' title="bbox 2049 802 3635 873">
    <p class='ocr_par' dir='ltr' id='par_1_37' title="bbox 2049 802 3635 873">
     <span class='ocr_line' id='line_1_37' title="bbox 2049 802 3635 873; baseline 0.004 -18"><span class='ocrx_word' id='word_1_235' title='bbox 2049 803 2197 870; x_wconf 89' lang='lat' dir='ltr'><strong>quod</strong></span> <span class='ocrx_word' id='word_1_236' title='bbox 2225 802 2549 860; x_wconf 87' lang='lat' dir='ltr'><strong>Seholarins</strong></span> <span class='ocrx_word' id='word_1_237' title='bbox 2587 820 2693 858; x_wconf 89' lang='lat' dir='ltr'><strong>non</strong></span> <span class='ocrx_word' id='word_1_238' title='bbox 2730 805 2958 860; x_wconf 85' lang='lat' dir='ltr'><strong>fecerat.</strong></span> <span class='ocrx_word' id='word_1_239' title='bbox 2989 807 3109 873; x_wconf 84' lang='lat' dir='ltr'><strong>Quo</strong></span> <span class='ocrx_word' id='word_1_240' title='bbox 3142 823 3283 861; x_wconf 89' lang='lat' dir='ltr'><strong>vero</strong></span> <span class='ocrx_word' id='word_1_241' title='bbox 3329 813 3475 862; x_wconf 85' lang='lat' dir='ltr'><strong>circa</strong></span> <span class='ocrx_word' id='word_1_242' title='bbox 3506 808 3635 861; x_wconf 64' lang='lat' dir='ltr'><strong>Flo«</strong></span> 
     </span>
    </p>
   </div>
   <div class='ocr_carea' id='block_1_38' title="bbox 2049 895 3635 967">
    <p class='ocr_par' dir='ltr' id='par_1_38' title="bbox 2049 895 3635 967">
     <span class='ocr_line' id='line_1_38' title="bbox 2049 895 3635 967; baseline 0.004 -20"><span class='ocrx_word' id='word_1_243' title='bbox 2049 895 2325 950; x_wconf 88' lang='lat' dir='ltr'><strong>reutiuam</strong></span> <span class='ocrx_word' id='word_1_244' title='bbox 2360 897 2637 967; x_wconf 84' lang='lat' dir='ltr'><strong>synodum</strong></span> <span class='ocrx_word' id='word_1_245' title='bbox 2671 898 2859 951; x_wconf 87' lang='lat' dir='ltr'><strong>anlmo</strong></span> <span class='ocrx_word' id='word_1_246' title='bbox 2887 896 3080 964; x_wconf 88' lang='lat' dir='ltr'><strong>fuerit,</strong></span> <span class='ocrx_word' id='word_1_247' title='bbox 3154 899 3450 967; x_wconf 87' lang='lat' dir='ltr'><strong>nemojam</strong></span> <span class='ocrx_word' id='word_1_248' title='bbox 3504 916 3635 955; x_wconf 79' lang='lat' dir='ltr'><strong>cou-</strong></span> 
     </span>
    </p>
   </div>
   <div class='ocr_carea' id='block_1_39' title="bbox 2043 988 3633 1060">
    <p class='ocr_par' dir='ltr' id='par_1_39' title="bbox 2043 988 3633 1060">
     <span class='ocr_line' id='line_1_39' title="bbox 2043 988 3633 1060; baseline 0.002 -19"><span class='ocrx_word' id='word_1_249' title='bbox 2043 988 2274 1058; x_wconf 86' lang='lat' dir='ltr'><strong>jecturis</strong></span> <span class='ocrx_word' id='word_1_250' title='bbox 2296 990 2516 1058; x_wconf 86' lang='lat' dir='ltr'><strong>assequi</strong></span> <span class='ocrx_word' id='word_1_251' title='bbox 2558 989 2863 1043; x_wconf 85' lang='lat' dir='ltr'><strong>divinando</strong></span> <span class='ocrx_word' id='word_1_252' title='bbox 2924 990 3109 1055; x_wconf 89' lang='lat' dir='ltr'><strong>debet,</strong></span> <span class='ocrx_word' id='word_1_253' title='bbox 3144 991 3236 1046; x_wconf 90' lang='lat' dir='ltr'><strong>sed</strong></span> <span class='ocrx_word' id='word_1_254' title='bbox 3274 992 3393 1060; x_wconf 85' lang='lat' dir='ltr'><strong>ejus</strong></span> <span class='ocrx_word' id='word_1_255' title='bbox 3425 994 3633 1045; x_wconf 78' lang='lat' dir='ltr'><strong>oratio-</strong></span> 
     </span>
    </p>
   </div>
   <div class='ocr_carea' id='block_1_40' title="bbox 2048 1081 3629 1152">
    <p class='ocr_par' dir='ltr' id='par_1_40' title="bbox 2048 1081 3629 1152">
     <span class='ocr_line' id='line_1_40' title="bbox 2048 1081 3629 1152; baseline 0.002 -17"><span class='ocrx_word' id='word_1_256' title='bbox 2048 1081 2215 1136; x_wconf 88' lang='lat' dir='ltr'><strong>nibus</strong></span> <span class='ocrx_word' id='word_1_257' title='bbox 2245 1081 2497 1137; x_wconf 85' lang='lat' dir='ltr'><strong>credere.</strong></span> <span class='ocrx_word' id='word_1_258' title='bbox 2523 1082 2805 1152; x_wconf 76' lang='lat' dir='ltr'><strong>Praecipua</strong></span> <span class='ocrx_word' id='word_1_259' title='bbox 2844 1092 2928 1137; x_wconf 91' lang='lat' dir='ltr'><strong>est</strong></span> <span class='ocrx_word' id='word_1_260' title='bbox 2974 1084 3337 1139; x_wconf 84' lang='lat' dir='ltr'><strong>valedictoria</strong></span> <span class='ocrx_word' id='word_1_261' title='bbox 3366 1084 3429 1138; x_wconf 86' lang='lat' dir='ltr'><strong>ad</strong></span> <span class='ocrx_word' id='word_1_262' title='bbox 3476 1083 3629 1140; x_wconf 82' lang='lat' dir='ltr'><strong>Con—</strong></span> 
     </span>
    </p>
   </div>
   <div class='ocr_carea' id='block_1_41' title="bbox 2051 1174 3637 1243">
    <p class='ocr_par' dir='ltr' id='par_1_41' title="bbox 2051 1174 3637 1243">
     <span class='ocr_line' id='line_1_41' title="bbox 2051 1174 3637 1243; baseline 0.001 -15"><span class='ocrx_word' id='word_1_263' title='bbox 2051 1174 2384 1235; x_wconf 89' lang='lat' dir='ltr'><strong>stantinum,</strong></span> <span class='ocrx_word' id='word_1_264' title='bbox 2414 1174 2469 1227; x_wconf 87' lang='lat' dir='ltr'><strong>in</strong></span> <span class='ocrx_word' id='word_1_265' title='bbox 2511 1189 2620 1243; x_wconf 90' lang='lat' dir='ltr'><strong>qua</strong></span> <span class='ocrx_word' id='word_1_266' title='bbox 2656 1189 2764 1228; x_wconf 90' lang='lat' dir='ltr'><strong>non</strong></span> <span class='ocrx_word' id='word_1_267' title='bbox 2800 1176 2965 1228; x_wconf 86' lang='lat' dir='ltr'><strong>aliam</strong></span> <span class='ocrx_word' id='word_1_268' title='bbox 2995 1175 3239 1231; x_wconf 86' lang='lat' dir='ltr'><strong>inimicis</strong></span> <span class='ocrx_word' id='word_1_269' title='bbox 3271 1179 3390 1232; x_wconf 87' lang='lat' dir='ltr'><strong>suis</strong></span> <span class='ocrx_word' id='word_1_270' title='bbox 3427 1179 3637 1231; x_wconf 88' lang='lat' dir='ltr'><strong>calum-</strong></span> 
     </span>
    </p>
   </div>
   <div class='ocr_carea' id='block_1_42' title="bbox 2047 1266 3639 1340">
    <p class='ocr_par' dir='ltr' id='par_1_42' title="bbox 2047 1266 3639 1340">
     <span class='ocr_line' id='line_1_42' title="bbox 2047 1266 3639 1340; baseline 0.003 -22"><span class='ocrx_word' id='word_1_271' title='bbox 2047 1267 2237 1320; x_wconf 89' lang='lat' dir='ltr'><strong>niandi</strong></span> <span class='ocrx_word' id='word_1_272' title='bbox 2270 1281 2497 1321; x_wconf 80' lang='lat' dir='ltr'><strong>causam</strong></span> <span class='ocrx_word' id='word_1_273' title='bbox 2529 1266 2701 1322; x_wconf 88' lang='lat' dir='ltr'><strong>fuisse</strong></span> <span class='ocrx_word' id='word_1_274' title='bbox 2735 1276 2997 1331; x_wconf 88' lang='lat' dir='ltr'><strong>testatur,</strong></span> <span class='ocrx_word' id='word_1_275' title='bbox 3029 1284 3192 1339; x_wconf 90' lang='lat' dir='ltr'><strong>quam</strong></span> <span class='ocrx_word' id='word_1_276' title='bbox 3218 1270 3360 1340; x_wconf 81' lang='lat' dir='ltr'><strong>quod</strong></span> <span class='ocrx_word' id='word_1_277' title='bbox 3396 1271 3639 1324; x_wconf 80' lang='lat' dir='ltr'><strong>innova-</strong></span> 
     </span>
    </p>
   </div>
   <div class='ocr_carea' id='block_1_43' title="bbox 2048 1356 3637 1430">
    <p class='ocr_par' dir='ltr' id='par_1_43' title="bbox 2048 1356 3637 1430">
     <span class='ocr_line' id='line_1_43' title="bbox 2048 1356 3637 1430; baseline 0.005 -21"><span class='ocrx_word' id='word_1_278' title='bbox 2048 1356 2183 1410; x_wconf 91' lang='lat' dir='ltr'><strong>tioui</strong></span> <span class='ocrx_word' id='word_1_279' title='bbox 2219 1372 2313 1425; x_wconf 86' lang='lat' dir='ltr'><strong>per</strong></span> <span class='ocrx_word' id='word_1_280' title='bbox 2348 1358 2729 1414; x_wconf 82' lang='lat' dir='ltr'><strong>deﬁnitionem</strong></span> <span class='ocrx_word' id='word_1_281' title='bbox 2761 1360 3080 1430; x_wconf 82' lang='lat' dir='ltr'><strong>synodalem</strong></span> <span class='ocrx_word' id='word_1_282' title='bbox 3131 1362 3438 1417; x_wconf 78' lang='lat' dir='ltr'><strong>faetzetotis</strong></span> <span class='ocrx_word' id='word_1_283' title='bbox 3497 1364 3637 1417; x_wconf 79' lang='lat' dir='ltr'><strong>viri-</strong></span> 
     </span>
    </p>
   </div>
   <div class='ocr_carea' id='block_1_44' title="bbox 2048 1449 3639 1521">
    <p class='ocr_par' dir='ltr' id='par_1_44' title="bbox 2048 1449 3639 1521">
     <span class='ocr_line' id='line_1_44' title="bbox 2048 1449 3639 1521; baseline 0.004 -19"><span class='ocrx_word' id='word_1_284' title='bbox 2048 1449 2153 1504; x_wconf 91' lang='lat' dir='ltr'><strong>bus</strong></span> <span class='ocrx_word' id='word_1_285' title='bbox 2192 1449 2511 1505; x_wconf 88' lang='lat' dir='ltr'><strong>obsisteret.</strong></span> <span class='ocrx_word' id='word_1_286' title='bbox 2549 1450 2696 1506; x_wconf 86' lang='lat' dir='ltr'><strong>Idem</strong></span> <span class='ocrx_word' id='word_1_287' title='bbox 2751 1453 2985 1521; x_wconf 90' lang='lat' dir='ltr'><strong>probant</strong></span> <span class='ocrx_word' id='word_1_288' title='bbox 3022 1454 3171 1509; x_wconf 85' lang='lat' dir='ltr'><strong>varia</strong></span> <span class='ocrx_word' id='word_1_289' title='bbox 3194 1456 3459 1510; x_wconf 77' lang='lat' dir='ltr'><strong>adversus</strong></span> <span class='ocrx_word' id='word_1_290' title='bbox 3481 1456 3639 1509; x_wconf 79' lang='lat' dir='ltr'><strong>Lati-</strong></span> 
     </span>
    </p>
   </div>
   <div class='ocr_carea' id='block_1_45' title="bbox 2048 1542 3631 1615">
    <p class='ocr_par' dir='ltr' id='par_1_45' title="bbox 2048 1542 3631 1615">
     <span class='ocr_line' id='line_1_45' title="bbox 2048 1542 3631 1615; baseline 0.003 -19"><span class='ocrx_word' id='word_1_291' title='bbox 2048 1556 2148 1596; x_wconf 91' lang='lat' dir='ltr'><strong>nos</strong></span> <span class='ocrx_word' id='word_1_292' title='bbox 2185 1550 2241 1597; x_wconf 92' lang='lat' dir='ltr'><strong>et</strong></span> <span class='ocrx_word' id='word_1_293' title='bbox 2270 1542 2724 1612; x_wconf 87' lang='lat' dir='ltr'><strong>Latinophronas</strong></span> <span class='ocrx_word' id='word_1_294' title='bbox 2753 1545 2984 1615; x_wconf 86' lang='lat' dir='ltr'><strong>scripta,</strong></span> <span class='ocrx_word' id='word_1_295' title='bbox 3016 1544 3429 1615; x_wconf 86' lang='lat' dir='ltr'><strong>disputationes</strong></span> <span class='ocrx_word' id='word_1_296' title='bbox 3501 1564 3631 1603; x_wconf 89' lang='lat' dir='ltr'><strong>eum</strong></span> 
     </span>
    </p>
   </div>
   <div class='ocr_carea' id='block_1_46' title="bbox 2047 1635 3637 1711">
    <p class='ocr_par' dir='ltr' id='par_1_46' title="bbox 2047 1635 3637 1711">
     <span class='ocr_line' id='line_1_46' title="bbox 2047 1635 3637 1711; baseline 0.004 -25"><span class='ocrx_word' id='word_1_297' title='bbox 2047 1635 2304 1688; x_wconf 80' lang='lat' dir='ltr'><strong>Cortonae</strong></span> <span class='ocrx_word' id='word_1_298' title='bbox 2338 1635 2626 1705; x_wconf 85' lang='lat' dir='ltr'><strong>episcopo,</strong></span> <span class='ocrx_word' id='word_1_299' title='bbox 2666 1644 2719 1690; x_wconf 91' lang='lat' dir='ltr'><strong>et</strong></span> <span class='ocrx_word' id='word_1_300' title='bbox 2753 1638 2859 1691; x_wconf 88' lang='lat' dir='ltr'><strong>alia</strong></span> <span class='ocrx_word' id='word_1_301' title='bbox 2896 1653 3018 1709; x_wconf 60' lang='lat' dir='ltr'><strong>quae</strong></span> <span class='ocrx_word' id='word_1_302' title='bbox 3049 1638 3131 1693; x_wconf 90' lang='lat' dir='ltr'><strong>vel</strong></span> <span class='ocrx_word' id='word_1_303' title='bbox 3174 1652 3338 1708; x_wconf 85' lang='lat' dir='ltr'><strong>supra</strong></span> <span class='ocrx_word' id='word_1_304' title='bbox 3381 1640 3637 1711; x_wconf 82' lang='lat' dir='ltr'><strong>designa-</strong></span> 
     </span>
    </p>
   </div>
   <div class='ocr_carea' id='block_1_47' title="bbox 2050 1728 3633 1801">
    <p class='ocr_par' dir='ltr' id='par_1_47' title="bbox 2050 1728 3633 1801">
     <span class='ocr_line' id='line_1_47' title="bbox 2050 1728 3633 1801; baseline 0.004 -20"><span class='ocrx_word' id='word_1_305' title='bbox 2050 1734 2103 1781; x_wconf 89' lang='lat' dir='ltr'><strong>ta</strong></span> <span class='ocrx_word' id='word_1_306' title='bbox 2129 1737 2282 1792; x_wconf 88' lang='lat' dir='ltr'><strong>sunt,</strong></span> <span class='ocrx_word' id='word_1_307' title='bbox 2303 1729 2387 1783; x_wconf 89' lang='lat' dir='ltr'><strong>vel</strong></span> <span class='ocrx_word' id='word_1_308' title='bbox 2412 1729 2466 1782; x_wconf 93' lang='lat' dir='ltr'><strong>iu</strong></span> <span class='ocrx_word' id='word_1_309' title='bbox 2496 1728 2703 1785; x_wconf 86' lang='lat' dir='ltr'><strong>Notitia</strong></span> <span class='ocrx_word' id='word_1_310' title='bbox 2731 1731 2855 1800; x_wconf 85' lang='lat' dir='ltr'><strong>ejus</strong></span> <span class='ocrx_word' id='word_1_311' title='bbox 2881 1734 3110 1801; x_wconf 90' lang='lat' dir='ltr'><strong>operum</strong></span> <span class='ocrx_word' id='word_1_312' title='bbox 3149 1732 3633 1801; x_wconf 80' lang='lat' dir='ltr'><strong>designabuutur:</strong></span> 
     </span>
    </p>
   </div>
   <div class='ocr_carea' id='block_1_48' title="bbox 2051 1821 3637 1891">
    <p class='ocr_par' dir='ltr' id='par_1_48' title="bbox 2051 1821 3637 1891">
     <span class='ocr_line' id='line_1_48' title="bbox 2051 1821 3637 1891; baseline 0.005 -18"><span class='ocrx_word' id='word_1_313' title='bbox 2051 1830 2163 1875; x_wconf 87' lang='lat' dir='ltr'><strong>tum</strong></span> <span class='ocrx_word' id='word_1_314' title='bbox 2196 1836 2317 1891; x_wconf 84' lang='lat' dir='ltr'><strong>quae</strong></span> <span class='ocrx_word' id='word_1_315' title='bbox 2347 1821 2449 1876; x_wconf 90' lang='lat' dir='ltr'><strong>sub</strong></span> <span class='ocrx_word' id='word_1_316' title='bbox 2493 1821 2691 1877; x_wconf 89' lang='lat' dir='ltr'><strong>lsidori</strong></span> <span class='ocrx_word' id='word_1_317' title='bbox 2722 1824 3019 1879; x_wconf 87' lang='lat' dir='ltr'><strong>cardinalis</strong></span> <span class='ocrx_word' id='word_1_318' title='bbox 3084 1825 3406 1889; x_wconf 86' lang='lat' dir='ltr'><strong>adventum,</strong></span> <span class='ocrx_word' id='word_1_319' title='bbox 3460 1839 3514 1882; x_wconf 89' lang='lat' dir='ltr'><strong>et</strong></span> <span class='ocrx_word' id='word_1_320' title='bbox 3582 1828 3637 1881; x_wconf 90' lang='lat' dir='ltr'><strong>iu</strong></span> 
     </span>
    </p>
   </div>
   <div class='ocr_carea' id='block_1_49' title="bbox 2052 1908 3625 1984">
    <p class='ocr_par' dir='ltr' id='par_1_49' title="bbox 2052 1908 3625 1984">
     <span class='ocr_line' id='line_1_49' title="bbox 2052 1908 3625 1984; baseline 0.001 -15"><span class='ocrx_word' id='word_1_321' title='bbox 2052 1914 2168 1983; x_wconf 91' lang='lat' dir='ltr'><strong>ipsa</strong></span> <span class='ocrx_word' id='word_1_322' title='bbox 2194 1914 2481 1970; x_wconf 81' lang='lat' dir='ltr'><strong>obsidione</strong></span> <span class='ocrx_word' id='word_1_323' title='bbox 2511 1908 2759 1984; x_wconf 84' lang='lat' dir='ltr'><strong>scripsit,</strong></span> <span class='ocrx_word' id='word_1_324' title='bbox 2794 1916 3013 1971; x_wconf 84' lang='lat' dir='ltr'><strong>tandem</strong></span> <span class='ocrx_word' id='word_1_325' title='bbox 3068 1915 3259 1971; x_wconf 86' lang='lat' dir='ltr'><strong>Oratio</strong></span> <span class='ocrx_word' id='word_1_326' title='bbox 3292 1919 3471 1973; x_wconf 86' lang='lat' dir='ltr'><strong>codici</strong></span> <span class='ocrx_word' id='word_1_327' title='bbox 3510 1919 3625 1971; x_wconf 79' lang='lat' dir='ltr'><strong>Ma-</strong></span> 
     </span>
    </p>
   </div>
   <div class='ocr_carea' id='block_1_50' title="bbox 2050 2006 3637 2079">
    <p class='ocr_par' dir='ltr' id='par_1_50' title="bbox 2050 2006 3637 2079">
     <span class='ocr_line' id='line_1_50' title="bbox 2050 2006 3637 2079; baseline 0.003 -18"><span class='ocrx_word' id='word_1_328' title='bbox 2050 2022 2173 2078; x_wconf 74' lang='lat' dir='ltr'><strong>gna:</strong></span> <span class='ocrx_word' id='word_1_329' title='bbox 2202 2006 2457 2062; x_wconf 71' lang='lat' dir='ltr'><strong>Ecclesiae</strong></span> <span class='ocrx_word' id='word_1_330' title='bbox 2490 2009 2721 2073; x_wconf 89' lang='lat' dir='ltr'><strong>inserta,</strong></span> <span class='ocrx_word' id='word_1_331' title='bbox 2756 2024 2879 2062; x_wconf 90' lang='lat' dir='ltr'><strong>cum</strong></span> <span class='ocrx_word' id='word_1_332' title='bbox 2904 2011 3275 2079; x_wconf 78' lang='lat' dir='ltr'><strong>patriarchale</strong></span> <span class='ocrx_word' id='word_1_333' title='bbox 3308 2026 3507 2067; x_wconf 88' lang='lat' dir='ltr'><strong>munus</strong></span> <span class='ocrx_word' id='word_1_334' title='bbox 3540 2013 3637 2066; x_wconf 88' lang='lat' dir='ltr'><strong>de-</strong></span> 
     </span>
    </p>
   </div>
   <div class='ocr_carea' id='block_1_51' title="bbox 2053 2100 3637 2172">
    <p class='ocr_par' dir='ltr' id='par_1_51' title="bbox 2053 2100 3637 2172">
     <span class='ocr_line' id='line_1_51' title="bbox 2053 2100 3637 2172; baseline 0.004 -19"><span class='ocrx_word' id='word_1_335' title='bbox 2053 2100 2255 2169; x_wconf 86' lang='lat' dir='ltr'><strong>posuit.</strong></span> <span class='ocrx_word' id='word_1_336' title='bbox 2290 2102 2511 2156; x_wconf 79' lang='lat' dir='ltr'><strong>Priores</strong></span> <span class='ocrx_word' id='word_1_337' title='bbox 2542 2101 2689 2155; x_wconf 90' lang='lat' dir='ltr'><strong>enim</strong></span> <span class='ocrx_word' id='word_1_338' title='bbox 2719 2100 3108 2156; x_wconf 80' lang='lat' dir='ltr'><strong>demonstrant</strong></span> <span class='ocrx_word' id='word_1_339' title='bbox 3134 2119 3260 2157; x_wconf 90' lang='lat' dir='ltr'><strong>eum</strong></span> <span class='ocrx_word' id='word_1_340' title='bbox 3306 2104 3402 2172; x_wconf 91' lang='lat' dir='ltr'><strong>qui</strong></span> <span class='ocrx_word' id='word_1_341' title='bbox 3428 2103 3637 2172; x_wconf 87' lang='lat' dir='ltr'><strong>judieis</strong></span> 
     </span>
    </p>
   </div>
   <div class='ocr_carea' id='block_1_52' title="bbox 2050 2192 3638 2265">
    <p class='ocr_par' dir='ltr' id='par_1_52' title="bbox 2050 2192 3638 2265">
     <span class='ocr_line' id='line_1_52' title="bbox 2050 2192 3638 2265; baseline 0.003 -20"><span class='ocrx_word' id='word_1_342' title='bbox 2050 2193 2297 2261; x_wconf 89' lang='lat' dir='ltr'><strong>primarii</strong></span> <span class='ocrx_word' id='word_1_343' title='bbox 2327 2192 2597 2263; x_wconf 84' lang='lat' dir='ltr'><strong>dignitate</strong></span> <span class='ocrx_word' id='word_1_344' title='bbox 2631 2201 2889 2257; x_wconf 89' lang='lat' dir='ltr'><strong>ornatus,</strong></span> <span class='ocrx_word' id='word_1_345' title='bbox 2945 2192 3280 2248; x_wconf 76' lang='lat' dir='ltr'><strong>Florentium</strong></span> <span class='ocrx_word' id='word_1_346' title='bbox 3316 2195 3369 2248; x_wconf 89' lang='lat' dir='ltr'><strong>in</strong></span> <span class='ocrx_word' id='word_1_347' title='bbox 3399 2196 3638 2265; x_wconf 48' lang='lat' dir='ltr'><strong>imperata</strong></span> 
     </span>
    </p>
   </div>
   <div class='ocr_carea' id='block_1_53' title="bbox 2054 2285 3638 2357">
    <p class='ocr_par' dir='ltr' id='par_1_53' title="bbox 2054 2285 3638 2357">
     <span class='ocr_line' id='line_1_53' title="bbox 2054 2285 3638 2357; baseline 0.001 -16"><span class='ocrx_word' id='word_1_348' title='bbox 2054 2286 2194 2341; x_wconf 88' lang='lat' dir='ltr'><strong>toris</strong></span> <span class='ocrx_word' id='word_1_349' title='bbox 2220 2285 2484 2340; x_wconf 88' lang='lat' dir='ltr'><strong>comitatu</strong></span> <span class='ocrx_word' id='word_1_350' title='bbox 2551 2286 2837 2352; x_wconf 79' lang='lat' dir='ltr'><strong>profectus</strong></span> <span class='ocrx_word' id='word_1_351' title='bbox 2867 2296 2970 2350; x_wconf 85' lang='lat' dir='ltr'><strong>est.</strong></span> <span class='ocrx_word' id='word_1_352' title='bbox 3034 2287 3211 2357; x_wconf 88' lang='lat' dir='ltr'><strong>ipsum</strong></span> <span class='ocrx_word' id='word_1_353' title='bbox 3241 2303 3365 2342; x_wconf 87' lang='lat' dir='ltr'><strong>esse</strong></span> <span class='ocrx_word' id='word_1_354' title='bbox 3397 2289 3486 2356; x_wconf 90' lang='lat' dir='ltr'><strong>qui</strong></span> <span class='ocrx_word' id='word_1_355' title='bbox 3521 2298 3638 2343; x_wconf 81' lang='lat' dir='ltr'><strong>tau-</strong></span> 
     </span>
    </p>
   </div>
   <div class='ocr_carea' id='block_1_54' title="bbox 2053 2376 3631 2435">
    <p class='ocr_par' dir='ltr' id='par_1_54' title="bbox 2053 2376 3631 2435">
     <span class='ocr_line' id='line_1_54' title="bbox 2053 2376 3631 2435; baseline 0.002 -3"><span class='ocrx_word' id='word_1_356' title='bbox 2053 2388 2137 2432; x_wconf 91' lang='lat' dir='ltr'><strong>tas</strong></span> <span class='ocrx_word' id='word_1_357' title='bbox 2171 2386 2365 2432; x_wconf 89' lang='lat' dir='ltr'><strong>contra</strong></span> <span class='ocrx_word' id='word_1_358' title='bbox 2407 2377 2629 2432; x_wconf 86' lang='lat' dir='ltr'><strong>Latinos</strong></span> <span class='ocrx_word' id='word_1_359' title='bbox 2664 2387 2719 2433; x_wconf 93' lang='lat' dir='ltr'><strong>et</strong></span> <span class='ocrx_word' id='word_1_360' title='bbox 2746 2376 3121 2433; x_wconf 83' lang='lat' dir='ltr'><strong>Florentinam</strong></span> <span class='ocrx_word' id='word_1_361' title='bbox 3146 2380 3407 2435; x_wconf 89' lang='lat' dir='ltr'><strong>unionem</strong></span> <span class='ocrx_word' id='word_1_362' title='bbox 3439 2382 3631 2435; x_wconf 88' lang='lat' dir='ltr'><strong>turbas</strong></span> 
     </span>
    </p>
   </div>
   <div class='ocr_carea' id='block_1_55' title="bbox 2051 2470 3635 2544">
    <p class='ocr_par' dir='ltr' id='par_1_55' title="bbox 2051 2470 3635 2544">
     <span class='ocr_line' id='line_1_55' title="bbox 2051 2470 3635 2544; baseline 0.001 -19"><span class='ocrx_word' id='word_1_363' title='bbox 2051 2470 2359 2526; x_wconf 85' lang='lat' dir='ltr'><strong>excitavit:</strong></span> <span class='ocrx_word' id='word_1_364' title='bbox 2405 2471 2744 2539; x_wconf 88' lang='lat' dir='ltr'><strong>posteriores</strong></span> <span class='ocrx_word' id='word_1_365' title='bbox 2801 2472 3055 2526; x_wconf 85' lang='lat' dir='ltr'><strong>eumdem</strong></span> <span class='ocrx_word' id='word_1_366' title='bbox 3109 2473 3479 2541; x_wconf 87' lang='lat' dir='ltr'><strong>patriarcham</strong></span> <span class='ocrx_word' id='word_1_367' title='bbox 3526 2475 3635 2544; x_wconf 87' lang='lat' dir='ltr'><strong>pri-</strong></span> 
     </span>
    </p>
   </div>
   <div class='ocr_carea' id='block_1_56' title="bbox 2052 2564 3635 2634">
    <p class='ocr_par' dir='ltr' id='par_1_56' title="bbox 2052 2564 3635 2634">
     <span class='ocr_line' id='line_1_56' title="bbox 2052 2564 3635 2634; baseline 0.004 -19"><span class='ocrx_word' id='word_1_368' title='bbox 2052 2578 2200 2617; x_wconf 88' lang='lat' dir='ltr'><strong>mum</strong></span> <span class='ocrx_word' id='word_1_369' title='bbox 2230 2565 2603 2634; x_wconf 82' lang='lat' dir='ltr'><strong>designatum,</strong></span> <span class='ocrx_word' id='word_1_370' title='bbox 2626 2575 2691 2618; x_wconf 77' lang='lat' dir='ltr'><strong>ex</strong></span> <span class='ocrx_word' id='word_1_371' title='bbox 2726 2576 2834 2633; x_wconf 89' lang='lat' dir='ltr'><strong>quo</strong></span> <span class='ocrx_word' id='word_1_372' title='bbox 2855 2564 3369 2634; x_wconf 73' lang='lat' dir='ltr'><strong>Const.iutinOpolis</strong></span> <span class='ocrx_word' id='word_1_373' title='bbox 3404 2569 3455 2620; x_wconf 91' lang='lat' dir='ltr'><strong>in</strong></span> <span class='ocrx_word' id='word_1_374' title='bbox 3488 2568 3635 2622; x_wconf 77' lang='lat' dir='ltr'><strong>Tur-</strong></span> 
     </span>
    </p>
   </div>
   <div class='ocr_carea' id='block_1_57' title="bbox 2050 2658 3637 2724">
    <p class='ocr_par' dir='ltr' id='par_1_57' title="bbox 2050 2658 3637 2724">
     <span class='ocr_line' id='line_1_57' title="bbox 2050 2658 3637 2724; baseline 0.003 -15"><span class='ocrx_word' id='word_1_375' title='bbox 2050 2670 2239 2709; x_wconf 89' lang='lat' dir='ltr'><strong>carum</strong></span> <span class='ocrx_word' id='word_1_376' title='bbox 2268 2664 2593 2724; x_wconf 83' lang='lat' dir='ltr'><strong>potestatem</strong></span> <span class='ocrx_word' id='word_1_377' title='bbox 2625 2658 2801 2720; x_wconf 79' lang='lat' dir='ltr'><strong>venit,</strong></span> <span class='ocrx_word' id='word_1_378' title='bbox 2820 2672 3012 2711; x_wconf 86' lang='lat' dir='ltr'><strong>omnes</strong></span> <span class='ocrx_word' id='word_1_379' title='bbox 3038 2658 3180 2712; x_wconf 90' lang='lat' dir='ltr'><strong>inter</strong></span> <span class='ocrx_word' id='word_1_380' title='bbox 3198 2674 3257 2712; x_wconf 89' lang='lat' dir='ltr'><strong>se</strong></span> <span class='ocrx_word' id='word_1_381' title='bbox 3281 2661 3637 2713; x_wconf 83' lang='lat' dir='ltr'><strong>consentiunt</strong></span> 
     </span>
    </p>
   </div>
   <div class='ocr_carea' id='block_1_58' title="bbox 2050 2747 3634 2813">
    <p class='ocr_par' dir='ltr' id='par_1_58' title="bbox 2050 2747 3634 2813">
     <span class='ocr_line' id='line_1_58' title="bbox 2050 2747 3634 2813; baseline 0.001 -11"><span class='ocrx_word' id='word_1_382' title='bbox 2050 2756 2104 2802; x_wconf 94' lang='lat' dir='ltr'><strong>et</strong></span> <span class='ocrx_word' id='word_1_383' title='bbox 2140 2747 2316 2801; x_wconf 88' lang='lat' dir='ltr'><strong>lucem</strong></span> <span class='ocrx_word' id='word_1_384' title='bbox 2348 2750 2534 2802; x_wconf 65' lang='lat' dir='ltr'><strong>alterae</strong></span> <span class='ocrx_word' id='word_1_385' title='bbox 2573 2748 2760 2802; x_wconf 86' lang='lat' dir='ltr'><strong>alteris</strong></span> <span class='ocrx_word' id='word_1_386' title='bbox 2788 2748 3153 2813; x_wconf 70' lang='lat' dir='ltr'><strong>fmiieratitur,</strong></span> <span class='ocrx_word' id='word_1_387' title='bbox 3211 2759 3271 2803; x_wconf 87' lang='grc' dir='ltr'><strong>ιιι</strong></span> <span class='ocrx_word' id='word_1_388' title='bbox 3341 2749 3634 2807; x_wconf 88' lang='lat' dir='ltr'><strong>iusititium</strong></span> 
     </span>
    </p>
   </div>
   <div class='ocr_carea' id='block_1_59' title="bbox 2053 2832 3631 2911">
    <p class='ocr_par' dir='ltr' id='par_1_59' title="bbox 2053 2832 3631 2911">
     <span class='ocr_line' id='line_1_59' title="bbox 2053 2832 3631 2911; baseline 0.001 -17"><span class='ocrx_word' id='word_1_389' title='bbox 2053 2842 2206 2894; x_wconf 89' lang='lat' dir='ltr'><strong>illum</strong></span> <span class='ocrx_word' id='word_1_390' title='bbox 2239 2832 2389 2896; x_wconf 87' lang='lat' dir='ltr'><strong>nullo</strong></span> <span class='ocrx_word' id='word_1_391' title='bbox 2420 2855 2597 2911; x_wconf 89' lang='lat' dir='ltr'><strong>neque</strong></span> <span class='ocrx_word' id='word_1_392' title='bbox 2638 2840 2763 2895; x_wconf 92' lang='lat' dir='ltr'><strong>loco</strong></span> <span class='ocrx_word' id='word_1_393' title='bbox 2799 2855 2977 2911; x_wconf 88' lang='lat' dir='ltr'><strong>neque</strong></span> <span class='ocrx_word' id='word_1_394' title='bbox 3026 2851 3277 2911; x_wconf 88' lang='lat' dir='ltr'><strong>tempore</strong></span> <span class='ocrx_word' id='word_1_395' title='bbox 3316 2843 3631 2897; x_wconf 71' lang='lat' dir='ltr'><strong>consistere</strong></span> 
     </span>
    </p>
   </div>
   <div class='ocr_carea' id='block_1_60' title="bbox 2052 2932 2353 3003">
    <p class='ocr_par' dir='ltr' id='par_1_60' title="bbox 2052 2932 2353 3003">
     <span class='ocr_line' id='line_1_60' title="bbox 2052 2932 2353 3003; baseline 0.01 -18"><span class='ocrx_word' id='word_1_396' title='bbox 2052 2932 2353 3003; x_wconf 86' lang='lat' dir='ltr'><strong>patiantur.</strong></span> 
     </span>
    </p>
   </div>
   <div class='ocr_carea' id='block_1_61' title="bbox 360 3026 3633 3113">
    <p class='ocr_par' dir='ltr' id='par_1_61' title="bbox 360 3026 3633 3113">
     <span class='ocr_line' id='line_1_61' title="bbox 360 3026 3633 3113; baseline -0.007 -16"><span class='ocrx_word' id='word_1_397' title='bbox 360 3045 410 3113; x_wconf 79' lang='lat' dir='ltr'><strong>gi</strong></span> <span class='ocrx_word' id='word_1_398' title='bbox 450 3040 807 3096; x_wconf 73' lang='lat' dir='ltr'><strong>offensionem</strong></span> <span class='ocrx_word' id='word_1_399' title='bbox 846 3035 1107 3100; x_wconf 84' lang='lat' dir='ltr'><strong>incurrit,</strong></span> <span class='ocrx_word' id='word_1_400' title='bbox 1140 3033 1286 3103; x_wconf 89' lang='lat' dir='ltr'><strong>quod</strong></span> <span class='ocrx_word' id='word_1_401' title='bbox 1359 3030 1629 3086; x_wconf 88' lang='lat' dir='ltr'><strong>habemus</strong></span> <span class='ocrx_word' id='word_1_402' title='bbox 1692 3044 1762 3084; x_wconf 83' lang='lat' dir='ltr'><strong>ex</strong></span> <span class='ocrx_word' id='word_1_403' title='bbox 1820 3028 2018 3104; x_wconf 73' lang='lat' dir='ltr'><strong>ejusc</strong></span> <span class='ocrx_word' id='word_1_404' title='bbox 2125 3026 2315 3093; x_wconf 85' lang='lat' dir='ltr'><strong>Operae</strong></span> <span class='ocrx_word' id='word_1_405' title='bbox 2349 3027 2587 3095; x_wconf 86' lang='lat' dir='ltr'><strong>pretium</strong></span> <span class='ocrx_word' id='word_1_406' title='bbox 2639 3032 2725 3082; x_wconf 91' lang='lat' dir='ltr'><strong>est</strong></span> <span class='ocrx_word' id='word_1_407' title='bbox 2757 3027 2932 3096; x_wconf 82' lang='lat' dir='ltr'><strong>ipsius</strong></span> <span class='ocrx_word' id='word_1_408' title='bbox 2996 3026 3267 3083; x_wconf 86' lang='lat' dir='ltr'><strong>Geunadii</strong></span> <span class='ocrx_word' id='word_1_409' title='bbox 3322 3027 3388 3083; x_wconf 92' lang='lat' dir='ltr'><strong>de</strong></span> <span class='ocrx_word' id='word_1_410' title='bbox 3452 3030 3633 3100; x_wconf 71' lang='grc' dir='ltr'><strong>εεῑρςο</strong></span> 
     </span>
    </p>
   </div>
   <div class='ocr_carea' id='block_1_62' title="bbox 361 3120 1943 3204">
    <p class='ocr_par' dir='ltr' id='par_1_62' title="bbox 361 3120 1943 3204">
     <span class='ocr_line' id='line_1_62' title="bbox 361 3120 1943 3204; baseline -0.01 -15"><span class='ocrx_word' id='word_1_411' title='bbox 361 3132 717 3204; x_wconf 76' lang='lat' dir='ltr'><strong>Apologetica</strong></span> <span class='ocrx_word' id='word_1_412' title='bbox 749 3128 814 3183; x_wconf 89' lang='lat' dir='ltr'><strong>ad</strong></span> <span class='ocrx_word' id='word_1_413' title='bbox 846 3124 1279 3183; x_wconf 87' lang='lat' dir='ltr'><strong>Constantinum</strong></span> <span class='ocrx_word' id='word_1_414' title='bbox 1306 3122 1717 3190; x_wconf 79' lang='lat' dir='ltr'><strong>oratione,quae</strong></span> <span class='ocrx_word' id='word_1_415' title='bbox 1736 3120 1943 3173; x_wconf 84' lang='lat' dir='ltr'><strong>Allatio</strong></span> 
     </span>
    </p>
   </div>
   <div class='ocr_carea' id='block_1_63' title="bbox 363 3210 1947 3296">
    <p class='ocr_par' dir='ltr' id='par_1_63' title="bbox 363 3210 1947 3296">
     <span class='ocr_line' id='line_1_63' title="bbox 363 3210 1947 3296; baseline -0.011 -13"><span class='ocrx_word' id='word_1_416' title='bbox 363 3242 647 3296; x_wconf 87' lang='lat' dir='ltr'><strong>nunquam</strong></span> <span class='ocrx_word' id='word_1_417' title='bbox 682 3224 796 3277; x_wconf 86' lang='lat' dir='ltr'><strong>visa</strong></span> <span class='ocrx_word' id='word_1_418' title='bbox 835 3231 939 3276; x_wconf 88' lang='lat' dir='ltr'><strong>est.</strong></span> <span class='ocrx_word' id='word_1_419' title='bbox 973 3217 1136 3274; x_wconf 84' lang='lat' dir='ltr'><strong>Nulla</strong></span> <span class='ocrx_word' id='word_1_420' title='bbox 1190 3227 1303 3272; x_wconf 86' lang='lat' dir='ltr'><strong>toto</strong></span> <span class='ocrx_word' id='word_1_421' title='bbox 1343 3216 1635 3270; x_wconf 85' lang='lat' dir='ltr'><strong>intervallo</strong></span> <span class='ocrx_word' id='word_1_422' title='bbox 1675 3210 1947 3280; x_wconf 88' lang='lat' dir='ltr'><strong>temporis</strong></span> 
     </span>
    </p>
   </div>
   <div class='ocr_carea' id='block_1_64' title="bbox 362 3300 1944 3387">
    <p class='ocr_par' dir='ltr' id='par_1_64' title="bbox 362 3300 1944 3387">
     <span class='ocr_line' id='line_1_64' title="bbox 362 3300 1944 3387; baseline -0.01 -16"><span class='ocrx_word' id='word_1_423' title='bbox 362 3318 507 3387; x_wconf 85' lang='lat' dir='ltr'><strong>quod</strong></span> <span class='ocrx_word' id='word_1_424' title='bbox 541 3316 686 3369; x_wconf 90' lang='lat' dir='ltr'><strong>inter</strong></span> <span class='ocrx_word' id='word_1_425' title='bbox 723 3312 1058 3366; x_wconf 65' lang='lat' dir='ltr'><strong>Florentium</strong></span> <span class='ocrx_word' id='word_1_426' title='bbox 1099 3307 1298 3378; x_wconf 86' lang='lat' dir='ltr'><strong>synodi</strong></span> <span class='ocrx_word' id='word_1_427' title='bbox 1361 3304 1547 3368; x_wconf 85' lang='lat' dir='ltr'><strong>linem,</strong></span> <span class='ocrx_word' id='word_1_428' title='bbox 1600 3310 1657 3357; x_wconf 91' lang='lat' dir='ltr'><strong>et</strong></span> <span class='ocrx_word' id='word_1_429' title='bbox 1710 3300 1944 3355; x_wconf 82' lang='lat' dir='ltr'><strong>Joannis</strong></span> 
     </span>
    </p>
   </div>
   <div class='ocr_carea' id='block_1_65' title="bbox 365 3395 1947 3476">
    <p class='ocr_par' dir='ltr' id='par_1_65' title="bbox 365 3395 1947 3476">
     <span class='ocr_line' id='line_1_65' title="bbox 365 3395 1947 3476; baseline -0.01 -11"><span class='ocrx_word' id='word_1_430' title='bbox 365 3407 655 3476; x_wconf 67' lang='lat' dir='ltr'><strong>l’alaeologi</strong></span> <span class='ocrx_word' id='word_1_431' title='bbox 687 3406 901 3461; x_wconf 91' lang='lat' dir='ltr'><strong>obitum</strong></span> <span class='ocrx_word' id='word_1_432' title='bbox 933 3400 1248 3459; x_wconf 88' lang='lat' dir='ltr'><strong>intercessit</strong></span> <span class='ocrx_word' id='word_1_433' title='bbox 1277 3399 1511 3453; x_wconf 79' lang='lat' dir='ltr'><strong>alterius</strong></span> <span class='ocrx_word' id='word_1_434' title='bbox 1554 3395 1799 3465; x_wconf 76' lang='lat' dir='ltr'><strong>Georgii,</strong></span> <span class='ocrx_word' id='word_1_435' title='bbox 1831 3396 1947 3450; x_wconf 88' lang='lat' dir='ltr'><strong>sive</strong></span> 
     </span>
    </p>
   </div>
   <div class='ocr_carea' id='block_1_66' title="bbox 363 3490 1944 3561">
    <p class='ocr_par' dir='ltr' id='par_1_66' title="bbox 363 3490 1944 3561">
     <span class='ocr_line' id='line_1_66' title="bbox 363 3490 1944 3561; baseline -0.011 -2"><span class='ocrx_word' id='word_1_436' title='bbox 363 3501 629 3559; x_wconf 85' lang='lat' dir='ltr'><strong>Genuadii</strong></span> <span class='ocrx_word' id='word_1_437' title='bbox 657 3499 862 3555; x_wconf 88' lang='lat' dir='ltr'><strong>mentio</strong></span> <span class='ocrx_word' id='word_1_438' title='bbox 899 3509 1001 3561; x_wconf 89' lang='lat' dir='ltr'><strong>est,</strong></span> <span class='ocrx_word' id='word_1_439' title='bbox 1034 3496 1130 3551; x_wconf 86' lang='lat' dir='ltr'><strong>sed</strong></span> <span class='ocrx_word' id='word_1_440' title='bbox 1159 3503 1374 3547; x_wconf 88' lang='lat' dir='ltr'><strong>tantum</strong></span> <span class='ocrx_word' id='word_1_441' title='bbox 1403 3490 1570 3560; x_wconf 88' lang='lat' dir='ltr'><strong>hujus</strong></span> <span class='ocrx_word' id='word_1_442' title='bbox 1636 3490 1820 3543; x_wconf 82' lang='lat' dir='ltr'><strong>nostri</strong></span> <span class='ocrx_word' id='word_1_443' title='bbox 1849 3490 1944 3557; x_wconf 89' lang='lat' dir='ltr'><strong>qui</strong></span> 
     </span>
    </p>
   </div>
   <div class='ocr_carea' id='block_1_67' title="bbox 362 3582 1949 3665">
    <p class='ocr_par' dir='ltr' id='par_1_67' title="bbox 362 3582 1949 3665">
     <span class='ocr_line' id='line_1_67' title="bbox 362 3582 1949 3665; baseline -0.011 -14"><span class='ocrx_word' id='word_1_444' title='bbox 362 3593 820 3665; x_wconf 77' lang='lat' dir='ltr'><strong>coniunctissime</strong></span> <span class='ocrx_word' id='word_1_445' title='bbox 849 3605 975 3646; x_wconf 91' lang='lat' dir='ltr'><strong>cum</strong></span> <span class='ocrx_word' id='word_1_446' title='bbox 1004 3602 1074 3644; x_wconf 93' lang='lat' dir='ltr'><strong>eo</strong></span> <span class='ocrx_word' id='word_1_447' title='bbox 1107 3587 1261 3653; x_wconf 79' lang='lat' dir='ltr'><strong>vixit,</strong></span> <span class='ocrx_word' id='word_1_448' title='bbox 1294 3585 1388 3656; x_wconf 91' lang='lat' dir='ltr'><strong>qui</strong></span> <span class='ocrx_word' id='word_1_449' title='bbox 1417 3600 1551 3640; x_wconf 86' lang='lat' dir='ltr'><strong>suos</strong></span> <span class='ocrx_word' id='word_1_450' title='bbox 1571 3585 1621 3639; x_wconf 91' lang='lat' dir='ltr'><strong>ei</strong></span> <span class='ocrx_word' id='word_1_451' title='bbox 1680 3598 1780 3652; x_wconf 90' lang='lat' dir='ltr'><strong>pro</strong></span> <span class='ocrx_word' id='word_1_452' title='bbox 1824 3582 1949 3635; x_wconf 81' lang='lat' dir='ltr'><strong>Ari-</strong></span> 
     </span>
    </p>
   </div>
   <div class='ocr_carea' id='block_1_68' title="bbox 362 3675 1948 3745">
    <p class='ocr_par' dir='ltr' id='par_1_68' title="bbox 362 3675 1948 3745">
     <span class='ocr_line' id='line_1_68' title="bbox 362 3675 1948 3745; baseline -0.011 0"><span class='ocrx_word' id='word_1_453' title='bbox 362 3690 559 3745; x_wconf 81' lang='lat' dir='ltr'><strong>stotele</strong></span> <span class='ocrx_word' id='word_1_454' title='bbox 591 3694 786 3743; x_wconf 88' lang='lat' dir='ltr'><strong>contra</strong></span> <span class='ocrx_word' id='word_1_455' title='bbox 830 3684 1143 3740; x_wconf 88' lang='lat' dir='ltr'><strong>Gemistum</strong></span> <span class='ocrx_word' id='word_1_456' title='bbox 1169 3681 1344 3735; x_wconf 89' lang='lat' dir='ltr'><strong>libros</strong></span> <span class='ocrx_word' id='word_1_457' title='bbox 1404 3677 1628 3743; x_wconf 90' lang='lat' dir='ltr'><strong>dicavit,</strong></span> <span class='ocrx_word' id='word_1_458' title='bbox 1690 3675 1784 3744; x_wconf 89' lang='lat' dir='ltr'><strong>qui</strong></span> <span class='ocrx_word' id='word_1_459' title='bbox 1834 3689 1948 3729; x_wconf 84' lang='lat' dir='ltr'><strong>uio-</strong></span> 
     </span>
    </p>
   </div>
   <div class='ocr_carea' id='block_1_69' title="bbox 360 3768 1945 3840">
    <p class='ocr_par' dir='ltr' id='par_1_69' title="bbox 360 3768 1945 3840">
     <span class='ocr_line' id='line_1_69' title="bbox 360 3768 1945 3840; baseline -0.008 -7"><span class='ocrx_word' id='word_1_460' title='bbox 360 3779 527 3833; x_wconf 90' lang='lat' dir='ltr'><strong>rieuti</strong></span> <span class='ocrx_word' id='word_1_461' title='bbox 551 3776 754 3840; x_wconf 78' lang='lat' dir='ltr'><strong>adfuit,</strong></span> <span class='ocrx_word' id='word_1_462' title='bbox 786 3784 839 3829; x_wconf 89' lang='lat' dir='ltr'><strong>et</strong></span> <span class='ocrx_word' id='word_1_463' title='bbox 883 3774 996 3828; x_wconf 89' lang='lat' dir='ltr'><strong>Deo</strong></span> <span class='ocrx_word' id='word_1_464' title='bbox 1028 3782 1167 3827; x_wconf 90' lang='lat' dir='ltr'><strong>teste</strong></span> <span class='ocrx_word' id='word_1_465' title='bbox 1199 3771 1387 3825; x_wconf 89' lang='lat' dir='ltr'><strong>tuultis</strong></span> <span class='ocrx_word' id='word_1_466' title='bbox 1431 3769 1803 3840; x_wconf 73' lang='lat' dir='ltr'><strong>praesentibus</strong></span> <span class='ocrx_word' id='word_1_467' title='bbox 1838 3768 1945 3821; x_wconf 84' lang='lat' dir='ltr'><strong>Ec-</strong></span> 
     </span>
    </p>
   </div>
   <div class='ocr_carea' id='block_1_70' title="bbox 360 3861 1949 3926">
    <p class='ocr_par' dir='ltr' id='par_1_70' title="bbox 360 3861 1949 3926">
     <span class='ocr_line' id='line_1_70' title="bbox 360 3861 1949 3926; baseline -0.006 0"><span class='ocrx_word' id='word_1_468' title='bbox 360 3870 545 3926; x_wconf 62' lang='lat' dir='ltr'><strong>clesiae</strong></span> <span class='ocrx_word' id='word_1_469' title='bbox 589 3885 702 3925; x_wconf 76' lang='lat' dir='ltr'><strong>sua:</strong></span> <span class='ocrx_word' id='word_1_470' title='bbox 731 3866 998 3921; x_wconf 84' lang='lat' dir='ltr'><strong>adversus</strong></span> <span class='ocrx_word' id='word_1_471' title='bbox 1057 3863 1283 3918; x_wconf 87' lang='lat' dir='ltr'><strong>Latinos</strong></span> <span class='ocrx_word' id='word_1_472' title='bbox 1339 3861 1717 3919; x_wconf 73' lang='lat' dir='ltr'><strong>defensionem</strong></span> <span class='ocrx_word' id='word_1_473' title='bbox 1769 3861 1823 3914; x_wconf 89' lang='lat' dir='ltr'><strong>iu</strong></span> <span class='ocrx_word' id='word_1_474' title='bbox 1891 3876 1949 3916; x_wconf 91' lang='lat' dir='ltr'><strong>se</strong></span> 
     </span>
    </p>
   </div>
   <div class='ocr_carea' id='block_1_71' title="bbox 361 3953 1948 4033">
    <p class='ocr_par' dir='ltr' id='par_1_71' title="bbox 361 3953 1948 4033">
     <span class='ocr_line' id='line_1_71' title="bbox 361 3953 1948 4033; baseline -0.009 -14"><span class='ocrx_word' id='word_1_475' title='bbox 361 3966 610 4033; x_wconf 89' lang='lat' dir='ltr'><strong>recepit,</strong></span> <span class='ocrx_word' id='word_1_476' title='bbox 646 3961 851 4031; x_wconf 87' lang='lat' dir='ltr'><strong>quique</strong></span> <span class='ocrx_word' id='word_1_477' title='bbox 894 3967 971 4012; x_wconf 90' lang='lat' dir='ltr'><strong>tot</strong></span> <span class='ocrx_word' id='word_1_478' title='bbox 1013 3956 1185 4011; x_wconf 89' lang='lat' dir='ltr'><strong>libros</strong></span> <span class='ocrx_word' id='word_1_479' title='bbox 1210 3955 1381 4010; x_wconf 84' lang='lat' dir='ltr'><strong>edidit</strong></span> <span class='ocrx_word' id='word_1_480' title='bbox 1413 3956 1615 4025; x_wconf 89' lang='lat' dir='ltr'><strong>quibus</strong></span> <span class='ocrx_word' id='word_1_481' title='bbox 1642 3955 1773 4009; x_wconf 90' lang='lat' dir='ltr'><strong>unio</strong></span> <span class='ocrx_word' id='word_1_482' title='bbox 1819 3953 1948 4008; x_wconf 83' lang='lat' dir='ltr'><strong>Flu-</strong></span> 
     </span>
    </p>
   </div>
   <div class='ocr_carea' id='block_1_72' title="bbox 362 4049 1946 4122">
    <p class='ocr_par' dir='ltr' id='par_1_72' title="bbox 362 4049 1946 4122">
     <span class='ocr_line' id='line_1_72' title="bbox 362 4049 1946 4122; baseline -0.007 -8"><span class='ocrx_word' id='word_1_483' title='bbox 362 4060 557 4115; x_wconf 65' lang='lat' dir='ltr'><strong>reutiie</strong></span> <span class='ocrx_word' id='word_1_484' title='bbox 588 4058 730 4112; x_wconf 86' lang='lat' dir='ltr'><strong>facta</strong></span> <span class='ocrx_word' id='word_1_485' title='bbox 769 4053 1197 4119; x_wconf 83' lang='lat' dir='ltr'><strong>convellerelur,</strong></span> <span class='ocrx_word' id='word_1_486' title='bbox 1255 4050 1350 4122; x_wconf 90' lang='lat' dir='ltr'><strong>qui</strong></span> <span class='ocrx_word' id='word_1_487' title='bbox 1384 4049 1607 4107; x_wconf 79' lang='lat' dir='ltr'><strong>Graecos</strong></span> <span class='ocrx_word' id='word_1_488' title='bbox 1667 4049 1946 4104; x_wconf 86' lang='lat' dir='ltr'><strong>antistites</strong></span> 
     </span>
    </p>
   </div>
   <div class='ocr_carea' id='block_1_73' title="bbox 359 4143 1947 4207">
    <p class='ocr_par' dir='ltr' id='par_1_73' title="bbox 359 4143 1947 4207">
     <span class='ocr_line' id='line_1_73' title="bbox 359 4143 1947 4207; baseline -0.007 0"><span class='ocrx_word' id='word_1_489' title='bbox 359 4152 544 4207; x_wconf 87' lang='lat' dir='ltr'><strong>adhuc</strong></span> <span class='ocrx_word' id='word_1_490' title='bbox 598 4150 777 4204; x_wconf 89' lang='lat' dir='ltr'><strong>laicus</strong></span> <span class='ocrx_word' id='word_1_491' title='bbox 814 4164 843 4202; x_wconf 88' lang='lat' dir='ltr'><strong>a</strong></span> <span class='ocrx_word' id='word_1_492' title='bbox 902 4146 1219 4202; x_wconf 90' lang='lat' dir='ltr'><strong>eorouando</strong></span> <span class='ocrx_word' id='word_1_493' title='bbox 1258 4143 1626 4200; x_wconf 88' lang='lat' dir='ltr'><strong>Constantino</strong></span> <span class='ocrx_word' id='word_1_494' title='bbox 1653 4144 1947 4207; x_wconf 86' lang='lat' dir='ltr'><strong>deterruit,</strong></span> 
     </span>
    </p>
   </div>
   <div class='ocr_carea' id='block_1_74' title="bbox 356 4237 1942 4307">
    <p class='ocr_par' dir='ltr' id='par_1_74' title="bbox 356 4237 1942 4307">
     <span class='ocr_line' id='line_1_74' title="bbox 356 4237 1942 4307; baseline -0.007 -7"><span class='ocrx_word' id='word_1_495' title='bbox 356 4253 413 4300; x_wconf 88' lang='lat' dir='ltr'><strong>et</strong></span> <span class='ocrx_word' id='word_1_496' title='bbox 455 4244 670 4299; x_wconf 82' lang='lat' dir='ltr'><strong>tandem</strong></span> <span class='ocrx_word' id='word_1_497' title='bbox 706 4243 760 4296; x_wconf 94' lang='lat' dir='ltr'><strong>in</strong></span> <span class='ocrx_word' id='word_1_498' title='bbox 798 4240 1195 4296; x_wconf 88' lang='lat' dir='ltr'><strong>monasterium</strong></span> <span class='ocrx_word' id='word_1_499' title='bbox 1248 4253 1309 4294; x_wconf 89' lang='lat' dir='ltr'><strong>se</strong></span> <span class='ocrx_word' id='word_1_500' title='bbox 1348 4238 1560 4307; x_wconf 91' lang='lat' dir='ltr'><strong>recepit</strong></span> <span class='ocrx_word' id='word_1_501' title='bbox 1612 4237 1778 4306; x_wconf 92' lang='lat' dir='ltr'><strong>paulo</strong></span> <span class='ocrx_word' id='word_1_502' title='bbox 1809 4242 1942 4290; x_wconf 85' lang='lat' dir='ltr'><strong>ante</strong></span> 
     </span>
    </p>
   </div>
   <div class='ocr_carea' id='block_1_75' title="bbox 357 4326 1943 4409">
    <p class='ocr_par' dir='ltr' id='par_1_75' title="bbox 357 4326 1943 4409">
     <span class='ocr_line' id='line_1_75' title="bbox 357 4326 1943 4409; baseline -0.009 -15"><span class='ocrx_word' id='word_1_503' title='bbox 357 4350 573 4409; x_wconf 91' lang='lat' dir='ltr'><strong>captam</strong></span> <span class='ocrx_word' id='word_1_504' title='bbox 614 4336 831 4394; x_wconf 86' lang='lat' dir='ltr'><strong>urbem.</strong></span> <span class='ocrx_word' id='word_1_505' title='bbox 861 4333 995 4400; x_wconf 80' lang='lat' dir='ltr'><strong>Quae</strong></span> <span class='ocrx_word' id='word_1_506' title='bbox 1028 4334 1217 4387; x_wconf 89' lang='lat' dir='ltr'><strong>omnia</strong></span> <span class='ocrx_word' id='word_1_507' title='bbox 1258 4346 1325 4385; x_wconf 79' lang='lat' dir='ltr'><strong>ex</strong></span> <span class='ocrx_word' id='word_1_508' title='bbox 1358 4330 1476 4385; x_wconf 83' lang='lat' dir='ltr'><strong>sola</strong></span> <span class='ocrx_word' id='word_1_509' title='bbox 1502 4329 1571 4383; x_wconf 91' lang='lat' dir='ltr'><strong>ad</strong></span> <span class='ocrx_word' id='word_1_510' title='bbox 1622 4326 1943 4385; x_wconf 88' lang='lat' dir='ltr'><strong>Constanti-</strong></span> 
     </span>
    </p>
   </div>
   <div class='ocr_carea' id='block_1_76' title="bbox 2052 3118 3629 3190">
    <p class='ocr_par' dir='ltr' id='par_1_76' title="bbox 2052 3118 3629 3190">
     <span class='ocr_line' id='line_1_76' title="bbox 2052 3118 3629 3190; baseline 0.002 -16"><span class='ocrx_word' id='word_1_511' title='bbox 2052 3119 2345 3175; x_wconf 88' lang='lat' dir='ltr'><strong>scribeutis</strong></span> <span class='ocrx_word' id='word_1_512' title='bbox 2373 3120 2540 3175; x_wconf 86' lang='lat' dir='ltr'><strong>verba</strong></span> <span class='ocrx_word' id='word_1_513' title='bbox 2575 3118 2788 3175; x_wconf 84' lang='lat' dir='ltr'><strong>referre</strong></span> <span class='ocrx_word' id='word_1_514' title='bbox 2842 3135 2909 3175; x_wconf 80' lang='lat' dir='ltr'><strong>ex</strong></span> <span class='ocrx_word' id='word_1_515' title='bbox 2991 3119 3199 3176; x_wconf 88' lang='lat' dir='ltr'><strong>inedita</strong></span> <span class='ocrx_word' id='word_1_516' title='bbox 3257 3121 3501 3190; x_wconf 81' lang='lat' dir='ltr'><strong>Epistula</strong></span> <span class='ocrx_word' id='word_1_517' title='bbox 3558 3124 3629 3178; x_wconf 89' lang='lat' dir='ltr'><strong>ad</strong></span> 
     </span>
    </p>
   </div>
   <div class='ocr_carea' id='block_1_77' title="bbox 2055 3212 3636 3284">
    <p class='ocr_par' dir='ltr' id='par_1_77' title="bbox 2055 3212 3636 3284">
     <span class='ocr_line' id='line_1_77' title="bbox 2055 3212 3636 3284; baseline 0.003 -19"><span class='ocrx_word' id='word_1_518' title='bbox 2055 3212 2205 3267; x_wconf 91' lang='lat' dir='ltr'><strong>cives</strong></span> <span class='ocrx_word' id='word_1_519' title='bbox 2236 3227 2369 3268; x_wconf 89' lang='lat' dir='ltr'><strong>suos</strong></span> <span class='ocrx_word' id='word_1_520' title='bbox 2400 3213 2812 3269; x_wconf 85' lang='lat' dir='ltr'><strong>ecclesiasticos</strong></span> <span class='ocrx_word' id='word_1_521' title='bbox 2856 3222 2911 3267; x_wconf 91' lang='lat' dir='ltr'><strong>et</strong></span> <span class='ocrx_word' id='word_1_522' title='bbox 2939 3214 3255 3279; x_wconf 79' lang='lat' dir='ltr'><strong>sareulares,</strong></span> <span class='ocrx_word' id='word_1_523' title='bbox 3284 3216 3485 3284; x_wconf 79' lang='lat' dir='ltr'><strong>scripta</strong></span> <span class='ocrx_word' id='word_1_524' title='bbox 3541 3232 3636 3270; x_wconf 76' lang='lat' dir='ltr'><strong>sex</strong></span> 
     </span>
    </p>
   </div>
   <div class='ocr_carea' id='block_1_78' title="bbox 2052 3306 3638 3378">
    <p class='ocr_par' dir='ltr' id='par_1_78' title="bbox 2052 3306 3638 3378">
     <span class='ocr_line' id='line_1_78' title="bbox 2052 3306 3638 3378; baseline 0.004 -19"><span class='ocrx_word' id='word_1_525' title='bbox 2052 3312 2179 3360; x_wconf 89' lang='lat' dir='ltr'><strong>ante</strong></span> <span class='ocrx_word' id='word_1_526' title='bbox 2211 3313 2428 3375; x_wconf 74' lang='lat' dir='ltr'><strong>Captum</strong></span> <span class='ocrx_word' id='word_1_527' title='bbox 2498 3307 2697 3359; x_wconf 88' lang='lat' dir='ltr'><strong>urbem</strong></span> <span class='ocrx_word' id='word_1_528' title='bbox 2762 3306 3070 3363; x_wconf 88' lang='lat' dir='ltr'><strong>mensibus.</strong></span> <span class='ocrx_word' id='word_1_529' title='bbox 3130 3307 3423 3378; x_wconf 79' lang='lat' dir='ltr'><strong>Postquam</strong></span> <span class='ocrx_word' id='word_1_530' title='bbox 3482 3309 3638 3365; x_wconf 88' lang='lat' dir='ltr'><strong>initio</strong></span> 
     </span>
    </p>
   </div>
   <div class='ocr_carea' id='block_1_79' title="bbox 2051 3397 3635 3466">
    <p class='ocr_par' dir='ltr' id='par_1_79' title="bbox 2051 3397 3635 3466">
     <span class='ocr_line' id='line_1_79' title="bbox 2051 3397 3635 3466; baseline 0.004 -16"><span class='ocrx_word' id='word_1_531' title='bbox 2051 3404 2278 3465; x_wconf 92' lang='lat' dir='ltr'><strong>questus</strong></span> <span class='ocrx_word' id='word_1_532' title='bbox 2318 3406 2401 3451; x_wconf 89' lang='lat' dir='ltr'><strong>est</strong></span> <span class='ocrx_word' id='word_1_533' title='bbox 2448 3397 2556 3465; x_wconf 88' lang='lat' dir='ltr'><strong>peti</strong></span> <span class='ocrx_word' id='word_1_534' title='bbox 2591 3413 2649 3452; x_wconf 91' lang='lat' dir='ltr'><strong>se</strong></span> <span class='ocrx_word' id='word_1_535' title='bbox 2695 3398 2865 3452; x_wconf 87' lang='lat' dir='ltr'><strong>variis</strong></span> <span class='ocrx_word' id='word_1_536' title='bbox 2914 3399 3264 3454; x_wconf 89' lang='lat' dir='ltr'><strong>inimicorum</strong></span> <span class='ocrx_word' id='word_1_537' title='bbox 3317 3403 3635 3466; x_wconf 81' lang='lat' dir='ltr'><strong>calumniis,</strong></span> 
     </span>
    </p>
   </div>
   <div class='ocr_carea' id='block_1_80' title="bbox 2051 3487 3637 3560">
    <p class='ocr_par' dir='ltr' id='par_1_80' title="bbox 2051 3487 3637 3560">
     <span class='ocr_line' id='line_1_80' title="bbox 2051 3487 3637 3560; baseline 0.005 -21"><span class='ocrx_word' id='word_1_538' title='bbox 2051 3487 2310 3541; x_wconf 72' lang='lat' dir='ltr'><strong>intentari</strong></span> <span class='ocrx_word' id='word_1_539' title='bbox 2364 3490 2538 3542; x_wconf 84' lang='lat' dir='ltr'><strong>minas</strong></span> <span class='ocrx_word' id='word_1_540' title='bbox 2575 3488 2741 3543; x_wconf 87' lang='lat' dir='ltr'><strong>:Non</strong></span> <span class='ocrx_word' id='word_1_541' title='bbox 2788 3489 2923 3553; x_wconf 87' lang='lat' dir='ltr'><strong>alia,</strong></span> <span class='ocrx_word' id='word_1_542' title='bbox 2989 3492 3191 3560; x_wconf 82' lang='lat' dir='ltr'><strong>inquit,</strong></span> <span class='ocrx_word' id='word_1_543' title='bbox 3258 3497 3467 3549; x_wconf 79' lang='lat' dir='ltr'><strong>ratione</strong></span> <span class='ocrx_word' id='word_1_544' title='bbox 3538 3497 3637 3549; x_wconf 88' lang='lat' dir='ltr'><strong>nisi</strong></span> 
     </span>
    </p>
   </div>
   <div class='ocr_carea' id='block_1_81' title="bbox 2049 3580 3633 3654">
    <p class='ocr_par' dir='ltr' id='par_1_81' title="bbox 2049 3580 3633 3654">
     <span class='ocr_line' id='line_1_81' title="bbox 2049 3580 3633 3654; baseline 0.003 -20"><span class='ocrx_word' id='word_1_545' title='bbox 2049 3581 2186 3651; x_wconf 85' lang='lat' dir='ltr'><strong>quod</strong></span> <span class='ocrx_word' id='word_1_546' title='bbox 2219 3580 2465 3634; x_wconf 81' lang='lat' dir='ltr'><strong>nolumus</strong></span> <span class='ocrx_word' id='word_1_547' title='bbox 2506 3583 2754 3650; x_wconf 86' lang='lat' dir='ltr'><strong>separari</strong></span> <span class='ocrx_word' id='word_1_548' title='bbox 2781 3598 2812 3635; x_wconf 89' lang='lat' dir='ltr'><strong>a</strong></span> <span class='ocrx_word' id='word_1_549' title='bbox 2839 3584 3024 3650; x_wconf 87' lang='lat' dir='ltr'><strong>patria</strong></span> <span class='ocrx_word' id='word_1_550' title='bbox 3054 3586 3436 3654; x_wconf 84' lang='lat' dir='ltr'><strong>traditione,et</strong></span> <span class='ocrx_word' id='word_1_551' title='bbox 3468 3588 3633 3641; x_wconf 82' lang='lat' dir='ltr'><strong>simul</strong></span> 
     </span>
    </p>
   </div>
   <div class='ocr_carea' id='block_1_82' title="bbox 2051 3677 3640 3745">
    <p class='ocr_par' dir='ltr' id='par_1_82' title="bbox 2051 3677 3640 3745">
     <span class='ocr_line' id='line_1_82' title="bbox 2051 3677 3640 3745; baseline 0.004 -14"><span class='ocrx_word' id='word_1_552' title='bbox 2051 3694 2167 3731; x_wconf 88' lang='lat' dir='ltr'><strong>cum</strong></span> <span class='ocrx_word' id='word_1_553' title='bbox 2187 3678 2316 3745; x_wconf 85' lang='lat' dir='ltr'><strong>ipsis</strong></span> <span class='ocrx_word' id='word_1_554' title='bbox 2353 3677 2684 3745; x_wconf 83' lang='lat' dir='ltr'><strong>impudentes</strong></span> <span class='ocrx_word' id='word_1_555' title='bbox 2719 3687 2909 3732; x_wconf 89' lang='lat' dir='ltr'><strong>contra</strong></span> <span class='ocrx_word' id='word_1_556' title='bbox 2950 3678 3116 3731; x_wconf 78' lang='lat' dir='ltr'><strong>Deum</strong></span> <span class='ocrx_word' id='word_1_557' title='bbox 3184 3696 3316 3736; x_wconf 82' lang='lat' dir='ltr'><strong>esse.</strong></span> <span class='ocrx_word' id='word_1_558' title='bbox 3389 3681 3516 3735; x_wconf 71' lang='lat' dir='ltr'><strong>Nisi</strong></span> <span class='ocrx_word' id='word_1_559' title='bbox 3541 3682 3640 3737; x_wconf 83' lang='lat' dir='ltr'><strong>de-</strong></span> 
     </span>
    </p>
   </div>
   <div class='ocr_carea' id='block_1_83' title="bbox 2053 3768 3637 3839">
    <p class='ocr_par' dir='ltr' id='par_1_83' title="bbox 2053 3768 3637 3839">
     <span class='ocr_line' id='line_1_83' title="bbox 2053 3768 3637 3839; baseline 0.001 -14"><span class='ocrx_word' id='word_1_560' title='bbox 2053 3771 2227 3826; x_wconf 85' lang='lat' dir='ltr'><strong>sidero</strong></span> <span class='ocrx_word' id='word_1_561' title='bbox 2264 3787 2443 3839; x_wconf 88' lang='lat' dir='ltr'><strong>pacem</strong></span> <span class='ocrx_word' id='word_1_562' title='bbox 2481 3768 2872 3838; x_wconf 84' lang='lat' dir='ltr'><strong>Ecclesiarum,</strong></span> <span class='ocrx_word' id='word_1_563' title='bbox 2918 3781 2967 3825; x_wconf 88' lang='lat' dir='ltr'><strong>et</strong></span> <span class='ocrx_word' id='word_1_564' title='bbox 2989 3776 3327 3827; x_wconf 82' lang='lat' dir='ltr'><strong>concordiam</strong></span> <span class='ocrx_word' id='word_1_565' title='bbox 3369 3772 3637 3827; x_wconf 74' lang='lat' dir='ltr'><strong>Christia-</strong></span> 
     </span>
    </p>
   </div>
   <div class='ocr_carea' id='block_1_84' title="bbox 2053 3862 3637 3932">
    <p class='ocr_par' dir='ltr' id='par_1_84' title="bbox 2053 3862 3637 3932">
     <span class='ocr_line' id='line_1_84' title="bbox 2053 3862 3637 3932; baseline 0.003 -17"><span class='ocrx_word' id='word_1_566' title='bbox 2053 3881 2241 3917; x_wconf 86' lang='lat' dir='ltr'><strong>norum</strong></span> <span class='ocrx_word' id='word_1_567' title='bbox 2295 3863 2551 3928; x_wconf 87' lang='lat' dir='ltr'><strong>omnium,</strong></span> <span class='ocrx_word' id='word_1_568' title='bbox 2590 3862 2681 3917; x_wconf 87' lang='lat' dir='ltr'><strong>sed</strong></span> <span class='ocrx_word' id='word_1_569' title='bbox 2721 3880 2919 3931; x_wconf 80' lang='lat' dir='ltr'><strong>veram,</strong></span> <span class='ocrx_word' id='word_1_570' title='bbox 2984 3865 3342 3932; x_wconf 85' lang='lat' dir='ltr'><strong>spiritualem,</strong></span> <span class='ocrx_word' id='word_1_571' title='bbox 3392 3868 3637 3920; x_wconf 81' lang='lat' dir='ltr'><strong>ecclesia-</strong></span> 
     </span>
    </p>
   </div>
   <div class='ocr_carea' id='block_1_85' title="bbox 2050 3954 3637 4028">
    <p class='ocr_par' dir='ltr' id='par_1_85' title="bbox 2050 3954 3637 4028">
     <span class='ocr_line' id='line_1_85' title="bbox 2050 3954 3637 4028; baseline 0.003 -18"><span class='ocrx_word' id='word_1_572' title='bbox 2050 3957 2264 4017; x_wconf 86' lang='lat' dir='ltr'><strong>sticam,</strong></span> <span class='ocrx_word' id='word_1_573' title='bbox 2289 3954 2495 4023; x_wconf 80' lang='lat' dir='ltr'><strong>justam</strong></span> <span class='ocrx_word' id='word_1_574' title='bbox 2534 3967 2583 4011; x_wconf 90' lang='lat' dir='ltr'><strong>et</strong></span> <span class='ocrx_word' id='word_1_575' title='bbox 2626 3957 2941 4024; x_wconf 81' lang='lat' dir='ltr'><strong>salutarem,</strong></span> <span class='ocrx_word' id='word_1_576' title='bbox 2975 3960 3087 4012; x_wconf 81' lang='lat' dir='ltr'><strong>vita</strong></span> <span class='ocrx_word' id='word_1_577' title='bbox 3114 3976 3228 4013; x_wconf 89' lang='lat' dir='ltr'><strong>mea</strong></span> <span class='ocrx_word' id='word_1_578' title='bbox 3270 3976 3397 4028; x_wconf 85' lang='lat' dir='ltr'><strong>pace</strong></span> <span class='ocrx_word' id='word_1_579' title='bbox 3429 3969 3637 4015; x_wconf 82' lang='lat' dir='ltr'><strong>careat.</strong></span> 
     </span>
    </p>
   </div>
   <div class='ocr_carea' id='block_1_86' title="bbox 2056 4049 3637 4123">
    <p class='ocr_par' dir='ltr' id='par_1_86' title="bbox 2056 4049 3637 4123">
     <span class='ocr_line' id='line_1_86' title="bbox 2056 4049 3637 4123; baseline 0.003 -21"><span class='ocrx_word' id='word_1_580' title='bbox 2056 4049 2129 4103; x_wconf 84' lang='lat' dir='ltr'><strong>De</strong></span> <span class='ocrx_word' id='word_1_581' title='bbox 2155 4050 2327 4119; x_wconf 87' lang='lat' dir='ltr'><strong>primo</strong></span> <span class='ocrx_word' id='word_1_582' title='bbox 2355 4058 2527 4102; x_wconf 82' lang='lat' dir='ltr'><strong>autem</strong></span> <span class='ocrx_word' id='word_1_583' title='bbox 2556 4051 2750 4117; x_wconf 83' lang='lat' dir='ltr'><strong>capite,</strong></span> <span class='ocrx_word' id='word_1_584' title='bbox 2781 4067 2966 4119; x_wconf 84' lang='lat' dir='ltr'><strong>nempe</strong></span> <span class='ocrx_word' id='word_1_585' title='bbox 2994 4052 3137 4122; x_wconf 88' lang='lat' dir='ltr'><strong>quod</strong></span> <span class='ocrx_word' id='word_1_586' title='bbox 3165 4052 3472 4123; x_wconf 79' lang='lat' dir='ltr'><strong>religionem</strong></span> <span class='ocrx_word' id='word_1_587' title='bbox 3505 4055 3637 4107; x_wconf 80' lang='lat' dir='ltr'><strong>atti—</strong></span> 
     </span>
    </p>
   </div>
   <div class='ocr_carea' id='block_1_87' title="bbox 2051 4141 3641 4215">
    <p class='ocr_par' dir='ltr' id='par_1_87' title="bbox 2051 4141 3641 4215">
     <span class='ocr_line' id='line_1_87' title="bbox 2051 4141 3641 4215; baseline 0.001 -20"><span class='ocrx_word' id='word_1_588' title='bbox 2051 4142 2226 4204; x_wconf 81' lang='lat' dir='ltr'><strong>nebat,</strong></span> <span class='ocrx_word' id='word_1_589' title='bbox 2251 4141 2369 4194; x_wconf 83' lang='lat' dir='ltr'><strong>dico</strong></span> <span class='ocrx_word' id='word_1_590' title='bbox 2386 4151 2433 4194; x_wconf 85' lang='lat' dir='ltr'><strong>et</strong></span> <span class='ocrx_word' id='word_1_591' title='bbox 2456 4151 2614 4195; x_wconf 87' lang='lat' dir='ltr'><strong>testor</strong></span> <span class='ocrx_word' id='word_1_592' title='bbox 2630 4142 2767 4212; x_wconf 81' lang='lat' dir='ltr'><strong>quod</strong></span> <span class='ocrx_word' id='word_1_593' title='bbox 2785 4143 2919 4197; x_wconf 86' lang='lat' dir='ltr'><strong>hanc</strong></span> <span class='ocrx_word' id='word_1_594' title='bbox 2934 4161 3027 4215; x_wconf 85' lang='lat' dir='ltr'><strong>ego</strong></span> <span class='ocrx_word' id='word_1_595' title='bbox 3045 4156 3283 4198; x_wconf 87' lang='lat' dir='ltr'><strong>sanctam</strong></span> <span class='ocrx_word' id='word_1_596' title='bbox 3306 4156 3521 4198; x_wconf 85' lang='lat' dir='ltr'><strong>matrem</strong></span> <span class='ocrx_word' id='word_1_597' title='bbox 3538 4145 3641 4199; x_wconf 84' lang='lat' dir='ltr'><strong>Ec-</strong></span> 
     </span>
    </p>
   </div>
   <div class='ocr_carea' id='block_1_88' title="bbox 2051 4236 3640 4305">
    <p class='ocr_par' dir='ltr' id='par_1_88' title="bbox 2051 4236 3640 4305">
     <span class='ocr_line' id='line_1_88' title="bbox 2051 4236 3640 4305; baseline 0 -14"><span class='ocrx_word' id='word_1_598' title='bbox 2051 4237 2268 4291; x_wconf 86' lang='lat' dir='ltr'><strong>clesiam</strong></span> <span class='ocrx_word' id='word_1_599' title='bbox 2287 4253 2402 4289; x_wconf 87' lang='lat' dir='ltr'><strong>cum</strong></span> <span class='ocrx_word' id='word_1_600' title='bbox 2427 4236 2551 4290; x_wconf 73' lang='lat' dir='ltr'><strong>aliis</strong></span> <span class='ocrx_word' id='word_1_601' title='bbox 2573 4236 2741 4292; x_wconf 80' lang='lat' dir='ltr'><strong>tribus</strong></span> <span class='ocrx_word' id='word_1_602' title='bbox 2759 4239 3114 4293; x_wconf 81' lang='lat' dir='ltr'><strong>sanctissimis</strong></span> <span class='ocrx_word' id='word_1_603' title='bbox 3136 4239 3457 4305; x_wconf 84' lang='lat' dir='ltr'><strong>patriarchis</strong></span> <span class='ocrx_word' id='word_1_604' title='bbox 3479 4239 3640 4292; x_wconf 85' lang='lat' dir='ltr'><strong>habui</strong></span> 
     </span>
    </p>
   </div>
   <div class='ocr_carea' id='block_1_89' title="bbox 2051 4329 3641 4400">
    <p class='ocr_par' dir='ltr' id='par_1_89' title="bbox 2051 4329 3641 4400">
     <span class='ocr_line' id='line_1_89' title="bbox 2051 4329 3641 4400; baseline 0 -16"><span class='ocrx_word' id='word_1_605' title='bbox 2051 4347 2251 4399; x_wconf 80' lang='lat' dir='ltr'><strong>semper</strong></span> <span class='ocrx_word' id='word_1_606' title='bbox 2274 4338 2324 4384; x_wconf 86' lang='lat' dir='ltr'><strong>et</strong></span> <span class='ocrx_word' id='word_1_607' title='bbox 2356 4329 2518 4382; x_wconf 86' lang='lat' dir='ltr'><strong>habeo</strong></span> <span class='ocrx_word' id='word_1_608' title='bbox 2557 4340 2810 4400; x_wconf 87' lang='lat' dir='ltr'><strong>tanquam</strong></span> <span class='ocrx_word' id='word_1_609' title='bbox 2844 4348 3019 4384; x_wconf 85' lang='lat' dir='ltr'><strong>verant</strong></span> <span class='ocrx_word' id='word_1_610' title='bbox 3046 4329 3273 4384; x_wconf 79' lang='lat' dir='ltr'><strong>Matrem</strong></span> <span class='ocrx_word' id='word_1_611' title='bbox 3304 4333 3641 4385; x_wconf 66' lang='lat' dir='ltr'><strong>orthodoxa-</strong></span> 
     </span>
    </p>
   </div>
   <div class='ocr_carea' id='block_1_90' title="bbox 358 4409 3639 4499">
    <p class='ocr_par' dir='ltr' id='par_1_90' title="bbox 358 4409 3639 4499">
     <span class='ocr_line' id='line_1_90' title="bbox 358 4409 3639 4499; baseline -0.003 -14"><span class='ocrx_word' id='word_1_612' title='bbox 358 4447 488 4485; x_wconf 89' lang='lat' dir='ltr'><strong>num</strong></span> <span class='ocrx_word' id='word_1_613' title='bbox 523 4428 754 4499; x_wconf 87' lang='lat' dir='ltr'><strong>epistola</strong></span> <span class='ocrx_word' id='word_1_614' title='bbox 792 4436 905 4481; x_wconf 86' lang='lat' dir='ltr'><strong>tam</strong></span> <span class='ocrx_word' id='word_1_615' title='bbox 932 4426 1227 4495; x_wconf 88' lang='lat' dir='ltr'><strong>perspicue</strong></span> <span class='ocrx_word' id='word_1_616' title='bbox 1286 4422 1762 4485; x_wconf 87' lang='lat' dir='ltr'><strong>demonstrantur,</strong></span> <span class='ocrx_word' id='word_1_617' title='bbox 1798 4428 1857 4473; x_wconf 90' lang='lat' dir='ltr'><strong>ut</strong></span> <span class='ocrx_word' id='word_1_618' title='bbox 1889 4421 1941 4472; x_wconf 92' lang='lat' dir='ltr'><strong>in</strong></span> <span class='ocrx_word' id='word_1_619' title='bbox 1985 4409 2027 4462; x_wconf 73' lang='grc' dir='ltr'><strong>ί)</strong></span> <span class='ocrx_word' id='word_1_620' title='bbox 2059 4439 2173 4475; x_wconf 85' lang='lat' dir='ltr'><strong>rum</strong></span> <span class='ocrx_word' id='word_1_621' title='bbox 2225 4420 2681 4484; x_wconf 87' lang='lat' dir='ltr'><strong>Christianorum,</strong></span> <span class='ocrx_word' id='word_1_622' title='bbox 2715 4423 2769 4474; x_wconf 89' lang='lat' dir='ltr'><strong>in</strong></span> <span class='ocrx_word' id='word_1_623' title='bbox 2811 4425 3096 4490; x_wconf 82' lang='lat' dir='ltr'><strong>qua,sicul</strong></span> <span class='ocrx_word' id='word_1_624' title='bbox 3131 4423 3285 4477; x_wconf 87' lang='lat' dir='ltr'><strong>initio</strong></span> <span class='ocrx_word' id='word_1_625' title='bbox 3304 4423 3639 4491; x_wconf 67' lang='lat' dir='ltr'><strong>prmdicalio&#39;</strong></span> 
     </span>
    </p>
   </div>
   <div class='ocr_carea' id='block_1_91' title="bbox 357 4512 1935 4581">
    <p class='ocr_par' dir='ltr' id='par_1_91' title="bbox 357 4512 1935 4581">
     <span class='ocr_line' id='line_1_91' title="bbox 357 4512 1935 4581; baseline -0.007 -8"><span class='ocrx_word' id='word_1_626' title='bbox 357 4520 658 4574; x_wconf 84' lang='lat' dir='ltr'><strong>obscurum</strong></span> <span class='ocrx_word' id='word_1_627' title='bbox 688 4516 918 4571; x_wconf 90' lang='lat' dir='ltr'><strong>alterum</strong></span> <span class='ocrx_word' id='word_1_628' title='bbox 954 4514 1301 4569; x_wconf 86' lang='lat' dir='ltr'><strong>Gennadium</strong></span> <span class='ocrx_word' id='word_1_629' title='bbox 1344 4512 1546 4567; x_wconf 87' lang='lat' dir='ltr'><strong>cadere</strong></span> <span class='ocrx_word' id='word_1_630' title='bbox 1582 4524 1935 4581; x_wconf 85' lang='lat' dir='ltr'><strong>nequaquam</strong></span> 
     </span>
    </p>
   </div>
   <div class='ocr_carea' id='block_1_92' title="bbox 361 4599 1941 4675">
    <p class='ocr_par' dir='ltr' id='par_1_92' title="bbox 361 4599 1941 4675">
     <span class='ocr_line' id='line_1_92' title="bbox 361 4599 1941 4675; baseline -0.001 -21"><span class='ocrx_word' id='word_1_631' title='bbox 361 4606 595 4675; x_wconf 83' lang='lat' dir='ltr'><strong>possint,</strong></span> <span class='ocrx_word' id='word_1_632' title='bbox 635 4618 797 4673; x_wconf 89' lang='lat' dir='ltr'><strong>quem</strong></span> <span class='ocrx_word' id='word_1_633' title='bbox 825 4602 1165 4657; x_wconf 81' lang='lat' dir='ltr'><strong>Florentiain</strong></span> <span class='ocrx_word' id='word_1_634' title='bbox 1236 4600 1425 4665; x_wconf 86' lang='lat' dir='ltr'><strong>ivisse,</strong></span> <span class='ocrx_word' id='word_1_635' title='bbox 1451 4600 1647 4656; x_wconf 89' lang='lat' dir='ltr'><strong>unioni</strong></span> <span class='ocrx_word' id='word_1_636' title='bbox 1709 4599 1941 4665; x_wconf 86' lang='lat' dir='ltr'><strong>favisse,</strong></span> 
     </span>
    </p>
   </div>
   <div class='ocr_carea' id='block_1_93' title="bbox 362 4692 1948 4768">
    <p class='ocr_par' dir='ltr' id='par_1_93' title="bbox 362 4692 1948 4768">
     <span class='ocr_line' id='line_1_93' title="bbox 362 4692 1948 4768; baseline -0.002 -17"><span class='ocrx_word' id='word_1_637' title='bbox 362 4698 772 4768; x_wconf 61' lang='lat' dir='ltr'><strong>philoSnplium,</strong></span> <span class='ocrx_word' id='word_1_638' title='bbox 798 4695 1041 4766; x_wconf 86' lang='lat' dir='ltr'><strong>judiccm</strong></span> <span class='ocrx_word' id='word_1_639' title='bbox 1093 4694 1422 4765; x_wconf 86' lang='lat' dir='ltr'><strong>primarium</strong></span> <span class='ocrx_word' id='word_1_640' title='bbox 1446 4692 1667 4749; x_wconf 76' lang='lat' dir='ltr'><strong>Notarce</strong></span> <span class='ocrx_word' id='word_1_641' title='bbox 1727 4692 1948 4748; x_wconf 83' lang='lat' dir='ltr'><strong>amicis-</strong></span> 
     </span>
    </p>
   </div>
   <div class='ocr_carea' id='block_1_94' title="bbox 360 4789 1946 4863">
    <p class='ocr_par' dir='ltr' id='par_1_94' title="bbox 360 4789 1946 4863">
     <span class='ocr_line' id='line_1_94' title="bbox 360 4789 1946 4863; baseline -0.003 -14"><span class='ocrx_word' id='word_1_642' title='bbox 360 4797 562 4849; x_wconf 89' lang='lat' dir='ltr'><strong>simum</strong></span> <span class='ocrx_word' id='word_1_643' title='bbox 598 4793 874 4863; x_wconf 87' lang='lat' dir='ltr'><strong>(l),ltalis</strong></span> <span class='ocrx_word' id='word_1_644' title='bbox 924 4793 1105 4847; x_wconf 87' lang='lat' dir='ltr'><strong>doctis</strong></span> <span class='ocrx_word' id='word_1_645' title='bbox 1161 4790 1708 4859; x_wconf 85' lang='lat' dir='ltr'><strong>conjunctissimum,</strong></span> <span class='ocrx_word' id='word_1_646' title='bbox 1775 4789 1946 4845; x_wconf 85' lang='lat' dir='ltr'><strong>Marci</strong></span> 
     </span>
    </p>
   </div>
   <div class='ocr_carea' id='block_1_95' title="bbox 360 4882 1945 4957">
    <p class='ocr_par' dir='ltr' id='par_1_95' title="bbox 360 4882 1945 4957">
     <span class='ocr_line' id='line_1_95' title="bbox 360 4882 1945 4957; baseline -0.001 -16"><span class='ocrx_word' id='word_1_647' title='bbox 360 4887 580 4957; x_wconf 60' lang='lat' dir='ltr'><strong>Ephesii</strong></span> <span class='ocrx_word' id='word_1_648' title='bbox 611 4886 951 4957; x_wconf 87' lang='lat' dir='ltr'><strong>discipulum</strong></span> <span class='ocrx_word' id='word_1_649' title='bbox 1000 4893 1053 4940; x_wconf 92' lang='lat' dir='ltr'><strong>et</strong></span> <span class='ocrx_word' id='word_1_650' title='bbox 1104 4885 1585 4956; x_wconf 86' lang='lat' dir='ltr'><strong>pernecessarium</strong></span> <span class='ocrx_word' id='word_1_651' title='bbox 1624 4882 1819 4949; x_wconf 85' lang='lat' dir='ltr'><strong>fuisse,</strong></span> <span class='ocrx_word' id='word_1_652' title='bbox 1852 4898 1945 4939; x_wconf 90' lang='lat' dir='ltr'><strong>ne-</strong></span> 
     </span>
    </p>
   </div>
   <div class='ocr_carea' id='block_1_96' title="bbox 361 4978 1947 5048">
    <p class='ocr_par' dir='ltr' id='par_1_96' title="bbox 361 4978 1947 5048">
     <span class='ocr_line' id='line_1_96' title="bbox 361 4978 1947 5048; baseline -0.001 -15"><span class='ocrx_word' id='word_1_653' title='bbox 361 4996 450 5033; x_wconf 89' lang='lat' dir='ltr'><strong>mo</strong></span> <span class='ocrx_word' id='word_1_654' title='bbox 480 4994 719 5048; x_wconf 86' lang='lat' dir='ltr'><strong>unquam</strong></span> <span class='ocrx_word' id='word_1_655' title='bbox 756 4979 862 5033; x_wconf 92' lang='lat' dir='ltr'><strong>ullo</strong></span> <span class='ocrx_word' id='word_1_656' title='bbox 891 4979 1089 5033; x_wconf 86' lang='lat' dir='ltr'><strong>idoneo</strong></span> <span class='ocrx_word' id='word_1_657' title='bbox 1125 4978 1447 5032; x_wconf 86' lang='lat' dir='ltr'><strong>testimonio</strong></span> <span class='ocrx_word' id='word_1_658' title='bbox 1475 4979 1707 5048; x_wconf 84' lang='lat' dir='ltr'><strong>probare</strong></span> <span class='ocrx_word' id='word_1_659' title='bbox 1738 4985 1947 5047; x_wconf 72' lang='lat' dir='ltr'><strong>patest,</strong></span> 
     </span>
    </p>
   </div>
   <div class='ocr_carea' id='block_1_97' title="bbox 360 5070 1946 5141">
    <p class='ocr_par' dir='ltr' id='par_1_97' title="bbox 360 5070 1946 5141">
     <span class='ocr_line' id='line_1_97' title="bbox 360 5070 1946 5141; baseline -0.001 -14"><span class='ocrx_word' id='word_1_660' title='bbox 360 5075 533 5127; x_wconf 89' lang='lat' dir='ltr'><strong>multo</strong></span> <span class='ocrx_word' id='word_1_661' title='bbox 564 5073 747 5127; x_wconf 90' lang='lat' dir='ltr'><strong>minus</strong></span> <span class='ocrx_word' id='word_1_662' title='bbox 781 5071 832 5125; x_wconf 91' lang='lat' dir='ltr'><strong>id</strong></span> <span class='ocrx_word' id='word_1_663' title='bbox 857 5071 1001 5141; x_wconf 89' lang='lat' dir='ltr'><strong>quod</strong></span> <span class='ocrx_word' id='word_1_664' title='bbox 1024 5071 1258 5126; x_wconf 81' lang='lat' dir='ltr'><strong>Allatius</strong></span> <span class='ocrx_word' id='word_1_665' title='bbox 1291 5070 1615 5140; x_wconf 86' lang='lat' dir='ltr'><strong>palmarium</strong></span> <span class='ocrx_word' id='word_1_666' title='bbox 1649 5086 1946 5141; x_wconf 81' lang='lat' dir='ltr'><strong>argumen-</strong></span> 
     </span>
    </p>
   </div>
   <div class='ocr_carea' id='block_1_98' title="bbox 359 5163 1950 5235">
    <p class='ocr_par' dir='ltr' id='par_1_98' title="bbox 359 5163 1950 5235">
     <span class='ocr_line' id='line_1_98' title="bbox 359 5163 1950 5235; baseline -0.001 -16"><span class='ocrx_word' id='word_1_667' title='bbox 359 5178 470 5220; x_wconf 92' lang='lat' dir='ltr'><strong>tum</strong></span> <span class='ocrx_word' id='word_1_668' title='bbox 506 5166 692 5228; x_wconf 87' lang='lat' dir='ltr'><strong>habet,</strong></span> <span class='ocrx_word' id='word_1_669' title='bbox 722 5163 1071 5219; x_wconf 86' lang='lat' dir='ltr'><strong>Scholarium</strong></span> <span class='ocrx_word' id='word_1_670' title='bbox 1101 5181 1210 5219; x_wconf 90' lang='lat' dir='ltr'><strong>non</strong></span> <span class='ocrx_word' id='word_1_671' title='bbox 1246 5165 1349 5219; x_wconf 91' lang='lat' dir='ltr'><strong>nisi</strong></span> <span class='ocrx_word' id='word_1_672' title='bbox 1400 5171 1703 5235; x_wconf 88' lang='lat' dir='ltr'><strong>postquam</strong></span> <span class='ocrx_word' id='word_1_673' title='bbox 1766 5163 1950 5234; x_wconf 77' lang='lat' dir='ltr'><strong>digni—</strong></span> 
     </span>
    </p>
   </div>
   <div class='ocr_carea' id='block_1_99' title="bbox 359 5257 1940 5328">
    <p class='ocr_par' dir='ltr' id='par_1_99' title="bbox 359 5257 1940 5328">
     <span class='ocr_line' id='line_1_99' title="bbox 359 5257 1940 5328; baseline -0.001 -15"><span class='ocrx_word' id='word_1_674' title='bbox 359 5268 523 5314; x_wconf 77' lang='lat' dir='ltr'><strong>tatem</strong></span> <span class='ocrx_word' id='word_1_675' title='bbox 574 5260 906 5326; x_wconf 85' lang='lat' dir='ltr'><strong>abdicasset,</strong></span> <span class='ocrx_word' id='word_1_676' title='bbox 983 5259 1357 5313; x_wconf 81' lang='lat' dir='ltr'><strong>monasticam</strong></span> <span class='ocrx_word' id='word_1_677' title='bbox 1421 5258 1587 5312; x_wconf 81' lang='lat' dir='ltr'><strong>vitam</strong></span> <span class='ocrx_word' id='word_1_678' title='bbox 1629 5257 1940 5328; x_wconf 83' lang='lat' dir='ltr'><strong>professum</strong></span> 
     </span>
    </p>
   </div>
   <div class='ocr_carea' id='block_1_100' title="bbox 359 5367 502 5406">
    <p class='ocr_par' dir='ltr' id='par_1_100' title="bbox 359 5367 502 5406">
     <span class='ocr_line' id='line_1_100' title="bbox 359 5367 502 5406; baseline 0 -1"><span class='ocrx_word' id='word_1_679' title='bbox 359 5367 502 5406; x_wconf 70' lang='lat' dir='ltr'><strong>CSSO.</strong></span> 
     </span>
    </p>
   </div>
   <div class='ocr_carea' id='block_1_101' title="bbox 428 5441 1948 5513">
    <p class='ocr_par' dir='ltr' id='par_1_101' title="bbox 428 5441 1948 5513">
     <span class='ocr_line' id='line_1_101' title="bbox 428 5441 1948 5513; baseline -0.001 -18"><span class='ocrx_word' id='word_1_680' title='bbox 428 5444 567 5509; x_wconf 86' lang='lat' dir='ltr'><strong>Quia</strong></span> <span class='ocrx_word' id='word_1_681' title='bbox 602 5459 730 5500; x_wconf 84' lang='lat' dir='ltr'><strong>vero</strong></span> <span class='ocrx_word' id='word_1_682' title='bbox 764 5445 915 5500; x_wconf 88' lang='lat' dir='ltr'><strong>illum</strong></span> <span class='ocrx_word' id='word_1_683' title='bbox 952 5445 1006 5498; x_wconf 90' lang='lat' dir='ltr'><strong>in</strong></span> <span class='ocrx_word' id='word_1_684' title='bbox 1045 5443 1294 5499; x_wconf 76' lang='lat' dir='ltr'><strong>eamdem</strong></span> <span class='ocrx_word' id='word_1_685' title='bbox 1359 5458 1596 5513; x_wconf 81' lang='lat' dir='ltr'><strong>semper,</strong></span> <span class='ocrx_word' id='word_1_686' title='bbox 1626 5458 1789 5511; x_wconf 93' lang='lat' dir='ltr'><strong>quam</strong></span> <span class='ocrx_word' id='word_1_687' title='bbox 1825 5441 1948 5495; x_wconf 74' lang='lat' dir='ltr'><strong>Flo-</strong></span> 
     </span>
    </p>
   </div>
   <div class='ocr_carea' id='block_1_102' title="bbox 361 5533 1954 5606">
    <p class='ocr_par' dir='ltr' id='par_1_102' title="bbox 361 5533 1954 5606">
     <span class='ocr_line' id='line_1_102' title="bbox 361 5533 1954 5606; baseline -0.003 -15"><span class='ocrx_word' id='word_1_688' title='bbox 361 5537 552 5591; x_wconf 78' lang='lat' dir='ltr'><strong>rentiae</strong></span> <span class='ocrx_word' id='word_1_689' title='bbox 590 5537 1020 5606; x_wconf 60' lang='lat' dir='ltr'><strong>significaverat,</strong></span> <span class='ocrx_word' id='word_1_690' title='bbox 1060 5537 1373 5593; x_wconf 79' lang='lat' dir='ltr'><strong>concordiae</strong></span> <span class='ocrx_word' id='word_1_691' title='bbox 1414 5552 1540 5590; x_wconf 85' lang='lat' dir='ltr'><strong>cum</strong></span> <span class='ocrx_word' id='word_1_692' title='bbox 1580 5533 1787 5590; x_wconf 86' lang='lat' dir='ltr'><strong>Latinis</strong></span> <span class='ocrx_word' id='word_1_693' title='bbox 1828 5550 1954 5588; x_wconf 88' lang='lat' dir='ltr'><strong>sau-</strong></span> 
     </span>
    </p>
   </div>
   <div class='ocr_carea' id='block_1_103' title="bbox 2053 4513 3641 4586">
    <p class='ocr_par' dir='ltr' id='par_1_103' title="bbox 2053 4513 3641 4586">
     <span class='ocr_line' id='line_1_103' title="bbox 2053 4513 3641 4586; baseline 0 -16"><span class='ocrx_word' id='word_1_694' title='bbox 2053 4518 2132 4570; x_wconf 85' lang='lat' dir='ltr'><strong>nis</strong></span> <span class='ocrx_word' id='word_1_695' title='bbox 2174 4513 2507 4584; x_wconf 67' lang='lat' dir='ltr'><strong>evangelicae,</strong></span> <span class='ocrx_word' id='word_1_696' title='bbox 2531 4514 2694 4584; x_wconf 76' lang='lat' dir='ltr'><strong>juxta</strong></span> <span class='ocrx_word' id='word_1_697' title='bbox 2711 4513 2927 4569; x_wconf 83' lang='lat' dir='ltr'><strong>Domini</strong></span> <span class='ocrx_word' id='word_1_698' title='bbox 2951 4516 3352 4586; x_wconf 71' lang='lat' dir='ltr'><strong>pra&#39;dictioucut</strong></span> <span class='ocrx_word' id='word_1_699' title='bbox 3374 4517 3641 4586; x_wconf 74' lang='lat' dir='ltr'><strong>fideipro-</strong></span> 
     </span>
    </p>
   </div>
   <div class='ocr_carea' id='block_1_104' title="bbox 2053 4606 3643 4681">
    <p class='ocr_par' dir='ltr' id='par_1_104' title="bbox 2053 4606 3643 4681">
     <span class='ocr_line' id='line_1_104' title="bbox 2053 4606 3643 4681; baseline 0.003 -21"><span class='ocrx_word' id='word_1_700' title='bbox 2053 4606 2206 4661; x_wconf 73' lang='lat' dir='ltr'><strong>batic</strong></span> <span class='ocrx_word' id='word_1_701' title='bbox 2224 4608 2521 4676; x_wconf 77' lang='lat' dir='ltr'><strong>efﬁcaciter</strong></span> <span class='ocrx_word' id='word_1_702' title='bbox 2548 4610 2848 4681; x_wconf 60' lang='lat' dir='ltr'><strong>per/icitur,</strong></span> <span class='ocrx_word' id='word_1_703' title='bbox 2877 4625 2939 4662; x_wconf 82' lang='lat' dir='ltr'><strong>ea:</strong></span> <span class='ocrx_word' id='word_1_704' title='bbox 2965 4611 3205 4663; x_wconf 83' lang='lat' dir='ltr'><strong>omnibus</strong></span> <span class='ocrx_word' id='word_1_705' title='bbox 3238 4612 3527 4678; x_wconf 66' lang='lat' dir='ltr'><strong>apostasia</strong></span> <span class='ocrx_word' id='word_1_706' title='bbox 3558 4614 3643 4664; x_wconf 87' lang='lat' dir='ltr'><strong>in-</strong></span> 
     </span>
    </p>
   </div>
   <div class='ocr_carea' id='block_1_105' title="bbox 2053 4699 3644 4774">
    <p class='ocr_par' dir='ltr' id='par_1_105' title="bbox 2053 4699 3644 4774">
     <span class='ocr_line' id='line_1_105' title="bbox 2053 4699 3644 4774; baseline 0.003 -22"><span class='ocrx_word' id='word_1_707' title='bbox 2053 4703 2319 4757; x_wconf 78' lang='lat' dir='ltr'><strong>cursibus.</strong></span> <span class='ocrx_word' id='word_1_708' title='bbox 2342 4699 2539 4756; x_wconf 86' lang='lat' dir='ltr'><strong>Omnia</strong></span> <span class='ocrx_word' id='word_1_709' title='bbox 2573 4705 2733 4757; x_wconf 87' lang='lat' dir='ltr'><strong>etiam</strong></span> <span class='ocrx_word' id='word_1_710' title='bbox 2763 4704 2920 4772; x_wconf 83' lang='lat' dir='ltr'><strong>hujus</strong></span> <span class='ocrx_word' id='word_1_711' title='bbox 2957 4703 3210 4758; x_wconf 75' lang='lat' dir='ltr'><strong>Ecclesia:</strong></span> <span class='ocrx_word' id='word_1_712' title='bbox 3236 4704 3490 4774; x_wconf 70' lang='lat' dir='ltr'><strong>dogmata</strong></span> <span class='ocrx_word' id='word_1_713' title='bbox 3523 4723 3644 4757; x_wconf 82' lang='lat' dir='ltr'><strong>am-</strong></span> 
     </span>
    </p>
   </div>
   <div class='ocr_carea' id='block_1_106' title="bbox 2053 4794 3641 4867">
    <p class='ocr_par' dir='ltr' id='par_1_106' title="bbox 2053 4794 3641 4867">
     <span class='ocr_line' id='line_1_106' title="bbox 2053 4794 3641 4867; baseline 0.002 -20"><span class='ocrx_word' id='word_1_714' title='bbox 2053 4794 2254 4861; x_wconf 85' lang='lat' dir='ltr'><strong>plector</strong></span> <span class='ocrx_word' id='word_1_715' title='bbox 2290 4806 2539 4865; x_wconf 81' lang='lat' dir='ltr'><strong>tanquam</strong></span> <span class='ocrx_word' id='word_1_716' title='bbox 2568 4796 2770 4861; x_wconf 86' lang='lat' dir='ltr'><strong>divina,</strong></span> <span class='ocrx_word' id='word_1_717' title='bbox 2814 4797 3092 4850; x_wconf 85' lang='lat' dir='ltr'><strong>verissima</strong></span> <span class='ocrx_word' id='word_1_718' title='bbox 3117 4807 3166 4851; x_wconf 89' lang='lat' dir='ltr'><strong>et</strong></span> <span class='ocrx_word' id='word_1_719' title='bbox 3191 4798 3482 4863; x_wconf 83' lang='lat' dir='ltr'><strong>salutaria,</strong></span> <span class='ocrx_word' id='word_1_720' title='bbox 3510 4815 3641 4867; x_wconf 85' lang='lat' dir='ltr'><strong>quo-</strong></span> 
     </span>
    </p>
   </div>
   <div class='ocr_carea' id='block_1_107' title="bbox 2057 4887 3640 4959">
    <p class='ocr_par' dir='ltr' id='par_1_107' title="bbox 2057 4887 3640 4959">
     <span class='ocr_line' id='line_1_107' title="bbox 2057 4887 3640 4959; baseline 0.003 -20"><span class='ocrx_word' id='word_1_721' title='bbox 2057 4904 2170 4941; x_wconf 87' lang='lat' dir='ltr'><strong>rum</strong></span> <span class='ocrx_word' id='word_1_722' title='bbox 2198 4904 2362 4941; x_wconf 87' lang='lat' dir='ltr'><strong>unum</strong></span> <span class='ocrx_word' id='word_1_723' title='bbox 2392 4897 2493 4953; x_wconf 75' lang='lat' dir='ltr'><strong>est,</strong></span> <span class='ocrx_word' id='word_1_724' title='bbox 2524 4889 2664 4959; x_wconf 86' lang='lat' dir='ltr'><strong>quod</strong></span> <span class='ocrx_word' id='word_1_725' title='bbox 2713 4887 2948 4959; x_wconf 80' lang='lat' dir='ltr'><strong>Spiritus</strong></span> <span class='ocrx_word' id='word_1_726' title='bbox 3004 4900 3226 4943; x_wconf 81' lang='lat' dir='ltr'><strong>sanctus</strong></span> <span class='ocrx_word' id='word_1_727' title='bbox 3295 4906 3360 4943; x_wconf 79' lang='lat' dir='ltr'><strong>ea:</strong></span> <span class='ocrx_word' id='word_1_728' title='bbox 3414 4890 3519 4945; x_wconf 84' lang='lat' dir='ltr'><strong>Deo</strong></span> <span class='ocrx_word' id='word_1_729' title='bbox 3589 4901 3640 4943; x_wconf 86' lang='lat' dir='ltr'><strong>et</strong></span> 
     </span>
    </p>
   </div>
   <div class='ocr_carea' id='block_1_108' title="bbox 2054 4980 3637 5053">
    <p class='ocr_par' dir='ltr' id='par_1_108' title="bbox 2054 4980 3637 5053">
     <span class='ocr_line' id='line_1_108' title="bbox 2054 4980 3637 5053; baseline 0 -18"><span class='ocrx_word' id='word_1_730' title='bbox 2054 4984 2221 5035; x_wconf 84' lang='lat' dir='ltr'><strong>Patre</strong></span> <span class='ocrx_word' id='word_1_731' title='bbox 2252 4982 2487 5051; x_wconf 81' lang='lat' dir='ltr'><strong>procedit</strong></span> <span class='ocrx_word' id='word_1_732' title='bbox 2526 4983 2631 5036; x_wconf 77' lang='lat' dir='ltr'><strong>sive</strong></span> <span class='ocrx_word' id='word_1_733' title='bbox 2664 4980 2934 5047; x_wconf 83' lang='lat' dir='ltr'><strong>subsistit,</strong></span> <span class='ocrx_word' id='word_1_734' title='bbox 2983 4983 3433 5053; x_wconf 72' lang='lat' dir='ltr'><strong>queptadmodum</strong></span> <span class='ocrx_word' id='word_1_735' title='bbox 3481 4985 3637 5035; x_wconf 82' lang='lat' dir='ltr'><strong>habe-</strong></span> 
     </span>
    </p>
   </div>
   <div class='ocr_carea' id='block_1_109' title="bbox 2054 5072 3614 5144">
    <p class='ocr_par' dir='ltr' id='par_1_109' title="bbox 2054 5072 3614 5144">
     <span class='ocr_line' id='line_1_109' title="bbox 2054 5072 3614 5144; baseline -0.001 -16"><span class='ocrx_word' id='word_1_736' title='bbox 2054 5075 2224 5128; x_wconf 76' lang='lat' dir='ltr'><strong>turiu</strong></span> <span class='ocrx_word' id='word_1_737' title='bbox 2265 5072 2516 5144; x_wconf 84' lang='lat' dir='ltr'><strong>Symbolo</strong></span> <span class='ocrx_word' id='word_1_738' title='bbox 2594 5075 2832 5129; x_wconf 86' lang='lat' dir='ltr'><strong>omnium</strong></span> <span class='ocrx_word' id='word_1_739' title='bbox 2891 5074 3217 5144; x_wconf 80' lang='lat' dir='ltr'><strong>generalium</strong></span> <span class='ocrx_word' id='word_1_740' title='bbox 3268 5076 3614 5130; x_wconf 84' lang='lat' dir='ltr'><strong>conciliorum</strong></span> 
     </span>
    </p>
   </div>
   <div class='ocr_carea' id='block_1_110' title="bbox 2055 5166 3641 5237">
    <p class='ocr_par' dir='ltr' id='par_1_110' title="bbox 2055 5166 3641 5237">
     <span class='ocr_line' id='line_1_110' title="bbox 2055 5166 3641 5237; baseline -0.003 -14"><span class='ocrx_word' id='word_1_741' title='bbox 2055 5168 2243 5237; x_wconf 81' lang='lat' dir='ltr'><strong>Neque</strong></span> <span class='ocrx_word' id='word_1_742' title='bbox 2271 5169 2411 5221; x_wconf 86' lang='lat' dir='ltr'><strong>enim</strong></span> <span class='ocrx_word' id='word_1_743' title='bbox 2441 5182 2504 5222; x_wconf 71' lang='lat' dir='ltr'><strong>ex-</strong></span> <span class='ocrx_word' id='word_1_744' title='bbox 2536 5166 2701 5221; x_wconf 86' lang='lat' dir='ltr'><strong>Patrc</strong></span> <span class='ocrx_word' id='word_1_745' title='bbox 2717 5178 2764 5222; x_wconf 86' lang='lat' dir='ltr'><strong>et</strong></span> <span class='ocrx_word' id='word_1_746' title='bbox 2804 5166 2972 5233; x_wconf 85' lang='lat' dir='ltr'><strong>Filio,</strong></span> <span class='ocrx_word' id='word_1_747' title='bbox 3010 5179 3068 5222; x_wconf 90' lang='lat' dir='ltr'><strong>ut</strong></span> <span class='ocrx_word' id='word_1_748' title='bbox 3122 5167 3444 5223; x_wconf 85' lang='lat' dir='ltr'><strong>Latinorum</strong></span> <span class='ocrx_word' id='word_1_749' title='bbox 3479 5166 3641 5237; x_wconf 74' lang='lat' dir='ltr'><strong>Sym-</strong></span> 
     </span>
    </p>
   </div>
   <div class='ocr_carea' id='block_1_111' title="bbox 2056 5259 3640 5333">
    <p class='ocr_par' dir='ltr' id='par_1_111' title="bbox 2056 5259 3640 5333">
     <span class='ocr_line' id='line_1_111' title="bbox 2056 5259 3640 5333; baseline 0.001 -20"><span class='ocrx_word' id='word_1_750' title='bbox 2056 5262 2231 5314; x_wconf 83' lang='lat' dir='ltr'><strong>bolum</strong></span> <span class='ocrx_word' id='word_1_751' title='bbox 2264 5261 2417 5326; x_wconf 84' lang='lat' dir='ltr'><strong>dicit,</strong></span> <span class='ocrx_word' id='word_1_752' title='bbox 2449 5270 2497 5314; x_wconf 88' lang='lat' dir='ltr'><strong>et</strong></span> <span class='ocrx_word' id='word_1_753' title='bbox 2538 5259 2853 5315; x_wconf 78' lang='lat' dir='ltr'><strong>Florentino</strong></span> <span class='ocrx_word' id='word_1_754' title='bbox 2894 5263 3129 5333; x_wconf 60' lang='lat' dir='ltr'><strong>synodus</strong></span> <span class='ocrx_word' id='word_1_755' title='bbox 3157 5261 3422 5316; x_wconf 81' lang='lat' dir='ltr'><strong>inauditis</strong></span> <span class='ocrx_word' id='word_1_756' title='bbox 3468 5264 3640 5329; x_wconf 61' lang='lat' dir='ltr'><strong>eet-ptio</strong></span> 
     </span>
    </p>
   </div>
   <div class='ocr_carea' id='block_1_112' title="bbox 2058 5353 3643 5423">
    <p class='ocr_par' dir='ltr' id='par_1_112' title="bbox 2058 5353 3643 5423">
     <span class='ocr_line' id='line_1_112' title="bbox 2058 5353 3643 5423; baseline 0.002 -18"><span class='ocrx_word' id='word_1_757' title='bbox 2058 5353 2356 5408; x_wconf 74' lang='lat' dir='ltr'><strong>rationibus</strong></span> <span class='ocrx_word' id='word_1_758' title='bbox 2392 5355 2626 5421; x_wconf 70' lang='lat' dir='ltr'><strong>exponit.</strong></span> <span class='ocrx_word' id='word_1_759' title='bbox 2661 5354 2965 5423; x_wconf 82' lang='lat' dir='ltr'><strong>Amplector</strong></span> <span class='ocrx_word' id='word_1_760' title='bbox 2997 5354 3199 5423; x_wconf 75' lang='lat' dir='ltr'><strong>factum</strong></span> <span class='ocrx_word' id='word_1_761' title='bbox 3251 5366 3436 5409; x_wconf 86' lang='lat' dir='ltr'><strong>contra</strong></span> <span class='ocrx_word' id='word_1_762' title='bbox 3504 5354 3643 5409; x_wconf 85' lang='lat' dir='ltr'><strong>Bcc-</strong></span> 
     </span>
    </p>
   </div>
   <div class='ocr_carea' id='block_1_113' title="bbox 2060 5445 3635 5519">
    <p class='ocr_par' dir='ltr' id='par_1_113' title="bbox 2060 5445 3635 5519">
     <span class='ocr_line' id='line_1_113' title="bbox 2060 5445 3635 5519; baseline 0.001 -21"><span class='ocrx_word' id='word_1_763' title='bbox 2060 5462 2177 5499; x_wconf 88' lang='lat' dir='ltr'><strong>cum</strong></span> <span class='ocrx_word' id='word_1_764' title='bbox 2210 5445 2659 5513; x_wconf 75' lang='lat' dir='ltr'><strong>Latinophronenz</strong></span> <span class='ocrx_word' id='word_1_765' title='bbox 2693 5458 2935 5501; x_wconf 84' lang='lat' dir='ltr'><strong>sanctam</strong></span> <span class='ocrx_word' id='word_1_766' title='bbox 2981 5457 3029 5503; x_wconf 88' lang='lat' dir='ltr'><strong>et</strong></span> <span class='ocrx_word' id='word_1_767' title='bbox 3074 5466 3320 5519; x_wconf 83' lang='lat' dir='ltr'><strong>magnam</strong></span> <span class='ocrx_word' id='word_1_768' title='bbox 3345 5452 3635 5518; x_wconf 75' lang='lat' dir='ltr'><strong>synodum,</strong></span> 
     </span>
    </p>
   </div>
   <div class='ocr_carea' id='block_1_114' title="bbox 2064 5539 3641 5607">
    <p class='ocr_par' dir='ltr' id='par_1_114' title="bbox 2064 5539 3641 5607">
     <span class='ocr_line' id='line_1_114' title="bbox 2064 5539 3641 5607; baseline 0.003 -17"><span class='ocrx_word' id='word_1_769' title='bbox 2064 5550 2111 5590; x_wconf 88' lang='lat' dir='ltr'><strong>et</strong></span> <span class='ocrx_word' id='word_1_770' title='bbox 2145 5555 2258 5592; x_wconf 88' lang='lat' dir='ltr'><strong>eam</strong></span> <span class='ocrx_word' id='word_1_771' title='bbox 2292 5539 2520 5607; x_wconf 82' lang='lat' dir='ltr'><strong>ﬁrmiter</strong></span> <span class='ocrx_word' id='word_1_772' title='bbox 2543 5541 2680 5594; x_wconf 83' lang='lat' dir='ltr'><strong>inter</strong></span> <span class='ocrx_word' id='word_1_773' title='bbox 2715 5543 3062 5597; x_wconf 75' lang='lat' dir='ltr'><strong>wuunenicas</strong></span> <span class='ocrx_word' id='word_1_774' title='bbox 3121 5544 3489 5597; x_wconf 75' lang='lat' dir='ltr'><strong>collocandum</strong></span> <span class='ocrx_word' id='word_1_775' title='bbox 3517 5558 3641 5597; x_wconf 58' lang='lat' dir='ltr'><strong>ceno</strong></span> 
     </span>
    </p>
   </div>
   <div class='ocr_carea' id='block_1_115' title="bbox 424 5734 2089 5803">
    <p class='ocr_par' dir='ltr' id='par_1_115' title="bbox 424 5734 2089 5803">
     <span class='ocr_line' id='line_1_115' title="bbox 424 5734 2089 5803; baseline 0.003 -21"><span class='ocrx_word' id='word_1_776' title='bbox 424 5736 495 5803; x_wconf 79' lang='grc'><strong>(1)</strong></span> <span class='ocrx_word' id='word_1_777' title='bbox 530 5736 555 5782; x_wconf 72' lang='grc' dir='ltr'>ν</span> <span class='ocrx_word' id='word_1_778' title='bbox 571 5734 649 5785; x_wconf 84' lang='lat' dir='ltr'><strong>ide</strong></span> <span class='ocrx_word' id='word_1_779' title='bbox 678 5734 799 5785; x_wconf 84' lang='lat' dir='ltr'><strong>infra</strong></span> <span class='ocrx_word' id='word_1_780' title='bbox 827 5737 1064 5788; x_wconf 68' lang='grc' dir='ltr'><strong>ϐρωηαῦἱὶ</strong></span> <span class='ocrx_word' id='word_1_781' title='bbox 1102 5745 1149 5787; x_wconf 85' lang='lat' dir='ltr'><strong>et</strong></span> <span class='ocrx_word' id='word_1_782' title='bbox 1183 5737 1374 5788; x_wconf 69' lang='lat' dir='ltr'><strong>Notarx</strong></span> <span class='ocrx_word' id='word_1_783' title='bbox 1396 5736 1651 5796; x_wconf 59' lang='lat' dir='ltr'><strong>amnibus</strong></span> <span class='ocrx_word' id='word_1_784' title='bbox 1679 5737 1911 5799; x_wconf 68' lang='lat' dir='ltr'><strong>epistolas</strong></span> <span class='ocrx_word' id='word_1_785' title='bbox 1955 5738 2089 5789; x_wconf 78' lang='lat' dir='ltr'><strong>Eutr.</strong></span> 
     </span>
    </p>
   </div>
  </div>
