3982 6208
260 305 380 370 273

1828 307 2020 369 VITA.

3426 297 3492 320 an

3427 298 3492 320 ρει-τ

3427 298 3532 360 λιι

259 441 380 487 sea,
407 421 534 493 quia
592 418 921 475 schismatici
973 418 1214 474 absentia
1253 417 1588 471 acumenicte
1647 415 1846 487 synodo
1879 424 1922 480 Λ
1953 417 2056 473 Sed
2087 417 2385 486 spiril‘ualis
2401 416 2564 483 paria
2602 415 2934 471 sentientium
2967 412 3284 478 communio,
3319 421 3372 465 et-
3409 428 3532 480 per-

260 515 582 585 qualitatem
618 528 722 565 non
757 509 954 579 aufert.
997 509 1260 580 Ejusdem
1335 505 1621 562 terribilem
1645 516 1854 561 senten-

265 607 404 660 tiam
433 620 551 657 cum
602 602 879 656 sententiis
929 609 979 655 et
1044 599 1512 653 anathematismis
1576 605 1856 650 trementer

266 699 523 766 suscipio,
557 705 818 764 tanquam
841 709 1054 748 sacram
1087 701 1136 746 et
1208 693 1447 746 divinam
1506 691 1852 755 sententiam,

266 808 392 860 qute
426 792 490 844 de
518 788 834 842 Latinorum
898 785 1256 856 dogmatibus,
1291 794 1340 838 et
1381 784 1445 838 de
1483 781 1643 850 Papa:
1706 798 1854 836 com-

269 883 657 938 memoratione
681 880 1048 934 convenientia
1075 879 1286 932 decreta
1309 879 1582 939 statuerit,
1614 873 1856 930 Persisto

269 981 330 1030 in
345 995 407 1030 ea
441 975 796 1044 promissione
826 989 930 1042 qua
957 987 1039 1025 me
1097 969 1364 1024 obstrinxi
1387 969 1538 1022 beato
1593 965 1856 1035 Ephesino

270 1072 538 1137 episcopo,
569 1085 686 1120 cum
723 1066 792 1120 ad
818 1066 982 1120 Deum
1008 1065 1334 1133 migraturus
1359 1070 1700 1123 esset,coram
1725 1059 1854 1125 Deo,

274 1161 482 1229 angelis
507 1168 554 1212 et
585 1157 910 1220 hominibus,
947 1166 994 1209 et
1050 1151 1506 1221 disputationibus
1533 1167 1666 1218 quas
1697 1150 1858 1205 habui

274 1255 526 1306 adversus
578 1251 876 1319 episcopum
939 1248 1187 1303 Cornotte
1241 1247 1309 1299 ad
1352 1244 1859 1300 demonstrationem

273 1346 515 1399 veritatis
547 1358 704 1414 quam
729 1340 1064 1410 proﬁtentur,
1095 1348 1151 1392 ut
1169 1339 1329 1393 etiam
1359 1339 1581 1392 diversis
1613 1335 1858 1407 operibus

275 1455 396 1506 gnte
428 1454 524 1505 pro
551 1437 729 1505 patria
754 1435 879 1503 fide,
900 1433 1078 1487 divino
1132 1449 1349 1486 munere
1389 1429 1653 1501 publicavi
1689 1445 1860 1485 :con-

279 1529 507 1598 fessione
546 1543 746 1597 quoque
769 1525 892 1595 fidei
923 1540 1070 1589 meae,
1108 1523 1186 1577 vel
1233 1525 1411 1594 potius
1444 1523 1728 1576 catholica:
1757 1519 1860 1575 Ec-

279 1621 477 1684 clesiae,
519 1634 679 1688 quam
715 1626 838 1670 ante
892 1617 1164 1670 biennium
1209 1626 1467 1669 accurate
1525 1614 1856 1668 elaboratam

279 1713 522 1781 evulgari
559 1730 573 1764 :
615 1708 1087 1777 subscriptionibus
1109 1708 1273 1761 etiam
1299 1724 1430 1776 quas
1467 1723 1587 1760 cum
1614 1705 1860 1760 ecclesia-

285 1807 436 1860 sticis
466 1803 612 1868 viris,
642 1804 826 1855 eadem
861 1801 1134 1856 nobiscum
1162 1801 1510 1856 sentientibus
1545 1799 1741 1865 scripta
1766 1798 1857 1868 ﬁr-

287 1898 549 1950 mavimus
576 1895 736 1965 legati
793 1904 1040 1963 tempore,
1064 1903 1114 1948 et
1153 1893 1340 1948 deinde
1384 1902 1500 1962 post
1545 1891 1858 1960 legationem

287 1988 491 2040 domini
522 1986 759 2052 Brennii,
787 1986 941 2054 cujus
963 1987 1224 2055 particeps
1250 1985 1397 2038 nullo
1433 1983 1586 2038 modo
1610 1983 1711 2051 fui,
1743 1999 1858 2034 cum

285 2098 545 2151 nusquam
573 2081 734 2149 Papa:
765 2077 1592 2141 commemorationemsuscipere
1629 2074 1855 2128 statuis-

285 2190 484 2238 semus,
519 2171 752 2241 quandiu
783 2172 927 2224 circa
974 2171 1237 2238 pra-cipua
1262 2169 1385 2236 ﬁdei
1415 2169 1672 2236 dogmata
1700 2166 1859 2219 divisi

285 2278 336 2320 et
365 2265 632 2319 discordes
667 2279 895 2317 essemus
922 2264 984 2315 ab
1016 2278 1080 2315 eo
1135 2263 1299 2314 secuti
1352 2260 1620 2328 prwdicta:
1672 2257 1862 2328 synodi

285 2359 673 2426 deﬁnitionem,
721 2366 936 2424 patrum
1017 2362 1318 2406 nostrorum
1384 2351 1866 2420 magistrorumque

285 2452 541 2504 omnium.

363 2544 508 2598 Idem
545 2544 597 2596 in
624 2541 858 2614 epistola
901 2541 966 2595 ad
1001 2540 1336 2612 Sylvestrum
1399 2551 1653 2605 magnum
1673 2533 1863 2591 eccle-

288 2637 589 2699 siarcltam,
618 2645 672 2690 et
714 2636 778 2689 ad
809 2633 1151 2703 Agalliannm
1203 2630 1702 2702 chartophylacem,
1738 2627 1866 2682 reli-

287 2744 536 2798 quosque
567 2727 976 2783 ecclesiasticos
1003 2726 1210 2795 scripta
1238 2740 1362 2780 cum
1395 2722 1645 2792 Liturgia
1682 2720 1864 2790 publi-

289 2838 352 2875 ce
383 2822 752 2876 celebraretur
776 2828 899 2888 post
949 2826 1267 2872 renovatum
1311 2817 1572 2869 unionem
1605 2829 1730 2868 cum
1764 2814 1865 2869 lsi-

291 2913 430 2961 dnro
459 2908 735 2962 cardinale
764 2907 974 2962 Russiae
1015 2906 1194 2975 legato
1226 2905 1547 2976 apostolico,
1572 2913 1861 2974 postquam

291 3003 579 3054 exorrsnvit
622 3016 678 3054 se
708 3000 853 3069 quod
894 3005 1124 3053 vocatus
1155 2999 1236 3053 ire
1263 2999 1328 3052 ad
1357 2998 1624 3068 synodum
1652 2996 1865 3050 renuis-

293 3104 398 3148 εει.
431 3095 512 3147 Ad
542 3093 667 3161 quid
705 3109 865 3162 porro
890 3092 1000 3146 haec
1054 3091 1268 3161 synaxis
1299 3091 1477 3142 habita
1507 3091 1632 3143 est?
1665 3086 1866 3156 Nempe
1895 3131 1937 3189 ο

292 3186 415 3250 quia
451 3200 513 3237 ea:
535 3201 634 3253 quo
665 3187 788 3237 unio
829 3201 921 3252 per
958 3184 1205 3252 populum
1241 3183 1388 3250 facta
1447 3189 1524 3234 est
1555 3178 1716 3250 (vah!
1745 3195 1868 3231 nam

296 3277 488 3329 divisio
522 3287 595 3331 est
628 3295 658 3330 a
685 3277 836 3343 Deo),
887 3277 1365 3331 ecclesiasticarum
1401 3289 1707 3328 consensum
1738 3273 1872 3326 obti-

299 3385 418 3421 nere
482 3368 733 3436 gestiunt.
795 3367 1091 3436 Relinquite
1125 3383 1222 3440 me
1275 3367 1462 3420 horum
1518 3367 1900 3434 inexpertunt,.

299 3477 469 3512 meam
491 3463 627 3514 enim
651 3462 713 3514 de
737 3462 833 3513 Itoc
858 3463 1064 3529 negotio
1086 3460 1401 3513 sententiam
1431 3458 1623 3513 millies
1687 3459 1864 3510 donti-

298 3567 396 3602 nus
428 3562 603 3604 noster
630 3552 940 3618 imperator,
964 3561 1012 3604 et
1035 3553 1151 3620 ejus
1201 3549 1520 3613 consiliarii,
1567 3559 1616 3602 et
1644 3565 1727 3602 vos
1761 3564 1869 3602 om-

298 3662 387 3697 nes
422 3645 776 3714 perspexistis.
811 3645 946 3699 Ante
983 3644 1075 3698 ltos
1138 3643 1394 3712 siquidem
1450 3644 1560 3696 dies
1620 3642 1741 3695 misi
1802 3638 1874 3694 ad

297 3753 414 3791 eum
445 3753 536 3803 per
592 3735 933 3790 venerabilem
962 3735 1280 3789 monac/tum
1333 3743 1381 3788 et
1435 3734 1758 3789 sacerdotem
1805 3732 1869 3786 D.

300 3828 563 3895 Ignatiunt
595 3829 830 3895 capitula
867 3829 1143 3883 duodecim
1175 3829 1239 3880 de
1275 3829 1373 3880 ltoc
1400 3829 1730 3898 argumenta,
1759 3842 1875 3895 qua:

301 3931 346 3973 et
371 3921 474 3988 ipsi
495 3921 723 3975 vidistis.
746 3919 858 3989 Ego
889 3937 1004 3974 vero
1053 3921 1202 3973 aliud
1224 3917 1351 3986 quid
1382 3917 1446 3971 ab
1481 3934 1539 3971 eo
1563 3917 1702 3987 quod
1738 3933 1874 3970 nunc

301 4014 437 4072 dico,
460 4029 724 4081 nunquam
759 4015 961 4078 dicam,
1018 4011 1446 4082 quandoquidem
1502 4008 1872 4064 Florentinant

299 4106 451 4158 illam
480 4108 740 4174 synodum
767 4122 826 4160 eo
853 4105 964 4160 loco
1003 4107 1188 4171 habeo,
1225 4121 1328 4175 quo
1364 4105 1508 4172 apud
1570 4103 1732 4156 Deum
1772 4113 1870 4165 est,

301 4207 349 4250 et
389 4199 584 4250 veritas
635 4198 803 4262 docet,
864 4197 1258 4266 Christianique
1317 4213 1494 4250 omnes
1517 4195 1743 4263 legitimi
1772 4193 1872 4247 Ec-

299 4287 482 4340 clesite
508 4286 798 4341 Orientalis
837 4286 938 4356 ﬁlii
969 4287 1129 4355 juxta
1158 4296 1465 4341 sanctorum
1489 4284 1711 4338 Patrum
1753 4301 1873 4338 sen-

302 4379 523 4432 tentiam
556 4388 602 4432 et
631 4378 1008 4432 conscientiam
1042 4394 1195 4431 suam
1217 4379 1452 4431 sentiunt
1483 4386 1564 4441 ,et
1584 4387 1639 4429 ut
1670 4376 1871 4429 clarius

1957 507 2092 576 fecta
2121 506 2480 561 subordinatio
2507 523 2632 577 erga
2667 506 2926 576 legitimos
2957 513 3219 573 pastores,
3289 505 3343 557 in
3386 519 3532 556 com-

1957 598 2442 654 memorationeilla
2475 600 2738 654 consistit.
2765 598 3102 668 Synodivera
3132 608 3178 652 et
3208 595 3317 651 SS.
3339 596 3528 649 Patres

1955 691 2233 760 deﬁniunt,
2265 701 2319 744 ut
2359 709 2390 744 a
2414 708 2636 761 quorum
2673 691 2915 760 opinione
2931 690 3293 752 abhorrentus,
3323 705 3527 742 earum-

1956 793 2074 846 dem
2113 791 2530 845 communionem
2557 789 2735 859 fugere
2754 796 3015 857 oporteat.
3047 785 3223 840 Multa
3250 785 3362 839 alia
3389 785 3533 853 ejus-

1957 882 2099 936 modi
2133 882 2393 950 deﬁniunt
2427 880 2568 935 vobis
2601 881 2744 933 haud
2772 883 2972 949 ignota.
2998 879 3120 933 Pro:
3141 879 3382 932 omnibus
3415 893 3544 932 vero-

1958 973 2214 1028 Dominus
2251 975 2387 1027 dicit
2417 989 2433 1026 :
2462 974 2703 1026 alienum
2730 989 2834 1027 nou
2882 981 3184 1041 sequentur,
3212 970 3301 1024 sed
3331 971 3532 1038 fugient

1959 1061 2024 1117 ab
2063 1061 2344 1132 ipso,quia
2367 1078 2472 1116 non
2524 1069 2720 1114 norunt
2770 1077 2945 1115 vocem
3008 1061 3328 1114 alienorum.
3383 1058 3534 1111 Absit

1957 1170 2158 1224 quoque
2179 1161 2235 1206 ut
2266 1151 2560 1206 Ecclesium
2595 1169 2788 1216 meam,
2823 1168 2939 1221 quae
2994 1147 3184 1206 sancta
3210 1163 3284 1205 est
3338 1152 3532 1203 Ortlto-

1959 1244 2218 1298 doxorum
2247 1255 2432 1309 mater,
2461 1245 2656 1313 faciam
2678 1245 3005 1307 Itast-eticam,
3039 1243 3338 1312 suscipiens
3370 1245 3534 1308 Paptv

1960 1338 2530 1400 commemorationem,
2563 1335 2816 1405 quamdiu
2858 1334 3009 1404 Papa
3032 1351 3093 1388 ea
3127 1333 3467 1402 conﬁtebitur
3485 1342 3533 1385 et

1961 1431 2153 1496 credet,
2183 1446 2406 1498 quorum
2451 1445 2617 1482 causa
2651 1445 2682 1481 a
2731 1437 2911 1481 nostra
2967 1425 3206 1480 Ecclesia
3265 1442 3366 1478 non
3417 1440 3536 1478 sus—

1961 1521 2174 1588 cipitur.
2199 1519 2257 1575 Si
2280 1521 2396 1591 quis
2420 1522 2558 1575 enim
2588 1537 2727 1575 nunc
2750 1521 3070 1588 conﬁteatur
3113 1538 3229 1574 eum
3262 1529 3401 1574 recte
3428 1520 3538 1572 dis-

1959 1627 2178 1681 pensare
2204 1613 2413 1666 verbum
2474 1614 2733 1676 veritatis,
2793 1614 3064 1682 fateturis
3121 1613 3352 1682 majores
3412 1628 3537 1666 suos

1962 1705 2128 1772 fuisse
2159 1705 2454 1761 htereticas.
2473 1704 2747 1761 Sententia
2780 1707 2944 1774 igitur
2972 1722 3086 1759 mea
3131 1707 3254 1759 talis
3277 1716 3378 1770 est,
3427 1705 3533 1774 fuit

1960 1806 2010 1854 et
2039 1799 2158 1863 erit,
2193 1814 2382 1869 eraque
2403 1807 2552 1853 extra
2576 1799 3000 1853 communionem
3019 1797 3204 1868 Papat,
3229 1807 3276 1852 et
3301 1799 3540 1852 omnium

1961 1893 2052 1962 qui
2097 1892 2178 1946 illi
2220 1908 2528 1963 quocunque
2581 1892 2734 1945 modo
2783 1893 3195 1957 communicant,
3240 1902 3300 1945 ut
3354 1902 3532 1958 patres

1963 1985 2155 2050 nostri,
2188 1999 2409 2053 quorum
2429 1986 2680 2052 pietatem
2707 1985 2915 2039 intitari
2947 2001 3040 2038 nos
3094 1986 3260 2049 decet,
3295 2001 3410 2038 cum
3448 2000 3542 2036 nec

1964 2077 2324 2138 sanctitatem,
2356 2092 2449 2129 nec
2485 2075 2804 2144 sapientiam
2833 2077 3050 2130 illorum
3074 2077 3380 2131 habeamus.
3414 2077 3539 2130 llmc

1965 2181 2098 2220 sane
2131 2165 2309 2220 oratio
2344 2181 2453 2219 non
2486 2175 2571 2220 est
2629 2166 2807 2219 Latini
2871 2167 3135 2228 hominis.
3168 2176 3264 2222 aut
3294 2169 3411 2240 ejus
3442 2168 3538 2236 qui

1966 2259 2018 2311 in
2059 2258 2430 2311 Romanorum
2465 2257 2795 2312 sententiam
2837 2259 3143 2313 transierit.
3177 2255 3273 2314 Est
3351 2269 3536 2314 autent

1964 2350 2082 2420 eius
2112 2350 2204 2420 qui
2238 2351 2292 2404 in
2318 2351 2440 2404 aula
2480 2351 2716 2415 vixerat,
2754 2353 2849 2421 qui
2883 2349 3223 2406 Florcttliam
3260 2350 3570 2422 prolectus-

1964 2451 2105 2506 erat,
2132 2441 2335 2510 quique
2359 2440 2674 2511 patriarcha
2707 2452 2830 2510 post
2878 2452 3092 2512 captam
3126 2443 3319 2498 urbem
3355 2445 3540 2499 statim

1967 2544 2184 2589 creatus
2226 2545 2346 2590 est:
2375 2536 2647 2604 quodnon
2697 2537 2812 2591 sola
2856 2538 3054 2606 probat
3111 2537 3360 2592 codicmn
3407 2553 3544 2593 mss.

1967 2626 2125 2689 ﬁdes,
2160 2628 2253 2682 sed
2296 2628 2380 2682 vel
2414 2644 2518 2682 una
2561 2629 2790 2698 epistola
2819 2629 2884 2684 ad
2922 2645 3115 2685 omnes
3149 2629 3337 2685 ﬁdeles
3390 2633 3542 2683 vale-

1968 2721 2194 2775 dictoria
2227 2737 2350 2777 cum
2383 2721 2704 2793 dignitatem
2757 2721 3081 2794 deponeret,
3126 2723 3347 2778 abunde
3413 2739 3554 2779 con-

1968 2813 2172 2867 ﬁrmat.

2036 2901 2212 2957 Porro
2263 2918 2608 2975 quaecunque
2693 2905 2761 2961 de
2815 2905 3032 2960 duobus
3086 2904 3386 2960 Gennadiis
3436 2905 3551 2958 sive
3628 2940 3638 2946 ν

1970 2993 2273 3050 Scholariis
2315 3010 2343 3049 a
2395 2997 2764 3069 Caryophyllo
2850 3007 2944 3050 aut
3002 2997 3207 3051 Allatio
3267 2997 3548 3065 disputata

1970 3098 2122 3153 sunt,
2173 3100 2378 3159 prmter
2439 3106 2502 3147 ea
2551 3107 2671 3161 quae
2716 3091 2947 3160 carptim
3007 3090 3388 3154 delibavimus,
3436 3106 3560 3144 non-

1973 3183 2108 3237 tanti
2142 3182 2399 3238 videntur
2435 3199 2582 3252 esse,
2618 3193 2677 3238 ut
2713 3184 2782 3239 ad
2816 3184 3103 3254 singulare
3126 3199 3358 3238 examen
3387 3199 3544 3236 revo—

1972 3277 2144 3330 canda
2193 3277 2329 3332 sint.
2381 3277 2439 3332 Id
2479 3279 2626 3333 enim
2674 3293 2781 3333 non
2817 3279 2926 3334 nisi
2988 3279 3200 3350 prolixa
3238 3287 3290 3332 ct
3323 3279 3550 3332 tat-diosa

1973 3374 2445 3426 commentatione
2495 3379 2680 3441 potest
2736 3371 2976 3434 absolvi,
3022 3373 3116 3428 sed
3173 3372 3383 3441 absque
3433 3371 3548 3425 ulla

1973 3474 2152 3528 operte
2180 3459 2375 3530 pretio.
2408 3458 2543 3515 Nam
2572 3461 2660 3516 cui
2694 3461 2863 3517 semel
2892 3470 3189 3531 perspecta
3221 3461 3389 3514 fuerit
3421 3461 3550 3515 bre-

1975 3551 2079 3612 vis,
2117 3568 2279 3621 qttam
2325 3568 2392 3608 ex
2443 3553 2621 3609 certis
2680 3554 3062 3610 monumentis
3123 3554 3570 3617 delineavimus,

1973 3643 2230 3699 Historiae
2252 3644 2635 3703 Gennadiana
2665 3647 2946 3718 synopsis,
2982 3648 3028 3702 is
3053 3648 3237 3702 statim
3267 3647 3580 3718 intelligot,,

1974 3738 2029 3792 in
2061 3739 2261 3808 quibus
2293 3749 2350 3794 et
2384 3739 2602 3812 quoties
2628 3739 3001 3794 Itallucinatus
3043 3738 3204 3793 fuerit
3237 3737 3318 3790 vir
3344 3738 3557 3792 doctis-

1976 3831 2173 3886 simus.
2209 3830 2395 3886 Mirari
2432 3847 2563 3887 vero
2610 3832 2748 3886 satis
2784 3847 2891 3886 non
2926 3846 3222 3901 possumus
3255 3847 3401 3897 eum,
3431 3845 3560 3884 cum

1975 3923 2212 3994 primum
2257 3924 2311 3977 in
2358 3939 2522 3994 opere
2556 3925 2618 3978 de
2659 3934 2911 3993 perpetuo
2955 3940 3216 3978 consensu
3263 3923 3362 3993 (1),
3407 3924 3557 3977 edito

1976 4030 2122 4069 anno
2162 4015 2318 4078 16H,
2357 4016 2764 4070 contentiosnm
2798 4017 2944 4069 hunc
2979 4015 3046 4070 de
3083 4014 3296 4068 duobus
3332 4012 3554 4066 Genua;

1977 4108 2085 4162 diis
2135 4107 2318 4160 funem
2375 4106 2578 4162 ducere
2628 4107 2913 4176 coepisset,
2968 4107 3174 4162 deinde
3225 4106 3388 4176 paulo
3431 4113 3557 4175 past

1977 4198 2362 4254 Dissertationi
2409 4200 2478 4252 de
2535 4199 2790 4270 Georgiis
2829 4200 2905 4269 (2)
2959 4207 3128 4254 tutam
3189 4213 3344 4254 suam
3389 4197 3581 4251 verbo

1976 4297 2140 4344 tenus
2186 4289 2624 4359 disputationem
2683 4290 3034 4355 inseruissct,
3080 4298 3203 4360 post
3239 4305 3413 4344 annos
3459 4289 3554 4343 tri-

1977 4380 2124 4451 ginta
2153 4394 2260 4434 non
2304 4381 2563 4437 secundis
2591 4390 2684 4436 aut
2722 4382 2898 4438 tertiis
2933 4381 3018 4437 vel
3067 4383 3365 4436 tricesimis
3407 4382 3574 4437 curis.

299 4472 502 4533 dicam,
538 4486 651 4522 eam
676 4473 933 4540 synodum
961 4470 1116 4524 talem
1152 4470 1418 4534 existimo,
1454 4470 1626 4537 qualis
1654 4475 1877 4537 pseudo-
1913 4467 1953 4521 Ι)
1985 4472 2262 4526 meliorem
2320 4472 2518 4526 factam
2571 4473 2626 4526 in
2682 4488 2849 4544 opere
2886 4482 3080 4528 contra
3134 4473 3553 4544 Crcyghtonum

301 4563 621 4615 cecntnenica
642 4562 734 4615 illa
758 4564 852 4616 sub
877 4562 1187 4616 Constantio
1221 4562 1479 4631 fuit,qute
1509 4560 1880 4616 Cansubstan-

303 4655 456 4716 tiale,
489 4665 544 4707 ut
566 4656 667 4707 sibi
702 4653 999 4722 videbatur,
1044 4655 1358 4709 sustulerat.
1427 4656 1693 4720 Quoniam
1755 4655 1880 4708 item

303 4763 422 4800 mea
443 4750 700 4800 sententia
728 4756 826 4810 est,
860 4747 999 4818 quod
1021 4748 1112 4817 qui
1143 4746 1304 4814 Paptv
1327 4747 1878 4802 commemorationem

301 4841 463 4909 facit,
495 4852 586 4891 aut
613 4840 828 4906 facienti
872 4841 1249 4904 communicat,
1308 4841 1469 4892 etiam
1518 4839 1741 4892 consilio
1784 4848 1881 4893 aut

301 4932 699 4994 adhortatione,
733 4931 856 4986 talis
917 4932 1059 5002 apud
1099 4948 1182 4986 me
1227 4940 1326 4994 est,
1380 4929 1556 5001 qualis
1621 4931 1666 4984 is
1724 4945 1877 4999 queat

297 5024 582 5076 damnavit
615 5033 799 5076 sancta
823 5033 869 5077 et
899 5040 1093 5094 magna
1125 5021 1359 5093 synodus
1408 5021 1878 5090 Constantinopoli

299 5124 644 5183 congregata,
675 5131 792 5184 qua
833 5113 1147 5169 Latinorum
1176 5115 1476 5170 doctrinam
1530 5114 1876 5176 examinavit,

297 5203 636 5275 Beccumque
669 5215 814 5270 tunc,
848 5215 898 5259 et
919 5208 1009 5276 qui
1037 5208 1219 5260 eadem
1272 5223 1391 5259 cum
1428 5205 1520 5258 illo
1561 5205 1877 5269 sentiebant,

300 5296 574 5354 deposuit.
600 5295 786 5368 Neque
807 5299 1060 5353 existimo
1079 5298 1186 5352 leve
1209 5297 1462 5368 quiddam
1522 5313 1634 5351 esse
1691 5299 1878 5368 Pnpte,

303 5397 401 5439 aut
434 5387 658 5442 ulterius
698 5390 981 5460 cujusdam
1025 5391 1254 5459 episcopi
1308 5391 1880 5445 commemorationem.

369 5564 598 5638 '(LLib.
636 5581 720 5628 tu,
751 5581 801 5621 c.
842 5565 900 5622 5.

1979 4572 2256 4619 recoctam
2294 4565 2495 4618 iterum
2534 4565 2776 4629 dedisse,
2809 4565 2884 4619 ita
2930 4574 2989 4619 ut
3017 4566 3178 4620 verba
3214 4566 3354 4635 ipsa,
3380 4567 3554 4636 jocos,

1978 4657 2121 4714 sales
2149 4658 2587 4728 religiosissime,
2614 4675 2682 4712 ne
2718 4668 2935 4712 mutato
2962 4657 3183 4728 quidem
3219 4661 3397 4728 apice,
3429 4677 3554 4715 ser-

1980 4751 2212 4804 vaverit.
2250 4750 2354 4816 Qui
2404 4752 2594 4821 itaque
2639 4765 2804 4804 unam
2856 4750 3054 4805 harum
3093 4751 3560 4808 Dissertationum

1983 4842 2158 4908 novit,
2194 4844 2386 4896 ambas
2410 4843 2616 4899 alteras
2645 4844 2886 4900 noverit.

2025 4932 2275 4994 _Felellit
2329 4934 2508 4988 virum
2571 4935 2955 4990 doctissimum
3007 4933 3361 5006 Caryopltylli
3417 4934 3560 5003 judi-

1986 5026 2130 5081 cium
2166 5027 2243 5094 la)
2279 5026 2345 5081 de
2375 5025 2594 5081 duobus
2624 5025 2947 5091 Gennadiis,
2979 5041 3101 5095 quae
3129 5027 3318 5095 opinio
3342 5041 3464 5078 cum
3494 5025 3561 5078 ad

1988 5119 2345 5174 asscrendum
2399 5118 2685 5174 catholicae
2720 5119 2983 5173 Ecclesiae
3015 5117 3357 5174 Gennadium
3395 5130 3560 5183 ,com-

1989 5208 2310 5264 modissima
2364 5209 2666 5277 videretur,
2722 5224 2865 5275 eam,
2915 5223 3029 5280 quo
3069 5223 3132 5263 se
3178 5207 3407 5262 duceret
3454 5219 3580 5258 non--

1989 5302 2126 5356 satis
2158 5300 2486 5369 praevidens,
2535 5309 2758 5356 secutus
2791 5308 2876 5356 est
2922 5317 3031 5355 non
3076 5300 3185 5354 alio
3223 5297 3348 5362 line,
3399 5311 3564 5366 quam

1991 5407 2062 5448 ne
2111 5393 2314 5464 periret
2346 5393 2646 5450 auctoritas
2681 5393 3160 5464 Apologeticarum
3193 5405 3292 5463 pro
3332 5389 3576 5447 Florae»

2057 5565 2133 5638 (2)
2167 5565 2225 5624 In
2260 5567 2497 5641 Georgio
2550 5567 2858 5624 Scholario.

373 5749 452 5812 (α)
485 5751 630 5802 Ρτωῐ,
669 5751 730 5802 ad
758 5752 999 5805 chnadii
1027 5751 1317 5815 Apologiatn
1343 5765 1429 5814 pro
1462 5754 1684 5814 quinque
1710 5751 1954 5814 capitibus
1991 5752 2190 5804 concilii
2228 5753 2522 5805 Florentiui.
2560 5755 2748 5814 Romae,
2773 5751 2913 5816 16-28,
2944 5752 3015 5806 ιο.
