3982 6208
365 297 469 358 9'5

1415 301 1671 362 GENNA
1685 303 1782 360 DII
1809 302 1936 366 [CR
1986 297 2499 362 PATRIARCHE

3500 288 3605 351 276

365 408 475 458 lina
505 405 712 476 synodo
745 407 1076 471 orationum,
1110 423 1230 475 quae
1265 415 1400 463 tanti
1438 427 1544 466 non
1579 423 1718 476 erat,
1756 422 1811 466 nt
1847 422 1928 466 ιο·
1960 425 2000 475 Α
2035 412 2123 466 nis
2158 427 2263 465 non
2307 406 2617 478 usurpavit,
2644 400 2901 474 quamvis
2929 414 3041 456 rem
3074 413 3207 453 voce
3243 397 3603 468 signiﬁcatam

366 509 472 552 tam
547 498 754 552 idcirco
821 499 1210 554 ecclesiastirte
1280 501 1522 558 hiStorite
1607 504 1930 558 recentioris

365 589 562 642 seriem
623 591 942 643 conturbari
1012 606 1240 646 necesse
1320 593 1482 648 foret.
1569 595 1933 667 Caryophyllo

364 681 637 751 duplicem
673 681 1019 736 Gennadium
1049 699 1147 737 cur
1185 685 1397 754 primus
1429 673 1754 751 somniaret,
1795 689 1934 742 ratio

365 774 514 828 nulla
553 784 696 838 erat,
729 776 834 830 nisi
869 777 1015 844 quod
1050 779 1122 831 ita
1166 794 1230 831 ex
1265 779 1558 836 eollectore
1591 778 1934 834 Bibliotheca:

364 867 590 920 Patrum
654 867 962 939 Margarino
1017 869 1215 938 Bigneo
1267 871 1560 934 didicerat,
1615 887 1724 940 quo
1771 885 1934 926 nemo

365 959 619 1013 fortassis
653 961 703 1011 in
747 960 972 1014 ferenda
1015 962 1082 1016 de
1115 973 1361 1017 veterum
1395 965 1619 1030 scriptis
1660 963 1932 1018 sententia

365 1049 638 1104 infelicior
665 1050 785 1116 fuit,
813 1067 874 1105 ex
906 1051 1236 1107 Bellarmino
1265 1064 1317 1108 et
1357 1054 1502 1116 aliis,
1539 1070 1773 1123 quorum
1825 1055 1936 1108 cri-

366 1145 472 1197 tice
518 1146 568 1195 in
628 1145 1010 1199 exscribendis
1068 1145 1300 1200 aliorum
1352 1148 1766 1204 commentariis
1820 1154 1932 1202 tota

366 1235 671 1289 Constabat.

440 1326 585 1380 Sane
631 1343 695 1382 ex
750 1327 816 1381 iis
876 1343 996 1398 qua:
1055 1345 1218 1398 supra
1277 1330 1554 1398 disputata
1610 1340 1758 1395 sunt,
1823 1339 1931 1384 tam

365 1428 580 1473 constat
629 1421 768 1488 apud
812 1436 912 1476 nos
939 1421 1278 1476 Gennadium
1309 1423 1724 1478 schismaticum
1770 1424 1936 1492 perti-

366 1513 719 1567 nacissimum
747 1521 800 1567 et
830 1513 1099 1569 furiosum
1148 1514 1340 1576 fuisse,
1367 1531 1528 1584 quam
1559 1517 1704 1585 quod
1739 1516 1934 1570 certis-

365 1606 526 1658 sime.
589 1605 767 1675 Atque
826 1606 898 1659 ita
957 1606 1120 1676 hujus
1173 1607 1421 1661 Homilia:
1469 1623 1632 1677 quam
1697 1608 1932 1669 edimus,

370 1697 544 1763 maior
576 1699 722 1752 on.ni
755 1699 1074 1767 exceptione
1112 1701 1416 1754 auctoritas
1447 1716 1570 1755 esse
1615 1701 1794 1756 debet.
1832 1700 1932 1756 So-

369 1789 482 1841 lent
512 1789 655 1842 enim
688 1788 1087 1852 Protestantes,
1126 1794 1171 1846 si
1217 1793 1362 1861 quod
1394 1808 1458 1846 ex
1495 1793 1810 1848 Graecorum
1843 1795 1935 1864 qui

367 1891 493 1934 ante
528 1882 955 1950 quadringentos
993 1899 1166 1938 annos
1187 1885 1546 1954 scripserunt,
1577 1887 1730 1942 libris
1781 1887 1938 1942 testi-

369 1973 608 2025 monium
643 1975 975 2042 proferatur,
1021 1978 1207 2031 statim
1244 1979 1560 2043 inclamare,
1594 1979 1738 2049 quod
1773 1978 1940 2034 fuerit

367 2061 580 2118 Latinis
608 2065 881 2118 addictus.
912 2067 1030 2131 Qua
1064 2082 1192 2123 vero
1227 2067 1440 2124 ratione
1465 2069 1517 2122 in
1543 2069 1939 2140 λατινοφρονή-

371 2171 509 2216 eam;
558 2157 928 2225 suspicionem
985 2161 1172 2215 vocari
1225 2162 1397 2230 possit
1447 2161 1787 2227 Gennadius,
1844 2161 1937 2229 qui

368 2245 588 2302 Latinos
621 2258 728 2300 tam
768 2251 1039 2305 rirulente
1071 2254 1397 2319 insectatur,
1418 2254 1515 2324 qui
1546 2270 1643 2324 pro
1667 2255 1939 2310 haereticis

370 2341 555 2402 habet,
615 2351 665 2394 et
706 2343 832 2397 ilios
881 2344 947 2397 ad
1000 2347 1444 2401 communionem
1488 2348 1696 2401 admitti
1750 2357 1940 2415 vetat;

371 2431 461 2497 qui
520 2433 856 2487 additionem
914 2437 1175 2506 Symbolo
1239 2439 1461 2503 iactam,
1529 2442 1942 2508 processionem

370 2524 544 2576 sancti
579 2522 818 2593 Spiritus
854 2547 881 2579 ιι
918 2526 1078 2584 Patre
1110 2541 1163 2584 et
1195 2530 1356 2596 Filio,
1392 2532 1619 2603 Azyma,
1667 2533 1940 2603 Purgato-

371 2614 538 2678 rium,
577 2626 631 2669 ct
675 2632 735 2670 ea
781 2619 896 2687 ipsa
937 2635 1056 2689 quae
1105 2636 1216 2677 non
1261 2622 1405 2676 inter
1449 2627 1765 2680 necessaria
1818 2627 1942 2682 ﬁdei

371 2705 551 2773 capita
600 2707 743 2774 apud
785 2725 883 2762 nos
931 2709 1206 2765 habentur
1239 2701 1445 2768 erroris
1498 2726 1591 2768 aut
1638 2717 1942 2784 haireseos,

371 2807 480 2851 tam
529 2813 720 2869 aperte
752 2803 1084 2858 condemnat
1110 2803 1184 2874 (l)
1216 2821 1229 2869 ;
1281 2806 1374 2875 qui
1421 2811 1708 2882 anathema
1741 2809 1946 2865 Joanni

374 2889 550 2944 Becco
583 2889 738 2957 dicit,
783 2901 837 2946 et
875 2897 1407 2966 pseudo-synodum,
1443 2897 1494 2951 in
1541 2915 1646 2969 qua
1693 2902 1775 2954 vir
1821 2902 1944 2972 pius

373 2992 426 3036 et
483 2985 673 3040 multis
728 2987 1047 3043 nominibus
1098 2990 1445 3047 venerandus
1499 2995 1785 3048 damnatus
1837 3007 1942 3061 est,

2036 503 2316 566 docuerit,
2349 510 2406 555 nt
2437 497 2972 564 Wirtembergenses
2999 493 3102 562 ipsi
3129 491 3221 562 qui
3257 493 3389 546 Acta
3421 490 3600 546 edide-

2036 605 2191 658 runt,
2235 605 2363 650 nota
2417 592 2483 647 ad
2540 590 2842 662 marginem
2880 587 3067 642 testati
3112 594 3264 649 sunt,
3305 595 3430 639 nata
3479 583 3606 638 inde

2036 703 2177 741 nova
2224 693 2675 756 argumentorum
2725 697 2905 752 seges,
2939 680 2994 734 in
3024 693 3132 749 qua
3177 677 3418 732 Thomas
3461 676 3604 730 Smio

2039 781 2201 834 thens
2238 778 2505 832 Ecclesiae
2542 776 2862 847 Angiicanm
2918 773 3205 843 theologus
3233 788 3292 828 se
3337 771 3606 826 exercuit.

2037 873 2296 928 Ediderat
2321 867 2796 938 Constantinopoli
2828 867 3000 923 redux
3041 867 3328 934 epistolam
3362 866 3428 918 de
3461 865 3604 919 Grae-

2037 983 2227 1022 carum
2268 965 2640 1020 Ecclesiarum
2675 971 2842 1025 statu,
2892 960 2945 1014 in
2984 975 3090 1029 qua
3136 959 3312 1014 virum
3347 959 3608 1014 doctissi-

2039 1075 2184 1112 mum
2233 1057 2571 1113 Ricbardum
2635 1054 2917 1107 Simonem
2974 1053 3415 1122 impugnaverat,
3460 1052 3610 1120 quod

2037 1153 2092 1206 in
2139 1151 2379 1206 ilistoria
2428 1148 2554 1202 ﬁdei
2589 1146 2952 1202 Orientalium
2994 1144 3216 1199 Graecos
3256 1145 3612 1213 pmsentiam

2037 1245 2262 1308 reaiern,
2299 1229 2352 1298 et
2391 1239 3071 1296 transsubstantiationcm
3100 1236 3326 1291 credere
3359 1236 3611 1290 ﬁrmissi-

2039 1339 2144 1394 mis
2181 1333 2861 1406 argumentisdocuisset.
2895 1331 3032 1396 Quia
3068 1346 3198 1385 vero
3225 1330 3507 1384 Smithens
3537 1331 3610 1383 ita

2037 1439 2308 1488 statuerat
2329 1431 2560 1497 primunt
2592 1434 2684 1480 aut
2707 1424 3053 1480 saltem'inler
3075 1425 3272 1494 primos
3299 1423 3390 1492 qui
3420 1440 3612 1492 μετουο

2039 1524 2284 1585 σιώσεως
2317 1539 2452 1577 voce
2495 1522 2578 1575 usi
2617 1520 2818 1586 forent,
2862 1519 3171 1573 Gal-rieiem
3223 1515 3612 1583 Philadelphia!

2038 1618 2442 1685 metropolitam
2483 1615 2676 1681 fuisse,
2723 1613 2989 1670 Gennadii
3027 1612 3405 1665 testimonium
3436 1625 3612 1678 oppo-

2041 1718 2228 1764 suerat
2257 1708 2321 1763 R.
2355 1709 2543 1762 Simon
2577 1723 2640 1761 ex
2677 1705 2825 1760 brevi
2865 1704 2956 1758 illa
2999 1702 3225 1756 homilia
3245 1715 3422 1771 quam
3455 1698 3613 1770 Syri-

2045 1817 2146 1871 gus
2175 1803 2326 1869 operi
2360 1816 2459 1854 suo
2494 1798 2746 1861 inseruit,
2789 1796 2931 1866 quod
2958 1810 3100 1865 opus
3130 1809 3158 1846 a
3191 1793 3351 1847 nobis
3383 1806 3610 1861 accepe-

2046 1902 2150 1947 rat.
2205 1893 2486 1947 Smithens
2535 1892 2590 1945 in
2629 1891 2804 1958 prima
2849 1887 3328 1943 Miscellaueorum
3383 1900 3609 1940 suorum

2044 1987 2312 2051 editione,
2350 2000 2472 2039 cum
2523 1999 2588 2038 ex
2634 1983 2727 2037 illo
2759 1983 2877 2037 solo
2919 1979 3234 2035 testimonio
3275 1987 3440 2032 totam
3482 1995 3615 2032 eva-

2044 2094 2274 2134 nescere
2322 2081 2384 2132 de
2429 2075 2684 2132 Gabriele
2733 2089 2889 2129 suam
2943 2071 3332 2126 divinationem
3369 2070 3609 2132 videret,

2043 2171 2314 2230 Gennadii
2371 2184 2509 2238 opus
2559 2177 2620 2222 ut
2652 2165 3044 2235 ὑποϐολιμαίου
3076 2162 3368 2232 scriptoris
3396 2162 3610 2229 rejecit.

2043 2268 2112 2320 At
2141 2265 2499 2320 doctissimus
2541 2261 2662 2330 ejus
2696 2258 3045 2313 adversarius
3082 2255 3465 2310 dissertatione
3493 2270 3614 2308 ver-

2043 2360 2233 2414 nacula
2253 2357 2330 2429 (2)
2367 2355 2438 2408 De
2452 2355 2557 2424 ﬁde
2586 2352 2838 2407 Ecclesiw
2864 2341 3145 2404 Orientalis
3174 2349 3314 2401 circa
3334 2350 3614 2400 transsub-

2043 2450 2461 2511 stmztiationem,
2512 2447 2663 2502 illum
2715 2448 2792 2500 ita
2836 2443 3162 2504 confutavit,
3197 2453 3254 2494 ut
3298 2441 3344 2495 is
3383 2457 3614 2510 respon-

2045 2545 2200 2599 sione
2229 2545 2490 2596 Adversus
2523 2540 2893 2594 cavillationes
2925 2534 3168 2598 Simonii,
3207 2550 3330 2588 nam
3369 2536 3438 2587 ita
3466 2534 3612 2586 illam

2047 2635 2352 2689 inscribere
2409 2633 2638 2702 placuit,
2668 2630 2801 2684 nihil
2846 2628 2991 2699 quod
3015 2628 3083 2682 ad
3125 2643 3238 2681 rem
3269 2626 3496 2689 faceret,
3528 2641 3616 2680 re-

2047 2726 2336 2797 spontlisse
2386 2735 2740 2794 agnoscatur.

2117 2817 2254 2872 Cum
2287 2817 2456 2887 igitur
2493 2815 2546 2868 in
2575 2815 2751 2884 prima
2772 2811 3162 2868 dissertatione
3181 2809 3460 2865 bomiiiam
3486 2810 3616 2865 bre-

2048 2928 2191 2977 vcm,
2244 2917 2338 2964 aut
2379 2908 2687 2978 epistolam,
2735 2907 2781 2960 si
2817 2905 3038 2976 quidem
3081 2905 3202 2959 talis
3245 2904 3415 2958 videri
3448 2905 3612 2959 etiam

2048 3012 2250 3076 potest,
2289 3018 2410 3073 quae
2457 3017 2516 3058 ex
2556 2999 2755 3055 Meletii
2791 2998 2968 3070 Syrigi
3006 2997 3149 3052 libro
3185 2988 3446 3067 producta
3497 2996 3614 3051 fne-

373 3078 630 3146 amplecti
655 3095 714 3134 se
741 3081 1023 3137 multoties
1055 3091 1322 3152 testatur;
1359 3086 1520 3155 cujus
1547 3086 1786 3156 denique
1816 3090 1941 3144 hor--
1972 3100 2017 3161 ρ
2050 3109 2158 3160 ται,
2201 3094 2430 3165 rejicere
2483 3098 2778 3162 satageret,
2829 3090 2944 3145 haec
2987 3099 3306 3158 argumenta
3363 3087 3613 3156 protulit,

375 3179 486 3224 tatu
522 3182 569 3225 et
622 3174 856 3228 consilio
902 3176 1153 3230 monachi
1200 3187 1252 3232 et
1301 3179 1571 3235 moniales
1625 3194 1654 3233 a
1699 3196 1945 3237 corruun-

375 3264 538 3316 nione
598 3263 916 3320 Latinorum
969 3269 1141 3336 palam
1199 3281 1580 3335 recesserunt,
1643 3285 1696 3330 et
1752 3286 1942 3332 sancta

375 3353 538 3408 ctiam
574 3356 861 3425 profanum
894 3359 946 3412 in
973 3361 1193 3415 modum
1220 3364 1726 3434 conculcaverttnt;
1759 3371 1854 3437 qtti
1887 3371 1942 3425 in

376 3445 540 3501 Marci
578 3448 800 3518 Ephesii
843 3453 1005 3505 verba
1033 3452 1263 3522 juravit,
1292 3457 1496 3527 quique
1528 3462 1706 3529 palam
1735 3462 1948 3532 profec-

377 3551 466 3591 tus
513 3550 597 3594 est
643 3543 1007 3611 ἀκοινώνητον
1052 3561 1181 3616 erga
1228 3546 1453 3606 Latinos
1503 3566 1822 3608 mansurum
1862 3571 1944 3622 se,

375 3633 549 3686 detrec
587 3632 827 3687 Romana
861 3636 1104 3690 Ecclesia
1136 3647 1213 3691 tot
1240 3639 1502 3707 inereses,
1532 3659 1764 3713 quarum
1800 3647 1944 3700 illam

381 3725 584 3793 ubique
616 3727 877 3795 postulat,
927 3727 1260 3797 abjurasset.
1297 3729 1419 3787 llaec
1444 3735 1613 3804 igitur
1648 3737 1946 3792 refellenda

379 3817 702 3870 nu-umhunt
737 3817 1204 3889 Protcstantibus,
1258 3835 1549 3896 antequam
1604 3827 1944 3885 Gennadium

377 3913 442 3964 de
483 3909 845 3966 Eucharisnae
885 3913 992 3968 ﬁde
1036 3917 1194 3972 nobis
1229 3920 1605 3974 testimonium
1644 3925 1947 3992 perhiben-

379 4011 484 4052 tem
518 4016 582 4052 ex
615 4001 836 4055 teszium
872 4019 1099 4059 numero
1123 4006 1393 4075 rejiciant.
1428 4006 1494 4062 Ut
1529 4019 1709 4066 autem
1741 4012 1794 4066 id
1825 4013 1947 4068 efﬁ-

373 4093 577 4157 ciatur,
631 4108 738 4147 non
783 4096 815 4147 i.
843 4110 977 4150 anes
1017 4098 1392 4168 conjecturas,
1441 4103 1536 4158 sed
1579 4114 1732 4160 certa
1784 4121 1949 4178 argu-

378 4199 557 4236 menta
585 4185 652 4239 ab
688 4188 820 4255 ipsis
843 4191 1212 4255 postulamus.

447 4279 577 4343 Qua:
604 4296 734 4334 vero
770 4299 830 4335 ex
876 4285 1084 4338 nostris
1116 4287 1442 4343 auctoribus
1505 4289 1557 4341 in
1603 4293 1948 4345 contrarium

379 4373 655 4426 adducere
681 4375 883 4438 Solent,
920 4392 980 4429 ea
1013 4379 1336 4433 habebimus
1366 4383 1591 4436 omnino
1631 4384 1812 4438 nihili.
1842 4384 1948 4440 Ne.-

2050 3188 2396 3246 Gcnnadium
2448 3186 2527 3241 ait
2589 3183 2888 3238 Catholicis
2935 3181 3367 3236 addictissimum
3424 3179 3614 3242 fuisse.

2034 3282 2168 3366 Osolo
2218 3277 2531 3334 testimonio
2570 3275 2750 3329 Allatii
2789 3282 2843 3328 et
2894 3274 3127 3328 aliorum
3180 3272 3273 3343 qui
3324 3272 3614 3341 Georgium

2051 3372 2399 3429 Scholarinm
2431 3378 2486 3424 et
2520 3367 2866 3422 Gennadium
2899 3365 3170 3435 duplicem
3223 3365 3451 3428 faciunt,
3494 3381 3614 3418 cum

2049 3464 2216 3519 exiis
2257 3477 2381 3531 quae
2429 3444 2688 3528 superius
2732 3457 2985 3528 exposita
3019 3466 3178 3521 sunt,
3211 3458 3348 3510 satis
3399 3468 3614 3513 constet

2052 3571 2220 3609 unum
2258 3553 2616 3622 eumdemque
2661 3551 3006 3606 Sr'ltelarium
3059 3559 3114 3604 ct
3167 3551 3354 3604 ιιιιὶουὶ
3387 3568 3608 3621 prorno-

2052 3646 2238 3700 vendtr
2295 3645 2511 3699 dedisse
2562 3659 2782 3714 operam
2830 3657 2954 3696 cum
3005 3651 3148 3695 esset
3199 3640 3511 3705 Florentiae,
3568 3652 3617 3695 et

2052 3749 2260 3794 mutata
2301 3737 2598 3803 sententia,
2634 3734 3018 3791 acerbissimis
3053 3733 3252 3790 deinde
3303 3735 3357 3789 in
3390 3733 3619 3792 Latinos

2050 3829 2192 3883 odiis
2223 3830 2364 3897 apud
2395 3844 2524 3884 suos
2560 3827 2904 3882 inclaruisse.

2119 3924 2280 3976 Aliud
2345 3929 2728 3992 argumentum
2777 3921 2947 3975 sumit
2997 3935 3060 3976 ex
3100 3921 3304 3988 Allatii,
3340 3922 3620 3978 Possevini

2052 4017 2398 4087 aliorumque
2437 4017 2680 4079 silentio,
2719 4016 2920 4085 quibus
2947 4032 3222 4086 nunquam
3257 4017 3371 4072 hare
3401 4017 3620 4071 homilia

2053 4111 2195 4165 lecta
2223 4109 2346 4174 fuit,
2385 4109 2487 4163 etsi
2522 4109 2611 4162 ille
2655 4109 2969 4178 diligentem
3011 4109 3063 4162 in
3094 4109 3360 4165 Gennadii
3399 4111 3621 4181 scriptis

2055 4199 2452 4270 investigandis
2481 4199 2702 4253 navavit
2733 4214 2978 4268 operam.
3027 4198 3305 4254 Judicinm
3353 4201 3422 4255 sit
3455 4216 3622 4269 penes

2052 4308 2150 4348 eos
2171 4292 2266 4361 qui
2288 4292 2623 4345 Allatianum
2655 4292 2894 4346 indicem
2926 4307 3050 4346 cum
3095 4302 3287 4346 nostro
3314 4293 3622 4359 conferent,

2054 4402 2122 4440 an
2153 4386 2254 4439 hac
2320 4384 2589 4438 invidiosa
2616 4383 2773 4438 laude
2802 4383 3000 4453 dignus
3045 4386 3118 4439 sit
3144 4384 3393 4439 Allatius.
3427 4382 3623 4440 Posse—

378 4479 484 4532 que
514 4466 656 4518 enim
688 4466 730 4518 si
767 4468 896 4534 quid
923 4467 1176 4534 Allatius,
1219 4472 1644 4544 CaryOphylius,
1671 4477 1945 4532 Arcuttius
1985 4445 2026 4499 υ
2061 4479 2223 4533 vinus
2250 4478 2437 4532 multis
2469 4478 2593 4532 aliis
2628 4445 2966 4542 nominibus,
2998 4478 3088 4531 sed
3122 4493 3406 4546 nunquam
3437 4495 3464 4531 a
3500 4480 3625 4534 diii-

378 4563 472 4607 aut
496 4556 587 4608 alii
621 4556 685 4608 de
715 4555 1031 4610 Graecorum
1075 4560 1236 4615 rebus
1269 4563 1640 4632 scripserunt,
1681 4567 1815 4635 legis
1851 4575 1946 4620 aut

376 4647 540 4701 edicti
583 4649 834 4718 perpetui
878 4651 1020 4719 apud
1062 4668 1164 4707 nos
1208 4657 1314 4708 vim
1365 4658 1632 4723 obtinent,
1673 4669 1729 4713 ut
1774 4660 1946 4715 recla-

378 4756 527 4793 mare
571 4757 674 4794 non
721 4742 923 4806 liceat;
963 4745 1136 4800 multo
1176 4749 1358 4803 minus
1385 4752 1590 4821 scripta
1639 4765 1667 4804 a
1705 4752 1946 4808 sordidis

377 4835 721 4902 amtoribus,
751 4853 982 4905 quorum
1019 4841 1351 4896 testimoniis
1387 4844 1647 4898 Claudius
1680 4856 1785 4898 tam
1824 4845 1946 4899 inu-

378 4927 545 4981 tlitet'
574 4929 778 4983 abusus
817 4941 918 4994 est,
963 4943 1020 4986 ιιι
1062 4933 1372 4991 Orientales
1405 4937 1725 4992 Calvinistis
1751 4938 1950 5007 adjun-

373 5033 552 5088 μυῖαι,
592 5040 716 5077 cum
751 5036 878 5080 ante
915 5043 1089 5082 annos
1132 5039 1349 5082 centum
1381 5039 1434 5083 et
1461 5030 1644 5084 decem
1676 5030 1948 5085 Luthera-

375 5116 461 5169 nis
514 5114 1129 5188 Wirtembergcnsibus,
1163 5136 1396 5191 quorum
1445 5124 1788 5177 tolerabilior
1824 5139 1951 5178 sen-

377 5209 548 5262 tentia
581 5218 721 5272 erat,
761 5219 867 5263 tam
925 5213 1210 5280 perSpieue
1244 5213 1638 5280 signiﬁcaverit
1682 5214 1950 5270 .Icremias

377 5301 718 5368 patriarcha,
780 5313 1048 5373 quanttnn
1105 5305 1194 5358 illa
1250 5305 1355 5359 sibi
1418 5317 1472 5360 et
1529 5308 1626 5362 toti
1690 5307 1951 5364 Ecclesiae

377 5392 642 5448 Orientali
675 5395 1013 5465 displiceret.

447 5483 648 5540 Verum
683 5491 810 5558 quia
839 5488 1106 5544 Jeremias
1139 5503 1323 5543 vocem
1354 5487 1951 5547 Transsubstantiatio-

2055 4570 2238 4638 gentia
2302 4568 2353 4620 in
2405 4567 2762 4623 recensendis
2827 4567 3150 4622 auctoribus
3209 4567 3466 4621 laudatus
3523 4579 3624 4622 est.

2053 4658 2191 4724 Quis
2243 4658 2426 4711 omnia
2460 4673 2518 4712 se
2539 4658 2740 4711 vidisse
2811 4657 3008 4711 audeat
3035 4657 3341 4720 venditare,
3371 4658 3478 4710 nisi
3510 4660 3626 4725 qni-

2056 4753 2158 4804 bns
2204 4750 2317 4804 hare
2363 4750 2546 4805 studia
2579 4750 2762 4818 ignota
2797 4749 2963 4803 sunt?
2991 4747 3296 4805 Habuimus
3330 4763 3395 4803 ex
3432 4748 3626 4802 biblio-

2059 4846 2217 4898 theca
2247 4843 2412 4911 Regia
2446 4842 2606 4897 codd.
2644 4857 2778 4896 mss.
2817 4843 2907 4910 qui
2955 4851 3066 4896 tam
3101 4843 3347 4912 proxime
3377 4842 3446 4895 ad
3484 4840 3624 4895 Gen-

2059 4936 2205 4990 nadii
2236 4943 2449 4989 aetatem
2497 4935 2789 5000 accedunt,
2823 4943 2882 4988 ut
2935 4935 3119 4989 statim
3175 4934 3243 4988 ab
3277 4935 3399 5003 ejus
3449 4933 3624 4992 obitu.

2061 5038 2153 5081 aut
2210 5029 2329 5097 ipso
2373 5029 2540 5083 etiam
2578 5027 2873 5098 superstite
2911 5026 3103 5096 scripti
3148 5025 3464 5090 videantur,
3518 5023 3627 5077 imo

2060 5122 2308 5176 nonnulli
2347 5120 2542 5188 ipsius,
2582 5130 2638 5174 ut
2675 5137 2780 5174 non
2812 5135 2952 5196 vana
2979 5118 3296 5189 cenjectura
3330 5126 3433 5178 est,
3464 5130 3628 5168 manu

2060 5215 2362 5272 emendati.
2400 5215 2457 5266 In
2496 5213 2564 5268 iis
2599 5212 2855 5280 leguntur
2881 5215 3025 5264 inter
3074 5211 3243 5264 multa
3277 5211 3380 5262 alia
3416 5207 3624 5276 Episto-

2061 5309 2124 5362 la:
2157 5321 2208 5362 et
2242 5306 2531 5360 ()rationes
2568 5321 2704 5372 quas
2734 5303 3048 5358 Gennadius
3093 5319 3217 5357 cum
3267 5303 3321 5356 in
3351 5312 3625 5355 monaste-

2060 5400 2196 5452 rium
2245 5414 2302 5452 se
2351 5397 2635 5466 reciperet,
2675 5405 2878 5448 etcum
2920 5393 3342 5462 patriarchalem
3384 5393 3628 5461 dignita-

2063 5503 2167 5545 tem
2210 5490 2513 5554 abdicaret,
2551 5489 2794 5558 scripsit,
2841 5504 2964 5560 quas
3010 5498 3181 5544 totam
3232 5487 3298 5542 de
3328 5484 3627 5542 Gennadiis

449 5679 523 5747 (ι)
557 5676 724 5740 Epist.
753 5675 818 5728 ad
850 5675 1141 5747 iiasimum
1165 5687 1217 5730 ct
1252 5677 1548 5737 monachos
1585 5678 1721 5736 alios
1744 5676 1941 5736 Montis
1984 5677 2139 5743 Sina,
2167 5695 2264 5732 ms.

446 5744 523 5818 (2)
559 5749 648 5802 Ed.
687 5745 912 5800 Lutetia:
949 5744 1100 5798 1687.
