3982 6208
308 346 428 408 ἓτῖ

1859 343 2080 405 ΠΤᾹ.-

3468 331 3576 394 278

311 463 532 517 duobus
585 457 1020 527 disputationem
1065 464 1344 512 evertunt.
1398 456 1572 525 Neget
1620 455 1895 526 quispiam
1929 467 1971 521 Α
2000 466 2148 512 esset
2177 453 2682 525 doctor-Evangelii
2726 456 2780 506 in
2831 447 3083 504 Ecclesia
3112 441 3579 509 Constantinopo-

313 551 555 622 genuina
588 550 702 604 haec
732 565 876 610 esse.
918 547 1143 605 habebit
1176 547 1324 604 idem
1366 548 1422 603 in
1456 546 1638 603 Allatii
1669 549 1892 605 silentio

313 645 661 716 pmsidium.

390 736 650 803 Quotidie
681 751 749 790 ex
795 735 1258 790 bibliothecarum
1307 732 1500 790 forulis
1539 735 1717 790 multa
1764 735 1897 791 doc-

320 829 552 885 tissimis
582 827 720 882 viris
776 825 1051 896 incognita
1092 837 1409 880 eruuntur:
1460 842 1638 896 neque
1694 828 1893 882 mirum

316 933 537 978 exstare
569 923 622 975 in
658 921 984 987 Gallicanis,
1012 922 1159 991 quod
1183 923 1239 976 in
1269 919 1536 977 Romanis
1570 939 1677 978 non
1711 937 1898 980 exsta-

318 1017 437 1071 bat.
465 1015 693 1085 Regiam
742 1015 1018 1070 Vaticana:
1052 1017 1290 1070 conlerri
1324 1032 1433 1071 non
1469 1017 1575 1072 fert
1610 1017 1898 1074 Smitheus

317 1125 475 1180 aequo
500 1109 736 1164 animo:
781 1125 882 1163 cur
913 1107 1342 1164 tandem?Nam
1394 1111 1527 1180 quid
1583 1127 1680 1165 sua
1731 1113 1901 1167 refert

317 1220 442 1272 qua!
473 1203 693 1258 illarum
724 1201 893 1257 ditior
928 1201 1041 1257 sit?
1070 1200 1276 1270 Nempe
1303 1209 1362 1256 ut
1387 1218 1451 1257 ex
1483 1202 1760 1258 Vaticanze
1783 1203 1903 1258 lau-

320 1299 488 1354 dibus
541 1297 705 1366 regite
761 1295 1093 1351 invidiosam
1154 1295 1550 1366 suspicionem
1592 1306 1899 1366 comparet,

321 1389 483 1457 quasi
511 1389 656 1458 quod
696 1387 748 1442 in
775 1387 944 1443 altera
975 1388 1154 1453 deest,
1191 1388 1244 1442 in
1271 1389 1375 1441 alia
1401 1404 1526 1445 esse
1552 1405 1661 1444 non
1687 1391 1901 1456 possit;

323 1494 420 1538 aut
447 1483 492 1538 si
535 1481 862 1551 reperiatur,
895 1481 1089 1535 debeat
1113 1481 1484 1536 adulterinum
1508 1482 1774 1549 iudicari.

384 1576 541 1627 Hanc
564 1589 688 1627 vero
718 1572 1018 1635 homiliam,
1049 1574 1227 1642 inquit
1252 1571 1560 1636 Smitheus,
1591 1590 1698 1628 non
1730 1575 1784 1628 in
1817 1589 1904 1628 co-

325 1665 528 1720 dicibus
572 1663 749 1736 Regia:
800 1665 1148 1724 bibliotheca}.
1201 1665 1292 1719 sed
1341 1669 1483 1734 apud
1516 1666 1585 1719 ι).
1645 1666 1904 1720 Burdelo-

329 1762 458 1812 tium
488 1768 703 1812 exstare
727 1756 866 1810 dixit
906 1756 1204 1820 Simonius,
1239 1759 1431 1828 [rigide
1464 1759 1679 1829 quidem
1719 1767 1768 1814 et
1809 1762 1902 1814 ad-

1999 547 2168 602 litana
2201 563 2215 600 :
2253 547 2342 616 qui
2380 546 2588 617 synodo
2633 560 2702 598 an
2766 541 2904 597 1638
2942 539 3048 594 sub
3084 537 3289 607 Cyrillo
3322 532 3579 587 Berrhm-

1997 641 2118 696 ensi
2151 639 2418 695 adversus
2465 637 2728 710 Cyrillum
2777 632 3014 689 Lucarin
3053 629 3257 684 habitae
3306 623 3578 689 interfuit,

2001 741 2054 788 et
2080 748 2200 788 eam
2231 730 2634 800 subscriptione
2669 726 2950 782 ﬁrmavit:
2983 723 3076 794 qui
3107 738 3135 776 a
3166 718 3463 776 Parthenio
3493 731 3583 771 se-

2000 829 2158 880 niore
2213 824 2529 895 patriarcha
2592 818 3208 888 Constantinopolitano
3263 815 3316 868 iu
3366 810 3582 865 Moldo-

2001 917 2302 970 Blachiam'
2339 917 2565 980 missus,
2604 913 2846 970 decretis
2879 913 3146 967 adversus
3179 905 3427 978 ejusdem
3465 904 3580 957 Lu-

2003 1010 2150 1064 caris
2179 1009 2602 1066 Confessionem
2641 1005 2952 1063 scribendis
3001 1001 3181 1058 adfuit
3212 1017 3227 1055 :
3279 1007 3395 1054 tum
3426 1014 3488 1052 ea
3522 1004 3582 1049 ut

2001 1103 2423 1173 patriarchalem
2502 1100 2972 1157 confirmationem
3027 1096 3388 1166 acciperent,
3434 1092 3583 1146 Con-

2004 1192 2402 1261 stantinopolin
2433 1193 2559 1246 tulit
2591 1209 2606 1246 :
2636 1192 2730 1257 qui
2763 1191 2905 1245 inter
2927 1188 3064 1243 alios
3088 1201 3282 1242 omnes
3303 1182 3587 1251 theologos

2006 1286 2074 1340 ab
2104 1285 2295 1340 eodem
2336 1284 2656 1355 designatus
2693 1292 2800 1349 est,
2849 1289 2908 1336 ut
2944 1279 3308 1336 orthodoxam
3343 1274 3582 1332 Confes-

2007 1377 2243 1443 sionem,
2291 1392 2413 1447 quae
2445 1377 2626 1447 primo
2674 1375 2740 1430 ad
2793 1373 3157 1428 Russicarum
3210 1369 3584 1424 Ecclesiarum

2007 1485 2167 1525 usum
2200 1469 2509 1537 composita
2547 1468 2748 1531 fuerat,
2791 1473 3102 1520 recenseret
3132 1474 3183 1517 et
3217 1462 3543 1530 expenderet
3571 1480 3584 1513 :

2008 1578 2132 1633 quae
2163 1561 2363 1616 deinde
2395 1561 2562 1615 totius
2601 1558 2805 1615 Graeca:
2843 1558 3106 1612 Ecclesia:
3148 1570 3420 1610 consensu
3471 1563 3590 1607 tart-

2009 1668 2174 1724 quam
2206 1653 2518 1708 communis
2547 1651 2668 1705 ftdei
2706 1650 2992 1705 verissima
3035 1648 3308 1718 expositio
3341 1644 3591 1724 probata,

2010 1755 2064 1800 et
2090 1745 2174 1800 bis
2202 1744 2367 1810 edita,
2397 1751 2665 1798 tractatur
2686 1742 3006 1797 Graecorum
3033 1741 3280 1794 omnium
3313 1721 3588 1794 manibus.

329 1852 542 1906 modum
598 1867 825 1920 parce...
889 1850 1046 1903 titulo
1123 1823 1355 1905 homilia:
1423 1823 1627 1906 tantum
1691 1854 1898 1909 addito.
1935 1823 2065 1892 BSi
2132 1837 2248 1892 hare
2298 1836 2776 1905 Constantinopoli
2848 1835 3135 1889 Smitheus
3200 1848 3307 1887 non
3372 1832 3589 1895 didicit,

334 1944 516 2013 Neque
540 1947 680 1999 enim
710 1961 777 1998 an
809 1943 1036 2013 singula:
1081 1944 1272 1998 harum
1323 1945 1669 2000 homiliarum
1717 1964 1904 2003 nomen

332 2039 593 2095 Gennadii
617 2049 871 2110 tauquam
903 2041 1009 2096 veri
1043 2038 1281 2094 auctoris
1313 2040 1672 2108 praetulerint,
1705 2056 1797 2108 per
1830 2044 1906 2105 ip-

326 2150 444 2187 rum
475 2134 617 2189 scire
663 2134 810 2188 nobis
841 2133 984 2190 licet.
1033 2136 1113 2189 An
1161 2150 1268 2188 non
1307 2133 1486 2189 debuit
1531 2133 1624 2187 ille
1675 2135 1906 2188 codicem

325 2225 478 2279 illum
513 2243 624 2280 una
655 2242 780 2280 cum
811 2237 1123 2281 ceterarum
1174 2224 1534 2280 Homiliarum
1571 2225 1745 2279 titulis
1791 2242 1906 2281 sus-

324 2322 550 2390 picionis
585 2337 649 2374 ne
678 2323 959 2391 quisquam
994 2322 1254 2390 impostor
1296 2321 1503 2390 vafritie
1548 2337 1651 2374 non
1685 2321 1907 2374 insolita

327 2428 512 2465 nomen
564 2410 825 2465 Gennadii
873 2411 1010 2480 forte
1034 2412 1314 2466 ementitus
1376 2411 1538 2481 fuerit
1604 2412 1909 2466 amovenda:

325 2523 495 2560 causa
551 2507 858 2561 accuratius
917 2516 967 2561 et
1017 2506 1306 2577 specialius
1361 2505 1704 2560 describere?
1755 2503 1908 2558 Nun-

325 2615 492 2668 quam
535 2598 838 2654 Bnrdelotii
885 2599 1170 2655 Simonius
1208 2600 1482 2664 meminit,
1528 2607 1624 2656 aut
1664 2600 1908 2655 codicem

325 2697 468 2766 apud
502 2712 626 2752 eum
649 2704 868 2754 exstare
911 2697 1072 2750 dixit.
1103 2695 1244 2762 Quid
1280 2695 1350 2750 sit
1379 2695 1572 2766 frigide
1630 2703 1722 2750 aut
1751 2711 1912 2764 parce

327 2789 580 2844 codicem
628 2789 920 2856 designare
977 2802 1084 2841 non
1145 2787 1280 2841 satis
1326 2788 1601 2858 capimus.
1649 2787 1732 2840 An
1766 2786 1914 2853 quod

325 2882 560 2937 nimium
608 2881 762 2937 multi
811 2881 1037 2946 faciunt,
1070 2883 1466 2937 verbosissime
1497 2880 1911 2944 commendare,

324 2985 374 3031 et
398 2976 604 3044 sapius
632 2990 825 3046 parum
862 2975 1099 3030 fideliter
1121 2975 1304 3040 ‘lQuot
1335 2975 1481 3029 enim
1503 2982 1629 3029 sunt
1658 2972 1749 3043 qui
1780 2971 1913 3025 ἀπό-

325 3083 519 3137 γραφα
550 3082 648 3122 sua
695 3081 838 3136 saepe
872 3065 1290 3122 mendosissima
1324 3080 1459 3120 mss.
1499 3064 1749 3120 codicum
1790 3062 1910 3116 loco

326 3162 724 3227 laudaverunt,
759 3160 904 3230 quod
951 3160 1046 3230 qui
1079 3160 1222 3231 apud
1259 3174 1360 3215 nos
1401 3158 1626 3223 faceret,

327 3264 513 3310 tactus
549 3263 702 3310 esset
737 3270 766 3308 a
797 3253 983 3310 sibilo.

399 3350 589 3405 Codex
637 3350 774 3417 ipse.
809 3353 871 3402 ut
915 3345 1312 3416 judicaverunt
1343 3342 1448 3397 viri
1499 3342 1553 3397 in
1583 3341 1913 3410 antiquitate

327 3444 521 3499 Graeca
553 3437 1028 3499 exercitatissimi,
1064 3438 1192 3491 talis
1222 3446 1328 3500 est,
1364 3445 1424 3490 ut
1465 3435 1533 3490 de
1567 3435 1688 3503 ejus
1724 3435 1916 3488 αὐθενο-

328 3535 425 3605 τίᾳ
459 3548 623 3587 nemo
657 3528 855 3602 praeter
887 3545 983 3586 eos
1022 3529 1115 3598 qui
1151 3529 1306 3583 illum
1343 3544 1450 3583 non
1497 3527 1775 3592 viderunt,
1809 3527 1915 3580 dua

329 3626 609 3681 hitaverit.
690 3624 894 3678 llahuit
942 3623 1096 3677 illum
1131 3618 1440 3676 Nointelius
1474 3635 1505 3675 a
1556 3618 1914 3689 Panagiotte;

329 3735 434 3774 nos
460 3735 489 3771 a
512 3716 816 3772 Nointelio.
844 3714 956 3770 Cur
979 3729 1146 3783 porro
1165 3715 1232 3769 de
1258 3713 1574 3782 suspicione
1605 3709 1916 3767 amolienda

330 3811 632 3879 quisquam
690 3807 985 3878 cogitaret,
1039 3820 1163 3876 quae
1215 3807 1337 3860 sine
1386 3819 1598 3859 summa
1643 3803 1918 3856 calumnia

332 3901 570 3971 cogitari
621 3901 790 3956 multa
841 3899 1064 3971 posset?
1115 3898 1309 3953 Exstat
1343 3896 1570 3950 homilia
1617 3910 1742 3949 cum
1797 3895 1918 3948 aliis

333 3993 610 4049 Gennadii
639 3992 929 4062 operibus,
973 4005 1094 4058 qua!
1120 3988 1440 4043 certissime
1469 3985 1618 4041 illius
1655 4001 1778 4040 esse
1811 4000 1917 4039 non

335 4085 506 4140 modo
541 4085 840 4138 multorum
894 4082 1146 4136 codicum
1192 4094 1528 4142 consensus,
1569 4077 1922 4133 sed‘Grmco-

337 4192 460 4230 rum
517 4176 837 4232 testimonia
892 4173 1244 4229 conﬁrmant.
1289 4171 1347 4225 In
1406 4187 1468 4226 ca
1523 4185 1682 4238 quam
1736 4169 1924 4223 laud-tt

338 4270 597 4326 Meletius
628 4269 883 4340 Syrigus,
909 4268 1142 4323 alterius
1163 4281 1325 4335 quam
1359 4265 1573 4318 edimus
1599 4281 1612 4317 :
1641 4263 1695 4316 in
1721 4262 1925 4328 infelici

339 4358 570 4429 palatio,
609 4373 794 4413 coram
848 4357 1283 4433 imperatore‘et
1315 4360 1506 4409 senatu
1560 4352 1925 4420 prouuntiatm

343 4447 650 4501 auctoritas
682 4445 986 4500 stabilitur.
1040 4441 1252 4496 Laudat
1310 4456 1427 4496 eam
1482 4439 1782 4494 Callinicus
1833 4454 1927 4508 pa-

2009 1931 2167 2000 culpa
2202 1931 2377 2002 ipsius
2412 1941 2536 1995 est;
2573 1929 2668 1984 sed
2695 1929 2880 1983 editus
2911 1936 3015 1991 est,
3048 1936 3106 1980 ut
3128 1925 3373 1978 Venetiis
3393 1924 3458 1978 ad
3495 1938 3592 1976 nos

2009 2023 2275 2090 scriptum
2318 2037 2493 2092 nuper
2539 2021 2665 2085 fuit,
2702 2021 2843 2074 liber
2895 2018 3014 2088 ipse
3061 2016 3271 2071 Meletii
3329 2015 3592 2069 adversus

2010 2114 2204 2186 Cyrilli
2239 2113 2684 2179 Confessionem,
2735 2119 2787 2165 et
2839 2111 2988 2164 illius
3038 2120 3299 2177 tanquam
3351 2106 3484 2161 editi
3537 2107 3594 2159 in

2011 2208 2284 2264 Moldavia
2319 2207 2572 2262 meminit
2598 2205 2798 2261 Petrus
2825 2203 3057 2258 Allixius
3092 2203 3176 2255 vir
3209 2201 3590 2256 doctissimus.

2011 2303 2087 2358 Ea
2122 2316 2288 2371 porro
2334 2300 2506 2355 editio
2545 2314 2669 2354 cum
2721 2297 3038 2352 Graecorum
3087 2310 3252 2364 Opera
3296 2292 3592 2364 prodierit,

2013 2410 2121 2450 non
2170 2403 2256 2450 est
2295 2394 2406 2464 jam
2441 2391 2890 2447 ullus-adversus
2937 2387 3138 2441 Meletii
3199 2386 3379 2457 Syrigi
3434 2384 3594 2436 [idem

2013 2486 2319 2556 suspicioni
2353 2485 2529 2540 locus.
2553 2483 2674 2537 Non
2710 2483 2853 2537 enim
2885 2481 3250 2534 tenebriouum
3279 2487 3329 2530 et
3359 2477 3596 2546 partium

2013 2580 2206 2634 studiis
2238 2579 2732 2632 addictissintorum
2778 2574 3074 2636 hominum,
3116 2570 3212 2626 sed
3265 2584 3454 2624 eorum
3503 2569 3596 2635 qui

2017 2675 2070 2729 in
2105 2673 2252 2728 clara
2283 2671 2549 2728 Ecclesia:
2583 2669 2786 2725 Graeca:
2827 2667 2968 2728 luce,
3003 2662 3266 2719 doctrina:
3298 2670 3352 2716 et
3380 2661 3599 2729 pietatis

2016 2765 2183 2820 laude
2220 2764 2553 2829 ﬂoruerunt,
2587 2761 2793 2829 scripta
2833 2760 2936 2814 huc
2972 2772 3148 2828 usque
3186 2753 3324 2809 Jasii
3359 2762 3453 2807 aut
3492 2751 3600 2805 Bu-

2018 2860 2293 2916 choresue
2318 2872 2525 2912 excusa
2558 2865 2707 2914 sunt.

2088 2951 2246 3020 Quod
2278 2967 2442 3021 porro
2469 2965 2574 3006 nos
2606 2965 2674 3004 ex
2707 2949 2864 3003 libris
2898 2943 3217 3008 didicimus,
3250 2942 3293 2996 si
3325 2939 3607 2994 Constan-

2021 3046 2246 3114 tinopoli
2280 3045 2559 3100 Smitheus
2597 3057 2702 3096 non
2736 3039 2965 3100 audivit,
3012 3045 3200 3090 nostra
3234 3049 3344 3087 non
3377 3029 3546 3084 refert
3582 3048 3596 3082 :

1676 3171 1784 3211 non
1824 3156 1908 3210 ίιι-
1938 3155 1981 3214 c
2017 3138 2112 3192 sed
2140 3136 2470 3190 Parthenius
2500 3142 2555 3188 et
2579 3132 2872 3202 Dionysius
2918 3126 3245 3197 patriarchae
3275 3122 3598 3178 Constanti-

2018 3227 2342 3299 nopolitani,
2368 3225 2655 3279 Nectarius
2685 3234 2735 3277 et
2773 3221 3068 3275 Dositheus
3094 3212 3596 3284 ll'ierosolymitani,

2017 3331 2069 3376 et
2103 3321 2192 3374 alii
2231 3319 2325 3387 qui
2377 3317 2742 3372 orthodoxam
2791 3311 3214 3369 Confessionem
3270 3307 3639 3362 testimoniis--

2020 3413 2140 3468 suis
2165 3419 2527 3483 ornaverunt,
2552 3416 2608 3462 et
2632 3407 2890 3462 omnibus
2921 3403 3039 3459 suis
3067 3413 3326 3470 tanquam
3363 3398 3488 3452 ﬁdei
3513 3413 3600 3451 re-

2019 3506 2200 3576 gulam
2233 3502 2778 3564 commendaxerunt,
2815 3505 2984 3552 testes
3034 3498 3133 3549 ltoc
3170 3497 3222 3547 in
3272 3501 3597 3560 argumento
3627 3527 3632 3531 ι

2021 3596 2410 3666 locupletiores
2434 3594 2682 3649 Smitheo
2717 3607 2841 3646 esse
2879 3605 3039 3644 nemo
3069 3602 3178 3642 non
3207 3585 3485 3640 fatebitur.

2093 3687 2320 3739 Miratur
2349 3685 2624 3754 quomodo
2660 3684 2808 3738 illius
2856 3679 3095 3734 homilia:
3145 3694 3255 3731 non
3288 3675 3600 3730 meminerit

2019 3779 2288 3835 Jeremias
2345 3777 2663 3849 patriarcha
2747 3775 3014 3828 adversus
3065 3767 3602 3837 Wirtcmbergeuses

2023 3873 2293 3936 scribens,
2335 3879 2500 3941 atque
2549 3884 2748 3923 novum
2779 3866 2906 3921 imle
2956 3871 3336 3931 argumentum
3369 3859 3447 3912 illi
3497 3870 3601 3909 ua-

2022 3967 2213 4029 scitur,
2244 3979 2355 4034 quo
2383 3963 2748 4032 suspicionem
2787 3961 3094 4015 conﬁrmet.
3120 3957 3188 4009 At
3215 3968 3341 4008 cum
3373 3953 3440 4005 de
3473 3965 3602 4019 pro-

2024 4060 2275 4113 cessione
2306 4055 2551 4125 Spiritus
2577 4055 2751 4107 sancti
2808 4059 2916 4104 tam
2964 4049 3082 4102 fuse
3131 4052 3321 4099 contra
3378 4041 3634 4096 eosdem~

2025 4151 2360 4218 disputaret,
2387 4152 2466 4200 de-
2498 4145 2711 4214 prolixo
2739 4143 2982 4213 ejusdem
3017 4135 3286 4191 Gennadii
3335 4133 3602 4187 adversus

2031 4243 2256 4298 Latinos
2307 4257 2468 4310 opere
2513 4244 2662 4294 circa
2715 4234 2964 4290 eamdem
3022 4228 3309 4297 thcologiae
3364 4233 3600 4295 partem,
3693 4257 3696 4260 ι

2029 4335 2256 4389 verbum
2309 4351 2421 4388 non
2474 4333 2623 4398 fecit,
2663 4339 2723 4385 ut
2764 4342 2941 4396 neque
2997 4322 3244 4378 meminit
3301 4319 3600 4372 multorum

2032 4429 2266 4483 aliorum
2302 4444 2367 4481 ex
2395 4427 2604 4481 Graecia
2662 4424 3075 4490 theologorum,
3130 4428 3364 4485 quorum
3403 4411 3602 4477 scripta
3622 4439 3628 4458 .-

345 4537 586 4592 triarclta
634 4535 1287 4602 Constantinopolitanus
1335 4547 1401 4586 ex
1434 4493 1844 4587 recentioribus
1869 4531 1924 4586 in
1957 4493 2005 4553 θ
2033 4521 2114 4576 vel
2149 4521 2294 4576 edita
2323 4529 2472 4584 sunt.
2508 4520 2592 4571 vel
2647 4516 2701 4569 in
2756 4508 3107 4567 uiblimhecis
3155 4512 3466 4560 servantur.
3504 4501 3619 4564 Qui”

345 4633 608 4703 synodica
639 4647 762 4695 sua,
796 4639 851 4685 et
885 4630 974 4683 alii
1008 4642 1210 4698 magno
1242 4640 1498 4681 numero.

420 4723 526 4779 Sed
565 4722 840 4777 Meletium
888 4721 1142 4792 Syrigum
1181 4719 1395 4788 repellit
1451 4716 1927 4771 Mlscellaneorum

346 4825 543 4872 auctor
594 4823 857 4884 tanquam
916 4811 1224 4867 Gra'culum
1280 4805 1665 4874 tenebrionent,
1697 4807 1930 4875 partium

349 4906 540 4962 studiis
586 4905 1032 4966 addictissimum,
1089 4901 1269 4954 Romo:
1299 4941 1313 4962 ,
1343 4901 1448 4955 nisi
1496 4900 1706 4967 fallitur
1747 4897 1931 4966 (vehe-

351 5003 565 5048 menter
599 5003 781 5046 autem
819 4991 1048 5059 fallitur)
1087 4991 1394 5044 educatum.
1433 4990 1502 5042 At
1533 5003 1694 5043 nemo
1727 4987 1931 5043 fortas-

353 5086 432 5139 sis
486 5089 627 5140 inter
676 5084 896 5140 Graecos
945 5083 1284 5138 recentiores
1331 5081 1525 5150 majori
1586 5080 1850 5133 doctrinm
1880 5087 1934 5134 et

351 5159 666 5250 ὀρθοδοξὶαξ
688 5178 855 5233 laude
881 5178 1092 5240 ﬂoruit,
1121 5173 1542 5231 commendatus
1575 5173 1787 5226 Scilicet
1819 5181 1932 5225 tum

354 5275 423 5328 ab
454 5288 521 5326 eo
546 5273 642 5341 qui
675 5279 808 5328 ante
850 5286 1061 5342 paucos
1095 5284 1274 5324 annos
1327 5265 1808 5334 Censtantinopoli
1852 5280 1938 5319 se-

357 5365 526 5421 debat
556 5363 856 5428 Calliuico,
900 5378 928 5416 a
963 5361 1250 5431 Dionysio.
1282 5357 1576 5413 Parthenio
1604 5374 1617 5410 :
1652 5364 1766 5409 tum
1799 5354 1938 5409 Nec-

358 5462 502 5512 tario
555 5469 609 5513 et
669 5455 933 5511 Dositheo
996 5450 1516 5523 Hierosolymitanis
1575 5447 1933 5517 patriarchis,

359 5547 520 5617 cujus
551 5562 690 5615 opus
717 5545 987 5600 adversus
1013 5544 1204 5615 Cyrilli
1246 5541 1483 5608 capitula
1515 5541 1583 5594 ah
1606 5554 1751 5594 anno
1781 5537 1936 5601 1640,

361 5651 471 5700 quo
499 5637 808 5706 perlectum
836 5633 962 5700 fuit,
995 5635 1103 5689 huc
1142 5649 1316 5702 usque
1341 5632 1645 5694 laudatum,
1674 5645 1738 5684 ne
1775 5629 1938 5682 levis-

364 5726 502 5782 sima
538 5726 758 5797 quidem
799 5740 1036 5780 censura
1075 5724 1424 5794 perstrinxit.

449 5820 820 5876 Tcnebrionem
864 5833 1028 5876 nemo
1060 5833 1300 5888 unquam
1341 5813 1630 5886 appellavit
1673 5829 1816 5879 eum,
1849 5811 1938 5878 qui

2029 4629 2095 4670 ex
2129 4621 2236 4666 tam
2269 4613 2372 4667 levi
2403 4609 2720 4680 conjectura
2761 4619 2925 4674 opera
2963 4599 3283 4656 auctoribus
3321 4594 3618 4664 abjudica--

2032 4717 2134 4771 ret,
2169 4705 2441 4761 ridiculus
2485 4703 2646 4757 foret.
2694 4697 2902 4763 Nempe
2955 4692 3216 4747 movisset
3264 4687 3608 4742 Lutltcranos

2032 4797 2301 4853 Gennadii
2325 4794 2646 4855 auctoritas,
2669 4790 2873 4860 quibus
2896 4785 3192 4855 exprobrat
3221 4779 3430 4835 ultimis
3465 4781 3606 4830 litte-

2033 4891 2112 4945 ris
2161 4888 2454 4953 Jeremias,
2511 4885 2655 4956 quod
2713 4890 3032 4938 sanctorum
3080 4877 3304 4930 Patrum
3365 4880 3636 4927 veterunn

2035 4983 2393 5036 auctoritates
2420 4979 2648 5047 insuper
2673 4975 2958 5029 haberent.

2107 5073 2253 5128 Nihil
2302 5086 2522 5141 quoque
2568 5081 2691 5122 esse
2737 5067 2790 5119 in
2846 5063 3011 5119 tomis
3065 5059 3328 5114 adversus
3380 5052 3636 5106 Latinos.

2037 5164 2251 5218 duohus
2294 5161 2437 5231 quod
2495 5158 2732 5213 homilia:
2781 5153 3013 5210 similem
3063 5149 3370 5203 doctrinam
3411 5155 3617 5208 reprae-

2038 5263 2238 5317 sentet,
2270 5269 2360 5308 res
2410 5247 2744 5320 suspicionis
2773 5247 2928 5318 plena
2960 5241 3207 5297 Smitheo
3243 5237 3476 5289 videtur.
3511 5231 3612 5283 Mi-

2039 5359 2157 5398 rum
2190 5343 2373 5413 potius
2402 5350 2456 5396 et
2494 5348 2740 5394 monstro
2791 5333 2971 5389 simile
3012 5331 3226 5388 fuisset,
3265 5320 3634 5377 Genuadhun:

2042 5437 2109 5491 de
2137 5435 2379 5505 Spiritus
2403 5431 2574 5489 sancti
2619 5425 2970 5500 processione
3011 5421 3398 5479 disserentem,
3437 5414 3613 5482 deque

2041 5527 2164 5582 aliis
2216 5526 2361 5581 inter
2414 5539 2548 5579 suos
2589 5520 2926 5586 Latinosque
2987 5509 3401 5572 controversiis,
3435 5508 3624 5561 alieno

2045 5622 2205 5689 plane
2250 5619 2302 5671 in
2357 5617 2477 5671 loco
2525 5616 2593 5669 de
2645 5607 3003 5667 Eucharistite
3045 5603 3146 5658 tide
3177 5602 3514 5671 disputasse,
3545 5597 3636 5652 de~

2043 5728 2151 5779 qua
2181 5711 2326 5764 inter
2376 5716 2642 5776 utrosque
2677 5700 2976 5774 perfectam
3028 5696 3442 5752 consensionem
3492 5706 3635 5745 esse-

2046 5820 2152 5862 non
2207 5801 2512 5874 ignorabat.
2551 5798 2898 5868 Disputatum
2927 5801 3049 5849 erat
3103 5789 3303 5845 acriter
3336 5781 3636 5843 Ferrarize-
