3982 6208
312 268 420 334 279

1365 267 1408 326 Ο
1427 265 1705 325 ENNAD!
1724 265 1746 322 Ι
1791 264 1902 323 Cl’.
1942 264 2215 325 ΡΑἹἪΙᾹ
2232 264 2450 322 ΠΟΠΕ

3455 264 3555 327 28C

311 395 367 440 et
402 380 692 437 Florentia:
743 380 883 432 inter
913 375 1139 430 Latinos
1189 387 1240 429 et
1291 377 1528 439 Graacos,
1585 374 1879 444 pra'scrtim
1911 368 1958 428 Δ
1990 374 2226 443 Liturgia
2278 375 2606 438 celebratur,
2662 374 3004 429 circuml'atio
3053 375 3205 444 panis
3254 383 3308 428 et
3354 378 3554 434 calicis,

315 475 384 529 de
413 474 654 542 Azymis,
688 469 915 523 materia
956 468 1167 522 scilicet
1199 468 1253 521 in
1299 484 1403 536 qua
1440 467 1750 521 celebratur
1779 467 1884 518 Eu-

312 567 583 621 charislun
609 569 1013 617 Sacramentnm
1038 578 1050 625 ;
1073 560 1232 614 cedat
1266 559 1545 614 Smitheus
1576 560 1656 612 vel
1693 567 1883 612 aucto-

315 677 424 714 rem
476 659 724 712 Grmcum
779 672 942 708 unum
969 654 1168 724 (neque
1197 655 1528 725 Sylvestrum
1556 653 1883 725 Syropulum

313 751 635 821 excipimus)
656 749 750 819 qui
780 749 1003 802 Latinos
1048 763 1079 802 a
1122 745 1328 803 Graecis
1372 747 1439 802 de
1483 747 1670 815 aliquo
1699 760 1892 799 errore

313 847 460 900 circa
491 843 855 898 Eucharistia:
886 842 1041 895 fidem
1089 840 1436 894 insimulatus
1468 848 1882 894 commemoret.
1909 879 1912 881 λ

312 938 518 992 Contra
548 951 671 991 cum
714 935 962 995 Bohemi,
999 934 1242 987 eamdem
1290 948 1459 1001 prope
1503 949 1666 1000 quam
1702 929 1891 984 Refor-

314 1029 470 1090 mati,
503 1027 567 1082 de
612 1026 802 1081 eodem
851 1037 1197 1078 sacramento
1242 1024 1551 1092 opinionem
1608 1024 1888 1084 baberent,

313 1123 496 1176 videat
535 1121 587 1172 in
619 1120 793 1189 ipsius
820 1118 1072 1188 Syropuli
1108 1116 1425 1169 narratione
1455 1131 1614 1183 quam
1652 1117 1890 1180 graviter

316 1215 491 1268 Grteci
525 1211 933 1280 tulerint,quod
970 1213 1020 1263 in
1052 1211 1224 1277 prima
1257 1207 1459 1261 decreti
1498 1208 1564 1258 ad
1593 1207 1889 1259 concilium

317 1305 704 1359 celebrandum
742 1303 976 1356 formula
1009 1301 1262 1354 Bohcmis
1320 1299 1616 1366 comparati
1656 1298 1888 1364 quadam

315 1398 523 1449 ration:
582 1397 837 1459 fuissent,
876 1409 1012 1463 quos
1075 1392 1250 1445 multis
1284 1403 1331 1444 et
1385 1392 1620 1460 pessimis
1677 1389 1894 1442 Itwresi-

314 1490 406 1542 bus
441 1489 686 1542 laborare
744 1486 1135 1557 agnoscebant.
1171 1485 1323 1549 Quod
1361 1485 1522 1551 igitur
1567 1497 1673 1536 non
1725 1479 1892 1533 modo

316 1578 365 1630 iu
399 1579 616 1632 duobus
657 1578 763 1631 illis
815 1577 1183 1630 voluminibus
1234 1584 1424 1629 contra
1472 1574 1718 1634 Latinos,
1751 1587 1893 1640 quos

1990 477 2281 537 antequam
2320 479 2734 531 consecrentur,
2771 476 2825 522 et
2855 483 3044 523 eorum
3069 468 3353 524 venerat-io
3383 483 3445 522 ex
3476 469 3528 521 tu

1992 572 2112 615 tura
2194 577 2320 615 mox
2388 563 2805 616 consecratione
2849 579 2862 612 :
2910 562 3312 616 communionis
3381 562 3535 616 distri

1989 655 2216 709 linenda:
2235 653 2407 708 forma
2433 655 2856 724 :particula-rum
2875 658 3217 711 conservatio
3235 656 3300 710 ad
3321 654 3559 709 infirmo-

2001 763 2122 800 rum
2158 747 2444 812 viaticum,
2489 745 2660 801 Missa
2715 749 3315 816 praesaneliﬁcatorum,
3359 758 3412 802 et
3452 758 3560 802 tam

1996 841 2169 894 multa
2201 839 2305 894 alia
2336 847 2484 894 certa
2535 839 2781 908 ejusdem
2843 839 2967 894 ﬁdei
3040 851 3358 909 argumenta
3413 851 3561 906 sunt,

1996 933 2142 987 unde
2177 933 2440 1001 quidquid
2473 932 2650 988 simile
2681 935 3008 988 occurrebat
3045 933 3098 988 in
3135 932 3325 988 Latina
3375 935 3560 999 missa,

1994 1028 2176 1082 statim
2213 1026 2583 1081 Protestantes
2615 1027 2975 1082 sustulerunt.

2065 1117 2229 1182 Quasi
2271 1125 2452 1170 tamen
2495 1117 2564 1172 de
2601 1133 2660 1172 re
2688 1120 2874 1172 minus
2903 1133 3065 1188 quam
3086 1118 3161 1174 de
3197 1134 3328 1173 voce
3380 1135 3568 1189 agere-

1996 1221 2104 1271 tur,
2140 1208 2246 1263 nisi
2289 1210 2959 1265 transsnbstantiationem
3022 1227 3286 1280 expresse
3314 1215 3567 1266 nomina-

1999 1302 2172 1356 verint
2202 1300 2400 1365 Graeci,
2433 1313 2579 1358 vetat
2609 1303 2889 1360 Smitheus
2915 1306 3232 1374 existimare
3269 1305 3567 1374 quidquam

1996 1409 2094 1451 eos
2134 1396 2200 1449 de
2233 1397 2372 1451 reali
2414 1397 2880 1466 substantia‘lique
2915 1385 3375 1452 transmutatione
3419 1398 3570 1461 cogi-

1997 1498 2167 1542 tasse.
2202 1488 2338 1553 Quia
2391 1488 2559 1553 igitur
2591 1488 2857 1544 Claudius
2891 1488 2963 1542 ita
3001 1494 3288 1554 statuerat;
3336 1489 3569 1544 Gabrie-

1999 1581 2101 1634 lem
2135 1579 2672 1649 Philadelphiensem
2703 1581 2937 1650 primum
2974 1581 3144 1636 fuisse
3178 1596 3204 1633 a
3239 1595 3348 1650 quo
3385 1598 3570 1648 μετου·

316 1670 595 1725 Smitheus
630 1687 909 1738 nunquam
943 1671 1096 1730 vidit,
1123 1679 1235 1723 tum
1265 1669 1316 1722 in
1350 1668 1534 1722 multis
1557 1668 1677 1721 aliis
1701 1668 1894 1721 adver-
1934 1713 1975 1769 Β
2008 1675 2248 1734 culicem;
2278 1681 2538 1740 usurpata
2562 1689 2662 1727 vox
2691 1674 2905 1738 fuisset,
2931 1673 3210 1730 Smitbeus
3231 1676 3459 1740 primum
3479 1684 3572 1729 aut

315 1780 411 1816 sus
452 1778 546 1817 eos
573 1765 815 1831 scriptis,
847 1778 1082 1831 quorum
1111 1762 1343 1815 indicem
1374 1762 1644 1826 dabimus,
1675 1760 1807 1814 nihil
1829 1761 1893 1814 de

318 1851 674 1906 Eucltaristim
699 1854 1090 1905 controversiis
1144 1853 1468 1922 reperiatur,
1523 1851 1892 1905 certissimum

318 1947 540 2015 integra)
566 1948 712 2000 circa
745 1947 894 1999 illum
936 1946 1233 2000 articulum
1262 1945 1567 1998 concordiae
1605 1961 1892 2015 argumen-

317 2049 430 2095 tum
479 2048 620 2092 erat.

394 2130 618 2190 Verum.
659 2139 869 2184 tantum
915 2132 1072 2185 ab.-st
1114 2142 1171 2186 ut
1229 2133 1332 2184 vim
1401 2133 1552 2187 illius
1615 2132 1896 2202 agnoverit

320 2221 796 2277 Misecllancnrum
835 2233 1054 2285 auctor,
1088 2224 1220 2277 nihil
1265 2233 1317 2275 ut
1367 2225 1542 2290 potius
1567 2225 1761 2293 (inplici
1797 2241 1894 2279 sua

322 2315 712 2370 Dissertatioue
762 2317 1048 2383 designare
1116 2318 1388 2379 videatur,
1453 2333 1617 2386 quam
1673 2334 1893 2372 causam

322 2408 655 2477 suspicietiis
681 2409 944 2462 adversus
990 2410 1331 2463 Gennadium
1361 2418 1414 2464 et
1439 2409 1558 2478 ejus
1590 2409 1894 2473 bomiliam,

324 2499 378 2551 in
429 2512 486 2551 ea
526 2514 632 2552 non
689 2500 1087 2574 sententiarum
1135 2501 1318 2561 modo,
1364 2499 1459 2555 sed
1497 2502 1660 2556 etiam
1703 2516 1892 2556 vocum

325 2589 706 2645 conformitate
738 2591 963 2646 subesse
1001 2593 1398 2660 gravissimam.
1441 2593 1642 2662 Nempe
1673 2595 1898 2650 siClau-

326 2683 415 2735 dio
440 2682 842 2736 Carentoniano
870 2685 1197 2739 credendum
1231 2693 1351 2751 est;
1383 2702 1557 2755 neque
1615 2687 1758 2741 enim
1813 2689 1897 2740 ιιι--

327 2777 436 2829 Ιιιιιι
469 2773 743 2830 Smitheus
778 2794 840 2830 ex
867 2777 1094 2841 Grauia,
1144 2777 1226 2832 vel
1259 2794 1326 2832 ex
1361 2779 1727 2834 Orientalibus
1775 2795 1898 2850 pro-

328 2867 547 2932 vinciis,
585 2867 750 2920 alium
786 2868 944 2935 hujus
983 2870 1237 2936 paradoxi
1260 2853 1536 2924 auctorem
1567 2871 1750 2934 habet,
1773 2887 1894 2926 cum

330 2963 493 3016 realis
526 2962 846 3030 praesentiae,
876 2964 1052 3016 multo
1075 2964 1244 3033 magis
1269 2965 1896 3020 transsubstantiationis

2006 1765 2142 1818 inter
2180 1765 2411 1830 primos;
2445 1765 2715 1820 Gcnnadii
2770 1780 2904 1820 vero
2963 1765 3336 1820 testimonium
3387 1780 3573 1820 omnes

2001 1858 2148 1912 illius
2189 1857 2434 1912 rationes
2459 1859 2760 1921 evertebat,
2791 1859 3202 1927 supposititium
3237 1860 3392 1913 illum
3434 1859 3575 1914 scri-

2000 1961 2212 2020 ptorem
2240 1965 2361 2005 esse
2415 1950 2604 2018 jussit.
2638 1949 2825 2019 Neque
2873 1951 3022 2004 enim
3077 1951 3185 2005 alia
3235 1951 3426 2020 jndicil
3463 1959 3574 2003 tam

2001 2041 2300 2110 prmeipitis
2351 2043 2491 2097 ratio
2529 2042 2821 2112 quaerenda
2845 2055 2946 2106 εει,
2975 2057 3099 2097 cum
3133 2059 3197 2097 ex
3227 2043 3428 2112 duplici
3459 2044 3577 2113 ejus

1998 2136 2262 2203 opusculo
2309 2150 2435 2189 eum
2480 2135 2547 2191 de
2585 2136 2869 2191 Gennadio
2905 2137 3037 2190 nihil
3079 2137 3302 2191 omnino
3349 2138 3576 2191 scivisse

1999 2236 2190 2292 przeter
2256 2242 2425 2295 pauca
2476 2243 2578 2283 nec
2627 2245 2753 2283 vera
2798 2244 2918 2294 qua:
2947 2245 3012 2283 ex
3043 2229 3238 2283 Allatio
3285 2228 3574 2294 didicerat,

1998 2318 2344 2372 manifestum
2369 2319 2486 2373 sit:
2531 2319 2732 2388 quibus
2786 2321 2829 2374 si
2883 2322 3008 2389 quis
3057 2322 3386 2388 acquiescat,
3430 2321 3576 2374 illius

1997 2425 2103 2462 non
2145 2421 2229 2464 est
2268 2410 2335 2465 de
2365 2409 2648 2466 Gennadio
2685 2423 2778 2465 aut
2807 2413 2951 2466 illius
2995 2413 3422 2480 operitu-nsterre
3454 2429 3577 2465 seut-

1999 2500 2248 2555 tentiam.
2273 2502 2414 2555 Nihil
2436 2517 2567 2571 ergo
2587 2501 3054 2558 Miscellaneorum
3081 2512 3358 2556 auctorem
3384 2505 3576 2568 movit,

1999 2600 2059 2647 ut
2095 2593 2371 2648 homiliam
2405 2592 2590 2648 falsam
2637 2593 2906 2658 iudica-ret
2940 2613 2953 2650 :
2999 2594 3470 2664 Gennadinmqne,
3531 2594 3577 2648 si

1999 2685 2358 2739 auctorillius
2387 2685 2545 2750 foret,
2587 2685 2891 2741 Latinismo
2913 2687 3205 2752 imbutum,
3245 2703 3402 2755 quam
3432 2702 3578 2742 men-

1999 2776 2287 2831 dacissima
2327 2776 2414 2829 illa
2451 2776 2746 2831 Claudiana
2783 2777 3120 2847 bypothesis,
3153 2794 3270 2847 qua:
3299 2779 3572 2832 neminem

1999 2872 2248 2926 Grzccnm
2288 2873 2590 2941 legitimum
2625 2876 2893 2942 agnoscit,
2928 2874 3034 2928 nisi
3089 2875 3182 2941 qui
3234 2875 3575 2944 pmsentiam

2007 2964 2210 3020 realem
2243 2973 2297 3020 et
2337 2965 3012 3020 transsubstantiationem
3049 2965 3277 3032 rejiciat.

328 3054 520 3118 uagina
565 3065 618 3109 et
669 3070 865 3109 nomen
917 3056 1172 3110 omnibus
1225 3056 1280 3110 in
1311 3056 1534 3112 Oriente
1566 3056 1897 3112 Christianis
1923 3044 1968 3106 C
2070 3057 2244 3123 Quam
2279 3072 2444 3126 porro
2470 3056 2609 3111 falsa
2641 3057 2732 3110 illa
2766 3056 2931 3119 foret,
2958 3073 3019 3111 ex
3043 3056 3581 3127 GabrielePhiladel-

329 3155 568 3211 ignotum
605 3146 707 3199 huc
749 3161 918 3214 usque
975 3146 1158 3211 fuerit,
1219 3149 1313 3216 qui
1367 3155 1660 3218 utrumque
1698 3148 1899 3204 admit-

330 3249 470 3302 tunt,
505 3238 916 3305 pseudo-Gmci
951 3247 1077 3292 sunt
1113 3247 1166 3292 et
1196 3240 1609 3310 Λατινόφρονες.
1645 3241 1756 3295 Hoc
1789 3241 1832 3298 si
1865 3257 1894 3295 a

331 3329 556 3382 Claudio
585 3329 1016 3383 demonstratum
1061 3329 1339 3386 Sinitheus
1378 3333 1673 3400 existimat,
1710 3344 1894 3388 utnon

334 3437 443 3473 uno
483 3421 602 3474 loco
630 3421 765 3474 satis
797 3421 1141 3488 s'gnilieavit,
1176 3438 1273 3476 nos
1305 3423 1499 3492 potiori
1532 3424 1676 3492 jure,
1709 3439 1777 3478 ne
1805 3440 1898 3477 ve-

335 3513 620 3566 risimilem
653 3513 872 3581 quidem
927 3515 1292 3581 conjecturam
1328 3531 1449 3567 cum
1489 3515 1739 3570 attulisse
1773 3532 1900 3584 pro-

336 3607 521 3660 batum
553 3606 753 3659 invicte
781 3621 808 3658 ιι
843 3605 1048 3660 nostris
1080 3606 1344 3674 theologis
1365 3607 1763 3661 existimamus.
1794 3607 1901 3662 Res

339 3700 390 3750 in
435 3695 614 3753 medio
645 3698 1001 3768 relinquatur,
1032 3708 1082 3750 ut
1113 3699 1162 3751 in
1211 3699 1478 3765 ejusmodi
1505 3700 1905 3768 qua-stionibus

338 3791 452 3843 fieri
519 3790 681 3845 debet
714 3808 730 3846 :
763 3806 828 3845 ne
875 3792 1134 3860 syllabam
1190 3792 1406 3859 quidem
1463 3793 1663 3846 habent
1719 3795 1908 3848 Prote-

338 3891 571 3944 stantes,
632 3900 736 3954 qua
783 3885 998 3953 probari
1043 3884 1342 3939 Claudiana
1398 3901 1628 3940 censura
1684 3891 1902 3956 possit:

333 3983 451 4030 tota
491 3979 632 4032 enim
669 3989 1110 4048 argumentorum
1142 3979 1222 4033 vis
1252 3979 1303 4032 in
1337 3979 1438 4033 hoc
1471 3995 1578 4032 uno
1603 3981 1723 4045 erit,
1759 3980 1906 4049 quod

340 4071 508 4125 Graeci
546 4079 600 4126 et
634 4071 935 4125 doctrinam
973 4080 1026 4126 et
1060 4087 1243 4126 vocem
1275 4082 1400 4126 ante
1430 4072 1700 4127 Gabrielis
1729 4071 1911 4127 Phila-

339 4165 681 4235 delphiensis
724 4166 1081 4235 mctropolitm
1143 4175 1382 4234 tempora
1440 4181 1548 4220 non
1609 4181 1909 4235 usurpave-

345 4270 491 4312 rnnt.
527 4246 742 4313 Sciunt
771 4275 934 4326 porro
982 4274 1172 4314 omnes
1229 4268 1492 4327 quantum
1543 4261 1593 4312 in
1639 4260 1909 4312 similibus

341 4352 732 4407 controuersiis
783 4352 927 4417 fallat
978 4368 1118 4420 sirpe
1166 4363 1542 4420 argumentum
1593 4350 1719 4402 illud
1765 4349 1909 4419 quod
1948 4390 1966 4444 Ι

342 4455 540 4500 vocant
583 4445 916 4512 negativum.
962 4443 1116 4508 Quod
1161 4444 1204 4498 si
1251 4442 1484 4510 alicujus
1521 4442 1774 4496 momenti
1804 4451 1910 4504 est,

343 4548 403 4591 ut
434 4553 564 4590 sane
593 4552 737 4604 saepe
776 4551 898 4590 cum
938 4535 1145 4604 judicio
1187 4541 1363 4602 potest
1392 4533 1658 4595 adhiberi,
1693 4547 1757 4584 co
1784 4548 1913 4598 quo-

342 4646 450 4694 que
494 4640 709 4682 utemur
746 4628 1019 4690 catholici,
1048 4626 1143 4681 sed
1184 4625 1404 4682 Certiori
1457 4633 1511 4678 et
1567 4625 1909 4678 evidentiori.

344 4722 474 4774 Nam
509 4735 629 4774 cum
676 4705 890 4775 exstent
921 4719 1231 4774 Graecorum
1275 4719 1534 4771 adversus
1587 4717 1806 4770 Latinos
1849 4717 1914 4768 li-

344 4814 426 4868 bri
465 4823 571 4865 tant
605 4814 734 4866 editi
777 4827 937 4877 quam
995 4827 1123 4865 mss.
1185 4827 1379 4878 magno
1410 4795 1670 4873 'uumero,
1701 4817 1913 4862 exstent

343 4914 460 4956 acta
501 4911 553 4957 ct
597 4914 944 4956 monmncnta
985 4916 1163 4954 rerum
1203 4901 1266 4952 a:l
1311 4877 1656 4954 concordiam
1710 4913 1909 4966 procu-

346 4997 571 5050 randam
616 4996 756 5048 inter
814 5003 1073 5060 utrosque
1136 5003 1434 5062 gestarum,
1494 4992 1629 5046 nihil
1673 4993 1913 5047 occurrit

345 5091 485 5144 unde
518 5088 596 5140 vel
635 5086 858 5139 Latinos
884 5101 911 5136 a
941 5084 1144 5138 Gra-cis
1191 5092 1477 5136 accusatos
1504 5097 1622 5136 esse
1673 5088 1908 5142 constet.

344 5183 488 5247 quod
537 5177 1204 5234 iranssubstnnliationem
1236 5177 1522 5241 docerent;
1555 5185 1647 5228 aut
1684 5189 1711 5226 a
1772 5171 1914 5226 Lati-

346 5277 427 5326 u‘s
458 5273 696 5332 (li-recns,
726 5280 866 5341 quot
897 5271 1043 5323 illaut
1079 5270 1387 5339 rejicerent.

413 5367 634 5418 Accedit
672 5365 774 5419 alia
824 5379 1034 5434 magna:
1059 5362 1401 5416 auctoritatis
1429 5361 1680 5430 probatio
1713 5375 1776 5415 ex
1799 5359 1914 5412 dis-

349 5456 543 5522 ripliua
567 5458 901 5522 Gi‘mcorttm,
941 5472 1058 5525 quae
1082 5472 1189 5510 non
1219 5456 1330 5509 heri
1371 5463 1469 5508 aut
1491 5452 1912 5507 nudius-tertius

349 5558 588 5610 inventa,
616 5544 709 5601 sed
745 5563 776 5602 a
814 5549 998 5604 multis
1022 5548 1234 5603 saeculis
1263 5548 1367 5602 huc
1394 5563 1571 5616 usque
1600 5543 1910 5605 observata,

349 5637 612 5706 ejusmodi
647 5648 750 5704 est,
784 5649 842 5693 ut
875 5641 1079 5708 absque
1116 5640 1276 5694 realis
1303 5635 1774 5694 transumtationis
1808 5634 1910 5688 tide

351 5731 647 5788 consist-ere
705 5740 956 5794 nequeat.
1000 5731 1132 5786 Nam
1194 5733 1331 5789 ritus
1375 5740 1423 5788 ct
1469 5744 1654 5793 orcccs
1701 5725 1900 5790 quibus

2009 3149 2226 3220 phiensi
2257 3149 2394 3203 satis
2429 3148 2608 3203 fuerat
2640 3148 3100 3203 demonstratum.
3127 3147 3301 3205 Lana
3360 3151 3446 3204 ille
3471 3151 3580 3218 pri-

2008 3257 2154 3295 mum
2186 3240 2416 3296 Claudio
2449 3239 2569 3305 fuit,
2607 3241 2855 3310 liberque
2907 3242 3135 3296 lie-titius
3173 3258 3188 3298 :
3248 3242 3320 3295 ita
3377 3244 3578 3311 quippe

2012 3332 2521 3388 videbaturhoniiui
2588 3332 2817 3386 minime
2862 3332 3072 3394 Graec,
3117 3343 3176 3386 ut
3221 3331 3582 3385 admiratores

1955 3499 1958 3502 _
2007 3426 2126 3496 ejus
2157 3439 2353 3494 negare
2383 3440 2490 3479 non
2516 3432 2763 3494 possunt.
2798 3422 3096 3494 Supererat
3126 3424 3401 3478 secumlus
3428 3433 3584 3478 actus

2010 3519 2226 3582 fabul:c,
2271 3529 2330 3570 ut
2365 3517 2578 3586 primus
2610 3516 2704 3581 qui
2739 3531 2929 3570 vocem
2962 3505 3584 3570 transsubstantiationis

2012 3615 2357 3677 usurpasset,
2393 3605 2614 3661 Gabriel
2640 3605 2784 3661 foret
2825 3624 2840 3660 :
2877 3620 3001 3660 mox
3051 3620 3161 3660 non
3227 3606 3427 3674 primus
3491 3613 3587 3657 aut

2013 3706 2150 3757 inter
2175 3703 2394 3770 primos.
2427 3699 2614 3754 Fidem
2649 3701 2896 3754 omnium
2922 3699 3263 3768 appellamus
3295 3700 3389 3767 qui
3442 3698 3589 3751 Grat—

2016 3812 2111 3851 cos
2142 3804 2396 3849 auctores
2431 3794 2702 3864 legerunt,
2737 3809 2805 3847 an
2837 3793 3006 3847 ullum
3041 3793 3366 3863 repererint,
3399 3793 3490 3862 qui
3522 3806 3588 3845 eo

2016 3885 2236 3940 nomine
2267 3882 2568 3939 Gabrielem
2597 3881 2901 3935 laudaverit
2932 3878 3404 3941 autaccusaverit,
3441 3876 3589 3946 quod

2019 3981 2220 4049 primus
2247 3985 2337 4030 aut
2371 3977 2511 4030 inter
2543 3973 2744 4041 primos
2771 3989 2960 4028 vocem
2985 3983 3210 4028 eatenus
3237 3964 3245 3973 ’
3273 3971 3588 4025 inusitatam

2021 4069 2278 4140 mysterio
2296 4066 2656 4121 Eucharistize
2679 4065 3006 4134 explicando
3027 4064 3361 4118 adhibuerit.
3389 4063 3454 4113 At
3476 4068 3592 4114 erat

2021 4157 2604 4216 saneloeuslaudamli
2635 4157 2779 4210 illius
2830 4155 3050 4211 Meletio
3099 4154 3314 4225 Syrigo,
3369 4166 3492 4206 cum
3525 4151 3594 4206 de

2025 4251 2436 4320 μετουσιὼσεως
2478 4263 2613 4303 voce
2667 4248 2999 4313 disputaret,
3048 4247 3422 4314 fatereturquc
3471 4259 3592 4296 eam

2021 4346 2210 4414 primis
2236 4343 2496 4397 Ecclesiae
2524 4341 2844 4394 doctoribus
2884 4350 3204 4407 usurpatam
3245 4354 3355 4391 non
3405 4337 3595 4394 fuisse.

1969 4429 1986 4440 ”
2022 4436 2116 4493 sed
2147 4453 2173 4490 a
2205 4434 2604 4506 posterioribus
2639 4441 2790 4487 recte
2857 4433 2926 4487 ad
2981 4432 3143 4486 fidem
3205 4429 3591 4499 explicandam

2022 4537 2209 4599 postea
2263 4525 2583 4579 adhibitam.

2093 4620 2226 4672 Cum
2256 4618 2422 4687 igitur
2447 4613 2715 4670 Gennadii
2749 4612 3064 4668 testimonio
3079 4618 3418 4665 everteretur
3443 4626 3596 4678 pror-

2021 4726 2114 4766 sus
2145 4710 2373 4765 Smithei
2407 4707 2719 4776 conjectura
2748 4723 2762 4770 ;
2795 4720 2933 4759 nam
2954 4721 3018 4759 ex
3047 4721 3116 4760 eo
3163 4704 3451 4759 constabat
3490 4717 3595 4757 non

2022 4815 2146 4859 ante
2172 4813 2392 4858 centum
2424 4816 2621 4862 annos,
2649 4798 2745 4854 sed
2803 4810 3022 4852 centum
3083 4804 3138 4852 et
3177 4795 3458 4864 sexaginta
3507 4803 3596 4846 aut

2024 4896 2261 4964 amplius
2303 4908 2490 4946 vocem
2525 4907 2644 4944 eam
2690 4897 3032 4959 usurpatam.
3063 4903 3173 4941 non
3202 4902 3267 4941 ex
3303 4885 3596 4940 falsissima

2025 4987 2335 5059 bypothesi,
2369 4985 2557 5040 saltem
2590 4983 2743 5037 valde
2814 4983 3002 5045 dubia,
3066 4988 3120 5033 et
3184 4976 3597 5048 prcliationibus
3657 5017 3668 5027 .

2022 5081 2303 5140 destituta,
2353 5073 2710 5132 convellenda
2753 5082 2870 5127 erat
2929 5071 3197 5126 Gennadii
3251 5067 3551 5124 auctoritas
3581 5083 3604 5131 ;.

2021 5170 2114 5226 sed
2139 5186 2202 5223 ex
2224 5168 2538 5223 Graecorum
2578 5165 2799 5219 testium
2840 5161 2964 5222 fide,
2997 5176 3136 5226 quos
3165 5174 3322 5212 nemo
3343 5157 3516 5210 audiri
3543 5156 3597 5208 in

2023 5264 2185 5317 rebus
2208 5261 2327 5316 suis
2365 5259 2563 5313 debere
2597 5255 2877 5326 negaverit
2911 5261 3042 5307 :ant
3067 5253 3260 5308 saltem
3289 5251 3418 5304 illud
3446 5249 3597 5302 evin-

2019 5353 2248 5407 rendnm
2275 5351 2535 5417 etdogma
2564 5355 2616 5401 et
2643 5362 2832 5401 vocem
2858 5347 2924 5399 ab
2949 5343 3083 5413 ipsis
3103 5343 3302 5412 pariter
3325 5339 3599 5411 ignorari.

2022 5447 2076 5500 Si
2109 5445 2371 5514 Cyrillum
2395 5441 2626 5495 Lurarin
2656 5438 2979 5507 excipimus,
3000 5434 3419 5490 nullnsGraacus
3441 5435 3585 5484 theo-

2023 5538 2178 5606 logus
2211 5545 2478 5587 etvocem
2509 5541 2559 5585 et
2612 5529 2807 5599 dogma
2875 5543 2984 5581 neu
3037 5525 3307 5596 probavit.
3371 5522 3592 5578 Gabriel

2021 5629 2377 5695 Meletiusque
2399 5624 2625 5694 Syrigus
2642 5622 2931 5675 laudantur
2953 5619 3020 5674 ab
3037 5619 3311 5684 omnibus,
3331 5629 3599 5685 tanquam

2020 5722 2130 5779 veri
2194 5734 2380 5784 grazcue
2430 5716 2693 5775 docttina:
2745 5713 3029 5774 interpres.
3082 5711 3318 5774 Cyrillus
3364 5706 3590 5771 iudiciis
