3982 6208
276 335 380 394 281

1801 350 2004 412 ι’]τΑ.

3443 338 3554 407 282

274 450 642 520 synodalibus
669 451 964 508 damnatus
997 463 1082 510 est
1110 474 1122 508 :
1161 457 1395 513 refutata
1422 460 1491 516 ab
1520 465 1712 517 eodem
1750 465 1854 534 Sy-
1885 472 1926 528 Α
1958 470 2312 532 imperatore.
2343 467 2614 536 episcopis
2651 474 2705 522 et
2736 474 2952 528 senatu,
2978 472 3097 520 erat
3143 463 3320 518 adhuc
3376 478 3550 519 saecu-

272 544 399 609 rigo
423 541 526 595 fuit
559 543 708 597 illius
751 544 1111 602 Calvinistica
1154 549 1490 607 Confessio:
1558 563 1612 608 et
1663 563 1856 609 contra

270 631 394 686 haec
435 633 749 687 testimonia
785 649 906 705 quae
929 638 1082 693 Actis
1107 649 1162 693 et
1192 638 1650 700 Confessionilnts
1672 645 1858 700 multis

272 740 340 779 ex
379 724 604 780 Oriente
629 727 815 782 missis
839 731 1168 786 conﬁrmata
1203 744 1357 796 sunt,
1377 735 1856 808 audetquisquam

272 817 630 885 conjecturas
655 820 1004 880 inanissimas
1035 838 1334 895 opponere.

352 909 564 963 Primus
620 922 712 965 aut
741 914 880 967 inter
915 917 1137 982 primos,
1163 919 1212 972 si
1267 918 1513 976 Smitbeo
1559 923 1852 990 credimus,

274 995 499 1052 Gabriel
533 997 1031 1069 Philadelphiensis
1063 1007 1727 1068 Transsubstantiationis
1764 1031 1859 1068 vo-

272 1107 394 1162 Cem
434 1095 902 1160 usurpavit,anno
937 1097 1092 1164 1600,
1125 1115 1234 1168 quo
1265 1101 1484 1157 libellus
1536 1105 1684 1159 illius
1739 1107 1847 1160 edi-

274 1195 364 1238 tus
390 1199 493 1240 εει.
523 1187 627 1240 Sed
653 1187 900 1242 Meletius
925 1191 1073 1259 l‘iga,
1097 1194 1410 1260 patriarcha
1452 1197 1854 1254 Alexandrinus

249 1279 328 1357 in
361 1281 606 1346 epistolis
629 1297 758 1334 ann.
813 1284 948 1337 1595
980 1294 1034 1340 ει
1080 1285 1239 1349 1591,
1289 1303 1406 1341 eam
1464 1305 1646 1344 vocem
1699 1293 1856 1344 adhi-

273 1373 497 1429 buerat.
534 1375 767 1442 ejuSque
797 1391 1020 1430 sensum
1053 1387 1108 1431 et
1179 1390 1544 1436 consectanea
1597 1396 1854 1439 accurate

274 1467 673 1536 esplicarerat,
711 1469 964 1524 indicans
997 1473 1158 1524 simul
1205 1482 1472 1528 tractatus
1535 1475 1675 1531 alios
1725 1486 1856 1532 suos

273 1557 330 1609 in
365 1559 567 1625 quibus
642 1561 818 1614 fusius
874 1561 942 1615 de
1000 1562 1191 1617 eodem
1250 1576 1580 1632 argumento
1641 1570 1850 1636 pridem

271 1652 635 1705 disseruerat.
667 1651 958 1708 luitinismi
984 1665 1278 1723 suspectus
1306 1673 1428 1712 esse
1466 1674 1575 1712 non
1648 1669 1850 1726 potest,

274 1759 438 1812 quem
471 1745 716 1815 impense
739 1745 1007 1814 Gecrgius
1040 1747 1218 1802 Douza
1268 1759 1321 1804 et
1345 1749 1434 1802 alii
1479 1749 1852 1807 Protestantes

1961 557 2096 613 laris
2138 579 2151 615 :
2199 575 2360 614 nemo
2393 571 2576 614 autem
2617 558 2992 628 suspicabitur
3018 557 3086 612 ab
3120 559 3354 621 homine,
3386 543 3549 611 docio

1958 653 2200 723 quidem,
2225 654 2318 706 sed
2358 655 2520 718 laico,
2559 653 2802 720 ignotam
2859 669 2958 705 nec
2981 668 3082 705 usu
3141 650 3439 705 stabilitam
3490 651 3546 704 in

1959 744 2220 812 mysterio
2243 742 2574 810 esplicando
2610 757 2800 795 vocem
2834 741 3090 810 usurpari
3113 739 3550 808 potuisse,nullo

1957 830 2344 902 episcoporum
2380 838 2476 882 aut
2515 830 2897 895 theologorum
2936 827 3293 881 reclamante.

2031 923 2136 977 Sed
2175 923 2502 985 Callinicus,
2530 921 2824 977 Dositheus
2853 929 2909 974 et
2939 919 3032 971 alii
3067 917 3238 972 Graeci
3271 917 3547 980 antistites

1968 1025 2130 1070 erunt
2164 1014 2411 1069 Smitheo
2439 1015 2842 1084 Λατινόφρονες
2910 1011 3035 1064 novi
3091 1010 3308 1064 scilicet
3349 1017 3403 1062 et
3439 1011 3547 1063 huc

1957 1123 2134 1177 usque
2165 1108 2334 1174 ignoti
2356 1107 2573 1176 generis
2603 1123 2617 1170 ;
2653 1121 2778 1158 nam
2808 1120 2931 1158 cum
2976 1118 3038 1157 ea
3117 1118 3220 1156 vos
3289 1100 3542 1168 usurpari

1956 1201 2140 1270 coepit,
2173 1201 2353 1254 nullos
2388 1200 2524 1254 alios
2558 1213 2722 1268 quam
2751 1199 2844 1266 qui
2913 1197 3210 1252 stabilitam
3254 1194 3548 1248 Florentiae

1959 1294 2080 1348 ﬁdei
2110 1292 2488 1347 Deﬁnitionem
2518 1291 3016 1360 amplectebantur,
3052 1289 3398 1357 designabat.
3439 1283 3546 1337 Ve-

1956 1401 2075 1439 rum
2105 1401 2210 1438 non
2233 1384 2737 1452 Constantinopoli,
2780 1386 2874 1440 sed
2913 1385 2966 1438 in
2995 1382 3209 1438 Claudii
3265 1379 3423 1434 libris
3457 1377 3544 1432 di-

1956 1478 2091 1531 dicit
2132 1476 2416 1530 Smitheus
2443 1477 2853 1545 Λατινόφρονας
2881 1492 3029 1539 esse,
3056 1475 3148 1544 qui
3180 1474 3379 1527 realem
3410 1486 3547 1540 prte-

1957 1571 2186 1623 sentiam
2206 1579 2260 1624 et
2294 1570 2973 1624 transsnhstantiationcm
3006 1568 3322 1621 crederent.
3374 1564 3549 1617 Erunt

1957 1662 2121 1730 igitur
2139 1663 2309 1716 etiam
2342 1662 2458 1725 isti,
2497 1661 2763 1728 utilliqui
2795 1662 3003 1731 synodo
3034 1658 3548 1728 llierosolymitanaa

1957 1755 2433 1821 sobscripserunt.
2470 1755 2524 1807 in
2555 1755 2745 1808 eadem
2790 1751 3342 1820 Λατινοφροκούντων
3404 1751 3548 1804 clas-

280 1839 669 1903 laudaverunt,
693 1854 760 1894 eo
790 1841 1090 1907 praesertim
1126 1843 1366 1908 nomine,
1415 1845 1560 1913 quod
1618 1861 1848 1900 concor-
1884 1821 1926 1880 Β
1955 1863 2035 1911 se,
2065 1847 2156 1914 qui
2189 1857 2366 1900 tamen
2407 1847 2700 1914 primatum
2737 1846 2966 1900 Romani
2998 1845 3280 1898 Pontiﬁcis
3322 1851 3545 1912 negant,

275 1933 386 1985 dia:
420 1933 564 1986 inter
595 1931 833 1986 Polonia:
875 1949 1059 2001 rgno-
1092 1935 1349 1990 subditos
1379 1935 1551 1990 Graeci
1610 1938 1745 1993 ritus
1803 1948 1858 1992 et

271 2023 586 2077 Catholicos
609 2024 963 2079 concilianda
1002 2027 1268 2082 acerrime
1299 2030 1606 2087 restitisset.
1625 2030 1702 2084 An
1725 2031 1855 2084 sub-

270 2115 482 2167 dititias
504 2113 628 2168 illas
657 2115 920 2182 epistolas
951 2130 1076 2171 esse
1105 2116 1385 2172 Smitheus
1440 2119 1628 2174 dicet?
1658 2121 1854 2175 Verum

271 2221 367 2259 eas
403 2220 465 2258 ex
503 2207 822 2261 authentico
851 2209 1149 2278 exmnplari
1190 2210 1496 2280 descriptas
1529 2213 1854 2267 Constanti-

275 2300 497 2368 nopolin
533 2301 599 2354 ad
640 2299 1016 2370 Panagiottem
1051 2303 1204 2357 misit
1240 2302 1459 2360 Paisius
1515 2305 1856 2360 Alexandri-

273 2409 382 2446 nus
411 2395 728 2460 patriarcha
767 2411 782 2450 :
821 2404 874 2448 et
909 2394 1570 2466 Constantinopolitanus
1621 2399 1854 2453 Callini-

270 2503 373 2541 cus
412 2487 463 2541 in
500 2487 746 2557 synodali
777 2488 1101 2544 deﬁnitione
1129 2491 1257 2543 anni
1284 2491 1442 2546 1691.
1465 2493 1608 2546 inter
1632 2510 1732 2548 eos
1755 2495 1850 2561 qui

273 2581 916 2636 transsuhstantiationis
949 2597 1084 2637 voce
1132 2584 1219 2639 usi
1257 2596 1411 2649 sunt,
1449 2585 1726 2640 Meletium
1770 2587 1857 2643 Pi-

270 2689 398 2742 gam
433 2674 757 2728 numeravit.

351 2763 551 2818 Eadem
608 2766 943 2821 auctoritate
967 2769 1296 2835 patriarcha:
1352 2769 1857 2840 Constantinopoli-

274 2859 417 2918 tani,
457 2868 510 2912 et
535 2857 775 2913 Dosithei
800 2859 1130 2929 patriarcha:
1179 2861 1664 2933 Hierosolymitaui
1726 2880 1859 2918 con-

275 2950 530 3002 ﬁrmatur
553 2965 612 3004 ea
637 2965 800 3018 quam
839 2951 1119 3006 Smitheus
1144 2963 1422 3022 oppugnat
1455 2954 1724 3009 Gennadii
1756 2957 1855 3012 ho-

273 3042 445 3095 milia.
483 3039 657 3095 Verba
690 3050 820 3097 sunt
853 3059 868 3096 :
902 3039 1016 3096 Usa
1072 3060 1228 3107 porro
1258 3060 1319 3098 ea
1371 3043 1524 3120 (voce
1576 3049 1858 3100 transsub-

1960 1937 2050 2005 qui
2087 1937 2348 2004 Spiritum
2382 1953 2410 1990 a
2439 1937 2598 1991 Patre
2632 1937 2748 1991 solo
2780 1937 3080 2004 proctulere
3149 1937 3406 1999 credunt,
3441 1935 3546 1987 do-

1960 2042 2083 2086 cent
2111 2033 2328 2086 tandem
2363 2034 2571 2104 rcliqua
2600 2049 2724 2102 qua:
2781 2031 2966 2085 Retine
3033 2033 3393 2087 damnantur.
3468 2034 3544 2089 Ea

1960 2127 2174 2179 ratione
2213 2126 2534 2180 Gennadius
2566 2134 2622 2179 et
2646 2127 2764 2194 ejus
2790 2125 3029 2178 homilite
3058 2127 3126 2177 ah
3165 2127 3285 2193 ipso
3315 2127 3548 2194 prosrri-

1959 2219 2166 2273 buntur
2203 2237 2218 2273 :
2251 2236 2373 2272 nam
2395 2220 2553 2274 aliam
2589 2219 2794 2272 nullam
2827 2219 2990 2273 habet
3020 2235 3035 2283 ;
3064 2219 3308 2287 adeoque
3341 2217 3548 2272 siGen—

1960 2313 2156 2367 nadins
2176 2313 2465 2366 Latinismi
2500 2321 2790 2382 suspectus
2826 2322 2932 2373 est,
2982 2312 3172 2366 eadem
3227 2313 3547 2378 suspicione

1945 2406 2164 2460 [involvi
2195 2414 2413 2474 oportet
2445 2405 2722 2458 Meletium
2760 2405 2974 2471 Pigam,
3012 2404 3324 2458 Gabrielem
3362 2403 3549 2457 Phila-

1959 2498 2357 2566 delphiensem,
2391 2497 2684 2563 Georgium
2716 2497 3059 2558 Coressium,
3091 2495 3365 2549 Meletium
3395 2497 3548 2566 Syri-

1959 2606 2110 2660 gum,
2139 2590 2401 2660 Cyrillum
2446 2601 2497 2645 et
2528 2589 2904 2654 Parthenium,
2928 2591 3018 2658 qui
3055 2589 3109 2642 in
3147 2590 3390 2659 synodis,
3416 2604 3546 2643 ann.

1962 2682 2098 2736 1658
2125 2690 2178 2735 ει
2209 2681 2368 2746 1642,
2401 2681 2629 2736 Lucaris
2675 2681 3081 2735 confessionem
3116 2688 3176 2733 ut
3233 2681 3546 2734 hmreticam

1962 2777 2361 2829 damnaverunt
2401 2794 2412 2827 :
2469 2790 2661 2829 omnes
2705 2774 3083 2841 metropolitas
3109 2784 3163 2827 et
3232 2775 3548 2842 episcopos,

1962 2866 2213 2936 aliosque
2253 2867 2662 2921 ecclesiasticos
2691 2867 2783 2933 qui
2812 2866 3049 2919 decretis
3071 2865 3546 2932 subscripserunt,

1961 2968 2021 3014 ut
2053 2976 2146 3015 eos
2189 2961 2278 3029 qui
2305 2960 2493 3030 synodi
2541 2957 3055 3028 Hieroso'ymitanzc
3097 2972 3243 3010 anno
3279 2957 3416 3010 1672
3444 2957 3548 3008 De-

1960 3060 2107 3103 creta
2127 3050 2608 3106 confirmaverunt.
2630 3046 2938 3100 Net'tal'itttn
2960 3045 3541 3114 llierosolymitanum,

271 3136 663 3201 stantiatiouis)
700 3133 942 3187 Ecclesia
977 3144 1074 3199 est,
1121 3136 1372 3204 quoniam
1421 3153 1510 3189 nec
1575 3139 1855 3207 wquivocis
1889 3176 1930 3230 ϐ
1964 3154 2156 3193 omnes
2187 3139 2403 3192 tandem
2426 3137 2643 3191 ϐιίεοοε
2663 3137 3089 3196 sincerissimos,
3116 3135 3268 3202 siqui
3304 3151 3544 3204 unquam

273 3227 579 3295 subjicitur,
605 3235 654 3280 et
682 3237 898 3294 superat
930 3229 1164 3280 omnium
1223 3229 1596 3282 Itwreticorum
1658 3233 1864 3299 sophis-

281 3330 454 3372 mata.
493 3318 603 3372 Nec
641 3335 808 3372 eama
841 3318 1046 3372 Latinis
1065 3329 1311 3373 mutuata
1373 3329 1473 3385 est,
1532 3322 1619 3374 sed
1665 3332 1744 3375 est
1799 3339 1862 3376 ea

273 3431 400 3466 voce
429 3414 600 3468 ditata
627 3424 749 3468 ante
782 3431 950 3468 annos
980 3414 1267 3483 plurimos.
1291 3432 1324 3467 a
1359 3415 1665 3470 domesticis
1702 3426 1749 3468 et
1781 3415 1861 3468 le-

272 3509 476 3578 gitimis
509 3510 622 3561 suis
653 3507 962 3561 orthodoxis
983 3508 1318 3567 doctoribus.
1341 3517 1396 3559 ut
1451 3518 1752 3576 promptum
1785 3511 1863 3561 vi-

272 3610 396 3652 uere
417 3611 492 3652 est
526 3615 591 3652 ea:
626 3599 1016 3652 commentariis
1066 3615 1200 3652 vera:
1227 3598 1498 3668 religionis
1549 3599 1846 3668 defensoris

271 3695 423 3746 illius
443 3691 639 3745 domini
659 3691 920 3746 Gennadii
934 3691 1859 3760 patriarchaConstantinapolitani,

271 3786 365 3853 qui
401 3800 577 3838 coram
610 3783 918 3836 orthodoxis
944 3783 1377 3851 imperatoribus,
1397 3793 1444 3836 et
1467 3784 1570 3851 piis
1627 3787 1862 3850 patriar-

276 3875 385 3929 rltis
416 3892 477 3926 ac
507 3890 662 3928 sacro
693 3884 900 3936 senatu,
935 3874 1163 3943 ipsisque
1185 3875 1494 3928 doctoribus
1547 3888 1704 3928 recta:
1735 3877 1860 3943 ﬁdei

277 3980 496 4030 postne,
523 3983 614 4035 per
643 3967 779 4020 hanc
804 3983 974 4020 vocem
1008 3976 1065 4020 ut
1089 3977 1210 4020 ante
1245 3969 1536 4036 cognitam,
1592 3979 1749 4038 atque
1793 3970 1856 4023 ab

275 4060 520 4114 Ecclesia
580 4071 860 4126 receptam,
918 4075 1012 4126 pro
1060 4060 1156 4112 hoc
1209 4062 1459 4131 mysterio
1513 4062 1854 4132 depugnavit.

276 4155 433 4207 Edita
467 4161 548 4205 est
583 4151 772 4207 Graece
821 4152 1101 4223 synodalis
1159 4153 1249 4206 illa
1314 4153 1568 4208 Deﬁnitio
1623 4154 1758 4209 Jasii
1801 4157 1855 4212 in

271 4243 573 4307 Lloldavia,
607 4257 754 4296 anno
790 4243 948 4307 1694,
979 4260 1010 4295 a
1048 4243 1310 4297 Dositheo
1357 4243 1856 4316 liierosolymitano

269 4337 324 4388 in
358 4335 496 4389 libro
521 4344 706 4389 contra
732 4333 999 4388 Joannem
1030 4332 1445 4404 Caryophyllum
1472 4335 1854 4404 Logotltetam,

271 4427 367 4482 sed
395 4443 516 4480 cum
549 4426 658 4480 huc
683 4442 860 4497 usque
891 4427 1043 4480 illum
1072 4426 1273 4480 habere
1325 4442 1431 4480 non
1489 4431 1851 4494 potuerimus,

1965 3231 2206 3285 fuerunt.
2239 3230 2426 3284 Nullus
2463 3229 2607 3282 enim
2636 3244 2824 3282 eorum
2881 3236 2983 3289 est,
3051 3228 3142 3296 qui
3207 3227 3429 3282 Decreta
3451 3226 3546 3279 ad-

1967 3339 2154 3376 \‘CI'SIIS
2197 3321 2460 3391 Cyrillum
2535 3319 2764 3374 Lucarin
2822 3336 2930 3375 non
3007 3320 3290 3387 amplexus
3355 3318 3545 3380 fuerit,

1965 3415 2171 3484 quique
2206 3414 2395 3469 eadem
2431 3415 2798 3469 sentientibus
2855 3429 2919 3468 ac
2977 3412 3224 3467 nefarius
3265 3412 3360 3466 ille
3419 3411 3544 3466 ﬁdei

1965 3508 2122 3561 avitae
2163 3506 2432 3573 proditor,
2467 3507 2759 3560 anathema
2793 3522 2900 3561 non
2953 3505 3178 3560 dixerit.
3233 3505 3302 3556 At
3353 3519 3545 3557 omnes

1965 3601 2041 3654 illi
2070 3600 2289 3653 tandem
2325 3599 2397 3653 ita
2430 3599 2613 3653 Latini
2649 3609 2798 3665 sunt,
2858 3607 2919 3651 ut
2974 3597 3220 3667 plerique
3280 3597 3547 3651 adversus

1965 3693 2184 3746 Latinos
2210 3693 2351 3763 stylo
2391 3694 2661 3746 acerrimo
2692 3691 3120 3752 decertat/crint,
3150 3705 3259 3758 quo
3324 3691 3545 3744 nomine

1964 3785 2252 3838 laudantur
2292 3800 2320 3838 a
2352 3788 2467 3840 Suis
2493 3795 2550 3839 ut
2575 3785 2784 3840 Grieca:
2827 3785 3084 3839 Ecclesia:
3118 3784 3362 3852 insignes
3387 3783 3545 3837 theo—

1964 3877 2381 3946 logi,illiusque
2405 3878 2747 3932 defensores.
2789 3878 2845 3931 Si
2891 3878 3061 3947 igitur
3105 3876 3303 3945 sinceri
3364 3875 3538 3930 Grmei

1962 3984 2069 4022 non
2101 3978 2250 4033 sunt,
2284 3969 2378 4024 ubi
2411 3967 2633 4023 tandem
2671 3968 2860 4023 Graeca
2884 3967 3124 4022 Ecclesia
3156 3969 3223 4021 ab
3251 3968 3409 4021 annis
3441 3966 3546 4019 du-

1961 4061 2136 4115 centis
2163 4061 2298 4124 fuit;
2337 4078 2528 4116 omnes
2559 4063 2705 4115 enim
2765 4076 3130 4130 quoscunque
3175 4077 3237 4112 rx
3317 4059 3543 4113 historia

1960 4162 2012 4205 et
2040 4151 2191 4204 libris
2221 4153 2496 4215 novimus,
2526 4153 2726 4214 Graeci,
2758 4154 2918 4204 aliam
2953 4152 3112 4204 ﬁdem
3164 4166 3272 4202 non
3339 4151 3544 4202 habue-

1962 4253 2107 4296 runt.
2155 4243 2594 4313 VerumOpponit
2647 4243 2930 4297 Smitheus
2974 4242 3236 4310 Cyrillum
3284 4241 3542 4306 anarin,

1961 4335 2280 4390 Zachariam
2315 4336 2626 4408 Cerganum
2661 4337 2808 4390 Arta:
2839 4335 3048 4405 exigua:
3100 4333 3374 4388 urbecula'
3427 4335 3544 4403 epi-

1959 4445 2210 4497 scopum,
2247 4441 2302 4484 et
2334 4429 2753 4499 Metrophanem
2789 4429 3161 4498 Crimpnlum.
3223 4426 3373 4481 Nova
3419 4429 3544 4496 jura

271 4519 582 4573 versionem
639 4518 836 4571 das-us
909 4518 1117 4572 Nicolai
1174 4518 1440 4573 Comneni
1496 4520 1850 4589 Papadopoli,
1892 4521 2244 4578 Deondenda
2277 4529 2429 4584 sunt,
2483 4530 2541 4573 ut
2567 4520 2750 4574 tribus
2815 4519 3049 4572 testibus
3102 4517 3233 4570 ﬁdes
3283 4515 3548 4569 habeatur

271 4614 534 4666 ins~rtam
556 4611 811 4679 Epistula:
865 4610 930 4664 ad
973 4611 1376 4681 Chrysanthnm
1399 4613 1650 4666 Natarum
1676 4615 1856 4668 Cresa-

277 4719 386 4758 reae
415 4703 840 4772 metropolitani,
871 4717 994 4769 quae
1013 4703 1156 4756 edita
1189 4711 1276 4756 est
1307 4701 1546 4759 Vcnetiis
1570 4721 1660 4758 an.
1695 4706 1852 4760 1703.

347 4795 408 4848 lu
457 4811 518 4848 ea
556 4810 715 4862 porro
750 4793 1010 4865 synodica
1043 4793 1366 4849 Deﬁnitione
1388 4797 1496 4849 duo
1549 4805 1676 4851 sunt
1735 4813 1856 4866 quae

265 4890 560 4955 diligenter
605 4890 882 4943 observari
938 4904 1119 4957 opera:
1179 4892 1415 4957 pretium
1456 4893 1544 4945 sit.
1588 4893 1853 4958 Primum,

179 4978 188 4983 ’
268 4982 566 5035 llomiliam
607 4998 768 5050 quam
797 4981 998 5050 publici
1028 4982 1169 5050 juris
1217 4981 1472 5049 facimus,
1523 4985 1858 5053 patriarebis

265 5076 490 5129 duobus
517 5074 790 5129 Callinico
820 5085 874 5130 et
899 5075 1182 5136 Dositheo.
1221 5084 1339 5130 tum
1406 5078 1770 5148 metropolitis
1802 5086 1858 5133 et

264 5187 314 5235 (τι
341 5168 548 5236 iseopis
577 5169 668 5236 qui
703 5167 1000 5222 scribendo
1052 5166 1373 5231 adfuerunt,
1430 5169 1599 5224 fuisse
1630 5170 1858 5226 notissi-

270 5276 418 5313 mam
446 5279 458 5314 :
496 5271 660 5330 atque
690 5260 831 5315 adeo
864 5262 931 5314 de
962 5263 1078 5330 ejus
1104 5263 1370 5332 αὑϐεντίᾳ
1402 5263 1655 5318 dubitare
1684 5263 1857 5319 nemi-

267 5369 395 5407 nem
425 5369 604 5419 ruisse,
635 5355 740 5409 nisi
766 5355 859 5424 qui
903 5355 1174 5424 αὑτοψιαν
1225 5353 1602 5409 Smitheanam
1654 5357 1858 5412 talibus

266 5445 600 5497 testimoniis
645 5443 1404 5512 praferemism-esistimarit.
1455 5443 1701 5497 Alterum
1750 5451 1855 5510 est,

266 5534 414 5603 quod
465 5535 746 5590 antistites
785 5534 890 5604 ipsi
943 5534 1119 5590 Graeci
1189 5543 1465 5589 testantur
1510 5536 1857 5590 Gennadium

267 5642 458 5678 vocem
491 5625 906 5690 μετουσιώσεως
934 5639 1263 5694 usurpasse,
1297 5636 1355 5680 ut
1410 5625 1617 5695 pridem
1671 5629 1860 5695 cogni-

267 5726 407 5781 tam,
436 5715 597 5785 idque
630 5718 918 5772 verissime
943 5718 1011 5772 ab
1043 5717 1151 5772 illis
1183 5719 1532 5773 observatum
1571 5719 1691 5772 fuit.
1719 5720 1856 5774 Cum

271 5809 417 5865 enim
464 5810 752 5866 hotniliam
785 5812 932 5869 illam
967 5812 1298 5868 declamaret
1337 5811 1388 5867 in
1442 5811 1646 5875 palatio
1671 5828 1855 5870 coram

1959 4622 2151 4668 contra
2194 4615 2344 4667 mille
2377 4614 2537 4676 alios,
2565 4615 2673 4666 imo
2703 4623 2892 4667 contra
2950 4609 3229 4681 publicum
3267 4620 3317 4663 et
3350 4609 3544 4661 multo-

1960 4705 2064 4760 ties
2091 4717 2407 4760 renovatum
2429 4708 2593 4760 totius
2625 4704 2878 4759 Eeelesim
2905 4702 3108 4756 Graeca:
3142 4701 3552 4755 testimonium-

1960 4799 2026 4851 At
2053 4799 2267 4852 illorum
2295 4799 2508 4868 primus
2538 4800 2899 4851 anathemate
2931 4797 3226 4848 damnatus
3260 4802 3364 4854 est,
3420 4808 3547 4861 pro-

1958 4890 2534 4959 scriptaquejudieiis
2607 4889 2845 4959 publicis
2898 4885 3258 4956 synodalibus
3307 4893 3544 4954 quatuor

1957 4983 2306 5038 Calvinistiea
2332 4984 2456 5050 ejus
2496 4980 2775 5036 confessio
2805 4977 3285 5046 ConstantinOpoli
3311 4975 3544 5037 scilicet,

1959 5075 2303 5140 anuis1658,
2335 5075 2493 5137 1³642,
2525 5085 2577 5128 et
2610 5073 2765 5137 l69l,
2798 5071 3188 5142 Hierosolymis
3206 5083 3348 5122 anno
3381 5064 3545 5127 1672,

1958 5185 2079 5240 qua-
2105 5169 2310 5236 judicia
2343 5176 2640 5222 retractata
2684 5181 2963 5235 nunquam
3005 5164 3249 5220 fuerunt,
3286 5173 3410 5212 eum
3445 5171 3546 5211 eas

1958 5277 2149 5316 omnes
2173 5261 2478 5315 sententias
2509 5259 2802 5315 Dositheus
2825 5256 3145 5311 Enchiridio
3187 5267 3287 5307 suo
3321 5250 3373 5304 in
3405 5249 3542 5302 Mol-

1959 5353 2116 5410 davia
2152 5354 2300 5408 edito
2331 5353 2640 5407 inseruerit.
2709 5350 3015 5420 Gerganus,
3058 5347 3146 5399 vis
3187 5352 3349 5396 notus
3402 5343 3550 5395 inter

1960 5461 2111 5511 suos,
2142 5454 2222 5502 tot
2246 5445 2576 5516 patriarcbis
2605 5454 2659 5498 et
2683 5443 2958 5514 episcopis
2973 5437 3170 5508 opponi
3199 5451 3306 5489 non
3330 5442 3544 5505 potesr.

1960 5537 2348 5606 Metrophanes
2378 5538 2423 5592 si
2447 5551 2569 5590 vere
2597 5544 2653 5590 et
2678 5549 2742 5589 ex
2772 5532 2940 5586 animi
2971 5527 3240 5586 sententia
3263 5544 3381 5582 eam
3407 5543 3546 5583 con.-

1963 5630 2257 5686 fessionem
2289 5629 2460 5684 edidit
2489 5643 2612 5698 qua:
2671 5624 2990 5680 Uelmstadii
3057 5636 3260 5677 excusa
3319 5631 3420 5682 est,
3477 5636 3544 5677 se

1962 5723 2075 5789 ipse
2109 5715 2385 5786 retex'uit;
2420 5736 2542 5774 nam
2591 5716 2902 5788 patriarcha
2950 5715 3359 5771 Alexandrinus
3413 5729 3539 5770 euut

1961 5822 2130 5873 essu.
2151 5811 2342 5870 sruodi
2374 5807 3006 5868 Constantinooolitante
3036 5807 3263 5865 Decreta
3294 5801 3543 5861 subscri‘
