3982 6208
434 307 543 365 ’283

1466 314 1841 374 GENNADII
1879 316 1988 376 GP.
2026 315 2547 377 PATRIARCHA?

3578 323 3688 386 284

438 418 615 472 bendo
648 418 1012 475 confirmavit.
1042 422 1428 493 Adjungantur
1459 426 1506 481 si
1537 426 1690 479 lubet
1716 427 1876 496 pauci
1916 426 2007 481 alii
2041 431 2086 488 Δ
2114 428 2270 484 sione
2302 425 2495 498 Gyrilli
2523 441 2682 496 quam
2721 441 2843 481 cum
2877 427 3104 482 horrore
3133 427 3407 495 rejiciunt.
3465 431 3689 488 Audiis-

436 519 684 576 errones,
712 510 842 580 quid
905 511 1122 568 illorum
1161 516 1478 571 testimonia
1528 518 1717 573 valere
1761 527 1999 588 possunt

436 610 622 653 contra
652 600 813 655 totius
850 600 1105 658 Ecclesia:
1150 604 1348 660 (ἕτερα.
1382 615 1649 663 constans
1697 623 1726 661 a
1779 618 2003 678 septua-

433 692 581 760 ginta
613 702 665 745 et
692 693 924 761 amplius
948 697 1108 751 annis
1147 700 1522 755 testimonium
1552 702 1576 755 ‘t

502 783 579 836 Ita
599 799 661 839 ex
689 785 965 840 abnormis
997 787 1143 843 illius
1176 790 1346 858 ‘juris
1401 792 1763 860 dispositione
1802 791 2005 864 Cyrillo

430 873 711 953 dampato,
762 886 816 929 et
845 880 1134 933 sententiis
1190 882 1492 937 teterrimis
1512 884 1752 946 confixo,
1791 901 1902 938 non
1940 886 2006 941 de

433 981 530 1018 sua
556 967 753 1032 solum,
814 969 907 1021 sed
941 970 1005 1023 de
1058 972 1222 1025 totius
1254 970 1550 1028 Orientalis
1606 974 1861 1031 Ecclesia:
1902 978 2007 1031 fide

431 1058 577 1109 credi
607 1071 864 1124 oportet:
898 1059 1103 1115 Grmcis
1129 1064 1264 1131 ipsis
1280 1064 1345 1117 de
1368 1066 1726 1134 suaipsorutn
1764 1068 1867 1122 (ide
1900 1085 2004 1123 non

434 1146 714 1210 credetur,
750 1151 846 1201 etsi
886 1165 982 1218 per
1017 1166 1192 1205 annos
1221 1163 1441 1207 centum
1504 1164 1557 1209 et
1586 1157 1841 1225 amplius,
1887 1173 2005 1213 eam

427 1238 649 1304 Scriptis
678 1241 907 1307 privatis
939 1252 991 1295 et
1050 1246 1284 1313 publicis
1339 1247 1742 1317 disciplinaque
1760 1266 1855 1303 sua
1887 1268 2009 1321 qua:

431 1331 673 1384 omnium
708 1335 883 1387 oculis
914 1347 1088 1402 patet,
1116 1340 1587 1397 confirmaverint.
1639 1342 1794 1409 Quod
1826 1345 2010 1414 itaque

433 1420 746 1478 Gennadius
776 1427 1045 1493 decuerit,
1106 1434 1779 1489 transsobstantiationem
1844 1453 2008 1506 quam

430 1514 671 1583 Cyrillus
704 1516 927 1572 informi
955 1532 1008 1574 et
1038 1521 1236 1577 furtiva
1267 1525 1637 1582 Confessione
1672 1529 2012 1583 condemna-

428 1605 529 1669 vit,
558 1609 660 1660 erit
680 1602 944 1666 ~Smitlteo
978 1614 1370 1686 ὑποϐολιμαῖος
1396 1618 1737 1676 Gennadius.
1804 1622 1879 1676 Et
1906 1622 2008 1676 fal-

430 1713 489 1752 sa
528 1700 620 1754 illa
650 1701 940 1771 hypotltesi
966 1721 1271 1763 nascuntur
1304 1712 1423 1765 alia:
1453 1729 1559 1767 non
1620 1717 1801 1769 minus
1835 1715 2007 1775 falsae,

432 1794 700 1850 adversus
732 1795 1004 1853 Gcnnadii
1048 1802 1381 1859 laudatorem
1410 1805 1685 1876 Syrigutn,
1715 1806 2007 1876 Georgium

430 1881 766 1949 Coressium,
793 1887 1035 1956 reliquos
1054 1892 1269 1946 tandem
1296 1895 1387 1962 qui
1440 1897 2009 1951 transsnbstantiatio-

435 1988 559 2025 nem
593 1974 836 2043 recipere
867 1993 928 2031 se
962 1980 1202 2047 professi
1232 1994 1382 2049 sunt,
1413 1986 1513 2040 hoc
1542 1987 1862 2044 estGrmcos
1895 2005 2013 2043 om-

433 2079 531 2119 nes
574 2083 587 2117 :
633 2083 756 2120 nant
789 2069 1114 2140 quicunque
1144 2089 1173 2127 a
1204 2076 1408 2146 Cyrillo
1444 2077 1548 2134 ltuc
1608 2097 1782 2150 usque
1834 2083 2008 2151 patri-

429 2158 715 2220 arcltatus,
787 2163 1133 2231 metropoles,
1174 2167 1548 2237 episcopatus,
1605 2172 2010 2243 dignitatesque

430 2248 835 2305 ecrlesiasticas
872 2260 1188 2321 tenuerunt,
1247 2257 1392 2311 haud
1457 2261 1616 2314 aliter
1660 2263 2011 2319 crediderunt

428 2350 484 2392 et
524 2339 689 2395 locuti
722 2351 873 2409 sunt,
939 2360 1101 2415 quam
1132 2347 1627 2417 Synodiannorum
1671 2354 1825 2415 1658.
1850 2355 2007 2421 1612,

430 2433 588 2497 1672,
626 2435 1089 2500 1691,(]υιιΐθεεῑο
1118 2442 1441 2510 orthodoxa,
1501 2451 1556 2499 et
1617 2448 1723 2501 alia
1778 2451 2011 2519 publica:

432 2525 781 2581 auctoritatis
816 2529 1043 2598 scripta.
1072 2531 1128 2586 id
1155 2534 1200 2586 si
1238 2549 1426 2589 verum
1481 2546 1587 2603 cst,
1643 2548 1699 2593 ut
1731 2550 1817 2595 est
1878 2557 2011 2598 sane

429 2618 774 2673 verissimum
803 2638 867 2676 ex
908 2622 1226 2679 Graecorum
1260 2630 1504 2683 omnium
1536 2635 2009 2691 consentientibus

428 2709 787 2775 testimoniis,
814 2728 922 2767 non
982 2730 1105 2771 esse
1155 2719 1658 2782 deberLatinismi
1718 2737 2009 2796 suspectus

430 2798 769 2869 Gennadius,
801 2806 1012 2861 etiamsi
1080 2811 1755 2869 transsnbstantiationem
1811 2819 2009 2871 docue-

428 2893 518 2951 rit.
559 2910 734 2964 neque
762 2897 997 2953 homilite
1022 2900 1138 2968 ejus
1172 2902 1304 2958 fides
1331 2904 1685 2974 detrahenda,
1742 2909 1867 2978 quia
1942 2910 2003 2963 il-

434 2987 543 3040 lam
578 3005 767 3043 vocem
802 3004 1193 3061 repraesentat.

501 3079 607 3133 Sed
633 3082 768 3136 nihil
808 3084 985 3140 simile
1007 3087 1074 3141 tle
1127 3086 1414 3145 Gennadio
1457 3100 1552 3145 aut
1612 3092 1731 3162 ejus
1750 3094 2006 3163 operibus
2036 3131 2078 3187 Ο

426 3172 896 3245 Constantinopoli
927 3179 1100 3235 audiit
1158 3181 1460 3248 Smitheus,
1506 3186 1657 3252 quisi
1688 3187 1774 3240 vel
1838 3202 2001 3241 unum

423 3267 516 3335 qui
542 3267 699 3335 plane
733 3270 1051 3326 illitteratus
1072 3288 1179 3326 non
1205 3275 1422 3339 fuisset,
1482 3277 1731 3333 Graecum
1767 3281 2007 3335 interro—

424 3367 630 3427 gasset,
654 3360 898 3415 audisset
930 3364 1120 3431 procul
1157 3364 1327 3419 dubio
1358 3369 1506 3436 quod
1566 3383 1772 3424 omnes
1820 3372 2003 3425 sciunt

425 3448 698 3502 neminem
731 3449 941 3506 Latinis
976 3452 1162 3509 minus
1218 3454 1498 3511 addictum
1544 3459 1851 3528 patriarcha
1916 3461 2010 3514 illo

427 3540 618 3606 fuisse,
652 3542 926 3597 nemiuem
995 3544 1211 3616 Syrigo,
1246 3546 1526 3613 Coressio,
1552 3558 1644 3603 aut
1678 3551 1799 3605 aliis
1870 3566 2010 3620 quos

428 3643 536 3686 tatu
572 3633 933 3690 inclementer
966 3636 1147 3693 habet.
1182 3640 1695 3712 Constantinopolin
1732 3659 1842 3697 non
1894 3654 2012 3697 erat

431 3726 823 3793 navigandum,
860 3740 919 3783 ut
968 3730 1234 3788 Claudius
1296 3735 1725 3790 cxscriberetur.
1785 3736 1855 3789 At
1884 3750 2009 3789 cum

428 3817 564 3869 nihil
600 3818 710 3872 illic
743 3820 1014 3876 audiverit
1047 3821 1115 3878 de
1144 3823 1427 3880 Gennadio
1451 3836 1505 3881 et
1544 3828 1666 3883 aliis
1684 3843 1820 3898 quos
1843 3836 2011 3883 testes

430 3906 740 3977 producunt
764 3901 1047 3980 catholici,
1084 3914 1228 3970 unde
1261 3916 1454 3972 habuit
1477 3918 1632 3972 illutn
1658 3918 1831 3973 fuisse
1848 3925 2012 3973 Λατι-

426 4003 706 4069 νόφροναε
746 4002 944 4058 falsam
973 4020 1093 4060 esse
1146 4006 1293 4064 illius
1346 4008 1627 4064 homiliam
1684 4027 1697 4064 :
1755 4010 2009 4082 Syrigum

426 4093 801 4149 tenebriouem
826 4096 1012 4151 Rotnze
1032 4096 1353 4165 educatum,
1374 4098 1793 4156 Confessionem
1822 4103 2014 4156 ortho-

424 4185 624 4241 doxam
667 4202 806 4258 opus
844 4188 1016 4244 fuisse
1048 4188 1331 4244 hominum
1357 4190 1928 4261 Λατινοφρονούντων,
1954 4201 2013 4245 ιιι

424 4279 633 4348 reliqua
668 4289 1053 4349 praetereamus
1072 4281 1095 4335 ?
1112 4282 1225 4336 Non
1252 4282 1367 4336 haec
1389 4298 1521 4337 sane
1541 4298 1568 4337 a
1586 4284 1790 4340 Graecis
1806 4284 2013 4353 accepit

430 4366 527 4435 qtti
558 4367 767 4421 dudum
800 4378 1094 4439 antequam
1156 4371 1442 4426 Smithens
1498 4371 2010 4445 Constantinopolin

425 4462 895 4530 proficisceretur,
929 4477 982 4519 et
1021 4473 1235 4534 postea,
1268 4469 1549 4522 contraria
1573 4484 1804 4538 prorsus
1831 4468 2010 4539 publi-
2038 4462 2088 4524 ι)

426 4566 490 4604 ce
523 4555 703 4607 testati
730 4563 879 4609 sunt.
914 4555 1026 4610 Cur
1056 4572 1221 4626 porro
1270 4559 1638 4627 patriarcham
1692 4561 2008 4631 Hierosoly-

431 4644 693 4697 tnitanunt
727 4646 778 4699 itt
807 4647 1348 4725 fantiliarieolloquio
1374 4668 1473 4720 quo
1528 4670 1666 4707 anno
1694 4654 1826 4709 1671
1854 4654 2006 4708 illum

428 4732 680 4803 dignatus
712 4744 805 4799 est,
839 4736 993 4791 deiis
1011 4738 1268 4793 omnibus
1328 4757 1435 4794 non
1466 4741 1905 4813 .intcrrogavit?
1956 4742 2007 4799 Is

429 4835 551 4879 erat
582 4824 869 4883 Nectarius
894 4838 1005 4891 aut,
1024 4828 1341 4897 Dositheus,
1416 4841 1651 4903 utroque
1680 4850 1838 4889 nemo
1866 4835 2010 4891 inter

429 4918 651 4973 Graecos
690 4921 1027 4977 recentiores
1065 4921 1259 4980 Latino
1296 4925 1505 4978 nomini
1541 4926 1713 4996 magis
1736 4926 2005 4983 infensus.

431 5009 718 5084 Nonlaliud
747 5028 894 5068 certe
913 5017 1333 5085 respondissent
1379 5032 1542 5087 quam
1591 5019 1738 5087 quod
1790 5021 2001 5090 primus

432 5104 487 5158 in
519 5104 747 5174 epistola
780 5107 846 5161 ad
886 5107 1127 5162 Paisiunt
1162 5109 1617 5173 Alexandrinum,
1652 5111 1778 5165 etin
1830 5113 2003 5167 altera

432 5197 497 5249 ad
531 5198 833 5252 monachos
898 5196 1162 5266 Siuaitas,
1215 5201 1334 5257 sine
1386 5203 1707 5274 ambagibus
1774 5213 2009 5258 testatus

431 5304 534 5351 est,
566 5305 630 5344 ex
662 5290 884 5358 scriptis
910 5306 1099 5346 eorum
1128 5308 1267 5364 quos
1328 5295 1625 5359 Smitlteus,
1681 5303 1741 5349 ut
1772 5295 2009 5351 Latinis-

437 5393 525 5431 Illo
579 5392 869 5451 corruptos
927 5384 1128 5452 rcjicit,
1183 5386 1471 5455 petendam
1540 5402 1663 5443 esse
1691 5388 2005 5445 Gra‘corum

439 5470 560 5524 fidei
589 5475 856 5531 sinceram
894 5479 1316 5549 expositionem,
1375 5495 1484 5536 non
1518 5495 1579 5537 ex
1614 5480 1749 5537 falsa
1780 5482 2011 5539 Confes-

573 5678 589 5738 )
625 5678 662 5730 S
687 5679 795 5732 nitlt
849 5696 898 5738 ῃ.
931 5682 1019 5736 99.

576 5757 590 5813 )
620 5748 747 5818 l’ag.
780 5750 883 5803 1’05
916 5754 1002 5807 Cll.
1056 5756 1149 5811 Gr.

514 5677 570 5817 ἑὲ

2105 529 2191 575 set
2224 534 2389 589 quam
2448 518 2727 573 diversum
2780 534 2811 573 a
2865 517 3186 574 Smitheauo
3251 530 3399 575 esset
3448 521 3686 581 Nectarii

2106 612 2171 666 de
2209 609 2723 680 Claudiojudiciutn
2742 611 2809 666 de
2839 610 3089 679 Calvino,
3109 613 3176 669 de
3203 611 3463 678 Luthero,
3498 616 3565 670 de
3586 617 3691 672 Le-

2107 716 2256 771 gero.

2177 794 2281 849 Sed
2336 809 2444 851 non
2497 796 2662 852 'solus
2729 796 3131 855 conlodiendus
3189 814 3309 858 erat
3355 802 3691 870 Gennadius,

2109 887 2267 954 cujus
2299 888 2479 943 stabat
2505 889 2707 944 intacta
2738 892 3056 955 auctoritas,
3090 893 3135 948 si
3195 893 3691 968 Hierosolymitana

2110 984 2375 1053 synodus,
2418 996 2562 1035 anno
2584 981 2723 1035 1672
2753 991 2945 1037 contra
3001 983 3334 1041 Calvinistas
3393 988 3602 1052 habita,
3638 992 3693 1044 in

2110 1089 2217 1143 qua
2272 1075 2826 1128 transsubstantiatio
2878 1077 3167 1145 perspicue
3225 1080 3525 1144 stabilitur,
3582 1099 3693 1136 nou

2110 1167 2271 1221 simul
2296 1166 2568 1221 concidert
2584 1175 2622 1221 t.
2643 1168 2732 1222 Sic
2758 1168 2921 1238 igitur
2938 1186 3054 1224 eam
3088 1172 3398 1241 aggreditur
3423 1173 3522 1245 (1),
3545 1175 3700 1230 Cra--

2111 1259 2190 1313 cis
2220 1271 2279 1313 ut
2310 1261 2511 1329 ubique
2540 1260 2668 1315 facit
2697 1262 2933 1316 illudens
2972 1279 2987 1316 :
3014 1261 3181 1326 Num,
3236 1264 3433 1334 inquit,
3466 1282 3531 1319 ea:
3564 1269 3701 1320 inte-

2111 1367 2204 1419 gro
2236 1352 2426 1418 affectu
2476 1360 2524 1404 et
2582 1369 2759 1405 amore
2808 1355 3047 1407 veritatis
3102 1354 3483 1426 Hierosolymis
3532 1375 3703 1428 nuper

2114 1453 2459 1496 convenerunt
2525 1443 2746 1496 oracula
2810 1460 3001 1499 contra
3062 1446 3382 1500 Calvinistas
3418 1450 3697 1502 hereticos

2114 1537 2309 1590 edituri
2362 1538 2386 1590 ἶ)
2434 1534 2564 1599 Quae
2596 1551 2713 1589 cum
2754 1534 2989 1605 legerim,
3045 1537 3203 1605 plane
3249 1539 3516 1607 obstupui,
3569 1541 3700 1593 dum

2116 1629 2272 1696 probe
2323 1629 2677 1681 meminissem
2728 1630 3091 1697 patriarcham
3152 1629 3699 1702 Hierosolymitanmn

2117 1720 2579 1788 Constantinopoli
2605 1712 2843 1789 agentem
2878 1721 3149 1790 fantitiari
3182 1740 3284 1792 quo
3324 1740 3404 1778 me
3445 1725 3699 1795 dignatus

2121 1822 2199 1866 est
2239 1813 2535 1882 colloquio,
2578 1813 2710 1866 milii
2739 1815 2949 1867 ineunte
2984 1831 3121 1868 anno
3158 1817 3290 1871 1671
3347 1819 3400 1871 in
3450 1817 3698 1888 Angliam

2118 1906 2419 1974 propediem
2445 1906 2680 1960 redituro
2712 1908 2928 1972 dixisse,
2963 1924 3017 1962 se
3039 1909 3313 1978 quidpiam
3367 1921 3550 1964 contra
3575 1927 3701 1980 pon-

2120 1996 2310 2062 tiﬁcios
2338 1995 2518 2051 moliri
2543 1996 2680 2065 quod
2730 1996 2840 2051 illic
2885 2007 3101 2067 cuperet
3166 2000 3443 2054 edendum.
3489 2000 3698 2058 Nomen

2119 2087 2265 2143 illius
2298 2088 2620 2155 patriarchae
2643 2098 2824 2143 tacere
2855 2104 2964 2143 non
3019 2087 3252 2145 debebat
3322 2093 3478 2147 testis
3513 2094 3701 2146 ocula-

2117 2187 2228 2246 tus,
2260 2181 2353 2235 sed
2387 2196 2530 2235 anno
2558 2180 2692 2235 1671
2728 2180 3017 2236 Nectarius
3074 2192 3191 2235 erat
3242 2192 3335 2236 aut
3386 2181 3699 2247 Dositheus,

2118 2275 2214 2341 qui
2240 2283 2367 2342 post
2396 2273 2543 2328 illius
2598 2272 2962 2327 voluntariam
2996 2274 3408 2342 ,ahdicationem
3444 2272 3701 2329 ilieroso-

2119 2361 2434 2431 lymitanam
2456 2362 2641 2416 sedem
2675 2362 2995 2418 diutissime
3041 2364 3281 2419 obtinuit
3340 2381 3356 2422 :
3418 2380 3541 2419 nam
3612 2365 3699 2419 vix

2118 2464 2245 2508 ante
2280 2455 2419 2509 duos
2452 2470 2627 2511 annos
2655 2468 2905 2511 mortuos
2962 2464 3066 2511 est.
3101 2457 3207 2511 Sed
3246 2473 3438 2528 parum
3510 2458 3698 2512 refert:

2116 2562 2241 2600 nam
2269 2545 2591 2603 Nectarium
2649 2548 2857 2604 scimus
2893 2564 3033 2619 opus
3083 2550 3351 2605 adversus
3404 2552 3701 2621 primatum

2116 2638 2276 2709 Papae
2304 2641 2638 2704 elaborasse,
2666 2641 2811 2711 quod
2859 2641 3150 2698 Dosithens
3172 2626 3185 2633 ’
3209 2643 3356 2698 illius
3410 2658 3702 2698 successor

2117 2747 2260 2788 anno
2282 2733 2563 2797 16821asii
2590 2735 2969 2790 excudcndnm
3002 2737 3145 2807 typis
3168 2738 3403 2801 curavit,
3423 2747 3477 2791 et
3503 2736 3698 2792 Latine

2116 2829 2278 2880 vertit
2306 2827 2503 2883 Petrus
2546 2828 2803 2884 Allixius.
2830 2828 2962 2894 Qua:
3012 2845 3179 2886 causa
3228 2830 3396 2899 igitur
3441 2830 3704 2898 obstupe-

2116 2922 2303 2975 scendi
2329 2920 2576 2979 Smitheo
2601 2921 2703 2975 fuit
2726 2922 2749 2975 ?
2771 2920 2973 2992 Nempe
2997 2921 3144 2991 quod
3170 2921 3216 2978 is
3245 2922 3336 2991 qui
3366 2930 3555 2975 contra
3586 2920 3700 2974 Ro-

2116 3030 2340 3070 manum
2380 3015 2699 3071 Pontiliccm
2734 3016 2997 3086 scriptum
3020 3025 3256 3085 pararet,
3280 3029 3425 3069 anno
3446 3015 3698 3084 sequenti

2117 3105 2511 3178 Hierosolymis
2560 3106 2845 3162 Calvinum
2875 3147 2889 3172 ,
2926 3106 3184 3178 Cyrillum
3243 3105 3506 3168 Lucarin,
3534 3106 3699 3159 Clau-

2112 3200 2261 3254 dium
2289 3200 2638 3255 anathemate
2657 3199 2941 3254 damnaret
2961 3217 2974 3252 :
2996 3215 3119 3252 nam
3149 3199 3263 3254 haec
3318 3198 3395 3252 illi
3444 3198 3697 3253 videntur

2111 3293 2414 3345 ἁσύστατα.
2450 3292 2580 3348 Inde
2610 3294 2855 3348 modeste
2899 3292 3242 3357 conticescit,
3268 3292 3363 3346 sed
3390 3292 3579 3346 aculeo
3613 3308 3696 3345 re.

2112 3386 2263 3452 licto,
2287 3402 2481 3456 nempe
2507 3394 2562 3440 lll
2592 3386 2733 3456 apud
2754 3401 2813 3440 se
2845 3386 3076 3456 quisque
3093 3387 3315 3456 colligat
3335 3394 3586 3455 suspecta
3605 3393 3701 3438 aut

2115 3478 2248 3532 falsa
2294 3492 2414 3531 esse
2448 3478 2666 3532 decreta
2716 3479 2862 3532 illius
2887 3478 3079 3549 synodi
3109 3496 3123 3532 :
3149 3479 3242 3533 sed
3270 3491 3433 3546 quam
3454 3490 3592 3530 vana
3610 3476 3697 3529 illa

2113 3570 2425 3638 conjectura
2444 3570 2534 3635 sit,
2553 3586 2658 3625 non
2679 3572 2862 3625 multis
2885 3572 3067 3626 verbis
3080 3571 3364 3625 conficitur
3384 3586 3398 3624 :
3416 3585 3538 3623 nam
3561 3572 3610 3621 in
3635 3584 3700 3624 eo

2114 3660 2480 3729 ipsotractatu
2526 3660 2766 3718 Nectarii
2810 3672 3001 3717 contra
3030 3661 3191 3732 Papae
3221 3661 3535 3731 primatum,
3559 3660 3700 3714 fellis

2115 3753 2419 3830 venenique
2439 3754 2777 3825 plenissimo,
2804 3756 2930 3811 dum
2958 3755 3220 3811 miracula
3236 3754 3483 3825 quaedam
3510 3755 3565 3808 in
3593 3753 3702 3806 En-

2115 3846 2378 3903 charistia
2434 3848 2575 3903 facta
2616 3847 2802 3914 refert,
2825 3848 3507 3911 transsubslantiationem
3533 3850 3697 3901 docet

2115 3938 2404 4008 perspicue
2454 3956 2471 3994 :
2502 3946 2557 3994 et
2583 3940 2815 4009 epistola
2859 3939 3340 4009 ConstantinOpoli
3374 3938 3450 4009 (ἓ)
3483 3939 3691 4007 scripta

2118 4032 2255 4087 1692
2304 4032 2718 4089 Confessionem
2761 4032 3141 4087 Ortltodoxam
3173 4032 3374 4087 eximie
3414 4045 3700 4084 commen-

2117 4126 2209 4180 dat
2244 4143 2257 4181 :
2299 4125 2517 4179 tandem
2540 4125 2895 4181 tenebrionem
2919 4125 3095 4191 illum,
3118 4135 3166 4179 et
3196 4123 3403 4178 Latinis
3425 4123 3697 4176 addictum

2115 4217 2388 4273 Meletium
2421 4216 2694 4288 Syrigum,
2718 4218 2875 4288 cujus
2914 4218 2964 4271 in
2995 4232 3058 4273 ea
3085 4217 3373 4272 scribenda
3408 4217 3700 4286 praecipua:

2116 4315 2302 4377 partes
2322 4306 2556 4371 fuerant,
2576 4316 2697 4377 post
2724 4307 2913 4363 laudes
2937 4308 3074 4365 alias
3098 4318 3257 4363 vocat
3286 4308 3361 4379 (3)
3382 4324 3695 4372 praeconem,

2117 4402 2453 4469 interpretem
2484 4411 2532 4456 et
2563 4404 2818 4456 amassint
2852 4413 3118 4458 rectorum
3183 4403 3307 4472 ﬁdei
3362 4402 3695 4473 dogmatum,

2118 4493 2315 4563 κήρυξ,
2343 4494 2691 4565 διερμηνεὺς,
2723 4499 2816 4549 καὶ
2850 4498 3071 4567 στάθμη
3097 4497 3208 4549 τῶν
3241 4496 3420 4565 ὀρθῶν
3475 4496 3577 4565 τῆς
3613 4497 3703 4549 tri-

2118 4603 2290 4650 στεως
2317 4587 2626 4657 δογμάτων.
2654 4589 2757 4655 Qui
2781 4601 2885 4644 tam
2946 4591 3238 4646 infeliciter
3297 4591 3362 4644 de
3390 4589 3587 4662 Syrigo
3611 4590 3704 4659 ju-

2118 4678 2343 4743 dicavit,
2383 4695 2503 4734 eum
2526 4680 2595 4736 de
2630 4680 2912 4740 Gennadio
2944 4693 2996 4738 et
3030 4683 3150 4753 ejus
3183 4681 3408 4737 homilia
3442 4682 3699 4737 idoneum

2113 4770 2352 4840 judicem
2385 4786 2545 4826 nemo
2570 4784 2845 4842 agnoscet.

2188 4860 2376 4932 Neque
2421 4871 2504 4917 est
2550 4865 2695 4933 quod
2744 4864 2976 4935 αὐτοψία
3018 4866 3107 4920 illa
3139 4880 3305 4935 quam
3353 4864 3597 4918 nonnulli
3632 4862 3695 4915 ad

2117 4970 2383 5010 nauseam
2437 4971 2614 5025 usque
2670 4957 2918 5028 ingerere
2968 4959 3169 5021 solent,
3221 4958 3537 5027 objiciatur.
3594 4956 3698 5009 Cui

2114 5047 2256 5102 enim
2292 5048 2643 5116 persuadebit
2677 5050 2974 5119 aliquando
3007 5049 3312 5112 Stnitheus,
3351 5065 3411 5104 se
3457 5065 3578 5119 qua:
3629 5046 3697 5102 de

2113 5137 2320 5209 Cyrillo
2366 5137 2558 5193 Lucari
2611 5142 2856 5210 scripsit,
2893 5142 3365 5212 Constantinopoli
3416 5142 3694 5205 didicisse,

2114 5237 2208 5283 aut
2238 5228 2292 5282 in
2323 5228 2565 5285 Ecclesia
2595 5229 2782 5285 Graeca
2807 5247 2930 5286 eum
2958 5243 3017 5287 ut
3040 5246 3291 5288 sanctum
3318 5242 3373 5288 et
3401 5244 3697 5302 martyrem

2116 5323 2241 5385 coli,
2262 5322 2353 5390 qui
2377 5322 2811 5378 anathematihus
2834 5324 3081 5379 confixus
3108 5333 3210 5381 est.
3238 5326 3350 5380 lmo
3364 5327 3409 5379 si
3436 5325 3538 5378 Dia
3562 5327 3699 5379 ueri-

2119 5417 2401 5483 tas,cujus
2424 5429 2482 5469 se
2500 5415 2937 5470 amantissimum
2975 5424 3227 5484 testatur,
3278 5417 3509 5486 alicujus
3552 5416 3697 5487 apud

2118 5520 2241 5560 cum
2264 5505 2418 5575 pretii
2444 5508 3205 5578 est,’agnoscat,conjectanea
3225 5508 3372 5564 illum
3396 5507 3579 5564 omnia
3595 5521 3697 5562 sua

2186 5690 2263 5763 (ὅ)
2297 5690 2547 5748 Confess.
2585 5692 2730 5749 orth.
2758 5693 2840 5748 ad.
2878 5692 3025 5765 Lips.
3058 5710 3109 5764 p.
3137 5694 3169 5750 6
