3982 6208
351 307 466 378 225

1837 318 2178 381 SClilPTA.

3531 327 3639 393 986

353 424 892 496 Constantinopolim
919 424 1134 494 tulisse,
1164 435 1217 483 et
1250 436 1309 481 ut
1337 442 1546 486 merces
1582 445 1774 501 parum
1815 447 1944 485 ven-
1977 443 2019 495 Α
2053 437 2148 489 sed
2186 433 2498 490 certissime
2531 433 3015 502 demonstremus;
3047 446 3210 507 atque
3240 435 3376 492 adeo
3411 435 3634 494 Genna-

355 519 554 573 dibiles
598 520 820 572 domum
869 520 1137 573 retulisse.
1189 517 1310 586 Quo
1357 522 1504 575 enim
1559 524 1719 577 modo
1763 523 1941 578 Graeci

359 611 558 665 falsum
606 609 741 664 illud
790 619 1026 680 systema
1058 627 1166 665 non
1215 617 1587 682 lgnorassent,
1626 614 1768 683 quod
1797 630 1934 684 prro-

360 709 610 770 terquam
658 699 889 756 Claudio
932 701 987 755 in
1031 701 1218 758 Graeca
1252 703 1558 758 litteratura
1607 703 1768 774 plane
1818 703 1947 758 hos-

357 794 481 863 piti,
515 793 718 848 nemini
749 806 988 864 unquam
1023 803 1243 848 venerat
1277 796 1333 849 in
1370 797 1652 850 mentem?
1683 803 1783 851 aut
1811 813 1948 866 quo-

360 887 524 939 modo
549 886 602 938 in
627 885 966 938 contrariam
994 884 1236 942 Decretis
1259 887 1617 957 synodalibus
1642 889 1780 951 suis,
1806 887 1950 943 Con-

361 977 590 1030 fessioni
621 976 960 1040 orthodoxae,
1001 975 1328 1047 disciplinae,
1370 977 1648 1031 communi
1677 977 1946 1033 doctrinae

359 1069 689 1123 sententiam
719 1068 862 1120 intra
907 1083 1111 1136 paucos
1136 1083 1311 1124 anuos
1343 1069 1650 1123 transducti
1681 1069 1942 1133 fuissent,

363 1159 584 1213 nemine
630 1159 1066 1222 contradicente,
1131 1170 1226 1213 aut
1273 1160 1789 1216 animadvertente?
1841 1160 1943 1217 Sed

360 1251 498 1306 satis
531 1248 814 1304 confutata
850 1258 980 1304 sunt
1042 1251 1156 1304 haec
1197 1253 1382 1305 omnia
1426 1252 1698 1322 paradoxa
1750 1256 1818 1308 ab
1845 1255 1945 1308 ad-

359 1347 608 1400 versario
672 1345 1020 1408 doctissimo,
1080 1361 1260 1417 neque
1295 1347 1389 1401 illa
1434 1348 1659 1403 uberius
1694 1348 1943 1404 refellen-

361 1437 415 1491 di
444 1453 610 1492 causa
640 1437 748 1491 ulla
787 1436 948 1504 foret,
979 1437 1084 1492 nisi
1115 1439 1645 1495 animadverteretur
1673 1443 1940 1511 quotidie,

363 1528 501 1582 nihil
532 1538 639 1581 tam
675 1527 974 1582 absurdum
1015 1536 1110 1581 aut
1133 1527 1328 1582 falsum
1353 1544 1383 1583 a
1407 1545 1679 1600 quoquam
1716 1531 1943 1598 alicujus

368 1620 610 1674 numinis
627 1619 924 1675 Calvinista
944 1618 1195 1674 aflirmari
1214 1635 1399 1690 posse,
1428 1623 1572 1689 quod
1621 1638 1730 1675 non
1760 1624 1941 1675 statim

363 1711 678 1767 laudatores
701 1710 950 1765 credulos
971 1711 1230 1777 inveniat,
1280 1727 1511 1782 moxque
1532 1715 1670 1783 apud
1711 1715 1943 1784 reliquos

2052 525 2318 595 dii-quam
2347 527 2543 582 damus
2566 525 2799 582 llomilia
2823 529 3099 584 oculatum
3123 529 3388 599 ejusmodi
3419 538 3634 595 testem,

2055 625 2111 670 et
2147 619 2468 684 nasutiores,
2500 628 2561 673 ut
2592 620 2739 690 loqui
2769 628 2938 685 amat,
2973 621 3213 690 ejusdem
3248 622 3462 691 generis
3500 637 3635 676 cen-

2055 722 2210 763 sores
2239 724 2345 764 non
2383 712 2720 765 reformidat.
2783 711 2938 767 Unde
2966 725 3450 782 quantumcunque
3480 729 3634 768 com-

2051 797 2342 852 mendetur
2363 814 2484 854 cum
2508 799 2760 856 laudibus
2785 803 2904 870 ejus
2934 802 3189 872 αὐτοψία,
3223 805 3479 858 recedere
3509 819 3634 859 sen-

2052 888 2158 943 sim
2195 881 2444 944 videmus
2478 890 2546 944 ab
2581 891 2730 946 illius
2761 897 3032 947 sententia
3067 895 3260 948 doctos
3316 895 3637 950 Protestan-

2054 989 2137 1035 tes
2173 997 2188 1034 :
2225 992 2282 1035 ut
2325 979 2657 1037 Laurentius
2699 981 3047 1039 Normannus
3078 985 3207 1039 fecit
3238 986 3384 1040 circa
3409 987 3638 1043 Coiifes-

2049 1073 2260 1127 sionem
2293 1074 2680 1139 orthodoxam,
2713 1075 2907 1130 Petrus
2935 1077 3168 1132 Allixius
3199 1077 3346 1132 circa
3369 1080 3636 1148 synodum

2047 1164 2180 1219 Jasii
2234 1165 2473 1219 habitam
2517 1181 2664 1220 anno
2695 1167 2857 1232 1642,
2904 1175 2959 1222 et
3010 1167 3285 1222 Meletium
3339 1169 3632 1239 Syrigum:

2048 1255 2361 1324 dudumque
2434 1271 2552 1310 eam
2629 1258 2982 1326 exploserttnt
3039 1258 3423 1325 Marbachius,
3479 1261 3638 1315 Calo-

2045 1347 2184 1407 vius,
2205 1347 2492 1404 Felhavins
2515 1350 2845 1417 Augustanaa
2861 1349 3233 1408 Confessionis
3259 1353 3515 1424 thro!Ogi,
3536 1355 3642 1406 ci:-

2047 1455 2108 1494 ca
2135 1441 2325 1510 Cyrilli
2354 1440 2764 1496 Confessionem
2785 1452 2834 1497 et
2864 1443 3102 1513 synodos
3122 1459 3210 1499 an.
3240 1444 3375 1500 1658
3398 1455 3452 1500 et
3480 1445 3637 1510 1642,

2053 1546 2080 1584 a
2107 1533 2308 1600 quibus
2340 1535 2643 1604 proscripta
2680 1543 2784 1588 est.
2821 1534 3016 1604 Neque
3047 1535 3161 1604 ipse
3194 1535 3472 1592 Smitheus
3522 1553 3636 1592 om-

2049 1623 2182 1676 nino
2225 1633 2389 1694 negat
2438 1623 2661 1679 Grzecos
2710 1625 2926 1680 tandem
2984 1626 3281 1682 hodiernos
3330 1631 3634 1697 praesentiae

2050 1714 2214 1767 realis
2268 1724 2322 1768 et
2382 1715 3027 1771 transsnhstantiationis
3063 1717 3258 1785 dogma
3294 1719 3574 1774 imbihisse
3613 1737 3627 1774 :

365 1813 610 1859 transeat
659 1804 1062 1873 quodammodo
1082 1804 1136 1858 in
1166 1805 1617 1873 remjudieatam.
1641 1805 1773 1859 Nam
1797 1823 1945 1860 men-
1981 1783 2018 1836 Β
2051 1805 2146 1860 sed
2176 1805 2226 1858 id
2261 1805 2460 1860 fartum
2499 1807 2752 1876 pessimis
2793 1805 3110 1860 Latinorum
3151 1809 3459 1873 fraudibus,
3495 1825 3633 1879 quas

369 1897 584 1950 dacium
623 1896 754 1949 illud
795 1903 992 1961 totum,
1038 1896 1102 1950 de
1136 1896 1343 1951 Grmcis
1388 1898 1520 1950 nihil
1559 1898 1738 1953 minus
1779 1914 1942 1967 quam

371 1991 568 2044 realem
604 1989 949 2059 priesentiam
999 1990 1784 2058 transsuhstantiationemque
1831 2006 1950 2043 rre-

368 2081 649 2142 dentibus.
677 2080 770 2135 sed
797 2095 917 2134 cam
953 2078 1112 2133 fidem
1151 2081 1634 2150 amplectentibus,
1663 2096 1823 2148 quam
1848 2081 1952 2152 Cy-

369 2173 529 2227 rillus
563 2187 664 2226 sua
694 2171 1058 2226 (lonfessione
1109 2171 1384 2241 eXposnit,
1421 2188 1449 2225 a
1486 2171 1716 2227 Claudio
1752 2173 1952 2228 confla-

372 2276 488 2318 tum
533 2271 640 2324 est,
684 2263 1091 2326 dissimulante,
1134 2262 1218 2316 vel
1253 2263 1534 2333 ignorante
1566 2264 1748 2330 potius
1785 2279 1950 2333 quam

369 2359 651 2412 diversum
688 2356 827 2410 foret
858 2369 967 2409 non
999 2354 1314 2410 Gnecorum
1349 2354 1536 2417 modo,
1571 2356 1666 2409 sed
1698 2355 1955 2411 doctissi-

372 2467 586 2507 morum
628 2451 790 2504 etiam
837 2457 991 2503 extra
1033 2448 1337 2503 Romanam
1387 2442 1834 2504 communionem
1889 2451 1955 2504 de

370 2544 562 2598 eadem
596 2539 891 2610 judicium.
931 2538 1212 2594 Creditum
1254 2537 1309 2592 id
1347 2537 1516 2593 fuisse
1561 2539 1629 2594 ab
1661 2539 1956 2594 illitteratis

373 2650 440 2690 ex
481 2633 605 2702 ejus
654 2640 825 2694 secta,
865 2645 1026 2685 nemo
1070 2629 1362 2683 mirabitur
1399 2647 1412 2683 :
1453 2629 1579 2698 quis
1620 2630 1958 2685 existimaret

374 2727 523 2782 cilim
561 2726 710 2780 verbi
755 2723 926 2777 divini
972 2723 1284 2777 ministrum
1324 2723 1377 2775 in
1426 2736 1484 2775 re
1531 2731 1636 2776 tam
1678 2723 1820 2778 seria
1865 2734 1959 2778 aut

373 2820 665 2888 ignorasse
729 2815 872 2885 quod
913 2813 1201 2877 scriberet,
1240 2821 1334 2867 aut
1374 2812 1520 2882 quod
1560 2813 1956 2884 incompertum

374 2911 482 2966 sibi
529 2909 689 2972 foret,
720 2916 830 2960 tam
881 2913 1032 2960 certo
1063 2904 1406 2962 afﬁrmasse?
1443 2904 1602 2960 Redit
1633 2906 1767 2960 alter
1811 2904 1959 2960 Con-

378 3001 760 3071 stantinopoli,
782 3009 831 3054 et
856 3015 976 3069 qua:
997 2998 1262 3054 Claudius
1290 2997 1653 3053 afﬁrmaverat
1680 2999 1856 3053 oculis
1903 3013 1962 3052 se

374 3095 587 3150 vidisse
611 3101 666 3148 ct
691 3094 879 3147 auditu
912 3091 1194 3161 accepisse
1226 3091 1403 3145 tribus
1430 3089 1624 3144 libellis
1646 3089 1808 3143 editis
1833 3103 1963 3142 cou-

377 3199 635 3244 testatur.
695 3186 809 3243 Nos
880 3184 1137 3240 catholici
1198 3183 1632 3252 patriarcharum
1690 3181 1958 3244 omnium,

379 3281 855 3351 metropolitarum
891 3288 945 3334 et
986 3278 1222 3332 aliorum
1271 3274 1764 3329 ecclesiasticarum
1812 3270 1962 3325 testi-

380 3375 585 3430 moniis
619 3372 852 3443 publicis
879 3370 1242 3441 privatisque,
1269 3366 1423 3422 libris
1446 3365 1609 3420 editis
1639 3373 1692 3418 et
1718 3363 1960 3429 ineditis,

383 3464 528 3519 fama
560 3463 800 3534 publica,
835 3461 1120 3531 disciplina
1153 3474 1274 3530 quae
1299 3457 1628 3512 obversatur
1650 3455 1822 3510 oculis
1847 3469 1963 3507 om-

382 3557 563 3618 nium,
589 3563 645 3610 et
677 3555 800 3610 aliis
821 3563 982 3609 certae
1012 3550 1355 3606 auctoritatis
1378 3547 1717 3619 argumentis
1744 3546 1962 3612 muniti,

383 3649 691 3704 Smitheum
727 3663 833 3700 non
872 3645 1079 3701 vidisse
1125 3643 1209 3698 vel
1262 3641 1539 3696 audivisse
1569 3638 1965 3695 Constantino-

386 3741 520 3813 poli,
548 3755 670 3811 quae
701 3754 978 3809 nunquam
1010 3736 1255 3801 fuerunt,
1286 3750 1393 3789 non
1414 3741 1616 3788 temere
1640 3731 1966 3797 asserimus,

416 3935 586 3949 ῤ’·-

2051 1910 2377 1950 arcanorum
2435 1897 2703 1952 revelator
2753 1898 2869 1955 dies
2904 1899 3143 1955 docebit.
3203 1901 3258 1955 Si
3313 1917 3638 1972 supremum

2049 1987 2252 2042 Judicii
2279 1989 2422 2044 diem
2460 1990 2736 2060 intelligit,
2772 1991 2844 2044 ita
2884 2007 3017 2046 sane
3050 2010 3063 2046 ς
3101 2007 3224 2045 nam
3259 2008 3441 2048 coram
3481 2010 3639 2048 sum-

2053 2098 2142 2136 mo
2163 2080 2356 2136 Judice
2391 2084 2655 2150 patebunt
2693 2084 2916 2137 omnia:
2951 2083 2995 2136 si
3029 2084 3388 2152 longinquum
3414 2084 3639 2154 aliquod

2055 2181 2289 2241 tempus,
2320 2173 2430 2243 jam
2464 2173 2677 2242 aliquot
2707 2174 2838 2227 anni
2876 2174 3012 2242 lapsi
3039 2183 3168 2227 sunt
3195 2188 3261 2226 ex
3289 2189 3398 2241 quo
3423 2174 3641 2229 dubita-

2053 2264 2098 2318 ri
2131 2279 2238 2318 non
2267 2273 2447 2334 potest
2475 2265 2607 2334 quin
2643 2265 2817 2320 Graeci
2849 2266 2990 2319 nihil
3022 2264 3206 2319 minus
3234 2280 3398 2334 quam
3459 2268 3630 2320 Λατι-

2056 2357 2332 2424 νόφρονες,
2380 2357 2447 2411 de
2500 2357 2689 2428 Cyrilli
2744 2355 3126 2419 Confessione,
3161 2356 3227 2409 dc
3257 2355 3478 2428 synodis
3506 2372 3638 2411 eon-

2059 2453 2145 2500 tra
2176 2462 2295 2500 eam
2333 2447 2564 2517 ejusque
2593 2456 2872 2500 auctorem
2926 2447 3146 2512 habitis,
3178 2447 3244 2501 de
3298 2447 3643 2502 confessione

2056 2537 2385 2601 orthodoxa,
2435 2539 2500 2592 de
2537 2536 3186 2601 transsubstantiatione,
3222 2536 3287 2589 de
3326 2537 3636 2603 Gennadio,

2058 2629 2125 2685 de
2185 2629 2398 2702 Syrigo,
2431 2631 2496 2684 de
2525 2629 2892 2694 Coressio,'de
2925 2630 3191 2698 Gregorio
3218 2633 3648 2701 proto—syncello

2059 2722 2180 2792 ejus
2213 2722 2504 2792 discipulo,
2529 2737 2647 2776 eam
2683 2723 2992 2791 opinionem
3031 2724 3346 2778 ﬁrmissime
3403 2733 3646 2789 tem-ant,

2061 2828 2224 2883 quam
2279 2815 2530 2868 oculatus
2572 2815 2662 2867 ille
2695 2814 2853 2869 testis
2885 2815 3013 2869 totis
3067 2815 3272 2870 viribus
3319 2815 3644 2884 impugnare

2065 2920 2357 2974 aggressus
2410 2916 2513 2962 est.
2554 2906 2690 2962 Cum
2725 2909 2870 2961 enim
2900 2907 3094 2976 synodi
3134 2906 3647 2976 Hierosolymitana:

2065 2996 2282 3050 decreta
2316 2997 2429 3064 ipse
2464 2996 2756 3050 Dositheus
2793 2997 2844 3049 in
2872 2996 3138 3050 Moldavia
3197 2997 3285 3049 edi
3350 2998 3649 3059 curaverit,

2068 3086 2268 3154 quibus
2324 3086 2505 3138 omnia
2565 3087 2852 3155 perspicue
2907 3087 3283 3152 continentur,
3345 3101 3464 3154 quae
3524 3101 3648 3141 cum

2068 3177 2368 3232 Claudiana
2420 3179 2964 3247 Λατινοφρονούντων
3026 3177 3342 3232 deﬁnitione
3371 3189 3512 3232 stare
3543 3193 3651 3232 non

2071 3280 2319 3339 possunt,
2373 3270 2463 3324 sed
2515 3272 2763 3324 sineeros
2813 3269 3032 3323 Graecos
3088 3285 3210 3324 esse
3268 3279 3502 3336 constat,
3558 3271 3651 3339 qui

2073 3362 2421 3432 praesentiam
2477 3363 2677 3416 realem
2712 3371 2766 3415 et
2806 3363 3477 3415 transuibstantiationem
3531 3377 3652 3416 cre-

2072 3457 2233 3516 dunt,
2271 3453 2475 3509 frustra
2501 3455 2826 3524 (onjecturze
2851 3469 3042 3508 onlnes
3067 3462 3196 3508 sunt
3224 3454 3313 3506 ubi
3345 3453 3518 3507 Graeci
3556 3453 3656 3520 ipsi

2072 3545 2392 3613 loquuntur.
2429 3543 2585 3598 Unde
2637 3543 2900 3612 quidquid
2955 3559 3018 3597 ex
3062 3542 3194 3596 falsa
3246 3542 3338 3597 illa
3372 3542 3660 3612 hypothesi

2075 3646 2265 3692 contra
2287 3636 2624 3691 Gennadium
2658 3645 2711 3690 et
2741 3639 2862 3704 ejus
2896 3637 3149 3691 homilias
3177 3635 3456 3690 Smitheus
3489 3635 3661 3690 dedu-

2077 3730 2180 3796 xit,
2205 3729 2536 3786 accuratiori
2556 3729 2886 3784 refutatione
2917 3745 3025 3785 non
3056 3729 3282 3800 indiget.

982 4083 1678 4202 GENNADII
1762 4080 2343 4194 OPERUM
2424 4080 3080 4192 NOTITIA.

477 4440 826 4507 Quaecunque
866 4446 895 4486 a
938 4425 1229 4486 Gennadio
1291 4422 1496 4492 scripta
1534 4421 1602 4475 ad
1649 4437 1746 4476 nos
1782 4435 1979 4490 perve-

399 4542 626 4595 nerunt,
675 4538 769 4584 aut
819 4533 948 4580 ante
1009 4516 1448 4592 patriarchatum
1499 4515 1744 4583 scripsit,
1795 4513 1971 4566 autin

2084 4417 2226 4472 bene
2257 4417 2460 4473 multas
2483 4457 2497 4482 ,
2538 4432 2773 4486 quarum
2825 4417 3044 4473 selectte
3074 4415 3324 4486 quzcdam
3371 4423 3675 4486 ‘snpersunt

2081 4512 2136 4565 in
2164 4509 2289 4566 cod.
2319 4509 2485 4580 Regio
2511 4509 2673 4573 2955,
2710 4512 2811 4563 Itoc
2847 4509 3024 4572 titulo,
3072 4509 3169 4561 Ἐκ
3192 4508 3300 4560 τῶν
3344 4508 3676 4562 Ἐπιστολῶν

403 4633 526 4697 ipso
559 4622 966 4698 patriarchatu,
997 4624 1091 4670 aut
1117 4612 1368 4683 deposita
1403 4608 1670 4674 dignitate
1705 4621 1828 4661 cum
1868 4609 1959 4676 prii

2086 4605 2361 4672 Γεωργῐου
2392 4603 2485 4656 τοῦ
2511 4603 2809 4673 Σχολαρίου
2842 4601 2933 4654 τοῦ
2959 4601 3184 4672 ὕστερον
3227 4601 3535 4661 Γενναδίου,
3587 4600 3676 4654 Ea:

405 4730 566 4776 vatus
629 4717 682 4771 in
748 4709 1139 4768 monasterium
1215 4703 1402 4761 Sancti
1455 4702 1685 4757 Joannis
1725 4700 1985 4771 Baptistae

327 4800 332 4802 ’
409 4827 582 4882 prope
607 4808 805 4864 Serras
835 4802 901 4857 ad
929 4800 1268 4855 Menoeceum
1301 4803 1539 4848 montem
1572 4807 1631 4846 se
1657 4793 1986 4862 recepisset.

415 4902 573 4958 Hunc
610 4900 859 4956 ordinem
907 4894 1028 4962 ejus
1091 4904 1319 4960 operum
1352 4887 1443 4954 qui
1479 4886 1606 4938 vitae
1648 4885 1846 4939 seriem
1896 4900 1986 4939 se-

407 4997 623 5066 quitur,
675 4991 899 5062 quidam
950 5001 1105 5040 mss.
1151 4980 1372 5036 codices
1418 4985 1840 5047 reprmsentant,
1891 4977 1982 5045 qui

411 5101 598 5147 tamen
655 5085 711 5140 id
767 5083 932 5138 habet
986 5073 1344 5135 incommodi,
1375 5070 1521 5139 quod
1554 5069 1622 5123 de
1654 5069 1841 5123 multis
1876 5086 1985 5124 non

413 5185 488 5240 ita
540 5181 738 5251 liquet,
790 5183 850 5230 ut
911 5168 1134 5241 quando
1179 5162 1383 5232 scripta
1431 5161 1540 5215 sint
1587 5168 1738 5215 certo
1781 5161 1986 5216 habere

417 5277 715 5349 possimus,
745 5281 856 5338 quo
885 5266 940 5318 in
985 5271 1184 5332 genere
1216 5265 1344 5311 sunt
1382 5254 1618 5308 homilia:
1644 5253 1981 5322 complures,

417 5346 473 5428 et
513 5367 806 5424 minutiora
838 5358 1085 5431 quaedam
1129 5350 1420 5424 opuscula.
1455 5347 1560 5402 Sed
1611 5355 1793 5401 tamen
1842 5346 1990 5402 hunc

420 5465 696 5522 ordinem,
726 5455 851 5527 quia
884 5447 1225 5508 commodior
1256 5454 1360 5502 est.
1389 5455 1708 5510 sequemur.

492 5551 762 5621 Georgius
789 5545 1105 5602 Scholarius
1133 5541 1312 5594 adhuc
1333 5538 1510 5593 laicus
1539 5577 1552 5598 ,
1586 5535 1735 5590 circa
1768 5532 1998 5588 Floren-

426 5649 526 5706 tini
556 5643 776 5702 concilii
799 5653 1043 5708 tempora
1066 5635 1288 5704 scripsit
1333 5631 1623 5703 epistolas,
1659 5639 1714 5686 ut
1749 5629 1986 5697 videtur,

507 5814 586 5886 (ι)
619 5815 690 5870 De
725 5823 1026 5874 consensu,
1052 5820 1103 5876 p.
1133 5801 1268 5887 962..

2093 4694 2349 4766 Epistolis
2382 4694 2593 4766 Georgii
2623 4694 2890 4749 Scholarii
2949 4697 3041 4764 qui
3102 4692 3408 4748 Gennadius
3441 4702 3678 4762 postmo-

2095 4790 2222 4842 dum
2253 4789 2380 4858 fuit.
2414 4791 2472 4843 la
2505 4789 2713 4843 nemini
2745 4787 3012 4856 inscripta
3037 4787 3135 4849 ςΞα
3180 4785 3533 4851 Imperatoris
3563 4782 3681 4837 fra-

2095 4883 2160 4936 ll‘i
2191 4899 2205 4947 ἓ
2239 4883 2300 4937 ’5³
2339 4897 2535 4950 magno
2565 4880 3014 4951 chartephylaci;
3051 4881 3111 4933 ιιι
3148 4878 3325 4932 Marco
3358 4876 3682 4944 Lipomano,

2095 4976 2376 5030 Florentia
2415 4973 2673 5028 Venetias
2706 4974 2910 5036 missa;
2956 4973 3017 5026 5ο
3049 4971 3340 5024 Ambrosio
3369 4965 3669 5022 Catualdu-

2101 5069 2240 5126 lensi
2271 5087 2286 5135 ;
2321 5068 2392 5122 ϐα
2429 5066 2626 5136 Magno
2671 5068 2830 5122 duci:
2867 5066 3070 5120 ibidem
3104 5079 3322 5134 quoque
3355 5060 3586 5126 scripta,
3624 5065 3683 5110 ut

2105 5163 2346 5223 videtur,
2381 5176 2488 5213 non
2524 5175 2588 5212 ex
2624 5159 2854 5221 Graecia,
2894 5169 2952 5212 ut
2982 5159 3297 5226 suspicatus
3327 5163 3409 5206 ρει
3445 5149 3679 5205 Allatius

2096 5257 2190 5327 qui
2235 5255 2384 5309 illius
2422 5253 2669 5306 meminit
2701 5253 2802 5323 (Ι).
2834 5252 3026 5308 Exstat
3054 5264 3272 5319 quoque
3304 5247 3357 5297 in
3392 5243 3516 5297 cod.
3548 5241 3685 5297 Col-

2093 5351 2313 5405 bertino
2352 5346 2535 5412 4958;
2574 5347 2636 5399 7⁸
2703 5360 2975 5420 anonymo
3021 5343 3088 5395 de
3136 5337 3365 5408 privatis
3405 5335 3682 5405 negotiis:

2100 5441 2162 5496 8a
2197 5439 2484 5509 Philelpho
2516 5437 2888 5493 Mediolanum
2935 5426 3430 5496 Constantinopoli
3456 5425 3682 5494 scripta,

2111 5546 2171 5590 ut
2204 5533 2482 5597 existimo,
2535 5538 2590 5585 et
2649 5539 2776 5584 ante
2823 5524 3221 5597 profectionem
3276 5520 3541 5583 Italicam,
3590 5525 3689 5571 aut

2112 5638 2238 5702 post
2269 5627 2508 5685 reditum
2541 5642 2555 5694 ;
2587 5638 2710 5680 nam
2739 5623 2794 5678 in
2831 5637 2894 5677 ea
2922 5619 3074 5676 dolet
3107 5617 3248 5689 eripi
3281 5617 3386 5675 sibi
3419 5631 3516 5688 per
3546 5622 3692 5672 stre-
