3982 6208
281 245 390 310 287

1323 251 1709 315 GENNADIl
1739 252 1852 313 ΟΡ.
1891 252 2031 312 PAT
2047 254 2412 317 ΒΙΑΒΟΗᾸΞ

3450 253 3566 317 288

283 363 458 428 pilum
485 360 820 433 judiciorum
858 364 1183 420 occasiones
1208 365 1276 421 ad
1302 369 1512 424 amicos
1549 367 1870 433 scribendi;
1904 385 1946 441 Α
1978 373 2240 428 vertenda
2299 372 2507 428 unione
2572 369 2896 438 contulisse,
2951 368 3156 425 [rustra
3214 373 3561 439 quaereretur

283 458 347 512 9-
375 456 628 525 principi.
658 458 940 527 πρεγκιπι,
972 457 1088 512 sive
1125 460 1172 514 is
1201 460 1274 516 sit
1305 461 1632 518 Theodorus
1657 462 1863 531 Despo-

287 559 367 612 ta,
394 549 508 604 sive
533 547 933 606 Constantinus
964 553 1054 622 qui
1078 564 1265 622 postea
1300 555 1604 626 imperator
1636 555 1866 612 ultimus

291 641 432 709 fuit;
485 643 584 697 1οα
637 643 957 712 imperatori
995 645 1386 716 Constantino,
1448 663 1611 718 quam
1647 648 1872 718 scripsit

286 736 397 802 jam
424 735 977 805 monachus,gratias
997 753 1166 810 agens
1191 740 1255 795 de
1279 741 1621 798 munusculis
1644 741 1870 806 missis;

293 829 387 881 ila
423 828 605 882 Paisio
657 828 858 895 Creta},
905 841 960 884 ut
1014 831 1380 902 eonjicimus,
1430 835 1874 904 archiepiscopo,

293 922 380 975 cui
430 933 727 992 perpetuos
759 941 859 993 pro
894 925 1121 979 Christo
1159 927 1378 981 labores
1407 934 1461 981 et
1494 927 1874 981 liberationem

293 1031 357 1068 υς
418 1032 642 1070 carcere
705 1019 1054 1086 gl‘ﬂllllJllU‘;
1115 1021 1211 1074 120
1263 1021 1526 1075 Lemnum
1577 1021 1645 1075 de
1702 1018 1879 1073 turbis

294 1110 925 1176 (Ionstantinopolitanis
962 1129 975 1177 ;
1021 1112 1116 1164 13⁸
1153 1112 1472 1181 Imperatori
1511 1111 1878 1179 Trapeluntis

298 1201 366 1251 de
407 1203 568 1256 missa
611 1202 676 1255 ad
725 1203 890 1256 italos
931 1203 1240 1272 legatione;
1271 1205 1368 1258 ita
1401 1203 1793 1273 Nomopbylaci
1825 1205 1880 1258 in

299 1294 740 1361 Pe‘oponnesum
771 1314 783 1362 ;
816 1296 916 1348 ilia
955 1297 1132 1350 Marco
1166 1297 1442 1366 Ephesino
1469 1297 1685 1366 prreﬁxa
1715 1311 1884 1364 opus-

297 1389 422 1440 culo
456 1388 725 1442 adversus
748 1389 1051 1443 Gemistum
1086 1390 1408 1444 Pletbonem
1441 1405 1540 1459 pro
1567 1389 1883 1445 Aristotelis

303 1479 670 1543 defensione;
724 1480 820 1532 16ει
869 1479 1074 1543 absque
1115 1480 1298 1545 titulo,
1348 1481 1415 1534 de
1447 1481 1680 1551 privatis
1711 1494 1885 1549 nego-

305 1573 420 1628 tiis.
473 1572 584 1627 Has
630 1572 912 1642 Epistolas
951 1587 1144 1627 omnes
1187 1581 1544 1641 rcprzesentat
1571 1571 1744 1626 codex
1777 1587 1883 1626 ms.

301 1666 650 1720 bibliothecae
713 1663 914 1733 Regios,
975 1666 1234 1727 selectas.
1269 1672 1328 1720 ut
1360 1665 1580 1720 videtur
1603 1705 1618 1729 ,
1662 1679 1728 1718 ex
1763 1663 1884 1718 aliis

1970 482 2080 538 quo
2119 476 2364 535 tempore
2393 467 2535 521 lianc
2561 464 2885 535 Apologiam
2913 461 3107 524 edidit,
3149 475 3274 531 qute
3302 474 3412 514 non
3448 457 3556 510 nisi

1970 570 2096 632 post
2151 561 2360 616 cladem
2413 558 2590 632 urbis,
2647 567 2813 627 atque
2865 556 3006 612 adeo
3059 556 3114 610 in
3176 553 3558 625 patriarcltatu

1974 619 2181 722 scripta
2207 660 2489 716 censetur,
2522 619 2592 707 aii
2631 652 2703 707 iis
2723 619 2824 722 qui
2871 649 3021 704 illam
3071 619 3359 704 Gennadio
3405 645 3564 699 attri-

1975 747 2152 802 buunt
2188 747 2266 816 (a)
2300 764 2316 802 :
2355 761 2637 815 numquam
2682 745 2826 798 enim
2887 749 3232 812 resumptum
3282 739 3453 795 semel
3507 737 3562 790 in

1976 841 2203 896 Latinos
2232 839 2416 894 odium
2435 838 2717 908 deposuit.
2746 838 2860 891 imo
2875 835 3158 906 perpetuis
3194 830 3566 888 accusationi-

1978 934 2084 990 bus
2105 935 2162 990 in
2195 949 2292 990 eos
2318 935 2576 988 invectus
2599 941 2711 996 est,
2743 941 2800 987 et
2827 933 2883 986 in
2909 946 2971 985 ea
3003 929 3278 986 sentemia
3306 927 3372 982 ad
3401 927 3560 981 linem

1982 1046 2155 1098 usque
2180 1029 2305 1084 vitae
2357 1025 2748 1098 perseveravit.
2809 1025 2863 1080 Si
2895 1039 3028 1093 ergo
3084 1023 3232 1078 illius
3279 1037 3418 1090 opus
3451 1020 3568 1073 brec

1983 1123 2244 1192 Apologia
2299 1121 2575 1176 censenda
2623 1131 2728 1184 est,
2782 1120 3044 1189 scriptam
3100 1116 3272 1172 fuisse
3322 1113 3572 1184 Oportuit

1985 1231 2077 1272 aut
2113 1217 2426 1281 Florentiae,
2459 1225 2550 1268 aut
2581 1215 2764 1269 statim
2802 1220 2919 1280 post
2949 1211 3206 1266 reditum.
3236 1208 3340 1262 Sed
3365 1207 3411 1263 si
3441 1206 3570 1272 quis

1987 1313 2058 1366 ita
2090 1317 2318 1372 statuat.
2371 1309 2619 1364 eamdem
2664 1306 3045 1375 interpola-tam
3111 1301 3284 1356 fuisse
3337 1299 3573 1354 fateatur

1990 1419 2216 1459 necesse
2250 1411 2355 1465 est,
2390 1401 2587 1455 adsuta
2625 1400 2693 1454 de
2739 1394 3148 1454 calamitatibus
3183 1391 3574 1446 Constantino-

1989 1497 2250 1569 politanis
2277 1495 2414 1549 satis
2452 1495 2611 1565 longa
2638 1493 2860 1546 lacinia.

2061 1589 2350 1644 Orationes
2372 1587 2452 1640 hae
2478 1592 2696 1640 exstant
2729 1601 2742 1636 :
2780 1584 2875 1646 Εἰς
2905 1582 3004 1650 τὴν
3039 1579 3206 1648 ἁγίαν
3240 1578 3336 1633 τοῦ
3370 1578 3574 1646 Κυρεου

1993 1683 2151 1752 ἡμῶν
2223 1678 2400 1748 Ἰησοῦ
2468 1675 2709 1746 Χριστοῦ
2771 1674 3266 1743 Maian/amputem,
3329 1673 3384 1725 in
3447 1669 3578 1724 Iesu

302 1760 576 1828 pluribus,
622 1759 779 1827 quasi
818 1758 1099 1829 digniores
1130 1759 1320 1825 qtmitt
1342 1758 1590 1812 codicem
1618 1757 1884 1811 referren-

2021 1773 2198 1826 Ihristi
2238 1770 2452 1826 Domini
2489 1768 2659 1822 nostri
2711 1766 3288 1835 Trausﬁgurationem.
3338 1762 3577 1831 Scripta,

311 1862 421 1906 tur.
459 1853 515 1906 ln
574 1853 896 1906 Colberliuo
930 1853 1206 1921 adjuucue
1231 1860 1363 1906 sunt
1395 1860 1642 1906 veterum
1675 1851 1890 1916 aliquot

307 1946 592 2012 epistolis,
629 1944 771 1999 unde
812 1945 936 2016 styli
989 1946 1173 2014 potius
1215 1945 1387 2015 gratia
1425 1959 1587 2013 quam
1617 1942 1683 1996 ad
1717 1942 1895 1997 bisto-

311 2040 448 2092 riam
480 2039 859 2093 illustrandam
895 2038 1152 2094 videntur
1183 2039 1445 2101 collectm,
1473 2046 1532 2091 ut
1563 2036 1724 2090 etiam
1761 2051 1894 2104 pau-

311 2148 389 2185 rre
429 2132 637 2200 aliquot
679 2131 838 2185 Lucae
887 2131 1103 2185 Notata:
1177 2130 1356 2197 Magni
1399 2131 1579 2194 ducis,
1621 2129 1892 2184 Theodori

315 2226 563 2293 Dz-spota:
592 2267 604 2288 ,
629 2236 681 2279 ct
717 2226 1081 2296 quorumdam
1106 2225 1339 2279 aliorum
1376 2223 1590 2293 imperii
1625 2222 1897 2278 Constan-

313 2318 658 2383 tinopolitani
689 2336 1002 2387 procerum.

388 2410 679 2466 Florentia:
749 2415 974 2481 scripsit
1039 2413 1333 2470 Orationes
1389 2427 1512 2482 quze
1565 2424 1687 2465 cum
1744 2409 1897 2462 Actis

317 2504 534 2557 concilii
567 2505 1058 2569 circumferuntur,
1097 2506 1142 2564 si
1185 2515 1367 2560 tamen
1402 2506 1550 2559 illius
1581 2512 1710 2557 sunt
1745 2519 1759 2568 ;
1799 2517 1902 2572 po-

323 2597 428 2648 tuit
457 2611 591 2650 sane
633 2614 728 2653 cas
763 2599 1057 2668 scripsisse
1080 2639 1094 2663 ,
1140 2609 1200 2652 ut
1233 2615 1296 2653 ex
1337 2598 1491 2652 Actis
1520 2597 1733 2663 liquet:
1772 2609 1897 2647 nam

321 2690 388 2744 ad
451 2708 642 2744 eorum
709 2694 1040 2746 sententiain
1097 2692 1188 2759 qui
1242 2692 1501 2746 uni-onem
1531 2705 1657 2744 cum
1691 2687 1900 2742 Latinis

321 2785 641 2846 suaderent,
694 2787 1001 2842 accessisse
1043 2785 1338 2855 Georgium
1378 2784 1727 2839 Scltolartum
1754 2780 1900 2834 veri-

323 2879 504 2934 simile
551 2888 664 2939 est,
732 2881 842 2933 itro
905 2889 1139 2941 certum.
1189 2879 1449 2950 nisiquis
1477 2878 1610 2933 Acta
1639 2874 1902 2931 falsitatis

322 2985 567 3038 accuset,
617 2974 760 3039 quod
803 2974 971 3028 certis
1027 2974 1363 3043 argumentis
1411 2974 1650 3041 probare
1687 2968 1905 3024 difﬁcile

323 3073 427 3118 est.
461 3065 764 3120 Cottii-rmat
795 3067 1057 3121 Actorum
1091 3067 1249 3121 iidem
1279 3065 1513 3136 epistola
1540 3063 1705 3118 Marci
1731 3061 1904 3129 Ephe-

326 3161 431 3212 sini
475 3175 537 3212 ex
591 3161 714 3212 col.
772 3161 1090 3216 Florentino
1140 3170 1195 3216 et
1229 3175 1350 3230 qure
1399 3167 1578 3212 exstat
1626 3157 1680 3211 in
1734 3153 1906 3220 Regio

326 3253 472 3307 2953
504 3253 768 3322 producta
804 3255 872 3308 ab
909 3254 1134 3320 Allatio,
1168 3270 1274 3322 qua
1303 3255 1357 3307 in
1388 3252 1731 3308 Scliolarium
1761 3251 1910 3303 inve-

331 3348 514 3410 Itilul‘,
568 3345 714 3412 quod
795 3346 1032 3414 aliquam
1092 3362 1213 3400 cum
1276 3345 1494 3400 Latinis
1552 3343 1908 3398 concordiam

332 3437 448 3490 ﬁcri
504 3452 666 3504 posse
719 3437 1115 3492 existimasset.
1142 3436 1345 3491 Verum
1381 3452 1488 3490 non
1518 3450 1691 3506 pauca
1719 3435 1774 3488 in
1813 3435 1912 3488 has

335 3531 614 3585 orationes
667 3531 962 3599 irrepsisse
1022 3530 1300 3585 fatendum
1350 3538 1458 3594 est,
1490 3546 1613 3600 quas
1650 3530 1914 3584 adnotare

336 3625 647 3693 prolixioris
695 3634 842 3681 esset
876 3641 1079 3695 operat.
1117 3624 1292 3680 Edita:
1330 3633 1461 3680 sunt
1492 3632 1545 3678 et
1578 3625 1763 3678 Romae
1788 3637 1915 3677 cum

339 3719 582 3772 concilio
619 3718 942 3774 Florentino
978 3718 1032 3773 in
1068 3718 1163 3774 fol.
1195 3715 1630 3780 Graece-Latine,
1661 3716 1918 3771 Mattme

337 3809 704 3881 Caryopbyllo
734 3810 1053 3881 interprete,
1087 3823 1140 3866 et
1165 3811 1219 3865 in
1248 3814 1304 3865 4°
1337 3821 1448 3864 tum
1478 3809 1532 3863 in
1551 3809 1792 3864 editione
1807 3808 1920 3864 Ro-

341 3915 505 3955 mana
546 3901 910 3956 conciliorum
933 3916 1055 3958 tan.
1087 3900 1227 3956 1612
1251 3940 1266 3964 ,
1294 3910 1425 3956 tom.
1461 3897 1552 3955 ιν.
1581 3900 1812 3954 Exstare
1847 3899 1922 3953 ait

341 3997 581 4052 Allatius
620 3997 674 4051 in
707 3996 868 4051 codd.
901 4011 1038 4053 mss.
1070 3995 1444 4060 Scoriacensi,
1472 3993 1753 4048 Bavaricis
1785 3995 1919 4049 duo-

341 4089 902 4158 bus,Altempsiano,
963 4093 1019 4143 et
1071 4087 1198 4144 Ant.
1263 4087 1584 4156 Augustini.
1642 4087 1926 4143 Habentur

339 4197 568 4251 quoque
599 4183 654 4236 in
681 4181 844 4236 codd.
882 4179 1070 4251 Regiis
1093 4223 1107 4249 ,
1137 4189 1194 4236 et
1221 4182 1275 4236 in
1316 4181 1566 4236 Caesarea
1597 4181 1926 4238 bibliotheca

342 4283 404 4329 δι’
441 4274 532 4338 6|,
565 4275 706 4329 inter
736 4274 958 4330 Gnaeos
997 4274 1296 4330 historicos
1322 4274 1423 4344 (1).

419 4369 685 4436 Apologia
714 4383 813 4436 pro
845 4369 1089 4437 quinque
1116 4368 1392 4437 capitibus
1436 4368 1658 4422 concilii
1695 4367 1929 4422 Floren-

1998 1877 2056 1922 ut
2085 1867 2316 1922 habetur
2347 1866 2402 1919 in
2431 1864 2622 1919 codice
2655 1861 2824 1931 Regio
2853 1859 3017 1924 2955,
3053 1873 3178 1913 cum
3206 1856 3384 1909 adhuc
3410 1869 3583 1908 sarcu—

1998 1963 2131 2016 laris
2154 1969 2323 2023 csset,
2360 1959 2464 2014 sub
2498 1955 2711 2011 Joanne
2771 1957 3124 2023 imperatore,
3160 1955 3375 2018 reperta
3404 1945 3577 2000 Thes-

1998 2054 2255 2111 salonicae
2287 2059 2409 2123 post
2431 2060 2646 2120 captam
2677 2044 3219 2112 Constantinopolin.

2074 2151 2127 2204 lu
2167 2149 2305 2204 festo
2336 2147 2445 2200 τῶν
2479 2144 2718 2199 Εἰσόδων
2753 2139 3231 2213 προσφωνητικός.
3269 2137 3431 2190 Lecta
3466 2133 3584 2186 lucc

2001 2243 2176 2298 oratio
2205 2243 2258 2295 in
2295 2237 2631 2292 monasterio
2683 2227 2978 2302 Periblepti
3009 2230 3266 2302 primum,
3320 2233 3588 2295 prmsente

2001 2335 2366 2392 Constantino
2405 2331 2758 2398 imperatore.

2073 2428 2194 2481 Alta
2223 2426 2432 2494 absque
2466 2423 2653 2486 titulo,
2680 2419 2850 2476 πάλαι
2881 2419 2982 2489 μὲν
3021 2417 3366 2480 Ἰουδαῖοι,’ἱη
3391 2413 3582 2467 eodem

2003 2520 2210 2574 codice.
2374 2507 2377 2509 ’

2076 2613 2131 2666 lu
2202 2605 2739 2665 Commemoratione
2807 2603 3198 2659 Decollationis
3259 2599 3318 2655 S.
3358 2598 3588 2654 Joannis

2005 2705 2281 2774 Baptistae.
2317 2699 2508 2755 Oratio
2554 2709 2734 2754 exstat
2781 2698 2838 2750 in
2871 2697 3064 2751 eodem
3099 2695 3222 2750 cod.
3258 2694 3318 2747 In
3370 2703 3588 2752 nostro,

2008 2801 2110 2854 sub
2176 2796 2336 2851 titulo
2393 2792 2665 2848 Gennadii
2717 2789 3000 2854 Monachi,
3065 2788 3261 2856 incipit
3311 2805 3325 2840 :
3375 2787 3434 2839 '0
3492 2786 3591 2854 μὲν

2009 2891 2278 2962 μακάριος
2336 2887 2591 2957 Ἰωάννης
2647 2885 2739 2938 καὶ
2796 2883 3132 2953 Βαπτιπτής.
3191 2879 3475 2936 Omittitur
3525 2877 3595 2932 ab

2007 2981 2234 3036 Allatio.

2081 3081 2222 3142 Alia,
2271 3079 2352 3140 ei;
2380 3077 2506 3145 ripa
2544 3073 2687 3128 κατὰ
2723 3073 2901 3142 σάρκα
2931 3068 3187 3138 γέννησιν
3240 3065 3338 3118 τοῦ
3387 3063 3596 3130 Κυρίου

2017 3172 2177 3244 ἡμῶν
2212 3169 2390 3239 Ἰησοῦ
2421 3165 2683 3235 Χριστοῦ,
2736 3163 2804 3217 1η
2852 3162 3202 3216 Nativitotem
3259 3157 3470 3212 Domini
3506 3171 3598 3207 no-

2021 3266 2121 3320 δινέ
2150 3263 2280 3318 Jesu
2314 3261 2512 3316 Christi
2545 3259 2836 3314 secundum
2891 3269 3126 3309 carnem.
3177 3248 3442 3306 Gennadii
3481 3246 3594 3300 Mo-

2023 3358 2182 3415 nacbi
2238 3358 2292 3411 iu
2345 3355 2536 3411 eodem
2594 3351 2719 3408 cod.
2780 3357 2835 3404 et
2879 3349 2934 3402 in
2998 3355 3209 3410 nostro,
3273 3342 3488 3410 incipit,
3536 3341 3601 3392 Οἱ

2019 3449 2402 3520 λαμπρότατοι
2466 3447 2567 3515 τῆς
2639 3441 2966 3507 Ἐκκλησεας
3020 3436 3333 3505 φωστῆρες.
3385 3432 3598 3500 Scripta

2024 3551 2110 3600 est
2139 3550 2322 3598 autem
2356 3540 2409 3595 in
2445 3537 2783 3592 monasterio
2822 3533 2884 3592 S.
2927 3531 3153 3586 Joannis
3187 3528 3466 3599 Baptistae.
3499 3525 3605 3580 Ex-

2026 3644 2138 3694 stat
2167 3636 2223 3689 in
2270 3631 2431 3690 codd.
2478 3628 2666 3698 Regiis
2713 3625 2855 3683 2955
2886 3633 2938 3680 et
2984 3621 3126 3678 2959
3155 3629 3209 3676 et
3269 3619 3323 3674 in
3368 3627 3602 3674 nostro:

2028 3728 2144 3797 ejus
2174 3741 2283 3780 non
2321 3719 2573 3778 meminit
2605 3717 2865 3771 Allatius.

2102 3822 2223 3877 Alia
2278 3820 2344 3875 de
2397 3813 2660 3872 Transitu
2714 3811 2777 3864 B.
2836 3807 3021 3864 Mariae
3067 3804 3328 3876 Virginis,
3391 3802 3484 3856 ἐπὶ
3535 3801 3602 3870 τῇ

2034 3913 2365 3985 μεταστάσει
2459 3907 2561 3976 τῆς
2639 3903 2948 3971 ὑπεραγῑας
3048 3897 3355 3965 Δεσποίνης
3448 3891 3610 3985 ﬁt).th

2031 3982 2321 4058 ὸεοτόκου.
2376 3999 2568 4052 Exstat
2615 3994 2670 4048 iu
2711 3992 2902 4048 eodem
2957 3988 3128 4058 Regio
3174 3985 3387 4048 codice,
3447 3989 3504 4038 et
3553 3982 3609 4036 in

2032 4096 2200 4153 2959.
2249 4091 2327 4146 Ex
2357 4089 2480 4159 eius
2529 4086 2689 4141 titulo
2711 4082 3000 4154 colligitur
3039 4079 3307 4148 scriptam
3340 4076 3513 4132 fuisse
3555 4074 3608 4128 in

2037 4182 2371 4244 monasterio
2393 4175 2858 4239 Pammacaristae.
2884 4187 3082 4241 nempe
3107 4165 3610 4236 Constantinopoli,

2036 4283 2232 4338 lectam
2269 4277 2326 4330 in
2358 4274 2491 4345 {esto
2529 4267 2875 4324 Dormitionis
2915 4265 2959 4319 B
2991 4263 3207 4325 Moriar,
3237 4263 3288 4315 in
3323 4260 3500 4319 tertio.
3529 4259 3616 4312 in-

2037 4374 2172 4443 quit,
2199 4379 2379 4425 nostra
2403 4366 2471 4421 ad
2502 4363 2680 4418 urbem
2711 4361 2939 4415 violento
2968 4357 3164 4422 reditu,
3187 4354 3380 4410 indict.
3408 4354 3496 4415 ιε,
3521 4369 3614 4405 an.

344 4464 448 4515 t‘ni
482 4462 662 4516 serius
711 4462 941 4530 scripta,
993 4461 1137 4515 edita
1196 4471 1279 4516 est
1311 4462 1496 4516 Romae
1544 4461 1680 4516 1577
1728 4463 1782 4515 in
1836 4461 1930 4516 fol.
1964 4479 2008 4535 ι)
2040 4442 2263 4527 72,boc
2287 4468 2375 4516 est
2419 4470 2566 4511 anno
2597 4453 2782 4508 mundi
2811 4449 3120 4508 secundum
3179 4447 3401 4502 Graecos
3453 4442 3617 4503 6972,

344 4574 471 4610 cum
499 4557 687 4610 codem
717 4555 954 4610 concilio
986 4554 1172 4609 Grrece
1197 4571 1210 4620 ;
1246 4563 1298 4610 et
1326 4553 1540 4622 Latine,
1566 4555 1734 4610 Fabio
1758 4555 1931 4610 Bene-

348 4648 590 4702 wlentio
611 4649 928 4716 interprete,
955 4647 1006 4700 in
1030 4646 1085 4701 4ο
1110 4648 1266 4714 1539,
1298 4646 1753 4703 Graece-Barbare
1775 4662 1932 4702 versa

351 4761 376 4794 ιι
407 4741 656 4795 Matthmo
687 4739 1076 4812 Caryopbyllo,
1108 4751 1162 4795 et
1194 4740 1487 4810 aliquoties
1513 4741 1567 4795 in
1601 4739 1929 4794 Bibliotheca

350 4837 595 4928 Patrum.
647 4834 780 4890 Eam
837 4833 1237 4907 Caryophyllus
1295 4835 1576 4892 Gennadio
1628 4833 1930 4905 abjudicat,

347 4948 512 5002 quem
540 4931 735 4987 refellit
771 4930 1020 4985 Allatius.
1059 4929 1282 4984 lllorum
1319 4931 1563 4984 rationes
1595 4927 1660 4982 ad
1699 4941 1930 4982 examen

352 5041 614 5082 revocare
640 5040 869 5096 prorsus
910 5025 1105 5079 inutile
1159 5023 1400 5078 videtur.
1438 5021 1572 5075 Nam
1608 5035 1732 5076 cum
1756 5036 1829 5076 rex
1869 5018 1938 5074 iis

2041 4557 2130 4613 cui
2164 4550 2460 4624 respondet
2494 4547 2719 4604 indictio
2763 4543 3001 4609 12,1.C.
3029 4541 3384 4609 1464.Atque
3406 4538 3481 4591 ita
3517 4537 3622 4590 tal-

2042 4651 2233 4706 luntur
2258 4646 2352 4717 qui
2393 4657 2598 4699 annum
2645 4639 3115 4707 MGOsupremum
3143 4632 3426 4688 Gennadio
3449 4630 3621 4683 fuisse

2039 4745 2189 4802 nullo
2221 4743 2578 4796 fundamento
2611 4733 2900 4788 atlirmant.
2937 4727 3204 4783 Videntur
3246 4734 3424 4779 autem
3456 4721 3620 4778 verba

2039 4840 2141 4894 ista
2173 4849 2338 4891 manu
2383 4831 2556 4901 ipsius
2585 4823 2856 4883 Gennadii
2889 4822 3118 4889 scripta.
3154 4818 3373 4888 Incipit,
3419 4816 3484 4867 Ἢ
3523 4814 3622 4884 μὲν

2037 4929 2132 4983 τοῦ
2165 4928 2318 4987 ἔτους
2355 4923 2524 4992 ἀργὴ,
2567 4919 2800 4976 habetur
2835 4929 3054 4984 quoque
3091 4914 3145 4966 in
3169 4920 3360 4967 nostro
3390 4907 3515 4963 cod.

2111 5018 2257 5080 Alia,
2313 5017 2378 5070 de
2412 5011 2638 5068 secundo
2698 5010 2939 5062 Adventu
2985 5003 3199 5060 Domini
3252 4999 3441 5060 nostri,
3488 4997 3627 5052 etde

352 5137 477 5190 quae
507 5136 536 5174 a
573 5120 735 5174 nobis
771 5119 840 5174 de
870 5116 1154 5174 Gennadio
1191 5116 1338 5172 dicta
1377 5122 1529 5178 sunt,
1560 5121 1780 5170 constet
1809 5127 1903 5168 cur

2045 5107 2453 5166 Recurreclioue
2477 5115 2783 5168 corporum.
2805 5099 2943 5168 Περὶ
2973 5095 3074 5165 τῆς
3130 5092 3391 5160 δευτέρας
3415 5103 3625 5155 παρου-

358 5215 543 5268 statim
568 5222 735 5284 atque
757 5210 1278 5280 Constantinopolin
1325 5221 1582 5263 reversus
1614 5215 1723 5270 est,
1757 5204 1940 5259 Marco

359 5303 640 5375 Epliesino
681 5305 1120 5368 reconciliatum,
1174 5316 1398 5373 operam
1447 5315 1668 5356 omnem
1715 5301 1770 5356 in
1817 5313 1941 5368 per-

437 5445 510 5515 (Ι)
539 5444 603 5500 ν.
639 5443 990 5500 Lambecium
1020 5445 1057 5498 l.
1090 5446 1209 5508 vn‘t,
1245 5455 1296 5510 p.
1337 5438 1441 5494 505
1472 5447 1526 5494 et
1547 5455 1664 5508 seq.

431 5616 502 5680 (al
548 5611 1104 5680 Joscpigqllelhouensi
1131 5612 1346 5680 asseruit
1377 5609 1516 5680 ilaP.
1540 5607 1783 5680 tittpo‘r‘t‘t}:

2046 5205 2167 5266 σίας
2218 5199 2315 5254 τοῦ
2349 5197 2553 5267 Κυρίου
2577 5193 2757 5265 ἡμῶν,
2781 5191 2878 5244 καὶ
2912 5189 3042 5259 περὶ
3086 5189 3186 5256 τῆς
3207 5185 3314 5237 τῶν
3359 5181 3630 5249 σωμέτων

2051 5295 2327 5351 ἀναστάσε
2343 5309 2440 5353 ως.
2462 5289 2651 5343 Exstat
2680 5285 2733 5339 in
2756 5281 2885 5340 eod.
2919 5282 3044 5337 cod.
3069 5279 3198 5346 Reg.

1829 5615 1990 5650 socius
2047 5596 2412 5651 Bollandianus,
2445 5593 2492 5638 in
2546 5583 2771 5651 Historia
2817 5577 3222 5651 patriarcharum
3271 5569 3639 5651 Cpolitrﬁtorluin

431 5633 502 5680 μιν
548 5633 766 5674 αιῠδρβηη
794 5633 1104 5664 ΜειιιυιιιΊιει
1131 5633 1346 5661 asseruit.
1379 5633 1435 5657 η.
1465 5633 1516 5655 ι⁷.
1540 5633 1783 5668 uuln-uua.
1830 5633 1990 5650 δυυιυσ
2051 5633 2367 5669 acumina...“-
2398 5633 2412 5651 ,
2546 5633 2703 5657 _---.._-
2818 5633 2828 5647 ,
2954 5643 2962 5650 ,
3126 5640 3135 5648 ,
3310 5633 3316 5636 ν
3343 5655 3348 5662 ι

365 5693 477 5741 nam
536 5677 664 5729 Artis
705 5677 798 5724 SS.
846 5674 1051 5741 Augusti
1098 5683 1134 5726 ι.
1167 5675 1186 5724 l
1227 5673 1563 5738 praemittitur,
1595 5683 1640 5733 p.
1672 5666 1803 5717 195'.
1831 5665 2013 5715 lit-cole
2038 5675 2151 5725 qua:
2183 5671 2279 5722 1am
2338 5664 2468 5703 tumo
2520 5661 2763 5713 superiort
2798 5655 3082 5695 monuimus
3124 5633 3634 5698 ιιι]οευι.1ιυΜυιιιος

369 5744 533 5792 mensi.
563 5741 701 5791 Eutr.
