3982 6208
363 320 485 385 ’293

1807 322 2150 382 SCRIPTA.

3525 324 3630 387 295

381 437 718 492 Passerinus
743 438 1021 506 Appnrntu
1056 458 1206 495 sacro
1237 461 1249 496 ε
1287 457 1598 512 quanquam
1644 441 1778 497 falso
1835 455 1958 496 sns—
1990 449 2029 505 Α
2065 438 2474 511 processionem
2507 438 2748 508 Spiritus
2765 441 2940 496 sancti
2972 455 3000 494 ει
3037 439 3196 496 Patre
3222 451 3276 497 ct
3303 441 3440 496 Filio
3471 445 3631 508 perti.

381 541 649 603 picatura
680 530 904 599 Graecis,
941 533 1218 590 subtracta
1245 536 1490 605 quaedam
1518 534 1686 589 tuisse
1739 550 1860 604 quae
1891 533 1958 587 ad

382 708 514 747 vero
542 693 679 748 illud
706 693 882 762 ipsum
917 693 1238 764 mysterium
1265 693 1594 762 imaginibus
1624 702 1678 747 et
1708 694 1962 764 similituo

382 764 607 818 diuibus
648 764 943 826 illustrare,
989 772 1254 830 quantum
1293 766 1486 832 possit,
1517 769 1718 819 studet.
1748 765 1859 818 Nec
1904 766 1957 818 in

385 841 573 887 harum
597 833 808 886 delectu
839 847 866 884 a
898 835 1172 888 veteribus
1198 835 1444 890 dissidet.
1481 836 1624 890 Solis
1651 843 1798 888 certe.
1826 836 1960 888 ima-

384 906 569 966 ginem
593 904 723 972 (col.
751 903 875 968 322)
908 903 1218 958 invenimus
1245 907 1386 970 apud
1413 907 1744 973 Athenagor.
1774 905 1956 975 Legat.

385 975 458 1037 Χ,
489 975 606 1041 qtti,
643 975 822 1043 qualis
865 975 937 1028 sit
997 974 1248 1040 spiritus,
1302 975 1604 1031 lectoribus
1653 976 1824 1030 voluit
1884 977 1956 1030 ita

382 1046 590 1100 clarius
625 1045 900 1115 Areddere.
929 1044 1253 1115 iPlatonicis
1297 1044 1570 1108 formulis,
1625 1047 1954 1115 quibuscum

384 1118 542 1169 locus
571 1115 584 1166 Ι
613 1113 817 1169 Joann.
876 1114 965 1178 1V,
1037 1114 1124 1179 16,
1161 1113 1652 1179 eommiscebatur,
1695 1117 1954 1170 innititur

385 1187 475 1240 illa
506 1187 863 1255 mysticorum
916 1185 1092 1253 magis
1121 1200 1282 1253 quam
1321 1187 1778 1241 scholasticorum
1828 1203 1953 1255 pro—

383 1259 501 1326 pria
532 1247 822 1326 Trinitatis
850 1247 1165 1326 explicatio",
1192 1270 1297 1324 qua
1349 1266 1458 1312 tres
1526 1272 1770 1324 personae
1830 1247 1956 1312 esse

382 1327 710 1401 dicebantur
737 1325 909 1401 Deus,
942 1325 1246 1401 ‘Sapient‘in,
1273 1330 1455 1401 Amor.
1496 1326 1648 1401 lianc
1713 1328 1954 1401 mysterii

384 1397 694 1454 absconditi
723 1397 1124 1463 expositionem
1147 1398 1387 1466 legimus
1421 1399 1472 1449 in
1503 1397 1782 1452 Gennadii'
1809 1397 1956 1452 conf.

383 1469 453 1532 ll,
491 1485 545 1535 p.
577 1468 854 1535 l5.lpsam
894 1467 1280 1521 verooduarum
1319 1468 1371 1521 in
1398 1467 1616 1520 Christo
1637 1476 1954 1522 naturarum

384 1554 691 1604 earumque
717 1538 1104 1590 diStinctarum
1139 1547 1192 1592 et
1227 1537 1351 1590 καθ’
1378 1537 1680 1590 ὑπόστασιν
1739 1551 1948 1592 tantum

386 1617 440 1662 et
475 1606 850 1676 προσωπικῶς
885 1607 1185 1670 unitarum,
1206 1608 1497 1674 nonigitur
1528 1610 1944 1662 commistarum

387 1687 441 1732 et
465 1677 844 1748 ronl'itsarttm,
866 1677 1131 1748 rationem
1163 1678 1404 1748 illustrat
1435 1677 1682 1746 exemplo
1709 1679 1952 1748 antiqui-

391 1764 480 1805 tns
529 1749 641 1817 jam
686 1747 953 1810 adhibito,
990 1746 1135 1814 quod
1194 1749 1261 1802 de
1285 1747 1523 1817 hominis
1555 1763 1620 1801 ex
1677 1746 1857 1802 anima
1897 1753 1950 1804 et

389 1816 621 1898 corpore
649 1817 938 1898 compositi
963 1825 1153 1898 natura
1182 1816 1595 1898 sunip.sit_(e_ol._
1629 1819 1778 1898 542).
1808 1819 1949 1898 Idem
1985 1842 2028 1898 Β

393 1887 504 1945 non
524 1891 692 1946 solum
713 1899 794 1942 est
827 1888 879 1940 in
905 1887 1194 1953 Augustini
1221 1887 1470 1957 plurimis
1496 1888 1648 1953 locis,
1673 1890 1763 1943 sed
1790 1892 1952 1944 etiam

393 1962 534 2025 apud
585 1961 723 2013 alios
755 1958 846 2026 qui
897 1957 1348 2027 philosophorum
1385 1957 1790 2027 Platonicorum
1821 1961 1954 2014 doc-

391 2032 586 2084 trinam
622 2037 677 2084 et
731 2028 947 2082 dicendi
1010 2030 1274 2081 rationem
1327 2026 1392 2078 ad
1451 2043 1538 2081 res
1614 2028 1953 2084 Christianas

387 2100 730 2156 enarrandas
752 2098 1259 2153 accommodarunt.
1317 2095 1430 2168 Cir.
1469 2098 1655 2168 Cyrilli
1695 2100 1862 2153 altera
1886 2102 1954 2154 ad

391 2171 551 2226 Suec.
589 2171 768 2239 epist.,
802 2168 1040 2239 ορμιν,
1068 2169 1125 2230 ‘2,
1166 2170 1288 2222 M3.
1325 2167 1654 2239 lluicgatline
1681 2178 1762 2222 est
1797 2171 1952 2239 illud,

389 2240 560 2309 quod,
596 2237 688 2307 qui
743 2239 874 2292 huic
921 2238 1263 2292 similitudini
1318 2237 1520 2309 aliquid
1573 2242 1831 2294 momenti
1891 2237 1954 2295 ac

389 2308 652 2380 ponderis
702 2309 1332 2380 inessearbitrarentur,
1396 2308 1479 2360 usi
1514 2320 1644 2364 Sunt
1694 2309 1951 2372 formula,

389 2378 519 2448 qua,
550 2395 660 2448 quo
691 2387 852 2448 pacto
887 2378 1124 2431 humana
1153 2379 1521 2447 naturajuxta
1556 2381 1795 2435 divinam
1833 2397 1954 2437 esse

389 2453 683 2518 potuisset,
732 2449 1009 2520 explicare
1039 2452 1159 2504 sese
1189 2465 1349 2520 posse
1411 2451 1793 2520 opinarentur,
1853 2453 1953 2505 hac

391 2520 680 2581 nimirum,
703 2534 826 2587 quae
869 2518 1067 2572 ibidem
1093 2519 1233 2587 apud
1260 2518 1605 2575 Gennallium
1639 2530 1724 2575 est
1754 2531 1857 2574 art.
1893 2523 1948 2583 7,

387 2592 490 2653 τὴν
526 2587 1173 2660 ἀνθρωπείανᾼςρύσινῗὲν
1215 2591 1365 2660 αὐτῷ
1413 2591 1490 2660 τῷ
1538 2591 1952 2660 προσληφθῆναι

392 2657 681 2729 συστῆναι.
712 2662 863 2730 quod
886 2657 1025 2712 ident
1065 2659 1230 2730 plane
1267 2657 1348 2714 est
1380 2657 1523 2730 quod
1568 2657 1633 2714 ex
1680 2657 1954 2730 veteribus

387 2728 760 2802 Alexandrina
811 2728 1161 2802 philosophia
1198 2728 1446 2802 imbutis
1504 2731 1642 2784 dixit
1674 2729 1950 2802 Hippolyt.

387 2812 566 2855 contr.
590 2799 769 2872 Nget.,
799 2800 885 2872 15.
909 2800 968 2852 ὲν
994 2797 1257 2872 λόγῳ-’ξῆν
1286 2801 1546 2854 σύστασιν
1585 2802 1695 2870 ἔχει
1793 2797 1950 2872 sese,

388 2869 609 2940 etquod
637 2869 1016 2940 Bellarminus,
1038 2869 1222 2940 multis
1243 2871 1544 2940 interiectis
1578 2869 1794 2927 Saeculis
1821 2869 1950 2926 con-

388 2938 590 3002 tendit,
616 2940 690 2994 De
723 2939 954 3004 Christo,
1003 2953 1084 3001 ιιι,
1120 2938 1183 2992 17
1212 2955 1224 2992 :
1259 2938 1490 2996 Verbum
1517 2950 1796 2994 sustentat
1851 2943 1953 2997 htt-

392 3015 735 3065 manitatem.
774 3008 1020 3062 Humana
1055 3017 1250 3063 natura
1273 3025 1338 3064 eo
1370 3012 1675 3079 ipso,quod
1717 3014 1951 3067 adivina

387 3090 672 3148 assumpta
703 3090 806 3141 est,
839 3080 1094 3141 substitit,
1149 3081 1469 3135 subsisteudi
1508 3081 1736 3148 facultas
1768 3083 1954 3138 Imma-

389 3154 550 3206 nitnti
582 3168 610 3203 a
635 3150 814 3204 divina
851 3148 1023 3203 altera
1053 3166 1292 3218 persona:
1326 3163 1478 3219 parte
1508 3154 1678 3205 indita
1709 3163 1807 3209 est.
1876 3155 1954 3211 Ne

388 3237 520 3277 vero
544 3220 746 3276 Christi
778 3220 1035 3276 divinitas
1062 3222 1311 3276 humana;
1339 3233 1542 3288 natura:
1593 3223 1813 3277 astricta
1835 3240 1955 3279 arc-

388 3295 556 3356 tiore,
587 3306 764 3360 quam
785 3306 881 3359 par
908 3302 1046 3349 erat.
1078 3292 1198 3344 loco
1222 3293 1606 3348 circumscribi
1653 3294 1930 3349 videretur

385 3349 687 3432 vindicajit
721 3349 933 3432 cii-(col.
964 3361 1222 3432 5l3)‘Dei
1262 3363 1541 3428 virtutem,
1578 3380 1686 3432 qua
1718 3349 1952 3432 veteres:

389 3432 561 3486 veluti
585 3430 832 3500 Theoph.
860 3431 929 3504 nd
961 3431 1142 3504 Autol.
1173 3430 1237 3497 ll,
1278 3433 1311 3487 '5
1341 3449 1356 3499 ;
1406 3433 1555 3504 Orig,
1584 3430 1648 3488 de
1675 3436 1841 3502 princ.
1889 3430 1951 3502 ll,

391 3505 480 3566 l3,
511 3505 678 3556 Deum
735 3502 942 3555 mundo
1003 3503 1164 3570 longe
1212 3502 1571 3570 superiorem,
1628 3507 1675 3558 ei
1733 3509 1955 3564 minime

387 3575 549 3642 quasi
577 3573 918 3642 implicatum
935 3587 1076 3634 esse,
1106 3587 1442 3628 conarentur
1465 3585 1774 3629 monstrare
1799 3578 1954 3641 ;dico

389 3639 468 3704 ιιι,
497 3639 820 3718 quod—apud
869 3641 1154 3718 Origene")
1207 3647 1410 3718 passim
1441 3656 1524 3718 est
1593 3639 1950 3718 τὸηᾶπειρον,

387 3713 828 3784 ἀπερίγρσπτον,
860 3713 1251 3784 ᾁπεριληπτον.
1284 3713 1430 3768 Dixit
1455 3714 1773 3770 Gennadius
1801 3713 1955 3784 pior-

387 3783 583 3838 sus’ex
621 3793 800 3837 mente
841 3783 1063 3853 illorum
1126 3784 1574 3853 philosophorum
1618 3795 1724 3838 art.
1794 3783 1949 3844 Vill:

397 3854 686 3926 ξονΛόγος
742 3853 865 3926 1054
894 3851 1032 3904 Θεοῦ
1090 3856 1236 3904 ἐστιν
1280 3851 1528 3926 ἄπειρος,
1592 3855 1780 3926 ὥσπερ
1862 3860 1952 3911 καὶ

387 3925 526 3987 Θεὸς
605 3929 786 3994 tot:th
835 3923 1085 3990 ἄπειρος,
1149 3923 1508 3994 contendens,
1572 3923 1952 3994 ltunc'Adyov

388 4004 448 4050 et
525 3999 578 4048 itt
662 3993 883 4049 Christo
953 3991 1218 4061 (homine)
1274 4009 1416 4057 esse,
1497 4007 1551 4050 et
1644 3999 1696 4049 in
1752 3991 1953 4053 mundo

387 4073 448 4120 et
506 4066 560 4118 in
615 4065 783 4136 rcmlo
833 4074 887 4117 et
949 4064 1004 4116 in
1049 4061 1159 4116 Deo
1199 4066 1359 4136 Patre
1409 4082 1423 4129 ;
1477 4067 1678 4135 quippe
1733 4070 1825 4136 qui
1885 4083 1950 4124 ex

391 4135 710 4207 earumdem
734 4134 948 4187 illorum
979 4133 1250 4188 sententia
1276 4133 1554 4205 nunquam
1577 4133 1589 4135 “
1609 4133 1731 4192 esse
1750 4133 1766 4136 “
1785 4148 1954 4207 posst

390 4207 608 4272 ἄλογος.
638 4205 823 4258 Dicere
845 4211 1025 4258 autem
1060 4219 1226 4277 ausus
1254 4214 1353 4268 est,
1388 4208 1561 4277 Λόγον
1589 4208 1640 4260 in
1682 4205 1794 4263 Deo
1833 4209 1953 4277 ipso

391 4291 515 4331 esse
546 4286 598 4327 et
626 4285 805 4328 tanien
842 4291 938 4344 per
975 4289 1033 4328 se
1075 4275 1485 4329 subsistentem.
1529 4276 1770 4332 Priscam
1808 4275 1952 4333 enim

389 4345 722 4416 sententiam
753 4357 876 4416 ante
899 4346 1008 4414 jam
1028 4346 1158 4416 (col:
1184 4344 1309 4416 542)
1328 4346 1608 4415 professos
1633 4347 1731 4400 fuit
1751 4359 1956 4416 :quod-

391 4415 794 4489 cunquesitin
817 4414 927 4471 Deo
961 4424 1100 4469 etex
1132 4414 1262 4478 Deo,
1386 4432 1483 4489 sua
1516 4427 1712 4471 natura
1747 4414 1952 4489 (Crusii

391 4501 591 4540 rursus
615 4487 904 4556 lectionem
935 4495 1159 4540 secutus
1191 4487 1338 4555 sum)
1380 4486 1550 4540 Deum
1595 4486 1772 4556 ipsum
1807 4505 1948 4554 esse,

394 4572 504 4610 non
555 4557 629 4608 ita
659 4553 856 4610 divina:
917 4565 1126 4610 natura:
1161 4553 1325 4625 quasi
1365 4553 1692 4622 involutum,
1731 4565 1790 4612 ιιι
1844 4553 1950 4614 non

391 4630 512 4681 suis
570 4626 776 4682 viribus
828 4628 1093 4690 exsistat;
1135 4628 1190 4680 in
1237 4630 1346 4682 Deo
1370 4628 1515 4680 enim
1576 4629 1780 4681 nultum
1837 4645 1957 4684 esse

393 4697 766 4766 συμσεϐηκός,
822 4698 964 4752 unde
1001 4699 1174 4765 Λόγον
1225 4713 1334 4751 ιιοη
1383 4699 1562 4752 solum
1617 4708 1810 4752 natura
1869 4701 1954 4754 sui

392 4776 726 4837 compotem,
757 4769 852 4824 sed
910 4770 1071 4821 etiam
1133 4767 1298 4820 Deum
1357 4783 1495 4822 esse.
1541 4767 1657 4820 Dixi
1717 4771 1954 4837 priscam

395 4839 540 4891 hanc
577 4853 700 4892 esse
729 4842 1254 4908 argumentationem
1293 4846 1346 4891 et
1415 4839 1777 4906 philosophiae
1811 4857 1954 4908 spe-

392 4911 536 4980 ciem
570 4922 679 4976 prae
706 4925 762 4964 se
789 4907 971 4980 terre.
996 4907 1192 4980 Iisdem
1237 4911 1380 4962 enim
1433 4909 1738 4980 rationibus
1779 4907 1954 4980 rGr'eg.

392 4975 533 5030 Νη.
561 4975 704 5032 orat.
753 4994 884 5033 XXXI
944 4979 1228 5032 declarare
1257 4988 1496 5034 conatus
1531 4986 1635 5040 est,
1696 4975 1955 5048 Spiritum

394 5051 755 5118 esse‘oz'aaiav,
791 5063 896 5102 non
936 5048 1306 5118 συμὸεϐηκὸς.
1340 5049 1600 5117 deinceps
1623 5050 1786 5102 Deum
1815 5064 1956 5102 esse.

394 5147 467 5160 —-
496 5115 680 5188 Viguit
713 5115 1019 5188 antiquitus
1044 5127 1110 5172 de
1147 5115 1506 5187 iuSpiratioue
1538 5115 1647 5172 etsi
1709 5134 1818 5174 non
1868 5133 1961 5172 ac-

397 5200 646 5243 curatius
677 5191 904 5246 detinita
935 5195 1049 5243 haec
1079 5198 1225 5243 certe
1273 5191 1481 5257 opinio,
1536 5203 1668 5250 non,
1723 5199 1780 5242 ut
1815 5190 1962 5243 vide-

402 5271 510 5324 tur,
549 5263 686 5328 apud
720 5275 932 5325 omnes,
970 5259 1065 5314 sed
1092 5260 1234 5328 apud
1272 5261 1600 5313 eruditiores
1657 5273 1721 5312 ac
1754 5259 1960 5312 libera-

399 5333 602 5384 ltoies:
638 5335 810 5386 tuisse
864 5346 972 5384 non
1023 5344 1215 5384 omnes
1243 5344 1429 5385 sacros
1479 5337 1734 5383 auctores
1768 5330 1958 5382 eodem

398 5403 586 5453 divino
611 5401 792 5455 amato
825 5400 1100 5470 dignatas,
1136 5402 1274 5455 alios
1305 5402 1489 5469 petitis
1505 5400 1628 5453 aliis
1647 5401 1961 5466 superiores

400 5479 483 5524 vet
509 5475 742 5541 largiore
772 5477 853 5526 Vel
895 5476 1098 5526 diutius
1139 5473 1372 5525 durante
1407 5471 1757 5526 revelationis
1807 5471 1963 5524 bene-

475 5631 1200 5702 (l)Baumgarten-Crusius,
1222 5631 1399 5686 Tlteol.
1426 5631 1576 5698 bibl.,
1612 5647 1666 5702 p.
1690 5629 1792 5700 55;
1824 5629 1966 5686 llist.

397 5703 610 5772 Πυθίη..
653 5705 716 5766 ΙΙ,
745 5720 799 5773 p,
828 5705 952 5767 982,
991 5721 1040 5758 n.
1078 5707 1130 5757 Ξ.

469 5790 545 5841 t2)
570 5775 797 5840 Justtn.,
830 5775 968 5827 Dmt.
1009 5792 1051 5828 c.
1091 5774 1308 5844 'I'iyph.,
1347 5775 1434 5830 80.

2057 543 2279 589 norem.
2315 531 2372 586 Id
2409 531 2554 587 enim
2589 548 2693 587 non
2727 549 2791 588 ex
2826 536 3121 593 collatione
3164 553 3297 594 mss.
3357 537 3632 608 codicum,

2070 695 2209 749 ficio.
2240 695 2528 767 Hocrcerte
2549 697 2809 767 Origenes
2855 696 3053 764 smpius
3089 696 3270 750 fassus
3294 705 3412 763 est;
3461 700 3629 754 diser-

2061 767 2132 838 tis
2155 766 2333 838 verbis
2365 766 2416 818 in
2451 763 2722 820 homilﬁin
2753 763 2977 818 Numer.
3019 782 3130 819 xw.
3167 767 3200 820 8
3231 784 3243 818 :
3279 770 3630 838 Aliquaqui-

2061 836 2182 889 dem
2225 835 2482 890 Dominus
2517 838 2734 891 locutus
2788 845 2892 892 est.
2930 845 2984 888 ct
3045 851 3152 890 non
3193 835 3493 905 prophetat;
3525 835 3629 899 alia

2062 921 2191 957 vero
2221 907 2483 973 propheta:
2510 915 2564 959 et
2617 923 2723 960 non
2771 905 3046 960 Dominus.
3088 906 3208 960 Pari
3245 913 3406 963 modo
3461 917 3627 970 etiam

2060 975 2376 1030 Gennadius
2415 979 2553 1030 hanc
2609 977 2708 1031 sibi
2746 976 3287 1048 tinxitsententiam,
3341 984 3630 1048 propheta-

2062 1062 2201 1105 rum,
2237 1063 2341 1113 qua
2395 1049 2475 1102 usi
2533 1056 2736 1109 essent,
2793 1046 3205 1114 inspirationem
3245 1057 3296 1102 et
3344 1046 3629 1109 exiliorem

2060 1115 2229 1188 fuisse
2252 1127 2302 1169 et
2335 1119 2718 1184 interruptam.
2759 1116 2870 1188 Hoc
2910 1123 3074 1188 certe
3125 1117 3292 1172 latere
3357 1130 3486 1188 puto
3522 1125 3629 1179 illis

2060 1187 2262 1248 verbis,
2284 1203 2403 1254 quae
2430 1198 2558 1240 sunt
2589 1188 2718 1256 (col.
2742 1187 2844 1241 546
2865 1186 2929 1252 Α)
2956 1204 2969 1240 :
2992 1187 3084 1240 Dei
3119 1186 3492 1245 benevolentia
3519 1211 3630 1246 ma-

2059 1261 2140 1322 gis
2164 1261 2390 1310 adaucta
2423 1267 2503 1310 est
2527 1275 2589 1312 ex
2616 1274 2700 1318 eo,
2718 1259 2860 1321 quod
2886 1258 2999 1326 ipso
3027 1256 3167 1312 Deus
3192 1264 3275 1326 (ex
3299 1259 3476 1315 Crusii
3497 1265 3626 1320 edit.

2063 1329 2178 1395 Ipse
2216 1327 2382 1395 Lagus
2410 1330 2616 1382 divinus
2634 1337 2682 1382 et
2732 1327 2893 1393 Deus)
2930 1344 3054 1380 cum
3089 1329 3240 1382 omni
3280 1346 3378 1384 sua
3425 1333 3631 1388 virtute

2058 1402 2110 1454 in
2145 1399 2331 1453 Jesum
2354 1400 2618 1466 pervenit,
2666 1409 2826 1467 quam
2864 1398 3009 1464 quod
3067 1399 3313 1467 ἔπεμπεν
3369 1405 3448 1464 εἰς
3500 1405 3630 1467 τοὺς

2059 1472 2347 1536 προφήτας
2389 1470 2554 1522 αὑτοῦ
2611 1470 2740 1536 μίαν
2770 1468 2977 1538 χάρινῆ
3039 1468 3166 1526 δύο.
3205 1472 3300 1522 καὶ
3349 1473 3430 1535 εἰς
3469 1474 3630 1527 ἄλλον

2058 1542 2158 1608 μὲν
2191 1541 2480 1606 προφήτην
2518 1541 2797 1600 ἐλάττονα,
2833 1539 2912 1598 εἰς
2943 1538 3101 1591 ἄυλον
3145 1539 3200 1592 δὲ
3235 1540 3479 1607 μείζονα.
3509 1542 3626 1598 Non

2058 1611 2222 1678 igitur
2255 1611 2434 1680 omnis
2465 1610 2852 1677 prophetarum
2894 1607 3185 1680 multitudo
3235 1611 3424 1680 eadem
3460 1613 3629 1680 inspi-

2056 1677 2270 1733 ratione
2298 1679 2479 1742 adjuta
2521 1690 2625 1738 est.
2666 1680 2862 1732 nedum
2904 1679 3014 1737 illa,
3076 1694 3198 1747 quae
3237 1679 3288 1731 in
3339 1677 3468 1736 Jesu
3501 1677 3624 1748 fuit,

2055 1757 2344 1818 postquam
2382 1749 2528 1804 Detts
2551 1752 2664 1819 ipse
2700 1750 2926 1818 ejusque
2957 1748 3130 1813 Λόγος
3179 1751 3227 1804 ei
3263 1750 3625 1818 inhabitavit;

2056 1820 2148 1874 sed
2181 1819 2344 1873 modo
2367 1821 2593 1890 majore,
2629 1823 2792 1874 modo
2818 1822 3051 1881 minore,
3077 1819 3263 1890 utique
3312 1837 3409 1890 pro
3438 1839 3625 1876 eorum

2057 1890 2343 1955 dignitate.
2372 1889 2482 1946 Nec
2505 1891 2581 1943 eis
2616 1891 2776 1944 infuit
2805 1890 3000 1953 Λόγος,
3035 1889 3127 1942 sed
3158 1889 3340 1958 χάριέ,
3396 1893 3445 1945 id
3479 1895 3625 1960 quod

2055 1961 2216 2014 etiam
2279 1960 2345 2012 de
2403 1970 2730 2014 cunctorum
2797 1960 3129 2021 scriptorum
3215 1973 3409 2014 natura
3487 1965 3630 2018 dixit

2056 2038 2166 2086 art.
2191 2029 2525 2095 lin—A670;
2559 2046 2688 2085 vero
2715 2045 2813 2083 cur
2844 2044 2965 2083 cum
2998 2030 3219 2100 homine
3238 2029 3365 2083 Jesu
3408 2036 3631 2100 COpuIa.

2057 2109 2211 2153 retur
2268 2102 2592 2166 oportuerit,
2635 2100 2770 2154 bene
2829 2099 3078 2165 exposuit
3133 2097 3451 2156 Gennadius
3477 2097 3624 2170 ’(ιοΙ.

2058 2171 2208 2238 539),
2248 2186 2345 2224 nec
2402 2171 2589 2224 hocin
2627 2171 2743 2223 loco
2795 2185 2821 2222 a
2876 2171 3176 2239 priscorum
3236 2173 3628 2239 philosophan-

2057 2243 2192 2297 tium
2222 2241 2597 2304 th’eologmum
2629 2243 2918 2294 alienatus.
2951 2238 3124 2293 Totus
3172 2242 3316 2294 enim
3354 2238 3624 2297 terrarum

2055 2311 2207 2365 orbis
2243 2310 2554 2364 divinarum
2595 2313 2765 2379 legum
2796 2309 2998 2363 oblitus
3030 2320 3225 2379 praeter
3249 2310 3466 2365 Iudaeos
3491 2317 3627 2366 mul-

2058 2390 2238 2455 torum
2265 2381 2515 2455 deorum,
2549 2387 2638 2447 qtti
2669 2381 2954 2455 Anonhvcri
3002 2390 3194 2455 essent
3217 2381 3312 2455 glt
3359 2383 3493 2455 (Θεσὶ
3554 2385 3628 2455 μὴ

2056 2453 2208 2522 duret;
2256 2450 2455 2520 (ibid.),
2512 2451 2680 2505 cultui
2723 2451 2978 2506 addictus
3041 2449 3160 2522 fuit.
3193 2449 3402 2522 rVoluit
3460 2449 3629 2522 igitur

2060 2521 2203 2592 Deus
2242 2522 2550 2592 ἀνάπλασιν
2581 2522 2689 2574 τῶν
2739 2522 3044 2592 ἀνθρώπων
3088 2521 3202 2574 fieri
3245 2537 3340 2587 per
3387 2521 3624 2578 Verbum

2055 2599 2110 2645 et
2132 2590 2425 2661 Spiritum,
2469 2601 2522 2646 ct
2555 2592 2624 2645 ob
2658 2592 2797 2646 hanc
2849 2590 3201 2660 potissimum
3238 2608 3426 2645 novam
3475 2611 3628 2648 τνρα-

2058 2664 2252 2714 tionem
2292 2692 2363 2700 —
2389 2678 2510 2731 qum
2545 2677 2736 2715 rursus
2780 2677 2845 2716 ex
2897 2662 3302 2716 Platonicorum
3359 2668 3626 2718 sententia

2055 2732 2196 2785 dicta
2226 2741 2311 2785 est
2341 2762 2401 2772 —
2427 2734 2685 2786 divinitas
2725 2735 2964 2800 suscepit
3005 2732 3295 2786 humanam
3352 2741 3624 2789 naturam.

2058 2799 2148 2856 Sic
2179 2802 2396 2869 quidem
2439 2805 2648 2869 paravit
2698 2803 2839 2856 Deus
2892 2799 2968 2857 'ob
2998 2802 3167 2857 solam
3203 2819 3357 2855 suam
3414 2806 3630 2858 miseri-

2056 2873 2299 2926 cordiam
2343 2882 2663 2926 convertere
2703 2873 2948 2928 hoiuines
2973 2883 3026 2926 et
3106 2873 3338 2926 liberare
3371 2874 3477 2924 ἀπὸ
3531 2876 3629 2942 τῆς

2056 2942 2265 3013 πλάνης
2298 2944 2406 2996 τῶν
2434 2943 2727 3011 δαιμόνων.
2767 2942 2939 3007 Quam
2987 2949 3154 2993 totam
3183 2944 3496 3013 opinionem
3563 2960 3625 2996 ex

2055 3009 2458 3066 Platonicorum
2488 3009 2711 3080 scriptis
2745 3021 3024 3064 mutuatus
3055 3019 3160 3064 est.
3208 3009 3270 3062 Hi
3300 3011 3448 3080 enim
3495 3013 3627 3065 deos

2058 3083 2354 3136 alienarum
2386 3079 2627 3151 gentium
2680 3086 2894 3136 deorum
2948 3081 3168 3133 nomine
3219 3079 3473 3147 indignos
3534 3083 3628 3135 Ita-

2064 3153 2326 3217 buerunt,
2366 3153 2459 3206 sed
2487 3155 2762 3205 daemones
2812 3152 3102 3215 vocabant,
3143 3165 3374 3219 quorum
3436 3155 3627 3205 lraude

2061 3221 2264 3275 factum
2299 3223 2390 3284 sit,
2425 3231 2480 3275 ut
2529 3237 2670 3275 unus
2713 3221 2852 3276 Deus
2883 3221 3266 3291 negligerctur,
3309 3221 3469 3290 inque
3501 3239 3625 3276 cum

2059 3291 2230 3347 oﬂicia
2257 3293 2614 3351 violarentur,
2649 3300 2707 3344 ut
2733 3292 2956 3346 deorum
2994 3292 3211 3344 nomina
3269 3292 3484 3344 inventa
3542 3309 3629 3345 es-

2059 3373 2182 3416 sent
2212 3363 2540 3430 fabulaeque,
2593 3377 2826 3430 quarum
2866 3363 3136 3415 suavitate
3202 3364 3382 3414 omnis
3424 3365 3628 3417 veritas

2060 3433 2274 3486 sublata
2317 3445 2482 3497 esset,
2533 3432 2852 3500 excogitatae
2895 3445 3062 3501 atque
3107 3433 3159 3484 in
3209 3432 3404 3500 vulgus
3461 3435 3627 3486 dissi-

2060 3514 2195 3571 patae
2220 3503 2319 3571 (1).
2353 3503 2506 3568 Quod
2541 3504 2843 3572 animarum
2877 3514 2999 3572 post
3045 3511 3272 3554 tnortem
3308 3510 3508 3554 statum
3545 3513 3628 3555 at-

2059 3575 2213 3635 tinet,
2245 3590 2308 3626 ex
2342 3576 2534 3644 priscae
2567 3571 2825 3626 Ecclesiae
2850 3571 3252 3627 censuetudine
3279 3572 3492 3644 illarum
3523 3575 3626 3624 im-

2059 3643 2440 3696 mortalitatem
2483 3658 2607 3697 cum
2656 3657 2944 3710 corporum
3001 3643 3422 3696 resuscitatioue
3477 3656 3627 3696 arcte

2058 3715 2388 3780 composuit,
2414 3727 2638 3780 corpora
2675 3724 2988 3767 sanctorum
3020 3713 3320 3766 secundum
3375 3712 3620 3765 Platoni-

2056 3799 2150 3837 cas
2187 3785 2447 3838 formulas
2471 3782 2743 3851 ἄφθαρτα,
2775 3784 3029 3851 φωτεινὰ,
3057 3783 3267 3852 ἐλαφρὰ
3296 3781 3480 3835 futura
3506 3799 3628 3838 esse

2059 3863 2209 3907 ratus
2236 3855 2364 3925 (col.
2397 3855 2542 3923 546).
2581 3853 2718 3918 Quid
2747 3853 2960 3906 interim
2998 3870 3169 3922 usque
3199 3855 3264 3906 ad
3323 3852 3468 3925 illam
3507 3869 3628 3907 cor-

2057 3940 2248 3994 porum
2285 3925 2876 3994 restituti0tienragant
2899 3939 2962 3976 ac
2993 3927 3234 3978 sentiant
3267 3924 3483 3994 animae,
3519 3941 3625 3977 non

2057 3965 2190 4048 satis
2216 3995 2383 4060 liquet
2409 4009 2470 4046 ex
2496 4002 2599 4046 art.
2641 3992 2730 4046 12.
2749 3965 2817 4045 TW
2856 4009 2985 4047 vero
3019 3995 3238 4060 egregie
3263 3993 3440 4053 fallor,
3469 3965 3627 4061 ’μνω-

2057 4065 2238 4134 parari
2264 4079 2358 4134 eas
2395 4066 2604 4131 putavit
2630 4069 2696 4116 ad
2731 4066 2948 4130 plenam
2997 4063 3378 4134 beatitudinis,
3405 4077 3630 4134 percep-

2059 4129 2286 4188 tionem.
2323 4129 2469 4186 Dixit
2525 4134 2690 4198 enim,
2733 4129 2870 4186 tales
2922 4133 3131 4187 animas
3186 4129 3520 4183 τελειοῦσθαι
3547 4136 3626 4193 εἰς

2054 4204 2155 4274 τὴν
2188 4202 2418 4274 γνῶσιν,
2450 4217 2555 4272 qua
2585 4218 2754 4272 usque
2781 4203 2847 4256 ad
2875 4217 3102 4270 corpora
3126 4201 3332 4274 reddita
3382 4202 3627 4274 adauctu:

2057 4271 2314 4330 videbunt
2379 4271 2476 4326 Dei
2531 4271 2751 4338 arcana,
2786 4288 2907 4342 quae
2956 4287 3098 4324 nunc
3133 4272 3353 4342 quidem
3390 4271 3500 4334 jam
3532 4288 3626 4323 co-

2058 4354 2346 4415 guoscunt,
2403 4344 2497 4397 sed
2559 4354 2768 4396 tatttum
2803 4340 2921 4411 _per
2951 4340 3159 4415 itidem.
3208 4340 3426 4415 lli-tellit
3464 4343 3629 4410 igitur

2061 4410 2274 4471 illorum
2321 4415 2671 4477 sententiam,
2723 4410 2838 4482 qui
2874 4414 3178 4465 animarum
3232 4410 3311 4464 \el
3353 4414 3626 4479 justorum

2061 4485 2430 4542 conditionem
2457 4499 2578 4538 esse
2608 4486 2658 4535 in
2680 4499 2898 4544 sensus,
2926 4485 3121 4535 virium
3179 4491 3233 4535 et
3279 4483 3629 4534 conscientia:

2060 4553 2302 4611 carentia
2327 4561 2725 4620 opinarentur;
2771 4554 3079 4607 rectissime
3121 4561 3325 4605 etcum
3387 4561 3627 4604 veterum

2059 4624 2281 4696 optimis
2304 4634 2356 4678 et
2382 4624 2904 4696 sagacissimisiviris
2945 4624 3018 4691 (2)
3053 4623 3187 4696 jam
3217 4624 3309 4674 illo
3367 4631 3545 4689 tempo
3567 4639 3629 4682 'e,

2062 4694 2204 4751 inter
2238 4707 2464 4748 mortem
2494 4706 2543 4747 et
2565 4695 3037 4748 resuscitationeut
3073 4694 3274 4761 posito,
3305 4708 3421 4745 esse
3451 4709 3631 4743 remn-

2063 4764 2363 4820 neratiouis
2391 4765 2605 4817 initium
2628 4773 2876 4817 statuens
2901 4763 3000 4832 ιδ).
3030 4792 3100 4801 —
3151 4767 3364 4816 Addere
3393 4763 3629 4828 denique

2061 4848 2232 4906 pauca
2260 4835 2407 4906 lubet
2439 4834 2880 4906 deargumentis
2906 4849 3002 4902 pro
3034 4835 3110 4887 rei
3151 4835 3477 4906 Christiana:
3530 4848 3630 4881 ve-

2062 4904 2222 4960 ritate
2245 4919 2273 4956 a
2302 4904 2584 4958 Gennadio
2604 4905 2850 4970 prolatis.
2877 4907 2954 4956 A'c
2985 4907 3159 4966 primo
3195 4909 3314 4956 loco
3345 4905 3494 4969 punit
3543 4917 3635 4952 vu-

2061 4975 2243 5029 ticinia
2275 4975 2400 5042 (col.
2433 4973 2582 5042 5H).
2611 4989 2772 5041 quam
2803 4976 2927 5026 item
2957 4971 3227 5038 Justinus,
3261 4972 3415 5041 Apol.
3450 4986 3508 5034 ti,
3542 4972 3634 5032 5t),

2064 5048 2330 5114 μεγίστην
2360 5048 2450 5096 καὶ
2493 5045 2868 5112 ἁληθεσεά.ην
2902 5043 3179 5107 ἀπόδειξιν
3236 5059 3358 5097 eSse
3392 5057 3632 5093 Censuit.

2064 5114 2402 5169 Vattcunatos
2430 5128 2553 5168 esse
2586 5114 2904 5182 prepltetas,
2941 5129 3280 5183 quaecunque
3316 5118 3544 5164 tecermt
3581 5120 3634 5160 et

2060 5186 2319 5242 Christus
2355 5195 2406 5238 et
2457 5184 2712 5251 apostoli,
2764 5200 2926 5250 quem
2977 5193 3291 5236 accuratum
3321 5183 3632 5251 uaticinio-

2063 5273 2182 5310 rutn
2230 5258 2283 5308 in
2324 5249 2546 5308 Christo
2599 5249 2848 5307 eventum
2899 5255 3128 5307 miratus
3168 5257 3276 5320 jam
3307 5250 3411 5304 fuit
3461 5249 3586 5315 (big
3620 5285 3636 5311 ,

2067 5327 2142 5380 De
2195 5327 2365 5394 princ.
2393 5340 2452 5389 tt,
2481 5323 2516 5376 2
2539 5339 2658 5393 sqq.
2684 5341 2697 5388 ;
2726 5325 2778 5376 in
2817 5323 3014 5377 Joauu.
3069 5335 3217 5394 tum.
3255 5320 3321 5383 Il,
3366 5321 3474 5385 28;
3501 5336 3637 5394 tota

2070 5393 2233 5451 etiam
2301 5399 2523 5448 oracula
2593 5396 2906 5448 Graecorum
2970 5393 3318 5459 συγχωρήσει
3384 5393 3518 5440 vso-5
3571 5395 3639 5440 de

2071 5468 2292 5522 ChriSto
2319 5472 2456 5520 tacta
2492 5467 2695 5529 fuisse;
2733 5464 2788 5517 id
2819 5463 2964 5531 quod
2994 5479 3103 5514 non
3140 5465 3367 5513 ιιιιιιιιιιιι
3397 5473 3551 5514 aui-st
3607 5476 3637 5512 ιι

2149 5630 2223 5699 (ὅ)
2249 5628 2505 5683 Eamdem
2549 5627 2662 5680 fere
2682 5623 3010 5699 sententiam
3070 5621 3300 5699 legimus
3336 5623 3520 5699 multis
3549 5638 3637 5674 ar-

2076 5695 2349 5824 guTcttlis
2377 5700 2674 5754 stabilitam
2714 5697 2765 5748 iu
2796 5695 2941 5749 libro
2973 5709 3074 5763 pro
3110 5698 3310 5748 CUIIL‘ii.
3371 5698 3644 5758 Hot'cttt.,

2074 5787 2123 5823 c.
2198 5811 2210 5824 .
