3982 6208
296 512 297 517 η
397 441 586 498 Oratio
607 439 673 496 ad
707 440 1097 509 imperatorem
1128 431 1334 501 scripta
1364 429 1433 483 l2
1454 426 1606 482 Maii.

300 527 308 535 ’
403 533 562 589 Varia
589 533 794 595 scripta
860 527 929 582 ad
994 525 1253 596 Magnum
1305 522 1533 576 Ducem.
1600 516 1899 572 Duodecim

263 627 297 700 7;
328 626 566 698 capitula
602 624 668 679 ad
698 624 1109 692 imperatorem,
1140 617 1308 671 missa
1340 629 1435 685 per
1466 610 1759 682 lgnatium.
1783 609 1904 665 Alia

264 764 272 787 ,
329 721 394 774 ad
433 716 743 787 Agim-citas
794 714 912 768 sive
955 712 1260 765 monachos
1293 706 1503 761 montis
1532 702 1699 768 Atlio,
1738 701 1904 755 missa

262 784 272 803 ’
330 784 624 879 antequam
650 803 955 861 cardinalis
986 800 1203 856 Russiae
1242 794 1769 865 Constantinopolin
1806 793 1905 846 ad-

332 906 563 968 veniret,
603 915 699 970 per
725 895 1091 951 Athanasium
1119 902 1174 947 et
1230 892 1517 946 Simonem
1571 887 1906 957 monaeltos.

334 994 464 1048 llarc
495 992 717 1045 diversa
750 987 957 1056 scripta
992 984 1109 1055 ipse
1136 982 1455 1038 Gennadius
1487 986 1906 1035 commemorat.

322 1072 325 1073 ν
416 1080 658 1146 Epistola
679 1081 747 1134 ad
777 1093 954 1132 omnes
982 1075 1191 1146 ﬁdeles,
1216 1075 1326 1137 τοῖς
1358 1070 1676 1139 ἁπανταχοῦ
1695 1069 1911 1132 πιστοῖς

337 1176 393 1232 ἐν
432 1173 653 1243 Χριστῷ
698 1168 899 1239 Ἰησοῦ.
928 1166 1119 1222 ExStat
1151 1166 1203 1219 in
1242 1164 1368 1219 cod.
1399 1164 1534 1233 Reg.
1566 1160 1730 1215 2955.

413 1266 537 1320 Alia
578 1265 742 1319 missa
771 1263 840 1316 ad
869 1276 1115 1331 magnum
1149 1257 1548 1331 ecclesiarcham
1584 1253 1909 1324 Syloestrum

335 1356 674 1429 Syropulum,
698 1369 946 1424 magnum
978 1334 1439 1420 clrartophylacem
1476 1345 1838 1415 Agallianum,
1864 1352 1913 1398 et

336 1456 473 1506 alios
504 1434 757 1521 quosdam
784 1444 1195 1511 ecclesiasticos,
1259 1458 1379 1495 cum
1409 1438 1679 1494 celebrata
1710 1446 1787 1490 est
1822 1434 1915 1488 Li-

343 1544 523 1613 turgia
553 1547 812 1609 prcesente
841 1535 1132 1602 cardinali,
1193 1546 1475 1604 postquam
1539 1530 1719 1584 omnia
1772 1528 1915 1581 circa

337 1636 642 1706 religionem
667 1618 888 1685 dissidia
913 1646 1004 1698 per
1033 1626 1270 1682 eumdem
1300 1624 1620 1679 cardinalem
1643 1621 1915 1676 Isidorum

339 1729 633 1799 composita
667 1732 811 1779 sunt.
872 1722 1093 1777 Initium
1124 1728 1231 1783 est,
1266 1718 1450 1786 Ἀγιοι
1500 1714 1761 1786 Πατέρες,
1807 1715 1916 1784 ἐγὼ

340 1821 534 1892 ἤθελον
566 1818 768 1872 ἐλθεῖν.
801 1815 991 1870 Exstat
1019 1813 1073 1867 in
1110 1812 1304 1867 eodem
1337 1809 1463 1865 cod.

413 1911 699 1969 Gennadio
722 1909 921 1973 cidem,
948 1906 1042 1977 qui
1075 1914 1131 1959 et
1186 1903 1456 1973 Georgius
1480 1899 1808 1956 Scholarius
1859 1898 1916 1953 in

343 2006 534 2060 iisdem
568 2001 741 2055 titulis
772 1998 1104 2069 appellatur,
1157 1995 1295 2049 varii
1354 1994 1621 2048 adversus
1690 1991 1917 2048 Latinos

343 2102 609 2151 tractatus
634 2093 799 2147 tribui
842 2090 1042 2145 solent.
1097 2089 1210 2142 llos
1235 2085 1460 2157 quidem
1490 2084 1727 2139 Allatius
1758 2083 1916 2139 alteri

343 2203 447 2243 suo
471 2184 751 2241 Gennadio
810 2180 1169 2238 schismatico
1228 2178 1506 2243 attribuit,
1571 2191 1734 2247 quem
1794 2192 1917 2230 cum

347 2292 450 2331 non
482 2276 648 2330 alium
683 2274 751 2327 ab
779 2273 881 2327 hoc
937 2280 1135 2325 nostro
1165 2269 1337 2324 fuisse
1396 2276 1682 2323 ostensum
1728 2266 1918 2329 fuerit,

348 2368 552 2421 idcirco
584 2378 719 2419 mss.
745 2361 998 2418 codicum
1031 2360 1191 2415 tidem
1227 2358 1427 2425 secuti,
1459 2358 1767 2426 praesertim
1810 2357 1919 2412 Re-

347 2462 417 2530 gii
449 2461 634 2521 unius,
667 2458 760 2527 qui
797 2455 1068 2528 Sylvestt'i
1122 2453 1379 2525 Sympuli
1405 2453 1585 2521 magni
1618 2452 1918 2506 ecclesiar-

350 2553 491 2613 cltaz.
516 2551 605 2606 cui
638 2549 961 2605 Gennadius
994 2551 1164 2616 probe
1196 2552 1360 2599 notus
1409 2553 1547 2610 erat,
1585 2559 1752 2598 manu
1804 2544 1917 2598 ele-

352 2649 549 2712 ganter
580 2640 825 2708 scriptus
848 2646 933 2694 est
975 2652 1122 2692 anno
1174 2636 1335 2702 6958,
1402 2636 1519 2689 ind.
1558 2651 1619 2700 tt,
1682 2634 1784 2689 hoc
1838 2643 1919 2690 est

350 2744 495 2784 anno
526 2728 683 2794 1448,
715 2729 933 2783 vivente
961 2730 1141 2783 adhuc
1197 2726 1506 2791 Gennadio,
1539 2726 1648 2779 imo
1676 2734 1806 2781 ante
1830 2734 1937 2780 ca-‘

350 2828 494 2888 ptatn
525 2817 715 2874 urbem
747 2833 872 2874 cum
900 2817 1139 2872 nondum
1172 2817 1684 2888 essetpatriarclta,
1722 2812 1939 2873 nostro"

351 2909 716 2966 vindicamus.

426 3003 563 3073 Περὶ
595 3000 692 3056 τοῦ
725 3002 1102 3074 καθαρτηρίου
1134 3002 1309 3075 πυρδς
1333 3002 1481 3071 λόγοι
1541 3003 1656 3068 δύο,
1689 3002 1765 3059 De
1792 3018 1922 3071 pur-

1415 304 1800 371 GENNADII
1830 303 1938 366 ΟΡ.
1982 297 2500 365 ΡΔΤΗΙΛΒΟΗᾸΞ

1928 427 1977 487 Α
2007 420 2275 489 παρόντος
2305 416 2515 473 καὶτοῦ
2538 415 2730 487 κυρίου
2758 412 3067 485 Γρηγορίου
3096 411 3193 467 τοῦ
3224 412 3570 483 πατριάρχου

1948 1770 1990 1827 Β

3472 286 3574 352 3οί

2006 517 2103 567 καὶ
2139 512 2233 566 τοῦ
2268 509 2641 581 καρδιναλίου,
2671 508 2766 562 καλ⁸
2797 506 3008 560 πολλῶν
3031 504 3280 560 Λατίνων
3335 506 3432 557 καὶ
3472 504 3567 573 ὀρο

2005 605 2255 672 θοδόξων,
2287 602 2519 656 ινὼπιον
2543 600 2640 654 τοῦ
2699 598 2966 669 βασιλέως
3020 598 3272 652 Ἰωάννου
3328 596 3423 649 καὶ
3484 594 3577 648 τοῦ

2009 694 2312 765 μακαρίτου
2345 693 2608 745 δεσπότου
2662 689 2969 758 Θεοδώρου.
3021 687 3413 759 Παρακληθεὶς
3470 688 3580 754 γὰρ

2007 787 2075 841 τὰ
2108 785 2561 855 συμπεράσματα
2589 782 2701 836 τῶν
2737 781 3033 847 διαλέξεων
3085 780 3311 833 ἐκείνων
3338 779 3396 831 ὲν
3444 778 3511 849 τᾷ
3525 778 3580 830 δε

2009 878 2275 944 συνέταξπι
2311 875 2387 945 τῷ
2421 873 2635 946 βιϐλίῳ,
2682 874 2710 928 ὃ
2743 872 3102 945 μεταγραφὲν
3152 875 3231 936 τίς
3266 871 3443 926 πολλὰ
3490 874 3583 925 καὶ
3620 940 3621 943 η

2009 970 2250 1025 διαδοθὶν
2283 967 2560 1037 πανταχοῦ
2584 968 2680 1021 καὶ
2708 968 2859 1036 παρὰ
2898 965 3159 1028 ’Λατίνοις
3186 964 3283 1018 νῦν
3319 957 3577 1036 έύρτσκό-
3614 962 3625 985 ⁵

2014 1081 2194 1135 μενον.
2227 1057 2337 1117 Ἦν
2369 1062 2424 1116 δὲ
2454 1062 2573 1116 τότε
2626 1064 2652 1114 ὁ
2682 1059 3139 1131 συγγραψάμενος
3171 1059 3462 1123 καθολικδς
3496 1077 3584 1110 σε-

2012 1154 2303 1226 κρετάριος
2330 1153 2427 1208 τοῦ
2457 1152 2724 1224 βασιλέως
2789 1151 3067 1216 Ἰωάννου,
3135 1152 3230 1206 καὶ
3294 1151 3583 1214 καθολικδς
3618 1198 3629 1207 .

2012 1244 2206 1315 κριτὴς
2226 1244 2333 1297 τῶν
2370 1242 2687 1313 Ῥωμαίων,
2704 1245 2796 1297 καὶ
2839 1242 3108 1297 διδάσκων
3132 1243 3187 1295 ἐν
3210 1242 3287 1313 τῷ
3304 1241 3587 1313 τρικλινίῳ

2014 1336 2108 1391 τοῦ
2144 1336 2409 1407 βασιλέως
2458 1337 2603 1390 κατὰ
2654 1336 3016 1406 Παρασκευὴν
3072 1335 3334 1406 ἑκάστην,
3382 1334 3591 1405 παροῦ-

2017 1448 2117 1501 σης
2142 1430 2240 1501 τῆς
2276 1429 2585 1500 συγκλήτου
2642 1431 2737 1484 καὶ
2769 1428 3037 1501 πλείστης
3102 1427 3202 1499 τῆς
3230 1429 3440 1493 πόλεως
3495 1428 3589 1481 τὸν

2016 1520 2172 1591 λόγον
2201 1520 2296 1574 τοῦ
2337 1521 2473 1575 Θεοῦ
2508 1523 2587 1584 είς
2619 1520 2779 1586 δόξαν
2808 1521 2970 1575 αὐτοῦ
3003 1519 3098 1575 τοῦ
3149 1519 3285 1574 θεοῦ
3325 1521 3421 1574 τοῦ
3452 1508 3621 1574 πάν-’

2016 1632 2084 1668 τα
2143 1610 2398 1676 διδόντος.
2430 1610 2639 1683 Georgii
2672 1612 2966 1668 Scholarii.
2990 1598 3352 1681 compositum
3386 1622 3463 1665 est
3491 1614 3590 1666 hoc

2019 1720 2148 1774 opus
2173 1696 2635 1775 postcollationes
2692 1703 2989 1775 quindecim
3032 1702 3203 1774 factas
3265 1704 3320 1757 in
3381 1692 3588 1774 palatio

2019 1814 2139 1852 cum
2174 1797 2346 1868 legato
2397 1797 2579 1867 populi
2634 1796 2873 1863 episcopo
2934 1794 3210 1862 Cortonw,
3239 1806 3289 1849 et
3350 1795 3581 1866 quodam

2018 1889 2294 1959 theologia:
2322 1890 2463 1959 apud
2511 1886 2735 1944 Latinos
2784 1891 3019 1951 doctore.
3068 1901 3329 1960 praesente
3385 1905 3590 1959 quoque

2018 1982 2232 2038 domino
2258 1980 2509 2053 Gregorio
2557 1984 2896 2053 patriarcha,
2962 1984 3253 2045 cardinali,
3303 1993 3352 2037 et
3410 1964 3633 2035 multis.

2020 2074 2141 2128 aliis
2175 2072 2382 2129 Latinis
2410 2085 2459 2130 et
2492 2074 2798 2129 orthodoxis
2830 2092 3007 2130 caram
3039 2076 3361 2146 imperatore
3390 2074 3597 2128 Joanne

2019 2177 2070 2221 et
2110 2164 2381 2221 Theodoro
2419 2169 2633 2237 despata
2693 2166 2866 2237 felicis
2925 2168 3212 2222 memoria'.
3245 2167 3595 2221 Ilortantibus

2021 2273 2195 2315 autem
2258 2259 2505 2326 plurimis
2532 2259 2723 2314 harum
2787 2260 3207 2327 disputationum
3235 2260 3596 2314 conclusiones

2022 2352 2073 2403 in
2124 2349 2221 2402 hoc
2273 2348 2407 2402 libro
2463 2349 2672 2417 collegi,
2720 2349 2811 2419 qui
2864 2360 3042 2418 postea
3089 2352 3489 2417 transscriptus,
3546 2359 3595 2401 ct

2019 2456 2328 2509 quacunque
2381 2440 2596 2504 missus,
2637 2440 2796 2493 etiam
2852 2440 2993 2507 apud
3042 2438 3258 2494 Latinos
3312 2441 3595 2507 reperitur.

2021 2535 2218 2586 Auctor
2273 2549 2391 2586 vero
2453 2541 2569 2586 erat
2620 2532 2931 2587 universalis
2994 2533 3309 2586 secretarius
3370 2535 3598 2602 impera-

2024 2625 2151 2679 toris
2173 2624 2426 2690 Joannis,
2462 2626 2829 2695 generalisque
2859 2624 3163 2680 Grcecorum
3182 2626 3379 2694 judex,
3407 2627 3597 2679 docens

2021 2718 2078 2770 in
2116 2715 2346 2770 triclinio
2394 2718 2732 2785 imperatoris
2785 2718 3009 2788 singulis
3059 2721 3219 2774 sextis
3257 2721 3426 2788 feriis,
3462 2706 3635 2789 prce-3

2022 2822 2165 2865 sente
2194 2822 2381 2865 senatu
2438 2820 2486 2865 et
2541 2828 2730 2881 magna
2766 2813 2958 2865 civium
3001 2813 3318 2883 frequentia,
3388 2816 3599 2869 verbum

2022 2900 2122 2955 Dei
2178 2901 2247 2955 ad
2297 2903 2532 2971 ejusdem
2577 2903 2800 2973 gloriam
2861 2902 2952 2957 Dei
3003 2906 3093 2975 qui
3127 2906 3304 2965 omnia
3359 2906 3633 2975 donavit,

2027 2991 2154 3049 Ha'c
2184 2993 2296 3048 sola
2327 2995 2617 3063 inscriptio
2681 3004 2850 3050 totam
2909 2995 2976 3051 de
3040 2997 3255 3052 duobus
3300 2996 3604 3054 Genuadiis

350 3097 563 3165 gatorio
586 3093 712 3148 libri
737 3094 865 3149 duo.
912 3093 1147 3150 Exstant
1179 3094 1305 3149 cod.
1340 3092 1475 3164 Reg.
1531 3094 1698 3155 2958.
1762 3096 1923 3150 Prior
1950 3104 1992 3163 ε
2027 3086 2353 3139 Alialianam
2393 3086 2816 3156 disputationem
2858 3088 3074 3165 refellit.

352 3188 507 3241 initio
542 3187 770 3241 mutilus
803 3193 910 3244 est.
951 3186 1103 3256 Opus
1134 3188 1356 3256 elegans
1413 3201 1515 3242 nec
1557 3197 1920 3244 contemnen-

351 3276 504 3343 dum,
539 3277 806 3346 quidquid
842 3276 989 3331 dicat
1016 3277 1271 3334 Allatius.

420 3367 819 3435 Κεφαλαιώδης
849 3367 1143 3435 ἀπόκρισις
1173 3369 1311 3439 πρὸς
1338 3369 1465 3431 τοὺς
1495 3370 1645 3439 παρὰ
1675 3370 1924 3425 Λατίνων
1956 3372 1961 3379 ’

364 3457 691 3528 εἰρημένους
724 3456 917 3524 λόγους
952 3459 1083 3528 περὶ
1108 3457 1204 3510 τοῦ
1257 3457 1423 3511 αὑτοῦ
1488 3460 1922 3529 Πουργατορίου,

353 3549 662 3603 Suntrnaria
703 3550 976 3617 responsio
1023 3549 1093 3602 ad
1121 3547 1441 3617 objectiones
1482 3547 1796 3603 Latinorum
1824 3551 1927 3603 cir-

353 3660 413 3696 ca
448 3640 586 3696 idem
623 3640 1016 3712 purgatorium.
1042 3640 1184 3695 Ibid.
1219 3641 1470 3705 Initium,
1504 3642 1728 3712 Ἐπειδὴ
1756 3641 1925 3711 σαφέ-

355 3750 445 3786 στε
455 3749 545 3802 ρον
575 3734 724 3802 ἡμᾶς
755 3732 1070 3785 ἀπαιτεῖτε.

425 3824 684 3894 Ejusdem
721 3823 790 3876 ad
823 3820 1087 3878 Joannem
1126 3822 1641 3880 Thessalonicensem
1702 3827 1767 3880 de
1802 3842 1929 3895 pur-

355 3917 563 3986 gatorio
598 3913 890 3984 Epistula;
922 3913 973 3968 in
1002 3924 1193 3971 nostro
1226 3917 1351 3972 cod.
1412 3917 1624 3988 incipit,
1655 3918 1928 3990 Δὺτοσχε-

352 4008 524 4070 διάξω
554 4023 658 4062 σοι.

427 4098 679 4168 Ejusdem
712 4100 989 4171 Σύντομον
1021 4101 1165 4154 κατὰ
1195 4099 1294 4171 τῆς
1326 4100 1487 4170 δόξης
1514 4102 1624 4154 τῶν
1654 4102 1925 4169 Λατίνων,

355 4188 520 4246 Breve
568 4193 825 4261 scriptum
879 4201 1068 4246 contra
1121 4190 1437 4247 Latinorum
1487 4194 1815 4263 opinionem,
1870 4198 1925 4252 in

354 4282 477 4337 eod.
513 4283 637 4338 cod.
672 4282 806 4355 Reg.

426 4374 501 4429 De
528 4377 863 4444 processione
896 4375 1142 4447 Spiritus
1170 4377 1340 4431 sancti
1371 4387 1556 4432 contra
1585 4375 1807 4432 Latinos
1841 4388 1923 4433 to-

2016 3180 2017 3183 “
2094 3177 2366 3233 Secundus
2398 3188 2568 3232 tomus
2615 3180 2867 3233 adversus
2905 3164 3125 3235 Latinos
3150 3182 3214 3236 de
3246 3174 3450 3252 Spiritu
3479 3164 3633 3234 san?

1938 3312 1939 3315 η
2024 3280 2106 3325 cto
2136 3269 2235 3340 (I),
2269 3286 2376 3324 nott
2400 3274 2587 3331 eodem
2624 3282 2904 3342 -tempore
2968 3278 3234 3345 scriptus,
3282 3275 3377 3329 sed
3435 3277 3600 3343 paulo

2025 3362 2222 3425 serius,
2256 3362 2574 3432 missusque
2598 3362 2664 3417 ad
2717 3362 2981 3418 Joannem
3002 3364 3339 3420 Conmenum
3367 3366 3602 3435 impera-

2029 3462 2199 3509 torem
2235 3454 2725 3524 Trapezuntinum,
2752 3456 2841 3511 cui
2879 3466 3071 3513 auctor
3134 3457 3262 3513 illud
3294 3459 3601 3530 inScripsit,

2032 3549 2240 3616 adjecta
2292 3548 2547 3617 epistola,
2583 3564 2689 3618 qua
2717 3561 2871 3618 rogat
2924 3558 2981 3603 ut
3017 3552 3216 3605 librum
3270 3567 3382 3607 non
3443 3555 3603 3623 prius

2030 3640 2154 3694 aliis
2188 3641 2577 3704 communicet,
2606 3657 2767 3711 quam
2819 3652 2913 3695 aut
2982 3659 3039 3697 se
3073 3643 3309 3709 obiisse,
3342 3653 3437 3699 aut
3481 3646 3607 3701 aliis
3629 3632 3641 3640 ’

2028 3733 2465 3789 communicasse
2509 3736 2859 3804 compererit.
2922 3736 3113 3790 Exstat
3164 3738 3216 3791 in
3269 3741 3395 3793 eod.
3462 3737 3599 3808 Reg.

2030 3824 2189 3879 2957.
2228 3824 2480 3895 Scriptus
2513 3842 2673 3880 manu
2697 3825 2960 3898 Sylt'estri
3010 3830 3263 3899 Syropuli
3301 3830 3518 3884 diaconi
3549 3843 3606 3885 et

2031 3919 2211 3987 magni
2249 3919 2658 3983 ecclesiarchaa,
2696 3921 2820 3973 vivo
2874 3918 3181 3986 Genuadio,
3214 3938 3411 3991 nempe
3454 3939 3603 3979 anno

2032 4006 2202 4071 6956,
2227 4017 2284 4060 ut
2317 4023 2484 4078 supra
2519 4009 2782 4075 diximus,
2813 4021 2865 4065 et
2886 4013 3010 4069 cod.
3049 4010 3214 4067 2963.

2104 4098 2358 4168 Ejusdem
2384 4098 2643 4171 Dialogus
2672 4102 2936 4169 prolixior
2968 4103 3235 4158 adversus
3266 4103 3493 4160 Latinos
3526 4107 3595 4161 de

2033 4192 2386 4261 processione
2419 4192 2665 4259 Spiritus
2693 4192 2892 4260 sancti,
2932 4195 2983 4247 in
3021 4211 3129 4263 quo
3150 4197 3459 4264 praesertim
3489 4200 3605 4267 agit

2031 4283 2099 4338 de
2132 4284 2493 4337 recentiorum
2528 4285 2670 4339 ittter
2689 4284 2915 4341 Latinos
2947 4287 3259 4353 doctorum,
3297 4292 3602 4359 praesertim

2033 4371 2255 4428 Thomas
2285 4383 2337 4427 et
2361 4370 2533 4437 Scoti,
2580 4373 2647 4428 de
2707 4376 3062 4445 processione
3129 4376 3367 4448 Spiritus
3426 4379 3604 4433 sancti

352 4468 427 4522 mi
456 4467 582 4522 duo.
620 4466 840 4523 Primus
867 4469 1110 4538 scriptus
1145 4479 1229 4522 est
1276 4478 1404 4523 ante
1437 4479 1652 4539 captum
1726 4470 1919 4525 urbem
1958 4459 2001 4514 Ι)
2029 4464 2306 4519 doctrina.
2362 4463 2570 4534 Dialogi
2633 4481 2906 4535 personae,
2975 4466 3262 4536 Olbianus,
3315 4470 3602 4551 Eulogius,

358 4569 479 4631 post
543 4559 949 4630 disputationes
1013 4577 1135 4615 cum
1201 4560 1380 4631 legato
1446 4578 1601 4634 papae
1659 4564 1923 4633 episcopo

355 4652 705 4717 Cortonensi,
731 4661 785 4708 et
825 4653 949 4709 aliis
976 4650 1190 4708 Latinis
1256 4655 1467 4709 habitas
1493 4670 1677 4709 coram
1714 4654 1928 4710 Joanne

359 4744 709 4813 imperatore.
737 4742 919 4798 Exstat
949 4744 994 4799 is
1018 4744 1154 4800 liber
1180 4744 1231 4798 in
1297 4744 1620 4800 bibliotheca
1655 4747 1844 4817 Regia,
1872 4753 1930 4801 n'

355 4834 519 4900 2956,
547 4836 914 4906 pertinuitque
946 4838 1014 4892 ad
1050 4839 1347 4893 Antonium
1401 4838 1695 4908 quemdam
1755 4841 1926 4911 Pyro-

359 4926 540 4999 pulum
572 4928 866 4994 medicum,
901 4941 1116 4984 mortuo
1145 4930 1255 4999 jant
1300 4927 1609 4997 Gennadio,
1639 4939 1696 4984 ut
1725 4940 1929 4986 testan-

357 5028 450 5073 tur
476 5019 643 5075 iambi
665 5018 856 5075 Joanis
883 5021 1168 5103 cujusdam
1187 5020 1471 5076 Dotlteiani
1492 5021 1559 5075 ad
1583 5022 1745 5076 finem
1776 5022 1925 5080 libri.

364 5110 542 5179 llujus
573 5110 759 5181 operis
787 5111 944 5167 initio
965 5113 1078 5167 haec
1104 5122 1297 5169 auctor
1346 5129 1510 5168 manu
1567 5117 1788 5186 propria
1846 5115 1929 5169 in-

361 5204 664 5273 scripserat
685 5219 702 5259 :
727 5200 1006 5273 Γεωργίου
1036 5204 1128 5258 τοῦ
1149 5206 1275 5275 Σχο)
1288 5206 1469 5281 αρίου.
1487 5207 1755 5278 Συνετέθη
1790 5208 1931 5278 μετὰ

358 5293 623 5361 διαλέξεις
655 5295 819 5348 πέντε
856 5296 952 5347 καὶ
981 5294 1113 5348 δέκα
1140 5297 1441 5366 γενομένας
1480 5298 1539 5351 ὲν
1569 5298 1646 5367 τῷ
1676 5298 1929 5371 παλατίῳ

363 5383 504 5451 μετὰ
537 5382 632 5438 τοῦ
665 5383 958 5438 παππικοῦ
990 5386 1284 5456 πρέοὸεως
1319 5387 1416 5440 καὶ
1446 5388 1751 5441 ἐπισκόπου
1785 5390 1931 5458 Κορ-

357 5474 556 5543 τὼνης,
575 5477 669 5528 καὶ
696 5475 1022 5530 διδασκάλου
1048 5476 1143 5547 τῆς
1166 5477 1319 5547 παρὰ
1347 5476 1597 5542 Λατίνοις
1624 5478 1926 5548 οεολογίας,

2029 4553 2377 4614 Benedictus.
2404 4555 2556 4622 Init.,
2587 4556 2751 4612 Ἀλλὰ
2790 4560 2979 4629 καιρός
3010 4562 3156 4613 ἐστιν
3177 4563 3606 4630 ἐπισκέψασθαι,

2028 4641 2073 4703 ὦ
2102 4646 2349 4717 Εὐλόγιε,
2374 4651 2426 4702 εί
2461 4647 2664 4719 βούλει,
2698 4650 2768 4703 τὰ
2801 4652 3052 4705 Λατίνων
3096 4652 3437 4720 διδασκάλοις
3492 4660 3609 4721 τοῖς

2030 4741 2317 4814 νεωτέροις
2352 4740 2484 4813 περὶ
2508 4743 2607 4813 τῆς
2642 4742 2735 4797 τοῦ
2775 4744 2932 4811 ἁγίου
2969 4746 3290 4817 Πνεῦματος
3338 4731 3639 4820 ἐκποριύέ

2032 4852 2167 4898 σεως
2197 4835 2522 4906 ἡπορημένα
2550 4836 2662 4899 τοῖς
2729 4853 2790 4889 τε
2821 4836 3006 4901 ἄλλοις
3039 4839 3136 4892 καὶ
3163 4840 3240 4910 τῷ
3289 4842 3464 4914 Θωμᾷ
3513 4846 3613 4901 καὶ

2029 4926 2107 4991 τῷ
2131 4925 2338 4995 Σκότῳ.
2358 4924 2552 4982 Exstat
2583 4927 2706 4982 cod.
2745 4926 2877 4999 Reg.
2902 4930 3033 4984 eod.
3072 4930 3234 4988 2965.

2102 5017 2339 5088 Legatus
2355 5019 2481 5073 huic
2493 5018 2559 5073 de
2574 5018 2779 5088 Spiritu
2798 5031 2993 5075 sancto
3009 5020 3287 5094 Dialogus,
3309 5023 3363 5077 in
3386 5025 3606 5079 eodem.

2103 5111 2360 5182 Ejusdem
2392 5104 2967 5182 Gennadii'b‘piswla,
3026 5114 3118 5184 Τῷ
3167 5118 3487 5188 τιμιωτάτῳ
3545 5118 3608 5169 ὲν

2036 5205 2292 5274 μοναχοίς
2332 5203 2510 5273 κυρίῳ
2533 5201 2777 5273 Μαξίμῳ
2804 5203 2882 5274 τῷ
2914 5204 3057 5257 κατὰ
3087 5204 3296 5276 κόσμον
3331 5207 3607 5277 Σοφιανῷ,

2034 5296 2130 5350 καὶ
2160 5298 2294 5349 πᾶσι
2319 5296 2433 5359 τοῖς
2461 5296 2889 5366 ἐνασκουμένοις
2918 5298 2983 5367 τῇ
3033 5297 3165 5367 ἁγίᾳ
3192 5300 3329 5370 μονῇ
3349 5301 3442 5353 τοῦ
3478 5300 3613 5352 Σινᾶ

2035 5389 2349 5451 δσιωτάτοις
2379 5388 2758 5459 ίερομονάχοις
2783 5388 2880 5440 καὶ
2907 5391 3187 5458 μοναχοῖς,
3258 5389 3613 5445 Venerabilis-

2035 5476 2168 5535 s‘iuto
2202 5483 2334 5534 inter
2376 5480 2657 5535 monachos
2690 5479 2903 5535 domino
2927 5478 3184 5551 Maximo,
3230 5484 3322 5555 qui
3347 5499 3462 5539 cum
3507 5501 3614 5540 sc-

429 5654 502 5716 (l)
544 5652 733 5736 Exstat
763 5655 816 5735 in
854 5657 1178 5711 bibliotheca
1229 5654 1519 5713 Viennensi
1551 5674 1607 5712 u.
1637 5658 1921 5725 277,tcste
1966 5660 2252 5716 Lantbccio
2286 5661 2322 5715 l.
2351 5676 2542 5733 r,pag.
2579 5660 2703 5733 225,
2730 5665 2820 5735 qui
2845 5664 3005 5723 alteri
3059 5636 3344 5723 Scitolario
3392 5665 3613 5736 tribuit,

358 5736 583 5782 secutus
622 5728 902 5781 Allatitttn.
