3982 6208
368 256 473 328 311

1338 262 1442 321 ΕΧ
1480 262 1671 321 HIST.
1708 254 2262 323 PATRIARCHICA
2297 264 2644 325 CPOLEOS.

3523 263 3628 328 312

351 376 627 437 oratoriis
658 369 1131 447 interpretatio'cx
1158 376 1473 433 Dialectica.
1516 378 1657 433 Petri
1716 377 1945 447 Hispani
1974 387 2015 442 Α
2048 397 2135 434 cas
2167 388 2304 434 recte
2338 383 2535 435 sentire
2572 398 2636 434 ex
2667 380 2752 445 iis,
2782 396 2898 450 qum
2931 380 2985 432 in
3006 382 3160 433 tertia
3197 379 3401 451 synodo
3420 389 3627 435 statuta

371 468 748 538 grammatica,
782 468 849 523 de
878 466 1314 536 pseudogrspbia
1343 478 1399 521 et
1428 468 1706 538 impietate
1721 471 1938 525 ὕπερο-

370 557 595 614 rum.V.
630 556 923 612 Montiauc.
945 556 1086 611 Bibl.
1114 556 1349 611 biblioth.
1382 573 1572 627 τηειρ.
1602 559 1706 613 497
1740 559 1799 616 Β.
1824 571 1944 615 --et

371 667 427 721 p.
479 650 583 707 5‘29
611 649 653 705 C
681 650 734 704 in
767 650 887 704 ead.
925 648 1186 704 Bibliotb.
1208 650 1425 718 Georgii
1456 650 1642 704 Schol.
1669 650 1946 706 Gramma-

371 744 498 798 tica.
534 741 675 800 Add.
697 758 887 810 supra,
919 742 971 796 in
999 741 1107 796 hoc
1139 742 1246 796 vol.
1269 742 1334 795 ad
1366 741 1394 813 ς
1420 744 1470 805 1,
1495 746 1563 797 de
1584 745 1691 797 vita
1723 742 1945 799 Genna-

369 835 466 899 dii,
493 833 561 889 de
591 833 1064 903 GeorgiiCurtesii
1099 833 1370 889 Scholarii
1412 835 1634 904 scriptis
1671 850 1947 904 gramma-

372 928 517 979 ticis.
553 956 624 964 —-
656 924 932 979 Hactenus
967 924 1200 979 Allatius
1228 926 1296 980 de
1322 925 1393 980 24
1432 928 1570 996 Opp.
1604 941 1728 996 qua:
1788 927 1949 980 attri-

375 1023 567 1075 anrat
592 1018 828 1089 Georgio
870 1017 1151 1075 Scbolps.
1212 1016 1517 1075 Gennadio.
1580 1020 1688 1076 Illis
1741 1020 1953 1076 addan-

377 1124 461 1164 litl'
490 1128 505 1164 :

448 1203 750 1257 Aristotelis
777 1203 895 1257 libri
933 1201 1069 1258 VIII
1093 1203 1325 1274 physicae
1342 1204 1636 1259 auditionis
1663 1221 1782 1260 cum
1811 1205 1961 1260 scho-

376 1294 462 1346 liis
492 1293 774 1360 Simplicii,
797 1298 851 1349 in
866 1297 1227 1364 compendium
1246 1296 1472 1351 redactis
1497 1313 1527 1349 a
1544 1296 1765 1367 Georgio
1791 1294 1959 1352 Scho-

379 1387 532 1450 (ario,
556 1389 644 1457 qui
666 1398 846 1457 postea
875 1389 1180 1445 Gennadius
1235 1390 1410 1443 dictus
1459 1400 1561 1451 est.
1617 1390 1858 1461 Mosquaa
1905 1393 1960 1446 in

379 1480 501 1533 md.
525 1496 648 1550 syn.
678 1481 730 1534 7.
765 1480 829 1534 V.
854 1480 1089 1538 Mattluei
1127 1481 1254 1537 Not.
1309 1482 1471 1537 codd.
1509 1484 1607 1538 Gr.
1644 1482 1959 1555 Mosqnens.

380 1590 433 1644 p.
464 1575 533 1629 ει
592 1592 677 1645 sq.

454 1666 529 1720 Ex
555 1667 859 1725 lienaudoti
894 1667 1030 1723 diss.
1056 1668 1191 1736 jam.
1220 1676 1460 1735 constat,
1485 1667 1743 1722 Allatium
1766 1682 1795 1721 a
1824 1666 1964 1723 Gen-

2042 485 2187 527 sunt.
2214 473 2270 527 Id
2298 489 2456 544 opus,
2490 488 2613 543 pOSl
2640 472 3005 528 Florentinam
3039 472 3305 543 synodum
3335 474 3628 543 scriptum,

2046 566 2277 620 Allatius
2298 566 2460 619 Valde
2486 565 2838 629 condemnat,
2860 576 2913 619 et
2938 565 3215 630 abortum,
3272 564 3371 633 qui
3430 579 3629 635 parum

2046 668 2206 711 cauto
2230 656 2439 711 auctori
2470 658 2790 720 excidisset,
2814 664 3001 721 vocat;
3030 664 3183 709 notat
3203 655 3464 727 denique,
3497 669 3631 711 mss.

2048 762 2168 801 csse
2200 748 2253 801 in
2273 747 2524 803 biblioth.
2554 745 2755 813 Paris.,
2807 746 3096 811 Vaticana,
3128 744 3381 801 Palatina
3412 754 3468 801 et
3502 746 3632 799 alibi

2050 838 2273 894 cossim.
2293 837 2510 894 Fabric.
2538 840 2592 892 in
2614 848 2739 892 nota
2759 837 2930 901 addit,
2949 838 3003 891 id
3030 838 3262 892 Londini
3285 838 3490 892 editum
3503 851 3634 894 esse

2052 946 2173 983 cum
2195 930 2317 984 aliis
2334 930 2908 999 scriptisGraecorum,
2928 926 3058 990 Nili,
3107 926 3365 995 Gregorii
3399 924 3636 980 Palmum

2065 1020 2603 1086 Thessalonicensis,
2639 1020 2931 1083 Barlaami,
2966 1018 3164 1073 Melctii
3210 1018 3379 1086 Pigie,
3410 1016 3633 1070 Maximi

2054 1115 2343 1183 .‘largunii,
2363 1112 2636 1168 Gabriclis
2652 1112 2839 1167 Severi
2861 1120 2915 1165 et
2936 1111 3154 1181 Georgii
3177 1104 3447 1165 Corossii.
3469 1107 3636 1174 Tum,

2063 1206 2387 1271 «Caeterum,
2425 1204 2624 1275 inquit,
2662 1203 2767 1258 hoc
2792 1201 3011 1273 Georgii
3045 1201 3317 1256 Scholarii
3358 1214 3498 1270 opus
3523 1214 3642 1251 ma-

2057 1315 2224 1369 gnum
2260 1299 2580 1369 paginarum
2625 1299 2754 1360 292,
2814 1305 2991 1352 totum
3034 1305 3288 1352 versatur
3340 1296 3394 1350 in
3435 1293 3633 1349 defen-

2058 1392 2234 1469 dendo
2262 1391 2519 1462 dogmate
2546 1389 2863 1447 Graecorum
2892 1391 2958 1444 de
2982 1388 3337 1460 processione
3395 1386 3638 1461 Spiritus

2061 1484 2239 1540 sancti
2279 1494 2445 1553 atque
2471 1481 2820 1536 vindicandis
2852 1483 3001 1536 circa
3033 1481 3165 1535 illud
3196 1481 3400 1534 veteris
3452 1477 3639 1533 Eccle-

2063 1579 2159 1633 sia:
2192 1578 2476 1633 doctorum
2513 1575 2827 1631 sententiis.
2889 1575 3060 1644 lncip.
3118 1573 3223 1629 Τὸν
3275 1572 3419 1625 Θεῖον
3478 1572 3640 1639 λόγον

2065 1672 2282 1741 καὶτῆς
2310 1670 2568 1740 ἀληθείας
2599 1670 2817 1740 ἔφορον.
2850 1667 3217 1736 Distinguitnr
3250 1667 3305 1721 in
3329 1666 3521 1734 λόγους
3544 1679 3639 1720 sex

384 1759 567 1823 radio,
587 1759 900 1828 patriarcha
926 1759 1243 1826 CPolitano,
1282 1760 1599 1817 discernere
1650 1759 1944 1828 Georgium
1980 1772 2023 1829 θ
2050 1770 2104 1817 et
2135 1763 2311 1831 capita
2346 1760 2435 1816 53.
2462 1780 2481 1814 ι
2526 1761 2726 1815 Postea
2762 1759 2998 1815 Allatius
3062 1773 3127 1812 ex
3187 1756 3493 1813 Possevino
3528 1771 3641 1809 mc-

386 1852 753 1919 Scliolarium,
774 1868 937 1923 quem
956 1844 1112 1909 vocat
1133 1855 1561 1920 scliismaticum,
1590 1864 1641 1910 et
1660 1853 1952 1923 Georgium

382 1944 721 2011 Gurtcsium,
748 1957 801 1999 et
837 1952 1010 2013 pauca
1038 1954 1284 1999 recenset
1314 1946 1553 2014 scripta;
1585 1945 1757 1998 multo
1795 1945 1953 2014 plura

386 2039 557 2093 relata
591 2048 718 2094 sunt
747 2055 775 2094 a
808 2038 1149 2094 Benaudotio
1180 2047 1231 2093 et
1252 2053 1282 2093 a
1315 2054 1420 2094 me.
1461 2037 1537 2091 Ex
1560 2038 1767 2117 .Allatio
1793 2039 1957 2109 igitur

389 2130 769 2185 tantummodo
821 2131 1065 2202 quadam
1129 2130 1425 2199 adiungere
1470 2128 1639 2184 lubet.
1726 2126 1958 2197 Georgio

390 2218 755 2274 Schismatico
776 2220 1002 2274 ascribit
1029 2235 1188 2289 opus,
1222 2220 1369 2290 quod
1426 2218 1661 2273 Londini
1701 2217 1862 2282 1624,
1900 2218 1956 2278 4.

389 2312 508 2365 sine
540 2312 761 2366 nomine
785 2311 1104 2382 typograpbi
1140 2310 1325 2366 Grzece
1350 2311 1553 2379 prodiit
1587 2311 1910 2379 inscriptum
1942 2326 1955 2361 :

388 2400 663 2469 Γεωργιου
691 2400 785 2453 τοῦ
817 2402 1111 2471 Σχολαρέου
1159 2396 1477 2470 σύνταγμαί
1515 2401 1959 2470 ἐπιγραφόμενον

402 2490 718 2561 Ὀρθοδόξου
746 2492 1115 2560 Καταφύγιον,
1150 2493 1242 2546 τοῦ
1277 2490 1502 2560 ὕστερον
1518 2491 1811 2561 λεγομένου
1834 2491 1960 2542 Γεν-

394 2582 577 2637 ναδεον
614 2586 874 2653 μοναχοῠ,
896 2586 1090 2654 τμῆμα
1119 2585 1332 2655 πρῶτον
1358 2584 1490 2657 περὶ
1515 2584 1626 2639 τῶν
1653 2584 1839 2636 αἰτίων
1862 2582 1960 2640 τοῦ

397 2676 696 2746 σχίσματος
723 2677 846 2730 κατ’
878 2677 1195 2747 ἐπιδρομὴν,
1222 2678 1315 2732 καὶ
1344 2677 1428 2731 ὅτι
1465 2678 1532 2731 τὰ
1560 2678 1702 2731 κατὰ
1726 2676 1824 2748 τὴν
1847 2676 1962 2746 τρί-

395 2786 496 2838 την
526 2768 745 2822 σύνοδον
771 2769 949 2839 σαφὴς
978 2769 1248 2836 ἀπόδειξις
1281 2771 1407 2833 τοὺς
1458 2769 1731 2840 Γραικοὺς
1786 2768 1964 2841 ὀρθῶς

398 2863 638 2931 φρονεῖν.
679 2859 886 2931 Georgii
915 2861 1183 2917 Schalarii
1210 2863 1643 2928 commentarius,
1673 2863 1961 2932 inscriptus

374 2953 694 3009 Orthozloxi
718 2954 1278 3025 Perfugium—sectio
1308 2957 1483 3026 prima
1514 2956 1578 3010 de
1616 2956 1792 3010 causis
1818 2956 1963 3013 schi-

400 3046 585 3105 smatis
610 3063 698 3118 per
718 3055 1105 3112 transcursum,
1129 3056 1178 3103 et
1199 3048 1361 3118 plana
1384 3048 1785 3115 demonstratio,
1811 3047 1962 3104 Graz-

2058 1864 2238 1908 morat
2264 1853 2481 1923 Georgii
2514 1851 2784 1907 Scholarii
2815 1851 3124 1905 Monodiam
3157 1850 3211 1904 in
3269 1850 3644 1903 dormitione»;

2057 1944 2118 2000 S.
2164 1944 2356 2008 Marci,
2394 1945 2518 1999 dein
2555 1945 2677 1999 cod.
2707 1943 2887 1998 Paris.
2912 1944 2966 1997 in
2998 1957 3111 2012 quo
3154 1950 3239 1997 est
3299 1940 3420 2009 ejus
3470 1939 3644 1993 oratio

2064 2037 2135 2091 De
2168 2038 2336 2102 inani,
2369 2037 2601 2092 absurda
2628 2045 2677 2091 et
2698 2035 3074 2105 incomposita,
3099 2049 3192 2102 per
3238 2031 3643 2103 permissionem

2061 2128 2180 2193 Dei,
2249 2130 2583 2183 inuocatione
2612 2129 2737 2198 ﬁdei
2760 2126 2848 2197 (V.
2893 2142 3058 2197 supra
3089 2124 3349 2181 Renaud.
3409 2125 3477 2178 de
3532 2121 3645 2177 vita

2058 2218 2381 2291 Gennadii);
2436 2236 2600 2291 porro
2643 2220 2888 2291 ejusdem
2933 2234 3181 2273 canonem
3212 2218 3265 2272 in
3323 2212 3642 2286 Gregorium

2065 2312 2366 2377 Palamam,
2397 2311 2702 2367 Thessalon.
2727 2312 3196 2380 archiepiscopum,
3221 2308 3345 2364 alibi
3365 2307 3643 2362 laudatum

2059 2414 2112 2459 et
2148 2403 2389 2474 ejusdem
2423 2401 2574 2459 Orat.
2624 2403 2891 2473 funebrem
2915 2405 2971 2457 in
3015 2403 3287 2470 despotam
3341 2397 3647 2469 Porphyro-

2069 2505 2344 2565 gennetam
2377 2494 2769 2565 Palwologum,
2807 2494 2862 2549 in
2895 2495 3017 2548 cod.
3052 2493 3188 2548 bibl.
3220 2490 3474 2546 Medicca‘.
3508 2487 3644 2554 ;scd

2062 2590 2306 2646 incertus
2323 2598 2427 2653 est,
2462 2604 2591 2643 num
2627 2603 2690 2644 ea
2733 2572 2898 2644 fuerit
2927 2585 3297 2649 scbismatici,
3327 2599 3394 2639 an
3448 2581 3646 2637 catho-

2064 2681 2175 2736 lici.
2217 2680 2325 2736 Sed
2364 2682 2479 2735 haec
2507 2678 2800 2736 sulliciaut.
2842 2680 3020 2749 Atque
3039 2676 3298 2732 Oudin.l.
3333 2691 3383 2731 c.
3414 2690 3470 2745 p.
3506 2672 3648 2730 uss

2062 2788 2145 2843 sq.
2202 2787 2264 2827 ex
2294 2772 2474 2827 Caroli
2514 2772 2780 2838 Dufrenii,
2815 2773 2958 2827 dom.
2994 2770 3065 2825 du
3124 2769 3306 2840 Gange
3371 2765 3647 2825 Glossario

2062 2864 2249 2921 medic
2277 2873 2328 2919 et
2352 2864 2448 2934 inf.
2482 2864 2800 2937 grwcitatis,
2846 2862 2945 2919 fol.
2978 2863 3138 2928 1281,
3202 2862 3424 2934 longum
3458 2862 3643 2917 locum

2062 2958 2341 3030 apposuit,
2376 2960 2464 3014 ubi
2499 2956 2591 3015 ille
2613 2958 2816 3015 multos
2846 2955 3116 3013 Gennadii
3144 2954 3339 3023 libros,
3379 2953 3450 3010 ab
3501 2954 3648 3010 Alla-

2065 3052 2144 3108 tio
2177 3049 2594 3123 praemissos,
2630 3049 2807 3123 paulo
2838 3048 3002 3107 latius
3029 3048 3327 3107 recensuit.
3354 3044 3573 3120 (Ηλλι.)

404 3222 3633 3252 W

1443 3411 2606 3568 EXCERPTUM

983 3826 1851 3923 PATRIABCHICA
1892 3823 2418 3919 CPOLEOS
2458 3781 3083 3950 HISTORIA,

1829 4040 1917 4088 cm
1947 4016 2179 4085 τισι-ειυς
2212 4045 2227 4083 :

413 4188 653 4247 Historia
728 4187 1167 4258 patriarcharum
1270 4187 1365 4257 qui
1433 4186 1699 4243 sederunt
1747 4183 1803 4239 in
1884 4185 1967 4240 hat

2090 4188 2227 4260 Περὶ
2253 4189 2362 4244 τῶν
2402 4191 2764 4264 πατριαρχῶν
2805 4188 2942 4246 ὀποῦ
2994 4190 3471 4263 ιπατριάρχευσαν
3496 4189 3555 4243 ὲν
3583 4190 3654 4260 τῇ

485 4297 683 4351 magna
739 4280 1115 4348 catholicaque
1196 4277 1435 4335 Ecclesia
1519 4277 1987 4347 Constantinopo-

484 4375 621 4437 leos,
681 4382 967 4442 postquam
1004 4371 1147 4440 cepit
1171 4384 1289 4425 eam
1336 4370 1589 4425 sultanus
1624 4368 1983 4424 Mechemeta.

487 4465 544 4519 In
581 4480 686 4535 qua
713 4462 1065 4526 describitur,
1096 4461 1224 4529 quid
1257 4460 1598 4530 singulorum
1643 4458 1986 4530 temporibus

486 4569 698 4628 gestum
726 4556 799 4611 sit
826 4572 841 4609 :
866 4565 919 4609 et
941 4555 1192 4624 quisnam
1222 4555 1386 4608 fuerit
1409 4561 1602 4607 auctor
1641 4550 1896 4622 pesccsii,
1933 4550 1988 4605 id

489 4660 576 4704 est
621 4651 882 4714 inuncris,
912 4648 1057 4717 quod
1086 4646 1396 4716 patriarcha
1420 4658 1594 4701 novus
1611 4643 1829 4699 sultano
1853 4643 1942 4697 dat
1971 4660 1987 4697 :

490 4744 616 4811 quis
674 4751 931 4810 prtrterea
973 4738 1259 4801 cbaratzii,
1303 4737 1408 4792 hoc
1454 4748 1541 4791 est
1579 4734 1746 4789 annui
1799 4732 1986 4788 tributi

488 4832 849 4889 ecclesiastici
918 4850 932 4885 :
992 4831 1119 4901 quis
1180 4830 1307 4883 item
1377 4827 1708 4883 additionem
1767 4840 1987 4895 quoque

490 4940 753 4997 tempore,
783 4939 907 4996 qua:
946 4938 1116 4993 usque
1153 4925 1209 4977 in
1248 4922 1571 4978 hodiernum
1630 4920 1777 4974 diem
1810 4919 1997 4981 durat,

492 5019 680 5073 ivccrit
712 5036 726 5072 :
758 5028 811 5073 et
862 5032 972 5083 quo
1033 5019 1249 5071 sultano
1307 5015 1625 5071 dominante
1672 5013 1787 5067 lucc
1850 5014 1994 5065 facta

364 5148 373 5169 τ
488 5112 617 5166 sint.
678 5109 811 5175 Qua:
840 5108 1024 5164 omnia
1069 5109 1124 5162 in
1152 5107 1428 5179 vulgarem
1463 5106 1704 5174 linguam
1746 5104 1992 5161 Grazcam

487 5205 777 5259 transtulit
842 5201 1130 5257 MANUEL
1202 5201 1465 5267 Malaxus,
1534 5200 1991 5271 Peloponnesios,

492 5298 723 5352 Martino
754 5296 949 5350 Crusio
1009 5294 1332 5351 describens
1363 5308 1508 5348 anno
1571 5293 1783 5349 Domini
1833 5291 1989 5357 l577,

491 5403 674 5441 mense
712 5388 885 5456 Aprili
924 5388 1026 5457 (1).

395 5506 399 5511 -
494 5478 589 5531 illo
649 5487 916 5547 tempore,
986 5493 1096 5549 quo
1174 5475 1439 5531 Tumens
1499 5484 1590 5529 rex
1658 5473 1986 5529 Mecbcmeta

400 5570 559 5631 hanc
609 5570 795 5625 urbem
836 5570 1179 5625 Constantini
1208 5568 1559 5639 expugnavit,
1615 5567 1984 5623 numeraban-

484 5712 554 5777 (li
598 5709 990 5770 Turco-Grtrcin,
1017 5730 1060 5775 ρ,
1096 5715 1193 5764 [0.6,

2157 4279 2423 4353 καθολικῇ
2455 4282 2675 4359 μεγάλῃ
2705 4282 2973 4356 ἐκκλησίᾳ
2994 4281 3202 4354 ταύτης
3240 4280 3341 4352 τῆς
3362 4282 3655 4337 Κωνσταν-

2156 4374 2529 4439 τινουπόλεως
2601 4374 2742 4445 μετά
2799 4373 2862 4429 τὸ
2930 4374 3117 4430 λαϐεῖν
3164 4373 3368 4443 ταύτην
3424 4372 3656 4428 conitth

2158 4466 2476 4536 Μεχμὲτης.
2526 4467 2640 4521 Καὶ
2688 4466 2810 4520 τινα
2857 4467 3149 4535 γεγόνασιν
3195 4466 3254 4518 ἐν
3302 4462 3384 4534 τῷ
3418 4464 3656 4518 ἑκάστου

2162 4557 2361 4628 καιρῷ.
2401 4559 2505 4611 Καὶ
2531 4561 2681 4623 ποῖος
2703 4557 2766 4613 τὸ
2806 4557 3102 4627 λεγόμενον
3141 4557 3452 4621 πεσκέσιον,
3472 4555 3571 4609 καὶ
3595 4553 3659 4607 τδ

2166 4647 2481 4719 χαράτζιον,
2513 4649 2734 4721 πρῶτον
2758 4648 2904 4720 αὐτῷ
2929 4648 3150 4721 δέδωκι,
3185 4646 3279 4702 καὶ
3314 4646 3397 4710 τις
3426 4644 3527 4717 τὴν
3553 4646 3656 4702 αὖ·

2167 4739 2343 4809 ξησιν,
2376 4740 2497 4811 ἣτις
2520 4739 2757 4810 ὑπάρχει
2799 4739 2904 4804 ἓως
2929 4740 3022 4793 τοῦ
3048 4738 3165 4806 νῦν,
3191 4738 3493 4811 laniﬁca-.0
3516 4751 3531 4767 '
3560 4736 3659 4791 καὶ

2165 4831 2224 4883 ὲν
2254 4829 2411 4884 ποίου
2443 4830 2737 4883 σουλτὰνου
2766 4830 2946 4902 καιρῷ
2985 4828 3161 4883 ταῦτα
3213 4828 3526 4897 γεγόνασιν.
3556 4826 3658 4881 Ἀ·

2165 4937 2288 4976 τινα
2318 4922 2895 4993 ὲμετεγλωττίσοησαν
2921 4920 3019 4987 εἰς
3056 4920 3241 4997 κοινὴν
3287 4920 3491 4991 φράσιν
3526 4913 3663 4988 παρ’

2163 5015 2296 5085 ἐμοῦ
2321 5016 2661 5070 ΜΑΝΟΥΗΛ
2707 5014 2965 5082 Μαλαξοῦ
3003 5013 3100 5069 τοῦ
3145 5008 3659 5083 Πελοποννησιακοῦ

2058 5176 2061 5177 ν
2160 5106 2314 5177 κυρῷ
2338 5108 2604 5180 Μαρτίνῳ
2633 5106 2712 5179 τῷ
2753 5106 3031 5186 Κρανείῳ,
3062 5108 3121 5161 ιν
3152 5105 3263 5163 ἔτει
3303 5100 3495 5179 ,αφοζ¹,
3528 5100 3664 5173 μηνὶ

2171 5200 2461 5270 Ἀπρελεῳ.

2169 5466 2260 5534 Τῷ
2311 5464 2493 5535 καιρῷ
2525 5464 2741 5533 ἐκείνῳ,
2788 5461 2926 5515 ὀποῦ
2980 5459 3323 5530 ἐπολέμησεν
3351 5456 3379 5510 ὁ
3433 5454 3667 5507 σονλτᾶν

2097 5561 2427 5629 Μεχτμέτης
2456 5558 2663 5630 ταύτην
2716 5556 2817 5627 τὴν
2875 5552 3471 5618 Κωνσταντινόύπολιν,
3523 5544 3667 5621 ἦσαν
