3982 6208
204 2735 219 2783 ῗ
292 2730 441 2799 τρία,
467 2730 670 2795 δίσκος,
696 2732 852 2798 ἀκτὶς
879 2737 974 2788 καὶ
1000 2733 1114 2798 cpia;
1139 2752 1152 2765 -

285 223 394 290 321

364 345 434 397 ιι.
475 341 606 395 ’ἰδοὺ
635 339 745 410 γὰρ
770 340 915 410 τρεῖς
948 338 1182 409 λέγομεν
1211 340 1305 413 καὶ
1334 339 1451 393 ἕνα.

360 434 430 489 Τ.
473 433 635 487 Ἀλλὰ
674 430 882 498 δίδαξον
922 432 1092 504 ἡμᾶς,
1136 432 1252 495 πῶς
1294 432 1412 484 ἐστι
1455 432 1551 485 καὶ
1592 425 1674 496 εἷς
1719 432 1873 495 Θεὸς,

285 528 387 582 καὶ
416 527 535 587 πῶς
563 524 728 577 πάλιν
754 523 883 595 τρία
913 524 1202 595 πρόσωπα,
1237 523 1366 576 ἐπεὶ
1396 522 1714 593 Θαυμαστὸν
1741 525 1875 594 ἡμῖν

284 619 438 671 δοκεῖ
463 615 640 680 τοῦτο,
668 590 816 679 ὅπως
846 620 938 669 καὶ
960 590 1196 680 ἐῖςχέστι
1226 615 1359 680 Θεδς
1388 618 1484 671 καὶ
1510 616 1637 687 τρία
1668 618 1779 671 εἰσὶ
1809 617 1876 671 τὰ

290 711 569 777 πρόσωπα
601 708 793 761 αὑτοῦ.

367 805 436 856 ll.
475 804 673 854 ’Λκουε
727 802 997 866 συνετῶς,
1048 804 1140 855 καὶ
1192 803 1407 873 νοὴσεις
1452 802 1511 855 τὸ
1560 802 1661 873 τῆς
1710 802 1874 883 ἁγίας

292 893 524 963 Τριάδος
549 892 896 964 μυστήριον,
932 893 1110 957 καθὼς
1143 894 1367 948 δύναται
1397 897 1523 960 νοῦς
1555 896 1747 963 νοῆσαι
1779 896 1871 948 ἀνι

292 986 609 1057 θρὼπινος,
651 985 726 1048 ὠς
770 987 895 1057 ἐμοὶ
935 985 1084 1040 δοκεῖ
1110 1003 1123 1015 ·
1169 989 1310 1059 πλὴν
1353 987 1414 1041 τὸ
1456 990 1599 1042 κατὰ
1642 988 1875 1058 δῦναμιν

292 1079 431 1147 ἡμῖν
455 1074 613 1143 λέξω.
647 1074 737 1141 Ὠς
763 1077 1003 1143 γίνωσκε
1030 1078 1220 1149 τοῦτο,
1247 1080 1328 1132 ὅτι
1355 1079 1442 1133 διὰ
1469 1080 1627 1134 τοῦτο
1657 1080 1876 1149 λέγεται

291 1173 319 1222 6
359 1169 495 1231 Θεδς
534 1170 961 1240 ἀνερμὴνευτος,
994 1172 1083 1225 δια
1116 1172 1175 1224 τὸ
1212 1174 1273 1224 οὐ
1315 1172 1594 1242 δυνάμεθα
1638 1172 1875 1227 καταλα-

291 1261 413 1313 ϐεῖν
447 1257 613 1312 αὑτοῦ
647 1259 747 1331 τὴν
781 1260 967 1329 φύσιν,
998 1262 1116 1316 οῦδὲ
1154 1263 1338 1333 ὅμοιός
1371 1264 1520 1318 ἐστιν
1550 1265 1683 1335 ἡμῖν
1717 1282 1873 1336 μονο-

294 1356 613 1426 πρόσωπος.
649 1353 707 1407 Ei
737 1354 844 1424 γὰρ
872 1349 958 1425 ἡν,
986 1355 1360 1424 ὲγινώσκομεν
1389 1356 1456 1410 ἂν
1484 1357 1665 1423 αὐτὸν,
1694 1355 1768 1420 ὡς
1793 1375 1875 1427 γι-

292 1447 581 1517 νώσκομεν
604 1446 867 1517 ἀλλήλους
891 1448 1037 1517 ἡμᾶς
1057 1464 1071 1479 ·
1098 1447 1237 1502 ἀλλά
1262 1442 1514 1527 tortari;
1542 1450 1641 1518 μὲν
1665 1448 1694 1502 ό
1718 1448 1873 1514 Θεὸς,

293 1542 362 1594 τὰ
386 1540 447 1593 δὲ
484 1539 749 1609 πρόσωπα
781 1539 948 1610 αὐτῆς
972 1539 1074 1610 τῆς
1107 1539 1361 1613 θεότητος
1392 1542 1519 1612 τρία
1539 1557 1556 1573 ο
1584 1541 1677 1596 καὶ
1707 1540 1874 1613 βλέπε

296 1633 391 1686 ἀπ’
421 1634 547 1703 ἄρτι
579 1631 649 1685 τὰ
678 1631 976 1701 λεγόμενα.
1004 1634 1218 1703 Ὥσπερ
1252 1633 1399 1688 εστιν
1433 1634 1585 1707 ἡλιος
1621 1631 1720 1700 εἷς,
1757 1636 1785 1690 6
1817 1635 1873 1689 δδ

295 1726 448 1796 ἡλιος
476 1724 585 1795 ἔχει
615 1724 807 1780 ἀκτῖνα
835 1730 928 1779 καὶ
957 1726 1097 1795 φῶς,
1122 1729 1216 1781 καὶ
1241 1728 1380 1783 εἰσὶν
1404 1732 1460 1783 ἒν
1486 1729 1562 1798 τῷ
1590 1728 1725 1799 ἡλίῳ
1754 1718 1874 1800 σχε-

294 1816 386 1869 δὸν
421 1816 692 1885 πρόσωπα
726 1817 850 1885 τρία
871 1859 886 1884 ,
924 1817 1142 1884 δίσκος,
1176 1818 1334 1882 ἀκτὶς
1370 1820 1465 1873 καὶ
1496 1821 1614 1890 φῶς
1640 1838 1654 1851 ·
1691 1820 1876 1885 δίσκος

296 1908 406 1978 μὲν
444 1908 505 1960 τὸ
543 1907 699 1977 σῶμα
736 1910 827 1962 τοῦ
865 1909 1040 1982 ἡλίου,
1078 1912 1237 1977 ἀκτὶς
1272 1912 1329 1967 δι
1370 1914 1403 1985 ἡ
1440 1913 1874 1982 καταδαινομένη

294 2001 738 2071 Ααμπαδοφανῶς
770 2002 866 2055 καὶ
902 2002 1176 2073 κρούουσα
1209 2004 1471 2079 πρὸςτὴν
1501 2005 1607 2075 γῆν
1626 2044 1642 2070 ,
1672 2004 1789 2074 φῶς
1816 2004 1873 2059 δὲ

294 2093 359 2146 τὸ
398 2094 631 2162 φωτίζον
669 2092 762 2148 καὶ
804 2096 885 2159 είς
923 2096 1047 2158 τοὺς
1088 2094 1431 2160 ὲπισκιώδεις
1464 2095 1663 2161 τόπους
1703 2096 1876 2168 χωρὶς

200 2260 203 2261 ν
266 2186 516 2263 ’ἀκτῖνος
540 2201 555 2215 ·
583 2185 680 2239 καὶ
713 2185 821 2238 ἰδοὺ
855 2185 1041 2256 σχεδὸν
1068 2188 1341 2257 πρόσωπα
1368 2189 1514 2259 τρία,
1540 2190 1746 2254 δίσκος,
1774 2193 1875 2245 ἁκ-

292 2280 381 2342 τὶς
412 2276 507 2331 καὶ
540 2275 653 2345 φῶς
678 2293 692 2307 °
724 2276 786 2332 οὗ
818 2275 1050 2348 λέγομεν
1078 2282 1227 2350 τρεῖς
1258 2280 1442 2350 ἡλίους
1462 2321 1478 2347 ,
1514 2282 1631 2336 ἀλλ’
1653 2284 1748 2337 ἕνα
1778 2284 1874 2340 καὶ

297 2372 482 2441 μόνον,
518 2368 638 2422 οὐδὲ
671 2367 900 2438 λέγομεν
934 2371 1225 2442 πρόσωπον
1257 2371 1341 2439 ἓν,
1371 2374 1511 2428 ἀλλὰ
1541 2376 1667 2445 τρία
1701 2376 1874 2447 πρόσ-

292 2478 443 2516 ωπα.
536 2458 662 2514 Ἐὰν
690 2461 800 2532 γὰρ
834 2462 1135 2534 ἐρωτηθῇς,
1173 2464 1329 2519 πόσοι
1364 2465 1503 2536 ἡλιοι
1534 2467 1675 2545 ιίσὶν
1706 2469 1764 2522 ἑν
1795 2469 1873 2538 τῷ

290 2550 552 2621 οὐρανῷ;
585 2552 800 2619 μέλλεις
832 2544 1004 2607 εἰπεῖν
1025 2596 1041 2622 ,
1070 2555 1152 2609 ὅτι
1183 2551 1264 2619 εἷς
1292 2558 1440 2628 ἡλιος
1471 2559 1616 2612 ἔστιν
1642 2544 1657 2591 ἓ
1692 2562 1788 2613 ἐάν
1817 2562 1871 2616 δι

293 2637 583 2706 ἔρωτηθῇς
620 2638 688 2693 τὰ
734 2641 1005 2712 πρόσωπα
1046 2642 1138 2696 τοῦ
1182 2644 1337 2716 ἡλίου
1381 2650 1524 2700 πόσα
1564 2649 1705 2713 sisi;
1748 2650 1870 2705 είπὲ

1197 2766 1265 2775 -——
1287 2736 1458 2803 οὕτως
1486 2740 1596 2794 νόει
1620 2743 1715 2796 καὶ
1742 2744 1871 2814 περὶ

292 2820 388 2881 τοῦ
423 2821 580 2876 Θεοῦ.
620 2821 749 2885 Θεὸς
788 2825 888 2892 μὲν
921 2818 1021 2892 εἷς,
1058 2828 1327 2896 πρόσωπα
1362 2830 1417 2883 δὲ
1450 2832 1544 2884 τοῦ
1582 2832 1697 2897 ἐνὸς
1730 2836 1866 2890 Θεοῦ

291 2915 439 2984 τρία,
469 2914 679 2986 Πατὴρ,
709 2915 835 2993 Υἱὸς
870 2917 965 2970 καὶ
995 2918 1148 2985 ἅγιον
1182 2919 1403 2990 Πνεῦμα
1427 2939 1437 2950 ·
1465 2926 1560 2978 καὶ
1588 2927 1650 2979 ἐκ
1674 2929 1866 3005 τούτου

1446 216 1863 282 CONFESSIO
1906 217 2115 278 FlDEl
2167 218 2445 301 ΡΒΣΟΡιη

1899 342 1944 399 Α
2046 337 2108 389 Ρ.
2154 336 2290 392 Ecce
2321 338 2401 394 sic
2434 354 2557 394 esse
2592 348 2700 396 tres
2734 340 2972 400 dicimus
3004 351 3058 397 et
3094 358 3287 402 unum.

3447 228 3555 295 322

2050 426 2113 482 T.
2159 427 2363 485 Doceas
2404 446 2523 497 nos,
2555 447 2765 502 qua‘so,
2795 434 3074 505 quomodo
3109 445 3195 493 est
3236 453 3380 494 unus
3414 439 3559 497 Deus

1977 526 2032 571 et
2082 528 2191 574 tres
2241 535 2507 589 personae,
2540 524 2794 592 quoniam
2847 526 3007 583 nobis
3058 529 3259 585 mirum
3315 531 3552 599 videtur,

1977 613 2251 676 quomodo
2282 628 2424 668 unus
2454 613 2596 670 Deus
2631 616 2724 680 sit,
2758 626 2812 672 et
2841 627 2951 674 tres
2988 620 3038 674 in
3065 635 3134 675 eo
3173 638 3441 691 personae.
3536 680 3541 685 ,

2048 792 2111 848 Ρ.
2148 793 2559 865 Animadverte,
2593 816 2800 868 quaeso,
2830 810 2888 857 et
2923 802 3083 859 facile
3113 808 3319 875 poteris
3353 808 3556 863 ἰιιιιιιιὶ-

1979 902 2105 954 gere
2156 890 2475 959 mysterium
2528 901 2733 947 sanctae
2758 893 3065 961 Trinitatis,
3086 909 3355 966 quantum
3404 918 3557 956 meus

1980 977 2217 1031 humana
2265 982 2441 1036 valeat
2475 984 2782 1054 intelligere
2829 1002 2845 1040 :
2879 1002 2979 1058 ego
3007 997 3187 1043 autem
3216 1006 3314 1060 pro
3336 995 3555 1048 Viribus

1978 1069 2284 1139 exprimere
2324 1075 2676 1131 contendam.
2735 1076 2947 1134 Idcirco
2999 1078 3201 1134 dicitur
3251 1080 3395 1137 Deus
3447 1100 3553 1139 non

1978 1158 2431 1230 interpretabilia,
2463 1168 2591 1233 quia
2616 1183 2743 1239 non
2785 1169 2966 1239 possis
2992 1171 3112 1240 eius
3147 1185 3399 1229 naturam
3422 1192 3554 1245 per-

1978 1252 2186 1323 cipere,
2219 1270 2397 1325 neque
2439 1257 2638 1314 similis
2684 1270 2769 1317 est
2824 1262 2932 1318 ulla
2978 1266 3140 1321 nobis
3188 1283 3443 1337 persona.
3498 1272 3554 1325 Si

1976 1344 2123 1396 enim
2171 1355 2316 1400 esset
2346 1362 2578 1416 persona
2607 1351 2791 1417 unica,
2825 1353 2979 1409 illum
3023 1359 3215 1426 procul
3249 1359 3417 1415 dubio
3457 1375 3553 1418 eo.

1977 1451 2389 1507 gnosceremus,
2422 1443 2884 1511 quemadmodum
2924 1463 3028 1504 nos
3068 1450 3299 1507 invicem
3355 1468 3556 1524 cogno-

1979 1530 2213 1586 scimus.
2265 1530 2371 1588 Sed
2425 1543 2513 1589 est
2554 1552 2696 1592 unus
2719 1540 2940 1609 quidem
2979 1542 3124 1598 Deus
3148 1580 3165 1608 ,
3220 1552 3336 1601 tres
3372 1556 3555 1601 autent

1979 1637 2223 1686 persona:
2276 1625 2525 1697 ejusdem
2576 1630 2831 1699 deitatis;
2881 1636 3107 1703 proinde
3183 1638 3558 1696 animadverte

1979 1728 2100 1782 quae
2129 1715 2326 1772 dicturi
2370 1734 2585 1777 sumus.
2616 1722 3090 1789 Quemadmodum
3139 1735 3225 1786 est
3270 1746 3413 1786 unus
3450 1732 3557 1795 sol.

1978 1807 2071 1877 qui
2109 1809 2329 1878 quidem
2362 1814 2545 1868 radios
2576 1815 2740 1872 habet
2769 1826 2824 1872 et
2852 1818 3063 1887 lumen,
3088 1832 3331 1892 suntque
3365 1823 3421 1877 in
3445 1824 3561 1880 sole

1979 1907 2090 1955 tres
2114 1901 2272 1969 quasi
2304 1918 2573 1972 personae,
2602 1906 2915 1965 substantia
2959 1913 3117 1975 solis,
3162 1914 3352 1970 radius
3385 1924 3440 1970 et
3473 1916 3560 1969 lu-

1979 2006 2140 2057 men;
2182 1992 2373 2050 radius
2406 2012 2571 2062 vero,
2618 1999 2713 2066 qui
2761 2000 3035 2069 discedit,
3064 2002 3339 2074 lampadis
3387 2008 3561 2062 instar

1978 2090 2175 2137 terram
2226 2087 2565 2154 percutiens,
2598 2089 2779 2144 lumen
2821 2102 3000 2148 autern
3026 2134 3044 2160 ,
3100 2099 3247 2167 quod
3285 2099 3577 2163 illuminat

1976 2173 2095 2230 loca
2154 2176 2470 2247 tenebrosa,
2520 2179 2729 2251 absque
2780 2184 2932 2240 radio
2983 2203 3164 2244 :ecce
3213 2189 3399 2261 itaque
3446 2200 3559 2248 tres

1974 2268 2133 2337 quasi
2182 2283 2451 2339 persona,
2511 2287 2712 2345 corpus
2746 2277 2965 2334 scilicet
3016 2281 3219 2347 solare,
3271 2286 3457 2340 radius
3506 2300 3561 2341 et

1976 2359 2184 2427 lumen;
2204 2375 2312 2417 non
2348 2370 2528 2421 tamen
2560 2364 2803 2423 dicimus
2830 2380 2942 2427 tres
2973 2374 3143 2439 soles,
3172 2390 3359 2430 verum
3389 2394 3557 2433 unum

1973 2460 2028 2506 et
2061 2453 2261 2520 solum,
2309 2471 2411 2511 nec
2441 2457 2678 2517 dicimus
2708 2477 3003 2533 personam
3052 2483 3237 2536 unam,
3274 2471 3376 2527 sed
3427 2482 3558 2528 tres.

1974 2545 2030 2598 Si
2082 2546 2231 2601 enim
2278 2548 2450 2605 fueris
2493 2552 2888 2624 interregatus,
2931 2560 3076 2627 quod
3130 2569 3260 2615 sunt
3308 2564 3453 2617 soles
3503 2565 3561 2619 in

1972 2639 2155 2692 οωιοῖ
2198 2640 2531 2709 respondere
2574 2644 2764 2711 debes,
2802 2646 2957 2704 Unus
3005 2662 3090 2705 est
3123 2652 3226 2707 sol.
3267 2652 3323 2708 Si
3373 2664 3559 2709 autem

1972 2728 2339 2798 interrogatus
2378 2733 2571 2797 fueris.
2622 2752 2744 2807 qua:
2804 2751 2934 2795 sunt
2994 2757 3241 2812 personae
3292 2745 3347 2800 in
3406 2750 3564 2803 sole?

1972 2823 2243 2888 responde
2270 2836 2407 2890 tres,
2439 2828 2620 2883 solare
2652 2844 2874 2900 corpus,
2913 2836 3101 2890 radius
3132 2847 3186 2890 et
3224 2837 3430 2893 lumen.
3473 2832 3563 2895 Si-

1973 2915 2175 2969 militer
2198 2916 2543 2973 sentiendum
2584 2930 2667 2975 est
2698 2923 2863 2976 etiam
2901 2924 2968 2978 de
2998 2923 3129 2981 Deo.
3168 2926 3311 2983 Deus
3338 2933 3559 2999 quidem

291 3008 555 3070 γίνωσκε,
582 3007 662 3061 ὅτι
692 3006 877 3080 (Inst-sp
904 3010 1055 3062 ἐστὶν
1084 3012 1229 3081 ἥλιος
1258 3015 1662 3084 τριπρόσωπος,
1690 3018 1864 3083 οὕτως

1980 3022 2133 3070 unus.
2166 3023 2411 3075 persona:
2440 3019 2619 3065 autem
2658 3014 2712 3066 in
2743 3013 2854 3067 Deo
2898 3024 3031 3080 tres,
3072 3017 3258 3085 Pater,
3292 3020 3467 3077 Fizius
3504 3036 3560 3078 et

291 3098 413 3150 ἐστὶ
456 3098 552 3152 καὶ
590 3090 667 3162 εἷς
710 3099 843 3164 Θεδς
884 3103 1315 3173 τρισοπόστατος
1342 3120 1355 3133 ·
1403 3105 1572 3169 τύπος
1612 3108 1718 3177 γάρ
1758 3114 1873 3165 ἐστι

288 3190 386 3243 τοῦ
430 3192 638 3262 Harpe;
676 3191 705 3243 6
745 3193 927 3258 δίσκος
963 3197 990 3248 6
1030 3196 1276 3267 ἡλιακδς,
1317 3197 1490 3261 τύπος
1531 3199 1587 3252 δέ
1627 3202 1745 3257 ἐστι
1781 3203 1873 3257 τοῦ

292 3282 425 3337 Υίοῦ
461 3284 493 3347 ἡ
528 3284 701 3350 ἀκτὶς,
731 3284 825 3336 καὶ
853 3285 1019 3349 τύπος
1047 3289 1139 3341 τοῦ
1175 3290 1439 3357 παναγίου
1475 3293 1788 3361 Πνεύματος
1815 3297 1874 3350 τὸ

290 3374 408 3440 φῶς
447 3378 565 3428 ἔστι
598 3376 690 3429 τοῦ
730 3377 880 3448 ἡλίου
907 3393 920 3408 ⁸
961 3380 1054 3433 καὶ
1092 3384 1215 3434 ἐπεὶ
1254 3382 1427 3447 οὕτως
1464 3386 1558 3439 ἐπὶ
1590 3387 1683 3440 τοῦ
1722 3389 1872 3458 ἡλίου

288 3467 496 3530 δίσκος,
534 3468 689 3531 ἀκτὶς
730 3470 823 3522 καλ⁸
862 3470 997 3537 φῶς,
1034 3474 1127 3525 καὶ
1162 3470 1242 3534 εἷς
1281 3474 1432 3544 ἥλιος
1469 3480 1563 3531 καὶ
1602 3480 1663 3532 οὐ
1700 3483 1870 3550 τρεῖς,

288 3558 496 3627 ὁμοίως
542 3561 635 3612 καὶ
679 3561 772 3614 ἐπὶ
814 3562 909 3615 τοῦ
958 3562 1093 3617 Θεοῦ
1144 3567 1354 3639 Πατὴρ,
1400 3570 1524 3635 Υἱὸς
1573 3575 1668 3627 καὶ
1715 3574 1873 3642 ἅγιον

237 3718 247 3725 _
290 3650 520 3719 Πνεῦμα
553 3647 631 3716 εἷς
664 3652 796 3716 Θεδς
833 3656 924 3707 καὶ
958 3656 1018 3708 οὐ
1054 3661 1203 3727 τρεῖς
1237 3660 1369 3714 οεοί.
1410 3663 1519 3715 Καὶ
1554 3660 1717 3718 πάλιν
1749 3667 1871 3720 εἰπὲ

288 3742 463 3802 οὕτως
486 3760 500 3773 ·
530 3743 652 3795 ἐπεὶ
678 3744 770 3797 τοῦ
801 3746 949 3816 ἡλίου
978 3748 1276 3819 ἀχώριστος
1304 3753 1331 3803 ό
1360 3752 1564 3819 δίσκος,
1594 3757 1743 3826 καὶὴ
1775 3758 1872 3809 ἀκ-

290 3834 371 3896 τὶς
396 3835 493 3886 καὶ
518 3834 579 3887 τὸ
603 3833 717 3902 φῶς
744 3836 803 3887 οὐ
833 3838 1157 3907 χωρίζονται
1184 3840 1278 3893 ἀπ’
1304 3840 1579 3912 ἀλλήλων,
1604 3843 1693 3897 διὰ
1714 3846 1872 3900 τοῦτο

292 3926 515 3993 λέγεται
549 3920 627 3989 είς
657 3927 809 3996 ἡλιος
842 3930 936 3982 καὶ
968 3932 1027 3983 οὐ
1062 3934 1209 4001 τρεῖς
1231 3972 1246 3997 ,
1280 3932 1415 3987 διότι
1448 3935 1510 3988 οὐ
1542 3937 1868 4007 χωρίζονται

294 4020 355 4070 τὰ
380 4018 655 4086 πρόσωπα
681 4020 860 4072 αὐτῶν
883 4010 980 4074 ἀπ’
1000 4022 1245 4091 ἀλλήλων
1265 4041 1280 4055 ’
1307 4026 1401 4078 καὶ
1424 4024 1613 4097 ὥσπερ
1636 4031 1663 4080 6
1684 4029 1870 4096 δίσκος

198 4108 201 4109 ⁷
294 4110 318 4160 ό
343 4109 574 4178 ﬁliasue;
601 4111 763 4180 γεννᾷ
787 4110 889 4179 τὴν
917 4114 1128 4179 ἀκτῖνα,
1161 4116 1254 4167 καὶ
1286 4118 1435 4187 παρα
1462 4118 1556 4173 τοῦ
1586 4120 1740 4192 ἡλίου
1770 4123 1869 4175 καὶ

292 4200 399 4250 τῶν
430 4200 671 4252 ἀκτίνων
698 4202 1056 4273 ἐκπορεύεται
1087 4204 1145 4257 τὸ
1178 4206 1294 4275 φῶς
1318 4224 1332 4237 ’
1362 4207 1507 4263 οὕτω
1539 4211 1566 4263 6
1600 4211 1732 4275 Θεὸς
1771 4213 1866 4267 καὶ

1980 3099 2221 3170 Spiritus
2266 3111 2515 3157 sanctus.
2548 3102 2626 3157 Ex
2659 3104 2742 3159 bis
2787 3107 2996 3174 poteris
3033 3107 3362 3181 intelligere,
3389 3117 3556 3183 quod,

1978 3191 2439 3260 quemadmodum
2473 3202 2603 3249 sunt
2648 3197 2701 3250 in
2733 3197 2849 3253 sole
2898 3200 2997 3253 trla
3044 3200 3325 3268 distincta,
3360 3204 3435 3263 ita
3475 3216 3561 3262 est

1975 3291 2029 3334 et
2057 3298 2197 3335 unus
2247 3282 2392 3339 Deus
2439 3284 2604 3340 trium
2664 3303 3054 3359 personarum.
3104 3291 3264 3350 Pater
3304 3308 3389 3351 est
3438 3300 3557 3368 ipse

1973 3389 2176 3444 corpus
2223 3378 2421 3442 solare,
2460 3377 2635 3436 Filius
2687 3390 2868 3437 autem
2922 3394 3003 3439 est
3060 3385 3272 3454 radius,
3317 3388 3561 3459 Spiritus

1973 3479 2201 3523 sanctus
2230 3479 2315 3525 est
2349 3470 2528 3526 lumen
2563 3474 2717 3530 solis.
2748 3473 2809 3528 Et
2844 3477 2985 3531 sicut
3019 3478 3071 3532 in
3106 3481 3224 3535 sole
3249 3492 3331 3536 est
3355 3498 3560 3553 corpus

1973 3558 2176 3623 solare,
2205 3572 2289 3616 est
2330 3564 2517 3618 radius
2565 3576 2616 3619 et
2654 3568 2858 3631 lumen,
2888 3578 2941 3623 et
2976 3582 3157 3626 tamen
3192 3590 3333 3631 unus
3364 3580 3471 3640 sul,
3504 3586 3558 3631 ιιι

1975 3666 2082 3705 non
2121 3661 2270 3720 tres;
2312 3654 2569 3711 similiter
2596 3668 2651 3711 et
2680 3660 2735 3712 in
2774 3662 2884 3715 ί)εο
2925 3659 3109 3727 Pater,
3142 3664 3312 3721 Filius
3348 3678 3400 3722 et
3432 3670 3557 3739 Spif

1973 3744 2112 3800 ritus
2154 3755 2378 3801 sanctus
2425 3765 2568 3805 unus
2612 3751 2756 3807 Dens
2795 3763 2847 3807 et
2884 3770 2992 3808 non
3032 3766 3143 3812 tres
3177 3758 3273 3812 dii.
3330 3759 3561 3834 Insuper

1972 3836 2060 3891 dic
2092 3837 2194 3893 sic.
2227 3836 2460 3904 Quando
2487 3843 2794 3899 substantia
2827 3845 2961 3901 solis
2988 3860 3040 3903 et
3067 3849 3259 3906 radius
3292 3861 3345 3906 et
3374 3855 3556 3911 ltttnctt

1973 3942 2081 3981 non
2132 3931 2367 3983 invicem
2409 3926 2768 4003 separantur,
2814 3948 3104 4008 propterea
3159 3943 3363 3998 dicitur
3414 3932 3559 4003 unus

1971 4020 2075 4083 sol,
2115 4032 2167 4076 et
2194 4037 2305 4076 non
2334 4031 2469 4090 tres,
2495 4027 2622 4095 quia
2664 4043 2772 4082 non
2807 4041 3136 4098 separantur
3174 4035 3244 4088 ab
3273 4035 3508 4090 invicem
3538 4054 3555 4103 ;

1971 4124 2025 4167 et
2056 4113 2520 4183 quemadmodum
2556 4117 2868 4174 substantia
2896 4122 3029 4177 solis
3066 4124 3320 4191 producit
3351 4126 3556 4195 radios,

1970 4215 2026 4262 et
2048 4220 2079 4260 a
2104 4207 2218 4262 sole
2246 4212 2313 4262 'et
2337 4208 2512 4264 radiis
2536 4210 2790 4280 procedit
2827 4215 3012 4270 lumen
3050 4233 3065 4270 :
3098 4218 3172 4271 ita
3199 4216 3358 4273 Pater
3387 4237 3554 4290 gene-
3604 4280 3605 4283 η
3636 4288 3637 4293 η

294 4291 484 4361 Πατὴρ
513 4293 678 4363 γεννᾷ
707 4293 798 4347 τὸν
831 4293 958 4348 Υίὺν
989 4298 1080 4350 καὶ
1113 4299 1286 4368 Λόγον
1316 4299 1480 4355 αὑτοῦ
1504 4342 1518 4368 ,
1553 4303 1647 4357 καὶ⁵
1675 4305 1740 4357 ὲκ
1769 4303 1868 4358 τοῦ

1980 4309 2059 4354 rat
2092 4297 2289 4353 Filium
2318 4313 2414 4355 seu
2451 4298 2687 4357 Verbum
2714 4306 2834 4373 ejus
2861 4314 2916 4361 et
2948 4323 2978 4362 a
3001 4307 3242 4381 Patreet
3266 4310 3404 4367 Filio
3436 4329 3560 4381 pro—
3638 4376 3645 4385 θ

190 4388 211 4455 ι’
294 4382 507 4453 Πατρὸς
550 4386 643 4436 καὶ
679 4384 808 4439 Υίοῦ
844 4390 1203 4459 ἐκπορεύεται
1239 4391 1298 4444 τὸ
1335 4393 1560 4464 Πνεῦμα
1594 4397 1653 4450 τὸ
1688 4398 1869 4466 ἆγιον.

293 4474 470 4527 Βλέπε
506 4477 743 4539 συνετῶς
766 4498 782 4514 ο
815 4478 1004 4551 ὥσπερ
1036 4482 1070 4552 ἡ
1103 4483 1260 4545 ἀκτὶς
1290 4483 1387 4537 τοῦ
1421 4487 1568 4556 ἡλίου
1606 4491 1872 4545 καταϐαί-

292 4556 374 4618 au
417 4565 480 4630 ἑξ
520 4566 751 4637 οὐρανοῦ
792 4569 932 4640 πρὸς
964 4572 1063 4643 τὴν
1098 4574 1202 4643 γῆν
1238 4577 1333 4630 καὶ
1371 4577 1479 4630 ἀπὸ
1510 4580 1605 4632 τοῦ
1649 4581 1873 4653 ἡλιακοῦ

291 4657 482 4709 δίσκου
516 4658 577 4711 οὖ
613 4660 944 4729 χωρίζεται,
982 4664 1075 4716 καὶ
1110 4664 1233 4719 οὔτε
1268 4668 1333 4721 ἐκ
1368 4667 1462 4721 τοῦ
1495 4669 1726 4743 οὐρανοῦ
1761 4674 1876 4727 λεί-

298 4764 389 4801 πει
408 4791 424 4815 ,
455 4750 580 4804 οὔτε
611 4754 719 4805 ἀπὸ
748 4754 847 4823 τῆς
877 4753 1003 4825 γῆς,
1037 4756 1155 4812 ἀλλ’
1179 4758 1329 4813 ἔστιν
1359 4762 1418 4813 ἐν
1446 4761 1525 4832 τῷ
1555 4763 1766 4837 ἡλιακῴ
1796 4767 1876 4820 δί-

298 4857 413 4912 σκῳ
444 4844 538 4895 καὶ
566 4847 626 4897 ὲν
649 4846 728 4914 τῷ
755 4847 970 4919 οὐρανῷ
1004 4851 1097 4903 καὶ
1129 4852 1225 4905 ἐπὶ
1247 4855 1312 4924 τῇ
1345 4858 1413 4925 γῇ
1449 4857 1542 4909 καὶ
1575 4857 1876 4928 πανταχοῦ,

294 4935 393 4984 au".
429 4931 556 4987 οὔτε
594 4935 705 4988 τῶν
737 4936 852 4991 ἄνω
888 4937 1013 4994 οὔτε
1049 4942 1159 4996 τῶν
1195 4945 1347 4998 κάτω
1382 4947 1415 5018 ἡ
1459 4949 1617 5013 ἀκτὶς
1660 4949 1835 5006 λείπει
1858 4968 1875 4984 θ

297 5023 438 5079 οὕτω
468 5028 564 5081 καὶ
596 5029 625 5081 6
654 5028 785 5093 Υἱὸς
816 5032 990 5100 Λόγος
1022 5035 1118 5088 τοῦ
1154 5036 1289 5090 Θεοῦ
1322 5040 1562 5111 nemo:
1607 5044 1743 5113 πρὸς
1778 5046 1879 5113 τὴν

298 5114 430 5182 γῆν,
466 5117 563 5168 καὶ
601 5116 726 5172 οὔτε
766 5120 832 5175 ἐκ
864 5122 958 5176 τοῦ
1004 5125 1210 5195 Πατρὸς
1233 5126 1447 5182 ἔλειπεν
1479 5129 1541 5182 οῦ
1555 5146 1628 5197 re,
1671 5133 1736 5186 ix
1767 5134 1877 5187 τῶν

297 5204 561 5273 οὐρανῶν,
596 5208 722 5262 οὔτε
745 5211 810 5265 ἐκ
841 5212 944 5281 τῆς
976 5213 1115 5285 γῆς,
1151 5216 1267 5271 ἀλλ’
1292 5215 1361 5290 ἦν
1391 5220 1480 5274 ἀεὶ
1516 5223 1611 5276 καὶ
1643 5223 1789 5279 εστιν
1822 5226 1878 5279 ὲν

300 5298 407 5357 τοῖς
452 5297 676 5362 κόλποις
718 5301 814 5359 τοῦ
860 5303 1075 5374 [ἰατρὸς
1117 5306 1445 5379 ἀχώριστος,
1494 5313 1584 5365 καὶ
1627 5313 1741 5367 ἄνω
1782 5298 1879 5369 καί

306 5385 449 5437 κάτω
470 5391 568 5441 καὶ
594 5391 874 5462 πανταχοῦ
896 5396 992 5447 καὶ
1013 5397 1137 5450 οὐδέ
1159 5414 1302 5463 τινος
1325 5399 1530 5458 ἔλειπε.
1555 5404 1665 5458 Καὶ
1685 5402 1875 5479 ὥσπερ

307 5478 357 5527 τι
379 5478 611 5547 ἡλιακὸν
640 5480 754 5551 φῶς
788 5484 903 5538 εστι
935 5487 1028 5542 καὶ
1057 5488 1114 5541 ιν
1143 5489 1222 5561 τῷ
1251 5490 1462 5563 ἡλιακῷ
1491 5494 1663 5566 δίσκῳ
1693 5498 1788 5551 καὶ
1817 5478 1877 5551 ιν

310 5569 365 5635 τῇ
399 5571 582 5625 ἀκτῖνι
619 5575 712 5626 καὶ
748 5577 808 5629 ιν
840 5577 918 5649 τῷ
954 5580 1167 5651 οὐρανῷ
1204 5582 1298 5637 καὶ
1334 5585 1459 5657 ἐντῇ
1498 5590 1595 5657 γῇ,
1631 5591 1726 5643 καὶ
1762 5592 1875 5645 εἰσ-

314 5658 521 5730 ἔρχεται
548 5664 629 5729 εις
654 5666 751 5731 τὰς
776 5669 955 5738 οἰκίας
979 5674 1075 5728 καὶ
1135 5677 1409 5748 πανταχοῦ
1442 5680 1665 5748 φωτίζει
1688 5698 1703 5713 ·
1731 5681 1875 5739 οὕτω

1980 4390 2128 4445 cedit
2174 4390 2415 4463 Spiritus
2446 4403 2693 4475 sanctus.
2733 4395 2821 4453 Sis
2869 4398 3036 4469 igitur
3060 4394 3302 4459 attentus
3351 4420 3581 4475 quaeso,

1981 4482 2139 4551 Quod
2181 4488 2327 4541 sicut
2363 4471 2549 4544 radius
2589 4490 2720 4545 solis
2749 4492 3030 4549 descendit
3066 4496 3131 4549 de
3176 4499 3320 4553 caelo
3348 4471 3415 4553 ad
3452 4507 3563 4555 ter-

1984 4591 2100 4632 ram
2134 4586 2187 4634 et
2217 4595 2245 4634 a
2281 4594 2511 4650 corpore
2543 4582 2707 4638 solari
2743 4600 2851 4639 non
2899 4597 3210 4656 separatur,
3245 4600 3296 4645 et
3326 4607 3502 4660 neque
3532 4608 3560 4645 a

1984 4671 2128 4726 «τωιο
2156 4674 2311 4728 abest
2350 4688 2529 4744 neque
2559 4691 2587 4728 a
2613 4684 2782 4743 terra,
2811 4680 2906 4731 sed
2940 4691 3023 4747 est
3052 4681 3105 4735 in
3137 4697 3364 4751 corpore
3396 4683 3563 4738 solari

1985 4773 2040 4820 et
2064 4766 2117 4819 in
2144 4767 2307 4832 cado,
2334 4767 2389 4823 in
2419 4779 2563 4823 terra
2597 4781 2651 4824 et
2679 4770 2903 4841 ubique,
2932 4790 3110 4844 neque
3138 4791 3363 4831 sursum
3387 4792 3567 4847 neque

1984 4857 2240 4913 deorsum
2271 4858 2459 4925 abest;
2506 4861 2580 4915 ita
2611 4870 2664 4916 et
2697 4860 2871 4921 Filius
2931 4881 3028 4919 seu
3076 4866 3311 4922 Verbum
3345 4867 3437 4922 Dei
3473 4871 3568 4923 de-

1987 4950 2202 5005 scendit
2231 4950 2287 5004 in
2342 4959 2546 5006 terram
2584 4961 2641 5009 et
2668 4969 2846 5024 neque
2876 4970 2905 5009 a
2938 4956 3099 5013 Patre
3136 4960 3503 5028 abest,neque
3534 4975 3562 5013 a

1984 5045 2147 5108 caelo,
2203 5058 2383 5113 neque
2415 5060 2445 5097 a
2498 5052 2668 5109 terra,
2711 5048 2805 5101 sed
2868 5047 2971 5102 luit
3022 5058 3078 5104 et
3126 5065 3347 5119 semper
3388 5051 3561 5103 estin

1983 5135 2193 5206 gremio
2241 5134 2443 5199 Patris,
2492 5136 2886 5208 inseparabilis
2915 5147 2969 5193 et
3015 5155 3233 5197 sursum
3288 5150 3343 5195 et
3400 5140 3563 5195 deor-

1986 5240 2107 5280 sum
2160 5227 2361 5297 ubique
2403 5238 2459 5283 et
2523 5243 2793 5300 nusquam
2855 5228 3027 5286 deest.
3096 5230 3165 5286 Et
3209 5229 3565 5301 quemadmoo

1985 5318 2113 5373 dum
2170 5328 2254 5374 est
2308 5320 2494 5376 lumen
2557 5324 2739 5378 solare
2784 5333 2839 5378 et
2898 5324 2950 5379 in
2996 5337 3227 5393 corpore
3284 5323 3449 5378 solari
3506 5332 3563 5379 et

1985 5411 2039 5466 in
2075 5409 2228 5465 radio
2256 5421 2311 5466 et
2348 5412 2405 5468 in
2449 5415 2589 5469 ctelo
2622 5423 2677 5469 et
2702 5416 2755 5470 in
2786 5423 2933 5469 terra
2973 5426 3029 5470 et
3063 5414 3372 5484 ingreditur
3416 5416 3560 5471 inte-

1983 5498 2131 5555 riora
2168 5500 2364 5557 domus
2414 5513 2469 5560 et
2526 5506 2709 5560 omnia
2762 5505 3056 5568 illuminat,
3096 5505 3169 5560 ita
3219 5514 3273 5560 et
3318 5505 3558 5587 Spiritus

1984 5601 2214 5647 sanctus
2236 5595 2436 5666 ubique
2461 5606 2517 5652 et
2552 5613 2677 5653 cum
2705 5594 2866 5652 Patre
2897 5606 2952 5654 et
2984 5614 3109 5652 cum
3142 5597 3282 5654 Filio
3312 5609 3396 5655 est
3430 5617 3559 5657 sur-

1982 5700 2105 5741 sum
2151 5696 2206 5742 et
2257 5687 2541 5759 deorsum,
2592 5699 2646 5746 et
2673 5704 2867 5748 omnes
2899 5691 3152 5751 homines
3202 5693 3481 5750 illuminat.
3502 5703 3555 5750 ct
