3982 6208
322 391 429 462 329

1376 396 1795 461 CONFESSIO
1836 394 1906 457 F1
1920 398 2051 457 DEI
2104 398 2559 459 I‘OSTERIUR.

3472 406 3577 467 330

320 513 447 582 τὴρ,
477 509 719 573 τοιοῦτος
749 512 843 565 καὶ
868 513 894 565 6
925 513 1069 579 Ρὶὸς,
1101 514 1191 567 καὶ
1219 517 1395 585 τροπῇ
1420 516 1514 567 τοῦ
1542 534 1570 567 ο
1604 515 1682 575 είς
1706 532 1735 565 υ
1765 513 1897 573 υἱόςο

2018 507 2143 579 ἧος,
2184 514 2286 566 hoc
2315 523 2395 565 est
2429 512 2591 577 talis;
2622 512 2804 582 qualis
2838 513 2997 571 ‘enim
3039 522 3213 582 pater,
3247 517 3373 573 talis
3410 519 3578 583 ﬁlius,

320 610 506 678 ὅμοιος
546 608 656 679 γὰρ
686 610 714 661 6
738 610 853 671 υίὸς
882 609 960 693 τῷ
993 610 1181 681 πατρί.

396 786 460 841 Τ.
523 786 636 839 Καὶ
697 786 758 838 τὸ
815 785 1041 856 Πνεῦμα
1101 785 1162 839 τὸ
1222 789 1382 857 ἅγιον
1432 788 1521 841 διὰ
1565 787 1619 839 τί
1679 787 1899 853 λέγεται

321 880 546 949 πνεῦμα
569 897 583 943 ;

392 973 459 1024 Π.
510 968 738 1039 Πνεῦμα
786 969 1003 1037 λέγεται
1037 982 1193 1042 παρα
1226 972 1287 1023 τὸ
1339 974 1520 1025 νοεῖν·
1564 973 1746 1028 πάντα
1794 976 1903 1043 γὰρ

316 1063 485 1128 ὀξέως
504 1065 728 1125 ἐπινοεῖ,
743 1061 914 1129 ἤγουν
940 1063 1122 1114 πᾶσαν
1151 1062 1338 1131 νόησιν
1364 1062 1646 1132 συντόμως
1671 1064 1906 1116 ἐπινοεῖ-

315 1171 434 1208 ταν
474 1156 533 1207 τὸ
564 1155 673 1224 γὰρ
696 1153 852 1220 ἆγιον
878 1150 1104 1223 Πνεῦμα
1124 1154 1299 1207 πάντα
1323 1155 1523 1225 ἐρευνᾷ
1546 1157 1640 1208 καὶ
1668 1155 1735 1208 τὰ
1756 1153 1897 1224 βάθη

314 1243 414 1299 τοῦ
437 1245 597 1303 Θεοῦ.

392 1338 457 1390 Τ.
504 1335 629 1391 Ἐπὶ
662 1335 797 1390 Θεοῦ
830 1337 969 1390 πόσα
1003 1337 1188 1401 uitta;

396 1430 463 1484 Π.
476 1430 572 1483 Ἕν
601 1430 774 1483 αἴτιον
791 1431 883 1481 ἐπὶ
904 1428 1040 1484 Θεοῦ
1064 1430 1226 1496 λέγω,
1258 1431 1350 1483 καὶ
1377 1430 1538 1484 τοῦτὸ
1564 1434 1709 1485 ἐστιν
1735 1434 1764 1485 6
1796 1436 1927 1487 lla-1

315 1524 427 1593 τήρ
446 1538 461 1550 ·
491 1521 658 1585 αὐτὸς
706 1508 875 1593 γεννᾷ
902 1523 994 1575 τὸν
1046 1524 1173 1576 Υἰὸν
1202 1525 1298 1577 καὶ
1334 1524 1626 1593 ἐκπορεύει
1656 1524 1719 1578 τὸ
1748 1527 1904 1593 ἆγιον
1930 1508 1931 1511 Ἴ

319 1608 572 1686 Πνεῦμα.
604 1615 849 1669 Γίνωσκε
883 1618 968 1669 ὅτι
999 1619 1026 1668 6
1056 1617 1247 1686 Πατὴρ
1286 1617 1448 1686 μόνος
1506 1618 1654 1672 ἐστὶν
1702 1618 1897 1685 αἴτιος,

315 1711 345 1762 6
375 1709 434 1762 δὲ
484 1709 612 1773 Υἱὸς
646 1708 749 1762 οὐκ
803 1708 954 1761 ἔστιν
987 1708 1162 1770 αἴτιος
1210 1709 1347 1761 ἀλλὰ
1401 1709 1668 1773 αἱτιατὸς,
1710 1711 1805 1762 καὶ
1841 1712 1901 1763 τὸ

315 1798 475 1869 ἅγιον
501 1800 729 1871 Πνεῦμα
750 1800 955 1870 ὁμοίως
986 1801 1087 1852 οὐκ
1115 1800 1263 1852 ἔστιν
1291 1802 1465 1854 αἴτιον
1487 1800 1603 1853 ἀλλ’
1625 1803 1896 1854 αἰτιατόν*

317 1894 468 1947 ὥστε
493 1893 556 1946 τὸ
587 1893 689 1962 μὲν
716 1892 892 1946 αἷτιον
917 1892 976 1945 ἓν
1006 1894 1156 1945 ἐστιν
1189 1895 1216 1945 ὁ
1247 1891 1461 1964 Πατὴρ,
1487 1895 1558 1945 τὰ
1589 1893 1646 1946 δὲ
1676 1895 1899 1947 αἰτιατὰ

318 1982 436 2049 δύο,
458 1985 486 2037 6
512 1985 640 2048 Υἱὸς
671 1984 766 2039 καὶ
795 1986 856 2037 τὸ
890 1985 1046 2051 ἆγιον
1100 1984 1345 2051 Πνεῦμα.
1387 1984 1570 2046 Mrta;
1616 1984 1835 2052 λέγεται
1873 1988 1901 2037 6

321 2078 512 2149 Πατὴρ
535 2076 623 2131 διὰ
643 2077 705 2130 τὸ
728 2078 923 2145 γεννᾷν
952 2077 1047 2128 καὶ
1072 2076 1133 2128 ού
1163 2078 1446 2144 γεννᾶται,
1480 2075 1772 2146 ἐκπορεύει
1805 2077 1902 2129 καὶ

310 2172 421 2225 οὐκ
450 2172 845 2241 ἐκπορεύεται*
888 2171 1054 2239 γεννᾷ
1095 2169 1195 2237 μὲν
1246 2168 1337 2221 τὸν
1398 2168 1553 2233 Υἱὸν,
1609 2170 1900 2239 ἐκπορεύει

318 2265 383 2319 δι
411 2264 474 2317 τὸ
513 2262 740 2329 Πνεῦμα
773 2263 835 2315 τὸ
883 2262 1040 2330 ἆγιον
1065 2277 1077 2289 ’
1135 2263 1226 2314 καὶ
1271 2260 1361 2313 διὰ
1412 2261 1572 2315 τοῦτο
1618 2262 1842 2330 λέγεται
1873 2265 1901 2316 6

322 2358 516 2428 Πατὴρ
541 2357 735 2420 αἴτιος.

392 2540 461 2596 Τ.
491 2541 602 2595 Καὶ
626 2540 769 2595 πόσα
797 2540 1020 2594 αἱτιατά
1044 2559 1057 2605 ;

397 2632 464 2687 Π.
505 2633 734 2687 Αίτιατὰ
761 2634 877 2697 δύο,
915 2636 943 2686 ὁ
988 2635 1114 2697 Υἱὸς
1148 2636 1242 2689 καὶ
1271 2637 1332 2689 τὸ
1370 2635 1597 2707 Πνεῦμα
1631 2638 1688 2692 τὸ
1719 2640 1896 2706 ἅγιον.

319 2722 402 2779 Οὐ
434 2726 600 2796 γεννᾷ
628 2728 657 2779 6
683 2724 834 2790 Υἱὸς,
878 2725 1015 2781 ἀλλὰ
1047 2731 1329 2794 γεννᾶται,
1359 2731 1450 2783 διὰ
1495 2732 1652 2784 τοῦτο
1680 2732 1897 2800 λέγεται

317 2817 604 2883 αἰτιατός·
634 2819 835 2890 ὁμοίως
886 2823 982 2873 καὶ
1033 2822 1094 2874 τὸ
1143 2823 1297 2889 ἆγιον
1336 2823 1561 2892 Πνεῦμα
1593 2826 1692 2878 οὐκ
1729 2826 1898 2877 ἐκπο-

318 2912 496 2980 ρεύει,
529 2912 644 2965 ἀλλ’
672 2913 1058 2979 ἐκπορεύεται,
1092 2916 1187 2967 καὶ
1229 2914 1317 2967 διὰ
1366 2915 1525 2968 τοῦτο
1557 2917 1778 2982 λέγεται
1816 2918 1898 2968 αἰ-

317 3006 525 3059 τιατόν.
577 3006 776 3059 Λοιπὸν
822 3007 922 3059 ἐάν
979 3024 1062 3070 τις
1098 3009 1350 3078 ἐρωτήσῃ
1409 3026 1486 3071 σε,
1521 3010 1611 3074 ὅτι,
1639 3008 1733 3061 ἐπὶ
1760 3009 1897 3063 Θεοῦ

318 3100 466 3152 πόσα
494 3100 645 3153 αἴτια
671 3100 852 3168 λέγεις
875 3116 889 3166 ;
915 3099 1037 3152 εἰπὲ
1062 3100 1120 3151 ἓν
1147 3112 1161 3131 ⁶
1197 3103 1351 3154 ποῖον
1383 3100 1571 3167 τοῦτο;
1607 3102 1821 3172 Πατήρ.

1931 1867 1973 1921 Β

2006 612 2060 655 ει
2098 606 2450 656 mulatioueo
2497 605 2608 657 inu
2650 604 2897 659 Grazcum
2975 607 3110 669 υίὸς,
3155 607 3259 663 hoc
3294 620 3375 663 est
3409 610 3576 665 ﬁlius.

2009 694 2218 747 Similis
2242 696 2383 748 enim
2436 696 2606 763 patris
2632 706 2713 749 est
2746 697 2909 753 ﬁlius.

2081 785 2144 839 Τ.
2180 787 2246 839 Et
2275 786 2512 854 πνεῦμα,
2541 788 2576 840 i.
2607 802 2657 841 c.
2685 786 2951 857 Spiritus,
2986 792 3130 846 unde
3161 793 3390 848 dicitur?

2078 964 2138 1017 Ρ.
2176 964 2257 1017 Ab
2314 964 2419 1018 hoc
2472 964 2640 1019 verbo
2688 965 2841 1027 νοέω,
2891 966 2929 1020 i.
2972 983 3024 1024 e.
3063 970 3332 1039 intelligo.
3379 974 3573 1027 Omnia

2006 1058 2149 1110 enim
2187 1055 2461 1109 veraciter
2481 1066 2531 1111 ει
2567 1069 2728 1112 acute
2764 1060 3025 1128 intelligit
3066 1074 3121 1115 et
3157 1064 3427 1131 providet.
3457 1066 3580 1136 Spi-

2006 1149 2145 1201 ritus
2167 1148 2313 1203 enim
2344 1162 2569 1202 sanetus
2598 1152 2783 1203 omnia
2818 1150 3065 1219 inquirit,
3095 1160 3147 1203 et
3175 1153 3579 1220 profunditates

2009 1242 2169 1293 etiam
2204 1241 2319 1294 Dei.

2081 1331 2143 1387 Τ.
2175 1332 2234 1386 1η
2270 1333 2377 1387 Deo
2408 1348 2529 1403 quae
2556 1342 2684 1387 sunt
2717 1335 2989 1405 principia
3020 1339 3383 1405 productiva?

2079 1423 2140 1476 P.
2177 1423 2350 1478 Unum
2406 1426 2638 1479 dicimus
2691 1428 3026 1496 principium
3082 1432 3456 1497 generativum
3524 1435 3576 1486 in

2008 1513 2141 1577 Deo,
2175 1513 2234 1567 li.
2270 1530 2320 1569 ε.
2367 1515 2551 1580 Pater,
2589 1518 2701 1584 ipSe
2728 1518 2874 1572 enim
2911 1530 3135 1584 generat
3163 1520 3362 1575 Filium
3391 1534 3442 1577 ct
3469 1528 3581 1593 spi-

2008 1615 2089 1658 rat
2120 1604 2386 1673 Spiritum
2425 1616 2699 1663 sanctum.
2740 1609 2916 1673 Scias,
2945 1612 3091 1681 quod
3116 1615 3268 1667 solus
3303 1623 3386 1668 cst
3417 1614 3577 1669 Pater

2005 1697 2365 1764 generativus
2413 1698 2537 1752 Filii
2573 1698 2785 1765 ;Filius
2812 1713 2996 1758 autem
3032 1720 3138 1757 non
3183 1716 3269 1760 est
3308 1714 3581 1775 generati-

2006 1805 2130 1854 \'us,
2163 1792 2259 1844 sed
2290 1791 2510 1859 genitus
2547 1812 2560 1856 ;
2596 1792 2840 1863 Spiritus
2870 1806 3099 1851 sanctus
3129 1814 3238 1851 non
3263 1808 3346 1853 est
3376 1801 3581 1869 produ-

2004 1883 2205 1946 ctivus,
2237 1887 2333 1938 sed
2366 1888 2691 1953 productus.
2732 1888 2916 1956 Itaque
2948 1892 3278 1959 principium
3301 1894 3581 1961 producti-

2006 1991 2129 2029 vum
2182 1985 2270 2031 est
2314 1977 2474 2032 Pater
2521 1991 2573 2033 et
2616 1981 2781 2035 etiam
2814 1983 3016 2047 Filius;
3084 1988 3333 2054 producti
3395 1996 3576 2041 autem

2004 2076 2131 2120 sunt
2166 2067 2341 2123 Filius
2373 2081 2427 2125 et
2461 2069 2709 2140 Spiritus
2755 2084 3011 2131 sanctus.
3036 2075 3398 2147 5Principium
3452 2096 3576 2147 pro-

2005 2161 2287 2216 ductivum
2335 2163 2542 2218 dicitur
2582 2164 2764 2231 Pater,
2790 2169 2918 2237 quia
2946 2179 3166 2237 general
3202 2180 3386 2224 etnon
3415 2188 3578 2242 gene-

2007 2261 2180 2316 ratur,
2209 2256 2463 2323 producit
2490 2268 2543 2311 et
2568 2276 2675 2311 non
2708 2261 3073 2327 producitur;
3097 2274 3328 2332 generat
3355 2264 3575 2330 quidem

2003 2342 2225 2407 Filium,
2253 2347 2427 2415 spirat
2456 2339 2639 2403 auiem
2671 2350 2938 2415 Spiritum
2963 2363 3244 2422 sanctum,
3280 2364 3333 2411 et
3359 2357 3483 2412 ideo
3499 2359 3579 2411 di«

2003 2438 2149 2490 citur
2176 2436 2339 2493 Pater
2361 2442 2694 2509 principium
2727 2446 3140 2513 productivum.

2076 2529 2140 2582 T.
2173 2529 2240 2584 Et
2292 2541 2428 2600 quot
2481 2545 2609 2588 sunt
2638 2551 2889 2604 personae
2928 2540 2980 2592 in
3018 2541 3220 2594 divinis
3252 2543 3581 2610 productae?

2076 2623 2138 2677 P.
2165 2622 2294 2678 Duae
2328 2627 2538 2685 suntin
2572 2628 2775 2684 divinis
2804 2646 3052 2700 persona:
3078 2637 3380 2703 productae,
3411 2636 3580 2692 Filius

2001 2721 2057 2769 ει
2083 2712 2327 2783 Spiritus
2355 2730 2617 2774 sanctus.
2658 2719 2775 2775 Non
2809 2732 3034 2791 generat
3061 2724 3258 2792 Filius,
3290 2730 3381 2782 sed
3412 2746 3580 2800 gene-

2001 2816 2177 2871 ratur,
2213 2818 2504 2879 propterea
2533 2812 2746 2867 dicitur
2775 2818 3079 2883 productus
3110 2837 3122 2871 :
3168 2820 3430 2875 similiter
3458 2821 3581 2891 Spi-

2004 2897 2142 2953 ritus
2174 2910 2403 2957 sanctus
2437 2918 2545 2956 non
2603 2906 2802 2972 spirat,
2838 2910 2931 2961 sed
2968 2910 3231 2977 spiratur,
3258 2922 3316 2966 et
3342 2913 3464 2967 ideo
3493 2915 3582 2967 di-

2002 2991 2147 3045 citur
2171 2994 2497 3060 productus.
2550 2994 2607 3048 Si
2641 2997 2813 3065 igitur
2856 2999 3232 3068 interrogatus
3284 3001 3477 3063 fueris,
3524 3006 3579 3056 in

2000 3082 2206 3136 divinis
2234 3099 2356 3150 qua:
2397 3085 2509 3138 sint
2540 3102 2788 3153 persona:
2829 3090 3229 3156 producentes?
3270 3094 3581 3161 responde:

1925 3206 1969 3262 ε
2003 3189 2133 3228 una.
2165 3171 2424 3238 Quaenam
2454 3176 2545 3228 illa
2580 3175 2813 3232 ‘IPater.

393 3281 457 3334 T.
499 3280 606 3333 Καὶ
637 3280 723 3333 διὰ
754 3279 806 3330 τί
834 3278 1055 3346 λέγεται
1087 3271 1296 3344 αἴτιονς

392 3374 459 3427 II.
502 3372 601 3426 Διὰ
647 3373 708 3425 τὸ
755 3373 952 3443 γεννᾷν
1002 3373 1093 3427 τὸν
1149 3373 1279 3425 Υἱὸν
1330 3372 1425 3425 καὶ
1475 3372 1795 3443 ὲκπορεύειν
1840 3374 1900 3426 τὸ

322 3463 548 3535 Πνεῦμα
574 3464 750 3533 ἅγιον.

392 3556 457 3609 Τ.
500 3556 624 3611 Ἐπὶ
669 3556 765 3626 τῆς
810 3556 974 3625 ἁγίας
1018 3557 1250 3627 Τριάδος
1288 3558 1372 3620 τίς
1422 3558 1638 3629 πρῶτος
1686 3562 1750 3613 ὲκ
1790 3560 1900 3613 τῶν

316 3648 510 3718 τριῶν,
542 3652 570 3702 6
602 3646 791 3718 Πατὴρ
821 3646 853 3719 ἢ
886 3648 915 3700 6
946 3648 1072 3711 Υἱὸς
1101 3648 1134 3717 ἢ
1163 3649 1224 3700 τὸ
1254 3649 1479 3717 Πνεῦμα
1508 3649 1569 3702 τὸ
1596 3651 1788 3718 ἂγιονς

393 3741 464 3793 Π.
500 3740 624 3793 Ἐπὶ
663 3740 762 3810 τῆς
803 3739 967 3808 ἁγίας
1008 3740 1236 3810 Τριάδος
1281 3741 1456 3804 οὐδείς
1496 3743 1614 3795 ἐστι
1661 3744 1897 3814 πρῶτος,

317 3833 497 3896 οὐδεὶς
533 3836 679 3886 ἐστιν
713 3830 970 3904 ὕστερος,
1011 3834 1145 3887 ἀλλὰ
1180 3834 1296 3905 ἅμα
1332 3835 1552 3904 Πατὴρ,
1587 3834 1704 3904 ἅμα
1738 3836 1895 3900 Υἱὸς,

317 3924 437 3996 ἅμα
468 3929 560 3979 καὶ
585 3928 646 3980 τὸ
673 3927 898 3998 Πνεῦμα
921 3926 983 3980 τὸ
1009 3927 1165 3995 ἅγιον
1183 3943 1197 3956 °
1230 3928 1325 3981 καὶ
1352 3927 1440 3981 διὰ
1466 3926 1624 3979 τοῦτο
1648 3928 1744 3980 καὶ
1770 3946 1897 3981 συν-

316 4020 550 4089 άναρχοι
582 4018 856 4087 λέγονται,
893 4019 953 4072 τὸ
990 4022 1096 4090 πρὸ
1124 4020 1223 4089 τῆς
1256 4019 1433 4090 ἀρχῆς
1466 4020 1545 4074 δν.
1582 4019 1644 4075 ’0
1675 4022 1732 4074 δὲ
1765 4022 1899 4084 Θεὸς

314 4112 418 4165 οὐκ
450 4113 562 4181 ἔχει
592 4112 787 4183 ἀρχὴν,
817 4112 953 4167 ἀλλὰ
984 4112 1091 4183 πρὸ
1120 4112 1222 4180 τῆς
1254 4112 1428 4182 ἀρχῆς
1459 4113 1595 4177 ἐστι,
1624 4114 1712 4166 διὰ
1740 4102 1898 4166 τοῦτο

314 4205 535 4272 λέγεται
566 4204 799 4272 ἄναρχος
825 4219 839 4234 ·
872 4204 1106 4272 ἄναρχος
1136 4202 1323 4255 λοιπὸν
1349 4204 1377 4253 6
1410 4203 1629 4274 Πατὴρ,
1660 4204 1896 4273 ἄναρχος

315 4292 507 4347 λοιπὸν
538 4294 566 4345 6
606 4294 765 4359 Υἱὸς,
803 4294 1042 4364 ἄναρχον
1078 4294 1172 4347 καὶ
1206 4296 1266 4346 τὸ
1306 4293 1531 4364 Πνεῦμα
1572 4295 1728 4363 ἅγιον
1754 4313 1767 4325 ’
1805 4295 1898 4347 καὶ

320 4387 432 4441 ἰδοῦ
466 4388 813 4457 συνάναρχοι,
841 4388 934 4440 καὶ
960 4387 1137 4448 οὐδεὶς
1169 4387 1382 4455 πρῶτος
1412 4388 1505 4441 καὶ
1534 4388 1708 4450 οὐδεὶς
1740 4387 1893 4442 ὔστε-

316 4494 409 4549 ρος
442 4479 532 4532 ἐπὶ
561 4481 658 4550 τῆς
689 4479 852 4545 ἁγίας
880 4479 1130 4545 Τριάδος.

2079 3263 2143 3317 Τ.
2179 3263 2241 3317 Ει
2271 3280 2370 3319 cur
2398 3266 2602 3321 dicitur
2627 3268 2982 3335 produccns?

2070 3355 2131 3411 P.
2165 3358 2302 3423 Quia
2333 3369 2558 3428 generat
2590 3361 2792 3418 Filium
2818 3375 2873 3419 et
2911 3366 3088 3433 spirat
3142 3365 3412 3436 Spiritum
3451 3385 3581 3427 san-

2003 3461 2174 3504 ctum.
3521 3458 3535 3473 ‘

2074 3543 2135 3597 T.
2166 3544 2222 3597 In
2250 3557 2441 3601 sancta
2474 3546 2745 3605 Trinitate
2771 3552 2895 3619 quis
2920 3551 3021 3606 fuit
3052 3554 3285 3623 primus,
3319 3554 3480 3612 Pater
3510 3573 3580 3613 an

2003 3634 2177 3691 Filius
2203 3653 2270 3692 an
2297 3641 2540 3708 Spiritus
2574 3654 2800 3698 sanctus
2834 3645 2857 3697 ’ἔ

2076 3728 2218 3784 P.ln
2251 3744 2444 3787 sancta
2487 3734 2756 3790 Trinitate
2804 3738 2985 3793 nullus
3027 3752 3111 3793 est
3158 3741 3367 3809 primus
3400 3759 3579 3815 neque

2004 3817 2253 3886 ultimus,
2296 3823 2390 3876 sed
2427 3823 2588 3878 simul
2642 3827 2824 3889 Pater,
2859 3829 3024 3883 simul
3067 3827 3263 3894 Filius,
3310 3835 3473 3889 simul
3524 3846 3580 3889 et

2005 3908 2244 3978 Spiritus
2267 3925 2518 3977 sanctus.
2554 3925 2609 3971 et
2639 3929 2937 3987 propterea
2972 3923 3135 3976 simul
3172 3940 3281 3978 non
3336 3927 3577 3981 inchoati

2002 4004 2263 4058 dicuntur
2290 4014 2415 4061 ante
2447 4008 2796 4077 principium.
2838 4012 2980 4066 Deus
3021 4030 3149 4070 vero
3175 4017 3334 4071 Pater
3366 4020 3575 4087 princi-

2001 4095 2091 4161 pio
2123 4106 2290 4158 caret,
2330 4098 2451 4153 licet
2485 4110 2571 4154 est
2629 4112 2756 4155 ante
2792 4103 3144 4172 principium,
3188 4116 3242 4161 et
3283 4119 3571 4177 prepterea

2000 4186 2201 4239 dicitur
2249 4188 2370 4243 sine
2432 4190 2737 4267 principio;
2788 4203 2843 4245 et
2875 4209 2981 4247 non
3042 4196 3329 4252 inchoatus
3377 4198 3570 4261 Filius,

2002 4296 2111 4335 non
2165 4282 2460 4338 inchoatus
2510 4284 2749 4352 Spiritus
2800 4298 3045 4342 sanctus.
3095 4289 3157 4342 Et
3211 4305 3340 4344 ecce
3407 4293 3573 4346 simul

2001 4378 2278 4439 cozterni,
2316 4386 2369 4431 et
2401 4378 2578 4432 nullus
2620 4380 2853 4448 primus,
2895 4383 3080 4437 nullus
3104 4383 3328 4438 ultimus
3362 4385 3415 4438 in
3442 4403 3571 4439 san-

2000 4476 2083 4523 cta
2116 4466 2409 4523 Trinitate.
3130 4518 3135 4521 μ

388 4568 455 4625 Τ.
492 4548 693 4624 Καὶντὸ
731 4569 953 4639 Πνεῦμα
986 4572 1045 4624 τὸ
1085 4571 1242 4640 ἅγιον
1275 4573 1393 4635 πῶς
1433 4572 1792 4641 ἐκπορεύεται
1832 4575 1896 4625 ἐκ

2073 4554 2137 4610 Τ.
2190 4558 2257 4611 Et
2325 4559 2564 4629 Spiritus
2618 4574 2848 4620 sanctus
2900 4569 3176 4636 quomodo
3238 4570 3484 4639 procedit
3543 4589 3599 4655 at

316 4662 414 4716 τοῦ
446 4663 655 4733 Πατρός
680 4681 695 4727 ς

391 4757 462 4808 ll.
494 4756 640 4808 Ἔδει
670 4772 729 4807 σε
757 4757 852 4808 καὶ
878 4757 1005 4824 περὶ
1029 4755 1222 4810 τούτου
1254 4757 1328 4827 μὴ
1356 4758 1587 4827 ἐρωτᾷν,
1618 4759 1711 4810 καὶ
1735 4754 1895 4811 τοῦτο

323 4847 429 4915 γὰρ
458 4846 888 4917 ἀνερμήνευτον.
922 4848 1069 4916 Πλὴν
1103 4847 1341 4915 μάνθανε
1374 4848 1468 4900 καὶ
1500 4849 1632 4917 περὶ
1660 4847 1852 4899 τούτου
1875 4890 1890 4914 ,

1998 4649 2200 4704 Patre?

2070 4744 2130 4798 P.
2176 4745 2520 4817 Interrogare
2545 4749 2611 4802 de
2646 4750 2747 4804 hoc
2778 4751 3005 4805 minime
3039 4760 3090 4806 te
3130 4752 3307 4819 decet,
3347 4771 3454 4810 n0n
3488 4770 3575 4811 est

2000 4836 2131 4891 inter
2147 4840 2451 4906 pretabile;
2482 4850 2726 4896 attamen
2759 4842 2985 4899 addisce
3014 4861 3201 4914 quaeso
3230 4847 3298 4901 de
3329 4848 3429 4902 hac
3463 4865 3518 4902 re
3558 4870 3568 4901 :

318 4941 403 4991 ὅτι
440 4938 631 5007 ὥσπερ
668 4941 701 5009 ἡ
739 4939 984 5010 ἀναπνοὴ
1017 4938 1112 4991 τοῦ
1153 4938 1444 5005 ἀνθρώπου
1484 4940 1548 4990 ὲκ
1579 4939 1676 5007 τῆς
1715 4938 1895 5009 ψυχῆς

2018 4931 2458 4998 Iuemadmodum
2507 4934 2739 5002 spiratio
2788 4936 3026 4992 hominis
3054 4940 3303 5008 procedit
3348 4942 3415 4995 ab
3457 4941 3574 4994 ani-

320 5032 685 5099 ἐκπορεύεται
706 5071 721 5097 ,
755 5031 899 5085 οὕτω
933 5033 1029 5085 καὶ
1061 5033 1123 5084 τὸ
1159 5030 1385 5108 Πνεῦμα
1415 5034 1475 5084 τὸ
1512 5030 1667 5100 ἆγιον
1702 5034 1768 5085 ἐκ
1799 5030 1894 5085 τοῦ

2018 5035 2108 5088 na,
2135 5022 2208 5076 ita
2232 5030 2286 5077 et
2314 5023 2552 5090 Spiritus
2577 5038 2800 5082 sanctus
2829 5031 3077 5097 procedit
3109 5045 3138 5083 a
3161 5030 3344 5086 Patre.

322 5124 537 5193 Πατρὸς
567 5123 944 5195 ἐκπορεύεται.

392 5215 459 5268 Τ.
487 5210 633 5285 ’Δρα
659 5218 918 5283 χωρεῖεαι
943 5217 971 5267 6
1000 5215 1132 5277 Θεὸς
1160 5216 1218 5268 ὲν
1246 5215 1326 5266 ἑνὶ
1356 5214 1506 5283 τόπῳ
1534 5214 1565 5283 ἧ
1597 5213 1658 5266 οῦ
1682 5232 1695 5279 ;

396 5307 464 5360 Π.
503 5307 606 5368 Θὲς
637 5307 729 5359 τὸν
766 5307 890 5359 νοῦν
923 5323 1016 5359 σου
1053 5306 1147 5358 καὶ
1180 5305 1403 5372 νόησον,
1441 5306 1522 5356 ὅτι
1556 5307 1585 5357 6
1617 5304 1744 5367 Θεὸς
1781 5305 1897 5374 φῶς

324 5400 493 5463 ἐστιν,
522 5397 835 5466 ἀθεώρητος
868 5400 962 5451 καὶ
990 5399 1295 5467 ἁχώρητος,
1328 5395 1452 5448 οὕτε
1485 5392 1577 5449 οὖν
1606 5396 1897 5466 Θεωρεῖται

324 5492 353 5545 6
380 5492 512 5553 Θεὸς
536 5529 551 5553 ,
581 5489 704 5543 οὔτε
735 5492 996 5558 χωρείται
1025 5491 1103 5551 εἰς
1136 5489 1194 5542 τὸ
1228 5489 1338 5540 πᾶν
1358 5528 1373 5551 ,
1406 5489 1539 5541 ὅπου
1574 5488 1758 5557 μέλλει
1790 5505 1898 5556 χω-

330 5585 440 5652 ρεῖν
468 5584 565 5635 καὶ
596 5584 875 5635 κατοικεῖν
898 5597 914 5614 ο
947 5580 1087 5633 ὥστε
1117 5581 1310 5649 δῆλον,
1341 5583 1428 5633 ὅτι
1457 5580 1518 5631 οὐ
1550 5582 1808 5649 χωρείται
1841 5582 1900 5632 ἐν

327 5674 404 5725 ἑνὶ
428 5676 601 5743 τόπῳ,
627 5672 762 5727 ἀλλὰ
788 5673 951 5726 παντὶ
977 5673 1068 5723 καὶ
1097 5670 1373 5741 πανταχοῦ
1401 5671 1667 5740 πάρεστιν
1693 5672 1720 5722 6
1744 5670 1894 5732 Θεός.

328 5765 511 5818 Πάντα
537 5765 777 5833 ἡκούσας
798 5763 1037 5832 περὶτῆς
1065 5762 1225 5829 ἁγίας
1253 5762 1506 5831 Τριάὸος,
1535 5762 1616 5813 ὅτι
1648 5761 1705 5814 ἒν
1736 5761 1903 5831 πρόσ-

329 5872 471 5911 ωπον
494 5859 523 5911 6
555 5857 741 5923 Πατὴρ
800 5855 894 5908 καὶ
920 5855 977 5906 τὸ
1003 5855 1087 5906 ἓτε
1100 5871 1191 5921 ρον
1216 5855 1438 5922 λέγεται
1468 5853 1693 5925 Πνεῦμα
1719 5856 1897 5923 ἆγιον,

648 5956 909 6013 Ρηιιυι..
962 5954 1079 6011 (in.
1113 5949 1290 6029 CLX,

2070 5204 2133 5258 Ἰ.
2166 5200 2360 5259 Utrum
2391 5204 2512 5259 loco
2547 5209 2762 5276 capitur
2793 5208 2936 5264 Deus
2965 5225 3033 5264 an
3056 5226 3166 5265 non
3192 5212 3216 5263 ?

2072 5296 2134 5349 P.
2190 5298 2574 5354 Animadverte
2619 5311 2672 5355 et
2724 5301 3004 5372 intelliges
3062 5304 3375 5372 diligenter,
3429 5306 3572 5375 quod

2000 5388 2143 5442 Deus
2179 5390 2361 5443 lumen
2396 5403 2477 5443 est
2520 5392 2795 5446 invisibile
2824 5403 2878 5447 et
2911 5393 3035 5447 loco
3065 5408 3168 5447 non
3194 5397 3522 5464 receptabilc
3554 5416 3568 5464 ;

2000 5497 2178 5550 neque
2220 5483 2388 5551 igitur
2439 5486 2706 5553 aspicitur
2754 5485 2912 5547 Deus,
2970 5500 3147 5553 neque
3188 5488 3479 5556 respicitur
3520 5493 3573 5543 in

2002 5583 2139 5637 toto,
2185 5572 2274 5626 ubi
2319 5574 2667 5629 habitaturus
2694 5584 2746 5630 et
2779 5582 3196 5643 receptaturus;
3230 5576 3415 5647 itaque
3459 5583 3574 5635 cla-

2002 5680 2122 5721 rutu
2170 5668 2632 5737 manifestumque
2679 5676 2786 5730 est,
2838 5670 2984 5736 quod
3036 5685 3143 5722 non
3202 5672 3467 5741 recipitur
3520 5675 3573 5726 in

2004 5776 2112 5814 uno
2144 5761 2286 5824 loco,
2317 5758 2413 5816 sed
2447 5761 2499 5813 in
2536 5769 2649 5814 toto
2683 5768 2735 5813 et
2775 5760 3153 5829 ubiqueadest
3193 5762 3355 5817 Deus.
3396 5764 3573 5817 Etiam

2002 5853 2261 5910 audivisti
2326 5852 2391 5908 de
2423 5864 2613 5909 sancta
2654 5854 2940 5921 'I‘riuitate,
2974 5854 3120 5911 ouod
3173 5870 3282 5909 una
3336 5869 3571 5925 persona

3152 5946 3215 6011 ll
