3982 6208
351 358 453 424 331

1457 340 1844 405 GENNADH
1884 339 1990 401 CP.
2038 338 2557 401 PATRIARCH/E

3504 325 3621 389 332

356 483 441 532 est
466 472 650 539 Pater,
681 468 853 525 altera
875 479 1002 521 vero
1032 462 1272 534 Spiritus
1301 466 1548 521 sanctus,
1584 464 1637 511 et
1682 453 1787 507 alia
1846 450 1935 503 Fi-
1968 501 1972 512 ,

2080 452 2136 503 αὶ
2170 452 2230 505 τὸ
2263 451 2426 505 ἄλλον
2456 452 2515 504 τὸ
2552 448 2845 520 πρόσωπον
2878 446 3099 513 λέγεται
3128 444 3257 505 Υἱὸς
3294 442 3394 495 καὶ
3428 442 3627 509 Λόγος.

357 567 463 621 lius
490 572 544 619 et
572 561 840 618 \Verbum.
868 557 1009 611 Ecce
1043 555 1211 624 igitur
1242 552 1409 614 scius,
1442 548 1583 619 quod
1640 545 1731 599 hic
1768 540 1939 595 Filius

362 656 589 711 indutus
620 665 704 707 est
736 665 902 706 carne
934 649 1173 702 humana
1195 652 1251 698 et
1276 640 1576 695 ambulavit
1607 638 1660 690 in
1694 647 1858 695 terra,
1893 640 1947 686 et

360 754 549 817 postea
566 758 727 809 quam
745 742 1155 795 iuduitcarnem
1182 746 1234 790 et
1254 732 1553 788 ambulavit
1577 730 1632 782 in
1651 736 1795 783 terra
1821 742 1944 780 cum

359 855 545 900 carne.
576 835 894 890 nominatus
917 842 1002 885 est
1042 828 1206 884 Jesus
1236 836 1290 881 et
1326 824 1632 893 appellatus
1667 820 1945 874 Christus.

362 923 995 1001 IgiturChristus-Filius
1011 932 1065 977 et
1096 921 1331 977 Verbum
1364 916 1457 971 Dei
1490 924 1575 970 est
1605 915 1948 973 incarnatus,

365 1026 573 1080 habens
603 1021 834 1075 formam
869 1016 1132 1071 hominis.

437 1205 502 1259 T.
531 1204 648 1269 Qua
677 1199 1002 1256 necessitate
1032 1195 1230 1248 ductus
1256 1191 1423 1246 Filius
1452 1198 1507 1242 et
1565 1183 1805 1241 Verbum
1859 1181 1953 1237 Dei

368 1302 685 1356 incarnatus
716 1302 820 1356 est,
850 1299 907 1344 ut
937 1287 1249 1343 ambularet
1290 1295 1349 1337 ut
1382 1284 1545 1336 homo
1602 1280 1657 1332 in
1708 1273 1957 1330 mundo?

439 1482 502 1536 P.
554 1476 821 1545 Quoniam
871 1467 1243 1537 interrogasti,
1300 1478 1406 1534 qua
1446 1476 1613 1516 causa
1672 1460 1815 1513 Deus
1879 1458 1960 1508 iu-

372 1582 631 1632 caruatus
655 1576 761 1632 est,
799 1564 923 1619 audi
961 1574 1208 1617 causam.
1260 1557 1405 1612 Deus
1432 1553 1579 1608 nulla
1613 1566 1670 1605 re
1705 1549 1958 1618 indigens

374 1670 692 1723 incarnatus
715 1668 840 1724 est;
863 1656 957 1711 sed
985 1655 1224 1708 humana
1246 1658 1443 1703 natura
1472 1644 1760 1713 indigebat
1785 1638 1964 1695 medi-

376 1760 607 1815 camine.
643 1754 940 1820 Postquam
976 1746 1119 1800 enim
1157 1742 1299 1797 Deus
1332 1738 1459 1794 fecit
1495 1740 1695 1790 caelum
1738 1742 1793 1787 et
1843 1741 1957 1786 ter—

379 1867 493 1908 ram
532 1857 587 1903 et
638 1844 819 1899 omnia
848 1855 969 1910 quae
1000 1846 1129 1893 sunt
1155 1835 1208 1888 iu
1248 1832 1349 1897 eis,
1378 1839 1431 1885 et
1457 1828 1664 1883 creavit
1688 1824 1961 1878 hominem

378 1954 433 2000 et
471 1940 655 2012 posuit
683 1951 807 1991 eum
837 1936 889 1987 in
947 1928 1127 1984 medio
1181 1922 1445 1995 paradisi,
1505 1920 1785 1973 ordinavit
1829 1930 1958 1969 eum

383 2040 653 2104 imperare
688 2026 944 2082 omnibus
980 2019 1203 2081 creatis,
1241 2026 1294 2070 ct
1322 2013 1569 2067 habitare
1597 2012 1651 2063 in
1706 2007 1966 2077 paradiso

382 2139 640 2194 tanquam
678 2120 865 2183 Deus;
902 2114 1175 2184 aspiciens
1198 2120 1328 2164 ‘eum
1348 2105 1600 2160 diabolus
1635 2100 1831 2155 invidit
1887 2097 1970 2152 d3-

384 2218 577 2295 gnitati
614 2212 853 2271 hominis
878 2206 1265 2273 consuluitque
1313 2197 1549 2261 homini,
1603 2211 1712 2248 non
1776 2204 1969 2263 parere

384 2287 656 2368 mandatis
688 2306 804 2359 Dei.
844 2300 1017 2353 llomo
1046 2304 1225 2349 autem
1276 2306 1400 2345 cum
1434 2296 1585 2341 esset
1643 2287 1964 2353 inexpertus

386 2400 678 2478 pravitatis
704 2394 929 2455 diaboli,
960 2389 1143 2460 paruit
1162 2382 1397 2440 consilio
1431 2379 1661 2443 diaboli,
1694 2392 1803 2431 non
1842 2375 1970 2429 obe-

388 2469 544 2551 diens
584 2491 715 2553 Deo,
748 2496 802 2542 et
826 2494 964 2539 tunc
1005 2480 1218 2547 accepit
1251 2476 1420 2530 homo
1455 2480 1689 2525 mortem
1737 2469 1968 2539 peccati,

390 2599 445 2644 et
470 2586 724 2641 similiter
747 2592 939 2633 omnes
961 2575 1054 2645 qui
1079 2573 1146 2625 ab
1173 2569 1391 2623 homine
1413 2565 1507 2619 illo
1531 2570 1660 2618 sunt
1684 2562 1819 2623 nati,
1848 2559 1972 2627 quia

392 2675 1032 2746 acceperuntpeccatuiu
1058 2677 1090 2715 a
1114 2657 1450 2731 parentibus,
1481 2667 1529 2708 et
1552 2655 1812 2707 tenebant
1836 2650 1975 2702 hanc

398 2779 656 2831 mortem,
684 2773 738 2818 et
774 2758 1165 2814 dominabatur
1201 2753 1255 2806 in
1293 2751 1373 2805 cis
1407 2756 1718 2812 peccatum.
1758 2742 1822 2796 Et
1853 2754 1977 2812 pro-

396 2874 516 2934 pter
548 2857 825 2915 hominem
865 2850 1013 2905 misit
1037 2850 1177 2902 Deus
1232 2843 1548 2914 praphetas,
1609 2838 1866 2892 doctores
1919 2834 1972 2887 in

398 2954 683 3016 mundum,
720 2957 779 3000 ut
808 2945 1072 3000 docerent
1102 2937 1372 3001 homines,
1405 2941 1463 2987 ut
1499 2947 1529 2984 a
1564 2941 1789 3000 peccato
1848 2941 1978 2982 con-

394 3022 761 3101 verterentur.
782 3035 902 3090 Non
938 3036 1237 3103 potuerunt
1265 3040 1416 3091 ,vero
1481 3022 1755 3092 pmphetae
1806 3020 1978 3073 corri-

1998 1799 2045 1858 Β

2064 543 2193 596 Ἰδοὺ
2234 542 2420 596 λοιπὸν
2459 542 2730 610 γίνωσκε,
2772 540 2855 593 ὅτι
2892 531 3046 600 οὗτος
3089 539 3116 589 6
3159 535 3283 597 Υίὸς
3322 534 3416 588 καὶ
3456 533 3630 601 Λόγος

2049 634 2275 704 ἐνεδόθη
2310 634 2493 704 σάρκα
2526 632 2869 701 ἀνθρώπινον
2905 631 2997 683 καὶ
3033 627 3446 697 περιεπάτησεν
3480 628 3535 676 ὲν
3566 628 3633 693 τῇ

2050 730 2154 798 γῇ,
2182 730 2276 781 καὶ
2306 728 2446 798 μετά
2474 728 2534 778 τὸ
2567 726 2803 795 φορῆσαι
2835 724 2934 792 τὴν
2967 725 3179 791 σάρκα,
3213 720 3306 773 καὶ
3337 720 3394 772 ὲν
3425 716 3502 786 τῷ
3535 734 3635 769 πε⁶

2055 824 2302 892 ριπατεῖν
2329 822 2495 873 αὐτὸν
2524 822 2580 872 ὲν
2610 821 2674 886 τῇ
2706 821 2778 887 γῇ
2812 817 2949 887 μετὰ
2980 815 3183 884 σαρκὸς
3211 811 3509 881 ὠνομάσθη
3542 813 3639 863 καὶ

2053 914 2300 966 ἒκαλεῖτο
2334 912 2604 982 Χριστός·
2644 913 2736 963 καὶ
2771 911 2959 963 λοιπὸν
2993 911 3020 961 6
3058 906 3291 978 Χριστὸς
3326 906 3354 957 6
3380 903 3509 966 Υἱὸς
3546 904 3642 954 καὶ

2054 1004 2229 1071 Λόγος
2264 1002 2358 1055 τοῦ
2394 1003 2529 1055 Θεοῦ
2571 1006 2687 1055 ἐστι
2713 1002 3137 1070 σεσαρκωμένος
3172 998 3312 1068 ἔχων
3347 996 3640 1067 ἀνθρώπου

2058 1098 2294 1164 μορφήν.

2128 1188 2193 1240 Τ.
2238 1188 2346 1239 Καὶ
2372 1187 2423 1239 τί
2457 1186 2647 1257 χρείαν
2674 1181 2819 1255 εἶχεν
2846 1186 2873 1236 6
2901 1184 3028 1245 Υἱὸς
3060 1185 3154 1236 καὶ
3184 1182 3355 1248 Λόγος
3382 1179 3475 1232 τοῦ
3494 1180 3647 1232 Θεοῦ

2060 1280 2147 1332 ἵνα
2191 1278 2477 1349 σαρκωθῇ,
2522 1280 2619 1331 καὶ
2659 1277 2731 1339 ob;
2774 1275 3066 1346 ἄνθρωπος
3104 1275 3428 1343 περιπατεῖν
3468 1275 3526 1325 ἐν
3568 1276 3649 1345 τῷ

2060 1373 2252 1440 κόσμῳ
2273 1390 2288 1438 ;

2135 1465 2205 1520 [Ι.
2244 1464 2463 1535 Ἐπειδὴ
2503 1464 2801 1534 ἠρώτησας
2850 1464 3065 1533 μαθεῖν,
3107 1463 3160 1513 τί
3210 1461 3401 1532 ἤθελεν
3443 1461 3470 1510 6
3514 1458 3657 1518 Θεὸς

2063 1559 2156 1611 καὶ
2191 1557 2524 1627 ἑσαρκοῡτο,
2561 1556 2793 1610 ἄκουσον
2830 1558 2921 1609 τὸν
2954 1555 3178 1624 τρόπον.
3216 1552 3351 1615 Θεὸς
3385 1550 3652 1616 οὐδεμίαν

2063 1650 2259 1719 χρείαν
2287 1644 2398 1719 εἷχε
2436 1648 2829 1719 σαρκωθῆναι,
2860 1647 3037 1716 ἀλλ’ἢ
3074 1646 3437 1715 ἁνθρωττότης
3474 1644 3657 1695 ἐδέετο

2070 1741 2335 1812 ἰατρείας.
2373 1740 2599 1811 Ἐπειδὴ
2634 1741 2744 1811 γὰρ
2781 1740 3040 1810 ἐποίησεν
3069 1740 3096 1791 6
3132 1738 3263 1801 Θεὸς
3298 1738 3386 1789 τὸν
3418 1736 3654 1805 οὐρανὸν

2073 1836 2165 1889 καὶ
2196 1836 2293 1904 τὴν
2321 1835 2427 1903 γῆν
2455 1836 2548 1887 καὶ
2579 1834 2757 1888 πάντα
2785 1834 2852 1885 τά
2882 1835 2938 1885 ἐν
2970 1834 3175 1898 αὐτοῖς,
3208 1836 3302 1884 καὶ
3333 1831 3535 1882 ἔπλασε
3565 1830 3660 1882 τὸν

2069 1926 2355 1998 ᾶιθρωπον
2386 1926 2475 1979 καὶ
2506 1927 2702 1997 ἔθηκεν
2730 1927 2891 1978 αὐτὸν
2922 1928 2977 1982 ἓν
3009 1926 3160 1995 μέσῳ
3187 1923 3278 1977 τοῦ
3299 1924 3661 1994 παραδείσου,

2071 2020 2163 2072 καὶ
2197 2018 2389 2083 ἔταξεν
2420 2019 2583 2072 αὑτὸν
2618 2018 2927 2089 βασιλεύειν
2959 2022 3036 2079 εἰς
3070 2019 3247 2070 πάντα
3275 2018 3343 2069 τὰ
3376 2016 3661 2084 κτίσματα

2071 2111 2165 2164 καὶ
2197 2114 2473 2164 κατοικεῖν
2502 2112 2557 2164 ἐν
2587 2112 2665 2181 τῷ
2697 2113 3013 2182 παραδείσῳ
3043 2111 3115 2174 ὡς
3148 2110 3282 2164 Θεόν
3304 2126 3321 2142 ⁶
3355 2108 3509 2170 εἰδὼς
3540 2108 3669 2159 τοῦ-

2071 2221 2163 2256 τον
2206 2205 2235 2256 6
2275 2203 2518 2266 διάϐολος
2564 2204 2841 2275 φθονήσας
2886 2204 2984 2274 τὴν
3028 2202 3121 2256 τοῦ
3166 2202 3457 2272 ἀνθρώπου
3502 2201 3667 2265 ἀξίαν

2075 2295 2495 2347 συνεϐούλευσεν
2538 2296 2686 2365 αὐτῷ
2730 2297 2808 2366 τῷ
2859 2295 3133 2367 ἀνθρώπῳ
3182 2294 3535 2363 παρακοῦσαι
3581 2291 3667 2359 τῷ

2073 2389 2212 2456 Θεῷ.
2244 2388 2304 2441 Ὀ
2324 2388 2381 2440 δὲ
2407 2388 2711 2459 ἄνθρωπος,
2740 2390 2814 2459 μὴ
2843 2390 2979 2459 ἔχων
3008 2392 3203 2460 πεῖραν
3219 2389 3315 2458 τῆς
3345 2386 3540 2448 κακίας
3567 2383 3669 2437 τοῦ

2076 2480 2343 2552 πονηροῦ,
2372 2482 2575 2551 ἢκουσε
2623 2483 2725 2550 τῆς
2774 2482 3088 2551 συμϐουλῆς
3132 2483 3225 2536 τοῦ
3274 2482 3520 2536 διαϐόλου
3568 2479 3669 2530 καὶ

2078 2575 2398 2644 παρήκουσε
2428 2572 2522 2629 τοῦ
2554 2574 2712 2628 Θεοῦ.
2745 2575 2854 2626 Καὶ
2885 2576 2950 2627 ὲκ
2980 2576 3101 2628 τότε
3132 2575 3347 2640 ἐδέξατο
3380 2576 3471 2628 τὸν
3502 2575 3673 2629 θάνα-

2075 2685 2166 2721 τον
2189 2669 2288 2738 τῆς
2316 2668 2592 2739 ἁμαρτίας
2613 2685 2628 2700 ο
2656 2668 2858 2737 ὁμοίως
2887 2671 2980 2721 καὶ
3009 2670 3068 2732 ἐξ
3096 2670 3304 2722 ἐκείνου
3331 2670 3426 2723 τοῦ
3453 2669 3671 2739 ἀνθρώο

2078 2778 2183 2813 που
2200 2762 2326 2828 γενό
2336 2777 2485 2829 μενοι
2503 2761 2598 2814 ἄνθ
2608 2778 2776 2830 ρωποι
2795 2763 2869 2820 ώς
2887 2763 2949 2813 ὲκ
2970 2763 3251 2830 προγόνων
3268 2763 3365 2832 τὴν
3384 2762 3669 2834 ἁμαρτίαν

2078 2854 2337 2916 λαϐόντες
2375 2853 2687 2923 ἐκράτησαν
2724 2854 2931 2924 ταύτην
2968 2855 3062 2908 καὶ
3100 2856 3281 2923 ἴσχυεν
3319 2856 3351 2925 ἡ
3388 2855 3663 2926 ἁμαρτία.

2080 2947 2178 3000 Διὰ
2216 2947 2309 2998 τὸν
2349 2946 2633 3016 ἄνθρωπον
2675 2947 2918 3016 ἔπεμψεν
2956 2949 2983 3000 ό
3028 2947 3161 3011 Θεὸς
3204 2949 3330 3010 τοὺς
3377 2949 3668 3019 προφήτας

2080 3039 2431 3102 διδασκάλους
2473 3041 2555 3103 είς
2587 3040 2679 3092 τὸν
2712 3041 2921 3106 κόσμον
2943 3083 2956 3105 ,
2999 3040 3086 3092 ἵνα
3119 3040 3377 3105 διδάξωσι
3410 3043 3536 3105 τοὺς
3570 3044 3672 3095 ἀν-

400 3155 529 3210 gere
556 3150 673 3200 eos,
712 3142 767 3186 et
813 3138 1095 3198 prapterea
1133 3122 1259 3175 talia
1328 3133 1517 3175 secum
1585 3115 1721 3170 dixit
1780 3110 1925 3168 Deus
1960 3126 1972 3163 :

2085 3131 2338 3201 θρώπους
2385 3133 2479 3185 καὶ
2533 3132 2852 3203 στραφῶσιν
2903 3135 3010 3185 ἀπὸ
3058 3136 3157 3202 τῆς
3214 3134 3507 3202 ἁμαρτίας.
3556 3135 3676 3188 Οὐκ

400 3229 735 3284 Deseeudam
770 3229 824 3275 et
864 3220 1085 3273 induam
1120 3228 1205 3267 me
1244 3225 1412 3265 carne
1450 3218 1505 3263 et
1547 3207 1671 3260 (iam
1714 3206 1766 3258 in
1802 3202 1976 3257 forma

400 3316 639 3373 hominis
686 3322 742 3367 et
782 3309 990 3363 docebo
1044 3312 1352 3359 creaturam
1404 3313 1606 3362 meam,
1655 3306 1713 3348 ut
1760 3307 1982 3347 convero

404 3418 552 3463 t‘atur
590 3421 621 3459 a
656 3402 885 3457 consilio
919 3396 1143 3459 diaboli,
1207 3401 1261 3448 et
1302 3392 1407 3446 erit
1439 3390 1619 3442 omnis
1656 3388 1819 3440 homo
1862 3396 1985 3438 tan—

402 3515 566 3570 quam
603 3496 745 3549 Dens
775 3508 884 3545 non
922 3487 1226 3545 secundum
1258 3495 1530 3546 naturam,
1556 3479 1649 3534 sed
1680 3475 1981 3531 secundum
2033 3502 2036 3506 ~

405 3588 903 3663 participationem.
940 3583 1002 3634 Et
1040 3580 1141 3635 hoc
1196 3579 1369 3631 voluit
1427 3575 1573 3628 Deus
1626 3571 1785 3624 Pater
1844 3570 1984 3622 bona

407 3662 688 3739 uoluntate
720 3688 774 3733 et
793 3673 1187 3744 cooperatione
1219 3668 1464 3738 Spiritus
1512 3664 1691 3720 sancti
1721 3678 1735 3714 :
1761 3662 1989 3715 descen-

407 3778 487 3833 dit
516 3774 683 3830 Filius
709 3778 800 3825 aut
826 3765 1064 3823 Verbum
1091 3764 1204 3830 Dei,
1231 3770 1285 3815 et
1313 3763 1596 3831 ingressus
1655 3763 1741 3810 est
1793 3768 1983 3823 puram

409 3884 463 3926 et
491 3865 901 3924 immaculatam
939 3858 1234 3929 Virginem,
1259 3862 1316 3910 et
1344 3852 1590 3921 suscepit
1643 3862 1889 3912 carnem,
1937 3855 1991 3899 et

412 3967 577 4020 homo
596 3960 774 4014 factus
805 3964 913 4021 est,
949 3962 1001 4008 et
1028 3962 1219 4023 postea
1253 3965 1317 4002 ex
1354 3957 1511 4001 utero
1544 3944 1782 4012 Virginis
1812 3956 1993 4007 egres-

408 4070 504 4109 sus
533 4056 896 4106 conversatus
925 4052 1009 4098 est
1048 4043 1102 4097 iu
1132 4043 1342 4094 mundo
1376 4051 1500 4090 cum
1565 4033 1879 4088 hominibus
1934 4036 1993 4084 ut

414 4147 599 4210 homo,
635 4152 689 4198 et
718 4140 1035 4195 nominatus
1061 4145 1143 4189 est
1165 4132 1437 4196 Christus,
1474 4132 1564 4199 Qui
1588 4129 1773 4181 docuit
1815 4125 1994 4179 homi-

414 4255 510 4293 nes
544 4239 684 4290 viam
719 4231 981 4288 veritatis.
1014 4230 1115 4282 Iste
1146 4235 1230 4282 est
1278 4223 1531 4279 Christus
1559 4222 1732 4276 Filius
1762 4231 1815 4274 et
1864 4219 1995 4274 Ver-

414 4334 539 4383 bum
577 4326 691 4392 Dei,
732 4338 956 4378 sumens
982 4333 1225 4383 carnem,
1262 4314 1351 4369 cui
1402 4313 1657 4367 convenit
1711 4298 1883 4381 gloria
1940 4318 1994 4364 et

414 4420 536 4474 laus
578 4420 630 4472 in
656 4415 854 4471 smcula
886 4410 1232 4466 saeculorum.
1263 4407 1459 4460 Amen.

2085 3223 2421 3293 ἐδυνήθησαν
2455 3224 2511 3275 δὲ
2548 3225 2596 3277 οι
2634 3226 2917 3293 προφῆται
2950 3226 3044 3277 τοῦ
3083 3225 3395 3295 διορθῶσαι.
3436 3227 3543 3278 Καὶ
3579 3226 3672 3279 διὰ

2086 3315 2243 3368 τοῦτο
2273 3311 2425 3367 εἶπεν
2455 3315 2482 3367 6
2511 3314 2643 3377 Θεὸς
2675 3317 2733 3369 ὲν
2761 3315 2940 3384 ἐαυτῷ
2963 3330 2976 3343 ⁸
3010 3314 3417 3385 Καταϐήσομαι
3452 3317 3546 3369 καὶ
3580 3333 3682 3385 φο-

2092 3407 2234 3475 ρέσω
2270 3407 2469 3473 σάρκα,
2506 3406 2600 3458 καὶ
2634 3407 2936 3476 γενήσομαι
2958 3406 3434 3477 ἁνθρωπόμορφος
3469 3408 3560 3459 καὶ
3595 3406 3681 3461 διο

2088 3495 2234 3562 δάξιο
2259 3498 2319 3548 τὸ
2348 3496 2575 3563 πλάσμα
2609 3516 2733 3566 μου,
2761 3491 2860 3552 ’καὶ
2890 3501 3295 3569 στραφήσονται
3326 3502 3432 3553 ἀπὸ
3456 3499 3555 3569 τῆς
3581 3499 3679 3552 τοῦ

2089 3589 2338 3642 διαϐόλου
2386 3589 2719 3660 συμϐουλῆς,
2770 3592 2860 3644 καὶ
2913 3592 3067 3647 ἔσται
3123 3596 3229 3657 πᾶς
3272 3591 3558 3664 ἄνθρωπος
3602 3594 3687 3658 ὡς

2091 3682 2246 3748 Θεὸς,
2280 3682 2372 3735 καὶ
2401 3684 2463 3734 οὐ
2495 3685 2635 3737 κατὰ
2664 3686 2763 3755 τὴν
2797 3683 2980 3753 φύσιν,
3015 3686 3151 3738 ἀλλὰ
3190 3689 3330 3739 κατά
3362 3704 3482 3739 τινα
3520 3702 3690 3755 μετο-

2094 3778 2217 3846 χὴν.
2259 3776 2366 3829 Καὶ
2402 3773 2561 3828 τοῦτο
2599 3776 2886 3847 βουληθεὶς
2922 3780 2949 3830 6
2985 3780 3119 3841 Θεὸς
3157 3778 3375 3848 εὐδοκία
3412 3776 3505 3830 τοῦ
3541 3777 3690 3830 Θεοῦ

2095 3868 2190 3920 καὶ
2209 3868 2420 3937 Πατρὸς
2448 3870 2541 3920 καὶ
2570 3869 2865 3940 συνεργείᾳ
2886 3869 2979 3921 τοῦ
3009 3870 3162 3938 ἁγίου
3189 3870 3528 3939 Πνεύματος,
3555 3888 3694 3938 συγ-

2095 3958 2301 4027 κατέϐη
2333 3961 2360 4013 6
2397 3959 2522 4024 Υἱὸς
2559 3962 2649 4014 καὶ
2685 3961 2857 4028 Λόγος
2891 3963 2985 4014 τοῦ
3022 3962 3158 4015 Θεοῦ
3193 3964 3286 4016 καὶ
3322 3964 3574 4034 εἰσῆλθεν
3604 3965 3691 4026 είς

2097 4052 2345 4121 καθαρὰν
2384 4054 2477 4106 καὶ
2514 4054 2673 4120 ἁγίαν
2712 4054 2982 4123 παρθένον
3019 4057 3211 4125 ἁγνὴν,
3250 4058 3344 4109 καὶ
3383 4056 3692 4126 προσλαϐό-

2102 4159 2260 4211 μενος
2294 4142 2471 4211 σάρκα
2502 4143 2947 4214 ὲνανθρώπησεν.
2980 4145 3091 4197 Καὶ
3123 4146 3282 4198 πάλιν
3310 4147 3373 4198 ἐκ
3400 4146 3500 4215 τῆς
3534 4145 3685 4216 Παρ-

2100 4232 2255 4285 θένου
2289 4233 2522 4297 ἐξελθὼν
2555 4237 2962 4307 περιεπάτησεν
2991 4238 3047 4289 ὲν
3075 4238 3150 4307 τῷ
3183 4238 3371 4309 κόσμῳ
3405 4241 3546 4309 μετὰ
3572 4239 3686 4290 τών

2099 4323 2432 4395 ανθρώπων.
2471 4328 2579 4379 Καὶ
2616 4329 2736 4380 τότε
2774 4328 3073 4399 ὠνομάσθη
3111 4330 3346 4400 Χριστὸς
3383 4334 3479 4383 καὶ
3513 4330 3684 4384 ἐδίδα-

2102 4413 2191 4479 ξεν
2219 4414 2346 4478 τοὺς
2375 4416 2701 4487 ἀνθρώπους
2729 4419 2828 4489 τὴν
2858 4420 2977 4475 ὁδὸν
3008 4424 3103 4493 τῆς
3134 4423 3392 4493 ἀληθείας
3417 4437 3435 4454 ’
3469 4424 3564 4476 καὶ
3593 4422 3689 4476 οὖ-

414 4529 504 4574 τος
533 4512 560 4562 6
590 4511 827 4580 Χριστὸς
856 4508 885 4559 6
914 4504 1044 4567 Υἱὸς
1073 4505 1167 4556 καὶ
1194 4502 1367 4569 Λόγος
1393 4497 1486 4550 τοῦ
1518 4495 1655 4550 Θεοῦ
1689 4498 1870 4568 σάρκα
1934 4504 2119 4576 φορῶν
2145 4522 2160 4538 ·
2230 4510 2380 4582 αὐτῴ
2452 4514 2486 4581 ἡ
2533 4511 2663 4585 δόξα
2743 4516 2824 4578 εἰς
2868 4516 2996 4580 τοὺς
3045 4515 3250 4580 αίῶνας
3296 4517 3403 4571 τῶν
3448 4519 3689 4572 αἰώνων.

431 4607 533 4676 Ἀρ.
539 4608 625 4674 ἠν.
