3948 6186
405 335 514 400 355

1484 318 1745 381 GENNA
1762 318 1872 379 [ΠΙ
1906 316 2021 378 CP.
2063 316 2587 377 PATRIARCHIB

3578 311 3687 377 356

405 449 664 510 rebimini
696 460 917 505 carnem
948 443 1174 499 edentes
1206 441 1527 502 humanam,
1562 447 1617 492 et
1660 436 1985 506 sanguinem

2127 434 2191 490 ὗν
2213 435 2558 502 ὐφεστήκασι
2593 431 2689 485 καὶ¹
2734 430 2876 483 εἰσὶν
2905 432 2961 483 ὲν
2983 430 3106 500 ὲμοί
3138 443 3150 458 ⁸
3188 426 3306 483 ἀλλ’
3338 430 3414 494 ὡς
3449 429 3508 484 ἐν
3541 433 3697 501 ἄρτῳ

414 548 658 602 bibentes
687 542 788 595 sub
818 537 1009 594 eadem
1042 537 1215 590 forma
1246 550 1353 605 qua
1378 532 1714 593 subsistunt,
1746 543 1798 585 et
1824 532 1879 584 in
1906 545 1992 583 me

411 648 559 701 sunt,
599 635 694 690 sed
753 642 1010 700 tanquam
1042 629 1097 683 in
1146 643 1287 699 pane
1319 635 1373 682 et
1407 626 1539 681 vino
1584 623 1993 679 manducabitis

410 737 464 783 et
492 725 692 781 bibetis
724 740 738 777 :
769 721 930 793 panis
970 731 1160 777 autem
1215 728 1271 776 et.
1300 718 1411 773 vini
1454 733 1732 788 apparens
1766 716 1991 787 veritas,

414 816 705 872 veritatem
752 828 862 868 non
900 818 1256 881 apparentem
1312 810 1563 880 corporis
1597 818 1650 862 et
1684 808 1995 879 sanguinis,

413 906 758 961 continebit:
796 903 1106 958 substantia
1144 901 1365 971 quidem
1404 907 1796 964 transmutata,
1848 908 1910 951 ut
1940 898 1997 952 in

417 1000 571 1055 vobis
593 1006 999 1054 sacramentum
1052 1002 1351 1062 operetur;
1396 1002 1621 1047 externa
1656 1006 1787 1046 vero
1819 989 1998 1045 forma

418 1094 608 1148 eadem
633 1098 1011 1160 permanente,
1045 1102 1112 1141 ne
1140 1102 1248 1157 qua
1284 1078 1384 1142 vos
1416 1086 1695 1140 haesitatio
1722 1093 1777 1138 et
1800 1083 2000 1138 horror

420 1188 694 1249 detinens,
720 1199 752 1238 a
786 1183 1179 1237 communione
1233 1180 1494 1234 abducat.
1528 1179 1655 1234 Haec
1700 1178 1889 1248 itaque
1919 1176 2000 1232 sic

426 1279 709 1339 facientes,
743 1287 850 1327 non
878 1272 1139 1326 amicitiae
1168 1271 1373 1334 solum,
1412 1270 1509 1324 sed
1539 1268 1801 1323 utilitatis
1827 1266 1997 1321 etiam

423 1383 611 1434 causa,
671 1378 1023 1422 sermonum'
1057 1378 1311 1419 meorum
1371 1373 1427 1417 et
1478 1362 1606 1414 vitae
1638 1375 1771 1415 mea:
1796 1372 2005 1415 memo-

427 1463 561 1517 riam
597 1460 883 1523 hahentes,
935 1467 1050 1511 tum
1103 1457 1159 1512 in
1196 1454 1471 1526 spirituali
1509 1454 1621 1508 vita
1674 1452 2003 1522 proﬁcietis,

426 1565 538 1607 tum
574 1553 765 1607 futura
818 1551 910 1605 illa
947 1550 1059 1604 vita
1093 1550 1245 1620 digni
1278 1555 1596 1617 opportuno
1625 1554 1871 1614 tempore
1897 1543 2007 1599 em-

424 1644 671 1705 ciemini.
698 1643 767 1698 ad
784 1657 949 1712 quam
985 1655 1083 1696 vos
1117 1640 1377 1702 antehac,
1412 1646 1674 1708 quantum
1707 1637 1842 1692 satis
1868 1644 2006 1701 erat,

429 1738 749 1809 praeparavi.
779 1734 928 1790 Talis
956 1745 1039 1790 est
1080 1734 1245 1804 hujus
1286 1731 1623 1788 sacramenti
1647 1743 1871 1799 sc0pus.
1910 1742 2009 1783 au-

2102 531 2197 582 καὶ
2251 528 2382 598 οἴνῳ
2438 526 2671 581 ὲσθίειν“
2709 526 2806 578 καὶ
2858 524 3038 577 πίνειν
3094 522 3347 593 μέλλετε,
3380 526 3477 577 καὶ
3527 527 3562 595 ἡ
3597 526 3695 578 τοῦ

2102 623 2271 693 ἀρτου
2320 620 2415 673 καὶ
2466 618 2613 672 οἴνου
2646 616 2956 688 φαινομένη
2991 616 3246 687 ἀλήθεια,
3275 615 3378 687 τὴν
3424 617 3696 687 ἀλήθειαν

2103 714 2283 782 ἀφανῆ
2312 711 2697 784 τοῦσώματος
2729 710 2827 763 καὶ
2860 708 3098 779 αἵματος
3131 707 3403 779 περιέξει,
3442 709 3545 778 τῆς
3596 711 3698 779 μὲν

2105 805 2294 867 οὐσίας
2332 803 2796 874 μεταδληθείσης,
2827 802 2905 865 ὡς
2930 800 2998 855 ἂν
3032 801 3092 854 ἐν
3125 801 3258 871 ὑμῖν
3288 800 3352 853 τὸ
3385 803 3697 871 μυστήριον

2108 902 2329 970 ἐνεργῇ,
2366 899 2463 969 τῆς
2515 897 2575 951 δὲ
2604 896 2807 962 ἔξωθεν
2836 892 3138 958 διαθέσεως
3187 894 3289 963 τῆς
3320 893 3493 962 αὐτῆς
3529 891 3709 957 σωζο-

2114 993 2304 1063 μένης,
2332 993 2420 1045 ῐνα
2453 990 2644 1062 μηδεὶς
2670 990 2821 1061 ὑμᾶς
2853 986 3064 1058 ἴλιγγος
3098 988 3394 1058 κατασχὼν
3425 988 3706 1060 ἀπαγάγῃ

2109 1087 2208 1155 τῆς
2240 1084 2623 1156 μεταλήψεως.
2659 1083 2849 1137 Ταῦτα
2892 1081 3078 1136 τοίνυν
3116 1081 3261 1134 οὕτω
3290 1080 3603 1146 ποιοῦντες,
3637 1081 3708 1133 οὐ

2114 1181 2298 1251 φιλίας
2328 1179 2497 1234 ἕνεκα
2537 1179 2721 1249 μόνον.
2752 1178 2892 1232 ἀλλὰ
2948 1178 3046 1231 καὶ
3072 1176 3364 1244 ὠφελείας,
3406 1176 3498 1228 καὶ
3525 1176 3696 1242 λόγου

2112 1274 2207 1327 καὶ
2239 1271 2356 1342 βίου
2400 1270 2838 1342 μνημονεύοντες
2881 1269 2989 1322 τῶν
3020 1269 3193 1340 ἀμῶν,
3226 1271 3284 1322 ἐν
3336 1270 3404 1337 τῇ
3454 1284 3714 1335 πνευμα-

2113 1368 2238 1435 τικῇ
2286 1364 2402 1436 ζωῇ
2457 1363 2764 1434 προκόψετε
2814 1363 3029 1433 δήπου,
3072 1362 3175 1415 ’καὶ
3236 1360 3339 1430 τῆς
3395 1359 3715 1430 μελλούσης

2113 1457 2328 1527 ἐκείνης
2381 1456 2657 1526 ἑγκαίρως
2704 1453 3106 1525 ἀξιωθήσεσθε,
3136 1454 3273 1521 πρὸς
3318 1454 3385 1524 ἣν
3418 1454 3564 1522 ὑμᾶς
3596 1453 3710 1522 ἀρ-

2115 1549 2357 1613 κούντως
2403 1547 2641 1616 πρόσθεν
2691 1548 3026 1617 κατήρτισα.
3056 1545 3229 1610 Οὗτος
3274 1547 3302 1599 6
3344 1544 3437 1598 τοῦ
3489 1560 3713 1614 μυστη-

2119 1644 2238 1715 ρίου
2278 1642 2505 1707 σκοπδς,
2534 1635 2581 1695 ὦ
2628 1640 2921 1707 παρόντες,
2950 1638 3027 1703 ὡς
3075 1640 3134 1693 ἐν
3183 1640 3389 1707 ὀλίγοις
3428 1638 3558 1705 περὶ
3600 1634 3709 1689 τοῦ

2121 1735 2380 1806 μεγίστου
2416 1735 2511 1787 καὶ¹
2541 1732 2823 1787 θειοτάτου
2854 1731 3151 1786 διαλαϐεῖν.
3189 1731 3300 1784 Καὶ
3348 1728 3440 1783 νῦν
3488 1730 3548 1781 τὸ
3598 1745 3715 1797 μυ-

428 1830 656 1895 ditores,
686 1836 953 1898 quantum
988 1827 1182 1895 paucis
1210 1824 1279 1880 de
1314 1823 1557 1879 maximo
1584 1831 1639 1877 et
1662 1822 2010 1878 divinissimo

2126 1831 2338 1900 στήριον
2367 1829 2481 1889 τοῖς
2513 1826 2803 1896 μετέχουσι
2829 1823 3118 1895 προκοπὴν
3152 1824 3251 1890 τῆς
3277 1822 3420 1875 κατά
3451 1820 3701 1892 Χριστοῦ

428 1924 772 1973 sacramento
819 1914 1004 1969 dicere
1028 1914 1182 1969 licet.
1212 1914 1276 1967 Et
1306 1928 1455 1968 nunc
1488 1920 1900 1968 sacramentum
1951 1914 2008 1966 in

2126 1924 2261 1992 ζωῆς
2309 1918 2669 1991 ἐνεργάζεται
2717 1918 2856 1989 ὅπερ
2892 1915 3227 1986 σωματικῶς
3272 1916 3377 1986 δρᾷ
3409 1915 3471 1967 τὸ
3504 1913 3707 1981 φαινό-

429 2010 987 2071 communicantibus,
1049 2006 1355 2077 profectum
1385 2006 1511 2060 vita:
1538 2006 1592 2058 in
1624 2003 1847 2059 Christo
1883 2018 2013 2073 ope-

2126 2032 2278 2084 μενον
2300 2011 2467 2066 αὑτοῦ
2487 2028 2500 2043 ο
2540 2009 2699 2063 τοῦτο
2732 2008 3011 2078 μυστικῶς
3037 2025 3097 2061 τε
3139 2006 3233 2060 καὶ⁵
3262 2006 3514 2077 ἀοράτως
3549 2005 3705 2058 ἔνδον

432 2112 606 2167 ratur,
633 2102 888 2171 quodque
927 2099 1287 2168 corporaliter
1315 2097 1511 2162 et'licit,
1546 2096 1599 2150 id
1637 2111 1749 2167 quo
1775 2096 1895 2166 ejus
1927 2096 2012 2149 vi-

428 2195 737 2257 delUI‘,IIOC
769 2200 985 2248 secreto
1002 2201 1059 2247 et
1110 2191 1465 2246 invisibiliter
1487 2189 1725 2260 perlicit,
1768 2189 1819 2244 id
1865 2188 2012 2259 quod

433 2287 662 2340 interius
684 2294 789 2341 est.
814 2283 1002 2339 Nutrit
1038 2284 1185 2340 enim
1218 2294 1273 2339 et
1298 2283 1474 2339 reﬁcit
1497 2283 1736 2337 animam
1766 2292 2013 2337 nostram

428 2377 637 2432 Christi
674 2392 897 2447 corpus,
937 2377 1083 2431 sicut
1117 2374 1275 2444 panis
1317 2375 1533 2445 corpori
1582 2374 1727 2428 idem
1771 2382 2013 2443 praestat.

434 2468 496 2520 Et
522 2467 660 2521 sicut
698 2466 1004 2535 regenerati
1030 2475 1086 2519 et
1111 2463 1376 2530 baptizati
1410 2461 1718 2531 accipimus
1748 2475 1871 2516 esse
1896 2475 2019 2529 gra-

432 2560 521 2613 tia:
545 2575 652 2628 quo
681 2558 883 2612 desinit
935 2572 1060 2613 esse
1110 2557 1344 2626 peccati,
1380 2555 1529 2608 uncti
1561 2570 1686 2608 vero
1718 2554 2017 2607 chrismate

432 2658 485 2709 tu
513 2649 1101 2719 regenerationisdono
1126 2647 1543 2709 conﬁrmantur,
1574 2658 1628 2700 et
1659 2646 1858 2715 signati
1886 2661 2018 2700 cun-

434 2743 705 2797 furtamur
737 2742 802 2796 ad
837 2740 1145 2811 spiritualia
1172 2740 1501 2800 certamina,
1532 2754 1665 2808 quae
1708 2754 1811 2792 nos
1858 2738 2023 2808 spiri-

437 2835 657 2890 tualiter
703 2836 917 2895 genitos
965 2833 1155 2888 subire
1206 2846 1438 2901 prorsus
1495 2846 1723 2886 necesse
1775 2840 1895 2896 est;
1947 2831 2019 2883 ita

433 2929 604 2982 etiam
633 2926 977 2981 robustiores
1028 2922 1203 2978 tactos
1240 2921 1444 2976 nutriri
1482 2930 1716 2992 oportet,
1770 2932 1825 2974 et
1873 2920 2026 2974 acci-

436 3037 563 3091 pere
583 3018 1051 3090 pcrseverantiatn
1077 3024 1133 3073 et
1161 3025 1513 3086 augmentum
1551 3015 1606 3067 in
1632 3014 1818 3068 eadem
1850 3014 2023 3080 gratia

439 3129 534 3184 per
555 3121 966 3177 sacramentum
998 3108 1434 3165 communionis.
1467 3105 1541 3163 Ut
1572 3107 1716 3161 enim
1744 3105 1896 3160 calor
1922 3118 2023 3159 na-

2114 2103 2296 2160 ἀνύον.
2332 2106 2539 2176 Τρέφει
2594 2103 2707 2174 γὰρ
2753 2103 2848 2156 καὶ
2900 2103 3208 2156 ἀνακτᾶται
3268 2100 3371 2171 τὴν
3420 2099 3710 2171 ἡμετέραν

2114 2197 2293 2267 ψυχὴν
2340 2196 2402 2248 τὸ
2446 2194 2541 2249 τοῦ
2587 2194 2830 2261 Χριστοῦ
2863 2193 3044 2264 σῶμα,
3077 2192 3336 2264 καθάπερ
3365 2192 3395 2245 6
3424 2191 3592 2259 ἄρτος
3621 2187 3709 2257 τῷ

2118 2288 2330 2359 σώματι
2377 2288 2538 2342 τοῦτο
2581 2289 2897 2358 ἐργάζεται.
2949 2288 3056 2340 Καὶ
3103 2286 3357 2355 καθάπερ
3388 2279 3709 2348 ἀναγεννὼο

2121 2381 2263 2453 μεθα
2321 2381 2738 2453 βαπτιζόμενοι,
2771 2392 2869 2439 καὶ
2911 2382 2973 2434 τὸ
2998 2377 3137 2434 εἶναι
3183 2378 3281 2448 τῆς
3330 2379 3573 2448 χάριτος,
3602 2372 3709 2427 τοῦ

2118 2470 2260 2529 εἶναι
2304 2475 2405 2545 τῆς
2450 2475 2730 2548 ἁμαρτίας
2773 2473 3278 2544 ,ἀπιλαμὸἀνομει
3312 2469 3597 2540 χριόμενοι
3645 2466 3713 2518 δὲ

2118 2569 2195 2637 τῷ
2229 2568 2387 2638 μύρῳ
2432 2570 2489 2621 ὲν
2532 2568 2686 2639 αὐτῷ
2735 2569 2835 2637 τῆς
2874 2566 3289 2636 ἀναγεννήσεως
3333 2558 3715 2634 βεδαιούμεθα

2118 2660 2297 2731 δώρῳ.
2359 2660 2453 2712 καὶ
2508 2660 2645 2729 πρὸς
2667 2660 2797 2723 τοὺς
2843 2659 3260 2729 πνευματικοὺς
3305 2657 3527 2726 ἀγῶνας
3596 2656 3715 2706 ἐνι-

2122 2752 2403 2822 σχυόμεθα
2455 2752 2892 2822 σημειούμενοι,
2947 2751 3040 2816 οὓς
3102 2752 3318 2821 ἀνάγκη
3372 2752 3526 2804 πᾶσα
3575 2749 3716 2810 τοὺς

2125 2844 2514 2915 πνευματικῶς
2562 2848 2942 2915 γεννωμένους
3004 2845 3367 2917 ὑπέρχεσθαι,
3427 2842 3572 2897 οὕτω
3626 2842 3719 2896 δεῖ

2127 2937 2219 2990 καὶ
2251 2935 2553 3007 τρέφεσθαι
2591 2937 3038 3008 δυναμωθέντας,
3072 2938 3167 2991 καὶ
3196 2938 3296 3007 τὴν
3324 2938 3381 2989 ἐν
3421 2939 3487 3007 τῇ
3520 2935 3712 3006 χάριτι

2126 3025 2424 3096 λαμϐάνειν
2450 3027 2714 3099 διαμονὴν
2746 3029 2840 3082 καὶ
2874 3030 3138 3093 ἐπίδοσιν,
3175 3029 3253 3100 τῷ
3287 3028 3574 3100 μυστηρίῳ
3602 3027 3709 3095 τῆς

2134 3118 2752 3190 μεταλήψεως.”Ωσπερ
2805 3124 2914 3193 γὰρ
2968 3124 2999 3193 η
3055 3122 3259 3192 φυσικὴ
3306 3122 3402 3174 τοῦ
3454 3120 3713 3191 σώματος

441 3203 630 3258 turalis
668 3202 918 3272 corporis
942 3209 1292 3256 consumeret
1318 3199 1607 3254 humidum
1653 3197 1901 3268 ejusdem
1936 3197 2018 3250 in.

2129 3208 2307 3279 θέρμη
2339 3207 2606 3263 ἀναλώσει
2658 3209 2727 3264 ἀν
2756 3213 2857 3285 τὴν
2885 3192 3138 3284 ἔμφυτον
3173 3212 3449 3283 ὑγρότητα
3480 3210 3707 3273 τούτου,

442 3301 653 3354 natum,
680 3292 782 3345 nisi
808 3291 1199 3345 alimentorum
1235 3288 1555 3345 accessione
1605 3286 1752 3341 facta
1803 3296 2026 3341 susten-

445 3393 685 3448 taretur,
743 3391 798 3437 et
866 3382 1073 3437 idcirco
1124 3382 1251 3436 cibo
1300 3389 1354 3436 et
1424 3390 1555 3451 potu
1622 3390 2028 3435 conservantur

443 3476 648 3545 optime
673 3473 863 3529 vitalia
894 3474 1150 3536 interius,
1201 3473 1404 3543 quibus
1433 3481 1630 3527 natura
1676 3480 1860 3526 nostra
1896 3485 2029 3524 con-

443 3567 611 3630 sistit,
637 3574 895 3634 cor-rupta
919 3566 1104 3620 calore
1130 3573 1461 3635 reparantur
1505 3574 1561 3619 et
1600 3572 2024 3626 conservantur,

440 3670 495 3712 et
525 3658 862 3727 impossibile
889 3666 969 3712 est
1016 3658 1174 3711 aliter
1224 3658 1516 3711 humanam
1549 3654 1718 3708 vitam
1752 3654 2029 3723 turaliter-

443 3766 658 3820 cunque
695 3748 995 3806 sustentari
1034 3766 1050 3804 :
1096 3750 1168 3803 ita
1225 3757 1281 3804 et
1328 3748 1547 3802 malitiae
1596 3747 1747 3801 calor
1797 3747 2029 3801 interius

444 3845 687 3899 animam
742 3843 1068 3913 depascens,
1112 3842 1443 3912 pietatisque
1509 3843 1710 3897 bonam
1744 3839 2025 3894 habitudi-

442 3951 565 3991 nem
631 3936 959 3999 emacians,
1027 3935 1233 3987 laceret
1284 3948 1403 3987 eam
1495 3931 1721 3985 omnino
1771 3929 2025 3994 deiicere,

440 4027 544 4082 nisi
576 4026 761 4081 anima
798 4026 943 4080 lnmc
975 4025 1322 4096 spiritualem
1352 4024 1535 4078 cibum
1593 4025 1890 4092 acciperet,
1926 4023 2025 4076 oh-

440 4119 732 4173 sistentem
779 4118 831 4171 vi
867 4117 1200 4187 corruptrici
1243 4116 1486 4179 malitiae,
1528 4126 1583 4169 et
1612 4115 1668 4168 in
1698 4114 1859 4169 nobis
1882 4113 2028 4170 dona

439 4210 750 4282 spiritualia
772 4210 1192 4265 conﬁrmantem
1225 4218 1281 4263 et
1306 4217 1582 4276 agentem.

513 4390 730 4461 Corpus
779 4397 967 4445 autem
1023 4388 1230 4444 Christi
1286 4387 1538 4459 cerporis
1570 4388 1783 4443 ratione
1808 4395 1894 4443 est
1924 4404 2027 4443 nu~

443 4486 637 4548 triens,
690 4485 908 4539 ratione
963 4496 1094 4537 vero
1142 4482 1399 4551 puritatis
1434 4498 1532 4552 per
1587 4483 1846 4538 unionem
1901 4498 2027 4538 cum

442 4576 630 4631 divina
661 4587 856 4631 natura
888 4576 1192 4646 puriﬁcans
1228 4585 1283 4628 et
1343 4576 1718 4640 sanctilicans,
1745 4575 2023 4631 suﬂicien-

449 4680 531 4724 ter
584 4670 748 4724 nobis
791 4667 1083 4738 spirituale
1137 4668 1344 4737 praebet
1386 4669 1733 4723 alimentum.
1791 4669 1866 4725 Ita
1904 4685 2034 4726 vero

446 4756 709 4825 praeclare
774 4757 1054 4819 nutritus,
1115 4757 1181 4809 all
1247 4757 1590 4824 spiritualem
1628 4759 1919 4827 puritatem
1978 4771 2035 4816 et

449 4849 744 4905 sanitatem
778 4849 1006 4915 reducit,
1048 4864 1158 4919 qua
1196 4848 1326 4903 olim
1358 4865 1459 4905 nos
1507 4851 1660 4905 vetiti
1702 4850 1912 4909 fructus
1943 4869 2035 4909 co-

452 4943 647 4999 mestio
677 4942 969 5014 deiecerat.
1011 4938 1309 5013 Oportebat
1361 4942 1504 4996 enim
1539 4958 1672 5010 nos,
1716 4946 1811 5015 qui
1838 4960 2035 5014 corpo-

458 5050 553 5091 reo
578 5035 817 5107 quodam
850 5035 973 5091 cibo
1007 5036 1385 5090 innocentiam
1419 5044 1475 5092 et
1510 5037 1802 5092 sanitatem
1833 5041 2034 5094 amise-

446 5143 659 5195 ramus,
690 5142 959 5198 corporeo
978 5127 1218 5197 quodam
1241 5126 1503 5183 alimento
1525 5127 1672 5182 illam
1698 5138 2032 5191 restaurare,

432 5229 505 5275 aut
560 5222 635 5275 ita
692 5219 895 5277 similia
959 5220 1275 5286 similibus,
1313 5228 1368 5274 et
1416 5220 1693 5275 contraria
1741 5221 2034 5277 contrariis

442 5322 754 5383 opportune
815 5321 1168 5379 curarentur,
1236 5314 1702 5381 quemadmodum
1765 5314 1871 5368 cibi
1929 5315 2030 5379 illi,

448 5412 681 5475 uterque
716 5421 1040 5478 corporeus,
1069 5415 1178 5459 tam
1211 5408 1305 5475 qui
1332 5406 1487 5475 prius
1519 5406 1688 5461 exitio
1713 5405 1836 5470 fuit,
1866 5424 2031 5476 quam

446 5498 547 5567 qui
587 5514 736 5555 nunc
760 5502 923 5557 saluti
969 5511 1076 5568 est,
1132 5499 1343 5555 sanitas
1383 5507 1441 5555 et
1473 5500 1581 5554 vita
1617 5500 1942 5569 spiritualis,
1980 5502 2033 5556 id

447 5589 598 5657 quod
620 5605 765 5645 nunc
793 5592 989 5659 saivat,
1012 5601 1068 5648 et
1093 5592 1242 5664 quod
1275 5592 1404 5647 olim
1435 5593 1703 5662 corrupit.
1739 5591 1843 5647 Sed
1880 5592 2032 5649 illum

447 5680 671 5749 quidem
700 5682 1052 5753 cibumﬁeus
1085 5685 1477 5756 prohibuerat,
1511 5685 1677 5743 istum
1710 5701 1843 5743 vero
1886 5704 2033 5743 nunc

444 5780 507 5830 et
539 5773 797 5844 usurpari
828 5774 1077 5845 praecipit
1130 5786 1185 5833 et
1218 5778 1596 5835 subministrat
1625 5796 1639 5859 ξ
1672 5777 1821 5835 illum
1857 5780 2031 5836 malus

2134 3300 2209 3371 μὴ
2238 3302 2357 3362 ταῖς
2382 3301 2491 3354 ἀπὸ
2514 3301 2622 3355 τῶν
2663 3306 2884 3373 τροφῶν
2920 3305 3263 3376 προσθήκαις
3303 3303 3711 3375 βοηθουμὲνην,

2131 3393 2228 3447 καὶ
2272 3392 2365 3446 διὰ
2395 3392 2554 3447 τοῦτο
2587 3397 2654 3464 τῇ
2694 3399 2871 3468 τροφῇ
2904 3398 2997 3452 καὶ
3024 3398 3103 3467 τῷ
3136 3398 3344 3467 πόματι
3377 3396 3715 3466 φυλάττεται

2132 3487 2233 3555 μὲν
2284 3488 2351 3539 τὰ
2399 3489 2743 3541 συνιστῶντα
2794 3491 2894 3562 τὴν
2923 3491 3088 3560 φύσιν
3137 3492 3286 3547 ἔνδον
3339 3490 3544 3557 καλῶς,
3582 3492 3717 3544 ἀνα-

2131 3575 2434 3647 πληροῦται
2462 3579 2520 3632 δὲ
2556 3581 2624 3633 τὰ
2649 3581 2927 3653 φθαρέντα
2953 3586 3018 3656 τῇ
3054 3584 3256 3657 θέρμη,
3288 3585 3381 3637 καὶ
3429 3584 3715 3649 ἀνασώζε-

2128 3687 2256 3733 ται,
2311 3672 2406 3724 xui
2458 3671 2720 3728 ἀδύνατόν
2770 3676 2918 3729 ἐστιν
2970 3678 3148 3740 ἄλλως
3199 3679 3299 3749 τὴν
3358 3679 3717 3749 ἀνθρωπίνην

2131 3759 2299 3833 ζωὴν,
2338 3763 2447 3815 οὐδ’
2475 3766 2560 3832 ἐφ’
2613 3765 2837 3819 ὁσονοῦν
2883 3768 3210 3839 διαρκέσαι·
3245 3768 3417 3833 οὕτως
3461 3774 3495 3840 ἡ
3529 3771 3715 3842 θέρμη

2131 3855 2395 3928 πονηρίας
2423 3857 2639 3911 ἔνδοθεν
2670 3859 2768 3930 τὴν
2796 3859 2977 3931 ψυχὴν
3008 3878 3112 3915 κατ
3125 3863 3450 3933 ατρώγουσα
3491 3866 3568 3936 τῷ
3612 3867 3716 3936 τὴν

2130 3946 2362 4017 πιότητα
2388 3950 2485 4013 τῆς
2516 3949 2801 4015 εὐλαϐείας
2834 3952 3133 4023 ξηραίνειν,
3159 3956 3415 4027 ἐποίησεν
3445 3957 3511 4011 ἂν
3538 3958 3717 4028 αὐτὴν

2128 4039 2478 4093 παντάπασιν
2508 4041 2774 4108 ἐκλιπεῖν,
2807 4046 2855 4098 εί
2882 4047 2958 4115 μὴ
2981 4047 3079 4116 τὴν
3103 4052 3480 4119 πνευματικὴν
3504 4053 3714 4121 ταύτην

2135 4131 2169 4200 ἡ
2209 4129 2357 4201 ψυχὴ
2396 4134 2605 4203 τροφὴν
2662 4135 3141 4207 προσελάμϐανεν,
3177 4142 3717 4214 ἀντικαθισταμένην

2129 4225 2196 4292 τῇ
2223 4222 2499 4294 φθαρτικῇ
2531 4225 2757 4295 δυνάμει
2807 4230 2907 4299 τῆς
2936 4232 3227 4302 πονηρίας,
3252 4235 3347 4287 καὶ
3370 4237 3715 4291 συνιστῶσαν

2128 4315 2186 4367 ὲν
2218 4316 2350 4384 ἡμῖν
2375 4316 2446 4369 τὰ
2468 4322 2819 4389 πνευματικά
2838 4321 2934 4375 τοῦ
2956 4323 3092 4377 Θεοῦ
3115 4325 3287 4395 δῶρα,
3311 4328 3402 4380 καὶ
3419 4327 3714 4394 αὔξουσαν.

2200 4408 2275 4460 Τὸ
2306 4407 2363 4460 δὲ
2415 4409 2511 4461 τοῦ
2539 4412 2779 4482 Χριστοῦ
2834 4414 2994 4485 σῶμα
3021 4417 3101 4486 τῷ
3154 4418 3253 4487 μὲν
3297 4419 3442 4492 λόγῳ
3482 4421 3580 4476 τοῦ
3612 4423 3720 4477 σώ-

2055 4535 2108 4596 D
2141 4516 2310 4596 ματος
2353 4502 2580 4596 τρέφον,
2630 4505 2708 4574 τῷ
2752 4505 2812 4559 δὲ
2858 4506 2960 4577 τῆς
3006 4509 3384 4583 καθαρότητος
3442 4514 3588 4586 λόγῳ
3649 4520 3717 4587 τῇ

2137 4593 2274 4662 πρὸς
2312 4593 2413 4665 τὴν
2453 4595 2607 4649 θείαν
2647 4599 2812 4667 φύσιν
2863 4600 3055 4656 ὲνώσει
3103 4604 3366 4676 καθαῖρον
3409 4610 3505 4663 καὶ
3555 4611 3720 4680 ἁγιά-

2137 4686 2250 4752 ζον,
2304 4688 2620 4759 ἀρκούντως
2666 4694 2801 4761 ἡμῖν
2843 4694 2946 4767 τὴν
2993 4699 3372 4771 πνευματικὴν
3420 4704 3720 4774 παρέχεται

2135 4779 2350 4849 τέρψιν.
2379 4782 2713 4852 Τρεφόμενοι
2749 4785 2805 4840 δὲ
2835 4786 2977 4841 οὕτω
3012 4790 3192 4854 καλῶς
3244 4793 3381 4861 πρὸς
3422 4795 3521 4865 τὴν
3556 4814 3720 4849 πνευ-

2139 4874 2375 4944 ματικὴν
2425 4875 2777 4947 καθαρότητα
2830 4881 2924 4934 καὶ
2972 4883 3163 4952 ὑγείαν
3204 4886 3615 4958 ἑπαναγόμεθα,
3652 4886 3719 4961 ἧς

2134 4964 2282 5033 ἡμᾶς
2319 4964 2420 5033 τῆς
2456 4968 2846 5041 κεκωλυμένης
2900 4972 3105 5043 βρῶσις
3147 4978 3345 5043 ἐξέωσε
3389 4982 3533 5036 τότε.
3565 4983 3722 5036 Ἔδει

2135 5056 2245 5127 γὰρ
2300 5058 2449 5129 ἡμᾶς
2485 5065 2771 5132 σωματικῇ
2814 5082 2919 5119 τινι
2955 5067 3158 5136 βρώσει
3196 5074 3294 5142 τὴν
3347 5075 3721 5145 ἁκεραιότητα

2137 5153 2230 5200 καὶ
2292 5150 2391 5220 τὴν
2449 5152 2636 5221 ὑγείαν
2686 5156 2903 5226 ἐκείνην
2965 5161 3361 5228 ἀποϐαλόντας,
3428 5172 3717 5237 σωματικῇ

2133 5254 2242 5290 τινι
2281 5240 2443 5293 πάλιν
2490 5246 2667 5313 τροφῇ
2718 5247 2856 5314 πρὸς
2890 5250 3106 5321 ἐκείνην
3149 5254 3490 5321 ἐπανελθεῖν,
3524 5261 3622 5309 καὶ
3654 5260 3723 5310 τὰ.

2141 5330 2238 5398 μὲν
2268 5332 2431 5399 ὃμοια
2460 5336 2571 5398 τοῖς
2604 5339 2813 5407 ὁμοίοις
2835 5340 3242 5416 θεραπευθῆναι
3268 5348 3470 5411 καλῶς,
3505 5350 3618 5411 τοῖς
3661 5350 3721 5401 δὲ

2138 5424 2399 5501 ἐναντίοις
2438 5428 2507 5479 τὰ
2558 5431 2798 5498 ἐναντία,
2833 5430 2947 5486 οἷον
2998 5436 3232 5506 βρώσεις
3274 5439 3372 5509 μὲν
3400 5442 3569 5514 ἄμφω
3614 5461 3722 5495 σω-

2140 5521 2385 5584 ματικαὶ,
2422 5520 2455 5589 ἥ
2489 5537 2547 5573 τε
2575 5522 2941 5595 διαφθείρασα
2976 5529 3071 5598 τὴν
3093 5531 3290 5602 ἀρχὴν,
3319 5534 3352 5604 ἦ
3380 5552 3439 5588 τε
3467 5535 3723 5601 σώζουσα

2137 5606 2254 5671 νῦν,
2292 5610 2385 5661 καὶ
2423 5611 2581 5680 ὑγεία
2625 5619 2719 5669 καὶ
2771 5623 3120 5693 πνευματικὴ
3172 5623 3307 5696 ζωὴ,
3346 5627 3406 5680 τό
3446 5646 3503 5682 τε
3546 5627 3725 5693 σωζό-

2139 5716 2322 5769 μενον,
2363 5704 2425 5755 τό
2459 5722 2517 5756 τε
2565 5708 2949 5781 φθειρόμενον.
2993 5716 3131 5768 Ἀλλ’
3174 5721 3393 5789 ἐκείνην
3437 5722 3535 5791 μὲν
3581 5724 3725 5775 ἀπέ-

2134 5808 2340 5861 τρεπεν
2372 5796 2399 5847 6
2438 5795 2594 5883 656;,
2619 5802 2824 5876 ταύτην
2863 5806 2917 5859 δὲ
2948 5806 3047 5863 νῦν
3086 5813 3371 5886 ἐπιτρέπει
3425 5817 3516 5868 καὶ
3552 5830 3723 5888 χορη-
