3948 6186
296 330 401 392 3Ξ7

1282 338 1470 399 ΠΟΜ.
1518 341 1615 400 DE
1651 341 1974 403 SACRAM.
2022 341 2378 404 CORPORE
2422 346 2481 407 εἷ.
2513 347 2577 408 C.

3473 355 3580 418 3L8

295 453 425 518 γεῖ’
484 450 750 523 κάκείνην
800 451 900 523 μὲν
948 456 977 508 ό
1024 456 1263 527 πονηρὸς
1322 459 1600 528 εἰσηγεῖτο
1652 458 1865 529 δαίμων

1996 457 2207 514 daemon
2249 460 2522 527 exhibuit,
2554 461 2721 518 istius
2760 477 2891 519 vero
2922 463 3095 522 Filius
3122 465 3217 523 Dei
3251 484 3358 524 non
3390 476 3544 526 horta
3566 503 3580 512 ο

294 543 509 613 ταύτης
554 544 611 597 δὲ
642 547 670 597 6
706 545 802 599 τοῦ
852 546 989 601 Θεοῦ
1030 548 1179 612 Υἱὸς,
1212 550 1272 601 οὐ
1330 550 1636 619 σύμϐουλος
1695 552 1881 623 μόνον,

294 638 436 690 ἀλλὰ
493 638 741 701 διάκονος
812 640 1070 705 γίνεται·
1130 643 1360 712 κάκείνη
1426 645 1525 713 μὲν
1583 644 1921 715 ἡρπάζετο,

297 732 437 799 πρὸς
498 732 703 797 ταύτην
756 731 812 783 δὲ
875 733 969 785 καὶ
1042 736 1521 805 παρακαλούμεθα
1586 736 1883 806 φανερῶς⁶

296 823 531 895 κάκείνῃ
567 824 668 893 μὲν
688 824 953 893 ύφέόρευε
991 830 1091 896 τῆς
1124 828 1494 900 παραϐάσεως
1524 829 1551 880 6
1585 826 1683 892 l6;,
1711 828 1884 899 ταύτῃ

293 915 352 968 δὲ
384 917 804 985 ύποκέκρυπται
834 919 1109 992 θησαυρὸς
1143 920 1366 988 ἀγαθῶν
1392 920 1786 991 ἀναρίθμητος.
1810 922 1885 975 Τὸ

292 1008 405 1078 γὰρ
436 1008 734 1078 ἱερώτατον
772 1010 868 1065 τοῦ
912 1012 1154 1081 Χριστοῦ
1194 1012 1358 1083 σῶμα
1406 1013 1589 1077 καλῶς
1630 1013 1883 1083 ὲσθιόμε-

293 1117 405 1164 νον,
442 1100 517 1163 ὥς
560 1118 727 1173 φησιν
774 1105 802 1156 ό
856 1102 1001 1167 θεῖος
1051 1104 1379 1177 Γρηγόριος,
1425 1106 1729 1176 πολεμοῦσι
1781 1107 1885 1175 μέν

294 1194 447 1246 ἐστιν
474 1194 661 1261 ὅπλον,
684 1195 1029 1267 ἀποδημοῦσι
1055 1197 1110 1250 δὲ
1146 1198 1408 1262 ἐπάνοδος
1431 1215 1449 1231 ο
1469 1199 1599 1262 τοὺς
1623 1199 1882 1263 ἀσθενεῖς

295 1286 557 1357 ἐνισχύει,
592 1290 721 1351 τοὺς
767 1289 1118 1361 ἐρρωμένους
1167 1290 1478 1360 εὐφραίνει,
1540 1294 1639 1356 τάς
1690 1294 1881 1357 νόσους

297 1383 465 1448 ἰᾶται,
494 1384 593 1452 τὴν
624 1383 815 1451 ὑγείαν
841 1382 1190 1451 διαφυλάττει
1217 1403 1230 1417 ·
1261 1384 1351 1437 διά
1380 1384 1573 1439 τούτου
1610 1385 1879 1454 γινόμεθα

293 1475 589 1543 πραότεροι
619 1474 756 1546 πρὸς
786 1475 1097 1546 διόρθωσιν,
1124 1476 1262 1547 πρὸς
1284 1476 1414 1540 τοὺς
1436 1477 1636 1542 πόνους
1665 1496 1879 1548 μακρο-

293 1568 610 1636 θυμότεροι,
657 1568 982 1640 θερμότεροι
1024 1570 1161 1639 πρὸς
1202 1569 1451 1641 ἀγάπην,
1483 1570 1621 1640 πρὸς
1669 1570 1875 1637 γνῶσιν

292 1660 731 1733 ἀγχινούστεροι,
763 1662 1166 1733 προθυμότεροι
1218 1665 1353 1733 πρὸς
1387 1664 1658 1728 ὑπακοὴν,
1683 1665 1873 1731 ὀξύτε-

1998 558 2084 606 tor
2108 552 2311 618 solum,
2337 554 2434 608 sed
2486 563 2539 609 et
2590 556 2843 611 minister
2863 566 2949 612 est
2980 578 2995 613 :
3029 559 3120 615 ille
3166 572 3355 630 raptus
3384 574 3486 629 est,
3513 569 3577 619 ad

1997 638 2163 693 istum
2197 640 2484 696 manifeste
2529 643 2855 710 invitamur,
2900 648 2954 701 in
3004 649 3101 704 illo
3146 651 3349 706 latebat
3396 665 3578 711 trans-

1998 730 2310 799 gressionis
2341 747 2636 800 venenum,
2672 735 2729 789 in
2751 736 2859 792 isto
2881 741 3207 797 reconditur
3278 746 3578 802 thesaurus

1991 820 2243 877 inllnitus
2276 823 2573 880 bonorum.
2598 825 2998 885 Sanctisimum
3036 834 3181 887 enim
3210 835 3415 893 Christi
3451 855 3577 894 cor-

1989 929 2093 983 pus
2125 926 2426 971 comestum
2454 927 2513 972 ut
2539 918 2718 985 decet,
2747 922 2889 978 sicut
2918 924 2995 978 ait
3017 925 3236 983 divinus
3254 929 3570 1001 Gregorius,

1990 1008 2361 1076 pugnantibus
2425 1020 2704 1066 armatura
2737 1021 2845 1078 est,
2914 1019 3397 1085 peregrinantibus
3431 1025 3575 1078 redi-

1988 1106 2080 1154 tus
2105 1142 2119 1165 ,
2149 1098 2401 1156 infirmos
2439 1104 2789 1170 corroborat,
2822 1109 3085 1164 robustos
3134 1110 3393 1175 iretillcat,
3430 1131 3575 1169 mor-

1988 1194 2087 1249 bos
2118 1201 2298 1258 sanat,
2328 1204 2620 1251 sanitatem
2649 1211 2944 1255 conservat
2976 1216 2992 1253 :
3024 1216 3123 1271 per
3154 1204 3282 1258 illud
3305 1205 3576 1261 eiiicimur

1985 1285 2235 1340 mitiores
2265 1284 2334 1338 ad
2370 1289 2840 1359 emendationem,
2894 1295 3302 1352 constantiores
3330 1298 3396 1352 ad
3425 1300 3575 1355 labo-

1983 1391 2096 1436 res.
2129 1377 2491 1435 l'erventiores
2528 1381 2594 1435 ad
2626 1383 2982 1450 charitatem,
3016 1388 3339 1444 subtiliores
3370 1393 3437 1444 ad
3474 1408 3573 1447 co-

1982 1470 2310 1539 gnitionem,
2344 1472 2411 1525 ad
2445 1472 2815 1529 obedientiam
2866 1480 3177 1546 proniores.
3202 1485 3573 1553 promptiores

1981 1560 2050 1614 ad
2088 1561 2481 1619 charismatum
2508 1568 2917 1635 operationem,
2949 1571 3093 1625 sicut
3128 1588 3237 1627 non
3266 1585 3415 1631 recte
3447 1591 3571 1646 per-

1981 1653 2311 1723 cipientibus
2339 1659 2622 1713 contraria
2656 1674 2886 1729 prorsus
2915 1665 3194 1730 accidunt,
3216 1675 3270 1721 et
3302 1669 3359 1721 lit
3384 1686 3573 1724 mensa

294 1772 375 1824 ροι
399 1755 537 1823 πρὸς
570 1754 668 1825 τὴν
700 1752 806 1808 τῶν
842 1759 1201 1826 χαρισμάτων
1238 1757 1545 1826 ἐνέργειαν,
1581 1750 1656 1810 ὧν
1682 1757 1865 1810 τάναν-

1984 1758 2183 1801 contra
2212 1762 2308 1803 eos
2374 1750 2427 1803 in
2473 1749 2713 1815 foveam,
2748 1760 2801 1806 et
2836 1753 2888 1807 in
2942 1756 3384 1831 retributionem,
3419 1773 3472 1815 et
3513 1764 3573 1816 in

292 1849 380 1901 τία
404 1850 518 1911 τοῖς
540 1848 601 1902 ού
639 1848 820 1912 καλῶς
854 1848 1370 1919 μεταλαμϐάνουσιν
1402 1850 1631 1903 ἕπεται·
1662 1850 1875 1918 γίνεται

291 1941 323 2009 ἡ
356 1940 606 2010 τράπεζα
632 1941 757 1993 κατ’
799 1942 980 1994 αὐτῶν
1005 1944 1084 2005 είς
1120 1942 1334 2012 βόθρον,
1364 1944 1457 1996 καὶ
1507 1944 1585 2006 είς
1629 1944 1873 1997 ἀνταπό-

289 2033 451 2101 δομα.
486 2034 583 2085 καὶ
616 2033 695 2095 είς
734 2033 1056 2097 σκάνδαλον,
1092 2034 1187 2087 καὶ
1237 2035 1336 2087 ὅσα
1369 2034 1505 2089 ἄλλα
1550 2037 1665 2098 τοῖς
1697 2035 1878 2089 τοιού-

286 2143 401 2190 τοις
447 2125 773 2194 συμϐαίνειν
815 2127 942 2195 περὶ
987 2127 1087 2196 τῆς
1140 2129 1290 2197 ἱερᾶς
1336 2127 1543 2197 ταύτης
1589 2130 1874 2202 τραπέζης

290 2219 652 2290 προφητεύων
686 2221 714 2271 6
740 2219 906 2272 Δαϐὶδ
928 2218 1174 2288 ἀριθμεῖ.
1210 2220 1275 2272 ’Ὤ
1309 2220 1614 2289 μυστηρίου
1652 2222 1873 2275 πάντων

292 2310 613 2383 μυστηρίων
651 2311 971 2383 ίερωτάτου,
1006 2314 1101 2367 καὶ
1132 2313 1263 2366 αὐτὸ
1298 2313 1360 2365 τὸ
1410 2312 1508 2367 τοῦ
1553 2314 1872 2385 βαπτίσμα-

288 2422 376 2466 τος
432 2404 891 2474 ὑπερϐαίνοντος·
937 2404 1008 2458 δι’
1063 2407 1274 2458 ἐκείνου
1337 2406 1436 2474 μὲν
1491 2406 1600 2475 γάρ
1662 2408 1794 2477 ἡμῖν
1844 2409 1872 2461 6

284 2497 568 2568 Δεσπότης
602 2497 741 2551 κατά
784 2498 1017 2568 δύναμιν
1064 2499 1257 2569 μόνην,
1296 2499 1386 2553 διὰ
1434 2500 1490 2553 δὲ
1519 2500 1711 2553 τούτου
1746 2501 1868 2554 κατ’

283 2591 476 2645 οὐσίαν
522 2593 656 2663 ἡμῖν
705 2594 976 2648 κοινωνεῖ.
1050 2593 1113 2646 Ὢ
1170 2593 1451 2662 θαύματος
1515 2592 1703 2664 θαῦμα
1758 2595 1870 2649 πᾶν

286 2686 747 2758 ὑπερϐαίνοντοςὲ
781 2690 850 2744 Ὢ
885 2688 1359 2755 Μετουσιώσεως
1410 2689 1547 2743 πολὺ
1582 2689 1643 2743 τὸ
1692 2692 1870 2761 παρά-

283 2781 432 2845 δοξον
479 2781 737 2852 ἐχούσης.
769 2783 864 2837 καὶ
916 2782 1132 2853 χαρίεν,
1163 2785 1276 2846 τοῖς
1329 2784 1395 2853 τῇ
1456 2784 1640 2837 πίστει
1675 2802 1867 2854 πεφω-

284 2873 585 2942 τισμένοις.
622 2874 788 2928 Οὐδὲν
826 2875 924 2945 μὲν
961 2870 1057 2928 οὖν
1109 2876 1227 2927 ἐστι
1282 2876 1546 2946 χαλεπὸν,
1594 2876 1704 2930 οὐδ’
1734 2877 1865 2931 ἀπί-

288 2965 448 3018 θανόν
477 2983 557 3031 τι,
584 2966 684 3037 τὴν
713 2967 939 3037 πρώτην
968 2969 1186 3023 πάντων
1213 2972 1391 3023 αἰτίαν
1422 2971 1595 3023 ποιεῖν
1625 2989 1675 3022 τι
1716 2972 1867 3041 παρὰ

286 3060 383 3130 τὴν
413 3060 843 3129 ὲγκαθεστείσαν
889 3060 980 3114 ὑπ’
1012 3062 1179 3116 αὐτοῦ
1211 3066 1326 3124 τοῖς
1366 3064 1658 3132 πράγμασι
1684 3064 1861 3129 τάξιν,

1980 1840 2321 1904 scandalum,
2351 1851 2407 1895 et
2458 1856 2803 1912 quaecunque
2839 1846 2944 1899 alia
2987 1849 3185 1904 talibus
3212 1852 3463 1908 accidere
3502 1856 3569 1910 de

1980 1931 2081 1985 bac
2114 1946 2274 1986 sacra
2312 1949 2500 1988 mensa
2566 1936 2904 2007 propltet'ans
2958 1939 3126 1995 David
3159 1955 3473 2001 enumerat.
3523 1950 3567 2003 0

1978 2032 2389 2077 sacramentum
2438 2025 2682 2080 omnium
2734 2043 3206 2088 sacramentorum
3250 2040 3563 2093 sacratissi-

1977 2128 2150 2179 mum,
2174 2124 2229 2170 et
2258 2117 2376 2185 ipso
2412 2116 2762 2188 baptismatis
2786 2126 3141 2181 sacramento
3166 2131 3562 2194 praestantius!

1976 2219 2074 2273 per
2096 2208 2198 2261 hoc
2218 2209 2363 2261 enim
2390 2206 2657 2266 Dominus
2708 2214 2868 2269 nobis
2920 2219 3223 2274 secundum
3259 2226 3560 2291 potentiam

1974 2298 2346 2365 solummodo,
2405 2317 2503 2371 per
2558 2303 2695 2359 illud
2745 2309 3045 2364 secundum
3110 2313 3472 2370 substantiam
3504 2335 3571 2371 se-

1974 2392 2381 2444 communicat!
2433 2392 2478 2446 Ο
2528 2395 2853 2451 miraculum
2909 2401 3057 2453 omni
3085 2403 3353 2460 miraculo
3396 2421 3559 2477 supe-

1973 2483 2089 2540 rius
2116 2484 2130 2538 l
2165 2482 2209 2539 0
2237 2482 2910 2546 Transsubstantiationem
2943 2494 3103 2563 plane
3163 2498 3469 2555 mirabilem
3507 2512 3562 2556 et

1973 2578 2327 2648 stupendam,
2374 2590 2428 2635 et
2463 2581 2532 2636 iis
2558 2583 2649 2652 qui
2688 2582 2792 2639 fide
2822 2592 2952 2640 sunt
2984 2588 3278 2643 illuminati
3310 2592 3562 2662 gratissi—

1972 2672 2155 2726 maml
2205 2670 2322 2727 Non
2354 2674 2605 2743 equidem
2661 2677 2882 2733 dillieile
2935 2689 3018 2734 est
3063 2690 3157 2735 aut
3212 2684 3559 2747 incredibile.

1971 2763 2116 2834 quod
2168 2764 2344 2834 prima
2380 2781 2563 2821 rerum
2619 2772 2865 2825 omnium
2922 2789 3089 2829 causa
3131 2776 3354 2833 efﬁcere
3400 2781 3564 2850 quid-

1970 2871 2134 2925 quam
2159 2858 2337 2928 possit
2377 2868 2583 2931 praeter
2633 2865 2993 2920 constitutum
3020 2883 3050 2922 a
3083 2872 3264 2940 seipsa
3313 2870 3365 2926 in
3396 2874 3560 2927 rebus

1970 2950 2394 3014 ordinem,cum
2449 2952 2707 3019 voluerit,
2751 2957 2892 3025 quod
2940 2960 3158 3025 quidem
3228 2962 3553 3015 miraculum

1969 3055 2093 3096 esse
2121 3042 2377 3103 dicimus.
2415 3043 2631 3111 quoties
2665 3053 2718 3097 et
2756 3054 2965 3103 naturae
2991 3048 3091 3116 ipsi
3129 3049 3424 3119 aliquando
3447 3054 3557 3105 tale

287 3154 508 3207 ἐπειδὰν
535 3153 796 3226 βουληθῇ,
823 3154 850 3207 ὃ
879 3155 935 3207 δὲ
966 3155 1419 3226 θαυματουργίαν
1465 3152 1605 3209 εἶναι
1642 3158 1825 3226 φαμέν
1848 3171 1864 3189 ⁶

1975 3132 2105 3201 quid
2128 3136 2178 3186 in
2210 3148 2268 3187 se
2300 3133 2414 3199 ipsa
2447 3149 2609 3204 agere
2636 3146 2727 3190 aut
2760 3139 2870 3206 pati
2908 3140 3145 3194 accidat.
3174 3141 3367 3199 Omnis
3406 3144 3554 3199 enim

284 3248 416 3301 ὃπου
474 3266 538 3314 γε
574 3250 670 3301 καὶ
720 3250 784 3319 τῇ
843 3246 1004 3317 φύσει
1060 3248 1372 3317 συμϐαίνει,
1408 3252 1502 3301 καὶ
1554 3249 1766 3303 οἴκοθέν
1811 3268 1864 3304 τι

284 3342 523 3395 τοιοῦτον
574 3342 748 3394 ποιεῖν
799 3342 831 3412 ἢ
882 3343 1116 3411 πάσχειν
1168 3343 1318 3403 ὅπως
1370 3343 1525 3395 ποτέ.
1560 3343 1716 3397 Πᾶσα
1756 3344 1864 3413 γὰρ

288 3435 561 3506 μεταϐολὴ
594 3441 797 3506 φυσικὴ
831 3436 896 3491 ἀν
948 3453 1007 3488 τε
1041 3436 1295 3506 γέννησις
1320 3430 1377 3510 ᾖ,
1409 3435 1474 3489 ἀν
1518 3454 1577 3489 τε
1610 3435 1861 3509 αὗξησις,

284 3532 347 3585 ἀν
372 3549 431 3584 τε
463 3532 749 3595 ἀλλοίωσις
780 3532 812 3602 ἢ
844 3531 986 3584 κατᾶ
1011 3531 1172 3599 φύσιν
1204 3531 1370 3597 ἐστὶν,
1405 3530 1437 3601 ἢ
1479 3533 1630 3601 παρά
1669 3533 1862 3602 φύσιν,

284 3625 356 3689 ὡς
384 3623 463 3692 τῷ
498 3624 773 3693 φιλοσόφῳ
829 3625 1017 3677 δοκεῖ’
1065 3623 1140 3687 ὡς
1194 3624 1306 3693 ἔχει
1364 3623 1430 3677 τὰ
1480 3626 1623 3678 κατὰ
1668 3628 1863 3696 καιρδν

285 3718 625 3788 ἀξρυνόμενα
684 3718 715 3785 ἢ
750 3717 966 3786 ἀώρως.
996 3719 1106 3771 Καὶ
1138 3717 1279 3771 ὣστε
1331 3719 1391 3770 ἐν
1430 3719 1552 3780 ταῖς
1582 3719 1863 3790 κρισίμοις

283 3812 517 3881 ἡμέραις
562 3810 899 3887 ὐγιαζόμενα
951 3812 1058 3862 τῶν
1112 3811 1477 3880 νοσημάτων,
1531 3812 1562 3875 ἢ
1613 3812 1704 3861 καὶ
1756 3811 1862 3881 πρὸ

282 3911 507 3969 τούτων,
539 3906 633 3957 καὶ
688 3906 825 3974 μετὰ
880 3902 1095 3957 ταῦτα·
1127 3897 1202 3957 ὧν
1238 3905 1306 3956 τά
1360 3902 1460 3971 μὲν
1510 3905 1650 3955 κατᾶ
1698 3902 1861 3971 φύσιν

282 3999 566 4068 γινόμενα,
593 3997 746 4051 οὐδὲν
794 3998 851 4049 ἐν
881 3997 1013 4065 ἡμῖν
1067 3995 1250 4063 θαῦμα
1302 3996 1468 4059 κινεῖ,
1503 3996 1572 4046 τὰ
1605 3994 1661 4047 δὲ
1709 3995 1862 4063 παρὰ

277 4092 443 4162 φύσιν
486 4092 624 4159 μόνα
672 4088 1035 4156 θαυμάζεται.
1072 4090 1289 4143 Πολλῶν
1317 4089 1373 4141 δὲ
1404 4088 1591 4140 θεόθεν
1638 4090 1861 4157 γινομέ-

275 4204 385 4238 νων
417 4184 513 4238 καὶ
560 4183 978 4254 γεγεννημένων
1016 4183 1338 4249 θαυμάτων,
1383 4180 1546 4235 τοῦτο
1595 4181 1858 4251 μέγιστον

274 4278 539 4346 ἀτεχνῶς.
568 4277 727 4329 Τουτὶ
759 4276 869 4344 γὰρ
898 4276 958 4327 τὸ
993 4275 1295 4344 μυστήριον
1314 4271 1670 4343 μεταϐολήν
1720 4289 1857 4326 τινα

273 4368 558 4436 περιέχον
593 4367 810 4432 οὐσίας
847 4367 936 4432 είς
976 4366 1198 4419 οὐσίαν
1227 4365 1285 4418 ὲν
1317 4365 1517 4435 ἀκαρεῖ
1549 4365 1856 4432 γενομένην

272 4461 381 4513 τῶν
428 4459 856 4529 συμϐεϐηκότων
905 4456 1305 4528 ἀμεταϐλήτων
1348 4455 1625 4525 μενόντων
1668 4455 1852 4524 πάσης

1975 3227 2203 3278 mutatio
2240 3227 2532 3295 naturalis,
2568 3229 2682 3283 sive
2705 3230 3007 3296 generatio,
3032 3233 3146 3288 sive
3176 3246 3554 3304 augmentum.

1971 3319 2086 3371 sive
2115 3317 2387 3383 alteratio,
2418 3318 2500 3372 vel
2532 3319 2839 3374 secundum
2877 3330 3131 3377 naturam
3154 3333 3260 3390 est,
3294 3328 3377 3382 vel
3419 3343 3554 3397 prae-

1970 3421 2051 3466 ter
2079 3424 2351 3477 naturam,
2386 3422 2446 3467 ut
2474 3413 2806 3485 pliilOSOplio
2868 3417 3085 3473 videtur
3125 3436 3147 3475 .:
3191 3423 3468 3491 quomodo
3498 3440 3559 3477 se

1972 3506 2171 3560 habent
2201 3522 2263 3561 ea
2339 3523 2459 3574 qua:
2516 3517 2667 3561 certo
2738 3511 3004 3580 temporis
3037 3514 3215 3581 spatio
3265 3515 3552 3585 injustam

1968 3601 2723 3670 magnitudinemcrescunt,
2776 3612 2871 3656 aut
2928 3620 3054 3676 qua:
3123 3606 3551 3678 intempestive;

1967 3693 2134 3747 veluti
2190 3694 2353 3747 etiam
2416 3692 2471 3747 in
2531 3694 2740 3750 criticis
2805 3694 3038 3764 diebus,
3084 3698 3306 3769 quidam
3376 3702 3548 3755 morbi

1966 3797 2251 3853 sanantur,
2284 3789 2367 3841 vel
2398 3795 2521 3842 ante
2555 3787 2698 3854 illos,
2750 3789 2833 3844 vel
2882 3790 3082 3846 deinde
3115 3810 3128 3845 :
3160 3808 3396 3862 quorum
3428 3811 3552 3864 qua:

1963 3880 2179 3948 quilem
2207 3880 2506 3934 secundum
2545 3890 2795 3935 naturam
2837 3883 2995 3949 fiunt,
3062 3885 3268 3940 nullam
3306 3886 3361 3940 in
3393 3889 3551 3941 nobis

1963 3971 2382 4027 admirationem
2406 3973 2647 4028 excitant
2680 3992 2693 4027 :
2722 3991 2843 4044 quae
2876 3991 3003 4030 vero
3030 3988 3228 4047 prmter
3262 3991 3551 4045 naturam,

1962 4080 2023 4116 ea
2079 4064 2193 4117 sola
2233 4064 2589 4118 admirationi
2625 4080 2743 4120 esse
2785 4068 2989 4121 solent.
3026 4068 3160 4122 Cum
3214 4086 3343 4123 vero
3378 4072 3551 4125 mira-

1962 4155 2079 4211 Cula
2115 4155 2282 4207 multa
2315 4155 2578 4209 divinitus
2604 4156 2754 4222 liaut,
2783 4167 2837 4210 et
2866 4172 3031 4226 porro
3064 4158 3209 4213 facta
3241 4162 3375 4227 sint,
3400 4162 3551 4219 istud

1958 4259 2107 4304 certe
2136 4249 2435 4302 maximum
2468 4259 2570 4302 εει.
2610 4247 2722 4302 Ηυο
2749 4250 2892 4303 enim
2930 4266 3339 4307 sacramentum
3367 4262 3549 4309 trans-

1959 4342 2303 4396 mutationem
2379 4341 2663 4411 quamdam
2753 4344 3026 4397 continens
3114 4344 3431 4401 substantia:
3488 4348 3543 4400 in

1959 4436 2328 4498 substantiam,
2357 4449 2476 4500 quae
2503 4434 2558 4487 lit
2584 4434 2637 4487 in
2674 4446 2973 4501 momento,
3022 4437 3402 4493 accidentibus
3431 4456 3545 4493 ma-

276 4526 582 4621 μεταϐολῆς
634 4526 876 4619 φυσικῆς
921 4526 983 4601 τέ
1025 4548 1121 4600 καὶ
1168 4526 1318 4618 παρὰ
1357 4546 1521 4617 φύσιν
1563 4544 1849 4618 ἐξῄρηται.

1970 4528 2215 4583 mentibus
2270 4542 2371 4580 nec
2410 4526 2656 4590 mutatis,
2690 4526 2838 4579 muni
2888 4530 3349 4584 transmutatione
3376 4542 3543 4587 natu-

285 4646 450 4699 ’Λλλὰ
476 4643 573 4697 νῦν
611 4644 708 4706 τὰς
755 4639 994 4709 φυσικάς
1038 4637 1269 4706 ἀφέντες
1315 4636 1642 4708 μεταϐολὰς,
1676 4631 1764 4699 αἷς
1794 4636 1849 4689 αἱ

271 4739 423 4809 παρά
466 4738 630 4808 φύσιν
685 4731 1128 4804 παραπεπήγασι
1173 4729 1418 4791 σπανίως
1468 4732 1528 4781 ὲν
1567 4731 1631 4799 τῇ
1687 4727 1850 4793 φύσει

268 4832 577 4900 γινόμεναι,
619 4827 716 4890 τὰς
780 4825 932 4887 θείας
997 4821 1290 4892 σκοπῶμεν
1346 4818 1845 4889 θαυματουργείας.

282 4920 641 4978 Ἀπαλλάττει
688 4916 790 4988 μὲν
815 4914 910 4970 οὖν
953 4918 980 4968 6
1018 4914 1151 4977 Θεὸς
1186 4911 1428 4983 πυρετοῦ
1481 4912 1571 4964 καὶ
1606 4910 1851 4981 νοσημά-

265 5027 379 5062 των
424 5007 599 5061 ἄλλων
674 5006 846 5076 χωρὶς
905 5002 1177 5073 ἰατρείας,
1238 4999 1429 5070 ὥσπερ
1480 5001 1581 5072 τὴν
1638 5002 1848 5071 Πέτρου

268 5100 565 5172 πενθερὰν,
615 5099 709 5152 καὶ
747 5098 840 5150 τὸν
874 5095 1284 5165 ἑκατοντάρχου
1323 5092 1514 5158 παῖδα,
1561 5093 1656 5146 καὶ
1720 5093 1853 5145 πολ-

265 5194 395 5251 λοίρς
442 5193 636 5252 ἀλλους
688 5191 916 5242 ἰάσατοο
976 5190 1072 5241 καὶ
1123 5186 1323 5239 πυκνοῖ
1372 5187 1463 5239 τὸν
1523 5186 1661 5254 ἀέρα
1714 5184 1849 5254 πρὸς

268 5289 447 5348 ὑετὸν,
498 5284 774 5356 μηδεμιᾶς
840 5280 1309 5352 προηγησαμένης
1373 5278 1611 5348 φυσικῆς
1670 5278 1852 5338 αἰτίας

262 5380 377 5432 τῶν
420 5377 669 5445 ὄμϐρων,
700 5374 775 5436 ὡς
813 5371 900 5425 διὰ
943 5370 1036 5423 τοῦ
1091 5367 1348 5440 Σαμουὴλ
1381 5368 1477 5422 καὶ
1517 5365 1613 5421 τοῦ
1664 5367 1850 5419 Ἡλίου

268 5470 536 5539 πεποίηκε
576 5467 868 5536 πρότεροψ
904 5461 1020 5514 ἀλλ’
1049 5464 1106 5515 ὲν
1142 5464 1257 5525 τοῖς
1288 5460 1556 5521 τοιούτοις
1583 5459 1721 5511 πᾶσι
1750 5458 1850 5527 τὴν

266 5561 420 5626 τάξιν
448 5561 633 5630 μόνον,
664 5561 760 5610 καὶ
796 5556 888 5609 τὸν
911 5555 1113 5625 τρόπον
1139 5558 1238 5623 τῆς
1270 5553 1485 5622 φύσεως
1522 5551 1848 5619 μεταποιεῖ·

269 5659 416 5708 ποιεῖ
450 5653 507 5707 δὲ
546 5651 781 5719 πρᾶγμα
808 5647 930 5702 καθ’
964 5648 1206 5711 ἑκάστην
1242 5643 1491 5713 γίνεσθαι
1522 5641 1846 5709 δυνάμενον,

274 5751 317 5801 εἰ
347 5749 441 5800 καὶ
476 5745 554 5817 μὴ
585 5743 760 5814 ταύτῃ
800 5744 867 5812 τῇ
911 5740 1037 5810 ὁδῷ.
1075 5738 1245 5791 Πάλιν
1296 5738 1525 5807 νεκροὺς
1560 5735 1848 5804 ἀνίστησιν

276 5838 462 5906 ὥσπερ
530 5836 624 5890 τὸν
682 5834 968 5899 Λάζαρον,
1041 5832 1136 5886 καὶ
1188 5828 1503 5900 ὀφθαλμοὺς
1561 5825 1844 5893 ἀνοίγνυσι

1959 4618 2058 4673 rali
2130 4627 2222 4671 aut
2290 4625 2489 4687 praeter
2534 4627 2787 4671 naturam
2846 4617 3005 4688 longe
3045 4624 3395 4690 praestantius
3438 4636 3542 4678 est.

1959 4711 2065 4766 Sed
2137 4725 2282 4764 nunc
2344 4710 2726 4780 praetermissis
2797 4711 3126 4765 naturalium
3206 4726 3542 4769 transmuta-

1957 4804 2162 4858 tionum
2222 4802 2504 4871 exemplis,
2574 4819 2712 4872 quas
2758 4802 3003 4872 proxime
3071 4819 3378 4874 sequuntur
3438 4810 3543 4863 illa:

1955 4912 2076 4967 qua:
2105 4907 2297 4966 praeter
2328 4906 2574 4949 naturam
2635 4897 2791 4961 liunt,
2845 4896 2971 4950 licet
3035 4898 3215 4954 rarius
3277 4901 3393 4954 fieri
3450 4917 3545 4956 so-

1952 4988 2080 5048 litze.
2138 4987 2353 5041 divinas
2414 4988 2804 5042 miraculorum
2861 4990 3209 5056 operationes
3282 4992 3541 5045 conside-

1958 5096 2162 5135 remus.
2199 5079 2418 5134 Liberat
2460 5079 2682 5149 quidem
2726 5079 2868 5134 lleus
2902 5096 2931 5133 a
2974 5079 3125 5136 febre
3146 5092 3198 5135 et
3225 5081 3348 5136 aliis
3385 5097 3537 5134 mor-

1956 5172 2042 5228 bis
2107 5172 2315 5238 absque
2369 5172 2673 5237 medicina;
2736 5180 2903 5243 atque
2960 5173 3031 5224 ita
3087 5188 3307 5227 socrum
3360 5172 3539 5239 Petri,

1957 5268 2296 5322 centurionis
2330 5281 2561 5336 puerum
2588 5278 2639 5320 et
2667 5268 2870 5321 multos
2902 5267 3036 5321 alios
3063 5267 3280 5319 sanavit
3305 5281 3321 5323 ;
3348 5280 3535 5320 aerem

1957 5360 2010 5413 in
2046 5359 2282 5428 pluviam
2312 5358 2641 5423 condcnsat,
2673 5358 2822 5411 nulla
2874 5359 3211 5427 prmceilente
3274 5357 3545 5413 imbrium

1957 5467 2121 5506 causa
2156 5451 2416 5512 naturali,
2468 5460 2527 5504 ut
2562 5464 2656 5519 per
2696 5447 3003 5503 Samuelem
3055 5456 3109 5502 et
3151 5445 3357 5502 lleliam
3404 5449 3535 5505 fecit

1957 5545 2287 5614 aliquando;
2327 5542 2420 5596 sed
2471 5542 2524 5595 in
2563 5540 2817 5593 omnibus
2879 5539 3146 5604 ejusmodi
3202 5540 3539 5609 (miraculis)

1956 5638 2202 5692 ordinem
2239 5638 2415 5691 solum
2449 5645 2502 5689 et
2551 5632 2774 5687 modum
2816 5641 3023 5686 natura:
3053 5645 3376 5696 commutat,
3413 5652 3527 5688 rem

1956 5745 2086 5783 vero
2146 5728 2336 5789 efficit.
2389 5744 2510 5796 qua:
2549 5725 2790 5796 quotidie
2844 5738 3020 5796 poteSt
3068 5730 3206 5793 ticri,
3263 5731 3370 5784 etsi
3417 5744 3532 5783 non

1956 5822 2144 5879 eadem
2172 5823 2279 5878 via.
2313 5819 2514 5876 lterum
2565 5828 2808 5876 mortuos
2871 5822 3163 5877 resuscitat
3187 5823 3325 5878 sicut
3362 5818 3530 5874 Laza—
