3948 6186
297 322 401 384 35)

1359 319 1747 379 GENNADII
1785 318 1892 376 (ΣΡ.
1930 312 2446 374 PATRHRCILE

3456 296 3565 361 960

302 458 445 507 rum,
472 451 524 495 et
547 454 815 495 meorum
844 438 1032 492 oculos
1059 437 1256 507 aperit.
1293 436 1353 490 In
1391 437 1595 491 talibus
1629 436 1872 489 miracu-

1997 433 2218 501 τυφλῶν.
2264 431 2405 483 Ἀλλ’
2449 432 2506 482 ἐν
2550 429 2662 487 τοῖς
2704 424 2969 484 τοιούτοις
3018 419 3278 490 ἐμϐάλλει
3321 419 3421 487 μὲν
3465 418 3566 486 τὴν

302 539 368 591 lis
398 532 639 589 excludit
667 531 888 601 quidem
923 540 1134 584 natura:
1161 528 1436 593 ordinem,
1477 544 1584 583 non
1606 536 1876 597 quantum

300 628 367 681 ad
406 640 468 679 ea
497 638 617 693 qua:
648 622 807 686 ﬁunt,
843 622 936 677 sed
977 631 1247 690 quantum
1280 621 1347 675 ad
1376 621 1428 675 id
1480 622 1534 676 in
1565 637 1678 691 quo
1717 621 1875 681 ﬁunt,

303 732 497 785 nempe
518 722 783 785 quantum
814 712 881 766 ad
908 711 1243 781 subjectum.
1280 710 1464 766 Efﬁcit
1496 712 1644 766 enim
1678 721 1732 766 et
1757 714 1872 781 ipsa

304 824 497 866 natura
529 811 717 872 vitam,
751 807 847 862 sed
903 821 1010 860 non
1060 807 1114 859 in
1154 812 1373 859 mortuo
1398 845 1412 868 ,
1451 815 1504 860 et
1533 805 1629 860 dat
1673 806 1877 869 visum,

305 906 397 959 sed
440 917 546 955 non
583 902 631 955 ei
690 901 782 969 qui
840 898 1007 953 semel
1042 897 1218 952 oculis
1260 896 1487 951 orbatus
1518 905 1621 951 est.
1676 898 1878 951 Iterum

304 995 452 1049 sistit
483 993 651 1047 solem
691 1006 786 1060 per
819 988 1007 1043 Jesum
1041 989 1212 1043 ﬁlium
1252 987 1423 1052 Nave,
1467 998 1520 1040 et
1556 1003 1755 1057 corpus
1780 989 1883 1042 hu-

308 1100 527 1140 manum
584 1100 678 1152 per
736 1083 976 1150 seipsum
1032 1082 1332 1153 gloriﬁcat;
1372 1096 1571 1149 corpus
1605 1095 1699 1149 per
1733 1079 1881 1134 aliud

307 1192 507 1245 corpus
545 1183 890 1228 transmeare
942 1172 1092 1235 facit,
1147 1187 1271 1241 qua:
1334 1173 1555 1241 quidem
1612 1173 1756 1227 inter
1788 1172 1882 1228 Dei

310 1269 569 1323 miracula
600 1268 899 1321 maximum
936 1275 990 1320 et
1056 1265 1396 1335 prmeipuum
1436 1264 1616 1319 locum
1656 1266 1880 1330 habent,

309 1358 444 1411 adeo
503 1366 560 1409 ut
597 1356 745 1409 nullo
806 1355 966 1409 modo
1000 1369 1029 1408 a
1088 1362 1285 1406 natura
1350 1353 1577 1421 produci
1630 1355 1881 1421 possint:

310 1451 403 1505 sed
442 1452 554 1505 haec
579 1450 743 1503 etiam
769 1456 992 1516 superat
1024 1445 1367 1515 propositum
1394 1445 1743 1499 miraculum.
1770 1446 1887 1500 illic

310 1541 453 1595 enim
488 1538 838 1593 solummodo
885 1539 1054 1593 solem
1088 1537 1265 1602 siSIit,
1301 1537 1394 1591 sed
1440 1551 1547 1591 non
1572 1538 1737 1591 simul
1770 1553 1882 1593 ruo-

313 1636 422 1689 veri
447 1648 665 1702 quoque
731 1648 855 1686 eum
915 1620 1072 1694 facit,
1128 1644 1306 1699 neque
1334 1629 1497 1685 simul
1532 1645 1653 1685 esse
1692 1641 1885 1684 etnon

309 1738 461 1789 csse;
494 1723 582 1777 hic
599 1737 727 1776 vero
748 1722 875 1775 facit
890 1721 1107 1790 quidem
1132 1735 1348 1790 panem,
1368 1720 1461 1774 sed
1481 1728 1533 1774 et
1555 1735 1750 1789 corpus
1766 1721 1889 1776 abs-

1980 526 2079 595 τῆς
2107 524 2321 592 φύσεως
2350 520 2524 587 τάξιν,
2550 518 2665 571 ἀλλ’
2697 518 2797 585 οὑχ
2826 518 2950 568 ὅσον
2984 512 3120 582 πρὸς
3151 511 3219 565 τά
3264 509 3554 578 γινόμενα,

1978 618 2103 669 ὅσον
2144 613 2197 666 δὲ
2243 612 2379 682 πρὸς
2410 613 2471 663 τὸ
2510 611 2570 662 ὲν
2610 601 2655 675 ᾧ
2687 606 2864 659 ταῦτα
2896 605 3107 673 γίνεται
3147 602 3287 671 πρὸς
3330 602 3391 654 τὸ
3434 602 3569 652 ὑποσ

1980 706 2233 776 κείμενον
2265 703 2489 773 δηλαδή.
2519 702 2675 753 Ποιεῖ
2698 699 2808 767 γάρ
2840 699 2936 750 καὶ
2969 698 3002 766 ἡ
3036 695 3198 763 φὺσις
3224 692 3363 761 αὑτὴ
3395 691 3564 776 ζωὴν,

1980 800 2099 855 ἀλλ’
2125 800 2224 851 οὑκ
2263 798 2318 850 ὲν
2346 795 2424 864 τῷ
2455 792 2657 864 νεκρῷ,
2690 792 2784 844 ml.
2811 789 3028 843 δίδωσιν
3054 786 3200 857 ὄψιν,
3238 783 3355 837 ἀλλ’
3395 784 3455 835 οὔ
3490 774 3569 849 τῷ

1982 892 2241 956 καθάπαξ
2320 888 2708 960 πεπηρωμένῳ
2793 884 2920 945 τοὺς
2984 879 3321 950 ὀφθαλμούς.
3396 878 3569 931 Πάλιν

1984 986 2199 1053 ἵστησιν
2228 983 2377 1054 ἣλιον
2411 982 2498 1034 διά
2550 978 2727 1046 Ἰησοῦ
2759 974 2854 1030 τοῦ
2906 975 3103 1043 Ναυῆ·
3140 972 3236 1026 καὶ
3262 972 3323 1023 τὸ
3354 968 3572 1039 ἀνθρώο

1984 1095 2138 1132 πινον
2202 1076 2364 1145 σῶμα
2417 1073 2631 1137 δοξάζει
2687 1070 2757 1139 διζ
2815 1067 3037 1132 ἑαυτοῦ,
3093 1065 3190 1118 καὶ
3252 1064 3415 1129 σῶμα
3480 1062 3575 1114 διΞι

1988 1172 2238 1240 σώματος
2288 1167 2481 1222 διιέναι
2510 1167 2677 1231 ποιεῖ,
2721 1164 2757 1218 ὃ.
2794 1163 2858 1233 δὴ
2900 1160 2999 1228 τὴν
3037 1160 3306 1228 μεγίστην
3351 1158 3407 1209 ὲν
3452 1159 3573 1219 τοῖς

1986 1264 2081 1319 τοῦ
2130 1263 2267 1316 Θεοῦ
2313 1260 2640 1330 θαυμασίοις
2688 1257 2844 1322 τάξιν
2886 1253 3200 1322 ἐπέχουσιν,
3256 1250 3331 1312 ὡς
3375 1248 3573 1302 οὐδένα

1986 1358 2185 1429 τρόπον
2218 1358 2321 1411 ὑπὸ
2362 1354 2461 1424 τῆς
2511 1353 2727 1421 φύσεως
2755 1348 3030 1416 δυνάμενα
3088 1342 3354 1412 γίνεσθαι.
3404 1340 3574 1393 Ἀλλά

1989 1453 2081 1505 καὶ
2132 1449 2336 1504 τοὺτων
2394 1446 2720 1513 ὑπέρκειται
2787 1443 2848 1494 τὸ
2916 1438 3283 1508 προκείμενον
3355 1432 3567 1502 θαῦμα.

1992 1543 2203 1610 Ἴστησι
2251 1540 2360 1611 γὰρ
2420 1537 2583 1606 μόνον
2637 1536 2755 1587 ἐκεῖ
2792 1533 2883 1585 τὸν
2938 1533 3111 1599 ἥλιον,
3143 1528 3258 1582 ἀλλ’
3304 1526 3404 1596 οὑχ
3451 1526 3573 1594 ἅμα

1991 1640 2087 1693 καὶ
2132 1635 2400 1688 κινεῖσθαι
2452 1632 2546 1684 τὸν
2588 1631 2750 1685 αὑτὸν
2786 1629 2951 1688 ποιεῖ,
2988 1624 3095 1678 οὐδ’
3136 1624 3251 1691 ἅμα
3297 1616 3436 1673 εἶναί
3484 1636 3572 1679 τε,

1993 1729 2089 1782 καὶ
2139 1727 2213 1796 μὴ
2237 1723 2397 1780 εἶναι.
2440 1721 2704 1776 Ἐνταῦθα
2745 1720 2802 1773 δὲ
2838 1719 2982 1772 ποιεῖ
3032 1716 3131 1785 μὲν
3166 1715 3325 1783 σῶμα
3352 1713 3443 1765 τὸν
3474 1712 3577 1780 ἄρ-

311 1828 415 1880 que
459 1810 915 1865 convenientibus
937 1810 1039 1879 ipsi
1061 1810 1462 1874 accidentibus,
1485 1818 1539 1863 et
1562 1810 1721 1880 panis
1738 1811 1881 1865 acci-

1997 1837 2101 1883 tov,
2134 1817 2270 1871 me
2321 1816 2414 1869 καὶ
2463 1815 2523 1867 τὸ
2558 1814 2718 1874 σῶμα
2781 1812 2950 1881 χωρίς
2990 1810 3096 1862 τῶν
3132 1808 3283 1876 αὑτῷ
3331 1804 3578 1875 πρεπόν-

312 1904 497 1975 ιισεηιίιι
525 1901 735 1971 absque
773 1900 1130 1955 conveniente
1173 1900 1308 1969 ipsis
1323 1900 1630 1954 substantia
1662 1915 1886 1955 conser-

318 1978 428 2058 vat,
457 2003 512 2046 et
534 1992 898 2047 substantiam
936 1991 1058 2045 aliis
1098 1989 1477 2045 accidentibus
1516 1992 1885 2061 congenitam,

313 2083 598 2152 coniungit
639 2098 757 2135 cum
786 2082 1164 2136 accidentibus
1200 2083 1358 2136 alteri
1383 2083 1709 2137 substantia:
1759 2098 1889 2138 con-

312 2175 656 2247 gruentibus.
690 2172 731 2227 Ο
752 2174 1045 2227 maximum
1064 2173 1384 2227 miraculum
1405 2175 1619 2229 ctomni
1638 2191 1891 2232 sermone

314 2267 607 2336 superius!
649 2268 843 2319 iterum
904 2266 1107 2320 dicam.
1172 2265 1276 2319 Sed
1312 2267 1541 2320 alterum
1588 2270 1732 2336 quod
1764 2269 1893 2323 huic

315 2373 649 2428 comparem,
716 2358 1042 2411 miraculum
1100 2356 1320 2423 habeo,
1378 2360 1522 2427 quod
1595 2360 1890 2414 humanam

316 2460 565 2501 naturam
598 2449 742 2502 Deus
769 2447 967 2500 divinae
995 2463 1243 2516 persona:
1274 2448 1583 2515 conjunxit,
1616 2465 1725 2503 non
1750 2451 1894 2505 sicut

317 2541 513 2594 anima:
584 2555 783 2609 corpus
845 2540 1150 2609 conjungit,
1204 2549 1437 2608 utroque
1489 2542 1716 2596 seorsim
1772 2559 1894 2612 pro-

319 2636 495 2701 prium
540 2647 737 2685 nomen
777 2631 1065 2685 retinente.
1126 2631 1315 2699 Neque
1369 2633 1516 2687 enim
1552 2635 1732 2688 anima
1766 2649 1894 2689 cor-

318 2742 443 2795 pus,
471 2734 564 2778 aut
591 2740 792 2794 corpus
827 2725 1007 2778 anima
1052 2724 1289 2788 dicitur,
1326 2726 1419 2779 sed
1450 2726 1525 2778 ita
1573 2726 1690 2779 nuit
1716 2727 1894 2797 (natu-

319 2833 407 2871 ras
431 2815 590 2885 duas)
623 2815 1006 2885 personaliter,
1056 2826 1114 2870 ut
1148 2815 1293 2870 Deus
1324 2817 1490 2870 homo
1517 2818 1623 2882 sit,
1649 2828 1701 2871 et
1734 2821 1897 2873 homo

320 2909 481 2965 Deus.
518 2908 716 2964 Verum
754 2909 859 2963 isto
911 2908 1220 2964 mirabilius
1253 2918 1306 2963 et
1342 2910 1473 2962 illud
1531 2910 1894 2977 mysterium:

318 3005 405 3058 hic
434 3003 580 3058 enim
606 3011 797 3057 neutra
824 3003 878 3057 in
916 3002 1139 3070 alteram
1178 2987 1517 3059 tansmuiata
1555 3015 1747 3058 natura
1773 3003 1896 3068 fuit,

315 3096 409 3149 sed
439 3095 491 3148 in
518 3094 721 3149 Christi
750 3108 1004 3163 persona,
1049 3103 1102 3148 et
1136 3094 1395 3148 divinitas
1433 3104 1487 3148 et
1518 3094 1759 3150 humana
1801 3110 1899 3149 na-

1992 1931 2101 1967 των
2135 1909 2583 1980 συμϐεϐηκότων,
2613 1908 2709 1961 καὶ
2741 1907 2811 1961 τὰ
2840 1904 2936 1958 τοῦ
2967 1904 3134 1971 ἄρτου
3170 1898 3564 1969 συμϐεϐηκότι

1992 2002 2161 2072 χωρὶς
2201 2000 2301 2069 τῆς
2346 1998 2529 2060 αὑτοῖς
2588 1997 2907 2066 πρεπούσης
2960 1992 3149 2055 οὐσίας
3194 1989 3577 2058 διαφυλάττει,

1993 2094 2090 2146 καὶ
2156 2092 2346 2145 οὐσίαν
2425 2090 2606 2150 ἄλλοις
2682 2086 3061 2155 συμϐεϐηκόσι
3141 2084 3574 2152 συμπεφυκυῖαν

1997 2180 2256 2233 συνάπτει
2307 2178 2447 2248 μετά
2501 2175 2933 2246 συμϐεϐηκότων
2987 2174 3124 2247 ἄλλῃ
3176 2172 3579 2243 προσηκόντων

1994 2272 2173 2340 οὐσίᾳ.
2229 2270 2293 2322 Ὤ
2358 2269 2615 2338 μεγίστου
2670 2266 2968 2337 θαύματος,
3036 2267 3127 2319 καὶ
3188 2264 3366 2318 πάντα
3416 2263 3584 2330 λόγον

1996 2365 2251 2424 νικῶντος
2281 2363 2292 2415 !
2324 2360 2479 2424 αὖθις
2509 2360 2639 2429 ἐρῶ.
2685 2358 2826 2412 Ἀλλ’
2868 2358 2977 2428 ἔχω
3012 2357 3186 2428 τούτῳ
3218 2356 3295 2426 τῷ
3334 2354 3582 2425 θαύματι

1998 2453 2339 2526 παραλαϐεῖν
2371 2453 2583 2524 ἕτερον,
2612 2450 2696 2504 ὅτι
2747 2451 2847 2518 τὴν
2895 2450 3149 2520 ἀνδρείαν
3191 2448 3355 2517 φύσιν
3387 2450 3415 2501 ὁ
3443 2447 3585 2507 Θεὸς

1997 2548 2074 2617 τῷ
2105 2549 2236 2615 θείῳ
2286 2545 2490 2616 συνῆψε
2529 2544 2832 2614 προσώπῳ,
2871 2543 2969 2612 οὑχ
3014 2538 3204 2610 ὥσπερ
3238 2545 3303 2611 τῇ
3341 2540 3487 2611 ψυχῇ
3522 2538 3587 2590 τὸ

2000 2641 2160 2709 σῶμα
2207 2644 2490 2704 συνάπτει,
2521 2640 2784 2707 ἑκατέρου
2833 2636 2911 2707 τῷ
2973 2634 3087 2704 ἰδίῳ
3138 2635 3301 2706 μόνον
3350 2632 3580 2702 ὀνόματι

2000 2733 2359 2803 καλουμένου.
2390 2729 2528 2785 Οὑτε
2558 2731 2668 2801 γάρ
2694 2733 2726 2801 ἡ
2751 2730 2899 2801 ψυχὴ
2937 2729 3117 2798 σῶμα,
3147 2727 3270 2781 οὕτε
3313 2726 3373 2779 τὸ
3415 2726 3582 2794 σῶμα.

1999 2827 2147 2897 ψυχὴ
2181 2828 2398 2895 λέγεται
2425 2845 2438 2858 ο
2478 2826 2592 2879 ἀλλ’
2643 2822 2817 2888 οὑτως
2865 2826 2977 2877 ἑνοῖ
3009 2822 3403 2893 προσωπικῶς,
3434 2821 3583 2874 ὥστε

2000 2925 2090 2976 τὸν
2125 2922 2258 2976 Θεὸν
2303 2919 2592 2987 ἄνθρωπον
2649 2916 2811 2983 εἶναι,
2845 2919 2940 2971 καὶ
2975 2916 3107 2969 Θεὸν
3160 2917 3429 2984 ὑπάρχειν
3487 2913 3583 2965 τὸν

2002 3015 2307 3084 ἄνθρωπον.
2353 3012 2516 3067 Ἀλλά
2545 3014 2639 3064 καὶ
2669 3012 2861 3065 τούτου
2893 3010 3340 3079 θαυμαστότερόν
3372 3010 3488 3060 ἐστι
3516 3007 3578 3057 τὸ

2006 3109 2327 3178 μυστήριον.
2376 3107 2529 3161 Ἐκεῖ
2570 3105 2666 3177 μὲν
2693 3107 2800 3175 γάρ
2828 3105 3086 3175 οὐδετέρα
3122 3102 3256 3172 πρὸς
3300 3101 3401 3170 τὴν
3456 3099 3580 3151 ἑτέ-

317 3200 437 3239 tura
484 3185 772 3241 inconfuse
810 3186 1182 3253 reperiuntur.
1236 3186 1350 3240 Illic
1397 3202 1524 3241 vero
1552 3196 1803 3241 creatura
1838 3189 1892 3243 in

2007 3173 2103 3267 ραν
2138 3173 2540 3268 μεταϐέϐληται
2571 3173 2785 3265 ήφὺσινλ
2823 3194 2939 3248 ἀλλ’
2989 3173 3046 3245 ἐν
3095 3192 3172 3262 τῷ
3212 3190 3305 3244 τοῦ
3338 3188 3578 3260 Χριστοῦ

314 3281 629 3335 Creatorem
687 3280 1117 3334 transformatur
1190 3280 1463 3334 mediante
1519 3295 1783 3349 corpore,
1842 3289 1898 3336 et

318 3372 703 3440 praeexsistens
751 3372 905 3439 panis
935 3370 1243 3424 substantia
1286 3385 1487 3439 corpus
1538 3371 1631 3423 Dei
1661 3372 1738 3434 ﬁt,
1768 3373 1896 3425 dum

316 3478 517 3533 corpus
545 3462 749 3517 Christi
801 3461 1060 3518 efficitur.
1113 3460 1404 3514 Maximum
1441 3461 1657 3529 quidem
1708 3478 1896 3517 revera

317 3555 561 3609 omnium
619 3554 713 3609 Dei
766 3554 1103 3608 mirabilium
1161 3564 1245 3608 est
1284 3568 1347 3606 ex
1410 3554 1493 3606 his
1556 3556 1897 3620 argumentis

320 3646 475 3717 panis
520 3648 574 3700 in
638 3660 840 3715 corpus
909 3645 1254 3699 Dominicum
1316 3643 1896 3709 Transsubstauliatio,

319 3737 415 3792 sed
490 3752 614 3804 quae
674 3745 1000 3805 potestatem
1066 3734 1308 3789 divinam
1362 3734 1730 3805 consideranti
1790 3752 1897 3790 non

319 3827 675 3898 impossibilis
715 3827 1086 3896 iiudicabitur.
1148 3824 1333 3897 Neque
1390 3826 1537 3881 enim
1584 3827 1900 3882 existimare

315 3929 527 3990 oportet
578 3932 776 3989 praeter
805 3921 1113 3975 naturalem
1182 3935 1363 3974 rerum
1422 3920 1670 3975 ordinem
1715 3918 1897 3974 facere

319 4014 454 4067 nihil
492 4028 649 4082 posse
680 4012 872 4075 Deum,
908 4012 996 4066 cui
1027 4023 1081 4068 et
1112 4020 1307 4067 natura
1341 4022 1398 4066 et
1423 4012 1558 4067 ordo
1587 4014 1897 4082 subjiciun-

317 4116 404 4160 tur
449 4121 467 4159 :
521 4105 688 4159 multo
745 4104 920 4175 magis
990 4120 1113 4159 cum
1165 4112 1220 4158 et
1278 4105 1454 4173 ipsam
1514 4115 1764 4159 naturam
1821 4105 1897 4160 vi-

313 4199 443 4250 dere
470 4196 630 4250 liceat
649 4211 779 4249 suos
805 4195 1073 4250 terminos
1106 4196 1401 4264 aliquando
1448 4195 1898 4266 pratergredien-

316 4299 445 4343 tem.
485 4285 675 4356 Neque
736 4297 951 4356 oportet
1002 4288 1396 4342 miraculorum
1450 4290 1695 4358 quaedam
1735 4292 1895 4359 quasi

315 4381 493 4435 facilia
522 4390 575 4434 et
601 4380 757 4433 obvia
793 4380 902 4434 Deo
946 4382 1282 4442 concedere,
1318 4378 1386 4433 ad
1430 4381 1635 4449 majora
1677 4397 1805 4435 vero
1841 4391 1898 4435 et

316 4472 625 4527 difﬁciliora
672 4471 1053 4540 impotentiam
1090 4471 1367 4524 ascribere
1397 4472 1446 4526 ei
1498 4472 1590 4541 qui
1626 4473 1893 4526 inﬁnitam

317 4570 635 4631 potestatem
676 4563 859 4623 habet,
923 4574 1022 4613 nec
1078 4560 1197 4629 aliis
1228 4576 1392 4629 quam
1454 4561 1749 4615 voluntatis
1784 4579 1895 4618 suae

317 4654 563 4707 terminis
599 4651 1098 4719 circumscriptam.
1144 4649 1198 4703 Si
1230 4652 1376 4704 enim
1409 4660 1620 4705 natura:
1648 4653 1898 4706 ordinem

317 4744 711 4814 transgreditur
732 4756 985 4810 tanquam
1014 4744 1541 4812 superiuromnibus
1585 4760 1776 4808 causa,
1822 4761 1906 4799 sc-

317 4837 557 4890 cundum
585 4834 953 4903 subjectorum
999 4835 1391 4895 diversitatem,
1416 4850 1516 4888 cur
1538 4851 1643 4887 non
1662 4844 1714 4889 ct
1734 4837 1785 4889 in
1816 4854 1906 4890 ea-

315 4929 439 4984 dem
465 4945 521 4983 rc
542 4932 813 4995 eumdem,
840 4927 886 4981 si
911 4927 1156 4991 voluerit,
1182 4928 1426 4981 ordinem
1450 4929 1906 4995 transgredictnr?

317 5020 372 5072 Si
394 5034 553 5087 porro
567 5032 674 5070 non
696 5020 861 5071 servit
880 5018 1056 5072 ordini
1075 5025 1281 5071 naturae
1299 5018 1389 5083 qui
1407 5018 1653 5072 conditor
1669 5019 1787 5085 ejus
1800 5030 1904 5081 est,

314 5127 415 5164 cur
446 5126 553 5163 non
587 5117 641 5162 et
674 5119 920 5163 naturam
952 5109 1120 5179 ipsam
1171 5111 1561 5163 transmutabit
1589 5112 1732 5164 sicut
1789 5110 1904 5178 ipse

318 5203 585 5256 voluerit?
619 5200 685 5257 Ut
713 5203 858 5256 enim
894 5213 1091 5256 creata:
1141 5200 1301 5255 alicui
1332 5203 1586 5271 potentiae
1618 5202 1902 5265 miracula,

317 5296 482 5347 etiam
516 5295 608 5349 illa
640 5295 907 5365 postremi
934 5295 1171 5363 generis,
1210 5296 1436 5349 omnino
1486 5304 1615 5349 sunt
1655 5295 1901 5363 impossi-

317 5387 446 5440 bilia
474 5428 487 5448 ,
522 5386 593 5439 ita
630 5388 887 5455 potentia:
917 5386 1147 5440 inﬁnin
1179 5386 1596 5456 amplitudinem
1629 5388 1901 5454 sequitur,

317 5486 376 5529 ut
415 5492 542 5555 cum
583 5478 845 5542 voluerit,
911 5478 1212 5533 maximum
1269 5478 1528 5548 quodque
1579 5479 1899 5531 ttt'tl'arttlttttt

315 5568 604 5634 dos-ignare
626 5576 680 5622 et
700 5571 916 5625 efficere
940 5580 1126 5641 queat,
1152 5581 1206 5625 et
1236 5571 1379 5640 quod
1405 5571 1469 5623 ad
1496 5569 1698 5623 nullam
1730 5570 1900 5624 subli-

319 5664 560 5713 mit..tcm
609 5659 765 5728 quasi
814 5661 1072 5729 impedita
1130 5662 1384 5718 desistat.
1432 5662 1723 5729 Quomodo
1773 5678 1899 5715 vero

318 5752 541 5810 difﬁcile
569 5767 689 5806 esse
730 5752 902 5821 possit
937 5754 987 5809 ei
1027 5756 1118 5825 qui
1159 5759 1339 5813 omnia
1374 5758 1681 5822 constitu?t,
1732 5758 1899 5827 parti-

2002 3290 2301 3360 προσώπῳ,
2338 3289 2430 3342 καὶ
2477 3289 2511 3357 ὴ
2568 3288 2780 3357 θεότης,
2814 3288 2908 3340 καὶ
2967 3285 2999 3355 ἡ
3060 3284 3379 3354 ἀνθρωπίνη
3414 3283 3582 3351 φύσις

1999 3380 2321 3450 άσυγχὺτως
2355 3379 2524 3434 ἐστίν.
2564 3377 2833 3433 Ἐνταῦθα
2863 3379 2919 3432 δὲ
2959 3378 3018 3430 τὸ
3068 3377 3275 3445 κτίσμα
3316 3375 3454 3445 πρὸς
3485 3376 3577 3426 τὸν

2002 3474 2228 3542 κτίστην
2272 3472 2663 3543 μεταποιοῦται
2693 3472 2782 3524 διά
2828 3472 2996 3541 μέσου
3036 3468 3131 3524 τοῦ
3186 3468 3462 3535 σώματος,
3490 3470 3587 3523 καὶ

2003 3569 2035 3636 ἡ
2068 3568 2516 3637 προῦφεστηκυῖα
2538 3567 2631 3621 τοῦ
2664 3567 2834 3638 ἄρτου
2863 3566 3022 3619 οὑσία
3057 3567 3217 3635 σῶμα
3258 3564 3396 3618 Θεοῦ
3430 3564 3583 3633 γίνε-

1999 3679 2109 3724 ται,
2138 3664 2424 3731 γινόμενον
2480 3661 2658 3729 σῶμα.
2690 3661 2891 3723 Μεῖζον
2950 3660 3047 3728 μὲν
3085 3660 3151 3730 δὴ
3207 3663 3431 3712 πάντων
3471 3660 3586 3712 τῶν

2003 3755 2162 3808 θείων
2192 3753 2490 3823 θαυμάτων
2518 3753 2591 3815 ὡς
2623 3752 2843 3821 άληθῶς
2869 3752 2957 3805 διά
2981 3750 3176 3814 ταῦτα,
3209 3753 3240 3823 ἡ
3280 3751 3375 3804 τοῦ
3412 3751 3583 3822 ἄρτου

2000 3850 2136 3917 πρὸς
2162 3847 2221 3901 τὸ
2250 3848 2409 3915 σῶμα
2434 3846 2496 3898 τὸ
2524 3847 2843 3899 δεσποτικὸν
2870 3846 3305 3913 Μετουιζίωσις,
3334 3846 3454 3899 ἀλλ’
3482 3849 3586 3899 οὐκ

1998 3940 2258 4003 ἀδύνατος
2294 3938 2371 4007 τῷ
2399 3940 2533 4007 πρὸς
2562 3938 2657 4007 τὴν
2687 3938 2838 3990 θείαν
2870 3937 3123 4008 βλέποντι
3156 3938 3410 4007 δύναμιν.
3442 3938 3586 3992 Οὑτε

2002 4034 2108 4101 γάρ
2149 4032 2227 4083 δεῖ
2274 4032 2364 4083 τὸν
2405 4032 2540 4082 Θεὸν
2583 4031 2839 4099 ἡγεῖσθαι
2874 4031 3240 4102 μὴδύνασθαι
3284 4032 3439 4100 παρὰ
3482 4034 3583 4101 τὴν

2002 4124 2168 4191 φύσιν
2209 4124 2303 4176 καὶ
2345 4123 2455 4174 τῶν
2498 4121 2667 4175 ὄντων
2699 4121 2854 4189 τάξιν
2888 4124 3084 4188 ποιεῖν,
3115 4117 3159 4191 ᾧ
3212 4126 3305 4177 καὶ
3350 4126 3382 4197 ἡ
3420 4124 3584 4194 φύσις

2000 4220 2096 4271 καὶ
2125 4221 2157 4289 ἡ
2184 4217 2338 4282 τάξις
2367 4216 2679 4282 ὑπόκειται,
2717 4218 2814 4269 καὶ
2841 4215 3022 4286 πολλῷ
3058 4218 3260 4288 psum:
3298 4221 3433 4274 ὅπου
3487 4224 3581 4274 καί

1999 4313 2097 4382 τὴν
2132 4313 2296 4380 φύσιν
2326 4309 2497 4379 αὐτὴν
2527 4309 2675 4361 ἔστιν
2729 4309 2857 4363 ἰδεῖν
2902 4310 3011 4362 τῶν
3062 4312 3265 4382 ἑαυτῆς
3292 4314 3439 4384 ὅρων
3470 4316 3581 4381 ἐξι-

2002 4406 2279 4475 σταμένην
2338 4404 2489 4456 τιοτέ.
2533 4401 2671 4454 Οὔτε
2726 4402 2794 4456 τὰ
2852 4402 2952 4473 μὲν
2999 4402 3077 4466 ὡς
3141 4402 3409 4477 πρόχειρα
3470 4408 3583 4461 τῶν

2001 4496 2296 4564 θαυμάτων
2322 4495 2403 4547 δεῖ
2429 4493 2506 4561 τῷ
2537 4492 2654 4562 Θεῷ
2680 4493 3007 4563 συγχωρεῖν,
3042 4492 3179 4563 πρὸς
3212 4493 3267 4546 δὲ
3296 4496 3365 4547 τὰ
3405 4498 3582 4564 μείζω

2008 4590 2101 4640 καὶ
2128 4588 2528 4656 δυσχερέστερα
2563 4586 2949 4649 καταδικάζειν
2994 4586 3297 4655 ἀδυναμίαν
3345 4588 3440 4641 τοῦ
3487 4590 3581 4642 δύ-

2007 4696 2171 4747 ναμιν
2216 4678 2442 4745 ἄπειρον
2496 4676 2733 4746 ἔχοντος,
2780 4678 2874 4728 καὶ
2918 4677 3199 4745 σὺστοιχον
3230 4681 3297 4748 τῇ
3335 4679 3578 4750 θελήσει.

2008 4771 2070 4823 Ei
2101 4770 2205 4839 γὰρ
2233 4771 2332 4838 τὴν
2355 4767 2506 4832 τάξιν
2537 4767 2968 4838 ὑπερϐαίνειτῆς
2993 4767 3205 4835 φύσεως
3226 4769 3300 4831 ὡς
3325 4772 3582 4840 ὑπερκεί-

2013 4877 2173 4927 μενον
2213 4863 2431 4912 πάντων
2476 4859 2650 4912 αἴτιον
2698 4860 2756 4909 ὲν
2790 4860 2854 4928 τῇ
2900 4859 3006 4911 τῶν
3050 4861 3427 4929 ὑποκειμένων
3460 4864 3580 4917 δια-

2010 4956 2173 5024 φορᾷ,
2228 4955 2279 5006 τί
2340 4955 2416 5022 μὴ
2460 4955 2555 5005 καὶ
2600 4955 2656 5004 ὲν
2700 4952 2778 5020 τῷ
2846 4954 2995 5021 αὑτῷ
3048 4955 3331 5023 πράγματι
3376 4958 3584 5021 ταύτην

2011 5046 2292 5115 βουληθεὶς
2332 5046 2736 5115 ὑπερϐήσεταις
2769 5046 2827 5097 Εἰ
2862 5047 2917 5097 δὲ
2950 5048 3027 5114 μὴ
3055 5047 3297 5100 δουλεύει
3328 5051 3392 5117 τῇ
3426 5048 3582 5114 τάξει

2006 5138 2104 5207 τῆς
2136 5137 2350 5205 φύσεως
2397 5126 2729 5205 δημιουργῇ⁵
2777 5138 2946 5206 αὑτῆς
2977 5137 3075 5200 ὢν,
3109 5141 3161 5191 τί
3215 5140 3291 5207 μὴ
3343 5143 3438 5190 καὶ
3483 5143 3586 5208 τὴν

2008 5232 2170 5299 φύσιν
2229 5232 2398 5301 αὐτὴν
2458 5236 2880 5301 μεταποιήσειεν
2936 5233 3013 5295 ὡς
3064 5234 3131 5286 ἂν
3181 5235 3343 5296 αὐτὸς
3380 5235 3582 5302 βουλη-

2008 5324 2161 5392 θείη;
2197 5324 2408 5391 ’Ὡσπ;ρ
2436 5325 2543 5394 γὰρ
2577 5327 2768 5393 κτιστῇ
2806 5341 2905 5377 τινι
2945 5324 3201 5393 δυνάμει,
3233 5327 3327 5379 καὶ
3372 5328 3443 5378 τά
3472 5326 3584 5378 τῶν

2007 5417 2301 5482 θαυμάτων
2327 5414 2531 5483 ἔσχατα
2562 5419 2627 5483 τῇ
2667 5418 2821 5479 τάξει
2868 5417 3121 5486 καθάπερ
3157 5419 3580 5488 ἀνεπιχείρητα,

2005 5506 2147 5559 οὕτω
2176 5511 2240 5577 τῇ
2271 5508 2563 5578 περιουσίᾳ⁴
2588 5511 2856 5577 προσήκει
2890 5510 2981 5578 τῆς
3014 5512 3242 5579 ἀπείρο)
3269 5510 3580 5575 δυνάμεως,

2005 5598 2224 5650 ἐπειδάν
2293 5598 2528 5668 βουληθῇ
2588 5602 2772 5667 μεῖξον
2831 5601 2919 5653 ἀεὶ
2987 5603 3235 5670 μείζονος
3293 5590 3580 5671 θαύματός

2004 5694 2239 5744 ἐπινοεῖν
2271 5694 2365 5744 καὶ
2404 5696 2599 5756 ποιεῖν,
2637 5696 2731 5750 καὶ
2769 5696 2905 5767 πρὸς
2953 5697 3215 5766 οὐδεμίαν
3270 5698 3581 5767 ὑπερεολὴν

2006 5784 2275 5838 ῐσιαιθαι.
2312 5784 2377 5836 Τί
2423 5784 2467 5835 δ’
2504 5784 2567 5839 ἂν
2623 5785 2709 5856 εἴη
2762 5787 3001 5857 χαλῖπὸν
3056 5788 3132 5860 τῷ
3169 5789 3290 5843 τόδε
3352 5789 3411 5845 τὸ
3463 5791 3575 5844 τᾶν
