3948 6186
252 292 355 357 361

1254 294 1441 355 110M.
1487 295 1581 354 DE
1618 292 1944 361 SACRAM.
1984 289 2329 350 CCBI‘ORE
2367 290 2401 348 J
2454 290 2513 348 [ἶ.

3400 286 3508 350 362

251 403 713 473 ὓποστησαμένῳ,
754 404 847 456 καὶ
899 404 1133 475 μερικήν
1180 423 1303 459 τινα
1344 406 1625 461 διαθέσθαι
1660 406 1824 474 φύσιν

1934 403 2171 458 cularem
2212 402 2506 471 quamdam
2554 410 2802 452 naturam
2866 400 3160 468 disponere
3230 409 3290 454 ut
3338 387 3507 454 νυιιιτ

245 497 321 563 ὡς
349 495 646 568 βούλεταις
699 498 799 551 Διὰ
830 497 990 550 τοῦτο
1033 498 1151 550 λύει
1184 499 1287 566 μὲν
1334 501 1363 551 ὁ
1409 498 1541 563 Θεὸς
1592 501 1831 569 πυρετὸν

251 588 464 660 ἰατρεία
493 588 589 642 καὶ
644 587 747 656 ὀδῷ
786 587 1004 655 φύσεως
1025 601 1041 619 ο
1081 588 1151 641 δι’
1199 589 1367 643 αὐτοῦ
1396 590 1508 661 γὰρ
1539 591 1634 643 καὶ
1664 592 1829 661 τέχνη

251 678 344 731 καὶ
377 682 545 745 φύσις
584 679 739 732 ἀνύει
776 680 959 749 πάσης
992 680 1185 744 αὐταῖς
1211 683 1573 751 παρασκευῆς
1616 683 1827 736 ἐκεῖθεν

248 768 516 838 ἡκούσης.
548 770 763 823 Λὺειδέ
803 788 936 825 ποτε
994 774 1231 842 πυρετὸν
1284 774 1409 827 οὔτε
1462 776 1527 846 τῇ
1573 775 1677 845 6δῷ
1729 776 1829 843 τῆς

247 859 491 927 φύσεως,
520 860 644 913 οὔτε
710 864 778 932 τῇ
841 863 1015 935 τέχνῃ
1068 863 1381 934 χρώμενος.
1439 864 1517 935 Τῇ
1576 866 1714 937 αὐτῇ
1772 867 1830 920 δὲ

248 952 479 1021 δυνάμει
504 951 653 1021 ζωην
702 956 902 1023 ἑμπνεῖ
940 955 1018 1025 τῷ
1065 956 1268 1026 νεκρῷ,
1299 958 1366 1025 ἢν
1395 959 1427 1028 ἡ
1460 958 1624 1027 φύσις
1660 958 1827 1023 ζῶντι

248 1042 433 1095 δίδωσι
489 1043 655 1113 μόνῳ.
696 1044 979 1099 Ἐπέκεινα
1011 1046 1068 1100 δὲ
1117 1048 1211 1101 καὶ
1240 1048 1301 1101 τὸ
1332 1050 1489 1117 φύσει
1541 1050 1682 1121 βαρὺ
1737 1052 1831 1105 καὶ

249 1134 456 1200 γεῶδες
489 1135 649 1204 σῶμα
683 1135 780 1190 τοῦ
826 1138 1058 1206 φυσικοῦ
1102 1140 1331 1210 βάρους,
1366 1142 1461 1196 καὶ
1507 1142 1606 1211 τῆς
1640 1144 1831 1215 θνητό-

248 1240 411 1293 τητος
435 1225 796 1280 ἀπαλλάττων
825 1230 1107 1293 είσοικίζει
1152 1230 1261 1284 τῶν
1289 1234 1472 1301 θυρῶν
1498 1236 1827 1306 κεκλεισμέο

251 1331 379 1379 νων,
414 1316 507 1369 καὶ
537 1318 862 1388 μετεωρίζει
912 1320 1049 1387 πρὸς
1080 1312 1171 1373 τὸν
1205 1321 1458 1393 οὐράνιον
1494 1324 1697 1393 χῶρον,
1732 1328 1829 1381 καὶ

252 1407 617 1478 σωματότητα
655 1408 753 1461 καὶ
795 1410 1221 1482 πνευματιὴητα
1273 1412 1593 1484 συνίστησιν
1647 1417 1707 1469 ὲν
1750 1415 1830 1486 τῷ

251 1498 402 1568 αὑτῷ
434 1499 743 1570 πράγματι,
767 1500 842 1564 ὡς
876 1496 1017 1556 εἶναι
1048 1503 1148 1573 μὶν
1177 1504 1236 1556 τὸ
1266 1504 1397 1558 αὐτὸ
1426 1507 1585 1575 σῶμα
1612 1507 1830 1577 άληθῶς

253 1588 585 1658 ἀνθρώπου,
640 1586 779 1644 εἶναι
831 1593 1015 1663 μέντοι
1072 1597 1231 1664 σῶμα
1288 1600 1681 1667 πνευματικὸν,
1729 1602 1847 1654 καὶ.

252 1674 362 1734 οἷον
407 1683 474 1736 ἂν
500 1682 588 1738 διὰ
639 1685 749 1739 τῶν
802 1686 1081 1755 στεγανῶν
1123 1688 1351 1743 διελθεῖν
1402 1691 1719 1747 ἐνδιδόντων
1756 1696 1821 1765 τῇ

252 1771 371 1843 θείᾳ
413 1774 664 1845 δυνάμει,
699 1776 951 1848 καθάπερ
988 1777 1103 1831 ἔνια
1162 1779 1271 1834 τῶν
1322 1782 1509 1835 ἁπλῶν
1556 1784 1824 1851 σωμάτων

1934 495 2148 550 idcirco
2180 493 2402 563 depellit
2426 492 2640 561 quidem
2682 489 2827 545 Deus
2874 489 3072 545 febrim
3127 492 3419 557 medicina,
3455 501 3509 548 ct

1935 601 2021 639 vra
2070 584 2306 639 naturali
2348 602 2363 637 :
2425 598 2520 652 per
2572 582 2748 652 ipsum
2778 582 2921 636 enim
2974 588 3028 635 et
3076 596 3167 641 ars
3202 592 3253 637 et
3308 594 3507 638 natura

1933 676 2181 730 cll'ectum
2213 676 2435 737 habent,
2462 687 2582 726 cum
2610 672 2677 726 ab
2706 686 2772 726 eo
2804 669 3032 727 facultas
3061 673 3348 740 utriusque
3382 689 3506 728 0m-

1935 769 2023 823 nis
2057 766 2280 821 oriatur.
2331 764 2563 832 Depellit
2595 765 2759 817 etiam
2804 764 2995 818 febrim
3018 802 3033 826 ,
3064 780 3240 835 neque
3270 765 3506 819 naturali

1934 861 2021 915 via
2054 874 2231 927 neque
2258 868 2375 912 arte
2398 856 2589 911 eadem
2626 863 2808 911 utens.
2831 857 3031 911 Eadem
3062 872 3281 927 quoque
3315 866 3506 926 poten-

1933 953 2007 1007 tia
2036 953 2202 1006 vitam
2232 951 2462 1019 inspirat
2490 954 2726 1010 mortuo,
2754 963 2913 1017 quam
2948 957 3140 1001 natura
3178 947 3380 1001 viventi
3416 950 3507 1001 dat

1933 1046 2057 1101 soli.
2087 1042 2357 1098 Praeterea
2391 1056 2595 1111 corpus
2656 1053 2851 1094 natura
2908 1055 3071 1108 grave
3102 1049 3159 1093 et
3194 1048 3502 1103 terrenum,

1935 1136 2170 1192 naturali
2196 1133 2469 1205 gravitate
2500 1140 2555 1186 et
2601 1131 2933 1184 mortalitate
2962 1128 3225 1192 liberans,
3262 1130 3508 1182 introdu-

1933 1232 2009 1286 cit
2036 1246 2132 1301 per
2165 1230 2384 1285 clausas
2404 1226 2624 1296 januas,
2643 1235 2695 1279 et
2720 1222 3216 1279 elevanstransfert
3234 1223 3293 1276 in
3315 1223 3506 1277 caeles-

1936 1335 2041 1378 tem
2055 1322 2236 1377 sedem
2253 1320 2670 1390 corporeitatcm
2690 1327 2741 1371 et
2760 1317 3220 1387 spiritualitatem,
3246 1316 3299 1370 in
3318 1316 3504 1369 eodem

1935 1417 2054 1487 ipso
2070 1414 2435 1477 constituens,
2459 1413 2531 1464 ita
2556 1418 2613 1463 ut
2638 1410 2780 1463 idem
2809 1410 2879 1463 sit
2897 1421 3306 1478 corpnsvcrum
3332 1405 3509 1460 homi-

1934 1510 2045 1569 nis.
2079 1508 2263 1577 sitque
2293 1504 2454 1559 srmul
2504 1518 2700 1573 corpus
2721 1501 3027 1571 spiritualc,
3058 1502 3195 1555 adeo
3233 1509 3289 1554 ut
3325 1499 3503 1553 solida

1934 1617 2166 1671 corpora
2186 1610 2507 1669 transmeet,
2527 1613 2649 1668 qua:
2669 1597 2922 1666 potestati
2945 1596 3141 1649 divina?
3160 1595 3377 1655 cedant,
3401 1594 3507 1648 sic-

1935 1704 1994 1747 ut
2028 1691 2300 1760 simplicia
2335 1689 2584 1759 quaedam
2626 1702 2850 1757 corpora
2888 1702 2984 1756 per
3037 1687 3273 1741 solidum
3308 1701 3505 1753 corpus

1934 1787 2245 1846 transeunt,
2266 1781 2629 1846 humanarum
2674 1792 2931 1832 manuum
2961 1778 3011 1833 vi
3044 1777 3176 1833 illud
3209 1778 3504 1833 efﬁciente.

250 1865 337 1919 διά
368 1867 638 1937 σωμάτων
683 1869 957 1940 διέρχεται
992 1875 1292 1941 στεγανῶν,
1326 1873 1449 1944 βίας
1501 1877 1708 1949 χειρῶν
1739 1878 2096 1950 ἀνθρωπίνων
2132 1875 2291 1929 τοῦτο
2325 1872 2691 1944 πραττούσης.

319 1959 459 2028 Περὶ
491 1960 590 2030 μὲν
625 1961 689 2027 δὴ
717 1962 827 2016 τῶν
861 1964 1021 2018 θείων
1047 1966 1347 2037 θαυμάτων
1378 1971 1544 2038 ἀρκεῖ
1568 1971 1822 2026 τοσοῦτον

2000 1970 2105 2026 Sed
2128 1968 2196 2023 de
2212 1968 2411 2023 divinis
2432 1965 2711 2019 miraculis
2725 1964 2859 2019 satis
2877 1964 3084 2019 dictum
3118 1974 3499 2036 est,qnantum

252 2050 450 2117 είπεῖν,
500 2052 626 2106 ὅσον
675 2054 755 2118 είς
800 2054 899 2126 τὴν
944 2060 1315 2132 προκειμένην
1372 2063 1506 2133 ἡμῖν
1567 2064 1827 2135 ἁρμόττει

251 2144 463 2214 χρείαν,
512 2146 591 2215 τῷ
639 2147 696 2201 δὲ
745 2152 1095 2221 προκειμένῳ
1142 2153 1289 2224 μόνῳ
1345 2156 1675 2224 ὲφιστῶντες
1728 2159 1823 2213 νῦν

255 2236 563 2307 μυστηρίῳ,
600 2238 765 2292 πάλιν
816 2240 1299 2312 ἀναλαμϐάνοντες
1346 2246 1598 2317 λέγομεν,
1629 2251 1710 2303 ὅτι
1759 2254 1822 2323 τῇ

255 2330 353 2398 μὲν
380 2330 503 2402 θείᾳ
547 2331 777 2402 δυνάμει
807 2335 995 2398 ἁπλῶς
1055 2336 1308 2408 οὐδαμῶς
1352 2341 1618 2397 ἀδύνατον
1646 2342 1827 2411 τοῦτο,

252 2421 347 2475 καὶ
394 2424 534 2492 πρὸς
585 2425 825 2496 ἑκάστην
862 2426 920 2479 δὲ
960 2428 1068 2483 τῶν
1101 2430 1352 2500 ἀποριῶν
1395 2429 1484 2495 αἷς
1507 2453 1652 2499 τινες
1692 2438 1830 2507 πρὸς

253 2512 350 2582 τὴν
368 2516 640 2571 ἀπιστίαν
661 2518 953 2587 ἀνάγονται
987 2520 1080 2575 τοῦ
1113 2524 1435 2595 μυστηρίου,
1468 2528 1649 2597 ῥᾴδιον
1679 2530 1829 2583 ἀντι-

256 2607 607 2673 μηχανᾶσθαι
630 2607 721 2662 τὸν
761 2609 1108 2680 ἀνθρώπινον
1139 2614 1319 2682 λόγον,
1379 2618 1558 2670 καίτοι
1605 2620 1697 2672 τοῦ
1730 2639 1831 2691 μυ-

256 2700 483 2766 στηρίου
538 2699 793 2771 καθάπερ
857 2703 1041 2756 πίστει
1084 2706 1223 2777 μόνῃ
1262 2706 1635 2776 λαμϐάνεσθαι
1683 2712 1831 2784 δαεί-

252 2785 464 2855 λοντος,
499 2791 595 2845 καὶ
629 2794 981 2864 κατέχεσθαι.
1016 2796 1226 2851 Αὐτίκα
1275 2800 1337 2852 τὸ
1390 2802 1490 2868 μὲν
1522 2803 1621 2871 τῆς
1656 2822 1829 2874 μετα-

251 2880 419 2951 σολῆς
466 2884 756 2956 ἀκαριαῖον
797 2891 866 2959 τῇ
917 2890 1146 2963 ἀπειρίᾳ
1192 2890 1293 2961 τῆς
1345 2892 1495 2960 θείας
1543 2896 1829 2969 δυνάμεως

253 2974 660 3045 θεραπεύεταιο
695 2980 729 3050 ἠ
784 2980 895 3052 γάρ
950 2981 1177 3053 ἄπειρος
1227 2984 1463 3057 δύναμις
1520 2988 1579 3042 ὲν
1628 2989 1831 3060 ἀκαρεῖ

252 3066 451 3137 χρόνου
478 3067 705 3124 δύναται
733 3070 799 3125 τὰ
833 3072 1069 3142 μέγιστα
1097 3074 1206 3129 τῶν
1233 3081 1504 3148 σωμάτων
1530 3084 1722 3146 κινεῖν,
1754 3081 1830 3146 ὡς

251 3158 336 3228 τῷ
360 3159 639 3231 φιλοσόφῳ
686 3160 857 3228 δοκεῖ,
893 3162 1034 3217 ὥστε
1068 3166 1161 3218 καὶ
1198 3168 1558 3233 μεταϐάλλειν
1600 3171 1658 3224 ἐν
1693 3172 1829 3224 ἀκα-

255 3252 343 3320 ρεῖ
382 3252 579 3321 χρόνον
638 3253 670 3323 ἠ
714 3253 896 3309 πάντα
952 3256 1287 3328 παράγουσα
1340 3259 1573 3331 δύναμις
1613 3265 1714 3316 οὐκ
1762 3261 1828 3316 ἂν

1931 2061 2165 2117 instituti
2194 2058 2335 2113 ratio
2354 2054 2697 2127 postulabat;
2724 2054 3009 2125 proposito
3035 2065 3215 2111 antem
3244 2060 3501 2127 mysterio

1931 2151 2109 2207 solum
2155 2148 2493 2212 insistentes,
2534 2154 2587 2201 et
2626 2161 2935 2201 sermonem
2974 2158 3337 2212 resumentes,
3369 2149 3503 2203 dici-

1931 2259 2056 2299 mus
2087 2241 2233 2312 quod
2266 2239 2463 2293 divina:
2483 2240 2736 2309 potestati
2758 2237 3077 2307 simpliciter
3108 2238 3239 2293 illud
3270 2239 3502 2296 nullate-

1932 2351 2035 2390 nus
2063 2333 2397 2403 impossibile
2412 2340 2516 2397 est,
2534 2340 2586 2386 et
2604 2330 2832 2403 singulis
2853 2331 3278 2399 diﬂicultatibus,
3298 2333 3499 2404 quibus

1932 2426 2264 2483 nonnulliad
2302 2424 2743 2479 incredulitatem
2790 2424 2937 2478 circa
2962 2424 3063 2480 hoc
3088 2435 3497 2481 sacramentum

1932 2520 2304 2582 adducuntur,
2350 2516 2509 2569 facile
2558 2524 2644 2570 est
2692 2514 2985 2568 humanam
3020 2515 3289 2570 rationein
3331 2532 3502 2586 oppo-

1931 2629 2098 2676 nere;
2126 2612 2256 2666 licet
2291 2608 2515 2665 omnino
2549 2618 2965 2662 sacramentum
2986 2608 3090 2663 hoc
3127 2610 3243 2663 sola
3282 2610 3386 2665 lide
3418 2627 3507 2680 ap-

1931 2703 2217 2775 prehendi,
2244 2712 2299 2759 et
2338 2701 2562 2756 ﬁrmiter
2583 2699 2755 2755 teneri
2780 2698 2998 2756 debeat.
3027 2697 3224 2756 Statim
3253 2717 3381 2758 vero
3405 2704 3505 2759 du-

1933 2796 2187 2852 bitationi
2260 2796 2409 2850 circa
2464 2802 2899 2848 momentaneam
2979 2796 3501 2851 transmutationem

1931 2888 2239 2943 occurritur
2262 2902 2359 2956 per
2381 2885 2577 2939 divina:
2602 2884 2862 2953 potentiae
2888 2884 3215 2938 inﬁnitatem
3248 2903 3262 2939 :
3290 2886 3505 2940 inﬁnita

1932 2994 2174 3049 namque
2224 2978 2466 3048 potentia
2526 2977 2581 3030 in
2662 2985 2943 3032 momento
2994 2978 3255 3046 temporis
3325 2988 3502 3047 potest

1933 3070 2173 3125 maxima
2209 3083 2442 3137 qumque
2478 3083 2699 3123 movere
2755 3083 3011 3136 corpora,
3054 3077 3111 3123 ut
3165 3068 3502 3140 Philosophe

1931 3159 2171 3225 videtur,
2206 3160 2278 3213 ita
2311 3171 2368 3213 ut
2419 3166 2474 3211 et
2526 3166 2897 3215 transmutare
2933 3160 2987 3214 in
3039 3170 3323 3216 momento
3365 3171 3501 3218 tem—

1933 3254 2083 3324 poris
2118 3252 2265 3308 illius
2296 3267 2482 3307 rerum
2511 3250 2755 3334 omnium
2787 3252 3074 3310 creatricis
3100 3256 3362 3325 potentiae
3389 3257 3497 3312 vim

254 3344 496 3414 ἁτονοίη.
527 3345 618 3415 Τῷ
654 3345 715 3400 δὲ
759 3348 860 3418 τὴν
905 3348 1015 3403 τῶν
1048 3350 1248 3405 οὐσιῶν
1278 3353 1706 3426 ἔκπληττομένῳ
1739 3374 1830 3427 με-

1936 3360 2042 3400 ιιοη
2071 3352 2316 3415 superet.
2350 3344 2435 3399 Ad
2469 3345 2899 3427 substantiarum
2942 3355 3127 3402 autem
3157 3356 3502 3406 transmutao

252 3436 493 3507 τασολὴν
544 3439 746 3501 πολλὰς
786 3441 885 3509 μὲν
936 3444 968 3512 ἡ
1023 3442 1145 3497 θεία
1193 3444 1407 3516 Γραφὴ.
1442 3448 1647 3511 πολλὰς
1690 3450 1750 3504 δι
1795 3454 1827 3523 η

254 3529 423 3597 φύσις
469 3529 609 3601 αὐτὴ
662 3531 881 3586 δίδωσιν
934 3534 1287 3605 ὁμοιότητας
1344 3540 1503 3592 Ἔστι
1564 3541 1667 3608 μὲν
1723 3542 1831 3615 γὰρ

255 3622 468 3675 ὑδάτων
534 3623 720 3693 φύσις,
772 3619 855 3689 οἷς
913 3626 1321 3697 ἐμϐαλλόμενον
1378 3628 1533 3695 ξύλον
1592 3634 1691 3686 οὐκ
1750 3635 1832 3698 είς

259 3715 478 3785 μακρὰν
523 3718 605 3780 είς
659 3717 807 3770 λίθου
873 3718 1037 3786 φύσιν
1093 3704 1495 3789 μεταποιεῖται.
1539 3724 1631 3777 Ἐν
1672 3725 1729 3778 δὲ
1763 3727 1830 3795 τῇ

256 3808 436 3879 κοιλίᾳ
476 3811 571 3861 καὶ
615 3809 696 3879 τῷ
752 3810 1007 3882 στομάχῳ
1062 3811 1157 3865 τοῦ
1220 3811 1361 3877 ζώου
1412 3815 1535 3868 καθ’
1591 3818 1832 3889 ἑκάστην

259 3901 475 3972 ἡμέραν
525 3903 587 3955 τὸ
632 3904 735 3972 τῆς
788 3908 994 3975 τροφῆς
1024 3905 1327 3977 καθαρεῦον
1359 3909 1495 3978 μετά
1535 3911 1633 3978 τὴν
1663 3909 1831 3978 πέψιν

259 3995 351 4046 καὶ
377 3994 477 4060 τὴν
501 3994 784 4047 ἀλλοίωσιν
810 3996 1191 4065 ἀναδιδόμενον
1226 3999 1397 4069 ἥπατι
1442 4000 1535 4052 καὶ
1567 4000 1731 4070 φλεψὶ
1763 4000 1832 4053 δι’

257 4083 420 4138 αὑτοῦ
453 4086 742 4155 προσθήκη
788 4088 853 4155 τῇ
890 4087 1052 4157 οὐσίᾳ
1084 4088 1178 4140 τοῦ
1227 4089 1565 4158 τρεφομένου
1596 4092 1828 4159 γίνεται.

260 4176 382 4239 Πῶς
426 4175 559 4241 οὓν;
619 4179 754 4245 Οὐχί
801 4180 897 4231 καὶ
944 4179 1122 4231 ταῦτα
1170 4180 1319 4234 δοκεῖ
1376 4181 1674 4252 θαυμαστά
1717 4186 1830 4247 τοῖς

258 4269 550 4333 ἀπίστοιςς
591 4267 757 4322 Ἀλλὰ
790 4269 883 4322 τὸν
931 4270 1029 4336 μὲν
1058 4270 1221 4341 ἄρτον
1247 4273 1428 4342 σάρκα
1457 4273 1744 4343 γινόμενον
1774 4276 1831 4330 ἐν

254 4360 439 4422 αὐτοῖς
474 4360 533 4413 οὐ
564 4361 931 4424 διαπιστοῦσι,
954 4365 1093 4417 κατά
1116 4363 1173 4415 δὲ
1206 4364 1301 4417 τοῦ
1331 4366 1635 4435 μυστηρίου
1666 4369 1830 4435 μόνου

253 4453 354 4519 τὴν
412 4454 674 4506 ἀπιστίαν
739 4455 1067 4524 ιτείρουσιν.
1120 4457 1181 4509 El
1230 4457 1287 4509 δὲ
1345 4461 1435 4510 καὶ
1491 4461 1518 4512 ὁ
1582 4459 1831 4524 Σατανᾶς

250 4542 443 4609 ἔλεγεν
471 4544 814 4615 ἐκπειράζων
840 4562 853 4576 ·
882 4549 1027 4600 Εἰπὲ
1055 4548 1157 4601 ἵνα
1192 4551 1246 4601 οι
1270 4549 1428 4602 λίθοι
1467 4546 1632 4607 οὗτοι
1666 4552 1831 4621 ἄρτοι

252 4637 560 4703 γίνωνται,
592 4640 645 4690 εἰ
674 4637 820 4705 Θεὸς
856 4635 915 4692 εἶ
935 4678 950 4703 ,
981 4641 1057 4698 ὠς
1092 4640 1244 4707 είδὼς
1276 4643 1517 4711 δηλονότι
1552 4647 1651 4715 τὴν
1681 4647 1830 4698 θείαν

246 4724 490 4793 δύναμιν
521 4726 859 4794 ἑξαρκοῦσαν
891 4730 950 4782 ἐν
1000 4731 1199 4800 ἀκαρεῖ
1244 4732 1401 4785 τοῦτο
1430 4737 1626 4797 ποιεῖν,
1657 4737 1705 4787 εί
1737 4735 1829 4787 θε-

249 4816 481 4884 λήσειν
516 4817 635 4879 πῶς
688 4818 913 4886 ὀλίγων
977 4822 1052 4889 μὴ
1107 4821 1366 4875 δύνασθαι
1417 4824 1506 4876 τὸν
1561 4824 1692 4878 Θεὸν
1740 4826 1831 4878 τὸν

246 4904 424 4973 ἄρτον
479 4908 558 4967 είς
597 4905 951 4977 ἀνθρωπίνην
1010 4912 1189 4979 σάρκα
1224 4913 1572 4979 μεταϐαλεῖν,
1608 4916 1635 4966 ὃ
1675 4917 1829 4985 καὶὴ

247 4996 424 5063 φύσις
452 4996 511 5047 tv
542 4996 833 5066 ὡρισμένῳ
866 5002 1020 5068 μέρει
1048 5002 1242 5070 χρόνου
1285 5005 1450 5069 ποιεῖ,
1481 5005 1542 5056 οὐ
1572 5006 1828 5073 ψεύδεται

244 5090 443 5156 χεῖρον
494 5086 587 5140 τοῦ
621 5089 914 5154 πειραστοῦ
958 5091 1016 5153 ὅς
1050 5093 1163 5143 ἐστι
1209 5093 1302 5145 τοῦ
1349 5093 1577 5161 ψεύδους
1611 5099 1831 5166 ararim;

256 5177 335 5229 Ἦ
368 5176 523 5230 τοῦτο
570 5177 667 5231 νῦν
702 5178 1051 5251 ἐργαζομένη
1102 5183 1162 5234 τὸ
1212 5184 1396 5253 θαῦμα
1447 5184 1698 5255 δύναμις,
1735 5190 1833 5255 τὴν

242 5270 499 5336 γυναῖκα
536 5270 666 5322 ποτὲ
710 5271 805 5323 τοῦ
837 5271 958 5325 Λὼτ
993 5275 1072 5336 είς
1113 5275 1239 5337 ἀλδς
1283 5276 1482 5345 στήλην
1511 5278 1704 5347 αἴφνης
1741 5296 1836 5347 με-

241 5360 573 5415 ταϐαλοῦσα
627 5364 752 5426 τοὺς
808 5364 883 5434 μὴ
938 5365 1186 5430 θέλοντας
1246 5367 1532 5420 πείθεσθαι
1588 5370 1665 5435 τῷ
1717 5369 1837 5439 Θεῷ

241 5454 658 5521 προστάττοντι
713 5458 1057 5524 σωφρονίζει.
1100 5460 1208 5513 Καὶ
1271 5460 1408 5530 αὑτὴ
1457 5461 1554 5531 τὴν
1594 5463 1837 5526 Μωσέως

244 5542 462 5617 ρἁδον
492 5544 571 5606 είς
622 5546 765 5615 ὅφιν,
822 5552 911 5603 καὶ
962 5552 1021 5617 ἐξ
1069 5551 1244 5621 ὄφεως
1296 5550 1451 5617 αὖθις
1500 5555 1579 5616 είς
1642 5553 1838 5624 ῥάϐδον

334 5726 345 5759 ³
389 5726 581 5779 Matth.
623 5741 696 5787 tv,
730 5726 783 5780 3.
885 5784 899 5795 I

516 5828 792 5884 Parnm.
831 5824 948 5882 lin.
1012 5823 1179 5883 CLX.

1934 3440 2138 3494 lienem
2190 3436 2624 3506 obstupeseenti,
2683 3426 2879 3492 multas
2942 3438 3229 3509 Scriptura
3295 3442 3500 3511 divina,

1935 3530 2134 3585 multas
2164 3530 2327 3585 etiam
2397 3530 2515 3600 ipsa
2558 3540 2755 3584 natura
2805 3530 3195 3588 similitudines
3231 3533 3506 3589 submini-

1939 3633 2097 3677 strat.
2121 3621 2195 3675 Ea
2233 3621 2379 3677 enim
2407 3622 2766 3692 quarumdam
2796 3638 3060 3693 aquarum
3091 3636 3284 3681 natura
3314 3638 3419 3690 est.
3446 3638 3506 3683 ut

1935 3712 2191 3783 injectum
2220 3713 2422 3784 lignum
2450 3727 2557 3767 non
2584 3713 2745 3782 longo
2788 3715 3077 3769 iulervalio
3107 3716 3161 3769 in
3182 3717 3382 3787 lapidis
3409 3736 3505 3773 na~

1934 3811 2115 3856 turam
2173 3813 2589 3859 trausmutetur.
2622 3806 2677 3858 lu
2730 3816 2919 3861 ventre
2965 3817 3019 3862 et
3059 3812 3345 3865 stomacho
3379 3813 3503 3866 ani-

1932 3896 2093 3949 malis
2116 3895 2358 3964 quotidie
2385 3911 2512 3964 pars
2528 3896 3008 3968 alimentipurior,
3043 3909 3167 3971 post
3197 3902 3501 3958 coctionem

1932 3993 1986 4040 et
2012 3986 2367 4040 mutationem
2400 3986 2454 4040 in
2478 3986 2669 4056 hepar,
2696 3997 2750 4042 et
2774 4004 2871 4056 per
2902 3990 3032 4043 illud
3066 3991 3118 4044 in
3145 4006 3310 4047 venas
3332 4000 3508 4047 trans-

1933 4075 2074 4143 fusa,
2117 4077 2183 4130 ad
2223 4078 2407 4132 nutriti
2444 4078 2697 4133 animalis
2754 4081 3117 4135 substantiam
3163 4084 3501 4153 adiungitur.

1932 4166 2073 4233 Quid
2110 4168 2361 4221 tandem?
2406 4167 2600 4223 Nonne
2648 4179 2702 4223 et
2749 4170 2847 4224 ista
2898 4169 3197 4228 incredulis
3230 4175 3502 4229 mirabilia

1933 4270 2056 4311 esse
2086 4256 2383 4312 videntur?
2423 4257 2527 4313 Sed
2558 4274 2751 4329 panem
2800 4262 3018 4329 quidem
3050 4262 3103 4315 in
3159 4263 3354 4334 seipsis
3381 4280 3505 4320 car-

1933 4361 2055 4401 nem
2094 4346 2230 4413 ﬁeri,
2282 4364 2389 4403 non
2434 4348 2728 4405 difﬁculter
2770 4352 3029 4419 credunt;
3080 4362 3269 4409 contra
3326 4356 3501 4410 solum

1934 4454 2064 4495 vero
2110 4441 2427 4510 mysterium
2466 4456 2656 4495 eorum
2698 4442 3057 4499 incredulitas
3095 4449 3389 4503 excitatur.
3446 4449 3504 4504 Si

1934 4547 2062 4588 vero
2112 4534 2229 4602 ipse
2254 4534 2488 4589 Satanas
2541 4539 2803 4590 tentando
2851 4538 3034 4593 dixit:
3072 4539 3163 4593 Dic
3205 4550 3261 4593 ut
3304 4542 3507 4611 lapides

1935 4624 2028 4677 isti
2051 4640 2210 4693 partes
2235 4624 2394 4693 ﬁant,
2428 4628 2476 4679 si
2504 4627 2650 4695 ﬁlius
2673 4627 2769 4681 Dei
2802 4644 2855 4682 es
2880 4629 2919 4693 ¹,
2951 4632 3131 4685 sciens
3150 4647 3345 4702 nempe
3374 4636 3513 4689 divi-

1940 4733 2064 4771 nam
2100 4720 2395 4789 potentiam
2418 4732 2681 4787 prazstare
2715 4720 2768 4774 id
2796 4735 3077 4777 momento
3109 4726 3369 4794 temporis
3397 4728 3513 4781 suf-

1938 4809 2183 4864 ﬁcientei'
2218 4811 2511 4881 posse.qui
2546 4812 2679 4867 dicit
2708 4811 2874 4868 Deum
2894 4830 2999 4869 non
3038 4831 3195 4885 posse
3227 4827 3505 4872 transmu-

1941 4910 2054 4955 tare
2088 4918 2283 4972 panem
2314 4904 2367 4957 in
2411 4904 2710 4957 humanam
2734 4921 2977 4972 carnem,
3008 4909 3152 4976 quod
3182 4922 3376 4964 natura
3412 4910 3507 4963 de-

1940 4995 2238 5047 terminato
2284 4993 2549 5062 temporis
2603 4997 2780 5064 spatio
2808 4996 2959 5062 facit,
2996 5000 3270 5068 quomodo
3303 5001 3347 5054 is
3399 5016 3503 5055 non

1938 5086 2205 5139 mentitur
2234 5085 2355 5153 ipso
2378 5094 2647 5142 tentatore
2671 5088 2939 5152 deterius,
2961 5094 3047 5157 qui
3069 5101 3149 5145 est
3180 5101 3331 5159 pater
3358 5106 3507 5144 men-

1938 5177 2123 5232 dacii?
2155 5178 2273 5247 Ipsa
2304 5195 2424 5248 quae
2462 5196 2603 5235 nunc
2631 5182 3103 5237 miraculutuillud
3131 5193 3383 5250 Operatur
3407 5197 3501 5250 p0-

1942 5270 2128 5334 tentia,
2165 5285 2283 5341 qua:
2321 5272 2615 5340 aliquando
2644 5289 2869 5328 uxorem
2901 5274 2998 5328 Lot
3025 5276 3077 5326 in
3108 5274 3237 5328 salis
3264 5284 3498 5328 statuant

1941 5360 2126 5415 subito
2162 5362 2599 5429 transformavit,
2621 5380 2715 5418 eos
2740 5366 2829 5433 qui
2863 5364 2971 5417 Deo
3024 5364 3309 5431 imperanti
3342 5363 3500 5417 ﬁdem

1946 5454 2149 5511 habere
2181 5456 2393 5522 nolunt,
2428 5456 2491 5510 ad
2524 5456 2795 5510 saniorem
2845 5466 3077 5509 mentem
3123 5465 3381 5513 revocat:
3422 5458 3511 5512 ilia

1949 5550 2161 5606 scilicet
2192 5551 2398 5620 virgam
2428 5549 2609 5622 .Mosis
2649 5549 2703 5603 in
2742 5557 3074 5619 serpentem,
3098 5560 3149 5603 et
3168 5565 3234 5606 ex
3259 5563 3511 5621 serpente

3044 5820 3117 5879 12
