3948 6186
385 336 489 401 363

385 468 580 509 rursus
637 452 690 507 in
747 452 951 521 virgam
1007 446 1390 504 transmutavit
1442 465 1456 503 :

386 562 580 618 aquam
605 547 789 599 vinum
825 543 952 598 fecit
986 541 1041 596 in
1076 540 1222 595 Cana
1250 558 1264 595 :
1293 539 1408 610 ipsa
1455 537 1694 594 fructum
1732 551 1953 592 carnem

386 639 638 697 animalis
674 636 802 691 facit
846 636 986 690 intra
1035 633 1253 704 aliquod
1302 632 1565 702 temporis
1615 632 1872 701 spatium,
1905 638 1957 682 et

387 734 537 789 carui
577 739 931 802 augmentum
960 742 1028 783 ex
1060 729 1252 782 eodem
1275 725 1457 780 fructu
1503 739 1598 794 per
1624 729 1956 778 transmuta-

319 824 322 826 ’
387 829 589 882 tionem
643 824 852 895 adjicit.
912 819 1114 877 Verum
1191 824 1482 890 postquam
1559 822 1958 870 concesserunt

319 927 341 1002 li
385 918 709 977 substantia:
729 911 1241 971 transmutationem
1271 909 1325 964 in
1353 910 1454 963 hoc
1479 917 1822 963 sacramento
1847 921 1953 959 non

386 1027 508 1068 esse
535 1023 760 1080 prorsus
791 1003 1208 1075 impossibilem,
1257 1015 1450 1056 rursus
1480 1014 1597 1053 eam
1633 999 1954 1068 impugnare

386 1121 452 1160 ex
471 1099 792 1173 quantitatis
811 1097 1025 1152 ratione
1044 1090 1451 1164 aggrediuntur.
1471 1089 1788 1146 Substantia
1809 1086 1954 1144 enim

386 1193 544 1263 panis
573 1192 625 1245 in
658 1189 802 1244 illam
830 1186 1072 1257 corporis
1105 1192 1498 1248 transinulata,
1527 1181 1829 1241 accidentia
1857 1195 1956 1250 pa-

388 1287 474 1341 nis
497 1296 714 1338 manere
733 1281 939 1348 absque
960 1277 1225 1348 subjecto,
1249 1291 1370 1331 cum
1398 1289 1564 1345 supra
1588 1282 1834 1328 naturam
1865 1273 1955 1337 sit,

389 1388 565 1430 tamen
591 1388 695 1428 non
733 1385 995 1440 superare
1021 1369 1071 1423 id
1118 1368 1261 1437 quod
1289 1374 1466 1421 mente
1513 1365 1726 1436 concipi
1753 1372 1955 1435 potest.

387 1467 648 1539 Equidem
671 1463 973 1520 accidentia
997 1476 1102 1516 non
1125 1460 1390 1514 exsistere
1408 1459 1463 1513 in
1492 1458 1740 1528 subjecto
1759 1458 1960 1526 impos-

385 1561 542 1618 sibile
563 1568 681 1628 est;
705 1557 756 1613 id
787 1555 931 1612 enim
963 1569 1026 1608 ex
1061 1551 1271 1606 ratione
1299 1558 1353 1605 et
1378 1547 1694 1604 deﬁnitione
1715 1549 1956 1618 ipsorum

385 1625 749 1710 accidentium
781 1654 1018 1702 constat.
1046 1644 1296 1698 Attamen
1331 1641 1435 1697 tale
1462 1641 1738 1710 quidpiam
1774 1637 1960 1693 animo

385 1745 676 1814 concipere
701 1751 1012 1810 possumus,
1035 1742 1089 1789 et
1112 1731 1368 1788 accidens
1387 1747 1416 1786 a
1439 1733 1683 1802 subjecto
1703 1742 1960 1802 separare

1440 330 1819 395 GENNADII
1854 331 1961 393 (ΖΡ.
2009 330 2529 393 PATRIARCHAZ

1517 447 1710 502 eadem
1766 454 1951 516 postea

2067 443 2351 510 μετέϐαλεν
2375 457 2388 472 ο
2422 443 2480 494 τὸ
2508 441 2652 514 ὕδωρ
2682 444 2711 515 ἡ
2745 443 2883 516 αὐτὴ
2910 444 3213 514 πεποίηκεν
3241 441 3384 500 οἶνον
3412 445 3642 520 ὕστερον

3532 334 3639 397 36-5.

2068 537 2122 589 ἐν
2157 537 2316 607 Κανᾷ
2341 553 2355 568 ο
2388 535 2525 606 αὑτὴ
2571 536 2669 606 τὴν
2720 539 2899 608 σάρκα
2928 537 3022 590 τοῦ
3071 539 3214 603 Creon
3243 540 3460 610 καρπὸν
3493 547 3642 598 ποιεί

2064 628 2150 682 διὰ
2179 631 2398 699 χρόνον,
2434 629 2524 681 καὶ
2551 632 2614 700 τῇ
2637 631 2804 700 σαρκὶ
2847 631 2939 685 τὸν
2991 632 3204 701 καρπὸν
3237 633 3395 695 αὖθις
3423 641 3647 705 προστί-

2067 721 2222 790 θησιν
2252 723 2317 774 ἐκ
2373 721 2701 791 μεταϐολῆς.
2743 723 2884 775 Ἀλλ’
2941 724 3158 778 ἐπειδὰν
3211 724 3347 779 δῶσι
3397 726 3498 798 τὴν
3548 729 3652 797 τῆς

2066 813 2254 875 οὐσίας
2286 813 2590 884 μεταϐολὴν
2626 816 2682 869 ὲν
2714 814 2886 885 τούτῳ
2928 816 3016 887 τῷ
3054 818 3345 889 μυστηρίῳ
3377 819 3456 890 μὴ
3503 818 3647 874 εἶναι
3738 811 3742 814 ’

2067 905 2323 970 καθάπαξ
2347 908 2686 974 ἀνένδεκτον,
2703 907 2810 961 ἀπὸ
2828 909 2925 977 τῆς
2949 910 3242 980 ποσότητος
3264 908 3420 972 αὖθις
3439 913 3650 986 ἐπιχει-

2071 996 2279 1066 ροῦσιν.
2307 999 2378 1051 Τὸ
2409 998 2508 1068 μὲν
2535 999 2639 1070 γὰρ
2664 1000 2762 1069 τῆς
2790 999 2893 1052 τοῦ
2905 999 3070 1071 ἄρτου
3099 1001 3290 1066 οὐσίας
3318 1003 3401 1066 είς
3430 1005 3528 1075 τὴν
3551 1005 3648 1059 τοῦ

2068 1088 2321 1160 σώματος
2359 1091 2845 1163 μεταϐαλλομίνης
2868 1091 2938 1146 τὰ
2971 1094 3366 1166 συμϐεϐηκότα
3388 1099 3470 1166 τῷ
3492 1097 3650 1168 ἄρτῳ

2069 1179 2251 1248 μένειν
2286 1179 2379 1232 τοῦ
2429 1181 2794 1249 ὑποκειμένου
2840 1181 3030 1251 χωρὶς,
3059 1181 3201 1252 ὑπὲρ
3248 1181 3648 1253 τὴν-φύσινόν,

2065 1273 2214 1342 ὅμως
2241 1273 2338 1343 οὐχ
2371 1272 2719 1342 ὑπερϐαίνειν
2746 1272 2918 1344 τὴν...
2950 1275 3006 1327 ἐν
3047 1274 3177 1346 παρ’
3212 1275 3379 1332 αὐτοῦ
3406 1277 3520 1332 νοῦ.
3554 1276 3651 1348 Μὴ

2067 1365 2400 1436 ἐνυπάρχειν
2452 1368 2554 1438 μὲν
2601 1365 2710 1438 γὰρ
2755 1367 3102 1442 ὑποκειμένῳ
3134 1367 3212 1422 τὰ.
3259 1369 3660 1438 συμϐεϐηκότα

2065 1455 2364 1512 ἀδύνατον⁹
2411 1458 2570 1512 τοῦτο
2622 1458 2732 1528 γὰρ
2782 1459 2847 1512 ἐκ
2898 1457 3006 1511 τοῦ-
3035 1457 3196 1528 λόγου
3223 1459 3334 1512 τῶν
3367 1461 3651 1530 συμϐεϐη-

2066 1549 2242 1602 κότων
2298 1548 2468 1604 ἐστίν.
2517 1550 2785 1604 Ἐπινοεῖν
2834 1550 2890 1603 δέ
2935 1569 2988 1604 τι
3021 1551 3262 1606 τοιοῦτον
3307 1552 3462 1622 ὅμως
3487 1553 3651 1606 δυνά.-

2069 1641 2233 1712 μεϐα,
2267 1641 2362 1696 καὶ
2390 1639 2483 1695 τοῦ
2515 1642 2875 1713 ὑποκειμένου
2911 1643 2972 1697 τὸ
2999 1643 3362 1715 συμὸεόηκδς
3388 1645 3658 1716 ἀφαιρεῖν

2067 1734 2132 1803 τῇ
2164 1732 2391 1802 δυνάμει
2444 1733 2538 1787 τοῦ
2573 1733 2686 1802 νοῦ,
2715 1729 2759 1803 ᾧ
2806 1735 2996 1806 τρόπῳ
3035 1735 3241 1788 καὶτὸν
3281 1736 3384 1788 τοῦ.
3413 1737 3652 1792 καθόλου

384 1835 482 1910 per
505 1833 702 1889 mentis
726 1827 1020 1900 potentiam
1043 1844 1055 1880 :
1083 1840 1188 1896 qua
1213 1825 1427 1880 ratione
1448 1822 1772 1879 universalis
1795 1823 1959 1877 ratio-

2067 1824 2218 1894 λόγον
2254 1826 2585 1898 ἀθροίζομεν
2613 1829 2677 1881 ἐκ
2705 1827 2817 1881 τῶν
2856 1829 3103 1900 μερικῶν
3152 1828 3542 1899 ἀφαιροῦντες.
3572 1831 3656 1885 Τὸ·

386 1944 511 1987 nem
530 1928 582 1981 in
609 1940 775 1980 untnu
795 1920 1122 1992 colligimus,
1146 1932 1210 1972 ex
1228 1915 1597 1988 singularibus
1621 1923 1956 1984 separantes.

387 2019 540 2091 Quod
563 2027 742 2071 autem
771 2011 828 2068 iit
850 2025 944 2082 per
964 2008 1162 2064 mentis
1192 2016 1394 2063 nostrae
1425 2005 1746 2076 potentiam,
1773 2005 1962 2075 utique

391 2114 656 2171 eilicietur
686 2123 779 2180 per
820 2103 1120 2177 potentiam
1159 2101 1409 2156 maximae
1436 2111 1489 2156 et
1522 2102 1714 2174 primae
1739 2099 1957 2162 mentis,

390 2206 556 2265 simul
585 2201 717 2258 illud
764 2195 1142 2267 intelligentis,
1183 2202 1238 2251 et
1273 2193 1456 2261 rcipsa
1507 2191 1808 2263 operantis.
1851 2189 1958 2246 Sed

388 2298 534 2356 aliud
557 2293 834 2368 quidpiam
858 2304 978 2346 esse
995 2289 1184 2344 dicunt
1204 2287 1258 2341 in
1286 2285 1391 2342 hoc
1412 2292 1780 2348 sacramento,
1815 2283 1961 2354 quod

380 2409 491 2448 non
525 2389 685 2444 modo
716 2395 991 2448 naturam,
1011 2380 1104 2438 sed
1130 2381 1304 2451 ipsam
1336 2380 1500 2435 etiam
1534 2377 1728 2433 mentis
1759 2386 1962 2432 nostrae

385 2482 690 2555 potentiam
719 2482 962 2547 superet,
995 2471 1203 2528 scilicet
1224 2470 1366 2541 quod
1403 2470 1458 2524 in
1486 2484 1652 2540 parva
1689 2482 1960 2540 apparen-

389 2581 462 2632 tis
492 2575 648 2646 panis
663 2571 968 2643 quantitate
993 2574 1139 2622 totus
1159 2564 1412 2619 Christus
1432 2562 1673 2654 creditur
1707 2580 1721 2617 :
1749 2563 1842 2618 sed
1870 2576 1964 2616 ne-

390 2685 493 2740 que
523 2668 627 2721 hoc
674 2656 1001 2718 miraculum
1058 2655 1367 2711 rationibus
1417 2652 1618 2723 quibus
1656 2652 1960 2710 dillicultati

393 2764 740 2821 occurratur,
770 2761 940 2809 caret.
970 2750 1157 2820 Neque
1187 2747 1336 2803 enim
1360 2747 1414 2802 in
1439 2760 1599 2802 sacro
1623 2745 1726 2800 hoc
1747 2745 1960 2802 sacriﬁ-

389 2856 475 2909 cio
501 2861 584 2906 est
615 2862 815 2918 corpus
849 2841 1052 2899 Christi
1088 2838 1434 2899 naturaliter.
1458 2837 1554 2893 sed
1585 2847 1959 2892 sacramenta-

386 2948 510 3001 liter
545 2940 748 3005 solum;
779 2936 987 2992 idcirco
1040 2933 1095 2988 in
1136 2946 1202 2988 eo
1234 2945 1343 2986 non
1391 2939 1476 2987 est
1499 2939 1755 3002 tanquam
1783 2929 1962 2984 taber-

387 3037 589 3095 naculo
618 3033 856 3089 velatum
885 3030 938 3083 in
968 3024 1206 3098 quodam
1229 3025 1372 3090 loco,
1396 3039 1574 3096 neque
1595 3021 1696 3079 sub
1722 3023 1960 3094 propriis

387 3132 500 3187 veri
530 3127 781 3198 corporis
829 3116 1287 3181 diutensionibus,
1318 3116 1412 3173 sed
1456 3117 1558 3172 sub
1595 3115 1768 3172 solius
1801 3115 1963 3187 panis

387 3217 824 3278 dimensionilius
863 3229 876 3266 :
932 3211 1078 3268 unde
1121 3207 1565 3280 quandoquidem
1625 3210 1788 3280 panis
1826 3209 1958 3266 sub-

395 3321 596 3369 stantia
621 3305 919 3365 secundum
970 3301 1232 3372 seipsam,
1265 3308 1320 3356 et
1353 3311 1627 3372 quatenus
1656 3285 1960 3359 substantia

391 3415 497 3462 est.
528 3404 710 3456 locum
760 3409 860 3450 nec
913 3398 1147 3462 occupat
1180 3404 1282 3446 nec
1325 3391 1514 3462 exigit,
1541 3391 1649 3448 nisi
1691 3402 1956 3462 quantum

391 3497 578 3550 subest
607 3486 854 3558 corporis
880 3481 1338 3547 dimensionibus,
1380 3482 1634 3552 sequitur
1664 3483 1720 3536 in
1744 3482 1849 3538 hoc
1873 3498 1961 3538 sa-

389 3591 670 3642 cramento
692 3575 898 3636 Christi
927 3587 1126 3644 corpus
1170 3586 1279 3627 non
1321 3572 1559 3638 exigere,
1596 3586 1774 3643 neque
1799 3588 1962 3628 occu-

396 3696 523 3752 pare
557 3673 874 3745 ampliorem
914 3671 1121 3735 locum,
1143 3683 1307 3739 quam
1341 3678 1604 3738 quantum
1653 3671 1872 3742 exigunt
1909 3678 1963 3725 et

394 3776 665 3838 occupant
711 3762 1082 3816 dimensiones
1108 3757 1286 3827 panis,
1337 3757 1439 3813 sub
1473 3757 1673 3826 quibus
1715 3756 1961 3826 corporis

394 3859 699 3918 substantia
724 3853 939 3924 tegitur.
967 3849 1091 3904 Istis
1127 3858 1306 3904 autem
1349 3848 1618 3918 denegare
1653 3849 1812 3904 ﬁdem
1853 3863 1960 3905 non

393 3958 632 4021 oportet,
662 3960 784 4000 cum
819 3941 922 3997 alia
955 3939 1126 3996 multa
1156 3939 1209 3993 in
1239 3954 1420 3994 rerum
1455 3948 1650 3995 natura
1680 3939 1812 4005 siut,
1841 3955 1964 4011 qua:

392 4040 641 4100 eamdem
677 4051 843 4108 prope
881 4033 1067 4088 statim
1094 4030 1380 4086 dubitandi
1405 4046 1627 4088 causam
1663 4032 1976 4103 praebeant:

392 4137 638 4192 Iltttnana
660 4129 802 4184 enim
828 4127 1008 4180 anima
1036 4132 1145 4178 tota
1175 4130 1259 4178 est
1285 4123 1335 4177 in
1367 4131 1480 4178 toto
1498 4124 1747 4196 corpore,
1773 4137 1827 4182 et
1847 4134 1962 4182 tota

394 4233 448 4281 iu
487 4225 718 4293 singulis
748 4220 996 4290 partibus
1033 4216 1306 4286 corporis,
1344 4219 1696 4288 eamdemque
1735 4218 1788 4272 in
1808 4228 1962 4288 parte

389 4328 444 4372 ct
480 4320 532 4370 in
581 4315 792 4384 reliquo
823 4328 1053 4384 corpore
1115 4319 1368 4364 naturam
1424 4309 1621 4363 liabet:
1663 4326 1849 4380 parent
1891 4313 1962 4367 ita

349 4426 351 4428 ·
392 4408 822 4478 magnitudinem
863 4407 1027 4460 habet
1074 4404 1127 4457 in
1163 4401 1389 4458 infantis
1425 4413 1590 4473 atque
1626 4405 1679 4458 in
1724 4405 1962 4476 gigantis

2011 1990 2020 1994 _
2065 1919 2118 1972 δὲ
2149 1922 2221 1990 τῇ
2265 1919 2495 1990 δυνάμει
2555 1919 2650 1974 τοῦ
2702 1919 2792 1974 νοῦ
2855 1920 3150 1990 γινόμενον
3195 1921 3292 1976 τοῦ
3348 1922 3650 1992 ἡμετέρου,

2064 2012 2262 2082 γένοιτ’
2285 2013 2352 2068 ἂν
2384 2016 2480 2066 καὶ
2507 2015 2571 2084 τῇ
2607 2014 2833 2084 δυνᾶιμει
2857 2013 2950 2067 τοῦ
2980 2014 3244 2083 μεγίστου
3273 2017 3376 2069 καὶ
3396 2018 3647 2086 πρῶτον,

2062 2107 2156 2160 τοῦ
2192 2106 2310 2178 ἅμα
2367 2125 2426 2161 τε
2478 2107 2723 2172 νοοῦντος
2779 2107 2932 2172 αὐτὸ,
2963 2107 3060 2163 καὶ
3108 2110 3172 2162 ἐν
3217 2110 3296 2179 τῷ
3331 2113 3642 2182 πράγματι

2063 2199 2207 2254 οὕτω
2254 2201 2746 2272 δημιουργοῦντος.
2793 2201 2934 2256 Ἀλλ’
2962 2203 3152 2274 ἕτερον
3201 2199 3344 2258 εἶναι
3391 2205 3651 2272 φασὶν-ἐν

2063 2290 2139 2361 τῷ
2170 2291 2456 2362 μυστηρίῳ
2496 2293 2692 2366 τούτῳ,
2719 2295 2778 2348 οὐ
2821 2297 2984 2366 μόνον
3017 2296 3118 2366 τὴν
3150 2295 3340 2366 φύσιν,
3377 2296 3526 2351 ἀλλὰ
3551 2299 3650 2352 καὶ

2064 2385 2162 2453 τὴν
2215 2385 2469 2455 τοιαύτην
2518 2386 2614 2439 τοῦ
2668 2387 2758 2440 νοῦ
2791 2386 3028 2458 δύναμιν
3078 2389 3559 2459 ὑπερϐαίνον·ὅ-τι
3590 2393 3658 2445 ἐν

2067 2479 2241 2548 μικρᾷ
2303 2477 2395 2531 τοῦ
2456 2479 2783 2548 φαινομένου
2840 2482 3107 2553 ποσότητι
3158 2482 3282 2546 ὅλος
3333 2485 3367 2537 ό
3409 2484 3649 2554 Χριστὸς

2064 2564 2205 2622 εἶναι
2267 2570 2583 2625 πιστεύεται
2613 2587 2629 2604 υ
2684 2572 2802 2626 ἀλλ’
2879 2573 3005 2628 οὐδὲ
3067 2573 3232 2630 τοῦτο
3292 2579 3658 2647 παραμυθίας

2063 2663 2360 2736 ἐστέρηται
2408 2663 2469 2716 τὸ
2516 2664 2841 2734 ιαυμάσιον.
2882 2665 2960 2720 Οὐ
2999 2665 3110 2738 γάρ
3160 2668 3310 2722 ἐστιν
3339 2668 3398 2722 ἐν
3429 2671 3506 2740 τῇ
3527 2671 3662 2742 ἱερᾷ

2063 2753 2237 2827 ταύτῃ
2282 2755 2444 2825 θυσίᾳ
2475 2756 2536 2809 τὸ
2566 2755 2660 2811 τοῦ
2709 2755 2952 2827 Χριστοῦ
3006 2758 3166 2829 σῶμα
3200 2762 3482 2829 φυσικῶς.
3509 2763 3652 2818 ωτλά

2067 2846 2457 2918 μυστηριωεῶς
2510 2847 2698 2918 μόνον,
2724 2847 2819 2903 καὶ
2873 2849 2964 2906 διὰ.
3010 2849 3168 2906 τοῦτο
3225 2853 3332 2908 οὐκ
3385 2854 3541 2912 ἔστιν
3590 2857 3653 2910 ἐν

2056 2939 2201 3011 αὐτῇ
2235 2940 2485 3011 καθάπερ
2525 2939 2908 3012 ἐσκηνωμένον
2946 2940 3003 2996 ἐν
3050 2961 3155 2998 τινι
3180 2945 3364 3014 τόπῳ·
3391 2947 3509 3003 οὐδ’
3536 2949 3647 3004 hi

2062 3035 2184 3098 ταῖς
2214 3033 2373 3098 ἰδίαις
2401 3034 2522 3098 ταῖς
2549 3034 2645 3087 τοῦ
2673 3032 2934 3104 ἀληθινοῦ
2963 3033 3218 3106 adipem;
3262 3037 3646 3104 Maricam

1989 3162 2033 3222 ο
2065 3125 2182 3180 ἀλλ’
2216 3124 2322 3180 ὑπὸ
2367 3127 2487 3189 ταῖς
2535 3124 2629 3180 τοῦ
2662 3124 2830 3197 ἄρτου
2877 3126 3200 3182 διαστάσεσι
3241 3129 3475 3199 μόναις·
3521 3132 3648 3187 ὅθεν

2069 3220 2300 3290 ἐπείπερ
2331 3221 2363 3287 ἡ
2393 3219 2553 3273 οὐσία
2585 3219 2710 3273 καθ’
2735 3219 2908 3291 αὐτὴν
2935 3220 3032 3276 καὶ
3056 3220 3178 3275 καθ’
3209 3222 3238 3276 ὃ
3270 3225 3424 3280 ἐστιν
3457 3224 3644 3291 οὐσίας

2067 3315 2127 3368 ού
2164 3313 2383 3383 κατέχει
2407 3314 2573 3368 τόπον
2601 3312 2724 3367 ούδέ
2757 3313 2934 3384 ζητεῖ,
2956 3315 3006 3369 σί
3030 3316 3104 3386 μὴ
3131 3315 3364 3372 καθόσον
3393 3319 3518 3376 ἐστὶ
3541 3321 3650 3374 ὑπὸ

2067 3407 2185 3470 ταῖς
2237 3406 2551 3461 διαστάσεσι
2593 3405 2688 3462 τοῦ
2728 3406 3018 3480 σώματος,
3050 3409 3329 3479 ἑπόμενον
3372 3413 3648 3470 ἐστινᾶ-

2066 3495 2242 3550 ταῦθα
2269 3498 2327 3549 ἐν
2357 3497 2534 3565 τούτῳ
2555 3496 2635 3568 τῷ
2670 3499 2963 3571 μυστηρίῳ
2989 3501 3050 3554 τὺ
3076 3501 3174 3557 τοῦ
3209 3503 3456 3573 Χριστοῦ
3479 3507 3655 3578 σῶμα

2071 3587 2150 3659 μὴ
2182 3587 2382 3662 ζητεῖν,
2417 3588 2556 3658 μηδέ
2609 3589 2865 3661 κατέχειν
2913 3591 3137 3648 πλείονα
3191 3595 3361 3650 τόπον
3412 3596 3445 3669 ἢ
3511 3598 3648 3654 ὅσον

2069 3679 2292 3750 ζητοῦσι
2348 3681 2444 3733 καὶ
2481 3679 2807 3750 κατέχουσιν
2855 3683 2913 3736 al
2952 3683 3276 3752 διαστάσεις.
3315 3688 3415 3742 τοῦ
3456 3689 3650 3758 ἄρτου,

2069 3771 2160 3840 ὑφ’
2209 3764 2297 3835 αἷς
2345 3773 2376 3842 ἡ
2437 3771 2530 3825 τοῦ
2563 3772 2819 3841 σώματος
2867 3776 3036 3830 οὐσία
3067 3779 3425 3836 καλύπτεται.
3457 3787 3651 3839 Amr-

2071 3864 2214 3916 στείν
2243 3863 2301 3918 δὲ
2352 3864 2481 3935 περὶ
2522 3864 2714 3919 τούτου
2744 3865 2805 3919 οὐ
2852 3868 2978 3939 χρὴ,
3013 3869 3230 3925 πολλῶν
3261 3872 3441 3928 ἄλλων
3491 3877 3556 3930 ἐν
3579 3883 3649 3953 τῇ

2070 3957 2231 4027 φύσει
2262 3959 2602 4029 πρκγμάτων
2628 3960 2728 4031 τὴν
2756 3961 2929 4032 αὐτὴν
2985 3965 3174 4035 σχεδὸν
3219 3968 3456 4039 ἀπορίαν
3504 3989 3647 4040 προ-

2069 4052 2453 4122 ϐαλλομένων
2491 4055 2522 4124 ή
2571 4052 2681 4124 γὰρ
2715 4053 3036 4127 ἀνθρωπίνη
3079 4057 3231 4129 ψυχὴ
3261 4061 3358 4134 ὅλη
3399 4064 3550 4117 ἐστὶ)
3588 4068 3650 4119 ἐν

2068 4145 2173 4214 ὅλῳ
2203 4145 2280 4212 τῷ
2311 4145 2543 4214 σώματι,
2569 4149 2662 4199 καὶ
2694 4147 2792 4217 ὅλη
2839 4149 2895 4201 ἐν
2928 4148 3145 4220 ἑκάστῳ
3167 4153 3278 4206 τῶν
3317 4156 3522 4224 μορίων
3550 4159 3646 4213 τοῦ

2073 4236 2343 4306 σώματος,
2378 4235 2470 4290 καὶ
2503 4238 2601 4308 τὴν
2647 4238 2816 4310 αὐτὴν
2851 4238 2910 4293 ἐν
2957 4258 3017 4294 τε
3059 4241 3138 4313 τῷ
3191 4245 3368 4316 μορίῳ
3423 4249 3517 4302 καὶ
3565 4250 3647 4321 τῷ

2069 4325 2241 4395 λοιπῷ
2273 4326 2485 4395 σώματι
2520 4325 2682 4395 φύσιν
2717 4325 2852 4396 ἔχει,
2887 4329 2983 4384 καὶ
3013 4328 3187 4394 οὕτως
3234 4331 3348 4402 ἔχει
3381 4335 3648 4403 μγέθους

2071 4419 2128 4470 ἐν
2165 4416 2244 4487 τῷ
2283 4417 2464 4488 νηπίῳ
2510 4417 2586 4482 ὡς
2639 4420 2702 4472 ἐν
2729 4418 2808 4490 τῷ
2832 4419 2927 4474 τοῦ
2963 4422 3218 4488 γίγαντος
3251 4425 3485 4494 σώματι.
3525 4429 3648 4481 Είτε

391 4515 646 4569 corpore.
700 4498 980 4567 Siquidem
1018 4510 1147 4550 vero
1180 4494 1374 4548 animae
1408 4493 1642 4564 aliquant
1691 4496 1960 4564 magnitu-

2067 4507 2150 4562 δεῐ
2201 4525 2255 4560 τι
2305 4509 2484 4579 ψυχῆς
2542 4509 2770 4579 μέγεθος
2821 4512 3082 4574 ἐπινοεῖν,
3117 4514 3210 4568 καὶ
3265 4493 3354 4569 διὰ
3401 4517 3499 4587 τὴν
3551 4517 3647 4573 τοῦ

354 4593 576 4666 guinem
611 4589 906 4658 imaginari
953 4597 1194 4657 oportet,
1227 4595 1408 4640 tamen
1465 4601 1558 4655 per
1595 4586 1960 4641 accretionem

351 4691 364 4748 ς
394 4696 486 4736 aut
517 4682 934 4735 diminutionem
977 4678 1247 4748 corporis,
1279 4688 1372 4732 aut
1411 4677 1767 4732 resectionem
1793 4691 1966 4730 mem-

392 4775 478 4830 bri
511 4773 759 4841 alicujus,
796 4787 970 4840 neque
1014 4769 1406 4834 accretionem,
1438 4783 1614 4839 neque
1644 4769 1962 4824 diminutio-

393 4884 540 4929 nem,
582 4879 756 4933 neque
792 4862 1150 4917 resectionem
1198 4861 1361 4916 ullam
1401 4861 1582 4914 anima
1620 4860 1876 4917 sustinet.
1908 4861 1964 4916 Id

390 4976 522 5017 vero
553 4961 681 5014 licet
725 4955 1070 5011 verissimum
1122 4953 1216 5020 sit,
1249 4955 1616 5024 omnibusque
1647 4953 1963 5011 Graecorum

391 5053 732 5127 sapientibus
775 5051 1055 5120 sacrisque
1079 5048 1396 5105 doctoribus
1431 5049 1506 5102 ita
1560 5049 1736 5104 visum
1777 5048 1967 5113 fuerit,

389 5151 536 5205 clare
579 5155 762 5200 tamen
790 5153 842 5199 ct
870 5142 1165 5214 perspicue
1195 5155 1305 5196 non
1355 5141 1504 5195 venit
1539 5142 1594 5194 in
1625 5148 1862 5195 mentem
1910 5148 1967 5194 ut

390 5244 617 5296 aliorum
653 5235 1086 5307 iutelligibilium
1123 5231 1410 5288 manifesta
1439 5247 1673 5302 quaeque
1697 5248 1750 5288 et
1775 5234 1962 5288 obvia.

388 5333 672 5400 Quomodo
689 5335 852 5388 etiam
882 5331 1051 5384 turris
1074 5327 1158 5382 vel
1181 5327 1379 5381 montis
1397 5326 1820 5393 magnitudinem
1845 5326 1963 5380 visu

387 5427 662 5491 metimur,
691 5425 746 5479 in
780 5424 942 5479 oculo
963 5435 1132 5492 parvo
1158 5418 1282 5474 talis
1303 5417 1692 5488 magnitudinis
1720 5417 1956 5485 speciem

389 5517 708 5584 impressam
738 5515 997 5571 ferentes?
1047 5512 1144 5569 Est
1172 5509 1318 5568 enim
1355 5511 1514 5580 quasi
1552 5512 1607 5565 in
1662 5513 1844 5565 anima
1879 5512 1961 5566 in-

387 5606 742 5675 telligibiliter
763 5608 976 5676 species
1016 5605 1208 5672 turris,
1236 5613 1291 5660 et
1331 5617 1456 5657 cum
1493 5603 1789 5658 materialis
1811 5603 1884 5658 sit
1909 5603 1962 5658 in

388 5699 590 5766 Svipsu,
639 5699 709 5750 ita
754 5697 1106 5764 spiritualiter
1140 5705 1224 5750 est
1255 5696 1307 5748 in
1355 5696 1543 5762 oculo,
1591 5704 1644 5750 et
1692 5711 1785 5766 per
1823 5698 1964 5752 hanc

390 5789 728 5861 spiritualesn
763 5788 1020 5857 Speciem,
1049 5787 1341 5845 exterioris
1375 5789 1772 5856 magnitudinis
1801 5806 1959 5843 cout-

2073 4602 2323 4671 σώματος
2374 4601 2603 4671 αὔξησίν
2642 4620 2701 4655 τε
2753 4603 2851 4658 καὶ
2899 4607 3208 4678 μείωσιν,.ἢ
3261 4608 3469 4678 μέλους
3503 4613 3652 4676 τινὸς

2069 4693 2332 4764 ἐκκοπὴν,
2380 4692 2506 4746 οὔτε
2546 4694 2777 4765 αὔξησιν
2826 4695 2952 4750 οὔτε
3007 4701 3256 4767 μείωσιν,
3303 4699 3428 4755 οὔτε
3469 4705 3652 4772 τομήν

2069 4801 2190 4837 τινα
2211 4788 2314 4868 3m
2357 4787 2389 4856 ἠ
2445 4785 2589 4856 ψυχὴ
2626 4788 3035 4855 συνεφίσταται.
3079 4789 3274 4846 Καίτοι
3311 4791 3482 4846 τοῦτο
3513 4795 3648 4862 dli;-

2071 4873 2329 4928 θέοτατον
2369 4874 2448 4939 ὃν,
2499 4877 2593 4929 καὶ
2643 4879 2778 4930 πᾶσι
2811 4877 2912 4947 μὲν
2952 4878 3221 4949 Ἑλλήνων
3269 4885 3475 4950 σοφοῖς,
3509 4886 3649 4938 πᾶσι

2069 4965 2124 5018 δὲ
2159 4967 2268 5025 τοῖς
2304 4967 2469 5037 ἱεροῖς
2493 4967 2836 5032 διδασκάλοις
2867 4968 3011 5022 οὕτω
3047 4971 3438 5042 φρονούμενον,
3475 4976 3648 5029 καθα-

2071 5057 2179 5128 ρῶς
2230 5059 2382 5127 ὅμως
2434 5060 2531 5130 οὐχ
2589 5060 2886 5114 ὑποπίπτει
2937 5061 3013 5131 τῷ
3076 5064 3176 5132 νῷ,
3229 5069 3485 5136 καθάπερ
3542 5071 3654 5121 τῶν

2069 5149 2245 5202 ἄλλων
2293 5151 2500 5220 νοήτων
2542 5151 2610 5205 τὰ
2641 5153 2851 5222 φανερά
2883 5171 2944 5207 τε
2987 5155 3082 5208 καὶ
3114 5156 3402 5226 πρόχειρα.
3435 5158 3558 5221 [ἐῶ-ς
3594 5161 3660 5213 δὲ

2071 5243 2164 5294 καὶ
2217 5243 2428 5313 πύργου
2468 5244 2762 5316 μέγεθοςῆ
2813 5246 2973 5316 ὄρους
3019 5249 3094 5317 τῇ
3136 5246 3256 5318 ὄψει
3305 5247 3651 5319 μετροῦμεν,

2069 5336 2336 5407 ἐλαχίστῳ
2385 5338 2461 5408 τῷ
2501 5338 2764 5413 ὀφθαλμῷ
2819 5339 3145 5409 τηλικούτου
3191 5344 3460 5410 μεγέθους
3504 5339 3650 5409 ciae;

2070 5429 2433 5498 ἐμφέροντες;
2469 5431 2626 5484 Ἐστι
2655 5414 2780 5501 ἡγὰρ
2825 5431 2901 5495 ὡς
2945 5434 3003 5485 ἐν
3039 5435 3102 5504 τῇ
3158 5434 3306 5504 ψυχῇ
3339 5437 3548 5506 νοητῶς
3591 5437 3650 5490 τδ

2071 5520 2210 5582 εἶδος
2244 5523 2338 5576 τοῦ
2373 5523 2606 5595 πύργου,
2646 5527 2739 5580 καὶ
2770 5526 2972 5590 ὑλικῶς
3003 5529 3062 5581 ἐν
3093 5528 3264 5598 αὐτῷ,
3299 5529 3444 5583 οὕτω
3482 5548 3648 5584 πνεν-

2073 5615 2318 5683 ματικῶς
2358 5617 2414 5666 ἐν
2449 5615 2527 5684 τῷ
2583 5616 2868 5689 ὀφθαλμῷ,
2905 5619 3000 5671 καὶ
3051 5621 3225 5689 τούτῳ
3267 5622 3344 5689 τῷ
3400 5639 3647 5692 πνευμα-

2069 5703 2206 5773 τικῷ
2242 5705 2372 5756 εῖδει
2403 5705 2502 5776 τὴν
2529 5706 2620 5757 τοῦ
2656 5707 2759 5772 ἔξω
2790 5710 3057 5778 μεγέθους
3089 5713 3390 5782 ποιούμεθα
3419 5712 3647 5783 σύγκρι-

2074 5813 2178 5850 σιν.
2206 5797 2302 5859 Τίς
2347 5795 2502 5866 λόγος
2562 5799 2909 5855 ἀποδίδοσθαι
2963 5803 3058 5856 τοῦ
3110 5803 3355 5857 τοιούτου
3394 5803 3640 5865 δύναται,
