  <div class='ocr_page' id='page_1' title='image "/cluster/home/n/w/nwhite01/storage/ocr_20150623/160/hvd.32044073502692/191.png"; bbox 0 0 3948 6186; ppageno 0'>
   <div class='ocr_carea' id='block_1_1' title="bbox 322 308 427 372">
    <p class='ocr_par' dir='ltr' id='par_1_1' title="bbox 322 308 427 372">
     <span class='ocr_line' id='line_1_1' title="bbox 322 308 427 372; baseline -0.048 0"><span class='ocrx_word' id='word_1_1' title='bbox 322 308 427 372; x_wconf 58' lang='grc' dir='ltr'>3ίι7</span> 
     </span>
    </p>
   </div>
   <div class='ocr_carea' id='block_1_2' title="bbox 1388 310 2489 376">
    <p class='ocr_par' dir='ltr' id='par_1_2' title="bbox 1388 310 2489 376">
     <span class='ocr_line' id='line_1_2' title="bbox 1388 310 2489 376; baseline 0.005 -7"><span class='ocrx_word' id='word_1_2' title='bbox 1388 310 1767 372; x_wconf 76' lang='lat' dir='ltr'><strong>GENNADII</strong></span> <span class='ocrx_word' id='word_1_3' title='bbox 1815 312 1920 372; x_wconf 77' lang='grc' dir='ltr'><strong>ΟΡ.</strong></span> <span class='ocrx_word' id='word_1_4' title='bbox 1975 314 2489 376; x_wconf 64' lang='grc' dir='ltr'><strong>ΡΛΤΠΙΛΠΕΠΕ</strong></span> 
     </span>
    </p>
   </div>
   <div class='ocr_carea' id='block_1_3' title="bbox 3485 301 3588 368">
    <p class='ocr_par' dir='ltr' id='par_1_3' title="bbox 3485 301 3588 368">
     <span class='ocr_line' id='line_1_3' title="bbox 3485 301 3588 368; baseline 0.019 -2"><span class='ocrx_word' id='word_1_5' title='bbox 3485 301 3588 368; x_wconf 82' lang='lat'><strong>368</strong></span> 
     </span>
    </p>
   </div>
   <div class='ocr_carea' id='block_1_4' title="bbox 323 419 1914 496">
    <p class='ocr_par' dir='ltr' id='par_1_4' title="bbox 323 420 1901 494">
     <span class='ocr_line' id='line_1_4' title="bbox 323 420 1901 494; baseline 0.002 -18"><span class='ocrx_word' id='word_1_6' title='bbox 323 431 533 477; x_wconf 79' lang='lat' dir='ltr'><strong>rantem</strong></span> <span class='ocrx_word' id='word_1_7' title='bbox 559 424 966 477; x_wconf 74' lang='lat' dir='ltr'><strong>confirmamus.</strong></span> <span class='ocrx_word' id='word_1_8' title='bbox 987 420 1160 478; x_wconf 85' lang='lat' dir='ltr'><strong>Omne</strong></span> <span class='ocrx_word' id='word_1_9' title='bbox 1184 424 1453 493; x_wconf 75' lang='lat' dir='ltr'><strong>siquidem</strong></span> <span class='ocrx_word' id='word_1_10' title='bbox 1497 440 1697 494; x_wconf 86' lang='lat' dir='ltr'><strong>corpus</strong></span> <span class='ocrx_word' id='word_1_11' title='bbox 1729 425 1901 481; x_wconf 76' lang='lat' dir='ltr'><strong>exsis-</strong></span> 
     </span>
    </p>
   </div>
   <div class='ocr_carea' id='block_1_5' title="bbox 2022 419 3587 496">
    <p class='ocr_par' dir='ltr' id='par_1_5' title="bbox 2022 419 3587 496">
     <span class='ocr_line' id='line_1_5' title="bbox 2022 419 3587 496; baseline -0.001 -18"><span class='ocrx_word' id='word_1_12' title='bbox 2022 428 2100 480; x_wconf 72' lang='lat' dir='ltr'><strong>wi</strong></span> <span class='ocrx_word' id='word_1_13' title='bbox 2128 428 2306 496; x_wconf 78' lang='grc' dir='ltr'><strong>λόγοις</strong></span> <span class='ocrx_word' id='word_1_14' title='bbox 2348 427 2446 496; x_wconf 78' lang='grc' dir='ltr'>τὴν</span> <span class='ocrx_word' id='word_1_15' title='bbox 2500 424 2592 478; x_wconf 84' lang='grc' dir='ltr'>τοῦ</span> <span class='ocrx_word' id='word_1_16' title='bbox 2626 424 2716 478; x_wconf 76' lang='grc' dir='ltr'>νοῦ</span> <span class='ocrx_word' id='word_1_17' title='bbox 2771 421 3063 477; x_wconf 72' lang='grc' dir='ltr'>δυσκολίαν</span> <span class='ocrx_word' id='word_1_18' title='bbox 3097 419 3587 493; x_wconf 67' lang='grc' dir='ltr'>παραμυθούμεθαν</span> 
     </span>
    </p>
   </div>
   <div class='ocr_carea' id='block_1_6' title="bbox 323 514 1902 586">
    <p class='ocr_par' dir='ltr' id='par_1_6' title="bbox 323 514 1902 586">
     <span class='ocr_line' id='line_1_6' title="bbox 323 514 1902 586; baseline 0.004 -20"><span class='ocrx_word' id='word_1_19' title='bbox 323 522 445 569; x_wconf 87' lang='lat' dir='ltr'><strong>t&#39;eus</strong></span> <span class='ocrx_word' id='word_1_20' title='bbox 475 514 713 584; x_wconf 90' lang='lat' dir='ltr'><strong>quodam</strong></span> <span class='ocrx_word' id='word_1_21' title='bbox 768 516 821 569; x_wconf 91' lang='lat' dir='ltr'><strong>in</strong></span> <span class='ocrx_word' id='word_1_22' title='bbox 876 514 1015 582; x_wconf 89' lang='lat' dir='ltr'><strong>loco,</strong></span> <span class='ocrx_word' id='word_1_23' title='bbox 1086 516 1261 585; x_wconf 90' lang='lat' dir='ltr'><strong>ipsum</strong></span> <span class='ocrx_word' id='word_1_24' title='bbox 1310 518 1531 586; x_wconf 81' lang='lat' dir='ltr'><strong>quidem</strong></span> <span class='ocrx_word' id='word_1_25' title='bbox 1570 527 1742 573; x_wconf 89' lang='lat' dir='ltr'><strong>totum</strong></span> <span class='ocrx_word' id='word_1_26' title='bbox 1804 520 1902 573; x_wconf 91' lang='lat' dir='ltr'><strong>toti</strong></span> 
     </span>
    </p>
   </div>
   <div class='ocr_carea' id='block_1_7' title="bbox 323 607 1902 679">
    <p class='ocr_par' dir='ltr' id='par_1_7' title="bbox 323 607 1902 679">
     <span class='ocr_line' id='line_1_7' title="bbox 323 607 1902 679; baseline 0.003 -19"><span class='ocrx_word' id='word_1_27' title='bbox 323 615 801 660; x_wconf 73' lang='lat' dir='ltr'><strong>coritniensuratur</strong></span> <span class='ocrx_word' id='word_1_28' title='bbox 829 607 974 673; x_wconf 93' lang='lat' dir='ltr'><strong>loco,</strong></span> <span class='ocrx_word' id='word_1_29' title='bbox 1011 615 1064 662; x_wconf 86' lang='lat' dir='ltr'><strong>et</strong></span> <span class='ocrx_word' id='word_1_30' title='bbox 1100 616 1285 678; x_wconf 87' lang='lat' dir='ltr'><strong>partes</strong></span> <span class='ocrx_word' id='word_1_31' title='bbox 1334 610 1480 664; x_wconf 90' lang='lat' dir='ltr'><strong>illius</strong></span> <span class='ocrx_word' id='word_1_32' title='bbox 1523 611 1769 679; x_wconf 68' lang='lat' dir='ltr'><strong>partibus</strong></span> <span class='ocrx_word' id='word_1_33' title='bbox 1798 611 1902 665; x_wconf 81' lang='lat' dir='ltr'><strong>loci</strong></span> 
     </span>
    </p>
   </div>
   <div class='ocr_carea' id='block_1_8' title="bbox 325 700 1906 774">
    <p class='ocr_par' dir='ltr' id='par_1_8' title="bbox 325 700 1906 774">
     <span class='ocr_line' id='line_1_8' title="bbox 325 700 1906 774; baseline 0.003 -23"><span class='ocrx_word' id='word_1_34' title='bbox 325 700 724 766; x_wconf 68' lang='lat' dir='ltr'><strong>attribuuntur,</strong></span> <span class='ocrx_word' id='word_1_35' title='bbox 756 709 809 755; x_wconf 92' lang='lat' dir='ltr'><strong>et</strong></span> <span class='ocrx_word' id='word_1_36' title='bbox 832 702 1108 758; x_wconf 90' lang='lat' dir='ltr'><strong>mediante</strong></span> <span class='ocrx_word' id='word_1_37' title='bbox 1186 704 1405 774; x_wconf 81' lang='lat' dir='ltr'><strong>prepria</strong></span> <span class='ocrx_word' id='word_1_38' title='bbox 1463 705 1770 773; x_wconf 76' lang='lat' dir='ltr'><strong>quantitate</strong></span> <span class='ocrx_word' id='word_1_39' title='bbox 1820 712 1906 759; x_wconf 88' lang='lat' dir='ltr'><strong>est</strong></span> 
     </span>
    </p>
   </div>
   <div class='ocr_carea' id='block_1_9' title="bbox 324 790 1905 864">
    <p class='ocr_par' dir='ltr' id='par_1_9' title="bbox 324 790 1905 864">
     <span class='ocr_line' id='line_1_9' title="bbox 324 790 1905 864; baseline 0.002 -21"><span class='ocrx_word' id='word_1_40' title='bbox 324 790 377 843; x_wconf 90' lang='lat' dir='ltr'><strong>in</strong></span> <span class='ocrx_word' id='word_1_41' title='bbox 406 792 548 846; x_wconf 91' lang='lat' dir='ltr'><strong>loco.</strong></span> <span class='ocrx_word' id='word_1_42' title='bbox 568 790 702 846; x_wconf 84' lang='lat' dir='ltr'><strong>Nam</strong></span> <span class='ocrx_word' id='word_1_43' title='bbox 757 794 951 848; x_wconf 83' lang='lat' dir='ltr'><strong>essein</strong></span> <span class='ocrx_word' id='word_1_44' title='bbox 1006 795 1149 857; x_wconf 90' lang='lat' dir='ltr'><strong>loco,</strong></span> <span class='ocrx_word' id='word_1_45' title='bbox 1208 795 1504 864; x_wconf 87' lang='lat' dir='ltr'><strong>quantitati</strong></span> <span class='ocrx_word' id='word_1_46' title='bbox 1537 795 1754 864; x_wconf 83' lang='lat' dir='ltr'><strong>proprie</strong></span> <span class='ocrx_word' id='word_1_47' title='bbox 1775 808 1905 849; x_wconf 87' lang='lat' dir='ltr'><strong>con-</strong></span> 
     </span>
    </p>
   </div>
   <div class='ocr_carea' id='block_1_10' title="bbox 326 885 1908 958">
    <p class='ocr_par' dir='ltr' id='par_1_10' title="bbox 326 885 1908 958">
     <span class='ocr_line' id='line_1_10' title="bbox 326 885 1908 958; baseline 0.005 -24"><span class='ocrx_word' id='word_1_48' title='bbox 326 885 495 951; x_wconf 80' lang='lat' dir='ltr'><strong>venit,</strong></span> <span class='ocrx_word' id='word_1_49' title='bbox 524 895 931 955; x_wconf 83' lang='lat' dir='ltr'><strong>consequenter</strong></span> <span class='ocrx_word' id='word_1_50' title='bbox 967 886 1134 942; x_wconf 85' lang='lat' dir='ltr'><strong>etiam</strong></span> <span class='ocrx_word' id='word_1_51' title='bbox 1164 887 1487 943; x_wconf 61' lang='lat' dir='ltr'><strong>substantiae</strong></span> <span class='ocrx_word' id='word_1_52' title='bbox 1538 888 1697 958; x_wconf 84' lang='lat' dir='ltr'><strong>cujus</strong></span> <span class='ocrx_word' id='word_1_53' title='bbox 1717 896 1800 943; x_wconf 85' lang='lat' dir='ltr'><strong>est</strong></span> <span class='ocrx_word' id='word_1_54' title='bbox 1817 904 1908 943; x_wconf 82' lang='lat' dir='ltr'><strong>ea-</strong></span> 
     </span>
    </p>
   </div>
   <div class='ocr_carea' id='block_1_11' title="bbox 328 977 1908 1048">
    <p class='ocr_par' dir='ltr' id='par_1_11' title="bbox 328 977 1908 1048">
     <span class='ocr_line' id='line_1_11' title="bbox 328 977 1908 1048; baseline 0.003 -18"><span class='ocrx_word' id='word_1_55' title='bbox 328 980 453 1031; x_wconf 90' lang='lat' dir='ltr'><strong>dem</strong></span> <span class='ocrx_word' id='word_1_56' title='bbox 486 978 788 1046; x_wconf 81' lang='lat' dir='ltr'><strong>quantitas.</strong></span> <span class='ocrx_word' id='word_1_57' title='bbox 826 977 1005 1048; x_wconf 86' lang='lat' dir='ltr'><strong>Atque</strong></span> <span class='ocrx_word' id='word_1_58' title='bbox 1035 978 1162 1035; x_wconf 88' lang='lat' dir='ltr'><strong>inde</strong></span> <span class='ocrx_word' id='word_1_59' title='bbox 1180 979 1386 1034; x_wconf 87' lang='lat' dir='ltr'><strong>accidit</strong></span> <span class='ocrx_word' id='word_1_60' title='bbox 1431 994 1631 1048; x_wconf 83' lang='lat' dir='ltr'><strong>corpus</strong></span> <span class='ocrx_word' id='word_1_61' title='bbox 1680 980 1795 1036; x_wconf 88' lang='lat' dir='ltr'><strong>illic</strong></span> <span class='ocrx_word' id='word_1_62' title='bbox 1816 996 1908 1035; x_wconf 83' lang='lat' dir='ltr'><strong>so-</strong></span> 
     </span>
    </p>
   </div>
   <div class='ocr_carea' id='block_1_12' title="bbox 328 1071 1909 1145">
    <p class='ocr_par' dir='ltr' id='par_1_12' title="bbox 328 1071 1909 1145">
     <span class='ocr_line' id='line_1_12' title="bbox 328 1071 1909 1145; baseline 0.002 -21"><span class='ocrx_word' id='word_1_63' title='bbox 328 1071 442 1125; x_wconf 91' lang='lat' dir='ltr'><strong>lum</strong></span> <span class='ocrx_word' id='word_1_64' title='bbox 463 1086 610 1137; x_wconf 84' lang='lat' dir='ltr'><strong>esse,</strong></span> <span class='ocrx_word' id='word_1_65' title='bbox 635 1072 724 1125; x_wconf 95' lang='lat' dir='ltr'><strong>ubi</strong></span> <span class='ocrx_word' id='word_1_66' title='bbox 745 1074 1028 1142; x_wconf 83' lang='lat' dir='ltr'><strong>quantitas</strong></span> <span class='ocrx_word' id='word_1_67' title='bbox 1064 1071 1187 1145; x_wconf 85' lang='lat' dir='ltr'><strong>ejus</strong></span> <span class='ocrx_word' id='word_1_68' title='bbox 1210 1080 1266 1128; x_wconf 89' lang='lat' dir='ltr'><strong>et</strong></span> <span class='ocrx_word' id='word_1_69' title='bbox 1291 1073 1666 1129; x_wconf 81' lang='lat' dir='ltr'><strong>dimensiones</strong></span> <span class='ocrx_word' id='word_1_70' title='bbox 1703 1072 1909 1141; x_wconf 77' lang='lat' dir='ltr'><strong>repeti-</strong></span> 
     </span>
    </p>
   </div>
   <div class='ocr_carea' id='block_1_13' title="bbox 333 1165 1906 1235">
    <p class='ocr_par' dir='ltr' id='par_1_13' title="bbox 333 1165 1906 1235">
     <span class='ocr_line' id='line_1_13' title="bbox 333 1165 1906 1235; baseline 0.004 -22"><span class='ocrx_word' id='word_1_71' title='bbox 333 1173 518 1221; x_wconf 90' lang='lat' dir='ltr'><strong>untur.</strong></span> <span class='ocrx_word' id='word_1_72' title='bbox 544 1165 889 1232; x_wconf 77' lang='lat' dir='ltr'><strong>[inpossibile</strong></span> <span class='ocrx_word' id='word_1_73' title='bbox 917 1166 1171 1221; x_wconf 89' lang='lat' dir='ltr'><strong>cstenim</strong></span> <span class='ocrx_word' id='word_1_74' title='bbox 1234 1166 1483 1221; x_wconf 85' lang='lat' dir='ltr'><strong>eamdem</strong></span> <span class='ocrx_word' id='word_1_75' title='bbox 1544 1166 1906 1235; x_wconf 78' lang='lat' dir='ltr'><strong>quantitatem</strong></span> 
     </span>
    </p>
   </div>
   <div class='ocr_carea' id='block_1_14' title="bbox 334 1255 1909 1329">
    <p class='ocr_par' dir='ltr' id='par_1_14' title="bbox 334 1255 1909 1329">
     <span class='ocr_line' id='line_1_14' title="bbox 334 1255 1909 1329; baseline 0.003 -22"><span class='ocrx_word' id='word_1_76' title='bbox 334 1255 586 1323; x_wconf 86' lang='lat' dir='ltr'><strong>pluribus</strong></span> <span class='ocrx_word' id='word_1_77' title='bbox 619 1257 782 1311; x_wconf 79' lang='lat' dir='ltr'><strong>sitnnl</strong></span> <span class='ocrx_word' id='word_1_78' title='bbox 803 1257 1237 1314; x_wconf 89' lang='lat' dir='ltr'><strong>commensurari</strong></span> <span class='ocrx_word' id='word_1_79' title='bbox 1265 1257 1421 1313; x_wconf 84' lang='lat' dir='ltr'><strong>locis.</strong></span> <span class='ocrx_word' id='word_1_80' title='bbox 1446 1256 1505 1312; x_wconf 86' lang='lat' dir='ltr'><strong>In</strong></span> <span class='ocrx_word' id='word_1_81' title='bbox 1552 1271 1785 1329; x_wconf 90' lang='lat' dir='ltr'><strong>corpore</strong></span> <span class='ocrx_word' id='word_1_82' title='bbox 1810 1273 1909 1312; x_wconf 90' lang='lat' dir='ltr'><strong>au-</strong></span> 
     </span>
    </p>
   </div>
   <div class='ocr_carea' id='block_1_15' title="bbox 331 1345 1908 1405">
    <p class='ocr_par' dir='ltr' id='par_1_15' title="bbox 331 1345 1908 1405">
     <span class='ocr_line' id='line_1_15' title="bbox 331 1345 1908 1405; baseline 0.005 -8"><span class='ocrx_word' id='word_1_83' title='bbox 331 1354 436 1399; x_wconf 76' lang='lat' dir='ltr'><strong>tem</strong></span> <span class='ocrx_word' id='word_1_84' title='bbox 463 1345 664 1401; x_wconf 87' lang='lat' dir='ltr'><strong>Christi</strong></span> <span class='ocrx_word' id='word_1_85' title='bbox 700 1362 787 1404; x_wconf 89' lang='lat' dir='ltr'><strong>res</strong></span> <span class='ocrx_word' id='word_1_86' title='bbox 806 1364 914 1403; x_wconf 93' lang='lat' dir='ltr'><strong>non</strong></span> <span class='ocrx_word' id='word_1_87' title='bbox 939 1350 1013 1404; x_wconf 90' lang='lat' dir='ltr'><strong>ita</strong></span> <span class='ocrx_word' id='word_1_88' title='bbox 1041 1364 1099 1404; x_wconf 91' lang='lat' dir='ltr'><strong>se</strong></span> <span class='ocrx_word' id='word_1_89' title='bbox 1123 1349 1284 1403; x_wconf 85' lang='lat' dir='ltr'><strong>habet</strong></span> <span class='ocrx_word' id='word_1_90' title='bbox 1332 1365 1347 1404; x_wconf 89' lang='lat'><strong>:</strong></span> <span class='ocrx_word' id='word_1_91' title='bbox 1401 1348 1620 1405; x_wconf 78' lang='lat' dir='ltr'><strong>exsistit</strong></span> <span class='ocrx_word' id='word_1_92' title='bbox 1649 1350 1796 1405; x_wconf 91' lang='lat' dir='ltr'><strong>enim</strong></span> <span class='ocrx_word' id='word_1_93' title='bbox 1849 1351 1908 1405; x_wconf 89' lang='lat' dir='ltr'><strong>in</strong></span> 
     </span>
    </p>
   </div>
   <div class='ocr_carea' id='block_1_16' title="bbox 331 1437 1908 1512">
    <p class='ocr_par' dir='ltr' id='par_1_16' title="bbox 331 1437 1908 1512">
     <span class='ocr_line' id='line_1_16' title="bbox 331 1437 1908 1512; baseline 0.005 -23"><span class='ocrx_word' id='word_1_94' title='bbox 331 1437 474 1500; x_wconf 91' lang='lat' dir='ltr'><strong>loco,</strong></span> <span class='ocrx_word' id='word_1_95' title='bbox 507 1439 783 1495; x_wconf 86' lang='lat' dir='ltr'><strong>mediante</strong></span> <span class='ocrx_word' id='word_1_96' title='bbox 808 1455 872 1495; x_wconf 87' lang='lat' dir='ltr'><strong>ea</strong></span> <span class='ocrx_word' id='word_1_97' title='bbox 904 1441 1216 1511; x_wconf 83' lang='lat' dir='ltr'><strong>quantitate</strong></span> <span class='ocrx_word' id='word_1_98' title='bbox 1249 1456 1371 1511; x_wconf 77' lang='lat' dir='ltr'><strong>quze</strong></span> <span class='ocrx_word' id='word_1_99' title='bbox 1427 1442 1554 1512; x_wconf 90' lang='lat' dir='ltr'><strong>pani</strong></span> <span class='ocrx_word' id='word_1_100' title='bbox 1590 1442 1908 1511; x_wconf 83' lang='lat' dir='ltr'><strong>prius-ine-</strong></span> 
     </span>
    </p>
   </div>
   <div class='ocr_carea' id='block_1_17' title="bbox 334 1527 1909 1602">
    <p class='ocr_par' dir='ltr' id='par_1_17' title="bbox 334 1527 1909 1602">
     <span class='ocr_line' id='line_1_17' title="bbox 334 1527 1909 1602; baseline 0.004 -22"><span class='ocrx_word' id='word_1_101' title='bbox 334 1536 443 1581; x_wconf 89' lang='lat' dir='ltr'><strong>rat.</strong></span> <span class='ocrx_word' id='word_1_102' title='bbox 472 1527 527 1582; x_wconf 92' lang='lat' dir='ltr'><strong>Si</strong></span> <span class='ocrx_word' id='word_1_103' title='bbox 547 1543 680 1585; x_wconf 85' lang='lat' dir='ltr'><strong>vero</strong></span> <span class='ocrx_word' id='word_1_104' title='bbox 727 1539 783 1587; x_wconf 87' lang='lat' dir='ltr'><strong>et</strong></span> <span class='ocrx_word' id='word_1_105' title='bbox 809 1531 1030 1602; x_wconf 89' lang='lat' dir='ltr'><strong>propria</strong></span> <span class='ocrx_word' id='word_1_106' title='bbox 1069 1535 1351 1602; x_wconf 80' lang='lat' dir='ltr'><strong>quantitas</strong></span> <span class='ocrx_word' id='word_1_107' title='bbox 1386 1534 1731 1587; x_wconf 86' lang='lat' dir='ltr'><strong>sanctissimi</strong></span> <span class='ocrx_word' id='word_1_108' title='bbox 1787 1548 1909 1588; x_wconf 81' lang='lat' dir='ltr'><strong>cor-</strong></span> 
     </span>
    </p>
   </div>
   <div class='ocr_carea' id='block_1_18' title="bbox 331 1617 1911 1692">
    <p class='ocr_par' dir='ltr' id='par_1_18' title="bbox 331 1617 1911 1692">
     <span class='ocr_line' id='line_1_18' title="bbox 331 1617 1911 1692; baseline 0.003 -22"><span class='ocrx_word' id='word_1_109' title='bbox 331 1617 481 1686; x_wconf 83' lang='lat' dir='ltr'><strong>poris</strong></span> <span class='ocrx_word' id='word_1_110' title='bbox 524 1618 964 1691; x_wconf 85' lang='lat' dir='ltr'><strong>inseparabiliter</strong></span> <span class='ocrx_word' id='word_1_111' title='bbox 995 1622 1099 1692; x_wconf 91' lang='lat' dir='ltr'><strong>ipsi</strong></span> <span class='ocrx_word' id='word_1_112' title='bbox 1160 1622 1468 1684; x_wconf 82' lang='lat' dir='ltr'><strong>coexsistit,</strong></span> <span class='ocrx_word' id='word_1_113' title='bbox 1507 1630 1911 1692; x_wconf 83' lang='lat' dir='ltr'><strong>consequenter</strong></span> 
     </span>
    </p>
   </div>
   <div class='ocr_carea' id='block_1_19' title="bbox 330 1714 1908 1786">
    <p class='ocr_par' dir='ltr' id='par_1_19' title="bbox 330 1714 1908 1786">
     <span class='ocr_line' id='line_1_19' title="bbox 330 1714 1908 1786; baseline 0.003 -20"><span class='ocrx_word' id='word_1_114' title='bbox 330 1727 465 1768; x_wconf 82' lang='lat' dir='ltr'><strong>sane</strong></span> <span class='ocrx_word' id='word_1_115' title='bbox 484 1720 538 1768; x_wconf 89' lang='lat' dir='ltr'><strong>et</strong></span> <span class='ocrx_word' id='word_1_116' title='bbox 553 1714 829 1769; x_wconf 87' lang='lat' dir='ltr'><strong>mediante</strong></span> <span class='ocrx_word' id='word_1_117' title='bbox 852 1715 1183 1779; x_wconf 88' lang='lat' dir='ltr'><strong>substantia,</strong></span> <span class='ocrx_word' id='word_1_118' title='bbox 1204 1731 1326 1785; x_wconf 75' lang='lat' dir='ltr'><strong>quze</strong></span> <span class='ocrx_word' id='word_1_119' title='bbox 1348 1717 1466 1771; x_wconf 90' lang='lat' dir='ltr'><strong>sine</strong></span> <span class='ocrx_word' id='word_1_120' title='bbox 1484 1716 1704 1786; x_wconf 89' lang='lat' dir='ltr'><strong>propria</strong></span> <span class='ocrx_word' id='word_1_121' title='bbox 1732 1731 1908 1786; x_wconf 89' lang='lat' dir='ltr'><strong>quan-</strong></span> 
     </span>
    </p>
   </div>
   <div class='ocr_carea' id='block_1_20' title="bbox 332 1802 1910 1878">
    <p class='ocr_par' dir='ltr' id='par_1_20' title="bbox 332 1802 1910 1878">
     <span class='ocr_line' id='line_1_20' title="bbox 332 1802 1910 1878; baseline 0.007 -25"><span class='ocrx_word' id='word_1_122' title='bbox 332 1802 492 1857; x_wconf 89' lang='lat' dir='ltr'><strong>titate</strong></span> <span class='ocrx_word' id='word_1_123' title='bbox 522 1802 832 1862; x_wconf 87' lang='lat' dir='ltr'><strong>subsistere</strong></span> <span class='ocrx_word' id='word_1_124' title='bbox 860 1821 972 1862; x_wconf 90' lang='lat' dir='ltr'><strong>non</strong></span> <span class='ocrx_word' id='word_1_125' title='bbox 996 1816 1196 1877; x_wconf 87' lang='lat' dir='ltr'><strong>potest.</strong></span> <span class='ocrx_word' id='word_1_126' title='bbox 1218 1806 1355 1861; x_wconf 89' lang='lat' dir='ltr'><strong>Cum</strong></span> <span class='ocrx_word' id='word_1_127' title='bbox 1387 1807 1553 1876; x_wconf 80' lang='lat' dir='ltr'><strong>igitur</strong></span> <span class='ocrx_word' id='word_1_128' title='bbox 1573 1808 1711 1863; x_wconf 84' lang='lat' dir='ltr'><strong>nihil</strong></span> <span class='ocrx_word' id='word_1_129' title='bbox 1739 1808 1910 1878; x_wconf 87' lang='lat' dir='ltr'><strong>impe-</strong></span> 
     </span>
    </p>
   </div>
   <div class='ocr_carea' id='block_1_21' title="bbox 334 1894 1943 1970">
    <p class='ocr_par' dir='ltr' id='par_1_21' title="bbox 334 1894 1943 1970">
     <span class='ocr_line' id='line_1_21' title="bbox 334 1894 1943 1970; baseline 0.003 -23"><span class='ocrx_word' id='word_1_130' title='bbox 334 1894 451 1949; x_wconf 90' lang='lat' dir='ltr'><strong>diat</strong></span> <span class='ocrx_word' id='word_1_131' title='bbox 487 1896 791 1965; x_wconf 74' lang='lat' dir='ltr'><strong>quominus.</strong></span> <span class='ocrx_word' id='word_1_132' title='bbox 816 1898 1003 1953; x_wconf 71' lang='lat' dir='ltr'><strong>multa:</strong></span> <span class='ocrx_word' id='word_1_133' title='bbox 1035 1899 1373 1969; x_wconf 86' lang='lat' dir='ltr'><strong>quantitates</strong></span> <span class='ocrx_word' id='word_1_134' title='bbox 1402 1915 1605 1970; x_wconf 90' lang='lat' dir='ltr'><strong>panum</strong></span> <span class='ocrx_word' id='word_1_135' title='bbox 1641 1901 1943 1957; x_wconf 82' lang='lat' dir='ltr'><strong>exsistant.</strong></span> 
     </span>
    </p>
   </div>
   <div class='ocr_carea' id='block_1_22' title="bbox 333 1986 1910 2062">
    <p class='ocr_par' dir='ltr' id='par_1_22' title="bbox 333 1986 1910 2062">
     <span class='ocr_line' id='line_1_22' title="bbox 333 1986 1910 2062; baseline 0.006 -23"><span class='ocrx_word' id='word_1_136' title='bbox 333 1986 389 2040; x_wconf 84' lang='lat' dir='ltr'><strong>iu</strong></span> <span class='ocrx_word' id='word_1_137' title='bbox 420 1987 606 2043; x_wconf 81' lang='lat' dir='ltr'><strong>multis</strong></span> <span class='ocrx_word' id='word_1_138' title='bbox 623 1989 915 2055; x_wconf 88' lang='lat' dir='ltr'><strong>altaribus,</strong></span> <span class='ocrx_word' id='word_1_139' title='bbox 951 1990 1078 2046; x_wconf 91' lang='lat' dir='ltr'><strong>inde</strong></span> <span class='ocrx_word' id='word_1_140' title='bbox 1127 1991 1399 2046; x_wconf 88' lang='lat' dir='ltr'><strong>acciditet</strong></span> <span class='ocrx_word' id='word_1_141' title='bbox 1462 1992 1669 2048; x_wconf 87' lang='lat' dir='ltr'><strong>Christi</strong></span> <span class='ocrx_word' id='word_1_142' title='bbox 1708 2008 1910 2062; x_wconf 89' lang='lat' dir='ltr'><strong>corpus</strong></span> 
     </span>
    </p>
   </div>
   <div class='ocr_carea' id='block_1_23' title="bbox 335 2082 1909 2154">
    <p class='ocr_par' dir='ltr' id='par_1_23' title="bbox 335 2082 1909 2154">
     <span class='ocr_line' id='line_1_23' title="bbox 335 2082 1909 2154; baseline 0.005 -22"><span class='ocrx_word' id='word_1_143' title='bbox 335 2093 505 2134; x_wconf 91' lang='lat' dir='ltr'><strong>unum</strong></span> <span class='ocrx_word' id='word_1_144' title='bbox 528 2095 758 2137; x_wconf 69' lang='lat' dir='ltr'><strong>numero</strong></span> <span class='ocrx_word' id='word_1_145' title='bbox 787 2082 841 2137; x_wconf 92' lang='lat' dir='ltr'><strong>in</strong></span> <span class='ocrx_word' id='word_1_146' title='bbox 866 2082 1054 2137; x_wconf 91' lang='lat' dir='ltr'><strong>multis</strong></span> <span class='ocrx_word' id='word_1_147' title='bbox 1079 2082 1351 2139; x_wconf 79' lang='lat' dir='ltr'><strong>exsistens</strong></span> <span class='ocrx_word' id='word_1_148' title='bbox 1373 2083 1772 2154; x_wconf 87' lang='lat' dir='ltr'><strong>quantilatibus</strong></span> <span class='ocrx_word' id='word_1_149' title='bbox 1800 2102 1909 2141; x_wconf 92' lang='lat' dir='ltr'><strong>non</strong></span> 
     </span>
    </p>
   </div>
   <div class='ocr_carea' id='block_1_24' title="bbox 336 2173 1909 2248">
    <p class='ocr_par' dir='ltr' id='par_1_24' title="bbox 336 2173 1909 2248">
     <span class='ocr_line' id='line_1_24' title="bbox 336 2173 1909 2248; baseline 0.006 -21"><span class='ocrx_word' id='word_1_150' title='bbox 336 2173 607 2245; x_wconf 81' lang='lat' dir='ltr'><strong>propriis,</strong></span> <span class='ocrx_word' id='word_1_151' title='bbox 636 2174 746 2232; x_wconf 89' lang='lat' dir='ltr'><strong>illis</strong></span> <span class='ocrx_word' id='word_1_152' title='bbox 765 2175 1217 2232; x_wconf 85' lang='lat' dir='ltr'><strong>mediantibusin</strong></span> <span class='ocrx_word' id='word_1_153' title='bbox 1258 2176 1446 2231; x_wconf 90' lang='lat' dir='ltr'><strong>multis</strong></span> <span class='ocrx_word' id='word_1_154' title='bbox 1489 2178 1714 2248; x_wconf 89' lang='lat' dir='ltr'><strong>reperiri</strong></span> <span class='ocrx_word' id='word_1_155' title='bbox 1749 2179 1909 2235; x_wconf 83' lang='lat' dir='ltr'><strong>locis.</strong></span> 
     </span>
    </p>
   </div>
   <div class='ocr_carea' id='block_1_25' title="bbox 333 2268 1913 2339">
    <p class='ocr_par' dir='ltr' id='par_1_25' title="bbox 333 2268 1913 2339">
     <span class='ocr_line' id='line_1_25' title="bbox 333 2268 1913 2339; baseline 0.004 -18"><span class='ocrx_word' id='word_1_156' title='bbox 333 2268 448 2323; x_wconf 88' lang='lat' dir='ltr'><strong>Iloc</strong></span> <span class='ocrx_word' id='word_1_157' title='bbox 476 2268 930 2339; x_wconf 82' lang='lat' dir='ltr'><strong>etiamexemplis</strong></span> <span class='ocrx_word' id='word_1_158' title='bbox 954 2270 1289 2326; x_wconf 84' lang='lat' dir='ltr'><strong>conﬁrmare</strong></span> <span class='ocrx_word' id='word_1_159' title='bbox 1334 2269 1466 2325; x_wconf 90' lang='lat' dir='ltr'><strong>licet</strong></span> <span class='ocrx_word' id='word_1_160' title='bbox 1517 2270 1714 2326; x_wconf 74' lang='lat' dir='ltr'><strong>animae</strong></span> <span class='ocrx_word' id='word_1_161' title='bbox 1782 2288 1913 2327; x_wconf 85' lang='lat' dir='ltr'><strong>nos-</strong></span> 
     </span>
    </p>
   </div>
   <div class='ocr_carea' id='block_1_26' title="bbox 332 2363 1912 2435">
    <p class='ocr_par' dir='ltr' id='par_1_26' title="bbox 332 2363 1912 2435">
     <span class='ocr_line' id='line_1_26' title="bbox 332 2363 1912 2435; baseline 0.004 -23"><span class='ocrx_word' id='word_1_162' title='bbox 332 2369 451 2428; x_wconf 82' lang='lat' dir='ltr'><strong>trae,</strong></span> <span class='ocrx_word' id='word_1_163' title='bbox 501 2376 649 2432; x_wconf 73' lang='lat' dir='ltr'><strong>quae,</strong></span> <span class='ocrx_word' id='word_1_164' title='bbox 695 2377 820 2417; x_wconf 91' lang='lat' dir='ltr'><strong>cum</strong></span> <span class='ocrx_word' id='word_1_165' title='bbox 851 2378 951 2435; x_wconf 83' lang='lat' dir='ltr'><strong>per</strong></span> <span class='ocrx_word' id='word_1_166' title='bbox 976 2378 1037 2419; x_wconf 88' lang='lat' dir='ltr'><strong>se</strong></span> <span class='ocrx_word' id='word_1_167' title='bbox 1059 2379 1167 2419; x_wconf 89' lang='lat' dir='ltr'><strong>non</strong></span> <span class='ocrx_word' id='word_1_168' title='bbox 1194 2363 1394 2420; x_wconf 90' lang='lat' dir='ltr'><strong>babeat</strong></span> <span class='ocrx_word' id='word_1_169' title='bbox 1421 2363 1780 2435; x_wconf 83' lang='lat' dir='ltr'><strong>quantitatem</strong></span> <span class='ocrx_word' id='word_1_170' title='bbox 1803 2379 1912 2435; x_wconf 89' lang='lat' dir='ltr'><strong>qua</strong></span> 
     </span>
    </p>
   </div>
   <div class='ocr_carea' id='block_1_27' title="bbox 330 2454 1913 2526">
    <p class='ocr_par' dir='ltr' id='par_1_27' title="bbox 330 2454 1913 2526">
     <span class='ocr_line' id='line_1_27' title="bbox 330 2454 1913 2526; baseline 0.001 -17"><span class='ocrx_word' id='word_1_171' title='bbox 330 2464 807 2511; x_wconf 80' lang='lat' dir='ltr'><strong>commensuretur</strong></span> <span class='ocrx_word' id='word_1_172' title='bbox 825 2456 1129 2512; x_wconf 81' lang='lat' dir='ltr'><strong>continenti</strong></span> <span class='ocrx_word' id='word_1_173' title='bbox 1147 2470 1209 2513; x_wconf 76' lang='lat' dir='ltr'><strong>se</strong></span> <span class='ocrx_word' id='word_1_174' title='bbox 1228 2454 1464 2526; x_wconf 84' lang='lat' dir='ltr'><strong>corpori,</strong></span> <span class='ocrx_word' id='word_1_175' title='bbox 1484 2462 1596 2512; x_wconf 89' lang='lat' dir='ltr'><strong>tota</strong></span> <span class='ocrx_word' id='word_1_176' title='bbox 1618 2464 1702 2511; x_wconf 89' lang='lat' dir='ltr'><strong>est</strong></span> <span class='ocrx_word' id='word_1_177' title='bbox 1722 2454 1775 2510; x_wconf 91' lang='lat' dir='ltr'><strong>in</strong></span> <span class='ocrx_word' id='word_1_178' title='bbox 1798 2463 1913 2512; x_wconf 89' lang='lat' dir='ltr'><strong>toto</strong></span> 
     </span>
    </p>
   </div>
   <div class='ocr_carea' id='block_1_28' title="bbox 337 2548 1914 2620">
    <p class='ocr_par' dir='ltr' id='par_1_28' title="bbox 337 2548 1914 2620">
     <span class='ocr_line' id='line_1_28' title="bbox 337 2548 1914 2620; baseline 0.001 -17"><span class='ocrx_word' id='word_1_179' title='bbox 337 2559 393 2603; x_wconf 87' lang='lat' dir='ltr'><strong>et</strong></span> <span class='ocrx_word' id='word_1_180' title='bbox 437 2549 669 2618; x_wconf 75' lang='lat' dir='ltr'><strong>singulis</strong></span> <span class='ocrx_word' id='word_1_181' title='bbox 703 2551 951 2619; x_wconf 81' lang='lat' dir='ltr'><strong>corporis</strong></span> <span class='ocrx_word' id='word_1_182' title='bbox 997 2549 1270 2620; x_wconf 82' lang='lat' dir='ltr'><strong>partibus.</strong></span> <span class='ocrx_word' id='word_1_183' title='bbox 1293 2549 1435 2606; x_wconf 79' lang='lat' dir='ltr'><strong>Tum</strong></span> <span class='ocrx_word' id='word_1_184' title='bbox 1458 2548 1623 2605; x_wconf 88' lang='lat' dir='ltr'><strong>etiam</strong></span> <span class='ocrx_word' id='word_1_185' title='bbox 1639 2550 1914 2607; x_wconf 85' lang='lat' dir='ltr'><strong>sermonis</strong></span> 
     </span>
    </p>
   </div>
   <div class='ocr_carea' id='block_1_29' title="bbox 329 2643 1915 2715">
    <p class='ocr_par' dir='ltr' id='par_1_29' title="bbox 329 2643 1915 2715">
     <span class='ocr_line' id='line_1_29' title="bbox 329 2643 1915 2715; baseline 0.003 -19"><span class='ocrx_word' id='word_1_186' title='bbox 329 2656 489 2697; x_wconf 80' lang='lat' dir='ltr'><strong>exem</strong></span> <span class='ocrx_word' id='word_1_187' title='bbox 502 2643 609 2712; x_wconf 88' lang='lat' dir='ltr'><strong>pio,</strong></span> <span class='ocrx_word' id='word_1_188' title='bbox 631 2644 721 2712; x_wconf 88' lang='lat' dir='ltr'><strong>qui</strong></span> <span class='ocrx_word' id='word_1_189' title='bbox 742 2645 858 2713; x_wconf 83' lang='lat' dir='ltr'><strong>ipse</strong></span> <span class='ocrx_word' id='word_1_190' title='bbox 882 2654 939 2699; x_wconf 88' lang='lat' dir='ltr'><strong>et</strong></span> <span class='ocrx_word' id='word_1_191' title='bbox 960 2658 1108 2700; x_wconf 91' lang='lat' dir='ltr'><strong>unus</strong></span> <span class='ocrx_word' id='word_1_192' title='bbox 1125 2651 1561 2715; x_wconf 86' lang='lat' dir='ltr'><strong>numero&#39;potest</strong></span> <span class='ocrx_word' id='word_1_193' title='bbox 1577 2644 1808 2700; x_wconf 89' lang='lat' dir='ltr'><strong>interius</strong></span> <span class='ocrx_word' id='word_1_194' title='bbox 1826 2659 1915 2700; x_wconf 87' lang='lat' dir='ltr'><strong>es-</strong></span> 
     </span>
    </p>
   </div>
   <div class='ocr_carea' id='block_1_30' title="bbox 338 2733 1914 2809">
    <p class='ocr_par' dir='ltr' id='par_1_30' title="bbox 338 2733 1914 2809">
     <span class='ocr_line' id='line_1_30' title="bbox 338 2733 1914 2809; baseline 0.002 -20"><span class='ocrx_word' id='word_1_195' title='bbox 338 2750 420 2801; x_wconf 89' lang='lat' dir='ltr'><strong>se,</strong></span> <span class='ocrx_word' id='word_1_196' title='bbox 450 2733 584 2801; x_wconf 89' lang='lat' dir='ltr'><strong>dici,</strong></span> <span class='ocrx_word' id='word_1_197' title='bbox 611 2735 791 2791; x_wconf 84' lang='lat' dir='ltr'><strong>audiri</strong></span> <span class='ocrx_word' id='word_1_198' title='bbox 819 2744 874 2791; x_wconf 89' lang='lat' dir='ltr'><strong>et</strong></span> <span class='ocrx_word' id='word_1_199' title='bbox 908 2736 1115 2793; x_wconf 87' lang='lat' dir='ltr'><strong>scribi:</strong></span> <span class='ocrx_word' id='word_1_200' title='bbox 1154 2737 1336 2793; x_wconf 88' lang='lat' dir='ltr'><strong>dictus</strong></span> <span class='ocrx_word' id='word_1_201' title='bbox 1367 2752 1497 2793; x_wconf 70' lang='lat' dir='ltr'><strong>vero</strong></span> <span class='ocrx_word' id='word_1_202' title='bbox 1519 2737 1635 2794; x_wconf 77' lang='lat' dir='ltr'><strong>sive</strong></span> <span class='ocrx_word' id='word_1_203' title='bbox 1674 2753 1914 2809; x_wconf 89' lang='lat' dir='ltr'><strong>pronun-</strong></span> 
     </span>
    </p>
   </div>
   <div class='ocr_carea' id='block_1_31' title="bbox 334 2827 1907 2901">
    <p class='ocr_par' dir='ltr' id='par_1_31' title="bbox 334 2827 1907 2901">
     <span class='ocr_line' id='line_1_31' title="bbox 334 2827 1907 2901; baseline 0.003 -21"><span class='ocrx_word' id='word_1_204' title='bbox 334 2827 527 2894; x_wconf 89' lang='lat' dir='ltr'><strong>tiatus,</strong></span> <span class='ocrx_word' id='word_1_205' title='bbox 584 2828 700 2899; x_wconf 80' lang='lat' dir='ltr'><strong>ipse</strong></span> <span class='ocrx_word' id='word_1_206' title='bbox 720 2828 884 2884; x_wconf 88' lang='lat' dir='ltr'><strong>etiam</strong></span> <span class='ocrx_word' id='word_1_207' title='bbox 909 2843 938 2883; x_wconf 87' lang='lat' dir='ltr'><strong>a</strong></span> <span class='ocrx_word' id='word_1_208' title='bbox 961 2828 1152 2885; x_wconf 88' lang='lat' dir='ltr'><strong>multis</strong></span> <span class='ocrx_word' id='word_1_209' title='bbox 1168 2828 1332 2885; x_wconf 86' lang='lat' dir='ltr'><strong>simul</strong></span> <span class='ocrx_word' id='word_1_210' title='bbox 1364 2829 1555 2885; x_wconf 89' lang='lat' dir='ltr'><strong>auditu</strong></span> <span class='ocrx_word' id='word_1_211' title='bbox 1583 2829 1907 2901; x_wconf 87' lang='lat' dir='ltr'><strong>percipitur.</strong></span> 
     </span>
    </p>
   </div>
   <div class='ocr_carea' id='block_1_32' title="bbox 334 2917 1917 2993">
    <p class='ocr_par' dir='ltr' id='par_1_32' title="bbox 334 2917 1917 2993">
     <span class='ocr_line' id='line_1_32' title="bbox 334 2917 1917 2993; baseline 0.004 -21"><span class='ocrx_word' id='word_1_212' title='bbox 334 2917 604 2976; x_wconf 82' lang='lat' dir='ltr'><strong>Praeterea</strong></span> <span class='ocrx_word' id='word_1_213' title='bbox 633 2921 887 2992; x_wconf 80' lang='lat' dir='ltr'><strong>exemplo</strong></span> <span class='ocrx_word' id='word_1_214' title='bbox 910 2922 1064 2989; x_wconf 82' lang='lat' dir='ltr'><strong>solis,</strong></span> <span class='ocrx_word' id='word_1_215' title='bbox 1094 2923 1253 2993; x_wconf 88' lang='lat' dir='ltr'><strong>cujus</strong></span> <span class='ocrx_word' id='word_1_216' title='bbox 1312 2923 1496 2980; x_wconf 86' lang='lat' dir='ltr'><strong>lumen</strong></span> <span class='ocrx_word' id='word_1_217' title='bbox 1554 2932 1709 2980; x_wconf 77' lang='lat' dir='ltr'><strong>extra</strong></span> <span class='ocrx_word' id='word_1_218' title='bbox 1744 2933 1801 2980; x_wconf 82' lang='lat' dir='ltr'><strong>et</strong></span> <span class='ocrx_word' id='word_1_219' title='bbox 1833 2922 1917 2979; x_wconf 81' lang='lat' dir='ltr'><strong>in-</strong></span> 
     </span>
    </p>
   </div>
   <div class='ocr_carea' id='block_1_33' title="bbox 337 3013 1919 3088">
    <p class='ocr_par' dir='ltr' id='par_1_33' title="bbox 337 3013 1919 3088">
     <span class='ocr_line' id='line_1_33' title="bbox 337 3013 1919 3088; baseline 0.006 -25"><span class='ocrx_word' id='word_1_220' title='bbox 337 3013 663 3069; x_wconf 82' lang='lat' dir='ltr'><strong>tradomum</strong></span> <span class='ocrx_word' id='word_1_221' title='bbox 693 3013 938 3072; x_wconf 89' lang='lat' dir='ltr'><strong>illustrat</strong></span> <span class='ocrx_word' id='word_1_222' title='bbox 994 3024 1163 3088; x_wconf 88' lang='lat' dir='ltr'><strong>etper</strong></span> <span class='ocrx_word' id='word_1_223' title='bbox 1191 3016 1394 3072; x_wconf 75' lang='lat' dir='ltr'><strong>vitrum</strong></span> <span class='ocrx_word' id='word_1_224' title='bbox 1456 3025 1771 3088; x_wconf 86' lang='lat' dir='ltr'><strong>penetrans,</strong></span> <span class='ocrx_word' id='word_1_225' title='bbox 1832 3016 1919 3073; x_wconf 88' lang='lat' dir='ltr'><strong>in-</strong></span> 
     </span>
    </p>
   </div>
   <div class='ocr_carea' id='block_1_34' title="bbox 2017 514 3595 591">
    <p class='ocr_par' dir='ltr' id='par_1_34' title="bbox 2017 514 3595 591">
     <span class='ocr_line' id='line_1_34' title="bbox 2017 514 3595 591; baseline -0.003 -17"><span class='ocrx_word' id='word_1_226' title='bbox 2017 521 2201 575; x_wconf 78' lang='grc' dir='ltr'>Ἀπαν</span> <span class='ocrx_word' id='word_1_227' title='bbox 2250 520 2352 591; x_wconf 81' lang='grc' dir='ltr'>μὲν</span> <span class='ocrx_word' id='word_1_228' title='bbox 2386 520 2495 591; x_wconf 84' lang='grc' dir='ltr'>γὰρ</span> <span class='ocrx_word' id='word_1_229' title='bbox 2531 519 2691 589; x_wconf 82' lang='grc' dir='ltr'>σῶμα</span> <span class='ocrx_word' id='word_1_230' title='bbox 2734 517 3004 589; x_wconf 83' lang='grc' dir='ltr'><strong>τυγχάνον</strong></span> <span class='ocrx_word' id='word_1_231' title='bbox 3040 514 3096 569; x_wconf 77' lang='grc' dir='ltr'>ἔν</span> <span class='ocrx_word' id='word_1_232' title='bbox 3120 533 3229 569; x_wconf 91' lang='grc' dir='ltr'>τινι</span> <span class='ocrx_word' id='word_1_233' title='bbox 3254 515 3426 585; x_wconf 83' lang='grc' dir='ltr'><strong>τόπῳ,</strong></span> <span class='ocrx_word' id='word_1_234' title='bbox 3462 515 3595 569; x_wconf 88' lang='grc' dir='ltr'>αύτό</span> 
     </span>
    </p>
   </div>
   <div class='ocr_carea' id='block_1_35' title="bbox 2012 607 3596 681">
    <p class='ocr_par' dir='ltr' id='par_1_35' title="bbox 2012 607 3596 681">
     <span class='ocr_line' id='line_1_35' title="bbox 2012 607 3596 681; baseline -0.002 -18"><span class='ocrx_word' id='word_1_235' title='bbox 2012 628 2069 663; x_wconf 91' lang='grc' dir='ltr'><strong>τε</strong></span> <span class='ocrx_word' id='word_1_236' title='bbox 2108 611 2228 665; x_wconf 80' lang='grc' dir='ltr'>ὅλον</span> <span class='ocrx_word' id='word_1_237' title='bbox 2276 611 2383 681; x_wconf 82' lang='grc' dir='ltr'>ὅλῳ</span> <span class='ocrx_word' id='word_1_238' title='bbox 2432 612 2831 681; x_wconf 83' lang='grc' dir='ltr'><strong>συμμετρεῖται</strong></span> <span class='ocrx_word' id='word_1_239' title='bbox 2865 608 2942 679; x_wconf 88' lang='grc' dir='ltr'>τῷ</span> <span class='ocrx_word' id='word_1_240' title='bbox 2986 608 3159 678; x_wconf 86' lang='grc' dir='ltr'>τόπῳ.</span> <span class='ocrx_word' id='word_1_241' title='bbox 3202 608 3296 661; x_wconf 76' lang='grc' dir='ltr'>καὶ</span> <span class='ocrx_word' id='word_1_242' title='bbox 3323 607 3394 661; x_wconf 71' lang='grc' dir='ltr'>τὰ</span> <span class='ocrx_word' id='word_1_243' title='bbox 3428 607 3596 677; x_wconf 86' lang='grc' dir='ltr'>μόρια</span> 
     </span>
    </p>
   </div>
   <div class='ocr_carea' id='block_1_36' title="bbox 2010 700 3593 775">
    <p class='ocr_par' dir='ltr' id='par_1_36' title="bbox 2010 700 3593 775">
     <span class='ocr_line' id='line_1_36' title="bbox 2010 700 3593 775; baseline -0.003 -18"><span class='ocrx_word' id='word_1_244' title='bbox 2010 705 2203 758; x_wconf 72' lang='grc' dir='ltr'>τούτου</span> <span class='ocrx_word' id='word_1_245' title='bbox 2263 708 2375 767; x_wconf 86' lang='grc' dir='ltr'>τοῖς</span> <span class='ocrx_word' id='word_1_246' title='bbox 2423 706 2518 760; x_wconf 80' lang='grc' dir='ltr'><strong>τοῦ</strong></span> <span class='ocrx_word' id='word_1_247' title='bbox 2583 706 2748 759; x_wconf 77' lang='grc' dir='ltr'>τόπου</span> <span class='ocrx_word' id='word_1_248' title='bbox 2815 704 3042 775; x_wconf 86' lang='grc' dir='ltr'>μέρεσιν</span> <span class='ocrx_word' id='word_1_249' title='bbox 3097 700 3437 764; x_wconf 73' lang='grc' dir='ltr'><strong>ἀποδίδοται,</strong></span> <span class='ocrx_word' id='word_1_250' title='bbox 3494 700 3593 753; x_wconf 77' lang='grc' dir='ltr'>καὶ</span> 
     </span>
    </p>
   </div>
   <div class='ocr_carea' id='block_1_37' title="bbox 2014 791 3594 870">
    <p class='ocr_par' dir='ltr' id='par_1_37' title="bbox 2014 791 3594 870">
     <span class='ocr_line' id='line_1_37' title="bbox 2014 791 3594 870; baseline -0.004 -20"><span class='ocrx_word' id='word_1_251' title='bbox 2014 798 2415 870; x_wconf 80' lang='grc' dir='ltr'>μεσιτευούσης</span> <span class='ocrx_word' id='word_1_252' title='bbox 2440 798 2540 868; x_wconf 81' lang='grc' dir='ltr'>τῆς</span> <span class='ocrx_word' id='word_1_253' title='bbox 2572 797 2707 861; x_wconf 85' lang='grc' dir='ltr'>ίδίας</span> <span class='ocrx_word' id='word_1_254' title='bbox 2735 795 3031 866; x_wconf 87' lang='grc' dir='ltr'>ποσότητός</span> <span class='ocrx_word' id='word_1_255' title='bbox 3061 794 3210 847; x_wconf 75' lang='grc' dir='ltr'>ἔστιν</span> <span class='ocrx_word' id='word_1_256' title='bbox 3238 794 3297 845; x_wconf 78' lang='lat' dir='ltr'><strong>tv</strong></span> <span class='ocrx_word' id='word_1_257' title='bbox 3318 791 3397 862; x_wconf 84' lang='grc' dir='ltr'><strong>τῷ</strong></span> <span class='ocrx_word' id='word_1_258' title='bbox 3422 792 3594 861; x_wconf 84' lang='grc' dir='ltr'><strong>τόπῳ.</strong></span> 
     </span>
    </p>
   </div>
   <div class='ocr_carea' id='block_1_38' title="bbox 2013 885 3592 962">
    <p class='ocr_par' dir='ltr' id='par_1_38' title="bbox 2013 885 3592 962">
     <span class='ocr_line' id='line_1_38' title="bbox 2013 885 3592 962; baseline -0.006 -18"><span class='ocrx_word' id='word_1_259' title='bbox 2013 890 2087 944; x_wconf 80' lang='grc' dir='ltr'>Τὸ</span> <span class='ocrx_word' id='word_1_260' title='bbox 2115 892 2225 962; x_wconf 83' lang='grc' dir='ltr'><strong>γὰρ</strong></span> <span class='ocrx_word' id='word_1_261' title='bbox 2258 893 2313 944; x_wconf 77' lang='grc' dir='ltr'>ἐν</span> <span class='ocrx_word' id='word_1_262' title='bbox 2341 892 2493 962; x_wconf 77' lang='grc' dir='ltr'>τόπῳ</span> <span class='ocrx_word' id='word_1_263' title='bbox 2517 886 2657 945; x_wconf 74' lang='grc' dir='ltr'>εἶναι</span> <span class='ocrx_word' id='word_1_264' title='bbox 2681 892 2745 960; x_wconf 85' lang='grc' dir='ltr'><strong>τῇ</strong></span> <span class='ocrx_word' id='word_1_265' title='bbox 2772 887 3031 957; x_wconf 76' lang='grc' dir='ltr'>ποσότητι</span> <span class='ocrx_word' id='word_1_266' title='bbox 3064 885 3269 957; x_wconf 90' lang='grc' dir='ltr'>κυρίως</span> <span class='ocrx_word' id='word_1_267' title='bbox 3296 886 3592 953; x_wconf 81' lang='grc' dir='ltr'>προσήκει·</span> 
     </span>
    </p>
   </div>
   <div class='ocr_carea' id='block_1_39' title="bbox 2013 974 3595 1055">
    <p class='ocr_par' dir='ltr' id='par_1_39' title="bbox 2013 974 3595 1055">
     <span class='ocr_line' id='line_1_39' title="bbox 2013 974 3595 1055; baseline 0 -18"><span class='ocrx_word' id='word_1_268' title='bbox 2013 986 2300 1055; x_wconf 76' lang='grc' dir='ltr'><strong>ἑπομένως</strong></span> <span class='ocrx_word' id='word_1_269' title='bbox 2339 984 2395 1037; x_wconf 82' lang='grc' dir='ltr'><strong>δὲ</strong></span> <span class='ocrx_word' id='word_1_270' title='bbox 2435 985 2528 1038; x_wconf 73' lang='grc' dir='ltr'>καὶ</span> <span class='ocrx_word' id='word_1_271' title='bbox 2575 985 2641 1054; x_wconf 80' lang='grc' dir='ltr'>τῇ</span> <span class='ocrx_word' id='word_1_272' title='bbox 2675 982 2855 1051; x_wconf 65' lang='grc' dir='ltr'>οὐσίᾳ,</span> <span class='ocrx_word' id='word_1_273' title='bbox 2884 974 2953 1051; x_wconf 81' lang='grc' dir='ltr'>ἦς</span> <span class='ocrx_word' id='word_1_274' title='bbox 3004 980 3038 1049; x_wconf 81' lang='grc' dir='ltr'><strong>ἡ</strong></span> <span class='ocrx_word' id='word_1_275' title='bbox 3071 977 3299 1047; x_wconf 80' lang='grc' dir='ltr'><strong>τοιαύτη</strong></span> <span class='ocrx_word' id='word_1_276' title='bbox 3351 977 3595 1043; x_wconf 78' lang='grc' dir='ltr'>ποσότης</span> 
     </span>
    </p>
   </div>
   <div class='ocr_carea' id='block_1_40' title="bbox 2014 1068 3597 1143">
    <p class='ocr_par' dir='ltr' id='par_1_40' title="bbox 2014 1068 3597 1143">
     <span class='ocr_line' id='line_1_40' title="bbox 2014 1068 3597 1143; baseline -0.005 -13"><span class='ocrx_word' id='word_1_277' title='bbox 2014 1075 2499 1132; x_wconf 76' lang='grc' dir='ltr'>ἐστί.Κάντεῦθεν</span> <span class='ocrx_word' id='word_1_278' title='bbox 2564 1073 2857 1143; x_wconf 78' lang='grc' dir='ltr'>συμϐαίνει</span> <span class='ocrx_word' id='word_1_279' title='bbox 2918 1072 2980 1126; x_wconf 79' lang='grc' dir='ltr'>τὸ</span> <span class='ocrx_word' id='word_1_280' title='bbox 3045 1072 3204 1141; x_wconf 84' lang='grc' dir='ltr'>σῶμα</span> <span class='ocrx_word' id='word_1_281' title='bbox 3261 1070 3379 1123; x_wconf 73' lang='grc' dir='ltr'>ἐκεῖ</span> <span class='ocrx_word' id='word_1_282' title='bbox 3432 1068 3597 1138; x_wconf 81' lang='grc' dir='ltr'>μόνον</span> 
     </span>
    </p>
   </div>
   <div class='ocr_carea' id='block_1_41' title="bbox 2013 1159 3597 1239">
    <p class='ocr_par' dir='ltr' id='par_1_41' title="bbox 2013 1159 3597 1239">
     <span class='ocr_line' id='line_1_41' title="bbox 2013 1159 3597 1239; baseline -0.008 -15"><span class='ocrx_word' id='word_1_283' title='bbox 2013 1166 2175 1236; x_wconf 76' lang='grc' dir='ltr'>εἶναι,</span> <span class='ocrx_word' id='word_1_284' title='bbox 2227 1170 2363 1224; x_wconf 81' lang='grc' dir='ltr'>ὅπου</span> <span class='ocrx_word' id='word_1_285' title='bbox 2418 1169 2451 1239; x_wconf 75' lang='grc' dir='ltr'><strong>ἡ</strong></span> <span class='ocrx_word' id='word_1_286' title='bbox 2504 1168 2744 1235; x_wconf 58' lang='grc' dir='ltr'>ποσότης</span> <span class='ocrx_word' id='word_1_287' title='bbox 2800 1163 2967 1220; x_wconf 78' lang='grc' dir='ltr'>αὐτοῦ</span> <span class='ocrx_word' id='word_1_288' title='bbox 3019 1166 3113 1219; x_wconf 76' lang='grc' dir='ltr'>καὶ</span> <span class='ocrx_word' id='word_1_289' title='bbox 3160 1163 3218 1216; x_wconf 78' lang='lat' dir='ltr'><strong>at</strong></span> <span class='ocrx_word' id='word_1_290' title='bbox 3275 1159 3597 1223; x_wconf 78' lang='grc' dir='ltr'><strong>διαστάσεις</strong></span> 
     </span>
    </p>
   </div>
   <div class='ocr_carea' id='block_1_42' title="bbox 2014 1253 3597 1333">
    <p class='ocr_par' dir='ltr' id='par_1_42' title="bbox 2014 1253 3597 1333">
     <span class='ocr_line' id='line_1_42' title="bbox 2014 1253 3597 1333; baseline -0.008 -18"><span class='ocrx_word' id='word_1_291' title='bbox 2014 1262 2386 1333; x_wconf 82' lang='grc' dir='ltr'>εὑρίσκονται.</span> <span class='ocrx_word' id='word_1_292' title='bbox 2454 1260 2744 1313; x_wconf 82' lang='grc' dir='ltr'>Ἀδύνατον</span> <span class='ocrx_word' id='word_1_293' title='bbox 2801 1257 2858 1310; x_wconf 80' lang='grc' dir='ltr'><strong>δὲ</strong></span> <span class='ocrx_word' id='word_1_294' title='bbox 2917 1254 3019 1327; x_wconf 75' lang='grc' dir='ltr'><strong>την</strong></span> <span class='ocrx_word' id='word_1_295' title='bbox 3084 1255 3258 1325; x_wconf 78' lang='grc' dir='ltr'>αὐτὴν</span> <span class='ocrx_word' id='word_1_296' title='bbox 3320 1253 3597 1318; x_wconf 77' lang='grc' dir='ltr'><strong>ποσότητα</strong></span> 
     </span>
    </p>
   </div>
   <div class='ocr_carea' id='block_1_43' title="bbox 2014 1344 3597 1423">
    <p class='ocr_par' dir='ltr' id='par_1_43' title="bbox 2014 1344 3597 1423">
     <span class='ocr_line' id='line_1_43' title="bbox 2014 1344 3597 1423; baseline -0.007 -16"><span class='ocrx_word' id='word_1_297' title='bbox 2014 1354 2227 1407; x_wconf 88' lang='grc' dir='ltr'>πλείοσι</span> <span class='ocrx_word' id='word_1_298' title='bbox 2284 1351 2721 1423; x_wconf 76' lang='grc' dir='ltr'>συμμετρεῖσθαι</span> <span class='ocrx_word' id='word_1_299' title='bbox 2772 1348 2962 1410; x_wconf 88' lang='grc' dir='ltr'>τόποις</span> <span class='ocrx_word' id='word_1_300' title='bbox 3015 1347 3175 1417; x_wconf 79' lang='grc' dir='ltr'>ὁμοῦ.</span> <span class='ocrx_word' id='word_1_301' title='bbox 3216 1346 3342 1399; x_wconf 74' lang='grc' dir='ltr'><strong>Ἐπὶ</strong></span> <span class='ocrx_word' id='word_1_302' title='bbox 3387 1346 3445 1399; x_wconf 78' lang='grc' dir='ltr'><strong>δὲ</strong></span> <span class='ocrx_word' id='word_1_303' title='bbox 3500 1344 3597 1397; x_wconf 73' lang='grc' dir='ltr'>τοῦ</span> 
     </span>
    </p>
   </div>
   <div class='ocr_carea' id='block_1_44' title="bbox 2016 1437 3600 1518">
    <p class='ocr_par' dir='ltr' id='par_1_44' title="bbox 2016 1437 3600 1518">
     <span class='ocr_line' id='line_1_44' title="bbox 2016 1437 3600 1518; baseline -0.006 -20"><span class='ocrx_word' id='word_1_304' title='bbox 2016 1446 2274 1518; x_wconf 85' lang='grc' dir='ltr'>σώματος</span> <span class='ocrx_word' id='word_1_305' title='bbox 2295 1446 2390 1500; x_wconf 78' lang='grc' dir='ltr'><strong>τοῦ</strong></span> <span class='ocrx_word' id='word_1_306' title='bbox 2428 1444 2669 1516; x_wconf 75' lang='grc' dir='ltr'>Χριστοῦ</span> <span class='ocrx_word' id='word_1_307' title='bbox 2712 1442 2810 1513; x_wconf 81' lang='grc' dir='ltr'>οὐχ</span> <span class='ocrx_word' id='word_1_308' title='bbox 2842 1440 3016 1503; x_wconf 78' lang='grc' dir='ltr'>οὕτως</span> <span class='ocrx_word' id='word_1_309' title='bbox 3047 1441 3161 1510; x_wconf 77' lang='grc' dir='ltr'>ἔχει</span> <span class='ocrx_word' id='word_1_310' title='bbox 3187 1455 3202 1470; x_wconf 75' lang='grc' dir='ltr'><strong>ο</strong></span> <span class='ocrx_word' id='word_1_311' title='bbox 3237 1438 3355 1492; x_wconf 84' lang='grc' dir='ltr'>ἔστι</span> <span class='ocrx_word' id='word_1_312' title='bbox 3397 1438 3507 1508; x_wconf 79' lang='grc' dir='ltr'>γὰρ</span> <span class='ocrx_word' id='word_1_313' title='bbox 3540 1437 3600 1489; x_wconf 81' lang='grc' dir='ltr'>ὲν</span> 
     </span>
    </p>
   </div>
   <div class='ocr_carea' id='block_1_45' title="bbox 2013 1532 3600 1613">
    <p class='ocr_par' dir='ltr' id='par_1_45' title="bbox 2013 1532 3600 1613">
     <span class='ocr_line' id='line_1_45' title="bbox 2013 1532 3600 1613; baseline -0.009 -17"><span class='ocrx_word' id='word_1_314' title='bbox 2013 1543 2165 1613; x_wconf 84' lang='grc' dir='ltr'>τόπῳ</span> <span class='ocrx_word' id='word_1_315' title='bbox 2213 1539 2612 1612; x_wconf 81' lang='grc' dir='ltr'>μεσιτευούσης</span> <span class='ocrx_word' id='word_1_316' title='bbox 2658 1537 2759 1607; x_wconf 86' lang='grc' dir='ltr'>τῆς</span> <span class='ocrx_word' id='word_1_317' title='bbox 2813 1534 3140 1606; x_wconf 79' lang='grc' dir='ltr'>ποσότητος,</span> <span class='ocrx_word' id='word_1_318' title='bbox 3171 1533 3267 1587; x_wconf 67' lang='grc' dir='ltr'>καὶ</span> <span class='ocrx_word' id='word_1_319' title='bbox 3323 1532 3600 1601; x_wconf 88' lang='grc' dir='ltr'>πρότερον</span> 
     </span>
    </p>
   </div>
   <div class='ocr_carea' id='block_1_46' title="bbox 2015 1624 3601 1704">
    <p class='ocr_par' dir='ltr' id='par_1_46' title="bbox 2015 1624 3601 1704">
     <span class='ocr_line' id='line_1_46' title="bbox 2015 1624 3601 1704; baseline -0.009 -15"><span class='ocrx_word' id='word_1_320' title='bbox 2015 1632 2439 1704; x_wconf 71' lang='grc' dir='ltr'>ἐνυπαρχούσης</span> <span class='ocrx_word' id='word_1_321' title='bbox 2468 1631 2545 1701; x_wconf 85' lang='grc' dir='ltr'>τῷ</span> <span class='ocrx_word' id='word_1_322' title='bbox 2577 1631 2747 1701; x_wconf 80' lang='grc' dir='ltr'>ἄρτῳ.</span> <span class='ocrx_word' id='word_1_323' title='bbox 2796 1629 2861 1682; x_wconf 86' lang='grc' dir='ltr'><strong>Εί</strong></span> <span class='ocrx_word' id='word_1_324' title='bbox 2896 1627 2952 1681; x_wconf 80' lang='grc' dir='ltr'><strong>δὲ</strong></span> <span class='ocrx_word' id='word_1_325' title='bbox 2987 1626 3082 1681; x_wconf 81' lang='grc' dir='ltr'>καὶ</span> <span class='ocrx_word' id='word_1_326' title='bbox 3129 1627 3164 1695; x_wconf 81' lang='grc' dir='ltr'><strong>ὴ</strong></span> <span class='ocrx_word' id='word_1_327' title='bbox 3214 1624 3320 1678; x_wconf 87' lang='grc' dir='ltr'>ίδία</span> <span class='ocrx_word' id='word_1_328' title='bbox 3358 1625 3601 1693; x_wconf 76' lang='grc' dir='ltr'>ποσότης</span> 
     </span>
    </p>
   </div>
   <div class='ocr_carea' id='block_1_47' title="bbox 2014 1714 3598 1792">
    <p class='ocr_par' dir='ltr' id='par_1_47' title="bbox 2014 1714 3598 1792">
     <span class='ocr_line' id='line_1_47' title="bbox 2014 1714 3598 1792; baseline -0.008 -13"><span class='ocrx_word' id='word_1_329' title='bbox 2014 1726 2109 1779; x_wconf 77' lang='grc' dir='ltr'><strong>τοῦ</strong></span> <span class='ocrx_word' id='word_1_330' title='bbox 2157 1722 2429 1791; x_wconf 86' lang='grc' dir='ltr'>παναγίου</span> <span class='ocrx_word' id='word_1_331' title='bbox 2483 1720 2741 1792; x_wconf 85' lang='grc' dir='ltr'>σώματος</span> <span class='ocrx_word' id='word_1_332' title='bbox 2773 1718 3100 1791; x_wconf 82' lang='grc' dir='ltr'>ἀχωρίστως</span> <span class='ocrx_word' id='word_1_333' title='bbox 3132 1715 3283 1784; x_wconf 84' lang='grc' dir='ltr'><strong>αὑτῷ</strong></span> <span class='ocrx_word' id='word_1_334' title='bbox 3323 1714 3598 1780; x_wconf 77' lang='grc' dir='ltr'>σύνεστιν,</span> 
     </span>
    </p>
   </div>
   <div class='ocr_carea' id='block_1_48' title="bbox 2013 1807 3600 1885">
    <p class='ocr_par' dir='ltr' id='par_1_48' title="bbox 2013 1807 3600 1885">
     <span class='ocr_line' id='line_1_48' title="bbox 2013 1807 3600 1885; baseline -0.007 -15"><span class='ocrx_word' id='word_1_335' title='bbox 2013 1816 2131 1871; x_wconf 84' lang='grc' dir='ltr'>ἀλλ’</span> <span class='ocrx_word' id='word_1_336' title='bbox 2161 1815 2443 1885; x_wconf 78' lang='grc' dir='ltr'>ἑπομένως</span> <span class='ocrx_word' id='word_1_337' title='bbox 2486 1813 2583 1866; x_wconf 74' lang='grc' dir='ltr'>καὶ</span> <span class='ocrx_word' id='word_1_338' title='bbox 2626 1812 2725 1881; x_wconf 85' lang='grc' dir='ltr'>τῆς</span> <span class='ocrx_word' id='word_1_339' title='bbox 2774 1810 2965 1873; x_wconf 81' lang='grc' dir='ltr'>οὐσίας</span> <span class='ocrx_word' id='word_1_340' title='bbox 3006 1807 3423 1880; x_wconf 83' lang='grc' dir='ltr'>μεσιτευούσης,</span> <span class='ocrx_word' id='word_1_341' title='bbox 3472 1808 3600 1879; x_wconf 70' lang='grc' dir='ltr'>ἥτις</span> 
     </span>
    </p>
   </div>
   <div class='ocr_carea' id='block_1_49' title="bbox 2012 1899 3603 1978">
    <p class='ocr_par' dir='ltr' id='par_1_49' title="bbox 2012 1899 3603 1978">
     <span class='ocr_line' id='line_1_49' title="bbox 2012 1899 3603 1978; baseline -0.009 -13"><span class='ocrx_word' id='word_1_342' title='bbox 2012 1911 2143 1965; x_wconf 81' lang='grc' dir='ltr'>ἄνευ</span> <span class='ocrx_word' id='word_1_343' title='bbox 2179 1907 2313 1972; x_wconf 85' lang='grc' dir='ltr'>ίδίας</span> <span class='ocrx_word' id='word_1_344' title='bbox 2358 1906 2662 1978; x_wconf 81' lang='grc' dir='ltr'>ποσότητος</span> <span class='ocrx_word' id='word_1_345' title='bbox 2692 1902 2996 1974; x_wconf 79' lang='grc' dir='ltr'>ὑφεστάναι</span> <span class='ocrx_word' id='word_1_346' title='bbox 3045 1902 3107 1954; x_wconf 84' lang='grc' dir='ltr'>οὐ</span> <span class='ocrx_word' id='word_1_347' title='bbox 3160 1899 3412 1955; x_wconf 78' lang='grc' dir='ltr'>δύναται.</span> <span class='ocrx_word' id='word_1_348' title='bbox 3443 1899 3603 1954; x_wconf 75' lang='grc' dir='ltr'>Ἐπεὶ</span> 
     </span>
    </p>
   </div>
   <div class='ocr_carea' id='block_1_50' title="bbox 2012 1987 3602 2062">
    <p class='ocr_par' dir='ltr' id='par_1_50' title="bbox 2012 1987 3602 2062">
     <span class='ocr_line' id='line_1_50' title="bbox 2012 1987 3602 2062; baseline -0.008 -7"><span class='ocrx_word' id='word_1_349' title='bbox 2012 2002 2193 2055; x_wconf 83' lang='grc' dir='ltr'>τοίνυν</span> <span class='ocrx_word' id='word_1_350' title='bbox 2222 1998 2376 2054; x_wconf 82' lang='grc' dir='ltr'>οὐδὲν</span> <span class='ocrx_word' id='word_1_351' title='bbox 2416 1996 2617 2052; x_wconf 81' lang='grc' dir='ltr'>κωλύει</span> <span class='ocrx_word' id='word_1_352' title='bbox 2648 1994 2851 2058; x_wconf 84' lang='grc' dir='ltr'>πολλὰς</span> <span class='ocrx_word' id='word_1_353' title='bbox 2884 1987 3026 2047; x_wconf 73' lang='grc' dir='ltr'>εἶναι</span> <span class='ocrx_word' id='word_1_354' title='bbox 3062 1992 3367 2062; x_wconf 87' lang='grc' dir='ltr'>ποσότητας</span> <span class='ocrx_word' id='word_1_355' title='bbox 3414 1989 3602 2061; x_wconf 77' lang='grc' dir='ltr'>ἄρτων</span> 
     </span>
    </p>
   </div>
   <div class='ocr_carea' id='block_1_51' title="bbox 2012 2083 3605 2161">
    <p class='ocr_par' dir='ltr' id='par_1_51' title="bbox 2012 2083 3605 2161">
     <span class='ocr_line' id='line_1_51' title="bbox 2012 2083 3605 2161; baseline -0.007 -13"><span class='ocrx_word' id='word_1_356' title='bbox 2012 2096 2072 2148; x_wconf 87' lang='lat' dir='ltr'><strong>tv</strong></span> <span class='ocrx_word' id='word_1_357' title='bbox 2122 2094 2338 2157; x_wconf 78' lang='grc' dir='ltr'>πολλοῖς</span> <span class='ocrx_word' id='word_1_358' title='bbox 2389 2089 2827 2161; x_wconf 87' lang='grc' dir='ltr'>θυσιαστηρίοις,</span> <span class='ocrx_word' id='word_1_359' title='bbox 2859 2086 3116 2141; x_wconf 74' lang='grc' dir='ltr'>ἐντεῦθεν</span> <span class='ocrx_word' id='word_1_360' title='bbox 3163 2083 3451 2155; x_wconf 75' lang='grc' dir='ltr'>συμϐαίνει</span> <span class='ocrx_word' id='word_1_361' title='bbox 3503 2084 3605 2137; x_wconf 77' lang='grc' dir='ltr'>καὶ</span> 
     </span>
    </p>
   </div>
   <div class='ocr_carea' id='block_1_52' title="bbox 2013 2175 3603 2255">
    <p class='ocr_par' dir='ltr' id='par_1_52' title="bbox 2013 2175 3603 2255">
     <span class='ocr_line' id='line_1_52' title="bbox 2013 2175 3603 2255; baseline -0.008 -15"><span class='ocrx_word' id='word_1_362' title='bbox 2013 2187 2073 2240; x_wconf 78' lang='grc' dir='ltr'>τὸ</span> <span class='ocrx_word' id='word_1_363' title='bbox 2099 2185 2195 2239; x_wconf 80' lang='grc' dir='ltr'><strong>τοῦ</strong></span> <span class='ocrx_word' id='word_1_364' title='bbox 2230 2182 2471 2255; x_wconf 81' lang='grc' dir='ltr'>Χριστοῦ</span> <span class='ocrx_word' id='word_1_365' title='bbox 2518 2181 2681 2253; x_wconf 87' lang='grc' dir='ltr'>σῶμα</span> <span class='ocrx_word' id='word_1_366' title='bbox 2725 2180 2786 2234; x_wconf 85' lang='grc' dir='ltr'>τδ</span> <span class='ocrx_word' id='word_1_367' title='bbox 2825 2180 2990 2235; x_wconf 84' lang='grc' dir='ltr'>αὐτὸν</span> <span class='ocrx_word' id='word_1_368' title='bbox 3016 2176 3237 2249; x_wconf 83' lang='grc' dir='ltr'>ἀριθμῷ</span> <span class='ocrx_word' id='word_1_369' title='bbox 3272 2178 3327 2230; x_wconf 85' lang='grc' dir='ltr'>ὲν</span> <span class='ocrx_word' id='word_1_370' title='bbox 3353 2175 3603 2230; x_wconf 88' lang='grc' dir='ltr'>πλείοσιν</span> 
     </span>
    </p>
   </div>
   <div class='ocr_carea' id='block_1_53' title="bbox 1972 2270 3605 2352">
    <p class='ocr_par' dir='ltr' id='par_1_53' title="bbox 1972 2270 3605 2352">
     <span class='ocr_line' id='line_1_53' title="bbox 1972 2270 3605 2352; baseline -0.009 -17"><span class='ocrx_word' id='word_1_371' title='bbox 1972 2298 1985 2318; x_wconf 63' lang='grc' dir='ltr'><strong>λ</strong></span> <span class='ocrx_word' id='word_1_372' title='bbox 2014 2280 2267 2352; x_wconf 83' lang='grc' dir='ltr'>ὑπάρχον</span> <span class='ocrx_word' id='word_1_373' title='bbox 2313 2276 2614 2347; x_wconf 79' lang='grc' dir='ltr'>ποσότησιν</span> <span class='ocrx_word' id='word_1_374' title='bbox 2662 2274 2764 2329; x_wconf 81' lang='grc' dir='ltr'>οὐκ</span> <span class='ocrx_word' id='word_1_375' title='bbox 2795 2272 2979 2337; x_wconf 81' lang='grc' dir='ltr'>ίδίαις,</span> <span class='ocrx_word' id='word_1_376' title='bbox 3021 2270 3230 2327; x_wconf 75' lang='grc' dir='ltr'>τούτοιν</span> <span class='ocrx_word' id='word_1_377' title='bbox 3279 2286 3605 2339; x_wconf 88' lang='grc' dir='ltr'>μεσιτευου-</span> 
     </span>
    </p>
   </div>
   <div class='ocr_carea' id='block_1_54' title="bbox 2017 2361 3604 2438">
    <p class='ocr_par' dir='ltr' id='par_1_54' title="bbox 2017 2361 3604 2438">
     <span class='ocr_line' id='line_1_54' title="bbox 2017 2361 3604 2438; baseline -0.008 -11"><span class='ocrx_word' id='word_1_378' title='bbox 2017 2373 2127 2427; x_wconf 85' lang='grc' dir='ltr'><strong>σῶν</strong></span> <span class='ocrx_word' id='word_1_379' title='bbox 2159 2373 2217 2427; x_wconf 83' lang='grc' dir='ltr'>ἐν</span> <span class='ocrx_word' id='word_1_380' title='bbox 2267 2370 2487 2432; x_wconf 76' lang='grc' dir='ltr'>πολλοῖς</span> <span class='ocrx_word' id='word_1_381' title='bbox 2523 2367 2883 2438; x_wconf 82' lang='grc' dir='ltr'>εὑρίσκεσθαι</span> <span class='ocrx_word' id='word_1_382' title='bbox 2937 2365 3149 2429; x_wconf 88' lang='grc' dir='ltr'>τόποις.</span> <span class='ocrx_word' id='word_1_383' title='bbox 3176 2361 3384 2417; x_wconf 86' lang='grc' dir='ltr'>Τούτου</span> <span class='ocrx_word' id='word_1_384' title='bbox 3414 2362 3471 2415; x_wconf 77' lang='lat' dir='ltr'><strong>6t</strong></span> <span class='ocrx_word' id='word_1_385' title='bbox 3502 2363 3604 2431; x_wconf 74' lang='grc' dir='ltr'>καὶ</span> 
     </span>
    </p>
   </div>
   <div class='ocr_carea' id='block_1_55' title="bbox 2015 2453 3603 2538">
    <p class='ocr_par' dir='ltr' id='par_1_55' title="bbox 2015 2453 3603 2538">
     <span class='ocr_line' id='line_1_55' title="bbox 2015 2453 3603 2538; baseline -0.011 -16"><span class='ocrx_word' id='word_1_386' title='bbox 2015 2464 2429 2538; x_wconf 86' lang='grc' dir='ltr'>παραδείγμασι</span> <span class='ocrx_word' id='word_1_387' title='bbox 2464 2460 2691 2517; x_wconf 79' lang='grc' dir='ltr'>δυνατόν</span> <span class='ocrx_word' id='word_1_388' title='bbox 2718 2460 2838 2513; x_wconf 68' lang='grc' dir='ltr'>ἔστι</span> <span class='ocrx_word' id='word_1_389' title='bbox 2870 2456 3108 2530; x_wconf 80' lang='grc' dir='ltr'>χρῆσθαι</span> <span class='ocrx_word' id='word_1_390' title='bbox 3133 2471 3147 2485; x_wconf 87' lang='grc'><strong>·</strong></span> <span class='ocrx_word' id='word_1_391' title='bbox 3178 2458 3243 2526; x_wconf 80' lang='grc' dir='ltr'>τῇ</span> <span class='ocrx_word' id='word_1_392' title='bbox 3268 2454 3324 2507; x_wconf 74' lang='grc' dir='ltr'><strong>δὲ</strong></span> <span class='ocrx_word' id='word_1_393' title='bbox 3350 2453 3603 2525; x_wconf 60' lang='grc' dir='ltr'>ἡμετέρα</span> 
     </span>
    </p>
   </div>
   <div class='ocr_carea' id='block_1_56' title="bbox 2014 2540 3598 2632">
    <p class='ocr_par' dir='ltr' id='par_1_56' title="bbox 2014 2540 3598 2632">
     <span class='ocr_line' id='line_1_56' title="bbox 2014 2540 3598 2632; baseline -0.01 -18"><span class='ocrx_word' id='word_1_394' title='bbox 2014 2560 2187 2632; x_wconf 78' lang='grc' dir='ltr'>ψυχῇ,</span> <span class='ocrx_word' id='word_1_395' title='bbox 2220 2559 2345 2630; x_wconf 78' lang='grc' dir='ltr'>ἦτις</span> <span class='ocrx_word' id='word_1_396' title='bbox 2390 2555 2481 2610; x_wconf 73' lang='grc' dir='ltr'><strong>διὰ</strong></span> <span class='ocrx_word' id='word_1_397' title='bbox 2508 2554 2571 2610; x_wconf 74' lang='grc' dir='ltr'>τὸ</span> <span class='ocrx_word' id='word_1_398' title='bbox 2604 2553 2679 2625; x_wconf 82' lang='grc' dir='ltr'>μὴ</span> <span class='ocrx_word' id='word_1_399' title='bbox 2707 2552 2853 2623; x_wconf 77' lang='grc' dir='ltr'>ἐχειν</span> <span class='ocrx_word' id='word_1_400' title='bbox 2891 2550 3165 2619; x_wconf 87' lang='grc' dir='ltr'>ποσότητα</span> <span class='ocrx_word' id='word_1_401' title='bbox 3203 2546 3330 2602; x_wconf 84' lang='grc' dir='ltr'>καθ’</span> <span class='ocrx_word' id='word_1_402' title='bbox 3355 2546 3529 2615; x_wconf 75' lang='grc' dir='ltr'>αὐτὴν</span> <span class='ocrx_word' id='word_1_403' title='bbox 3561 2540 3598 2619; x_wconf 76' lang='grc' dir='ltr'>ᾗ</span> 
     </span>
    </p>
   </div>
   <div class='ocr_carea' id='block_1_57' title="bbox 2018 2639 3600 2723">
    <p class='ocr_par' dir='ltr' id='par_1_57' title="bbox 2018 2639 3600 2723">
     <span class='ocr_line' id='line_1_57' title="bbox 2018 2639 3600 2723; baseline -0.008 -17"><span class='ocrx_word' id='word_1_404' title='bbox 2018 2651 2393 2723; x_wconf 82' lang='grc' dir='ltr'>συμμετροῖτο</span> <span class='ocrx_word' id='word_1_405' title='bbox 2432 2647 2500 2703; x_wconf 75' lang='grc' dir='ltr'>ἂν</span> <span class='ocrx_word' id='word_1_406' title='bbox 2548 2646 2626 2718; x_wconf 85' lang='grc' dir='ltr'>τῷ</span> <span class='ocrx_word' id='word_1_407' title='bbox 2658 2645 2970 2716; x_wconf 76' lang='grc' dir='ltr'>περιέχοντι</span> <span class='ocrx_word' id='word_1_408' title='bbox 3006 2642 3244 2710; x_wconf 85' lang='grc' dir='ltr'>σώματι,</span> <span class='ocrx_word' id='word_1_409' title='bbox 3274 2641 3370 2709; x_wconf 80' lang='grc' dir='ltr'>ὅλη</span> <span class='ocrx_word' id='word_1_410' title='bbox 3398 2639 3495 2693; x_wconf 80' lang='grc' dir='ltr'>καὶ</span> <span class='ocrx_word' id='word_1_411' title='bbox 3536 2639 3600 2693; x_wconf 87' lang='lat' dir='ltr'><strong>tv</strong></span> 
     </span>
    </p>
   </div>
   <div class='ocr_carea' id='block_1_58' title="bbox 2016 2732 3599 2816">
    <p class='ocr_par' dir='ltr' id='par_1_58' title="bbox 2016 2732 3599 2816">
     <span class='ocr_line' id='line_1_58' title="bbox 2016 2732 3599 2816; baseline -0.01 -16"><span class='ocrx_word' id='word_1_412' title='bbox 2016 2746 2125 2816; x_wconf 86' lang='grc' dir='ltr'>ὅλῳ</span> <span class='ocrx_word' id='word_1_413' title='bbox 2176 2744 2273 2797; x_wconf 69' lang='grc' dir='ltr'>καὶ</span> <span class='ocrx_word' id='word_1_414' title='bbox 2323 2744 2380 2796; x_wconf 81' lang='grc' dir='ltr'>ὲν</span> <span class='ocrx_word' id='word_1_415' title='bbox 2429 2742 2647 2809; x_wconf 75' lang='grc' dir='ltr'>ἑκάστῳ</span> <span class='ocrx_word' id='word_1_416' title='bbox 2702 2738 2878 2809; x_wconf 87' lang='grc' dir='ltr'>μορίῳ</span> <span class='ocrx_word' id='word_1_417' title='bbox 2923 2735 3019 2790; x_wconf 73' lang='grc' dir='ltr'><strong>τοῦ</strong></span> <span class='ocrx_word' id='word_1_418' title='bbox 3059 2734 3311 2804; x_wconf 84' lang='grc' dir='ltr'>σώματος</span> <span class='ocrx_word' id='word_1_419' title='bbox 3360 2732 3599 2800; x_wconf 79' lang='grc' dir='ltr'>πέφυκε.</span> 
     </span>
    </p>
   </div>
   <div class='ocr_carea' id='block_1_59' title="bbox 2017 2821 3607 2908">
    <p class='ocr_par' dir='ltr' id='par_1_59' title="bbox 2017 2821 3607 2908">
     <span class='ocr_line' id='line_1_59' title="bbox 2017 2821 3607 2908; baseline -0.01 -15"><span class='ocrx_word' id='word_1_420' title='bbox 2017 2838 2129 2893; x_wconf 66' lang='grc' dir='ltr'>Καὶ</span> <span class='ocrx_word' id='word_1_421' title='bbox 2160 2839 2241 2892; x_wconf 73' lang='grc' dir='ltr'>ἔτι</span> <span class='ocrx_word' id='word_1_422' title='bbox 2267 2836 2346 2908; x_wconf 85' lang='grc' dir='ltr'>τῷ</span> <span class='ocrx_word' id='word_1_423' title='bbox 2388 2836 2555 2906; x_wconf 84' lang='grc' dir='ltr'>λόγῳ,</span> <span class='ocrx_word' id='word_1_424' title='bbox 2581 2835 2641 2895; x_wconf 79' lang='grc' dir='ltr'>ὃς</span> <span class='ocrx_word' id='word_1_425' title='bbox 2694 2834 2722 2887; x_wconf 87' lang='grc' dir='ltr'><strong>ό</strong></span> <span class='ocrx_word' id='word_1_426' title='bbox 2770 2830 2935 2894; x_wconf 80' lang='grc' dir='ltr'>αὐτὸς</span> <span class='ocrx_word' id='word_1_427' title='bbox 2977 2828 3073 2883; x_wconf 76' lang='grc' dir='ltr'>καὶ</span> <span class='ocrx_word' id='word_1_428' title='bbox 3117 2821 3199 2891; x_wconf 76' lang='grc' dir='ltr'><strong>εἷς</strong></span> <span class='ocrx_word' id='word_1_429' title='bbox 3231 2825 3478 2898; x_wconf 74' lang='grc' dir='ltr'>ἀριθμῷ.</span> <span class='ocrx_word' id='word_1_430' title='bbox 3507 2826 3607 2879; x_wconf 74' lang='grc' dir='ltr'>καὶ</span> 
     </span>
    </p>
   </div>
   <div class='ocr_carea' id='block_1_60' title="bbox 2018 2914 3608 2994">
    <p class='ocr_par' dir='ltr' id='par_1_60' title="bbox 2018 2914 3608 2994">
     <span class='ocr_line' id='line_1_60' title="bbox 2018 2914 3608 2994; baseline -0.011 -8"><span class='ocrx_word' id='word_1_431' title='bbox 2018 2929 2328 2994; x_wconf 67' lang='grc' dir='ltr'>δνδιάθετος</span> <span class='ocrx_word' id='word_1_432' title='bbox 2367 2923 2508 2982; x_wconf 79' lang='grc' dir='ltr'>εῖναι</span> <span class='ocrx_word' id='word_1_433' title='bbox 2536 2924 2787 2991; x_wconf 78' lang='grc' dir='ltr'>δύναται,</span> <span class='ocrx_word' id='word_1_434' title='bbox 2818 2921 2913 2977; x_wconf 73' lang='grc' dir='ltr'>καὶ</span> <span class='ocrx_word' id='word_1_435' title='bbox 2942 2919 3261 2990; x_wconf 82' lang='grc' dir='ltr'>λεγόμενος,</span> <span class='ocrx_word' id='word_1_436' title='bbox 3280 2917 3377 2972; x_wconf 76' lang='grc' dir='ltr'>καὶ</span> <span class='ocrx_word' id='word_1_437' title='bbox 3404 2914 3608 2970; x_wconf 85' lang='grc' dir='ltr'>ἀκουό-</span> 
     </span>
    </p>
   </div>
   <div class='ocr_carea' id='block_1_61' title="bbox 2021 3006 3600 3095">
    <p class='ocr_par' dir='ltr' id='par_1_61' title="bbox 2021 3006 3600 3095">
     <span class='ocr_line' id='line_1_61' title="bbox 2021 3006 3600 3095; baseline -0.009 -19"><span class='ocrx_word' id='word_1_438' title='bbox 2021 3039 2184 3095; x_wconf 82' lang='grc' dir='ltr'>μενος</span> <span class='ocrx_word' id='word_1_439' title='bbox 2212 3021 2306 3074; x_wconf 76' lang='grc' dir='ltr'>καὶ</span> <span class='ocrx_word' id='word_1_440' title='bbox 2334 3018 2686 3091; x_wconf 80' lang='grc' dir='ltr'>γραφόμενος</span> <span class='ocrx_word' id='word_1_441' title='bbox 2714 3032 2729 3049; x_wconf 88' lang='grc'><strong>·</strong></span> <span class='ocrx_word' id='word_1_442' title='bbox 2756 3016 2853 3069; x_wconf 76' lang='grc' dir='ltr'>καὶ</span> <span class='ocrx_word' id='word_1_443' title='bbox 2890 3013 2918 3066; x_wconf 84' lang='grc' dir='ltr'><strong>ό</strong></span> <span class='ocrx_word' id='word_1_444' title='bbox 2946 3010 3242 3080; x_wconf 83' lang='grc' dir='ltr'>λεγόμενος</span> <span class='ocrx_word' id='word_1_445' title='bbox 3266 3007 3322 3062; x_wconf 79' lang='lat' dir='ltr'><strong>6t</strong></span> <span class='ocrx_word' id='word_1_446' title='bbox 3355 3006 3412 3070; x_wconf 76' lang='grc' dir='ltr'>ὃς</span> <span class='ocrx_word' id='word_1_447' title='bbox 3440 3008 3538 3061; x_wconf 81' lang='grc' dir='ltr'>καὶ</span> <span class='ocrx_word' id='word_1_448' title='bbox 3565 3006 3600 3061; x_wconf 77' lang='grc' dir='ltr'><strong>ὁ</strong></span> 
     </span>
    </p>
   </div>
   <div class='ocr_carea' id='block_1_62' title="bbox 332 3097 1914 3195">
    <p class='ocr_par' dir='ltr' id='par_1_62' title="bbox 332 3104 1914 3177">
     <span class='ocr_line' id='line_1_62' title="bbox 332 3104 1914 3177; baseline 0.006 -18"><span class='ocrx_word' id='word_1_449' title='bbox 332 3106 508 3160; x_wconf 79' lang='lat' dir='ltr'><strong>terius</strong></span> <span class='ocrx_word' id='word_1_450' title='bbox 532 3120 651 3161; x_wconf 84' lang='lat' dir='ltr'><strong>eam</strong></span> <span class='ocrx_word' id='word_1_451' title='bbox 685 3104 973 3173; x_wconf 85' lang='lat' dir='ltr'><strong>illuminat,</strong></span> <span class='ocrx_word' id='word_1_452' title='bbox 999 3106 1141 3163; x_wconf 88' lang='lat' dir='ltr'><strong>idem</strong></span> <span class='ocrx_word' id='word_1_453' title='bbox 1203 3108 1367 3164; x_wconf 89' lang='lat' dir='ltr'><strong>simul</strong></span> <span class='ocrx_word' id='word_1_454' title='bbox 1426 3108 1719 3177; x_wconf 78' lang='lat' dir='ltr'><strong>exsistens,</strong></span> <span class='ocrx_word' id='word_1_455' title='bbox 1743 3118 1799 3165; x_wconf 88' lang='lat' dir='ltr'><strong>et</strong></span> <span class='ocrx_word' id='word_1_456' title='bbox 1827 3122 1914 3168; x_wconf 90' lang='lat' dir='ltr'><strong>ne.</strong></span> 
     </span>
    </p>
   </div>
   <div class='ocr_carea' id='block_1_63' title="bbox 2022 3097 3605 3195">
    <p class='ocr_par' dir='ltr' id='par_1_63' title="bbox 2023 3097 3605 3179">
     <span class='ocr_line' id='line_1_63' title="bbox 2023 3097 3605 3179; baseline -0.008 -14"><span class='ocrx_word' id='word_1_457' title='bbox 2023 3109 2184 3174; x_wconf 83' lang='grc' dir='ltr'>αὐτὸς</span> <span class='ocrx_word' id='word_1_458' title='bbox 2211 3109 2402 3172; x_wconf 69' lang='grc' dir='ltr'>ἀκοαῖς</span> <span class='ocrx_word' id='word_1_459' title='bbox 2434 3105 2903 3179; x_wconf 75' lang='grc' dir='ltr'>περιλαμϐάνεται</span> <span class='ocrx_word' id='word_1_460' title='bbox 2936 3100 3177 3157; x_wconf 80' lang='grc' dir='ltr'>πλείοσι.</span> <span class='ocrx_word' id='word_1_461' title='bbox 3213 3097 3361 3169; x_wconf 76' lang='grc' dir='ltr'>Πρὸς</span> <span class='ocrx_word' id='word_1_462' title='bbox 3386 3098 3605 3161; x_wconf 81' lang='grc' dir='ltr'>τούτοις</span> 
     </span>
    </p>
   </div>
   <div class='ocr_carea' id='block_1_64' title="bbox 330 3189 1914 3285">
    <p class='ocr_par' dir='ltr' id='par_1_64' title="bbox 330 3200 1909 3285">
     <span class='ocr_line' id='line_1_64' title="bbox 330 3200 1909 3285; baseline 0.003 -31"><span class='ocrx_word' id='word_1_463' title='bbox 330 3214 439 3269; x_wconf 81' lang='lat' dir='ltr'><strong>que</strong></span> <span class='ocrx_word' id='word_1_464' title='bbox 464 3214 495 3253; x_wconf 90' lang='lat' dir='ltr'><strong>a</strong></span> <span class='ocrx_word' id='word_1_465' title='bbox 529 3200 735 3269; x_wconf 87' lang='lat' dir='ltr'><strong>seipso,</strong></span> <span class='ocrx_word' id='word_1_466' title='bbox 770 3216 872 3255; x_wconf 79' lang='lat' dir='ltr'><strong>nec</strong></span> <span class='ocrx_word' id='word_1_467' title='bbox 898 3214 927 3254; x_wconf 88' lang='lat' dir='ltr'><strong>a</strong></span> <span class='ocrx_word' id='word_1_468' title='bbox 968 3200 1082 3256; x_wconf 90' lang='lat' dir='ltr'><strong>sole</strong></span> <span class='ocrx_word' id='word_1_469' title='bbox 1109 3212 1447 3285; x_wconf 84' lang='lat' dir='ltr'><strong>separatum.</strong></span> <span class='ocrx_word' id='word_1_470' title='bbox 1472 3201 1580 3259; x_wconf 82' lang='lat' dir='ltr'><strong>Sed</strong></span> <span class='ocrx_word' id='word_1_471' title='bbox 1620 3214 1674 3259; x_wconf 89' lang='lat' dir='ltr'><strong>et</strong></span> <span class='ocrx_word' id='word_1_472' title='bbox 1697 3203 1909 3274; x_wconf 82' lang='lat' dir='ltr'><strong>species</strong></span> 
     </span>
    </p>
   </div>
   <div class='ocr_carea' id='block_1_65' title="bbox 2022 3189 3606 3285">
    <p class='ocr_par' dir='ltr' id='par_1_65' title="bbox 2022 3189 3606 3285">
     <span class='ocr_line' id='line_1_65' title="bbox 2022 3189 3606 3285; baseline -0.011 -27"><span class='ocrx_word' id='word_1_473' title='bbox 2022 3203 2098 3274; x_wconf 85' lang='grc' dir='ltr'><strong>τῷ</strong></span> <span class='ocrx_word' id='word_1_474' title='bbox 2124 3200 2217 3285; x_wconf 83' lang='grc' dir='ltr'>τοῦ</span> <span class='ocrx_word' id='word_1_475' title='bbox 2238 3201 2394 3273; x_wconf 78' lang='grc' dir='ltr'>ἡλίου</span> <span class='ocrx_word' id='word_1_476' title='bbox 2419 3200 2560 3270; x_wconf 51' lang='grc' dir='ltr'><strong>φωτί¹</strong></span> <span class='ocrx_word' id='word_1_477' title='bbox 2581 3198 2639 3253; x_wconf 78' lang='grc' dir='ltr'>εν</span> <span class='ocrx_word' id='word_1_478' title='bbox 2672 3215 2733 3251; x_wconf 88' lang='grc' dir='ltr'><strong>τε</strong></span> <span class='ocrx_word' id='word_1_479' title='bbox 2763 3195 2844 3267; x_wconf 82' lang='grc' dir='ltr'><strong>τῷ</strong></span> <span class='ocrx_word' id='word_1_480' title='bbox 2874 3194 2980 3259; x_wconf 76' lang='grc' dir='ltr'><strong>ἔξω</strong></span> <span class='ocrx_word' id='word_1_481' title='bbox 3013 3193 3113 3263; x_wconf 79' lang='grc' dir='ltr'>τῆς</span> <span class='ocrx_word' id='word_1_482' title='bbox 3142 3189 3319 3253; x_wconf 85' lang='grc' dir='ltr'>οίκίας</span> <span class='ocrx_word' id='word_1_483' title='bbox 3345 3190 3606 3285; x_wconf 60' lang='grc' dir='ltr'>διαιρανεῖ</span> 
     </span>
    </p>
   </div>
   <div class='ocr_carea' id='block_1_66' title="bbox 328 3282 1911 3362">
    <p class='ocr_par' dir='ltr' id='par_1_66' title="bbox 328 3282 1911 3362">
     <span class='ocr_line' id='line_1_66' title="bbox 328 3282 1911 3362; baseline 0.001 -16"><span class='ocrx_word' id='word_1_484' title='bbox 328 3293 385 3346; x_wconf 89' lang='lat' dir='ltr'><strong>in</strong></span> <span class='ocrx_word' id='word_1_485' title='bbox 419 3293 678 3347; x_wconf 87' lang='lat' dir='ltr'><strong>omnibus</strong></span> <span class='ocrx_word' id='word_1_486' title='bbox 709 3300 794 3347; x_wconf 85' lang='lat' dir='ltr'><strong>est</strong></span> <span class='ocrx_word' id='word_1_487' title='bbox 822 3300 879 3347; x_wconf 91' lang='lat' dir='ltr'><strong>et</strong></span> <span class='ocrx_word' id='word_1_488' title='bbox 895 3292 1277 3362; x_wconf 86' lang='lat' dir='ltr'><strong>singularibus</strong></span> <span class='ocrx_word' id='word_1_489' title='bbox 1324 3282 1647 3361; x_wconf 79' lang='lat' dir='ltr'><strong>individuis,</strong></span> <span class='ocrx_word' id='word_1_490' title='bbox 1671 3294 1911 3350; x_wconf 85' lang='lat' dir='ltr'><strong>ubicun-</strong></span> 
     </span>
    </p>
   </div>
   <div class='ocr_carea' id='block_1_67' title="bbox 332 3384 1630 3454">
    <p class='ocr_par' dir='ltr' id='par_1_67' title="bbox 332 3384 1630 3454">
     <span class='ocr_line' id='line_1_67' title="bbox 332 3384 1630 3454; baseline 0.002 -15"><span class='ocrx_word' id='word_1_491' title='bbox 332 3400 439 3454; x_wconf 70' lang='lat' dir='ltr'><strong>que</strong></span> <span class='ocrx_word' id='word_1_492' title='bbox 474 3384 563 3441; x_wconf 88' lang='lat' dir='ltr'><strong>illa</strong></span> <span class='ocrx_word' id='word_1_493' title='bbox 586 3386 719 3449; x_wconf 72' lang='lat' dir='ltr'><strong>sint,</strong></span> <span class='ocrx_word' id='word_1_494' title='bbox 750 3400 874 3441; x_wconf 89' lang='lat' dir='ltr'><strong>cum</strong></span> <span class='ocrx_word' id='word_1_495' title='bbox 908 3393 1091 3441; x_wconf 83' lang='lat' dir='ltr'><strong>tamen</strong></span> <span class='ocrx_word' id='word_1_496' title='bbox 1124 3401 1233 3441; x_wconf 85' lang='lat' dir='ltr'><strong>una</strong></span> <span class='ocrx_word' id='word_1_497' title='bbox 1281 3384 1511 3442; x_wconf 73' lang='lat' dir='ltr'><strong>numero</strong></span> <span class='ocrx_word' id='word_1_498' title='bbox 1539 3388 1630 3453; x_wconf 88' lang='lat' dir='ltr'><strong>sit,</strong></span> 
     </span>
    </p>
   </div>
   <div class='ocr_carea' id='block_1_68' title="bbox 2018 3277 3603 3365">
    <p class='ocr_par' dir='ltr' id='par_1_68' title="bbox 2018 3277 3603 3365">
     <span class='ocr_line' id='line_1_68' title="bbox 2018 3277 3603 3365; baseline -0.011 -13"><span class='ocrx_word' id='word_1_499' title='bbox 2018 3298 2116 3352; x_wconf 77' lang='grc' dir='ltr'>καὶ</span> <span class='ocrx_word' id='word_1_500' title='bbox 2142 3277 2291 3351; x_wconf 66' lang='grc' dir='ltr'>ἔνδον</span> <span class='ocrx_word' id='word_1_501' title='bbox 2326 3295 2501 3365; x_wconf 79' lang='grc' dir='ltr'>αὐτῆς</span> <span class='ocrx_word' id='word_1_502' title='bbox 2529 3310 2547 3327; x_wconf 78' lang='grc' dir='ltr'><strong><em>ο</em></strong></span> <span class='ocrx_word' id='word_1_503' title='bbox 2576 3293 2670 3347; x_wconf 82' lang='grc' dir='ltr'>καὶ</span> <span class='ocrx_word' id='word_1_504' title='bbox 2704 3294 2763 3346; x_wconf 82' lang='lat' dir='ltr'><strong>tv</strong></span> <span class='ocrx_word' id='word_1_505' title='bbox 2807 3294 2875 3361; x_wconf 67' lang='grc' dir='ltr'>τῇ</span> <span class='ocrx_word' id='word_1_506' title='bbox 2916 3288 3059 3359; x_wconf 80' lang='grc' dir='ltr'>ὕέλῳ</span> <span class='ocrx_word' id='word_1_507' title='bbox 3110 3285 3168 3339; x_wconf 66' lang='grc' dir='ltr'><strong>δὲ</strong></span> <span class='ocrx_word' id='word_1_508' title='bbox 3203 3284 3318 3338; x_wconf 79' lang='grc' dir='ltr'>όντι</span> <span class='ocrx_word' id='word_1_509' title='bbox 3346 3282 3415 3338; x_wconf 84' lang='grc' dir='ltr'><strong>δι’</strong></span> <span class='ocrx_word' id='word_1_510' title='bbox 3446 3277 3514 3354; x_wconf 77' lang='grc' dir='ltr'>ἧς</span> <span class='ocrx_word' id='word_1_511' title='bbox 3538 3281 3603 3335; x_wconf 77' lang='grc' dir='ltr'>τὸ</span> 
     </span>
    </p>
   </div>
   <div class='ocr_carea' id='block_1_69' title="bbox 2021 3371 3600 3456">
    <p class='ocr_par' dir='ltr' id='par_1_69' title="bbox 2021 3371 3600 3456">
     <span class='ocr_line' id='line_1_69' title="bbox 2021 3371 3600 3456; baseline -0.009 -15"><span class='ocrx_word' id='word_1_512' title='bbox 2021 3386 2137 3456; x_wconf 85' lang='grc' dir='ltr'><strong>φῶς</strong></span> <span class='ocrx_word' id='word_1_513' title='bbox 2190 3387 2342 3442; x_wconf 75' lang='grc' dir='ltr'>ἔνδον</span> <span class='ocrx_word' id='word_1_514' title='bbox 2389 3385 2489 3455; x_wconf 80' lang='grc' dir='ltr'>τῆς</span> <span class='ocrx_word' id='word_1_515' title='bbox 2543 3384 2726 3446; x_wconf 84' lang='grc' dir='ltr'>οίκίας</span> <span class='ocrx_word' id='word_1_516' title='bbox 2769 3379 3032 3450; x_wconf 69' lang='grc' dir='ltr'>διαφανὲς</span> <span class='ocrx_word' id='word_1_517' title='bbox 3087 3375 3471 3444; x_wconf 65' lang='grc' dir='ltr'>καταλάμπει*</span> <span class='ocrx_word' id='word_1_518' title='bbox 3518 3371 3600 3439; x_wconf 83' lang='grc' dir='ltr'>τῷ</span> 
     </span>
    </p>
   </div>
   <div class='ocr_carea' id='block_1_70' title="bbox 336 3467 3603 3550">
    <p class='ocr_par' dir='ltr' id='par_1_70' title="bbox 336 3467 3603 3550">
     <span class='ocr_line' id='line_1_70' title="bbox 336 3467 3603 3550; baseline -0.002 -21"><span class='ocrx_word' id='word_1_519' title='bbox 336 3477 487 3547; x_wconf 85' lang='grc' dir='ltr'><strong>αύτῷ</strong></span> <span class='ocrx_word' id='word_1_520' title='bbox 542 3477 601 3531; x_wconf 68' lang='lat' dir='ltr'><strong>6t</strong></span> <span class='ocrx_word' id='word_1_521' title='bbox 652 3477 804 3548; x_wconf 81' lang='grc' dir='ltr'>ὅμως</span> <span class='ocrx_word' id='word_1_522' title='bbox 854 3475 1203 3547; x_wconf 84' lang='grc' dir='ltr'>τυγχάνοντι,</span> <span class='ocrx_word' id='word_1_523' title='bbox 1236 3478 1332 3531; x_wconf 69' lang='lat' dir='ltr'><strong>acui.</strong></span> <span class='ocrx_word' id='word_1_524' title='bbox 1378 3478 1504 3547; x_wconf 81' lang='grc' dir='ltr'>μήθ’</span> <span class='ocrx_word' id='word_1_525' title='bbox 1536 3477 1734 3531; x_wconf 79' lang='grc' dir='ltr'>ἑαυτοῦ</span> <span class='ocrx_word' id='word_1_526' title='bbox 1769 3479 1910 3549; x_wconf 85' lang='grc' dir='ltr'>μήτε</span> <span class='ocrx_word' id='word_1_527' title='bbox 1938 3476 2035 3531; x_wconf 82' lang='grc' dir='ltr'><strong>τοῦ</strong></span> <span class='ocrx_word' id='word_1_528' title='bbox 2072 3479 2223 3550; x_wconf 75' lang='grc' dir='ltr'>ἡλίου</span> <span class='ocrx_word' id='word_1_529' title='bbox 2277 3478 2661 3549; x_wconf 78' lang='grc' dir='ltr'>χωριζομένῳ.</span> <span class='ocrx_word' id='word_1_530' title='bbox 2711 3475 2877 3530; x_wconf 79' lang='grc' dir='ltr'>Ἀλλὰ</span> <span class='ocrx_word' id='word_1_531' title='bbox 2920 3475 3032 3548; x_wconf 74' lang='grc' dir='ltr'>μὴν</span> <span class='ocrx_word' id='word_1_532' title='bbox 3077 3473 3174 3529; x_wconf 72' lang='grc' dir='ltr'>καὶ</span> <span class='ocrx_word' id='word_1_533' title='bbox 3206 3472 3267 3528; x_wconf 79' lang='grc' dir='ltr'>τὸ</span> <span class='ocrx_word' id='word_1_534' title='bbox 3327 3467 3467 3536; x_wconf 77' lang='grc' dir='ltr'>εἶδος</span> <span class='ocrx_word' id='word_1_535' title='bbox 3541 3469 3603 3522; x_wconf 87' lang='lat' dir='ltr'><strong>tv</strong></span> 
     </span>
    </p>
   </div>
   <div class='ocr_carea' id='block_1_71' title="bbox 338 3567 2602 3642">
    <p class='ocr_par' dir='ltr' id='par_1_71' title="bbox 338 3567 2602 3642">
     <span class='ocr_line' id='line_1_71' title="bbox 338 3567 2602 3642; baseline 0 -19"><span class='ocrx_word' id='word_1_536' title='bbox 338 3569 509 3625; x_wconf 78' lang='grc' dir='ltr'>πᾶσίν</span> <span class='ocrx_word' id='word_1_537' title='bbox 567 3570 681 3623; x_wconf 64' lang='lat' dir='ltr'><strong>tam</strong></span> <span class='ocrx_word' id='word_1_538' title='bbox 724 3568 840 3633; x_wconf 76' lang='grc' dir='ltr'>τοῖς</span> <span class='ocrx_word' id='word_1_539' title='bbox 887 3567 1043 3632; x_wconf 63' lang='lat' dir='ltr'><strong>tam;</strong></span> <span class='ocrx_word' id='word_1_540' title='bbox 1094 3568 1340 3641; x_wconf 81' lang='grc' dir='ltr'>ἀτόμοις,</span> <span class='ocrx_word' id='word_1_541' title='bbox 1388 3570 1638 3642; x_wconf 80' lang='grc' dir='ltr'>ὅπουπερ</span> <span class='ocrx_word' id='word_1_542' title='bbox 1701 3570 1767 3625; x_wconf 79' lang='grc' dir='ltr'>ἄν</span> <span class='ocrx_word' id='word_1_543' title='bbox 1819 3570 1907 3642; x_wconf 85' lang='grc' dir='ltr'>εῐη</span> <span class='ocrx_word' id='word_1_544' title='bbox 1943 3568 2138 3635; x_wconf 81' lang='grc' dir='ltr'>ταῦτα,</span> <span class='ocrx_word' id='word_1_545' title='bbox 2174 3571 2233 3624; x_wconf 78' lang='grc' dir='ltr'>ἐν</span> <span class='ocrx_word' id='word_1_546' title='bbox 2271 3570 2330 3624; x_wconf 83' lang='grc' dir='ltr'>ὂν</span> <span class='ocrx_word' id='word_1_547' title='bbox 2361 3570 2602 3641; x_wconf 79' lang='grc' dir='ltr'>ἀριθμῷ.</span> 
     </span>
    </p>
   </div>
   <div class='ocr_carea' id='block_1_72' title="bbox 410 3664 1916 3737">
    <p class='ocr_par' dir='ltr' id='par_1_72' title="bbox 410 3664 1916 3737">
     <span class='ocr_line' id='line_1_72' title="bbox 410 3664 1916 3737; baseline -0.002 -15"><span class='ocrx_word' id='word_1_548' title='bbox 410 3666 596 3722; x_wconf 79' lang='lat' dir='ltr'><strong>Multis</strong></span> <span class='ocrx_word' id='word_1_549' title='bbox 636 3664 904 3737; x_wconf 87' lang='lat' dir='ltr'><strong>ejusmodi</strong></span> <span class='ocrx_word' id='word_1_550' title='bbox 979 3665 1250 3737; x_wconf 79' lang='lat' dir='ltr'><strong>exemplis</strong></span> <span class='ocrx_word' id='word_1_551' title='bbox 1295 3666 1694 3721; x_wconf 83' lang='lat' dir='ltr'><strong>dubitationem</strong></span> <span class='ocrx_word' id='word_1_552' title='bbox 1747 3666 1916 3721; x_wconf 89' lang='lat' dir='ltr'><strong>menti</strong></span> 
     </span>
    </p>
   </div>
   <div class='ocr_carea' id='block_1_73' title="bbox 336 3758 1918 3830">
    <p class='ocr_par' dir='ltr' id='par_1_73' title="bbox 336 3758 1918 3830">
     <span class='ocr_line' id='line_1_73' title="bbox 336 3758 1918 3830; baseline -0.003 -14"><span class='ocrx_word' id='word_1_553' title='bbox 336 3761 586 3816; x_wconf 86' lang='lat' dir='ltr'><strong>obortam</strong></span> <span class='ocrx_word' id='word_1_554' title='bbox 629 3758 908 3830; x_wconf 81' lang='lat' dir='ltr'><strong>depellere</strong></span> <span class='ocrx_word' id='word_1_555' title='bbox 962 3772 1262 3829; x_wconf 87' lang='lat' dir='ltr'><strong>possumus</strong></span> <span class='ocrx_word' id='word_1_556' title='bbox 1308 3776 1322 3814; x_wconf 92' lang='lat'><strong>:</strong></span> <span class='ocrx_word' id='word_1_557' title='bbox 1368 3773 1555 3813; x_wconf 78' lang='lat' dir='ltr'><strong>verum</strong></span> <span class='ocrx_word' id='word_1_558' title='bbox 1605 3758 1805 3813; x_wconf 76' lang='lat' dir='ltr'><strong>suﬂieit</strong></span> <span class='ocrx_word' id='word_1_559' title='bbox 1860 3768 1918 3812; x_wconf 89' lang='lat' dir='ltr'><strong>ut</strong></span> 
     </span>
    </p>
   </div>
   <div class='ocr_carea' id='block_1_74' title="bbox 334 3849 1920 3912">
    <p class='ocr_par' dir='ltr' id='par_1_74' title="bbox 334 3849 1920 3912">
     <span class='ocr_line' id='line_1_74' title="bbox 334 3849 1920 3912; baseline -0.002 -4"><span class='ocrx_word' id='word_1_560' title='bbox 334 3852 647 3908; x_wconf 79' lang='lat' dir='ltr'><strong>indubitata</strong></span> <span class='ocrx_word' id='word_1_561' title='bbox 709 3850 816 3906; x_wconf 82' lang='lat' dir='ltr'><strong>ﬁde</strong></span> <span class='ocrx_word' id='word_1_562' title='bbox 866 3849 945 3904; x_wconf 88' lang='lat' dir='ltr'><strong>ita</strong></span> <span class='ocrx_word' id='word_1_563' title='bbox 998 3849 1330 3912; x_wconf 86' lang='lat' dir='ltr'><strong>sentiamus,</strong></span> <span class='ocrx_word' id='word_1_564' title='bbox 1390 3858 1446 3904; x_wconf 84' lang='lat' dir='ltr'><strong>et</strong></span> <span class='ocrx_word' id='word_1_565' title='bbox 1481 3863 1545 3905; x_wconf 90' lang='lat' dir='ltr'><strong>ea</strong></span> <span class='ocrx_word' id='word_1_566' title='bbox 1578 3849 1693 3904; x_wconf 88' lang='lat' dir='ltr'><strong>sola</strong></span> <span class='ocrx_word' id='word_1_567' title='bbox 1720 3849 1920 3905; x_wconf 80' lang='lat' dir='ltr'><strong>contir-</strong></span> 
     </span>
    </p>
   </div>
   <div class='ocr_carea' id='block_1_75' title="bbox 338 3940 1914 4015">
    <p class='ocr_par' dir='ltr' id='par_1_75' title="bbox 338 3940 1914 4015">
     <span class='ocr_line' id='line_1_75' title="bbox 338 3940 1914 4015; baseline -0.003 -15"><span class='ocrx_word' id='word_1_568' title='bbox 338 3946 493 4011; x_wconf 87' lang='lat' dir='ltr'><strong>mati,</strong></span> <span class='ocrx_word' id='word_1_569' title='bbox 547 3943 925 4015; x_wconf 79' lang='lat' dir='ltr'><strong>perfunctorie</strong></span> <span class='ocrx_word' id='word_1_570' title='bbox 986 3940 1219 4013; x_wconf 88' lang='lat' dir='ltr'><strong>reliquis</strong></span> <span class='ocrx_word' id='word_1_571' title='bbox 1267 3940 1595 4012; x_wconf 85' lang='lat' dir='ltr'><strong>adjiciamus</strong></span> <span class='ocrx_word' id='word_1_572' title='bbox 1643 3942 1914 3998; x_wconf 88' lang='lat' dir='ltr'><strong>animum.</strong></span> 
     </span>
    </p>
   </div>
   <div class='ocr_carea' id='block_1_76' title="bbox 340 4038 1919 4113">
    <p class='ocr_par' dir='ltr' id='par_1_76' title="bbox 340 4038 1919 4113">
     <span class='ocr_line' id='line_1_76' title="bbox 340 4038 1919 4113; baseline -0.004 -17"><span class='ocrx_word' id='word_1_573' title='bbox 340 4041 517 4113; x_wconf 85' lang='lat' dir='ltr'><strong>Hujus</strong></span> <span class='ocrx_word' id='word_1_574' title='bbox 556 4040 702 4099; x_wconf 88' lang='lat' dir='ltr'><strong>enim</strong></span> <span class='ocrx_word' id='word_1_575' title='bbox 761 4040 1096 4096; x_wconf 80' lang='lat' dir='ltr'><strong>sacramenti</strong></span> <span class='ocrx_word' id='word_1_576' title='bbox 1122 4038 1268 4111; x_wconf 81' lang='lat' dir='ltr'><strong>quod</strong></span> <span class='ocrx_word' id='word_1_577' title='bbox 1304 4038 1727 4110; x_wconf 81' lang='lat' dir='ltr'><strong>supernaturale</strong></span> <span class='ocrx_word' id='word_1_578' title='bbox 1754 4045 1840 4092; x_wconf 88' lang='lat' dir='ltr'><strong>est</strong></span> <span class='ocrx_word' id='word_1_579' title='bbox 1864 4041 1919 4090; x_wconf 91' lang='lat' dir='ltr'><strong>et</strong></span> 
     </span>
    </p>
   </div>
   <div class='ocr_carea' id='block_1_77' title="bbox 340 4128 1919 4208">
    <p class='ocr_par' dir='ltr' id='par_1_77' title="bbox 340 4128 1919 4208">
     <span class='ocr_line' id='line_1_77' title="bbox 340 4128 1919 4208; baseline -0.005 -18"><span class='ocrx_word' id='word_1_580' title='bbox 340 4136 680 4208; x_wconf 77' lang='lat' dir='ltr'><strong>prodigium,</strong></span> <span class='ocrx_word' id='word_1_581' title='bbox 736 4132 885 4205; x_wconf 88' lang='lat' dir='ltr'><strong>quod</strong></span> <span class='ocrx_word' id='word_1_582' title='bbox 937 4133 1154 4204; x_wconf 84' lang='lat' dir='ltr'><strong>reliqua</strong></span> <span class='ocrx_word' id='word_1_583' title='bbox 1197 4133 1385 4189; x_wconf 88' lang='lat' dir='ltr'><strong>omnia</strong></span> <span class='ocrx_word' id='word_1_584' title='bbox 1439 4133 1599 4203; x_wconf 84' lang='lat' dir='ltr'><strong>longo</strong></span> <span class='ocrx_word' id='word_1_585' title='bbox 1630 4128 1919 4185; x_wconf 82' lang='lat' dir='ltr'><strong>intervallo</strong></span> 
     </span>
    </p>
   </div>
   <div class='ocr_carea' id='block_1_78' title="bbox 339 4223 1915 4301">
    <p class='ocr_par' dir='ltr' id='par_1_78' title="bbox 339 4223 1915 4301">
     <span class='ocr_line' id='line_1_78' title="bbox 339 4223 1915 4301; baseline -0.006 -15"><span class='ocrx_word' id='word_1_586' title='bbox 339 4241 586 4301; x_wconf 88' lang='lat' dir='ltr'><strong>superat,</strong></span> <span class='ocrx_word' id='word_1_587' title='bbox 663 4244 916 4300; x_wconf 82' lang='lat' dir='ltr'><strong>quaenam</strong></span> <span class='ocrx_word' id='word_1_588' title='bbox 999 4226 1240 4283; x_wconf 85' lang='lat' dir='ltr'><strong>humana</strong></span> <span class='ocrx_word' id='word_1_589' title='bbox 1300 4225 1444 4281; x_wconf 86' lang='lat' dir='ltr'><strong>ratio</strong></span> <span class='ocrx_word' id='word_1_590' title='bbox 1507 4223 1658 4281; x_wconf 87' lang='lat' dir='ltr'><strong>reddi</strong></span> <span class='ocrx_word' id='word_1_591' title='bbox 1712 4230 1915 4293; x_wconf 90' lang='lat' dir='ltr'><strong>potest,</strong></span> 
     </span>
    </p>
   </div>
   <div class='ocr_carea' id='block_1_79' title="bbox 343 4312 1917 4392">
    <p class='ocr_par' dir='ltr' id='par_1_79' title="bbox 343 4312 1917 4392">
     <span class='ocr_line' id='line_1_79' title="bbox 343 4312 1917 4392; baseline -0.006 -18"><span class='ocrx_word' id='word_1_592' title='bbox 343 4332 440 4375; x_wconf 86' lang='lat' dir='ltr'><strong>aut</strong></span> <span class='ocrx_word' id='word_1_593' title='bbox 490 4321 638 4392; x_wconf 93' lang='lat' dir='ltr'><strong>quod</strong></span> <span class='ocrx_word' id='word_1_594' title='bbox 709 4320 1016 4390; x_wconf 82' lang='lat' dir='ltr'><strong>exemplum</strong></span> <span class='ocrx_word' id='word_1_595' title='bbox 1064 4335 1130 4375; x_wconf 76' lang='lat' dir='ltr'><strong>ex</strong></span> <span class='ocrx_word' id='word_1_596' title='bbox 1183 4318 1349 4373; x_wconf 87' lang='lat' dir='ltr'><strong>rebus</strong></span> <span class='ocrx_word' id='word_1_597' title='bbox 1406 4314 1753 4370; x_wconf 87' lang='lat' dir='ltr'><strong>naturalibus</strong></span> <span class='ocrx_word' id='word_1_598' title='bbox 1820 4312 1917 4366; x_wconf 87' lang='lat' dir='ltr'><strong>de-</strong></span> 
     </span>
    </p>
   </div>
   <div class='ocr_carea' id='block_1_80' title="bbox 342 4402 1919 4482">
    <p class='ocr_par' dir='ltr' id='par_1_80' title="bbox 342 4402 1919 4482">
     <span class='ocr_line' id='line_1_80' title="bbox 342 4402 1919 4482; baseline -0.006 -17"><span class='ocrx_word' id='word_1_599' title='bbox 342 4422 621 4482; x_wconf 84' lang='lat' dir='ltr'><strong>sumptum</strong></span> <span class='ocrx_word' id='word_1_600' title='bbox 680 4412 857 4466; x_wconf 89' lang='lat' dir='ltr'><strong>eidem</strong></span> <span class='ocrx_word' id='word_1_601' title='bbox 907 4411 1305 4465; x_wconf 72' lang='lat' dir='ltr'><strong>convenienter</strong></span> <span class='ocrx_word' id='word_1_602' title='bbox 1344 4404 1749 4462; x_wconf 88' lang='lat' dir='ltr'><strong>accommodari</strong></span> <span class='ocrx_word' id='word_1_603' title='bbox 1797 4402 1919 4457; x_wconf 83' lang='lat' dir='ltr'><strong>?At</strong></span> 
     </span>
    </p>
   </div>
   <div class='ocr_carea' id='block_1_81' title="bbox 2102 3662 3604 3735">
    <p class='ocr_par' dir='ltr' id='par_1_81' title="bbox 2102 3662 3604 3735">
     <span class='ocr_line' id='line_1_81' title="bbox 2102 3662 3604 3735; baseline -0.002 -18"><span class='ocrx_word' id='word_1_604' title='bbox 2102 3666 2212 3720; x_wconf 78' lang='lat' dir='ltr'><strong>Kal.</strong></span> <span class='ocrx_word' id='word_1_605' title='bbox 2243 3664 2458 3729; x_wconf 82' lang='grc' dir='ltr'>πολλοῖς</span> <span class='ocrx_word' id='word_1_606' title='bbox 2485 3665 2754 3729; x_wconf 87' lang='grc' dir='ltr'>τοιούτοις</span> <span class='ocrx_word' id='word_1_607' title='bbox 2776 3662 3190 3735; x_wconf 81' lang='grc' dir='ltr'>παραδείγμασι</span> <span class='ocrx_word' id='word_1_608' title='bbox 3222 3662 3320 3735; x_wconf 82' lang='grc' dir='ltr'>τὴν</span> <span class='ocrx_word' id='word_1_609' title='bbox 3360 3662 3604 3734; x_wconf 80' lang='grc' dir='ltr'>ἀπορίαν</span> 
     </span>
    </p>
   </div>
   <div class='ocr_carea' id='block_1_82' title="bbox 2022 3755 3606 3829">
    <p class='ocr_par' dir='ltr' id='par_1_82' title="bbox 2022 3755 3606 3829">
     <span class='ocr_line' id='line_1_82' title="bbox 2022 3755 3606 3829; baseline -0.003 -17"><span class='ocrx_word' id='word_1_610' title='bbox 2022 3756 2118 3812; x_wconf 77' lang='grc' dir='ltr'>τοῦ</span> <span class='ocrx_word' id='word_1_611' title='bbox 2198 3757 2291 3813; x_wconf 82' lang='grc' dir='ltr'><strong>νοῦ</strong></span> <span class='ocrx_word' id='word_1_612' title='bbox 2364 3757 2820 3829; x_wconf 78' lang='grc' dir='ltr'>παραμυθεῖσθαι</span> <span class='ocrx_word' id='word_1_613' title='bbox 2876 3756 3201 3828; x_wconf 79' lang='grc' dir='ltr'>δυνᾶμεθαο</span> <span class='ocrx_word' id='word_1_614' title='bbox 3266 3755 3386 3811; x_wconf 83' lang='grc' dir='ltr'>ἀλλ’</span> <span class='ocrx_word' id='word_1_615' title='bbox 3438 3755 3606 3825; x_wconf 75' lang='grc' dir='ltr'>ἀρκεῖ</span> 
     </span>
    </p>
   </div>
   <div class='ocr_carea' id='block_1_83' title="bbox 2025 3848 3606 3924">
    <p class='ocr_par' dir='ltr' id='par_1_83' title="bbox 2025 3848 3606 3924">
     <span class='ocr_line' id='line_1_83' title="bbox 2025 3848 3606 3924; baseline -0.004 -18"><span class='ocrx_word' id='word_1_616' title='bbox 2025 3853 2166 3924; x_wconf 81' lang='grc' dir='ltr'>μετὰ</span> <span class='ocrx_word' id='word_1_617' title='bbox 2199 3850 2443 3916; x_wconf 87' lang='grc' dir='ltr'>πίστεως</span> <span class='ocrx_word' id='word_1_618' title='bbox 2473 3851 2804 3907; x_wconf 83' lang='grc' dir='ltr'>ἀδιστάκτου</span> <span class='ocrx_word' id='word_1_619' title='bbox 2838 3849 2999 3905; x_wconf 79' lang='grc' dir='ltr'>τοῦτο</span> <span class='ocrx_word' id='word_1_620' title='bbox 3045 3851 3267 3919; x_wconf 78' lang='grc' dir='ltr'>φρονεῖν</span> <span class='ocrx_word' id='word_1_621' title='bbox 3300 3849 3398 3904; x_wconf 73' lang='grc' dir='ltr'>καὶ</span> <span class='ocrx_word' id='word_1_622' title='bbox 3426 3848 3606 3919; x_wconf 78' lang='grc' dir='ltr'>ταύτῃ</span> 
     </span>
    </p>
   </div>
   <div class='ocr_carea' id='block_1_84' title="bbox 2027 3943 3603 4018">
    <p class='ocr_par' dir='ltr' id='par_1_84' title="bbox 2027 3943 3603 4018">
     <span class='ocr_line' id='line_1_84' title="bbox 2027 3943 3603 4018; baseline -0.003 -18"><span class='ocrx_word' id='word_1_623' title='bbox 2027 3945 2166 4018; x_wconf 76' lang='grc' dir='ltr'>μόνῃ</span> <span class='ocrx_word' id='word_1_624' title='bbox 2198 3947 2625 4018; x_wconf 78' lang='grc' dir='ltr'>βεϐαιουμένους</span> <span class='ocrx_word' id='word_1_625' title='bbox 2654 3944 2826 3999; x_wconf 79' lang='grc' dir='ltr'>τᾶλλα</span> <span class='ocrx_word' id='word_1_626' title='bbox 2855 3944 2932 4009; x_wconf 83' lang='grc' dir='ltr'>ὡς</span> <span class='ocrx_word' id='word_1_627' title='bbox 2961 3944 3018 3997; x_wconf 87' lang='lat' dir='ltr'><strong>tv</strong></span> <span class='ocrx_word' id='word_1_628' title='bbox 3044 3943 3312 4015; x_wconf 73' lang='grc' dir='ltr'>παρέργῳ</span> <span class='ocrx_word' id='word_1_629' title='bbox 3348 3943 3603 3995; x_wconf 84' lang='grc' dir='ltr'>σκοπεῖν.</span> 
     </span>
    </p>
   </div>
   <div class='ocr_carea' id='block_1_85' title="bbox 2033 4032 3606 4110">
    <p class='ocr_par' dir='ltr' id='par_1_85' title="bbox 2033 4032 3606 4110">
     <span class='ocr_line' id='line_1_85' title="bbox 2033 4032 3606 4110; baseline -0.006 -17"><span class='ocrx_word' id='word_1_630' title='bbox 2033 4039 2346 4110; x_wconf 81' lang='grc' dir='ltr'>’Υπερφυεῖ</span> <span class='ocrx_word' id='word_1_631' title='bbox 2371 4040 2481 4109; x_wconf 81' lang='grc' dir='ltr'>γὰρ</span> <span class='ocrx_word' id='word_1_632' title='bbox 2504 4038 2621 4092; x_wconf 73' lang='grc' dir='ltr'>ὄντι</span> <span class='ocrx_word' id='word_1_633' title='bbox 2647 4036 2724 4108; x_wconf 84' lang='grc' dir='ltr'><strong>τῷ</strong></span> <span class='ocrx_word' id='word_1_634' title='bbox 2752 4035 3045 4109; x_wconf 79' lang='grc' dir='ltr'>μυστηρίῳ</span> <span class='ocrx_word' id='word_1_635' title='bbox 3068 4036 3165 4089; x_wconf 62' lang='grc' dir='ltr'><strong>καί⁵</strong></span> <span class='ocrx_word' id='word_1_636' title='bbox 3190 4032 3465 4105; x_wconf 87' lang='grc' dir='ltr'>τεραστίῳ</span> <span class='ocrx_word' id='word_1_637' title='bbox 3492 4032 3606 4084; x_wconf 79' lang='grc' dir='ltr'>πᾶν</span> 
     </span>
    </p>
   </div>
   <div class='ocr_carea' id='block_1_86' title="bbox 2027 4122 3611 4201">
    <p class='ocr_par' dir='ltr' id='par_1_86' title="bbox 2027 4122 3611 4201">
     <span class='ocr_line' id='line_1_86' title="bbox 2027 4122 3611 4201; baseline -0.008 -12"><span class='ocrx_word' id='word_1_638' title='bbox 2027 4134 2251 4189; x_wconf 86' lang='grc' dir='ltr'>νικῶντι</span> <span class='ocrx_word' id='word_1_639' title='bbox 2282 4132 2593 4201; x_wconf 81' lang='grc' dir='ltr'>τεράστιον.</span> <span class='ocrx_word' id='word_1_640' title='bbox 2641 4128 2727 4192; x_wconf 80' lang='grc' dir='ltr'><strong>τίς</strong></span> <span class='ocrx_word' id='word_1_641' title='bbox 2755 4128 2822 4183; x_wconf 80' lang='grc' dir='ltr'>ἂν</span> <span class='ocrx_word' id='word_1_642' title='bbox 2856 4126 3153 4195; x_wconf 80' lang='grc' dir='ltr'>ἀποδοθείη</span> <span class='ocrx_word' id='word_1_643' title='bbox 3194 4126 3353 4194; x_wconf 88' lang='grc' dir='ltr'>λόγος</span> <span class='ocrx_word' id='word_1_644' title='bbox 3394 4122 3611 4194; x_wconf 81' lang='grc' dir='ltr'>ἀνθρὼ-</span> 
     </span>
    </p>
   </div>
   <div class='ocr_carea' id='block_1_87' title="bbox 2030 4219 3611 4296">
    <p class='ocr_par' dir='ltr' id='par_1_87' title="bbox 2030 4219 3611 4296">
     <span class='ocr_line' id='line_1_87' title="bbox 2030 4219 3611 4296; baseline -0.008 -14"><span class='ocrx_word' id='word_1_645' title='bbox 2030 4243 2209 4291; x_wconf 88' lang='grc' dir='ltr'>πινος,</span> <span class='ocrx_word' id='word_1_646' title='bbox 2251 4226 2285 4296; x_wconf 72' lang='grc' dir='ltr'>ἢ</span> <span class='ocrx_word' id='word_1_647' title='bbox 2332 4224 2387 4277; x_wconf 91' lang='grc' dir='ltr'><strong>τί</strong></span> <span class='ocrx_word' id='word_1_648' title='bbox 2426 4224 2495 4279; x_wconf 83' lang='grc' dir='ltr'>ἂν</span> <span class='ocrx_word' id='word_1_649' title='bbox 2545 4223 2765 4285; x_wconf 78' lang='grc' dir='ltr'>οἰκείως</span> <span class='ocrx_word' id='word_1_650' title='bbox 2820 4222 2885 4275; x_wconf 70' lang='grc' dir='ltr'>ἑκ</span> <span class='ocrx_word' id='word_1_651' title='bbox 2914 4220 3024 4273; x_wconf 85' lang='grc' dir='ltr'><strong>τῶν</strong></span> <span class='ocrx_word' id='word_1_652' title='bbox 3079 4219 3328 4289; x_wconf 83' lang='grc' dir='ltr'>φυσικῶν</span> <span class='ocrx_word' id='word_1_653' title='bbox 3360 4219 3611 4288; x_wconf 76' lang='grc' dir='ltr'>ἐφαρμοσ</span> 
     </span>
    </p>
   </div>
   <div class='ocr_carea' id='block_1_88' title="bbox 2030 4303 3612 4390">
    <p class='ocr_par' dir='ltr' id='par_1_88' title="bbox 2030 4303 3612 4390">
     <span class='ocr_line' id='line_1_88' title="bbox 2030 4303 3612 4390; baseline -0.008 -16"><span class='ocrx_word' id='word_1_654' title='bbox 2030 4321 2187 4390; x_wconf 79' lang='grc' dir='ltr'>σθείη</span> <span class='ocrx_word' id='word_1_655' title='bbox 2232 4317 2626 4388; x_wconf 71' lang='grc' dir='ltr'>παράδειγμας</span> <span class='ocrx_word' id='word_1_656' title='bbox 2674 4303 2931 4368; x_wconf 67' lang='grc' dir='ltr'>Ἀλλ”οὐ</span> <span class='ocrx_word' id='word_1_657' title='bbox 2978 4312 3241 4381; x_wconf 84' lang='grc' dir='ltr'>δύναμαι.</span> <span class='ocrx_word' id='word_1_658' title='bbox 3297 4311 3452 4381; x_wconf 81' lang='grc' dir='ltr'>φησὶ,</span> <span class='ocrx_word' id='word_1_659' title='bbox 3485 4311 3612 4363; x_wconf 81' lang='grc' dir='ltr'>πεῖ-</span> 
     </span>
    </p>
   </div>
   <div class='ocr_carea' id='block_1_89' title="bbox 2028 4402 3611 4479">
    <p class='ocr_par' dir='ltr' id='par_1_89' title="bbox 2028 4402 3611 4479">
     <span class='ocr_line' id='line_1_89' title="bbox 2028 4402 3611 4479; baseline -0.008 -13"><span class='ocrx_word' id='word_1_660' title='bbox 2028 4413 2258 4466; x_wconf 77' lang='grc' dir='ltr'>θεσθαιο</span> <span class='ocrx_word' id='word_1_661' title='bbox 2308 4410 2377 4464; x_wconf 80' lang='grc' dir='ltr'>τὰ</span> <span class='ocrx_word' id='word_1_662' title='bbox 2436 4408 2537 4479; x_wconf 72' lang='grc' dir='ltr'>μὲν</span> <span class='ocrx_word' id='word_1_663' title='bbox 2590 4405 3016 4478; x_wconf 86' lang='grc' dir='ltr'>παραδείγματα</span> <span class='ocrx_word' id='word_1_664' title='bbox 3047 4404 3143 4457; x_wconf 78' lang='grc' dir='ltr'>καὶ</span> <span class='ocrx_word' id='word_1_665' title='bbox 3194 4403 3245 4455; x_wconf 80' lang='lat' dir='ltr'><strong>oi</strong></span> <span class='ocrx_word' id='word_1_666' title='bbox 3294 4402 3445 4470; x_wconf 87' lang='grc' dir='ltr'>λόγοι</span> <span class='ocrx_word' id='word_1_667' title='bbox 3505 4403 3611 4473; x_wconf 68' lang='grc' dir='ltr'>τὴν</span> 
     </span>
    </p>
   </div>
   <div class='ocr_carea' id='block_1_90' title="bbox 338 4487 1914 4577">
    <p class='ocr_par' dir='ltr' id='par_1_90' title="bbox 338 4496 1914 4573">
     <span class='ocr_line' id='line_1_90' title="bbox 338 4496 1914 4573; baseline -0.007 -15"><span class='ocrx_word' id='word_1_668' title='bbox 338 4518 462 4573; x_wconf 78' lang='lat' dir='ltr'><strong>ego,</strong></span> <span class='ocrx_word' id='word_1_669' title='bbox 537 4503 778 4570; x_wconf 82' lang='lat' dir='ltr'><strong>inquies,</strong></span> <span class='ocrx_word' id='word_1_670' title='bbox 831 4501 1155 4572; x_wconf 84' lang='lat' dir='ltr'><strong>persuaderi</strong></span> <span class='ocrx_word' id='word_1_671' title='bbox 1206 4516 1319 4555; x_wconf 86' lang='lat' dir='ltr'><strong>non</strong></span> <span class='ocrx_word' id='word_1_672' title='bbox 1364 4514 1587 4570; x_wconf 89' lang='lat' dir='ltr'><strong>possum</strong></span> <span class='ocrx_word' id='word_1_673' title='bbox 1626 4496 1914 4565; x_wconf 72' lang='lat' dir='ltr'><strong>:exempla</strong></span> 
     </span>
    </p>
   </div>
   <div class='ocr_carea' id='block_1_91' title="bbox 2022 4487 3609 4577">
    <p class='ocr_par' dir='ltr' id='par_1_91' title="bbox 2032 4493 3609 4577">
     <span class='ocr_line' id='line_1_91' title="bbox 2032 4493 3609 4577; baseline -0.008 -20"><span class='ocrx_word' id='word_1_674' title='bbox 2032 4503 2221 4557; x_wconf 87' lang='grc' dir='ltr'>πίστιν</span> <span class='ocrx_word' id='word_1_675' title='bbox 2264 4499 2761 4577; x_wconf 71' lang='grc' dir='ltr'>προῦποτιθέασιν,</span> <span class='ocrx_word' id='word_1_676' title='bbox 2801 4496 2915 4566; x_wconf 69' lang='grc' dir='ltr'><strong>ἐγὼ</strong></span> <span class='ocrx_word' id='word_1_677' title='bbox 2944 4497 3000 4550; x_wconf 79' lang='grc' dir='ltr'><strong>δὲ</strong></span> <span class='ocrx_word' id='word_1_678' title='bbox 3032 4493 3363 4559; x_wconf 78' lang='grc' dir='ltr'>ἀποδείξεως</span> <span class='ocrx_word' id='word_1_679' title='bbox 3390 4493 3609 4563; x_wconf 85' lang='grc' dir='ltr'>δέομαι,</span> 
     </span>
    </p>
   </div>
   <div class='ocr_carea' id='block_1_92' title="bbox 342 4594 1921 4663">
    <p class='ocr_par' dir='ltr' id='par_1_92' title="bbox 342 4594 1921 4663">
     <span class='ocr_line' id='line_1_92' title="bbox 342 4594 1921 4663; baseline -0.004 -15"><span class='ocrx_word' id='word_1_680' title='bbox 342 4597 491 4649; x_wconf 83' lang='lat' dir='ltr'><strong>enim</strong></span> <span class='ocrx_word' id='word_1_681' title='bbox 548 4606 601 4648; x_wconf 74' lang='lat' dir='ltr'><strong>et</strong></span> <span class='ocrx_word' id='word_1_682' title='bbox 653 4596 896 4650; x_wconf 73' lang='lat' dir='ltr'><strong>rationes</strong></span> <span class='ocrx_word' id='word_1_683' title='bbox 948 4594 1111 4649; x_wconf 84' lang='lat' dir='ltr'><strong>tidem</strong></span> <span class='ocrx_word' id='word_1_684' title='bbox 1148 4601 1583 4663; x_wconf 72' lang='lat' dir='ltr'><strong>przrsupponnnt</strong></span> <span class='ocrx_word' id='word_1_685' title='bbox 1617 4609 1632 4659; x_wconf 92' lang='lat'><strong>;</strong></span> <span class='ocrx_word' id='word_1_686' title='bbox 1664 4606 1768 4661; x_wconf 90' lang='lat' dir='ltr'><strong>ego</strong></span> <span class='ocrx_word' id='word_1_687' title='bbox 1824 4604 1921 4642; x_wconf 93' lang='lat' dir='ltr'><strong>au-</strong></span> 
     </span>
    </p>
   </div>
   <div class='ocr_carea' id='block_1_93' title="bbox 346 4685 1915 4755">
    <p class='ocr_par' dir='ltr' id='par_1_93' title="bbox 346 4685 1915 4755">
     <span class='ocr_line' id='line_1_93' title="bbox 346 4685 1915 4755; baseline -0.004 -16"><span class='ocrx_word' id='word_1_688' title='bbox 346 4700 454 4740; x_wconf 91' lang='lat' dir='ltr'><strong>tem</strong></span> <span class='ocrx_word' id='word_1_689' title='bbox 485 4687 956 4741; x_wconf 87' lang='lat' dir='ltr'><strong>demonstratione</strong></span> <span class='ocrx_word' id='word_1_690' title='bbox 986 4685 1208 4755; x_wconf 87' lang='lat' dir='ltr'><strong>indigeo</strong></span> <span class='ocrx_word' id='word_1_691' title='bbox 1234 4701 1248 4738; x_wconf 85' lang='lat'><strong>:</strong></span> <span class='ocrx_word' id='word_1_692' title='bbox 1281 4685 1503 4739; x_wconf 88' lang='lat' dir='ltr'><strong>credere</strong></span> <span class='ocrx_word' id='word_1_693' title='bbox 1528 4698 1637 4737; x_wconf 91' lang='lat' dir='ltr'><strong>non</strong></span> <span class='ocrx_word' id='word_1_694' title='bbox 1669 4696 1915 4751; x_wconf 88' lang='lat' dir='ltr'><strong>possum.</strong></span> 
     </span>
    </p>
   </div>
   <div class='ocr_carea' id='block_1_94' title="bbox 347 4772 1921 4848">
    <p class='ocr_par' dir='ltr' id='par_1_94' title="bbox 347 4772 1921 4848">
     <span class='ocr_line' id='line_1_94' title="bbox 347 4772 1921 4848; baseline -0.003 -17"><span class='ocrx_word' id='word_1_695' title='bbox 347 4777 451 4831; x_wconf 86' lang='lat' dir='ltr'><strong>Sed</strong></span> <span class='ocrx_word' id='word_1_696' title='bbox 482 4784 658 4848; x_wconf 86' lang='lat' dir='ltr'><strong>potes,</strong></span> <span class='ocrx_word' id='word_1_697' title='bbox 695 4778 919 4846; x_wconf 90' lang='lat' dir='ltr'><strong>inquam</strong></span> <span class='ocrx_word' id='word_1_698' title='bbox 942 4792 1065 4845; x_wconf 85' lang='lat' dir='ltr'><strong>ego,</strong></span> <span class='ocrx_word' id='word_1_699' title='bbox 1105 4774 1353 4841; x_wconf 80' lang='lat' dir='ltr'><strong>credere,</strong></span> <span class='ocrx_word' id='word_1_700' title='bbox 1379 4775 1425 4831; x_wconf 85' lang='lat' dir='ltr'><strong>si</strong></span> <span class='ocrx_word' id='word_1_701' title='bbox 1458 4774 1540 4829; x_wconf 66' lang='lat' dir='ltr'><strong>vis</strong></span> <span class='ocrx_word' id='word_1_702' title='bbox 1575 4793 1590 4838; x_wconf 87' lang='lat'><em>;</em></span> <span class='ocrx_word' id='word_1_703' title='bbox 1625 4790 1747 4828; x_wconf 90' lang='lat' dir='ltr'><strong>nam</strong></span> <span class='ocrx_word' id='word_1_704' title='bbox 1786 4772 1921 4826; x_wconf 76' lang='lat' dir='ltr'><strong>ﬁdes</strong></span> 
     </span>
    </p>
   </div>
   <div class='ocr_carea' id='block_1_95' title="bbox 272 4858 1917 4931">
    <p class='ocr_par' dir='ltr' id='par_1_95' title="bbox 272 4858 1917 4931">
     <span class='ocr_line' id='line_1_95' title="bbox 272 4858 1917 4931; baseline -0.001 -11"><span class='ocrx_word' id='word_1_705' title='bbox 272 4858 279 4866; x_wconf 71' lang='grc'><em>’</em></span> <span class='ocrx_word' id='word_1_706' title='bbox 346 4872 656 4925; x_wconf 72' lang='lat' dir='ltr'><strong>voluntaria</strong></span> <span class='ocrx_word' id='word_1_707' title='bbox 712 4878 797 4925; x_wconf 87' lang='lat' dir='ltr'><strong>est</strong></span> <span class='ocrx_word' id='word_1_708' title='bbox 844 4868 1012 4923; x_wconf 88' lang='lat' dir='ltr'><strong>animi</strong></span> <span class='ocrx_word' id='word_1_709' title='bbox 1054 4868 1373 4924; x_wconf 89' lang='lat' dir='ltr'><strong>consensio.</strong></span> <span class='ocrx_word' id='word_1_710' title='bbox 1435 4866 1589 4931; x_wconf 89' lang='lat' dir='ltr'><strong>Quod</strong></span> <span class='ocrx_word' id='word_1_711' title='bbox 1649 4866 1692 4921; x_wconf 93' lang='lat' dir='ltr'><strong>si</strong></span> <span class='ocrx_word' id='word_1_712' title='bbox 1750 4865 1917 4928; x_wconf 89' lang='lat' dir='ltr'><strong>nolis,</strong></span> 
     </span>
    </p>
   </div>
   <div class='ocr_carea' id='block_1_96' title="bbox 339 4957 1921 5027">
    <p class='ocr_par' dir='ltr' id='par_1_96' title="bbox 339 4957 1921 5027">
     <span class='ocr_line' id='line_1_96' title="bbox 339 4957 1921 5027; baseline -0.004 -7"><span class='ocrx_word' id='word_1_713' title='bbox 339 4981 429 5023; x_wconf 85' lang='lat' dir='ltr'><strong>res</strong></span> <span class='ocrx_word' id='word_1_714' title='bbox 483 4966 641 5020; x_wconf 89' lang='lat' dir='ltr'><strong>aliter</strong></span> <span class='ocrx_word' id='word_1_715' title='bbox 704 4978 764 5018; x_wconf 89' lang='lat' dir='ltr'><strong>se</strong></span> <span class='ocrx_word' id='word_1_716' title='bbox 825 4963 1068 5027; x_wconf 86' lang='lat' dir='ltr'><strong>habebit,</strong></span> <span class='ocrx_word' id='word_1_717' title='bbox 1118 4961 1333 5016; x_wconf 90' lang='lat' dir='ltr'><strong>etiamsi</strong></span> <span class='ocrx_word' id='word_1_718' title='bbox 1392 4961 1555 5016; x_wconf 89' lang='lat' dir='ltr'><strong>nolis.</strong></span> <span class='ocrx_word' id='word_1_719' title='bbox 1617 4957 1746 5013; x_wconf 39' lang='lat' dir='ltr'><strong>Non:</strong></span> <span class='ocrx_word' id='word_1_720' title='bbox 1801 4964 1921 5013; x_wconf 63' lang='lat' dir='ltr'><strong>creo</strong></span> 
     </span>
    </p>
   </div>
   <div class='ocr_carea' id='block_1_97' title="bbox 343 5054 1919 5128">
    <p class='ocr_par' dir='ltr' id='par_1_97' title="bbox 343 5054 1919 5128">
     <span class='ocr_line' id='line_1_97' title="bbox 343 5054 1919 5128; baseline -0.006 -13"><span class='ocrx_word' id='word_1_721' title='bbox 343 5062 439 5116; x_wconf 90' lang='lat' dir='ltr'><strong>des</strong></span> <span class='ocrx_word' id='word_1_722' title='bbox 488 5056 757 5115; x_wconf 81' lang='lat' dir='ltr'><strong>aSsercnti</strong></span> <span class='ocrx_word' id='word_1_723' title='bbox 792 5057 940 5128; x_wconf 89' lang='lat' dir='ltr'><strong>quod</strong></span> <span class='ocrx_word' id='word_1_724' title='bbox 990 5071 1054 5109; x_wconf 82' lang='lat' dir='ltr'><strong>ex</strong></span> <span class='ocrx_word' id='word_1_725' title='bbox 1118 5066 1259 5111; x_wconf 87' lang='lat' dir='ltr'><strong>terra</strong></span> <span class='ocrx_word' id='word_1_726' title='bbox 1320 5054 1524 5110; x_wconf 79' lang='lat' dir='ltr'><strong>ferrum</strong></span> <span class='ocrx_word' id='word_1_727' title='bbox 1588 5054 1919 5121; x_wconf 47' lang='lat' dir='ltr'><strong>ﬂag-longe</strong></span> 
     </span>
    </p>
   </div>
   <div class='ocr_carea' id='block_1_98' title="bbox 344 5145 1917 5219">
    <p class='ocr_par' dir='ltr' id='par_1_98' title="bbox 344 5145 1917 5219">
     <span class='ocr_line' id='line_1_98' title="bbox 344 5145 1917 5219; baseline -0.004 -15"><span class='ocrx_word' id='word_1_728' title='bbox 344 5152 601 5207; x_wconf 75' lang='lat' dir='ltr'><strong>fortassis</strong></span> <span class='ocrx_word' id='word_1_729' title='bbox 649 5151 719 5205; x_wconf 87' lang='lat' dir='ltr'><strong>ab</strong></span> <span class='ocrx_word' id='word_1_730' title='bbox 773 5148 1046 5219; x_wconf 90' lang='lat' dir='ltr'><strong>ejusmodi</strong></span> <span class='ocrx_word' id='word_1_731' title='bbox 1108 5146 1347 5201; x_wconf 84' lang='lat' dir='ltr'><strong>artilicio</strong></span> <span class='ocrx_word' id='word_1_732' title='bbox 1380 5154 1641 5208; x_wconf 76' lang='lat' dir='ltr'><strong>remotus,</strong></span> <span class='ocrx_word' id='word_1_733' title='bbox 1671 5154 1727 5199; x_wconf 91' lang='lat' dir='ltr'><strong>et</strong></span> <span class='ocrx_word' id='word_1_734' title='bbox 1780 5145 1917 5198; x_wconf 86' lang='lat' dir='ltr'><strong>illud</strong></span> 
     </span>
    </p>
   </div>
   <div class='ocr_carea' id='block_1_99' title="bbox 344 5240 1922 5313">
    <p class='ocr_par' dir='ltr' id='par_1_99' title="bbox 344 5240 1922 5313">
     <span class='ocr_line' id='line_1_99' title="bbox 344 5240 1922 5313; baseline -0.005 -15"><span class='ocrx_word' id='word_1_735' title='bbox 344 5248 607 5313; x_wconf 86' lang='lat' dir='ltr'><strong>ignorans</strong></span> <span class='ocrx_word' id='word_1_736' title='bbox 655 5262 669 5299; x_wconf 89' lang='lat'><strong>:</strong></span> <span class='ocrx_word' id='word_1_737' title='bbox 725 5258 907 5312; x_wconf 84' lang='lat' dir='ltr'><strong>neque</strong></span> <span class='ocrx_word' id='word_1_738' title='bbox 963 5240 1110 5312; x_wconf 87' lang='lat' dir='ltr'><strong>quod</strong></span> <span class='ocrx_word' id='word_1_739' title='bbox 1164 5255 1228 5295; x_wconf 82' lang='lat' dir='ltr'><strong>ex</strong></span> <span class='ocrx_word' id='word_1_740' title='bbox 1269 5242 1489 5295; x_wconf 80' lang='lat' dir='ltr'><strong>cinerea</strong></span> <span class='ocrx_word' id='word_1_741' title='bbox 1532 5240 1769 5307; x_wconf 78' lang='lat' dir='ltr'><strong>quadam</strong></span> <span class='ocrx_word' id='word_1_742' title='bbox 1806 5254 1922 5291; x_wconf 84' lang='lat' dir='ltr'><strong>ma-</strong></span> 
     </span>
    </p>
   </div>
   <div class='ocr_carea' id='block_1_100' title="bbox 347 5330 1919 5401">
    <p class='ocr_par' dir='ltr' id='par_1_100' title="bbox 347 5330 1919 5401">
     <span class='ocr_line' id='line_1_100' title="bbox 347 5330 1919 5401; baseline -0.004 -14"><span class='ocrx_word' id='word_1_743' title='bbox 347 5336 480 5388; x_wconf 82' lang='lat' dir='ltr'><strong>teria</strong></span> <span class='ocrx_word' id='word_1_744' title='bbox 549 5336 750 5389; x_wconf 85' lang='lat' dir='ltr'><strong>vitrum</strong></span> <span class='ocrx_word' id='word_1_745' title='bbox 803 5333 921 5395; x_wconf 84' lang='lat' dir='ltr'><strong>ﬁat,</strong></span> <span class='ocrx_word' id='word_1_746' title='bbox 974 5331 1103 5401; x_wconf 90' lang='lat' dir='ltr'><strong>quia</strong></span> <span class='ocrx_word' id='word_1_747' title='bbox 1159 5330 1411 5386; x_wconf 79' lang='lat' dir='ltr'><strong>fortassis</strong></span> <span class='ocrx_word' id='word_1_748' title='bbox 1470 5338 1749 5400; x_wconf 75' lang='lat' dir='ltr'><strong>nunquam</strong></span> <span class='ocrx_word' id='word_1_749' title='bbox 1788 5330 1919 5384; x_wconf 90' lang='lat' dir='ltr'><strong>dum</strong></span> 
     </span>
    </p>
   </div>
   <div class='ocr_carea' id='block_1_101' title="bbox 346 5421 1919 5491">
    <p class='ocr_par' dir='ltr' id='par_1_101' title="bbox 346 5421 1919 5491">
     <span class='ocr_line' id='line_1_101' title="bbox 346 5421 1919 5491; baseline -0.001 -14"><span class='ocrx_word' id='word_1_750' title='bbox 346 5426 447 5478; x_wconf 89' lang='lat' dir='ltr'><strong>ista</strong></span> <span class='ocrx_word' id='word_1_751' title='bbox 506 5425 641 5479; x_wconf 86' lang='lat' dir='ltr'><strong>iiunt</strong></span> <span class='ocrx_word' id='word_1_752' title='bbox 700 5422 1066 5488; x_wconf 84' lang='lat' dir='ltr'><strong>intervenisti,</strong></span> <span class='ocrx_word' id='word_1_753' title='bbox 1134 5436 1313 5491; x_wconf 87' lang='lat' dir='ltr'><strong>neque</strong></span> <span class='ocrx_word' id='word_1_754' title='bbox 1356 5421 1612 5476; x_wconf 85' lang='lat' dir='ltr'><strong>sensibus</strong></span> <span class='ocrx_word' id='word_1_755' title='bbox 1672 5422 1919 5486; x_wconf 86' lang='lat' dir='ltr'><strong>corporis</strong></span> 
     </span>
    </p>
   </div>
   <div class='ocr_carea' id='block_1_102' title="bbox 345 5513 1920 5586">
    <p class='ocr_par' dir='ltr' id='par_1_102' title="bbox 345 5513 1920 5586">
     <span class='ocr_line' id='line_1_102' title="bbox 345 5513 1920 5586; baseline 0 -19"><span class='ocrx_word' id='word_1_756' title='bbox 345 5515 461 5568; x_wconf 80' lang='lat' dir='ltr'><strong>haec</strong></span> <span class='ocrx_word' id='word_1_757' title='bbox 526 5516 841 5585; x_wconf 87' lang='lat' dir='ltr'><strong>percepisti,</strong></span> <span class='ocrx_word' id='word_1_758' title='bbox 908 5526 1075 5586; x_wconf 87' lang='lat' dir='ltr'><strong>atque</strong></span> <span class='ocrx_word' id='word_1_759' title='bbox 1146 5514 1218 5568; x_wconf 90' lang='lat' dir='ltr'><strong>ita</strong></span> <span class='ocrx_word' id='word_1_760' title='bbox 1278 5514 1345 5569; x_wconf 85' lang='lat' dir='ltr'><strong>de</strong></span> <span class='ocrx_word' id='word_1_761' title='bbox 1401 5513 1546 5569; x_wconf 87' lang='lat' dir='ltr'><strong>aliis.</strong></span> <span class='ocrx_word' id='word_1_762' title='bbox 1621 5513 1920 5583; x_wconf 80' lang='lat' dir='ltr'><strong>Ego&#39;vero</strong></span> 
     </span>
    </p>
   </div>
   <div class='ocr_carea' id='block_1_103' title="bbox 350 5606 1921 5679">
    <p class='ocr_par' dir='ltr' id='par_1_103' title="bbox 350 5606 1921 5679">
     <span class='ocr_line' id='line_1_103' title="bbox 350 5606 1921 5679; baseline -0.001 -19"><span class='ocrx_word' id='word_1_763' title='bbox 350 5609 641 5661; x_wconf 86' lang='lat' dir='ltr'><strong>ostendam</strong></span> <span class='ocrx_word' id='word_1_764' title='bbox 691 5608 814 5670; x_wconf 90' lang='lat' dir='ltr'><strong>tibi,</strong></span> <span class='ocrx_word' id='word_1_765' title='bbox 885 5610 1029 5679; x_wconf 89' lang='lat' dir='ltr'><strong>quod</strong></span> <span class='ocrx_word' id='word_1_766' title='bbox 1074 5609 1244 5662; x_wconf 86' lang='lat' dir='ltr'><strong>multa</strong></span> <span class='ocrx_word' id='word_1_767' title='bbox 1280 5607 1491 5664; x_wconf 81' lang='lat' dir='ltr'><strong>credas.</strong></span> <span class='ocrx_word' id='word_1_768' title='bbox 1552 5622 1676 5675; x_wconf 75' lang='lat' dir='ltr'><strong>qua:</strong></span> <span class='ocrx_word' id='word_1_769' title='bbox 1733 5606 1921 5659; x_wconf 81' lang='lat' dir='ltr'><strong>videre</strong></span> 
     </span>
    </p>
   </div>
   <div class='ocr_carea' id='block_1_104' title="bbox 234 5700 1919 5770">
    <p class='ocr_par' dir='ltr' id='par_1_104' title="bbox 234 5700 1919 5770">
     <span class='ocr_line' id='line_1_104' title="bbox 234 5700 1919 5770; baseline -0.001 -15"><span class='ocrx_word' id='word_1_770' title='bbox 234 5730 239 5734; x_wconf 88' lang='lat'><strong><em>-</em></strong></span> <span class='ocrx_word' id='word_1_771' title='bbox 347 5716 460 5755; x_wconf 88' lang='lat' dir='ltr'><strong>non</strong></span> <span class='ocrx_word' id='word_1_772' title='bbox 512 5709 688 5770; x_wconf 87' lang='lat' dir='ltr'><strong>potes.</strong></span> <span class='ocrx_word' id='word_1_773' title='bbox 738 5700 931 5756; x_wconf 87' lang='lat' dir='ltr'><strong>Credis</strong></span> <span class='ocrx_word' id='word_1_774' title='bbox 965 5718 1029 5756; x_wconf 79' lang='lat' dir='ltr'><strong>ex</strong></span> <span class='ocrx_word' id='word_1_775' title='bbox 1060 5710 1301 5769; x_wconf 83' lang='lat' dir='ltr'><strong>quatuor</strong></span> <span class='ocrx_word' id='word_1_776' title='bbox 1349 5701 1638 5755; x_wconf 81' lang='lat' dir='ltr'><strong>clementis</strong></span> <span class='ocrx_word' id='word_1_777' title='bbox 1665 5709 1919 5755; x_wconf 88' lang='lat' dir='ltr'><strong>constare</strong></span> 
     </span>
    </p>
   </div>
   <div class='ocr_carea' id='block_1_105' title="bbox 340 5790 1919 5862">
    <p class='ocr_par' dir='ltr' id='par_1_105' title="bbox 340 5790 1919 5862">
     <span class='ocr_line' id='line_1_105' title="bbox 340 5790 1919 5862; baseline 0 -15"><span class='ocrx_word' id='word_1_778' title='bbox 340 5805 543 5862; x_wconf 89' lang='lat' dir='ltr'><strong>corpus</strong></span> <span class='ocrx_word' id='word_1_779' title='bbox 577 5800 729 5846; x_wconf 86' lang='lat' dir='ltr'><strong>tuum</strong></span> <span class='ocrx_word' id='word_1_780' title='bbox 760 5806 775 5857; x_wconf 89' lang='lat'><strong>;</strong></span> <span class='ocrx_word' id='word_1_781' title='bbox 816 5790 911 5846; x_wconf 86' lang='lat' dir='ltr'><strong>sed</strong></span> <span class='ocrx_word' id='word_1_782' title='bbox 946 5808 1053 5847; x_wconf 81' lang='lat' dir='ltr'><strong>non</strong></span> <span class='ocrx_word' id='word_1_783' title='bbox 1080 5793 1231 5848; x_wconf 78' lang='lat' dir='ltr'><strong>vides</strong></span> <span class='ocrx_word' id='word_1_784' title='bbox 1261 5791 1407 5860; x_wconf 84' lang='lat' dir='ltr'><strong>quod</strong></span> <span class='ocrx_word' id='word_1_785' title='bbox 1441 5806 1504 5847; x_wconf 78' lang='lat' dir='ltr'><strong>ex</strong></span> <span class='ocrx_word' id='word_1_786' title='bbox 1547 5790 1739 5846; x_wconf 79' lang='lat' dir='ltr'><strong>iisdem</strong></span> <span class='ocrx_word' id='word_1_787' title='bbox 1770 5806 1919 5848; x_wconf 89' lang='lat' dir='ltr'><strong>com-</strong></span> 
     </span>
    </p>
   </div>
   <div class='ocr_carea' id='block_1_106' title="bbox 2032 4586 3610 4662">
    <p class='ocr_par' dir='ltr' id='par_1_106' title="bbox 2032 4586 3610 4662">
     <span class='ocr_line' id='line_1_106' title="bbox 2032 4586 3610 4662; baseline -0.008 -11"><span class='ocrx_word' id='word_1_788' title='bbox 2032 4596 2319 4651; x_wconf 83' lang='grc' dir='ltr'>πιστεύειν</span> <span class='ocrx_word' id='word_1_789' title='bbox 2350 4594 2408 4648; x_wconf 71' lang='grc' dir='ltr'><strong>δὲ</strong></span> <span class='ocrx_word' id='word_1_790' title='bbox 2455 4593 2517 4647; x_wconf 82' lang='grc' dir='ltr'>οὐ</span> <span class='ocrx_word' id='word_1_791' title='bbox 2549 4590 2812 4662; x_wconf 82' lang='grc' dir='ltr'>δύναμαι.</span> <span class='ocrx_word' id='word_1_792' title='bbox 2862 4588 3025 4644; x_wconf 73' lang='grc' dir='ltr'>Ἀλλὰ</span> <span class='ocrx_word' id='word_1_793' title='bbox 3056 4589 3214 4658; x_wconf 73' lang='grc' dir='ltr'>δύνῃ.</span> <span class='ocrx_word' id='word_1_794' title='bbox 3270 4588 3363 4640; x_wconf 64' lang='grc' dir='ltr'><strong>ἑὰν</strong></span> <span class='ocrx_word' id='word_1_795' title='bbox 3392 4586 3610 4659; x_wconf 51' lang='grc' dir='ltr'>ἐθέλῃς,</span> 
     </span>
    </p>
   </div>
   <div class='ocr_carea' id='block_1_107' title="bbox 2034 4679 3613 4755">
    <p class='ocr_par' dir='ltr' id='par_1_107' title="bbox 2034 4679 3613 4755">
     <span class='ocr_line' id='line_1_107' title="bbox 2034 4679 3613 4755; baseline -0.009 -10"><span class='ocrx_word' id='word_1_796' title='bbox 2034 4690 2318 4744; x_wconf 88' lang='grc' dir='ltr'>πιστεύειν</span> <span class='ocrx_word' id='word_1_797' title='bbox 2337 4705 2349 4719; x_wconf 80' lang='grc'><strong>’</strong></span> <span class='ocrx_word' id='word_1_798' title='bbox 2382 4686 2568 4750; x_wconf 84' lang='grc' dir='ltr'>πίστις</span> <span class='ocrx_word' id='word_1_799' title='bbox 2600 4686 2711 4755; x_wconf 83' lang='grc' dir='ltr'>γάρ</span> <span class='ocrx_word' id='word_1_800' title='bbox 2734 4686 2886 4738; x_wconf 74' lang='grc' dir='ltr'>ἐστιν</span> <span class='ocrx_word' id='word_1_801' title='bbox 2915 4679 3372 4755; x_wconf 75' lang='grc' dir='ltr'>ἑκούσιοςψυχῆς</span> <span class='ocrx_word' id='word_1_802' title='bbox 3397 4695 3613 4747; x_wconf 86' lang='grc' dir='ltr'>συγκα-</span> 
     </span>
    </p>
   </div>
   <div class='ocr_carea' id='block_1_108' title="bbox 2030 4770 3613 4850">
    <p class='ocr_par' dir='ltr' id='par_1_108' title="bbox 2030 4770 3613 4850">
     <span class='ocr_line' id='line_1_108' title="bbox 2030 4770 3613 4850; baseline -0.009 -12"><span class='ocrx_word' id='word_1_803' title='bbox 2030 4782 2273 4846; x_wconf 81' lang='grc' dir='ltr'>τάθεσις.</span> <span class='ocrx_word' id='word_1_804' title='bbox 2318 4780 2444 4835; x_wconf 80' lang='grc' dir='ltr'><strong>Ἐὰν</strong></span> <span class='ocrx_word' id='word_1_805' title='bbox 2459 4772 2523 4833; x_wconf 72' lang='grc' dir='ltr'><strong>’δὲ</strong></span> <span class='ocrx_word' id='word_1_806' title='bbox 2558 4778 2634 4848; x_wconf 84' lang='grc' dir='ltr'>μὴ</span> <span class='ocrx_word' id='word_1_807' title='bbox 2672 4776 2856 4850; x_wconf 80' lang='grc' dir='ltr'>θέλῃς,</span> <span class='ocrx_word' id='word_1_808' title='bbox 2886 4775 3051 4838; x_wconf 77' lang='grc' dir='ltr'>ἄλλος</span> <span class='ocrx_word' id='word_1_809' title='bbox 3071 4770 3151 4829; x_wconf 61' lang='grc' dir='ltr'>ἂν</span> <span class='ocrx_word' id='word_1_810' title='bbox 3177 4776 3262 4843; x_wconf 68' lang='grc' dir='ltr'>ειη</span> <span class='ocrx_word' id='word_1_811' title='bbox 3302 4773 3479 4841; x_wconf 88' lang='grc' dir='ltr'>λόγος,</span> <span class='ocrx_word' id='word_1_812' title='bbox 3516 4773 3613 4826; x_wconf 67' lang='grc' dir='ltr'><strong>ἐὰν</strong></span> 
     </span>
    </p>
   </div>
   <div class='ocr_carea' id='block_1_109' title="bbox 2035 4858 3604 4947">
    <p class='ocr_par' dir='ltr' id='par_1_109' title="bbox 2035 4858 3604 4947">
     <span class='ocr_line' id='line_1_109' title="bbox 2035 4858 3604 4947; baseline -0.009 -18"><span class='ocrx_word' id='word_1_813' title='bbox 2035 4878 2110 4946; x_wconf 78' lang='grc' dir='ltr'>μὴ</span> <span class='ocrx_word' id='word_1_814' title='bbox 2144 4875 2328 4947; x_wconf 79' lang='grc' dir='ltr'>θέλῃς.</span> <span class='ocrx_word' id='word_1_815' title='bbox 2358 4858 2608 4942; x_wconf 47' lang='grc' dir='ltr'>υύΐὸτι</span> <span class='ocrx_word' id='word_1_816' title='bbox 2642 4872 2704 4924; x_wconf 84' lang='grc' dir='ltr'>ὲκ</span> <span class='ocrx_word' id='word_1_817' title='bbox 2732 4869 2839 4938; x_wconf 83' lang='grc' dir='ltr'>γῆς</span> <span class='ocrx_word' id='word_1_818' title='bbox 2867 4868 3081 4935; x_wconf 88' lang='grc' dir='ltr'>γίνεται</span> <span class='ocrx_word' id='word_1_819' title='bbox 3108 4864 3355 4943; x_wconf 66' lang='grc' dir='ltr'>σίδηρος,</span> <span class='ocrx_word' id='word_1_820' title='bbox 3381 4864 3604 4917; x_wconf 86' lang='grc' dir='ltr'>πιστεύ-</span> 
     </span>
    </p>
   </div>
   <div class='ocr_carea' id='block_1_110' title="bbox 2034 4954 3610 5033">
    <p class='ocr_par' dir='ltr' id='par_1_110' title="bbox 2034 4954 3610 5033">
     <span class='ocr_line' id='line_1_110' title="bbox 2034 4954 3610 5033; baseline -0.006 -13"><span class='ocrx_word' id='word_1_821' title='bbox 2034 4985 2149 5030; x_wconf 91' lang='grc' dir='ltr'>σεις</span> <span class='ocrx_word' id='word_1_822' title='bbox 2166 4958 2243 5033; x_wconf 76' lang='grc' dir='ltr'><strong>τῷ</strong></span> <span class='ocrx_word' id='word_1_823' title='bbox 2274 4966 2516 5033; x_wconf 76' lang='grc' dir='ltr'>λέγοντι,</span> <span class='ocrx_word' id='word_1_824' title='bbox 2543 4954 2677 5024; x_wconf 72' lang='grc' dir='ltr'>ἴσως</span> <span class='ocrx_word' id='word_1_825' title='bbox 2709 4962 2901 5032; x_wconf 78' lang='grc' dir='ltr'>πόρρω</span> <span class='ocrx_word' id='word_1_826' title='bbox 2930 4959 3030 5027; x_wconf 81' lang='grc' dir='ltr'>τῆς</span> <span class='ocrx_word' id='word_1_827' title='bbox 3052 4957 3311 5025; x_wconf 77' lang='grc' dir='ltr'>τοιαύτης</span> <span class='ocrx_word' id='word_1_828' title='bbox 3342 4956 3610 5025; x_wconf 73' lang='grc' dir='ltr'>ἐργασίας</span> 
     </span>
    </p>
   </div>
   <div class='ocr_carea' id='block_1_111' title="bbox 2031 5048 3609 5139">
    <p class='ocr_par' dir='ltr' id='par_1_111' title="bbox 2031 5048 3609 5139">
     <span class='ocr_line' id='line_1_111' title="bbox 2031 5048 3609 5139; baseline -0.016 -25"><span class='ocrx_word' id='word_1_829' title='bbox 2031 5060 2345 5133; x_wconf 72' lang='grc' dir='ltr'>τυγχάνων,</span> <span class='ocrx_word' id='word_1_830' title='bbox 2380 5057 2475 5110; x_wconf 68' lang='grc' dir='ltr'>καὶ</span> <span class='ocrx_word' id='word_1_831' title='bbox 2520 5057 2620 5110; x_wconf 85' lang='grc' dir='ltr'>οὐκ</span> <span class='ocrx_word' id='word_1_832' title='bbox 2650 5052 2831 5116; x_wconf 79' lang='grc' dir='ltr'>εἰδὼς,</span> <span class='ocrx_word' id='word_1_833' title='bbox 2860 5050 2972 5105; x_wconf 73' lang='grc' dir='ltr'><strong>οὐδ’</strong></span> <span class='ocrx_word' id='word_1_834' title='bbox 3001 5052 3081 5103; x_wconf 77' lang='grc' dir='ltr'>ὅτι</span> <span class='ocrx_word' id='word_1_835' title='bbox 3129 5050 3194 5103; x_wconf 74' lang='grc' dir='ltr'>ἐκ</span> <span class='ocrx_word' id='word_1_836' title='bbox 3224 5067 3370 5111; x_wconf 82' lang='grc' dir='ltr'>τινος</span> <span class='ocrx_word' id='word_1_837' title='bbox 3400 5048 3609 5139; x_wconf 37' lang='lat' dir='ltr'><strong>{appar</strong></span> 
     </span>
    </p>
   </div>
   <div class='ocr_carea' id='block_1_112' title="bbox 2031 5132 3614 5220">
    <p class='ocr_par' dir='ltr' id='par_1_112' title="bbox 2031 5132 3614 5220">
     <span class='ocr_line' id='line_1_112' title="bbox 2031 5132 3614 5220; baseline -0.008 -15"><span class='ocrx_word' id='word_1_838' title='bbox 2031 5153 2158 5215; x_wconf 87' lang='grc' dir='ltr'>δους</span> <span class='ocrx_word' id='word_1_839' title='bbox 2184 5144 2320 5218; x_wconf 70' lang='grc' dir='ltr'>ὕλης</span> <span class='ocrx_word' id='word_1_840' title='bbox 2338 5132 2375 5202; x_wconf 72' lang='grc' dir='ltr'><strong>ε</strong></span> <span class='ocrx_word' id='word_1_841' title='bbox 2400 5147 2553 5220; x_wconf 56' lang='lat' dir='ltr'><strong>Delio;</strong></span> <span class='ocrx_word' id='word_1_842' title='bbox 2572 5147 2661 5201; x_wconf 80' lang='grc' dir='ltr'><strong>διὰ</strong></span> <span class='ocrx_word' id='word_1_843' title='bbox 2684 5146 2745 5198; x_wconf 81' lang='grc' dir='ltr'>τὸ</span> <span class='ocrx_word' id='word_1_844' title='bbox 2773 5144 2848 5214; x_wconf 83' lang='grc' dir='ltr'><strong>μὴ</strong></span> <span class='ocrx_word' id='word_1_845' title='bbox 2874 5144 3286 5215; x_wconf 75' lang='grc' dir='ltr'>παραγενέσθαι</span> <span class='ocrx_word' id='word_1_846' title='bbox 3310 5132 3445 5194; x_wconf 73' lang='grc' dir='ltr'>ποτξ</span> <span class='ocrx_word' id='word_1_847' title='bbox 3462 5132 3614 5219; x_wconf 55' lang='lat' dir='ltr'><strong>ipo-</strong></span> 
     </span>
    </p>
   </div>
   <div class='ocr_carea' id='block_1_113' title="bbox 2036 5223 3611 5329">
    <p class='ocr_par' dir='ltr' id='par_1_113' title="bbox 2036 5223 3611 5329">
     <span class='ocr_line' id='line_1_113' title="bbox 2036 5223 3611 5329; baseline -0.005 -34"><span class='ocrx_word' id='word_1_848' title='bbox 2036 5242 2243 5311; x_wconf 78' lang='grc' dir='ltr'>μένοις,</span> <span class='ocrx_word' id='word_1_849' title='bbox 2272 5232 2788 5325; x_wconf 55' lang='grc' dir='ltr'>μηόὲσωματικαῖς</span> <span class='ocrx_word' id='word_1_850' title='bbox 2815 5236 3103 5317; x_wconf 50' lang='grc' dir='ltr'>αίσθῇσεσι</span> <span class='ocrx_word' id='word_1_851' title='bbox 3132 5235 3307 5289; x_wconf 81' lang='grc' dir='ltr'>ταῦτα</span> <span class='ocrx_word' id='word_1_852' title='bbox 3337 5224 3499 5329; x_wconf 38' lang='lat' dir='ltr'><strong>[SS-‘1‘);</strong></span> <span class='ocrx_word' id='word_1_853' title='bbox 3512 5223 3611 5301; x_wconf 69' lang='grc' dir='ltr'><strong>ξιάὶ</strong></span> 
     </span>
    </p>
   </div>
   <div class='ocr_carea' id='block_1_114' title="bbox 2030 5327 3611 5401">
    <p class='ocr_par' dir='ltr' id='par_1_114' title="bbox 2030 5327 3611 5401">
     <span class='ocr_line' id='line_1_114' title="bbox 2030 5327 3611 5401; baseline -0.003 -17"><span class='ocrx_word' id='word_1_854' title='bbox 2030 5331 2263 5385; x_wconf 75' lang='grc' dir='ltr'>ἐπὶτῶν</span> <span class='ocrx_word' id='word_1_855' title='bbox 2324 5333 2504 5387; x_wconf 76' lang='grc' dir='ltr'>ἄλλων</span> <span class='ocrx_word' id='word_1_856' title='bbox 2552 5331 2780 5401; x_wconf 82' lang='grc' dir='ltr'>ὁμοίως.</span> <span class='ocrx_word' id='word_1_857' title='bbox 2849 5327 2994 5398; x_wconf 85' lang='grc' dir='ltr'>Ἐγὼ</span> <span class='ocrx_word' id='word_1_858' title='bbox 3033 5328 3089 5382; x_wconf 77' lang='grc' dir='ltr'><strong>δὲ</strong></span> <span class='ocrx_word' id='word_1_859' title='bbox 3147 5328 3310 5391; x_wconf 79' lang='grc' dir='ltr'>δείξω</span> <span class='ocrx_word' id='word_1_860' title='bbox 3362 5327 3465 5388; x_wconf 74' lang='grc' dir='ltr'>σοι,</span> <span class='ocrx_word' id='word_1_861' title='bbox 3525 5327 3611 5379; x_wconf 85' lang='grc' dir='ltr'>ὅτι</span> 
     </span>
    </p>
   </div>
   <div class='ocr_carea' id='block_1_115' title="bbox 2032 5414 3607 5496">
    <p class='ocr_par' dir='ltr' id='par_1_115' title="bbox 2032 5414 3607 5496">
     <span class='ocr_line' id='line_1_115' title="bbox 2032 5414 3607 5496; baseline -0.003 -19"><span class='ocrx_word' id='word_1_862' title='bbox 2032 5424 2207 5478; x_wconf 78' lang='grc' dir='ltr'>πολλὰ</span> <span class='ocrx_word' id='word_1_863' title='bbox 2234 5414 2517 5490; x_wconf 89' lang='grc' dir='ltr'>πιστεύεις</span> <span class='ocrx_word' id='word_1_864' title='bbox 2561 5425 2598 5480; x_wconf 76' lang='grc' dir='ltr'>ἃ</span> <span class='ocrx_word' id='word_1_865' title='bbox 2630 5424 2853 5496; x_wconf 80' lang='grc' dir='ltr'>βλέπειν</span> <span class='ocrx_word' id='word_1_866' title='bbox 2881 5424 2955 5478; x_wconf 77' lang='grc' dir='ltr'>ὀὐ</span> <span class='ocrx_word' id='word_1_867' title='bbox 3008 5422 3163 5495; x_wconf 73' lang='grc' dir='ltr'>δύνῃ.</span> <span class='ocrx_word' id='word_1_868' title='bbox 3223 5418 3510 5481; x_wconf 76' lang='grc' dir='ltr'>Πιστεύεις</span> <span class='ocrx_word' id='word_1_869' title='bbox 3540 5420 3607 5473; x_wconf 81' lang='grc' dir='ltr'>ἐκ</span> 
     </span>
    </p>
   </div>
   <div class='ocr_carea' id='block_1_116' title="bbox 2029 5508 3605 5585">
    <p class='ocr_par' dir='ltr' id='par_1_116' title="bbox 2029 5508 3605 5585">
     <span class='ocr_line' id='line_1_116' title="bbox 2029 5508 3605 5585; baseline -0.005 -18"><span class='ocrx_word' id='word_1_870' title='bbox 2029 5515 2140 5567; x_wconf 86' lang='grc' dir='ltr'>τῶν</span> <span class='ocrx_word' id='word_1_871' title='bbox 2202 5514 2487 5585; x_wconf 79' lang='grc' dir='ltr'>τεσσάρων</span> <span class='ocrx_word' id='word_1_872' title='bbox 2548 5510 2689 5567; x_wconf 84' lang='grc' dir='ltr'>εἶναι</span> <span class='ocrx_word' id='word_1_873' title='bbox 2744 5513 3029 5584; x_wconf 84' lang='grc' dir='ltr'>στοιχείων</span> <span class='ocrx_word' id='word_1_874' title='bbox 3073 5509 3133 5563; x_wconf 82' lang='grc' dir='ltr'><strong>τὺ</strong></span> <span class='ocrx_word' id='word_1_875' title='bbox 3175 5509 3338 5578; x_wconf 82' lang='grc' dir='ltr'>σῶμα</span> <span class='ocrx_word' id='word_1_876' title='bbox 3379 5508 3439 5560; x_wconf 82' lang='grc' dir='ltr'>τὸ</span> <span class='ocrx_word' id='word_1_877' title='bbox 3491 5508 3605 5569; x_wconf 66' lang='grc' dir='ltr'>σὺν,</span> 
     </span>
    </p>
   </div>
   <div class='ocr_carea' id='block_1_117' title="bbox 2030 5600 3608 5678">
    <p class='ocr_par' dir='ltr' id='par_1_117' title="bbox 2030 5600 3608 5678">
     <span class='ocr_line' id='line_1_117' title="bbox 2030 5600 3608 5678; baseline -0.006 -16"><span class='ocrx_word' id='word_1_878' title='bbox 2030 5608 2149 5662; x_wconf 79' lang='grc' dir='ltr'>ἀλλ’</span> <span class='ocrx_word' id='word_1_879' title='bbox 2177 5607 2240 5661; x_wconf 77' lang='grc' dir='ltr'>οὖ</span> <span class='ocrx_word' id='word_1_880' title='bbox 2297 5607 2523 5678; x_wconf 87' lang='grc' dir='ltr'>βλέπεις</span> <span class='ocrx_word' id='word_1_881' title='bbox 2557 5607 2690 5661; x_wconf 78' lang='grc' dir='ltr'>αὐτὸ</span> <span class='ocrx_word' id='word_1_882' title='bbox 2731 5606 3120 5675; x_wconf 81' lang='grc' dir='ltr'>συντιθέμενον</span> <span class='ocrx_word' id='word_1_883' title='bbox 3154 5600 3213 5667; x_wconf 80' lang='grc' dir='ltr'><strong>ἐξ</strong></span> <span class='ocrx_word' id='word_1_884' title='bbox 3255 5601 3433 5654; x_wconf 78' lang='grc' dir='ltr'>αὐτῶν</span> <span class='ocrx_word' id='word_1_885' title='bbox 3460 5615 3475 5630; x_wconf 78' lang='lat'><strong><em>°</em></strong></span> <span class='ocrx_word' id='word_1_886' title='bbox 3513 5616 3608 5652; x_wconf 81' lang='grc' dir='ltr'>πι-</span> 
     </span>
    </p>
   </div>
   <div class='ocr_carea' id='block_1_118' title="bbox 2033 5690 3612 5769">
    <p class='ocr_par' dir='ltr' id='par_1_118' title="bbox 2033 5690 3612 5769">
     <span class='ocr_line' id='line_1_118' title="bbox 2033 5690 3612 5769; baseline -0.005 -18"><span class='ocrx_word' id='word_1_887' title='bbox 2033 5698 2249 5764; x_wconf 84' lang='grc' dir='ltr'>στεύεις</span> <span class='ocrx_word' id='word_1_888' title='bbox 2279 5699 2372 5753; x_wconf 73' lang='grc' dir='ltr'>τὸν</span> <span class='ocrx_word' id='word_1_889' title='bbox 2402 5698 2496 5751; x_wconf 82' lang='grc' dir='ltr'><strong>σὺν</strong></span> <span class='ocrx_word' id='word_1_890' title='bbox 2543 5700 2883 5769; x_wconf 88' lang='grc' dir='ltr'>πρόπαππον</span> <span class='ocrx_word' id='word_1_891' title='bbox 2912 5697 3007 5750; x_wconf 70' lang='grc' dir='ltr'>καὶ</span> <span class='ocrx_word' id='word_1_892' title='bbox 3044 5694 3367 5747; x_wconf 69' lang='grc' dir='ltr'>ιπίπαππον</span> <span class='ocrx_word' id='word_1_893' title='bbox 3395 5690 3612 5743; x_wconf 76' lang='grc' dir='ltr'>τοιούσο</span> 
     </span>
    </p>
   </div>
   <div class='ocr_carea' id='block_1_119' title="bbox 2032 5780 3601 5861">
    <p class='ocr_par' dir='ltr' id='par_1_119' title="bbox 2032 5780 3601 5861">
     <span class='ocr_line' id='line_1_119' title="bbox 2032 5780 3601 5861; baseline -0.005 -17"><span class='ocrx_word' id='word_1_894' title='bbox 2032 5791 2086 5844; x_wconf 85' lang='grc' dir='ltr'>δε</span> <span class='ocrx_word' id='word_1_895' title='bbox 2129 5790 2436 5861; x_wconf 82' lang='grc' dir='ltr'>γεγονέναι,</span> <span class='ocrx_word' id='word_1_896' title='bbox 2467 5789 2583 5843; x_wconf 82' lang='grc' dir='ltr'>ἀλλ’</span> <span class='ocrx_word' id='word_1_897' title='bbox 2608 5789 2707 5844; x_wconf 83' lang='grc' dir='ltr'>οὐκ</span> <span class='ocrx_word' id='word_1_898' title='bbox 2753 5783 2892 5853; x_wconf 70' lang='grc' dir='ltr'>εἶδες</span> <span class='ocrx_word' id='word_1_899' title='bbox 2918 5787 3117 5850; x_wconf 75' lang='grc' dir='ltr'>αὐτούς</span> <span class='ocrx_word' id='word_1_900' title='bbox 3139 5802 3150 5814; x_wconf 92' lang='grc'><strong>·</strong></span> <span class='ocrx_word' id='word_1_901' title='bbox 3188 5782 3464 5845; x_wconf 79' lang='grc' dir='ltr'>πιστεύεις</span> <span class='ocrx_word' id='word_1_902' title='bbox 3505 5780 3601 5836; x_wconf 81' lang='grc' dir='ltr'>τὸν</span> 
     </span>
    </p>
   </div>
  </div>
