3948 6186
313 298 421 360 369

1311 305 1499 371 ΙΙΟΜ.
1539 308 1637 368 DE
1680 309 2010 375 SACRAM.
2064 316 2416 380 CURPORE
2454 321 2608 384 J.-C.

3469 327 3575 390 370

310 417 557 474 ὠκεανὸν
585 420 934 490 περικλύζειν
968 422 1067 495 τὴν
1105 423 1228 495 γῆν⁸
1258 426 1537 492 πιστεύεις
1562 427 1641 499 τῷ
1670 428 1887 499 λέγοντι

2003 437 2232 507 positum
2268 440 2340 495 sit
2366 444 2581 506 ;credis
2618 458 2881 513 proavum
2919 456 2970 496 et
3023 451 3242 496 atavum
3283 446 3437 496 tuum
3474 444 3577 496 bos

312 512 405 565 τὸν
438 512 595 582 ἥλιον
623 513 903 584 ἐκλείψειν
933 517 1055 569 ὄλον
1086 517 1119 586 ἢ
1156 518 1251 571 τὸν
1298 520 1475 588 ἡμίση
1520 523 1661 590 μετά
1693 526 1893 577 τοσαύ-

315 623 413 670 τας
441 606 659 677 ἡμέρας
687 608 782 660 καὶ
812 608 984 679 ὧρας,
1017 609 1133 662 ἀλλ’
1166 610 1269 665 οὐκ
1298 607 1438 677 εἶδες
1483 614 1644 680 αὐτὰ,
1676 614 1709 686 ἢ
1734 614 1890 670 οὔπω

317 698 591 769 ἑώρακας.
618 700 681 752 Εί
716 699 773 754 δὲ
803 704 917 764 τοῖς
942 701 1118 755 ταῦτα
1149 704 1458 774 ἱστοροῦσιν
1495 706 1767 769 ἀποδίδως
1791 709 1893 779 τὴν

321 795 528 860 πίστιν,
569 795 721 863 πόσῳ
750 794 886 856 Θεὸς
927 796 1377 867 ἀξιοπιστότερος
1420 798 1729 871 ἀνθρώπων
1778 801 1890 854 τῶν

316 886 490 939 ταῦτα
507 886 880 955 διηγουμένων
903 887 1099 955 λέγων,
1124 890 1231 954 ὅτι,
1264 889 1446 944 Τοῦτό
1470 891 1601 944 ἐστι
1630 892 1698 944 τὸ
1723 890 1898 961 σῶμα

311 998 457 1059 μου,
487 972 605 1045 x'a‘,
645 978 832 1034 Τοῦτο
866 979 934 1033 τὸ
959 975 1101 1048 αἷμά
1126 997 1288 1051 μους
1335 981 1497 1037 Ἀλλά
1516 983 1766 1054 καὶπερὶ
1795 982 1896 1052 τῆς

320 1074 578 1143 ἀληθείας
627 1074 721 1127 τοῦ
772 1073 1021 1135 εἰπόντος
1051 1073 1405 1143 ἀμφιϐάλλω,
1454 1075 1614 1144 φησὶ,
1657 1076 1751 1129 καὶ
1793 1075 1893 1146 τῆς

319 1166 531 1217 ἐκείνου
615 1164 897 1235 θεότητος.
983 1165 1126 1219 Ἀλλ’
1206 1165 1624 1235 ὲκτετύφλωσαι
1697 1167 1895 1234 ὅντως,

319 1257 601 1327 ἄνθρωπε,
659 1258 792 1329 περὶ
855 1256 965 1311 τῶν
1013 1258 1299 1328 προδήλων
1359 1259 1686 1329 ἀμφιγνοῶν
1741 1262 1897 1329 ήλίου

318 1350 708 1420 λαμπρότερον
740 1351 1086 1421 μαρτυροῦσι
1122 1351 1222 1422 τὴν
1244 1352 1501 1424 ἀλήθειαν
1522 1352 1616 1407 τοῦ
1647 1355 1896 1419 εἰπόντος

320 1441 413 1493 καὶ
467 1443 568 1510 τὴν
602 1442 856 1511 θεότητα,
890 1441 946 1496 αί
1001 1444 1131 1511 περὶ
1186 1443 1351 1496 αὐτὸν
1400 1447 1736 1516 προφητεῖαι
1785 1446 1896 1499 τῶν

322 1533 486 1603 ιερῶν
518 1534 844 1603 προφητῶν,
876 1535 987 1586 τῶν
1024 1535 1403 1606 χρηστηρίων,
1437 1535 1548 1589 τῶν
1590 1536 1894 1602 Σιϐυλλῶν,

319 1626 541 1679 πάντων
578 1624 783 1693 σοφῶν,
822 1624 1046 1677 πάντων
1081 1626 1330 1695 μάντεων
1362 1625 1633 1696 εὐφήμως
1665 1626 1761 1695 τὴν
1799 1643 1897 1695 με·

321 1719 515 1785 γίστην
570 1718 791 1787 ἐκείνην
848 1718 944 1771 καὶ
998 1716 1325 1785 σωτηριὼδη
1378 1719 1743 1788 καινοτομίαν
1800 1719 1896 1772 ἐπὶ

320 1810 607 1878 βελτιώσει
653 1808 757 1879 τῆς
799 1809 1017 1879 φύσεως
1065 1810 1353 1881 πόρρωθεν
1393 1811 1895 1882 προαγγέλλουσαι,
1929 1789 1971 1846 Β

273 1940 283 1949 -
320 1906 829 1974 οἱκονομησαμένου
852 1903 1014 1957 τοῦτο
1034 1903 1194 1968 Θεοῦ,
1220 1904 1308 1957 ἴνα
1333 1903 1749 1973 ἀπροφάσιστος
1769 1903 1805 1972 ἠ
1829 1903 1897 1973 σὴ

319 1998 545 2051 ἀπιστία
575 1996 881 2068 κατακριθῇ
911 2011 927 2027 ο
958 1996 1028 2050 τά
1075 1995 1518 2066 προηγησάμενα
1550 1993 1651 2065 τῆς
1699 1994 1899 2064 γεννή-

327 2106 463 2154 σεως
492 2086 687 2153 αὐτοῦ,
722 2090 948 2155 καὶτῆς
998 2086 1330 2153 ἀναδείξεως
1382 2086 1663 2155 θαύματα·
1697 2088 1727 2141 ό
1755 2086 1899 2157 ὑπὲρ

324 2181 668 2254 ἀνθρώπινον
692 2181 860 2236 αὐτοῦ
915 2179 1051 2252 βίος.
1082 2183 1116 2252 ἡ
1159 2180 1470 2252 ὑψηλοτάτη
1502 2182 1599 2236 καλ⁵
1643 2180 1901 2253 οὐράνιος

324 2278 416 2329 καὶ
438 2276 570 2346 ⁸θεία
599 2274 772 2339 ὅντως
806 2273 1126 2343 νομοθεσία,
1162 2274 1217 2327 αί
1250 2274 1593 2346 προρρήσεις
1623 2274 1791 2329 αὐτοῦ
1819 2276 1901 2339 είς

327 2371 490 2441 ἔργον
557 2367 918 2440 ὲκδεῆηκυῖαι
973 2367 1174 2434 πᾶσαι,
1228 2367 1284 2421 al
1343 2366 1648 2438 ὑπερφυεῖς
1690 2365 1900 2419 ἐκεῖναι

325 2460 793 2533 θαυματουργίαι,
838 2459 868 2512 ό
921 2458 1173 2523 ἑκούσιος
1209 2456 1465 2521 θάνατος.
1508 2456 1578 2511 τά
1630 2455 1719 2509 ἐπ’
1751 2455 1901 2525 αὐτῷ

326 2549 587 2620 θαύματα
609 2564 624 2581 ο
657 2547 716 2602 αί
751 2547 894 2618 μετὰ
920 2547 1118 2602 τούτου
1156 2546 1548 2617 λαμπρότητες
1598 2547 1793 2601 πᾶσαι.
1828 2545 1903 2599 Τὸ

324 2641 432 2694 τῶν
467 2639 734 2711 μαθητῶν
787 2639 1192 2711 ἀμετάπτωτον
1223 2639 1371 2709 μέγα
1403 2639 1505 2711 μὲν
1523 2639 1573 2692 εί
1603 2639 1700 2709 τῆς
1718 2639 1903 2694 αὐτῶν

324 2733 562 2797 πίστεως
594 2728 684 2805 ἧν,
718 2733 813 2787 καὶ
848 2733 1017 2802 πολλὴ
1050 2733 1153 2803 τῆς
1192 2733 1325 2803 περὶ
1350 2730 1443 2784 τοῦ
1500 2729 1740 2801 Χριστοῦ
1776 2747 1903 2784 συν-

325 2824 681 2898 εγνωσμινης
732 2825 921 2888 αὐτοῖς
966 2824 1232 2895 ἀληθείας
1282 2821 1583 2888 ἀπόδειξις
1622 2821 1811 2892 μεῖζον
1842 2823 1900 2878 δὲ

330 2921 383 2974 εί
416 2919 517 2990 τῆς
544 2917 755 2972 ἐκείνου
788 2916 1017 2989 χάριτος
1042 2911 1111 2989 ἦν
1132 2916 1192 2971 οὐ
1232 2915 1499 2987 παρόντος
1533 2915 1899 2985 σωματικῶς,

326 3011 404 3076 ὡς
431 3011 723 3082 πρότερον,
768 3009 889 3064 ἀλλ’
922 3007 1175 3079 ἀοράτως
1204 3008 1268 3061 ἐκ
1304 3008 1414 3061 τῶν
1452 3006 1703 3077 οὐρανῶν
1738 3008 1902 3061 αὐτὸν

1999 528 2081 584 vel
2122 530 2246 587 illos
2307 534 2608 600 exstitisse,
2676 534 2771 589 sed
2833 549 2929 591 eos
2980 550 3088 589 non
3136 533 3320 590 vidisti
3358 536 3579 600 ;credis

1997 634 2262 675 oceanum
2317 623 2692 679 circumfundi
2730 636 2958 690 terram,
3006 624 3189 682 credis
3242 626 3449 682 dicenti
3485 642 3578 683 so-

2000 710 2107 763 lent
2163 713 2393 782 eclipsin
2438 730 2733 783 passurum
2794 726 2965 772 totum
3015 718 3098 772 vel
3140 717 3427 772 dimidiuttt
3459 729 3578 788 post

2001 812 2079 857 tot
2137 806 2258 862 dies
2312 816 2366 862 et
2423 807 2634 873 horas;
2670 810 2765 864 sed
2823 824 2934 864 non
2988 811 3195 876 vidisti,
3251 826 3427 881 neque
3479 829 3577 866 un-

1999 911 2165 965 quam
2224 898 2338 952 haec
2364 900 2546 954 oculis
2586 903 2892 971 usurpasti.
2919 902 2976 957 Si
3016 918 3147 957 vero
3187 903 3303 959 haec
3339 904 3580 959 referen-

2002 988 2149 1044 tibus
2186 989 2344 1043 fidem
2396 992 2650 1057 adhibes,
2701 1003 2905 1063 quanto
2959 995 3135 1062 magis
3178 1011 3290 1063 pra:
3343 997 3575 1051 homini-

2000 1087 2105 1142 bus
2147 1087 2252 1142 ista
2296 1089 2657 1144 narrantibus
2688 1088 2849 1143 fidem
2887 1098 3131 1143 meretur
3160 1088 3307 1144 Deus
3348 1090 3579 1144 dicens:

2003 1176 2118 1232 Hoc
2142 1189 2219 1232 est
2254 1194 2446 1246 corpus
2480 1194 2684 1242 meum;
2738 1189 2793 1232 et
2822 1194 2837 1232 :
2873 1178 2977 1231 Hic
3017 1185 3095 1230 est
3127 1178 3347 1246 sanguis
3389 1194 3532 1229 meus
3561 1180 3582 1229 ?

2003 1268 2107 1324 Sed
2167 1268 2378 1333 dubito,
2414 1267 2622 1337 inquis,
2653 1265 2721 1321 de
2757 1266 3061 1321 veracitate
3105 1266 3225 1334 ejus
3274 1265 3371 1334 qui
3417 1265 3581 1327 dixit,

2000 1369 2055 1415 et
2095 1361 2162 1416 de
2192 1360 2314 1430 ejus
2361 1360 2670 1415 divinitate.
2715 1358 2786 1411 At
2835 1358 3060 1413 canentis
3115 1373 3279 1418 vere,
3329 1372 3362 1410 o
3396 1356 3581 1416 homo,

2000 1452 2068 1507 de
2126 1452 2294 1508 rebus
2340 1449 2654 1506 manifestis
2705 1450 2985 1513 haesitans,
3041 1464 3166 1504 cum
3203 1449 3319 1504 sole
3382 1447 3585 1501 clarius

2002 1543 2379 1598 testimonium
2436 1524 2765 1611 perbibeant
2817 1540 2885 1595 de
2941 1541 3238 1595 veracitate
3284 1548 3339 1594 et
3382 1538 3581 1592 divini-

2002 1642 2111 1690 tate
2134 1633 2431 1704 loqttentis,
2454 1642 2770 1688 sanctorum
2792 1633 3182 1702 prophetarum
3212 1631 3279 1685 de
3296 1646 3364 1684 eo
3388 1629 3547 1683 vatici
3564 1659 3576 1666 -

2000 1726 2111 1790 nia,
2134 1726 2379 1791 oracula,
2406 1723 2642 1795 Sibyllae,
2663 1723 2941 1792 sapientes
2962 1732 3016 1777 et
3038 1732 3425 1783 vatesomnes;
3458 1737 3580 1788 qtue

2001 1817 2223 1889 quidem
2256 1817 2561 1887 prephetiue
2606 1816 2699 1871 diu
2738 1823 2866 1870 ante
2919 1814 3437 1885 praenuntiaveruttt
3472 1830 3580 1865 ma-

2002 1910 2208 1965 ximam
2243 1909 2392 1964 illam
2423 1918 2475 1964 et
2500 1907 2809 1963 salutarem
2838 1921 3023 1963 rerum
3062 1920 3331 1962 novarum
3357 1905 3579 1964 seriem,

2003 2001 2071 2057 ad
2109 2010 2320 2057 naturae
2376 2009 2579 2057 nostra:
2651 1999 3065 2069 provectionem
3113 1997 3167 2051 in
3204 1996 3422 2059 melius,
3472 1993 3583 2049 Deo

2001 2095 2078 2151 ita
2110 2094 2489 2164 dispensante,
2548 2101 2609 2147 ut
2648 2090 3057 2153 inexcusabilis
3097 2087 3457 2143 incredulitas
3488 2096 3580 2139 tua

2002 2186 2488 2243 condemnaretur.
2547 2184 2814 2239 Miracula
2871 2197 2993 2253 qua:
3051 2181 3176 2250 ejus
3237 2179 3579 2234 nativitatem

2003 2289 2058 2336 et
2103 2278 2606 2335 manifestationem
2663 2284 3111 2344 praecesserunt;-
3160 2274 3273 2327 vita
3316 2272 3437 2342 ejus
3483 2272 3579 2325 lto-

2003 2370 2168 2427 miuis
2223 2370 2592 2425 conditionem
2649 2384 2961 2438 superans;
2997 2365 3398 2423 sublimissitna
3432 2364 3573 2432 ejus.

2005 2462 2250 2520 cmlestis
2294 2472 2349 2517 et
2390 2477 2519 2519 vere
2560 2461 2746 2517 divina
2806 2461 3083 2531 legislatio
3121 2476 3138 2526 ;
3189 2458 3578 2529 praedictiones

2003 2554 2147 2624 eius,
2202 2570 2327 2625 qua:
2380 2567 2577 2609 omnes
2619 2563 2822 2609 eventu
2885 2552 3259 2623 comprobata:
3308 2550 3576 2613 fuerunt;

2004 2645 2266 2702 miracula
2316 2646 2489 2711 edita,
2541 2659 2667 2716 qua;
2723 2643 3033 2699 naturalem
3092 2641 3390 2713 potentiam
3419 2656 3583 2694 cxce-

2005 2739 2140 2792 dunt
2180 2753 2377 2803 ;mors
2435 2737 2781 2804 voluntaria;
2836 2735 3085 2808 prodigia
3128 2750 3253 2807 qua?
3312 2749 3431 2789 eam
3485 2748 3577 2787 cu-

2005 2831 2219 2897 mitata,
2269 2838 2325 2887 et
2354 2847 2476 2903 quae
2513 2846 2637 2887 eam
2685 2838 2878 2888 secuta
2908 2836 3064 2895 sunt,
3093 2828 3279 2882 omnia
3309 2835 3417 2880 tam
3453 2825 3576 2878 illu-

2003 2923 2162 2979 stria.
2202 2922 2608 2993 Discipulorum
2638 2920 3006 2977 immutabilis
3044 2917 3303 2979 firmitas,
3326 2931 3580 2984 magnum

2006 3014 2267 3086 quiddam
2324 3030 2482 3079 sane,
2512 3013 2558 3069 si
2595 3029 2663 3067 ex
2717 3026 2911 3066 eorum
2954 3008 3062 3064 fide
3115 3016 3237 3062 erat
3268 3024 3283 3073 ;
3312 3006 3586 3074 simulque

323 3102 651 3165 ἐντιθέντος.
712 3101 776 3154 Ui
822 3100 932 3155 τῶν
954 3098 1272 3153 ἀποστόλων
1295 3099 1507 3167 ἀγῶνες
1540 3098 1682 3167 ὑπὲρ
1711 3098 1896 3152 αὐτοῦ·

2007 3108 2343 3179 amplissima
2394 3107 2595 3175 agnita:
2634 3104 2702 3159 ab
2738 3103 2874 3172 ipsis
2931 3101 2999 3155 de
3046 3098 3271 3155 Christo
3336 3098 3587 3152 veritatis

324 3198 353 3251 ό
381 3197 498 3267 βίος
519 3196 700 3249 αὐτῶν
730 3194 882 3247 οὐδὲν
929 3193 1140 3266 ἀπᾷδον
1167 3191 1307 3262 ἔχων
1338 3192 1449 3246 τῶν
1480 3191 1662 3244 καλῶν
1694 3192 1903 3261 δογμά-

323 3306 434 3341 των
467 3288 565 3341 καὶ
598 3283 1071 3357 παραδειγμάτων
1103 3282 1201 3337 τοῦ
1236 3282 1585 3338 διδασκάλου·
1627 3283 1679 3338 oi
1708 3282 1896 3337 κίνδυο

323 3400 405 3435 νοι
435 3380 639 3435 τούτων
688 3378 831 3449 ὑπὲρ
882 3376 986 3447 τῆς
1036 3375 1296 3448 ἀληθείας
1348 3377 1571 3444 καὶτῆς
1627 3374 1902 3446 σωτηρίας

323 3473 420 3527 τοῦ
452 3474 661 3545 κόσμου
701 3474 839 3545 μετά
863 3472 1121 3527 τοσούτου
1148 3472 1313 3543 ζήλου
1333 3485 1347 3500 ⁶
1375 3471 1444 3525 τά
1475 3470 1735 3540 θαύματα
1767 3471 1802 3525 ἃ
1830 3470 1898 3525 δι’

324 3566 503 3620 αὐτῶν
554 3564 905 3637 ἐνηργοῦντο,
956 3564 1054 3618 καὶ
1104 3559 1187 3627 οἷς
1243 3563 1631 3633 ἐφυλάττοντο.
1685 3564 1767 3617 Ti
1795 3563 1904 3617 τῶν

323 3658 621 3731 μαρτύρων
659 3656 872 3726 αἵματα
907 3657 1003 3710 καὶ
1032 3658 1103 3709 τὰ
1130 3656 1389 3725 θαύματα
1410 3672 1426 3688 ⁸
1458 3658 1491 3725 ἠ
1520 3656 1749 3727 λαμπρὰ
1772 3656 1898 3708 πάν-

321 3767 429 3804 των
462 3751 571 3803 τῶν
597 3749 696 3820 τῆς
729 3749 835 3818 γῆς
867 3747 1150 3818 κλιμάτων
1198 3746 1309 3801 ἀπὸ
1344 3747 1443 3817 τῆς
1492 3747 1705 3817 πλάνης
1764 3746 1901 3818 πρὸς

329 3843 428 3914 τὴν
461 3841 637 3912 ἀληθῆ
696 3842 828 3912 περὶ
887 3839 1023 3893 Θεοῦ
1078 3840 1264 3894 πίστιν
1321 3840 1667 3910 ἐπιστροφή*
1715 3842 1747 3908 ἡ
1789 3839 1891 3906 τῆς

329 3934 683 4004 πολυχρονίου
756 3931 1189 4003 δεισιδαιμονίας
1245 3931 1549 3994 κατάλυσις
1608 3931 1902 3995 τοσούτους

322 4030 623 4099 τυράννους
655 4029 752 4082 καλ⁸
774 4025 1044 4086 δυνάστας
1079 4025 1524 4095 προϊσταμένους
1550 4024 1781 4095 ἐχούσης
1807 4026 1902 4077 καὶ

325 4120 649 4188 ὐπερδίκους
679 4120 752 4189 σή
792 4118 893 4188 τῆς
936 4118 1090 4189 ἱερᾶς
1162 4117 1487 4189 Ἐκκλησῖας
1533 4118 1674 4187 μετά
1726 4118 1901 4171 ταῦτα

323 4213 684 4275 κατάστασις,
723 4212 929 4273 παντὸς
979 4210 1182 4281 σεμνοῦ
1233 4212 1328 4264 καὶ¹
1375 4212 1560 4282 τιμίου
1611 4212 1708 4265 καὶ
1738 4217 1903 4265 πνευ-

324 4306 557 4376 ματικοῦ
590 4306 807 4375 πλήρης
855 4305 1164 4376 χρήματος,
1200 4306 1291 4358 καὶ
1320 4304 1455 4372 πρὸς
1492 4305 1683 4359 εἰκόνα
1714 4306 1813 4374 τῆς
1840 4306 1898 4358 ὲν

322 4400 571 4469 οὐρανοῖς
636 4396 893 4463 εὐταξίας
958 4394 1387 4466 ἐξειργασμένη.
1446 4396 1555 4449 Καὶ
1609 4396 1661 4447 τί
1717 4395 1782 4449 ἄν
1813 4412 1897 4456 τις

2008 3195 2413 3252 demonstratio
2444 3210 2463 3248 :
2497 3193 2681 3261 majus
2733 3205 2882 3255 vero,
2934 3189 2980 3243 si
3053 3189 3108 3243 id
3160 3188 3338 3257 ipsius
3401 3186 3587 3255 gratia:

2008 3288 2360 3345 tribuendum
2424 3294 2561 3352 erat,
2617 3285 2711 3354 qui
2756 3300 2867 3339 non
2914 3282 3051 3354 jam,
3089 3291 3149 3336 ut
3183 3279 3359 3352 prius,
3392 3294 3586 3347 corpu-

2006 3382 2193 3438 raliter
2244 3394 2505 3450 praesens,
2559 3378 2654 3435 sed
2719 3376 3069 3433 invisibiliter
3143 3389 3175 3430 e
3231 3371 3392 3428 caelis
3465 3386 3587 3425 eam

2008 3475 2343 3531 insinuabat.
2372 3474 2759 3543 Apostolorum
2810 3486 2907 3540 pro
2936 3469 3058 3540 ipso
3092 3464 3392 3522 certamina
3428 3481 3444 3530 ;
3478 3463 3585 3518 vita

2004 3583 2197 3625 eorum
2233 3567 2368 3621 nihil
2396 3566 2604 3622 habens
2634 3566 2902 3620 absonum
2931 3578 2959 3616 a
2991 3561 3276 3632 prteclaris
3310 3556 3587 3613 doctrinis

2007 3672 2061 3717 et
2117 3660 2387 3730 exemplis
2456 3657 2763 3730 magistri;
2817 3654 3059 3725 pericula
3121 3654 3190 3707 ab
3256 3649 3395 3721 ipsis
3459 3663 3587 3701 cum

2008 3761 2161 3807 tanto
2229 3750 2447 3807 fervore
2507 3757 2765 3818 suscepta
2842 3762 2943 3818 pro
2998 3745 3230 3799 veritate
3281 3750 3335 3797 et
3409 3740 3587 3795 salute

2008 3842 2201 3898 mundi
2238 3860 2253 3910 ;
2296 3841 2560 3897 miracula
2587 3855 2709 3911 quae
2760 3854 2858 3907 per
2912 3853 3009 3893 eos
3069 3836 3474 3898 eﬂiciebantur,
3534 3842 3587 3885 et

2006 3936 2205 4005 quibus
2264 3934 2646 3990 servabantur.
2670 3931 2968 4003 Martyrum
3029 3928 3253 3997 sanguis
3318 3937 3374 3982 et
3422 3925 3585 3980 mit-a-

2005 4028 2131 4084 cula
2159 4045 2172 4080 :
2202 4024 2490 4097 splendida
2550 4025 2798 4077 omnium
2858 4021 3011 4076 orbis
3054 4020 3336 4073 climatum
3392 4018 3460 4071 ab
3501 4033 3585 4069 er-

2006 4136 2129 4176 rore
2181 4120 2246 4174 ad
2301 4134 2485 4173 veram
2533 4117 2601 4171 de
2642 4116 2752 4171 Deo
2779 4115 2941 4169 fidem
2982 4112 3275 4168 conversio
3319 4128 3331 4165 :
3367 4109 3585 4163 diutur-

2006 4225 2089 4262 nae
2147 4208 2293 4262 illius
2328 4205 2744 4275 superstitionis
2805 4203 3129 4264 destructio,
3177 4201 3307 4254 licet
3358 4207 3438 4252 tot
3503 4209 3583 4269 ty-

2007 4316 2210 4355 rannos
2237 4309 2290 4355 et
2327 4300 2589 4371 dynastas
2620 4306 2964 4369 protectores
3012 4302 3068 4349 et
3121 4293 3365 4347 vindices
3419 4291 3584 4344 liabe-

2008 4405 2124 4448 ret:
2162 4394 2380 4449 demum
2416 4403 2620 4447 sanctae
2674 4388 2934 4444 Ecclesiae
2964 4386 3308 4451 constitutio,
3365 4388 3418 4438 in
3478 4400 3584 4453 qua

325 4493 624 4560 καταλέγοι
679 4492 778 4553 τάς
832 4489 1250 4561 ἐναργεστάτας
1302 4490 1433 4560 περὶ
1492 4490 1592 4559 τῆς
1653 4490 1896 4559 Χριστοῦ

2006 4486 2275 4556 quidquid
2325 4494 2648 4555 augustum,
2704 4482 3010 4553 pretiosum
3058 4488 3113 4534 et
3170 4475 3453 4548 spiritu-ale
3478 4487 3584 4535 est.

322 4586 574 4656 θεότητος
616 4583 925 4650 ἀποδείξεις
956 4584 1222 4653 ἀπείρους
1248 4581 1416 4644 οὔσας
1442 4581 1520 4651 τῷ
1555 4582 1780 4653 πλήθει,
1804 4581 1897 4635 καὶ

318 4683 385 4748 τῇ
442 4680 671 4747 δυνάμει
728 4678 1033 4746 μεγίστας;
1065 4675 1232 4729 Ὅθεν
1262 4678 1361 4739 τὰς
1404 4675 1504 4745 μὲν
1538 4676 1671 4745 περὶ
1698 4674 1895 4727 τούτου

323 4769 413 4824 τοῦ
449 4768 756 4841 μυστηρίου
793 4770 887 4821 καλ⁸
916 4769 1026 4821 τῶν
1057 4768 1236 4821 ἄλλων
1264 4767 1385 4819 ’σύν
1420 4766 1572 4835 αὐτῷ
1612 4766 1773 4819 θείων
1802 4766 1896 4819 καὶ

320 4863 485 4933 ἱερῶν
519 4861 861 4932 μυστηρίων,
888 4859 982 4915 καὶ
1012 4860 1141 4930 ὅλης
1169 4860 1268 4928 τῆς
1297 4860 1534 4922 πίστεως
1562 4858 1895 4929 ἀμφιϐολίας

318 4959 431 5020 τοῖς
461 4956 711 5016 ἀπίστοις
742 4956 840 5009 καὶ.
874 4954 1175 5024 αἱρετικοῖς
1214 4951 1611 5021 καταλίπωμεν
1635 4967 1649 4982 ⁸
1692 4952 1895 5021 μᾶλλον

314 5048 371 5101 δὲ
421 5047 515 5101 καὶ
565 5045 781 5109 τούτοις
827 5045 1118 5114 εὐξώμεθα
1165 5047 1230 5113 τῇ
1283 5044 1383 5112 τῆς
1442 5043 1701 5115 ἀληθείας
1727 5043 1895 5116 αίγλῃ

317 5137 801 5207 καταλαμφθῆναι.
862 5136 1052 5206 Ἡμεῖς
1085 5137 1141 5190 δὲ
1171 5134 1250 5207 τῷ
1304 5136 1454 5207 καλῷ
1502 5134 1682 5204 λιμένι
1722 5152 1895 5206 προσ·

313 5228 683 5300 ορμιζόμενοι,
731 5231 799 5298 τῇ
852 5228 986 5298 ζωῇ,
1035 5227 1112 5297 τῷ
1162 5229 1325 5296 φωτὶ,
1389 5230 1455 5299 τῇ
1506 5227 1758 5298 ἀληθείᾳ,
1824 5229 1889 5298 τῇ

319 5323 451 5391 πρὸς
490 5322 591 5390 τὴν
613 5320 893 5391 σωτηρίαν
939 5321 1062 5390 ὀδῷ,
1114 5316 1192 5390 τῷ
1224 5322 1481 5390 ἡμετέρῳ
1510 5319 1657 5388 λέγω
1684 5324 1893 5373 Δεσπό-

313 5430 401 5487 an,
440 5416 533 5467 καὶ
561 5413 703 5483 ὑπὲρ
744 5415 1003 5468 ἁπάντων
1034 5408 1116 5477 οἷς
1153 5415 1303 5483 ἡμᾶς
1342 5415 1690 5486 εὐηργέτηκε
1727 5413 1891 5485 χάριν

313 5502 701 5573 ὁμολογοῦντες
728 5502 1019 5572 ἀποδῶμεν
1043 5504 1193 5574 αὐτῷ
1212 5506 1307 5557 καὶ
1336 5504 1577 5573 νῦν,’καὶ
1602 5504 1702 5567 τῆς
1726 5521 1891 5557 πνευ-

318 5596 556 5665 ματικῆς
579 5598 785 5666 ταύτης
817 5596 1021 5667 τροφῆς
1057 5598 1158 5667 την
1198 5597 1572 5667 εὐχαριστίαν,
1603 5596 1672 5649 δι’
1697 5592 1763 5669 ἦς
1791 5596 1889 5665 τὴν

314 5694 369 5739 ἐν
400 5692 532 5756 ἡμῖν
581 5691 679 5759 τῆς
711 5692 935 5762 χάριτος
968 5691 1184 5761 θέρμην
1243 5692 1513 5757 μένουσαν
1577 5690 1676 5758 μὲν
1732 5688 1887 5754 αὔξει

323 5782 457 5849 μετὰ
502 5783 707 5850 πολλῆς
746 5784 840 5855 τῆς
876 5784 1222 5856 προσθήκης,
1256 5784 1361 5846 ὑπὸ
1396 5783 1453 5837 δὲ
1489 5782 1587 5853 τῆς
1624 5781 1886 5852 πονηρίας

2008 4576 2226 4631 abunde
2257 4576 2554 4645 reperitur,
2616 4588 2848 4644 quaeque
2893 4573 2959 4625 ad
3004 4570 3299 4640 imaginem
3329 4566 3583 4638 praeclari

2006 4668 2157 4723 illius
2211 4667 2268 4721 in
2329 4668 2470 4721 caalo
2526 4665 2815 4720 constituti
2892 4661 3105 4717 ordinis
3140 4674 3405 4731 expressa
3474 4669 3583 4711 est.

2005 4758 2143 4826 Quis
2204 4774 2332 4815 vero
2403 4766 2690 4813 enunieret
2748 4755 3193 4810 evidentissimus
3259 4752 3327 4807 de
3380 4751 3584 4804 Christi

2005 4850 2300 4907 divinitate
2351 4847 2879 4909 demonstrationes,
2948 4844 3194 4899 infinitas
3227 4842 3473 4911 quidem,
3536 4840 3581 4890 si

2004 4960 2269 4999 numerus
2310 4950 2623 5012 spectetur,
2668 4940 2714 4995 si
2763 4940 2846 4993 vis
2887 4946 2942 4991 et
2990 4938 3223 5007 pondus,
3278 4930 3585 4988 maximas?

2004 5039 2352 5108 Quapropter
2402 5050 2594 5090 omnes
2664 5043 2778 5087 tam
2833 5033 2983 5086 circa
3049 5035 3154 5084 hoc
3226 5028 3578 5097 mysterium,

2005 5150 2171 5205 quam
2233 5133 2445 5199 reliqua
2509 5144 2664 5185 sacra
2699 5137 2754 5181 et
2804 5126 2987 5181 divina
3057 5121 3334 5192 mysteria,
3411 5124 3575 5183 atque

2001 5226 2140 5281 adeo
2192 5225 2339 5278 circa
2386 5222 2568 5285 fidem,
2612 5220 2985 5274 dubitationes
3030 5212 3339 5269 infidelibus
3375 5217 3429 5260 ot
3465 5207 3571 5261 ita?-

2002 5318 2192 5375 reticis
2247 5317 2665 5385 relinquamus:
2714 5313 2949 5365 maxime
3016 5320 3145 5361 vero
3216 5315 3460 5366 oremus,
3513 5309 3574 5351 ut

2000 5410 2251 5467 veritatis
2314 5408 2607 5478 splendore
2663 5404 3061 5459 illumineutur.
3140 5393 3251 5449 Nos
3310 5407 3441 5447 vero
3505 5392 3572 5443 ad

2003 5511 2177 5557 tutum
2221 5506 2439 5570 portum
2519 5494 2877 5565 appellentes,
2943 5487 3262 5549 Dominum,
3322 5483 3574 5553 inquam,

2005 5602 2279 5655 nostrum,
2345 5591 2437 5658 qui
2462 5598 2548 5643 est
2583 5587 2708 5652 vita,
2744 5584 2859 5642 lux,
2892 5582 3093 5634 veritas
3117 5589 3171 5633 et
3199 5578 3287 5632 via
3321 5576 3387 5631 ad
3422 5577 3571 5631 salu-

2000 5698 2134 5749 tem.
2189 5695 2241 5739 ct
2290 5700 2387 5754 pro
2420 5679 2676 5737 omnibus
2727 5674 2926 5743 (μυοίη
2966 5690 3069 5729 nos
3110 5672 3350 5729 contulit
3400 5671 3569 5727 bene-

2001 5781 2140 5837 ficiis
2200 5778 2401 5848 gratias
2463 5758 2782 5835 referentes,
2844 5768 3140 5826 reddamus
3195 5769 3358 5825 etiam
3418 5778 3567 5820 nunc
