3948 6186
271 271 383 334 373

1298 267 1489 330 ΗΟΜ.
1528 266 1626 327 DE
1665 267 1989 343 SACRAM.
2033 266 2384 328 CORPORE
2425 268 2574 331 J.-C.

3437 274 3503 335 87
3513 272 3557 335 4-

273 382 524 454 τὼμενον
587 380 779 446 πάθος,
831 380 923 433 ἐπὶ
958 379 1378 450 λαμπροτάταις
1410 381 1728 448 ἀποδείξεσι
1759 381 1849 450 τῆς

1968 383 2306 450 passionem,
2373 401 2482 438 non
2543 384 2662 439 sine
2707 384 3149 452 pl'iBCiiil'iSSillliS
3198 386 3542 441 demonstra-

275 475 556 542 θεότητος,
604 470 997 543 ἀναχωροῦντα
1028 471 1086 526 δὲ
1117 471 1281 526 πάλιν
1326 471 1514 538 εὐθὺς,
1549 474 1626 545 μὴ
1672 473 1857 544 φθάσῃ

272 571 337 620 τὸ
369 564 541 628 πάθος
590 563 692 635 τὴν
747 563 1037 634 βασιλικὴν
1086 565 1308 632 ἐκείνην
1338 569 1589 637 πομπὴν,
1635 569 1730 620 καὶ
1761 568 1860 636 τὴν

278 659 418 730 μετά
459 657 567 712 τῶν
601 657 775 728 βαϊων
824 657 1152 727 ὑπάντησιν,
1208 658 1439 722 καὶτὰς
1481 659 1595 713 τῶν
1647 659 1860 714 παίδων

276 752 463 820 φωνὰς
491 750 640 820 ἅπερ
664 749 861 820 ἔμελλε
914 749 1243 820 συμϐαίνειν
1291 753 1516 806 εἰσιόντι
1548 753 1648 824 τὴν
1701 753 1858 807 πόλιν

274 845 386 898 τῶν
439 844 742 914 προφητῶν
784 846 880 897 καὶ
929 845 1103 898 ταῦτα
1151 845 1722 916 προαναφωνούντων,
1781 849 1858 919 μὴ

275 938 498 1009 κωλυθῇ
531 937 590 990 τὺ
618 938 841 992 δεῖπνον
871 938 1051 992 ἐκεῖνο
1076 937 1138 991 τδ
1161 937 1308 1010 ἱερὸν
1340 940 1466 1010 περὶ
1493 938 1554 994 οὗ
1581 937 1678 993 νῦν
1695 941 1860 1010 ἡμεῖς

275 1033 370 1085 τὸν
398 1031 559 1100 λόγον
614 1029 1022 1102 ἐποιησάμεθα,
1059 1031 1156 1086 καὶ
1201 1033 1230 1086 ό
1285 1031 1606 1104 θαυμαστὸς
1647 1035 1857 1097 ἐκεῖνος

279 1123 502 1194 νιπτὴρ,
529 1125 564 1177 ό
592 1122 694 1192 τῆς
737 1121 1141 1186 ’ταπεινώσεως
1169 1123 1273 1178 καὶ
1303 1123 1405 1194 τῆς
1453 1125 1680 1194 ἀγάπης
1713 1124 1860 1179 διδά-

281 1216 502 1278 σκαλος,
557 1215 653 1268 καὶ⁵
681 1216 715 1285 ἡ
759 1214 1050 1269 τελευταία
1086 1216 1226 1285 πρὸς
1273 1218 1402 1281 τοὺς
1431 1217 1684 1288 μαθητὰς
1715 1235 1856 1288 συμ-

279 1308 470 1378 ϐουλὴ,
516 1308 611 1361 καὶ
633 1308 734 1362 ὅσα
764 1307 902 1378 πρὸς
930 1307 1024 1361 τοῦ
1045 1296 1053 1301 ’
1072 1307 1309 1363 Θανάτου
1342 1309 1617 1364 τελεῖσθαι
1665 1311 1858 1380 ἐχρῆν,

285 1400 530 1472 μεγάλην
561 1399 728 1453 αὑτοῦ
760 1403 824 1471 τῇ
856 1399 1008 1472 δόξῃ,
1037 1399 1242 1471 μᾶλλον
1267 1400 1325 1456 δὲ
1357 1405 1422 1474 τῇ
1453 1401 1704 1474 ἡμετέρᾳ
1729 1402 1857 1473 δόξῃ

280 1495 374 1547 καὶ
427 1492 677 1565 σωτηρίᾳ
714 1493 1011 1564 βεϐαίωσιν
1067 1495 1325 1565 φέροντα.
1356 1494 1475 1549 Ἵνα
1542 1497 1618 1566 μὴ
1674 1498 1859 1550 τοίνυν

277 1587 494 1640 ἅπαντα
519 1586 695 1639 ταῦτα
724 1586 956 1656 διακοπῇ
998 1589 1065 1655 τῇ
1098 1588 1472 1660 περισσοτέρᾳ
1493 1588 1585 1642 τοῦ
1617 1587 1856 1657 Χριστοῦ

280 1677 570 1748 παῤῥησεᾳ
619 1675 755 1746 πρ³ις
809 1675 1075 1746 ὀξυτέραν
1127 1677 1426 1749 θηριωδίαν
1478 1676 1856 1746 ἐρεθισθέντος
1887 1730 1930 1785 Β

275 1769 369 1822 τοῦ
401 1767 646 1839 πονηροῦ
674 1768 977 1838 συνεδρίου,
1008 1770 1105 1822 καὶ
1136 1768 1544 1838 φορτικώτερον
1574 1769 1722 1840 αύτῷ
1754 1771 1855 1842 τὴν

275 1859 536 1928 τελευτὴν
589 1859 948 1930 ἐπιφέροντος
978 1877 992 1892 ’
1040 1859 1224 1914 ούκέτι
1279 1862 1568 1933 παρρησίᾳ
1617 1879 1855 1934 περιπα-

274 1952 470 2007 τοῦντα
497 1953 686 2006 τοῦτον
715 1952 989 2023 ὀψόμεθα,
1009 1954 1124 2007 ἀλλ’
1153 1957 1319 2024 ἐγγὺς
1344 1957 1442 2026 τῆς
1467 1957 1681 2026 ἐρήμου
1714 1955 1856 2027 μετὰ

276 2047 387 2101 τῶν
433 2049 694 2118 μαθητῶν
745 2048 1122 2117 διατρίϐοντα.
1161 2047 1279 2114 Τίς,
1307 2041 1352 2103 ὦ
1397 2052 1688 2122 παρόντες,
1719 2051 1856 2104 ἀπο-

275 2141 549 2206 γνώσεται
574 2139 674 2209 τῆς
699 2139 976 2210 σωτηρίας
1007 2140 1331 2210 τηλικοῦτον
1365 2141 1507 2212 ἔχων
1536 2143 1852 2212 Δεσπότηνς

275 2233 356 2295 τίς
387 2232 581 2302 νεκρὸς
612 2231 709 2295 ῶν,
739 2225 838 2301 ὁύχ
862 2232 936 2294 ὡς
982 2234 1013 2303 ἡ
1043 2233 1138 2286 τοῦ
1179 2231 1414 2306 Ἰαείρου
1444 2220 1716 2305 θυγᾶτηρ,
1746 2235 1856 2306 ούδ⁹

275 2325 348 2388 ῶς
378 2325 481 2394 τῆς
509 2327 687 2396 χήρας
720 2326 860 2390 υίὸς,
910 2327 1038 2398 ἄρτι
1069 2325 1165 2381 τοῦ
1199 2327 1440 2386 θανάτου
1497 2331 1852 2400 γευσάμενοι,

278 2416 414 2469 ἀλλὰ
443 2419 784 2487 τεταρταῖος,
815 2419 1067 2473 τουτέστι
1089 2421 1326 2492 χρόνιος,
1361 2421 1454 2475 καὶ
1490 2423 1600 2486 τοῖς
1627 2423 1856 2493 τέταρσι

278 2507 371 2561 τοῦ
413 2508 612 2577 χρόνου
662 2511 878 2580 καιροῖς
920 2516 1518 2583 συμπαρατεινομένην
1567 2514 1706 2585 ἔχων
1755 2514 1856 2585 τὴν

277 2596 546 2668 νέκρωσιν
576 2601 671 2653 καὶ
694 2599 795 2671 τὴν
829 2602 1124 2674 πονηρίαν,
1155 2603 1251 2656 καὶ
1278 2601 1568 2675 δεδεμένος
1602 2605 1706 2674 μὲν
1729 2605 1857 2658 πολ-

276 2690 384 2752 λοῖς
419 2691 790 2762 ἁμαρτήμασι
815 2693 1008 2766 χεῖρας
1031 2694 1128 2748 καὶ
1167 2693 1333 2759 πόδας
1358 2693 1459 2758 τὰς
1489 2696 1600 2749 τῶν
1628 2695 1855 2764 ἀγαθῶν

277 2782 589 2854 πρακτικὰς
611 2783 897 2856 δυνάμεις,
919 2783 1173 2858 δηλονότι
1200 2786 1584 2858 κεκωλυμένος
1612 2788 1719 2842 ὑπὸ
1748 2789 1856 2844 τῶν

275 2875 537 2947 πονηρῶν
583 2877 879 2948 ἐνεργειῶν
931 2895 992 2931 τε
1043 2879 1138 2932 καὶ
1173 2879 1368 2948 ἐξεων,
1412 2881 1512 2950 τὴν
1546 2881 1605 2935 δέ
1657 2881 1854 2945 γοερὰν

268 2966 393 3039 ὄψιν
437 2969 823 3040 πεπεδημένος
847 2970 1046 3042 ἀγνοίᾳ
1073 2969 1168 3025 τοῦ
1200 2969 1416 3036 δέοντος
1445 2972 1711 3043 ἑκουσίῳ,
1759 2971 1854 3025 καὶ

1965 475 2205 530 tionibus
2263 493 2375 531 sum
2425 477 2734 533 divinitatis
2777 496 2789 531 :
2825 479 3120 550 statimque
3167 477 3540 540 secedentem,

1965 583 2032 622 ne
2086 567 2271 635 passio
2321 570 2649 638 anticiparet
2701 571 2904 638 regiam
2958 570 3106 624 illam
3164 587 3442 641 pompam,
3490 584 3546 624 et

1961 659 2178 716 obviam
2211 675 2336 715 eum
2378 664 2577 732 palmis
2627 665 2876 726 itionem,
2907 681 3323 736 puerorumque
3356 682 3539 726 voces,

1962 764 2084 822 qua
2138 739 2322 807 omnia
2347 755 2684 826 ingredienti
2724 758 2914 811 urbem
2968 758 3218 813 accidere
3245 759 3542 824 debebam,

1963 861 2086 898 rum
2137 845 2252 900 haec
2309 850 2594 918 propheta:
2639 849 3147 918 praedixissentme
3184 851 3543 920 impediretur

1962 952 2119 993 «una
2186 939 2274 992 illa
2299 953 2480 1003 sacra,
2511 941 2581 996 de
2629 957 2735 1009 qua
2765 944 2930 996 modo
2979 959 3288 998 sermonem
3329 944 3396 997 ad
3442 961 3544 1000 vos

1969 1029 2270 1084 habuimus
2296 1040 2349 1084 et
2386 1032 2653 1087 mirabilis
2707 1033 2796 1087 illa
2861 1032 3058 1100 pelvis,
3116 1034 3449 1088 humilitatis
3493 1045 3547 1088 et

1961 1119 2255 1173 citat-italis
2303 1123 2825 1191 magistra;ultinia
2866 1125 2933 1176 ad
2985 1124 3292 1194 discipulos
3343 1126 3546 1180 esthor-

1961 1213 2120 1280 talio,
2171 1223 2228 1268 et
2265 1230 2608 1285 quaecunque
2641 1225 2767 1271 ante
2823 1227 3056 1271 mortem
3088 1217 3351 1287 compleri
3380 1233 3545 1287 opor-

1965 1301 2132 1368 tebat,
2194 1321 2444 1376 magnam
2488 1308 2662 1376 ipsius
2736 1309 2943 1378 gloriat,
2980 1309 3154 1380 magis
3183 1325 3315 1365 vero
3343 1323 3546 1365 nostrae

1961 1408 2018 1454 et
2065 1399 2252 1467 gloria:
2315 1408 2372 1453 et
2418 1399 2588 1453 saluti
2648 1401 3035 1456 crrtitudinem
3106 1400 3414 1457 all‘erentia.
3471 1404 3547 1456 Ne

1962 1490 2129 1560 igitur
2199 1490 2312 1545 haec
2373 1491 2558 1545 omnia
2626 1492 3187 1563 interrumperentur,
3241 1497 3384 1548 malo
3453 1497 3547 1550 illo

1962 1583 2261 1656 synhedrio
2315 1584 2382 1639 ad
2432 1584 2769 1641 acerbiorem
2845 1584 3114 1640 feritatem
3182 1587 3394 1639 irritata
3451 1602 3547 1654 per

1962 1662 2287 1747 ampliorem
2349 1677 2562 1733 Christi
2625 1677 2908 1741 fiduciam,
2933 1687 2987 1732 et
3019 1677 3396 1747 impudentius
3423 1680 3536 1747 iam

1963 1768 2068 1837 ipsi
2149 1783 2338 1824 necem
2406 1767 2612 1824 inferre
2669 1767 2998 1834 cogitante:
3050 1767 3355 1823 videbimus
3411 1785 3539 1821 eum

1962 1878 2068 1916 non
2110 1861 2300 1916 eadem
2335 1860 2534 1916 liducia
2585 1861 2988 1926 ambulantem,
3040 1861 3135 1917 sed
3183 1862 3328 1916 circa
3357 1861 3545 1916 deset-

1961 1962 2077 2008 tum
2130 1969 2256 2008 cum
2314 1955 2608 2025 discipulis
2659 1938 3022 2010 'versantem.
3091 1954 3226 2020 Quis
3300 1957 3545 2014 tandem,

1962 2049 2270 2113 auditores,
2344 2050 2510 2104 talem
2559 2049 2772 2105 habens
2837 2049 3154 2113 Dominum,
3233 2051 3299 2103 de
3369 2049 3547 2104 salute

1963 2141 2274 2209 despcrabit
2308 2139 2495 2208 lQuis
2540 2149 2819 2207 mortuus,
2851 2157 2965 2196 non
3016 2141 3160 2222 sicut
3215 2139 3377 2222 Jairi.
3408 2139 3539 2204 lilia,

1962 2243 2225 2305 nequeut
2254 2233 2435 2290 viduae
2489 2235 2655 2298 ﬁlius,
2714 2249 2894 2305 nuper
2957 2213 3187 2289 mortem
3247 2213 3540 2296 obeuntes,

1961 2328 2059 2386 sed
2120 2327 2548 2401 quatriduanus,
2603 2329 2708 2383 hoc
2765 2335 2871 2393 est,
2914 2325 3262 2392 diuturnam,
3303 2337 3356 2382 ω
3405 2341 3545 2396 qua-

1963 2433 2089 2478 tuor
2144 2431 2454 2492 temporum
2503 2420 2812 2477 intervallis
2863 2420 3247 2475 conﬁrmatam
3308 2426 3540 2474 mortem

1962 2523 2020 2570 et
2059 2513 2328 2569 malitiam
2379 2513 2618 2581 habens,
2683 2523 2738 2569 et
2781 2514 2972 2570 multis
3032 2513 3272 2584 peccatis
3348 2512 3546 2581 ligatas

1904 2657 1909 2662 .
1965 2619 2164 2662 manus
2226 2612 2282 2661 et
2344 2606 2533 2675 pedes,
2583 2604 2794 2661 scilicet
2846 2604 3118 2660 bonorum
3153 2600 3546 2672 operinn'eifc-

1961 2696 2168 2752 ctrices
2209 2696 2486 2766 potentias
2518 2696 2743 2762 habens,
2797 2697 3166 2765 detentusque
3217 2708 3317 2764 per
3363 2692 3546 2748 malos

1962 2796 2122 2845 actus
2181 2797 2236 2844 et
2286 2789 2528 2854 habitus,
2607 2788 2884 2860 spirituali
2965 2789 3087 2845 visu
3161 2787 3395 2842 orbatus
3446 2799 3544 2855 per

1959 2883 2331 2941 voluntariam
2394 2880 2559 2938 otiicii
2611 2882 2697 2938 sui
2761 2881 3153 2954 ignorantiam,
3211 2892 3268 2935 et
3317 2881 3541 2935 malitia

1961 2976 2210 3032 fauorem
2237 2975 2499 3044 spirans?
2523 2974 2649 3043 quis
2671 2974 2858 3045 igitur,
2878 2973 3049 3028 etiam
3071 2974 3118 3026 si
3135 2971 3267 3026 talis
3285 2972 3541 3035 exsistat,

271 3060 367 3132 τὴν
395 3059 498 3131 τῆς
526 3061 792 3132 πονηρίας
816 3061 1084 3117 δυσωδίαν
1110 3063 1357 3118 ἐκπνέων
1373 3082 1389 3131 ;
1411 3064 1498 3128 τίς
1525 3063 1705 3118 τοίνυν
1757 3064 1849 3117 καὶ

1958 3069 2027 3126 de
2089 3069 2270 3125 salute
2324 3068 2662 3138 desperabit,
2722 3067 2838 3122 haec
2895 3068 3078 3122 omnia
3136 3065 3544 3121 considerans?

269 3150 508 3218 τοιοῦτος
548 3153 624 3208 ῶν
665 3155 963 3209 ἀπελπίσει
1000 3155 1099 3228 τὴν
1128 3155 1429 3227 σωτηρίαν,
1463 3155 1637 3209 ταῦτα
1669 3155 1850 3210 πάντα

267 3249 444 3318 ὁρῶν;
483 3250 559 3302 υύ
587 3249 698 3319 γὰρ
724 3250 821 3313 τὰς
853 3248 1176 3319 σωματικὰς
1210 3247 1326 3301 λύει
1367 3249 1557 3312 νόσους
1591 3250 1619 3302 ὁ
1647 3249 1851 3301 Δεσπό-

267 3359 363 3413 της
407 3341 589 3410 ήμῶν,
639 3342 776 3395 ἀλλά
821 3343 916 3400 τ’ἁς
951 3341 1230 3411 ἁμαρτίας
1263 3341 1458 3412 ἀφίησι
1488 3341 1672 3409 πολλῷ
1721 3358 1850 3411 προ-

271 3437 605 3505 χειρότερον,
631 3434 704 3496 ὡς
728 3435 828 3506 τὴν
858 3434 1097 3504 ψυχικὴν
1128 3435 1305 3489 ἀνεῖλε
1347 3435 1505 3488 νόσον
1540 3435 1636 3488 τοῦ
1661 3432 1848 3504 Παρα-

273 3528 438 3580 λύτου
469 3528 599 3596 πρὶν
647 3528 941 3597 ἐπιστῆσαι
997 3529 1060 3597 τῇ
1096 3526 1370 3597 θεραπείᾳ
1416 3526 1512 3580 τοῦ
1565 3528 1843 3598 σώματος.

271 3619 546 3688 Πρότερον
574 3618 683 3688 γὰρ
712 3615 890 3681 εἵπεν,
934 3617 1264 3686 Ἀφέωνταί
1293 3632 1410 3670 σου
1442 3619 1502 3671 αι
1537 3617 1837 3686 ἁμαρτίαι·

266 3703 621 3776 εἷτα,⁴Αρον
650 3709 758 3762 τὸν
791 3709 1127 3777 κράὸὅατόν
1161 3723 1304 3776 σου,
1343 3709 1442 3762 καὶ
1491 3710 1706 3778 ὕπαγε.
1763 3711 1843 3780 Τῇ

268 3806 550 3873 πρακτικῇ
583 3804 764 3855 τοίνυν
799 3804 971 3873 ἀρετῇ
999 3803 1105 3872 τὴν
1144 3803 1381 3874 θεωρίαν
1412 3803 1842 3872 ἀνακαλεσὼμε-

267 3896 336 3950 θα
374 3896 742 3960 σπεύσαντες,
772 3895 847 3960 ῶς
881 3897 999 3948 ἐκεῖ
1045 3895 1146 3968 τὴν
1178 3897 1416 3965 Μαριὰμ
1436 3896 1469 3964 ἡ
1495 3895 1723 3965 Μάρθα,
1752 3897 1844 3950 καὶ

265 3989 676 4058 ὑπαντήσωμεν
712 3988 789 4057 τῷ
818 3990 1077 4059 ἡμετέρῳ
1117 3988 1370 4058 Δεσπότῃ
1400 3987 1506 4040 ὑπὸ
1537 3985 1843 4059 φιλανθρω-

265 4081 394 4143 πίας
424 4080 521 4134 xui.
548 4079 701 4148 αὐτῷ
733 4083 871 4150 πρὸς
899 4081 998 4150 τὴν
1024 4080 1182 4150 ἡμῶν
1208 4081 1504 4133 ἀνάστασιν
1532 4080 1836 4134 σπεύδοντι·

263 4174 328 4227 ἂν
357 4175 520 4243 μόνον
571 4172 990 4242 ἐτοιμασθῶμεν
1021 4173 1110 4225 καὶ
1137 4173 1548 4244 προφθάσωμεν
1575 4174 1744 4228 αὑτοῦ
1775 4175 1836 4227 τὸ

263 4266 559 4336 πρόσωπον
587 4269 645 4318 ἐν
678 4265 1067 4336 ἐξομολογήσει
1114 4267 1208 4318 καὶ
1267 4265 1556 4337 κλαυθμῷ,
1593 4268 1685 4320 τὸν
1743 4265 1838 4319 τοῦ

268 4361 541 4411 Δεσπὸτου
595 4360 688 4411 καί
751 4359 941 4428 ίατροῦ
994 4354 1177 4413 οἶκτον
1225 4360 1666 4431 ἐπισπασόμεθα.
1720 4360 1837 4413 Κᾶν

265 4451 406 4505 οὕτω
461 4453 802 4523 ποιήσωμεν,
857 4452 1018 4516 αὐτὸς
1069 4453 1162 4506 τὸν
1215 4454 1487 4524 ἡμέτερον
1534 4455 1834 4523 ἀναστήσει

264 4547 537 4615 Λάζαρον,
566 4548 816 4599 τουτέστι
861 4546 955 4599 τὸν
992 4547 1188 4618 νεκρὸν
1235 4548 1328 4600 καὶ
1375 4547 1647 4600 δῦσωδίαν
1697 4549 1835 4602 ἁπο-

265 4639 510 4690 πνέοντα-
549 4636 696 4700 νοῦν,
749 4640 842 4690 καὶ
875 4639 974 4692 ἕνα
1006 4639 1115 4691 τῶν
1151 4639 1636 4707 συνανακειμένων
1687 4641 1837 4710 αύτῷ

260 4732 478 4800 ποιήσει
511 4733 606 4784 καὶ
638 4732 1110 4800 συνεστιωμένων,
1140 4731 1341 4801 μᾶλλον
1375 4732 1430 4784 δὲ
1455 4732 1548 4785 τοῦ
1581 4731 1836 4803 σώματος

258 4823 407 4893 αύτῷ
442 4823 748 4890 μεταδώσει
805 4824 899 4877 τοῦ
955 4823 1105 4894 ἱεροῦ
1135 4827 1230 4878 καὶ
1271 4823 1366 4878 τοῦ
1407 4826 1680 4892 αἵματος,
1739 4827 1835 4880 καὶ

260 4917 395 4985 προς
442 4915 542 4986 τὴν
577 4917 960 4988 πνευματικὴν
988 4917 1287 4970 ἐπιδιδόναι
1316 4918 1532 4985 ποιήσει
1561 4915 1728 4987 ζωὴν,
1763 4917 1829 4969 οὐ

1958 3162 2074 3218 Non
2132 3165 2278 3218 enim
2317 3161 2639 3232 corporales
2692 3161 2910 3215 morbos
2976 3159 3324 3214 solummodo
3376 3160 3544 3215 solvit

1960 3251 2226 3307 Dominus
2279 3261 2493 3316 uoster,
2531 3253 2628 3307 sed
2693 3251 2866 3306 multo
2924 3249 3143 3305 facilius
3191 3260 3420 3320 peccata
3453 3249 3540 3304 di-

1955 3346 2158 3412 mittit;
2193 3346 2338 3400 sicut
2364 3345 2710 3413 spiritualem
2742 3344 3030 3416 paralytici
3067 3344 3342 3410 morbum,
3381 3345 3537 3414 prius

1952 3453 2117 3509 quam
2169 3438 2426 3508 corporis
2477 3439 2750 3493 curationi
2814 3437 3118 3494 insisteret.
3185 3437 3345 3492 Prius
3387 3437 3534 3492 enim

1952 3531 2111 3596 dixit,
2147 3529 2506 3585 Dimittuntur
2547 3531 2643 3583 tibi
2683 3539 2902 3599 peccata
2935 3549 2947 3584 :
2979 3545 3129 3594 mox,
3155 3527 3303 3582 Tolle
3340 3529 3537 3598 graba-

1953 3634 2063 3677 tum
2093 3635 2262 3689 tuum,
2288 3637 2336 3678 et
2387 3622 3004 3679 ambula.‘Festincmus
3051 3622 3218 3694 igitur
3269 3623 3532 3677 virtutem

1949 3731 2114 3786 opere
2158 3725 2504 3778 exercentes,
2563 3717 2682 3783 eius
2712 3715 3238 3785 contemplationem
3277 3714 3343 3768 ad
3391 3729 3532 3784 opus

1949 3823 2232 3874 revocare,
2299 3817 2357 3864 ut
2424 3809 2537 3863 illic
2590 3808 2800 3862 Martha
2837 3808 3066 3862 Mariam
3109 3824 3123 3862 :
3168 3822 3530 3862 occurramus

1948 3903 2183 3957 Domino
2218 3912 2412 3957 nostro
2435 3903 2671 3956 maxima
2707 3902 3043 3973 benignitate
3076 3901 3140 3955 ad
3175 3908 3421 3955 nostram
3446 3917 3531 3956 re-

1946 3993 2342 4049 surrectionem
2377 3993 2700 4060 festinanti;
2735 3995 2780 4049 si
2815 3993 2978 4048 modo
3005 3992 3293 4063 [imparati
3328 3993 3525 4055 simus,

1944 4097 1998 4142 et
2027 4102 2475 4156 praeoccupemus
2526 4087 2718 4142 faciem
2751 4087 2869 4156 ejus
2901 4088 2952 4140 in
2985 4085 3336 4141 confessione
3366 4084 3527 4138 fletu-

1946 4197 2072 4248 que,
2117 4181 2335 4235 Domini
2383 4189 2435 4234 et
2470 4180 2660 4236 Medici
2717 4179 3159 4234 misericordiam
3216 4179 3522 4233 elicietnus.

1947 4272 2010 4326 Et
2047 4273 2093 4326 si
2143 4272 2216 4327 ita
2247 4271 2562 4338 fecerimus,
2612 4273 2729 4342 ipse
2782 4282 3034 4327 nostrum
3070 4270 3360 4326 suscitabit
3425 4269 3525 4322 La-

1944 4379 2153 4429 zarum,
2219 4363 2321 4419 hoc
2372 4372 2477 4430 est,
2513 4372 2752 4418 mentem
2797 4371 3070 4418 mortuam
3100 4369 3155 4415 et
3211 4361 3521 4423 fatentem,

1947 4469 2226 4525 unumque
2264 4471 2330 4510 ex
2365 4456 2850 4512 discumbentibus
2890 4468 3075 4510 secum
3106 4452 3358 4509 convivis
3403 4453 3523 4509 suis

1944 4550 2107 4603 faciet
2138 4566 2152 4602 :
2189 4550 2496 4616 prtesertim
2535 4563 2666 4604 vero
2723 4547 3158 4604 communicabit
3197 4547 3247 4602 ei
3304 4562 3523 4602 sacrum

1944 4655 2105 4696 suum
2164 4655 2363 4709 corpus
2393 4649 2447 4694 et
2475 4641 2796 4710 sanguinem
2823 4659 2838 4708 ;
2871 4641 2936 4696 ad
2980 4639 3324 4710 spiritualem
3357 4641 3520 4694 vitam

1944 4733 2210 4802 prolicere
2284 4735 2467 4798 faciet,
2533 4751 2640 4788 non
2702 4736 2881 4790 solum
2949 4745 3104 4788 reatu
3171 4743 3522 4802 peccatorum

1945 4827 2207 4893 liberans,
2251 4827 2344 4883 sed
2397 4836 2454 4882 et
2485 4829 2717 4898 gratiam
2777 4827 2968 4895 gratia:
3003 4826 3292 4898 adjiciens.
3339 4825 3524 4881 Gloria

1943 4921 2016 4975 sit
2060 4921 2450 4976 misericordia:
2482 4920 2600 4990 eius
2635 4927 2685 4979 in
2707 4923 2906 4978 saecula
2939 4923 3288 4979 Sil'CtliOi‘ttm.
3325 4922 3522 4976 Amen.

259 5009 421 5078 μόνον
450 5009 551 5078 τῆς
581 5011 774 5080 ἐνοχῆς
804 5012 912 5065 τῶν
946 5011 1234 5082 ἁμαρτιῶν
1261 5010 1536 5077 ἀπολύων,
1564 5010 1700 5064 ἀλλὰ
1725 5014 1812 5064 καὶ
1849 5014 2013 5085 χάριν
2045 5015 2228 5084 χάριτι
2265 5017 2601 5087 προστιθείς.
2664 5018 2800 5083 Δόξα
2849 5017 2926 5088 τῷ
3009 5018 3149 5073 ἐλέει
3199 5015 3367 5072 αὑτοῦ
3441 5019 3522 5072 εἰς

255 5103 380 5158 τοὺς
410 5104 632 5156 αίιῖιναε.
674 5102 722 5154 ’β
743 5105 870 5156 μί’-ι.
