3948 6186
353 309 460 371 375

361 458 795 483 ,________.._..._

1483 299 1529 357 (ἶ
1547 298 1872 358 ENNADII
1903 295 2015 356 CF.
2060 294 2580 354 PATRIARCIIE

809 647 1443 767 EJUSDEM
1533 642 1864 759 ALIA
1944 640 2464 757 BBEVIS
2545 640 3154 756 HOMILIA

1281 898 1381 957 DE
1412 894 1764 957 CORPORE
1815 892 1912 953 ET
1945 890 2353 954 SANGUINE
2410 888 2698 951 DOMINI

458 1088 747 1150 Relata-a
777 1086 1028 1150 Meletio
1062 1086 1316 1165 Syrigo,
1358 1082 1837 1146 hieromonacho
1878 1081 2189 1154 Cretensi,
2226 1080 2295 1140 in
2346 1077 2754 1156 Refutatione
2803 1072 3233 1155 Confessiom’:
3268 1071 3497 1152 Cyrilh'

1476 1207 1735 1269 Lucaris
1767 1202 2089 1285 Cpolitam‘
2126 1199 2528 1283 patnarchw.

429 1537 566 1594 Cum
617 1538 684 1590 de
732 1533 1118 1591 sacramentali
1153 1545 1383 1601 corpore
1417 1540 1473 1585 et
1510 1530 1777 1601 sanguine
1835 1530 1935 1583 Do-
1971 1535 2012 1588 Α

353 1630 487 1685 mini
538 1629 710 1683 nostri
756 1626 883 1683 Jcsu
915 1626 1126 1682 Christi
1159 1640 1333 1694 nuper
1367 1624 1431 1678 ad
1465 1632 1705 1679 vestram
1756 1622 1928 1677 inter-

352 1723 696 1793 rogationem
736 1736 800 1775 ex
842 1730 1089 1790 tempore
1124 1717 1599 1788 responderimus,
1632 1731 1781 1771 nunc
1832 1717 1931 1771 ite-

350 1831 475 1869 rum
515 1812 689 1868 fusius
740 1811 1225 1881 respondebimus.
1276 1824 1505 1865 necesse
1539 1809 1805 1865 habentes
1840 1824 1933 1862 ve-

350 1922 468 1963 ram
516 1905 850 1961 sacramenti
900 1904 1271 1973 cognitionem
1320 1904 1478 1959 vobis
1517 1903 1760 1967 tradere,
1812 1910 1935 1958 tan-

352 2014 519 2068 quam
554 1996 925 2053 sanctissimis
960 1996 1250 2050 animabus
1278 2010 1397 2064 quae
1430 1996 1734 2052 secundum
1761 1994 1929 2051 Deum

351 2093 607 2160 diligunt,
646 2106 747 2145 nec
786 2091 973 2145 minus
1005 2089 1333 2158 diliguntur.
1472 2076 1477 2086 ⁸

421 2184 671 2240 Priumm
718 2184 889 2254 igitur.
919 2183 1065 2237 scire
1091 2182 1499 2253 debetis,qnod
1542 2180 1763 2237 Domini
1815 2160 1955 2236 nos-5

314 2304 326 2314 -
350 2279 424 2335 tri
453 2294 659 2350 corpus
685 2277 1130 2340 sanctissimum,
1159 2291 1329 2331 unum
1365 2291 1587 2346 semper
1634 2275 1933 2341 assistens,

351 2375 606 2430 diversos
638 2369 1034 2428 considerandi
1068 2369 1260 2424 modos
1291 2369 1558 2425 admittit.
1584 2369 1759 2424 Aliter
1787 2369 1933 2424 enim

353 2482 397 2522 a.
422 2466 580 2521 nobis
609 2464 1020 2524 consideratur.
1058 2472 1333 2531 quatenus
1365 2461 1637 2525 naturale,
1670 2460 1787 2516 sive
1812 2470 1932 2516 sta-

355 2562 453 2615 tim
487 2560 555 2614 ab
582 2558 703 2627 ipsa
739 2554 1125 2624 conceptione,
1158 2568 1337 2624 usque
1367 2555 1434 2609 ad
1471 2555 1648 2625 ipsius
1687 2568 1785 2624 per
1834 2554 1937 2608 mi-

354 2652 549 2707 racula
602 2649 1160 2705 manifestationem:
1213 2648 1374 2704 aliter
1405 2655 1682 2718 quatenus
1736 2647 1940 2719 glorio-

355 2761 504 2810 sum,
546 2743 666 2800 sive
716 2758 746 2797 a
786 2740 1242 2797 manifestatione
1291 2755 1467 2812 usque
1509 2739 1575 2797 ad
1622 2740 1936 2810 passionem

358 2847 423 2895 et
453 2837 799 2908 sepulturam
829 2850 850 2895 ε
896 2834 1060 2890 aliter
1105 2847 1327 2904 quoque
1364 2842 1635 2903 quatenus
1665 2830 1938 2904 gloriﬁca-

355 2940 497 2998 tum,
523 2930 638 2986 sive
655 2928 725 2985 ab
755 2926 1199 2996 resurrectione,
1217 2934 1271 2983 et
1302 2941 1519 2997 semper
1541 2925 1839 2997 deinceps:
1878 2939 1939 2980 a-

354 3025 485 3079 liter
519 3022 743 3078 tandem
774 3028 843 3077 ut
876 3022 1172 3093 mysticum
1198 3035 1296 3076 seu
1329 3019 1751 3085 sacramentale,
1786 3032 1939 3073 nem-

354 3133 424 3189 pe
459 3124 734 3188 quatenus
783 3114 840 3171 in
890 3114 1125 3170 diversis
1180 3113 1449 3169 altaribus
1492 3112 1937 3169 Christianorum

355 3211 822 3276 orthodoxorum,
852 3209 1086 3263 nimium
1116 3222 1281 3277 quam
1309 3206 1658 3272 mirabiliter,
1692 3204 1939 3275 quotidie

355 3288 960 3373 praesens'exhibetur.
1012 3298 1078 3352 lli
1124 3313 1290 3369 porro
1342 3297 1737 3361 considerandi
1789 3296 1939 3351 modi

240 3392 252 3401 ’
356 3395 609 3464 quamvis
660 3393 891 3459 diversi,
925 3391 1133 3447 Christi
1168 3407 1391 3461 corpus.
1442 3392 1587 3460 quod
1632 3391 1939 3446 secundum

357 3485 480 3538 illas
502 3498 696 3538 omnes
719 3481 965 3538 rationes
988 3496 1158 3536 unum
1184 3489 1288 3548 est,
1315 3481 1631 3536 nullatenus
1663 3479 1938 3535 dividunt.

432 3574 711 3641 Secundo,
749 3576 897 3630 scire
934 3587 1156 3644 quoque
1191 3587 1291 3627 vos
1338 3580 1576 3641 oportet,
1637 3570 1786 3640 quod
1840 3570 1940 3625 mi-

358 3670 676 3723 raculorum
706 3667 952 3723 omnium
979 3681 1101 3737 quae
1123 3681 1153 3720 a
1178 3665 1289 3721 Deo
1319 3680 1487 3734 supra
1514 3674 1765 3719 naturam
1800 3664 1938 3720 facta

358 3772 515 3825 sunt,
558 3761 735 3831 magis
768 3757 1192 3830 supernaturale
1243 3756 1454 3812 nullum
1489 3757 1709 3812 esthoc
1752 3772 1939 3812 sacra-

358 3865 542 3910 mento
582 3870 598 3920 ;
638 3854 783 3907 unde
815 3851 1025 3906 nullum
1072 3852 1246 3923 magis
1276 3852 1559 3922 ignoratur
1587 3850 1656 3905 ab
1686 3850 1941 3906 illittera-

360 3945 453 4009 tis,
492 3958 671 4013 neque
702 3944 760 3998 iu
801 3942 914 3997 ullo
948 3942 1057 3997 alio
1092 3943 1267 4013 magis
1298 3950 1594 3997 exercetur
1624 3940 1806 3996 divina
1842 3941 1942 3995 liu-

364 4052 641 4106 umuaque
671 4036 975 4107 sapientia,
1007 4050 1188 4103 neque
1225 4035 1373 4089 aliud
1412 4045 1494 4090 est
1524 4036 1579 4088 iu
1617 4049 1787 4091 sacra,
1809 4050 1939 4091 uos-

362 4139 445 4182 tra
476 4129 601 4191 (ide,
640 4127 732 4181 cui
766 4127 887 4197 plus
942 4126 1333 4181 contradicant
1393 4126 1639 4181 inﬁdeles
1667 4133 1722 4180 et
1769 4126 1940 4181 luere-

2126 1524 2348 1597 Ἐπειδὴ
2402 1525 2532 1595 περὶ
2588 1522 2682 1579 τοῦ
2727 1522 3145 1593 μυστηριώδους
3201 1525 3454 1594 σώματος
3520 1530 3622 1583 καὶ

2038 1617 2275 1686 αἵματος
2308 1616 2406 1670 τοῦ
2442 1614 2659 1685 Κυρίου
2691 1614 2849 1684 ἡμῶν
2893 1614 3073 1685 Ἰησοῦ
3107 1615 3347 1686 Χριστοῦ
3394 1619 3622 1688 προχεί-

2038 1730 2148 1784 ρως
2186 1713 2382 1787 πρώην
2412 1712 2834 1786 ἀπεκρινάμεθα
2867 1712 3007 1783 πρὸς
3036 1713 3137 1781 τὴν
3171 1713 3448 1784 ὑμετέραν
3478 1715 3622 1786 ἐρῶ-

2037 1828 2219 1881 τησιν,
2250 1810 2347 1865 νῦν
2380 1810 2547 1865 πάλιν
2578 1808 2919 1878 πλατύτερον
2946 1808 3380 1880 άποκρινόμεθα,
3403 1810 3621 1882 ἔχοντες

2038 1904 2286 1973 ἀνάγκην
2320 1904 2396 1966 ὡς
2428 1901 2662 1957 δυνατὸν
2696 1899 2935 1955 ἐνθεῖναι
2960 1901 3090 1970 ὑμῖν
3124 1901 3226 1963 τὴν
3260 1901 3438 1972 ἀληθῆ
3473 1904 3620 1970 γνῶο

2042 2013 2131 2050 σιν
2163 1996 2258 2051 τοῦ
2298 1995 2628 2067 μυστηρίου,
2664 1995 2741 2060 ώς
2771 1994 3105 2056 ὁσιωτάταις
3128 1994 3331 2064 ψυχαῖς
3359 1995 3455 2047 καὶ
3475 1996 3623 2064 ἀγα-

2042 2088 2257 2151 πώσαις
2291 2085 2432 2141 κατά
2468 2085 2624 2149 Θεὸν,
2659 2086 2753 2140 καὶ
2782 2084 3203 2154 άγαπωμέναις.

2115 2179 2343 2251 Πρῶτον
2384 2177 2486 2249 μὲν
2518 2177 2814 2245 γινώσκειν
2856 2178 3150 2247 ὀφείλετε,-
3171 2180 3255 2232 ὅτι
3284 2179 3345 2231 τὸ
3381 2179 3476 2232 τοῦ
3506 2179 3623 2233 Κυ-

2045 2272 2164 2343 ρίου
2194 2271 2354 2343 ὑμῶν
2381 2269 2548 2341 σῶμα
2578 2270 2642 2323 τὸ
2673 2270 2970 2338 πανάγιον,
2996 2269 3055 2324 ἓν
3087 2271 3337 2340 ὑπάρχον
3364 2272 3474 2334 ἀεὶ,
3504 2272 3628 2325 δια-

2040 2365 2243 2437 φόρους
2270 2362 2585 2434 ἐπιδέχεται
2614 2362 2877 2433 θεωρίας.
2914 2363 3128 2427 ’Ἄλλως
3156 2363 3262 2434 γὰρ
3295 2365 3623 2436 θεωροῦμεν

2040 2458 2174 2527 περὶ
2205 2454 2378 2511 αὐτοῦ
2395 2455 2533 2511 καθὸ
2559 2456 2817 2523 φυσικοῦ,
2844 2457 3015 2527 ἤγουν
3044 2455 3207 2521 εὐθὺς
3236 2459 3345 2512 ἀπὸ
3372 2459 3473 2531 τῆς
3494 2461 3623 2514 συλ-

2039 2551 2263 2623 λήψεως
2327 2550 2493 2622 μέχρι
2528 2550 2623 2604 καὶ
2647 2548 2745 2619 τῆς
2791 2549 2880 2604 διὰ
2917 2550 3028 2604 τῶν
3060 2550 3358 2619 θαυμάτων
3406 2555 3626 2610 ἀναδεί-

2042 2642 2219 2708 ξεως·
2261 2641 2359 2694 καὶ
2400 2639 2579 2703 άλλως
2630 2639 2768 2695 καθὸ
2827 2639 3071 2706 ἐνδόξου,
3125 2642 3297 2714 ἡγουν
3360 2645 3470 2700 άπὸ
3516 2647 3624 2717 τῆς

2041 2732 2371 2797 ἀναδείξεως
2443 2732 2608 2803 μέχρι
2652 2729 2748 2785 τοῦ
2783 2731 2993 2795 πάθους
3023 2733 3121 2787 καὶ
3148 2735 3255 2805 τῆς,
3272 2736 3455 2807 ταφῆς
3479 2754 3494 2769 °
3525 2740 3628 2793 καὶ

2042 2825 2225 2889 ἄλλως
2260 2822 2685 2894 δεδοξασμένον,
2725 2825 2899 2895 ἤγουν
2960 2824 3073 2880 άπὸ
3114 2826 3217 2895 τῆς
3275 2828 3628 2893 ἀναστάσεως

2043 2919 2140 2973 καὶ
2171 2918 2334 2988 μέχρι
2366 2917 2570 2982 παντὸς
2594 2916 2693 2972 τοῦ
2735 2918 2942 2990 χρόνου
2971 2918 3261 2989 διηνεκῶς
3316 2922 3411 2975 καὶ
3443 2923 3627 2989 ἄλλως

2042 3010 2120 3075 ὡς
2146 3011 2439 3081 μυστικοῦ,
2461 3013 2632 3083 ἤγουν
2656 3011 2791 3065 καθὸ
2820 3011 3183 3083 ὲνδιαφόροις
3212 3013 3626 3085 θυσιαστηρίοις

2037 3104 2150 3158 τῶν
2211 3104 2509 3176 ὀρθοδόξων
2543 3104 2927 3175 Χριστιανῶν,
2985 3104 3461 3175 ὐπερθαυμάστως
3500 3107 3626 3162 καθ’

2042 3197 2285 3267 ἑκάστην
2314 3195 2775 3267 παρουσιάζεται.
2811 3198 2878 3250 Δί
2922 3196 3174 3251 τοιαῦται
3209 3198 3460 3270 δὴὸμως
3504 3201 3626 3257 διά-

2042 3305 2200 3359 φοροι
2254 3289 2483 3359 θεωρίαι
2518 3289 2582 3342 οὐ
2622 3287 2901 3359 διαιροῦσι
2933 3290 2996 3344 τὸ
3025 3288 3119 3345 τοῦ
3154 3291 3397 3363 Χριστοῦ
3438 3295 3624 3365 σῶμα,

2041 3380 2179 3436 ἀλλὰ
2206 3380 2297 3436 διὰ
2328 3379 2518 3437 πασῶν
2543 3380 2603 3436 ἒν
2635 3381 2775 3435 ἐστι.

2115 3556 2383 3626 Δεύτερον
2413 3556 2709 3625 γινώσκειν
2762 3557 3032 3629 ὀφείλετε,
3091 3560 3174 3615 ὅτι
3230 3564 3447 3618 πάντων
3507 3568 3619 3621 τῶν

2046 3649 2190 3719 ὑπὲρ
2223 3648 2383 3718 φύσιν
2414 3650 2714 3719 θαυμάτων
2738 3654 3042 3722 γινομένων
3076 3657 3227 3726 παρὰ
3266 3658 3424 3724 Θεοῦ,
3465 3662 3624 3718 οῦδὲν

2043 3744 2196 3796 ἐστιν
2249 3742 2704 3815 ὑπερφυέστερον
2754 3746 2851 3800 τοῦ
2891 3749 3199 3821 μυστηρίου
3252 3750 3468 3815 τούτου.
3527 3756 3628 3809 καὶ

2044 3833 2133 3886 διὰ
2165 3833 2328 3887 τοῦτο
2358 3834 2515 3890 οὐδὲν
2540 3836 2824 3905 ἀγνοεῖται
2853 3839 3014 3910 παρὰ
3042 3843 3157 3905 τοῖς
3193 3843 3429 3907 ἰδιώταις
3458 3845 3629 3901 πλέον

2043 3923 2258 3990 τούτου,
2285 3926 2378 3978 καὶ
2408 3926 2682 3981 ὲνοὺδενὶ
2706 3930 3047 3998 γυμνάζεται
3076 3931 3109 4002 ἡ
3134 3931 3256 3986 θεία
3285 3933 3377 3987 καὶ
3410 3935 3629 4007 ἀνθρωο

2043 4019 2177 4087 πίνη
2209 4018 2378 4086 σοφία
2424 4018 2588 4073 πλέον
2614 4024 2830 4083 τούτου.
2872 4024 2968 4077 καὶ
2992 4023 3169 4077 οὐδενὶ
3198 4025 3309 4079 τῶν
3341 4030 3439 4097 τῆς
3471 4029 3629 4098 ἱερὰς

2045 4109 2205 4179 ἡμῶν
2229 4110 2466 4175 πίστεως
2496 4112 2875 4181 ἀντιλέγουσιν
2900 4116 2949 4168 οἱ
2976 4114 3196 4169 ἄπιστοι
3230 4117 3327 4171 καὶ
3348 4119 3631 4191 αίρετικοὶ

360 4222 479 4275 tiei.
515 4220 729 4275 Idcirco
758 4234 863 4273 nos
898 4218 1200 4288 aliquando
1233 4218 1288 4273 in
1326 4216 1531 4271 infelici
1567 4216 1797 4287 palatio,
1850 4216 1940 4271 die

2051 4204 2249 4271 μᾶλλον
2283 4204 2498 4258 τούτου,
2531 4204 2624 4258 Διὸ
2657 4210 2755 4260 καὶ
2784 4208 2949 4277 ἡμεῖς
2999 4225 3129 4261 ποτε
3167 4211 3224 4263 ὲν
3254 4209 3334 4279 τῷ
3371 4212 3632 4283 δυστυχεῖ

357 4329 684 4382 parasceves
745 4309 973 4377 Lazari,
1026 4313 1095 4367 de
1156 4311 1393 4384 mystico
1450 4309 1660 4365 Christi
1722 4309 1936 4364 Domini

358 4420 597 4475 corpore
640 4420 955 4460 sermonem
1002 4403 1324 4466 habuimus,
1379 4417 1566 4457 coram
1606 4402 1942 4470 imperatore

357 4506 413 4552 et
449 4507 676 4563 senatu,
707 4497 973 4566 urbisque
1006 4495 1389 4565 optimatibus,
1439 4493 1533 4563 qui
1572 4501 1710 4548 tunc
1740 4493 1945 4548 multas

358 4588 534 4643 servis
588 4589 797 4659 gratias
835 4589 1164 4643 retulerunt.
1234 4584 1396 4641 Nunc
1432 4583 1687 4641 breviter.
1707 4592 1763 4640 et
1813 4597 1941 4655 per-

360 4681 553 4750 spicue
593 4680 661 4735 de
692 4679 884 4735 eodem
927 4680 1093 4735 verba
1125 4677 1415 4737 faciemus.

430 4948 641 5005 Scitote
676 4948 867 5021 igitur,
903 4949 1045 5005 inter
1089 4946 1185 5004 Dei
1222 4946 1490 5003 miracula
1546 4947 1781 5018 primum
1842 4946 1939 5002 illa

356 5047 539 5101 locum
568 5044 792 5109 habere,
831 5044 883 5097 in
931 5042 1137 5112 quibus
1196 5041 1336 5097 ordo
1394 5041 1571 5098 solum
1633 5052 1688 5096 et
1741 5041 1941 5097 modus

358 5147 571 5193 natura:
596 5144 865 5198 mutatur,
898 5133 1267 5206 eﬂiciturque,
1298 5135 1394 5189 sed
1428 5133 1535 5189 alia
1568 5132 1678 5197 via,
1714 5132 1767 5187 id
1792 5134 1939 5203 quod

356 5231 605 5299 quotidie
644 5229 763 5285 ﬁeri
800 5238 1006 5299 potest.
1045 5231 1121 5283 lta
1174 5228 1426 5284 inﬁrmos
1464 5230 1671 5284 multos
1723 5227 1942 5283 sanavit

358 5322 630 5377 Dominus
686 5321 894 5390 absque
949 5308 1244 5386 medicina,
1302 5327 1361 5374 ut
1396 5335 1618 5391 socrum
1668 5318 1841 5384 Petri,
1889 5328 1944 5373 et

356 5416 695 5470 centurionis
737 5429 969 5484 puerum
1003 5429 1019 5469 :
1066 5421 1234 5483 atque
1284 5411 1338 5466 in
1382 5413 1555 5467 veteri
1586 5411 1943 5468 Tesutmento

357 5524 456 5577 per
489 5509 801 5564 Samuclem
831 5517 884 5563 ct
910 5507 1085 5562 Eliam
1118 5506 1482 5565 condensavit
1515 5520 1698 5561 aerem
1727 5505 1790 5557 ad
1820 5504 1940 5574 plu-

2046 4295 2297 4364 παλατίῳ
2350 4296 2714 4367 ώμιλήσαμεν
2765 4299 2909 4351 κατὰ
2954 4299 3058 4368 τὴν
3112 4301 3483 4376 Παρασκευὴν
3528 4308 3627 4361 τοῦ

2044 4387 2301 4457 Λαζάρου
2338 4405 2402 4439 πε
2418 4390 2471 4458 pi.
2520 4389 2614 4442 τοῦ
2648 4391 2912 4459 μυστικοῦ
2939 4392 3195 4461 σώματος
3221 4393 3316 4447 τοῦ
3348 4398 3626 4453 Δεσπότου

2046 4474 2288 4553 Χριστοῦ
2322 4484 2556 4538 ἐνώπιον
2590 4486 2682 4539 τοῦ
2720 4486 2988 4557 βασιλέως
3033 4490 3127 4542 καὶ
3158 4489 3259 4559 τῆς
3315 4494 3625 4563 συγκλήτου

2046 4575 2143 4627 καὶ
2174 4574 2285 4627 τῶν
2316 4575 2616 4646 ὲξαιρέτων
2648 4578 2748 4649 τῆς
2775 4580 3012 4645 πόλεως,
3040 4580 3135 4634 καὶ
3160 4582 3366 4644 πολλὰς
3395 4586 3628 4655 χάριτας

2045 4667 2360 4737 ἀνήνεγκαν
2386 4668 2464 4739 τῷ
2496 4670 2689 4742 Κυρίῳ
2720 4672 2871 4738 τότε,
2907 4675 3002 4726 καὶ
3025 4675 3161 4745 ἡμῖν
3203 4678 3318 4739 τοῖς
3340 4683 3629 4742 ταπεινοῖς
3675 4682 3685 4723 ἶ

2052 4759 2265 4824 δούλοις
2295 4762 2485 4817 αὑτοῦ.
2541 4761 2657 4846 Νῦν
2713 4763 2770 4817 δὲ
2801 4763 3072 4837 σύντομον
3119 4767 3215 4821 καὶ
3267 4770 3436 4838 σαφὲς
3498 4775 3630 4837 περὶ
3672 4794 3679 4799 ~

2044 4850 2239 4904 τούτου
2275 4852 2531 4921 λέγομεν.

2121 4943 2435 4998 Γινώσκετε
2475 4944 2568 4999 οῦν
2621 4945 2722 4999 ὅτι
2763 4947 2864 5016 τὴν
2915 4945 3142 5017 πρώτην
3200 4948 3357 5012 τάξιν
3394 4951 3453 5001 ἐν
3509 4952 3624 5011 τοῖς

2047 5034 2296 5107 θαύμασι
2342 5036 2438 5090 τοῦ
2488 5037 2627 5091 Θεοῦ
2671 5036 2890 5107 ἐχουσὶν
2923 5039 3129 5104 ἐκεῖνα,
3171 5040 3229 5095 ὲν
3277 5036 3359 5103 οἷς
3406 5043 3438 5110 ἡ
3476 5042 3629 5105 τάξις

2050 5128 2212 5198 μόνον
2239 5128 2375 5182 καὶὸ
2401 5129 2602 5199 τρόπος
2631 5128 2732 5199 τῆς
2749 5128 2965 5198 φύσεως
2990 5134 3395 5200 μεταποιεῖται,
3413 5136 3627 5201 γίνεται

2045 5222 2102 5274 δὲ
2136 5222 2373 5290 πρᾶγμα
2403 5221 2707 5291 δυνάμενον
2742 5220 2995 5290 γίνεσθαι
3028 5222 3157 5276 καθ’
3188 5223 3449 5293 ἑκάστην,
3487 5224 3629 5295 πλὴν

2044 5315 2115 5371 δι’
2136 5315 2305 5383 ἄλλης
2334 5314 2457 5369 ὀδοῦ
2483 5335 2495 5348 ·
2533 5314 2722 5388 ὥσπερ
2756 5316 2952 5373 ἰάσατο
2977 5317 3212 5380 πολλοὺς
3244 5316 3565 5390 ἀρρώστους
3597 5320 3624 5371 ὁ

2049 5409 2256 5478 Κύριος
2291 5410 2450 5481 ἡμῶν
2489 5410 2657 5481 χωρὶς
2686 5410 2952 5482 ἰατρείας,
2985 5411 3061 5474 ὡς
3089 5410 3188 5478 τὴν
3215 5411 3484 5479 πενθεράν
3519 5410 3615 5464 τοῦ

2049 5503 2283 5572 Πέτρου,
2328 5504 2424 5555 καὶ
2468 5502 2560 5556 τὸν
2594 5504 2761 5559 παῖδα
2790 5504 2885 5557 τοῦ
2938 5505 3358 5575 ἑκατοντάρχου.
3430 5506 3539 5558 Καὶ
3570 5507 3631 5557 ἐν

358 5603 503 5655 vium
544 5603 963 5666 detn'tttrndam,
1015 5602 1223 5671 absque
1269 5602 1377 5657 ulla
1410 5601 1516 5657 alia
1555 5615 1721 5656 causa
1776 5608 1940 5655 ιλιιιί-

2051 5599 2115 5665 τῇ
2149 5596 2363 5666 Παλαιᾷ
2386 5596 2473 5651 διὰ
2497 5596 2590 5649 τοῦ
2612 5597 2870 5668 Σαμουὴλ
2896 5599 2994 5651 καὶ
3010 5596 3103 5650 τοῦ
3137 5596 3321 5650 Ἠλιοῦ
3342 5597 3629 5651 ὲπύκνωτε

359 5695 460 5751 sub
496 5710 618 5763 qua!
650 5695 891 5762 pluviam
926 5696 1280 5765 produceret.

2050 5688 2143 5740 τὸν
2207 5687 2347 5755 ἀέρα
2390 5688 2525 5758 πρὸς
2557 5687 2714 5743 ὑετὸν
2770 5690 2937 5760 χωρὶς
2964 5688 3059 5741 τοῦ
3102 5688 3357 5756 γενέσθαι
3390 5690 3632 5760 φυσικήν

2056 5796 2183 5835 τινα
2217 5780 2451 5851 δύναμιν
2482 5783 2573 5836 καὶ
2605 5784 2900 5838 αἱτίαντοῦ
2934 5782 3170 5853 ὄμϐρου.
3240 5829 3248 5835 .
