3948 6186
243 312 345 376 3Ί7

1212 310 1400 371 ΗΟΜ.
1446 310 1506 370 ΙΙ
1542 309 1639 371 DE
1670 308 2001 373 SACHAM.
2033 310 2386 373 CORPORE
2425 308 2582 377 L'C.

3406 316 3514 380 378

307 421 585 492 Δευτέραν
612 418 802 489 ἔχουσι
831 417 988 484 τάξιν
1019 420 1053 489 ἡ
1084 419 1382 483 ἀνάστασις
1409 419 1503 473 τοῦ
1530 419 1813 490 Λαζάρου,

1996 421 2316 478 Secundum
2353 423 2537 479 locum
2564 422 2769 480 habent
2792 425 3041 495 quaedam
3067 427 3198 493 alia,
3230 438 3290 483 ut
3315 425 3511 482 Lazari

234 516 333 569 καὶ
359 516 395 585 ἡ
428 511 730 582 ἀνάϐλεψις
761 515 856 565 τού
880 510 1088 579 τυφλοῦ
1111 527 1128 544 ο
1148 513 1207 564 ὲν
1240 512 1455 575 τούτοις
1484 512 1597 581 γάρ
1625 511 1685 565 τὸ
1718 512 1820 583 μὲν

233 606 548 676 γινόμενον,
585 604 728 658 κατά
768 604 866 675 τὴν
896 603 1060 671 φύσιν
1107 603 1227 657 ἐστι
1253 619 1268 634 ο
1316 604 1442 658 ὅσον
1489 604 1544 657 δὲ
1572 604 1711 676 πρὸς
1757 604 1822 657 τὸ

234 697 606 767 ὑποκείμενον
642 698 702 750 ὲν
755 691 799 763 ᾧ
844 695 1079 764 γίνεται,
1127 696 1285 766 παρὰ
1330 693 1431 763 τὴν
1464 694 1630 765 φύσιν
1677 693 1818 749 ἐστί.

234 791 393 844 Ποιεῖ
434 789 545 860 γάρ
580 787 678 842 καὶ
709 788 742 857 ἡ
793 786 958 855 φύσις
991 784 1132 854 αὑτὴ
1173 783 1343 854 ζωὴν,
1386 784 1507 837 ἀλλ’
1528 784 1629 837 οὐκ
1659 785 1718 838 ὲν
1743 785 1823 853 τῷ

238 884 420 955 νεκρῷ
444 901 458 916 ’
492 883 588 936 καὶ
615 881 831 935 δίδωσιν
882 880 1007 949 ϐψιν
1037 879 1069 948 ἡ
1113 878 1299 947 φύσις,
1351 875 1470 931 ἀλλ’
1502 877 1603 931 οὐκ
1648 878 1708 932 ιν
1742 876 1820 947 τῷ

242 976 633 1047 πεπηρωμένῳ
663 975 791 1038 τοὺς
819 970 1159 1043 ὀφθαλμούς.

307 1068 519 1140 Τρίτην
544 1067 728 1138 ἔχουσι
763 1066 917 1130 τάξιν
947 1066 1009 1119 τὸ
1038 1065 1234 1130 στῆναι
1258 1060 1351 1117 τοῦ
1374 1062 1580 1116 οίκείου
1609 1061 1817 1132 δρόμου

237 1163 331 1216 τὸν
364 1162 546 1231 ἥλιον,
596 1161 625 1213 ὃ
672 1159 868 1228 γέγονε
905 1160 997 1213 διὰ
1058 1156 1237 1228 Ἰησοῦ
1270 1155 1367 1210 τοῦ
1407 1156 1564 1226 Ναυῆ
1586 1171 1602 1187 ’
1636 1154 1824 1209 καὶτὸ

239 1255 405 1325 σῶμα
433 1254 686 1326 χωρῆσαι
724 1253 813 1307 διὰ
864 1251 1147 1323 σώματος,
1180 1252 1257 1315 ὡς
1311 1252 1340 1305 ὁ
1393 1248 1605 1320 Κύριος
1660 1249 1823 1320 ἡμῶν

237 1347 426 1419 διῆλθε
454 1348 565 1402 τῶν
622 1347 807 1419 θυρῶν
850 1345 1259 1417 κεκλεισμένων
1286 1362 1300 1379 ·
1334 1343 1513 1399 ταῦτα
1544 1345 1653 1415 γὰρ
1702 1342 1825 1399 κατ’

239 1441 433 1495 οὐδένα
453 1438 661 1510 τρόπον
694 1438 847 1509 παρὰ
880 1438 979 1507 τῆς
1007 1436 1229 1507 φύσεως
1254 1434 1517 1489 δύνανται
1548 1434 1823 1502 γίνεσθαι.

249 1532 543 1586 Ἐπέκεινα
576 1531 633 1585 δὲ
668 1530 889 1584 πάντων
920 1529 1131 1583 τούτων
1166 1527 1277 1581 τῶν
1307 1526 1661 1596 θαυμασίων,
1688 1524 1825 1579 ἀλλὰ

237 1623 331 1677 δύο
362 1626 475 1676 εἰσὶ
498 1621 753 1693 θαύματα
777 1620 1035 1692 μέγιστα,
1061 1619 1155 1672 καὶ
1180 1618 1357 1672 πάντα
1380 1616 1541 1686 λόγον
1564 1615 1824 1681 νικῶντα,

237 1716 293 1769 ἓν
335 1716 439 1787 μὲν
498 1713 647 1779 ἄπαξ
695 1712 1092 1782 γεγενημένον,
1144 1711 1233 1764 ὅτε
1308 1708 1408 1780 τὴν
1466 1706 1823 1776 ἀνθρωπίνην

238 1784 403 1878 φύσιν
436 1810 465 1860 ὁ
498 1806 632 1871 Θεὸς
665 1804 871 1875 συνῆψε
906 1805 985 1875 τῷ
1019 1804 1151 1875 θείῳ
1182 1800 1467 1875 προσώπῳ
1495 1817 1510 1832 ·
1538 1800 1733 1872 ἕτερον
1766 1798 1822 1853 δὲ
1852 1784 1899 1846 Β

239 1899 432 1968 μεῖζον
458 1897 676 1960 τούτου,
717 1896 813 1949 καὶ
850 1895 977 1950 καθ’
1012 1896 1230 1966 ἡμέραν
1255 1893 1565 1962 γινόμενον,
1604 1892 1689 1945 ὅτι
1711 1889 1812 1945 αὐ-

235 1994 368 2045 τίκα
403 1990 737 2061 μεταϐάλλει
764 1989 863 2060 τὴν
896 1988 1088 2041 ούσίαν
1127 1986 1224 2040 τοῦ
1274 1986 1446 2056 ἄρτου
1496 1986 1577 2048 είς
1600 1984 1703 2055 τὴν
1725 1982 1822 2037 ού-

239 2086 364 2139 σίαν
408 2084 505 2137 τοῦ
545 2084 678 2138 ίδίου
714 2081 971 2149 σώματος
999 2083 1028 2134 ὁ
1080 2079 1337 2152 Χριστὸς,
1369 2078 1468 2133 καὶ
1496 2077 1595 2148 τὴν
1633 2076 1827 2130 οὐσίαν

236 2177 331 2232 τοῦ
363 2178 513 2231 οἴνου
544 2178 625 2239 είς
659 2175 758 2246 τὴν
789 2174 983 2229 οὐσίαν
1006 2173 1106 2227 τοῦ
1141 2172 1276 2226 ἰδίου
1302 2172 1558 2242 αἵματος,
1600 2169 1690 2223 Ἐν
1724 2167 1825 2239 μὲν

237 2271 347 2341 γάρ
370 2268 449 2338 τῷ
484 2267 688 2337 πρώτῳ
718 2265 987 2336 θαύματι,
1019 2263 1283 2333 οὐδετέρα
1315 2260 1482 2331 φύσις
1514 2258 1824 2331 μετεϐλήθη

238 2362 379 2431 προς
401 2359 504 2429 τὴν
530 2357 729 2430 ἑτέραν
752 2374 766 2389 ·
800 2355 919 2411 ἀλλ’
943 2357 1003 2411 ὲν
1024 2355 1105 2427 τῷ
1128 2354 1223 2409 τοῦ
1252 2352 1495 2426 Χριστοῦ
1518 2349 1824 2424 προσώπῳ,

239 2453 337 2505 καὶ
360 2452 395 2521 ἡ
434 2450 632 2520 θεότης
680 2449 775 2502 καὶ
809 2450 842 2520 ἡ
894 2446 1260 2518 ἁνθρωπότης
1298 2445 1629 2515 ἄσυγχύτως
1662 2440 1826 2498 είσίν.

248 2543 345 2595 Ἕν
378 2540 437 2593 δὲ
472 2539 651 2610 τούτῳ
702 2536 781 2609 τῷ
844 2535 1140 2609 μυστηρίῳ
1188 2534 1254 2587 τὸ
1300 2533 1513 2604 κτίσμα
1540 2531 1681 2603 πρὸς
1727 2529 1823 2607 τον

240 2632 474 2700 κτίστην
502 2630 883 2704 μεταποιεῖται
920 2627 1010 2682 διά
1042 2629 1212 2697 μέσου
1234 2623 1330 2679 τοῦ
1360 2622 1640 2694 σώματος,
1670 2626 1767 2677 καὶ
1787 2620 1823 2692 ἠ

240 2722 650 2796 προῦφεστῶσα
686 2720 783 2775 τοῦ
824 2719 993 2792 ἄρτου
1021 2719 1182 2773 οὐσία
1215 2718 1379 2789 σῶμα
1406 2713 1649 2787 Χριστοῦ
1673 2713 1825 2786 γίνε-

241 2834 334 2871 ται
358 2832 375 2848 ⁶
409 2815 508 2872 καὶ
542 2816 577 2888 ἡ
603 2812 706 2886 μὲν
736 2813 901 2867 οὐσία
926 2811 1024 2866 τοῦ
1065 2812 1235 2882 ἄρτου
1276 2808 1702 2882 μεταϐάλλεται,
1733 2807 1825 2861 ἶνα

241 2912 299 2965 ιν
331 2910 471 2979 ἡμῖν
498 2909 561 2961 τὸ
586 2906 892 2979 μυστήριον
920 2905 1143 2975 ἐνεργῇ,
1172 2906 1270 2958 καὶ⁵
1295 2900 1627 2972 συσσώμους
1670 2901 1822 2971 ἡμᾶς

241 3002 371 3071 ποιῇ
405 2999 503 3053 τοῦ
539 2997 807 3068 Χριστοῦ.
849 2996 918 3050 Ἦ
941 2996 998 3051 δὲ
1023 2993 1225 3061 ἔξωθεν
1254 2992 1497 3057 διάθεσις
1525 2990 1623 3045 τοῦ
1651 2990 1820 3062 ἄρτου

245 3094 399 3163 μένει
432 3091 598 3145 πάλιν
624 3091 658 3160 ἡ
690 3089 855 3159 αὑτὴ,
886 3087 1352 3158 συγκαλύπτουσα
1373 3086 1474 3157 τὴν
1502 3083 1695 3139 οὐσίαν
1723 3081 1820 3137 τοῦ

241 3148 519 3253 σώματος,
553 3148 658 3236 ἵνα¹
684 3148 875 3252 μηδείς
906 3148 1121 3248 ίλίγγος
1149 3179 1300 3249 ἡμᾶς
1321 3148 1641 3247 κατασχὼν,
1680 3177 1828 3229 άπα-
1850 3148 1897 3211 C

239 3279 388 3349 γάγη
444 3276 545 3345 τῆς
590 3273 973 3345 μεταλήψεως.
1024 3271 1304 3339 Μέγιστον
1349 3268 1449 3340 μὲν
1476 3267 1570 3323 οῦν
1606 3267 1826 3322 πάντων

240 3371 353 3423 τῶν
388 3368 487 3422 τοῦ
515 3366 652 3421 Θεοῦ
693 3365 1022 3435 Θαυμασίων
1055 3362 1218 3417 τοῦτό
1253 3363 1373 3416 ἐστι
1411 3361 1473 3413 τὸ
1497 3362 1823 3431 μυστήριον,

244 3460 327 3513 διδ
358 3461 457 3513 καὶ
518 3457 742 3523 πολλάς,
794 3457 870 3519 ὼς
917 3455 1283 3526 προείπομεν,
1341 3453 1628 3515 ἐνστάσεις
1682 3452 1824 3519 πρὸς

239 3554 402 3607 τοῦτο
432 3552 679 3605 κινοῦσιν
726 3550 878 3603 ἔνθεν
915 3549 1015 3619 μὲν
1066 3530 1329 3612 ἄπιστοι,
1364 3545 1520 3599 ἐνθεν
1567 3545 1625 3598 δὲ
1673 3546 1826 3615 αίρε-

237 3648 410 3711 τικοὶ,
443 3645 595 3700 ἔνθεν
635 3645 691 3698 δὲ
732 3643 967 3709 ἰδιῶται,
1013 3642 1115 3696 οὐκ
1164 3640 1386 3711 ἔχοντες
1437 3640 1673 3710 συνορᾷν
1734 3639 1825 3693 τὸν

238 3738 409 3809 λόγον
449 3738 545 3792 τοῦ
599 3737 925 3809 μυστηρίου,
960 3734 1031 3799 ἃς
1083 3734 1370 3798 ἐνστάσεις
1420 3734 1478 3787 ἐν
1526 3734 1717 3806 éxeivn
1757 3737 1826 3806 τῇ

241 3831 433 3901 ὁμιλίᾳ
475 3828 841 3898 διελυσάμεθα
866 3826 1013 3881 τότε.

314 3925 379 3976 Οἱ
419 3922 519 3993 μὲν
551 3922 660 3991 γὰρ
692 3919 873 3972 αὐτῶν
905 3917 1195 3989 ἀποροῦσι,
1249 3916 1369 3981 πῶς
1419 3917 1477 3970 ὲν
1508 3915 1587 3987 τῷ
1615 3931 1826 3987 παραυο

244 4015 371 4069 τίκα
407 4014 817 4086 μεταϐάλλεται
851 4014 883 4082 ἡ
917 4011 1077 4067 οὐσία
1107 4010 1204 4063 τοῦ
1231 4008 1399 4078 ἄρτου
1443 4007 1538 4062 καὶ
1569 4008 1715 4061 οίνου
1747 4008 1828 4071 είς

246 4106 344 4177 τὴν
368 4106 560 4159 οὐσίαν
591 4104 685 4157 τοῦ
725 4104 1004 4174 σώματος.
1036 4103 1099 4155 Οί
1123 4102 1181 4155 δὲ
1212 4099 1484 4173 ἀποροῦσι
1520 4100 1640 4164 πῶς
1667 4100 1830 4153 δυνα-
1876 4094 1883 4107 ³

254 4200 345 4251 τόν
392 4199 512 4249 ἐστι
554 4196 653 4266 τῆς
699 4196 887 4256 οὐσίας
918 4192 1013 4247 τοῦ
1056 4195 1229 4264 ἄρτου
1278 4192 1717 4265 μεταϐληθείσης
1748 4192 1828 4255 είς

247 4291 348 4359 τὴν
406 4291 599 4342 οὐσίαν
629 4288 723 4342 τοῦ
756 4287 1034 4357 σώματος,
1070 4286 1257 4356 μένειν
1316 4286 1387 4339 τά
1442 4285 1831 4356 συμϐεϐηκότα

248 4382 341 4436 τοῦ
401 4384 592 4449 ἄρτου,
648 4381 818 4450 ἡγουν
854 4380 915 4431 τι
971 4380 1146 4447 μῆκος
1197 4377 1390 4442 αὐτοῦ,
1442 4378 1503 4432 τὸ
1552 4378 1741 4447 βάρος,
1772 4375 1831 4429 τὸ

1929 514 2287 581 resurrectio,
2329 524 2385 571 et
2428 517 2582 573 visus
2631 516 2685 572 in
2736 531 2885 571 caeco
2920 520 3240 585 restitutio;
3276 520 3331 575 in
3387 521 3512 575 istis

1924 607 2068 661 enim
2104 608 2250 677 quod
2281 608 2368 677 iit,
2394 609 2697 665 secundum
2726 618 2976 665 naturam
3006 620 3133 678 est;
3168 612 3264 668 sed
3298 613 3513 668 ratione

1924 698 2107 753 habita
2149 699 2217 754 ad
2276 700 2587 779 subjectum
2639 701 2692 755 in
2729 716 2842 771 quo
2887 702 2967 765 lit,
3016 710 3212 771 praeter
3257 711 3510 757 naturam

1923 800 2028 847 est.
2066 791 2141 846 Ea
2185 792 2386 863 quippe
2437 795 2605 849 vitam
2648 794 2835 859 edicit,
2876 796 2971 850 sed
3007 811 3114 851 non
3152 796 3208 850 in
3253 806 3508 864 mortuo;

1923 886 2113 940 eadem
2157 885 2333 941 visum
2376 884 2491 952 dat,
2528 885 2627 942 sed
2654 902 2762 941 non
2796 887 2851 942 in
2882 887 3064 943 oculis
3094 888 3316 944 orbato.

1998 1061 2247 1119 Tertium
2282 1064 2459 1119 locum
2511 1062 2739 1127 habent,
2790 1076 3016 1118 cursum
3046 1064 3333 1133 proprium
3371 1064 3510 1120 solis

1929 1154 2150 1221 sistere,
2189 1158 2333 1227 quod
2361 1171 2456 1227 per
2483 1156 2673 1213 Jesum
2713 1156 2860 1212 Nave
2890 1156 3097 1211 factum
3135 1166 3220 1212 est
3257 1177 3271 1213 :
3305 1172 3513 1226 corpus

1926 1263 2023 1318 per
2053 1247 2205 1304 aliud
2238 1263 2440 1319 corpus
2474 1256 2790 1319 penetrare,
2824 1259 2885 1305 ut
2931 1249 3065 1305 fecit
3106 1247 3366 1305 Christus
3401 1249 3510 1305 Do-

1926 1341 2130 1405 minus,
2181 1356 2306 1396 cum
2350 1357 2450 1412 per
2491 1342 2683 1398 clausa
2732 1344 2875 1399 ostia
2941 1343 3302 1410 pertransivit
3344 1358 3360 1397 :
3396 1345 3513 1400 haec

1926 1432 2073 1487 enim
2104 1433 2259 1488 nullo
2294 1434 2459 1489 modo
2509 1449 2541 1489 a
2578 1445 2778 1490 natura
2822 1434 2967 1490 efﬁci
3016 1443 3268 1504 possunt.
3326 1434 3511 1504 Longe

1925 1543 2060 1584 vero
2110 1543 2279 1600 supra
2341 1530 2529 1585 omnia
2588 1531 2707 1586 haec
2760 1530 3062 1593 mirabilia.
3098 1531 3211 1587 duo
3270 1532 3510 1588 maxima

1928 1622 2199 1676 miracula
2246 1632 2398 1684 sunt,
2450 1637 2574 1693 qua:
2630 1623 2901 1678 rationem
2949 1637 3171 1678 omnem
3226 1635 3511 1692 superant,

1930 1731 2099 1769 unttm
2138 1716 2285 1785 quod
2322 1715 2491 1771 semel
2529 1714 2736 1770 factum
2794 1723 2899 1778 est,
2952 1715 3174 1783 quando
3212 1714 3508 1770 humanam

1928 1814 2183 1861 naturam
2213 1805 2355 1861 Deus
2379 1806 2675 1876 conjunxit
2707 1804 2911 1860 divina:
2942 1820 3198 1875 persona:
3226 1824 3242 1864 :
3272 1806 3508 1862 alterum

1926 1912 2060 1953 vero
2081 1897 2259 1967 majus
2285 1897 2407 1963 illo,
2432 1907 2486 1953 et
2510 1897 2658 1966 quod
2710 1895 2961 1968 quotidie
3003 1896 3261 1965 eiiicitur,
3287 1899 3513 1970 quando

1926 1989 2115 2045 statim
2146 1988 2407 2045 Christus
2445 1996 2784 2046 transmutat
2812 1990 3184 2046 substantiam
3250 1991 3411 2059 panis
3451 1990 3508 2044 in

1924 2080 2134 2151 proprii
2170 2079 2424 2151 corporis
2457 2065 2858 2145 substantiam,
2897 2088 2953 2134 et
2983 2078 3357 2135 substantiam
3395 2080 3509 2133 vini

1928 2172 1984 2226 in
2046 2171 2416 2228 substantiam
2450 2171 2655 2241 proprii
2695 2171 3006 2242 sanguinis.
3050 2170 3107 2225 In
3131 2171 3310 2242 primo
3361 2171 3511 2227 enim

1928 2264 2220 2331 miraculo,
2257 2272 2457 2318 neutra
2515 2264 2566 2317 in
2625 2262 2852 2318 alteram
2897 2270 3096 2318 natura
3144 2271 3510 2319 transmutata.
3612 2324 3624 2335 .

1924 2366 2010 2413 est
2034 2370 2050 2421 ;
2073 2356 2168 2412 sed
2202 2356 2256 2411 in
2292 2354 2501 2411 Christi
2535 2370 2795 2425 persona.
2834 2365 2892 2412 et
2923 2354 3190 2410 divinitas
3222 2364 3276 2410 et
3312 2354 3511 2409 huma-

1926 2448 2072 2503 nitas
2098 2455 2230 2502 sunt
2260 2446 2579 2501 inconl'use.
2605 2447 2677 2500 At
2698 2447 2756 2501 in
2781 2446 2887 2501 huc
2915 2454 3267 2501 sacramento
3292 2452 3512 2499 creatn-
3613 2446 3617 2449 '

1925 2555 1986 2597 ra
2007 2541 2065 2596 in
2093 2542 2413 2596 Creatorem
2447 2538 2903 2603 transformatur,
2937 2538 3224 2595 mediante
3250 2550 3513 2606 corpore,

1924 2640 1978 2688 et
2013 2630 2409 2702 praeexsistens
2440 2630 2606 2701 panis
2668 2629 3004 2695 substantia,
3039 2627 3257 2684 Christi
3308 2643 3515 2697 corpus

1924 2721 2184 2779 edicitur.
2221 2722 2289 2778 Et
2331 2722 2653 2779 substantia
2683 2720 2910 2792 qaidem
2960 2721 3123 2792 panis
3171 2725 3512 2775 transmuta-

1926 2824 2037 2882 tur,
2075 2824 2134 2870 ut
2167 2815 2222 2871 in
2258 2815 2441 2879 ;nobis
2498 2822 2913 2870 sacramentum
2961 2820 3243 2883 caperetur,
3299 2826 3517 2882 nosque

1924 2922 2338 2980 concorporeos
2371 2907 2582 2964 Christi
2629 2907 2852 2963 eﬂiciat.
2887 2905 3149 2961 Exterior
3193 2919 3322 2959 vero
3355 2904 3519 2973 panis

1930 2999 2203 3055 habitudo
2234 3009 2422 3055 manet
2455 2998 2820 3053 nihilominus
2853 2998 3070 3064 eadem,
3120 3004 3313 3066 tegens
3377 2993 3517 3049 sub-

1929 3090 2203 3145 stantiam
2236 3090 2508 3159 corporis,
2536 3104 2605 3144 ne
2635 3103 2742 3156 qua
2774 3102 2875 3142 nos
2912 3086 3185 3143 haesitatio
3234 3086 3511 3149 detinens,

1928 3193 1960 3233 a
1994 3179 2391 3235 communione
2417 3178 2690 3233 detrahat.
2739 3176 3037 3231 Maximum
3072 3176 3237 3247 igitur
3261 3176 3509 3230 omnimn

1927 3271 2024 3326 Dei
2054 3271 2391 3327 mirabilium
2435 3279 2520 3327 est
2542 3272 2646 3325 hoc
2683 3278 3139 3336 sacramentum;
3188 3271 3331 3324 unde.
3372 3271 3512 3325 mul-

1929 3370 2036 3429 tas,
2079 3374 2137 3417 ut
2185 3378 2350 3434 supra
2385 3364 2649 3428 diximus,
2688 3364 2951 3419 adversus
2994 3363 3130 3418 illud
3171 3363 3511 3434 objectiones

1929 3465 2149 3511 movent
2177 3456 2305 3511 hinc
2338 3456 2609 3520 inﬁdeles,
2636 3455 2791 3509 illinc
2817 3456 3077 3516 haeretici.
3118 3473 3183 3511 ex
3218 3456 3323 3509 alia
3357 3455 3515 3510 deni-

1931 3561 2039 3613 que
2066 3555 2223 3615 parte
2255 3547 2437 3601 ἰδίοισι
2457 3545 2747 3608 iilitterati,
2778 3544 2927 3614 quod
2961 3545 3231 3599 rationem
3264 3545 3512 3615 mysterii

1928 3640 2239 3710 perspicere
2264 3639 2448 3694 minus
2474 3639 2717 3699 valeant,
2755 3651 2895 3706 quas
2917 3636 3143 3705 quidem
3170 3636 3514 3707 objectiones

1928 3748 2076 3788 nunc
2105 3732 2373 3787 diluimus
2406 3730 2464 3786 in
2498 3729 2688 3787 eadem
2715 3728 2964 3785 homilia.

2004 3917 2226 3973 Illorum
2287 3916 2511 3983 quidem
2564 3915 2819 3970 nonnulli
2887 3913 3180 3984 objiciunt,
3241 3913 3517 3982 quomodo

1930 4010 1984 4065 in
2021 4016 2303 4064 momento
2348 4016 2754 4062 transmutatur
2796 4006 3105 4061 subSIantia
3134 4003 3292 4073 panis
3321 4012 3374 4057 et
3404 4002 3515 4055 vini

1932 4101 1988 4156 in
2024 4098 2394 4157 substantiam
2425 4098 2704 4167 corporis.
2753 4096 2890 4159 Alii,
2926 4094 3204 4165 quomodo
3252 4092 3516 4159 possibile

1932 4195 2030 4259 sit,
2086 4193 2399 4249 substantia
2444 4191 2603 4261 panis
2643 4197 2853 4243 mutata
2882 4189 2937 4240 in
2970 4184 3333 4241 substantiam
3383 4198 3513 4235 cor-

1932 4286 2106 4355 poris.
2165 4298 2397 4338 manere
2469 4280 2778 4337 accidentia
2848 4278 3028 4348 panis,
3089 4290 3285 4342 nempe
3336 4271 3515 4338 longi-

1933 4380 2181 4434 tudinem
2217 4376 2359 4445 ejus,
2391 4374 2632 4447 pondus,
2670 4372 3036 4433 latitudinem,
3081 4368 3345 4430 colorem,
3378 4366 3514 4420 οι]οο

249 4477 474 4539 πλάτος,
505 4474 565 4528 τὸ
599 4474 821 4544 χρῶμα,
844 4473 943 4541 τὴν
972 4471 1171 4541 ὀσμὴν,
1203 4471 1298 4523 καὶ⁵
1327 4470 1427 4540 τὴν
1455 4471 1514 4523 ὲν
1539 4472 1605 4542 τῇ
1633 4469 1826 4537 γεύσει

1938 4487 2074 4533 rem,
2109 4479 2165 4525 et
2202 4471 2255 4524 in
2290 4477 2455 4539 gustu
2514 4465 2861 4538 qualitatem,
2916 4460 3056 4516 adeo
3098 4468 3157 4513 ut
3207 4457 3515 4514 accidentia

250 4570 541 4637 ποιότητα,
589 4566 732 4619 ὥστε
790 4561 930 4617 εἶναι
977 4563 1046 4616 τά
1086 4561 1479 4632 συμϐεϐηκότα
1531 4560 1627 4613 τοῦ
1659 4564 1827 4629 ἄρτου

250 4658 419 4725 χωρὶς
447 4656 544 4724 τῆς
570 4653 759 4716 οὐσίας
784 4652 879 4706 τοῦ
899 4653 1093 4723 ἄρτου,
1113 4650 1208 4702 καὶ
1232 4650 1331 4720 τὴν
1355 4650 1617 4719 ἀληθινὴν
1638 4652 1830 4706 οὐσίαν

208 4750 344 4802 ’τοῦ
406 4748 657 4816 σώματος
714 4743 1064 4817 κρύπτεσθαι
1116 4745 1175 4795 ἐν
1213 4743 1622 4813 συμϐεϐηκόσιν
1663 4744 1829 4813 ἄλλης

248 4840 462 4902 οὐσίας.
498 4841 720 4909 Ἐτεροι
765 4837 1038 4910 ἀποροῦσι
1092 4835 1211 4899 πῶς
1262 4835 1494 4889 δυνατὸν
1516 4836 1645 4889 ὅλον
1684 4831 1828 4890 εἶναι

246 4934 341 4986 τὸν
386 4932 624 5002 Χριστὸν
672 4936 732 4986 ἐν
790 4932 963 5003 μικρᾷ
1006 4928 1101 4985 τοῦ
1156 4927 1489 5001 φαινομένου
1547 4929 1829 4998 ποσότητι.

249 5025 441 5078 Ἀλλοι
488 5024 649 5077 πάλιν
698 5023 1075 5077 διαπιστοῦσιν
1131 5023 1281 5087 ὅπως
1316 5021 1376 5074 τὸ
1431 5020 1529 5074 τοῦ
1588 5018 1829 5091 Χριστοῦ

253 5115 524 5185 μυστικὸν
555 5115 715 5185 σῶμα
745 5116 841 5169 καὶ
881 5115 1225 5186 τεμνόμενον
1252 5113 1517 5185 ἀκέραιον
1559 5111 1830 5182 διαμένει,

246 5206 344 5257 καὶ
394 5206 506 5258 τῶν
560 5207 871 5277 τμημάτων
918 5205 1175 5273 ἕκαστον,
1220 5205 1353 5258 αὐτὸ
1399 5203 1522 5257 ὅλον
1567 5204 1687 5255 ἐστὶ
1734 5201 1827 5256 τοῦ

242 5298 495 5367 Χριστοῦ
527 5299 685 5369 σῶμα
713 5300 805 5352 καὶ
834 5300 1064 5354 τέλειον.
1104 5299 1427 5370 Ἀποροῦσιν
1449 5296 1653 5368 ἕτεροι,
1679 5295 1709 5350 ὃ
1737 5296 1830 5351 καὶ

230 5391 521 5460 ,μεγίστην
567 5391 682 5461 ἔχει
716 5392 977 5461 ἀπορῐαν,
1029 5391 1145 5455 πῶς
1198 5394 1259 5445 τὸ
1298 5392 1433 5445 αὐτὸ
1480 5393 1561 5454 είς
1619 5390 1678 5443 ἓν
1733 5389 1829 5444 τοῦ

248 5484 493 5550 Χριστοῦ
528 5484 686 5556 σῶμά
708 5486 848 5551 ἐστι,
881 5486 978 5539 καὶ
1004 5487 1060 5540 ὲν
1085 5485 1324 5558 οὐρανῷ,
1346 5485 1443 5539 καὶ
1466 5486 1523 5539 ὲν
1550 5484 1830 5547 πλείστοις

251 5576 369 5645 ἄμα
402 5578 819 5648 θυσιαστηρίοις
854 5580 911 5632 ἐν
965 5582 1059 5651 γῇ.
1116 5579 1281 5633 Ἀλλά
1334 5578 1541 5643 ταύτας
1578 5577 1678 5649 μὲν
1732 5578 1831 5640 τὰς

252 5658 505 5738 «inopia!
528 5669 623 5721 καὶ
664 5669 972 5742 λελύκαμεν
1003 5673 1145 5737 τότε,
1191 5673 1286 5726 καὶ
1322 5672 1603 5742 δυνάμεθα
1653 5670 1825 5736 λύειν,

252 5760 597 5829 111$th??)
631 5762 968 5831 φωτίσαντος
1006 5768 1150 5837 ἡμᾶς
1178 5767 1363 5837 χάριτι
1390 5780 1404 5794 ⁸
1449 5766 1652 5836 μᾶλλον
1696 5764 1753 5820 δὲ
1783 5764 1829 5820 si

1935 4566 2095 4636 panis
2119 4565 2232 4620 sint
2265 4563 2474 4633 absque
2504 4558 2817 4617 substantia
2854 4557 3034 4627 panis,
3104 4564 3158 4608 et
3205 4569 3331 4608 vera
3382 4554 3516 4607 sub-

1942 4656 2151 4714 stantia
2214 4654 2463 4725 corporis
2525 4652 2693 4706 lateat
2758 4651 2815 4705 in
2845 4646 3226 4704 accidentibus
3288 4646 3516 4702 alterius

1934 4748 2283 4807 substantiae.
2347 4746 2452 4801 Alii
2489 4752 2744 4816 quaerunt
2797 4741 3077 4811 quomodo
3127 4737 3393 4809 possibile
3443 4740 3517 4793 sit

1934 4850 2106 4898 totum
2135 4838 2417 4895 Christum
2450 4851 2574 4891 esse
2606 4837 2661 4888 in
2692 4832 2919 4887 minima
2943 4830 3094 4884 illius
3125 4828 3270 4899 quod
3301 4826 3517 4881 videtur

1934 4935 2263 5005 quantitate.
2286 4929 2417 4995 Alii,
2448 4927 2725 4999 quomodo
2749 4939 2951 4994 corpus
2977 4923 3179 4978 Christi
3215 4920 3508 4991 mysticum

1934 5043 2033 5082 seu
2095 5021 2518 5083 sacramentale,
2574 5018 2901 5079 dissectum,
2959 5021 3178 5068 Inani-at
3233 5014 3507 5081 integrum

1936 5128 2138 5179 tamen,
2174 5124 2229 5172 et
2259 5127 2599 5183 unaquaeque
2659 5107 2921 5178 particula
2958 5105 3031 5160 sit
3056 5119 3258 5174 corpus
3305 5098 3513 5154 Christi

1934 5222 2109 5265 totum
2136 5216 2297 5278 atque
2335 5204 2664 5277 perfectum.
2700 5199 2967 5268 Quazrunt
3001 5198 3116 5262 alii,
3153 5193 3296 5264 quod
3346 5194 3513 5247 etiam

1937 5301 2235 5356 maximam
2287 5296 2661 5352 dtﬂicultatem
2700 5295 2885 5357 habet,
2936 5288 3215 5360 quomodo
3264 5286 3406 5341 idem
3457 5294 3513 5340 et

1936 5402 2104 5442 unum
2139 5385 2341 5442 Christi
2373 5400 2579 5455 corpus
2618 5385 2670 5438 in
2704 5383 2845 5441 cmlo
2897 5390 3002 5445 est,
3056 5386 3109 5431 ct
3144 5377 3197 5430 in
3257 5375 3512 5445 plurimis

1936 5480 2097 5535 simul
2122 5494 2290 5549 super
2324 5488 2528 5533 terram
2551 5476 2830 5531 altaribus.
2868 5472 2973 5527 Sed
3007 5470 3361 5527 dimouitates
3387 5470 3530 5529 illas

1936 5584 1990 5629 ct
2022 5583 2153 5627 tunc
2174 5571 2464 5635 solvimus,
2510 5578 2562 5621 et
2590 5568 2801 5621 solvere
2858 5565 3156 5620 etiamnum
3194 5581 3529 5635 possumus,

1937 5666 2144 5722 Christi
2182 5664 2358 5735 gratia
2390 5677 2491 5716 nos
2539 5659 2920 5725 illuminantc;
2950 5658 3032 5713 vel
3069 5660 3250 5729 pntilts
3279 5674 3373 5714 cas
3402 5659 3515 5713 dis-

1938 5761 2162 5820 solvunt
2223 5753 2616 5826 sapientissimi
2662 5751 2917 5807 ECCitSiic
2984 5751 3264 5821 ductores,
3324 5754 3517 5821 gratias.
