3948 6186
499 293 608 356 383

1602 292 1973 354 GENNADII
2012 292 2117 354 (ΖΡ.
2162 294 2663 355 ΡΑΤΗΙΛΒΟΗςΕ

3615 292 3729 359 384

502 412 863 477 patioeininm
906 422 1094 464 cntttt'a
1133 422 1378 466 sanctam
1418 415 1683 483 synodum
1744 414 2055 483 reliquisse.

2175 412 2236 475 ὓς
2291 415 2547 483 Γεωργίῳ
2578 415 2684 467 τινὶ
2735 411 3019 481 Σχολαρίῳ
3069 410 3176 465 τῶν
3224 411 3350 482 τῇδε
3408 411 3657 481 ἀπαίρων
3705 413 3737 463 ὁ

498 501 591 558 Ille
624 518 773 564 vero.
812 510 870 555 ut
905 504 1105 557 dictum
1135 513 1238 570 est,
1286 503 1483 557 librum
1515 505 1583 558 de
1623 506 1801 559 sancti
1828 504 2061 574 Spiritus

499 594 855 666 processione
889 594 943 648 in
978 594 1147 649 multa
1175 594 1348 663 capita
1377 592 1612 647 divisum
1636 592 2060 656 consarcinavil,

497 695 642 740 totus
676 684 743 738 ad
778 682 939 737 Marci
972 683 1307 737 voluntatem
1353 694 1407 739 et
1438 698 1663 739 sensum
1698 697 1817 738 sese
1842 682 2063 737 confor-

497 790 675 830 mans.
705 775 875 829 Porro
897 785 1074 828 autem
1110 774 1247 826 inter
1272 772 1437 828 hosce
1486 771 1624 827 duos
1656 770 1916 842 Georgios
1947 771 2064 841 plu-

501 871 700 921 rimum
741 864 956 918 differre
1002 862 1502 918 manifestissimum
1549 872 1653 917 est.
1708 863 1856 916 Alter
1892 861 2060 925 enim,

499 961 627 1012 dum
657 956 969 1011 Florentius
1016 955 1257 1024 synodus
1306 954 1699 1019 celebraretur,
1746 963 1801 1008 et
1834 952 1975 1007 dixit
2011 962 2065 1005 et

500 1050 719 1115 scripsit
761 1062 864 1099 non
911 1061 1081 1113 pauca
1140 1056 1251 1098 tum
1304 1054 1550 1113 rogatus,
1590 1054 1703 1098 tum
1762 1043 1924 1096 etiam
1956 1056 2061 1094 non

503 1148 749 1207 rogatus.
793 1137 1110 1192 Scliolarins
1143 1151 1272 1191 vero
1301 1131 1589 1190 familiaris
1617 1135 1781 1189 Marci
1816 1134 2063 1189 scribens

507 1239 625 1297 post
676 1231 964 1297 synodum,
994 1228 1047 1282 in
1093 1230 1179 1282 sui
1227 1228 1407 1297 operis
1433 1228 1700 1299 proremio
1747 1225 1969 1287 fatetur,
2006 1241 2097 1279 se.

503 1330 615 1374 tum
649 1320 866 1384 demum
900 1320 1134 1389 abjicere
1161 1321 1460 1384 silentium,
1503 1321 1721 1390 quando
1776 1317 2063 1382 maturior,

502 1410 697 1477 inquit,
748 1418 805 1461 et
854 1408 1181 1463 fructuosior
1211 1410 1391 1463 futura
1436 1418 1583 1464 esset
1633 1407 1752 1478 ejus
1797 1407 2063 1487 sententia

499 1509 690 1551 contra
734 1508 977 1552 sanetam
1033 1499 1315 1554 unionem.
1364 1501 1441 1555 Ad
1470 1501 1675 1557 calcem
1721 1515 1941 1572 quoque
1970 1501 2059 1557 sui

501 1591 620 1643 libri
658 1591 819 1644 verba
845 1590 959 1644 hazc
992 1589 1189 1644 habet:
1254 1589 1514 1659 Meipsum
1543 1608 1652 1660 pra:
1688 1592 1946 1648 omnibus
1971 1607 2066 1648 ac-

500 1697 654 1743 cuso,
677 1691 728 1735 et
763 1682 913 1751 lugeo
944 1689 1205 1749 pragterea
1239 1697 1341 1739 nos
1365 1697 1578 1748 omnes,
1608 1693 1875 1754 quotquot
1900 1684 2066 1739 rebus

502 1773 607 1826 illis
640 1782 833 1841 sponte
867 1782 959 1826 aut
993 1770 1067 1835 vi,
1118 1771 1172 1825 in
1213 1781 1386 1827 totum
1414 1774 1497 1829 vel
1531 1789 1598 1828 ex
1630 1782 1780 1843 parte
1810 1774 2065 1831 interfui-
2091 1755 2140 1816 Β

502 1876 623 1915 inus
650 1881 663 1927 ;
702 1863 793 1931 qui
825 1877 946 1916 cum
983 1862 1133 1932 loqui
1165 1877 1470 1931 possemus,
1506 1864 1821 1921 tacebamus
1854 1873 2063 1931 tamen,

501 1963 555 2009 et
601 1963 746 2007 metu
780 1966 1088 2008 sermonem
1135 1955 1585 2023 reprimebamus.
1627 1954 1908 2023 Quomodo
1936 1971 2068 2027 ergo

503 2044 571 2106 is,
608 2044 698 2109 qui
730 2043 916 2107 tacuit,
941 2052 995 2096 et
1018 2052 1167 2097 metu
1203 2058 1507 2101 sermonem
1545 2048 1833 2117 repressit,
1861 2047 2069 2119 quique

505 2131 671 2185 multa
709 2131 870 2194 dixit,
921 2140 976 2186 et
1020 2132 1306 2188 liberrime
1330 2134 1544 2190 locutus
1583 2144 1689 2202 est,
1724 2152 1868 2193 unus
1904 2148 2068 2208 atque

502 2223 646 2277 idem
678 2222 821 2277 erit?
854 2222 1028 2288 Adde,
1060 2224 1107 2278 si
1140 2240 1280 2281 unus
1294 2225 1392 2297 ‘bic
1413 2234 1494 2281 est
1518 2226 1806 2299 Georgius,
1845 2229 1941 2298 qui
1977 2244 2068 2285 ce—

502 2316 698 2370 cinerit
723 2314 1078 2386 palinodiam,
1120 2332 1221 2372 cur
1252 2332 1321 2374 eo
1360 2317 1417 2373 in
1448 2317 1604 2385 libro,
1636 2336 1800 2389 quem
1840 2336 2067 2393 compo-

506 2408 638 2470 suit,
690 2409 840 2475 prius
884 2421 916 2461 a
972 2422 1031 2463 se
1075 2408 1222 2463 dicta
1254 2424 1363 2465 non
1423 2412 1725 2467 retractat?
1768 2427 1868 2468 nec
1896 2413 2065 2468 ullum

506 2498 640 2553 facit
677 2499 897 2554 verbum
929 2500 1000 2556 de
1034 2501 1309 2570 prioribus
1343 2504 1564 2571 erratis,
1609 2508 1714 2560 me
1755 2505 1922 2562 solvit
1953 2505 2067 2562 for-

507 2592 750 2647 tissimas
784 2591 906 2648 illas
946 2593 1225 2661 rationes,
1255 2609 1355 2664 per
1395 2606 1536 2666 quas
1578 2597 1646 2651 sd
1683 2588 1938 2655 uniunem
1966 2600 2067 2655 ad-

508 2684 759 2739 hortatus
801 2692 891 2738 est
943 2682 1188 2753 Graecos,
1243 2685 1521 2744 laudando
1561 2685 1811 2756 Latinos,
1862 2699 1917 2747 et
1953 2692 2071 2748 ela-

508 2776 729 2841 msntln,
761 2775 894 2831 nihil
919 2776 974 2831 in
1010 2776 1113 2831 ilde
1132 2777 1198 2831 ab
1224 2776 1294 2834 iis
1325 2779 1581 2848 peccari?
1609 2795 1732 2834 nam
1758 2795 1883 2853 quae
1909 2791 2070 2859 antea

507 2866 714 2936 scripta
745 2866 1015 2935 leguntur,
1053 2876 1108 2923 et
1129 2883 1251 2939 quae
1281 2877 1468 2939 postea
1502 2870 1640 2927 liber
1680 2871 1771 2928 ille
1797 2873 2067 2941 continet,

508 2974 720 3014 summe
749 2962 996 3027 opposita
1034 2968 1185 3026 sunt,
1217 2972 1269 3018 et
1297 2965 1535 3020 maxime
1556 2965 1697 3022 inter
1723 2980 1785 3022 se
1805 2977 2071 3038 pugnant.

507 3048 588 3102 Ad
642 3048 756 3104 haec
784 3047 1101 3104 Scliolarius
1131 3048 1312 3107 Marco
1348 3050 1600 3111 addictus
1628 3056 1696 3111 de
1727 3069 1789 3112 se
1816 3056 1934 3127 ipso
1969 3057 2066 3127 ait,

509 3140 708 3195 multos
755 3141 822 3195 sil
870 3141 1021 3195 illum
1058 3141 1199 3198 diem
1248 3144 1561 3215 ignorasse,
1606 3163 1674 3202 an
1726 3149 2069 3205 contrarium

507 3228 624 3297 ipse
668 3230 920 3294 sentiret,
968 3242 1241 3296 errantes,
1281 3234 1481 3306 inquit,
1521 3246 1634 3293 tum
1671 3240 1814 3309 quod
1846 3240 1967 3311 ipso
1994 3241 2075 3299 si-

508 3320 734 3374 lentium
769 3331 1073 3390 opportune
1104 3334 1401 3389 servasset,
1432 3334 1547 3382 tum
1598 3330 1744 3399 quod
1785 3346 1952 3401 prave
1986 3333 2072 3388 in-

508 3418 938 3477 terpretarentur
972 3413 1293 3481 prudentem
1319 3417 1436 3486 ejus
1469 3418 1988 3489 dissimulationem,
2020 3434 2076 3479 et

509 3500 756 3554 nonnihil
800 3502 964 3555 etiam
1010 3504 1503 3564 calumniarentur.
1555 3509 1945 3579 Quamobrem,
1988 3515 2073 3569 in-

515 3589 653 3658 quit,
695 3604 832 3660 opus
871 3591 974 3644 fuit
1011 3593 1211 3648 librum
1244 3598 1389 3651 hunc
1415 3600 1766 3656 conscribere
1795 3603 1861 3657 ad
1895 3604 2077 3659 corri-

512 3679 718 3749 gendos
752 3680 874 3734 illos
900 3698 1132 3749 quorum
1163 3685 1313 3742 salus
1360 3686 1643 3756 desperata
1688 3707 1794 3747 non
1826 3703 1993 3760 esset,
2023 3706 2076 3751 et

513 3770 717 3827 multos
741 3772 1081 3830 dubitatione
1109 3775 1441 3847 liberandos,
1480 3789 1535 3836 et
1562 3784 1960 3853 propulsandas
1986 3803 2079 3843 ca-

508 3862 766 3939 lutnnias,
799 3865 843 3918 si
878 3880 1030 3921 suam
1075 3867 1192 3937 ipse
1220 3873 1547 3927 sententiam
1588 3883 1771 3931 notam
1823 3880 2077 3937 omnibus

506 3952 726 4009 faceret.
755 3954 876 4009 Haec
902 3956 955 4010 in
990 3967 1235 4014 nostrum
1264 3962 1610 4020 Scholarium
1639 3970 1914 4035 quomodo
1942 3986 2077 4042 qua-

506 4047 668 4100 drare
692 4056 938 4115 possunt,
972 4051 1129 4121 cujus
1159 4054 1429 4109 sententia
1459 4055 1560 4111 fuit
1590 4060 1845 4118 omnibus
1874 4063 1942 4119 ab
1971 4065 2075 4121 ini-

509 4138 587 4191 tio
620 4138 945 4197 notissima?
977 4141 1111 4196 Cum
1143 4144 1289 4198 enim
1330 4155 1550 4214 rogatus
1573 4159 1720 4205 esset
1741 4152 1810 4207 ab
1847 4153 2073 4225 impera-

511 4239 646 4292 tore,
684 4230 734 4281 in
774 4235 1042 4299 prommio
1076 4236 1161 4289 sui
1217 4238 1515 4305 sermonis,
1573 4239 1958 4313 Invictissime,
1993 4250 2077 4304 in-

508 4318 625 4387 quit
647 4319 745 4389 (l),
776 4321 1091 4391 imperator,
1123 4325 1176 4379 in
1207 4343 1314 4397 qua
1342 4343 1440 4399 ego
1474 4331 1696 4397 fuerim,
1719 4345 1774 4390 et
1806 4354 1951 4394 nunc
1973 4342 2076 4396 sim

2167 507 2391 574 Μάρκος
2414 505 2823 574 παρακατέθετο
2847 507 2941 573 τῆς
2963 504 3167 565 οίκείας
3189 501 3343 572 δόξης
3371 502 3470 571 τὴν
3495 519 3738 571 προστα-

2171 599 2289 653 σίαν
2314 599 2455 654 κατὰ
2481 601 2576 668 τῆς
2607 599 2757 669 ἱερᾶς
2784 595 3025 649 συνόδου.
3066 596 3129 649 '0
3180 595 3237 650 δὲ
3271 593 3497 664 βιὸλὶον,
3551 599 3625 658 ὠς
3652 597 3735 648 εί·

2169 694 2362 757 πόντες
2413 691 2679 762 ἐφθημεν,
2727 689 3053 759 συγγράψας
3105 689 3233 758 περὶ
3282 690 3382 755 τῆς
3436 687 3529 741 τοῦ
3572 689 3733 755 άγίου

2171 782 2310 836 Πνεύ
2319 798 2483 850 ματος
2502 780 2901 850 ὲκπορεύσεως,
2919 774 3136 828 πολλῶν
3152 774 3466 843 κεφαλαίων
3482 773 3736 841 διαστολῇ

2170 874 2399 926 πλεῖστα
2432 869 2839 942 ἐρραψῴδησεν,
2865 868 2983 929 δλος
3006 866 3180 934 δήπου
3221 865 3333 926 τοῖς
3376 862 3468 916 τοῦ
3502 863 3736 931 Μάρκου

2174 967 2478 1035 βουλήμασι
2534 962 2917 1032 χαριζόμενος.
2952 956 3078 1011 Ὀτι
3112 957 3169 1010 δὲ
3220 955 3328 1008 τῶν
3385 956 3479 1007 δύο
3527 952 3738 1005 τούτων

2170 1056 2460 1126 Γεωργίων
2511 1052 2771 1123 πάμπολυ
2799 1050 2859 1104 τὸ
2905 1049 3182 1118 διάφορον,
3224 1046 3452 1101 αὐτόθεν
3477 1044 3634 1112 δῆλον
3659 1060 3673 1074 ·
3710 1044 3739 1095 ό

2178 1149 2276 1216 μὲν
2303 1149 2413 1218 γὰρ
2442 1143 2915 1215 συγκροτουμένης
2943 1141 3045 1209 τῆς
3075 1141 3133 1193 ὲν
3164 1136 3475 1208 Φλωρεντίᾳ
3510 1134 3739 1187 συνόδου

2170 1239 2341 1293 πολλὰ
2366 1240 2459 1292 καὶ
2483 1234 2605 1290 εἷπε
2640 1237 2737 1289 καὶ
2782 1233 2993 1305 ἔγραψε
3030 1236 3165 1304 πρὸς
3212 1231 3309 1299 τὴν
3340 1229 3554 1290 ἕνωσιν,
3590 1228 3739 1293 ἐρω-

2169 1333 2354 1401 ἰηθείς
2378 1349 2438 1386 τε
2470 1331 2564 1386 καὶ
2592 1330 2666 1401 μὴ
2700 1327 3016 1399 ἐρωτηθείς·
3041 1328 3070 1379 ό
3098 1325 3153 1377 δὲ
3181 1323 3273 1376 τοῦ
3304 1322 3532 1389 Μάκρου
3573 1316 3735 1383 φίλος

2171 1426 2398 1496 γράφων
2430 1422 2566 1493 μετὰ
2617 1423 2714 1490 τὴν
2746 1419 2961 1474 σύνοδον
2992 1420 3049 1472 ὲν
3078 1416 3152 1486 τῷ
3208 1411 3474 1482 προοιμίῳ
3526 1408 3621 1460 τοῦ
3655 1408 3739 1458 οξ-

2173 1518 2323 1571 κείου
2364 1514 2823 1587 συγγράμματος.
2853 1511 3004 1565 λύειν
3035 1508 3169 1578 φησὶ
3201 1506 3323 1558 τότε
3353 1503 3451 1572 τὴν
3498 1500 3741 1566 σιωπὴν,

2171 1610 2261 1663 ὅτε
2284 1606 2509 1676 ἔμελλεν
2533 1603 2865 1675 ὡριμωτέρα
2926 1601 3021 1655 καὶ
3050 1595 3445 1668 ὠφελιμωτέρα
3472 1588 3743 1659 γενέσθαι

2171 1704 2203 1773 ἠ
2233 1700 2395 1755 αὐτοῦ
2424 1698 2619 1769 γνώμη
2649 1698 2790 1751 κατά
2813 1696 2916 1764 τῆς
2955 1693 3105 1754 θείας
3144 1689 3411 1749 ὲνὼσεως.
3444 1685 3555 1738 Καὶ
3597 1682 3745 1750 πρὸς

2165 1794 2242 1863 τῷ
2282 1792 2426 1847 τέλει
2455 1790 2547 1844 τοῦ
2576 1788 2785 1861 βιϐλίου
2813 1787 3004 1848 α’ὑταῖς
3031 1784 3208 1850 λέξεσι
3238 1778 3419 1850 φησίν’
3465 1773 3745 1845 Ἐμαυτοῦ

2165 1885 2221 1939 δὲ
2251 1883 2356 1955 πρὸ
2385 1883 2606 1937 πάντων
2654 1878 2973 1951 κατηγορῶ,
3032 1877 3130 1930 καλ⁵
3174 1874 3316 1943 ὑπὲρ
3354 1869 3511 1942 ἡμῶν
3556 1866 3747 1920 αὐτῶν

2166 1975 2369 2047 θρηνῶ,
2398 1975 2513 2027 ὅσοι
2534 1974 2648 2037 τοῖς
2678 1972 2998 2042 πράγμασιν
3024 1969 3253 2030 ἐκείνοις
3275 1964 3493 2026 ἑκόντες
3518 1961 3553 2030 ἢ
3578 1962 3747 2014 ἄκον-

2164 2084 2279 2131 τες,
2315 2066 2410 2119 καὶ
2440 2066 2473 2137 ἢ
2500 2064 2756 2129 καθάπαξ
2780 2062 2813 2133 ἦ
2849 2066 2913 2116 ὲκ
2948 2060 3149 2131 μέρους
3176 2058 3322 2121 τινδς
3343 2054 3743 2123 ὲνεσχέθημεν,

2166 2159 2200 2229 ἦ
2229 2157 2516 2227 δυνάμενοι
2536 2156 2742 2221 λαλεῖν,
2765 2156 2915 2223 ὅμως
2945 2152 3225 2220 ὲσιγῶμεν
3255 2146 3743 2215 ὕποστελλόμενοι.

2170 2250 2295 2314 Πῶς
2319 2248 2411 2303 οὖν
2427 2249 2457 2303 ὅ
2474 2264 2535 2302 τε
2555 2247 2785 2317 σιγήσας
2806 2247 2900 2300 καὶ
2923 2243 3401 2311 ὑποστειλάμενος,
3422 2242 3516 2293 καὶ
3538 2241 3568 2292 ό
3590 2238 3747 2290 πλεῖ-

2176 2359 2275 2395 στα
2298 2340 2470 2395 εἰπὼν
2517 2340 2616 2393 καὶ
2666 2339 2833 2409 μηδὲν
2890 2334 3376 2405 ὑποστειλάμενος,
3426 2328 3507 2394 είς
3538 2330 3608 2384 ἂν
3652 2330 3743 2397 εἴη

2169 2432 2480 2505 Γεώργιος;
2519 2431 2645 2485 Ἔτι
2671 2429 2829 2498 εἴπερ
2860 2429 2887 2482 ό
2916 2427 3078 2490 αὐτός
3100 2426 3218 2479 ἐστι
3246 2424 3522 2493 Γεώργιος
3547 2420 3743 2472 παλιν-

2167 2526 2333 2598 ῳδίαν
2362 2522 2520 2598 ᾅσας,
2549 2523 2667 2585 πῶς
2696 2524 2755 2575 ὲν
2790 2513 2834 2589 ᾧ
2865 2516 3169 2590 συνέγραψε
3206 2515 3400 2585 βιϐλίῳ
3441 2515 3545 2575 οὐκ
3574 2513 3746 2565 ἐπαν-

2169 2600 2423 2688 ορθοῦται
2449 2614 2610 2687 δῆθεν
2628 2606 2703 2670 τά
2762 2612 3027 2685 πρότερον
3083 2607 3438 2679 ἑσφαλμίνας
3484 2604 3747 2674 οὐδεμίαν

2170 2707 2309 2773 δλως
2334 2709 2571 2762 ποιεῖται
2619 2704 2813 2775 μνείαν
2842 2703 2952 2758 τῶν
2982 2700 3179 2773 πρώην
3228 2698 3375 2770 αὑτῷ
3421 2695 3749 2766 γεγραμμέ-

2171 2813 2316 2865 ww;
2340 2798 2434 2852 καὶ
2459 2798 2520 2852 οὐ
2539 2795 2659 2851 λύει
2686 2797 2815 2860 τοὺς
2833 2794 3041 2857 δεινοὺς
3068 2791 3316 2855 ἑκείνους
3338 2790 3551 2858 λόγους,
3573 2786 3645 2841 δι’
3668 2779 3746 2839 ὧν

2173 2891 2473 2962 παρεκάλει
2504 2889 2628 2952 τοὺς
2654 2886 2927 2958 Γραικοὺς
2954 2886 3091 2956 πρὸς
3121 2885 3221 2952 τὴν
3254 2883 3472 2948 ἕνωσιν,
3502 2879 3746 2933 ἐπαινῶν

2173 2982 2300 3045 τοὺς
2330 2980 2618 3045 Λατίνους,
2646 2981 2744 3033 καὶ
2776 2977 2942 3050 μηδὲν
2979 2976 3178 3039 αὐτοὺς
3210 2972 3547 3044 ἁμαρτάνειν
3575 2972 3634 3024 ἐν
3672 2973 3742 3040 τῇ

2180 3072 2361 3126 πίστει
2388 3070 2563 3142 βοῶν;
2602 3068 2797 3124 Καίτοι
2840 3069 2907 3122 ὲκ
2950 3068 3243 3138 διαμέτρου
3290 3067 3596 3119 ἀντίκειται
3626 3065 3659 3116 ἆ
3683 3080 3745 3115 τε

2179 3163 2446 3234 πρότερον
2468 3161 2805 3231 γέγραπται,
2850 3159 2948 3213 καὶ
2984 3157 3021 3213 α
3052 3158 3194 3228 μετὰ
3221 3155 3393 3211 ταῦτα
3424 3156 3651 3225 φέρεται
3683 3154 3747 3205 ἐν

2173 3255 2251 3324 τῷ
2301 3251 2495 3325 βιόλίῳ
2535 3251 2679 3305 κατὰ
2712 3253 2810 3319 τῆς
2840 3247 3081 3302 συνόδου.
3142 3248 3285 3319 Πρὸς
3338 3245 3553 3308 τούτοις
3584 3245 3612 3298 ό
3637 3241 3738 3295 τοῦ

2174 3345 2403 3416 Μάρκου
2434 3343 2585 3412 φίλος
2609 3341 2737 3411 περὶ
2766 3340 2959 3395 ἑαυτοῦ
3012 3356 3167 3411 φησι,
3192 3340 3320 3401 τοὺς
3368 3337 3598 3398 πολλοὺς
3645 3337 3739 3406 μέ-

2175 3453 2269 3507 χρι
2317 3436 2437 3489 τότε
2491 3430 2886 3502 ἀμφιγνοῆσαι,
2953 3428 3029 3492 ὡς
3090 3429 3353 3484 τάναντία
3404 3418 3745 3493 δοξάζοντος,

2176 3528 2567 3598 πλανωμένους
2593 3526 2724 3579 ποτὲ
2752 3525 2851 3597 μὲν
2878 3524 2983 3578 ὑπὸ
3015 3523 3114 3594 τῆς
3140 3523 3334 3592 καιρὸν
3363 3522 3593 3592 ἐχούσης
3620 3539 3747 3573 σιω-

2176 3620 2308 3688 πῆς,
2327 3617 2454 3671 ποτὲ
2469 3617 2523 3670 δὲ
2540 3616 2635 3687 τὴν
2657 3618 2715 3670 ὲν
2742 3615 2961 3687 λόγοιςῆ
2982 3615 3301 3685 πράγμασιν
3319 3614 3631 3684 οἰκονομίαν
3653 3615 3747 3666 αἰ-

2175 3708 2271 3765 τοῦ
2322 3708 2856 3781 παρερμηνεύοντας,
2873 3708 2989 3760 ἔστι
3008 3710 3061 3762 δὲ
3079 3707 3115 3763 ἃ.
3144 3708 3241 3763 καὶ
3256 3709 3748 3778 συκοφαντοῦντας.

2182 3802 2331 3857 Ἔδει
2354 3797 2470 3870 οὖν,
2502 3801 2657 3870 φησὶ,
2689 3801 2774 3855 διὰ
2803 3799 2975 3854 ταῦτα
2998 3802 3157 3867 λόγον
3182 3803 3577 3872 συγγράψαντα
3604 3802 3754 3872 διορ-

2178 3893 2457 3948 θώσασθαι
2483 3893 2581 3964 μὲν
2600 3894 2780 3947 αὐτῶν
2801 3894 2929 3958 τοὺς
2959 3893 3036 3965 μὴ
3060 3895 3317 3962 καθάπαξ
3339 3895 3573 3957 ἀνιάτως
3601 3897 3751 3965 ἔχον-

2177 4002 2298 4051 τας,
2327 3983 2470 4038 ὥστε
2515 3984 2847 4055 ἁμφιόολίας
2886 3986 3015 4056 περὶ
3046 3985 3212 4040 αὑτοῦ
3260 3985 3353 4040 καὶ
3385 3987 3754 4053 συκοφαντίας

2180 4077 2387 4130 παῦσαι
2415 4075 2660 4141 πολλούς.
2692 4074 2833 4131 Οὔτε
2867 4075 2978 4147 γὰρ
3015 4078 3386 4148 ἀμφιγνοήσει
3421 4093 3504 4135 τις
3536 4076 3752 4138 λοιπὸν,

2178 4164 2303 4220 οὔτε
2335 4168 2698 4234 συκοφαντεῖν
2716 4165 3153 4238 προαχθήσεται,
3193 4165 3296 4235 τῆς
3328 4164 3495 4219 αὑτοῦ
3525 4166 3756 4237 γνώμης

2181 4258 2403 4329 ἐκδήλου
2443 4259 2841 4328 γεγενημένης.
2871 4257 3057 4313 Ταῦτα
3083 4258 3141 4311 δὲ
3172 4258 3284 4319 πῶς
3309 4256 3375 4311 ἂν
3412 4258 3755 4327 ἔφαρμὸσειε

2177 4352 2256 4423 τῷ
2281 4353 2540 4423 ἡμετέρῳ
2569 4351 2872 4422 Σχολαρίῳ,
2910 4343 2971 4402 οὒ
3000 4352 3168 4404 πᾶσιν
3216 4349 3437 4413 ἔκδηλος
3469 4345 3537 4420 ἦν
3576 4350 3758 4419 ἀρχῆ-

509 4412 776 4464 sententia
820 4413 886 4465 de
936 4418 1215 4483 proposita
1265 4420 1487 4475 unionis
1538 4427 1786 4489 materia,
1833 4430 2070 4489 declarat

2185 4412 2342 4514 θένῆ
2374 4412 2592 4514 γνώμη,
2727 4412 2890 4506 αὑτός
2920 4460 3088 4513 φησιν
3122 4445 3180 4497 ὲν
3222 4442 3323 4513 τῷ.
3345 4412 3505 4510 πρὸς.
3524 4412 3759 4511 βασιλέα

511 4501 710 4565 oratio,
757 4517 919 4570 quam
971 4513 1251 4575 utcunque
1281 4515 1584 4580 composui,
1622 4520 1929 4590 tradidique
1957 4523 2084 4582 huic

513 4606 686 4645 sacrae
710 4592 919 4661 synodo
973 4607 1285 4655 :testantur
1321 4604 1485 4659 etiam
1538 4609 1647 4664 duo
1691 4611 1840 4677 libri,
1882 4632 2022 4685 quos
2050 4635 2081 4674 a

514 4699 602 4738 me
625 4694 783 4739 antea
823 4686 1058 4757 scriptos
1081 4707 1226 4746 nunc
1260 4697 1468 4764 synodo
1504 4699 1631 4755 huic
1675 4703 1868 4762 olIero.
1902 4710 2073 4764 Multa

512 4776 637 4841 alia,
670 4776 715 4831 si
766 4780 888 4846 quis
934 4784 1232 4851 perquirat,
1290 4788 1549 4857 inveniet,
1601 4795 1798 4863 quibus
1835 4798 1943 4853 duo
1993 4800 2079 4856 isti

510 4866 729 4936 Georgii
774 4869 916 4923 inter
945 4887 1003 4926 se
1044 4872 1339 4931 differunt:
1376 4892 1595 4950 propter
1621 4900 1743 4954 quae
1781 4889 1913 4944 alter
1962 4894 2081 4961 qui-

514 4960 633 5011 dent
668 4959 795 5029 jure
847 4966 1125 5019 vocandus
1155 4977 1239 5022 cst
1270 4986 1440 5025 sacrae
1480 4979 1835 5034 (et-umenica:
1885 4959 2077 5053 synodi

514 5062 784 5119 rccucqne
812 5051 928 5106 fidei
956 5054 1208 5110 defensor
1231 5074 1293 5113 ac
1314 5077 1719 5134 propugnator:
1753 5081 1810 5123 ut
1841 5051 1932 5141 qui
1959 5090 2080 5144 ger-

515 5152 706 5191 manos
742 5138 1039 5196 Orientalis
1068 5144 1326 5204 Ecclesiae
1364 5150 1555 5209 Patres
1586 5157 1653 5209 ad
1709 5138 1873 5214 linem
1906 5138 2076 5232 usque

506 5240 725 5283 secutus
754 5241 837 5285 est
864 5248 878 5296 ;
914 5234 1048 5289 alter
1084 5252 1211 5293 vero
1242 5242 1442 5308 studio,
1478 5261 1587 5313 quo
1614 5245 1854 5304 Marcum
1890 5269 2076 5321 prose.

504 5322 792 5388 quebatur,
841 5324 1107 5382 abductus
1141 5330 1406 5388 dicendus
1437 5340 1631 5391 merito
1666 5342 1944 5410 Opinionis
1988 5361 2076 5402 as-

501 5420 698 5479 sertor,
725 5430 886 5483 quam
918 5432 945 5471 a
981 5417 1230 5477 Nestmio
1264 5427 1499 5493 primum
1533 5429 1804 5488 inductam
1863 5446 1913 5490 et
1943 5454 2068 5493 sau~

572 5678 647 5745 (ί)
684 5681 850 5739 (ἔνην.
889 5685 1125 5747 Fl'n'elit.
1179 5709 1314 5748 ses-5.
1352 5697 1447 5750 :23,

2187 4534 2374 4604 λόγῳ;
2410 4534 2908 4606 Προοιμιαζόμενος
2946 4534 3055 4604 γὰρ
3102 4534 3299 4605 φάσκει
3334 4549 3347 4563 ·
3386 4536 3611 4607 ’Δριστε
3661 4537 3759 4588 καὶ

2187 4625 2447 4697 κράτιστε
2484 4625 2728 4695 βασιλεῦ,
2764 4622 2830 4697 ἧς
2862 4626 2963 4696 μὲν
3006 4628 3235 4696 γνώμης
3262 4627 3459 4695 γέγονα
3513 4628 3607 4680 καί
3635 4630 3757 4697 εἰμι

2186 4721 2318 4782 περὶ
2358 4714 2457 4784 τὴν
2510 4716 2883 4785 προκειμένην
2936 4715 3038 4785 τῆς
3091 4716 3339 4780 ὲνώσεως
3370 4714 3526 4787 ὓλην,
3558 4719 3586 4769 ό
3615 4721 3756 4786 πρὸς

2185 4805 2283 4873 τὴν
2309 4804 2433 4858 καθ’
2456 4806 2601 4876 ημᾶς
2624 4806 2772 4876 ίερὰν
2797 4805 3004 4876 ταύτην
3041 4805 3258 4861 σύνοδον
3286 4808 3626 4879 σχεδιασθεῐς
3659 4825 3752 4877 μοι

2189 4898 2281 4949 καὶ
2305 4896 2579 4966 πεμφθεὶς
2610 4897 2764 4966 λόγος
2794 4897 2965 4967 δηλοῖο
2999 4900 3334 4970 μαρτυροῦσι
3362 4900 3417 4953 δὲ
3447 4902 3541 4953 καὶ
3567 4902 3636 4952 τὰ
3658 4901 3755 4953 δύο

2189 4985 2394 5062 βιϐλία,
2426 4988 2573 5059 ειπερ
2622 4989 2885 5059 πρότερον
2937 4990 3174 5057 συνθεὶς,
3219 4990 3314 5044 νῦν
3366 4991 3656 5062 ἔγχειρίζω
3683 4995 3750 5061 τῇ

2187 5058 2435 5148 παρούσῃ
2465 5058 2687 5148 συνόδῳγ.
2717 5058 2827 5132 καὶ
2854 5080 2989 5142 ὅλως
3024 5080 3200 5150 ζητῶν
3228 5098 3312 5144 τις
3340 5058 3659 5149 ούκήόλίγας
3685 5058 3754 5135 ἂν

2186 5166 2338 5238 εὖροι
2364 5168 2625 5239 διαφοράς
2650 5170 2758 5223 τῶν
2800 5170 2892 5222 δύο
2918 5174 3121 5225 τούτων
3159 5174 3449 5244 Γεωργίων
3474 5191 3489 5205 ⁸
3523 5172 3613 5238 αἷς
3656 5176 3752 5228 ἁλο

2185 5262 2364 5331 λήλων
2415 5262 2841 5333 διακρινόμενοι,
2878 5268 2904 5317 ό
2942 5266 3040 5335 μὲν
3072 5266 3280 5330 δίκαιός
3336 5270 3481 5321 ἐστιν
3532 5269 3755 5323 ἀκούειν

2185 5355 2281 5421 τῆς
2311 5353 2473 5421 ἁγίας
2504 5356 2891 5426 οἰκούμενικῆς
2926 5359 3143 5412 συνόδου
3180 5360 3273 5414 καὶ
3300 5363 3401 5428 τῆς
3440 5360 3757 5431 όρθοδοξίας

2188 5446 2584 5517 προασπιστὴς,
2644 5446 2737 5499 ἆτε
2772 5448 2835 5517 δὴ
2864 5452 2973 5513 τοῖς
3026 5451 3299 5521 ἀληθινοῖς
3351 5454 3599 5523 Πατράσι
3654 5456 3759 5525 τῆς
