3948 6186
493 273 594 338 387

1549 283 1802 345 GENNA
1814 285 1926 347 DII
1970 287 2078 350 (ΣΡ.
2117 291 2626 355 ΡΛΤΒΙΛΒΕΠἉΕ

3643 299 3758 365 388

494 394 622 447 culo
657 394 1011 448 constitutum
1051 412 1063 460 ;
1096 395 1298 466 quique
1316 396 1400 450 vix
1429 397 1598 465 possit
1625 397 1676 452 in
1703 406 1821 456 tuto
1846 400 2069 456 colloca-

2179 404 2499 459 καθεστῶτα
2537 405 2808 469 κινδύνου,
2862 406 2957 460 καὶ
3013 405 3167 475 μόλις
3224 407 3366 475 μετά
3427 408 3598 466 πολλὰ
3646 416 3754 483 μὲν

495 483 565 552 ri,
599 483 724 538 licet
759 484 926 538 multa
960 483 1180 553 quidem
1211 499 1466 556 agantur,
1493 487 1749 544 dicantur
1775 507 1908 546 vero
1938 508 2068 562 pau-

491 591 578 634 ca.
609 577 780 633 Porro
813 577 1069 632 dictionis
1119 589 1243 648 apte
1295 579 1643 649 disponendae
1693 582 1962 645 studium,
2015 593 2070 637 et

489 669 762 725 sermonis
788 669 1136 738 elegantiam,
1163 682 1219 725 et
1251 672 1547 725 oratoriam
1580 681 1750 728 artem
1781 675 2068 743 praesentia

490 760 655 822 mala,
688 760 952 829 dolorque
979 775 1091 830 quo
1122 771 1342 832 propter
1372 762 1460 816 illa
1483 763 1786 832 opprimor,
1818 767 2068 836 eripuere

492 849 626 904 mihi
660 849 923 918 majorem
990 860 1246 920 partem;
1283 866 1348 907 eo
1407 867 1536 907 vero
1596 855 1740 925 quod
1802 865 2067 924 superest,

491 942 766 1011 quomodo
798 942 874 996 uti
898 941 1059 997 liceat
1087 942 1188 997 hoc
1213 951 1481 1012 tempore,
1516 959 1622 1000 non
1672 945 1830 1001 video
1857 964 1870 1000 :
1925 948 2068 1016 quod

437 1067 445 1116 ,
493 1034 792 1102 praesertim
822 1048 1042 1090 necesse
1079 1043 1182 1101 est,
1209 1036 1438 1104 simplex
1463 1036 1536 1091 sit
1564 1045 1616 1091 et
1655 1048 1911 1106 perceptu
1945 1053 2070 1092 om-

437 1117 440 1127 ’
494 1125 657 1180 nibus
706 1124 880 1181 facilis
911 1141 1113 1192 sermo,
1167 1143 1325 1197 quem
1381 1128 1446 1182 ad
1486 1144 1584 1183 vos
1627 1144 1816 1183 omnes
1869 1130 2065 1184 habeo.

495 1216 576 1270 Sit
607 1232 735 1271 vero
761 1217 893 1276 mihi
930 1219 1148 1289 quidem
1205 1220 1474 1276 orationis
1504 1222 1614 1276 dux
1677 1221 1821 1276 Deus
1854 1238 1871 1288 ;
1903 1237 2066 1291 quem

494 1307 880 1362 benevolentiae
918 1323 1043 1379 erga
1079 1325 1178 1366 vos
1209 1325 1362 1376 meae,
1387 1319 1444 1364 et
1497 1312 1750 1380 patriam,
1803 1320 1856 1367 et
1900 1325 2070 1382 genus

492 1398 800 1453 universum
829 1398 996 1453 citare
1030 1408 1219 1454 testem
1251 1416 1358 1455 non
1386 1402 1703 1456 erubuerim
1735 1419 1751 1468 ;
1792 1402 1949 1457 vobis
1974 1418 2070 1458 au-

492 1501 598 1544 tem
639 1492 735 1546 viae
763 1493 830 1545 ad
848 1491 1160 1562 eligendum
1195 1493 1442 1560 utilia,et
1462 1494 1550 1548 illa
1571 1509 1732 1563 agere
1749 1496 2070 1565 aggredien-

487 1585 634 1638 dum.

559 1678 712 1742 Quod
778 1677 942 1747 igitur
972 1677 1220 1732 nonnulli
1261 1677 1372 1734 sint
1406 1679 1549 1735 inter
1589 1694 1706 1746 vos,
1767 1680 1862 1747 qui
1909 1689 2068 1749 puta-

494 1767 625 1819 bant
675 1781 734 1820 se
768 1764 1088 1820 Latinorum
1149 1767 1433 1821 scientiam
1485 1767 1842 1830 eluctaturos,
1901 1775 2066 1833 atque

494 1860 600 1914 illis
622 1875 981 1932 persuasuros
1013 1875 1233 1915 manere
1266 1862 1320 1913 in
1364 1860 1468 1916 illis
1502 1859 1840 1928 antiquitatis
1874 1855 2063 1912 termi-

492 1954 592 2015 nis,
633 1963 686 2007 et
713 1955 824 2020 ipse
849 1954 962 2006 scio
992 1971 1005 2006 :
1044 1953 1092 2004 id
1118 1967 1246 2006 vero
1283 1952 1414 2007 mihi
1444 1962 1589 2007 certe
1620 1967 1868 2020 magnam
1895 1950 2067 2004 admi~

492 2046 761 2098 rationem
801 2044 1052 2106 moverit,
1095 2043 1240 2107 quod
1269 2044 1369 2098 virl
1409 2043 1650 2112 alioquin
1681 2043 1824 2098 docti
1853 2051 2061 2096 tantum

496 2136 549 2189 in
578 2137 678 2190 bac
702 2145 854 2204 parte
885 2137 1189 2190 erraverint
1217 2152 1232 2201 ;
1266 2138 1432 2206 idque
1487 2151 1610 2191 cum
1645 2135 1822 2191 sciant
1855 2146 1908 2190 et
1936 2151 1991 2187 se
2013 2142 2064 2188 et

497 2230 633 2283 alios
663 2243 768 2281 non
791 2244 912 2283 esse
939 2229 1076 2283 bene
1103 2229 1403 2285 instructos
1435 2225 1702 2282 facultate.
1746 2228 1809 2281 ad
1839 2241 2066 2298 persna-

494 2326 731 2380 dendum
771 2341 916 2392 ;non
948 2325 1109 2379 modo
1149 2322 1193 2378 si
1249 2321 1372 2392 quis
1418 2322 1601 2386 instet,
1651 2321 1965 2389 dubitetque
1998 2319 2065 2372 de

493 2419 657 2473 rebus
690 2419 1028 2484 gravissimis
1059 2433 1075 2472 :
1102 2416 1196 2470 scd
1230 2415 1274 2470 si
1303 2415 1386 2469 vel
1438 2413 1711 2467 hinarium
1744 2428 1867 2467 esse
1924 2412 2066 2465 inter

491 2527 654 2580 pares
689 2525 948 2564 numeros-
991 2509 1226 2577 primnm
1269 2510 1294 2565 ς’
1321 2513 1413 2560 aut
1453 2505 1729 2558 hominem
1760 2519 1828 2558 ex
1885 2503 2066 2556 anima

491 2611 547 2654 et
582 2615 809 2668 corpore
868 2607 1140 2663 constare,
1178 2613 1242 2651 ac
1290 2596 1491 2652 similia
1544 2609 1742 2662 negare
1797 2594 2062 2649 voluerit:

493 2693 716 2747 Latinos
740 2706 868 2746 vero
896 2693 961 2745 ad
1001 2700 1219 2758 captum
1251 2704 1469 2745 omnem
1524 2689 1820 2741 humanum
1865 2687 1917 2740 in
1949 2685 2066 2740 dia-
2118 2696 2120 2699 '

494 2787 707 2852 lectica,
745 2786 1001 2854 omnique
1061 2784 1311 2849 scientia,
1343 2791 1776 2850 cunctarumque
1829 2777 2068 2850 praescia

494 2881 798 2934 lentissima
857 2880 1126 2949 theologia
1175 2875 1678 2934 exercitatissimos.
1736 2870 1937 2928 Verum
1961 2871 2062 2926 etsi

495 2971 680 3040 plures
711 2986 819 3024 non
846 2970 1176 3040 ignorabant
1204 2967 1522 3022 Latinorum
1563 2962 1869 3028 scientiam,
1925 2960 2070 3016 mul-

2179 499 2480 566 πράττειν,
2512 499 2694 566 λέγειν
2755 498 2812 552 δὲ
2869 496 3102 564 ἐλάττω,
3137 497 3414 567 δυνάμενα
3454 499 3755 565 σώζεσθαι.

2177 587 2462 658 Συνθήκης
2493 589 2547 644 δὲ
2577 588 2675 644 καὶ
2708 589 2968 660 φράσεως
3007 590 3102 643 καὶ
3136 591 3334 660 τέχνης
3364 593 3664 662 ῥητορικῆς
3687 596 3758 649 τὸ

2173 678 2425 734 πλεῖστον
2459 680 2560 751 μὲν
2605 681 2711 735 ὑπὸ
2747 680 2871 734 ’τῶν
2928 679 3222 750 παρόντων
3265 681 3461 736 δεινῶν
3522 685 3616 737 καὶ
3648 688 3758 755 τῆς.

2172 773 2268 826 ἐπὶ
2319 773 2529 836 τούτοις
2561 773 2740 843 λύπης
2785 771 3098 844 ἀφῄρημαι,
3134 773 3211 843 τῷ
3249 775 3306 827 δὲ
3359 775 3753 848 περιλειπομέ-

2173 881 2249 932 νῳ
2280 866 2469 936 καιρὸν
2503 865 2600 935 οὐχ
2641 864 2752 934 δρῶ
2783 864 2877 918 τὸν
2927 865 3464 937 παρόνταχρῆσθαν
3498 867 3597 921 καὶ
3631 870 3749 938 ἅμα

2173 956 2311 1026 πρὸς
2364 957 2575 1019 πάντας
2633 957 2778 1025 ὑμᾶς
2825 955 2979 1020 δντος
3028 956 3124 1010 τοῦ
3173 956 3332 1025 λόγου
3365 999 3380 1021 ,
3433 957 3641 1011 ἁπλοῦν
3688 978 3751 1013 τε

2173 1043 2313 1101 εἶναι
2347 1046 2535 1100 τοῦτον
2582 1046 2800 1115 ἀνάγκη
2831 1047 2923 1100 καὶ
2967 1048 3134 1100 πᾶσιν
3169 1047 3482 1102 εὕσύνετον.
3530 1048 3752 1117 ἹΙγοῖτο

2171 1137 2228 1190 δὲ
2275 1137 2400 1206 ἐμοὶ
2447 1137 2547 1206 μὲν
2579 1135 2693 1190 τῶν
2720 1135 2897 1204 λόγων
2925 1136 3078 1200 Θεὸς,
3106 1137 3168 1191 ὃν
3203 1138 3304 1189 οὐκ
3340 1139 3406 1190 ἂν
3433 1139 3752 1210 αίδεσθείην

2172 1227 2399 1295 καὶτῆς
2455 1229 2538 1290 είς
2587 1229 2732 1298 ὑμᾶς
2764 1230 2860 1282 καὶ
2901 1229 3142 1300 πατρίδα
3181 1229 3274 1282 καὶ
3313 1229 3462 1292 ἔθνος
3495 1232 3616 1284 ὅλον
3661 1232 3752 1284 εὐ-

2171 1318 2326 1382 νοίας
2381 1319 2612 1373 καλέσαι
2667 1319 2962 1390 μάρτυρα⁸
3018 1321 3146 1390 ὑμῖν
3195 1320 3254 1373 δὲ
3310 1321 3411 1390 τῆς
3455 1323 3551 1374 ἐπὶ
3586 1323 3651 1374 τὸ
3682 1324 3752 1375 τά

2174 1410 2523 1480 συμφέροντα
2576 1410 2796 1465 ἑλέσθαι
2849 1428 2910 1465 τε
2967 1412 3078 1465 καὶ»
3123 1412 3398 1482 ἄρξασθαι
3478 1414 3751 1485 πράττειν

2172 1500 2314 1558 ὁδοῦ.
2900 1494 2923 1504 ’

2247 1677 2373 1734 Ὀτι
2417 1679 2518 1750 μὲν
2570 1678 2662 1733 οὖν
2710 1680 2822 1734 είσί
2876 1697 3024 1744 τινες
3071 1680 3130 1746 ἐξ
3185 1667 3360 1751 ὑμῶν,
3404 1682 3454 1736 οἳ
3502 1682 3604 1751 τὴν
3634 1685 3751 1738 τῶν

2173 1771 2418 1827 Λατίνων
2447 1773 2907 1841 καταγωνιείσθαι
2937 1773 3153 1844 σοφίαν,
3185 1775 3282 1828 καὶ
3310 1775 3520 1829 πείσειν
3547 1777 3751 1840 αὐτοὺς

2174 1866 2267 1920 ἐπὶ
2313 1865 2423 1918 τῶν
2473 1864 2717 1936 ἀρχαίων
2764 1865 2992 1919 ἐκείνων
3046 1867 3228 1935 μένειν
3281 1866 3552 1936 ἐνόμιζον,
3584 1867 3748 1922 τοῦτο

2173 1957 2268 2012 καὶ
2298 1957 2462 2022 αὐτὸς
2491 1952 2631 2011 οἷδαο
2663 1957 2761 2010 καὶ
2783 1956 2904 2012 λίαν
2938 1957 3120 2011 αὐτῶν
3147 1956 3429 2026 θαυμάζω,
3458 1958 3540 2011 ὅτι
3564 1958 3748 2014 καίτοι

2173 2050 2348 2104 τᾶλλα.
2395 2051 2552 2121 σοφοί
2609 2067 2757 2112 τινες
2805 2049 2985 2112 ὄντες.
3043 2048 3297 2103 τοσοῦτον
3357 2051 3416 2102 ἐν
3449 2050 3626 2120 τούτῳ
3665 2049 3747 2119 τῷ

2179 2141 2338 2212 μέρει
2366 2141 2765 2210 πεπλάνηνται·
2797 2141 2895 2193 καὶ
2931 2138 3107 2192 ταῦτα
3134 2143 3229 2194 καὶ
3261 2141 3561 2201 συνειδότες
3589 2140 3746 2208 σφίσι

2174 2249 2232 2285 τε
2257 2231 2440 2294 αὐτοῖς
2469 2230 2564 2284 καὶ
2590 2233 2697 2292 τοῖς
2735 2229 2917 2291 ἀλλοις
2937 2230 3154 2297 φαύλως
3185 2229 3366 2300 ἔχουσι
3391 2230 3490 2298 τῆς
3518 2230 3656 2297 πρὸς
3686 2229 3747 2283 τὸ

2176 2325 2386 2376 πείθειν
2422 2323 2802 2393 παρασκευῆς,
2834 2323 2895 2376 οὐ
2931 2322 3094 2392 μόνον
3130 2323 3196 2376 ἀν
3225 2340 3308 2386 τις
3339 2325 3468 2393 περὶ
3509 2323 3618 2376 τῶν
3650 2340 3748 2392 με-

2175 2415 2378 2484 γίστων
2409 2416 2697 2480 ἐνίσταιτο,
2734 2415 2851 2469 ἀλλ’
2880 2418 2930 2469 εί
2967 2418 3062 2470 καὶ
3087 2416 3185 2483 τὴν
3220 2416 3388 2470 δυάδα
3419 2415 3641 2484 πρῶτον
3687 2419 3746 2469 ἐν

2173 2507 2429 2577 ἀριθμοῖς
2479 2507 2667 2579 ἄρτιον
2698 2505 2859 2572 εἶναι,
2893 2509 2928 2579 ἢ
2982 2509 3074 2562 τὸν
3128 2509 3416 2578 ἄνθρωπον
3457 2513 3521 2564 ἐκ
3561 2510 3746 2579 ψυχῆς

2175 2597 2270 2651 καὶ
2297 2598 2552 2667 σώματος
2593 2602 2942 2665 συνεστάναι,
2973 2601 3070 2654 καὶ
3102 2602 3169 2654 τὰ
3201 2602 3428 2656 τοιαῦτα
3456 2602 3748 2671 ἀρνεῖσθαι

2177 2691 2455 2760 θελήσειεν
2483 2706 2498 2722 ⁸
2530 2691 2731 2754 είδότες
2769 2693 2826 2746 δὲ
2877 2694 2973 2747 καὶ
3023 2692 3283 2754 Λατίνους
3316 2693 3476 2764 μέχρι
3505 2695 3607 2760 τῆς
3654 2697 3750 2748 ἀνο

2177 2780 2459 2851 θρωπίνης
2493 2783 2751 2853 εὐπορίας
2782 2783 3000 2851 ἀπάσης
3032 2784 3388 2854 διαλεκτικήν
3413 2802 3472 2837 τε
3505 2788 3601 2838 καὶ
3637 2787 3746 2838 πᾶ-

2179 2891 2279 2928 σαν
2311 2875 2646 2945 ἐπιστήμην,
2675 2876 2770 2929 καὶ
2815 2875 2913 2946 τὴν
2959 2877 3152 2952 ¹’πασῶν
3180 2877 3527 2948 ὑψηλοτάτην
3560 2877 3748 2931 θεολο-

2177 2965 2304 3044 γίαν
2357 2967 2690 3040 ἐξητακότας
2747 2983 2809 3023 τε
2857 2969 2950 3022 καὶ
2983 2970 3354 3048 ἀσκήσαντας.
3395 2971 3536 3026 Ἀλλ’
3565 2973 3615 3024 εί
3648 2975 3749 3026 καὶ

492 3075 682 3131 tasque
711 3061 820 3118 illis
871 3074 978 3115 non
1017 3058 1206 3113 defore
1235 3057 1478 3112 rationes
1541 3052 1608 3109 ad
1667 3050 2068 3109 ostendendum

2176 3058 2398 3124 πλείους
2458 3059 2615 3130 ὑμῶν
2662 3059 2799 3115 οὔτε
2828 3061 2928 3128 τὴν
2973 3050 3219 3118 Λατίνων
3267 3062 3496 3134 ἠγνόουν
3528 3065 3745 3133 σοφίαν,

491 3171 550 3210 se
578 3163 722 3209 recte
749 3153 994 3218 sentire;
1035 3149 1284 3205 arbitrati
1317 3156 1501 3203 tamen
1536 3154 1590 3202 et
1644 3145 1730 3202 iill‘
1770 3158 1963 3200 omnes
2013 3151 2070 3198 et

491 3248 603 3310 isti,
631 3247 885 3302 unionem
916 3259 1038 3301 cum
1070 3241 1278 3297 Latinis
1320 3256 1435 3296 rem
1467 3254 1590 3297 esse
1636 3239 1858 3310 plurimi
1916 3237 2067 3294 aesti-

495 3342 772 3401 mandam,
807 3347 861 3392 et
892 3345 1155 3406 praeterea
1184 3331 1520 3397 facillimam,
1582 3340 1638 3387 et
1666 3346 1824 3388 suum
1857 3338 1912 3384 et
1937 3325 2068 3384 alio.

495 3448 616 3486 rum
653 3431 893 3484 animum
921 3429 1182 3483 induxere
1203 3441 1325 3482 cum
1351 3424 1625 3494 voluptate
1661 3421 1936 3477 advenire.
1959 3419 2074 3476 Sed‘

429 3522 431 3524 ’
493 3525 581 3580 fac
614 3522 756 3576 idem
788 3534 980 3574 omnes
1011 3519 1269 3582 sensisse,
1293 3523 1346 3571 et
1373 3527 1433 3572 ea
1484 3530 1580 3585 spe
1605 3514 1838 3579 venisse,
1878 3521 1936 3568 ut
1959 3511 2064 3568 La-

494 3621 639 3674 tinos
688 3613 1004 3685 ignorantiae
1049 3625 1340 3682 pravazque
1394 3606 1671 3678 opinionis
1725 3614 2066 3676 arguerent;

495 3707 889 3780 persuaderent
918 3720 1046 3759 vero
1079 3718 1107 3757 a
1145 3702 1414 3757 sententia
1481 3699 1760 3755 discedere
1814 3707 1908 3754 aut
1968 3713 2066 3754 sua

495 3806 712 3867 sponte,
747 3803 840 3849 aut
875 3795 1076 3848 invitos
1109 3800 1272 3861 atque
1301 3791 1375 3844 ita
1409 3789 1662 3844 unionem
1713 3804 1901 3844 eorum
1955 3803 2068 3842 am-

494 3891 879 3959 plecterentur.
919 3886 1040 3939 Haec
1071 3884 1114 3938 si
1148 3883 1366 3950 quidem
1400 3897 1463 3935 ex
1497 3883 1765 3937 sententia
1809 3881 2068 3936 succede-

495 3991 637 4043 rent,
673 3979 906 4033 fortasse
942 3977 1135 4031 melius
1170 3986 1313 4030 esset
1345 3993 1358 4040 ;
1396 3973 1644 4043 Deusque
1676 3987 1798 4027 cum
1833 3987 1943 4042 quo
1973 3988 2067 4040 per

493 4072 825 4142 agnitionem
861 4067 1106 4124 veritatis
1137 4075 1190 4120 et
1221 4075 1464 4120 mutuam
1493 4065 1811 4120 charitatem
1836 4064 2074 4132 conjunr

491 4177 766 4235 gercmur,
799 4161 981 4215 neutri
1018 4160 1254 4228 partium
1287 4158 1545 4226 majorem
1610 4156 1947 4224 impenderet
1983 4155 2066 4208 fa-

493 4275 677 4312 vorem
710 4274 724 4323 ;
762 4257 855 4314 Sed
913 4265 1019 4310 tam
1069 4271 1165 4310 eos
1217 4253 1310 4324 qui
1359 4253 1641 4306 veritatem
1699 4252 2068 4315 edocuissent,

491 4369 655 4421 quam
691 4351 782 4421 qui
810 4350 957 4404 illam
993 4361 1150 4418 aequo
1173 4348 1354 4400 animo
1380 4345 1792 4408 addidicissent,
1835 4345 1952 4413 pari
1979 4357 2069 4398 co-

2172 3151 2289 3206 066'
2313 3155 2398 3207 ὅτι
2443 3149 2657 3205 πολλῶν
2686 3151 3056 3223 εὐπορήσουσι
3085 3153 3262 3224 λόγων
3293 3155 3431 3222 πρὸς
3473 3155 3534 3210 τὺ
3565 3155 3742 3220 δεῖξαι

2171 3247 2314 3314 σφᾶς
2341 3246 2544 3310 αὐτοὺς
2583 3245 2834 3312 δοξάζειν
2877 3247 3082 3314 καλῶς,
3115 3246 3234 3301 ἀλλ’
3261 3249 3412 3319 ὅμως
3438 3249 3639 3302 ἐκεῖνοί
3681 3265 3742 3304 τε

2170 3337 2375 3401 πάντες
2430 3337 2526 3391 καὶ
2565 3333 2716 3393 οὗτοι
2771 3339 2872 3410 τὴν
2928 3339 3070 3410 μετά
3126 3339 3372 3393 Λατίνων
3421 3339 3616 3392 ἕνωσιν
3647 3338 3744 3393 τοῦ

2170 3432 2372 3493 παντὸς
2403 3427 2553 3497 ἄξιον
2598 3429 2791 3501 χρῆμα
2819 3429 2916 3485 καὶ
2946 3431 3146 3504 ῥᾷστον
3182 3426 3325 3486 εἷναι
3354 3431 3492 3504 πρὸς
3532 3429 3751 3494 τούτοις

2141 3521 2520 3590 -νομίσαντες,
2553 3521 2783 3586 ἑαυτούς
2835 3538 2896 3575 τε
2959 3522 3055 3576 καὶ
3099 3522 3230 3586 τοὺς
3280 3522 3474 3588 ἀλλους
3515 3525 3747 3579 ἔπεισαν

2173 3612 2295 3683 μεθ’
2322 3612 2517 3683 ἡδονῆς
2567 3613 2883 3683 ἀφικέσθαι.
2916 3614 3136 3668 Κείσθω
3185 3613 3243 3668 δέ
3274 3616 3372 3669 καὶ
3409 3617 3619 3679 πάντας
3646 3616 3746 3688 τὴν

2170 3705 2342 3774 αὐτὴν
2385 3706 2676 3775 ἐσχηκέναι
2723 3707 2988 3778 γνώμην,
3051 3710 3148 3762 καὶ
3192 3708 3351 3776 ἥκειν
3414 3689 3749 3773 ἐλπίσαντας

2175 3795 2343 3863 μηδὲν
2395 3796 2493 3863 μὲν
2533 3795 2743 3860 εἰδότας
2783 3798 2927 3867 μήτε
2961 3797 3172 3868 τάληθῆ
3216 3799 3549 3867 φρονοῦντας
3587 3803 3751 3853 Λατί-

2174 3904 2299 3950 νους
2338 3887 2596 3956 ἐλέγξειν,
2640 3887 2854 3942 πείσειν
2906 3890 2962 3943 δέ
3001 3890 3225 3953 ἑκόντας
3277 3890 3310 3960 ἢ
3350 3892 3585 3953 ἄκοντας
3654 3895 3756 3959 τὴν

2175 3979 2446 4049 σφετέραν
2476 3981 2633 4046 δόξαν
2662 3981 3026 4051 ἀρνήσασθαι,
3058 3983 3153 4034 καὶ
3181 3981 3322 4035 οὕτω
3365 3983 3466 4054 τὴν
3502 3984 3627 4051 μετ’
3660 3987 3755 4036 αὐ-

2171 4074 2280 4124 τῶν
2338 4072 2535 4124 ἕνωσιν
2593 4071 3018 4140 διαπράξεσθαι..
3086 4072 3148 4125 Εἰ
3211 4070 3310 4139 μὲν
3363 4071 3457 4124 οὖν
3502 4071 3755 4136 ἐξέὂαινε

2172 4165 2346 4218 ταῦτα
2381 4166 2524 4218 κατὰ
2555 4165 2777 4225 σκοπὸν,
2831 4165 3052 4234 ἄμεινον
3081 4163 3146 4216 ἂν
3176 4164 3306 4226 ἴσως
3334 4159 3404 4234 ἦν
3428 4181 3440 4191 ⁸
3470 4170 3565 4216 καὶ
3592 4166 3620 4217 ὁ
3657 4167 3758 4233 μὲν

2172 4255 2328 4317 Θεὸς,
2360 4246 2404 4321 ᾧ
2443 4254 2815 4307 συνάπτεσθαι
2868 4258 2932 4324 τῇ
2965 4251 3165 4320 γνώσει
3212 4255 3308 4322 τῆς
3357 4254 3616 4322 ἀληθείας
3661 4257 3760 4308 καὶ

2172 4347 2240 4415 τῇ
2275 4345 2413 4416 πρὸς
2466 4347 2734 4416 ἀλλήλους
2787 4349 2978 4417 είρήνῃ
3019 4347 3217 4409 πάντες
3258 4346 3580 4413 ἐμέλλομεν,
3605 4347 3762 4398 οὐδε-

496 4465 629 4502 rnna
684 4446 932 4506 donaret,
976 4450 1030 4495 et
1081 4453 1234 4507 aeque
1269 4437 1372 4492 srbi
1414 4435 1791 4503 coniungeret.
1848 4437 1924 4487 fta
1973 4435 2069 4490 visi

2183 4439 2368 4509 τὲροις
2405 4439 2471 4492 ἂν
2505 4439 2614 4491 τῶν
2641 4439 2848 4509 ἐτέρων
2884 4438 3178 4506 ἐχαρίσατο
3215 4439 3434 4508 μᾶλλον·
3463 4437 3598 4489 ἀλλά
3628 4439 3761 4502 τοὺς

491 4552 713 4608 quoque
737 4551 984 4592 essemus
1013 4534 1264 4589 obtinere
1291 4530 1469 4582 locum
1503 4529 1908 4595 magistrorum,
1983 4527 2063 4581 fu-

497 4645 694 4698 nmque
717 4629 872 4681 fama:
899 4627 1485 4693 obieetaremur,quem
1520 4639 1610 4676 vos
1632 4621 1896 4690 spiritalia
1920 4637 2066 4691 quae-

495 4732 698 4786 rentes,
731 4721 951 4788 Deoque
983 4733 1179 4773 vacare
1225 4717 1496 4786 pollicitos
1533 4716 1742 4769 ambire
1781 4729 1886 4770 non
1931 4730 2065 4769 con-

494 4815 662 4869 venit.
693 4812 800 4894 §ed
824 4813 1020 4867 videtis
1043 4824 1253 4875 omnes,
1307 4817 1368 4864 ut
1406 4807 1586 4864 Latini
1644 4823 1739 4876 pro
1801 4821 1900 4862 sua
1941 4821 2068 4862 sen-

496 4908 662 4959 tentia
693 4904 907 4976 egregie
931 4902 1325 4959 decertaverint
1349 4944 1362 4967 ,
1407 4910 1467 4956 ut
1520 4914 1678 4955 nemo
1733 4899 1852 4955 illos
1877 4899 2070 4968 possit,

495 4998 540 5053 si
579 4998 706 5053 velit
738 5013 927 5066 aequus
955 5011 1075 5050 esse
1100 4995 1291 5066 iudex,
1347 4990 1766 5062 reprehendere.
1797 4990 1862 5044 Et
1918 5006 2070 5046 enm-

498 5090 679 5144 munis
705 5089 921 5159 quidem
975 5087 1236 5156 magister
1264 5101 1327 5142 ac
1361 5070 1614 5140 dominus
1666 5093 1872 5148 noster,
1915 5099 2074 5150 opor-

497 5190 614 5236 tere
649 5181 826 5252 inquit
853 5180 905 5232 in
958 5193 1053 5232 ore
1084 5177 1316 5231 duorum
1371 5177 1454 5232 vel
1495 5175 1658 5231 trium
1720 5184 1864 5228 stare
1911 5189 2072 5228 omne

495 5274 742 5339 verbum,
780 5281 836 5327 et
869 5272 956 5326 lex
990 5271 1165 5326 civilis
1196 5271 1267 5325 ita
1320 5270 1665 5339 praescribit;
1723 5270 1796 5323 illi
1841 5281 1968 5322 vero
2008 5281 2070 5320 ex

495 5366 884 5421 communibus
913 5362 1168 5419 Ecclesiae
1193 5362 1510 5417 doctoribus
1538 5376 1630 5416 sex
1692 5358 2075 5430 praestantissi-

495 5473 615 5512 mos
646 5457 910 5527 dignitate
962 5467 1017 5512 et
1049 5455 1322 5521 doctrina,
1365 5453 1743 5522 susceptisqne
1775 5464 1871 5519 pro
1895 5451 2070 5517 pieta~

499 5559 548 5602 te
579 5548 856 5605 laboribus
889 5567 904 5617 ;
943 5563 1068 5605 nam
1099 5548 1236 5603 alios
1295 5556 1559 5618 praetereo
1591 5562 1605 5611 ;
1643 5543 1926 5598 sententiae
1964 5551 2076 5596 stne

503 5648 665 5693 testes
689 5641 986 5708 protulere,
1048 5655 1279 5710 quorum
1321 5639 1556 5708 quisque
1589 5635 1922 5689 tantumdem
1977 5633 2077 5687 fide

503 5725 708 5794 valere,
739 5737 1002 5799 quantum
1031 5730 1275 5786 universi
1301 5726 1569 5796 homines,
1606 5724 1913 5781 censendus
1950 5733 2073 5778 est:

2171 4547 2230 4583 τε
2261 4526 2612 4591 διδάσκοντας
2647 4530 2747 4600 τήν
2801 4528 3061 4598 ἀλήθειαν
3086 4571 3100 4595 ,
3134 4530 3227 4583 καὶ
3257 4529 3386 4591 τοὺς
3417 4529 3513 4580 σὺν
3548 4528 3761 4593 εὐγνω-

2179 4623 2388 4694 μοσύνῃ
2433 4623 2638 4692 ταύτην
2685 4621 3102 4689 δεδιδαγμένους
3159 4620 3357 4687 ἐπίσης
3398 4618 3594 4688 ἔμελλε
3632 4637 3758 4669 στες

2178 4714 2402 4785 φανοῦν,
2457 4716 2551 4766 καὶ
2600 4711 2776 4781 ἐαυτῷ
2841 4712 3137 4765 συνάπτειν
3186 4711 3408 4780 ὁμοίως.
3458 4708 3760 4777 Ἐδόξαμεν

2177 4807 2222 4861 δ’
2266 4807 2331 4860 ἂν
2376 4807 2577 4861 οὑτωσὶ
2607 4805 2945 4859 διδασκάλων
2978 4803 3128 4870 τάξιν
3163 4802 3405 4871 ἐπέχειν,
3431 4803 3521 4853 καὶ
3556 4801 3632 4869 τῷ
3661 4819 3764 4852 κα-

2184 4898 2302 4969 πνῷ
2342 4900 2438 4967 τῆς
2475 4900 2666 4969 φήμης
2716 4898 3059 4968 ἐτέρφθημεν
3084 4913 3097 4928 ο
3134 4895 3194 4949 οὗ
3230 4897 3345 4958 τοῖς
3389 4894 3458 4948 τά
3513 4911 3762 4963 πνευμα-

2180 4992 2309 5045 τικά
2337 4990 2596 5062 ζητοῦσιν
2627 4991 2757 5060 ὑμῖν
2817 4996 2914 5042 καὶ
2955 4987 3074 5058 Θεῷ
3122 4987 3481 5058 προσανέχειν
3515 4986 3763 5052 ὑπεσχη-

2187 5083 2372 5153 μένοις
2426 5081 2675 5150 οὐδαμῶς
2741 5083 2890 5132 ἐστιν
2951 5081 3223 5150 ἁρμόττον
3274 5078 3545 5149 ἐφίεσθαι.
3614 5075 3757 5127 Ἀλλ’

2180 5175 2341 5245 ὁρᾶτε
2373 5173 2592 5237 πάντες,
2624 5175 2702 5226 ὅτι
2747 5173 2966 5225 Λατῖνοι
3013 5176 3113 5240 τῆς
3168 5170 3379 5223 ἑαυτῶν
3415 5167 3765 5238 ὑπερηγωνί-

2188 5283 2349 5321 σαντο
2387 5267 2542 5336 δόξης
2576 5265 2777 5328 καλῶς’
2813 5263 2953 5318 ὥστε
2993 5265 3196 5335 μηδένα
3246 5263 3312 5317 ἂν
3359 5264 3544 5326 αὐτοῖς
3592 5262 3763 5327 ἐγκαο

2182 5360 2294 5412 λεῖν
2345 5358 2510 5428 ἔχειν,
2541 5358 2590 5409 εί
2627 5356 2876 5426 βούλοιτο
2908 5355 3114 5418 δίκαιος
3147 5354 3315 5408 εἶναι.
3370 5354 3486 5406 Καὶ
3523 5355 3551 5405 ὁ
3602 5351 3706 5421 μὶν
3733 5352 3767 5403 ὁ

2182 5453 2363 5515 κοινὸς
2391 5452 2546 5521 ἡμῶν
2591 5448 2914 5511 διδάσκαλος
2958 5451 3054 5502 καὶ
3107 5447 3377 5514 δεσπότης
3414 5446 3511 5498 ἐπὶ
3539 5445 3691 5496 δυοῖν
3726 5443 3762 5512 ἦ

2185 5543 2354 5616 τριῶν
2387 5543 2685 5615 μαρτύρων
2712 5543 2822 5596 δεῖν
2856 5541 3113 5597 ἵστασθαι
3155 5542 3261 5594 πᾶν
3292 5539 3443 5611 ῥῆμά
3477 5554 3633 5607 φησι,
3671 5538 3772 5589 καὶ

2185 5638 2212 5688 ὁ
2239 5635 2512 5697 πολιτικὸς
2567 5635 2730 5705 νόμος
2781 5635 2922 5688 οὕτω
2957 5632 3263 5704 διαγορεύει
3294 5648 3306 5664 ⁸
3353 5633 3406 5684 οί
3447 5629 3505 5684 δὲ
3553 5630 3616 5680 ἐκ
3649 5628 3768 5680 τῶν

2187 5728 2384 5781 κοινῶν
2432 5727 2772 5782 διδασκάλων
2811 5727 2912 5798 τῆς
2954 5724 3281 5795 Ἐκκλησίας
3335 5723 3395 5790 ἓξ
3443 5723 3570 5784 τοὺς
3603 5718 3772 5791 μεγί-
