3948 6186
232 330 324 394 389

1312 331 1350 386 Α
1363 332 1520 392 1)νίἶο
1533 332 1748 392 RTATI
1761 333 1806 391 Ο
1839 337 1882 391 Α
1897 337 1939 393 D
1981 336 2284 399 SYNODU
2297 343 2368 400 \l.

3375 347 3477 407 300

236 462 377 507 στους
417 444 688 512 ἀξιώματι
729 446 818 496 καὶ
859 447 1019 516 σοφίᾳ
1060 446 1155 498 καὶ
1187 451 1296 512 τοῖς
1333 451 1472 518 ὑπὲρ
1500 451 1597 518 τῆς
1630 451 1788 504 εὐσε-

1906 470 2099 525 eosque
2137 475 2243 513 non
2279 461 2454 516 obiter
2480 470 2534 514 et
2564 463 2951 531 perfunctorie,
2980 469 3076 521 sed
3115 469 3186 523 ita
3223 468 3478 525 distincte

234 538 371 597 ϐείας
396 536 593 602 ἀγῶσι,
630 537 756 598 τοὺς
814 538 921 608 γὰρ
973 538 1165 602 ἄλλους
1216 541 1475 611 παρίημι.
1511 544 1795 612 μάρτυρας

235 632 326 698 τῆς
354 628 566 680 ἑαυτῶν
607 628 768 696 δόξης
823 631 1153 699 παρήγαγον
1175 649 1190 664 ·
1218 626 1294 686 ὧν
1323 633 1550 687 ἕκαστον
1579 635 1660 687 δεῖ
1689 635 1797 687 τῶν

233 720 293 773 ὲν
315 719 388 790 τῷ
420 720 622 790 κόσμῳ
653 720 878 774 πάντων
918 722 1223 790 ἀνθρώπων
1276 725 1485 792 κρίνειν
1521 724 1794 788 ἀντάξιον,

237 812 515 874 κάκείνους
564 812 668 881 οὐχ
707 812 898 875 ἁπλῶς
945 811 1120 875 οὕτως
1169 815 1292 868 οὐδὲ
1331 817 1645 884 παρέργως,
1679 816 1797 869 ἀλλ’

238 905 414 974 ὥσπερ
455 906 504 958 ei
549 905 802 960 δικασταί
849 923 994 969 τινες
1045 903 1188 976 ἦσαν
1217 910 1350 976 ἡμῖν
1385 910 1480 978 τῆς
1514 909 1797 978 παρούσης

237 996 583 1067 ἁμφιὸολίας,
643 996 798 1050 οὓτω
841 999 1262 1067 διαλεγομένους
1311 1001 1685 1070 διωρισμένως
1734 1017 1796 1052 τε

236 1090 326 1144 καὶ
352 1089 538 1156 σαφῶς
565 1104 578 1118 ·
612 1090 706 1141 καὶ
752 1089 946 1152 αὐταῖς
982 1089 1082 1158 μὲν
1107 1089 1289 1154 λέξεσι
1322 1089 1582 1158 λέγοντας
1612 1090 1678 1142 τὸ⁵
1701 1091 1797 1158 ζη-

237 1182 517 1248 τούμενον,
557 1178 950 1248 προστιθέντας
999 1181 1055 1233 δὲ
1110 1182 1206 1234 καὶ
1264 1183 1362 1245 τὰς
1420 1182 1618 1245 αίτίας,
1652 1183 1798 1235 καθᾶ

232 1273 570 1333 διδασκάλοις,
617 1273 888 1343 προσῆκε,
922 1273 1017 1326 καὶ
1057 1273 1128 1327 τά
1177 1274 1318 1345 μέρη
1350 1275 1450 1344 τῆς
1474 1275 1625 1337 θείας
1653 1275 1796 1346 Γρασ

232 1365 346 1432 φῆς,
396 1365 453 1430 ἐξ
493 1359 577 1417 ὧν·
611 1367 710 1431 τὴν
759 1366 918 1432 δόξαν
964 1365 1180 1436 ταύτην
1233 1368 1547 1433 ἀναγκαίως
1579 1369 1797 1436 ε’)ἱουτιν

230 1456 656 1526 εἰληφότεςριαθ*
684 1457 826 1528 άπερ
857 1457 1022 1520 ἄλλοις
1055 1458 1113 1525 ἐξ
1153 1458 1329 1513 ἄλλων
1359 1459 1546 1530 μερῶν
1576 1461 1795 1513 συνελέο

231 1548 399 1609 ξαντο.
437 1548 578 1616 Πρὸς
619 1546 714 1610 οὓς
777 1549 1130 1610 διδασκάλους
1187 1550 1479 1614 τοσούτους
1532 1569 1590 1604 τε
1636 1551 1796 1613 ὄντας

230 1640 317 1691 καὶ
370 1638 748 1706 τηλικούτους,
782 1641 877 1692 καὶ
930 1640 1076 1694 οὕτω
1111 1641 1298 1710 σαφῶς
1329 1641 1430 1711 τὴν
1463 1641 1621 1708 δόξαν
1667 1641 1798 1694 ταύ-

227 1734 320 1799 τὴν
351 1735 695 1799 εἰσάγοντας,
731 1733 846 1786 οὐδ’
885 1732 951 1787 ἂν
987 1733 1342 1803 βουληθέντες
1375 1735 1594 1806 ἔχοιμεν
1635 1737 1791 1788 ἀναι-

230 1828 492 1894 σχυντεῖν.
534 1825 678 1894 Πρὸς
713 1826 926 1889 τούτοις
950 1826 1146 1890 ἄλλους
1174 1829 1239 1880 ὲκ
1281 1828 1390 1882 τῶν
1421 1805 1616 1882 κοινῶν
1645 1829 1792 1882 διδαο
1830 1805 1872 1861 Β

234 1917 441 1971 σκάλων
473 1919 831 1989 παρήγαγον,
882 1921 1010 1983 τοὺς
1061 1921 1122 1984 ἐξ
1155 1919 1450 1990 ’Δνατολῆς
1502 1922 1664 1988 λέγω,
1704 1921 1794 1993 ῐσῃ

228 2011 386 2080 σοφίᾳ
416 2011 511 2063 καὶ
540 2011 816 2081 ἀξιώματι
848 2012 1326 2082 κεκοσμημένους,
1366 2013 1464 2082 οὐχ
1517 2011 1661 2065 οὓτω
1692 2013 1795 2082 μὲν

229 2101 527 2172 διαρρήδην
566 2101 756 2171 ὥσπερ
811 2104 1033 2170 ἐκεῖνοι,
1070 2095 1330 2172 λέγοντας
1386 2104 1454 2156 δ”
1486 2105 1640 2175 ὅμως
1693 2108 1790 2158 καὶ

226 2193 418 2254 αὐτοὺς
454 2194 566 2256 τοῖς
616 2192 796 2253 ἄλλοις
825 2193 1020 2259 ταυτὰ,
1054 2193 1108 2247 εί
1145 2211 1231 2255 τις
1265 2194 1384 2263 μετ’
1410 2193 1670 2262 ἀληθείας
1701 2193 1796 2246 καὶ

227 2285 415 2351 σοφίας
447 2284 586 2355 ὁμοῦ
615 2285 714 2346 τὰς
748 2285 974 2338 ἐκείνων
999 2283 1276 2350 ἐξετάζειν
1307 2283 1555 2354 βούλοιτο
1581 2285 1792 2354 ῥήσεις·

224 2381 313 2433 καὶ
342 2380 659 2447 σοφιστικὸν
681 2379 832 2432 οὐδὲν
863 2378 984 2432 οὐδὲ
1021 2377 1201 2448 βίαιον
1223 2417 1238 2441 ,
1270 2376 1407 2432 ἀλλὰ
1437 2376 1617 2430 πάντα
1646 2374 1796 2430 ἁπλᾶ

222 2472 315 2524 καὶ
344 2473 409 2541 τῇ
446 2469 568 2539 θείᾳ
611 2470 806 2540 Γραφῇ
867 2471 964 2524 καὶ
1015 2471 1129 2532 τοῖς
1169 2468 1512 2530 διδασκάλοις
1552 2467 1798 2534 ἑπόμενα

221 2561 356 2629 πρὸς
399 2559 681 2626 ἀπόδειξιν
745 2562 844 2630 τῆς
893 2560 1104 2613 ἑαυτῶν
1151 2558 1555 2629 προσεϐάλοντο
1596 2557 1792 2629 δόξης·

222 2656 316 2705 καὶ
355 2653 574 2723 εἴρηται
614 2653 748 2722 παρ’
779 2651 937 2722 ήμῶν
969 2650 1124 2704 οὐδὲν
1177 2652 1314 2721 πρὸς
1347 2651 1566 2713 αὐτοὺς,
1593 2651 1732 2719 πρὸς
1769 2649 1796 2704 ὃ

226 2750 299 2813 μὴ
331 2745 510 2810 σοφῶς
544 2761 605 2797 τε
656 2731 758 2796 καῖ
785 2743 1048 2812 γενναίως
1080 2743 1174 2796 καὶ
1217 2743 1357 2811 μετά
1403 2743 1506 2812 τῆς
1536 2742 1800 2812 ἀληθεία-ς

224 2837 660 2908 ἀποκρινάμενοι
716 2839 1042 2905 φαίνονται·
1100 2833 1210 2888 οὐδ’
1271 2835 1480 2906 ἔχομέν·
1525 2851 1648 2887 τινα
1692 2834 1806 2887 τῶν

225 2934 396 3001 ἁγίων
425 2930 680 3001 φανερῶς
719 2929 902 2992 αὐτοῖς
952 2929 1377 2998 ἁντιφάσκσντα·
1415 2930 1465 2982 εἰ
1505 2927 1560 2982 δέ
1593 2944 1676 2991 τις
1705 2923 1795 2998 ἦν,

230 3026 325 3079 καὶ
345 3023 536 3078 τοῦτον
566 3023 674 3078 εδει
701 3025 814 3088 τοῖς
846 3021 1066 3087 πολλοῖς
1103 3023 1324 3093 μηχανῇ
1368 3039 1480 3074 τινι
1525 3021 1621 3075 καὶ
1650 3019 1798 3091 λόγῳ

230 3120 530 3174 συνάπτειν
587 3117 774 3188 πολλῷ
821 3116 1026 3188 μᾶλλον
1068 3119 1164 3171 κει)⁸
1195 3115 1559 3185 δικαιότερον,
1589 3113 1632 3184 ἦ
1657 3113 1804 3208 πρὸς
1823 3151 1868 3208 c

220 3218 316 3268 τὸν
364 3213 462 3266 ἕνα
508 3207 720 3271 πλῆθος.
763 3207 1040 3262 τοσούτων
1076 3205 1420 3263 διδασκάλων
1457 3201 1799 3277 παρασιάζε-

221 3310 375 3364 σθαι.
433 3307 528 3370 Εἰς
576 3306 613 3362 ά
649 3306 708 3361 δὲ
761 3301 1062 3374 νομίζομεν
1110 3301 1313 3372 αὐτοὺς
1365 3301 1432 3354 hc
1483 3299 1587 3369 τῆς
1637 3297 1798 3369 δόξης

215 3400 432 3470 ταύτης
461 3398 775 3462 έκπίπτειν,
809 3397 903 3452 καὶ
936 3394 1110 3450 ταῦτα
1157 3394 1294 3466 μήτε
1339 3395 1561 3465 φρονεῖν
1588 3389 1719 3462 μήτ’
1740 3389 1800 3456 ἐξ

215 3497 472 3563 ἀνάγκης
513 3491 742 3546 ἔπεσθαι
795 3491 862 3561 τῇ
915 3488 1064 3560 δόξῃ,
1095 3486 1578 3559 διαμαρτύρονται.
1635 3483 1800 3538 Ἀλλὰ

215 3585 315 3640 καὶ
355 3585 426 3638 τά
475 3585 616 3640 αὐτά
664 3601 800 3654 φασι
834 3582 960 3653 μεθ’
990 3582 1150 3654 ήμῶν
1193 3580 1509 3644 πιστεύειν,
1535 3578 1802 3647 καὶπρὸς

212 3681 312 3733 τδν
345 3677 470 3730 ἴσον
508 3677 644 3746 ἡμῖν
669 3675 941 3748 φέρεσθαι
980 3674 1129 3743 νοῦν,
1173 3675 1229 3728 τί
1271 3673 1369 3728 καὶ
1397 3672 1686 3745 προσθήκῃ
1712 3671 1801 3725 λέ-

213 3771 361 3836 ξεων
389 3767 618 3835 ἄμεινον
642 3765 1054 3820 άναπτύσσουσι
1081 3782 1098 3798 ·
1139 3763 1236 3819 καὶ
1265 3762 1458 3818 οὐδένα
1485 3763 1596 3816 τῶν
1630 3763 1802 3831 ἁγίων

216 3858 628 3929 ἀναγκάζονται
654 3859 1012 3926 συκοφαντεῖν
1041 3857 1074 3928 ἤ
1101 3857 1429 3929 διαγράφειν
1452 3895 1466 3918 ,
1496 3856 1636 3910 ἀλλὰ
1666 3856 1804 3926 μᾶλ-

217 3956 316 4006 λον
354 3952 728 4005 συνάπτουσιν
777 3949 1038 4019 άλλήλοις
1073 3949 1206 4012 τοὺς
1255 3947 1654 4010 διδασκάλους·
1709 3946 1803 3999 καὶ

221 4047 364 4117 μίαν
417 4045 624 4115 ταύτην
686 4044 968 4107 ἀπόδειξιν
1021 4040 1302 4113 ἀρκοῦσαν
1349 4040 1804 4111 ἔχειν’ήγοῦνται

218 4136 355 4205 παρ’
389 4136 606 4197 ἑαυτοῖς
657 4135 752 4186 τοῦ
810 4133 1022 4204 τάληθῆ
1077 4135 1296 4204 φρονεῖν
1342 4133 1440 4185 καὶ
1479 4130 1763 4184 πιστεύειν
1790 4171 1804 4195 ,

213 4229 303 4281 ὅτι
329 4227 537 4296 ,μηδενὶ
569 4227 707 4296 πρὸς
757 4226 965 4295 μηδένα
1001 4226 1110 4280 τῶν
1140 4223 1484 4280 διδασκάλων
1517 4223 1808 4293 ἀντίφασιν

212 4337 341 4371 τινα
376 4319 473 4370 καὶ
512 4318 690 4387 μάχην
729 4317 1081 4388 ἐγείρουσιν·
1135 4317 1272 4372 am
1320 4319 1809 4373 τάκείνων“πὰντα

212 4413 466 4480 γαλήνης
492 4411 653 4478 γέμει
676 4413 768 4464 καὶ
794 4411 1072 4480 ὁμονοίας,
1103 4410 1204 4480 τῆς
1234 4409 1395 4479 δόξης
1424 4412 1629 4478 ταύτης
1671 4427 1808 4482 κρα-

1907 547 2180 618 planeque
2216 549 2452 612 locutos,
2483 568 2547 607 ac
2590 556 2633 607 si
2657 558 3056 611 'controversim
3083 568 3284 612 nostra:
3308 561 3476 613 sedis-

1902 650 2021 693 sent
2046 640 2261 708 jndiees
2299 661 2312 707 ;
2345 653 2398 696 et
2430 644 2633 711 apertis
2664 646 2842 701 verbis
2901 649 3269 716 exprimentes
3331 647 3474 717 quod

1899 732 2183 800 quaeritur,
2209 733 2437 802 adjectis
2469 735 2630 788 etiam
2668 740 2873 801 eausis,
2913 739 2988 793 uti
3038 739 3290 794 doctores
3316 739 3477 794 dece-

1903 821 1992 876 bat
2020 841 2035 889 ;
2067 831 2120 877 et
2147 825 2328 879 citatis
2357 840 2524 879 sacrae
2558 823 2850 894 Scriptura:
2874 827 3028 890 locis,
3051 843 3113 882 ex
3135 828 3329 898 quibus
3354 844 3477 883 seu.-

1902 914 2125 966 tentiam
2165 914 2304 968 bane
2360 917 2672 969 necessario
2712 926 3084 986 sumpserunt,
3138 927 3190 972 et
3231 917 3474 972 collectis

1900 1019 1996 1072 per
2027 1005 2116 1059 illa
2145 1005 2310 1061 variis
2345 1007 2667 1061 rationibus.
2707 1007 2856 1073 Quos
2891 1023 3022 1063 sane
3055 1008 3323 1068 doctores.
3352 1024 3473 1062 cum

1903 1105 1980 1150 tot
2005 1097 2250 1166 tantique
2275 1099 2403 1159 sint.
2422 1108 2475 1152 et
2503 1101 2636 1153 adeo
2655 1103 2940 1171 perspicue
2960 1103 3290 1156 sententiam
3339 1102 3478 1154 lianc

1899 1189 2150 1253 doceant,
2182 1205 2280 1244 nec
2313 1191 2356 1245 si
2393 1191 2643 1255 velimus,
2677 1191 3021 1261 impudenter
3049 1196 3305 1248 adversos
3340 1209 3480 1247 con-

1898 1279 2042 1332 tueri
2078 1293 2388 1346 possumus.
2421 1280 2568 1333 Alios
2590 1291 2847 1349 praeterea
2876 1297 2941 1336 ex
2971 1283 3358 1336 communibus
3378 1282 3478 1334 do-

1897 1369 2138 1423 ctoribus
2165 1369 2484 1435 produxere,
2509 1369 2835 1438 Orientales,
2867 1374 3110 1442 inquam,
3142 1373 3258 1443 pari
3275 1373 3478 1426 doctri-

1899 1476 1966 1514 na
1991 1470 2044 1514 et
2065 1461 2326 1530 dignitate
2360 1464 2617 1532 praeditos
2647 1483 2664 1532 ;
2696 1481 2802 1520 non
2857 1476 2915 1520 ut
2955 1465 3031 1519 illi
3067 1467 3286 1533 quidem
3343 1467 3480 1518 adeo

1897 1550 2060 1616 clare,
2090 1543 2237 1607 idem
2276 1566 2451 1609 tamen
2483 1566 2535 1609 et
2560 1559 2706 1626 ἱρευε
2744 1557 2888 1626 quod
2923 1567 2972 1610 et
3006 1556 3082 1610 illi
3137 1567 3470 1618 asserentes,

1898 1645 1944 1698 si
1975 1645 2099 1713 quis
2131 1646 2260 1700 velit
2291 1647 2433 1701 dicta
2461 1663 2650 1702 eorum
2707 1664 2831 1702 cum
2900 1647 3128 1719 veritate
3173 1649 3377 1716 pariter
3425 1658 3481 1701 et

1899 1736 2130 1792 scientia
2172 1739 2526 1807 perpendere.
2576 1737 2685 1794 Nec
2721 1740 3080 1810 sophisticutn
3139 1738 3345 1808 aliquid
3385 1747 3480 1792 aut

1902 1827 2238 1895 affectatum,
2273 1831 2364 1885 sed
2399 1832 2558 1902 plana
2593 1832 2798 1896 omnia,
2833 1841 2886 1887 et
2941 1847 3110 1887 sacra:
3161 1829 3482 1901 Scripturte.

1900 1921 2321 1992 doctoribusque
2345 1939 2582 1978 consona
2622 1925 2687 1978 ad
2731 1923 3210 1977 demonstrandam
3259 1931 3481 1976 senten-

1900 2014 2031 2068 tiam
2069 2030 2223 2068 suam
2278 2017 2572 2084 protulere.
2610 2013 2718 2070 Nec
2771 2016 3045 2083 Olljt‘Clllm
3095 2031 3125 2069 a
3187 2015 3344 2070 nobis
3394 2022 3479 2067 est

1899 2103 2218 2174 quidquam,
2275 2106 2342 2157 ad
2379 2105 2521 2174 quod
2565 2104 2641 2156 illi
2694 2105 2906 2159 erudite
2939 2113 2992 2157 et
3045 2103 3290 2155 animose
3349 2116 3474 2153 cum

1900 2197 2127 2251 veritate
2155 2213 2261 2250 non
2284 2197 2681 2264 responderint.
2711 2195 2787 2250 Ex
2813 2195 3015 2250 sanctis
3034 2209 3196 2263 porro
3216 2195 3477 2262 aliquem,

1898 2291 1992 2360 qui
2025 2299 2208 2360 aperte
2232 2291 2335 2344 illis
2369 2291 2709 2353 adversetur,
2737 2289 2944 2343 nullum
2972 2288 3241 2343 habemus
3293 2305 3307 2342 :
3337 2286 3478 2356 quod

1899 2381 1946 2436 si
1982 2383 2146 2436 etiam
2170 2391 2337 2445 esset,
2369 2389 2641 2451 oporteret
2676 2382 2818 2434 hunc
2845 2395 3063 2449 quoque
3107 2379 3192 2433 via
3229 2389 3282 2432 et
3309 2377 3482 2431 ratio-

1900 2488 1969 2528 ne
1993 2474 2174 2543 aliqua
2213 2474 2398 2528 multis
2420 2474 2739 2542 a=|jttngere,
2768 2472 2980 2541 aequius
3007 2486 3138 2526 sane
3158 2480 3211 2524 et
3235 2483 3478 2526 commo-

1903 2566 2044 2628 dius,
2079 2582 2240 2633 quam
2273 2566 2338 2619 ad
2377 2583 2538 2618 tmtttn
2576 2565 2623 2618 \i
2658 2565 2976 2634 pertrahere
3035 2573 3237 2616 tantam
3297 2562 3483 2614 multi-

1901 2657 2144 2712 tudinem
2177 2658 2485 2714 doctorum.
2549 2659 2622 2712 Ea
2673 2675 2800 2713 vero
2847 2659 3213 2718 inromtnmla,
3269 2656 3322 2708 in
3361 2671 3480 2723 qum

1902 2751 2025 2805 illos
2054 2750 2162 2804 labi
2196 2751 2548 2815 arbitramur,
2586 2766 2644 2806 se
2675 2765 2776 2804 nec
2803 2750 3028 2811 sentire,
3063 2763 3162 2802 nec
3197 2746 3350 2814 sequi
3383 2761 3480 2798 ne-

1900 2841 2143 2898 cessario
2166 2857 2230 2896 ex
2259 2856 2357 2895 sua
2385 2841 2655 2896 sententia
2687 2841 2846 2910 plane
2880 2850 3149 2894 testantur
3175 2856 3189 2904 ;
3211 2837 3304 2891 sed
3336 2837 3480 2889 idem

1900 2949 1966 2989 ac
1994 2949 2094 2987 nos
2113 2933 2264 3008 aiunt
2284 2948 2341 2987 se
2368 2932 2614 2997 credere,
2633 2941 2686 2986 et
2708 2936 2761 2986 in
2794 2932 3045 2984 eumdem
3069 2930 3197 2984 ferri
3227 2943 3476 2990 sensum,

1901 3026 2032 3082 licet
2060 3015 2270 3081 additis
2283 3024 2519 3080 vocibus
2544 3026 2741 3078 melius
2771 3024 3046 3092 explicent
3071 3061 3087 3086 ,
3139 3034 3240 3074 nec
3305 3019 3475 3071 ullum

1902 3128 2222 3175 sanctorum
2257 3116 2600 3184 calumniari,
2622 3116 3112 3170 autauctoritatem
3135 3113 3252 3184 ejus
3265 3111 3480 3167 elevare

1900 3221 2188 3282 coguntur;
2203 3208 2312 3265 imo
2329 3207 2581 3266 doctores
2600 3209 2740 3264 inter
2755 3223 2876 3264 sese
2886 3207 3204 3269 conciliant,
3221 3212 3275 3260 et
3295 3213 3488 3274 poten-

1901 3302 2115 3359 tissimo
2137 3309 2461 3371 argumento
2479 3301 2615 3355 satis
2640 3301 3016 3356 demonstrare
3031 3312 3092 3353 se
3120 3302 3312 3368 putant
3343 3305 3486 3350 recte

1901 3397 2106 3454 sentire
2121 3405 2175 3451 et
2191 3397 2434 3460 credere,
2458 3393 2600 3464 quod
2617 3393 2900 3449 doctorem
2945 3406 3070 3448 cum
3089 3391 3314 3446 doctore
3358 3387 3485 3441 nul.-

1903 3491 2016 3546 lum
2035 3496 2394 3561 pugnantem,
2447 3495 2542 3543 aut
2584 3484 2860 3543 contraria
2904 3484 3174 3540 dicentem
3230 3479 3488 3544 faciunt;

1903 3583 2002 3641 sed
2029 3583 2172 3654 apud
2223 3582 2349 3638 illos
2385 3580 2565 3638 omnia
2616 3595 2712 3651 per
2762 3580 2902 3635 banc
2940 3576 3266 3634 sententiam
3339 3586 3487 3628 tran-

1905 3671 2073 3744 quilla
2099 3682 2229 3730 sunt
2265 3682 2322 3728 et
2347 3671 2758 3728 convenientia.
2803 3669 2883 3724 Ad
2925 3669 3042 3723 lttnc
3076 3669 3149 3722 ita
3199 3664 3486 3720 nobiscum

1907 3775 2099 3836 agunt,
2131 3779 2196 3820 ac
2225 3765 2271 3820 si
2333 3764 2583 3836 magistri
2626 3763 2838 3818 illorum
2873 3770 2967 3816 aut
3017 3759 3231 3830 judices
3266 3756 3487 3813 sedere-

1909 3872 2034 3914 mus
2064 3876 2078 3923 ;
2123 3865 2425 3927 rogantque
2462 3866 2520 3910 ut
2557 3871 2615 3910 se
2682 3853 3066 3922 suscipiamus,
3100 3865 3200 3906 nec
3258 3848 3490 3903 velimus

1911 3949 2126 4006 modica
2154 3948 2222 4002 de
2249 3963 2410 4003 causa
2434 3946 2669 4015 disjungi
2698 3947 2767 4002 ab
2786 3946 3098 4000 horninibus
3129 3943 3263 3996 adeo
3284 3939 3490 3995 nostris

1915 4040 2247 4107 consimilia,
2312 4039 2452 4093 adeo
2516 4038 2901 4094 communibus
2953 4034 3268 4092 doctoribus
3356 4046 3489 4083 con-

1912 4132 2162 4204 gruentia
2245 4129 2628 4186 sentientibus.
2713 4127 2902 4196 Neque
2978 4140 3107 4178 vero
3178 4123 3406 4188 exigunt
3458 4135 3490 4174 a

1918 4224 2078 4279 nobis
2109 4221 2503 4293 professionem
2538 4219 2822 4281 veritatis;
2847 4217 2940 4271 sed
2982 4215 3085 4270 hoc
3139 4215 3357 4284 quidem
3391 4227 3494 4265 no-

1916 4319 2000 4371 bis
2031 4315 2364 4384 relinqnunt.
2393 4313 2438 4368 si
2474 4311 2710 4382 perfecte
2733 4309 2968 4364 credere
2993 4307 3248 4369 velimus,
3305 4319 3484 4370 neque

1919 4406 2110 4462 salutis
2147 4420 2298 4476 spem
2325 4403 2654 4458 arbitremur
2678 4401 2840 4456 nobis
2860 4397 3211 4469 ignominiam
3242 4396 3488 4450 inurere:

211 4506 452 4571 τούσης.
499 4504 645 4576 Πρδς
677 4503 734 4558 δὲ
759 4503 996 4569 τούτοις,
1022 4504 1277 4574 καθάπερ
1297 4503 1643 4566 διδασκάλοις
1678 4503 1801 4574 ἡμῖν

1925 4518 1943 4551 ι
1978 4497 2205 4551 Oportet
2233 4498 2405 4560 enim,
2432 4494 2632 4564 inquit,
2685 4493 2750 4546 ad
2812 4492 3042 4546 salutem
3087 4490 3244 4544 labiis
3279 4504 3497 4558 quoque

214 4596 251 4662 ἣ
297 4598 527 4663 κριταῖς
559 4595 742 4648 αὐτῶν
775 4595 1129 4668 καθημένοις,
1177 4595 1323 4650 οὕτω
1365 4596 1809 4667 προσφέρονται·

211 4691 314 4740 καὶ
348 4690 565 4742 δέονται
602 4691 742 4758 σφᾶς
788 4690 1174 4759 προσήκασθαι
1198 4731 1213 4756 ,
1247 4691 1344 4744 καὶ
1394 4692 1468 4760 μὴ
1506 4688 1684 4742 θέλειν
1717 4690 1814 4742 άν-

210 4781 467 4855 θρῶτέων
495 4783 638 4838 οὕτω
691 4785 788 4854 μὲν
834 4783 1042 4854 ἀδελφὰ
1090 4783 1434 4852 φρονούντων
1469 4781 1604 4852 ἡμῖν
1633 4822 1646 4847 ,
1671 4780 1816 4834 οὕτω

209 4877 274 4930 ει
344 4875 762 4944 συμϐαινόντων
810 4877 924 4934 τοῖς
966 4875 1171 4934 κοινοῖς
1224 4871 1592 4935 διδασκάλοις,
1642 4870 1818 4941 μικρᾷ

211 4969 505 5039 προφάσει
536 4967 890 5038 χωρίζεσθαι.
921 4965 1048 5020 Οὐδ’
1078 4964 1408 5019 ἀπαιτοῦσιν
1432 4962 1492 5027 ἐξ
1527 4963 1686 5033 ἡμῶν
1716 4964 1818 5030 τὴν

205 5064 524 5130 ὁμολογίαν
574 5063 671 5130 τῆς
724 5062 987 5132 ἀληθείας
1021 5100 1038 5125 ,
1102 5059 1241 5115 ἀλλὰ
1303 5059 1465 5112 τοῦτο
1517 5059 1616 5126 μὲν
1685 5042 1816 5126 ἡμῖν

207 5154 678 5218 καταλείπουσιν,
725 5155 772 5206 εί
840 5152 1175 5224 βουλοίμεθα
1222 5152 1448 5214 τελείως
1506 5149 1816 5213 πιστεύειν,

208 5247 317 5301 καὶ
355 5248 435 5316 μὴ
465 5245 790 5318 νομίζοιμεν
814 5245 1083 5315 αἰσχύνην
1109 5246 1302 5316 φέρειν
1334 5244 1468 5316 ήμῐν
1497 5245 1598 5308 τὴν
1623 5240 1816 5294 ἐλπίδα

211 5339 323 5406 τῆς
363 5340 663 5411 σωτηρίας·
701 5357 719 5392 ι
755 5341 849 5392 Δεῖ
895 5340 1026 5410 γάρ,
1061 5339 1219 5410 φησὶ,
1257 5339 1394 5408 πρδς
1424 5335 1484 5389 τὸ
1519 5332 1818 5397 σώζεσθαι,

1920 4593 2078 4647 fidem
2108 4587 2352 4646 confiteri
2417 4589 2457 4641 ¹.
2491 4605 2509 4639 ι
2554 4586 2630 4640 llli
2675 4598 2801 4640 vero
2851 4584 2985 4639 satis
3037 4597 3159 4637 esse
3189 4583 3396 4634 ducunt
3432 4579 3497 4631 ad

1923 4697 2138 4752 parem,
2169 4683 2212 4736 si
2269 4680 2428 4734 tinem
2483 4675 2837 4732 insimulandi
2895 4672 3158 4729 faciamus
3213 4682 3336 4740 post
3389 4679 3497 4724 tam

1923 4778 2125 4832 multas
2165 4773 2686 4836 demonstrationes,
2732 4769 2931 4838 quibus
2989 4782 3048 4822 se
3088 4780 3188 4819 nec
3247 4763 3382 4818 falsa
3414 4764 3500 4816 di-

1923 4884 2075 4931 cere,
2116 4882 2213 4920 nec
2255 4865 2396 4918 male
2433 4863 2636 4918 sentire
2695 4861 3038 4930 probarunt:
3103 4865 3158 4910 ttt
3223 4857 3295 4910 sit
3343 4854 3504 4907 nobis

1921 4962 2196 5032 integrum
2225 4958 2329 5012 alia
2363 4958 2448 5010 via
2470 4966 2519 5009 et
2544 4970 2732 5024 picem
2770 4953 2974 5017 facere,
3000 4963 3051 5006 et
3091 4948 3338 5019 populari
3398 4946 3501 5000 huc

1921 5045 2328 5124 apparenteque
2365 5050 2654 5119 Splendore
2678 5061 2742 5102 ac
2796 5061 3043 5110 rumore,
3105 5057 3205 5097 nec
3241 5040 3500 5109 pet-timc—

1923 5161 2075 5201 scere
2107 5143 2472 5198 defectionem
2535 5141 2778 5210 gentium
2840 5137 3000 5192 nobis
3056 5132 3503 5201 conjunctarum,

1924 5235 2364 5309 quandoquidem
2406 5233 2530 5287 fidei
2588 5231 2867 5287 confessio
2931 5244 3040 5284 non
3095 5226 3252 5280 aliter
3280 5220 3350 5276 ab
3395 5218 3506 5273 illis

1920 5337 1977 5384 et
2018 5329 2177 5383 nobis
2204 5328 2315 5389 lict,
2351 5341 2415 5380 ac
2449 5324 2606 5395 prius
2636 5324 2822 5379 tiebat.

216 5435 318 5485 καὶ
363 5407 571 5503 χείλεσι
624 5433 724 5505 τὴν
764 5407 952 5488 πίστιν
974 5407 1289 5504 tandm.
1332 5451 1348 5483 ι
1390 5430 1556 5484 Αὐτοὶ
1586 5429 1642 5482 δὲ
1671 5429 1861 5498 ἀρκεῖν
1899 5422 2161 5496 ἡγοῦνται
2200 5421 2334 5493 πρὸς
2382 5421 2481 5492 τὴν
2533 5421 2760 5491 εἰρήνην
2835 5420 2897 5472 τὸ
2955 5407 3502 5505 παύσασθα-ιῄλοιτὺν

220 5522 484 5587 ἐγκαλεῖν
534 5503 743 5590 αὐτοῖς,
777 5523 923 5578 οὕτω
974 5503 1176 5586 πολλάς
1233 5521 1330 5576 τοῦ
1389 5523 1464 5592 μὴ
1511 5518 1807 5588 ψεύδεσθαι
1850 5516 1986 5585 μηδὲ
2018 5513 2210 5576 κακῶς
2241 5515 2462 5582 φρονεῖν
2526 5510 2975 5580 παρασχομένοις
3042 5505 3142 5568 τὰς
3165 5503 3499 5570 ἀποδείξες.

226 5611 384 5666 Ὢστ’
413 5617 621 5682 ἐξεῖναι
650 5620 857 5689 τρόπον
891 5619 1024 5690 ἡμῖν
1049 5618 1235 5689 ’ἕτερον
1277 5617 1416 5686 μετὰ
1454 5614 1549 5667 τοῦ
1583 5614 1684 5681 τὴν
1725 5611 1952 5680 εἰρήνην
1984 5607 2283 5679 πράττειν,
2321 5608 2416 5659 καὶ
2449 5605 2552 5674 τῆς
2623 5604 2727 5670 ἔξω
2797 5601 2891 5653 καὶ
2961 5599 3303 5670 φαινομένης
3369 5599 3502 5651 ταδ’

293 5801 310 5828 ⁸
340 5799 505 5852 Rom.
542 5791 592 5862 ι’,
638 5800 718 5852 10.

3217 5861 3229 5893 ‘
3322 5904 3325 5906 .
