3948 6186
429 292 527 355 391

1475 292 1521 348 Ο
1534 292 1730 351 ΕΝΝΛ
1744 291 1845 351 DII
1891 290 2000 354 (ΣΡ.
2046 292 2328 360 PATRIA
2340 297 2559 356 RCII:E

3569 298 3682 367 392

425 424 526 475 της
584 407 889 461 ἀπολαῦσαι
928 404 1313 475 λαμπρότητός
1350 422 1409 456 τε
1464 406 1559 457 καὶ
1625 406 1850 474 φήμης.
1923 400 2017 455 καὶ
2059 405 2196 476 μηδὲ
2244 408 2346 479 τὴν
2400 412 2740 466 ἀποστασίαν
2794 409 2909 465 τῶν
2957 410 3090 481 ἡμῖν
3124 409 3512 481 προσηκόντων
3589 417 3679 468 δε·-

423 500 589 556 διέναι
632 501 829 568 γενῶν,
890 498 1079 570 ἐπειδὴ
1120 498 1216 569 τὴν
1252 496 1544 568 ὁμολογίαν
1580 498 1675 565 τῆς
1729 496 1970 558 πίστεως
2007 492 2109 548 οὐκ
2173 498 2347 564 άλλως
2398 502 2430 573 ἢ
2486 505 2751 574 πρότερον
2794 503 3026 566 ἐκείνοις
3089 518 3149 554 τε
3186 502 3282 555 καὶ
3327 505 3462 575 ἡμῖν
3522 507 3679 566 ἔσται

426 596 719 649 ποιεῖσθαι.

496 692 558 743 Et
592 688 768 743 Latini
798 687 1017 759 quidem
1078 687 1193 741 haec
1226 686 1549 746 ostendunt,
1603 685 1717 740 haec
1774 684 1982 744 dicunt.

2174 689 2284 744 Καὶ
2309 690 2360 742 οἱ
2393 689 2495 760 μὲν
2529 692 2751 745 Λατῖνοι
2778 691 2958 746 ταῦτα
3006 693 3337 769 δεικνύουσι,
3369 696 3547 751 ταῦτά
3571 715 3677 765 φα-

424 792 574 837 tanto
647 781 1002 836 conﬁcienda:
1068 779 1351 834 nobiscum
1416 777 1637 832 unionis
1724 775 1997 832 desiderio

433 869 861 937 ﬂagrant:adeo
923 869 1056 921 nihil
1116 869 1304 922 volunt
1362 866 1474 921 ﬁeri
1543 884 1570 920 a
1630 866 1809 929 nobis,
1855 866 1997 934 quod

426 961 527 1014 sihi
562 958 997 1028 gloriam,nobis
1051 957 1401 1028 ignominiam
1461 967 1556 1012 aut
1607 958 1994 1012 detrimentum

362 1062 370 1121 ξ
424 1052 617 1104 ati'erre
646 1052 840 1119 possit.
890 1048 1055 1103 Nohis
1094 1067 1220 1105 vero
1255 1052 1320 1106 ad
1361 1042 1475 1106 haec
1526 1052 1709 1105 omnia
1762 1050 1997 1105 fortasse

427 1143 647 1211 quidem
676 1142 840 1197 verba
870 1158 973 1197 non
999 1141 1251 1205 deerunt,
1282 1144 1374 1197 sed
1425 1157 1533 1196 non
1571 1143 1725 1197 multi
1780 1143 1995 1199 roboris

425 1232 772 1295 autdecoris,
794 1240 845 1285 et
876 1248 996 1301 qua?
1032 1232 1228 1286 virtute
1254 1241 1308 1285 et
1347 1233 1613 1301 sapientia
1650 1246 1836 1287 nostra
1879 1233 1993 1289 sint

423 1324 606 1390 digna,
633 1336 724 1377 aut
756 1325 1035 1379 hominum
1097 1324 1388 1379 volentium
1439 1339 1550 1395 pra:
1579 1340 1637 1379 se
1673 1324 1816 1380 ferre
1862 1341 1993 1393 spe-

343 1448 363 1467 .
425 1416 561 1469 ciem
589 1430 652 1468 ac
683 1417 997 1487 dignitatem
1037 1417 1279 1482 Patrum,
1330 1416 1423 1485 qui
1476 1417 1530 1470 in
1562 1416 1800 1486 antiquis
1844 1417 1994 1473 fuere

424 1506 692 1568 conciliis,
723 1518 775 1561 et
805 1510 987 1562 omnia
1022 1525 1144 1562 cum
1173 1508 1399 1563 veritate
1421 1517 1475 1563 et
1502 1508 1773 1563 charitate
1805 1517 1990 1563 mutua

423 1599 832 1652 examinat-unt.
866 1597 976 1653 Nec
1038 1616 1167 1654 Vero
1210 1599 1552 1669 propositum
1600 1599 1757 1653 nobis
1803 1609 1887 1654 est
1924 1600 1991 1654 de

424 1700 484 1739 re
513 1698 619 1738 non
653 1687 833 1755 magni
855 1686 1113 1756 ponderis
1145 1695 1443 1751 certamen,
1467 1686 1559 1741 sed
1587 1687 1768 1757 agitur
1803 1688 1869 1742 de
1896 1704 1989 1742 vc-

423 1776 585 1832 ritate
638 1777 784 1843 lidei,
816 1792 911 1847 per
960 1794 1123 1846 quam
1169 1794 1270 1834 nos
1320 1779 1520 1834 salvari
1572 1795 1882 1850 speramus.
1938 1790 1994 1835 et

422 1884 585 1939 quam
610 1871 945 1927 contentiose
975 1886 1289 1943 oppugnare
1332 1887 1439 1926 non
1474 1871 1650 1928 solum
1689 1882 1847 1943 turpe
1883 1882 1987 1937 est,

306 1984 311 1991 -
420 1965 515 2021 sed
539 1974 593 2021 et
616 1965 853 2020 maxime
884 1965 1272 2034 periculosum.
1334 1961 1521 2032 Neque
1557 1964 1703 2018 enim
1756 1973 1851 2019 aut
1889 1966 1987 2020 do—

418 2067 598 2112 ctores
621 2070 819 2126 negare
846 2056 996 2121 licet,
1016 2055 1216 2125 quibus
1241 2055 1403 2108 etiam
1425 2055 1873 2124 deprecatoribus
1916 2056 1983 2110 ad

420 2146 587 2201 Deum
621 2162 716 2216 pro
746 2147 984 2217 peccatis
1015 2146 1217 2201 nostris
1240 2147 1316 2200 uti
1368 2146 1627 2213 solemus,
1670 2157 1725 2201 et
1786 2147 1988 2215 quibus

418 2241 672 2295 universa
714 2239 956 2295 Ecclesia
1012 2254 1111 2309 pro
1161 2239 1553 2294 certaminibns
1597 2238 1668 2294 ob
1703 2239 1986 2296 veritatem

416 2332 705 2402 susceptis,
728 2342 781 2387 et
807 2331 1089 2386 laboribus
1116 2331 1170 2385 in
1200 2331 1471 2396 docendo,
1498 2345 1661 2401 quam
1691 2331 1985 2385 maximam

419 2424 600 2478 retulit
622 2423 875 2495 gratiam,
907 2431 967 2477 ut
999 2423 1248 2478 omittam
1277 2421 1413 2477 alias
1439 2421 1751 2477 sanctitatis
1782 2432 1987 2493 partes,

418 2529 639 2585 propter
693 2530 832 2584 quas
881 2515 1004 2569 illos
1056 2515 1357 2569 secundum
1404 2513 1577 2569 Deum
1629 2514 1984 2570 honoramus.

416 2605 603 2676 Neque
667 2606 913 2661 dicemus
968 2605 1219 2661 doctores
1267 2607 1410 2661 inter
1454 2622 1514 2662 se
1542 2621 1831 2677 pugnare;
1888 2609 1989 2663 hoc

415 2698 559 2751 enim
591 2706 673 2753 est
698 2697 880 2753 omnia
911 2695 1266 2763 confundere,
1293 2711 1355 2751 ac
1384 2705 1552 2752 totam
1607 2698 1874 2768 abnegare
1926 2699 1988 2755 ﬂ-

417 2790 561 2843 dem.
594 2787 766 2843 Porro
795 2797 977 2841 autem
1012 2786 1245 2842 voluisse
1300 2786 1525 2843 Latinos
1574 2788 1891 2858 depravare.
1923 2790 1989 2846 li-

419 2881 565 2943 dcm,
595 2888 647 2933 et
679 2878 961 2933 doctorum
990 2877 1236 2933 omnium
1290 2877 1605 2934 adulterare
1638 2878 1987 2951 theologiam,

418 2973 543 3043 quis
582 2971 718 3027 adeo
749 2969 1001 3036 stolidus,
1044 2979 1102 3024 ut
1136 2969 1372 3026 credat?
1400 2971 1593 3039 quisve
1614 2971 1667 3027 id
1693 2972 1987 3030 asserendo

416 3071 606 3118 contra
646 3062 893 3127 Latinos,
931 3060 1044 3116 risu
1099 3076 1207 3115 non
1234 3060 1582 3131 excipiatur?
1639 3061 1792 3118 Nulla
1841 3064 1986 3119 enim

412 3150 724 3210 criminatio
754 3162 930 3224 potest
956 3152 1210 3209 falsitatis
1241 3154 1493 3222 redargui
1546 3154 1818 3225 pluribus,
1877 3155 1987 3213 for-

411 3245 665 3309 tioribus,
697 3259 761 3300 ac
791 3244 1104 3300 verioribus
1146 3244 1504 3316 argumentis.
1535 3243 1605 3299 At
1659 3245 1986 3315 objiciemus

2101 799 2207 847 σιν,
2247 781 2391 836 οὕτω
2414 783 2551 852 πρὸς
2591 782 2692 854 τὴν
2728 783 2846 852 μεθ’
2892 784 3049 854 ἡμῶν
3083 784 3295 849 ζέουσιν
3339 786 3555 851 ἕνωσιν,
3586 788 3677 841 οὐ-

2096 889 2206 936 τως
2234 875 2381 943 ἡμᾶς
2412 875 2510 943 τῆς
2538 876 2765 929 ἐκείνων
2786 875 2951 929 ἕνεκα
3007 875 3165 946 δόξης
3207 876 3357 931 οὐδὲν
3393 876 3674 946 βούλονται

2098 964 2360 1033 πράττειν
2390 966 2617 1036 αίσχρὸν
2664 965 2694 1037 ἢ
2727 966 3028 1036 δυνάμενον
3077 967 3357 1037 βλάπτειν.
3397 968 3590 1038 Ἡμεῖς
3617 970 3676 1023 δὲ

2096 1055 2235 1124 πρὸς
2271 1055 2446 1110 ταῦτα
2497 1058 2677 1111 πάντα
2706 1058 2881 1125 λόγων
2942 1058 3041 1126 μὲν
3099 1060 3233 1122 ῐσως
3264 1059 3673 1129 εὐπορήσομεν,

2096 1146 2212 1200 ἀλλ’
2242 1146 2303 1200 οὐ
2338 1148 2481 1201 πάνυ
2512 1148 2799 1215 γενναίων,
2844 1149 2953 1202 οὐδ’
2993 1150 3311 1219 εὐπρεπῶν,
3351 1151 3462 1204 οὐδ’
3501 1150 3675 1215 ἀξίων

2095 1238 2494 1308 τῆςὴμετέρας
2534 1240 2734 1310 ἀρετῆς
2769 1241 2863 1294 καὶ
2910 1240 3127 1309 σοφίας,
3161 1242 3281 1295 οὐδέ
3325 1242 3675 1313 βουλομένων

2095 1329 2304 1402 ἀνδρῶν
2332 1332 2522 1402 σχῆμα
2571 1333 2768 1397 σώζειν
2812 1332 2910 1386 καὶ
2952 1333 3108 1399 τάξιν
3137 1334 3246 1387 τῶν
3277 1335 3336 1385 ἐν
3364 1337 3483 1398 ταῖς
3512 1334 3676 1387 συνό-

2093 1423 2207 1487 δοις
2265 1425 2503 1484 ἐκείναις
2555 1425 2837 1495 Πατέρων,
2870 1424 2921 1478 οἳ
2974 1426 3115 1495 μετά
3155 1426 3253 1491 τῆς
3283 1426 3537 1495 ἀληθείας
3569 1428 3675 1480 xz!

2092 1517 2192 1586 τῆς
2235 1517 2369 1585 πρὸς
2414 1516 2677 1585 ἀλλήλους
2733 1518 2957 1587 ἀγάπης
2990 1518 3164 1570 πάντα
3198 1517 3487 1587 ἐξήτασαν.
3540 1517 3672 1571 Οὐδ’

2094 1608 2235 1677 ὐπὲρ
2261 1607 2369 1660 τῶν
2394 1607 2662 1678 τυχόντων
2684 1610 2819 1679 ἡμῖν
2849 1611 2876 1661 ὁ
2904 1608 3078 1677 ἀγὼν,
3102 1608 3218 1662 ἀλλ’
3243 1608 3381 1679 ὑπὲρ
3403 1610 3502 1677 τῆς
3526 1609 3669 1679 ἀλη-

2093 1699 2245 1764 θείας
2276 1701 2376 1770 τῆς
2408 1702 2668 1764 πίστεως,
2700 1701 2819 1771 μεθ’
2846 1698 2913 1773 ἦς
2956 1702 3021 1768 δὴ
3057 1701 3349 1771 ἐλπίζομεν
3392 1698 3669 1766 σώζεσθαι

2092 1793 2188 1845 καὶ
2218 1794 2352 1864 πρὸς
2380 1796 2446 1864 ἢν
2476 1794 2684 1847 ἐθέλειν
2713 1793 3059 1862 φιλονεικεῖν,
3086 1794 3186 1847 οὐκ
3225 1794 3449 1864 αἰσχρὸν
3476 1794 3664 1863 μόνον,

2092 1882 2228 1936 ἀλλά
2257 1884 2352 1937 καὶ
2389 1883 2638 1937 κινδύνου
2690 1882 2859 1951 γέμον
2907 1883 3191 1952 μεγίστου.
3241 1881 3378 1936 Οὐτε
3418 1883 3525 1951 γάρ
3560 1885 3666 1950 ἀρ-

2092 1978 2358 2046 νήσασθαι
2381 1979 2505 2042 τούς
2533 1977 2884 2039 διδασκάλους
2904 1977 3137 2043 ἔξεστιν,
3160 1970 3242 2039 οἷς
3272 1977 3365 2028 καὶ
3397 1976 3665 2044 πρέσϐεσι

2098 2072 2236 2140 πρὸς
2262 2071 2394 2125 Θεὸν
2433 2073 2572 2142 ὑπὲρ
2602 2073 2710 2126 τῶν
2754 2074 3039 2144 ἡμετέρων
3075 2072 3494 2143 ἁμαρτημάτων
3540 2071 3667 2122 eid:-

2097 2164 2271 2234 θαμεν
2317 2164 2578 2234 χρῆσθαι,
2613 2166 2707 2219 καὶ
2749 2163 2833 2229 οἷς
2874 2167 2935 2218 τὸ
2970 2165 3148 2219 κοινὸν
3175 2169 3274 2233 τῆς
3331 2161 3664 2232 Ἐκκλησίας

2098 2257 2363 2326 μεγίστας
2395 2256 2502 2310 τῶν
2541 2255 2682 2327 ὑπὲρ
2704 2258 2805 2326 τῆς
2853 2258 3112 2324 ἀληθείας
3148 2256 3375 2323 ἀγώνων
3428 2255 3519 2307 καὶ
3550 2254 3663 2307 τῶν

2094 2348 2151 2400 ἐν
2173 2347 2248 2417 τῷ
2268 2346 2542 2401 διδάσκειν
2572 2348 2751 2403 πόνων
2798 2350 3062 2418 ἀπένειμε
3107 2348 3335 2418 χάριτας
3377 2346 3505 2401 ἀνευ
3555 2346 3662 2415 τῆς

2093 2437 2259 2507 ἄλλης
2310 2437 2651 2506 ἁγιωσύνης,
2706 2432 2776 2510 ἧς
2831 2440 2995 2493 ἕνεκα
3043 2436 3161 2501 ταῖς
3205 2438 3486 2507 δευτέραις
3519 2439 3664 2509 μετά

2094 2528 2225 2583 Θεὸν
2248 2529 2450 2594 αὐτοὺς
2480 2532 2728 2602 τιμῶμεν
2753 2533 2961 2603 τιμαῖς·
2991 2531 3108 2584 οὐτ’
3153 2532 3387 2603 ἐροῦμεν
3434 2533 3663 2601 ἀντιφά-

2095 2638 2247 2675 σκειν
2267 2622 2393 2686 τούς
2426 2622 2787 2686 διδασκάλους
2817 2622 3071 2693 ἀλλήλοις
3093 2639 3107 2655 ·
3134 2622 3294 2677 τοῦτο
3327 2625 3434 2694 γὰρ
3474 2625 3551 2677 πά
3563 2642 3658 2677 vta

2094 2713 2349 2783 συγχέειν
2397 2713 2540 2779 ἐστὶ,
2592 2713 2689 2766 καὶ
2716 2712 2814 2784 τὴν
2844 2714 3028 2767 πίστιν
3086 2711 3267 2769 πᾶσαν
3342 2715 3656 2785 ἀρνεῖσθαι.

2092 2804 2167 2857 Τὸ
2193 2804 2252 2859 δέ
2281 2806 2547 2871 Λατίνους
2593 2807 2903 2877 διαφθεῖραι
2939 2806 3268 2878 βουληθῆναι
3311 2808 3409 2869 τὴν
3450 2811 3665 2876 πίστιν,

2093 2895 2189 2949 καὶ
2204 2894 2305 2966 τὴν
2326 2895 2435 2949 τῶν
2457 2895 2791 2952 διδασκάλων
2815 2897 3068 2953 ἀπάντων
3086 2897 3340 2951 νοθεύσαι
3358 2897 3661 2969 θεολογίαν,

2093 2987 2178 3053 τίς
2206 2985 2382 3053 οὕτως
2412 2986 2617 3053 ἁπλοῦς
2648 2989 2767 3043 ἐστι
2790 2988 2931 3044 ὥστε
2964 2990 3287 3058 mutabant;
3322 2992 3355 3062 ἢ
3386 2992 3471 3056 τίς
3499 2992 3665 3047 τοῦτο

2093 3080 2237 3135 κατά
2257 3082 2506 3137 Λατίνων
2532 3080 2704 3135 είπὼν
2726 3082 2849 3153 οὐχὶ
2875 3084 2971 3137 καὶ
3010 3083 3220 3153 γέλωτα
3247 3087 3620 3157 προσοφλήσει
3642 3106 3660 3155 ;

2093 3177 2322 3248 οὐδεμία
2350 3177 2460 3250 γὰρ
2488 3177 2724 3250 ταυτηεὴ⁵
2743 3180 2843 3250 τῆς
2873 3179 3211 3252 κατηγορίας
3236 3183 3449 3238 πλείοσί
3475 3201 3537 3238 τι
3564 3185 3663 3241 καὶ

2097 3270 2308 3341 μείζοσι
2370 3270 2468 3325 καὶ
2519 3271 2903 3357 ἀληθεστέρως
2971 3272 3039 3327 ἀν
3109 3274 3391 3345 ἐλέγχοιτο
3442 3276 3659 3345 λόγοις.

412 3351 514 3391 nos
549 3343 900 3405 apparentem
936 3337 1222 3391 doctorum
1286 3334 1685 3391 dissensionem
1717 3352 1735 3403 ;
1800 3352 1982 3393 verum

2097 3334 2266 3416 ἶΔλλά
2294 3361 2393 3431 τὴν
2424 3334 2762 3433 φαινομένην
2790 3334 3228 3434 ’προϐαλλόμεθα
3242 3334 3377 3419 ’.τῶν
3404 3334 3662 3423 διδάσκά-

414 3428 492 3482 iili
532 3441 650 3482 eam
682 3427 831 3482 nullo
858 3427 1076 3498 negotio
1118 3426 1441 3493 dissolvent,
1499 3428 1611 3482 imo
1645 3431 1813 3483 etiam
1868 3432 1983 3500 jam

411 3519 799 3575 dissolverunt.
839 3518 946 3574 Sed
972 3533 1149 3588 neque
1182 3518 1441 3575 decorum
1477 3520 1711 3590 amplius
1739 3531 1824 3577 est
1870 3522 1987 3578 haec

410 3623 438 3661 a
468 3607 678 3664 Latinis
709 3623 975 3679 querere;
1008 3623 1302 3678 possumus
1326 3609 1473 3664 enim
1504 3618 1559 3664 et
1595 3625 1694 3665 nos
1717 3610 1822 3681 ipsi
1855 3627 1986 3667 con-

410 3701 598 3756 ciliare
619 3701 763 3756 inter
795 3716 855 3757 se
905 3700 1179 3757 doctores.
1224 3700 1335 3771 Ego
1392 3715 1517 3755 cum
1569 3702 1671 3756 sim
1732 3712 1976 3758 vestrum

411 3794 657 3848 oumium
692 3792 974 3856 minimus,
1010 3791 1102 3847 ubi
1167 3791 1219 3847 id
1279 3792 1704 3861 mandaveritis,
1758 3804 1982 3865 paratus

412 3902 528 3940 sum
559 3886 665 3940 hoc
715 3893 979 3956 praestare
1026 3892 1081 3939 et
1143 3883 1392 3952 privatim
1439 3894 1496 3940 et
1524 3886 1758 3955 publice,
1816 3895 1981 3958 atque

407 3977 663 4031 omnibus
689 3977 979 4032 ostendere
1034 3975 1376 4045 apertissime
1419 3977 1672 4033 doctores
1721 3977 1978 4035 Ecclesiae

405 4072 457 4124 it
485 4070 801 4125 universum
836 4070 904 4124 de
951 4071 1242 4139 praeposita
1298 4068 1521 4123 materia
1557 4068 1699 4123 idem
1750 4071 1972 4127 sentire.

403 4164 516 4218 lloc
551 4172 730 4218 autem
764 4178 871 4217 non
899 4163 1087 4218 multis
1131 4162 1417 4217 ostendam
1460 4162 1828 4227 sermonibus,
1878 4166 1975 4221 sed

402 4255 538 4310 satis
596 4254 697 4308 erit
760 4255 986 4308 duarum
1043 4256 1280 4324 spatium
1321 4255 1578 4308 horarum
1621 4254 1689 4309 ad
1752 4272 1976 4325 persua-

401 4347 636 4401 dentium
664 4347 820 4403 vobis
859 4346 1115 4401 omnibus
1164 4360 1506 4415 nequaquam
1559 4347 1812 4403 dubitare
1853 4364 1974 4402 am-

401 4441 542 4509 plius
574 4441 640 4493 de
669 4440 1036 4493 consensione
1071 4439 1379 4504 doctorum,
1414 4450 1473 4493 ut
1534 4454 1630 4493 nec
1686 4454 1781 4494 vos
1835 4439 1974 4496 ultra

404 4529 667 4589 habeatis,
702 4544 801 4584 nec
831 4526 1036 4583 Latinis
1068 4530 1343 4595 negotium
1403 4530 1726 4594 exhibeatis,
1783 4531 1971 4585 harum

401 4620 758 4686 inquisitione
817 4633 996 4671 rerqu
1059 4619 1352 4672 commissa
1415 4622 1623 4690 synodo
1676 4622 1969 4677 communi.

402 4709 509 4763 Sed
548 4724 722 4776 neque
747 4710 791 4764 si
829 4718 1042 4774 tempus
1070 4709 1231 4763 etiam
1286 4710 1485 4763 frustra
1512 4721 1795 4766 conterere
1844 4713 1974 4769 lice-
2005 4700 2051 4760 θ

400 4809 505 4863 ret,
528 4798 692 4852 veluti
741 4800 1058 4854 sedentibus
1117 4801 1168 4853 in
1211 4801 1345 4862 otio,
1401 4801 1658 4871 nullaque
1695 4806 1971 4873 oppressis

400 4894 728 4946 necessitate
756 4892 821 4945 ad
855 4892 1202 4961 cogitandum
1246 4893 1314 4947 de
1364 4892 1567 4957 reditu,
1601 4905 1876 4961 oporteret
1905 4897 1972 4953 de

402 4988 565 5039 rebus
595 4983 795 5037 divinis
827 4983 1016 5037 inanes
1059 4982 1286 5037 fundere
1326 4997 1628 5051 sermones,
1661 4993 1714 5039 et
1763 4985 1970 5042 instan-

401 5076 506 5130 tias
535 5073 922 5145 disputationis
952 5089 1081 5143 ergo
1104 5073 1319 5139 aﬂ‘erre,
1348 5075 1743 5144 victoriamque
1790 5080 1967 5135 solum

401 5178 670 5239 spretam,
705 5183 768 5221 ac
805 5166 971 5220 multa
1003 5167 1278 5231 dicere,’iu
1306 5168 1504 5236 quibus
1550 5171 1713 5225 etiam
1749 5187 1845 5239 par
1886 5181 1969 5228 est

403 5254 610 5324 aliquid
638 5254 839 5307 erroris
871 5256 1133 5319 miscere;
1166 5254 1327 5324 idque
1382 5273 1486 5311 non
1524 5262 1752 5314 multum
1786 5262 1969 5315 valen-

406 5347 548 5401 tibus
573 5348 904 5401 contendere
960 5360 1082 5400 cutu
1115 5344 1323 5399 Latinis
1377 5347 1691 5420 theologica:
1730 5366 1795 5406 ac
1846 5353 1970 5421 phi-

404 5439 694 5507 losophica:
754 5437 1028 5492 facultatis
1080 5438 1309 5503 noxitia;
1377 5440 1573 5495 infelici
1644 5458 1823 5497 rerum
1878 5460 1973 5498 no-

403 5542 637 5584 strarum
673 5542 816 5585 statu
851 5532 920 5583 ita
951 5531 1182 5595 ferente,
1246 5540 1464 5599 pr0pter
1493 5549 1654 5601 quem
1716 5536 1805 5604 qui
1859 5537 1972 5605 pri-

404 5630 720 5675 tnasteucut
759 5624 898 5675 inter
929 5639 1048 5688 nus,
1099 5623 1169 5674 ita
1234 5622 1560 5692 theologiam
1623 5640 1685 5677 ac
1735 5627 1976 5695 philoso-

399 5713 582 5781 phiam
608 5713 900 5783 attingunt,
931 5724 987 5768 ut
1035 5731 1139 5770 nou
1173 5715 1395 5771 omnino
1443 5716 1696 5773 ineruditi
1760 5720 1976 5776 ridean-

2083 3455 2193 3509 λων
2240 3455 2587 3525 διαφωνίαν.
2639 3456 2882 3511 Λύσουσι
2913 3458 3094 3513 τοίνυν
3147 3459 3317 3531 αὐτὴν
3360 3462 3454 3516 καὶ
3508 3462 3663 3530 μάλα

2083 3547 2322 3610 εὐκόλως
2351 3561 2365 3576 ·
2402 3546 2604 3616 μᾶλλον
2652 3547 2711 3601 δὲ
2739 3549 2835 3603 καὶ
2869 3549 2971 3620 ἤδη
3023 3550 3335 3607 λελύκασιν.
3366 3552 3508 3607 Ἀλλ’
3542 3555 3660 3609 οὐδ’

2083 3639 2360 3708 εὐπρεπές
2386 3642 2502 3694 ἐστι
2526 3640 2714 3696 λοιπὸν
2749 3642 2904 3714 παρὰ
2928 3642 3174 3698 Λατίνων
3202 3645 3271 3699 τά
3312 3646 3537 3700 τοιαῦτα
3566 3647 3662 3715 ζη-

2081 3731 2195 3782 τεῖν
2221 3743 2237 3761 ·
2270 3734 2363 3782 καὶ
2395 3730 2559 3800 ἡμεῖς
2610 3728 2722 3801 γὰρ
2776 3733 2909 3801 παρ’
2949 3732 3166 3797 ἑαυτοῖς
3220 3734 3499 3805 δυνάμεθα
3528 3737 3663 3802 τούς

2081 3817 2439 3881 διδασκάλους
2470 3818 2781 3874 συνάπτειν.
2812 3817 2955 3888 Ἐγὼ
3012 3821 3231 3876 πάντων
3278 3824 3434 3894 ὑμῶν
3468 3825 3659 3896 ἐλάχι-

2083 3922 2205 3969 στος
2238 3904 2333 3969 ὣν,
2358 3905 2557 3960 ὁπόταν
2582 3906 2897 3979 κελεύσητε,
2921 3908 3069 3964 τοῦθ’
3097 3910 3316 3980 ἕτοιμός
3336 3913 3454 3982 είμι
3479 3917 3661 3984 πράτ-

2078 4015 2195 4050 τειν
2226 3998 2321 4052 καὶ
2355 3997 2459 4069 ίδίᾳ
2493 4000 2583 4050 καί
2616 3997 2873 4071 δημοσίᾳ,
2921 4003 3017 4055 κοιλ⁵
3047 4002 3217 4070 δεῖξαι
3259 4006 3428 4059 πᾶσιν
3455 4006 3662 4061 οὑτωσὶ

2078 4088 2353 4159 φανερῶς,
2379 4089 2462 4143 ὅτι
2509 4090 2600 4143 διά
2648 4091 2867 4145 πάντων
2912 4093 2963 4145 οῖ
2994 4091 3095 4164 τῆς
3141 4095 3468 4168 Ἐκκλησίας
3501 4099 3655 4154 διδά-

2080 4179 2268 4232 σκαλοι
2288 4180 2385 4248 τὴν
2416 4179 2586 4250 αὐτὴν
2610 4181 2869 4251 περὶτῶν
2896 4185 3274 4253 προκειμένων
3302 4187 3480 4257 ἔχουσι
3508 4191 3655 4256 γνώ-

2081 4287 2209 4341 μην·
2248 4270 2533 4325 καὶτοῦτο
2588 4273 2688 4328 οὐκ
2746 4275 2801 4327 ἐν
2850 4275 3031 4343 λόγοις
3066 4276 3225 4342 δείξω
3264 4279 3498 4344 πολλοῖς,
3529 4282 3655 4335 ἀλλ’

2076 4363 2404 4434 ἀρκέσουσιν
2425 4358 2565 4434 ὧραι
2596 4366 2712 4430 δύο,
2750 4365 2891 4420 ὥστε
2925 4370 3112 4422 πείσαι
3144 4370 3351 4435 πάντας
3370 4374 3511 4442 ὑμᾶς
3542 4392 3653 4443 μη-

2076 4456 2194 4509 κέτι
2212 4459 2340 4526 περὶ
2353 4458 2452 4528 τῆς
2468 4458 2574 4510 τῶν
2591 4459 2934 4514 διδασκάλων
2954 4464 3279 4531 συμφωνίας
3299 4465 3591 4534 ἀμφιγνοεῖ
3605 4482 3650 4516 ι·

2081 4546 2219 4617 μηδέ
2251 4550 2557 4618 πράγματα
2582 4550 2771 4603 λοιπὸν
2805 4551 2999 4616 αὐτούς
3023 4571 3081 4606 τε
3108 4555 3253 4624 ἔχειν
3278 4556 3373 4609 καὶ
3398 4558 3653 4621 Λατίνοις

2078 4638 2368 4708 παρέχειν,
2403 4643 2560 4711 κοινῇ
2594 4642 2799 4712 συνόδῳ
2822 4643 2920 4714 τὴν
2951 4646 3082 4716 περὶ
3123 4647 3329 4699 τούτων
3367 4649 3652 4701 ἀνατιθέν.

2075 4745 2173 4791 τας
2199 4730 2471 4793 ἐξέτασιν.
2521 4732 2687 4785 ’Λλλά
2723 4733 2829 4803 μὴν
2878 4735 2988 4787 οὐδ’
3042 4737 3092 4788 εί
3133 4737 3344 4806 τρίϐειν
3382 4737 3508 4807 ἐξῆν
3554 4741 3649 4791 τὸν

2078 4820 2293 4890 καιρὸν,
2331 4822 2584 4893 καθάπερ
2617 4824 2708 4897 ἐπὶ
2740 4824 2937 4894 σχολῆς
2968 4825 3339 4896 καθημένους,
3374 4833 3466 4881 καὶ
3510 4832 3649 4899 πρὸς

2073 4910 2172 4981 τὴν
2206 4910 2466 4966 ἐπάνοδον
2492 4915 2752 4985 οὐδεμίαν
2787 4918 3033 4986 ἀνάγκην
3082 4920 3327 4989 ἔχοντας,
3378 4921 3483 4973 ἔδει
3519 4926 3649 4989 περὶ

2073 5002 2183 5055 τῶν
2218 5002 2377 5056 θείων
2403 5009 2749 5075 πραγμάτων
2782 5010 2914 5062 κενά
2944 5010 3038 5062 καὶ
3070 5010 3276 5080 μάταια
3316 5012 3519 5079 λέγειν,
3552 5014 3648 5064 καὶ

2075 5093 2212 5163 πρὸς
2238 5092 2328 5145 τὸν
2348 5093 2453 5158 ἔξω
2478 5096 2635 5163 λόγον
2673 5096 3015 5161 ἐνίστασθαι,
3038 5080 3130 5152 καὶ
3169 5100 3265 5170 τὴν
3294 5100 3452 5170 νίκην
3478 5103 3649 5168 μόνην

2076 5188 2321 5247 σκοπεῖν,
2352 5189 2446 5238 καὶ
2482 5187 2653 5239 πολλὰ
2681 5190 2882 5256 λέγειν,
2919 5190 2978 5241 ἐν
3000 5186 3081 5253 οἷς
3102 5191 3247 5254 είκὸς
3268 5207 3319 5243 τι
3352 5192 3444 5243 καὶ
3464 5192 3648 5260 ἀμαρ-

2071 5276 2273 5328 τάνειν·
2303 5278 2398 5330 καὶ
2432 5279 2603 5332 ταῦτα
2636 5281 2764 5348 περὶ
2787 5281 3067 5351 θεολογίας
3097 5299 3153 5335 τε
3189 5285 3281 5335 καὶ
3329 5282 3647 5353 φιλοσοφίας

2072 5368 2131 5418 οὐ
2168 5367 2377 5436 σφόδρα
2410 5368 2739 5435 δυναμένους
2793 5372 3128 5440 ἁμιλλᾶσθαι
3159 5373 3412 5437 Λατίνοις
3441 5390 3455 5404 ·
3488 5373 3653 5427 τοῦτο

2072 5458 2171 5524 τῆς
2198 5458 2254 5508 ὲν
2280 5460 2411 5524 ημῖν
2442 5459 2735 5529 δυστυχίας
2753 5462 2863 5515 τῶν
2891 5465 3233 5534 πραγμάτων
3256 5466 3649 5535 πεποιηκυίας,

2072 5544 2136 5595 δι’
2159 5546 2224 5615 ἣν
2259 5546 2305 5597 οἱ
2338 5547 2467 5616 παρ’
2493 5549 2626 5616 ἡμῖν
2655 5540 2815 5621 ἄκρᾝι
2849 5556 3102 5607 τοσοῦτον
3135 5554 3417 5624 θεολογίας
3440 5572 3500 5608 τε
3551 5558 3652 5608 καὶ

2075 5636 2392 5706 φιλοσοφίας
2425 5639 2712 5704 ἅπτονται,
2738 5642 2880 5696 ὥστε
2936 5647 3099 5714 μόνον
3147 5646 3222 5718 μὴ
3268 5647 3447 5701 δοκεῖν
3470 5646 3652 5700 καθά-

2078 5726 2186 5790 παξ
2218 5728 2555 5796 ἀπαίδευτοι,
2621 5733 3011 5790 ἐκλελοιπότων
3065 5739 3163 5808 μὲν
3216 5736 3650 5808 παιδευτηρίων,
