  <div class='ocr_page' id='page_1' title='image "/cluster/home/n/w/nwhite01/storage/ocr_20150623/160/hvd.32044073502692/204.png"; bbox 0 0 3948 6186; ppageno 0'>
   <div class='ocr_carea' id='block_1_1' title="bbox 348 302 462 372">
    <p class='ocr_par' dir='ltr' id='par_1_1' title="bbox 348 302 462 372">
     <span class='ocr_line' id='line_1_1' title="bbox 348 302 462 372; baseline -0.053 1"><span class='ocrx_word' id='word_1_1' title='bbox 348 302 462 372; x_wconf 76' lang='lat'><strong>393</strong></span> 
     </span>
    </p>
   </div>
   <div class='ocr_carea' id='block_1_2' title="bbox 1437 284 2506 354">
    <p class='ocr_par' dir='ltr' id='par_1_2' title="bbox 1437 284 2506 354">
     <span class='ocr_line' id='line_1_2' title="bbox 1437 284 2506 354; baseline -0.005 -2"><span class='ocrx_word' id='word_1_2' title='bbox 1437 285 1933 354; x_wconf 77' lang='lat' dir='ltr'><strong>ADHORTATlO</strong></span> <span class='ocrx_word' id='word_1_3' title='bbox 1979 285 2075 343; x_wconf 79' lang='lat' dir='ltr'><strong>AD</strong></span> <span class='ocrx_word' id='word_1_4' title='bbox 2113 284 2506 347; x_wconf 71' lang='lat' dir='ltr'><strong>SYNOLUM.</strong></span> 
     </span>
    </p>
   </div>
   <div class='ocr_carea' id='block_1_3' title="bbox 3473 276 3578 341">
    <p class='ocr_par' dir='ltr' id='par_1_3' title="bbox 3473 276 3578 341">
     <span class='ocr_line' id='line_1_3' title="bbox 3473 276 3578 341; baseline -0.038 0"><span class='ocrx_word' id='word_1_5' title='bbox 3473 276 3578 341; x_wconf 66' lang='grc' dir='ltr'><strong>τοι</strong></span> 
     </span>
    </p>
   </div>
   <div class='ocr_carea' id='block_1_4' title="bbox 349 389 1933 483">
    <p class='ocr_par' dir='ltr' id='par_1_4' title="bbox 349 401 1912 483">
     <span class='ocr_line' id='line_1_4' title="bbox 349 401 1912 483; baseline -0.011 -13"><span class='ocrx_word' id='word_1_6' title='bbox 349 412 670 483; x_wconf 81' lang='grc' dir='ltr'><strong>σϐεσθείσης</strong></span> <span class='ocrx_word' id='word_1_7' title='bbox 698 412 756 466; x_wconf 68' lang='grc' dir='ltr'><strong>δὲ</strong></span> <span class='ocrx_word' id='word_1_8' title='bbox 784 412 882 481; x_wconf 82' lang='grc' dir='ltr'><strong>τῆς</strong></span> <span class='ocrx_word' id='word_1_9' title='bbox 904 411 1032 481; x_wconf 70' lang='grc' dir='ltr'><strong>περὶ</strong></span> <span class='ocrx_word' id='word_1_10' title='bbox 1063 409 1363 480; x_wconf 74' lang='grc' dir='ltr'><strong>μαθήματα</strong></span> <span class='ocrx_word' id='word_1_11' title='bbox 1394 408 1485 462; x_wconf 71' lang='grc' dir='ltr'><strong>καὶ</strong></span> <span class='ocrx_word' id='word_1_12' title='bbox 1517 408 1706 476; x_wconf 90' lang='grc' dir='ltr'><strong>λόγους</strong></span> <span class='ocrx_word' id='word_1_13' title='bbox 1764 401 1912 470; x_wconf 72' lang='grc' dir='ltr'><strong>φιλο-</strong></span> 
     </span>
    </p>
   </div>
   <div class='ocr_carea' id='block_1_5' title="bbox 2039 389 3579 483">
    <p class='ocr_par' dir='ltr' id='par_1_5' title="bbox 2039 389 3579 470">
     <span class='ocr_line' id='line_1_5' title="bbox 2039 389 3579 470; baseline -0.001 -22"><span class='ocrx_word' id='word_1_14' title='bbox 2039 412 2269 461; x_wconf 74' lang='lat' dir='ltr'><strong>,ur;non</strong></span> <span class='ocrx_word' id='word_1_15' title='bbox 2295 398 2508 470; x_wconf 72' lang='lat' dir='ltr'><strong>rigente</strong></span> <span class='ocrx_word' id='word_1_16' title='bbox 2551 397 2664 463; x_wconf 83' lang='lat' dir='ltr'><strong>jam</strong></span> <span class='ocrx_word' id='word_1_17' title='bbox 2717 395 3031 452; x_wconf 75' lang='lat' dir='ltr'><strong>scholarum</strong></span> <span class='ocrx_word' id='word_1_18' title='bbox 3063 407 3165 449; x_wconf 87' lang='lat' dir='ltr'><strong>usu</strong></span> <span class='ocrx_word' id='word_1_19' title='bbox 3219 389 3579 462; x_wconf 83' lang='lat' dir='ltr'><strong>publicarum,</strong></span> 
     </span>
    </p>
   </div>
   <div class='ocr_carea' id='block_1_6' title="bbox 346 494 1914 581">
    <p class='ocr_par' dir='ltr' id='par_1_6' title="bbox 346 494 1914 581">
     <span class='ocr_line' id='line_1_6' title="bbox 346 494 1914 581; baseline -0.01 -17"><span class='ocrx_word' id='word_1_20' title='bbox 346 508 557 581; x_wconf 88' lang='grc' dir='ltr'><strong>τιμίας,</strong></span> <span class='ocrx_word' id='word_1_21' title='bbox 588 495 683 560; x_wconf 79' lang='grc' dir='ltr'><strong>καὶ</strong></span> <span class='ocrx_word' id='word_1_22' title='bbox 714 505 929 559; x_wconf 78' lang='grc' dir='ltr'><strong>πάντων</strong></span> <span class='ocrx_word' id='word_1_23' title='bbox 957 506 1055 572; x_wconf 76' lang='grc' dir='ltr'><strong>τῆς</strong></span> <span class='ocrx_word' id='word_1_24' title='bbox 1079 504 1268 573; x_wconf 82' lang='grc' dir='ltr'><strong>χρείας</strong></span> <span class='ocrx_word' id='word_1_25' title='bbox 1302 501 1468 572; x_wconf 88' lang='grc' dir='ltr'><strong>μόνης</strong></span> <span class='ocrx_word' id='word_1_26' title='bbox 1493 501 1587 554; x_wconf 72' lang='grc' dir='ltr'><strong>καὶ</strong></span> <span class='ocrx_word' id='word_1_27' title='bbox 1615 501 1715 568; x_wconf 81' lang='grc' dir='ltr'><strong>τῆς</strong></span> <span class='ocrx_word' id='word_1_28' title='bbox 1743 494 1914 563; x_wconf 79' lang='grc' dir='ltr'><strong>ἀνάγο</strong></span> 
     </span>
    </p>
   </div>
   <div class='ocr_carea' id='block_1_7' title="bbox 350 587 1913 670">
    <p class='ocr_par' dir='ltr' id='par_1_7' title="bbox 350 587 1913 670">
     <span class='ocr_line' id='line_1_7' title="bbox 350 587 1913 670; baseline -0.01 -17"><span class='ocrx_word' id='word_1_29' title='bbox 350 617 456 670; x_wconf 87' lang='grc' dir='ltr'><strong>κης</strong></span> <span class='ocrx_word' id='word_1_30' title='bbox 483 596 891 668; x_wconf 74' lang='grc' dir='ltr'><strong>γεγενημένων.</strong></span> <span class='ocrx_word' id='word_1_31' title='bbox 925 595 1239 664; x_wconf 76' lang='grc' dir='ltr'><strong>Πέπεισμαι</strong></span> <span class='ocrx_word' id='word_1_32' title='bbox 1269 593 1325 646; x_wconf 74' lang='grc' dir='ltr'><strong>δὲ</strong></span> <span class='ocrx_word' id='word_1_33' title='bbox 1360 591 1493 662; x_wconf 69' lang='grc' dir='ltr'><strong>μηδὲ</strong></span> <span class='ocrx_word' id='word_1_34' title='bbox 1522 590 1601 660; x_wconf 81' lang='grc' dir='ltr'><strong>τῷ</strong></span> <span class='ocrx_word' id='word_1_35' title='bbox 1630 587 1913 658; x_wconf 85' lang='grc' dir='ltr'><strong>Πνεύματι</strong></span> 
     </span>
    </p>
   </div>
   <div class='ocr_carea' id='block_1_8' title="bbox 353 680 1917 762">
    <p class='ocr_par' dir='ltr' id='par_1_8' title="bbox 353 680 1917 762">
     <span class='ocr_line' id='line_1_8' title="bbox 353 680 1917 762; baseline -0.01 -17"><span class='ocrx_word' id='word_1_36' title='bbox 353 691 563 762; x_wconf 69' lang='grc' dir='ltr'><strong>σφόδρα</strong></span> <span class='ocrx_word' id='word_1_37' title='bbox 585 690 806 757; x_wconf 79' lang='grc' dir='ltr'><strong>ἀρίσειν</strong></span> <span class='ocrx_word' id='word_1_38' title='bbox 840 688 939 753; x_wconf 74' lang='grc' dir='ltr'><strong>τὴν</strong></span> <span class='ocrx_word' id='word_1_39' title='bbox 968 687 1237 756; x_wconf 73' lang='grc' dir='ltr'><strong>τοσαύτην</strong></span> <span class='ocrx_word' id='word_1_40' title='bbox 1262 683 1599 752; x_wconf 79' lang='grc' dir='ltr'><strong>ἀδολεσχίαν,</strong></span> <span class='ocrx_word' id='word_1_41' title='bbox 1639 680 1775 734; x_wconf 78' lang='grc' dir='ltr'><strong>ἀλλὰ</strong></span> <span class='ocrx_word' id='word_1_42' title='bbox 1799 694 1917 731; x_wconf 85' lang='grc' dir='ltr'><strong>πει-</strong></span> 
     </span>
    </p>
   </div>
   <div class='ocr_carea' id='block_1_9' title="bbox 354 769 1915 855">
    <p class='ocr_par' dir='ltr' id='par_1_9' title="bbox 354 769 1915 855">
     <span class='ocr_line' id='line_1_9' title="bbox 354 769 1915 855; baseline -0.01 -18"><span class='ocrx_word' id='word_1_43' title='bbox 354 782 555 855; x_wconf 75' lang='grc' dir='ltr'><strong>ραστὰς</strong></span> <span class='ocrx_word' id='word_1_44' title='bbox 583 782 728 851; x_wconf 74' lang='grc' dir='ltr'><strong>ἡμᾶς</strong></span> <span class='ocrx_word' id='word_1_45' title='bbox 759 778 924 833; x_wconf 81' lang='grc' dir='ltr'><strong>αὐτοῦ</strong></span> <span class='ocrx_word' id='word_1_46' title='bbox 948 780 1178 847; x_wconf 82' lang='grc' dir='ltr'><strong>νομιεῖν,</strong></span> <span class='ocrx_word' id='word_1_47' title='bbox 1214 779 1263 830; x_wconf 84' lang='grc' dir='ltr'><strong>εἰ</strong></span> <span class='ocrx_word' id='word_1_48' title='bbox 1305 774 1550 829; x_wconf 82' lang='grc' dir='ltr'><strong>τοσαῦτα</strong></span> <span class='ocrx_word' id='word_1_49' title='bbox 1589 772 1689 842; x_wconf 70' lang='grc' dir='ltr'><strong>μὶν</strong></span> <span class='ocrx_word' id='word_1_50' title='bbox 1718 773 1784 824; x_wconf 79' lang='grc' dir='ltr'><strong>ὲκ</strong></span> <span class='ocrx_word' id='word_1_51' title='bbox 1813 769 1915 837; x_wconf 79' lang='grc' dir='ltr'><strong>τῆς</strong></span> 
     </span>
    </p>
   </div>
   <div class='ocr_carea' id='block_1_10' title="bbox 352 861 1915 942">
    <p class='ocr_par' dir='ltr' id='par_1_10' title="bbox 352 861 1915 942">
     <span class='ocr_line' id='line_1_10' title="bbox 352 861 1915 942; baseline -0.012 -13"><span class='ocrx_word' id='word_1_52' title='bbox 352 876 504 936; x_wconf 85' lang='grc' dir='ltr'><strong>θείας</strong></span> <span class='ocrx_word' id='word_1_53' title='bbox 532 872 778 942; x_wconf 78' lang='grc' dir='ltr'><strong>Γραφῆς,</strong></span> <span class='ocrx_word' id='word_1_54' title='bbox 804 870 1042 923; x_wconf 83' lang='grc' dir='ltr'><strong>τοσαῦτα</strong></span> <span class='ocrx_word' id='word_1_55' title='bbox 1084 869 1185 936; x_wconf 72' lang='grc' dir='ltr'><strong>μὲν</strong></span> <span class='ocrx_word' id='word_1_56' title='bbox 1214 869 1280 921; x_wconf 64' lang='grc' dir='ltr'><strong>ὲκ</strong></span> <span class='ocrx_word' id='word_1_57' title='bbox 1307 868 1407 937; x_wconf 86' lang='grc' dir='ltr'><strong>τῆς</strong></span> <span class='ocrx_word' id='word_1_58' title='bbox 1438 871 1551 920; x_wconf 80' lang='grc' dir='ltr'>τῶν</span> <span class='ocrx_word' id='word_1_59' title='bbox 1578 861 1915 918; x_wconf 71' lang='grc' dir='ltr'><strong>διδασκάλων</strong></span> 
     </span>
    </p>
   </div>
   <div class='ocr_carea' id='block_1_11' title="bbox 352 951 1914 1034">
    <p class='ocr_par' dir='ltr' id='par_1_11' title="bbox 352 951 1914 1034">
     <span class='ocr_line' id='line_1_11' title="bbox 352 951 1914 1034; baseline -0.011 -17"><span class='ocrx_word' id='word_1_60' title='bbox 352 963 674 1034; x_wconf 78' lang='grc' dir='ltr'><strong>συμφωνίας</strong></span> <span class='ocrx_word' id='word_1_61' title='bbox 698 960 911 1030; x_wconf 77' lang='grc' dir='ltr'><strong>ἔχοντες</strong></span> <span class='ocrx_word' id='word_1_62' title='bbox 938 957 1076 1027; x_wconf 80' lang='grc' dir='ltr'><strong>πρὸς</strong></span> <span class='ocrx_word' id='word_1_63' title='bbox 1098 957 1158 1010; x_wconf 70' lang='grc' dir='ltr'><strong>τὸ</strong></span> <span class='ocrx_word' id='word_1_64' title='bbox 1181 956 1542 1028; x_wconf 78' lang='grc' dir='ltr'><strong>προκείμενον</strong></span> <span class='ocrx_word' id='word_1_65' title='bbox 1562 951 1914 1022; x_wconf 79' lang='grc' dir='ltr'><strong>βοηθήματα,</strong></span> 
     </span>
    </p>
   </div>
   <div class='ocr_carea' id='block_1_12' title="bbox 352 1043 1908 1121">
    <p class='ocr_par' dir='ltr' id='par_1_12' title="bbox 352 1043 1908 1121">
     <span class='ocr_line' id='line_1_12' title="bbox 352 1043 1908 1121; baseline -0.01 -13"><span class='ocrx_word' id='word_1_66' title='bbox 352 1050 472 1108; x_wconf 75' lang='grc' dir='ltr'><strong>εἶτα</strong></span> <span class='ocrx_word' id='word_1_67' title='bbox 491 1051 868 1121; x_wconf 71' lang='grc' dir='ltr'><strong>καθεδούμεθα</strong></span> <span class='ocrx_word' id='word_1_68' title='bbox 895 1049 1102 1103; x_wconf 88' lang='grc' dir='ltr'><strong>τούτων</strong></span> <span class='ocrx_word' id='word_1_69' title='bbox 1155 1049 1372 1103; x_wconf 75' lang='grc' dir='ltr'><strong>πάντων</strong></span> <span class='ocrx_word' id='word_1_70' title='bbox 1417 1043 1908 1113; x_wconf 74' lang='grc' dir='ltr'><strong>καταφρονοῦντες,</strong></span> 
     </span>
    </p>
   </div>
   <div class='ocr_carea' id='block_1_13' title="bbox 356 1134 1917 1213">
    <p class='ocr_par' dir='ltr' id='par_1_13' title="bbox 356 1134 1917 1213">
     <span class='ocr_line' id='line_1_13' title="bbox 356 1134 1917 1213; baseline -0.011 -13"><span class='ocrx_word' id='word_1_71' title='bbox 356 1146 451 1200; x_wconf 73' lang='grc' dir='ltr'><strong>καὶ</strong></span> <span class='ocrx_word' id='word_1_72' title='bbox 467 1146 659 1213; x_wconf 79' lang='grc' dir='ltr'>λόγους</span> <span class='ocrx_word' id='word_1_73' title='bbox 686 1142 867 1208; x_wconf 85' lang='grc' dir='ltr'><strong>λόγοις</strong></span> <span class='ocrx_word' id='word_1_74' title='bbox 901 1139 1306 1210; x_wconf 73' lang='grc' dir='ltr'><strong>συμπλὲεομεν,</strong></span> <span class='ocrx_word' id='word_1_75' title='bbox 1326 1139 1359 1208; x_wconf 82' lang='grc' dir='ltr'>ἢ</span> <span class='ocrx_word' id='word_1_76' title='bbox 1379 1137 1691 1205; x_wconf 71' lang='grc' dir='ltr'><strong>νομίζοντες</strong></span> <span class='ocrx_word' id='word_1_77' title='bbox 1716 1134 1773 1185; x_wconf 79' lang='grc' dir='ltr'><strong>ὲν</strong></span> <span class='ocrx_word' id='word_1_78' title='bbox 1803 1134 1917 1193; x_wconf 90' lang='grc' dir='ltr'><strong>τοῖς</strong></span> 
     </span>
    </p>
   </div>
   <div class='ocr_carea' id='block_1_14' title="bbox 352 1226 1921 1306">
    <p class='ocr_par' dir='ltr' id='par_1_14' title="bbox 352 1226 1921 1306">
     <span class='ocr_line' id='line_1_14' title="bbox 352 1226 1921 1306; baseline -0.009 -17"><span class='ocrx_word' id='word_1_79' title='bbox 352 1235 643 1306; x_wconf 72' lang='grc' dir='ltr'><strong>ἡμετέροις</strong></span> <span class='ocrx_word' id='word_1_80' title='bbox 673 1234 853 1301; x_wconf 81' lang='grc' dir='ltr'><strong>λόγοις</strong></span> <span class='ocrx_word' id='word_1_81' title='bbox 886 1230 1108 1302; x_wconf 76' lang='grc' dir='ltr'><strong>ἄμεινόν</strong></span> <span class='ocrx_word' id='word_1_82' title='bbox 1136 1248 1189 1283; x_wconf 91' lang='grc' dir='ltr'><strong>τι</strong></span> <span class='ocrx_word' id='word_1_83' title='bbox 1217 1230 1318 1299; x_wconf 81' lang='grc' dir='ltr'><strong>τῆς</strong></span> <span class='ocrx_word' id='word_1_84' title='bbox 1348 1232 1411 1281; x_wconf 79' lang='grc' dir='ltr'><strong>ὲκ</strong></span> <span class='ocrx_word' id='word_1_85' title='bbox 1440 1229 1547 1282; x_wconf 88' lang='grc' dir='ltr'>τῶν</span> <span class='ocrx_word' id='word_1_86' title='bbox 1576 1226 1809 1296; x_wconf 78' lang='grc' dir='ltr'><strong>Γριιρῶν</strong></span> <span class='ocrx_word' id='word_1_87' title='bbox 1831 1239 1921 1293; x_wconf 79' lang='grc' dir='ltr'><strong>χο-</strong></span> 
     </span>
    </p>
   </div>
   <div class='ocr_carea' id='block_1_15' title="bbox 356 1316 1919 1397">
    <p class='ocr_par' dir='ltr' id='par_1_15' title="bbox 356 1316 1919 1397">
     <span class='ocr_line' id='line_1_15' title="bbox 356 1316 1919 1397; baseline -0.009 -19"><span class='ocrx_word' id='word_1_88' title='bbox 356 1326 552 1397; x_wconf 88' lang='grc' dir='ltr'><strong>ρηγίας</strong></span> <span class='ocrx_word' id='word_1_89' title='bbox 577 1326 853 1394; x_wconf 79' lang='grc' dir='ltr'><strong>εὑρήσειν,</strong></span> <span class='ocrx_word' id='word_1_90' title='bbox 881 1322 914 1393; x_wconf 80' lang='grc' dir='ltr'>ἢ</span> <span class='ocrx_word' id='word_1_91' title='bbox 959 1320 1248 1392; x_wconf 77' lang='grc' dir='ltr'><strong>ζητοῦντες</strong></span> <span class='ocrx_word' id='word_1_92' title='bbox 1280 1318 1428 1389; x_wconf 75' lang='grc' dir='ltr'><strong>παρὰ</strong></span> <span class='ocrx_word' id='word_1_93' title='bbox 1459 1316 1553 1370; x_wconf 88' lang='grc' dir='ltr'><strong>τοῦ</strong></span> <span class='ocrx_word' id='word_1_94' title='bbox 1603 1316 1919 1383; x_wconf 85' lang='grc' dir='ltr'><strong>Πνεύματος</strong></span> 
     </span>
    </p>
   </div>
   <div class='ocr_carea' id='block_1_16' title="bbox 355 1406 1921 1487">
    <p class='ocr_par' dir='ltr' id='par_1_16' title="bbox 355 1406 1921 1487">
     <span class='ocr_line' id='line_1_16' title="bbox 355 1406 1921 1487; baseline -0.008 -16"><span class='ocrx_word' id='word_1_95' title='bbox 355 1417 690 1487; x_wconf 75' lang='grc' dir='ltr'><strong>σαφέστερόν</strong></span> <span class='ocrx_word' id='word_1_96' title='bbox 715 1430 768 1467; x_wconf 89' lang='grc' dir='ltr'><strong>τι</strong></span> <span class='ocrx_word' id='word_1_97' title='bbox 794 1415 902 1467; x_wconf 90' lang='grc' dir='ltr'>τῶν</span> <span class='ocrx_word' id='word_1_98' title='bbox 931 1414 1023 1467; x_wconf 79' lang='grc' dir='ltr'><strong>ὑπ’</strong></span> <span class='ocrx_word' id='word_1_99' title='bbox 1058 1413 1223 1467; x_wconf 80' lang='grc' dir='ltr'><strong>αὑτοῦ</strong></span> <span class='ocrx_word' id='word_1_100' title='bbox 1251 1408 1520 1481; x_wconf 75' lang='grc' dir='ltr'>λαμπρῶς</span> <span class='ocrx_word' id='word_1_101' title='bbox 1554 1408 1755 1461; x_wconf 71' lang='grc' dir='ltr'><strong>οὑτωσὶ</strong></span> <span class='ocrx_word' id='word_1_102' title='bbox 1794 1406 1921 1459; x_wconf 83' lang='grc' dir='ltr'><strong>διω-</strong></span> 
     </span>
    </p>
   </div>
   <div class='ocr_carea' id='block_1_17' title="bbox 357 1496 1921 1577">
    <p class='ocr_par' dir='ltr' id='par_1_17' title="bbox 357 1496 1921 1577">
     <span class='ocr_line' id='line_1_17' title="bbox 357 1496 1921 1577; baseline -0.009 -15"><span class='ocrx_word' id='word_1_103' title='bbox 357 1509 631 1577; x_wconf 80' lang='grc' dir='ltr'><strong>ρισμένων</strong></span> <span class='ocrx_word' id='word_1_104' title='bbox 655 1507 863 1561; x_wconf 75' lang='grc' dir='ltr'><strong>λαϐεῖν.</strong></span> <span class='ocrx_word' id='word_1_105' title='bbox 909 1505 1050 1558; x_wconf 79' lang='grc' dir='ltr'><strong>Ὑπὸ</strong></span> <span class='ocrx_word' id='word_1_106' title='bbox 1080 1504 1285 1557; x_wconf 88' lang='grc' dir='ltr'><strong>τούτων</strong></span> <span class='ocrx_word' id='word_1_107' title='bbox 1307 1502 1417 1571; x_wconf 73' lang='grc' dir='ltr'><strong>γὰρ</strong></span> <span class='ocrx_word' id='word_1_108' title='bbox 1464 1499 1577 1552; x_wconf 88' lang='grc' dir='ltr'>τῶν</span> <span class='ocrx_word' id='word_1_109' title='bbox 1607 1498 1784 1565; x_wconf 88' lang='grc' dir='ltr'><strong>λόγων</strong></span> <span class='ocrx_word' id='word_1_110' title='bbox 1824 1496 1921 1549; x_wconf 74' lang='grc' dir='ltr'><strong>καὶ</strong></span> 
     </span>
    </p>
   </div>
   <div class='ocr_carea' id='block_1_18' title="bbox 353 1587 1919 1668">
    <p class='ocr_par' dir='ltr' id='par_1_18' title="bbox 353 1587 1919 1668">
     <span class='ocr_line' id='line_1_18' title="bbox 353 1587 1919 1668; baseline -0.01 -15"><span class='ocrx_word' id='word_1_111' title='bbox 353 1600 455 1668; x_wconf 75' lang='grc' dir='ltr'><strong>τῆς</strong></span> <span class='ocrx_word' id='word_1_112' title='bbox 484 1598 740 1664; x_wconf 77' lang='grc' dir='ltr'><strong>τοιαύτης</strong></span> <span class='ocrx_word' id='word_1_113' title='bbox 784 1595 907 1652; x_wconf 81' lang='grc' dir='ltr'><strong>ὀδοῦ</strong></span> <span class='ocrx_word' id='word_1_114' title='bbox 941 1593 1140 1663; x_wconf 80' lang='grc' dir='ltr'><strong>μᾶλλον</strong></span> <span class='ocrx_word' id='word_1_115' title='bbox 1162 1594 1306 1663; x_wconf 76' lang='grc' dir='ltr'><strong>ὑμᾶς</strong></span> <span class='ocrx_word' id='word_1_116' title='bbox 1334 1588 1450 1646; x_wconf 81' lang='grc' dir='ltr'><strong>οἶδα</strong></span> <span class='ocrx_word' id='word_1_117' title='bbox 1482 1592 1619 1660; x_wconf 68' lang='grc' dir='ltr'><strong>πρὸς</strong></span> <span class='ocrx_word' id='word_1_118' title='bbox 1649 1587 1919 1658; x_wconf 79' lang='grc' dir='ltr'><strong>διχόνοιάν</strong></span> 
     </span>
    </p>
   </div>
   <div class='ocr_carea' id='block_1_19' title="bbox 354 1676 1921 1757">
    <p class='ocr_par' dir='ltr' id='par_1_19' title="bbox 354 1676 1921 1757">
     <span class='ocr_line' id='line_1_19' title="bbox 354 1676 1921 1757; baseline -0.008 -15"><span class='ocrx_word' id='word_1_119' title='bbox 354 1706 417 1742; x_wconf 85' lang='grc' dir='ltr'><strong>τε</strong></span> <span class='ocrx_word' id='word_1_120' title='bbox 470 1690 565 1742; x_wconf 74' lang='grc' dir='ltr'><strong>καὶ</strong></span> <span class='ocrx_word' id='word_1_121' title='bbox 594 1689 787 1743; x_wconf 78' lang='grc' dir='ltr'><strong>στάσιν</strong></span> <span class='ocrx_word' id='word_1_122' title='bbox 825 1689 857 1757; x_wconf 80' lang='grc' dir='ltr'>ἢ</span> <span class='ocrx_word' id='word_1_123' title='bbox 906 1686 1042 1756; x_wconf 73' lang='grc' dir='ltr'><strong>πρὸς</strong></span> <span class='ocrx_word' id='word_1_124' title='bbox 1087 1686 1343 1757; x_wconf 83' lang='grc' dir='ltr'><strong>ὁμόνοιαν</strong></span> <span class='ocrx_word' id='word_1_125' title='bbox 1384 1682 1687 1752; x_wconf 80' lang='grc' dir='ltr'><strong>ἀγομένους</strong></span> <span class='ocrx_word' id='word_1_126' title='bbox 1740 1696 1800 1732; x_wconf 85' lang='grc' dir='ltr'><strong>τε</strong></span> <span class='ocrx_word' id='word_1_127' title='bbox 1827 1676 1921 1730; x_wconf 76' lang='grc' dir='ltr'><strong>καὶ</strong></span> 
     </span>
    </p>
   </div>
   <div class='ocr_carea' id='block_1_20' title="bbox 358 1778 1019 1850">
    <p class='ocr_par' dir='ltr' id='par_1_20' title="bbox 358 1778 1019 1850">
     <span class='ocr_line' id='line_1_20' title="bbox 358 1778 1019 1850; baseline 0 -17"><span class='ocrx_word' id='word_1_128' title='bbox 358 1780 561 1848; x_wconf 79' lang='grc' dir='ltr'><strong>μᾶλλον</strong></span> <span class='ocrx_word' id='word_1_129' title='bbox 589 1778 1019 1850; x_wconf 74' lang='grc' dir='ltr'><strong>ἀχθησομίνους.</strong></span> 
     </span>
    </p>
   </div>
   <div class='ocr_carea' id='block_1_21' title="bbox 429 1926 1923 2003">
    <p class='ocr_par' dir='ltr' id='par_1_21' title="bbox 429 1926 1923 2003">
     <span class='ocr_line' id='line_1_21' title="bbox 429 1926 1923 2003; baseline -0.009 -11"><span class='ocrx_word' id='word_1_130' title='bbox 429 1939 647 1993; x_wconf 84' lang='grc' dir='ltr'><strong>Τούτων</strong></span> <span class='ocrx_word' id='word_1_131' title='bbox 695 1937 875 1990; x_wconf 79' lang='grc' dir='ltr'><strong>τοίνυν</strong></span> <span class='ocrx_word' id='word_1_132' title='bbox 915 1934 1088 1997; x_wconf 78' lang='grc' dir='ltr'><strong>οὕτως</strong></span> <span class='ocrx_word' id='word_1_133' title='bbox 1144 1934 1399 2003; x_wconf 75' lang='grc' dir='ltr'><strong>ἐχόντων,</strong></span> <span class='ocrx_word' id='word_1_134' title='bbox 1451 1930 1545 1984; x_wconf 71' lang='grc' dir='ltr'><strong>καὶ</strong></span> <span class='ocrx_word' id='word_1_135' title='bbox 1575 1928 1694 1999; x_wconf 86' lang='grc' dir='ltr'><strong>Θεῷ</strong></span> <span class='ocrx_word' id='word_1_136' title='bbox 1749 1926 1923 1995; x_wconf 82' lang='grc' dir='ltr'><strong>φίλον,</strong></span> 
     </span>
    </p>
   </div>
   <div class='ocr_carea' id='block_1_22' title="bbox 359 2018 1927 2095">
    <p class='ocr_par' dir='ltr' id='par_1_22' title="bbox 359 2018 1927 2095">
     <span class='ocr_line' id='line_1_22' title="bbox 359 2018 1927 2095; baseline -0.011 -9"><span class='ocrx_word' id='word_1_137' title='bbox 359 2034 456 2086; x_wconf 74' lang='grc' dir='ltr'><strong>καί</strong></span> <span class='ocrx_word' id='word_1_138' title='bbox 483 2032 597 2093; x_wconf 88' lang='grc' dir='ltr'><strong>τοῖς</strong></span> <span class='ocrx_word' id='word_1_139' title='bbox 636 2027 975 2090; x_wconf 80' lang='grc' dir='ltr'><strong>διδασκάλοις</strong></span> <span class='ocrx_word' id='word_1_140' title='bbox 1004 2025 1105 2095; x_wconf 83' lang='grc' dir='ltr'><strong>τῆς</strong></span> <span class='ocrx_word' id='word_1_141' title='bbox 1157 2022 1487 2089; x_wconf 80' lang='grc' dir='ltr'><strong>Ἐκκλησίας</strong></span> <span class='ocrx_word' id='word_1_142' title='bbox 1512 2022 1702 2090; x_wconf 81' lang='grc' dir='ltr'><strong>χάριεν</strong></span> <span class='ocrx_word' id='word_1_143' title='bbox 1750 2018 1927 2082; x_wconf 75' lang='grc' dir='ltr'><strong>ἔσται,</strong></span> 
     </span>
    </p>
   </div>
   <div class='ocr_carea' id='block_1_23' title="bbox 359 2110 1930 2195">
    <p class='ocr_par' dir='ltr' id='par_1_23' title="bbox 359 2110 1930 2195">
     <span class='ocr_line' id='line_1_23' title="bbox 359 2110 1930 2195; baseline -0.013 -13"><span class='ocrx_word' id='word_1_144' title='bbox 359 2126 459 2182; x_wconf 77' lang='grc' dir='ltr'><strong>καὶ</strong></span> <span class='ocrx_word' id='word_1_145' title='bbox 483 2126 617 2195; x_wconf 80' lang='grc' dir='ltr'><strong>ἡμῖν</strong></span> <span class='ocrx_word' id='word_1_146' title='bbox 639 2120 937 2192; x_wconf 68' lang='grc' dir='ltr'><strong>εὐπρεπὲς,</strong></span> <span class='ocrx_word' id='word_1_147' title='bbox 974 2120 1071 2173; x_wconf 69' lang='grc' dir='ltr'><strong>κα)⁸</strong></span> <span class='ocrx_word' id='word_1_148' title='bbox 1102 2117 1236 2188; x_wconf 75' lang='grc' dir='ltr'><strong>πρὸς</strong></span> <span class='ocrx_word' id='word_1_149' title='bbox 1266 2115 1477 2177; x_wconf 84' lang='grc' dir='ltr'><strong>τούτοις</strong></span> <span class='ocrx_word' id='word_1_150' title='bbox 1512 2113 1713 2184; x_wconf 76' lang='grc' dir='ltr'><strong>ῥᾴδιον,</strong></span> <span class='ocrx_word' id='word_1_151' title='bbox 1740 2110 1801 2164; x_wconf 78' lang='grc' dir='ltr'><strong>τὸ</strong></span> <span class='ocrx_word' id='word_1_152' title='bbox 1830 2110 1930 2179; x_wconf 82' lang='grc' dir='ltr'><strong>τὴν</strong></span> 
     </span>
    </p>
   </div>
   <div class='ocr_carea' id='block_1_24' title="bbox 358 2199 1932 2285">
    <p class='ocr_par' dir='ltr' id='par_1_24' title="bbox 358 2199 1932 2285">
     <span class='ocr_line' id='line_1_24' title="bbox 358 2199 1932 2285; baseline -0.011 -14"><span class='ocrx_word' id='word_1_153' title='bbox 358 2218 554 2271; x_wconf 70' lang='grc' dir='ltr'><strong>ἕνωσιν</strong></span> <span class='ocrx_word' id='word_1_154' title='bbox 576 2214 698 2285; x_wconf 70' lang='grc' dir='ltr'><strong>ἢδη,</strong></span> <span class='ocrx_word' id='word_1_155' title='bbox 725 2211 833 2265; x_wconf 81' lang='grc' dir='ltr'><strong>τῶν</strong></span> <span class='ocrx_word' id='word_1_156' title='bbox 873 2208 1087 2264; x_wconf 76' lang='grc' dir='ltr'>πολλῶν</span> <span class='ocrx_word' id='word_1_157' title='bbox 1116 2206 1428 2277; x_wconf 77' lang='grc' dir='ltr'><strong>ἀφεμένους</strong></span> <span class='ocrx_word' id='word_1_158' title='bbox 1461 2204 1659 2271; x_wconf 87' lang='grc' dir='ltr'><strong>λόγων,</strong></span> <span class='ocrx_word' id='word_1_159' title='bbox 1700 2199 1932 2269; x_wconf 79' lang='grc' dir='ltr'><strong>διαπρά-</strong></span> 
     </span>
    </p>
   </div>
   <div class='ocr_carea' id='block_1_25' title="bbox 367 2293 1932 2375">
    <p class='ocr_par' dir='ltr' id='par_1_25' title="bbox 367 2293 1932 2375">
     <span class='ocr_line' id='line_1_25' title="bbox 367 2293 1932 2375; baseline -0.012 -14"><span class='ocrx_word' id='word_1_160' title='bbox 367 2308 583 2373; x_wconf 80' lang='grc' dir='ltr'><strong>ξασθαι,</strong></span> <span class='ocrx_word' id='word_1_161' title='bbox 617 2307 711 2360; x_wconf 72' lang='grc' dir='ltr'><strong>καὶ</strong></span> <span class='ocrx_word' id='word_1_162' title='bbox 736 2303 878 2375; x_wconf 80' lang='grc' dir='ltr'><strong>μετὰ</strong></span> <span class='ocrx_word' id='word_1_163' title='bbox 905 2302 1114 2370; x_wconf 79' lang='grc' dir='ltr'><strong>ταύτης</strong></span> <span class='ocrx_word' id='word_1_164' title='bbox 1138 2298 1442 2354; x_wconf 66' lang='grc' dir='ltr'><strong>δπανιὲναι.</strong></span> <span class='ocrx_word' id='word_1_165' title='bbox 1477 2296 1585 2350; x_wconf 77' lang='grc' dir='ltr'><strong>Καὶ</strong></span> <span class='ocrx_word' id='word_1_166' title='bbox 1616 2294 1767 2349; x_wconf 79' lang='grc' dir='ltr'><strong>οὐδὲν</strong></span> <span class='ocrx_word' id='word_1_167' title='bbox 1798 2293 1932 2361; x_wconf 83' lang='grc' dir='ltr'><strong>ἡμῖν</strong></span> 
     </span>
    </p>
   </div>
   <div class='ocr_carea' id='block_1_26' title="bbox 364 2381 1934 2468">
    <p class='ocr_par' dir='ltr' id='par_1_26' title="bbox 364 2381 1934 2468">
     <span class='ocr_line' id='line_1_26' title="bbox 364 2381 1934 2468; baseline -0.011 -15"><span class='ocrx_word' id='word_1_168' title='bbox 364 2401 503 2466; x_wconf 77' lang='grc' dir='ltr'><strong>ὅλως</strong></span> <span class='ocrx_word' id='word_1_169' title='bbox 532 2397 893 2468; x_wconf 70' lang='grc' dir='ltr'><strong>προσίσταται</strong></span> <span class='ocrx_word' id='word_1_170' title='bbox 924 2393 1058 2464; x_wconf 79' lang='grc' dir='ltr'><strong>πρὸς</strong></span> <span class='ocrx_word' id='word_1_171' title='bbox 1083 2393 1144 2445; x_wconf 84' lang='grc' dir='ltr'><strong>τδ</strong></span> <span class='ocrx_word' id='word_1_172' title='bbox 1165 2391 1426 2462; x_wconf 82' lang='grc' dir='ltr'><strong>πράττειν</strong></span> <span class='ocrx_word' id='word_1_173' title='bbox 1457 2381 1533 2444; x_wconf 81' lang='grc' dir='ltr'><strong>ὧν</strong></span> <span class='ocrx_word' id='word_1_174' title='bbox 1554 2384 1934 2455; x_wconf 71' lang='grc' dir='ltr'><strong>ἰπιθυμήσαν-</strong></span> 
     </span>
    </p>
   </div>
   <div class='ocr_carea' id='block_1_27' title="bbox 362 2474 1933 2559">
    <p class='ocr_par' dir='ltr' id='par_1_27' title="bbox 362 2474 1933 2559">
     <span class='ocr_line' id='line_1_27' title="bbox 362 2474 1933 2559; baseline -0.013 -15"><span class='ocrx_word' id='word_1_175' title='bbox 362 2507 456 2553; x_wconf 83' lang='grc' dir='ltr'><strong>τες</strong></span> <span class='ocrx_word' id='word_1_176' title='bbox 498 2489 737 2559; x_wconf 74' lang='grc' dir='ltr'><strong>ἥκομεν,</strong></span> <span class='ocrx_word' id='word_1_177' title='bbox 794 2485 893 2555; x_wconf 82' lang='grc' dir='ltr'><strong>τῆς</strong></span> <span class='ocrx_word' id='word_1_178' title='bbox 948 2483 1047 2553; x_wconf 78' lang='grc' dir='ltr'><strong>μὲν</strong></span> <span class='ocrx_word' id='word_1_179' title='bbox 1069 2482 1228 2549; x_wconf 77' lang='grc' dir='ltr'><strong>δόξης</strong></span> <span class='ocrx_word' id='word_1_180' title='bbox 1257 2480 1502 2535; x_wconf 76' lang='grc' dir='ltr'><strong>Λατίνων</strong></span> <span class='ocrx_word' id='word_1_181' title='bbox 1535 2477 1642 2531; x_wconf 72' lang='grc' dir='ltr'><strong>ὑπὸ</strong></span> <span class='ocrx_word' id='word_1_182' title='bbox 1660 2474 1933 2528; x_wconf 83' lang='grc' dir='ltr'><strong>τοσούτων</strong></span> 
     </span>
    </p>
   </div>
   <div class='ocr_carea' id='block_1_28' title="bbox 371 2566 1931 2652">
    <p class='ocr_par' dir='ltr' id='par_1_28' title="bbox 371 2566 1931 2652">
     <span class='ocr_line' id='line_1_28' title="bbox 371 2566 1931 2652; baseline -0.012 -17"><span class='ocrx_word' id='word_1_183' title='bbox 371 2578 849 2652; x_wconf 79' lang='grc' dir='ltr'><strong>μαρτυρουμένης,</strong></span> <span class='ocrx_word' id='word_1_184' title='bbox 901 2575 997 2628; x_wconf 78' lang='grc' dir='ltr'><strong>καὶ</strong></span> <span class='ocrx_word' id='word_1_185' title='bbox 1043 2572 1385 2643; x_wconf 78' lang='grc' dir='ltr'><strong>πανταχόθεν</strong></span> <span class='ocrx_word' id='word_1_186' title='bbox 1434 2570 1592 2637; x_wconf 78' lang='grc' dir='ltr'><strong>ἀξίας</strong></span> <span class='ocrx_word' id='word_1_187' title='bbox 1621 2566 1790 2636; x_wconf 84' lang='grc' dir='ltr'><strong>οῦσης</strong></span> <span class='ocrx_word' id='word_1_188' title='bbox 1839 2582 1931 2618; x_wconf 85' lang='grc' dir='ltr'><strong>πι-</strong></span> 
     </span>
    </p>
   </div>
   <div class='ocr_carea' id='block_1_29' title="bbox 367 2657 1934 2738">
    <p class='ocr_par' dir='ltr' id='par_1_29' title="bbox 367 2657 1934 2738">
     <span class='ocr_line' id='line_1_29' title="bbox 367 2657 1934 2738; baseline -0.011 -12"><span class='ocrx_word' id='word_1_189' title='bbox 367 2671 697 2735; x_wconf 86' lang='grc' dir='ltr'><strong>στεύεσθαι,</strong></span> <span class='ocrx_word' id='word_1_190' title='bbox 747 2667 907 2738; x_wconf 79' lang='grc' dir='ltr'><strong>ήμῶν</strong></span> <span class='ocrx_word' id='word_1_191' title='bbox 957 2666 1015 2720; x_wconf 77' lang='grc' dir='ltr'><strong>δὲ</strong></span> <span class='ocrx_word' id='word_1_192' title='bbox 1055 2665 1375 2735; x_wconf 77' lang='grc' dir='ltr'><strong>δυναμένων</strong></span> <span class='ocrx_word' id='word_1_193' title='bbox 1427 2662 1611 2723; x_wconf 83' lang='grc' dir='ltr'><strong>αὐτοῖς</strong></span> <span class='ocrx_word' id='word_1_194' title='bbox 1666 2657 1934 2726; x_wconf 82' lang='grc' dir='ltr'><strong>ἑνωθῆναι</strong></span> 
     </span>
    </p>
   </div>
   <div class='ocr_carea' id='block_1_30' title="bbox 365 2750 1936 2828">
    <p class='ocr_par' dir='ltr' id='par_1_30' title="bbox 365 2750 1936 2828">
     <span class='ocr_line' id='line_1_30' title="bbox 365 2750 1936 2828; baseline -0.011 -10"><span class='ocrx_word' id='word_1_195' title='bbox 365 2764 496 2819; x_wconf 75' lang='grc' dir='ltr'><strong>ἄνευ</strong></span> <span class='ocrx_word' id='word_1_196' title='bbox 526 2762 619 2815; x_wconf 89' lang='grc' dir='ltr'><strong>τοῦ</strong></span> <span class='ocrx_word' id='word_1_197' title='bbox 653 2760 750 2815; x_wconf 69' lang='grc' dir='ltr'><strong>καὶ</strong></span> <span class='ocrx_word' id='word_1_198' title='bbox 775 2761 906 2828; x_wconf 77' lang='grc' dir='ltr'><strong>περὶ</strong></span> <span class='ocrx_word' id='word_1_199' title='bbox 934 2758 993 2811; x_wconf 76' lang='grc' dir='ltr'><strong>τὸ</strong></span> <span class='ocrx_word' id='word_1_200' title='bbox 1021 2757 1085 2812; x_wconf 91' lang='grc' dir='ltr'><strong>σύ</strong></span> <span class='ocrx_word' id='word_1_201' title='bbox 1095 2756 1291 2827; x_wconf 76' lang='grc' dir='ltr'><strong>μῦολόν</strong></span> <span class='ocrx_word' id='word_1_202' title='bbox 1325 2773 1379 2809; x_wconf 83' lang='grc' dir='ltr'><strong>τι</strong></span> <span class='ocrx_word' id='word_1_203' title='bbox 1410 2754 1759 2822; x_wconf 81' lang='grc' dir='ltr'><strong>καινοτομεῖν</strong></span> <span class='ocrx_word' id='word_1_204' title='bbox 1779 2791 1794 2805; x_wconf 94' lang='grc'><strong><em>.</em></strong></span> <span class='ocrx_word' id='word_1_205' title='bbox 1825 2750 1936 2804; x_wconf 78' lang='grc' dir='ltr'><strong>Καὶ</strong></span> 
     </span>
    </p>
   </div>
   <div class='ocr_carea' id='block_1_31' title="bbox 371 2842 1935 2924">
    <p class='ocr_par' dir='ltr' id='par_1_31' title="bbox 371 2842 1935 2924">
     <span class='ocr_line' id='line_1_31' title="bbox 371 2842 1935 2924; baseline -0.008 -18"><span class='ocrx_word' id='word_1_206' title='bbox 371 2853 481 2924; x_wconf 73' lang='grc' dir='ltr'><strong>μὴν</strong></span> <span class='ocrx_word' id='word_1_207' title='bbox 508 2853 626 2907; x_wconf 82' lang='grc' dir='ltr'><strong>ίστε</strong></span> <span class='ocrx_word' id='word_1_208' title='bbox 657 2851 858 2912; x_wconf 81' lang='grc' dir='ltr'><strong>πάντες</strong></span> <span class='ocrx_word' id='word_1_209' title='bbox 880 2849 1085 2914; x_wconf 84' lang='grc' dir='ltr'><strong>καλῶς,</strong></span> <span class='ocrx_word' id='word_1_210' title='bbox 1116 2849 1200 2902; x_wconf 83' lang='grc' dir='ltr'><strong>ὅτι</strong></span> <span class='ocrx_word' id='word_1_211' title='bbox 1230 2848 1332 2917; x_wconf 75' lang='grc' dir='ltr'><strong>τὴν</strong></span> <span class='ocrx_word' id='word_1_212' title='bbox 1362 2845 1558 2900; x_wconf 72' lang='grc' dir='ltr'><strong>ἕνωσιν</strong></span> <span class='ocrx_word' id='word_1_213' title='bbox 1580 2843 1678 2913; x_wconf 84' lang='grc' dir='ltr'><strong>τῆς</strong></span> <span class='ocrx_word' id='word_1_214' title='bbox 1702 2842 1935 2912; x_wconf 72' lang='grc' dir='ltr'><strong>Ἐκκληο</strong></span> 
     </span>
    </p>
   </div>
   <div class='ocr_carea' id='block_1_32' title="bbox 371 2933 1938 3014">
    <p class='ocr_par' dir='ltr' id='par_1_32' title="bbox 371 2933 1938 3014">
     <span class='ocr_line' id='line_1_32' title="bbox 371 2933 1938 3014; baseline -0.008 -17"><span class='ocrx_word' id='word_1_215' title='bbox 371 2943 491 3007; x_wconf 81' lang='grc' dir='ltr'><strong>σίας</strong></span> <span class='ocrx_word' id='word_1_216' title='bbox 517 2942 779 3014; x_wconf 83' lang='grc' dir='ltr'><strong>Χριστοῦ,</strong></span> <span class='ocrx_word' id='word_1_217' title='bbox 811 2942 989 2996; x_wconf 87' lang='grc' dir='ltr'><strong>καίτοι</strong></span> <span class='ocrx_word' id='word_1_218' title='bbox 1010 2938 1219 2993; x_wconf 83' lang='grc' dir='ltr'>πολλῶν</span> <span class='ocrx_word' id='word_1_219' title='bbox 1235 2938 1409 2993; x_wconf 74' lang='grc' dir='ltr'><strong>ἄλλων</strong></span> <span class='ocrx_word' id='word_1_220' title='bbox 1435 2936 1600 2990; x_wconf 76' lang='grc' dir='ltr'><strong>Ξνεκα</strong></span> <span class='ocrx_word' id='word_1_221' title='bbox 1629 2934 1723 2987; x_wconf 78' lang='grc' dir='ltr'><strong>καὶ</strong></span> <span class='ocrx_word' id='word_1_222' title='bbox 1741 2933 1938 2986; x_wconf 77' lang='grc' dir='ltr'><strong>δικαιοο</strong></span> 
     </span>
    </p>
   </div>
   <div class='ocr_carea' id='block_1_33' title="bbox 2021 480 3587 557">
    <p class='ocr_par' dir='ltr' id='par_1_33' title="bbox 2021 480 3587 557">
     <span class='ocr_line' id='line_1_33' title="bbox 2021 480 3587 557; baseline -0.005 -16"><span class='ocrx_word' id='word_1_223' title='bbox 2021 496 2075 541; x_wconf 90' lang='lat' dir='ltr'><strong>et</strong></span> <span class='ocrx_word' id='word_1_224' title='bbox 2102 488 2370 544; x_wconf 70' lang='lat' dir='ltr'><strong>exstincto</strong></span> <span class='ocrx_word' id='word_1_225' title='bbox 2392 488 2798 557; x_wconf 79' lang='lat' dir='ltr'><strong>disciplinarum</strong></span> <span class='ocrx_word' id='word_1_226' title='bbox 2852 499 2917 539; x_wconf 87' lang='lat' dir='ltr'><strong>ac</strong></span> <span class='ocrx_word' id='word_1_227' title='bbox 2962 483 3039 537; x_wconf 92' lang='lat' dir='ltr'><strong>rei</strong></span> <span class='ocrx_word' id='word_1_228' title='bbox 3096 480 3587 543; x_wconf 64' lang='lat' dir='ltr'><strong>litteraria,ambi~</strong></span> 
     </span>
    </p>
   </div>
   <div class='ocr_carea' id='block_1_34' title="bbox 2024 574 3589 641">
    <p class='ocr_par' dir='ltr' id='par_1_34' title="bbox 2024 574 3589 641">
     <span class='ocr_line' id='line_1_34' title="bbox 2024 574 3589 641; baseline -0.004 -12"><span class='ocrx_word' id='word_1_229' title='bbox 2024 577 2165 632; x_wconf 89' lang='lat' dir='ltr'><strong>tioso</strong></span> <span class='ocrx_word' id='word_1_230' title='bbox 2192 577 2627 641; x_wconf 85' lang='lat' dir='ltr'><strong>stmlio,cunctis</strong></span> <span class='ocrx_word' id='word_1_231' title='bbox 2667 574 2974 630; x_wconf 75' lang='lat' dir='ltr'><strong>necessitati</strong></span> <span class='ocrx_word' id='word_1_232' title='bbox 3028 579 3262 634; x_wconf 89' lang='lat' dir='ltr'><strong>tantum,</strong></span> <span class='ocrx_word' id='word_1_233' title='bbox 3313 580 3370 624; x_wconf 91' lang='lat' dir='ltr'><strong>et</strong></span> <span class='ocrx_word' id='word_1_234' title='bbox 3420 585 3589 639; x_wconf 75' lang='lat' dir='ltr'><strong>angu-</strong></span> 
     </span>
    </p>
   </div>
   <div class='ocr_carea' id='block_1_35' title="bbox 2024 661 3588 757">
    <p class='ocr_par' dir='ltr' id='par_1_35' title="bbox 2024 661 3588 757">
     <span class='ocr_line' id='line_1_35' title="bbox 2024 661 3588 757; baseline -0.006 -33"><span class='ocrx_word' id='word_1_235' title='bbox 2024 668 2147 724; x_wconf 88' lang='lat' dir='ltr'><strong>stiis</strong></span> <span class='ocrx_word' id='word_1_236' title='bbox 2182 668 2257 721; x_wconf 92' lang='lat' dir='ltr'><strong>rei</strong></span> <span class='ocrx_word' id='word_1_237' title='bbox 2290 668 2575 723; x_wconf 75' lang='lat' dir='ltr'><strong>familiaris</strong></span> <span class='ocrx_word' id='word_1_238' title='bbox 2610 666 2950 722; x_wconf 77' lang='lat' dir='ltr'><strong>vacantibus.</strong></span> <span class='ocrx_word' id='word_1_239' title='bbox 2999 663 3221 757; x_wconf 46' lang='lat' dir='ltr'><strong>Certum</strong></span> <span class='ocrx_word' id='word_1_240' title='bbox 3273 675 3404 715; x_wconf 85' lang='lat' dir='ltr'><strong>vero</strong></span> <span class='ocrx_word' id='word_1_241' title='bbox 3457 661 3588 716; x_wconf 88' lang='lat' dir='ltr'><strong>mihi</strong></span> 
     </span>
    </p>
   </div>
   <div class='ocr_carea' id='block_1_36' title="bbox 2022 755 3588 831">
    <p class='ocr_par' dir='ltr' id='par_1_36' title="bbox 2022 755 3588 831">
     <span class='ocr_line' id='line_1_36' title="bbox 2022 755 3588 831; baseline -0.005 -17"><span class='ocrx_word' id='word_1_242' title='bbox 2022 770 2125 825; x_wconf 79' lang='lat' dir='ltr'><strong>est,</strong></span> <span class='ocrx_word' id='word_1_243' title='bbox 2166 761 2268 831; x_wconf 88' lang='lat' dir='ltr'><strong>ipsi</strong></span> <span class='ocrx_word' id='word_1_244' title='bbox 2326 775 2546 831; x_wconf 86' lang='lat' dir='ltr'><strong>quoque</strong></span> <span class='ocrx_word' id='word_1_245' title='bbox 2594 759 2820 829; x_wconf 74' lang='lat' dir='ltr'><strong>Spiritui</strong></span> <span class='ocrx_word' id='word_1_246' title='bbox 2874 774 2978 812; x_wconf 91' lang='lat' dir='ltr'><strong>non</strong></span> <span class='ocrx_word' id='word_1_247' title='bbox 3028 757 3241 826; x_wconf 78' lang='lat' dir='ltr'><strong>placere</strong></span> <span class='ocrx_word' id='word_1_248' title='bbox 3298 755 3588 809; x_wconf 78' lang='lat' dir='ltr'><strong>admodum</strong></span> 
     </span>
    </p>
   </div>
   <div class='ocr_carea' id='block_1_37' title="bbox 2024 846 3594 922">
    <p class='ocr_par' dir='ltr' id='par_1_37' title="bbox 2024 846 3594 922">
     <span class='ocr_line' id='line_1_37' title="bbox 2024 846 3594 922; baseline -0.005 -15"><span class='ocrx_word' id='word_1_249' title='bbox 2024 862 2229 907; x_wconf 82' lang='lat' dir='ltr'><strong>tantam</strong></span> <span class='ocrx_word' id='word_1_250' title='bbox 2256 851 2664 922; x_wconf 74' lang='lat' dir='ltr'><strong>loquacitatem,</strong></span> <span class='ocrx_word' id='word_1_251' title='bbox 2688 850 2779 905; x_wconf 87' lang='lat' dir='ltr'><strong>sed</strong></span> <span class='ocrx_word' id='word_1_252' title='bbox 2804 848 2889 904; x_wconf 90' lang='lat' dir='ltr'><strong>sui</strong></span> <span class='ocrx_word' id='word_1_253' title='bbox 2935 862 3035 902; x_wconf 91' lang='lat' dir='ltr'><strong>nos</strong></span> <span class='ocrx_word' id='word_1_254' title='bbox 3068 856 3364 903; x_wconf 87' lang='lat' dir='ltr'><strong>tentatores</strong></span> <span class='ocrx_word' id='word_1_255' title='bbox 3404 846 3594 901; x_wconf 83' lang='lat' dir='ltr'><strong>existi-</strong></span> 
     </span>
    </p>
   </div>
   <div class='ocr_carea' id='block_1_38' title="bbox 2029 937 3590 1006">
    <p class='ocr_par' dir='ltr' id='par_1_38' title="bbox 2029 937 3590 1006">
     <span class='ocr_line' id='line_1_38' title="bbox 2029 937 3590 1006; baseline -0.003 -9"><span class='ocrx_word' id='word_1_256' title='bbox 2029 955 2326 1005; x_wconf 85' lang='lat' dir='ltr'><strong>maturum.</strong></span> <span class='ocrx_word' id='word_1_257' title='bbox 2359 945 2403 999; x_wconf 91' lang='lat' dir='ltr'><strong>si</strong></span> <span class='ocrx_word' id='word_1_258' title='bbox 2423 958 2545 998; x_wconf 91' lang='lat' dir='ltr'><strong>cum</strong></span> <span class='ocrx_word' id='word_1_259' title='bbox 2569 950 2651 998; x_wconf 90' lang='lat' dir='ltr'><strong>tot</strong></span> <span class='ocrx_word' id='word_1_260' title='bbox 2674 956 2738 996; x_wconf 84' lang='lat' dir='ltr'><strong>ex</strong></span> <span class='ocrx_word' id='word_1_261' title='bbox 2763 939 2946 995; x_wconf 85' lang='lat' dir='ltr'><strong>divina</strong></span> <span class='ocrx_word' id='word_1_262' title='bbox 2972 937 3284 1006; x_wconf 71' lang='lat' dir='ltr'><strong>Scriptura,</strong></span> <span class='ocrx_word' id='word_1_263' title='bbox 3326 946 3404 993; x_wconf 90' lang='lat' dir='ltr'><strong>tot</strong></span> <span class='ocrx_word' id='word_1_264' title='bbox 3426 939 3590 993; x_wconf 86' lang='lat' dir='ltr'><strong>etiam</strong></span> 
     </span>
    </p>
   </div>
   <div class='ocr_carea' id='block_1_39' title="bbox 2028 1030 3596 1099">
    <p class='ocr_par' dir='ltr' id='par_1_39' title="bbox 2028 1030 3596 1099">
     <span class='ocr_line' id='line_1_39' title="bbox 2028 1030 3596 1099; baseline -0.001 -11"><span class='ocrx_word' id='word_1_265' title='bbox 2028 1050 2092 1089; x_wconf 83' lang='lat' dir='ltr'><strong>ex</strong></span> <span class='ocrx_word' id='word_1_266' title='bbox 2125 1034 2408 1088; x_wconf 82' lang='lat' dir='ltr'><strong>doctorum</strong></span> <span class='ocrx_word' id='word_1_267' title='bbox 2437 1048 2709 1089; x_wconf 81' lang='lat' dir='ltr'><strong>consensu</strong></span> <span class='ocrx_word' id='word_1_268' title='bbox 2746 1033 2900 1087; x_wconf 81' lang='lat' dir='ltr'><strong>nobis</strong></span> <span class='ocrx_word' id='word_1_269' title='bbox 2940 1038 3230 1099; x_wconf 84' lang='lat' dir='ltr'><strong>suppetant</strong></span> <span class='ocrx_word' id='word_1_270' title='bbox 3283 1030 3350 1081; x_wconf 85' lang='lat' dir='ltr'><strong>ad</strong></span> <span class='ocrx_word' id='word_1_271' title='bbox 3399 1044 3596 1098; x_wconf 82' lang='lat' dir='ltr'><strong>propo-</strong></span> 
     </span>
    </p>
   </div>
   <div class='ocr_carea' id='block_1_40' title="bbox 2025 1122 3597 1193">
    <p class='ocr_par' dir='ltr' id='par_1_40' title="bbox 2025 1122 3597 1193">
     <span class='ocr_line' id='line_1_40' title="bbox 2025 1122 3597 1193; baseline -0.002 -13"><span class='ocrx_word' id='word_1_272' title='bbox 2025 1129 2188 1181; x_wconf 89' lang='lat' dir='ltr'><strong>situm</strong></span> <span class='ocrx_word' id='word_1_273' title='bbox 2215 1128 2440 1191; x_wconf 83' lang='lat' dir='ltr'><strong>auxilia,</strong></span> <span class='ocrx_word' id='word_1_274' title='bbox 2467 1130 2752 1181; x_wconf 72' lang='lat' dir='ltr'><strong>sedeamus</strong></span> <span class='ocrx_word' id='word_1_275' title='bbox 2777 1137 2957 1179; x_wconf 86' lang='lat' dir='ltr'><strong>tamen</strong></span> <span class='ocrx_word' id='word_1_276' title='bbox 2995 1123 3097 1193; x_wconf 84' lang='lat' dir='ltr'><strong>ipsi</strong></span> <span class='ocrx_word' id='word_1_277' title='bbox 3126 1122 3447 1191; x_wconf 74' lang='lat' dir='ltr'><strong>posthabitis</strong></span> <span class='ocrx_word' id='word_1_278' title='bbox 3489 1123 3597 1177; x_wconf 82' lang='lat' dir='ltr'><strong>illis</strong></span> 
     </span>
    </p>
   </div>
   <div class='ocr_carea' id='block_1_41' title="bbox 2027 1213 3597 1282">
    <p class='ocr_par' dir='ltr' id='par_1_41' title="bbox 2027 1213 3597 1282">
     <span class='ocr_line' id='line_1_41' title="bbox 2027 1213 3597 1282; baseline -0.001 -12"><span class='ocrx_word' id='word_1_279' title='bbox 2027 1218 2313 1282; x_wconf 87' lang='lat' dir='ltr'><strong>omnibus,</strong></span> <span class='ocrx_word' id='word_1_280' title='bbox 2341 1224 2625 1272; x_wconf 89' lang='lat' dir='ltr'><strong>nectentes</strong></span> <span class='ocrx_word' id='word_1_281' title='bbox 2664 1215 2903 1271; x_wconf 90' lang='lat' dir='ltr'><strong>sermoni</strong></span> <span class='ocrx_word' id='word_1_282' title='bbox 2947 1228 3296 1278; x_wconf 84' lang='lat' dir='ltr'><strong>sermonem;</strong></span> <span class='ocrx_word' id='word_1_283' title='bbox 3328 1213 3471 1279; x_wconf 84' lang='lat' dir='ltr'><strong>quod</strong></span> <span class='ocrx_word' id='word_1_284' title='bbox 3513 1214 3597 1268; x_wconf 73' lang='lat' dir='ltr'><strong>vel</strong></span> 
     </span>
    </p>
   </div>
   <div class='ocr_carea' id='block_1_42' title="bbox 2026 1307 3600 1379">
    <p class='ocr_par' dir='ltr' id='par_1_42' title="bbox 2026 1307 3600 1379">
     <span class='ocr_line' id='line_1_42' title="bbox 2026 1307 3600 1379; baseline -0.003 -17"><span class='ocrx_word' id='word_1_285' title='bbox 2026 1320 2282 1379; x_wconf 85' lang='lat' dir='ltr'><strong>putemus</strong></span> <span class='ocrx_word' id='word_1_286' title='bbox 2306 1308 2744 1363; x_wconf 86' lang='lat' dir='ltr'><strong>nosinventuros</strong></span> <span class='ocrx_word' id='word_1_287' title='bbox 2768 1307 3048 1376; x_wconf 81' lang='lat' dir='ltr'><strong>quidpiam</strong></span> <span class='ocrx_word' id='word_1_288' title='bbox 3082 1321 3180 1374; x_wconf 90' lang='lat' dir='ltr'><strong>per</strong></span> <span class='ocrx_word' id='word_1_289' title='bbox 3208 1312 3430 1361; x_wconf 89' lang='lat' dir='ltr'><strong>nostros</strong></span> <span class='ocrx_word' id='word_1_290' title='bbox 3482 1321 3600 1361; x_wconf 80' lang='lat' dir='ltr'><strong>ser-</strong></span> 
     </span>
    </p>
   </div>
   <div class='ocr_carea' id='block_1_43' title="bbox 2026 1398 3595 1468">
    <p class='ocr_par' dir='ltr' id='par_1_43' title="bbox 2026 1398 3595 1468">
     <span class='ocr_line' id='line_1_43' title="bbox 2026 1398 3595 1468; baseline -0.003 -16"><span class='ocrx_word' id='word_1_291' title='bbox 2026 1414 2214 1453; x_wconf 87' lang='lat' dir='ltr'><strong>mones</strong></span> <span class='ocrx_word' id='word_1_292' title='bbox 2236 1413 2301 1453; x_wconf 92' lang='lat' dir='ltr'><strong>co</strong></span> <span class='ocrx_word' id='word_1_293' title='bbox 2326 1399 2690 1468; x_wconf 67' lang='lat' dir='ltr'><strong>praestantius.</strong></span> <span class='ocrx_word' id='word_1_294' title='bbox 2724 1400 2868 1467; x_wconf 89' lang='lat' dir='ltr'><strong>quod</strong></span> <span class='ocrx_word' id='word_1_295' title='bbox 2905 1398 3202 1466; x_wconf 81' lang='lat' dir='ltr'><strong>Scripturue</strong></span> <span class='ocrx_word' id='word_1_296' title='bbox 3221 1398 3595 1466; x_wconf 86' lang='lat' dir='ltr'><strong>suppeditant;</strong></span> 
     </span>
    </p>
   </div>
   <div class='ocr_carea' id='block_1_44' title="bbox 2025 1487 3601 1559">
    <p class='ocr_par' dir='ltr' id='par_1_44' title="bbox 2025 1487 3601 1559">
     <span class='ocr_line' id='line_1_44' title="bbox 2025 1487 3601 1559; baseline 0.001 -19"><span class='ocrx_word' id='word_1_297' title='bbox 2025 1488 2109 1543; x_wconf 86' lang='lat' dir='ltr'><strong>vel</strong></span> <span class='ocrx_word' id='word_1_298' title='bbox 2138 1489 2398 1557; x_wconf 81' lang='lat' dir='ltr'><strong>aliquida</strong></span> <span class='ocrx_word' id='word_1_299' title='bbox 2450 1487 2656 1555; x_wconf 84' lang='lat' dir='ltr'><strong>Spiritu</strong></span> <span class='ocrx_word' id='word_1_300' title='bbox 2690 1504 2998 1559; x_wconf 66' lang='lat' dir='ltr'><strong>quaeramus</strong></span> <span class='ocrx_word' id='word_1_301' title='bbox 3058 1489 3297 1555; x_wconf 82' lang='lat' dir='ltr'><strong>apertius</strong></span> <span class='ocrx_word' id='word_1_302' title='bbox 3355 1488 3421 1543; x_wconf 90' lang='lat' dir='ltr'><strong>iis</strong></span> <span class='ocrx_word' id='word_1_303' title='bbox 3477 1503 3601 1557; x_wconf 68' lang='lat' dir='ltr'><strong>quae</strong></span> 
     </span>
    </p>
   </div>
   <div class='ocr_carea' id='block_1_45' title="bbox 2026 1577 3598 1634">
    <p class='ocr_par' dir='ltr' id='par_1_45' title="bbox 2026 1577 3598 1634">
     <span class='ocr_line' id='line_1_45' title="bbox 2026 1577 3598 1634; baseline -0.001 -2"><span class='ocrx_word' id='word_1_304' title='bbox 2026 1579 2161 1632; x_wconf 77' lang='lat' dir='ltr'><strong>adeo</strong></span> <span class='ocrx_word' id='word_1_305' title='bbox 2190 1579 2335 1633; x_wconf 91' lang='lat' dir='ltr'><strong>clare</strong></span> <span class='ocrx_word' id='word_1_306' title='bbox 2367 1588 2496 1634; x_wconf 90' lang='lat' dir='ltr'><strong>sunt</strong></span> <span class='ocrx_word' id='word_1_307' title='bbox 2521 1579 2589 1633; x_wconf 89' lang='lat' dir='ltr'><strong>ab</strong></span> <span class='ocrx_word' id='word_1_308' title='bbox 2620 1593 2685 1634; x_wconf 91' lang='lat' dir='ltr'><strong>eo</strong></span> <span class='ocrx_word' id='word_1_309' title='bbox 2736 1579 2980 1633; x_wconf 79' lang='lat' dir='ltr'><strong>deﬁnita.</strong></span> <span class='ocrx_word' id='word_1_310' title='bbox 3042 1577 3139 1632; x_wconf 82' lang='lat' dir='ltr'><strong>llis</strong></span> <span class='ocrx_word' id='word_1_311' title='bbox 3196 1579 3342 1631; x_wconf 89' lang='lat' dir='ltr'><strong>enim</strong></span> <span class='ocrx_word' id='word_1_312' title='bbox 3379 1592 3598 1632; x_wconf 86' lang='lat' dir='ltr'><strong>sermo-</strong></span> 
     </span>
    </p>
   </div>
   <div class='ocr_carea' id='block_1_46' title="bbox 2027 1668 3591 1734">
    <p class='ocr_par' dir='ltr' id='par_1_46' title="bbox 2027 1668 3591 1734">
     <span class='ocr_line' id='line_1_46' title="bbox 2027 1668 3591 1734; baseline 0.001 -13"><span class='ocrx_word' id='word_1_313' title='bbox 2027 1668 2187 1722; x_wconf 90' lang='lat' dir='ltr'><strong>nibus</strong></span> <span class='ocrx_word' id='word_1_314' title='bbox 2223 1678 2276 1722; x_wconf 93' lang='lat' dir='ltr'><strong>et</strong></span> <span class='ocrx_word' id='word_1_315' title='bbox 2297 1668 2399 1723; x_wconf 85' lang='lat' dir='ltr'><strong>hac</strong></span> <span class='ocrx_word' id='word_1_316' title='bbox 2439 1669 2522 1721; x_wconf 79' lang='lat' dir='ltr'><strong>via</strong></span> <span class='ocrx_word' id='word_1_317' title='bbox 2555 1684 2653 1722; x_wconf 81' lang='lat' dir='ltr'><strong>vos</strong></span> <span class='ocrx_word' id='word_1_318' title='bbox 2672 1679 2903 1733; x_wconf 87' lang='lat' dir='ltr'><strong>utentes,</strong></span> <span class='ocrx_word' id='word_1_319' title='bbox 2933 1669 3072 1734; x_wconf 86' lang='lat' dir='ltr'><strong>seio,</strong></span> <span class='ocrx_word' id='word_1_320' title='bbox 3107 1669 3160 1723; x_wconf 89' lang='lat' dir='ltr'><strong>in</strong></span> <span class='ocrx_word' id='word_1_321' title='bbox 3191 1669 3591 1724; x_wconf 85' lang='lat' dir='ltr'><strong>dissensionem</strong></span> 
     </span>
    </p>
   </div>
   <div class='ocr_carea' id='block_1_47' title="bbox 2028 1757 3600 1829">
    <p class='ocr_par' dir='ltr' id='par_1_47' title="bbox 2028 1757 3600 1829">
     <span class='ocr_line' id='line_1_47' title="bbox 2028 1757 3600 1829; baseline -0.001 -18"><span class='ocrx_word' id='word_1_322' title='bbox 2028 1757 2209 1827; x_wconf 90' lang='lat' dir='ltr'><strong>potius</strong></span> <span class='ocrx_word' id='word_1_323' title='bbox 2233 1768 2286 1812; x_wconf 91' lang='lat' dir='ltr'><strong>et</strong></span> <span class='ocrx_word' id='word_1_324' title='bbox 2315 1758 2791 1814; x_wconf 88' lang='lat' dir='ltr'><strong>concertationem</strong></span> <span class='ocrx_word' id='word_1_325' title='bbox 2832 1757 3084 1828; x_wconf 75' lang='lat' dir='ltr'><strong>agimini,</strong></span> <span class='ocrx_word' id='word_1_326' title='bbox 3117 1759 3399 1829; x_wconf 76' lang='lat' dir='ltr'><strong>magisque</strong></span> <span class='ocrx_word' id='word_1_327' title='bbox 3436 1759 3600 1812; x_wconf 90' lang='lat' dir='ltr'><strong>etiam</strong></span> 
     </span>
    </p>
   </div>
   <div class='ocr_carea' id='block_1_48' title="bbox 2027 1850 3024 1919">
    <p class='ocr_par' dir='ltr' id='par_1_48' title="bbox 2027 1850 3024 1919">
     <span class='ocr_line' id='line_1_48' title="bbox 2027 1850 3024 1919; baseline 0.002 -17"><span class='ocrx_word' id='word_1_328' title='bbox 2027 1850 2262 1919; x_wconf 82' lang='lat' dir='ltr'><strong>agemini</strong></span> <span class='ocrx_word' id='word_1_329' title='bbox 2318 1866 2481 1916; x_wconf 87' lang='lat' dir='ltr'><strong>quam</strong></span> <span class='ocrx_word' id='word_1_330' title='bbox 2506 1850 2558 1903; x_wconf 93' lang='lat' dir='ltr'><strong>in</strong></span> <span class='ocrx_word' id='word_1_331' title='bbox 2586 1851 3024 1904; x_wconf 85' lang='lat' dir='ltr'><strong>consensionem.</strong></span> 
     </span>
    </p>
   </div>
   <div class='ocr_carea' id='block_1_49' title="bbox 2095 1941 3604 2011">
    <p class='ocr_par' dir='ltr' id='par_1_49' title="bbox 2095 1941 3604 2011">
     <span class='ocr_line' id='line_1_49' title="bbox 2095 1941 3604 2011; baseline 0.001 -17"><span class='ocrx_word' id='word_1_332' title='bbox 2095 1941 2232 1994; x_wconf 82' lang='lat' dir='ltr'><strong>Cum</strong></span> <span class='ocrx_word' id='word_1_333' title='bbox 2257 1941 2421 2009; x_wconf 79' lang='lat' dir='ltr'><strong>igitur</strong></span> <span class='ocrx_word' id='word_1_334' title='bbox 2449 1941 2563 1995; x_wconf 69' lang='lat' dir='ltr'><strong>liam</strong></span> <span class='ocrx_word' id='word_1_335' title='bbox 2598 1942 2667 1994; x_wconf 86' lang='lat' dir='ltr'><strong>ita</strong></span> <span class='ocrx_word' id='word_1_336' title='bbox 2704 1957 2763 1995; x_wconf 90' lang='lat' dir='ltr'><strong>se</strong></span> <span class='ocrx_word' id='word_1_337' title='bbox 2807 1944 3062 2004; x_wconf 85' lang='lat' dir='ltr'><strong>habeant,</strong></span> <span class='ocrx_word' id='word_1_338' title='bbox 3101 1942 3211 1998; x_wconf 87' lang='lat' dir='ltr'><strong>Deo</strong></span> <span class='ocrx_word' id='word_1_339' title='bbox 3245 1953 3485 2011; x_wconf 80' lang='lat' dir='ltr'><strong>gratum,</strong></span> <span class='ocrx_word' id='word_1_340' title='bbox 3548 1952 3604 1997; x_wconf 90' lang='lat' dir='ltr'><strong>et</strong></span> 
     </span>
    </p>
   </div>
   <div class='ocr_carea' id='block_1_50' title="bbox 2028 2032 3604 2103">
    <p class='ocr_par' dir='ltr' id='par_1_50' title="bbox 2028 2032 3604 2103">
     <span class='ocr_line' id='line_1_50' title="bbox 2028 2032 3604 2103; baseline 0.001 -17"><span class='ocrx_word' id='word_1_341' title='bbox 2028 2032 2287 2087; x_wconf 67' lang='lat' dir='ltr'><strong>Ecclesia:</strong></span> <span class='ocrx_word' id='word_1_342' title='bbox 2312 2032 2631 2086; x_wconf 75' lang='lat' dir='ltr'><strong>doctoribus</strong></span> <span class='ocrx_word' id='word_1_343' title='bbox 2676 2033 2983 2102; x_wconf 87' lang='lat' dir='ltr'><strong>jucundum</strong></span> <span class='ocrx_word' id='word_1_344' title='bbox 3011 2034 3138 2099; x_wconf 90' lang='lat' dir='ltr'><strong>erit,</strong></span> <span class='ocrx_word' id='word_1_345' title='bbox 3175 2035 3445 2103; x_wconf 79' lang='lat' dir='ltr'><strong>nobisque</strong></span> <span class='ocrx_word' id='word_1_346' title='bbox 3509 2034 3604 2088; x_wconf 90' lang='lat' dir='ltr'><strong>de-</strong></span> 
     </span>
    </p>
   </div>
   <div class='ocr_carea' id='block_1_51' title="bbox 2030 2106 3603 2189">
    <p class='ocr_par' dir='ltr' id='par_1_51' title="bbox 2030 2106 3603 2189">
     <span class='ocr_line' id='line_1_51' title="bbox 2030 2106 3603 2189; baseline 0.001 -13"><span class='ocrx_word' id='word_1_347' title='bbox 2030 2137 2244 2188; x_wconf 89' lang='lat' dir='ltr'><strong>corum,</strong></span> <span class='ocrx_word' id='word_1_348' title='bbox 2268 2130 2322 2177; x_wconf 91' lang='lat' dir='ltr'><strong>et</strong></span> <span class='ocrx_word' id='word_1_349' title='bbox 2342 2133 2596 2189; x_wconf 70' lang='lat' dir='ltr'><strong>praeterea</strong></span> <span class='ocrx_word' id='word_1_350' title='bbox 2628 2124 2805 2189; x_wconf 80' lang='lat' dir='ltr'><strong>facile,</strong></span> <span class='ocrx_word' id='word_1_351' title='bbox 2837 2124 3022 2179; x_wconf 89' lang='lat' dir='ltr'><strong>multis</strong></span> <span class='ocrx_word' id='word_1_352' title='bbox 3048 2124 3278 2179; x_wconf 87' lang='lat' dir='ltr'><strong>omissis</strong></span> <span class='ocrx_word' id='word_1_353' title='bbox 3328 2106 3603 2178; x_wconf 76' lang='lat' dir='ltr'><strong>sermoni-</strong></span> 
     </span>
    </p>
   </div>
   <div class='ocr_carea' id='block_1_52' title="bbox 2030 2214 3605 2284">
    <p class='ocr_par' dir='ltr' id='par_1_52' title="bbox 2030 2214 3605 2284">
     <span class='ocr_line' id='line_1_52' title="bbox 2030 2214 3605 2284; baseline -0.001 -15"><span class='ocrx_word' id='word_1_354' title='bbox 2030 2214 2154 2276; x_wconf 84' lang='lat' dir='ltr'><strong>bus,</strong></span> <span class='ocrx_word' id='word_1_355' title='bbox 2184 2215 2440 2268; x_wconf 72' lang='lat' dir='ltr'><strong>unionem</strong></span> <span class='ocrx_word' id='word_1_356' title='bbox 2465 2215 2991 2284; x_wconf 81' lang='lat' dir='ltr'><strong>amplecti,cumque</strong></span> <span class='ocrx_word' id='word_1_357' title='bbox 3020 2216 3110 2269; x_wconf 85' lang='lat' dir='ltr'><strong>illa</strong></span> <span class='ocrx_word' id='word_1_358' title='bbox 3138 2216 3359 2269; x_wconf 76' lang='lat' dir='ltr'><strong>deruunt</strong></span> <span class='ocrx_word' id='word_1_359' title='bbox 3384 2214 3605 2268; x_wconf 78' lang='lat' dir='ltr'><strong>reverti.</strong></span> 
     </span>
    </p>
   </div>
   <div class='ocr_carea' id='block_1_53' title="bbox 2032 2306 3696 2376">
    <p class='ocr_par' dir='ltr' id='par_1_53' title="bbox 2032 2306 3696 2376">
     <span class='ocr_line' id='line_1_53' title="bbox 2032 2306 3696 2376; baseline 0.001 -16"><span class='ocrx_word' id='word_1_360' title='bbox 2032 2307 2151 2361; x_wconf 85' lang='lat' dir='ltr'><strong>Nec</strong></span> <span class='ocrx_word' id='word_1_361' title='bbox 2203 2306 2305 2361; x_wconf 75' lang='lat' dir='ltr'><strong>erit</strong></span> <span class='ocrx_word' id='word_1_362' title='bbox 2332 2322 2557 2376; x_wconf 87' lang='lat' dir='ltr'><strong>prorsus</strong></span> <span class='ocrx_word' id='word_1_363' title='bbox 2584 2306 2787 2375; x_wconf 88' lang='lat' dir='ltr'><strong>aliquid</strong></span> <span class='ocrx_word' id='word_1_364' title='bbox 2830 2307 2986 2361; x_wconf 84' lang='lat' dir='ltr'><strong>nobis</strong></span> <span class='ocrx_word' id='word_1_365' title='bbox 3036 2307 3421 2373; x_wconf 80' lang='lat' dir='ltr'><strong>impedimento</strong></span> <span class='ocrx_word' id='word_1_366' title='bbox 3469 2322 3609 2375; x_wconf 82' lang='lat' dir='ltr'><strong>qno-</strong></span> <span class='ocrx_word' id='word_1_367' title='bbox 3691 2314 3696 2318; x_wconf 83' lang='grc'><strong>’</strong></span> 
     </span>
    </p>
   </div>
   <div class='ocr_carea' id='block_1_54' title="bbox 2034 2396 3607 2465">
    <p class='ocr_par' dir='ltr' id='par_1_54' title="bbox 2034 2396 3607 2465">
     <span class='ocr_line' id='line_1_54' title="bbox 2034 2396 3607 2465; baseline -0.001 -14"><span class='ocrx_word' id='word_1_368' title='bbox 2034 2396 2217 2452; x_wconf 70' lang='lat' dir='ltr'><strong>minus</strong></span> <span class='ocrx_word' id='word_1_369' title='bbox 2268 2411 2496 2464; x_wconf 86' lang='lat' dir='ltr'><strong>agamus</strong></span> <span class='ocrx_word' id='word_1_370' title='bbox 2522 2412 2584 2450; x_wconf 82' lang='lat' dir='ltr'><strong>ea</strong></span> <span class='ocrx_word' id='word_1_371' title='bbox 2611 2413 2845 2465; x_wconf 89' lang='lat' dir='ltr'><strong>quorum</strong></span> <span class='ocrx_word' id='word_1_372' title='bbox 2897 2396 3047 2451; x_wconf 89' lang='lat' dir='ltr'><strong>ducti</strong></span> <span class='ocrx_word' id='word_1_373' title='bbox 3099 2397 3373 2451; x_wconf 88' lang='lat' dir='ltr'><strong>desiderio</strong></span> <span class='ocrx_word' id='word_1_374' title='bbox 3414 2412 3607 2451; x_wconf 87' lang='lat' dir='ltr'><strong>sumus</strong></span> 
     </span>
    </p>
   </div>
   <div class='ocr_carea' id='block_1_55' title="bbox 2035 2485 3606 2556">
    <p class='ocr_par' dir='ltr' id='par_1_55' title="bbox 2035 2485 3606 2556">
     <span class='ocr_line' id='line_1_55' title="bbox 2035 2485 3606 2556; baseline -0.001 -15"><span class='ocrx_word' id='word_1_375' title='bbox 2035 2488 2141 2542; x_wconf 88' lang='lat' dir='ltr'><strong>huc</strong></span> <span class='ocrx_word' id='word_1_376' title='bbox 2196 2485 2475 2556; x_wconf 81' lang='lat' dir='ltr'><strong>proiecti:</strong></span> <span class='ocrx_word' id='word_1_377' title='bbox 2521 2501 2644 2540; x_wconf 83' lang='lat' dir='ltr'><strong>cum</strong></span> <span class='ocrx_word' id='word_1_378' title='bbox 2696 2486 3015 2541; x_wconf 84' lang='lat' dir='ltr'><strong>Latinorum</strong></span> <span class='ocrx_word' id='word_1_379' title='bbox 3063 2488 3281 2556; x_wconf 82' lang='lat' dir='ltr'><strong>quidem</strong></span> <span class='ocrx_word' id='word_1_380' title='bbox 3337 2489 3606 2541; x_wconf 78' lang='lat' dir='ltr'><strong>sententia</strong></span> 
     </span>
    </p>
   </div>
   <div class='ocr_carea' id='block_1_56' title="bbox 2035 2577 3615 2648">
    <p class='ocr_par' dir='ltr' id='par_1_56' title="bbox 2035 2577 3615 2648">
     <span class='ocr_line' id='line_1_56' title="bbox 2035 2577 3615 2648; baseline -0.001 -16"><span class='ocrx_word' id='word_1_381' title='bbox 2035 2578 2296 2633; x_wconf 81' lang='lat' dir='ltr'><strong>luleiatur</strong></span> <span class='ocrx_word' id='word_1_382' title='bbox 2356 2586 2436 2632; x_wconf 90' lang='lat' dir='ltr'><strong>tot</strong></span> <span class='ocrx_word' id='word_1_383' title='bbox 2466 2578 2711 2643; x_wconf 83' lang='lat' dir='ltr'><strong>testibus,</strong></span> <span class='ocrx_word' id='word_1_384' title='bbox 2770 2589 2826 2633; x_wconf 90' lang='lat' dir='ltr'><strong>et</strong></span> <span class='ocrx_word' id='word_1_385' title='bbox 2881 2593 3278 2647; x_wconf 80' lang='lat' dir='ltr'><strong>usquequaque</strong></span> <span class='ocrx_word' id='word_1_386' title='bbox 3326 2577 3492 2648; x_wconf 70' lang='lat' dir='ltr'><strong>digna</strong></span> <span class='ocrx_word' id='word_1_387' title='bbox 3539 2580 3615 2631; x_wconf 89' lang='lat' dir='ltr'><strong>sit</strong></span> 
     </span>
    </p>
   </div>
   <div class='ocr_carea' id='block_1_57' title="bbox 2034 2669 3609 2740">
    <p class='ocr_par' dir='ltr' id='par_1_57' title="bbox 2034 2669 3609 2740">
     <span class='ocr_line' id='line_1_57' title="bbox 2034 2669 3609 2740; baseline -0.001 -16"><span class='ocrx_word' id='word_1_388' title='bbox 2034 2686 2155 2740; x_wconf 73' lang='lat' dir='ltr'><strong>qna:</strong></span> <span class='ocrx_word' id='word_1_389' title='bbox 2173 2670 2461 2735; x_wconf 90' lang='lat' dir='ltr'><strong>credatur;</strong></span> <span class='ocrx_word' id='word_1_390' title='bbox 2494 2669 2653 2725; x_wconf 89' lang='lat' dir='ltr'><strong>nobis</strong></span> <span class='ocrx_word' id='word_1_391' title='bbox 2697 2684 2826 2724; x_wconf 88' lang='lat' dir='ltr'><strong>vero</strong></span> <span class='ocrx_word' id='word_1_392' title='bbox 2870 2670 3026 2725; x_wconf 89' lang='lat' dir='ltr'><strong>liceat</strong></span> <span class='ocrx_word' id='word_1_393' title='bbox 3058 2685 3183 2724; x_wconf 71' lang='lat' dir='ltr'><strong>eum</strong></span> <span class='ocrx_word' id='word_1_394' title='bbox 3225 2669 3308 2724; x_wconf 88' lang='lat' dir='ltr'><strong>eis</strong></span> <span class='ocrx_word' id='word_1_395' title='bbox 3350 2670 3609 2738; x_wconf 80' lang='lat' dir='ltr'><strong>conjungi</strong></span> 
     </span>
    </p>
   </div>
   <div class='ocr_carea' id='block_1_58' title="bbox 2038 2757 3608 2831">
    <p class='ocr_par' dir='ltr' id='par_1_58' title="bbox 2038 2757 3608 2831">
     <span class='ocr_line' id='line_1_58' title="bbox 2038 2757 3608 2831; baseline -0.001 -18"><span class='ocrx_word' id='word_1_396' title='bbox 2038 2760 2186 2813; x_wconf 83' lang='lat' dir='ltr'><strong>nulla.</strong></span> <span class='ocrx_word' id='word_1_397' title='bbox 2215 2760 2270 2814; x_wconf 92' lang='lat' dir='ltr'><strong>in</strong></span> <span class='ocrx_word' id='word_1_398' title='bbox 2324 2759 2586 2831; x_wconf 83' lang='lat' dir='ltr'><strong>Symbolo</strong></span> <span class='ocrx_word' id='word_1_399' title='bbox 2636 2757 2775 2814; x_wconf 76' lang='lat' dir='ltr'><strong>facta</strong></span> <span class='ocrx_word' id='word_1_400' title='bbox 2832 2760 3214 2814; x_wconf 80' lang='lat' dir='ltr'><strong>innovatione.</strong></span> <span class='ocrx_word' id='word_1_401' title='bbox 3272 2758 3338 2814; x_wconf 81' lang='lat' dir='ltr'><strong>Et</strong></span> <span class='ocrx_word' id='word_1_402' title='bbox 3389 2760 3608 2828; x_wconf 82' lang='lat' dir='ltr'><strong>quidem</strong></span> 
     </span>
    </p>
   </div>
   <div class='ocr_carea' id='block_1_59' title="bbox 2037 2848 3612 2919">
    <p class='ocr_par' dir='ltr' id='par_1_59' title="bbox 2037 2848 3612 2919">
     <span class='ocr_line' id='line_1_59' title="bbox 2037 2848 3612 2919; baseline -0.001 -15"><span class='ocrx_word' id='word_1_403' title='bbox 2037 2848 2175 2905; x_wconf 83' lang='lat' dir='ltr'><strong>bene</strong></span> <span class='ocrx_word' id='word_1_404' title='bbox 2205 2852 2379 2905; x_wconf 88' lang='lat' dir='ltr'><strong>nostis</strong></span> <span class='ocrx_word' id='word_1_405' title='bbox 2417 2866 2610 2906; x_wconf 88' lang='lat' dir='ltr'><strong>omnes</strong></span> <span class='ocrx_word' id='word_1_406' title='bbox 2658 2849 2988 2919; x_wconf 83' lang='lat' dir='ltr'><strong>peculiarem</strong></span> <span class='ocrx_word' id='word_1_407' title='bbox 3021 2864 3241 2905; x_wconf 78' lang='lat' dir='ltr'><strong>causam</strong></span> <span class='ocrx_word' id='word_1_408' title='bbox 3303 2864 3405 2903; x_wconf 89' lang='lat' dir='ltr'><strong>cur</strong></span> <span class='ocrx_word' id='word_1_409' title='bbox 3460 2858 3612 2919; x_wconf 79' lang='lat' dir='ltr'><strong>opta-</strong></span> 
     </span>
    </p>
   </div>
   <div class='ocr_carea' id='block_1_60' title="bbox 2036 2941 3613 3012">
    <p class='ocr_par' dir='ltr' id='par_1_60' title="bbox 2036 2941 3613 3012">
     <span class='ocr_line' id='line_1_60' title="bbox 2036 2941 3613 3012; baseline 0.001 -17"><span class='ocrx_word' id='word_1_410' title='bbox 2036 2944 2298 3007; x_wconf 80' lang='lat' dir='ltr'><strong>verimus,</strong></span> <span class='ocrx_word' id='word_1_411' title='bbox 2324 2944 2619 3012; x_wconf 84' lang='lat' dir='ltr'><strong>multisque</strong></span> <span class='ocrx_word' id='word_1_412' title='bbox 2637 2944 2738 2997; x_wconf 82' lang='lat' dir='ltr'><strong>viis</strong></span> <span class='ocrx_word' id='word_1_413' title='bbox 2769 2941 3111 2996; x_wconf 77' lang='lat' dir='ltr'><strong>eﬂiciendum</strong></span> <span class='ocrx_word' id='word_1_414' title='bbox 3135 2943 3297 2997; x_wconf 87' lang='lat' dir='ltr'><strong>enixe</strong></span> <span class='ocrx_word' id='word_1_415' title='bbox 3330 2942 3613 2997; x_wconf 79' lang='lat' dir='ltr'><strong>curaveri-</strong></span> 
     </span>
    </p>
   </div>
   <div class='ocr_carea' id='block_1_61' title="bbox 369 3025 1933 3129">
    <p class='ocr_par' dir='ltr' id='par_1_61' title="bbox 369 3025 1933 3129">
     <span class='ocr_line' id='line_1_61' title="bbox 369 3025 1933 3129; baseline -0.009 -39"><span class='ocrx_word' id='word_1_416' title='bbox 369 3034 544 3106; x_wconf 73' lang='grc' dir='ltr'><strong>τίρων</strong></span> <span class='ocrx_word' id='word_1_417' title='bbox 579 3035 798 3105; x_wconf 79' lang='grc' dir='ltr'><strong>μάλιστ’</strong></span> <span class='ocrx_word' id='word_1_418' title='bbox 824 3034 893 3088; x_wconf 77' lang='grc' dir='ltr'><strong>ἂν</strong></span> <span class='ocrx_word' id='word_1_419' title='bbox 923 3032 1029 3087; x_wconf 78' lang='grc' dir='ltr'><strong>ὑπὸ</strong></span> <span class='ocrx_word' id='word_1_420' title='bbox 1068 3030 1268 3095; x_wconf 66' lang='grc' dir='ltr'><strong>παντὸς</strong></span> <span class='ocrx_word' id='word_1_421' title='bbox 1302 3027 1655 3101; x_wconf 84' lang='grc' dir='ltr'><strong>ζητηθεῖσαν,</strong></span> <span class='ocrx_word' id='word_1_422' title='bbox 1684 3025 1744 3129; x_wconf 50' lang='lat' dir='ltr'><strong>es</strong></span> <span class='ocrx_word' id='word_1_423' title='bbox 1785 3026 1933 3094; x_wconf 77' lang='grc' dir='ltr'><strong>παρὰ</strong></span> 
     </span>
    </p>
   </div>
   <div class='ocr_carea' id='block_1_62' title="bbox 2039 3025 3611 3129">
    <p class='ocr_par' dir='ltr' id='par_1_62' title="bbox 2042 3033 3611 3104">
     <span class='ocr_line' id='line_1_62' title="bbox 2042 3033 3611 3104; baseline 0 -17"><span class='ocrx_word' id='word_1_424' title='bbox 2042 3048 2183 3099; x_wconf 78' lang='lat' dir='ltr'><strong>mus,</strong></span> <span class='ocrx_word' id='word_1_425' title='bbox 2227 3036 2686 3103; x_wconf 81' lang='lat' dir='ltr'><strong>potissimumque</strong></span> <span class='ocrx_word' id='word_1_426' title='bbox 2735 3050 2907 3104; x_wconf 85' lang='lat' dir='ltr'><strong>prope</strong></span> <span class='ocrx_word' id='word_1_427' title='bbox 2958 3035 3121 3088; x_wconf 79' lang='lat' dir='ltr'><strong>tinem</strong></span> <span class='ocrx_word' id='word_1_428' title='bbox 3170 3033 3611 3103; x_wconf 84' lang='lat' dir='ltr'><strong>perduxerimus.</strong></span> 
     </span>
    </p>
   </div>
   <div class='ocr_carea' id='block_1_63' title="bbox 374 3115 1938 3193">
    <p class='ocr_par' dir='ltr' id='par_1_63' title="bbox 374 3115 1938 3193">
     <span class='ocr_line' id='line_1_63' title="bbox 374 3115 1938 3193; baseline -0.008 -13"><span class='ocrx_word' id='word_1_429' title='bbox 374 3128 483 3180; x_wconf 85' lang='grc' dir='ltr'><strong>τῶν</strong></span> <span class='ocrx_word' id='word_1_430' title='bbox 501 3125 718 3181; x_wconf 73' lang='grc' dir='ltr'><strong>ἀσεϐῶν</strong></span> <span class='ocrx_word' id='word_1_431' title='bbox 735 3126 854 3189; x_wconf 81' lang='grc' dir='ltr'><strong>δέος</strong></span> <span class='ocrx_word' id='word_1_432' title='bbox 884 3127 978 3180; x_wconf 74' lang='grc' dir='ltr'><strong>καὶ</strong></span> <span class='ocrx_word' id='word_1_433' title='bbox 998 3124 1067 3178; x_wconf 80' lang='grc' dir='ltr'><strong>τὰ</strong></span> <span class='ocrx_word' id='word_1_434' title='bbox 1086 3120 1364 3193; x_wconf 80' lang='grc' dir='ltr'><strong>πράγμαθ’</strong></span> <span class='ocrx_word' id='word_1_435' title='bbox 1389 3120 1522 3190; x_wconf 79' lang='grc' dir='ltr'><strong>ἡμῖν</strong></span> <span class='ocrx_word' id='word_1_436' title='bbox 1545 3119 1624 3179; x_wconf 82' lang='grc' dir='ltr'><strong>εἰς</strong></span> <span class='ocrx_word' id='word_1_437' title='bbox 1642 3115 1938 3186; x_wconf 78' lang='grc' dir='ltr'><strong>τοῦσχατον</strong></span> 
     </span>
    </p>
   </div>
   <div class='ocr_carea' id='block_1_64' title="bbox 372 3208 1940 3290">
    <p class='ocr_par' dir='ltr' id='par_1_64' title="bbox 372 3208 1940 3290">
     <span class='ocr_line' id='line_1_64' title="bbox 372 3208 1940 3290; baseline -0.009 -16"><span class='ocrx_word' id='word_1_438' title='bbox 372 3219 576 3289; x_wconf 65' lang='grc' dir='ltr'><strong>ἥκοντα</strong></span> <span class='ocrx_word' id='word_1_439' title='bbox 606 3218 920 3290; x_wconf 77' lang='grc' dir='ltr'><strong>δυστυχίας,</strong></span> <span class='ocrx_word' id='word_1_440' title='bbox 966 3218 1060 3271; x_wconf 74' lang='grc' dir='ltr'><strong>καὶ</strong></span> <span class='ocrx_word' id='word_1_441' title='bbox 1090 3215 1328 3285; x_wconf 79' lang='grc' dir='ltr'><strong>ποθῆσαι</strong></span> <span class='ocrx_word' id='word_1_442' title='bbox 1376 3215 1473 3268; x_wconf 76' lang='grc' dir='ltr'><strong>καὶ</strong></span> <span class='ocrx_word' id='word_1_443' title='bbox 1521 3212 1823 3267; x_wconf 87' lang='grc' dir='ltr'><strong>σπουδάσαι</strong></span> <span class='ocrx_word' id='word_1_444' title='bbox 1851 3208 1940 3262; x_wconf 73' lang='grc' dir='ltr'><strong>διὰ</strong></span> 
     </span>
    </p>
   </div>
   <div class='ocr_carea' id='block_1_65' title="bbox 374 3299 1939 3381">
    <p class='ocr_par' dir='ltr' id='par_1_65' title="bbox 374 3299 1939 3381">
     <span class='ocr_line' id='line_1_65' title="bbox 374 3299 1939 3381; baseline -0.008 -16"><span class='ocrx_word' id='word_1_445' title='bbox 374 3311 611 3375; x_wconf 78' lang='grc' dir='ltr'>πολλῶν,</span> <span class='ocrx_word' id='word_1_446' title='bbox 652 3311 748 3365; x_wconf 70' lang='grc' dir='ltr'><strong>καὶ</strong></span> <span class='ocrx_word' id='word_1_447' title='bbox 792 3310 875 3363; x_wconf 87' lang='grc' dir='ltr'><strong>δτι</strong></span> <span class='ocrx_word' id='word_1_448' title='bbox 908 3309 1144 3381; x_wconf 79' lang='grc' dir='ltr'><strong>μάλιστα</strong></span> <span class='ocrx_word' id='word_1_449' title='bbox 1172 3306 1267 3360; x_wconf 89' lang='grc' dir='ltr'><strong>τοῦ</strong></span> <span class='ocrx_word' id='word_1_450' title='bbox 1323 3304 1514 3368; x_wconf 77' lang='grc' dir='ltr'><strong>τέλους</strong></span> <span class='ocrx_word' id='word_1_451' title='bbox 1556 3303 1725 3372; x_wconf 69' lang='grc' dir='ltr'><strong>ὶγγῦς</strong></span> <span class='ocrx_word' id='word_1_452' title='bbox 1770 3299 1939 3371; x_wconf 81' lang='grc' dir='ltr'><strong>αὐτὴν</strong></span> 
     </span>
    </p>
   </div>
   <div class='ocr_carea' id='block_1_66' title="bbox 374 3394 1940 3474">
    <p class='ocr_par' dir='ltr' id='par_1_66' title="bbox 374 3394 1940 3474">
     <span class='ocr_line' id='line_1_66' title="bbox 374 3394 1940 3474; baseline -0.008 -16"><span class='ocrx_word' id='word_1_453' title='bbox 374 3405 630 3473; x_wconf 77' lang='grc' dir='ltr'><strong>ἀγαγεῖν,</strong></span> <span class='ocrx_word' id='word_1_454' title='bbox 662 3404 731 3456; x_wconf 82' lang='grc' dir='ltr'><strong>τὰ</strong></span> <span class='ocrx_word' id='word_1_455' title='bbox 782 3403 892 3474; x_wconf 81' lang='grc' dir='ltr'><strong>γὰρ</strong></span> <span class='ocrx_word' id='word_1_456' title='bbox 928 3402 1133 3471; x_wconf 78' lang='grc' dir='ltr'><strong>μεταξὺ</strong></span> <span class='ocrx_word' id='word_1_457' title='bbox 1192 3397 1519 3469; x_wconf 70' lang='grc' dir='ltr'><strong>παραλείπω</strong></span> <span class='ocrx_word' id='word_1_458' title='bbox 1553 3395 1755 3459; x_wconf 77' lang='grc' dir='ltr'><strong>πάντα,</strong></span> <span class='ocrx_word' id='word_1_459' title='bbox 1794 3394 1940 3465; x_wconf 79' lang='grc' dir='ltr'><strong>ἡμᾶς</strong></span> 
     </span>
    </p>
   </div>
   <div class='ocr_carea' id='block_1_67' title="bbox 378 3482 1938 3561">
    <p class='ocr_par' dir='ltr' id='par_1_67' title="bbox 378 3482 1938 3561">
     <span class='ocr_line' id='line_1_67' title="bbox 378 3482 1938 3561; baseline -0.009 -13"><span class='ocrx_word' id='word_1_460' title='bbox 378 3482 525 3557; x_wconf 79' lang='grc' dir='ltr'><strong>ίδίως</strong></span> <span class='ocrx_word' id='word_1_461' title='bbox 545 3496 831 3561; x_wconf 70' lang='grc' dir='ltr'><strong>ἐποίησαν.</strong></span> <span class='ocrx_word' id='word_1_462' title='bbox 852 3493 945 3544; x_wconf 86' lang='grc' dir='ltr'><strong>Δεῖ</strong></span> <span class='ocrx_word' id='word_1_463' title='bbox 969 3491 1147 3543; x_wconf 82' lang='grc' dir='ltr'><strong>τοίνυν</strong></span> <span class='ocrx_word' id='word_1_464' title='bbox 1169 3489 1269 3558; x_wconf 83' lang='grc' dir='ltr'><strong>τῆς</strong></span> <span class='ocrx_word' id='word_1_465' title='bbox 1296 3486 1610 3560; x_wconf 76' lang='grc' dir='ltr'><strong>προθέσεως</strong></span> <span class='ocrx_word' id='word_1_466' title='bbox 1628 3484 1938 3555; x_wconf 69' lang='grc' dir='ltr'><strong>ἐχομένους,</strong></span> 
     </span>
    </p>
   </div>
   <div class='ocr_carea' id='block_1_68' title="bbox 375 3572 1942 3649">
    <p class='ocr_par' dir='ltr' id='par_1_68' title="bbox 375 3572 1942 3649">
     <span class='ocr_line' id='line_1_68' title="bbox 375 3572 1942 3649; baseline -0.008 -13"><span class='ocrx_word' id='word_1_467' title='bbox 375 3585 500 3636; x_wconf 70' lang='grc' dir='ltr'><strong>ἐπεὶ</strong></span> <span class='ocrx_word' id='word_1_468' title='bbox 530 3582 757 3635; x_wconf 84' lang='grc' dir='ltr'><strong>δυνατὸν</strong></span> <span class='ocrx_word' id='word_1_469' title='bbox 788 3581 885 3635; x_wconf 76' lang='grc' dir='ltr'><strong>καὶ</strong></span> <span class='ocrx_word' id='word_1_470' title='bbox 929 3580 1205 3649; x_wconf 82' lang='grc' dir='ltr'><strong>εὐπρεπές</strong></span> <span class='ocrx_word' id='word_1_471' title='bbox 1252 3580 1391 3643; x_wconf 77' lang='grc' dir='ltr'><strong>ἐστι,</strong></span> <span class='ocrx_word' id='word_1_472' title='bbox 1418 3576 1625 3644; x_wconf 89' lang='grc' dir='ltr'><strong>ταύτην</strong></span> <span class='ocrx_word' id='word_1_473' title='bbox 1675 3574 1757 3636; x_wconf 86' lang='grc' dir='ltr'><strong>εἰς</strong></span> <span class='ocrx_word' id='word_1_474' title='bbox 1789 3572 1942 3633; x_wconf 78' lang='grc' dir='ltr'><strong>τέλος</strong></span> 
     </span>
    </p>
   </div>
   <div class='ocr_carea' id='block_1_69' title="bbox 378 3666 1941 3742">
    <p class='ocr_par' dir='ltr' id='par_1_69' title="bbox 378 3666 1941 3742">
     <span class='ocr_line' id='line_1_69' title="bbox 378 3666 1941 3742; baseline -0.008 -14"><span class='ocrx_word' id='word_1_475' title='bbox 378 3674 704 3742; x_wconf 72' lang='grc' dir='ltr'><strong>ἰξενεγκεῖν.</strong></span> <span class='ocrx_word' id='word_1_476' title='bbox 740 3674 947 3735; x_wconf 81' lang='grc' dir='ltr'><strong>’Δλλως</strong></span> <span class='ocrx_word' id='word_1_477' title='bbox 989 3672 1035 3724; x_wconf 78' lang='grc' dir='ltr'><strong>δ’</strong></span> <span class='ocrx_word' id='word_1_478' title='bbox 1083 3670 1151 3725; x_wconf 79' lang='grc' dir='ltr'><strong>ἂν</strong></span> <span class='ocrx_word' id='word_1_479' title='bbox 1207 3669 1561 3740; x_wconf 85' lang='grc' dir='ltr'><strong>ματαιότεροι</strong></span> <span class='ocrx_word' id='word_1_480' title='bbox 1586 3667 1804 3720; x_wconf 81' lang='grc' dir='ltr'><strong>πάντων</strong></span> <span class='ocrx_word' id='word_1_481' title='bbox 1844 3666 1941 3719; x_wconf 76' lang='grc' dir='ltr'><strong>ἁν-</strong></span> 
     </span>
    </p>
   </div>
   <div class='ocr_carea' id='block_1_70' title="bbox 377 3756 1942 3837">
    <p class='ocr_par' dir='ltr' id='par_1_70' title="bbox 377 3756 1942 3837">
     <span class='ocr_line' id='line_1_70' title="bbox 377 3756 1942 3837; baseline -0.007 -18"><span class='ocrx_word' id='word_1_482' title='bbox 377 3766 614 3837; x_wconf 80' lang='grc' dir='ltr'><strong>θρὼπων</strong></span> <span class='ocrx_word' id='word_1_483' title='bbox 644 3765 904 3835; x_wconf 72' lang='grc' dir='ltr'><strong>ἐδόξαμεν</strong></span> <span class='ocrx_word' id='word_1_484' title='bbox 942 3760 1103 3827; x_wconf 73' lang='grc' dir='ltr'><strong>εἶναι,</strong></span> <span class='ocrx_word' id='word_1_485' title='bbox 1138 3762 1187 3815; x_wconf 88' lang='grc' dir='ltr'><strong>εί</strong></span> <span class='ocrx_word' id='word_1_486' title='bbox 1236 3761 1407 3815; x_wconf 79' lang='grc' dir='ltr'><strong>πολλὰ</strong></span> <span class='ocrx_word' id='word_1_487' title='bbox 1446 3760 1548 3829; x_wconf 77' lang='grc' dir='ltr'><strong>μὲν</strong></span> <span class='ocrx_word' id='word_1_488' title='bbox 1598 3758 1739 3827; x_wconf 80' lang='grc' dir='ltr'><strong>ὑπὲρ</strong></span> <span class='ocrx_word' id='word_1_489' title='bbox 1772 3756 1942 3825; x_wconf 83' lang='grc' dir='ltr'><strong>αὐτῆς</strong></span> 
     </span>
    </p>
   </div>
   <div class='ocr_carea' id='block_1_71' title="bbox 378 3848 1940 3921">
    <p class='ocr_par' dir='ltr' id='par_1_71' title="bbox 378 3848 1940 3921">
     <span class='ocr_line' id='line_1_71' title="bbox 378 3848 1940 3921; baseline -0.008 -10"><span class='ocrx_word' id='word_1_490' title='bbox 378 3858 736 3920; x_wconf 75' lang='grc' dir='ltr'><strong>ὑποστάντες,</strong></span> <span class='ocrx_word' id='word_1_491' title='bbox 784 3855 995 3909; x_wconf 83' lang='grc' dir='ltr'><strong>πολλῶν</strong></span> <span class='ocrx_word' id='word_1_492' title='bbox 1023 3855 1081 3908; x_wconf 77' lang='grc' dir='ltr'><strong>δὲ</strong></span> <span class='ocrx_word' id='word_1_493' title='bbox 1110 3853 1331 3921; x_wconf 79' lang='grc' dir='ltr'><strong>ἀγαθῶν</strong></span> <span class='ocrx_word' id='word_1_494' title='bbox 1356 3852 1538 3904; x_wconf 70' lang='grc' dir='ltr'><strong>ἐλπίσι</strong></span> <span class='ocrx_word' id='word_1_495' title='bbox 1567 3848 1940 3918; x_wconf 78' lang='grc' dir='ltr'><strong>κεκινημένοι,</strong></span> 
     </span>
    </p>
   </div>
   <div class='ocr_carea' id='block_1_72' title="bbox 379 3938 1943 4016">
    <p class='ocr_par' dir='ltr' id='par_1_72' title="bbox 379 3938 1943 4016">
     <span class='ocr_line' id='line_1_72' title="bbox 379 3938 1943 4016; baseline -0.01 -14"><span class='ocrx_word' id='word_1_496' title='bbox 379 3947 669 4002; x_wconf 64' lang='grc' dir='ltr'><strong>ἐπιδώσειν</strong></span> <span class='ocrx_word' id='word_1_497' title='bbox 694 3947 750 4000; x_wconf 81' lang='grc' dir='ltr'><strong>δὲ</strong></span> <span class='ocrx_word' id='word_1_498' title='bbox 780 3950 911 4016; x_wconf 78' lang='grc' dir='ltr'><strong>ἡμῖν</strong></span> <span class='ocrx_word' id='word_1_499' title='bbox 936 3946 1005 3998; x_wconf 83' lang='grc' dir='ltr'><strong>τὰ</strong></span> <span class='ocrx_word' id='word_1_500' title='bbox 1031 3944 1202 4006; x_wconf 71' lang='grc' dir='ltr'><strong>δεινὰ,</strong></span> <span class='ocrx_word' id='word_1_501' title='bbox 1232 3941 1327 3996; x_wconf 88' lang='grc' dir='ltr'><strong>τοῦ</strong></span> <span class='ocrx_word' id='word_1_502' title='bbox 1372 3942 1673 4011; x_wconf 83' lang='grc' dir='ltr'><strong>σχίσματος</strong></span> <span class='ocrx_word' id='word_1_503' title='bbox 1710 3938 1943 4008; x_wconf 71' lang='grc' dir='ltr'><strong>βεϐαιω-</strong></span> 
     </span>
    </p>
   </div>
   <div class='ocr_carea' id='block_1_73' title="bbox 378 4027 1946 4102">
    <p class='ocr_par' dir='ltr' id='par_1_73' title="bbox 378 4027 1946 4102">
     <span class='ocr_line' id='line_1_73' title="bbox 378 4027 1946 4102; baseline -0.007 -13"><span class='ocrx_word' id='word_1_504' title='bbox 378 4032 584 4102; x_wconf 82' lang='grc' dir='ltr'><strong>θέντος,</strong></span> <span class='ocrx_word' id='word_1_505' title='bbox 613 4037 813 4097; x_wconf 77' lang='grc' dir='ltr'><strong>πάντες</strong></span> <span class='ocrx_word' id='word_1_506' title='bbox 845 4032 1215 4098; x_wconf 82' lang='grc' dir='ltr'><strong>πιστεύοντες,</strong></span> <span class='ocrx_word' id='word_1_507' title='bbox 1247 4027 1345 4085; x_wconf 79' lang='grc' dir='ltr'><strong>εἷθ’</strong></span> <span class='ocrx_word' id='word_1_508' title='bbox 1377 4031 1567 4101; x_wconf 83' lang='grc' dir='ltr'><strong>ὥσπερ</strong></span> <span class='ocrx_word' id='word_1_509' title='bbox 1617 4028 1946 4097; x_wconf 68' lang='grc' dir='ltr'><strong>ἐπιλαθόμε-</strong></span> 
     </span>
    </p>
   </div>
   <div class='ocr_carea' id='block_1_74' title="bbox 377 4120 1942 4191">
    <p class='ocr_par' dir='ltr' id='par_1_74' title="bbox 377 4120 1942 4191">
     <span class='ocr_line' id='line_1_74' title="bbox 377 4120 1942 4191; baseline -0.005 -12"><span class='ocrx_word' id='word_1_510' title='bbox 377 4145 460 4179; x_wconf 88' lang='grc' dir='ltr'><strong>νοι</strong></span> <span class='ocrx_word' id='word_1_511' title='bbox 481 4127 686 4180; x_wconf 88' lang='grc' dir='ltr'><strong>τούτων</strong></span> <span class='ocrx_word' id='word_1_512' title='bbox 714 4126 989 4191; x_wconf 74' lang='grc' dir='ltr'><strong>ἁπάντων,</strong></span> <span class='ocrx_word' id='word_1_513' title='bbox 1026 4127 1231 4188; x_wconf 82' lang='grc' dir='ltr'><strong>κεναῖς,</strong></span> <span class='ocrx_word' id='word_1_514' title='bbox 1253 4121 1329 4187; x_wconf 89' lang='grc' dir='ltr'>ῶς</span> <span class='ocrx_word' id='word_1_515' title='bbox 1361 4138 1515 4191; x_wconf 83' lang='grc' dir='ltr'><strong>φασι,</strong></span> <span class='ocrx_word' id='word_1_516' title='bbox 1544 4120 1700 4191; x_wconf 76' lang='grc' dir='ltr'><strong>χερσὶ</strong></span> <span class='ocrx_word' id='word_1_517' title='bbox 1721 4120 1816 4171; x_wconf 76' lang='grc' dir='ltr'><strong>καὶ</strong></span> <span class='ocrx_word' id='word_1_518' title='bbox 1838 4136 1942 4186; x_wconf 78' lang='grc' dir='ltr'><strong>μηο</strong></span> 
     </span>
    </p>
   </div>
   <div class='ocr_carea' id='block_1_75' title="bbox 374 4209 1941 4287">
    <p class='ocr_par' dir='ltr' id='par_1_75' title="bbox 374 4209 1941 4287">
     <span class='ocr_line' id='line_1_75' title="bbox 374 4209 1941 4287; baseline -0.007 -17"><span class='ocrx_word' id='word_1_519' title='bbox 374 4218 466 4270; x_wconf 77' lang='grc' dir='ltr'><strong>δέν</strong></span> <span class='ocrx_word' id='word_1_520' title='bbox 496 4217 807 4287; x_wconf 79' lang='grc' dir='ltr'><strong>πράξαντες</strong></span> <span class='ocrx_word' id='word_1_521' title='bbox 860 4215 1277 4285; x_wconf 80' lang='grc' dir='ltr'><strong>ὲπανέλθοιμεν,</strong></span> <span class='ocrx_word' id='word_1_522' title='bbox 1338 4214 1434 4268; x_wconf 78' lang='grc' dir='ltr'><strong>καὶ</strong></span> <span class='ocrx_word' id='word_1_523' title='bbox 1462 4212 1616 4266; x_wconf 79' lang='grc' dir='ltr'><strong>ταῦτ’</strong></span> <span class='ocrx_word' id='word_1_524' title='bbox 1668 4209 1941 4279; x_wconf 81' lang='grc' dir='ltr'><strong>εὐπρεπὲς</strong></span> 
     </span>
    </p>
   </div>
   <div class='ocr_carea' id='block_1_76' title="bbox 374 4301 1943 4379">
    <p class='ocr_par' dir='ltr' id='par_1_76' title="bbox 374 4301 1943 4379">
     <span class='ocr_line' id='line_1_76' title="bbox 374 4301 1943 4379; baseline -0.006 -17"><span class='ocrx_word' id='word_1_525' title='bbox 374 4309 525 4363; x_wconf 79' lang='grc' dir='ltr'><strong>οὕτω</strong></span> <span class='ocrx_word' id='word_1_526' title='bbox 552 4308 649 4362; x_wconf 84' lang='grc' dir='ltr'><strong>καὶ</strong></span> <span class='ocrx_word' id='word_1_527' title='bbox 678 4309 863 4379; x_wconf 80' lang='grc' dir='ltr'><strong>ῥᾴδιον</strong></span> <span class='ocrx_word' id='word_1_528' title='bbox 889 4306 971 4370; x_wconf 76' lang='grc' dir='ltr'><strong>ὃν,</strong></span> <span class='ocrx_word' id='word_1_529' title='bbox 1007 4310 1101 4360; x_wconf 56' lang='grc' dir='ltr'><strong>καὶ⁵</strong></span> <span class='ocrx_word' id='word_1_530' title='bbox 1133 4306 1359 4375; x_wconf 77' lang='grc' dir='ltr'><strong>μηδενὸς</strong></span> <span class='ocrx_word' id='word_1_531' title='bbox 1410 4307 1542 4373; x_wconf 74' lang='grc' dir='ltr'><strong>ἡμῖν</strong></span> <span class='ocrx_word' id='word_1_532' title='bbox 1577 4302 1812 4368; x_wconf 85' lang='grc' dir='ltr'><strong>εὐλόγως</strong></span> <span class='ocrx_word' id='word_1_533' title='bbox 1863 4301 1943 4363; x_wconf 87' lang='grc' dir='ltr'><strong>εἰς</strong></span> 
     </span>
    </p>
   </div>
   <div class='ocr_carea' id='block_1_77' title="bbox 2042 3121 3613 3190">
    <p class='ocr_par' dir='ltr' id='par_1_77' title="bbox 2042 3121 3613 3190">
     <span class='ocr_line' id='line_1_77' title="bbox 2042 3121 3613 3190; baseline -0.001 -15"><span class='ocrx_word' id='word_1_534' title='bbox 2042 3132 2101 3176; x_wconf 82' lang='grc' dir='ltr'><strong>ιιι</strong></span> <span class='ocrx_word' id='word_1_535' title='bbox 2127 3122 2304 3175; x_wconf 89' lang='lat' dir='ltr'><strong>media</strong></span> <span class='ocrx_word' id='word_1_536' title='bbox 2337 3132 2648 3190; x_wconf 82' lang='lat' dir='ltr'><strong>praeteream</strong></span> <span class='ocrx_word' id='word_1_537' title='bbox 2698 3123 2904 3186; x_wconf 87' lang='lat' dir='ltr'><strong>omnia,</strong></span> <span class='ocrx_word' id='word_1_538' title='bbox 2940 3122 3196 3177; x_wconf 63' lang='lat' dir='ltr'><strong>Ecclesia</strong></span> <span class='ocrx_word' id='word_1_539' title='bbox 3241 3121 3442 3177; x_wconf 76' lang='lat' dir='ltr'><strong>Christi</strong></span> <span class='ocrx_word' id='word_1_540' title='bbox 3492 3121 3613 3175; x_wconf 81' lang='lat' dir='ltr'><strong>uni-</strong></span> 
     </span>
    </p>
   </div>
   <div class='ocr_carea' id='block_1_78' title="bbox 2042 3213 3610 3283">
    <p class='ocr_par' dir='ltr' id='par_1_78' title="bbox 2042 3213 3610 3283">
     <span class='ocr_line' id='line_1_78' title="bbox 2042 3213 3610 3283; baseline 0.001 -16"><span class='ocrx_word' id='word_1_541' title='bbox 2042 3221 2228 3278; x_wconf 89' lang='lat' dir='ltr'><strong>tatem,</strong></span> <span class='ocrx_word' id='word_1_542' title='bbox 2254 3213 2525 3268; x_wconf 78' lang='lat' dir='ltr'><strong>exstitisse</strong></span> <span class='ocrx_word' id='word_1_543' title='bbox 2547 3214 2710 3278; x_wconf 88' lang='lat' dir='ltr'><strong>mala,</strong></span> <span class='ocrx_word' id='word_1_544' title='bbox 2741 3228 2863 3283; x_wconf 71' lang='lat' dir='ltr'><strong>quae</strong></span> <span class='ocrx_word' id='word_1_545' title='bbox 2923 3213 3281 3268; x_wconf 74' lang='lat' dir='ltr'><strong>formidamus</strong></span> <span class='ocrx_word' id='word_1_546' title='bbox 3312 3214 3380 3268; x_wconf 88' lang='lat' dir='ltr'><strong>ab</strong></span> <span class='ocrx_word' id='word_1_547' title='bbox 3409 3213 3610 3282; x_wconf 85' lang='lat' dir='ltr'><strong>impiis.</strong></span> 
     </span>
    </p>
   </div>
   <div class='ocr_carea' id='block_1_79' title="bbox 2040 3305 3611 3372">
    <p class='ocr_par' dir='ltr' id='par_1_79' title="bbox 2040 3305 3611 3372">
     <span class='ocr_line' id='line_1_79' title="bbox 2040 3305 3611 3372; baseline -0.001 -13"><span class='ocrx_word' id='word_1_548' title='bbox 2040 3319 2235 3372; x_wconf 84' lang='lat' dir='ltr'><strong>resque</strong></span> <span class='ocrx_word' id='word_1_549' title='bbox 2270 3316 2486 3360; x_wconf 90' lang='lat' dir='ltr'><strong>nostras</strong></span> <span class='ocrx_word' id='word_1_550' title='bbox 2516 3305 2582 3359; x_wconf 89' lang='lat' dir='ltr'><strong>ad</strong></span> <span class='ocrx_word' id='word_1_551' title='bbox 2636 3313 2939 3359; x_wconf 88' lang='lat' dir='ltr'><strong>extremam</strong></span> <span class='ocrx_word' id='word_1_552' title='bbox 3004 3305 3253 3361; x_wconf 86' lang='lat' dir='ltr'><strong>redactas</strong></span> <span class='ocrx_word' id='word_1_553' title='bbox 3297 3305 3611 3370; x_wconf 86' lang='lat' dir='ltr'><strong>miseriam;</strong></span> 
     </span>
    </p>
   </div>
   <div class='ocr_carea' id='block_1_80' title="bbox 2041 3393 3617 3463">
    <p class='ocr_par' dir='ltr' id='par_1_80' title="bbox 2041 3393 3617 3463">
     <span class='ocr_line' id='line_1_80' title="bbox 2041 3393 3617 3463; baseline 0 -16"><span class='ocrx_word' id='word_1_554' title='bbox 2041 3395 2294 3463; x_wconf 74' lang='lat' dir='ltr'><strong>quamvis</strong></span> <span class='ocrx_word' id='word_1_555' title='bbox 2348 3394 2545 3448; x_wconf 89' lang='lat' dir='ltr'><strong>multas</strong></span> <span class='ocrx_word' id='word_1_556' title='bbox 2597 3393 2731 3449; x_wconf 84' lang='lat' dir='ltr'><strong>alias</strong></span> <span class='ocrx_word' id='word_1_557' title='bbox 2775 3396 2846 3448; x_wconf 91' lang='lat' dir='ltr'><strong>ob</strong></span> <span class='ocrx_word' id='word_1_558' title='bbox 2893 3409 3089 3448; x_wconf 86' lang='lat' dir='ltr'><strong>causas</strong></span> <span class='ocrx_word' id='word_1_559' title='bbox 3118 3406 3171 3448; x_wconf 92' lang='lat' dir='ltr'><strong>et</strong></span> <span class='ocrx_word' id='word_1_560' title='bbox 3199 3393 3471 3462; x_wconf 67' lang='lat' dir='ltr'><strong>aequiores</strong></span> <span class='ocrx_word' id='word_1_561' title='bbox 3531 3394 3617 3448; x_wconf 86' lang='lat' dir='ltr'><strong>di-</strong></span> 
     </span>
    </p>
   </div>
   <div class='ocr_carea' id='block_1_81' title="bbox 2044 3484 3615 3556">
    <p class='ocr_par' dir='ltr' id='par_1_81' title="bbox 2044 3484 3615 3556">
     <span class='ocr_line' id='line_1_81' title="bbox 2044 3484 3615 3556; baseline 0.001 -19"><span class='ocrx_word' id='word_1_562' title='bbox 2044 3500 2225 3554; x_wconf 79' lang='lat' dir='ltr'><strong>gnam,</strong></span> <span class='ocrx_word' id='word_1_563' title='bbox 2259 3501 2381 3554; x_wconf 83' lang='lat' dir='ltr'><strong>qua:</strong></span> <span class='ocrx_word' id='word_1_564' title='bbox 2405 3486 2474 3539; x_wconf 87' lang='lat' dir='ltr'><strong>ab</strong></span> <span class='ocrx_word' id='word_1_565' title='bbox 2531 3487 2786 3540; x_wconf 86' lang='lat' dir='ltr'><strong>omnibus</strong></span> <span class='ocrx_word' id='word_1_566' title='bbox 2846 3496 3153 3555; x_wconf 74' lang='lat' dir='ltr'><strong>expetatur.</strong></span> <span class='ocrx_word' id='word_1_567' title='bbox 3205 3484 3431 3556; x_wconf 87' lang='lat' dir='ltr'><strong>Oportet</strong></span> <span class='ocrx_word' id='word_1_568' title='bbox 3485 3504 3615 3556; x_wconf 79' lang='lat' dir='ltr'><strong>ergo</strong></span> 
     </span>
    </p>
   </div>
   <div class='ocr_carea' id='block_1_82' title="bbox 2044 3574 3615 3648">
    <p class='ocr_par' dir='ltr' id='par_1_82' title="bbox 2044 3574 3615 3648">
     <span class='ocr_line' id='line_1_82' title="bbox 2044 3574 3615 3648; baseline 0.001 -18"><span class='ocrx_word' id='word_1_569' title='bbox 2044 3574 2378 3645; x_wconf 78' lang='lat' dir='ltr'><strong>propositum</strong></span> <span class='ocrx_word' id='word_1_570' title='bbox 2432 3578 2717 3631; x_wconf 85' lang='lat' dir='ltr'><strong>consilium</strong></span> <span class='ocrx_word' id='word_1_571' title='bbox 2760 3592 3073 3648; x_wconf 87' lang='lat' dir='ltr'><strong>sequentes,</strong></span> <span class='ocrx_word' id='word_1_572' title='bbox 3107 3594 3229 3631; x_wconf 83' lang='lat' dir='ltr'><strong>cum</strong></span> <span class='ocrx_word' id='word_1_573' title='bbox 3284 3589 3339 3632; x_wconf 91' lang='lat' dir='ltr'><strong>et</strong></span> <span class='ocrx_word' id='word_1_574' title='bbox 3385 3578 3521 3643; x_wconf 81' lang='lat' dir='ltr'><strong>ﬁeri,</strong></span> <span class='ocrx_word' id='word_1_575' title='bbox 3561 3592 3615 3635; x_wconf 90' lang='lat' dir='ltr'><strong>et</strong></span> 
     </span>
    </p>
   </div>
   <div class='ocr_carea' id='block_1_83' title="bbox 2044 3666 3611 3738">
    <p class='ocr_par' dir='ltr' id='par_1_83' title="bbox 2044 3666 3611 3738">
     <span class='ocr_line' id='line_1_83' title="bbox 2044 3666 3611 3738; baseline 0.002 -19"><span class='ocrx_word' id='word_1_576' title='bbox 2044 3667 2275 3720; x_wconf 85' lang='lat' dir='ltr'><strong>honeste</strong></span> <span class='ocrx_word' id='word_1_577' title='bbox 2304 3666 2421 3721; x_wconf 82' lang='lat' dir='ltr'><strong>ﬁeri</strong></span> <span class='ocrx_word' id='word_1_578' title='bbox 2473 3668 2668 3736; x_wconf 87' lang='lat' dir='ltr'><strong>possit,</strong></span> <span class='ocrx_word' id='word_1_579' title='bbox 2716 3667 2784 3721; x_wconf 91' lang='lat' dir='ltr'><strong>ad</strong></span> <span class='ocrx_word' id='word_1_580' title='bbox 2825 3669 3031 3723; x_wconf 81' lang='lat' dir='ltr'><strong>exitum</strong></span> <span class='ocrx_word' id='word_1_581' title='bbox 3086 3669 3213 3723; x_wconf 87' lang='lat' dir='ltr'><strong>illud</strong></span> <span class='ocrx_word' id='word_1_582' title='bbox 3272 3671 3611 3738; x_wconf 84' lang='lat' dir='ltr'><strong>perducere:</strong></span> 
     </span>
    </p>
   </div>
   <div class='ocr_carea' id='block_1_84' title="bbox 2007 3756 3611 3826">
    <p class='ocr_par' dir='ltr' id='par_1_84' title="bbox 2007 3756 3611 3826">
     <span class='ocr_line' id='line_1_84' title="bbox 2007 3756 3611 3826; baseline 0.004 -16"><span class='ocrx_word' id='word_1_583' title='bbox 2007 3756 2284 3825; x_wconf 86' lang='lat' dir='ltr'><strong>&#39;aliuquin</strong></span> <span class='ocrx_word' id='word_1_584' title='bbox 2334 3757 2576 3811; x_wconf 91' lang='lat' dir='ltr'><strong>omnium</strong></span> <span class='ocrx_word' id='word_1_585' title='bbox 2638 3758 2922 3813; x_wconf 86' lang='lat' dir='ltr'><strong>hominum</strong></span> <span class='ocrx_word' id='word_1_586' title='bbox 2977 3759 3240 3814; x_wconf 82' lang='lat' dir='ltr'><strong>levissimi</strong></span> <span class='ocrx_word' id='word_1_587' title='bbox 3278 3760 3611 3826; x_wconf 78' lang='lat' dir='ltr'><strong>videremur,</strong></span> 
     </span>
    </p>
   </div>
   <div class='ocr_carea' id='block_1_85' title="bbox 2043 3848 3611 3924">
    <p class='ocr_par' dir='ltr' id='par_1_85' title="bbox 2043 3848 3611 3924">
     <span class='ocr_line' id='line_1_85' title="bbox 2043 3848 3611 3924; baseline 0.003 -20"><span class='ocrx_word' id='word_1_588' title='bbox 2043 3848 2089 3904; x_wconf 84' lang='lat' dir='ltr'><strong>si</strong></span> <span class='ocrx_word' id='word_1_589' title='bbox 2125 3859 2342 3917; x_wconf 90' lang='lat' dir='ltr'><strong>propter</strong></span> <span class='ocrx_word' id='word_1_590' title='bbox 2362 3849 2497 3903; x_wconf 88' lang='lat' dir='ltr'><strong>illud</strong></span> <span class='ocrx_word' id='word_1_591' title='bbox 2526 3850 2695 3903; x_wconf 89' lang='lat' dir='ltr'><strong>multa</strong></span> <span class='ocrx_word' id='word_1_592' title='bbox 2744 3851 3005 3919; x_wconf 85' lang='lat' dir='ltr'><strong>perpessi,</strong></span> <span class='ocrx_word' id='word_1_593' title='bbox 3055 3852 3460 3924; x_wconf 86' lang='lat' dir='ltr'><strong>multorumque</strong></span> <span class='ocrx_word' id='word_1_594' title='bbox 3513 3854 3611 3909; x_wconf 86' lang='lat' dir='ltr'><strong>bo-</strong></span> 
     </span>
    </p>
   </div>
   <div class='ocr_carea' id='block_1_86' title="bbox 2045 3940 3612 4010">
    <p class='ocr_par' dir='ltr' id='par_1_86' title="bbox 2045 3940 3612 4010">
     <span class='ocr_line' id='line_1_86' title="bbox 2045 3940 3612 4010; baseline 0.004 -18"><span class='ocrx_word' id='word_1_595' title='bbox 2045 3955 2240 3994; x_wconf 90' lang='lat' dir='ltr'><strong>norum</strong></span> <span class='ocrx_word' id='word_1_596' title='bbox 2268 3953 2362 4007; x_wconf 89' lang='lat' dir='ltr'><strong>spe</strong></span> <span class='ocrx_word' id='word_1_597' title='bbox 2382 3940 2528 3994; x_wconf 88' lang='lat' dir='ltr'><strong>ducti</strong></span> <span class='ocrx_word' id='word_1_598' title='bbox 2551 3956 2565 4005; x_wconf 91' lang='lat'>;</span> <span class='ocrx_word' id='word_1_599' title='bbox 2589 3948 2644 3994; x_wconf 92' lang='lat' dir='ltr'><strong>et</strong></span> <span class='ocrx_word' id='word_1_600' title='bbox 2665 3954 2857 3996; x_wconf 86' lang='lat' dir='ltr'><strong>omnes</strong></span> <span class='ocrx_word' id='word_1_601' title='bbox 2880 3957 2978 4010; x_wconf 92' lang='lat' dir='ltr'><strong>pro</strong></span> <span class='ocrx_word' id='word_1_602' title='bbox 3001 3951 3152 3997; x_wconf 89' lang='lat' dir='ltr'><strong>certo</strong></span> <span class='ocrx_word' id='word_1_603' title='bbox 3188 3941 3443 3999; x_wconf 82' lang='lat' dir='ltr'><strong>habentes</strong></span> <span class='ocrx_word' id='word_1_604' title='bbox 3473 3944 3612 4008; x_wconf 77' lang='lat' dir='ltr'><strong>fore,</strong></span> 
     </span>
    </p>
   </div>
   <div class='ocr_carea' id='block_1_87' title="bbox 2046 4031 3610 4101">
    <p class='ocr_par' dir='ltr' id='par_1_87' title="bbox 2046 4031 3610 4101">
     <span class='ocr_line' id='line_1_87' title="bbox 2046 4031 3610 4101; baseline 0.001 -16"><span class='ocrx_word' id='word_1_605' title='bbox 2046 4040 2105 4085; x_wconf 91' lang='lat' dir='ltr'><strong>ut</strong></span> <span class='ocrx_word' id='word_1_606' title='bbox 2130 4031 2449 4085; x_wconf 79' lang='lat' dir='ltr'><strong>conﬁrmato</strong></span> <span class='ocrx_word' id='word_1_607' title='bbox 2498 4032 2792 4087; x_wconf 84' lang='lat' dir='ltr'><strong>schismate</strong></span> <span class='ocrx_word' id='word_1_608' title='bbox 2830 4033 3006 4101; x_wconf 83' lang='lat' dir='ltr'><strong>major</strong></span> <span class='ocrx_word' id='word_1_609' title='bbox 3041 4034 3296 4087; x_wconf 88' lang='lat' dir='ltr'><strong>curuulus</strong></span> <span class='ocrx_word' id='word_1_610' title='bbox 3343 4036 3610 4089; x_wconf 89' lang='lat' dir='ltr'><strong>malorum</strong></span> 
     </span>
    </p>
   </div>
   <div class='ocr_carea' id='block_1_88' title="bbox 2044 4122 3607 4190">
    <p class='ocr_par' dir='ltr' id='par_1_88' title="bbox 2044 4122 3607 4190">
     <span class='ocr_line' id='line_1_88' title="bbox 2044 4122 3607 4190; baseline -0.001 -14"><span class='ocrx_word' id='word_1_611' title='bbox 2044 4123 2301 4187; x_wconf 86' lang='lat' dir='ltr'><strong>accedat;</strong></span> <span class='ocrx_word' id='word_1_612' title='bbox 2344 4122 2487 4177; x_wconf 82' lang='lat' dir='ltr'><strong>velut</strong></span> <span class='ocrx_word' id='word_1_613' title='bbox 2519 4124 2636 4175; x_wconf 70' lang='lat' dir='ltr'><strong>haec</strong></span> <span class='ocrx_word' id='word_1_614' title='bbox 2668 4126 2850 4176; x_wconf 81' lang='lat' dir='ltr'><strong>omnia</strong></span> <span class='ocrx_word' id='word_1_615' title='bbox 2880 4124 3057 4187; x_wconf 88' lang='lat' dir='ltr'><strong>obliti,</strong></span> <span class='ocrx_word' id='word_1_616' title='bbox 3090 4125 3295 4185; x_wconf 72' lang='lat' dir='ltr'><strong>vacuis.</strong></span> <span class='ocrx_word' id='word_1_617' title='bbox 3339 4136 3397 4177; x_wconf 88' lang='lat' dir='ltr'><strong>ut</strong></span> <span class='ocrx_word' id='word_1_618' title='bbox 3432 4126 3607 4190; x_wconf 83' lang='lat' dir='ltr'><strong>aiunt,</strong></span> 
     </span>
    </p>
   </div>
   <div class='ocr_carea' id='block_1_89' title="bbox 2046 4212 3611 4281">
    <p class='ocr_par' dir='ltr' id='par_1_89' title="bbox 2046 4212 3611 4281">
     <span class='ocr_line' id='line_1_89' title="bbox 2046 4212 3611 4281; baseline 0.002 -15"><span class='ocrx_word' id='word_1_619' title='bbox 2046 4212 2318 4278; x_wconf 89' lang='lat' dir='ltr'><strong>manibus,</strong></span> <span class='ocrx_word' id='word_1_620' title='bbox 2341 4227 2399 4266; x_wconf 91' lang='lat' dir='ltr'><strong>re</strong></span> <span class='ocrx_word' id='word_1_621' title='bbox 2420 4212 2617 4267; x_wconf 83' lang='lat' dir='ltr'><strong>infecta</strong></span> <span class='ocrx_word' id='word_1_622' title='bbox 2642 4212 2946 4267; x_wconf 87' lang='lat' dir='ltr'><strong>rediremus</strong></span> <span class='ocrx_word' id='word_1_623' title='bbox 2973 4230 2985 4266; x_wconf 92' lang='lat'>:</span> <span class='ocrx_word' id='word_1_624' title='bbox 3023 4212 3184 4281; x_wconf 81' lang='lat' dir='ltr'><strong>idque</strong></span> <span class='ocrx_word' id='word_1_625' title='bbox 3212 4229 3335 4268; x_wconf 91' lang='lat' dir='ltr'><strong>cum</strong></span> <span class='ocrx_word' id='word_1_626' title='bbox 3394 4230 3481 4270; x_wconf 81' lang='lat' dir='ltr'><strong>res</strong></span> <span class='ocrx_word' id='word_1_627' title='bbox 3540 4220 3611 4270; x_wconf 82' lang='lat' dir='ltr'><strong>sit</strong></span> 
     </span>
    </p>
   </div>
   <div class='ocr_carea' id='block_1_90' title="bbox 2047 4300 3614 4374">
    <p class='ocr_par' dir='ltr' id='par_1_90' title="bbox 2047 4300 3614 4374">
     <span class='ocr_line' id='line_1_90' title="bbox 2047 4300 3614 4374; baseline 0.003 -17"><span class='ocrx_word' id='word_1_628' title='bbox 2047 4304 2183 4359; x_wconf 90' lang='lat' dir='ltr'><strong>adeo</strong></span> <span class='ocrx_word' id='word_1_629' title='bbox 2207 4304 2406 4358; x_wconf 88' lang='lat' dir='ltr'><strong>decora</strong></span> <span class='ocrx_word' id='word_1_630' title='bbox 2436 4312 2490 4358; x_wconf 90' lang='lat' dir='ltr'><strong>et</strong></span> <span class='ocrx_word' id='word_1_631' title='bbox 2554 4300 2750 4368; x_wconf 78' lang='lat' dir='ltr'><strong>facilis,</strong></span> <span class='ocrx_word' id='word_1_632' title='bbox 2791 4305 3036 4374; x_wconf 89' lang='lat' dir='ltr'><strong>nihilque</strong></span> <span class='ocrx_word' id='word_1_633' title='bbox 3106 4306 3175 4358; x_wconf 91' lang='lat' dir='ltr'><strong>sit</strong></span> <span class='ocrx_word' id='word_1_634' title='bbox 3200 4306 3369 4374; x_wconf 86' lang='lat' dir='ltr'><strong>quod,</strong></span> <span class='ocrx_word' id='word_1_635' title='bbox 3405 4322 3473 4360; x_wconf 91' lang='lat' dir='ltr'><strong>ne</strong></span> <span class='ocrx_word' id='word_1_636' title='bbox 3525 4311 3614 4362; x_wconf 83' lang='lat' dir='ltr'><strong>illa</strong></span> 
     </span>
    </p>
   </div>
   <div class='ocr_carea' id='block_1_91' title="bbox 376 4391 1933 4469">
    <p class='ocr_par' dir='ltr' id='par_1_91' title="bbox 376 4395 1933 4469">
     <span class='ocr_line' id='line_1_91' title="bbox 376 4395 1933 4469; baseline -0.005 -16"><span class='ocrx_word' id='word_1_637' title='bbox 376 4400 539 4453; x_wconf 83' lang='grc' dir='ltr'><strong>τοῦτο</strong></span> <span class='ocrx_word' id='word_1_638' title='bbox 571 4400 1032 4469; x_wconf 75' lang='grc' dir='ltr'><strong>προσισταμένου.</strong></span> <span class='ocrx_word' id='word_1_639' title='bbox 1083 4398 1216 4452; x_wconf 74' lang='grc' dir='ltr'><strong>Οὐδὲ</strong></span> <span class='ocrx_word' id='word_1_640' title='bbox 1246 4396 1534 4466; x_wconf 78' lang='grc' dir='ltr'><strong>προσέχειν</strong></span> <span class='ocrx_word' id='word_1_641' title='bbox 1578 4395 1658 4446; x_wconf 86' lang='grc' dir='ltr'><strong>δεῖ</strong></span> <span class='ocrx_word' id='word_1_642' title='bbox 1688 4395 1799 4453; x_wconf 88' lang='grc' dir='ltr'><strong>τοῖς</strong></span> <span class='ocrx_word' id='word_1_643' title='bbox 1834 4408 1933 4460; x_wconf 87' lang='grc' dir='ltr'><strong>μη-</strong></span> 
     </span>
    </p>
   </div>
   <div class='ocr_carea' id='block_1_92' title="bbox 2039 4391 3612 4469">
    <p class='ocr_par' dir='ltr' id='par_1_92' title="bbox 2051 4396 3612 4467">
     <span class='ocr_line' id='line_1_92' title="bbox 2051 4396 3612 4467; baseline 0.002 -17"><span class='ocrx_word' id='word_1_644' title='bbox 2051 4404 2360 4467; x_wconf 75' lang='lat' dir='ltr'><strong>peragatur,</strong></span> <span class='ocrx_word' id='word_1_645' title='bbox 2396 4397 2555 4452; x_wconf 90' lang='lat' dir='ltr'><strong>nobis</strong></span> <span class='ocrx_word' id='word_1_646' title='bbox 2590 4397 2782 4450; x_wconf 87' lang='lat' dir='ltr'><strong>merito</strong></span> <span class='ocrx_word' id='word_1_647' title='bbox 2806 4396 3007 4450; x_wconf 88' lang='lat' dir='ltr'><strong>obstet.</strong></span> <span class='ocrx_word' id='word_1_648' title='bbox 3039 4396 3150 4459; x_wconf 79' lang='lat' dir='ltr'><strong>Nec</strong></span> <span class='ocrx_word' id='word_1_649' title='bbox 3204 4415 3332 4453; x_wconf 80' lang='lat' dir='ltr'><strong>vero</strong></span> <span class='ocrx_word' id='word_1_650' title='bbox 3357 4400 3612 4455; x_wconf 80' lang='lat' dir='ltr'><strong>audiendi</strong></span> 
     </span>
    </p>
   </div>
   <div class='ocr_carea' id='block_1_93' title="bbox 375 4481 1942 4562">
    <p class='ocr_par' dir='ltr' id='par_1_93' title="bbox 375 4481 1942 4562">
     <span class='ocr_line' id='line_1_93' title="bbox 375 4481 1942 4562; baseline -0.008 -17"><span class='ocrx_word' id='word_1_651' title='bbox 375 4492 468 4545; x_wconf 69' lang='grc' dir='ltr'><strong>δέν</strong></span> <span class='ocrx_word' id='word_1_652' title='bbox 491 4492 696 4560; x_wconf 75' lang='grc' dir='ltr'><strong>ἀγαθὸν</strong></span> <span class='ocrx_word' id='word_1_653' title='bbox 724 4493 853 4562; x_wconf 77' lang='grc' dir='ltr'><strong>ἡμῖν</strong></span> <span class='ocrx_word' id='word_1_654' title='bbox 882 4492 946 4543; x_wconf 81' lang='grc' dir='ltr'><strong>ὲκ</strong></span> <span class='ocrx_word' id='word_1_655' title='bbox 968 4492 1067 4557; x_wconf 75' lang='grc' dir='ltr'><strong>τῆς</strong></span> <span class='ocrx_word' id='word_1_656' title='bbox 1090 4488 1334 4549; x_wconf 64' lang='grc' dir='ltr'><strong>ἐειώσεως</strong></span> <span class='ocrx_word' id='word_1_657' title='bbox 1362 4488 1613 4553; x_wconf 82' lang='grc' dir='ltr'><strong>λέγουσιν</strong></span> <span class='ocrx_word' id='word_1_658' title='bbox 1638 4484 1812 4555; x_wconf 79' lang='grc' dir='ltr'><strong>ἥξειν·</strong></span> <span class='ocrx_word' id='word_1_659' title='bbox 1847 4481 1942 4534; x_wconf 73' lang='grc' dir='ltr'><strong>καὶ</strong></span> 
     </span>
    </p>
   </div>
   <div class='ocr_carea' id='block_1_94' title="bbox 375 4571 1944 4650">
    <p class='ocr_par' dir='ltr' id='par_1_94' title="bbox 375 4571 1944 4650">
     <span class='ocr_line' id='line_1_94' title="bbox 375 4571 1944 4650; baseline -0.008 -15"><span class='ocrx_word' id='word_1_660' title='bbox 375 4582 569 4635; x_wconf 84' lang='grc' dir='ltr'><strong>τούτου</strong></span> <span class='ocrx_word' id='word_1_661' title='bbox 595 4581 868 4650; x_wconf 82' lang='grc' dir='ltr'><strong>πρόφασιν</strong></span> <span class='ocrx_word' id='word_1_662' title='bbox 888 4580 1153 4647; x_wconf 81' lang='grc' dir='ltr'><strong>οἰομένοις</strong></span> <span class='ocrx_word' id='word_1_663' title='bbox 1170 4580 1313 4645; x_wconf 80' lang='grc' dir='ltr'><strong>ἔχειν</strong></span> <span class='ocrx_word' id='word_1_664' title='bbox 1345 4576 1640 4645; x_wconf 69' lang='grc' dir='ltr'><strong>ἀρκοῦσαν,</strong></span> <span class='ocrx_word' id='word_1_665' title='bbox 1668 4574 1736 4626; x_wconf 74' lang='grc' dir='ltr'><strong>τά</strong></span> <span class='ocrx_word' id='word_1_666' title='bbox 1756 4589 1814 4623; x_wconf 85' lang='grc' dir='ltr'><strong>τε</strong></span> <span class='ocrx_word' id='word_1_667' title='bbox 1834 4571 1944 4623; x_wconf 88' lang='grc' dir='ltr'>τῶν</span> 
     </span>
    </p>
   </div>
   <div class='ocr_carea' id='block_1_95' title="bbox 378 4659 1944 4737">
    <p class='ocr_par' dir='ltr' id='par_1_95' title="bbox 378 4659 1944 4737">
     <span class='ocr_line' id='line_1_95' title="bbox 378 4659 1944 4737; baseline -0.007 -15"><span class='ocrx_word' id='word_1_668' title='bbox 378 4670 629 4723; x_wconf 83' lang='grc' dir='ltr'><strong>Λατίνων</strong></span> <span class='ocrx_word' id='word_1_669' title='bbox 656 4670 789 4737; x_wconf 82' lang='grc' dir='ltr'><strong>γένη</strong></span> <span class='ocrx_word' id='word_1_670' title='bbox 807 4671 875 4736; x_wconf 82' lang='grc' dir='ltr'><strong>τῇ</strong></span> <span class='ocrx_word' id='word_1_671' title='bbox 900 4667 1020 4719; x_wconf 75' lang='grc' dir='ltr'><strong>κατ’</strong></span> <span class='ocrx_word' id='word_1_672' title='bbox 1050 4665 1295 4734; x_wconf 83' lang='grc' dir='ltr'><strong>ἀλλήλων</strong></span> <span class='ocrx_word' id='word_1_673' title='bbox 1323 4666 1472 4733; x_wconf 76' lang='grc' dir='ltr'><strong>μάχῃ</strong></span> <span class='ocrx_word' id='word_1_674' title='bbox 1494 4662 1827 4731; x_wconf 78' lang='grc' dir='ltr'><strong>φθειρόμενα</strong></span> <span class='ocrx_word' id='word_1_675' title='bbox 1847 4659 1944 4711; x_wconf 73' lang='grc' dir='ltr'><strong>καὶ</strong></span> 
     </span>
    </p>
   </div>
   <div class='ocr_carea' id='block_1_96' title="bbox 376 4748 1943 4828">
    <p class='ocr_par' dir='ltr' id='par_1_96' title="bbox 376 4748 1943 4828">
     <span class='ocr_line' id='line_1_96' title="bbox 376 4748 1943 4828; baseline -0.007 -15"><span class='ocrx_word' id='word_1_676' title='bbox 376 4763 498 4823; x_wconf 86' lang='grc' dir='ltr'><strong>ταῖς</strong></span> <span class='ocrx_word' id='word_1_677' title='bbox 542 4758 773 4821; x_wconf 82' lang='grc' dir='ltr'><strong>οίκείαις</strong></span> <span class='ocrx_word' id='word_1_678' title='bbox 834 4759 1173 4828; x_wconf 80' lang='grc' dir='ltr'><strong>προσέχοντα</strong></span> <span class='ocrx_word' id='word_1_679' title='bbox 1223 4757 1557 4825; x_wconf 80' lang='grc' dir='ltr'><strong>συμφοραῖς,</strong></span> <span class='ocrx_word' id='word_1_680' title='bbox 1611 4751 1803 4806; x_wconf 77' lang='grc' dir='ltr'><strong>καὶτὰ</strong></span> <span class='ocrx_word' id='word_1_681' title='bbox 1848 4748 1943 4803; x_wconf 83' lang='grc' dir='ltr'><strong>τοῦ</strong></span> 
     </span>
    </p>
   </div>
   <div class='ocr_carea' id='block_1_97' title="bbox 376 4842 1944 4921">
    <p class='ocr_par' dir='ltr' id='par_1_97' title="bbox 376 4842 1944 4921">
     <span class='ocr_line' id='line_1_97' title="bbox 376 4842 1944 4921; baseline -0.007 -17"><span class='ocrx_word' id='word_1_682' title='bbox 376 4855 584 4904; x_wconf 80' lang='grc' dir='ltr'><strong>πάππα</strong></span> <span class='ocrx_word' id='word_1_683' title='bbox 618 4851 918 4921; x_wconf 75' lang='grc' dir='ltr'><strong>πράγματα</strong></span> <span class='ocrx_word' id='word_1_684' title='bbox 943 4848 1095 4912; x_wconf 82' lang='grc' dir='ltr'><strong>τάξιν</strong></span> <span class='ocrx_word' id='word_1_685' title='bbox 1126 4845 1278 4899; x_wconf 72' lang='grc' dir='ltr'><strong>οὔπω</strong></span> <span class='ocrx_word' id='word_1_686' title='bbox 1301 4846 1532 4898; x_wconf 72' lang='grc' dir='ltr'><strong>λαϐόντα</strong></span> <span class='ocrx_word' id='word_1_687' title='bbox 1571 4844 1664 4897; x_wconf 79' lang='grc' dir='ltr'><strong>καὶ</strong></span> <span class='ocrx_word' id='word_1_688' title='bbox 1694 4842 1944 4910; x_wconf 85' lang='grc' dir='ltr'><strong>δύναμιν,</strong></span> 
     </span>
    </p>
   </div>
   <div class='ocr_carea' id='block_1_98' title="bbox 377 4932 1945 5005">
    <p class='ocr_par' dir='ltr' id='par_1_98' title="bbox 377 4932 1945 5005">
     <span class='ocr_line' id='line_1_98' title="bbox 377 4932 1945 5005; baseline -0.005 -11"><span class='ocrx_word' id='word_1_689' title='bbox 377 4942 497 4995; x_wconf 79' lang='grc' dir='ltr'><strong>ἀλλ’</strong></span> <span class='ocrx_word' id='word_1_690' title='bbox 528 4939 857 4993; x_wconf 71' lang='grc' dir='ltr'><strong>ἀσθενοῦντα</strong></span> <span class='ocrx_word' id='word_1_691' title='bbox 889 4940 983 4991; x_wconf 75' lang='grc' dir='ltr'><strong>καὶ</strong></span> <span class='ocrx_word' id='word_1_692' title='bbox 1012 4935 1346 5005; x_wconf 86' lang='grc' dir='ltr'><strong>πολλαχόθεν</strong></span> <span class='ocrx_word' id='word_1_693' title='bbox 1377 4934 1559 5003; x_wconf 73' lang='grc' dir='ltr'><strong>ἀκμὴν</strong></span> <span class='ocrx_word' id='word_1_694' title='bbox 1590 4932 1945 4986; x_wconf 78' lang='grc' dir='ltr'><strong>ὲπιὸουλευό·</strong></span> 
     </span>
    </p>
   </div>
   <div class='ocr_carea' id='block_1_99' title="bbox 382 5024 1945 5101">
    <p class='ocr_par' dir='ltr' id='par_1_99' title="bbox 382 5024 1945 5101">
     <span class='ocr_line' id='line_1_99' title="bbox 382 5024 1945 5101; baseline -0.008 -15"><span class='ocrx_word' id='word_1_695' title='bbox 382 5050 545 5101; x_wconf 78' lang='grc' dir='ltr'><strong>μενα.</strong></span> <span class='ocrx_word' id='word_1_696' title='bbox 580 5032 744 5084; x_wconf 82' lang='grc' dir='ltr'><strong>’Λνευ</strong></span> <span class='ocrx_word' id='word_1_697' title='bbox 778 5031 884 5101; x_wconf 78' lang='grc' dir='ltr'><strong>γὰρ</strong></span> <span class='ocrx_word' id='word_1_698' title='bbox 936 5030 1033 5096; x_wconf 83' lang='grc' dir='ltr'><strong>τῆς</strong></span> <span class='ocrx_word' id='word_1_699' title='bbox 1062 5027 1230 5097; x_wconf 79' lang='grc' dir='ltr'><strong>ἄλλης</strong></span> <span class='ocrx_word' id='word_1_700' title='bbox 1281 5025 1547 5093; x_wconf 63' lang='grc' dir='ltr'><strong>ὠφελείας</strong></span> <span class='ocrx_word' id='word_1_701' title='bbox 1604 5024 1844 5094; x_wconf 79' lang='grc' dir='ltr'><strong>ἁπάσης,</strong></span> <span class='ocrx_word' id='word_1_702' title='bbox 1880 5025 1945 5093; x_wconf 75' lang='grc' dir='ltr'><strong>ἥν</strong></span> 
     </span>
    </p>
   </div>
   <div class='ocr_carea' id='block_1_100' title="bbox 377 5116 1946 5193">
    <p class='ocr_par' dir='ltr' id='par_1_100' title="bbox 377 5116 1946 5193">
     <span class='ocr_line' id='line_1_100' title="bbox 377 5116 1946 5193; baseline -0.007 -15"><span class='ocrx_word' id='word_1_703' title='bbox 377 5128 407 5178; x_wconf 87' lang='grc' dir='ltr'><strong>δ</strong></span> <span class='ocrx_word' id='word_1_704' title='bbox 432 5140 491 5177; x_wconf 84' lang='grc' dir='ltr'><strong>τε</strong></span> <span class='ocrx_word' id='word_1_705' title='bbox 520 5124 751 5185; x_wconf 77' lang='grc' dir='ltr'><strong>πάππας</strong></span> <span class='ocrx_word' id='word_1_706' title='bbox 785 5124 917 5193; x_wconf 78' lang='grc' dir='ltr'><strong>ἡμῖν</strong></span> <span class='ocrx_word' id='word_1_707' title='bbox 950 5120 1046 5175; x_wconf 77' lang='grc' dir='ltr'><strong>καὶ</strong></span> <span class='ocrx_word' id='word_1_708' title='bbox 1078 5121 1146 5174; x_wconf 70' lang='grc' dir='ltr'><strong>τὰ</strong></span> <span class='ocrx_word' id='word_1_709' title='bbox 1172 5120 1337 5172; x_wconf 73' lang='grc' dir='ltr'><strong>λοιπὰ</strong></span> <span class='ocrx_word' id='word_1_710' title='bbox 1377 5118 1487 5171; x_wconf 86' lang='grc' dir='ltr'><strong>τῶν</strong></span> <span class='ocrx_word' id='word_1_711' title='bbox 1511 5118 1758 5171; x_wconf 83' lang='grc' dir='ltr'><strong>Λατίνων</strong></span> <span class='ocrx_word' id='word_1_712' title='bbox 1794 5116 1946 5185; x_wconf 76' lang='grc' dir='ltr'><strong>ἔθνη,</strong></span> 
     </span>
    </p>
   </div>
   <div class='ocr_carea' id='block_1_101' title="bbox 376 5208 1945 5285">
    <p class='ocr_par' dir='ltr' id='par_1_101' title="bbox 376 5208 1945 5285">
     <span class='ocr_line' id='line_1_101' title="bbox 376 5208 1945 5285; baseline -0.006 -16"><span class='ocrx_word' id='word_1_713' title='bbox 376 5215 475 5269; x_wconf 66' lang='grc' dir='ltr'><strong>κα).</strong></span> <span class='ocrx_word' id='word_1_714' title='bbox 504 5214 612 5268; x_wconf 87' lang='grc' dir='ltr'><strong>τῶν</strong></span> <span class='ocrx_word' id='word_1_715' title='bbox 639 5214 980 5285; x_wconf 80' lang='grc' dir='ltr'><strong>πραγμάτων</strong></span> <span class='ocrx_word' id='word_1_716' title='bbox 1003 5212 1144 5267; x_wconf 79' lang='grc' dir='ltr'><strong>οὕτω</strong></span> <span class='ocrx_word' id='word_1_717' title='bbox 1175 5211 1358 5281; x_wconf 80' lang='grc' dir='ltr'><strong>σφίσιν</strong></span> <span class='ocrx_word' id='word_1_718' title='bbox 1401 5210 1656 5279; x_wconf 74' lang='grc' dir='ltr'><strong>ἑχόντων,</strong></span> <span class='ocrx_word' id='word_1_719' title='bbox 1685 5208 1945 5278; x_wconf 78' lang='grc' dir='ltr'><strong>παρέξον-</strong></span> 
     </span>
    </p>
   </div>
   <div class='ocr_carea' id='block_1_102' title="bbox 376 5301 1948 5378">
    <p class='ocr_par' dir='ltr' id='par_1_102' title="bbox 376 5301 1948 5378">
     <span class='ocr_line' id='line_1_102' title="bbox 376 5301 1948 5378; baseline -0.006 -17"><span class='ocrx_word' id='word_1_720' title='bbox 376 5324 493 5361; x_wconf 79' lang='grc' dir='ltr'><strong>ται”</strong></span> <span class='ocrx_word' id='word_1_721' title='bbox 524 5309 584 5361; x_wconf 79' lang='grc' dir='ltr'><strong>τὸ</strong></span> <span class='ocrx_word' id='word_1_722' title='bbox 613 5312 724 5378; x_wconf 62' lang='grc' dir='ltr'><strong>γὰρ</strong></span> <span class='ocrx_word' id='word_1_723' title='bbox 747 5307 1021 5377; x_wconf 73' lang='grc' dir='ltr'><strong>ἡμέτερον</strong></span> <span class='ocrx_word' id='word_1_724' title='bbox 1048 5306 1229 5374; x_wconf 86' lang='grc' dir='ltr'><strong>ὀλίγον</strong></span> <span class='ocrx_word' id='word_1_725' title='bbox 1257 5304 1337 5369; x_wconf 80' lang='grc' dir='ltr'><strong>ὃν,</strong></span> <span class='ocrx_word' id='word_1_726' title='bbox 1368 5304 1443 5367; x_wconf 87' lang='grc' dir='ltr'><strong>ὡς</strong></span> <span class='ocrx_word' id='word_1_727' title='bbox 1480 5304 1572 5356; x_wconf 75' lang='grc' dir='ltr'><strong>καὶ</strong></span> <span class='ocrx_word' id='word_1_728' title='bbox 1618 5303 1775 5371; x_wconf 77' lang='grc' dir='ltr'><strong>ὑμεῖς</strong></span> <span class='ocrx_word' id='word_1_729' title='bbox 1809 5301 1948 5360; x_wconf 84' lang='grc' dir='ltr'><strong>ἴστε,</strong></span> 
     </span>
    </p>
   </div>
   <div class='ocr_carea' id='block_1_103' title="bbox 377 5393 1945 5471">
    <p class='ocr_par' dir='ltr' id='par_1_103' title="bbox 377 5393 1945 5471">
     <span class='ocr_line' id='line_1_103' title="bbox 377 5393 1945 5471; baseline -0.009 -15"><span class='ocrx_word' id='word_1_730' title='bbox 377 5400 706 5471; x_wconf 60' lang='grc' dir='ltr'><strong>δυσχέρειαν</strong></span> <span class='ocrx_word' id='word_1_731' title='bbox 752 5399 936 5461; x_wconf 77' lang='grc' dir='ltr'><strong>αὐτοῖς</strong></span> <span class='ocrx_word' id='word_1_732' title='bbox 990 5398 1053 5452; x_wconf 80' lang='grc' dir='ltr'><strong>ού</strong></span> <span class='ocrx_word' id='word_1_733' title='bbox 1110 5396 1355 5468; x_wconf 84' lang='grc' dir='ltr'><strong>μεγάλην</strong></span> <span class='ocrx_word' id='word_1_734' title='bbox 1412 5395 1596 5465; x_wconf 76' lang='grc' dir='ltr'><strong>μέλλει</strong></span> <span class='ocrx_word' id='word_1_735' title='bbox 1641 5393 1902 5462; x_wconf 80' lang='grc' dir='ltr'><strong>παρέχειν</strong></span> <span class='ocrx_word' id='word_1_736' title='bbox 1932 5407 1945 5421; x_wconf 83' lang='grc'><em>’</em></span> 
     </span>
    </p>
   </div>
   <div class='ocr_carea' id='block_1_104' title="bbox 378 5482 1948 5562">
    <p class='ocr_par' dir='ltr' id='par_1_104' title="bbox 378 5482 1948 5562">
     <span class='ocr_line' id='line_1_104' title="bbox 378 5482 1948 5562; baseline -0.006 -17"><span class='ocrx_word' id='word_1_737' title='bbox 378 5490 519 5553; x_wconf 69' lang='grc' dir='ltr'><strong>τέως</strong></span> <span class='ocrx_word' id='word_1_738' title='bbox 546 5491 655 5562; x_wconf 80' lang='grc' dir='ltr'><strong>γὰρ</strong></span> <span class='ocrx_word' id='word_1_739' title='bbox 683 5488 984 5558; x_wconf 73' lang='grc' dir='ltr'><strong>ἀσφαλείας</strong></span> <span class='ocrx_word' id='word_1_740' title='bbox 1016 5489 1184 5558; x_wconf 77' lang='grc' dir='ltr'><strong>μόνης</strong></span> <span class='ocrx_word' id='word_1_741' title='bbox 1204 5488 1297 5540; x_wconf 78' lang='grc' dir='ltr'><strong>καὶ</strong></span> <span class='ocrx_word' id='word_1_742' title='bbox 1331 5485 1425 5539; x_wconf 83' lang='grc' dir='ltr'><strong>τοῦ</strong></span> <span class='ocrx_word' id='word_1_743' title='bbox 1459 5484 1534 5555; x_wconf 81' lang='grc' dir='ltr'><strong>μὴ</strong></span> <span class='ocrx_word' id='word_1_744' title='bbox 1565 5483 1796 5536; x_wconf 78' lang='grc' dir='ltr'><strong>δεδιέναι</strong></span> <span class='ocrx_word' id='word_1_745' title='bbox 1822 5482 1948 5544; x_wconf 74' lang='grc' dir='ltr'><strong>τοῦς</strong></span> 
     </span>
    </p>
   </div>
   <div class='ocr_carea' id='block_1_105' title="bbox 380 5577 1950 5653">
    <p class='ocr_par' dir='ltr' id='par_1_105' title="bbox 380 5577 1950 5653">
     <span class='ocr_line' id='line_1_105' title="bbox 380 5577 1950 5653; baseline -0.005 -18"><span class='ocrx_word' id='word_1_746' title='bbox 380 5582 876 5653; x_wconf 72' lang='grc' dir='ltr'><strong>πολεμίους,ἡμᾶς</strong></span> <span class='ocrx_word' id='word_1_747' title='bbox 915 5580 1091 5635; x_wconf 75' lang='grc' dir='ltr'><strong>οἴδασι</strong></span> <span class='ocrx_word' id='word_1_748' title='bbox 1124 5578 1425 5651; x_wconf 76' lang='grc' dir='ltr'><strong>χρῄζοντας</strong></span> <span class='ocrx_word' id='word_1_749' title='bbox 1448 5595 1461 5607; x_wconf 83' lang='lat'><strong>&#39;</strong></span> <span class='ocrx_word' id='word_1_750' title='bbox 1496 5578 1524 5631; x_wconf 88' lang='grc' dir='ltr'><strong>ὂ</strong></span> <span class='ocrx_word' id='word_1_751' title='bbox 1552 5578 1799 5648; x_wconf 80' lang='grc' dir='ltr'><strong>χρήμασι</strong></span> <span class='ocrx_word' id='word_1_752' title='bbox 1847 5577 1950 5645; x_wconf 83' lang='grc' dir='ltr'><strong>μὲν</strong></span> 
     </span>
    </p>
   </div>
   <div class='ocr_carea' id='block_1_106' title="bbox 381 5668 1949 5740">
    <p class='ocr_par' dir='ltr' id='par_1_106' title="bbox 381 5668 1949 5740">
     <span class='ocr_line' id='line_1_106' title="bbox 381 5668 1949 5740; baseline -0.006 -11"><span class='ocrx_word' id='word_1_753' title='bbox 381 5675 445 5729; x_wconf 78' lang='grc' dir='ltr'><strong>οὐ</strong></span> <span class='ocrx_word' id='word_1_754' title='bbox 466 5673 705 5739; x_wconf 69' lang='grc' dir='ltr'><strong>πολλοῖς,</strong></span> <span class='ocrx_word' id='word_1_755' title='bbox 732 5674 895 5726; x_wconf 76' lang='grc' dir='ltr'><strong>ναυσὶ</strong></span> <span class='ocrx_word' id='word_1_756' title='bbox 925 5672 983 5726; x_wconf 67' lang='grc' dir='ltr'><strong>δὲ</strong></span> <span class='ocrx_word' id='word_1_757' title='bbox 1011 5672 1219 5740; x_wconf 76' lang='grc' dir='ltr'><strong>ὀλίγαις</strong></span> <span class='ocrx_word' id='word_1_758' title='bbox 1245 5670 1495 5723; x_wconf 86' lang='grc' dir='ltr'><strong>δύνανται</strong></span> <span class='ocrx_word' id='word_1_759' title='bbox 1526 5670 1801 5740; x_wconf 77' lang='grc' dir='ltr'><strong>πράττειν’</strong></span> <span class='ocrx_word' id='word_1_760' title='bbox 1838 5668 1949 5737; x_wconf 69' lang='grc' dir='ltr'><strong>ἐγὼ</strong></span> 
     </span>
    </p>
   </div>
   <div class='ocr_carea' id='block_1_107' title="bbox 713 5766 1371 5830">
    <p class='ocr_par' dir='ltr' id='par_1_107' title="bbox 713 5766 1371 5830">
     <span class='ocr_line' id='line_1_107' title="bbox 713 5766 1371 5830; baseline -0.005 -2"><span class='ocrx_word' id='word_1_761' title='bbox 713 5769 979 5829; x_wconf 79' lang='grc' dir='ltr'><strong>ιἈτιιοι..</strong></span> <span class='ocrx_word' id='word_1_762' title='bbox 1019 5771 1135 5830; x_wconf 74' lang='lat' dir='ltr'><strong>Gn.</strong></span> <span class='ocrx_word' id='word_1_763' title='bbox 1192 5766 1371 5827; x_wconf 65' lang='lat' dir='ltr'><strong>CLX.</strong></span> 
     </span>
    </p>
   </div>
   <div class='ocr_carea' id='block_1_108' title="bbox 2049 4490 3612 4560">
    <p class='ocr_par' dir='ltr' id='par_1_108' title="bbox 2049 4490 3612 4560">
     <span class='ocr_line' id='line_1_108' title="bbox 2049 4490 3612 4560; baseline 0.002 -14"><span class='ocrx_word' id='word_1_764' title='bbox 2049 4492 2311 4560; x_wconf 89' lang='lat' dir='ltr'><strong>sunt,qui</strong></span> <span class='ocrx_word' id='word_1_765' title='bbox 2343 4491 2478 4545; x_wconf 88' lang='lat' dir='ltr'><strong>nihil</strong></span> <span class='ocrx_word' id='word_1_766' title='bbox 2507 4491 2631 4545; x_wconf 89' lang='lat' dir='ltr'><strong>boni</strong></span> <span class='ocrx_word' id='word_1_767' title='bbox 2665 4490 2823 4545; x_wconf 84' lang='lat' dir='ltr'><strong>nobis</strong></span> <span class='ocrx_word' id='word_1_768' title='bbox 2867 4507 2932 4545; x_wconf 81' lang='lat' dir='ltr'><strong>ex</strong></span> <span class='ocrx_word' id='word_1_769' title='bbox 2978 4494 3077 4546; x_wconf 89' lang='lat' dir='ltr'><strong>hac</strong></span> <span class='ocrx_word' id='word_1_770' title='bbox 3126 4494 3332 4548; x_wconf 88' lang='lat' dir='ltr'><strong>unione</strong></span> <span class='ocrx_word' id='word_1_771' title='bbox 3371 4494 3612 4549; x_wconf 75' lang='lat' dir='ltr'><strong>futurum</strong></span> 
     </span>
    </p>
   </div>
   <div class='ocr_carea' id='block_1_109' title="bbox 2052 4583 3614 4655">
    <p class='ocr_par' dir='ltr' id='par_1_109' title="bbox 2052 4583 3614 4655">
     <span class='ocr_line' id='line_1_109' title="bbox 2052 4583 3614 4655; baseline 0.003 -21"><span class='ocrx_word' id='word_1_772' title='bbox 2052 4584 2245 4637; x_wconf 86' lang='lat' dir='ltr'><strong>aiunt:</strong></span> <span class='ocrx_word' id='word_1_773' title='bbox 2277 4583 2421 4652; x_wconf 88' lang='lat' dir='ltr'><strong>quod</strong></span> <span class='ocrx_word' id='word_1_774' title='bbox 2463 4584 2599 4638; x_wconf 84' lang='lat' dir='ltr'><strong>satis</strong></span> <span class='ocrx_word' id='word_1_775' title='bbox 2657 4594 2848 4653; x_wconf 89' lang='lat' dir='ltr'><strong>putant</strong></span> <span class='ocrx_word' id='word_1_776' title='bbox 2886 4599 2915 4637; x_wconf 86' lang='lat' dir='ltr'><strong>a</strong></span> <span class='ocrx_word' id='word_1_777' title='bbox 2949 4599 3007 4637; x_wconf 90' lang='lat' dir='ltr'><strong>se</strong></span> <span class='ocrx_word' id='word_1_778' title='bbox 3034 4586 3273 4653; x_wconf 89' lang='lat' dir='ltr'><strong>probari,</strong></span> <span class='ocrx_word' id='word_1_779' title='bbox 3328 4596 3614 4655; x_wconf 80' lang='lat' dir='ltr'><strong>propterea</strong></span> 
     </span>
    </p>
   </div>
   <div class='ocr_carea' id='block_1_110' title="bbox 2049 4674 3612 4745">
    <p class='ocr_par' dir='ltr' id='par_1_110' title="bbox 2049 4674 3612 4745">
     <span class='ocr_line' id='line_1_110' title="bbox 2049 4674 3612 4745; baseline 0.003 -16"><span class='ocrx_word' id='word_1_780' title='bbox 2049 4676 2194 4745; x_wconf 84' lang='lat' dir='ltr'><strong>quod</strong></span> <span class='ocrx_word' id='word_1_781' title='bbox 2234 4674 2551 4729; x_wconf 84' lang='lat' dir='ltr'><strong>Latinorum</strong></span> <span class='ocrx_word' id='word_1_782' title='bbox 2577 4676 2825 4731; x_wconf 84' lang='lat' dir='ltr'><strong>nationes</strong></span> <span class='ocrx_word' id='word_1_783' title='bbox 2860 4679 3068 4731; x_wconf 89' lang='lat' dir='ltr'><strong>mutuis</strong></span> <span class='ocrx_word' id='word_1_784' title='bbox 3126 4677 3269 4732; x_wconf 87' lang='lat' dir='ltr'><strong>inter</strong></span> <span class='ocrx_word' id='word_1_785' title='bbox 3312 4694 3371 4733; x_wconf 91' lang='lat' dir='ltr'><strong>se</strong></span> <span class='ocrx_word' id='word_1_786' title='bbox 3422 4690 3612 4734; x_wconf 85' lang='lat' dir='ltr'><strong>conte-</strong></span> 
     </span>
    </p>
   </div>
   <div class='ocr_carea' id='block_1_111' title="bbox 2048 4766 3618 4837">
    <p class='ocr_par' dir='ltr' id='par_1_111' title="bbox 2048 4766 3618 4837">
     <span class='ocr_line' id='line_1_111' title="bbox 2048 4766 3618 4837; baseline 0.004 -17"><span class='ocrx_word' id='word_1_787' title='bbox 2048 4775 2239 4820; x_wconf 86' lang='lat' dir='ltr'><strong>rantur</strong></span> <span class='ocrx_word' id='word_1_788' title='bbox 2270 4766 2445 4831; x_wconf 88' lang='lat' dir='ltr'><strong>bellis,</strong></span> <span class='ocrx_word' id='word_1_789' title='bbox 2464 4777 2518 4821; x_wconf 89' lang='lat' dir='ltr'><strong>et</strong></span> <span class='ocrx_word' id='word_1_790' title='bbox 2553 4767 2793 4837; x_wconf 83' lang='lat' dir='ltr'><strong>propriis</strong></span> <span class='ocrx_word' id='word_1_791' title='bbox 2826 4777 3025 4822; x_wconf 83' lang='lat' dir='ltr'><strong>vacent</strong></span> <span class='ocrx_word' id='word_1_792' title='bbox 3056 4769 3508 4826; x_wconf 80' lang='lat' dir='ltr'><strong>calamitatibus:</strong></span> <span class='ocrx_word' id='word_1_793' title='bbox 3556 4785 3618 4827; x_wconf 87' lang='lat' dir='ltr'><strong>.et</strong></span> 
     </span>
    </p>
   </div>
   <div class='ocr_carea' id='block_1_112' title="bbox 2049 4861 3611 4931">
    <p class='ocr_par' dir='ltr' id='par_1_112' title="bbox 2049 4861 3611 4931">
     <span class='ocr_line' id='line_1_112' title="bbox 2049 4861 3611 4931; baseline 0.004 -20"><span class='ocrx_word' id='word_1_794' title='bbox 2049 4874 2201 4927; x_wconf 70' lang='lat' dir='ltr'><strong>papae</strong></span> <span class='ocrx_word' id='word_1_795' title='bbox 2223 4874 2309 4913; x_wconf 87' lang='lat' dir='ltr'><strong>res</strong></span> <span class='ocrx_word' id='word_1_796' title='bbox 2336 4861 2573 4913; x_wconf 88' lang='lat' dir='ltr'><strong>nondum</strong></span> <span class='ocrx_word' id='word_1_797' title='bbox 2607 4869 2808 4914; x_wconf 88' lang='lat' dir='ltr'><strong>statum</strong></span> <span class='ocrx_word' id='word_1_798' title='bbox 2837 4870 2892 4915; x_wconf 90' lang='lat' dir='ltr'><strong>et</strong></span> <span class='ocrx_word' id='word_1_799' title='bbox 2921 4864 3225 4917; x_wconf 87' lang='lat' dir='ltr'><strong>tirmitatem</strong></span> <span class='ocrx_word' id='word_1_800' title='bbox 3266 4864 3573 4931; x_wconf 76' lang='lat' dir='ltr'><strong>acceperint</strong></span> <span class='ocrx_word' id='word_1_801' title='bbox 3597 4883 3611 4927; x_wconf 86' lang='lat'><strong>;</strong></span> 
     </span>
    </p>
   </div>
   <div class='ocr_carea' id='block_1_113' title="bbox 2051 4942 3615 5023">
    <p class='ocr_par' dir='ltr' id='par_1_113' title="bbox 2051 4942 3615 5023">
     <span class='ocr_line' id='line_1_113' title="bbox 2051 4942 3615 5023; baseline 0.001 -20"><span class='ocrx_word' id='word_1_802' title='bbox 2051 4948 2146 5003; x_wconf 89' lang='lat' dir='ltr'><strong>sed</strong></span> <span class='ocrx_word' id='word_1_803' title='bbox 2170 4948 2395 5003; x_wconf 66' lang='lat' dir='ltr'><strong>inﬁrmae</strong></span> <span class='ocrx_word' id='word_1_804' title='bbox 2435 4950 2566 5012; x_wconf 88' lang='lat' dir='ltr'><strong>sint,</strong></span> <span class='ocrx_word' id='word_1_805' title='bbox 2590 4959 2644 5002; x_wconf 87' lang='lat' dir='ltr'><strong>et</strong></span> <span class='ocrx_word' id='word_1_806' title='bbox 2683 4951 2978 5004; x_wconf 89' lang='lat' dir='ltr'><strong>multorum</strong></span> <span class='ocrx_word' id='word_1_807' title='bbox 3016 4951 3193 5006; x_wconf 87' lang='lat' dir='ltr'><strong>adhuc</strong></span> <span class='ocrx_word' id='word_1_808' title='bbox 3259 4953 3473 5008; x_wconf 90' lang='lat' dir='ltr'><strong>insidiis</strong></span> <span class='ocrx_word' id='word_1_809' title='bbox 3522 4942 3615 5023; x_wconf 54' lang='lat' dir='ltr'><strong>pa?</strong></span> 
     </span>
    </p>
   </div>
   <div class='ocr_carea' id='block_1_114' title="bbox 2053 5036 3617 5112">
    <p class='ocr_par' dir='ltr' id='par_1_114' title="bbox 2053 5036 3617 5112">
     <span class='ocr_line' id='line_1_114' title="bbox 2053 5036 3617 5112; baseline 0.003 -21"><span class='ocrx_word' id='word_1_810' title='bbox 2053 5046 2221 5091; x_wconf 89' lang='lat' dir='ltr'><strong>teant.</strong></span> <span class='ocrx_word' id='word_1_811' title='bbox 2246 5036 2379 5090; x_wconf 85' lang='lat' dir='ltr'><strong>Nam</strong></span> <span class='ocrx_word' id='word_1_812' title='bbox 2408 5046 2677 5093; x_wconf 90' lang='lat' dir='ltr'><strong>utomnes</strong></span> <span class='ocrx_word' id='word_1_813' title='bbox 2725 5040 2863 5095; x_wconf 87' lang='lat' dir='ltr'><strong>alias</strong></span> <span class='ocrx_word' id='word_1_814' title='bbox 2891 5041 3152 5096; x_wconf 83' lang='lat' dir='ltr'><strong>utilitates</strong></span> <span class='ocrx_word' id='word_1_815' title='bbox 3209 5052 3435 5105; x_wconf 76' lang='lat' dir='ltr'><strong>taceam,</strong></span> <span class='ocrx_word' id='word_1_816' title='bbox 3483 5059 3617 5112; x_wconf 78' lang='lat' dir='ltr'><strong>quas</strong></span> 
     </span>
    </p>
   </div>
   <div class='ocr_carea' id='block_1_115' title="bbox 2050 5128 3612 5203">
    <p class='ocr_par' dir='ltr' id='par_1_115' title="bbox 2050 5128 3612 5203">
     <span class='ocr_line' id='line_1_115' title="bbox 2050 5128 3612 5203; baseline 0.003 -21"><span class='ocrx_word' id='word_1_817' title='bbox 2050 5128 2276 5183; x_wconf 80' lang='lat' dir='ltr'><strong>aﬂereut</strong></span> <span class='ocrx_word' id='word_1_818' title='bbox 2302 5129 2459 5197; x_wconf 71' lang='lat' dir='ltr'><strong>nobis</strong></span> <span class='ocrx_word' id='word_1_819' title='bbox 2484 5138 2598 5182; x_wconf 90' lang='lat' dir='ltr'><strong>tum</strong></span> <span class='ocrx_word' id='word_1_820' title='bbox 2625 5145 2763 5199; x_wconf 89' lang='lat' dir='ltr'><strong>papa</strong></span> <span class='ocrx_word' id='word_1_821' title='bbox 2805 5133 2937 5201; x_wconf 85' lang='lat' dir='ltr'><strong>ipse.</strong></span> <span class='ocrx_word' id='word_1_822' title='bbox 2980 5144 3092 5187; x_wconf 91' lang='lat' dir='ltr'><strong>tum</strong></span> <span class='ocrx_word' id='word_1_823' title='bbox 3141 5135 3364 5203; x_wconf 79' lang='lat' dir='ltr'><strong>reliqure</strong></span> <span class='ocrx_word' id='word_1_824' title='bbox 3401 5134 3612 5187; x_wconf 78' lang='lat' dir='ltr'><strong>Latinu-</strong></span> 
     </span>
    </p>
   </div>
   <div class='ocr_carea' id='block_1_116' title="bbox 2054 5220 3615 5292">
    <p class='ocr_par' dir='ltr' id='par_1_116' title="bbox 2054 5220 3615 5292">
     <span class='ocr_line' id='line_1_116' title="bbox 2054 5220 3615 5292; baseline 0.003 -18"><span class='ocrx_word' id='word_1_825' title='bbox 2054 5235 2173 5274; x_wconf 87' lang='lat' dir='ltr'><strong>rum</strong></span> <span class='ocrx_word' id='word_1_826' title='bbox 2205 5220 2454 5276; x_wconf 78' lang='lat' dir='ltr'><strong>nationes</strong></span> <span class='ocrx_word' id='word_1_827' title='bbox 2487 5221 2568 5275; x_wconf 77' lang='lat' dir='ltr'><strong>rel</strong></span> <span class='ocrx_word' id='word_1_828' title='bbox 2602 5223 2652 5275; x_wconf 92' lang='lat' dir='ltr'><strong>in</strong></span> <span class='ocrx_word' id='word_1_829' title='bbox 2684 5222 2777 5276; x_wconf 89' lang='lat' dir='ltr'><strong>tali</strong></span> <span class='ocrx_word' id='word_1_830' title='bbox 2807 5240 2987 5278; x_wconf 83' lang='lat' dir='ltr'><strong>rerum</strong></span> <span class='ocrx_word' id='word_1_831' title='bbox 3030 5236 3171 5280; x_wconf 74' lang='lat' dir='ltr'><strong>statu</strong></span> <span class='ocrx_word' id='word_1_832' title='bbox 3227 5227 3432 5292; x_wconf 86' lang='lat' dir='ltr'><strong>(nostra</strong></span> <span class='ocrx_word' id='word_1_833' title='bbox 3467 5228 3615 5281; x_wconf 89' lang='lat' dir='ltr'><strong>enim</strong></span> 
     </span>
    </p>
   </div>
   <div class='ocr_carea' id='block_1_117' title="bbox 2053 5315 3615 5385">
    <p class='ocr_par' dir='ltr' id='par_1_117' title="bbox 2053 5315 3615 5385">
     <span class='ocr_line' id='line_1_117' title="bbox 2053 5315 3615 5385; baseline 0.004 -20"><span class='ocrx_word' id='word_1_834' title='bbox 2053 5328 2176 5366; x_wconf 90' lang='lat' dir='ltr'><strong>cum</strong></span> <span class='ocrx_word' id='word_1_835' title='bbox 2208 5328 2317 5365; x_wconf 87' lang='lat' dir='ltr'><strong>non</strong></span> <span class='ocrx_word' id='word_1_836' title='bbox 2357 5327 2549 5380; x_wconf 80' lang='lat' dir='ltr'><strong>magna</strong></span> <span class='ocrx_word' id='word_1_837' title='bbox 2598 5315 2689 5379; x_wconf 90' lang='lat' dir='ltr'><strong>sit,</strong></span> <span class='ocrx_word' id='word_1_838' title='bbox 2716 5326 2774 5368; x_wconf 92' lang='lat' dir='ltr'><strong>ut</strong></span> <span class='ocrx_word' id='word_1_839' title='bbox 2824 5327 2878 5370; x_wconf 90' lang='lat' dir='ltr'><strong>et</strong></span> <span class='ocrx_word' id='word_1_840' title='bbox 2902 5316 3001 5385; x_wconf 87' lang='lat' dir='ltr'><strong>ipsi</strong></span> <span class='ocrx_word' id='word_1_841' title='bbox 3042 5318 3213 5379; x_wconf 85' lang='lat' dir='ltr'><strong>scitis,</strong></span> <span class='ocrx_word' id='word_1_842' title='bbox 3252 5332 3358 5374; x_wconf 84' lang='lat' dir='ltr'><strong>non</strong></span> <span class='ocrx_word' id='word_1_843' title='bbox 3391 5319 3615 5373; x_wconf 86' lang='lat' dir='ltr'><strong>multam</strong></span> 
     </span>
    </p>
   </div>
   <div class='ocr_carea' id='block_1_118' title="bbox 2053 5399 3618 5479">
    <p class='ocr_par' dir='ltr' id='par_1_118' title="bbox 2053 5399 3618 5479">
     <span class='ocr_line' id='line_1_118' title="bbox 2053 5399 3618 5479; baseline 0.004 -25"><span class='ocrx_word' id='word_1_844' title='bbox 2053 5401 2162 5455; x_wconf 90' lang='lat' dir='ltr'><strong>illis</strong></span> <span class='ocrx_word' id='word_1_845' title='bbox 2182 5399 2458 5479; x_wconf 84' lang='lat' dir='ltr'><strong>exhibebit</strong></span> <span class='ocrx_word' id='word_1_846' title='bbox 2486 5406 2790 5457; x_wconf 84' lang='lat' dir='ltr'><strong>molestiam</strong></span> <span class='ocrx_word' id='word_1_847' title='bbox 2817 5421 2832 5469; x_wconf 88' lang='lat'><strong>;</strong></span> <span class='ocrx_word' id='word_1_848' title='bbox 2864 5415 3076 5463; x_wconf 85' lang='lat' dir='ltr'><strong>norunt</strong></span> <span class='ocrx_word' id='word_1_849' title='bbox 3111 5408 3309 5474; x_wconf 76' lang='lat' dir='ltr'><strong>quippe</strong></span> <span class='ocrx_word' id='word_1_850' title='bbox 3360 5408 3463 5462; x_wconf 87' lang='lat' dir='ltr'><strong>hoc</strong></span> <span class='ocrx_word' id='word_1_851' title='bbox 3506 5425 3618 5463; x_wconf 85' lang='lat' dir='ltr'><strong>uno</strong></span> 
     </span>
    </p>
   </div>
   <div class='ocr_carea' id='block_1_119' title="bbox 2052 5490 3619 5562">
    <p class='ocr_par' dir='ltr' id='par_1_119' title="bbox 2052 5490 3619 5562">
     <span class='ocr_line' id='line_1_119' title="bbox 2052 5490 3619 5562; baseline 0.005 -19"><span class='ocrx_word' id='word_1_852' title='bbox 2052 5490 2105 5543; x_wconf 87' lang='lat' dir='ltr'><strong>iu</strong></span> <span class='ocrx_word' id='word_1_853' title='bbox 2144 5490 2395 5559; x_wconf 61' lang='lat' dir='ltr'><strong>praesenti</strong></span> <span class='ocrx_word' id='word_1_854' title='bbox 2430 5506 2528 5544; x_wconf 85' lang='lat' dir='ltr'><strong>nos</strong></span> <span class='ocrx_word' id='word_1_855' title='bbox 2581 5494 2840 5562; x_wconf 77' lang='lat' dir='ltr'><strong>indigere,</strong></span> <span class='ocrx_word' id='word_1_856' title='bbox 2899 5502 2956 5546; x_wconf 91' lang='lat' dir='ltr'><strong>ut</strong></span> <span class='ocrx_word' id='word_1_857' title='bbox 3012 5510 3097 5549; x_wconf 75' lang='lat' dir='ltr'><strong>res</strong></span> <span class='ocrx_word' id='word_1_858' title='bbox 3140 5505 3343 5551; x_wconf 71' lang='lat' dir='ltr'><strong>nostra:</strong></span> <span class='ocrx_word' id='word_1_859' title='bbox 3401 5498 3455 5552; x_wconf 91' lang='lat' dir='ltr'><strong>in</strong></span> <span class='ocrx_word' id='word_1_860' title='bbox 3502 5507 3619 5553; x_wconf 83' lang='lat' dir='ltr'><strong>tuto</strong></span> 
     </span>
    </p>
   </div>
   <div class='ocr_carea' id='block_1_120' title="bbox 2051 5581 3618 5656">
    <p class='ocr_par' dir='ltr' id='par_1_120' title="bbox 2051 5581 3618 5656">
     <span class='ocr_line' id='line_1_120' title="bbox 2051 5581 3618 5656; baseline 0.006 -22"><span class='ocrx_word' id='word_1_861' title='bbox 2051 5582 2182 5645; x_wconf 84' lang='lat' dir='ltr'><strong>sint,</strong></span> <span class='ocrx_word' id='word_1_862' title='bbox 2215 5591 2270 5634; x_wconf 93' lang='lat' dir='ltr'><strong>ct</strong></span> <span class='ocrx_word' id='word_1_863' title='bbox 2316 5597 2381 5635; x_wconf 89' lang='lat' dir='ltr'><strong>ne</strong></span> <span class='ocrx_word' id='word_1_864' title='bbox 2427 5581 2612 5636; x_wconf 87' lang='lat' dir='ltr'><strong>hostes</strong></span> <span class='ocrx_word' id='word_1_865' title='bbox 2660 5583 3150 5649; x_wconf 84' lang='lat' dir='ltr'><strong>pertimescamus;</strong></span> <span class='ocrx_word' id='word_1_866' title='bbox 3206 5586 3256 5639; x_wconf 84' lang='lat' dir='ltr'><strong>id</strong></span> <span class='ocrx_word' id='word_1_867' title='bbox 3305 5588 3452 5656; x_wconf 90' lang='lat' dir='ltr'><strong>quod</strong></span> <span class='ocrx_word' id='word_1_868' title='bbox 3509 5608 3618 5644; x_wconf 85' lang='lat' dir='ltr'><strong>non</strong></span> 
     </span>
    </p>
   </div>
   <div class='ocr_carea' id='block_1_121' title="bbox 2054 5670 3625 5750">
    <p class='ocr_par' dir='ltr' id='par_1_121' title="bbox 2054 5670 3625 5750">
     <span class='ocr_line' id='line_1_121' title="bbox 2054 5670 3625 5750; baseline 0.005 -24"><span class='ocrx_word' id='word_1_869' title='bbox 2054 5674 2241 5742; x_wconf 74' lang='lat' dir='ltr'><strong>grandi</strong></span> <span class='ocrx_word' id='word_1_870' title='bbox 2275 5674 2501 5742; x_wconf 86' lang='lat' dir='ltr'><strong>pecunia</strong></span> <span class='ocrx_word' id='word_1_871' title='bbox 2529 5674 2789 5744; x_wconf 83' lang='lat' dir='ltr'><strong>etpaueis</strong></span> <span class='ocrx_word' id='word_1_872' title='bbox 2810 5670 3040 5729; x_wconf 75' lang='lat' dir='ltr'><strong>navibus</strong></span> <span class='ocrx_word' id='word_1_873' title='bbox 3060 5687 3318 5745; x_wconf 69' lang='lat' dir='ltr'><strong>praestare</strong></span> <span class='ocrx_word' id='word_1_874' title='bbox 3349 5686 3625 5750; x_wconf 78' lang='lat' dir='ltr'><strong>possunt),</strong></span> 
     </span>
    </p>
   </div>
   <div class='ocr_carea' id='block_1_122' title="bbox 3116 5773 3185 5834">
    <p class='ocr_par' dir='ltr' id='par_1_122' title="bbox 3116 5773 3185 5834">
     <span class='ocr_line' id='line_1_122' title="bbox 3116 5773 3185 5834; baseline 0.014 -1"><span class='ocrx_word' id='word_1_875' title='bbox 3116 5773 3185 5834; x_wconf 82' lang='grc'><strong>13</strong></span> 
     </span>
    </p>
   </div>
  </div>
