3948 6186
389 321 495 387 401

1476 324 1975 394 ΑΟΗΟΒΤΑΤΙΟ
2009 340 2108 399 AD
2145 340 2536 404 SYNODUM.

3515 349 3624 412 402

392 442 649 509 πράττειν
668 439 697 507 ἢ
719 440 793 507 μὴ
819 441 1259 511 σνμὸησομένας,
1284 445 1373 497 καὶ
1394 441 1547 508 αὖθις
1570 449 1633 501 ἐκ
1656 448 1750 500 τοῦ
1785 465 1955 517 προσ-

2071 456 2281 523 gotiutn.
2340 464 2429 509 aut
2468 470 2570 510 non
2628 456 2970 521 conﬁciatur,
3024 467 3074 511 et
3130 436 3488 518 si’uniamur.
3540 473 3630 513 aut

388 528 627 600 ήκασθαι
660 529 908 594 Λατίνοις
938 532 971 600 ἢ
1037 533 1132 602 μὴ,
1163 536 1263 587 οὐκ
1289 534 1398 588 ἔδει
1422 537 1605 604 λέγειν
1634 539 1786 607 ἡμῖν,
1819 539 1954 608 πρὸς

387 620 449 672 τὸ
485 617 697 671 πείθειν
724 619 819 686 τῆς
843 618 1089 685 ἀνάγκης
1118 621 1415 692 ἀρκούσης.
1692 642 1695 643 ⁷

469 707 677 762 Ὁπόσα
730 708 786 761 δὲ
834 708 1147 777 λογίζεσθαι
1190 713 1297 783 χρὴ
1350 714 1487 781 πρὸς
1527 714 1627 784 τὴν
1674 716 1955 785 παροῦσαν

390 798 660 869 ἀνάγκην,
688 799 851 861 αὐτὸς
898 801 995 869 μὶν
1029 803 1268 870 μετρίως
1301 803 1510 857 τούτων
1538 806 1784 874 ἡψάμην,
1827 806 1954 874 ὑμῖν

388 892 445 944 δὲ
485 890 644 944 ἱκανὰ
673 890 892 953 πάντως
933 891 1117 945 λαϐεῖν
1157 894 1247 945 ἐπὶ
1282 893 1410 947 νοῦν
1441 894 1529 947 καί
1572 894 1950 962 ἀηπολῆσαιο

395 980 592 1050 μιλλεν
621 979 677 1033 δδ
712 980 889 1035 πάντα
917 981 1105 1049 σαφῶς
1133 983 1336 1037 οὖτωσὶ
1366 984 1460 1037 καὶ
1482 984 1667 1055 σχεδὸν
1692 983 1951 1055 ὁρώμενα

390 1078 707 1146 πρόκειται,
736 1075 908 1146 ταύτῃ
953 1077 1113 1145 μόνον
1141 1076 1202 1130 ού
1237 1078 1535 1148 φαινόμενα
1566 1077 1849 1148 καθαρῶς,
1869 1078 1953 1131 δτι

391 1167 615 1221 δύναταί
634 1183 719 1229 τις
748 1165 1201 1235 ὲπισκοτούμενος
1234 1168 1352 1234 ἰδίῳ
1380 1168 1542 1221 πάθει
1576 1169 1680 1220 τινὶ
1717 1167 1850 1237 μηδὲ
1883 1165 1954 1218 τὰ

392 1256 749 1325 φανερώτατα
795 1254 977 1316 καλῶς
1005 1257 1259 1326 συνορᾷν.
1288 1257 1396 1309 Καὶ
1425 1259 1564 1328 πρὸς
1606 1256 1840 1317 τούτοις.
1871 1256 1953 1309 δτι

398 1348 532 1416 μήτε
556 1346 633 1415 νῷ
665 1346 801 1415 μήτε
830 1344 973 1413 λόγῳ
998 1345 1312 1414 περιλαὸεῖν
1344 1348 1462 1399 ἐστι
1496 1348 1744 1409 δυνατὸν,
1779 1345 1955 1399 ὁπόσα

394 1436 625 1503 πάρεστι
657 1435 755 1503 μὲν
778 1435 864 1501 ἐφ’
894 1435 1130 1503 ἑκάτερα
1161 1437 1256 1488 καὶ
1284 1436 1463 1502 φαῦλα.
1488 1437 1581 1489 καὶ
1607 1436 1805 1504 ἀγαθά,
1832 1436 1957 1507 μέλ-

392 1527 474 1579 λει
498 1527 556 1578 δὲ
589 1525 794 1593 θάτερα
825 1523 882 1589 ἐξ
915 1526 1160 1593 ἀνάγκης
1208 1527 1551 1596 συμϐαίνειν.
1590 1527 1956 1596 Συμεουλεύω

394 1616 457 1683 δὴ
490 1616 583 1667 καὶ
605 1614 797 1681 δέομαι
824 1616 1041 1668 πάντων
1072 1616 1246 1685 ὑμῶν,
1267 1619 1455 1685 τ.ρῶτα
1489 1620 1588 1687 μὲν
1616 1622 1712 1686 τῆς
1743 1620 1953 1690 χρείας,

395 1706 585 1758 ἔπειτα
617 1704 712 1756 τοῦ
743 1706 1063 1773 πρέποντος,
1085 1708 1219 1775 πρὶς
1247 1708 1306 1761 δὲ
1321 1709 1531 1772 τούτοις
1551 1710 1650 1780 τῆς
1681 1711 1949 1781 ἀνάγκης.

2062 562 2167 600 non
2227 547 2480 600 uniamur
2534 561 2656 601 cum
2697 546 2925 613 Latinis,
2981 550 3249 618 agendum
3306 549 3464 603 nobis
3520 565 3627 601 non

2056 647 2221 701 esset,
2258 654 2378 692 eum
2410 638 2480 692 sit
2513 640 2646 706 satis
2693 638 2757 691 ad
2822 638 3257 707 persuadendum
3309 639 3627 693 necessitas.

2129 729 2193 783 Et
2219 742 2319 795 ego
2349 726 2567 795 quidem
2601 726 2791 780 leviter
2813 727 2960 795 attigi
2991 741 3332 795 quaecunque
3388 726 3452 779 ad
3486 742 3627 795 pra:-

2055 826 2259 871 sentem
2292 816 2673 871 necessitatem
2707 818 2947 883 cogitare
2974 825 3205 886 oportet.
3243 815 3409 870 Vobis
3442 829 3618 871 autem

2053 906 2185 961 satis
2225 907 2338 960 haec
2368 917 2525 961 erunt
2551 907 2617 959 ad
2650 907 2993 960 excitandum
3034 906 3298 971 animum,
3329 914 3390 961 ut
3420 922 3480 961 ea
3511 908 3634 960 diti-

2057 1002 2243 1062 genter
2268 992 2624 1061 expendatis;
2659 1008 2782 1047 cum
2812 993 3052 1061 profecto
3084 995 3259 1063 palam
3286 995 3467 1049 omnia
3526 1013 3622 1049 no-

2054 1083 2184 1138 stris
2239 1083 2350 1139 fere
2403 1084 2575 1138 oculis
2621 1100 2739 1139 sese
2771 1083 3021 1146 on'erant.
3047 1098 3109 1138 ea
3154 1093 3363 1138 tantum
3422 1086 3631 1138 ratione

2055 1191 2159 1229 non
2191 1187 2377 1251 aperte
2405 1176 2742 1245 apparentia,
2794 1175 2934 1241 quod
2972 1174 3207 1230 tenebris
3257 1176 3489 1244 prepria:
3534 1192 3629 1229 cu-

2051 1267 2263 1337 jusdam
2295 1266 2600 1321 affectionis
2633 1266 2960 1336 praepeditus
3014 1267 3281 1337 quispiam
3320 1275 3495 1331 potest
3541 1269 3623 1321 vel

2057 1357 2497 1412 manifestissima
2531 1370 2636 1409 non
2690 1356 3041 1425 perspicere:
3082 1365 3136 1410 et
3186 1368 3449 1426 praeterea
3497 1357 3624 1423 quia

2058 1465 2156 1504 nec
2202 1459 2377 1503 mente
2399 1464 2497 1502 nec
2528 1464 2777 1502 sermone
2804 1457 2981 1519 potest
3002 1450 3123 1519 quis
3169 1452 3631 1520 comprehendere

2056 1548 2189 1608 quot
2238 1540 2374 1593 bona
2431 1548 2671 1608 quotque
2723 1541 2860 1594 mala
2926 1542 3052 1596 hinc
3104 1542 3230 1596 inde
3291 1551 3629 1611 sequantur,

2056 1639 2108 1681 et
2144 1642 2367 1682 necesse
2419 1638 2500 1681 est
2533 1638 2591 1681 ut
2645 1629 2897 1682 eveniant
2929 1629 3121 1683 altera.
3156 1629 3457 1683 Consilium
3495 1645 3624 1692 ergo

2055 1717 2147 1781 do,
2175 1733 2411 1787 rogoque
2441 1733 2537 1771 vos
2558 1733 2748 1772 omnes
2784 1727 2839 1771 Ill.
2876 1720 3210 1787 indigentim,
3242 1730 3296 1774 et
3327 1722 3622 1781 honestati,

396 1799 488 1850 ἐπὶ
538 1798 673 1851 πᾶσι
699 1797 757 1851 δὲ
784 1798 878 1850 καὶ
916 1797 1012 1866 τῆς
1061 1800 1339 1868 ἡμετέρας
1386 1800 1700 1869 προθέσεως
1729 1801 1956 1869 γενομέ-

2071 1824 2270 1863 necnon
2349 1811 2683 1876 necessitati,
2744 1812 2928 1865 adiutae
3009 1821 3064 1865 ct-
3109 1812 3386 1882 proposito
3440 1823 3629 1866 nostro

396 1906 539 1954 νους,
597 1891 715 1958 ἅμα
771 1889 1184 1958 ἀθροισθέντας,
1235 1890 1411 1958 λόγων
1463 1892 1565 1955 μὲν
1618 1892 1955 1956 παύσασθαι,

399 1980 638 2050 ἅψασθαι
662 1981 719 2033 δὲ
738 1979 915 2051 ἔργων
933 1995 951 2012 ο
984 1978 1043 2034 ἓν
1071 1981 1161 2034 διὰ
1183 1982 1401 2036 πάντων
1430 1982 1790 2048 σκοποῦντας,
1808 1985 1958 2047 ὅπως

400 2073 493 2125 καὶ
522 2070 759 2137 πατρίδα
787 2070 882 2122 καὶ
912 2069 1061 2134 ιθνος
1094 2072 1191 2125 καὶ
1221 2072 1346 2142 ἰερά
1388 2075 1480 2125 καὶ
1508 2074 1713 2141 τάφους
1742 2074 1832 2125 καὶ
1872 2074 1960 2125 ἀεὶ

401 2164 518 2233 μιν,
570 2162 665 2215 νῦν
713 2162 771 2214 δὲ
807 2162 1043 2232 μάλιστα
1086 2161 1519 2233 διασωζώμεθα·
1558 2165 1650 2219 καὶ
1697 2165 1961 2227 Λατίνους

401 2256 499 2323 μιν
530 2271 674 2323 φημι
697 2254 805 2307 δεῖν
838 2253 1238 2324 προσδέξασθαι
1272 2272 1331 2307 τε
1364 2255 1455 2307 καὶ
1479 2258 1779 2318 κοινωνεῖν,
1806 2255 1961 2308 οὐδὲν

401 2344 821 2415 ἁμαρτάνοντας
868 2345 927 2397 ἐν
974 2347 1040 2415 τῇ
1082 2346 1288 2409 πίστει,
1320 2346 1479 2416 εἴπερ
1510 2346 1634 2415 μηδ’
1665 2347 1714 2399 οἰ
1751 2347 1847 2417 τῆς
1874 2348 1966 2399 πί·

404 2458 573 2504 στεως
605 2442 740 2510 ἡμῖν
781 2441 1045 2510 ἡγεμόνες
1116 2441 1499 2512 γεγενημένοι,
1532 2443 1627 2495 καὶ
1659 2441 1720 2495 τὸ
1752 2441 1963 2504 τούτοις

401 2533 719 2603 ἐμπνεῦσαν
757 2529 1004 2602 Πνεῦμα,
1050 2532 1401 2603 ἡμάρτανονο
1431 2532 1523 2586 καί¹
1571 2531 1650 2586 ἔτι
1705 2532 1774 2585 τὰ
1824 2531 1963 2585 αὐτά

407 2626 625 2695 φρονεῖν
677 2624 808 2692 ἡμῖν
859 2621 1140 2690 λέγοντας,
1185 2624 1277 2676 καὶ
1326 2623 1463 2693 πρὸς
1504 2623 1713 2686 τούτοις
1747 2623 1963 2677 διαλάτ-

404 2732 593 2776 τοντας
621 2714 871 2781 ἀλλήλοις
916 2714 1043 2776 τοὺς
1074 2713 1454 2780 διδασκάλους,
1480 2714 1574 2778 οὓς
1604 2716 1668 2767 ὲκ
1696 2715 1796 2784 τῆς
1828 2718 1964 2785 ἠμε-

404 2808 567 2873 τέρας
605 2805 912 2872 ἀντιλογίας
962 2805 1449 2875 ἰκπεπολεμῶσθαι
1496 2807 1694 2877 μᾶλλον
1729 2808 1963 2877 συμϐαι-

2059 1916 2281 1968 operam
2326 1912 2591 1957 navantes
2654 1901 3011 1965 conveniatis,
3054 1914 3103 1956 et
3146 1902 3470 1972 posthabitis
3510 1918 3628 1957 ser-

2061 1991 2311 2044 monibus
2371 2005 2507 2060 opns
2586 1992 2760 2060 ipsum
2851 1993 3280 2064 aggrediamini,
3343 1992 3493 2047 illum
3575 1993 3626 2044 in

2060 2078 2310 2132 omnibus
2337 2080 2495 2134 tinem
2531 2080 2684 2135 vobis
2731 2090 3047 2144 statuentes,
3084 2090 3141 2134 ut
3189 2090 3243 2134 et
3281 2082 3535 2147 patriam,
3570 2091 3626 2135 et

2061 2178 2296 2239 gentem,
2326 2179 2376 2224 et
2409 2186 2587 2235 sacra,
2618 2180 2673 2227 et
2697 2174 2942 2241 sepulcra
2972 2187 3187 2241 semper
3209 2172 3449 2240 quidem,
3486 2186 3628 2225 nunc

2060 2276 2191 2316 vero
2226 2262 2573 2331 potissimum
2609 2274 2856 2317 tueamur
2891 2280 2905 2316 :
2936 2273 2983 2318 et
3029 2262 3250 2318 Latinos
3286 2262 3506 2331 quidem
3543 2263 3629 2315 aio

2062 2352 2438 2421 suscipiendos
2489 2368 2629 2417 esse,
2679 2362 2735 2407 et
2782 2354 3211 2422 amplectendam
3249 2369 3437 2408 eorum
3475 2369 3630 2408 como

2064 2444 2401 2504 munionem,
2432 2460 2554 2498 cum
2598 2445 2728 2498 nihil
2771 2456 2954 2499 errent
3002 2447 3052 2499 in
3093 2446 3239 2501 ﬁde:
3289 2446 3335 2500 si
3384 2461 3482 2500 nec
3505 2445 3629 2500 ﬁdei

2029 2533 2265 2591 'nostrze
2300 2536 2494 2601 duces,
2525 2546 2579 2591 et
2607 2540 2722 2606 ipse
2744 2537 3008 2606 Spiritus,
3041 2552 3148 2604 quo
3176 2537 3251 2591 illi
3285 2546 3412 2591 sunt
3444 2535 3627 2600 adlati,

2061 2634 2359 2692 errarunt,
2395 2626 2647 2696 quodque
2694 2641 2753 2681 se
2812 2624 3079 2680 allirment
3112 2625 3255 2680 idem
3308 2634 3473 2694 atque
3530 2639 3633 2678 nos

2064 2716 2290 2780 sentire,
2347 2724 2402 2769 et
2432 2717 2684 2771 doctores
2714 2717 2779 2770 ad
2818 2717 2930 2769 hac
2971 2716 3112 2769 inter
3138 2730 3259 2770 sese
3305 2713 3624 2775 conCilient,

2062 2820 2203 2873 quos
2237 2820 2299 2860 es
2332 2816 2519 2860 nostra
2569 2807 2816 2876 opposita
2845 2805 3112 2859 sententia
3145 2806 3411 2875 contingit
3447 2805 3631 2873 potius

404 2912 517 2950 νει·
548 2895 577 2947 δ
607 2896 701 2948 καί⁵
732 2895 889 2963 ὑμεῖς
921 2894 1035 2947 ῐστε
1072 2894 1274 2958 καλῶς,
1326 2896 1482 2964 κάγὼ
1528 2898 1687 2950 πᾶσι)
1736 2897 1955 2966 ἕτοιμός

2071 2896 2213 2966 loqui
2244 2901 2572 2968 pugnantia;
2608 2898 2750 2966 quod
2778 2905 2831 2949 et
2864 2911 2959 2950 vos
2984 2897 3186 2964 Optime
3211 2897 3387 2957 scitis,
3441 2906 3489 2949 et
3533 2911 3632 2961 ego

404 2991 517 3059 εἰμι
550 2987 711 3042 τοῦτο
757 2986 914 3056 δῆλον
969 2986 1145 3039 ποιεῖν
1178 2986 1377 3040 ὁπόταν
1417 2986 1709 3056 κελεύσητε
1734 3003 1748 3018 ’
1782 2989 1871 3040 ἐπὶ
1909 2988 1965 3044 δὲ

2071 2998 2287 3058 paratus
2312 3003 2431 3042 sunt
2456 2989 2710 3042 omnibus
2740 2988 2912 3056 palam
2946 2988 3142 3047 iacere.
3170 2987 3582 3056 cnmjusscritis
3609 3000 3626 3037 τ

404 3082 573 3135 πᾶσιν
629 3077 929 3148 ἀναθέματι
986 3077 1502 3143 καθυποεάλλοντας
1562 3078 1703 3149 άπερ
1769 3079 1965 3140 αὐτοὺς

2071 3079 2365 3149 praesertim
2394 3094 2521 3132 vero
2564 3078 2709 3148 quod
2738 3077 3065 3130 anathemati
3092 3077 3346 3139 subdant,
3378 3091 3497 3142 qua:
3526 3076 3635 3127 illis

405 3171 730 3242 ινομίζομεν
754 3146 818 3222 ὲκ
853 3169 952 3239 τῆς
978 3169 1137 3239 δόξης
1168 3168 1375 3247 ταύτης
1408 3146 1691 3239 ὁμολογεῖν
1717 3186 1729 3199 ·
1760 3170 1854 3223 καὶ
1891 3171 1965 3241 μὴ

2071 3146 2130 3224 ex
2165 3166 2266 3221 hac
2293 3146 2709 3222 sententia'nos
2756 3165 3133 3220 tribuebamns
3171 3182 3185 3219 :
3226 3164 3407 3242 necvid
3456 3163 3632 3218 solmn

409 3263 568 3331 μόνον
604 3258 765 3313 τοῦτο
792 3257 1103 3322 ποιοῦντας,
1133 3258 1270 3312 ἀλλά
1314 3258 1410 3312 καὶ
1455 3257 1772 3321 δεικνύντας
1818 3260 1968 3321 ὅπως

405 3357 588 3409 ἐκεῖνα
612 3355 680 3422 τῇ
870 3352 1021 3421 σερῶν
1048 3351 1245 3406 πολλοῦ
1290 3352 1505 3406 δέουσιν
1541 3352 1796 3406 ἔπεσθαι.
1828 3352 1968 3404 Τού-

406 3465 519 3513 τοις
554 3448 654 3518 μὲν
682 3443 777 3500 οῦν
814 3444 1171 3517 προσδεκτέον
1191 3461 1205 3478 ο
1238 3446 1614 3515 ἀναγνωστέον
1647 3446 1703 3498 δὲ
1730 3446 1790 3498 τδ
1820 3445 1968 3513 Σύμ-

408 3541 566 3595 6ολον
593 3540 885 3611 καθώσπερ
908 3540 1179 3610 εἰώθαμεν
1198 3555 1213 3573 ο
1229 3539 1386 3594 τοῦτο
1407 3540 1514 3608 γάρ
1537 3538 1684 3592 δοκεῖ
1714 3539 1809 3591 καὶ
1834 3536 1971 3605 πρὸς

408 3634 532 3694 τοὺς
559 3633 718 3703 ὄρους
742 3632 953 3701 ἀρκεῖν.
989 3629 1084 3695 οῦς
1111 3646 1291 3700 φαμεν
1335 3629 1587 3692 δεδιέναι,
1612 3628 1708 3681 καὶ
1746 3627 1882 3697 πρὸς
1912 3626 1973 3680 τὸ

412 3723 546 3776 πᾶσι
575 3724 690 3784 τοῖς
715 3722 820 3774 ὑπὸ
847 3722 947 3789 τὴν
993 3721 1267 3790 ἡμετέραν
1308 3717 1638 3789 Ἐκκλησίαν
1670 3718 1848 3770 ἔθνεσι
1871 3717 1973 3785 τὴν

411 3814 640 3883 εἰρήνην
669 3811 875 3880 ταύτην
926 3811 1142 3879 ἀρέσαι,
1171 3811 1487 3881 συμφέρειν.
1534 3809 1677 3876 Νῆες
1710 3808 1766 3871 δὲ
1801 3825 1973 3876 παρα-

416 3902 867 3966 σκευαζέσθωσαν
912 3901 1106 3953 ὁπόσαι
1137 3899 1395 3953 δυναταί·
1443 3899 1645 3967 μεταξῦ
1696 3898 1754 3951 δὲ
1798 3898 1974 3949 ὁπόσα

412 3996 512 4058 δεῖ,
548 3993 826 4048 διαθέσθαι
856 3992 983 4064 περί
1024 4009 1081 4045 τε
1119 3991 1373 4062 βοηθείας
1407 3994 1505 4059 τῆς
1534 3992 1613 4053 εἰς
1650 3991 1710 4042 τὸ
1757 3989 1973 4057 μέλλον,

413 4086 510 4139 καί
552 4081 900 4154 βεϐαιώσεως
944 4084 1041 4151 τῆς
1084 4084 1331 4154 εἰρήνης,
1352 4083 1444 4135 και
1471 4100 1635 4136 τινων
1659 4083 1835 4137 ἄλλων
1864 4098 1879 4112 ·
1908 4082 1975 4133 τά

416 4170 514 4237 μὲν
543 4167 609 4222 δι’
634 4167 843 4219 ἑαυτῶν
876 4168 1220 4236 πράττοντας
1253 4169 1429 4220 ὁπόσα
1470 4166 1566 4219 νῦν
1596 4168 1791 4233 ἔξεστι,
1825 4166 1893 4219 τά
1920 4166 1976 4218 δὲ

412 4259 557 4328 τρισι
612 4256 808 4327 τισινῆ
838 4259 1092 4323 τέταρσιν
1150 4255 1552 4324 ἐπιτρέψαντας
1586 4252 1977 4324 πράττειν,οῦ;

415 4349 633 4417 ἀνάγκη
690 4346 1014 4399 καταλιπεῖν
1067 4347 1124 4397 ὲν
1159 4347 1226 4415 τῇ
1276 4348 1525 4416 παρούσῃ
1576 4344 1800 4413 συνόδῳ,
1850 4343 1976 4403 τοὺς

2068 3266 2250 3328 agant,
2292 3261 2385 3312 sed
2412 3257 2573 3310 etiam
2618 3257 2935 3320 ostendant,
2974 3271 3036 3311 ea
3091 3271 3155 3311 ex
3188 3271 3286 3310 sua
3342 3256 3635 3316 sententia,

2069 3350 2269 3419 quippe
2321 3357 2379 3401 ut
2430 3347 2662 3401 multum
2717 3347 2996 3411 distantia,
3056 3361 3397 3417 nequaquam
3455 3346 3632 3413 sequi.

2073 3442 2181 3497 Hos
2220 3441 2387 3511 igitur
2411 3441 2533 3495 dico
2561 3454 2682 3495 esse
2703 3440 3101 3509 suscipiendos.
3145 3438 3466 3516 Symbolum
3506 3453 3637 3492 \ero

2072 3533 2429 3592 recitandum.
2479 3541 2537 3587 ut
2585 3532 3030 3588 consuevimus:
3064 3533 3166 3586 hoc
3224 3532 3369 3585 enim
3420 3539 3531 3584 tum
3572 3532 3635 3581 ad

2073 3625 2287 3679 decreta
2333 3624 2467 3679 satis
2509 3638 2628 3678 esse
2676 3624 2908 3684 videtur,
2951 3638 3073 3692 quae
3122 3637 3222 3676 nos
3260 3622 3638 3687 pertimescere

2073 3714 2345 3777 dicimus;
2388 3722 2503 3767 tum
2554 3712 2863 3766 conducere
2900 3712 2965 3763 ad
3016 3709 3380 3771 etiicieudum.
3432 3718 3490 3762 at
3536 3725 3634 3777 pax

2074 3790 2175 3861 ista
2209 3808 2417 3875 placeat
2464 3806 2672 3860 cunctis
2730 3805 3063 3866 nationibus,
3114 3818 3234 3873 qmc
3265 3812 3461 3856 nostra:
3504 3802 3638 3855 sub-

2076 3909 2204 3955 sunt
2230 3900 2503 3955 Ecelesizr.
2561 3899 2736 3952 Naves
2785 3908 2966 3952 autem
3008 3906 3264 3967 parentur
3287 3911 3353 3950 eo
3387 3910 3495 3964 quo
3527 3894 3637 3947 ﬁeri

2078 3991 2277 4061 poterit
2307 4007 2553 4044 numero.
2621 3990 2842 4044 Interim
2878 4005 2999 4055 qna:
3026 3999 3150 4039 sunt
3176 4003 3315 4055 opus
3344 3986 3641 4052 disponan-

2080 4094 2184 4142 tur,
2223 4091 2335 4134 tum
2386 4096 2507 4147 qua:
2558 4081 2763 4135 faciunt
2817 4079 2882 4132 ad
2933 4078 3212 4131 ferendum
3258 4078 3312 4129 in
3367 4084 3640 4141 posterum

2079 4171 2365 4234 auxilium,
2424 4178 2534 4222 tum
2579 4184 2699 4237 qua:
2742 4169 2810 4221 ad
2858 4182 3044 4234 pacem
3098 4162 3543 4227 conﬁrmandam,
3589 4171 3644 4215 ct

2078 4266 2323 4332 quaedam
2364 4262 2467 4315 alia
2500 4276 2515 4314 :
2553 4275 2671 4327 qum
2699 4259 2891 4328 partim
2930 4273 3025 4326 per
3063 4271 3163 4310 nos
3208 4257 3357 4321 ipsos
3390 4268 3640 4321 agamus,

2081 4352 2336 4408 ιιίιιιὶτιιιιι
2375 4366 2498 4421 quae
2545 4358 2744 4404 nostra
2780 4363 2925 4403 nunc
2975 4347 3246 4402 facultatis
3285 4355 3483 4409 erunt;
3517 4359 3641 4412 par-

415 4440 525 4494 τῶν
548 4439 722 4493 ἀλλων
752 4436 1061 4506 βελτίστους
1101 4452 1161 4488 τε
1206 4438 1304 4489 καὶ
1337 4436 1700 4503 σοφωτάτους.
1728 4433 1859 4488 Εἶτα
1886 4434 1968 4487 καί

2084 4442 2177 4495 tint
2206 4441 2412 4512 agenda
2442 4440 2615 4494 tribus
2641 4449 2942 4507 quatuorve
2967 4438 3393 4497 committamus,
3424 4450 3562 4503 quos
3590 4435 3642 4486 in

412 4531 570 4583 αὐτοὶ
598 4528 840 4595 ἔλθωμεν
883 4526 963 4588 εἰς
1011 4525 1287 4586 Βενετίας,
1322 4528 1481 4577 κάκεῖ
1509 4526 1686 4577 πάντα
1716 4527 1975 4592 ποιήσανσ

413 4637 505 4682 τες
554 4618 730 4671 ὁπόσα
775 4616 857 4670 δεῖ
908 4618 1002 4670 καὶ
1052 4615 1338 4683 συμφέρει,
1384 4614 1510 4667 εὐθὺ
1546 4617 1642 4680 τῆς
1704 4614 1978 4683 ἡμετέρας

421 4713 591 4778 ἴωμεν
638 4707 867 4770 πόλεως,
916 4706 1034 4774 ἅμα
1076 4722 1135 4759 τε
1183 4706 1552 4776 επανήκοντες
1578 4708 1673 4757 καὶ
1702 4707 1979 4775 σύμμαχοι

419 4803 647 4871 ἠκοντες
676 4799 725 4851 οἰ
752 4798 922 4850 αὐτοί.
953 4797 1140 4851 Ταῦτα
1163 4797 1218 4851 δὲ
1244 4798 1421 4850 πάντα
1451 4797 1530 4849 δεῖ
1556 4798 1814 4865 πράττειν
1845 4798 1982 4865 μετὰ

419 4892 519 4960 τῆς
549 4890 879 4958 γιγνομένης
911 4891 968 4941 ὲν
1005 4892 1136 4942 πᾶσι
1171 4890 1429 4959 σπουδῆς.
1453 4889 1746 4960 Δυνάμεθα
1770 4891 1879 4961 γὰρ
1912 4890 1981 4943 τά

428 4984 527 5055 μὶν
542 4982 776 5037 ενταῦθα
799 4983 957 5052 μέχρι
976 4982 1359 5036 πεντεκαίδεκα
1378 4982 1621 5051 ἡμερῶν,
1640 4981 1741 5034 κᾶν
1763 4976 1914 5049 ὦμεν
1932 4982 1982 5035 οἰ

419 5074 772 5139 νωθέστατοι,
789 5061 1260 5143 σῦμπεράνασθαι.
1286 5073 1505 5126 Τούτων
1526 5073 1583 5127 δὲ
1605 5072 1833 5143 συναριθ
1843 5090 1982 5143 μου-

418 5166 599 5235 μένων
620 5164 812 5235 μέχρις
858 5164 997 5219 ὅλων
1037 5164 1470 5233 τεσσαράκοντα.
1497 5166 1592 5218 καὶ
1642 5164 1799 5219 αὐτοὶ
1834 5166 1983 5228 ἐντὸς

416 5253 557 5311 εἶναι
576 5257 686 5310 τῶν
710 5258 847 5310 νεῶν
872 5257 1149 5326 ὁποσωνδή
1161 5274 1284 5310 ποτε
1312 5258 1508 5310 οὐσῶν
1538 5250 1613 5311 ὧν
1632 5260 1730 5310 καὶ
1762 5257 1985 5319 πλείους

417 5345 765 5415 δυνησόμεθα
796 5345 937 5399 κατὰ
990 5345 1082 5398 τὸν
1136 5345 1305 5397 πλοῦν
1350 5346 1821 5415 προσλαμϐάνειν,
1855 5346 1987 5400 πάν-

420 5452 531 5489 των
558 5438 690 5504 ἡμῖν
718 5434 840 5489 κατ’
866 5434 1079 5489 εὔνοιαν
1111 5437 1205 5489 καὶ
1239 5438 1347 5490 τῶν
1391 5439 1673 5508 σφετέρων
1708 5440 1984 5510 ἀρχόντων

412 5527 687 5596 ἐπιταγὴν
746 5527 930 5580 εἵνεκα
979 5529 1077 5597 τῆς
1124 5528 1407 5597 παρούσης
1460 5530 1646 5598 χρείας
1694 5530 1984 5599 προστιθε-

423 5618 622 5685 μένων.
657 5618 867 5688 Εἰρηκα
910 5618 957 5672 δ’
993 5620 1121 5691 ἄχρι
1163 5621 1435 5674 τοσούτων
1476 5620 1699 5692 ἡμερῶν
1744 5623 1853 5675 τῶν
1882 5641 1987 5677 πα-

422 5709 555 5774 σῶν,
580 5712 661 5764 ὂτι
696 5710 869 5765 πάντα
900 5712 1015 5782 ἀμα
1046 5712 1127 5767 δεῖ
1166 5715 1259 5769 καὶ
1292 5714 1518 5769 δυνατόν
1555 5715 1672 5769 ἐστι
1713 5715 1983 5784 γενεσθαι,

2084 4533 2335 4603 pmsenti
2396 4534 2603 4603 synodo
2648 4531 2875 4597 relinqui
2914 4542 3134 4584 necesse
3182 4538 3287 4592 est,
3323 4537 3643 4583 ceterorum

2083 4625 2317 4693 optimos
2361 4638 2426 4677 ac
2461 4622 2835 4677 doctissimos.
2874 4620 3075 4674 Deinde
3118 4618 3357 4674 eundum
3406 4630 3459 4671 ct
3490 4616 3648 4671 nobis

2084 4716 2191 4770 erit
2224 4713 2516 4769 Venetias:
2550 4715 2735 4782 ibique
2797 4714 2960 4768 rebus
3024 4712 3344 4781 compositis
3369 4721 3422 4765 et
3455 4726 3649 4766 neces-

2087 4808 2247 4865 sariis
2275 4817 2328 4863 et
2375 4808 2623 4869 utilibus,
2660 4816 2808 4862 recta
2867 4806 2934 4862 ad
2975 4814 3218 4861 nostram
3251 4805 3441 4859 urbem
3494 4805 3649 4857 navi-

2084 4899 2342 4969 gandum,
2400 4898 2563 4952 simul
2625 4907 2680 4952 et
2739 4897 3114 4959 redeuntibus,
3160 4906 3213 4950 et
3255 4894 3322 4949 ad
3375 4893 3648 4949 ferendam

2087 5006 2243 5060 opem
2298 4990 2486 5044 iisdem
2535 4990 2814 5046 euntibus.
2870 4990 3103 5058 Agendae
3148 5000 3313 5056 porro
3354 4992 3484 5037 sunt
3533 4982 3647 5034 haec

2088 5081 2269 5136 onmia
2302 5082 2666 5146 festinatione,
2691 5095 2818 5151 qua
2836 5078 3141 5133 adhibenda
3164 5078 3363 5144 ubique
3386 5082 3490 5128 est.
3514 5071 3648 5125 Pos-

2091 5188 2281 5228 sumus
2336 5174 2482 5228 enim
2549 5188 2670 5241 qua:
2739 5172 2826 5227 hic
2886 5171 3091 5242 agenda
3158 5175 3285 5221 sunt
3344 5161 3647 5220 absolvere.

2088 5263 2337 5332 quamvis
2364 5265 2605 5317 omnium
2643 5258 3152 5322 simustardissimi,
3181 5255 3389 5309 dierum
3422 5249 3649 5319 quinde-

2089 5357 2190 5412 cim
2207 5358 2383 5423 spatio
2407 5373 2422 5409 :
2450 5355 2512 5408 iis
2535 5368 2661 5407 vero
2684 5350 3073 5411 adnumeratis,
3094 5348 3157 5400 ad
3171 5344 3648 5413 quadragesimum

2088 5453 2227 5505 diem
2268 5463 2431 5502 naves
2462 5458 2516 5500 et
2558 5446 2655 5514 ipsi
2696 5441 3085 5502 conscendere,
3123 5445 3486 5505 quotcunque
3537 5432 3673 5486 ἰιΙιιιι

2090 5539 2291 5593 fuerint
2325 5554 2340 5591 :
2377 5535 2577 5605 quibus
2610 5535 2771 5587 etiam
2803 5531 2987 5600 plures
3040 5528 3093 5580 in
3146 5526 3263 5594 ipsa
3310 5522 3651 5592 navigatione

2090 5628 2389 5701 poterimus
2436 5636 2736 5685 assumere,
2768 5619 3026 5676 omnibus
3082 5631 3203 5672 sese
3229 5614 3297 5670 ad
3329 5628 3431 5670 nos
3459 5613 3649 5681 adjun-

2091 5716 2358 5787 gcntibus,
2388 5724 2501 5769 tum
2522 5709 2917 5776 benevolentia,
2950 5717 3064 5764 tum
3091 5721 3313 5764 suorum
3340 5703 3647 5776 principum
