3948 6186
347 226 457 289 ‘09

1529 241 1812 305 ORATIO
1845 245 1874 305 Ι
1917 246 2015 307 AD
2049 250 2430 318 SYNODUM.

3467 260 3571 320 410

350 341 405 393 δὲ
439 341 541 410 τῆς
575 342 681 392 τῶν
716 342 854 396 ὅλων
885 346 1110 415 εἰρήνης
1136 350 1228 400 καὶ
1261 351 1330 404 τὰ
1355 352 1588 408 πλεῖστα
1607 357 1714 410 τῶν
1742 361 1901 427 ὑπαρ-

2017 370 2201 416 autem
2228 365 2510 419 communi
2540 366 2932 435 projiciendam
2961 381 3080 421 esse
3105 366 3416 420 lacullatura
3450 380 3573 433 par-

344 433 549 499 χόντων
579 433 774 501 χρῆναι
803 436 1088 503 προέσθαι.
1125 442 1283 493 Δυοῖν
1337 444 1518 498 τοίνυν
1563 448 1789 512 τούτων,
1837 446 1911 504 ὧν

343 523 505 575 ἕνεκα
537 528 629 578 καὶ
662 525 789 588 τοὺς
817 529 1045 590 πολλοὺς
1094 532 1409 602 ὑπέστημεν
1435 539 1653 602 πόνους,
1684 541 1912 610 θάτερον

348 613 447 680 μὲν
485 616 909 686 κατωρθωκόσιν
942 621 1096 689 ἡμῖν,
1125 623 1224 693 τὴν
1256 625 1456 689 γνῶσιν
1484 628 1626 694 λέγω
1654 631 1752 699 τῆς
1775 633 1909 704 ἀλη-

346 706 516 770 θείας,
569 707 782 778 ἀνάγκη
841 712 992 764 πᾶσα
1049 713 1143 764 καὶ
1193 715 1254 766 τὸ
1288 716 1471 770 λοιπὸν
1501 720 1907 780 ἐπακολουθεῖν.

346 797 512 850 Οὖῖὲν
533 798 640 868 γαρ
682 801 856 867 ἔσται,
893 803 993 869 τῆς
1024 805 1282 875 ἀληθείας
1314 811 1443 878 περὶ
1476 812 1584 864 τῶν
1629 815 1910 885 ἀμφισϐη-

342 890 624 956 τουμένων
662 892 1110 965 ἐπιγνωσθείσης,
1143 896 1170 949 ὃ
1217 901 1310 951 καὶ
1359 902 1521 954 πάλιν
1553 904 1682 972 ἡμῖν
1733 905 1907 974 σχίσει

347 980 446 1040 τὰς
480 982 724 1050 γνώμας,
778 985 872 1034 καὶ
907 987 1004 1053 τὴν
1056 991 1383 1060 οἰκουμένην
1437 995 1638 1061 ὁμοίως
1689 996 1907 1050 ἃπασαν

342 1070 626 1124 διελεῖται.
656 1071 794 1124 Οὔτε
827 1075 935 1143 γὰρ
977 1078 1103 1146 περὶ
1162 1080 1265 1148 γῆς
1295 1082 1435 1150 ὅρων
1464 1085 1496 1155 ἢ
1529 1087 1824 1154 χρημάτων
1869 1089 1901 1156 ἢ

345 1163 527 1232 νήσων
563 1165 656 1217 καὶ
698 1167 903 1218 πόλεων
961 1169 1113 1232 δίκας
1149 1173 1478 1242 πράττοντες
1508 1178 1901 1247 καθεδούμεθα,

344 1253 456 1306 οἱδ⁹
489 1255 695 1323 ἥκομεν
728 1256 932 1309 τούτων
963 1259 1127 1312 ἕνεκα
1161 1261 1258 1329 τὴν
1290 1265 1483 1334 ἀρχὴν,
1528 1266 1652 1320 οὔτε
1682 1269 1904 1323 δυνατόν

343 1345 460 1397 ἐστι
494 1346 847 1413 περὶτούτων
886 1349 1093 1412 πάντας
1147 1355 1316 1404 πᾶσιν
1381 1357 1770 1426 ἀμφισῦητεῖν.
1813 1361 1904 1415 Εἰ-

349 1438 647 1504 ρηνεύσαντ
660 1454 709 1497 ες
739 1437 791 1487 δὲ
825 1437 957 1504 πρὸς
989 1438 1251 1508 ἀλλήλους
1276 1442 1404 1494 ἄνευ
1431 1444 1524 1496 τοῦ
1549 1447 1641 1497 καὶ
1675 1448 1801 1517 περὶ
1835 1448 1904 1500 τὰ

341 1524 587 1594 δόγματα
623 1529 935 1582 παντάπασι
960 1533 1291 1599 συμφωνεῖν,
1317 1533 1410 1586 καὶ
1432 1533 1532 1602 τὴν
1561 1536 1728 1606 αὐτὴν
1755 1539 1903 1606 παρὰ

345 1619 480 1667 πᾶσι
511 1618 783 1686 κρατῆσαι
809 1619 990 1686 δόξαν,
1019 1624 1148 1690 περὶ
1187 1616 1261 1674 ὧν
1315 1630 1538 1677 σκοπεῖν
1591 1627 1898 1694 πρόκειται,

341 1705 482 1774 πρδς
513 1705 590 1773 τῷ
631 1709 766 1778 μηδὲ
796 1711 892 1776 τὴν
922 1689 1148 1780 είρήνην
1173 1711 1237 1763 ἂν
1275 1711 1573 1780 δυνηθῆναι
1609 1689 1776 1766 σ-ὦσαι
1807 1689 1901 1782 μέέ
1932 1689 1973 1742 Β

339 1814 434 1866 χρι
469 1798 691 1862 πολλοῦ,
732 1801 822 1852 ἐπὶ
861 1800 1058 1868 σαθροῦ
1090 1819 1232 1865 τινος
1281 1803 1634 1873 ίδρυνθεῖσαν,
1671 1809 1766 1860 καὶ
1801 1809 1898 1875 τῆς

339 1885 598 1954 ἀληθείας
650 1888 778 1940 άλλο
817 1907 869 1943 τι
923 1890 1148 1958 δόξομεν
1201 1896 1494 1963 προτιμᾷν,
1539 1895 1572 1966 ἢ
1609 1897 1744 1968 μόνη
1789 1898 1898 1950 τῶν

342 1977 555 2028 πολλῶν
605 1979 980 2048 ἀναλωμάτων
1048 1983 1141 2034 καὶ
1187 1984 1364 2036 πόνων
1421 1985 1573 2047 τέλος
1605 1987 1800 2053 γένοιτ’
1832 1988 1899 2041 ἂν

339 2067 490 2130 ἄξιον
510 2084 524 2100 ο
569 2070 663 2122 καὶ⁵
687 2071 962 2139 πρόφασιν
989 2073 1085 2141 μὲν
1111 2074 1206 2126 τοῦ
1239 2076 1514 2128 συνελθεῖν
1541 2077 1775 2133 ἐνταῦθα
1800 2081 1899 2150 τὴν

335 2159 468 2222 περὶ⁵
523 2161 632 2212 τῶν
689 2161 974 2230 δογμάτων
1028 2165 1256 2234 ἔρευναν
1309 2165 1470 2233 εἶναι,
1515 2169 1575 2221 τὸ
1624 2171 1669 2222 δ’
1699 2171 1898 2240 ἀληθὲς

334 2251 494 2319 ἥκειν
547 2253 814 2316 ἑκάστους
866 2255 1081 2318 ἑαυτοῖς
1140 2259 1345 2325 ἀγαθόν
1394 2278 1445 2313 τι
1471 2263 1900 2332 περιποιησομέ-

344 2359 491 2406 νους,
527 2346 619 2396 καὶ
649 2344 745 2396 τὸν
781 2345 922 2399 κατὰ
953 2345 1125 2399 ταῦτα
1156 2346 1270 2416 βίον
1296 2349 1506 2418 ἀμείνω
1561 2355 1896 2407 κατασκευά-

338 2451 550 2498 σοντας.
586 2435 776 2489 Ταῦτα
815 2435 860 2489 δ’
912 2437 1058 2503 ὑμᾶς
1110 2440 1351 2508 ἠγοῦμαι
1409 2442 1626 2505 πάντως
1672 2445 1899 2511 φυλάξε-

337 2526 482 2588 σθαι,
531 2526 607 2589 ὡς
657 2530 788 2579 πᾶσι
839 2529 1091 2600 μᾶλλονῆ
1121 2530 1556 2599 ἀνθρώποιξὺπὸ
1580 2535 1675 2586 τοῦ
1730 2535 1899 2590 Πνεύ-

341 2637 506 2687 ματος
534 2620 828 2686 ἀγομένοις
861 2625 955 2675 καλ⁵
984 2623 1082 2691 τὴν
1113 2624 1375 2694 ἀλήθειαν
1411 2627 1724 2697 προτιμῶσι
1762 2630 1895 2683 πάν-

335 2729 442 2765 των
474 2715 544 2781 ἀρ
553 2715 840 2781 μόττοντα.

406 2805 850 2857 Οὐκοῦνέκείνου
873 2807 966 2859 καὶ
1013 2807 1228 2874 πρώτου
1289 2807 1385 2860 καὶ
1436 2809 1640 2876 μᾶλλον
1693 2811 1894 2881 πρέπει

336 2897 643 2963 φροντίσαι,
671 2892 731 2950 οὒ
752 2898 811 2948 τὸ
842 2898 1119 2966 προσῆκον
1169 2900 1339 2967 πέρας
1383 2901 1765 2970 ἀπειληφότος.
1799 2904 1896 2956 αὐ-

2015 459 2120 506 tem
2151 454 2232 507 vel
2268 455 2582 513 maximam.
2614 456 2750 511 Cum
2778 457 2940 525 igitur
2967 457 3159 510 borunt
3185 457 3440 519 duorum,
3474 471 3570 523 pro

2011 539 2210 608 quibus
2262 554 2370 596 tant
2411 544 2613 598 multos
2667 545 2880 600 labores
2931 545 3291 610 suscepimus,
3337 545 3566 596 alterum

2009 633 2223 700 egregie
2279 634 2718 702 praestiterimus,
2771 635 3030 688 nimirum
3072 635 3318 688 veritatis
3375 635 3564 702 cogni-

2009 720 2246 787 tionem;
2285 739 2506 779 necesse
2537 728 2760 780 onino
2789 735 2875 780 est
2905 727 3134 779 alterum
3171 741 3388 794 quoque
3427 740 3560 779 cou-

2008 820 2296 878 sequatur.
2333 814 2568 869 Veritate
2595 815 2737 869 enim
2781 816 2964 885 agnita
3003 831 3182 869 rerum
3211 831 3330 883 qua:
3370 832 3557 870 versa-

2008 901 2205 956 bantur
2259 904 2311 958 in
2347 907 2744 970 controversia,
2795 907 2931 959 nihil
2988 907 3092 960 erit
3144 907 3378 973 amplius
3417 909 3561 974 quod

2007 1001 2224 1047 nostros
2261 995 2472 1048 animos
2519 995 2818 1065 disiungat,
2855 1005 3137 1062 totumque
3181 1006 3447 1048 terrarum
3476 1010 3566 1048 or-

2006 1084 2126 1138 bem
2189 1087 2443 1141 similiter
2495 1088 2765 1142 distrahat
2812 1103 3040 1155 :ncque
3091 1089 3235 1140 enim
3289 1086 3357 1140 de
3408 1096 3565 1166 terra:

2006 1176 2279 1239 conﬁniis,
2309 1187 2402 1232 aut
2434 1180 2686 1246 pecunia,
2719 1189 2811 1233 aut
2844 1179 3038 1232 insulis
3062 1191 3114 1232 et
3144 1179 3375 1232 urbibus
3411 1194 3567 1233 recu-

2006 1269 2259 1336 perandis
2283 1270 2440 1322 otiosi
2467 1270 2800 1336 litigabimus
2825 1287 2840 1333 ;
2875 1285 3048 1337 neque
3076 1284 3296 1337 prorsus
3327 1270 3463 1322 hanc
3491 1270 3562 1323 ob

2003 1373 2223 1412 causam
2257 1360 2483 1428 profecti
2511 1376 2722 1422 sumus,
2756 1376 2929 1428 neque
2964 1361 3074 1414 fieri
3109 1369 3283 1429 potest
3345 1371 3401 1414 ut
3433 1374 3560 1429 pro-

2004 1459 2122 1519 pter
2155 1450 2268 1504 bare
2297 1452 2552 1505 onmibns
2579 1460 2767 1506 contra
2800 1468 2989 1506 omnes
3020 1453 3085 1504 lis
3120 1452 3350 1505 oriatur.
3381 1451 3486 1505 Sed
3515 1451 3561 1504 si

2003 1557 2191 1610 pacem
2249 1542 2603 1596 conﬁciamus
2658 1544 2792 1596 citra
2841 1542 3050 1596 firmam
3103 1544 3169 1596 de
3213 1541 3560 1609 dogmatibus

2003 1634 2443 1698 consensionem,
2478 1650 2750 1704 unamque
2792 1652 2822 1689 a
2861 1637 3076 1690 cunctis
3123 1643 3393 1702 receptam
3436 1648 3560 1688 scn-

2007 1726 2228 1778 tentiam
2261 1729 2328 1779 de
2373 1727 2440 1781 iis
2473 1742 2596 1796 quae
2631 1728 2789 1780 modo
2823 1735 3168 1791 tractantur;
3200 1735 3556 1795 praeterquam

2004 1817 2147 1887 quod
2189 1832 2375 1886 pacem
2417 1817 2508 1870 diu
2543 1833 2868 1872 conservare
2911 1834 3016 1871 non
3051 1819 3373 1887 poterimus.
3399 1817 3560 1869 debili

2006 1908 2356 1980 fundamento
2389 1909 2659 1976 innixam,
2692 1911 2997 1964 videbimur
3017 1912 3179 1964 etiam
3213 1909 3422 1963 veritati
3457 1908 3562 1975 ipsi

2004 2000 2205 2068 aliquid
2263 2001 2406 2056 aliud
2468 2017 2817 2071 praeponere,
2873 2017 2992 2070 qua:
3027 2017 3132 2056 una
3188 2002 3386 2068 dignus
3433 2000 3555 2054 nnis

2004 2092 2275 2147 exstiterit
2319 2095 2614 2148 multorum
2673 2102 2984 2160 sumptuum
3044 2103 3206 2162 atque
3265 2092 3558 2145 laborum:

2005 2183 2275 2236 videbitur
2312 2197 2531 2253 quoque
2582 2183 2939 2252 profectionis
2973 2194 3172 2238 nostra:
3221 2197 3342 2236 vera
3395 2196 3560 2235 causa

2005 2292 2111 2331 non
2146 2276 2316 2331 fuisse
2349 2276 2628 2345 inquisitio
2659 2277 2995 2343 dogmatum,
3052 2275 3144 2329 sed
3179 2283 3237 2327 ut
3266 2273 3562 2339 unusquis-

2003 2382 2109 2437 que
2132 2367 2259 2422 boni
2291 2368 2494 2436 aliquid
2543 2369 2800 2430 lucretur,
2837 2377 2892 2421 et
2939 2367 3061 2420 vita:
3100 2366 3243 2435 quod
3292 2373 3557 2428 superest,

2003 2459 2252 2512 traducat
2295 2458 2615 2526 jucundius.
2650 2459 2771 2512 Haec
2803 2468 2989 2512 autem
3033 2473 3128 2511 vos
3163 2458 3319 2525 plane
3357 2456 3562 2508 devita-

2003 2561 2151 2603 turos
2175 2549 2450 2614 existimo,
2485 2560 2542 2603 ut
2571 2550 2746 2603 cuivis
2770 2550 2949 2618 potius
2977 2547 3328 2616 congruentia
3397 2561 3558 2613 quam

2005 2641 2363 2705 hominibus,
2411 2641 2504 2711 qui
2555 2642 2761 2711 Spiritu
2811 2641 3112 2707 ducuntur,
3166 2639 3562 2706 veritatemque

2001 2736 2254 2793 omnibus
2287 2737 2602 2806 przel'erunt.

2073 2829 2148 2884 De
2171 2829 2262 2882 illo
2287 2829 2447 2899 igitur
2472 2839 2524 2882 et
2553 2829 2730 2897 primo
2750 2828 2872 2881 loco
2912 2837 2963 2881 et
2988 2826 3160 2894 magis
3190 2835 3271 2880 est
3304 2823 3518 2891 cogitrin
3537 2850 3556 2864 ο

2001 2918 2129 2972 dum
2159 2937 2173 2984 ;
2210 2920 2354 2988 quod
2392 2919 2437 2973 si
2472 2918 2540 2972 ad
2573 2918 2812 2972 debitum
2849 2918 3176 2984 perducatur
3211 2917 3394 2977 finem,
3431 2927 3558 2964 con-

333 2989 460 3041 τίκα
496 2990 564 3041 τὰ
599 2990 833 3057 κρείττω
861 2989 957 3042 καὶ
1011 2992 1139 3060 περὶ
1183 2994 1290 3044 τῶν
1359 2993 1666 3048 ὑπολοίπων
1719 2996 1891 3058 ἔξεστι

2003 3009 2155 3062 tinuo
2192 3009 2403 3075 reliqua
2433 3008 2597 3061 etiam
2633 3021 2894 3074 prospera
2926 3013 3054 3059 sunt
3082 3003 3462 3071 exspectanda.
3495 3000 3551 3054 Si

332 3082 661 3151 προσδοκᾷν.
698 3084 797 3134 Ἀν
830 3084 939 3150 γὰρ
971 3082 1072 3151 τὴν
1123 3084 1382 3150 ἀλήθειαν
1421 3089 1558 3138 πᾶσι
1601 3090 1700 3156 μὲν
1731 3089 1899 3158 ζητῆ-

336 3192 427 3225 σαι
458 3175 682 3244 τρόποις
707 3174 1049 3240 θελήσωμεν,
1087 3178 1353 3244 φανεῖσαν
1386 3177 1442 3230 δὲ
1507 3179 1753 3247 ἁρπάσαι
1803 3182 1898 3233 καὶ

333 3269 654 3335 κατασχεῖν,
711 3267 1020 3335 ἀναλάμψει
1060 3267 1156 3336 μὲν
1198 3268 1257 3319 τὸ
1297 3269 1394 3336 τῆς
1426 3271 1676 3338 ὁμονοίας
1712 3272 1895 3336 καλὸν,

333 3357 393 3409 τὸ
418 3357 477 3410 δὲ
507 3357 602 3408 τοῦ
670 3359 967 3424 σχίσματος
1019 3359 1312 3428 λυθήσεται
1358 3360 1535 3427 νέφος·
1573 3362 1668 3413 καὶ
1714 3362 1897 3415 οὐκέτι

336 3450 726 3519 προστιθέντες
749 3451 933 3511 κακῶς
962 3452 994 3519 ἦ
1051 3451 1479 3518 φιλονεικοῦντες
1509 3452 1738 3518 ἀλόγως,
1791 3456 1898 3508 τῶν

336 3541 586 3608 ἀδελφῶν
639 3542 1161 3610 ἀπορραγησόμεθα.
1193 3541 1384 3596 Τοῦιδὲ
1419 3545 1606 3612 μίσους
1657 3547 1750 3597 καὶ
1799 3549 1896 3614 τῆς

335 3635 528 3700 ἀηδίας
560 3631 702 3684 οὕτω
729 3633 1022 3696 λυθέντων,
1073 3634 1460 3702 μεταδώσομεν
1492 3636 1742 3705 ἀλληλοις
1787 3639 1897 3690 τῶν

335 3725 469 3790 παρ’
499 3726 630 3793 ἡμῖν
670 3725 910 3789 ἀγαθῶν,
946 3727 1036 3775 καὶ
1065 3725 1316 3791 καθάπερ
1364 3727 1579 3788 οἰκείοις
1611 3728 1706 3780 καὶ
1762 3745 1895 3794 συγ-

332 3818 527 3884 γενέσι
559 3815 895 3884 χρησάμεθα·
934 3818 1026 3867 καὶ
1056 3817 1191 3877 ὅλως
1218 3817 1314 3868 οὐκ
1345 3817 1456 3868 ἐσθ’
1479 3819 1506 3869 ὃ
1539 3835 1590 3869 τι
1625 3819 1733 3870 τῶν
1766 3821 1899 3886 ἀγα-

332 3909 442 3961 θῶν
472 3909 569 3975 οὐχ
597 3906 787 3974 ἕψεται
820 3906 1183 3974 παραχρῆμα.
1236 3908 1377 3973 Ἐγὼ
1402 3906 1444 3958 δ’
1473 3909 1678 3976 εἴποιμ’
1705 3909 1791 3974 ἂν,
1824 3911 1898 3972 ὡς

333 4001 380 4050 εί
417 4001 514 4052 καὶ
543 3999 648 4050 τῶν
676 3999 1032 4066 ὑπαρχόντων
1064 3998 1362 4067 ἐμέλλομεν
1398 3999 1688 4051 ἐκπίπτειν
1721 4001 1897 4052 ἁπαν-

331 4107 465 4151 των,
495 4091 586 4142 καὶ
629 4089 863 4158 πένητες
890 4089 984 4140 καὶ
1011 4088 1187 4152 ἄδοξοι
1235 4089 1334 4157 τὴν
1381 4091 1712 4160 οἰκουμένην
1743 4109 1898 4159 περι-

333 4181 543 4231 νοστεῖν
567 4176 738 4229 έκτοῦ
761 4177 1024 4244 πλείστην
1047 4178 1305 4243 φροντίδα
1322 4178 1509 4230 θέσθαι
1529 4181 1624 4249 τῆς
1641 4181 1896 4249 ἀληθείας

332 4269 426 4319 καὶ
460 4266 589 4332 περὶ
622 4264 825 4334 ταύτης
877 4264 1180 4334 σκέψασθαι
1245 4265 1543 4334 προῦργου,
1603 4269 1724 4338 μηδ’
1753 4268 1896 4322 οὕτω

1996 3098 2140 3150 enim
2178 3098 2353 3150 modis
2382 3096 2636 3151 omnibus
2664 3095 2946 3148 veritatem
2983 3105 3247 3161 quaerere,
3287 3099 3340 3142 et
3379 3088 3550 3140 visam

1996 3188 2236 3254 arripere
2262 3200 2328 3239 ac
2359 3184 2592 3239 retinere
2621 3185 2871 3247 velimus,
2897 3183 3165 3237 elucescet
3185 3179 3400 3248 quidem
3425 3191 3556 3227 con-

1996 3275 2196 3330 cordia:
2240 3275 2466 3337 bonum,
2502 3273 2828 3328 discutietur
2861 3284 3040 3325 autem
3091 3265 3409 3322 schismatis
3455 3280 3559 3317 nu-

1999 3368 2091 3420 bes
2128 3383 2143 3418 :
2186 3380 2362 3432 neque
2412 3364 2550 3417 ultra
2596 3374 2690 3417 aut
2725 3363 2922 3432 iniquis
2966 3357 3429 3430 aggressionibus,
3465 3362 3557 3407 aut

1999 3458 2152 3511 vanis
2184 3456 2685 3511 concertatiOnibus
2712 3454 3064 3522 sejungemur
3095 3464 3123 3502 a
3164 3447 3444 3503 fratribus.
3479 3445 3551 3498 Ita

1997 3564 2161 3618 porro
2210 3548 2423 3602 sublato
2478 3547 2629 3609 odio,
2693 3545 3027 3613 placatisque
3072 3543 3282 3595 aversis
3335 3537 3556 3597 animis,

1997 3641 2156 3693 alteri
2202 3655 2326 3694 cum
2374 3640 2559 3692 alteris
2608 3638 2744 3691 bona
2789 3645 2972 3690 nostra
3008 3631 3554 3692 communicabimus,

1999 3710 2354 3800 amniumque
2404 3738 2459 3783 et
2489 3737 2848 3797 cognatorum
2901 3728 3022 3780 loco
3065 3725 3424 3778 habebimus:
3457 3733 3558 3773 nec

1997 3824 2103 3876 erit
2130 3824 2296 3876 ullum
2329 3823 2554 3875 omnino
2583 3823 2806 3880 bonum.
2840 3819 2983 3888 quod
3026 3832 3131 3869 non
3174 3816 3298 3868 site
3329 3811 3555 3880 vestigio

1952 3937 1964 3948 ι
1997 3922 2336 3966 secuturum.
2383 3913 2492 3980 Ego
2524 3925 2651 3964 vero
2683 3910 2843 3964 etiam
2874 3906 3125 3969 dixerim,
3159 3903 3259 3956 etsi
3292 3902 3554 3953 bonorum

1996 4005 2244 4057 omnium
2275 4002 2545 4070 jacturam
2579 4016 2825 4054 essemus
2856 3997 3075 4059 facturi,
3105 4004 3157 4046 et
3192 3991 3436 4058 vagaturi
3464 4004 3558 4057 per

1997 4094 2178 4146 urbem
2211 4094 2398 4159 inopes
2426 4102 2479 4145 et
2520 4089 2733 4160 inglorii
2775 4097 2989 4157 prepter
3037 4084 3329 4137 maximam
3360 4082 3425 4132 de
3469 4094 3560 4130 ve-

1998 4187 2157 4240 ritate
2203 4183 2645 4244 sollicitudinem,
2691 4188 2744 4234 et
2775 4178 2971 4233 seriam
3009 4177 3128 4243 ejus
3157 4172 3558 4230 tractationem,

1999 4277 2132 4330 nihil
2176 4285 2356 4330 tamen
2387 4275 2454 4329 de
2499 4271 2683 4326 studio
2727 4285 2836 4339 quo
2874 4270 3020 4322 illam
3058 4263 3405 4335 inquirimus,
3437 4274 3560 4314 esse

329 4362 441 4411 δεῖν
472 4361 570 4428 τῆς
619 4358 748 4425 περὶ
774 4358 978 4426 ταύτην
1022 4357 1256 4425 σπουδῆς
1300 4359 1478 4410 ὁτιοῦν
1531 4361 1894 4429 καθυφεῖναι·

2003 4371 2230 4424 Omnino
2287 4365 2717 4427 remittendum;
2775 4376 2876 4415 nec
2929 4360 3074 4415 aliud
3134 4354 3556 4411 existimandum

336 4451 471 4518 μηδὲ
496 4448 742 4515 νομίζειν
775 4447 902 4500 ἄλλο
965 4465 1016 4499 τι
1079 4448 1136 4499 τὸ
1188 4450 1454 4518 ἡμέτερον
1496 4452 1700 4517 ἀγαθὸν
1757 4453 1894 4520 πλὴν

333 4541 564 4609 ταύτης,
592 4543 684 4592 καὶ
727 4539 826 4608 τὴν
856 4539 1209 4609 ἀνθρωπίνην
1239 4539 1606 4608 εὐδαιμονίαν.
1646 4541 1822 4597 Ὅπου
1844 4543 1900 4595 δὲ

332 4635 426 4686 καὶ
453 4633 624 4686 τᾶλλα
660 4632 748 4684 διὰ
775 4631 980 4701 ταύτην
1018 4632 1148 4699 ἡμῖν
1179 4633 1485 4701 περιέσται,
1519 4634 1662 4686 οὕτω
1708 4652 1767 4686 τε
1798 4634 1896 4701 τῆς

333 4724 439 4777 τῶν
475 4724 821 4793 πραγμάτων
847 4723 1064 4790 φύσεως
1111 4724 1478 4792 ἀπαιτούσης,
1511 4725 1606 4776 καὶ
1635 4725 1728 4776 τοῦ
1762 4724 1898 4777 Θεοῦ

334 4818 507 4886 χάριν·
529 4818 660 4884 ἡμῖν
689 4817 786 4884 τῆς
820 4818 949 4885 περὶ
983 4816 1043 4866 τὸ
1083 4817 1370 4869 κάλλιστόν
1413 4833 1473 4868 τε
1505 4817 1600 4870 καὶ
1628 4817 1900 4870 θειότατον

337 4909 721 4977 πραγματείας
756 4910 990 4959 ἐκτίνειν
1014 4907 1318 4971 ἐθέλοντος,
1353 4909 1472 4972 πῶς
1507 4909 1568 4961 οὐ
1606 4913 1700 4960 καὶ
1729 4910 1899 4980 ταύτῃ

335 5001 571 5069 μάλιστα
600 5001 692 5052 τοῦ
753 5001 1033 5068 χρήματος
1085 5002 1452 5063 φροντιστέον,
1515 5005 1609 5054 καὶ
1663 5003 1900 5052 σπουδα-

337 5093 487 5142 στέον
513 5091 645 5144 αὐτὸ
703 5091 886 5141 λαθεῖν
939 5091 1036 5159 ὅση
1093 5090 1319 5157 δύναμις
1356 5107 1371 5154 ;
1402 5092 1522 5144 "Ott
1559 5092 1614 5145 δὲ
1653 5093 1772 5146 οὐδὲ
1802 5093 1901 5159 τῆς

337 5185 560 5251 εἰρήνης
589 5182 747 5233 ἄλλον
786 5183 907 5232 τινὰ
946 5181 1153 5250 τρόπον
1191 5182 1613 5251 καθισταμένης,
1644 5185 1900 5250 ἀσφαλῶς

335 5273 463 5337 ἡμῖν
523 5261 816 5322 ἀπολαύειν
867 5268 1103 5332 ἐξέσται,
1153 5267 1268 5320 ἀλλ’
1332 5268 1448 5329 ἑνός
1509 5286 1652 5330 τινος
1705 5269 1900 5338 ἀηδοῦς

333 5361 696 5427 ὁποτέρωθεν,
746 5357 833 5410 οία
887 5357 1038 5425 φιλεῖ
1088 5357 1358 5426 γίνεσθαι,
1410 5358 1899 5424 συμπεπτωκότος,

342 5454 611 5520 πρόφασιν
656 5451 993 5518 ποιησόμεθα
1025 5451 1257 5518 πολέμου
1289 5451 1382 5501 καὶ
1440 5449 1622 5519 μάχης
1671 5450 1770 5518 τὴν
1803 5450 1902 5502 ἐπὶ

339 5543 443 5596 τῶν
482 5542 771 5608 δογμάτων
828 5541 1195 5607 άσυμϐασίαν,
1233 5543 1326 5592 καὶ
1377 5541 1537 5593 πάλιν
1594 5543 1768 5610 ὀνείδη
1808 5543 1899 5594 καὶ

339 5639 650 5706 συγγρσςαὶ
683 5633 798 5684 κατ’
843 5633 1084 5702 ἀλλήλω-ι
1118 5633 1297 5702 ἕξουσι
1330 5633 1534 5704 χώραν,
1592 5635 1681 5686 καὶ
1717 5635 1770 5686 τὸ
1799 5637 1899 5705 μά.

2003 4462 2199 4515 bonum
2236 4467 2499 4516 nostrum.
2535 4454 2650 4510 sive
2683 4454 2994 4508 felicitatem
3025 4451 3339 4508 humanam,
3367 4453 3560 4512 przetvr

2003 4556 2138 4606 banc
2184 4552 2380 4619 ipsam.
2426 4547 2559 4602 Cum
2616 4546 2780 4616 igitur
2815 4550 2879 4597 ‘et
2937 4544 3144 4608 reliqua
3194 4548 3410 4608 prepter
3438 4550 3556 4590 eam

2001 4657 2286 4697 accessura
2316 4641 2447 4700 sint,
2476 4640 2546 4692 ita
2580 4653 2764 4692 rerum
2806 4645 2998 4689 natura
3037 4634 3302 4701 exigente.
3339 4629 3560 4696 Deoque

2002 4747 2101 4786 uos
2150 4741 2366 4800 propter
2413 4745 2550 4798 opus
2599 4727 3022 4796 pulcherrimum
3055 4740 3117 4777 ac
3161 4722 3558 4776 divinissimuni

2005 4835 2357 4874 remunerare
2410 4819 2642 4881 volente,
2693 4833 2794 4870 cur
2837 4816 2980 4870 banc
3013 4816 3175 4869 etiam
3220 4813 3290 4867 ob
3341 4827 3558 4868 causam

2002 4927 2106 4963 non
2154 4912 2223 4965 sit
2253 4910 2323 4964 ἀν’
2373 4891 2473 4964 bac
2517 4925 2573 4962 re
2619 4909 2857 4962 maxime
2901 4906 3274 4975 cogitandum.
3326 4905 3562 4969 totisque

2001 5004 2205 5056 viribus
2239 5003 2304 5057 ad
2360 5003 2752 5071 asscqucndant
2801 5016 2919 5054 eam
2970 4998 3370 5052 laborandum?
3405 4993 3558 5058 Quod

2003 5104 2130 5142 vero
2169 5089 2215 5143 si
2245 5106 2343 5158 pax
2375 5091 2478 5143 alia
2522 5092 2714 5159 quavis
2759 5089 2966 5143 ratione
3015 5090 3124 5152 iiat,
3162 5087 3317 5139 nobis
3352 5101 3410 5137 ea
3445 5090 3561 5135 tuto

2001 5182 2102 5234 frui
2141 5197 2246 5235 non
2280 5181 2482 5246 licebit,
2517 5185 2609 5236 sed
2657 5197 2721 5236 ex
2752 5181 2958 5235 utravis
2989 5189 3165 5248 parte,
3214 5191 3270 5228 re
3304 5173 3557 5242 quapiam

2002 5272 2204 5326 minus
2229 5272 2465 5343 jucunda
2497 5274 2866 5342 contingente,
2901 5271 3023 5325 belli
3074 5284 3136 5322 ac
3169 5279 3358 5336 pugnae
3398 5279 3557 5318 ocra-

2002 5367 2084 5420 sio
2115 5367 2205 5420 liet
2234 5367 2604 5433 discrepantia
2650 5369 2981 5434 dogmatum,
3015 5373 3069 5415 et
3119 5374 3310 5413 rursus
3351 5357 3564 5426 probris

2002 5464 2056 5508 ct
2109 5456 2497 5523 scriptionibus
2547 5454 2936 5514 conﬂictationi
2990 5461 3188 5504 mutua:
3241 5451 3391 5502 locus
3436 5449 3558 5509 erit,

2001 5555 2055 5599 et
2084 5546 2259 5599 inanis
2294 5547 2560 5600 videbitur
2596 5545 2852 5614 tota-banc
2879 5557 3060 5596 rerum
3093 5542 3368 5594 innuvatio
3406 5559 3418 5594 :
3457 5553 3556 5603 ego

2001 5637 2220 5706 quidem
2261 5636 2564 5700 ostendere,
2605 5634 2855 5706 quatutris
2896 5633 3046 5689 nullo
3079 5632 3292 5706 negotio
3320 5630 3549 5702 possim,
