3948 6186
371 243 476 311 411

1467 242 1854 304 GENNADII
1897 243 2009 303 ΟΡ.
2045 238 2566 305 ΡΑΊἪΙΑΒΕΗΕ

3498 238 3608 305 412

369 360 547 424 nolo;
584 373 673 415 res
697 366 883 412 autem
922 359 1053 427 ipsa:
1081 365 1373 422 testantur,
1421 357 1548 426 quis
1588 356 1815 425 legendo
1854 356 1939 410 di-
1966 373 1983 419 λ

2085 379 2197 415 nov
2230 357 2373 414 εἶναι
2414 363 2595 416 δοκεῖν
2627 363 2810 416 πᾶσαν
2842 363 3071 432 ταυτηνὶ
3112 361 3206 428 τὴν
3236 360 3607 427 καινοτομίαν,

374 451 529 517 dicit,
561 451 777 520 quoties
816 450 868 503 in
902 450 1045 502 hunc
1079 448 1303 502 modum
1337 463 1467 517 pace
1495 448 1637 504 inter
1676 464 1775 503 nos
1805 462 1934 501 cou-

371 542 539 605 fecta,
590 556 697 595 nou
734 542 893 595 modo
926 540 1057 595 lucri
1088 540 1227 595 nihil
1277 556 1306 592 a
1358 540 1520 595 nobis
1570 540 1794 603 factum,
1838 540 1930 594 sed

378 634 520 686 malo
551 632 715 688 etiam
754 633 973 688 incaute
1004 633 1398 687 incrementum
1434 630 1729 700 adjectum.
1760 630 1939 684 Taceo

378 740 508 779 vero
539 732 802 791 tempora,
830 734 885 778 et
915 739 1001 777 res
1026 733 1228 797 gestas,
1258 731 1311 777 et
1333 737 1363 776 a
1391 723 1588 791 quibus
1614 728 1796 791 gesta,
1819 733 1943 787 quae

378 824 510 871 sunt
568 824 692 869 nota
744 814 991 885 plurimis
1036 815 1299 868 memoria
1370 818 1646 882 repetens,
1701 811 1942 880 illudque

380 922 602 970 cavens,
637 921 704 961 ne
726 906 911 958 videar
939 904 1224 959 traducere
1257 904 1499 973 aliquos.

460 1083 515 1138 Si
547 1083 710 1149 igitur
730 1094 917 1138 notum
958 1099 1063 1138 non
1100 1094 1248 1145 esset
1276 1100 1341 1138 ex
1379 1083 1563 1137 multis
1596 1080 1940 1151 superiorum

386 1185 694 1244 temporum
734 1174 910 1238 lactis,
942 1190 1103 1244 quem
1140 1176 1315 1229 soleat
1377 1174 1571 1229 modus
1638 1172 1743 1227 iste
1796 1171 1948 1238 pacis

394 1265 849 1327 exituutiliabere,
882 1266 976 1319 sed
1011 1281 1155 1321 nunc
1191 1265 1425 1333 primum
1457 1264 1606 1318 illius
1641 1261 1947 1332 periculum

393 1357 718 1421 faceremus,
757 1356 1065 1426 ignosceret
1088 1357 1246 1412 nubis
1304 1357 1541 1412 fortasse
1566 1354 1865 1423 quispiam,
1898 1353 1951 1405 iu

394 1464 575 1503 rerum
610 1449 943 1504 obscuritate
973 1449 1355 1503 aberrautibus
1383 1449 1452 1503 ab
1518 1462 1583 1503 eo
1637 1448 1778 1517 quod
1837 1445 1955 1499 ﬁeri

394 1540 569 1593 docet.
598 1539 731 1594 Cum
771 1553 959 1594 verum
998 1548 1075 1594 tot
1098 1539 1347 1608 exempla
1386 1540 1520 1603 sint,
1575 1538 1777 1609 quibus
1833 1550 1957 1607 per-

396 1632 611 1685 suaderi
636 1632 789 1686 nobis
821 1641 993 1701 potest
1030 1640 1088 1687 ut
1139 1631 1288 1685 illum
1321 1630 1655 1699 rejiciamus,
1703 1630 1827 1698 jure
1855 1642 1958 1694 op-

2051 454 2162 522 δγὼ
2196 456 2294 523 μὲν
2336 455 2512 507 καίτοι
2549 455 2731 526 ῥᾴδιον
2762 455 2820 507 ὃν
2855 453 2914 505 ού
2948 452 3208 521 βούλομαι
3249 449 3442 517 δεῖξαι,
3472 450 3614 501 αύτά

2049 546 2107 599 δὲ
2131 546 2198 598 τὰ
2225 545 2529 615 πράγματα
2580 545 2869 615 μαρτυρεῖ,
2897 544 2948 596 εἰ
2976 561 3059 607 τις
3090 538 3229 595 οἶδεν
3282 538 3611 605 ἀνεγνωκὼς

2049 636 2238 697 ὁσάκις
2265 635 2455 688 τοῦτον
2472 634 2564 688 τὸν
2590 636 2791 706 τρόπον
2824 635 3143 704 συνθέμενοι
3167 635 3303 702 πρὸς
3331 631 3617 702 ἀλλήλους.

2054 727 2190 796 πρὸς
2217 726 2295 795 τῷ
2324 726 2491 797 μηδέν
2525 743 2578 778 τι
2606 726 2865 795 κερδᾶναι
2909 727 3005 778 καὶ
3032 726 3091 777 τὸ
3136 724 3307 778 δεινὸν
3354 721 3619 789 ἐλάθομεν

2053 815 2349 885 ηύξηκδτες
2374 834 2388 848 ε
2421 817 2560 885 σιγῶ
2589 812 2645 869 δὲ
2674 816 2903 886 καιροὺς
2929 816 3022 869 καὶ
3054 818 3357 885 πράγματα
3390 816 3486 868 καὶ
3530 809 3621 879 ὑφ’

2054 900 2129 960 ὧν
2157 908 2430 977 ἐπράχθη,
2483 908 2689 970 εἰδότας
2713 923 2771 959 τε
2815 907 2939 970 τοὺς
2977 906 3265 969 πλείστους
3313 904 3622 974 ἀναμιμνὴ-

2058 1014 2227 1060 σκων,
2242 984 2345 1051 καί
2362 1000 2421 1050 τὸ
2437 999 2612 1049 δοκεῖν
2629 997 3002 1050 καθάπτεσθαί
3020 1013 3181 1049 τινων
3202 994 3429 1048 εύλαϐού
3437 1012 3500 1064 με
3510 1011 3620 1054 νος.

2132 1092 2195 1144 Εἰ
2250 1091 2349 1161 μὲν
2398 1089 2579 1145 τοίνυν
2631 1090 2707 1161 μὴ
2736 1089 2999 1160 πρόδηλον
3026 1086 3093 1159 ἦν
3118 1091 3181 1141 ὲκ
3233 1087 3445 1142 πολλῶν
3512 1084 3623 1138 τῶν
3690 1092 3693 1093 ⁷

2060 1182 2295 1248 πρόσθεν
2326 1181 2731 1251 γεγενημένων,
2778 1179 2900 1233 ὅποι
2956 1178 3056 1247 τῆς
3102 1178 3323 1248 εἰρήνης
3368 1178 3396 1229 δ
3423 1174 3627 1243 τρόπος

2060 1264 2215 1334 οὗτος
2245 1272 2456 1339 πέφυκε
2485 1270 2767 1340 τελευτᾷν,
2812 1269 2949 1323 ἀλλά
2980 1268 3074 1321 νῦν
3119 1268 3334 1339 πρῶτον
3389 1264 3625 1335 ἐπειρῶ.

2068 1362 2208 1431 μεοκ
2229 1361 2441 1427 τούτου,
2468 1363 2598 1425 ἴσως
2627 1361 2692 1415 ἄν
2709 1378 2792 1425 τις
2818 1362 2949 1430 ἡμῖν
2971 1362 3384 1426 συνεγίνωσκεν,
3412 1359 3469 1410 ἐν
3496 1357 3629 1426 i811-

2064 1454 2153 1524 λὶᾳ
2181 1452 2523 1523 πραγμάτων
2542 1450 2635 1504 τοῦ
2651 1453 2953 1520 πρέποντος
2980 1448 3285 1520 ἁμαρτοῦσι
3316 1464 3330 1479 ·
3358 1445 3631 1501 τοσούτων

2064 1531 2120 1596 δὲ
2159 1542 2327 1595 ὄντων
2355 1542 2464 1595 τῶν
2492 1539 2812 1610 δυναμένων
2871 1538 3081 1593 πείθειν
3134 1538 3294 1592 αύτδν
3349 1537 3633 1608 παραιτεῖ-

2074 1633 2223 1697 σθαι,
2257 1631 2465 1693 πάντας
2490 1626 2642 1699 οἶμαι
2693 1628 2987 1682 δικαιότατ’
3029 1629 3094 1682 ἂν
3130 1630 3261 1699 ἡμῖν
3292 1626 3632 1698 μέμψασθαι,

399 1722 530 1775 tirno
557 1731 684 1790 puto
718 1721 1177 1804 repreliendemnr
1198 1720 1267 1775 ab
1289 1720 1568 1787 omnibus,
1594 1719 1641 1774 si
1665 1717 1823 1773 nobis
1840 1731 1965 1770 con-

2085 1722 2136 1775 ἰν
2171 1721 2411 1791 συμϐαίη
2445 1718 2634 1774 τοῦτον
2669 1719 2949 1787 ἑλομένοις
2990 1718 3282 1788 σφαλῆναι,
3320 1717 3413 1770 καὶ
3435 1716 3634 1769 ταυτόν

398 1812 563 1881 tingat
592 1814 732 1867 hunc
758 1814 976 1867 modum
996 1812 1357 1883 deligentibus
1374 1826 1592 1876 errare,
1618 1809 1750 1865 etin
1781 1807 1965 1862 eadem

2085 1832 2120 1869 ιι
2179 1814 2376 1868 παθεῖν
2437 1815 2550 1877 τοῖς
2601 1811 2991 1882 καὶπρότερον
3023 1811 3356 1882 εἰρημένοις,
3417 1809 3445 1861 ὃ
3485 1810 3635 1861 πᾶσα

402 1902 541 1955 mala
564 1902 767 1965 delabi,
798 1902 853 1956 in
886 1919 1008 1971 qua:
1027 1903 1102 1957 illi
1127 1916 1264 1970 quos
1294 1910 1448 1957 antea
1475 1902 1587 1956 dixi
1624 1901 1808 1970 {quod
1840 1912 1970 1956 eveh-

402 1992 518 2045 niat
547 1993 767 2046 omnino
800 2007 1023 2048 necesse
1052 2002 1156 2047 est.
1193 1991 1371 2047 Unum
1404 1992 1572 2062 igitur
1609 1992 1716 2047 hoc
1776 2002 1883 2059 est,
1910 2003 1972 2049 et

405 2082 664 2148 primum,
686 2090 738 2136 et
764 2082 1083 2147 maximum,
1123 2081 1464 2152 Quapropter
1496 2084 1563 2136 ad
1586 2083 1969 2139 inveniendam

408 2171 686 2225 veritatem
714 2173 1021 2241 ponendum
1055 2180 1140 2228 est
1163 2187 1325 2227 omne
1356 2172 1598 2227 studium
1626 2189 1643 2239 ;
1673 2174 1815 2245 quod
1876 2179 1974 2242 per

406 2261 553 2315 illam
582 2260 825 2317 ellecturi
846 2264 1018 2320 simus
1045 2279 1108 2320 ea
1140 2280 1373 2335 quorum
1400 2266 1569 2335 gratia
1596 2263 1973 2331 convenimus,

404 2366 457 2409 et
480 2370 609 2425 pace
636 2364 914 2425 perpetua.
936 2356 1042 2411 Deo
1071 2358 1303 2427 propitio
1324 2357 1680 2420 conﬁcienda,
1706 2354 1927 2410 fruituri
1952 2370 1973 2423 ς

407 2456 577 2512 utque
631 2449 809 2500 verius
862 2450 1060 2508 dicam,
1119 2447 1263 2515 quod
1322 2448 1425 2501 hoc
1474 2448 1549 2501 sit
1600 2446 1759 2501 studii
1804 2446 1973 2501 nostri

409 2546 569 2604 caput
600 2552 614 2601 ;
647 2547 832 2605 etquo
858 2539 1076 2605 quidem
1107 2548 1351 2607 peracto,
1375 2550 1573 2592 caetera
1597 2538 1784 2591 omnia
1842 2540 1978 2591 bene

412 2641 470 2679 se
498 2628 816 2689 habebunt,
848 2630 1091 2697 neglecto
1118 2645 1264 2693 vero,
1298 2645 1396 2684 uec
1430 2631 1515 2682 illa
1544 2640 1673 2683 sunt
1696 2646 1723 2682 a
1759 2629 1971 2695 sapien-

421 2717 567 2770 tibus
598 2720 1054 2788 magnilacicuda,
1092 2737 1187 2774 nec
1213 2730 1373 2774 erunt
1398 2721 1554 2785 talia,
1610 2728 1667 2774 ut
1697 2730 1752 2774 et
1806 2722 1980 2774 hone-

415 2809 657 2864 stissima
689 2820 741 2866 et
772 2811 1056 2866 utilissima
1079 2813 1207 2866 sint.
1233 2812 1478 2867 Alterum
1537 2826 1666 2867 vero
1687 2823 1793 2876 est,
1834 2811 1979 2881 quod

419 2899 673 2953 omnibus
706 2900 1015 2955 hominibus
1039 2902 1342 2970 jucundum
1370 2911 1478 2967 est,
1509 2911 1563 2955 et
1595 2917 1682 2958 res
1736 2903 1978 2957 omnium

419 2989 795 3042 suavissimam
832 2991 991 3044 vitam
1033 2991 1136 3045 sibi
1170 2991 1224 3045 iu
1261 3006 1394 3060 pace
1444 3006 1565 3046 esse
1598 3008 1613 3045 :
1662 2991 1787 3046 huic
1834 2993 1978 3045 enim

420 3080 557 3134 illud
623 3079 970 3149 conjuuetum
1029 3088 1114 3137 est
1194 3082 1339 3149 quod
1393 3098 1556 3138 nemo
1621 3082 1825 3138 nerniui
1878 3082 1984 3137 vim

419 3182 646 3237 cogatur
702 3169 920 3232 τίσει-τε,
971 3170 1243 3225 sedliceat
1296 3170 1530 3225 fortunis
1576 3169 1656 3225 uti
1723 3185 1848 3227 cum
1899 3184 1993 3226 vo-

421 3259 646 3326 luptate,
707 3260 1107 3329 tranquilleque
1168 3262 1331 3314 vitam
1382 3259 1841 3328 traduceretquo
1896 3273 1993 3329 po-

426 3352 705 3405 tissimum
744 3352 1086 3421 dignoscitur
1107 3367 1228 3421 quae
1254 3352 1325 3406 sit
1352 3352 1461 3407 vita
1479 3353 1735 3406 humana.
1761 3353 1994 3407 Omnino

429 3442 573 3496 enim
607 3458 758 3497 arma
791 3452 844 3497 et
870 3458 1084 3512 pugnae.
1125 3451 1181 3497 et
1214 3442 1455 3498 acierum
1507 3443 1915 3505 instructiones,
1940 3455 1996 3497 et

428 3533 691 3588 collocata
713 3534 768 3587 in
798 3533 1026 3589 urbibus
1048 3534 1320 3603 praesidia.
1374 3543 1426 3588 et
1476 3547 1668 3590 omnes
1730 3534 1992 3589 bellorum

424 3636 715 3696 apparatus
742 3628 897 3693 pacis
925 3640 1088 3679 causa
1121 3634 1270 3690 sunt,
1304 3627 1548 3694 liltutque
1580 3632 1640 3681 ut
1688 3625 1797 3679 vita
1824 3626 1997 3693 possit

425 3733 551 3772 cum
585 3732 712 3786 pace
734 3716 989 3785 transigi.
1030 3714 1265 3770 Possunt
1292 3725 1473 3770 autem
1502 3724 1620 3769 tuto
1675 3730 1862 3783 pacem
1896 3716 1996 3769 ba-

430 3810 580 3874 bere,
613 3809 705 3880 qui
734 3809 813 3863 vel
843 3809 987 3862 nulla
1016 3823 1241 3877 prorsus
1264 3807 1331 3863 de
1368 3823 1425 3862 re
1456 3817 1691 3873 certant,
1728 3811 1811 3862 vel
1866 3808 1995 3877 quia

432 3902 660 3958 busdam
700 3884 1110 3957 conditionibus
1144 3901 1411 3955 dirimunt
1463 3899 1892 3965 controversias,
1940 3906 1997 3952 et

434 3998 576 4064 quod
600 3996 806 4064 justum
836 4004 927 4049 est
958 3994 1073 4064 pari
1107 3994 1386 4048 voluntate
1414 3992 1844 4062 amplectuntur,
1881 3989 1999 4044 exi-

434 4086 719 4147 stimantes
744 4104 802 4144 sc
832 4103 931 4142 nec
959 4089 1065 4157 pati
1101 4086 1379 4156 iujuriam,
1401 4084 1741 4140 neciulerre.
1774 4081 1878 4150 Qui
1900 4096 1994 4137 ve-

440 4201 500 4240 ro
528 4180 1412 4253 deponuutiuimicitiasnondum
1470 4177 1757 4234 exstinctis
1819 4173 2001 4245 queri-

438 4280 658 4341 moniis,
685 4278 782 4331 lios
811 4277 1010 4330 bellum
1038 4290 1144 4328 nou
1196 4274 1430 4336 mittere,
1483 4269 1579 4325 sed
1637 4267 1999 4323 intermittere

2062 1908 2266 1961 ’παθεῖν
2296 1907 2534 1977 ἀνάγκη.
2594 1905 2691 1960 Ἐν
2729 1906 2826 1975 μὲν
2854 1905 2918 1974 δὴ
2946 1904 3106 1957 τοῦτο
3141 1903 3234 1957 καί
3266 1901 3481 1973 πρῶτον
3540 1902 3634 1953 καί

2068 2000 2336 2070 μέγιστον
2360 2014 2378 2032 ο
2415 1998 2499 2053 διδ
2556 1999 2692 2068 πρὸς
2715 1985 2816 2069 τὴν
2849 1996 2946 2066 τῆς
2981 1994 3235 2066 ἀληθείας
3284 1992 3497 2064 εὕρεσιν
3534 1993 3635 2044 πᾶ-

2074 2098 2175 2146 σαν
2194 2090 2275 2145 δεῖ
2296 2088 2699 2144 καταϐαλέσθαι
2732 2086 2988 2160 σπουδὴν,
3049 2088 3125 2151 ὡς
3171 2086 3345 2157 ταύτῃ
3392 2087 3529 2157 μόνῃ
3560 2078 3636 2135 ὧν

2066 2179 2256 2232 εἵνεκα
2282 2174 2726 2246 συνεληλύθαμεν
2749 2174 3236 2245 διαπραξομένους,
3263 2175 3358 2227 καὶ
3385 2174 3483 2241 τῆς
3538 2174 3637 2225 σὺν

2064 2260 2194 2333 Θεῷ
2244 2263 2616 2334 γενησομένης
2656 2264 2915 2333 εἰρήνης,
2945 2262 3104 2334 μέχρι
3144 2262 3343 2326 παντξς
3396 2260 3639 2315 ἀπολαύο

2078 2370 2288 2417 σοντας·
2326 2354 2527 2424 μᾶλλον
2564 2355 2609 2409 δ’
2641 2355 2839 2421 εἰπεῖν’,
2889 2353 2965 2418 ὡς
3019 2353 3178 2409 τοῦτο
3238 2352 3536 2425 κεφάλαιον
3577 2351 3641 2404 δν

2075 2446 2174 2514 τῆς
2204 2446 2487 2517 ἡμετέρας
2521 2445 2758 2515 σπουδῆς
2778 2463 2794 2479 ·
2838 2446 2932 2499 καί
2962 2440 3023 2499 οὗ
3052 2446 3345 2516 γενομένου
3392 2444 3508 2515 μὲν,
3547 2444 3642 2497 καὶ

2072 2535 2246 2589 τᾶλλα
2278 2536 2437 2590 πάνθ’
2472 2535 2584 2600 ἕξει
2618 2536 2799 2598 καλῶς
2825 2552 2839 2568 ·
2873 2535 3220 2606 ἠμελημένον
3253 2536 3330 2600 δὲ,
3359 2535 3467 2589 οὐδ’
3497 2534 3643 2587 ὲκεί-

2074 2642 2185 2678 νων
2214 2625 2281 2679 ἂν
2309 2624 2394 2692 εῖη
2429 2625 2684 2690 τοσοῦτος
2721 2629 2835 2690 τοῖς
2863 2626 2956 2679 νοῦ
2986 2627 3271 2696 μετέχουσι
3322 2625 3501 2692 λόγος,
3532 2623 3645 2675 οὐδ’

2078 2715 2143 2769 ἂν
2169 2714 2349 2784 μέλλοι
2370 2717 2630 2771 κάλλιστα
2652 2720 2748 2771 καὶ
2763 2717 3358 2784 λυσιτελέσταταὲξειν.
3382 2718 3645 2786 Δεύτερον

2079 2806 2161 2870 δὲ,
2195 2809 2276 2861 ὅτι
2320 2808 2379 2862 τὸ
2411 2808 2511 2878 μὲν
2537 2809 2760 2879 εἰρήνην
2790 2809 2945 2878 ἄγειν
2983 2809 3080 2879 ὴδὺ
3118 2809 3283 2862 πᾶσιν
3312 2808 3642 2877 ἀνθρώποις,

2082 2901 2177 2953 καὶ
2208 2900 2431 2954 πάντων
2457 2900 2710 2971 ἥδιστονσ
2742 2902 2917 2971 τούτῳ
2942 2902 3049 2973 γὰρ
3076 2902 3294 2954 σύνεστι
3333 2899 3431 2970 μὲν
3451 2900 3512 2951 τὸ
3544 2916 3648 2969 μη-

2084 2991 2209 3045 δένα
2238 2991 2470 3061 ζημιοῦν
2495 2992 2925 3058 ἀναγκάζεσθαι,
2974 2991 3034 3045 τδ
3070 2992 3127 3047 δὲ
3179 2993 3291 3055 τοῖς
3344 2990 3649 3059 ὑπάρχουσι

2089 3085 2323 3156 χρῆσθαι
2354 3085 2476 3153 μεθ’
2504 3087 2699 3156 ἡδονῆς
2725 3086 3038 3155 ἐνυπάρχει,
3070 3086 3163 3138 καὶ
3197 3084 3256 3138 τὸ
3302 3085 3399 3139 σὺν
3443 3082 3649 3153 ήμερδο

2088 3194 2212 3248 τητι
2236 3177 2333 3248 ζῇν
2352 3192 2367 3208 θ
2392 3177 2422 3230 δ
2441 3178 2675 3248 μάλιστα
2697 3166 2799 3247 τῆς
2826 3177 3173 3249 ἀνθρωπίνης
3201 3175 3410 3247 διαίτης
3439 3175 3651 3244 πέφυκε

2086 3270 2402 3341 γνώρισμα.
2439 3270 2549 3324 Καὶ
2578 3270 2716 3333 δλως
2747 3270 2886 3323 ὅπλα
2922 3286 2981 3323 τε
3014 3270 3109 3322 καί
3144 3268 3315 3339 μάχαι
3346 3268 3441 3320 καὶ
3467 3282 3653 3336 παρα-

2089 3361 2277 3427 τάξεις
2307 3363 2402 3415 καί
2422 3364 2655 3432 φρουραὶ
2694 3363 2903 3417 πόλεων
2930 3362 3025 3416 καὶ
3066 3363 3237 3416 πᾶσαι
3266 3359 3518 3429 πολέμων
3552 3376 3655 3412 πα-

2098 3453 2361 3523 ρασκευαί
2388 3452 2487 3522 τῆς
2515 3454 2741 3525 εἰρήνης
2764 3455 2927 3525 χάριν
2959 3454 3089 3517 εἰσί,
3121 3451 3217 3505 καὶ
3242 3451 3337 3505 τοῦ
3371 3450 3507 3521 μιτά
3527 3449 3654 3502 ταύ-

2087 3556 2193 3614 ’της
2223 3547 2485 3601 δύνασθαι
2520 3547 2620 3618 ζῇν
2674 3547 2841 3602 ἕνεκα
2898 3547 3160 3614 γίνονται.
3195 3546 3353 3598 Ἐστι
3390 3545 3444 3596 δὲ
3476 3542 3658 3604 καλῶς

2094 3636 2397 3707 εἰρηνεύειν
2425 3636 2551 3698 τοὺς
2580 3637 2613 3706 ἢ
2649 3635 2895 3707 μηδόλως
2944 3638 3002 3688 ιν
3028 3635 3200 3687 οὐδενί
3232 3651 3361 3687 ποτε
3405 3633 3661 3702 διαφερο-

2098 3730 2316 3797 μένους,
2347 3728 2380 3799 ἢ
2411 3727 2706 3797 συνθήκαις
2734 3731 2844 3781 τισὶ
2873 3728 3100 3789 λύοντας
3128 3726 3222 3789 τὰς
3267 3724 3665 3795 διαφορᾶς,καὶ

2092 3820 2196 3892 τὴν
2213 3820 2384 3891 αὐτὴν
2407 3822 2537 3889 περὶ
2562 3819 2670 3873 τῶν
2699 3819 2927 3873 δικαίων
2966 3819 3191 3888 ἔχοντας
3245 3818 3494 3889 γνώμην,
3530 3817 3667 3886 μήτ’

2094 3908 2400 3964 ἀδικεῖσθαι
2439 3908 2567 3980 μήτ’
2599 3909 2810 3961 ἀδικεῖν
2833 3906 3102 3977 ἀλλήλους
3146 3907 3488 3977 νομίζοντας.
3516 3907 3667 3970 Τοὺς

2097 4001 2154 4055 δὲ
2199 3999 2524 4069 σωζομένων
2549 4000 2631 4052 ἔτι
2656 3999 2764 4053 τῶν
2790 3998 3154 4068 ἐγκλημάτων
3176 3997 3670 4067 διαλλαττομένους

2097 4092 2348 4163 ἀλλήλοις
2408 4092 2554 4144 εῖποι
2596 4098 2683 4150 τις
2734 4091 2802 4144 ἂν
2858 4091 2919 4143 οὒ
2961 4094 3158 4145 παύειν
3204 4089 3319 4142 ἀλλ’
3364 4087 3671 4142 ἀναπαύειν

2098 4184 2192 4237 τὸν
2227 4181 2487 4251 πόλεμον,
2518 4182 2613 4235 καί
2648 4180 2828 4234 ὅπλων
2852 4181 3165 4253 ἀνακωχὴν,
3195 4183 3256 4235 ού
3283 4183 3467 4252 μάχης
3497 4182 3671 4234 κατί-

2098 4275 2255 4328 λυσιν
2282 4273 2631 4344 οὐδἐἰρήνην
2654 4271 2792 4327 εἰναι
2822 4274 2880 4327 τὸ
2932 4275 3184 4343 πρᾶγμα.
3214 4272 3347 4327 osa:
3375 4274 3479 4344 γὰρ
3499 4288 3666 4341 προσ.

438 4371 647 4426 ιιὶχειίι
676 4371 967 4439 quispiam,
1004 4376 1055 4417 et
1089 4364 1337 4417 inducias
1393 4361 1589 4424 facere,
1647 4374 1752 4412 uou
1807 4371 1983 4425 pacem

2104 4372 2259 4426 ἐσται
2317 4371 2440 4433 ταῖς
2483 4368 2843 4439 φαινομέναις
2901 4366 3219 4436 διαλλαγαῖς
3263 4368 3359 4419 καί
3410 4366 3471 4418 τὸ
3523 4364 3675 4417 κατὰ

445 4473 541 4516 aut
567 4461 692 4515 belli
718 4462 901 4512 linem.
942 4455 1053 4509 Etsi
1077 4455 1223 4507 enim
1247 4452 1494 4505 videntur
1518 4447 1788 4503 conciliati
1811 4446 1998 4511 animi,

443 4571 553 4609 nou
583 4553 773 4606 subest
804 4559 984 4603 tamen
1017 4547 1183 4600 animi
1214 4544 1487 4608 voluntas,
1519 4540 1701 4608 quoad
1756 4539 1895 4592 alter
1934 4539 2004 4592 ab

444 4647 617 4699 altero
648 4642 783 4697 sciat
806 4655 865 4696 se
893 4639 1146 4708 iujuriam
1176 4648 1397 4703 passum
1425 4632 1569 4687 :uisi
1601 4631 1725 4700 quis
1756 4644 1866 4700 prae
1895 4644 2006 4683 nia-

448 4756 548 4800 gilii
592 4734 865 4797 soi-ordia,
907 4747 1014 4784 non
1065 4730 1208 4797 quod
1238 4727 1454 4795 rapiant
1481 4725 1547 4778 de
1575 4726 1692 4779 suis
1742 4721 2005 4789 conqueri

446 4813 877 4892 insidiatoribus,
902 4823 995 4880 sed
1019 4824 1089 4877 ob
1124 4836 1184 4876 ea
1220 4832 1341 4889 qua:
1377 4816 1705 4893 relinquant,
1749 4813 1881 4868 velit
1912 4813 2007 4867 ba-

442 4929 577 4979 liere
601 4923 852 4992 gratiam.
878 4918 951 4972 Ita
991 4917 1152 4984 igitur
1188 4913 1274 4967 hic
1297 4925 1518 4980 quoque
1552 4923 1638 4962 res
1691 4923 1750 4962 se
1803 4906 2005 4961 habet:

448 5016 492 5068 si
537 5008 968 5078 disputationum
1002 5003 1073 5063 vi.
1103 5002 1305 5069 Deique
1331 4997 1559 5062 auxilio,
1588 4996 1835 5050 diuturni
1884 4994 2008 5048 belli

447 5120 643 5161 causas
666 5104 992 5158 adiutemus,
1023 5105 1077 5150 et
1093 5093 1343 5162 querelas
1369 5097 1581 5143 mutuas
1610 5102 1640 5142 e
1660 5088 1837 5141 medio
1861 5100 2011 5155 pror-

448 5217 543 5254 sus
583 5196 857 5255 tollemus,
885 5198 939 5242 et
972 5189 1024 5241 iu
1081 5184 1327 5240 eamdem
1378 5193 1566 5235 omnes
1626 5178 2011 5230 conveniemus

452 5289 798 5351 sententiam,
834 5284 957 5336 licet
980 5280 1121 5332 hanc
1157 5290 1341 5330 veram
1372 5283 1689 5339 nuncupare
1720 5272 1926 5336 pacem.
1958 5271 2013 5316 et

454 5355 758 5435 animorum
798 5370 1174 5430 indtssolubile
1200 5367 1495 5427 vinculum,
1534 5361 1825 5416 fraternam
1879 5368 2012 5408 con-

460 5470 834 5538 spirationem,
853 5476 908 5520 et
926 5462 1225 5541 spinitalem
1252 5458 1529 5543 unionem.
1548 5451 2013 5543 omnisque‘sc-au-

456 5537 564 5613 ila'li
610 5558 867 5612 radicitus
906 5537 1311 5629 Aprzecisioucm‘,
1351 5558 1404 5601 ct
1429 5537 1664 5615 quidvis
1706 5537 1853 5593 aliud
1908 5537 2017 5638 iiut

452 5649 693 5720 jusmudi
731 5665 744 5702 :
773 5664 835 5702 ac
870 5648 959 5700 tali
992 5662 1114 5701 cum
1154 5658 1282 5713 pace
1313 5642 1645 5695 revertentes
1681 5640 1734 5687 ct
1760 5644 1859 5685 nos
1912 5642 2013 5696 Ipsi

2105 4461 2283 4530 ψυχὴν
2313 4459 2541 4522 εὐνοεῖν,
2574 4457 2675 4521 ἕως
2708 4457 2774 4511 ἂν
2805 4455 3123 4510 συνειδῶσιν
3154 4456 3244 4508 ὑπ’
3274 4454 3517 4522 ἀλλήλων
3555 4453 3675 4522 ἠδι-

2104 4552 2339 4622 κημένοι
2368 4567 2379 4579 ’
2415 4552 2465 4604 εἰ
2498 4551 2574 4621 μή
2638 4565 2722 4612 τις
2761 4548 2866 4601 sua
2913 4544 3206 4620 ῥᾳθυμίας,
3238 4546 3333 4615 οὐχ
3375 4539 3450 4598 ὧν
3490 4544 3677 4613 ἀρπά-

2107 4643 2291 4708 ζουσιν
2322 4640 2584 4711 ἄχθεσθαι
2613 4641 2727 4703 τοῖς
2776 4638 3237 4700 ἐπιϐουλεύουσιν,
3272 4637 3384 4689 ἀλλ’
3422 4632 3497 4689 ὧν
3522 4634 3673 4703 αύτῷ

2108 4733 2554 4793 καταλείπουσιν,
2590 4731 2828 4799 ὀφείλειν
2860 4730 3102 4799 βούλοιτο
3146 4729 3327 4799 χάριν.
3375 4726 3533 4780 Οὕτω
3560 4726 3676 4777 τοί-

2104 4842 2204 4881 νυν
2230 4825 2344 4895 ξχει
2375 4821 2677 4877 κάνταῦθα·
2710 4822 2772 4875 τὸ
2828 4821 2926 4890 μὲν
2979 4820 3158 4888 κρίσει
3197 4819 3381 4884 λόγων
3422 4817 3517 4869 καὶ
3573 4815 3677 4882 τῆς

2109 4917 2318 4974 ἀνωθεν
2342 4915 2595 4987 βοηθείας
2631 4896 3120 4980 συνεφαπτομένης
3151 4911 3285 4980 ἡμῖν
3314 4909 3411 4970 τὰς
3447 4905 3542 4960 τοῦ
3570 4922 3681 4974 μα-

2112 5010 2247 5081 κροῦ
2270 5007 2510 5078 πολέμου
2540 5004 2845 5059 καταλῦσαι
2894 5002 3218 5073 προφάσεις,
3253 5002 3347 5053 καί
3395 5002 3538 5067 ἅπερ
3588 4996 3684 5048 ἀλ-

2111 5101 2297 5170 ληλοις
2331 5098 2526 5168 ἔχομεν
2557 5094 2811 5163 ἐγκαλεῖν
2842 5095 2907 5146 ἐκ
2956 5093 3125 5161 μέσου
3158 5087 3417 5153 καθάπαξ
3446 5102 3682 5157 πεποιη-

2116 5192 2333 5262 μένους,
2360 5187 2499 5258 πρδς
2530 5185 2590 5238 ἒν
2607 5185 2863 5255 φρόνημα
2890 5183 2986 5236 καὶ
3019 5182 3147 5252 μίαν
3177 5180 3400 5250 γνώμην
3430 5179 3681 5242 ἅπαντας

2117 5278 2414 5337 συνελθεῖν,
2452 5275 2603 5329 τοῦτ’
2639 5273 2860 5343 εἰρήνην
2902 5269 3187 5340 ἀληθινὴν,
3216 5270 3310 5321 καὶ
3337 5268 3525 5338 ψυχῶν
3577 5266 3683 5335 ἆῤ-

2118 5372 2319 5440 ρηκτον
2350 5365 2670 5445 σύνδεσμον,
2703 5363 2798 5415 καὶ
2847 5360 3153 5431 σύμπνοιαν
3201 5359 3517 5428 ἀδελφικὴν,
3582 5358 3685 5413 καὶ

2118 5456 2492 5528 πνευματικὴν
2521 5456 2733 5518 ἕνωσιν,
2758 5453 2852 5507 καί
2892 5452 3187 5505 σκανδάλου
3219 5450 3419 5513 παντὸς
3443 5449 3678 5519 πρύῤῥι-

2118 5550 2209 5613 ζον
2236 5548 2499 5616 ἔκκοπην,
2537 5545 2630 5598 καὶ
2661 5544 2714 5596 εἰ
2743 5561 2793 5597 τι
2830 5542 3095 5610 τοιοῦτον,
3143 5541 3349 5605 ἔξεστιν
3389 5540 3681 5607 ὀνομάσαι.

2122 5643 2229 5699 Καὶ
2270 5639 2406 5711 μετὰ
2458 5635 2706 5708 τοιαύτης
2748 5635 3058 5700 ἐπανιόντες
3089 5636 3333 5706 εἰρήνης,
3413 5629 3566 5686 αὐτοί
3621 5646 3687 5683 τε
