3948 6186
363 256 470 319 415

1453 251 1837 313 ΟΕΝΝΑΟΠ
1874 252 1980 314 CP.
2024 253 2537 315 PATRIARCHAE

3510 244 3616 309 416

364 368 509 421 unde
536 376 587 421 et
612 366 734 428 illae.
762 381 888 420 ursa
917 365 1100 429 fuerit,
1129 363 1467 433 volueritqne
1531 364 1583 416 in
1608 381 1666 414 ea
1699 362 1838 426 pari,
1871 377 1938 414 nc
1970 410 1974 420 λ

2078 365 2197 422 δούς
2234 366 2670 435 προστησαμένη
2701 361 2938 432 ἄρξηται
2984 358 3086 429 μὲν
3119 357 3212 427 ἀφ’
3273 351 3349 410 ὧν
3394 359 3617 412 ἐκεῖναι.

369 460 546 515 dicam
579 456 792 526 majori,
818 455 1002 510 studio
1029 455 1347 509 incumbere
1379 470 1394 521 ;
1454 453 1648 507 deinde
1676 453 1838 505 etiam
1868 452 1934 506 de

2078 457 2138 507 αἱ
2161 455 2293 525 περὶ
2320 455 2494 510 ταῦτα
2530 455 2629 524 τὴν
2662 453 2811 525 ῐσην,
2845 454 2932 506 ἴνα
2962 451 3037 522 μὴ
3063 451 3209 519 λέγω
3234 449 3424 513 πλείω,
3458 466 3644 501 σπου-Δ

373 550 620 618 reliquis,
656 547 858 617 quibus
883 546 1225 616 providentia
1261 556 1443 602 vestra
1479 560 1618 614 opus
1649 553 1753 607 est,
1783 558 1936 612 aaque

368 657 433 695 ac
469 639 927 708 illaecogitaverit,
967 653 1127 692 nemo
1151 639 1256 692 erit
1285 639 1379 706 qui
1407 638 1549 692 hanc
1599 637 1770 705 ipsam
1796 637 1939 690 inter

365 730 502 785 alias
532 731 926 785 mcnmenicam
960 744 1082 783 esse
1122 729 1424 798 negaverit.
1453 736 1508 782 et
1556 727 1800 798 ejusdem
1832 743 1940 796 qua

363 828 496 875 sunt
522 821 640 874 alia:
672 819 956 890 dignitatis
991 835 1007 884 ;
1041 834 1143 873 nec
1177 818 1280 873 erit
1338 833 1447 886 quo
1487 819 1686 887 aliquis
1747 815 1943 872 confu-

365 914 542 982 giens,
581 912 705 966 velit
751 911 1138 979 parvipendcre
1167 925 1289 978 qua:
1347 909 1415 962 ab
1474 924 1537 963 ea
1595 908 1798 963 fuerint
1849 909 1945 963 de-

367 1014 540 1067 creta,
575 1003 892 1056 existimans
929 1001 1164 1070 perinde
1185 1017 1323 1056 esse
1389 1002 1529 1054 hanc
1576 1010 1742 1069 atque
1789 1007 1946 1053 antea

368 1096 675 1149 celebratas
722 1093 1025 1162 aspernari,
1084 1094 1392 1162 timensque
1445 1101 1559 1146 tum
1612 1089 1947 1145 exsecratio-

370 1203 466 1241 nes
509 1187 809 1248 hominum,
877 1194 990 1238 tum
1053 1199 1242 1252 pmnas
1307 1187 1540 1252 desuper
1601 1181 1948 1250 irrogandas.

373 1277 593 1345 Alioqui
630 1277 780 1328 multi
839 1285 1027 1338 erunt,
1072 1277 1162 1342 qui
1199 1275 1274 1328 illi
1307 1277 1656 1339 insidientur,
1711 1287 1766 1329 et
1808 1291 1954 1330 nunc

372 1369 587 1436 quidem
614 1368 844 1421 fortasse
864 1382 1022 1420 nemo
1043 1369 1396 1432 contradicet,
1414 1383 1479 1420 ne
1526 1366 1773 1421 videatur
1788 1370 1952 1420 etiam

372 1460 757 1527 impedimento
792 1474 912 1511 esse
946 1459 1086 1511 bono
1106 1459 1434 1522 concordiae;
1460 1459 1672 1528 etquod
1697 1466 1956 1527 praeterea

372 1553 506 1608 sciat
551 1568 664 1606 rem
696 1567 817 1607 esse
849 1553 1071 1605 arduam
1113 1561 1261 1605 tanto
1299 1567 1526 1606 numero
1558 1551 1876 1619 praevalere,
1912 1552 1956 1605 si

375 1655 605 1700 conetur
661 1645 786 1698 illos
810 1660 873 1698 eo
896 1645 1079 1698 verbis
1107 1646 1443 1713 pertrahere,
1471 1661 1578 1713 quo
1604 1645 1820 1698 animus
1849 1658 1955 1697 non

2040 545 2137 614 δὴν
2203 546 2547 611 ἐνδείξασθαι
2593 545 2855 615 βουληθῇο
2909 545 3194 612 ἑπομένως
3246 543 3303 596 δὲ
3347 543 3442 595 καὶ
3491 543 3623 610 περὶ

2046 637 2157 690 τῶν
2185 637 2383 705 ἄλλων,
2417 639 2593 692 ὁπόσα
2622 639 2796 692 δεῖται
2839 639 3122 708 προνοίας,
3163 636 3254 689 τὸν
3285 635 3450 688 αὑτὸν
3486 635 3627 687 ὲκεί-

2044 747 2159 792 ναις
2212 730 2482 800 σκέψηται
2517 733 2740 800 τρόπον,
2772 729 2951 792 οὐδεὶς
3004 729 3072 782 ἂν
3100 728 3346 781 ἀντείποι
3393 727 3467 795 μὴ
3531 727 3627 779 καί⁸

2044 824 2254 894 ταύτην
2279 824 2670 893 οἱκουμενικὴν
2706 819 2866 883 εἶναι,
2903 822 2997 873 καὶ
3057 819 3221 873 ταυτδ
3261 819 3382 880 ταῖς
3436 817 3629 880 ἄλλαις

2047 915 2192 987 ἔχειν
2225 915 2441 984 ἀξίωμα
2467 932 2482 947 ο
2527 915 2636 968 οὐδ’
2659 915 2770 981 ἕξει
2812 931 2896 975 τις
2928 913 3006 975 είς
3044 912 3071 965 ὅ
3094 929 3146 963 τι
3179 909 3529 979 καταφυγὼν,
3554 902 3631 962 ὧν

2049 1010 2116 1063 ἀν
2147 1008 2287 1079 αὕτη
2321 1009 2642 1078 ψηφίσαιτο,
2681 1009 3045 1077 καταφρονεῖν
3095 1006 3409 1077 βουληθείη,
3465 1003 3631 1075 ήγού-

2056 1119 2216 1171 μενος
2293 1102 2408 1155 ἴσον
2465 1095 2606 1154 εἶναι
2671 1099 2878 1170 ταύτην
2949 1117 3006 1152 τε
3067 1099 3160 1152 καὶ
3221 1099 3320 1163 τάς
3377 1098 3485 1168 πρδ
3535 1099 3634 1151 αύ-

2051 1194 2152 1261 τῆς
2210 1193 2531 1260 ἀτιμάζειν·
2588 1191 2685 1244 καὶ
2726 1189 2912 1253 δεδιὼς
2969 1190 3068 1260 μὲν
3117 1189 3217 1250 τὰς
3264 1190 3330 1242 ἐκ
3377 1189 3488 1241 τῶν
3540 1191 3637 1242 ἀν-

2057 1283 2298 1353 θρώπων
2341 1283 2503 1352 ἀράς,
2554 1282 2776 1351 τρέμων
2829 1281 2885 1334 δὲ
2916 1281 3013 1344 τὰς
3064 1280 3271 1333 ἀνωθεν
3305 1280 3459 1342 δίκας
3489 1296 3506 1312 ο
3540 1280 3637 1332 ἀλ-

2054 1377 2161 1438 λως
2221 1393 2280 1428 τε
2320 1375 2550 1435 πολλοὺς
2591 1373 2736 1436 ἕξειν
2796 1373 2924 1434 τοὺς
2972 1371 3292 1434 ἐπιϐούλους
3327 1387 3342 1401 ο
3402 1371 3495 1424 καὶ
3537 1371 3641 1424 νῦν

2064 1467 2160 1537 μὲν
2194 1465 2327 1528 ἴσως
2350 1465 2527 1526 οὐδεὶς
2564 1465 2805 1532 ἀντερεῖ,
2842 1463 2917 1530 μὴ
2942 1463 3040 1515 καὶ
3081 1463 3206 1532 δόξῃ
3251 1463 3310 1514 τὸ
3358 1464 3453 1530 τῆς
3504 1462 3641 1529 ὀμο-

2064 1558 2209 1622 νοίας
2247 1557 2450 1625 ἀγαθὸν
2475 1555 2814 1625 ἐμποδίζειν,
2848 1556 2943 1607 καὶ
2970 1555 3086 1623 ἅμα
3112 1553 3267 1615 εἰδὼς
3291 1555 3366 1617 ὼς
3400 1554 3645 1625 χαλεπόν

2066 1652 2181 1703 ἐστι
2208 1649 2480 1703 τοσούτων
2536 1646 2946 1716 περιγενέσθαι,
2993 1647 3078 1715 ἐφ’
3123 1647 3265 1716 άπερ
3315 1647 3374 1699 ού
3439 1647 3645 1716 προθυ-

375 1738 694 1802 propendet;
758 1744 1004 1803 tempore
1065 1710 1194 1789 vero
1259 1710 1590 1802 procedente
1649 1750 1753 1790 non
1803 1735 1960 1803 pauci

2078 1743 2315 1812 μοῦνται,
2348 1742 2462 1803 τοῖς
2493 1710 3297 1808 λόγοιςήπείθεινπείρώμενον
3322 1755 3336 1769 ⁸
3364 1739 3466 1791 οὐκ
3484 1710 3498 1716 ν
3527 1739 3646 1791 ὀλί-

376 1826 591 1880 decreta
643 1836 821 1879 vestra
865 1827 1046 1880 volent
1102 1827 1426 1891 convellere,
1491 1826 1796 1880 veneranda
1861 1828 1962 1880 hac

379 1930 478 1970 vos
511 1917 874 1984 appellatione
918 1917 1287 1982 denudantes;
1352 1918 1709 1971 denudabunt
1759 1926 1962 1982 autem,

379 2009 509 2077 quia
566 2011 899 2077 generalium
943 2011 1305 2064 conciliorum
1340 2011 1572 2064 formam
1613 2010 1965 2065 multitudine

379 2115 590 2155 tantum
614 2110 893 2154 servatam
928 2116 957 2154 a
993 2101 1144 2155 vobis
1176 2102 1378 2166 dicent,
1415 2101 1469 2155 in
1503 2101 1662 2155 rebus
1696 2116 1824 2155 vero
1849 2116 1967 2153 ma-

381 2195 527 2248 xime
552 2194 882 2249 necessariis
919 2195 1059 2248 viam
1096 2210 1191 2248 vos
1223 2195 1413 2250 iniisse
1445 2195 1605 2263 plane
1629 2195 1733 2249 illis
1754 2204 1969 2249 contra-

380 2287 539 2350 riam,
583 2298 634 2342 ut
669 2288 758 2356 qui
790 2295 1114 2342 conventuin
1170 2287 1395 2356 egeritis
1434 2287 1505 2340 ob
1571 2286 1718 2341 aliud
1754 2286 1970 2354 quidvis

394 2381 604 2448 potius,
627 2396 785 2449 quam
817 2384 1127 2447 dogtnatum
1162 2379 1407 2433 veritatis
1456 2394 1605 2447 ergo.
1661 2378 1842 2446 Atque
1894 2377 1968 2431 ita

387 2470 487 2524 soli
510 2485 610 2524 nos
633 2470 866 2524 fortasse
911 2485 1042 2539 pace
1067 2468 1333 2535 fruemur,
1359 2470 1589 2539 posteris
1615 2484 1743 2523 vero
1767 2467 1970 2524 nostris

385 2561 584 2616 bellum
607 2562 748 2616 illico
782 2562 1148 2630 relinquemus
1187 2561 1268 2614 vel
1300 2561 1463 2629 priori
1493 2560 1972 2627 deterius;sicque

391 2650 600 2704 nullum
630 2650 795 2705 nobis
833 2649 1030 2705 afferet
1065 2648 1301 2703 fructum
1338 2664 1505 2705 omne
1549 2649 1708 2717 hujus
1735 2651 1972 2720 appella-

390 2740 554 2796 tionis
594 2739 846 2796 studinm
870 2780 883 2794 .
916 2740 1066 2807 Quod
1104 2755 1172 2795 ne
1200 2740 1313 2803 fiat,
1347 2741 1677 2811 generalium
1717 2742 1974 2796 com-ilio~

390 2832 785 2904 rum,dignitas
816 2847 911 2902 per
943 2841 1188 2887 exactam
1212 2833 1428 2887 illorum
1463 2833 1819 2888 imitationem
1849 2834 1976 2889 huic

388 2922 554 2975 etiam
588 2929 672 2977 est
709 2922 1038 2992 adaptanda,
1075 2930 1130 2977 et
1158 2936 1226 2978 ne
1254 2921 1425 2977 ullum
1465 2922 1513 2978 ei
1543 2922 1844 2992 periculum
1878 2924 1974 2978 im-

2065 1852 2152 1902 γοι
2174 1834 2231 1886 δὲ
2261 1832 2355 1887 τοῦ
2384 1832 2577 1900 χρόνον
2609 1830 2999 1900 προϐαίνοντος
3024 1831 3093 1883 τά
3122 1829 3221 1900 μὲν
3252 1830 3382 1898 ὑμῖν
3411 1830 3648 1896 δόξαντα

2069 1928 2323 1983 σαλεύειν
2355 1927 2668 1995 θελήσουσι,
2695 1923 2772 1994 τῷ
2805 1925 2907 1994 τὴν
2943 1927 3150 1994 σεμνὴν
3198 1925 3403 1993 ταύτην
3433 1941 3648 1993 προση-

2067 2019 2257 2091 γορίαν
2299 2018 2458 2088 ἡμῶν
2502 2016 2823 2088 ἀφελέσθαι.
2862 2017 3286 2088 Ἀφαιρὴσονται
3335 2017 3427 2081 δὲ,
3454 2017 3650 2084 πλήθει

2072 2112 2235 2180 μόνον
2273 2111 2468 2176 σώζειν
2504 2112 2651 2180 ὑμᾶς
2695 2113 2789 2165 τὸν
2818 2111 2928 2164 τῶν
2959 2110 3363 2179 οίκουμενικῶν
3415 2111 3651 2162 συνόδων

2069 2200 2320 2268 λέγοντες
2349 2199 2699 2270 χαρακτῆρα,
2727 2200 2784 2252 ὲν
2818 2200 2876 2253 δὲ
2906 2201 3018 2262 τοῖς
3056 2199 3516 2264 ἀναγκαιοτάτοις
3556 2198 3654 2250 καὶ

2073 2293 2279 2362 σφόδρα
2295 2293 2392 2362 τὴν
2428 2293 2680 2347 ἐναντίαν
2709 2293 2946 2356 ἐκείναις
3007 2292 3205 2356 ἐλθεῖν,
3243 2291 3321 2351 ὡς
3349 2292 3477 2358 περὶ
3519 2291 3656 2343 πάν-

2071 2402 2181 2440 των
2215 2386 2416 2455 μᾶλλον
2455 2385 2486 2455 ῆ
2513 2387 2645 2456 περὶ
2668 2386 2772 2454 τῆς
2803 2385 2914 2437 τῶν
2950 2384 3238 2452 δογμάτων
3281 2383 3536 2453 ἀληθείας
3563 2383 3658 2436 τὸν

2075 2479 2336 2546 σύλλογον
2368 2464 2775 2545 πεποιημένους
2811 2492 2828 2509 ο
2859 2477 2952 2530 καὶ
2968 2475 3141 2538 οὕτως
3167 2475 3322 2528 αὐτοὶ
3355 2475 3508 2542 μόνοι
3545 2476 3658 2545 τῆς

2075 2571 2298 2640 εἰρήνης
2363 2570 2754 2638 ἀπολαύσομεν
2801 2569 2955 2632 ἴσως,
2988 2570 3105 2631 τοῖς
3133 2568 3188 2622 δὲ
3221 2567 3341 2636 μεθ’
3376 2569 3521 2638 ἡμᾶς
3572 2569 3661 2621 e5-

2075 2662 2174 2726 θὺς
2211 2664 2306 2717 καὶ
2336 2661 2506 2731 χείρω
2559 2661 2654 2714 τοῦ
2710 2664 2980 2732 προτέρου
3042 2661 3441 2728 καταλείψομεν
3491 2660 3659 2714 πόλε-

2079 2773 2180 2825 μον
2219 2772 2234 2785 ·
2267 2755 2365 2808 καὶ
2400 2753 2578 2818 οὕτως
2603 2754 2736 2824 ἡμῖν
2765 2755 3024 2822 ἀνόνητος
3069 2753 3224 2807 ἔσται
3276 2755 3312 2821 ὴ
3353 2754 3482 2822 περὶ
3525 2770 3665 2806 ταυ-

2077 2848 2204 2915 τησὶ
2233 2849 2332 2916 τῆς
2359 2845 2737 2917 προσηγορίας
2766 2847 2916 2899 πᾶσα
2951 2845 3182 2911 σπουδή.
3228 2845 3407 2910 Ὀπερ
3442 2844 3534 2898 ἵνα
3579 2845 3664 2915 μὴ

2078 2940 2330 3008 γένηται,
2364 2937 2425 2991 τδ
2473 2938 2582 2992 τῶν
2621 2936 3020 3008 οίκουμενικῶν
3052 2937 3285 2991 συνόδων
3328 2937 3546 3008 ἀξίωμα
3583 2938 3668 3008 τῷ

391 3012 598 3068 mineat
624 3029 690 3069 ex
722 3012 1682 3084 dissimilitudine,prospiciendum.
1719 3013 1852 3068 Nam
1871 3017 1974 3070 etsi

2080 3028 2216 3098 πρὸς
2247 3030 2457 3091 εκείνας
2501 3029 2721 3099 ἀκριϐεῖ
2763 3029 2910 3100 ζήλῳ
2958 3029 3056 3081 καὶ
3117 3026 3295 3100 ταύτῃ
3346 3044 3668 3098 προσαρμο-

397 3107 500 3176 piae
531 3109 729 3165 mentis
779 3109 1063 3164 hominum
1095 3111 1311 3165 aminos
1349 3119 1648 3180 praetextus
1703 3108 1793 3163 isti
1867 3122 1979 3162 non

394 3201 713 3267 turbabunt,
754 3217 855 3257 nec
880 3203 987 3256 erit
1016 3201 1337 3271 quisquam,
1372 3201 1466 3270 qui
1500 3202 1786 3257 honestum
1826 3201 1974 3255 inse-

395 3307 570 3358 quens
599 3292 830 3346 concilio
875 3291 1074 3348 inferat
1121 3292 1361 3358 bellum;
1416 3293 1550 3347 bene
1579 3301 1755 3345 tamen
1785 3291 1977 3356 nostis,

397 3385 663 3438 adversus
692 3385 929 3438 maxima
979 3393 1035 3439 et
1081 3398 1306 3438 summa
1351 3383 1602 3437 utilitatis
1655 3398 1819 3451 opera
1869 3397 1978 3436 non

400 3477 565 3530 modo
604 3477 997 3544 perditissimus
1035 3476 1302 3537 homines,
1337 3474 1431 3528 sed
1462 3474 1806 3528 adversarios
1837 3488 1979 3543 quo-

402 3583 512 3635 que
543 3577 764 3620 nostros
803 3566 873 3619 ab
905 3567 1066 3619 initio
1128 3567 1404 3620 daemones
1450 3572 1669 3619 struere
1725 3562 1974 3626 insidias,

399 3658 660 3711 similium
689 3657 773 3712 sui
808 3651 1086 3710 hominum
1113 3655 1178 3709 ad
1210 3657 1312 3710 hoc
1335 3669 1499 3724 opera
1522 3664 1574 3708 et
1600 3653 1804 3708 auxilio
1827 3661 1985 3708 uten-

403 3766 506 3809 tes.
572 3751 741 3804 Pnrro
791 3759 970 3802 autem
1019 3749 1357 3803 daemonibus
1427 3747 1792 3802 Ecclesiarum
1854 3760 1985 3815 pace

408 3845 552 3899 nihil
595 3841 963 3911 injurnndius,
1013 3855 1075 3894 ex
1115 3857 1216 3908 qua
1251 3848 1398 3895 totus
1430 3839 1695 3894 bonorum
1747 3838 1987 3893 circulus

406 3937 622 4006 pendet,
650 3946 702 3989 et
736 3949 898 4004 quam
931 3934 1183 3987 Salvator
1213 3931 1516 3987 ascendens
1569 3931 1782 4000 reliqni'
1813 3930 1987 3984 homi-

410 4028 592 4083 nibus:
619 4026 956 4080 tantumden’.
988 4028 1128 4078 enim
1158 4035 1275 4079 erat
1301 4025 1439 4078 hanc
1460 4023 1663 4092 largiri,
1686 4031 1846 4091 atque
1867 4038 1987 4076 om-

413 4122 501 4176 nia
522 4118 682 4174 simul
717 4119 931 4172 tradere
963 4119 1124 4180 bona,
1144 4133 1266 4185 qua:
1293 4131 1532 4184 praesens
1557 4115 1714 4170 nobis
1744 4116 1987 4169 tribuere

407 4221 641 4284 poterat.
685 4212 840 4266 Sicut
899 4225 1030 4280 ergo
1083 4211 1288 4263 inimici
1329 4209 1477 4278 pacis
1537 4223 1727 4262 omnes
1767 4208 1834 4260 ad
1869 4222 1988 4261 eam

407 4305 754 4360 evertendam
786 4302 1126 4358 adhibebunt
1165 4303 1472 4364 muhinas,
1502 4310 1556 4354 et
1581 4315 1773 4355 omnes
1801 4309 1989 4368 capta-

412 4393 941 4455 buntuccasiones;
986 4393 1057 4444 ita
1103 4407 1204 4445 nos
1239 4405 1481 4459 quoque,
1539 4391 1682 4458 quod
1743 4389 1984 4442 futurum

412 4495 497 4539 est
531 4485 944 4555 prospicientes,
980 4497 1197 4535 onmem
1234 4481 1391 4535 decet
1426 4482 1536 4536 illis
1573 4482 1715 4534 viam
1761 4477 1987 4534 malefa-

414 4577 591 4631 riendi
635 4575 986 4645 praecludere,
1042 4573 1302 4642 pacisque
1337 4574 1537 4626 bonum
1599 4585 1990 4640 usquequaque

416 4679 594 4725 tutum
646 4668 897 4734 reddere,
932 4677 992 4722 ut
1023 4667 1335 4722 necessario
1370 4667 1601 4734 improbi
1637 4665 1718 4719 vel
1770 4664 1992 4731 acquie-

423 4765 767 4828 scentesznon
803 4760 951 4814 ciant
980 4758 1190 4814 turbas.
1203 4758 1300 4846 ,γει
1334 4757 1644 4812 adorientes
1684 4755 1824 4808 nihil
1869 4755 1990 4808 elli-

415 4868 542 4910 cere
567 4854 800 4918 valeant,
832 4852 1312 4920 expcrimentoque
1343 4848 1522 4904 sciant
1551 4847 1750 4902 calum
1783 4863 1843 4902 se
1891 4862 1995 4902 vo-

419 4944 586 5000 luisse
611 4943 772 4997 ferire
805 4945 1002 5013 capite.
1034 4942 1170 4996 Illud
1199 4950 1466 5012 praeterea
1493 4937 1988 5005 considerandum,

419 5036 633 5091 futuros
655 5034 904 5089 homines
938 5049 1134 5103 pravos
1161 5048 1266 5088 non
1290 5032 1453 5087 modo
1477 5031 1762 5087 sententiis
1793 5031 1995 5086 nostris

420 5129 698 5194 molestos,
727 5138 780 5183 et
803 5129 1027 5182 easdem
1064 5141 1258 5179 rursus
1288 5123 1695 5178 controversias
1715 5133 1769 5177 et
1788 5139 1997 5192 pugnas

418 5223 697 5291 copiosius
730 5229 1100 5284 revocaturos,
1135 5219 1180 5272 si
1213 5231 1382 5286 quam
1404 5213 1554 5269 nacti
1588 5214 1792 5268 fuerint
1812 5214 1998 5269 crimi-

421 5313 584 5368 nandi
619 5328 717 5370 nos
737 5313 1108 5376 occasionem,
1139 5311 1233 5364 sed
1261 5309 1428 5364 multa
1459 5322 1678 5377 quoque
1728 5308 1835 5362 alia
1860 5308 1998 5362 bella

421 5404 772 5464 excitaturus.
796 5417 1088 5472 veramque
1109 5401 1266 5456 fidem
1287 5400 1456 5455 multa
1475 5398 1798 5456 confusione
1813 5398 2003 5470 oppleo

424 5500 595 5548 turos.
617 5495 681 5547 Et
711 5510 858 5549 nunc
891 5495 1108 5564 quidem
1150 5495 1202 5548 in
1239 5492 1565 5548 Orientalem
1597 5499 1652 5548 et
1682 5491 2002 5546 Occidenta-

428 5584 534 5640 letn
576 5585 842 5640 Eclesiam
873 5587 1045 5641 divisa
1077 5596 1160 5641 est
1192 5584 1629 5640 Christianorum
1668 5583 1995 5646 ..ιιῐιιιιὶιυιιο,

426 5686 559 5735 tunc
602 5686 779 5732 autem
824 5693 889 5734 uc
942 5682 1213 5737 numerari
1261 5679 1478 5750 quidem
1514 5687 1673 5733 secta:
1728 5685 2004 5748 poterunt,

2083 3121 2234 3174 στέον
2276 3137 2291 3152 ο
2318 3120 2414 3174 καὶ
2437 3121 2588 3181 ὅπως
2619 3120 2809 3190 μηδεὶς
2845 3121 2907 3173 ὲκ
2962 3119 3063 3187 τῆς
3091 3118 3481 3186 ἀνομοιότητος
3523 3116 3671 3185 ἔπη-

2081 3229 2172 3265 ται
2203 3211 2445 3274 κίνδυνος
2478 3213 2638 3283 αὐτῇ.
2665 3209 3044 3280 φροντιστέον.
3069 3210 3131 3263 El
3159 3210 3266 3279 γάρ
3301 3211 3376 3279 μὴ
3427 3210 3522 3262 καὶ
3558 3210 3671 3272 τάς

2081 3302 2190 3355 τῶν
2225 3303 2588 3371 εὐγνωμόνων
2616 3303 2798 3373 ψυχὰς
2838 3304 2894 3356 αἱ
2927 3301 3231 3372 προφάσεις
3283 3293 3444 3355 αὗται
3490 3302 3672 3369 ταράσ

2084 3395 2256 3461 ξουσι,
2317 3393 2442 3463 μηδ’
2494 3395 2645 3447 ἔσται
2706 3394 2897 3464 μηδεῖς
2951 3396 2979 3446 ό
3020 3391 3113 3447 τοῦ
3149 3391 3317 3446 καλοῦ
3359 3393 3521 3461 χάριν
3569 3392 3674 3446 τὸν

2089 3486 2223 3554 πρὸς
2261 3487 2431 3554 αὐτὴν
2460 3485 2854 3551 ἀναδεξόμενος
2882 3486 3122 3553 πόλεμον
3155 3501 3170 3516 ’
3227 3483 3344 3538 ἀλλ’
3396 3485 3512 3537 ῐστε
3568 3484 3674 3552 δή-

2087 3592 2190 3627 που
2212 3573 2396 3638 καλῶς
2440 3578 2552 3637 τοῖς
2585 3575 2865 3645 μεγίστοις
2908 3574 3004 3628 καὶ
3035 3574 3504 3636 λυσιτελεστάτοις
3553 3575 3675 3628 τῶν

2087 3664 2264 3733 ἔργων
2313 3665 2375 3718 ού
2427 3666 2556 3730 τοὺς
2623 3665 3029 3735 πονηροτάτους
3092 3665 3253 3734 μόνον
3319 3665 3672 3737 ἀνθρώπους,

2086 3757 2224 3810 ἀλλά
2255 3757 2350 3810 καὶ
2375 3757 2500 3820 τοὺς
2534 3757 2800 3821 ἀνέκαθεν
2833 3758 3119 3824 δυσμενεῖς
3169 3758 3300 3827 ἡμῖν
3354 3757 3680 3812 ἐπιϐουλεύ-

2089 3864 2248 3908 οντας
2270 3846 2550 3915 δαίμονας,
2587 3845 2794 3913 ὁμοίοις
2824 3844 3138 3913 ἀνθρώποις
3182 3848 3465 3913 συνεργοῖς
3528 3847 3679 3915 πρὸς

2088 3939 2246 3992 τοῦτο
2273 3940 2609 4009 χρωμένους.
2647 3938 2878 4000 Δαίμοσι
2912 3937 2969 3990 δὲ
2992 3938 3099 4006 ἄρα
3141 3939 3242 4006 τῆς
3299 3937 3409 3990 τῶν
3469 3937 3680 4006 ἐκκλη-

2092 4030 2223 4082 σιῶν
2248 4030 2474 4098 είρήνης
2500 4029 2657 4081 οὐδὲν
2682 4029 3036 4097 ἀηδέστερον,
3068 4023 3136 4098 ἦς
3163 4028 3309 4090 ἄπας
3341 4030 3368 4080 ό
3399 4027 3508 4080 τῶν
3531 4029 3676 4094 ἀγα-

2091 4121 2202 4173 θῶν
2230 4121 2543 4190 ἀπήρτηται
2566 4119 2787 4182 κύκλος,
2831 4118 2924 4171 καὶ
2954 4120 3020 4188 ἢν
3047 4120 3074 4171 ὁ
3101 4118 3291 4188 Σωτὴρ
3314 4119 3507 4186 ἀνῆλθε
3551 4121 3677 4183 τοῖς

2091 4211 2403 4280 ἀνθρώποις
2429 4211 2769 4271 καταλιπὼν,
2801 4210 2876 4273 ὡς
2913 4211 3028 4262 ἴσον
3070 4201 3138 4262 ὃν
3156 4210 3362 4276 ταύτην
3407 4226 3462 4260 τε
3507 4210 3680 4278 χαρί-

2098 4302 2318 4365 σασθαι,
2359 4304 2453 4356 καὶ
2485 4301 2706 4356 πάντων
2731 4299 2948 4367 ἀθρόων
2997 4298 3319 4370 μεταδοῦναι
3367 4299 3476 4350 τῶν
3529 4300 3680 4366 ἀγα-

2093 4395 2222 4457 θῶν,
2246 4395 2419 4446 ὁπόσα
2451 4391 2643 4463 παρὼν
2663 4394 2800 4461 ἡμῖν
2822 4391 3087 4460 παρέχειν
3119 4389 3371 4459 ἠδύνατο.
3397 4389 3677 4457 Καθάπερ

2091 4486 2186 4540 οὖν
2204 4486 2252 4540 ol.
2284 4486 2383 4554 τῆς
2416 4485 2639 4554 είρήνης
2661 4484 2847 4554 ἐχθροὶ
2873 4484 3058 4536 πᾶσαν
3091 4483 3185 4535 ἐπὶ
3203 4484 3271 4552 τῇ
3296 4481 3504 4552 ταύτης
3530 4483 3670 4536 ἀνα-

2094 4578 2266 4645 τροπῇ
2309 4574 2592 4644 κινήσωσι
2651 4572 2924 4642 μηχανὴν,
2973 4571 3068 4624 καὶ
3145 4573 3447 4641 προφάσεις
3492 4571 3678 4633 πάσας

2093 4667 2552 4735 διερευνὴσονται,
2589 4662 2733 4717 οὕτω
2765 4663 2963 4716 δεῖκαὶ
3003 4663 3152 4732 ἡμᾶς
3206 4663 3265 4715 τὸ
3317 4661 3510 4730 μέλλον
3542 4677 3678 4731 προ-

2093 4760 2410 4829 ορωμένους
2440 4758 2625 4810 πᾶσαν
2672 4755 2772 4826 μὶν
2803 4755 2988 4817 αὐτοῖς
3029 4753 3150 4807 ὁδὸν
3195 4753 3517 4806 ἀποκλεῖσαι
3568 4752 3676 4819 τῆς

2094 4850 2452 4921 κακουργίας.
2485 4848 2826 4916 πανταχόθεν
2860 4846 2916 4900 δὲ
2943 4846 3005 4898 ea
3034 4846 3134 4915 τῆς
3191 4847 3416 4916 είρήνης
3469 4843 3676 4912 ἀγαθὸν

2095 4941 2499 5013 ἀσφαλίσασθαι
2546 4956 2562 4971 ⁸
2627 4940 2687 5004 ἐξ
2744 4933 2822 4992 ὦν
2873 4939 2906 5007 ἢ
2961 4937 3321 5002 πειθομένους
3377 4933 3675 5007 ἡσυχάζειν

2096 5035 2312 5101 ἀνάγκη
2333 5032 2459 5093 τοὺς
2490 5029 2784 5099 πονηροὺς,
2814 5030 2846 5098 ἢ
2901 5027 3346 5099 προσϐάλλοντας
3405 5026 3676 5087 ἀσθενεῖν,

2097 5127 2192 5180 καὶ
2220 5125 2389 5194 πείρᾳ
2426 5123 2742 5190 μανθάνειν,
2777 5123 2852 5184 ὡς
2881 5112 2990 5190 ἀρα
3025 5123 3092 5189 τῇ
3117 5119 3330 5190 κεφαλῇ
3368 5119 3462 5172 τὶν
3515 5117 3677 5185 ούρα-

2099 5218 2190 5268 νζν
2207 5216 2479 5283 ἐγνώκασι
2501 5211 2930 5282 προσαράττειν.
2960 5211 3106 5279 [ἱρὸς
3131 5209 3188 5263 δὲ
3221 5207 3432 5268 τούτοις
3455 5205 3680 5258 κάκεῖνο

2100 5308 2302 5378 πρέπει
2359 5308 2610 5359 σκοπεῖν.
2661 5303 2737 5356 Οὐ
2812 5302 2922 5372 γὰρ
2970 5302 3133 5370 μόνον
3183 5301 3306 5362 ταῖς
3379 5298 3680 5366 ἡμετέραις

2101 5399 2451 5470 ἐνοχλήσουσι
2483 5397 2690 5467 ψήφοις
2723 5396 2774 5448 oi.
2799 5397 3028 5464 πονηροὶ
3053 5393 3162 5446 τῶν
3206 5390 3532 5459 ἀνθρώπων,
3578 5388 3682 5440 καὶ

2103 5491 2266 5544 πάλιν
2286 5491 2384 5552 τάς
2405 5491 2574 5552 αὐτὰς
2611 5487 2749 5557 μετά
2773 5486 3097 5556 περιουσίας
3120 5483 3431 5547 είσάξουσιν
3453 5483 3638 5549 ἀμφισ
3654 5507 3679 5520 ο

2105 5585 2361 5653 ὁητήσεις
2410 5584 2500 5635 καὶ
2537 5583 2737 5650 μάχας,
2770 5580 2864 5633 ἐάν
2911 5595 2992 5639 τις
3026 5578 3205 5639 αὐτοῖς
3228 5577 3334 5628 τῶν
3364 5574 3483 5626 καθ’
3520 5571 3680 5642 ἡμῶν

2111 5676 2477 5748 ὶγκλημάτων
2510 5676 2777 5748 πρόφασις
2820 5669 2876 5747 ᾗ,
2908 5672 3039 5727 α).λά
3076 5670 3168 5726 καὶ
3213 5669 3439 5733 πολλοὺς
3484 5666 3682 5734 ἄλλως
