3948 6186
283 277 383 339 ΛΠ

1475 272 1762 334 ORATIO
1805 272 1827 330 Ι
1872 271 1970 330 AD
1997 267 2383 334 SYNODUM.

3429 263 3534 330 £18

278 385 536 456 ἐγεροῦσι
561 385 853 455 πολέμους,
889 385 982 438 καὶ
1012 382 1224 438 πολλῶν
1248 401 1347 451 συγ
1357 382 1562 452 Λύσεων
1591 383 1687 452 τὴν
1720 383 1852 448 ἀλη-

1964 375 2295 440 singularum
2331 373 2604 428 divisione
2630 373 2867 442 partium
2890 373 2943 426 in
2970 373 3104 429 alias
3128 389 3222 444 per
3245 371 3540 429 seditiones

277 479 431 547 θινὴν
474 477 813 545 ἑμπλήσουσι
860 479 1061 532 πίστιν.
1091 477 1198 528 Καὶ
1239 474 1332 527 νῦν
1357 476 1456 543 μὲν
1483 477 1558 536 εἰς
1577 473 1850 525 ’Λνατολιο

275 572 382 639 χὴν
407 571 499 622 καὶ
528 571 770 636 Δυτικὴν-
804 568 1128 637 Ἐκκλησίαν
1159 570 1220 619 τὸ
1242 566 1348 618 τῶν
1376 565 1720 636 Χριστιανῶν
1744 562 1855 633 διῄ-

280 680 446 733 ρηται
468 661 670 730 πλῆθος
698 676 710 688 °
738 660 858 712 τότε
888 660 944 714 δὲ
967 659 1087 712 οὐδὲ
1117 648 1372 728 άριθμὲἰν
1391 658 1598 721 ἐξέσται
1625 655 1692 708 τὰ
1713 658 1854 723 τμή-

281 773 454 824 ματα,
486 754 715 807 ἑκάστου
750 752 883 821 πρὸς
917 751 1080 803 ἑαυτὸ
1109 750 1443 819 τεμνομένου
1499 749 1595 801 καὶ
1633 745 1854 799 στασιά-

278 848 486 910 ζοντος,
516 843 689 897 ἄλλων
721 841 809 893 ὑπ’
847 840 1004 894 ἄλλου
1039 839 1373 904 φιλονεικίας
1403 836 1662 906 ἀφορμῶν
1698 851 1850 887 σπῖι-

285 936 550 1005 ρομένων.
597 933 658 985 El
687 933 801 1000 γάρ
830 932 908 984 ἔτι
937 932 1036 1000 τῆς
1069 931 1291 984 συνόδου
1313 929 1515 998 ταύτης
1545 927 1857 997 προσδοκω-

284 1027 476 1094 μένης,
505 1025 624 1094 ἥτις
659 1023 849 1091 ἔμελλε
899 1024 993 1085 τὰς
1055 1025 1315 1090 μεγίστας
1382 1022 1478 1086 τῆς
1530 1018 1856 1086 οἰκουμένης

286 1117 484 1185 μοίρας
522 1115 825 1182 συνάψασα,
883 1111 998 1167 εἶτα
1055 1116 1150 1167 καὶ
1204 1114 1334 1182 περὶ
1389 1112 1499 1162 τῶν
1552 1109 1853 1177 ἑκασταχοῦ

284 1206 791 1275 καινοτομηθέντων
825 1205 1100 1274 ἐπιμελῶς
1143 1204 1519 1273 σκοπουμένη,
1583 1203 1682 1271 τὴν
1723 1200 1856 1268 ἀλη-

285 1298 351 1366 θῆ
381 1298 472 1349 καὶ
511 1297 736 1366 βεϐαίαν
764 1296 942 1366 ψῆφον
984 1299 1142 1348 πᾶσιν
1175 1296 1426 1360 ὲπάγειν,
1460 1293 1717 1363 διῄρηντο
1755 1303 1855 1360 μεν

287 1393 336 1442 οι
372 1391 637 1459 πρότερον
669 1389 962 1458 ἡνωμένοι,
995 1389 1027 1456 ή
1061 1387 1104 1437 δ’
1141 1388 1314 1446 ὅπως.
1342 1386 1470 1437 ποτὲ
1536 1383 1855 1452 κρατήσασα

288 1486 450 1552 μοῖρα
483 1483 604 1542 τους
641 1479 973 1548 ἡττημένους
1011 1478 1318 1546 ἐπαράτους
1351 1475 1442 1527 καὶ
1471 1474 1580 1526 τῶν
1611 1476 1855 1528 ἀπίστων

283 1581 496 1644 χείρους
538 1574 802 1642 ἡγήσατο,
846 1570 940 1621 καὶ
987 1569 1158 1636 μέχρι
1216 1565 1305 1618 τοῦ
1342 1567 1434 1618 νῦν
1484 1566 1591 1619 ἀπὸ
1627 1564 1732 1616 τῶν
1757 1563 1854 1631 τῆς

284 1663 452 1730 ἔριδος
485 1663 693 1730 ἐκείνης
727 1661 1046 1731 ἀρξαμένων
1088 1656 1349 1719 καλοῦσα,
1397 1656 1491 1708 καὶ
1549 1654 1751 1724 σχίσμα
1800 1655 1855 1704 ἐν

1965 468 2270 529 intestinas,
2293 477 2344 519 et
2365 465 2528 518 variis
2553 465 2733 518 varias
2756 464 3541 519 contentionumdisseminan-

1962 560 2102 611 tihus
2123 572 2342 610 causas.
2367 555 2496 608 Nam
2523 556 2566 608 si
2591 555 2714 608 dum
2738 555 2852 625 haec
2877 557 3113 625 synodus
3139 556 3311 609 adhuc
3349 571 3545 623 exspe-

1955 657 2216 704 ctaretur.
2249 660 2389 713 ιιυιε,
2425 645 2679 698 maximis
2743 620 2894 698 orbis
2950 656 3218 698 terrarum
3295 647 3542 713 partibus

1958 736 2288 806 conjunctis,
2342 736 2538 788 deinde
2597 734 2977 802 novitatibus,
3030 750 3150 802 quae
3209 735 3437 804 singulis
3485 735 3540 788 in

1959 828 2092 880 locis
2143 840 2344 879 exmia:
2407 835 2568 884 sunt,
2612 825 2897 892 dihgenter
2947 824 3292 886 examinatis,
3355 838 3539 876 veram

1959 928 2160 971 certam
2201 933 2304 986 qne
2341 917 2666 970 sententiam
2697 927 2808 968 erat
2841 915 2906 968 de
2940 917 3193 967 omnibus
3229 915 3423 979 latura,
3458 916 3543 967 di-

1960 1009 2063 1062 visi
2095 1009 2312 1076 quidem
2373 1017 2526 1060 erant
2580 1007 2726 1074 prius
2769 1006 2930 1069 uniti,
2968 1006 3102 1058 derit
3125 1015 3207 1058 tos
3239 1020 3364 1058 vero
3416 1020 3543 1073 pars

1961 1112 2237 1168 utcunque
2305 1104 2554 1167 superior
2609 1106 2888 1152 exsecrata
2966 1108 3070 1160 ρετ,
3132 1098 3543 1163 inlidclihusqne

1959 1191 2258 1244 deteriores
2302 1191 2512 1254 habuit,
2553 1200 2605 1243 et
2666 1189 2733 1242 ad
2807 1192 2945 1242 hanc
2996 1189 3139 1242 diem
3198 1204 3264 1241 eo
3321 1189 3539 1242 nomine

1959 1293 2118 1336 vocat
2211 1298 2383 1350 usque
2419 1299 2446 1334 a
2483 1283 2672 1350 primis
2709 1283 2814 1336 illis
2851 1285 2942 1352 qni
2975 1267 3194 1336 fuerunt
3223 1297 3413 1350 pugnm
3442 1295 3542 1332 an-

1956 1383 2161 1438 (tores,
2191 1389 2496 1441 novumque
2533 1375 2584 1426 in
2616 1375 2839 1441 antiquo
2871 1374 3186 1435 schismate,
3221 1371 3542 1441 pauciorum

1957 1468 2199 1535 quidem,
2280 1468 2371 1520 sed
2405 1467 2564 1534 longe
2637 1481 2899 1533 superans
2932 1476 2984 1519 et
3016 1467 3242 1520 materia
3283 1466 3547 1534 quaesito-

1958 1573 2100 1618 rum,
2145 1566 2200 1611 et
2233 1569 2420 1610 mutuo
2472 1559 2612 1610 inter
2666 1561 2900 1623 seodio,
2968 1557 3332 1611 libentissime
3385 1559 3537 1610 enim

1959 1650 2040 1702 vel
2079 1663 2273 1702 carnes
2305 1649 2454 1716 ipsas
2481 1649 2858 1718 degustassent
2885 1665 2898 1701 :
2931 1650 3057 1717 quid
3095 1648 3544 1717 exspectandum.

287 1752 547 1819 σχίσματι
603 1751 817 1818 παλαιῴ
857 1748 1049 1817 γέγονε
1113 1749 1253 1807 νέον.
1307 1748 1365 1798 ἐν
1424 1745 1673 1797 ἐλάττοσι
1731 1745 1852 1811 μὲν,

1964 1741 2176 1810 quando
2213 1741 2360 1794 nulla
2415 1758 2539 1809 spes
2584 1742 2688 1794 erit
2745 1743 3097 1796 cecmnenica
3131 1743 3347 1811 synodi,
3381 1741 3541 1808 enjus

285 1844 419 1895 πολὺ
452 1843 508 1895 δὲ
555 1843 718 1894 νικῶν
744 1845 810 1911 τῇ
840 1860 898 1894 τε
935 1841 1036 1913 ὕλῃ
1092 1841 1200 1892 τῶν
1231 1839 1582 1908 ζητουμένων
1637 1838 1731 1888 καὶ
1775 1835 1853 1906 τῷ

285 1935 436 2003 μίσει
458 1933 536 2002 τῷ
562 1935 696 2003 πρὸς
727 1934 1010 2002 ἀλλήλους,
1053 1932 1248 2001 ἥδιστα
1277 1931 1387 1999 γὰρ
1437 1928 1504 1980 ἀν
1557 1927 1852 1994 ἐγεύσαντο

284 2025 378 2076 xci
404 2024 623 2090 σαρκῶν
659 2039 671 2052 °
699 2024 750 2074 τί
774 2022 878 2092 χρὴ
905 2022 1233 2090 προσδοκᾷν,
1277 2020 1438 2070 ὁπότε
1502 2016 1718 2069 σύνοδον
1769 2016 1846 2068 oio

284 2113 616 2184 κουμενικὴν
644 2112 884 2176 ἐλπίζειν
923 2113 1028 2165 οὐκ
1055 2111 1242 2176 gerat;
1298 2106 1365 2179 ἦς
1416 2107 1579 2176 μόνης
1627 2106 1851 2176 ἔμελλον

284 2203 518 2256 δεδιέναι
569 2206 766 2264 πάντες
818 2204 914 2264 τὰς
962 2202 1199 2271 ψήφουςς
1280 2199 1511 2269 ἀδήλους
1569 2197 1850 2260 ὁποτέροις

283 2297 542 2366 ἀρέσκειν
568 2296 853 2364 μέλλουσιν
884 2293 1072 2357 οὔσας.
1116 2291 1386 2362 Τοιαύτην
1412 2292 1468 2344 δὲ
1505 2290 1721 2344 σύνοδον
1749 2289 1832 2352 τίς

1968 1842 2178 1884 tantum
2210 1832 2454 1886 calculos
2491 1842 2647 1884 crant
2682 1832 3053 1896 foumidaturi,
3089 1833 3234 1902 quod
3277 1833 3545 1886 incertum

1960 1933 2104 1978 esset
2164 1927 2462 1977 secundum
2501 1941 2641 1993 quos
2692 1926 2780 1978 illa
2819 1938 2960 1980 esset
3012 1927 3321 1980 decretura.
3353 1923 3543 1979 Talem

1961 2031 2089 2068 vero
2123 2017 2388 2086 synodum
2421 2019 2542 2083 quis
2577 2032 2814 2086 unquam
2850 2017 3046 2070 mentis
3079 2032 3301 2084 compos
3356 2031 3547 2084 spera-

1962 2106 2120 2171 verit,
2159 2109 2200 2162 si
2243 2108 2381 2160 hanc
2421 2116 2570 2160 tanto
2596 2117 2720 2160 ante
2759 2108 3072 2160 meditatam
3101 2117 3362 2175 tempore.
3400 2115 3545 2158 tanta

1964 2214 2092 2252 vero
2176 2203 2430 2266 utrinque
2465 2214 2588 2252 cum
2634 2199 2948 2253 diﬂieultate
3016 2212 3278 2263 coactam,
3335 2198 3545 2252 inritam

1939 2292 2140 2357 videat,
2178 2292 2320 2361 quod
2358 2291 2460 2345 sihi
2495 2307 2690 2345 nomen
2719 2292 2820 2346 hoc
2849 2291 2986 2346 tueri
3014 2292 3193 2346 minus
3217 2291 3488 2361 potuerint
3524 2291 3549 2340 ν

284 2389 416 2442 νοῦν
455 2389 595 2457 ἔχων
635 2387 842 2440 ἔλπίσει
878 2389 1029 2449 ποτὲ,
1059 2388 1158 2457 τὴν
1181 2387 1455 2447 τοσούτοις
1486 2387 1586 2456 ἥδη
1607 2386 1816 2456 χρόνοις
1852 2386 2256 2455 μελετωμένην,
2283 2385 2375 2436 καὶ
2411 2385 2547 2454 μετὰ
2577 2383 2843 2452 τοιαύτης
2870 2385 3206 2454 ἑκατέρωθεν
3233 2383 3550 2455 δυσχερείας

285 2483 585 2545 συστᾶσαν,
647 2483 708 2534 lx
760 2480 853 2534 τού
916 2481 991 2550 μὴ
1052 2480 1345 2550 δυνηθῆναι
1411 2480 1678 2532 διασῶσαι
1737 2479 1942 2549 ταύτην
1973 2479 2114 2558 αὐτῇ
2136 2478 2238 2547 τὴν
2265 2478 2641 2547 προσηγορίαν
2668 2478 2878 2542 βλέπων
2924 2479 3354 2547 ἀκυρουμένηνς

355 2574 564 2626 Ούκοῦν
594 2576 689 2627 τού
715 2575 909 2642 χρόνου
941 2571 1128 2626 καινὸν
1161 2574 1248 2625 ἀεί
1281 2588 1332 2624 τι
1368 2570 1856 2641 προσεξευρίσκον-

285 2682 395 2727 τος,
457 2668 549 2718 καὶ
607 2665 716 2716 τῶν
759 2664 1060 2734 ἀνθρώπων
1090 2663 1159 2716 δι’
1183 2663 1405 2731 ἄγνοιαν
1456 2665 1486 2733 ἢ
1521 2664 1854 2730 φιλονεικίαν

289 2758 562 2826 ἐχομένων
584 2759 678 2810 τοῦ
709 2758 963 2826 ψεύδους,
985 2759 1080 2810 καὶ
1113 2757 1209 2819 τάς
1240 2758 1299 2810 ὲν
1326 2757 1562 2823 δόγμασι
1590 2755 1852 2825 διαφορὰς

287 2849 434 2901 ἐστιν
476 2847 564 2900 ὅτε
592 2851 890 2917 προφάσεις
917 2848 1012 2901 τοῦ
1043 2850 1181 2918 πρὸς
1211 2847 1471 2918 ἀλλήλους
1513 2849 1852 2916 ποιουμένων

289 2941 549 3009 πολέμου,
585 2941 670 3006 ἐφ’
700 2941 756 2993 ὃν
781 2942 825 2992 δ’
858 2943 906 2993 oi
935 2942 1073 3010 μετά
1104 2941 1201 3008 τῆς
1259 2940 1517 3009 ἀληθείας
1571 2939 1850 3004 ἱστάμενοι

2026 2572 2160 2625 Cum
2219 2570 2382 2639 igitur
2430 2579 2646 2639 tempus
2703 2571 2826 2623 novi
2883 2584 3097 2640 semper
3146 2571 3348 2640 aliquid
3395 2569 3551 2625 adin-

1954 2663 2156 2726 veniat,
2208 2672 2260 2715 et
2290 2661 2563 2726 homines,
2601 2663 2715 2718 sive
2765 2664 2836 2716 οι)
2908 2663 3292 2732 ignorantiam,
3336 2663 3450 2718 sive
3479 2667 3551 2717 ob

1953 2756 2190 2808 certandi
2224 2757 2490 2821 studiuw,
2524 2755 2810 2809 mendacio
2847 2755 3182 2818 adhaereant,
3215 2764 3267 2809 et
3289 2753 3552 2808 diﬂeren-

1954 2848 2060 2901 tias
2111 2847 2426 2915 dogmatum
2495 2848 2823 2916 quandoque
2862 2846 3062 2902 faciant
3113 2862 3309 2902 causas
3344 2863 3551 2917 ptigna-

1956 2954 2097 3000 rnm,
2160 2939 2445 3008 nullusque
2508 2941 2613 2999 sit,
2680 2949 2774 2992 aut
2839 2945 3206 3006 exspectetur,
3262 2939 3327 2990 ad
3387 2952 3547 3005 quem

287 3033 745 3099 καταφεύξονται,
777 3035 871 3084 καὶ
899 3032 960 3083 οὐ
991 3033 1089 3100 τὴν
1118 3032 1296 3102 ψῆφον
1330 3032 1597 3100 ἁρμόττει
1645 3031 1851 3092 πάντας

1964 3031 2275 3100 confugiant
2334 3032 2426 3098 qui
2495 3047 2592 3100 pro
2685 3031 2913 3083 veritate
2991 3039 3161 3091 stant,
3205 3028 3361 3097 rnjus
3420 3042 3548 3082 sen-

286 3125 579 3188 αἰδεῖσθαι,
605 3127 731 3194 μήτ’
760 3126 913 3186 ὄντος
938 3125 1075 3193 μήτε
1119 3123 1593 3193 προσδοκωμένου,
1637 3122 1854 3192 ἀνάγκη

283 3219 497 3278 πάντας
525 3218 716 3282 δεινῶς
760 3218 1012 3286 ἀλλήλοις
1059 3216 1466 3287 συῤῥήγνυσθαι
1496 3231 1511 3247 ο
1559 3215 1655 3266 καὶ
1709 3213 1855 3265 διδα-

287 3310 524 3370 σκάλους
548 3309 645 3379 τῆς
675 3308 933 3378 ἀληθείας
964 3308 1227 3370 ἑκάστους
1272 3307 1486 3368 ἑαυτοῖς
1513 3305 1853 3374 γινομένους,

285 3401 400 3454 τῶν
428 3399 554 3455 ἄλλο
595 3401 1026 3470 τιοφρονούντων
1072 3397 1546 3466 καταψηφίζεσθαι
1577 3398 1674 3448 καὶ
1713 3396 1772 3447 τὸ
1793 3395 1856 3464 δὴ

288 3494 515 3546 πάντων
547 3493 842 3562 χείριστον,
888 3491 1204 3560 αίρετικοὺς
1235 3491 1329 3542 καὶ
1356 3489 1620 3550 ἀπίστους
1649 3489 1859 3540 ἀπεκα-

289 3587 428 3648 λεῖν,
490 3587 550 3637 οὗ
586 3584 838 3652 καθάπερ
877 3583 972 3635 νύν
1007 3581 1434 3650 διαφερομένους
1489 3579 1582 3631 καὶ
1626 3595 1859 3649 σχισμα-

289 3679 477 3739 τικους
513 3677 604 3729 καὶ
644 3679 710 3728 τά
733 3676 952 3728 τοιαῦτα
987 3673 1472 3742 προσαγορεύουσι,
1507 3672 1605 3732 τὰς
1649 3671 1856 3723 συνοδι-

290 3770 400 3831 κάς
422 3767 868 3835 ύποστελλόμινοι
888 3764 1118 3834 ψήφους.
1146 3762 1364 3815 Τούτων
1392 3762 1446 3813 δέ
1469 3778 1521 3813 τι
1555 3761 1623 3813 ἀν
1652 3761 1860 3827 γένοιτο

290 3863 517 3930 χεῖρονς
560 3857 697 3910 Οὔτε
745 3857 852 3925 γάρ
911 3854 1114 3908 εἴσεταί
1159 3872 1243 3914 τις
1290 3854 1399 3906 τῶν
1452 3853 1858 3919 ἁπλουστέρων,

295 3951 352 4001 τί
389 3950 452 4001 ἀν
498 3949 607 4000 δέοι
652 3949 868 4017 φρονεῖν
896 3946 987 3998 καὶ
1027 3945 1136 3997 τίσι
1181 3943 1536 4013 προσθέσθαι,
1567 3939 1678 3993 ούτ’
1711 3941 1861 3992 ἀκίν-

291 4038 452 4090 δυνον
505 4036 660 4088 ἔσται
713 4038 828 4096 τοῖς
882 4032 1157 4086 ὁποιονοῦν
1210 4033 1510 4100 ἑλομένοις,
1557 4031 1637 4093 είς
1693 4029 1864 4081 πολλά

289 4127 662 4196 νενεμημένου
693 4125 786 4176 τοῦ
815 4125 1042 4192 ψεύδους
1064 4141 1079 4156 ο
1112 4124 1206 4177 καὶ
1257 4123 1316 4174 τὸ
1349 4122 1606 4190 μέγιστον
1634 4122 1712 4183 είς
1758 4137 1863 4170 σω-

290 4220 513 4288 τηρίαν,
548 4219 582 4286 ή
623 4215 823 4279 πίστις,
857 4220 920 4267 ὲκ
978 4216 1088 4267 τῶν
1142 4213 1450 4283 ἀνθρώπων
1507 4212 1626 4264 κατ’
1680 4212 1862 4276 ὀλίγον

291 4311 593 4377 οἰχήσεται.
630 4307 733 4357 Καὶ
774 4305 869 4357 νῦν
911 4305 1009 4373 μὲν
1066 4304 1358 4366 ἀκούοντες
1413 4299 1554 4354 εἷναί
1607 4319 1710 4354 που
1744 4300 1868 4353 ικαὶ

1958 3123 2177 3175 tentiam
2236 3123 2520 3177 conveniat
2574 3137 2765 3176 omnes
2832 3122 3118 3174 revereri:
3178 3135 3400 3174 necesse
3463 3131 3548 3172 est

1957 3229 2144 3266 omnes
2217 3215 2356 3266 inter
2417 3227 2476 3266 se
2526 3229 2719 3267 manus
2776 3222 3088 3276 conserant,
3136 3211 3376 3278 dumque
3439 3212 3546 3266 sibi

1955 3307 2184 3374 quisque
2243 3305 2300 3357 ﬁt
2355 3306 2596 3359 veritatis
2671 3305 2958 3372 magister,
3033 3304 3190 3357 aliter
3247 3304 3548 3357 sentientes

1957 3398 2335 3464 condemnet;
2398 3398 2654 3466 quodque
2734 3397 3089 3452 deterrimum
3148 3396 3393 3447 omnium
3438 3406 3547 3458 est,

1959 3490 2244 3544 lnercticos
2328 3490 2684 3558 inlidelcsqne
2743 3491 2993 3561 appellet,
3056 3505 3163 3542 non
3226 3490 3301 3541 uti
3402 3505 3550 3542 nunc

1961 3581 2038 3642 ﬁt,
2092 3581 2160 3633 ob
2182 3580 2630 3649 discrepantiam.
2659 3580 3042 3634 schismaticos
3069 3587 3122 3631 et
3147 3578 3197 3630 id
3223 3593 3394 3646 genus
3417 3579 3546 3642 alia,

1961 3683 2107 3726 metu
2152 3671 2424 3740 synodicae
2463 3671 2818 3726 deﬁnitionis.
2845 3671 2957 3725 Hoc
2986 3688 3146 3741 porro
3189 3681 3331 3727 statu
3363 3687 3546 3726 rermn

1959 3764 2088 3827 quid
2126 3765 2320 3832 pejus?
2357 3779 2514 3817 nemo
2568 3766 2711 3817 enim
2777 3766 3171 3834 simpliciornm
3227 3767 3361 3818 sciet
3414 3765 3544 3832 quid

1962 3859 2327 3921 sentiendum,
2377 3859 2646 3927 quibusve
2696 3861 3106 3914 assentiendum
3153 3876 3167 3912 :
3211 3876 3309 3914 nec
3366 3860 3468 3914 erit
3515 3875 3546 3912 a

1962 3948 2207 4015 periculo
2270 3962 2507 4000 vacuum
2575 3948 2940 4016 quodcunque
2989 3949 3216 4016 quisque
3263 3949 3545 4016 tle-legerit.

1965 4037 2246 4091 mendacio
2284 4037 2637 4090 multifariam
2667 4040 2842 4092 diviso
2874 4054 2973 4090 :ex
3033 4054 3141 4106 quo
3190 4041 3281 4090 tirt
3349 4047 3406 4090 ut
3458 4054 3545 4092 res

1965 4130 2030 4181 ad
2088 4129 2315 4182 salutem
2378 4129 2613 4183 maxime
2682 4133 3014 4191 necessaria,
3069 4131 3203 4184 ﬁdes
3275 4131 3533 4199 paulatim

1971 4221 2281 4274 hominibus
2305 4221 2481 4272 aheat.
2505 4220 2564 4272 Et
2590 4236 2735 4275 nunc
2759 4221 2977 4288 quidem
2998 4221 3298 4282 audientes.
3326 4232 3544 4276 exstare

1969 4311 2166 4364 alicubi
2231 4310 2469 4364 haereses
2527 4311 2795 4380 principio
2840 4320 3083 4373 exortas,
3144 4315 3342 4365 mirum
3383 4323 3542 4381 puta-

299 4398 567 4460 σώζεσθαι
628 4398 726 4458 τὰς
790 4397 850 4460 ἐξ
922 4397 1099 4466 ἀρχῆς
1178 4395 1551 4464 γεγενημένας
1630 4393 1859 4461 αἱρέσεις

1975 4417 2118 4459 mus.
2140 4403 2185 4455 si
2219 4403 2464 4455 homines
2497 4411 2644 4456 tanta
2675 4403 2818 4457 inter
2839 4418 2897 4457 se
2940 4403 3258 4472 Opinionnm
3313 4405 3545 4459 diversi~

295 4489 578 4561 ἡγούμεθα
631 4488 976 4558 θαυμαστὸν,
1055 4489 1103 4540 εί
1184 4486 1419 4539 τοσαῦτα
1482 4487 1866 4553 διαφερόμενοι

298 4582 440 4652 πρὸς
501 4581 783 4650 ἀλλήλους,
835 4580 929 4631 καὶ
969 4577 1112 4631 οὕτω
1162 4577 1381 4640 πολλαῖς
1441 4575 1536 4629 καὶ
1596 4574 1867 4638 ποικίλαις

297 4675 640 4741 δναντιότησι
669 4669 937 4733 συξῶντες
966 4670 1245 4736 ἄνθρωποι
1283 4670 1537 4720 δύνανται
1572 4669 1862 4720 συνοικεῖν

293 4765 422 4817 τότε
474 4763 530 4815 δὲ
589 4761 740 4814 τουτὶ
805 4760 866 4813 τὸ
926 4761 1100 4813 δεινόν
1159 4761 1258 4826 τὴν
1309 4759 1635 4826 οἰκουμένην
1685 4759 1870 4810 πᾶσαν

299 4855 572 4923 ἐμπλήσει
600 4869 614 4884 ο
644 4853 738 4905 καὶ
761 4851 870 4904 οὐδ’
902 4851 967 4904 ἂν
1001 4852 1052 4904 εῐ
1099 4868 1184 4913 τις
1239 4853 1301 4902 ὲκ
1349 4850 1456 4902 τῶν
1516 4849 1684 4900 ἐθνῶν
1732 4849 1870 4918 πρὸς

297 4945 408 5011 τὴν
469 4942 730 5010 ἀληθινὴν
781 4943 1137 5011 ἐπιστρέφειν
1200 4939 1444 5009 βούλοιτο
1501 4941 1704 5004 πίστιν,
1758 4940 1869 4992 τίσι

301 5034 572 5103 χρήσεται
598 5034 694 5101 τῆς
725 5032 1022 5099 ἐπιθυμίας
1055 5031 1267 5101 ὁδηγοῖς
1290 5047 1348 5081 τε
1383 5031 1479 5082 καὶ
1528 5031 1872 5092 διδασκάλοις

299 5127 475 5195 εἰδείη
515 5125 692 5183 καλῶς
719 5139 733 5152 ·
772 5125 972 5193 μᾶλλον
1006 5123 1063 5174 δὲ
1092 5124 1191 5190 τὴν
1225 5123 1496 5191 τοσαύτην
1525 5122 1872 5188 άσυμϐασίαν

299 5218 474 5286 ὁρῶν,
507 5215 615 5266 οὐδ’
668 5215 734 5266 ἀν
780 5212 1091 5282 βουληθείη.
1129 5213 1194 5263 Ἀ
1230 5211 1309 5262 δεῖ
1355 5211 1492 5279 μετὰ
1547 5209 1656 5262 τῶν
1695 5210 1874 5263 ἄλλων

304 5309 565 5362 ἁπάντων
638 5304 1056 5374 προειδομένους
1125 5303 1309 5372 ἡμᾶς,
1378 5303 1471 5354 καὶ
1547 5302 1874 5370 νομίσαντας

303 5403 516 5452 ἐκεῖνον
553 5397 690 5451 εἶναι
741 5401 832 5452 τὸν
868 5398 1079 5468 χρόνον,
1124 5397 1180 5445 ὲν
1288 5393 1537 5463 καθάπερ
1573 5396 1629 5446 ὲν
1675 5409 1872 5444 νυκτο-

309 5492 483 5561 μαχίᾳ
513 5494 706 5554 πάντες
738 5493 1033 5560 φυρόμενοι
1063 5488 1468 5556 συμπίπτουσιν
1495 5487 1742 5555 ἀλλήλοις
1777 5485 1872 5537 καὶ

310 5584 770 5647 συναπόλλυνται,
807 5583 904 5634 καὶ
953 5581 1062 5633 τῶν
1120 5581 1216 5648 μὲν
1265 5577 1654 5646 ἀπολλυμένων
1699 5574 1876 5630 οἶκτον

311 5675 594 5737 λαδόντας,
630 5674 705 5742 τῷ
737 5673 792 5725 δὲ
826 5672 1168 5741 κατειληφότι
1220 5669 1313 5739 τὴν
1347 5669 1674 5739 Ἐκκλησίαν
1723 5669 1878 5734 δεινῷ

1973 4503 2102 4554 tate,
2143 4502 2250 4545 tam
2278 4493 2482 4554 multis,
2527 4501 2633 4544 tam
2677 4492 2860 4552 variis.
2899 4502 3006 4546 tam
3063 4494 3356 4548 contrariis
3415 4510 3544 4548 sen-

1972 4584 2158 4637 tentiis
2190 4583 2473 4637 discordes
2497 4583 2708 4652 possint
2741 4583 2902 4638 simul
2957 4583 3226 4644 hahitare,
3279 4593 3407 4636 tunc
3443 4600 3544 4638 an-

1973 4685 2076 4728 tem
2101 4674 2302 4727 malum
2335 4673 2437 4728 hoc
2463 4683 2636 4726 totum
2659 4683 2925 4727 terrarum
2964 4674 3151 4727 orbem
3200 4676 3492 4743 occupabit
3523 4691 3538 4728 :

1973 4779 2071 4817 nec
2097 4762 2144 4817 si
2177 4762 2349 4831 quisa
2407 4763 2710 4828 gentilitate
2749 4763 2877 4816 velit
2936 4764 3003 4816 ad
3063 4777 3243 4816 veram
3293 4765 3540 4820 οοιινυιιὶ

1974 4855 2153 4916 tidem,
2179 4855 2319 4907 scire
2348 4854 2547 4921 poterit
2575 4853 2755 4921 plane,
2805 4854 3009 4922 quibus
3043 4855 3304 4908 utendum
3335 4854 3406 4908 sit
3446 4856 3542 4908 de-

1973 4944 2159 4999 siderii
2187 4945 2271 4997 sui
2303 4943 2536 4998 ducibus
2564 4959 2626 4996 ac
2663 4945 2960 5011 magistris,
3007 4943 3137 5011 quin
3192 4945 3300 4996 imo
3337 4952 3540 4996 tantam

1974 5035 2268 5102 inspiciens
2292 5034 2736 5100 discrepantiam,
2765 5049 2832 5087 ne
2861 5035 3098 5088 voluerit
3129 5036 3374 5103 quidem.
3407 5033 3540 5097 Quae

1977 5141 2074 5177 nos
2109 5137 2172 5177 ac
2191 5132 2386 5177 caetera
2406 5123 2586 5177 onmia
2612 5124 3028 5192 prospicientes,
3049 5125 3539 5189 existimantesque

1978 5212 2110 5265 illud
2142 5227 2263 5266 esse
2314 5216 2713 5281 tempus,quod
2766 5214 2928 5266 veluti
2969 5222 3225 5266 conserta
3277 5219 3541 5263 nocturna

1977 5317 2157 5370 pugna
2197 5303 2444 5370 permisit
2471 5319 2685 5370 omnes,
2715 5305 2848 5358 alter
2882 5305 2934 5356 in
2973 5305 3202 5356 alterum
3255 5311 3539 5362 corruunt,

1977 5392 2248 5460 simulque
2349 5401 2613 5460 pereunt;
2675 5394 3016 5460 pereuntium
3071 5389 3544 5445 commiseratione

1977 5495 2174 5547 motos,
2207 5484 2345 5538 malo
2374 5500 2501 5539 vero
2542 5485 2686 5554 quod
2726 5484 3016 5537 Ecclesiam
3073 5483 3403 5547 depascitur,
3447 5482 3543 5536 de-

1980 5577 2145 5630 bitam
2213 5577 2533 5645 objicientes
2590 5573 3006 5645 providentiam,
3055 5582 3268 5639 oportet
3327 5574 3544 5627 unicam

1980 5669 2224 5724 omnium
2288 5683 2508 5721 causam
2566 5661 2836 5719 resecare.
2908 5661 2987 5714 Ad
3044 5665 3182 5718 hanc
3237 5666 3380 5718 enim
3434 5681 3544 5718 non
