3948 6186
382 224 498 293 il‘)

1490 220 1868 285 GENNADII
1912 224 2018 286 ΕΡ.
2067 220 2579 285 ΡΑΤΗῙΑΒΟΙΗΞ

3529 213 3639 277 420

384 356 525 408 opus
545 342 648 397 erit
673 341 779 397 alio
798 355 1044 397 seorsum
1072 346 1335 402 tractatu,
1361 347 1455 393 aut
1492 339 1617 416 aliis
1649 338 1952 403 laboribus,
1986 388 1987 393 η

2099 338 2164 407 ην
2196 338 2549 409 ὀφειλομένην
2593 337 2996 406 ἀντιτάξαντας
3031 337 3309 407 πρόνοιαν,
3342 334 3433 405 την
3470 338 3640 406 μόνην

388 442 484 488 aut
513 433 771 500 temporis
816 444 1135 486 mora:nec
1170 430 1213 483 si
1271 443 1358 483 res
1408 428 1462 483 in
1504 430 1756 498 praesenti
1819 436 1956 483 bene

388 533 804 592 componantur.
869 538 1008 592 opus
1039 522 1146 576 erit
1202 520 1270 575 de
1331 522 1414 577 his
1449 522 1647 575 iterum
1706 520 1957 576 sedentes

391 614 652 684 cogitare.
688 615 780 668 sed
808 614 952 683 quod
974 619 1195 682 oportet
1225 611 1487 666 adhibere
1525 611 1591 665 ad
1648 611 1956 680 praesentia,

392 705 495 760 hoc
525 705 677 760 vobis
707 708 811 759 erit
850 706 1203 774 pharmacum
1246 703 1407 757 etiam
1466 702 1531 756 ad
1567 702 1772 756 futura.
1828 700 1958 754 Nam

393 795 438 850 si
495 794 786 850 eli‘eceritis
843 804 899 846 ut
954 807 1140 847 revera
1194 792 1436 863 synodus
1485 790 1821 846 trcumeuica
1866 790 1965 842 ha-

390 889 605 949 beatur,
638 902 701 940 ex
732 901 843 956 quo
896 888 1058 940 etiam
1104 887 1189 939 [iet
1221 895 1278 939 ut
1311 885 1465 939 ﬁrma
1500 884 1609 938 sint
1655 898 1777 952 qua:
1805 897 1834 935 a
1868 897 1965 935 vo-

393 979 479 1034 bis
506 979 708 1033 iuerint
756 980 996 1043 decreta,
1045 994 1224 1041 nemo,
1253 977 1552 1048 quidquam
1584 976 1649 1030 de
1676 974 1967 1044 rebusjam

393 1069 632 1122 definitis
660 1070 710 1122 in
741 1068 966 1124 dubium
1000 1083 1220 1133 vocans,
1253 1067 1362 1121 ﬁeri
1393 1082 1630 1136 unquam
1662 1064 1972 1121 schismatis

395 1170 584 1216 auctor
613 1160 863 1226 voluerit,
894 1170 951 1215 et
996 1159 1297 1215 Ecclesiam
1353 1160 1534 1214 sciens
1569 1160 1671 1212 hoc
1726 1156 1969 1211 animad-

394 1267 700 1315 versurum,
750 1262 803 1305 et
834 1266 1025 1321 pmnas
1074 1250 1143 1304 ab
1195 1249 1532 1303 (ecumeuica
1580 1246 1791 1318 synodo
1840 1262 1969 1301 con-

395 1344 618 1398 stitutas
674 1342 1072 1405 reformidans;
1112 1339 1257 1409 quod
1325 1356 1423 1410 par
1470 1349 1552 1395 est
1588 1348 1719 1393 tunc
1763 1337 1967 1409 potius,

396 1445 582 1504 utpote
609 1444 722 1489 toto
778 1444 1047 1487 terrarum
1083 1436 1216 1488 orbe
1272 1433 1412 1488 idem
1475 1435 1766 1497 sentiente,
1805 1446 1966 1500 quam

394 1542 543 1582 nunc
576 1538 916 1595 exspectare.
1250 1524 1251 1527 “
1614 1514 1621 1519 ’

2060 429 2313 483 ἁπάντων
2359 428 2539 483 αἰτίαν
2604 430 2903 500 περιελεῖν.
2943 428 3069 482 Ἐπὶ
3124 430 3233 501 γὰρ
3286 428 3494 497 ταύτην
3540 429 3641 481 οὑκ

2064 520 2201 583 ἰδίας
2258 521 2337 573 δεῖ
2391 521 2803 591 πραγματείας,
2858 520 2981 576 οὑδὲ
3040 521 3221 575 πόνων
3273 521 3453 575 ἄλλων
3520 520 3640 573 οὑδὲ

2062 610 2254 682 χρόνου
2324 614 2555 683 τριδῆς’
2610 613 2733 667 οὑδὲ
2789 614 2858 668 τὰ
2919 613 3167 684 παρόντα
3235 611 3643 681 διοικουμένους

2063 702 2244 765 καλῶς
2284 702 2469 773 δεήσει
2502 705 2628 769 περὶ
2664 705 2870 759 τούτων
2914 704 3266 775 καθημένους
3305 702 3641 758 σκέπτεσθαι

2065 794 2226 846 πάλιν
2257 808 2272 823 '
2312 794 2426 847 ἀλλ’
2470 794 2499 848 δ
2565 795 2700 864 πρὸς
2740 795 2812 848 τὰ
2860 796 3104 865 παρόντα
3163 794 3246 849 δεῖ
3289 794 3643 865 προελέσθαι,

2065 885 2212 939 τοῦθ’
2237 886 2365 955 ὑμῖν
2390 886 2486 939 καὶ
2519 885 2627 940 τῶν
2664 886 2974 955 μελλόντων
3004 886 3306 955 φάρμακον
3353 884 3542 939 ἔσται’
3580 884 3645 937 ἂν

2065 979 2176 1047 γὰρ
2197 978 2344 1040 ὅπως
2371 977 2590 1046 ἀληθῶς
2614 978 2969 1048 οίκουμενικὴ
2999 977 3393 1049 νομισθήσεται
3422 976 3646 1039 σύνοδος

2070 1069 2465 1139 διαπράξησθε,
2496 1068 2554 1133 ἐξ
2584 1062 2646 1123 οὑ
2678 1073 2775 1124 καὶ⁸
2819 1070 2888 1124 τά
2943 1072 3071 1142 περὶ
3103 1071 3214 1124 τῶν
3259 1069 3647 1138 προκειμένων

2071 1160 2297 1226 δόξαντα
2332 1162 2554 1230 κρατεῖν
2584 1161 2715 1231 ὑμῖν
2745 1162 3059 1231 περιέσται,
3086 1159 3257 1223 οὑδείς
3304 1178 3459 1227 ποτε,
3478 1160 3649 1214 κινῶν

2074 1270 2127 1306 τι
2214 1253 2321 1305 τῶν
2398 1251 2782 1317 καθεστώτων,
2828 1242 3127 1322 σχίσματος
3183 1250 3326 1323 ἀρχὴ
3390 1253 3651 1319 γενέσθαι

2076 1343 2427 1415 βουλήσεται·
2483 1341 2606 1396 οὑτε
2665 1343 3069 1414 περιοψομένην
3138 1347 3239 1411 την
3316 1340 3653 1412 Ἐκκλησίαν

2075 1435 2249 1500 εἰδὼς,
2286 1436 2377 1487 καὶ
2406 1435 2501 1497 τὰς
2538 1435 2601 1487 ἐκ
2626 1437 2726 1503 τῆς
2755 1436 3141 1503 οίκουμενικῆς
3174 1435 3396 1487 συνόδου
3442 1436 3651 1503 φυλατ-

2073 1527 2298 1595 τόμενος
2325 1526 2500 1593 δίκας,
2533 1526 2598 1597 ἢν
2624 1525 2747 1579 τότε
2786 1528 2986 1597 μᾶλλον
3016 1527 3049 1597 ἢ
3073 1527 3189 1592 νῦν,
3220 1527 3317 1580 ἀτε
3340 1526 3441 1593 τῆς
3469 1527 3653 1578 obrau-

2082 1623 2249 1690 μένης
2274 1619 2494 1690 ἀπάσης
2521 1618 2858 1689 ὁμονοούσης
2891 1618 3197 1689 προσδοκᾷν
3222 1618 3371 1670 ἐστιν
3403 1616 3651 1682 εὔλογον.

471 1709 539 1764 Et
570 1708 711 1762 hanc
742 1705 962 1775 quidem
991 1702 1260 1775 synodum
1314 1715 1420 1755 non
1471 1699 1655 1755 minus
1678 1714 1706 1754 a
1742 1697 1974 1770 Spiritu,

2152 1710 2264 1764 Kal.
2293 1710 2398 1780 μὴν
2446 1709 2545 1780 τὴν
2599 1710 2698 1779 μὲν
2743 1709 2957 1764 σύνοδον
2987 1710 3192 1778 ταύτην
3217 1709 3321 1762 ὑπὸ
3351 1708 3442 1761 τοῦ
3484 1707 3657 1760 Ilvati-

400 1814 562 1871 quam
593 1797 661 1853 de
688 1796 891 1866 Spiritu
915 1794 1151 1850 dicimus
1185 1800 1594 1860 congregatam,
1628 1802 1748 1856 quas
1791 1787 1865 1842 illi
1896 1790 1975 1840 vi-

399 1892 597 1947 dentur
617 1890 967 1945 delinituram
993 1902 1012 1940 :
1036 1884 1089 1940 id
1120 1899 1247 1939 vero
1275 1897 1513 1953 quanam
1545 1881 1650 1936 alia
1684 1882 1893 1936 ratione
1915 1892 1977 1935 re

401 1984 517 2052 ipsa
571 1981 914 2044 ostendatur,
981 1986 1346 2049 praeterquam
1390 1975 1438 2030 si
1489 1982 1683 2029 caetera
1753 1971 1974 2042 quidem

398 2072 933 2145 parvipenderimus,
964 2068 1248 2125 veritatem
1283 2076 1463 2121 autem
1516 2067 1583 2120 de
1610 2066 1728 2134 ejus
1754 2078 1979 2136 proces-

401 2169 555 2222 sione
574 2165 752 2220 modis
793 2162 1049 2220 omnibus
1078 2157 1601 2221 examinaverimus,
1633 2165 1689 2211 et
1726 2156 1847 2211 sine
1877 2155 1981 2211 hoc

402 2260 551 2314 nulla
587 2259 799 2313 ratione
824 2255 949 2309 hinc
976 2254 1228 2309 recedere
1279 2251 1425 2321 passi
1461 2249 1705 2305 erimus‘?
1728 2257 1819 2303 aut
1849 2264 1982 2318 quo-

404 2352 566 2407 modo
596 2351 672 2405 illi
694 2365 808 2404 rem
835 2348 1006 2417 magis
1030 2354 1239 2415 gratam
1282 2342 1462 2398 facere
1496 2341 1799 2412 possimus,
1818 2355 1847 2395 a
1873 2354 1984 2408 quo

406 2442 544 2507 solo,
572 2441 664 2510 qui
704 2455 860 2495 amor
885 2448 1042 2494 estet
1080 2437 1305 2497 dicitur,
1338 2449 1561 2504 sperare
1590 2433 1843 2487 convenit
1883 2432 1984 2488 bo-

407 2549 537 2590 num
565 2531 889 2596 concordiae,
914 2544 1075 2599 quam
1108 2528 1153 2581 si
1184 2540 1349 2580 sanas
1377 2540 1440 2580 ac
1470 2525 1587 2594 pias
1618 2524 1685 2578 de
1714 2524 1833 2593 ipso
1861 2536 1987 2577 seu-

412 2626 609 2680 tentias
649 2622 1184 2692 investigaverimus.
1239 2631 1542 2687 puramque
1597 2630 1661 2669 ac
1710 2615 1979 2670 sinceram

414 2717 471 2771 in
507 2730 631 2770 eum
666 2716 827 2769 ﬁdem
862 2711 1104 2781 reperire
1132 2718 1187 2763 rt
1222 2722 1551 2762 conservare
1611 2704 1990 2761 voluerimus?

411 2809 548 2863 Cum
578 2805 723 2861 enim
758 2805 849 2858 ille
894 2803 964 2857 sit
1009 2802 1245 2872 Spiritus
1295 2800 1565 2866 veritatis,
1594 2799 1711 2852 vult
1768 2798 1985 2869 quidem

414 2913 518 2953 nos
547 2896 838 2967 cujuslibet
870 2894 1118 2949 veritatis
1149 2907 1271 2948 esse
1298 2892 1598 2956 studiosos,
1628 2890 1892 2960 nobisque
1916 2887 1984 2944 ad

411 3007 534 3047 eam
565 2996 667 3044 vtae
690 2989 886 3043 ducem
919 3001 978 3042 se
1030 2984 1253 3055 prmbo‘,
1286 2992 1346 3039 ut
1376 2984 1470 3053 qui
1495 2985 1615 3039 sine
1647 2983 1767 3053 ipso
1803 2996 1898 3053 per
1921 2981 1984 3035 il-

2080 1818 2251 1870 ματος
2283 1799 2439 1854 οὑδέν
2485 1793 2649 1873 ἦττον
2699 1801 2731 1871 ἢ
2782 1805 2913 1873 περὶ
2959 1800 3051 1854 τοῦ
3107 1799 3426 1869 Πνεύματός
3469 1816 3657 1867 φαμεν

2080 1892 2488 1963 συνηθροῖσθαι,
2542 1893 2611 1946 τὰ
2664 1893 2861 1971 ἐκείνῳ
2913 1892 3180 1946 δοκοῦντα
3221 1893 3606 1961 ψηφιουμένην
3637 1903 3651 1918 ·

2080 1984 2198 2047 πῶς
2226 1982 2269 2037 δ’
2325 1983 2390 2037 ἂν
2442 1983 2617 2046 ἄλλως
2648 1981 2735 2036 ἐπ’
2760 1982 2947 2037 αὑτῶν
2976 1983 3089 2035 τῶν
3126 1981 3470 2052 πραγμάτων
3498 1974 3658 2031 τοῦτο

2078 2072 2342 2146 δειχθείη,
2397 2075 2431 2141 ἢ
2463 2074 2531 2127 τὰ
2562 2074 2662 2145 μὲν
2692 2074 2829 2129 ἄλλα
2867 2073 3224 2143 περιιδόντων
3255 2071 3433 2143 ήμῶν,
3468 2072 3566 2140 τὴν
3601 2072 3658 2124 δέ

2081 2167 2216 2236 περὶ
2258 2165 2363 2235 τῆς
2398 2166 2566 2220 αὑτοῦ
2598 2165 2829 2237 προόδου
2865 2167 3002 2219 πᾶσι
3034 2166 3258 2237 τρόποις
3309 2164 3661 2232 ἐξητακότων

2082 2253 2365 2324 ἀλήθειαν,
2403 2256 2495 2308 καὶ
2525 2255 2727 2307 τούτου
2763 2255 2935 2325 χωρὶς
2960 2253 3086 2324 μηδ’
3125 2254 3381 2308 ἀπελθεῖν
3410 2252 3665 2307 ἐντεῦθεν

2084 2344 2509 2414 ἀνασχομένωνς
2541 2344 2613 2396 Ἦ
2658 2342 2775 2406 πῶς
2814 2341 2881 2396 ἂν
2908 2343 3273 2415 δυνηθείημεν
3308 2344 3458 2414 αὑτῷ
3505 2343 3666 2413 χαρί-

2088 2437 2286 2491 σασθαι
2324 2434 2553 2503 μᾶλλον.
2588 2438 2717 2506 παρ’
2748 2429 2810 2490 οὗ
2848 2437 3011 2506 μόνου
3064 2436 3159 2489 καὶ
3190 2437 3249 2489 τὸ
3281 2440 3378 2508 τῆς
3406 2434 3665 2506 δμονοίας

2087 2529 2235 2592 εἰκός
2266 2530 2415 2583 ἐστιν
2446 2528 2666 2583 ἐλπίσαι
2711 2530 2901 2596 καλὸν,
2935 2531 3159 2601 ἀγάπης
3187 2529 3339 2593 ὄντος
3377 2535 3470 2583 καὶ
3499 2531 3666 2597 λεγο-

2092 2620 2275 2690 μένου,
2312 2618 2344 2689 ii
2382 2621 2477 2683 τάς
2520 2620 2877 2688 ὑγιαινούσας
2938 2620 3079 2691 ὑπὲρ
3132 2618 3294 2673 αὑτοῦ
3340 2620 3667 2691 θηρώμενοι

2089 2709 2270 2775 δόξας,
2307 2712 2404 2763 καὶ
2439 2713 2540 2781 τὴν
2572 2712 2652 2776 είς
2694 2712 2824 2765 αὑτὸ
2853 2711 3037 2765 πίστιν
3080 2712 3348 2782 εἰλικρινῆ
3399 2715 3493 2765 καὶ
3540 2714 3673 2766 ἀκί-

2092 2798 2292 2871 ϐδηλον
2355 2802 2538 2871 εὑρεῖν
2568 2804 2661 2855 καὶ
2691 2802 2888 2866 σώζειν
2938 2804 3281 2872 βουλόμενοι;
3320 2804 3530 2858 Ἐκεῖνο
3557 2809 3674 2876 γὰρ

2089 2892 2349 2963 ἀληθείας
2406 2892 2644 2963 ἐραστὰς
2700 2894 2851 2963 ἡμᾶς
2906 2890 3046 2946 εἶναι
3105 2892 3378 2962 βούλεται.
3419 2895 3514 2947 καὶ
3566 2895 3675 2963 τὴ)

2093 2983 2231 3055 πρὸς
2271 2983 2440 3054 αὑτὴν
2462 2984 2579 3037 όδδν
2614 2985 2752 3055 ἡμῖν
2788 2985 3102 3053 ὑφηγεῖται,
3134 2985 3211 3048 ὡς
3236 2985 3365 3039 ἄνευ
3399 2982 3563 3039 αὑτοῦ
3595 2986 3675 3055 μὴ

413 3084 518 3136 lam
553 3081 633 3135 ire
679 3084 815 3135 citra
867 3077 1169 3148 perieulum
1223 3092 1335 3132 non
1376 3077 1695 3147 possimus:
1757 3076 1848 3129 sed
1906 3075 1986 3129 eis

2091 3073 2417 3145 δυναμένοις
2448 3073 2748 3136 ἀκινδύνως
2786 3073 2992 3145 ταύτην
3038 3074 3245 3128 ὁδεύειν
3267 3090 3280 3105 ο
3318 3077 3431 3135 τοῖς
3485 3074 3531 3127 δ’
3557 3076 3587 3127 ὃ
3620 3093 3675 3126 τι

414 3158 754 3243 potissimum
785 3171 1110 3234 oblectatur,
1130 3166 1224 3239 qui
1253 3167 1444 3223 volunt
1472 3166 1748 3237 inquirere
1766 3166 1893 3237 quid
1927 3167 1993 3220 de

414 3267 535 3335 ipso
564 3265 920 3335 personisque
949 3263 1053 3332 ipsi
1077 3261 1639 3317 consubstantialibus
1666 3260 1740 3315 sit
1758 3258 2001 3315 sentien-

414 3359 568 3420 dum,
607 3357 751 3425 quod
781 3356 818 3410 ii
848 3355 1143 3409 maximam
1169 3353 1511 3423 primamque
1527 3353 1810 3407 veritatem
1844 3368 1993 3408 asse-

418 3448 512 3517 qui
549 3445 772 3517 cupiaut
798 3463 814 3501 :
843 3460 943 3499 nec
972 3460 1069 3500 eos
1112 3445 1318 3515 patitur
1349 3446 1401 3499 iu
1438 3442 1756 3513 huiusmodi
1788 3442 1994 3513 cOgita-

420 3541 665 3594 tiouihus
698 3539 976 3593 mendacii
1006 3539 1239 3593 nexibus
1271 3537 1565 3606 implicari.
1590 3535 1748 3601 Quod
1776 3522 1827 3590 ἐἰ
1885 3551 1992 3604 qua

414 3628 492 3682 sit
521 3626 812 3687 dubitatio,
851 3638 1146 3697 congregat
1186 3642 1280 3682 eos
1309 3626 1573 3696 undique,
1610 3626 1705 3696 qui
1733 3633 1846 3680 toto
1872 3626 1994 3679 aui-

417 3733 512 3772 mo
543 3733 724 3771 veram
752 3718 1035 3787 inquirant
1059 3718 1409 3782 sententiam,
1459 3732 1692 3789 eamque
1717 3718 1836 3772 sine
1866 3731 1996 3771 cou-

430 3812 676 3864 tentione
696 3810 1117 3878 amplectantur,
1149 3807 1422 3878 efﬁcitque
1450 3819 1509 3864 ut
1536 3809 1820 3864 veritatem
1849 3822 1996 3877 quae-

420 3900 587 3955 sitam
624 3899 924 3965 inveniant,
955 3899 1253 3954 dummodo
1307 3915 1416 3955 non
1450 3900 1561 3955 siut
1599 3884 1839 3968 superbi"
1878 3899 1996 3967 ejus

423 3992 862 4059 investigatores,
896 4005 1121 4059 sumque
1146 3992 1337 4045 virtuti
1386 4008 1498 4045 rem
1539 3998 1708 4045 totam
1737 3990 1995 4045 commit-

422 4093 570 4137 tant.
628 4083 901 4148 Quorsum
935 4082 1078 4134 enim
1103 4096 1199 4135 vos
1231 4082 1586 4152 congregavit
1611 4081 1867 4150 Spiritus,
1893 4079 1997 4133 nisi

422 4183 482 4227 ut
538 4189 727 4228 verum
784 4173 1004 4241 aliquod
1056 4171 1381 4226 beneﬁcium
1442 4168 1699 4227 inlotum
1754 4170 2000 4227 conferat

420 4268 635 4329 orbem,
668 4267 809 4319 unde
846 4280 940 4319 vos
968 4264 1179 4317 collecti
1210 4264 1386 4319 estis?
1417 4274 1563 4318 certe
1591 4264 1735 4317 enim
1770 4278 1877 4317 non
1938 4271 1999 4317 ut

422 4359 633 4412 divitiis
664 4366 878 4426 augeat,
908 4364 963 4409 et
984 4362 1300 4424 potentatus
1347 4356 1501 4409 vobis
1554 4356 1819 4424 acquirat,
1873 4370 1996 4409 cum

424 4451 595 4518 possit
643 4449 711 4502 de
741 4447 1066 4518 quibusdam
1114 4446 1345 4500 fortasse
1374 4447 1618 4500 nonnihil
1646 4446 1907 4515 conqueri
1931 4447 2001 4500 ob

426 4555 804 4613 possessarum
854 4541 1016 4591 etiam
1078 4537 1541 4607 dispensationem
1644 4532 1999 4592 faettltatum:

431 4646 610 4700 neque
640 4640 700 4685 ut
734 4629 1026 4699 praeclaros
1046 4630 1170 4685 illos
1199 4630 1453 4684 restituat
1485 4631 1692 4696 titulos,
1724 4639 1780 4683 et
1811 4631 2003 4683 verbo-

432 4739 523 4780 sas
558 4722 940 4790 inscriptiones
965 4738 993 4774 a
1017 4722 1317 4775 schismate
1349 4721 1446 4774 rite
1468 4722 1710 4775 sublatas
1736 4738 1749 4775 :
1775 4737 1895 4791 qua:
1919 4731 2003 4774 tu-

433 4816 605 4869 moris
669 4813 850 4882 potius
888 4813 1267 4881 superbiaeque
1317 4812 1737 4867 ostentationem
1802 4813 2004 4866 habent

434 4907 715 4961 hominum
744 4904 963 4975 Spiritui
1026 4903 1432 4958 obsistentium.
1498 4904 1605 4959 Sed
1638 4905 1754 4958 han
1784 4904 2002 4973 quidem

433 4998 500 5049 ad
532 5010 658 5048 vera
688 4997 827 5047 bona
862 5002 989 5047 sunt
1011 4993 1175 5047 Veluti
1209 4994 1514 5047 adventitia:
1539 5002 1736 5063 partes,
1770 5007 2006 5062 quatuo-

434 5090 520 5144 bis
544 5102 572 5139 a
597 5085 804 5155 Spiritu
838 5085 1078 5147 venient,
1112 5093 1166 5137 et
1196 5084 1414 5152 praemia
1447 5087 1696 5153 quaedam
1720 5094 2008 5153 suscepto-

434 5192 557 5230 rum
584 5190 683 5246 pro
704 5178 928 5229 veritate
962 5174 1234 5237 laborum,
1267 5174 1332 5227 ad
1392 5176 1739 5243 pnubcudum
1773 5186 2009 5245 angusto

435 5282 715 5338 parvoque
738 5267 920 5320 animo
942 5272 1132 5318 nostro
1168 5266 1460 5329 solatium:
1511 5282 1629 5334 qtlit:
1664 5281 1769 5319 uou
1822 5270 2011 5334 paucis

436 5360 675 5413 arbitror
704 5358 1040 5427 sapientibus
1069 5360 1241 5408 erunt
1285 5358 1641 5426 contemptui,
1677 5374 1744 5410 uc
1792 5358 1834 5410 si
1878 5357 2011 5410 deu-

441 5459 528 5503 tur
551 5451 769 5519 quidem
796 5448 1107 5518 recipienda
1135 5464 1152 5513 ;
1184 5448 1326 5516 quod
1360 5447 1431 5500 illi
1493 5448 1606 5501 sola
1643 5448 1887 5502 veritatis
1912 5466 2011 5502 uo.

440 5542 560 5593 titia
608 5540 719 5593 sint
747 5539 1015 5606 contenti,
1064 5540 1457 5608 prmmiumque
1496 5540 1689 5595 rebus
1749 5541 2006 5596 omnibus

440 5627 774 5693 mquivalcus
804 5627 857 5681 id
885 5634 1073 5695 putent
1102 5625 1429 5693 hominibus,
1455 5629 1545 5698 qui
1578 5644 1675 5698 pro
1710 5630 1796 5683 illa
1822 5631 2008 5685 dcccr-

2094 3167 2175 3221 δεῖ
2214 3169 2434 3236 φρονεῖν
2480 3167 2620 3239 ὑπὲρ
2667 3166 2837 3221 αὑτοῦ
2873 3167 2969 3221 καὶ
3007 3168 3113 3220 τῶν
3149 3169 3457 3238 όμοουσίων
3488 3168 3677 3237 τούτῳ

2094 3259 2406 3330 προσώπων
2457 3259 2734 3325 ἐξετάζειν
2768 3251 3038 3325 ἐθέλουσι,
3071 3260 3290 3322 τούτοις
3321 3259 3399 3324 ὡς
3433 3262 3530 3331 τῆς
3568 3280 3680 3330 με·

2095 3352 2293 3419 γίστης
2346 3350 2444 3403 καὶ
2487 3350 2707 3420 πρώτης
2766 3348 3026 3420 ἀληθείας
3093 3336 3400 3420 ἐφιεμέῧόις
3451 3354 3681 3404 πάντων

2098 3440 2335 3509 μάλιστα
2386 3442 2610 3513 χαίρει·
2664 3443 2769 3495 κάν
2820 3443 2939 3505 ταῖς
2994 3442 3274 3505 τοιαύταις
3332 3444 3563 3506 ἐννοίαις
3613 3447 3679 3497 οὔ

2098 3535 2377 3601 συγχωρεῖ
2415 3533 2643 3594 τούτους
2723 3535 2844 3595 ταῖς
2893 3534 3121 3597 πλοκαῖς
3163 3533 3255 3587 τοῦ
3297 3534 3523 3603 ψεύδους
3555 3537 3683 3589 ἀλί-

2100 3621 2345 3674 σκεσθαι.
2386 3621 2483 3673 Ἂν
2512 3620 2568 3673 δέ
2601 3639 2684 3684 τις
2724 3621 3143 3693 ἀμφισϐήτησις
3200 3617 3255 3697 ᾖ,
3289 3624 3535 3693 συλλέγει
3574 3627 3686 3695 μὲν

2097 3712 2436 3783 πανταχόθεν
2463 3713 2590 3777 τοὺς
2628 3713 2912 3785 ὁλοψύχως
2955 3715 3053 3785 τὴν
3081 3716 3255 3788 ἀληθῆ
3289 3718 3688 3787 γυμνάσοντας

2096 3805 2279 3871 δόξαν,
2302 3804 2398 3858 καὶ⁸
2431 3805 2602 3877 ταύτῃ
2630 3805 3123 3877 προσθησομένους
3158 3810 3285 3863 ἀνευ
3318 3810 3685 3877 φιλονεικίας.

2100 3895 2291 3959 Ὅπως
2325 3895 2372 3948 δ’
2412 3894 2478 3948 ἂν
2525 3899 2624 3967 τῇς
2666 3896 2926 3967 ἀληθείας
2993 3899 3224 3969 τύχωσι,
3277 3902 3546 3970 πράττει,
3616 3905 3688 3957 ἂν

2103 3988 2264 4059 μόνον
2298 3988 2397 4042 οὑκ
2427 3987 2696 4052 ἀλαζόνες
2742 3990 2883 4054 τινὲς
2912 3987 3047 4050 ὦσιν
3076 3992 3245 4062 αὑτῆς
3278 3992 3538 4062 θηραταί,
3580 3998 3688 4048 καὶ

2100 4083 2165 4151 τῇ
2209 4080 2360 4150 σφῶν
2403 4080 2632 4151 δυνάμει
2666 4081 2727 4133 τὸ
2763 4082 2870 4134 πᾶν
2914 4084 3328 4154 ἐπιτρέποντες.
3377 4085 3444 4136 ’Ἡ
3472 4084 3524 4137 τί
3553 4085 3691 4155 βου-

2101 4172 2326 4241 λόμενον
2359 4174 2507 4242 ἡμᾶς
2537 4172 2732 4242 συνῆεε
2772 4173 2831 4225 τὸ
2863 4174 3110 4243 Πνεῦμα,
3148 4175 3181 4244 ἢ
3224 4175 3276 4228 τί
3316 4175 3424 4228 τῶν
3456 4176 3688 4245 ἀληθῶς

2102 4267 2325 4335 ἀγαθῶν
2372 4268 2470 4334 τὴν
2517 4266 2845 4335 οἰκουμένην
2894 4268 3079 4321 πᾶσαν
3132 4268 3525 4339 εὑεργετῆσον,
3553 4270 3689 4323 ὃθεν

2103 4358 2258 4427 ὑμεῖς
2301 4356 2629 4427 συνελέγητε
2664 4374 2677 4422 ;
2718 4358 2791 4409 Οὑ
2822 4358 2928 4429 γὰρ
2967 4358 3031 4429 δὴ
3064 4360 3323 4428 χρήματα
3367 4362 3688 4429 προσθῆσον

2108 4450 2257 4517 ὑμῖν,
2314 4450 2410 4500 καὶ
2444 4448 2767 4510 δυναστείας
2822 4451 3345 4519 κατακτησόμενον,
3395 4448 3470 4504 ὦν
3514 4454 3725 4515 ἐνίίριςν

2106 4542 2203 4593 καὶ
2247 4541 2347 4611 τῆς
2395 4540 2507 4593 τῶν
2561 4540 2919 4610 ὑπαρχόντων
2972 4544 3288 4612 οἰκονομίας
3325 4546 3451 4604 ἴσως
3482 4546 3600 4614 ἔχει
3635 4564 3684 4597 τι

2110 4630 2443 4701 μέμφεσθαι’
2477 4631 2597 4684 οὐδὲ
2622 4633 2719 4693 τὰς
2752 4632 2963 4700 σεμνὰς
2991 4632 3195 4695 ταύτας
3223 4636 3503 4690 ἁποδώσον
3535 4640 3682 4689 ἐπω-

2108 4724 2331 4792 νυμίας,
2363 4724 2460 4776 καί
2481 4725 2578 4785 τὰς
2606 4724 3049 4787 πολυσυλλάὁους
3090 4728 3402 4795 ἐπιγραφὰς
3435 4728 3538 4780 ὑπὸ
3583 4729 3683 4780 τοῦ

2111 4814 2408 4890 σχίσματος
2445 4815 2626 4878 καλῶς
2660 4817 3140 4885 περιαιρεθεὶσας’
3185 4819 3242 4871 αἳ
3272 4818 3440 4889 τύφου
3475 4819 3684 4891 μᾶλλον

2110 4907 2205 4958 καὶ
2240 4907 2617 4975 ὑπερηφανῖας
2668 4908 2948 4973 ἀπόδειξιν
2995 4909 3181 4978 Eleum.
3236 4912 3341 4963 τῶν
3395 4912 3684 4965 ἀιτικαθι-

2114 4998 2398 5065 σταμένων
2430 4997 2504 5067 τῷ
2567 4999 2869 5071 [Ινεύματι.
2906 4999 3074 5054 Ἀλλὰ
3119 5002 3296 5057 ταῦτα
3347 5006 3446 5072 μὲν
3492 5004 3684 5072 ὥσπερ

2114 5086 2390 5139 ἐπεισόδια
2417 5088 2524 5138 τῶν
2554 5087 2630 5151 ὡς
2665 5088 2879 5157 άληθῶς
2928 5091 3066 5143 εἰσιν
3098 5091 3340 5158 ἀγαθῶν,
3376 5093 3518 5160 ἆπερ
3552 5094 3684 5163 ἡμῖν

2116 5180 2268 5247 παρὰ
2323 5178 2413 5230 τοῦ
2453 5179 2773 5247 Πνεύματος
2823 5180 2942 5248 ἥξει
2978 5200 2993 5215 ’
3058 5184 3153 5235 καὶ
3210 5180 3351 5237 ἆθλά
3404 5202 3527 5236 τινα
3577 5185 3685 5261 τέων

2119 5266 2260 5335 ὑπὲρ
2311 5266 2407 5336 τῆς
2437 5268 2691 5337 ἀληθείας
2720 5286 3011 5339 καματων,
3046 5275 3143 5339 τὴν
3172 5274 3449 5343 ἡμετέραν
3488 5289 3688 5343 μικρο-

2117 5359 2320 5427 ψυχίαν
2358 5359 2833 5429 παραμυθούμενοι
2863 5380 2878 5396 ο
2920 5357 2994 5417 ὧν
3021 5366 3119 5419 οὑκ
3141 5366 3356 5434 ὀλίγους
3388 5364 3544 5436 οἶμαι
3573 5366 3686 5417 τῶν

2120 5447 2244 5499 νοῦν
2270 5446 2502 5516 ἐχόντων
2529 5450 2988 5520 καταψρονήσειν,
3019 5453 3111 5505 καὶ
3132 5454 3382 5523 διδόμενα
3408 5456 3483 5527 μὴ
3517 5472 3618 5523 προ
3630 5472 3685 5507 3-

2119 5540 2375 5608 ήσεσθαι,
2399 5540 2466 5609 τῇ
2491 5537 2689 5617 γνάξσει
2722 5541 2822 5611 τῆς
2857 5542 3116 5613 ἀληθείας
3154 5546 3549 5618 ἀγαπήσαντας
3579 5544 3688 5615 μό-

2121 5646 2209 5703 νῃ.
2240 5632 2335 5683 καὶ
2384 5630 2589 5703 ταύτην
2616 5631 2709 5686 τοῦ
2737 5638 2933 5698 παντὸς
2965 5636 3115 5700 ἄξιον
3156 5639 3324 5710 γέρας
3361 5628 3688 5712 νομίζοντας
