3948 6186
419 260 524 327 493

1551 258 1926 319 GENNADH
1967 260 2050 321 Cl“
2105 261 2321 324 PATR.
2387 266 2607 327 RCiLE

3550 273 3652 337 ιιι.

423 375 832 448 pax-vipendere,
867 389 989 428 cum
1027 379 1172 428 stent
1202 371 1271 426 ab
1302 378 1534 441 utraque
1567 372 1732 456 multa
1789 374 1966 440 partiu

2087 378 2180 444 τὴν
2215 378 2437 448 εἰρήνην
2467 380 2679 432 τελείαν
2728 373 2912 448 εἶργον
2955 380 3290 450 νομίζεσθαι·
3344 382 3478 437 ἀλλά
3525 391 3654 456 περὶ

421 446 638 535 quidem
665 480 728 526 ex
765 462 1063 533 Scripturis
1097 472 1333 531 sumpta,
1367 462 1565 531 partim
1595 446 1725 516 vero
1746 466 1986 516 humano

423 559 604 613 studio
632 564 864 623 reperta,
895 569 1016 622 qua:
1047 552 1253 606 faciunt
1293 563 1349 606 ut
1380 552 1594 606 difﬁcile
1629 553 1883 607 omnibus
1903 553 1983 606 vi-

416 647 606 701 deatur
635 645 704 699 de
736 646 822 699 his
853 644 996 699 fcrre
1022 644 1312 714 judicium.
1343 643 1409 697 Et
1437 645 1727 712 opiniones
1759 645 1876 698 ista!
1904 646 1986 697 in-

414 746 498 792 ter
525 754 622 791 nos
669 747 825 791 antea
851 739 1211 792 versabantur
1245 737 1296 790 in
1330 737 1703 791 controversia
1733 753 1746 790 :
1775 746 1828 790 ct
1853 737 1984 790 illttd

416 844 511 882 nos
543 829 704 883 simul
738 828 1010 891 turbabat,
1037 827 1290 880 timentes
1339 841 1405 880 ne
1440 841 1469 879 a
1495 827 1721 880 veritate
1763 827 1986 880 aberra-

414 932 618 980 remus,
642 926 695 970 et
730 918 1017 970 maximam
1045 918 1378 969 aestimantes
1405 915 1794 979 calamitatem,
1824 915 1868 970 si
1895 916 1981 970 cui

412 1022 534 1060 cum
573 1007 737 1060 fratre
771 1006 1028 1075 pugnanti
1065 1006 1404 1074 contingeret
1440 1013 1494 1058 et
1537 1019 1662 1058 cum
1698 1003 1806 1058 Deo
1833 1003 1985 1056 helli-

412 1114 623 1168 get-are,
657 1099 847 1152 abesse
881 1099 1037 1168 longe
1065 1115 1093 1151 a
1126 1100 1374 1159 veritate,
1404 1112 1502 1167 pro
1531 1098 1732 1165 quibus
1773 1095 1973 1149 bellum

411 1197 530 1242 erat
547 1199 883 1256 susceptum.
905 1186 1028 1242 Haec
1052 1203 1214 1257 porro
1241 1189 1306 1242 de
1333 1188 1438 1241 illis
1466 1187 1585 1240 dico
1609 1185 1699 1255 qui
1725 1185 1978 1252 sapiunt;

411 1293 535 1330 naut
571 1276 812 1330 homines
839 1277 1145 1344 pervicaces
1214 1286 1268 1331 et
1327 1276 1718 1336 contentiosos,
1775 1288 1981 1342 eosque

412 1370 506 1437 qui
544 1382 641 1435 pro
670 1382 797 1420 vero
837 1367 966 1419 illud
992 1369 1164 1420 solum
1201 1368 1400 1422 habent
1436 1368 1522 1420 cui
1548 1367 1712 1420 semei
1737 1366 1984 1420 adhrvsv-

410 1459 541 1518 rint,
574 1464 803 1508 etaurcs
821 1456 1081 1510 claudunt
1107 1460 1400 1512 contrariis
1434 1457 1753 1520 rationibus,
1783 1458 1979 1510 missos

407 1551 548 1603 facio
573 1567 587 1606 :
622 1568 784 1621 quos,
816 1568 920 1606 non
947 1552 1092 1622 quod
1123 1566 1244 1603 vera
1265 1566 1386 1604 esse
1410 1552 1584 1603 sciant
1645 1565 1768 1617 qua:
1796 1565 1980 1602 seuse-

407 1639 540 1701 rint.
574 1650 668 1694 aut
694 1643 984 1709 ejusmodi,
1020 1653 1077 1695 ut
1117 1641 1288 1694 refelli
1330 1657 1436 1694 nou
1478 1640 1709 1708 possint,
1753 1654 1814 1692 ea
1848 1655 1970 1694 cre-

406 1733 535 1787 dere
564 1737 709 1790 dicat
739 1737 1008 1806 quispiam
1036 1752 1050 1788 :
1089 1737 1182 1792 sed
1215 1737 1342 1806 quia
1373 1736 1540 1790 Betttcl
1570 1743 1833 1804 concepta
1862 1735 1963 1788 sibi

407 1824 494 1877 illa
521 1828 838 1893 probantur.

2085 466 2463 536 80ξῶνήμῖνὴ
2506 471 2649 539 μάχη
2697 471 2785 522 καὶ
2837 471 2865 522 ό
2912 470 3146 539 πόλεμος
3188 467 3294 542 ἦν,
3333 475 3427 527 καὶ
3459 474 3648 540 δοξῶν,

2089 555 2257 608 αὐτοῦ
2290 561 2390 625 τῆς
2423 559 2695 628 ἡμετέρας
2727 560 2958 621 πίστεως
3008 561 3329 630 ἁπτομένων
3355 563 3451 614 τοῦ
3481 578 3652 630 κεφα-

2087 644 2259 709 λαίου,
2296 648 2390 700 καὶ
2439 644 2513 701 ὧν
2568 649 2697 712 τοὺς
2749 650 2956 722 θατέρᾳ
3007 651 3504 721 προστεθειμένους
3553 655 3653 707 οὐκ

2085 736 2202 788 ἔστι
2251 738 2565 792 παντάπασι
2618 740 2716 810 τῆς
2771 740 2966 811 ἑτέρας
3023 745 3408 811 καταφρονεῖν,
3444 744 3652 796 πολλῶν

2086 826 2322 899 ἑκατέρᾳ
2361 831 2828 900 συνηγορούντων,
2869 834 2977 883 τῶν
3028 834 3126 900 μὲν
3158 836 3424 902 κειμένων
3456 836 3515 887 ἐν
3535 840 3654 898 ταῖς

2086 917 2350 985 Γραφαῖς,
2379 921 2486 970 τῶν
2537 919 2584 972 δ’
2615 921 2720 972 ὑπὸ
2749 923 2847 991 τῆς
2885 923 3230 991 ἀνθρωπίνης
3279 925 3655 993 ἐξευρημένων

2086 1005 2338 1074 μελέτης,
2385 1008 2480 1059 καὶ
2532 1007 2829 1062 ποιούντων
2883 1012 3052 1063 ἅπασι
3105 1011 3341 1080 δυσχερῆ
3387 1013 3486 1080 τὴν
3525 1016 3654 1083 περὶ

2083 1097 2289 1150 τούτων
2320 1099 2604 1165 φαίνεσθαι
2642 1102 2846 1169 κρίσιν.
2881 1103 2989 1154 Καὶ
3047 1105 3174 1170 περὶ
3217 1103 3424 1156 τούτων
3452 1122 3515 1170 γε
3547 1107 3654 1158 τῶν

2082 1187 2248 1252 δοξῶν
2276 1189 2526 1259 ἀλλήλοις
2573 1191 2813 1260 πρόσθεν
2841 1192 3233 1262 διεφερόμεθα,
3269 1197 3406 1263 μετὰ
3434 1195 3528 1246 τοῦ
3555 1197 3654 1247 καὶ

2084 1281 2220 1350 πρὸς
2246 1281 2442 1346 αὐτοὺς
2469 1283 2826 1353 τεταράχθαι,
2860 1286 2955 1336 καὶ
2983 1285 3080 1351 τὴν
3111 1285 3220 1337 ἀπὸ
3263 1285 3364 1352 τῆς
3389 1285 3652 1354 ἀληθείας

2081 1371 2356 1426 ἔκπτωσιν
2387 1376 2652 1443 τρέμειν,
2691 1375 2786 1426 καὶ
2836 1375 3126 1444 συμφορὰν
3179 1376 3434 1444 ἡγεῖσθαι
3489 1379 3653 1444 μεγί-

2083 1482 2237 1535 στην,
2294 1466 2360 1517 ἂν
2393 1465 2575 1535 σνμσῇ
2611 1483 2717 1518 τινι
2767 1469 2880 1526 τοῖς
2919 1465 3172 1532 ἀδελφοῖς
3207 1467 3521 1535 μαχομένῳ,
3551 1470 3652 1520 καὶ

2081 1552 2200 1620 Θεῷ
2257 1552 2560 1620 πολεμεῖν,
2619 1556 2710 1606 καὶ
2761 1555 2856 1624 τῆς
2909 1555 3170 1622 ἀληθείας
3230 1556 3645 1623 διαμαρτάνειν,

2082 1643 2218 1712 ὑπὲρ
2250 1637 2323 1695 ὧν
2375 1645 2403 1696 ό
2458 1644 2690 1712 πόλεμος
2723 1640 2811 1715 ἦν.
2844 1642 3032 1699 Ταῦτα
3093 1644 3152 1696 δὲ
3203 1647 3332 1714 περ)⁵
3382 1647 3491 1698 τῶν
3522 1647 3649 1717 νοῦν

2079 1735 2310 1805 ἑχόντων
2337 1742 2480 1804 φημί
2501 1750 2515 1764 °
2544 1738 2671 1799 τοὺς
2714 1740 2821 1806 γὰρ
2856 1737 3330 1807 ίσχυρογνώμονας
3375 1740 3469 1791 καὶ
3501 1739 3652 1806 φιλο-

2080 1826 2295 1886 νείκους
2331 1829 2717 1898 παραιτητέον,
2749 1829 2846 1880 καὶ
2891 1829 3017 1891 τοὺς
3047 1824 3219 1898 οὗπερ
3256 1830 3321 1882 ἂν
3353 1829 3648 1895 λάϐωνται,

403 1918 549 1972 τνῦτ⁹
583 1915 724 1973 εἶναι
783 1921 942 1989 μόνον
1006 1917 1236 1986 τάληθὲς
1287 1918 1659 1988 ἡγουμένους,
1723 1919 1816 1973 καὶ
1865 1922 1977 1981 τοῖς
2014 1918 2274 1982 ἐναντίοις
2306 1919 2487 1987 λόγοις
2553 1920 2651 1983 τὰς
2702 1921 2870 1982 ἀκοὰς
2923 1920 3357 1983 ἀποκλείοντας·
3410 1921 3503 1985 οὓς
3547 1924 3648 1992 οὐχ

401 2012 486 2063 ὅτι
522 2012 825 2063 συνοίδασιν
865 2009 1120 2078 ἀληθέσιν
1160 2004 1278 2061 οὖσι
1329 2013 1421 2062 καὶ
1473 2011 1745 2079 κρείττοσι
1789 2009 1970 2079 πάσης
2009 2008 2338 2078 ἀντιλογίας,
2372 2011 2489 2064 ἀλλ’
2515 2012 2598 2063 ὅτι
2639 2011 2820 2078 σφίσιν
2859 2010 3190 2080 ἀρέσκουσιν
3213 2006 3296 2076 οἷς
3372 2011 3440 2065 ἂν
3511 2028 3644 2083 φροο

400 2105 643 2174 νήσαιεν,
675 2101 949 2155 πιστεύειν
983 2101 1127 2153 εἴποι
1169 2118 1247 2163 τις
1281 2101 1370 2154 ἄν.

471 2195 595 2249 "sec
633 2196 795 2264 igitur
815 2211 938 2249 cum
968 2197 1045 2248 ita
1085 2210 1143 2249 se
1197 2193 1450 2255 habeant,
1472 2194 1515 2248 si
1550 2194 1789 2249 futurum
1822 2203 1969 2250 esset

400 2302 455 2340 ιιι
476 2327 491 2350 ,
521 2288 792 2341 exstincto
821 2297 1006 2340 mutuo
1054 2287 1195 2340 inter
1225 2301 1326 2342 nos
1377 2288 1541 2348 bello,
1567 2287 1830 2340 continuo
1864 2302 1968 2354 pax

396 2380 558 2434 nobis
587 2390 756 2439 esset.
795 2379 997 2447 Deique
1026 2378 1179 2431 favor
1205 2378 1342 2433 bene
1381 2379 1448 2432 de
1480 2378 1573 2432 illo
1604 2377 1969 2432 sentientibus

399 2472 649 2537 adesset,
719 2473 835 2525 sive
884 2469 1027 2538 quod
1089 2472 1433 2540 prosperiore
1473 2469 1704 2539 quadam
1752 2468 1968 2524 fortuna

401 2564 585 2616 verior
615 2564 775 2617 nobis
843 2563 1139 2631 placuisset
1177 2563 1470 2628 sententia,
1519 2563 1634 2616 sive
1688 2561 1849 2615 aliam
1896 2562 1968 2616 ob

395 2667 621 2706 causam
648 2651 780 2704 nihil
814 2652 1150 2715 timentibus,
1187 2649 1505 2720 nullumque
1537 2649 1839 2717 periculum
1870 2657 1968 2704 aut

397 2745 659 2796 damnum
711 2742 1154 2808 formidantibus,
1220 2742 1365 2813 quod
1408 2755 1516 2796 non
1551 2741 1816 2796 fuerimus
1872 2755 1966 2795 vo.

396 2834 661 2887 luntatem
686 2834 945 2899 assecuti,
977 2834 1112 2888 satis
1162 2833 1320 2887 nobis
1349 2841 1496 2886 esset
1541 2831 1660 2886 loco
1722 2831 1966 2884 omnium

394 2941 585 2993 gerere
606 2939 817 2994 pacem,
845 2940 951 2994 qua
985 2935 1267 2994 utcunque
1305 2924 1582 2990 confecta,
1637 2922 1770 2977 nihil
1825 2937 1964 2992 opus

391 3025 537 3071 esset
561 3018 628 3072 ad
661 3016 768 3072 alia
798 3017 1044 3072 studiose
1087 3016 1427 3071 incumbere.
1463 3016 1662 3078 Verum
1686 3016 1840 3085 quia.
1867 3017 1965 3071 de-

393 3113 568 3179 posita
590 3112 946 3166 contentione
971 3120 1288 3180 apparente,
1336 3109 1473 3163 bella
1509 3110 1667 3164 nobis
1703 3109 1808 3164 alia
1872 3125 1965 3164 su-

393 3207 653 3265 pererunt
683 3199 982 3263 deteriora,
1020 3199 1284 3269 parisque
1352 3197 1552 3253 bonum
1603 3198 1775 3252 deerit
1817 3214 1969 3268 mque

395 3303 460 3342 ac
503 3289 679 3356 prius,
736 3290 999 3357 quiddam
1037 3292 1218 3357 potius
1265 3291 1408 3344 aliud
1467 3306 1628 3359 quam
1667 3290 1819 3360 pacis
1875 3307 1969 3346 ne-

393 3379 598 3444 gotium
633 3387 871 3433 tractare
928 3379 1257 3445 videbimur,
1313 3388 1404 3432 aut
1467 3395 1692 3448 prorsus
1754 3381 1967 3436 nescire

392 3471 668 3536 quomodo
699 3471 800 3523 voti
828 3479 1104 3536 compotes
1137 3471 1247 3524 fieri
1293 3471 1609 3534 debeamus,
1657 3472 1728 3536 si,
1767 3473 1965 3526 nostris

387 3562 604 3616 tantum
638 3563 800 3616 rebus
835 3562 964 3617 hinc
1018 3563 1143 3615 inde
1202 3562 1342 3616 bene
1385 3563 1726 3631 compositis,
1791 3573 1962 3618 totum

391 3669 531 3725 Opus
569 3673 598 3707 ιι
657 3655 814 3709 nobis
872 3654 1183 3709 absolututu
1213 3654 1675 3709 existimabimus.
1731 3654 1785 3709 Si
1838 3670 1964 3709 vero

391 3760 606 3811 contra,
637 3748 904 3803 ordiendo
928 3763 958 3802 a
983 3747 1354 3817 dogmatibus,
1379 3761 1675 3817 pacemque
1704 3762 1827 3800 cum
1855 3746 1962 3800 Deo

391 3839 635 3893 studiose
665 3840 1050 3908 perquirendo,
1078 3839 1261 3893 statim
1295 3847 1488 3893 rtetera
1527 3837 1708 3891 omnia
1743 3838 1958 3901 cedent,

389 3938 446 3982 et
473 3931 644 3983 multa
667 3931 1035 3998 erituudique
1065 3927 1450 3998 tranquillitas.
1503 3938 1555 3980 et
1599 3943 1760 3996 quam
1804 3943 1960 3981 nemo

392 4001 566 4088 possit
598 4020 748 4074 effari
784 4021 1054 4089 voluptas,
1106 4019 1363 4073 omnibus
1419 4019 1560 4072 inter
1612 4033 1671 4072 se
1720 4032 1956 4072 consen-

388 4107 653 4162 tientibus
705 4107 1090 4168 exterioribus,
1150 4105 1523 4170 interioribus,
1555 4119 1680 4172 erga
1745 4119 1842 4158 nos
1875 4107 1958 4157 in-

388 4199 586 4264 vicem,
619 4212 746 4265 erga
781 4197 946 4250 Deum
974 4233 989 4258 ,
1019 4195 1270 4263 hancque
1321 4194 1454 4248 adeo
1483 4193 1735 4246 stabilem
1756 4202 1808 4245 et
1862 4191 1957 4245 ﬁr-

388 4305 556 4354 mam,
582 4289 824 4357 adeoque
859 4289 1125 4342 illustrem
1159 4287 1419 4340 unitatem
1471 4286 1604 4338 nihil
1633 4286 1955 4349 obscurare,

2145 2195 2364 2248 Τούτων
2407 2195 2584 2248 τοίνυν
2614 2194 2788 2257 οὕτως
2829 2194 3083 2264 ἑχόντων,
3115 2194 3164 2248 εἰ
3201 2195 3304 2264 μιν
3342 2195 3645 2266 ἐμέλλομεν

2071 2289 2166 2342 τὸν
2209 2287 2347 2355 πρὸς
2395 2287 2660 2357 ἀλλήλους
2711 2289 3020 2351 παύσαντες
3047 2287 3310 2356 πόλεμον,
3347 2288 3512 2352 εὐθὺς
3551 2290 3644 2341 καὶ

2073 2380 2208 2449 πρδς
2234 2379 2379 2448 ἡμᾶς
2401 2379 2594 2440 αὐτοὺς
2623 2380 2928 2448 είρηνεύειν
2973 2379 3068 2432 καὶ
3098 2379 3168 2432 τά
3197 2379 3337 2450 πρὸς
3378 2379 3512 2432 Θεδν
3544 2379 3645 2434 εὐο

2072 2471 2276 2539 τυχεῖν,
2307 2470 2341 2539 ἢ
2375 2469 2513 2540 τύχῃ
2541 2470 2648 2522 τινὶ
2679 2469 2780 2537 τῆς
2805 2469 3175 2539 ἀληθεστέρας
3194 2469 3649 2540 δόξης-ὗπειλημ-

2081 2563 2253 2631 μένοι,
2287 2564 2319 2631 ἢ
2346 2566 2439 2615 καὶ
2465 2562 2656 2614 τούτου
2685 2562 2876 2633 χωρὶς,
2901 2562 3053 2614 οὐδὲν
3073 2561 3328 2626 δεδιότες,
3367 2562 3501 2632 μηδὲ
3531 2565 3653 2616 κίν-

2074 2653 2227 2706 δυνόν
2255 2670 2378 2706 τινα
2401 2653 2497 2706 καὶ
2521 2652 2725 2723 ζημίαν
2753 2656 2815 2706 ἐκ
2849 2643 3078 2719 τοιῗτῆς
3105 2652 3356 2722 ἀληθείας
3387 2655 3651 2710 ἐκπεσεῖν

2074 2741 2441 2813 ὑφορώμενοι,
2499 2745 2620 2796 ἀντί
2680 2743 2896 2796 πάντων
2927 2741 2994 2796 ἂν
3055 2743 3366 2812 ἀπέχρησεν
3421 2745 3557 2813 ἡμῖν
3613 2748 3650 2814 ἡ

2073 2835 2212 2905 πρὸς
2241 2834 2505 2901 ἀλλήλους
2527 2833 2741 2903 εἰρήνη·
2774 2837 2868 2886 καὶ
2896 2833 3102 2902 ταύτην
3132 2835 3279 2896 ὅπως
3310 2837 3441 2887 ποτὶ
3467 2838 3652 2889 ’κατα-

2075 2928 2347 2997 πράξασιν
2390 2926 2490 2988 οὐκ
2524 2925 2592 2978 ἂν
2623 2925 2809 2994 ἐδέησε
2856 2925 2954 2994 τῆς
2987 2926 3118 2994 περὶ
3163 2926 3332 2978 τᾶλλα
3364 2926 3607 2992 σπουδῆς
3631 2944 3647 2960 ο

2076 3021 2197 3072 ἐπεὶ
2227 3019 2307 3085 δὶ,
2331 3018 2432 3086 τῆς
2463 3018 2794 3086 φαινομένης
2833 3015 3232 3087 καταλυθείσης
3278 3017 3643 3085 φιλονεικίας,

2075 3113 2252 3182 ἕτεροι
2283 3112 2499 3180 χείρους
2546 3112 2680 3180 ἡμῖν
2731 3109 3219 3178 ὑπολειφθήσονται
3262 3111 3511 3179 πόλεμοι,
3546 3115 3649 3164 καὶ

2073 3202 2134 3254 τὸ
2162 3201 2262 3270 τῆς
2294 3202 2518 3270 εἰρήνης
2544 3200 2701 3270 ήμῶν
2734 3200 2970 3253 ἀπίσται
3017 3201 3180 3253 καλὸν
3219 3201 3374 3254 οὐδὲν
3409 3197 3575 3274 ἦττον
3610 3204 3646 3271 ἢ

2074 3293 2364 3362 πρότερον,
2397 3292 2526 3345 ἄλλο
2548 3309 2600 3344 τι
2635 3292 2837 3358 μᾶλλον
2887 3291 2920 3360 ἢ
2983 3292 3082 3360 τὴν
3133 3294 3356 3363 εἰρήνην
3415 3293 3648 3362 δόξομεν

2073 3383 2582 3451 πραγματεύεσθαι,
2627 3382 2659 3451 ἢ
2697 3383 2832 3452 μηδὲ
2890 3384 3122 3453 συνορᾷν
3154 3384 3254 3453 τὴν
3280 3387 3454 3455 ἀρχὴν
3489 3389 3647 3446 ὅπως

2071 3470 2152 3521 δεῖ
2176 3469 2464 3538 τυγχάνειν
2490 3471 2583 3523 τοῦ
2621 3470 2978 3538 ποθουμένου,
3014 3471 3062 3521 εἰ
3096 3473 3256 3537 μόνον
3285 3473 3348 3523 τά
3379 3472 3513 3539 προς
3541 3473 3648 3524 ἀλ-

2070 3561 2268 3628 λήλους
2295 3559 2355 3613 εὖ
2404 3561 2715 3630 διαθέμενοι
2749 3561 3072 3630 ἡγησόμεθα
3123 3562 3182 3613 τδ
3215 3564 3324 3615 πᾶν
3352 3564 3641 3631 ἠνυκὲναι.

2071 3651 2132 3702 Εἰ
2165 3650 2221 3702 δὲ
2269 3651 2582 3703 τούναντίον
2630 3653 2729 3721 τὴν
2773 3652 2949 3721 ἀρχὴν
2996 3655 3059 3705 ὲκ
3087 3651 3197 3705 τῶν
3225 3653 3510 3718 δογμάτων
3539 3656 3645 3709 λα-

2070 3740 2244 3802 δοῦσι,
2278 3741 2370 3793 καὶ
2405 3741 2503 3810 τὴν
2531 3744 2667 3810 πρὸς
2709 3741 2842 3794 Θεὸν
2897 3744 3127 3813 εἰρήνην
3161 3745 3435 3814 προῦργου
3469 3744 3647 3815 ζητή-

2070 3848 2225 3883 σασιν
2251 3830 2450 3884 αὐτίκα
2471 3831 2637 3885 τᾶλλα
2661 3831 2839 3883 πάντα
2885 3831 3112 3896 ὑπείξει,
3146 3834 3238 3885 καὶ
3259 3836 3463 3903 γαλήνη
3503 3838 3646 3901 σφό-

2066 3923 2168 3991 δρα
2200 3923 2535 3992 πανταχόθεν
2564 3921 2714 3974 ἔσται
2748 3924 2844 3974 καὶ
2876 3923 3033 3992 ἡδονή
3068 3941 3152 3986 τις
3183 3924 3442 3994 ἀρῤητος,
3492 3926 3645 3977 πάν-

2067 4032 2175 4068 των
2201 4014 2370 4067 ἆπασι
2406 4014 2864 4081 συμφωνούντων,
2898 4014 3006 4066 τῶν
3035 4015 3159 4079 ἔξω,
3192 4019 3299 4068 τῶν
3327 4016 3495 4076 ἔνδον,
3521 4019 3646 4072 τῶν

2069 4107 2203 4176 πρὸς
2234 4106 2514 4174 ἀλλήλους,
2550 4107 2660 4159 τῶν
2705 4106 2839 4175 πρὸς
2871 4106 3028 4171 Θεὸν,
3085 4109 3180 4160 καὶ
3229 4109 3432 4177 ταύτην
3485 4107 3645 4160 οὕτω

2069 4195 2169 4264 μὲν
2197 4194 2421 4265 βεϐαίαν
2461 4195 2558 4247 καὶ
2591 4195 2837 4264 μόνιμον,
2872 4194 3020 4248 οὕτω
3051 4196 3107 4249 δὲ
3142 4195 3399 4264 λαμπρὰν
3433 4194 3645 4248 ἕνωσιν

2063 4283 2225 4336 οὖσαν
2255 4284 2404 4336 οὐδὲν
2430 4283 2733 4352 ἀμαυροῦν,
2764 4285 2916 4336 οὐδὲν
2965 4284 3209 4337 σαλεύειν
3236 4287 3370 4346 ὅλως
3401 4283 3640 4351 δυνήσεο

387 4381 523 4434 nih.l
553 4381 775 4435 omnino
798 4383 995 4448 poterit
1017 4378 1361 4441 labefactare,
1391 4378 1550 4446 plane
1601 4375 1954 4430 manifectum

2073 4393 2175 4436 ται,
2211 4375 2473 4442 πρόδηλον
2503 4375 2678 4441 δήπου
2710 4376 3047 4442 καθέστηκεν
3093 4375 3168 4437 ὡς
3200 4376 3410 4427 ἐκεῖθεν
3450 4372 3638 4444 ἄρξαιο

387 4478 474 4524 est
538 4484 658 4523 esse
716 4469 840 4522 inde
894 4469 1238 4524 ordiendum.
1307 4468 1420 4521 imo
1467 4481 1594 4520 vero
1645 4481 1750 4518 non
1811 4467 1957 4534 pacis

387 4561 673 4614 exordium
708 4561 837 4613 illud
867 4561 1191 4621 vocandum,
1220 4559 1315 4612 sed
1343 4572 1522 4610 veram
1556 4557 1959 4626 perfectamque

387 4666 597 4720 pacem,
629 4660 684 4705 et
734 4651 997 4719 quidquid
1056 4650 1254 4704 dixerit
1283 4649 1557 4717 quispiam
1615 4665 1683 4701 ex
1738 4649 1805 4702 iis
1836 4665 1957 4718 qua

387 4741 765 4811 requiruntur,
789 4743 1226 4812 arripiet-tentem.
1277 4741 1380 4807 Qui
1412 4741 1557 4794 enim
1617 4751 1776 4794 erunt
1822 4743 1957 4796 adeo

389 4847 668 4903 procaces,
703 4843 755 4885 et
786 4834 1019 4902 propria:
1079 4832 1274 4887 salutis
1329 4835 1533 4892 hostes,
1569 4840 1628 4884 ut
1673 4839 1797 4900 post
1849 4832 1956 4885 hu-

385 4924 620 4993 iusmodi
657 4939 842 4994 pacem
877 4924 982 4978 alio
1016 4923 1289 5000 quopiam_
1323 4933 1588 4992 praetextu
1648 4922 1883 4977 conficto
1925 4939 1953 4975 a

390 5019 616 5073 fratrum
649 5019 1031 5072 conuuunioue
1058 5016 1385 5071 divellantur
1409 5015 1430 5068 ?
1473 5014 1585 5084 Ego
1609 5016 1752 5069 enim
1795 5016 1955 5085 plane

388 5126 458 5166 ne
479 5111 723 5165 relictam
747 5111 962 5178 quidem
1004 5111 1159 5165 video
1192 5109 1425 5177 maligne
1454 5118 1615 5175 agere
1643 5105 1953 5160 volentibus

384 5206 548 5259 ullam
588 5205 952 5260 occasionem.
976 5201 1147 5269 Quem
1183 5217 1312 5255 vero
1334 5215 1430 5254 vos
1463 5201 1597 5253 adeo
1642 5199 1946 5252 dementem

383 5295 735 5357 existimatis,
767 5303 826 5349 ιιι
847 5304 966 5363 post
1004 5304 1241 5348 vestram
1306 5293 1630 5345 sententiam
1665 5292 1734 5343 de
1786 5290 1947 5343 rebus

384 5384 672 5453 propositis
713 5384 895 5447 latam,
921 5383 1029 5436 itno
1068 5397 1194 5436 vero
1218 5395 1378 5447 quam
1415 5379 1559 5434 Deus
1603 5379 1742 5432 feret
1769 5380 1820 5431 in
1855 5393 1948 5430 Vo—

384 5475 487 5539 bis,
519 5479 695 5530 adhuc
734 5478 847 5546 ipse
869 5475 1136 5530 ﬂuctuans
1167 5472 1438 5542 angatur?

448 5653 584 5709 Cum
608 5655 770 5724 igitur
799 5656 899 5709 tria
949 5655 1057 5709 sint
1091 5671 1210 5724 qua:
1254 5653 1320 5706 ad
1365 5649 1818 5706 absolutissimam
1863 5663 1948 5702 re—

2062 4467 2184 4517 σθαι
2213 4465 2310 4516 δεῖ*
2344 4465 2544 4533 μᾶλλον
2565 4465 2623 4517 δὲ
2641 4465 2750 4516 οὐδ’
2771 4466 2943 4534 ἀρχὴν
2973 4467 3196 4535 εἰρήνης
3221 4469 3398 4518 ἐκεῖνο
3420 4469 3635 4534 πρέπει

2059 4557 2264 4617 καλεῖν,
2296 4555 2412 4608 ἀλλ’
2452 4557 2674 4625 εἰρήνην
2724 4556 2899 4624 ἀληθῆ
2931 4559 3026 4607 καὶ
3079 4558 3310 4619 τελείαν,
3340 4557 3433 4609 καὶ
3461 4559 3570 4609 πᾶν
3600 4560 3633 4611 ὅ

2055 4662 2108 4696 τι
2139 4644 2206 4696 ἂν
2234 4644 2380 4696 εἰποι
2426 4660 2510 4705 τις
2543 4644 2655 4696 τῶν
2702 4645 2834 4714 πρὸς
2870 4646 3038 4714 αὐτὴν
3067 4645 3414 4713 ζητουμένων
3463 4662 3629 4714 περι-

2055 4734 2460 4804 λαμϐάνουσαν.
2485 4735 2639 4796 Τίνες
2660 4735 2764 4805 γὰρ
2785 4735 2958 4797 οὕτως
2981 4736 3218 4798 ἀναιδεῖς
3246 4736 3448 4802 καὶτῆς
3471 4737 3630 4803 σφῶν

2056 4826 2332 4895 σωτηρίας
2367 4827 2638 4895 πολέμιοι,
2667 4827 2825 4890 ,ὥστε
2871 4827 2966 4880 καὶ
2996 4829 3134 4896 μετά
3180 4828 3436 4898 τοιαύτην
3466 4828 3628 4897 sip!)-

2054 4934 2150 4986 νην
2193 4917 2359 4985 ἀλλην
2407 4918 2529 4970 τινὰ
2577 4917 3028 4986 συμπλασάμενοι
3063 4917 3342 4986 πρόφασιν
3369 4916 3467 4985 τῆς
3508 4917 3628 4968 τῶν

2053 5004 2296 5074 ἀδελφῶν
2337 5006 2788 5076 ἀπορρήγνυσθαι
2824 5007 3151 5072 καινωνίαςς
3181 5007 3397 5060 Μᾶλλον
3427 5007 3483 5059 δὶ
3507 5006 3624 5059 οὐδ’

2054 5096 2166 5166 ὁρῶ
2211 5114 2332 5151 τινα
2367 5099 2636 5167 πρόφασιν
2693 5100 2807 5162 τοῖς
2839 5098 3082 5151 ἐθέλουσι
3129 5103 3458 5168 κακουργεῖν
3489 5099 3628 5151 ὑπο-

2051 5187 2406 5257 λειπομένην.
2437 5188 2573 5240 Τίνα
2622 5189 2666 5242 δ’
2695 5189 2869 5241 οἴεσθε
2903 5189 3117 5258 φρενῶν
3163 5189 3302 5243 οὕτω
3336 5179 3622 5252 παντελῶς

2051 5277 2399 5346 ἐστερῆσθαι,
2435 5277 2509 5340 ὡς
2538 5279 2632 5330 καὶ
2677 5275 2820 5346 μετᾶ
2853 5279 2950 5348 τὴν
3003 5279 3281 5349 ὑμετέραν
3307 5279 3510 5349 ψῆφον,
3544 5279 3625 5349 ἢν

2049 5369 2178 5438 περὶ
2211 5367 2321 5420 τῶν
2345 5369 2721 5436 προκειμένων
2741 5369 3000 5435 ἐξοίσετε,
3025 5371 3228 5439 μᾶλλον
3259 5369 3304 5422 δ’
3326 5372 3392 5439 ἢν
3417 5368 3623 5432 ἐξοίσιι.

2048 5458 2179 5521 Θεὸς
2207 5459 2265 5511 ιν
2286 5458 2436 5528 ὑμῖν,
2466 5457 2544 5511 ἔτι
2578 5484 2595 5500 ο
2614 5460 2703 5528 ρὸς
2733 5461 2930 5515 tatith
2960 5461 3088 5532 περί
3114 5459 3315 5513 τούτων
3335 5456 3626 5529 ἀμφισϐη-

2047 5549 2240 5602 τοῦντα
2272 5552 2574 5621 πράγματα
2612 5554 2754 5621 ἔχειν
2777 5569 2793 5619 ;

2123 5644 2333 5695 Οὐκοῦν
2366 5644 2534 5711 τριῶν
2569 5644 2738 5699 ὄντων
2769 5647 2876 5700 τῶν
2907 5647 3039 5716 πρὸς
3093 5649 3190 5721 τὴν
3221 5648 3398 5718 ἀκραν
3422 5644 3631 5716 ζητου-
