3948 6186
341 299 445 360 425

1486 288 1775 348 nemo
1822 291 1841 347 t
1887 290 1986 348 an
2030 250 2409 350 st'Nouun.

3379 266 3388 275 '
3477 286 3585 353 ιιι

345 419 522 483 μένων
543 412 791 481 εἰρήνην,
823 408 898 477 τῷ
932 408 1070 474 μετὰ
1104 406 1239 459 Θεοῦ
1273 405 1522 473 γενέσθαι
1555 409 1620 476 τῇ
1651 406 1746 472 τῆς
1774 407 1906 471 ἁλη-

2036 409 2308 476 ιυὶιιιηιιιι·
2340 421 2546 476 pacem,
2585 406 2628 461 si
2680 417 2744 461 ea
2803 405 2911 460 Deo
2938 403 3161 473 juv'ante
3191 401 3282 460 ﬁat
3317 420 3445 460 cum
3472 403 3584 460 ‘in-

343 508 494 568 θείας
517 503 755 574 εὑρέσει,
784 503 879 554 καὶ
905 499 1041 569 πρὸς
1083 501 1288 551 ἐκεῖνον
1320 497 1556 568 ἡνῶσθαι
1582 497 1780 560 καλῶς,
1817 498 1910 549 καὶ

341 600 414 653 τά
435 598 598 650 λοιπὰ
631 595 724 649 δύο
761 592 1031 645 σύνεστιν.
1089 591 1298 642 Ἐκεῖνο
1333 590 1515 642 τοίνυν
1548 589 1912 642 σπουδαστέον

343 691 530 743 λαϐεῖν
557 688 684 746 τοὺς
704 684 803 753 τῆς
833 681 1069 753 ἀληθοῦς
1093 681 1315 751 είρήνης
1338 679 1759 749 ἐπιθυμοῦντας*
1783 680 1914 734 ταύ-

344 773 442 850 της
492 780 534 831 δ’
587 775 879 844 ἐπιθυμεῖν
926 773 1164 842 ἀνάγκη,
1219 774 1314 826 καὶ
1355 772 1532 824 πάντα
1567 771 1772 824 ἐλάττω
1819 771 1914 824 τοῦ

345 871 604 924 τοσούτου
628 869 874 936 νομίζειν
905 861 1070 948 καλοῦ
1101 865 1228 927 τοὺς
1261 865 1429 934 ἀρετῇ
1458 864 1551 915 καὶ
1573 862 1730 929 λόγου
1758 863 1918 915 δυνά-

353 982 443 1034 μει
474 964 583 1015 τῶν
615 957 936 1028 ἁπανταχοῦ
985 959 1363 1029 διαφέροντας,
1408 957 1502 1009 καὶ
1530 955 1796 1007 κινδύνων
1824 957 1918 1007 καὶ

355 1059 530 1110 πόνων
554 1053 989 1122 ἀνασχομένους,
1016 1046 1089 1105 ὧν
1112 1052 1176 1105 ἄν
1201 1069 1283 1114 τις
1301 1050 1538 1112 τοιοῦτος
1556 1049 1629 1102 ὢν
1647 1049 1785 1118 ὑπὲρ
1809 1049 1918 1102 τῶν

351 1148 626 1217 μεγίστων
657 1147 832 1214 μόνων
861 1144 1190 1210 ὑφίστασθαι
1228 1142 1536 1210 βουληθείη.
1590 1141 1697 1194 Καὶ
1747 1140 1920 1209 ζηλω-

348 1244 468 1294 τέον
503 1239 600 1308 μὲν
643 1239 772 1299 τοὺς
822 1236 1052 1288 ἐπὶτῶν
1090 1236 1370 1303 προτέρων
1414 1233 1619 1303 χρόνων
1671 1233 1919 1298 Πατέρας

349 1335 443 1384 καὶ
471 1328 847 1389 διδασκάλους,
881 1326 931 1378 οἳ
957 1324 1181 1377 πλεῖστα
1217 1325 1313 1392 μὲν
1342 1324 1481 1392 ὑπὲρ
1506 1323 1605 1392 τῆς
1637 1323 1746 1375 τῶν
1771 1321 1923 1374 ἁδελ-

357 1427 471 1494 φῶν
497 1420 834 1491 ἠγωνίσαντο
855 1418 1144 1487 σωτηρίας,
1167 1416 1227 1468 τὸ
1249 1415 1370 1468 καθ’
1401 1415 1562 1467 αὑτὸν
1586 1414 1771 1483 ζητεῖν
1791 1411 1922 1464 ἕκα-

355 1536 477 1581 στος
510 1515 603 1569 καὶ
633 1514 812 1566 πόνων
851 1507 1205 1578 ,ἀπηλλάχθαι
1261 1506 1549 1575 δυνάμενοι
1571 1545 1585 1567 ,
1621 1505 1689 1557 τὰ
1717 1505 1772 1556 δὲ
1800 1503 1921 1576 τότε

349 1610 445 1670 τὰς
471 1610 580 1659 τῶν
613 1603 918 1672 ἀνθρώπων
951 1599 1288 1671 θορυϐοῦντα
1309 1598 1488 1668 ψυχὰς
1522 1599 1586 1650 έκ
1626 1598 1790 1675 μέσου
1830 1611 1924 1646 πε-

351 1700 641 1770 ριελόντες,
679 1697 770 1748 καὶ
795 1697 860 1764 τῇ
900 1691 1145 1762 μαχαίρᾳ
1167 1689 1258 1744 τοῦ
1297 1690 1608 1758 Πνεύματος
1639 1688 1699 1740 τὸ
1723 1686 1922 1757 ψεῦδος

2023 503 2276 566 ventionc
2311 499 2570 563 veritatis,
2631 511 2683 552 et
2725 513 2820 567 per
2875 513 2992 552 eam
3041 498 3141 566 ipsi
3193 499 3298 552 Deo
3346 497 3587 567 perfecte

2020 593 2384 655 adhaeremns,
2424 591 2627 660 reliqua
2693 591 2854 645 etiam
2917 591 3026 644 duo
3088 586 3586 660 sequentur.'lllui|

2020 685 2181 752 igitur
2203 683 2358 737 avide
2383 682 2711 751 captandum
2778 690 2860 736 est
2900 683 2964 752 iis
2993 682 3087 752 qui
3125 695 3312 752 veram
3364 683 3591 752 cupiunt

2021 790 2206 844 pacem
2241 775 2422 828 :hanc
2452 789 2579 827 vero
2640 774 2864 842 cupiant
2905 788 3127 827 necesse
3171 783 3275 836 est,
3328 781 3592 842 tantoque

2022 866 2161 918 bono
2178 861 2869 924 omniaducantinferiora,
2910 863 3001 931 qui
3041 863 3235 918 virtute
3261 865 3596 928 rationisque

2022 956 2334 1025 praestantia
2367 953 2620 1008 omnibus
2647 953 2998 1014 antecellunt.
3056 963 3110 1008 et
3143 954 3381 1024 pericula
3439 953 3593 1009 labo-

2023 1063 2219 1115 resque
2244 1054 2629 1116 susceperunt,
2665 1061 2788 1115 quze
2816 1045 2941 1115 quis
2971 1045 3110 1100 adeo
3138 1045 3454 1112 praecellens
3490 1060 3586 1114 pro

2024 1139 2193 1194 rebus
2223 1150 2432 1192 tantum
2472 1139 2727 1194 maximis
2760 1139 2951 1194 subire
2981 1137 3233 1193 voluerit.
3291 1139 3356 1193 Et
3396 1138 3594 1192 imitari

1982 1227 1988 1232 ’
2024 1243 2157 1283 sane
2180 1238 2394 1298 Oportet
2426 1230 2669 1298 priorum
2696 1239 2998 1299 temporum
3022 1229 3209 1284 Patres
3240 1245 3301 1284 ac
3321 1230 3592 1292 doctores,

2026 1322 2117 1385 qui
2154 1319 2448 1388 plurimum
2479 1335 2575 1388 pro
2612 1320 2788 1376 salute
2815 1319 3045 1374 fratrum
3071 1320 3429 1382 desudarunt,
3470 1335 3592 1374 cum

2025 1420 2249 1482 possent
2277 1412 2513 1490 quisque
2545 1427 2642 1467 sua
2674 1427 2933 1482 quaerere,
2965 1421 3020 1466 et
3057 1412 3273 1467 labores
3313 1412 3554 1468 devitarc
3584 1430 3598 1465 :

2025 1507 2119 1574 qui
2175 1504 2405 1560 sublatis
2459 1520 2488 1559 e
2525 1505 2700 1560 medio
2752 1505 2938 1569 rebus,
2997 1521 3116 1574 qure
3160 1517 3291 1561 tunc
3333 1507 3598 1575 temporis

2028 1598 2242 1652 animos
2280 1598 2558 1651 hominum
2593 1598 2908 1661 turbabant,
2945 1612 3069 1652 cum
3117 1614 3302 1652 verum
3361 1613 3390 1651 a
3445 1613 3600 1651 men-

2028 1687 2187 1743 dacio
2226 1686 2462 1756 Spiritus
2503 1688 2682 1756 gladio
2728 1691 3087 1743 secrevise'ent
3151 1704 3337 1756 pacem
3365 1689 3602 1758 posteris

350 1756 441 1845 τοῦ
482 1756 716 1859 ἀληθοῦς
761 1756 1165 1854 διακρίναντες,
1213 1756 1455 1852 εἰρήνην.
1486 1756 1751 1848 εἰλικρινῆ
1808 1780 1920 1839 τοῖς

2036 1780 2231 1848 liquere
2252 1778 2548 1844 sinceram,
2574 1795 2737 1848 quam
2771 1781 2928 1849 longa
2982 1796 3088 1834 non
3157 1779 3395 1835 turbavit
3447 1790 3598 1840 mtas,

355 1883 489 1950 μετὰ
519 1879 694 1931 ταῦτα
725 1875 1041 1930 κατέλιπονο
1067 1874 1133 1943 ἢν
1163 1875 1190 1924 ὁ
1222 1871 1428 1941 μακρδς
1448 1871 1506 1922 οὑ
1537 1869 1755 1938 συνέχεε
1789 1869 1918 1937 χρό-

351 1992 462 2036 νος,
497 1973 606 2026 οὐδ’
658 1973 714 2024 al.
763 1969 870 2022 τῶν
905 1965 1159 2036 πονηρῶν
1213 1965 1518 2034 ἀνθρώπων
1568 1960 1918 2030 φιλονεικίαι.

355 2067 463 2120 Καὶ
497 2065 597 2134 τὴν
628 2063 854 2134 είρήνην
877 2061 1036 2114 ἄλλον
1064 2059 1267 2128 τρόπον
1307 2055 1615 2125 οἰκονομεῖν
1657 2050 1798 2118 έξδν,
1825 2051 1924 2103 οὐκ

351 2156 664 2222 ᾕνέσχοντο·
696 2151 756 2204 οὐ
785 2150 891 2220 γὰρ
922 2149 1124 2219 ᾔδεσαν
1153 2147 1340 2208 αὐτοῖς
1385 2162 1444 2199 τε
1491 2145 1794 2213 προσῆκον,
1829 2140 1924 2193 καὶ

352 2248 444 2300 τοῦ
474 2245 756 2305 κινοῦντος
789 2244 881 2294 ἐπὶ
907 2240 1078 2295 ταῦτα
1109 2237 1427 2308 Πνεύματος
1456 2236 1626 2300 ἄξιον·
1663 2234 1756 2287 καὶ
1793 2235 1926 2302 μᾶλ-

355 2340 444 2389 λον
495 2335 661 2406 ᾣοιντο
707 2334 860 2394 δίκας
910 2331 1132 2400 ὑφέξειν
1187 2324 1581 2397 ὤν’δυνάμενοι
1634 2328 1732 2380 σὺν
1778 2325 1926 2395 πόνῳ

358 2430 622 2496 πράττειν
657 2424 940 2494 ἠμέλησαν
973 2423 1060 2487 ἂν,
1096 2423 1128 2492 ἣ
1155 2407 1268 2476 τῶν
1288 2421 1501 2491 ἀφελῶς
1526 2417 1728 2474 οὑτωσὶ
1756 2434 1928 2488 πρατ-

358 2523 605 2588 τομένων
633 2520 794 2572 ἕνεκα
822 2517 1047 2586 μισθούς
1093 2532 1243 2578 τινας
1269 2513 1538 2583 λήψεσθαι
1565 2553 1577 2566 .
1618 2512 1778 2581 Ὑμῖν
1807 2511 1852 2563 δ’
1883 2511 1929 2561 εί
1955 2535 1957 2537 ι

361 2615 452 2666 καὶ
487 2611 728 2682 μηδεμία
776 2607 998 2677 τοιαύτη
1020 2606 1234 2669 σύνοδος
1283 2601 1372 2674 ἦν,
1405 2603 1542 2672 πρὸς
1579 2603 1644 2672 ἣν
1675 2602 1782 2654 ἔδει
1813 2600 1931 2670 βλέ-

361 2719 560 2763 ποντας
592 2697 914 2770 κατορθοῦν,
971 2696 1181 2750 οἴκοθεν
1211 2697 1393 2766 εὑρεῖν
1420 2694 1482 2746 τὸ
1512 2695 1722 2763 πρέπον
1756 2693 1931 2762 ἣρμο-

364 2814 454 2847 σεν
485 2796 570 2858 ἂν,
602 2793 694 2846 καὶ
746 2792 1092 2860 παράδειγμα
1135 2790 1228 2842 καὶ
1275 2787 1446 2841 τύπον
1499 2787 1684 2847 ἄλλαις
1719 2785 1930 2839 ἱστάναι

361 2888 476 2946 ταῖς
505 2887 635 2944 ἴσως
669 2882 806 2951 μετὰ
832 2881 1004 2933 ταῦτα
1032 2880 1461 2950 γενησομέναις,
1496 2878 1660 2948 σοφίᾳ
1700 2876 1800 2942 μὲν
1837 2876 1932 2929 οὑ-

361 2982 552 3043 ὃεμιαις
577 2974 798 3027 ἐκείνων
826 2972 1045 3025 ἔλαττον
1075 2971 1314 3041 ἔχουσιν,
1345 2970 1512 3040 ἀρετῇ
1548 2969 1605 3022 δὲ
1644 2969 1803 3036 ὀλίγα
1826 2967 1936 3020 λει-

364 3069 621 3136 πομέιιοις
652 3066 910 3133 ἑκάστης,
950 3063 1027 3132 τῷ
1057 3063 1111 3114 δὲ
1160 3062 1356 3132 πλήθει
1386 3064 1478 3114 καὶ
1509 3061 1714 3130 σφόδρα
1744 3060 1934 3113 πασῶν

361 3161 495 3228 ὁμοῦ
525 3160 893 3228 διαφέρουσιν.
930 3157 1104 3208 Ὅπου
1135 3154 1190 3207 δὲ
1231 3154 1504 3215 τοσούτοις
1553 3151 1928 3222 παραδείγμα-

364 3273 447 3305 σιν
482 3254 676 3320 ἔχομεν
698 3248 932 3319 χρῆσθαι
959 3249 1054 3299 καὶ
1084 3245 1226 3298 οὑτω
1269 3245 1474 3311 καλοῖς,
1512 3245 1632 3297 οὑδὲ
1669 3244 1931 3313 βουλομέ⁴

362 3363 472 3406 νοις
495 3343 670 3407 ἔξεστι
713 3341 995 3419 ῥᾳθυμεῖν,
1033 3339 1137 3398 ἕως
1174 3336 1238 3389 ἂν
1274 3337 1408 3405 ἡμῖν
1460 3334 1755 3406 προσήκειν
1781 3337 1930 3406 inib-

368 3440 503 3505 μεθα
527 3434 622 3494 τὰς
653 3433 802 3502 παρὰ
829 3428 923 3482 τοῦ
949 3427 1084 3482 Θεοῦ
1110 3429 1204 3482 καὶ
1232 3427 1340 3479 τῶν
1360 3427 1661 3496 ἀνθρώπων
1693 3427 1932 3496 μέμψεις

363 3527 752 3598 φυλάττεσθαι.
785 3526 858 3578 Oti
887 3522 996 3591 γὰρ
1024 3522 1196 3592 δήπου
1225 3522 1349 3583 τοὺς
1391 3520 1489 3590 μὲν
1519 3519 1710 3582 ἄλλους
1754 3517 1933 3570 ἅπαν-

359 3638 458 3683 τας
491 3622 548 3671 ὲν
577 3615 658 3680 οἷς
703 3617 1032 3686 πράττουσιν
1091 3612 1396 3680 ἀξιώσομεν
1429 3613 1555 3673 τοὺς
1597 3614 1654 3664 ὲν
1705 3611 1934 3671 ἐκείνοις

361 3711 740 3777 διενεγκόντας
786 3705 1004 3774 ζηλοῦν,
1045 3704 1145 3757 κᾶν
1174 3703 1247 3766 ὡς
1279 3703 1488 3766 ἔξεστιν
1523 3702 1720 3770 ἄριστα
1775 3699 1935 3753 τοῦτο

367 3805 599 3856 ποιῶσιν
635 3798 1052 3866 ἐπαινεσόμεθα,
1083 3798 1241 3867 ἡμεῖς
1272 3795 1328 3846 δὲ
1355 3795 1686 3864 τηλικούτων
1735 3795 1937 3863 ἠμελη-

367 3899 524 3957 κότες
555 3893 918 3964 πραγμάτων,
949 3891 1053 3956 ἔξω
1082 3889 1264 3957 ψόγων
1297 3886 1534 3956 ἐσόμεθα
1559 3903 1572 3918 ·
1599 3887 1657 3938 το
1691 3886 1796 3955 γὰρ
1835 3885 1936 3952 τῆς

369 3992 656 4059 μιμήσεως
693 3988 748 4038 ὲν
800 3985 972 4038 ἅπασι
1018 3984 1129 4046 τοῖς
1179 3983 1360 4041 καλοῖς
1404 3980 1502 4049 τὴν
1558 3979 1680 4048 ἴσην
1706 3978 1936 4047 δύναμιν

369 4083 501 4150 ἔχει·
538 4079 632 4131 καὶ
655 4077 778 4138 τοὺς
801 4078 859 4127 ἐν
888 4078 1001 4136 τοῖς
1028 4073 1304 4142 μεγίστοις
1331 4068 1536 4138 ταύτην
1567 4069 1939 4136 παραιτουμέ-

369 4190 514 4236 νους,
546 4173 603 4224 ὲν
657 4163 734 4231 οἷς
768 4166 860 4220 καὶ
914 4166 1112 4236 μείζων
1144 4165 1172 4216 ὁ
1204 4164 1304 4233 τῆς
1349 4162 1678 4234 διαμαρτίας
1738 4160 1938 4213 ὕπεστι

370 4264 635 4326 κίνδυνος,
691 4260 840 4313 οὐδὲν
875 4253 1208 4326 ἐξαιρεῖσθαι
1262 4255 1358 4324 τῆς
1404 4253 1630 4320 εὐλόγου
1677 4251 1937 4322 μέμψεως

368 4353 609 4406 δύναται.
673 4349 834 4402 Ἀλλά
870 4349 977 4417 μὴν
1021 4346 1131 4399 οὐδ’
1160 4345 1311 4398 ἔστιν
1346 4345 1541 4408 εἰπεῖν,
1601 4341 1675 4403 ὡς
1705 4341 1833 4395 ἄλλο
1887 4358 1938 4392 τι

2025 1887 2122 1925 nec
2155 1886 2447 1941 pravorum
2497 1873 2780 1926 hominum
2839 1873 3250 1937 contentiones;
3315 1887 3422 1927 non
3475 1883 3602 1926 sunt

2023 1953 2155 2017 vero
2179 1965 2323 2032 passi
2361 1963 2462 2017 alia
2505 1964 2614 2021 via.
2647 1978 2771 2018 cum
2833 1973 3077 2032 possent,
3112 1979 3295 2031 pacem
3324 1973 3599 2032 utcunque

2026 2055 2316 2122 componi;
2349 2054 2592 2109 sciebant
2623 2056 2766 2109 enim
2788 2054 2838 2108 id
2871 2071 2971 2109 nec
3003 2056 3102 2110 sibi
3123 2057 3445 2120 convenire,
3494 2073 3594 2111 nec.
3651 2071 3653 2073 ·

2028 2145 2274 2215 Spiritui,
2313 2161 2422 2225 quo
2448 2149 2512 2198 ad
2549 2146 2636 2200 illa
2670 2147 3048 2211 movebantur,
3107 2157 3160 2200 et
3189 2163 3348 2218 pinna
3395 2164 3452 2204 se
3496 2165 3598 2219 po-

2031 2240 2139 2293 tius
2186 2239 2500 2294 tnultandos
2559 2238 2898 2309 judicabant,
2948 2241 2990 2295 si
3039 2255 3160 2311 qua:
3217 2251 3437 2312 possent
3474 2258 3594 2295 cum

2030 2329 2212 2383 labore
2250 2329 2542 2395 perlicere,
2594 2331 2981 2399 neglexissent,
3034 2347 3195 2401 quam
3263 2333 3445 2402 aliquo
3492 2333 3603 2387 alli-

2031 2424 2251 2478 cienlus
2277 2424 2520 2492 prannio,
2549 2425 2593 2476 si
2629 2440 2715 2477 res
2763 2425 2952 2478 leviter
2978 2433 3029 2478 et
3063 2425 3432 2494 perfunctorie
3480 2444 3602 2496 ges-

2031 2517 2251 2571 sissent.
2280 2516 2547 2569 Caeterum
2568 2516 2759 2578 'vobis,
2790 2517 2918 2571 licet
2978 2518 3124 2572 nulla
3173 2518 3300 2573 talis
3362 2534 3600 2588 praeces-

2032 2607 2197 2662 sisset
2218 2606 2483 2677 synodus,
2527 2608 2594 2661 ad
2626 2607 2784 2677 cujus
2810 2609 3117 2679 exemplum
3164 2625 3254 2666 res
3314 2620 3438 2680 apte
3491 2611 3603 2665 fieri

2032 2701 2316 2764 deberent,
2385 2716 2448 2754 ex
2519 2700 2670 2756 vobis
2711 2701 2842 2771 ipsis
2917 2712 3245 2773 congrueret
3289 2703 3606 2759 adinvcnire

2034 2793 2178 2862 quod
2205 2791 2445 2856 deceret,
2481 2799 2538 2845 ut
2566 2792 2846 2861 exemplar
2894 2801 2946 2847 et
2997 2809 3188 2848 norma
3221 2795 3420 2849 essetis
3463 2795 3604 2856 aliis.

2034 2900 2154 2955 qua:
2189 2895 2373 2954 postea
2404 2884 2633 2940 fortasse
2667 2885 2818 2951 fient,
2848 2901 2970 2939 cum
3015 2887 3067 2940 in
3102 2888 3254 2941 vobis
3305 2887 3448 2941 haud
3506 2889 3608 2941 mi~

2034 2993 2138 3032 nor
2162 2978 2290 3031 insit
2317 2991 2481 3045 quam
2524 2977 2696 3031 cuivis
2724 2977 2937 3030 illarqu
2968 2980 3191 3032 scientia
3220 2997 3232 3044 ;
3268 2980 3462 3033 virtute
3511 2996 3608 3033 au-

1961 3107 2004 3164 c
2039 3076 2145 3122 tem
2177 3082 2284 3120 non
2317 3067 2486 3133 multo
2518 3067 2760 3120 minores
2801 3083 3129 3137 unaquaque
3179 3069 3322 3131 sitis,
3359 3071 3605 3124 multitu-

2039 3160 2164 3214 dine
2221 3174 2351 3213 vero
2409 3157 2567 3228 simul
2617 3169 2845 3212 cunctas
2893 3158 3052 3227 longe
3096 3161 3258 3213 etiam
3315 3164 3604 3231 superetis.

2041 3253 2194 3307 Nunc
2259 3262 2439 3306 amem
2475 3267 2597 3305 cum
2651 3260 2730 3306 tot
2759 3261 2810 3306 et
2859 3262 2965 3306 tam
3018 3253 3276 3323 prmclara
3322 3263 3612 3324 suppetant

2041 3344 2199 3398 nobis
2227 3343 2493 3410 exempla,
2533 3357 2630 3396 nec
2665 3342 2709 3396 si
2744 3342 2972 3397 velimus
3032 3344 3272 3413 quidem,
3318 3361 3611 3415 possumus

2041 3435 2341 3490 oscitanter
2370 3448 2549 3504 agere,
2578 3435 2706 3487 dum
2748 3435 3042 3489 convenire
3074 3437 3232 3492 nobis
3287 3453 3611 3494 censeamus

2044 3528 2174 3583 illud
2205 3542 2416 3594 cavere,
2443 3543 2510 3581 ne
2542 3527 2595 3581 in
2630 3529 2723 3582 Dei
2749 3537 2803 3583 et
2842 3529 3117 3583 hominum
3160 3532 3612 3599 reprehensiones

2049 3619 2421 3673 incurramns.
2449 3616 2631 3688 Neque
2657 3620 2800 3672 enim
2827 3620 2982 3687 plane
3002 3621 3220 3691 dignum
3248 3621 3613 3691 judicabimus

2044 3714 2180 3769 alios
2205 3715 2425 3782 quidem
2471 3728 2666 3768 omnes
2715 3713 2767 3766 in
2814 3711 3029 3783 iisquae
3075 3723 3264 3782 agunt,
3322 3716 3614 3770 imitandos

2046 3807 2148 3862 sibi
2181 3820 2276 3860 eos
2305 3820 2628 3875 proponere,
2652 3805 2743 3874 qui
2767 3805 2834 3860 ad
2876 3807 3084 3875 agenda
3121 3808 3207 3862 illa
3257 3809 3614 3876 praestiterint

2045 3895 2276 3958 exteris,
2308 3903 2363 3948 et
2391 3894 2754 3959 laudabimus,
2774 3895 2819 3950 si
2845 3911 3004 3964 quam
3027 3897 3139 3950 fieri
3164 3898 3368 3967 optime
3394 3902 3608 3969 poterit,

2045 4004 2139 4043 eos
2198 3987 2547 4052 amulentur,
2609 4003 2708 4042 nos
2749 4001 2880 4042 vero
2932 3971 3093 4043 tantis
3144 3991 3305 4045 rebus
3352 3992 3612 4060 neglectis

2046 4079 2203 4147 culpa
2234 4079 2570 4132 vacabimus.
2619 4077 2789 4131 Hahet
2826 4080 2970 4132 enim
3023 4079 3255 4132 imita'io
3295 4080 3347 4134 in
3373 4082 3520 4135 omni
3555 4097 3613 4134 re
3697 4073 3702 4078 ’

2046 4171 2274 4224 honesta
2326 4169 2545 4222 easdem
2609 4170 2775 4231 vires,
2821 4184 2916 4222 nec
2966 4179 3047 4222 est
3079 4172 3222 4238 quod
3271 4185 3364 4224 eos
3409 4187 3437 4224 a
3465 4173 3611 4239 justa

2047 4257 2388 4312 incusatione
2411 4257 2586 4326 possit
2614 4257 2866 4320 liberare,
2898 4256 2987 4324 qui
3023 4273 3128 4310 non
3159 4258 3417 4312 adhibent
3468 4261 3610 4313 illam

2049 4353 2101 4406 in
2130 4350 2296 4405 rebus
2327 4349 2696 4418 gravissimis,
2749 4349 2801 4402 in
2843 4350 3042 4418 quibus
3091 4349 3252 4404 etiam
3301 4354 3479 4421 majus
3533 4365 3614 4406 est

371 4446 602 4515 πρὸτῆς
650 4442 909 4510 ἀληθείας
954 4441 982 4491 ὁ
1029 4441 1137 4493 τῶν
1188 4437 1473 4508 μακαρίων
1525 4436 1684 4506 χορὸς
1733 4436 1931 4496 ἐκεῖνος

2049 4444 2349 4514 periculum
2385 4443 2665 4512 peccandi.
2697 4439 2806 4496 Nec
2859 4443 2964 4496 dici
3017 4451 3193 4511 petest
3241 4459 3270 4499 a
3333 4446 3489 4500 beato
3527 4447 3617 4500 illo

372 4538 661 4606 ἐσκέψατο,
697 4534 732 4605 ἢ
776 4531 1043 4603 περὶτῶν
1091 4530 1353 4583 ἑκάστοτε
1387 4527 1732 4598 ζητηθέντων
1793 4527 1942 4595 ίχνος

372 4630 500 4698 γοῦν
527 4625 859 4698 ἀμφιϐολίας
875 4626 986 4686 τοῖς
1020 4627 1155 4692 μετὰ
1175 4620 1349 4676 ταῦτα
1378 4621 1694 4674 κατέλιπον·
1734 4618 1945 4686 φανερὰ

369 4726 477 4791 γὰρ
506 4725 570 4774 ὲκ
599 4720 707 4772 τῶν
740 4716 1150 4785 ὑπομνημάτων
1171 4716 1205 4782 ὴ
1247 4716 1374 4783 περὶ
1395 4713 1491 4782 τὴν
1514 4710 1775 4782 ἀλήθειαν
1807 4710 1948 4762 ὲκεί-

369 4833 476 4864 ww
503 4811 730 4880 σπουδή-
763 4813 856 4861 καὶ
884 4809 982 4870 τὰς
1009 4807 1130 4860 τότε
1164 4805 1476 4876 κινηθείσας
1507 4804 1746 4871 αἱρέσεις
1771 4802 1944 4865 οὑτως

370 4904 807 4974 ἀπεστράφησαν
835 4903 1132 4969 ἄνθρωποι,
1174 4899 1306 4951 ὥσθ’
1338 4899 1390 4952 οι
1441 4899 1538 4968 μὲν
1579 4897 1764 4951 πολλοὶ⁸
1819 4896 1945 4967 μήτ’

368 4999 568 5060 εἰδότες
602 4996 729 5065 μήτ’
752 4995 966 5063 ἔχοντες
993 4991 1271 5060 ἐγκαλεῖν,
1303 4990 1376 5052 ὡς
1397 4991 1494 5059 τῆς
1525 4989 1782 5059 ἀληθείας
1812 5005 1944 5058 προ·

370 5094 576 5160 μαχους
611 5088 824 5151 ἀξιοῦσι
850 5088 1016 5156 τιμᾷν
1049 5086 1175 5148 τοὺς
1219 5083 1339 5137 κατ’
1370 5083 1591 5136 ἐκείνων
1635 5083 1944 5151 ἠγωνισμέ-

365 5198 510 5244 νοιδς
544 5182 592 5233 οἱ
618 5179 662 5230 δ’
695 5177 938 5248 ἀκριϐῶς
963 5177 1161 5240 ειδότες
1194 5177 1287 5229 καὶ
1314 5175 1422 5227 τῶν
1454 5174 1700 5228 ἀπίστων
1750 5173 1946 5242 ἡγοῦν-

363 5289 457 5324 ται
509 5275 726 5340 χείρους
771 5271 897 5332 τοὺς
951 5271 1177 5322 ἐκείνων
1235 5266 1741 5338 προστησαμένους.
1790 5263 1948 5318 Οῦτω

366 5369 523 5434 παρὰ
549 5366 713 5415 πᾶσιν
735 5361 1041 5431 ἀνθρώποις
1060 5363 1114 5414 αἱ
1136 5361 1244 5412 τῶν
1266 5359 1474 5429 ἀνδρῶν
1489 5358 1712 5410 ἐκείνων
1736 5357 1948 5426 κρίσεις

364 5459 707 5525 ἐκράτησαν.
749 5456 1024 5516 Ἑκείνους
1050 5455 1230 5506 τοίνυν
1276 5455 1412 5518 ὅπερ
1455 5445 1607 5503 εἷπον
1650 5450 1943 5519 ζηλωτέονο

365 5550 471 5602 καὶ
497 5549 572 5616 μὴ
602 5550 719 5609 ταῖς
759 5548 945 5609 ἄλλαις
991 5547 1152 5616 μόνον
1182 5547 1392 5614 τιμαῖς,
1441 5544 1576 5596 ἀλλὰ
1608 5543 1701 5594 καὶ
1734 5542 1809 5610 τῷ
1854 5559 1943 5610 μι-

370 5642 596 5713 μεῖσθαι
625 5642 852 5692 καθιῦσον
894 5641 1089 5707 Ιἐιξβστι,
1144 5644 1236 5690 καὶ
1270 5636 1510 5708 νομίζειν
1574 5635 1830 5705 ἀρίστους
1865 5629 1946 5684 εἷο

370 5752 470 5790 ναι
505 5735 839 5804 συμϐούλους
873 5736 929 5786 ἐν
966 5735 1076 5795 τοῖς
1114 5731 1376 5793 τοιούτοις
1418 5731 1510 5783 καὶ
1564 5729 1810 5798 ὁδηγοὺς,
1845 5729 1944 5799 τὴν

631 5833 899 5889 Ριιτιιυιι.
940 5827 1056 5886 Gn.
1089 5823 1257 5884 CLX.

2049 4537 2269 4592 Patrum
2292 4546 2434 4592 cmtu
2468 4537 2634 4602 aliud,
2665 4551 2826 4607 quam
2859 4539 3159 4606 veritatem,
3185 4553 3307 4595 esse
3333 4541 3613 4609 agitatum,

2050 4641 2145 4686 aut
2175 4632 2241 4686 de
2268 4631 2433 4685 rebus
2463 4630 2776 4698 quibusque
2811 4630 2863 4682 in
2916 4631 3348 4686 controversiam
3407 4634 3617 4688 vocatis

2049 4723 2132 4776 vel
2191 4720 2564 4790 dubitationis.
2609 4721 2899 4786 vestigium
2954 4723 3191 4790 posteris
3229 4723 3477 4777 relictum
3511 4741 3522 4776 :
3552 4740 3615 4776 ex

2052 4814 2400 4868 monimentis
2443 4813 2587 4868 enim
2635 4820 2688 4866 et
2743 4827 2922 4865 rerum
2979 4813 3393 4869 commentariis
3427 4815 3619 4883 liquet,

2051 4917 2312 4974 quantum
2344 4907 2420 4961 illi
2449 4906 2686 4960 studium
2716 4904 2770 4956 in
2806 4907 3084 4959 veritatem
3133 4907 3494 4962 contulerint.
3554 4904 3618 4956 Et

2052 4999 2267 5067 quidem
2308 5006 2526 5053 exortas
2548 5007 2662 5051 tum
2700 4997 2931 5052 hazreses
2968 4999 3040 5051 ita
3070 4999 3319 5052 homines
3380 4994 3612 5050 aversati

2051 5100 2200 5152 sunt,
2225 5091 2521 5160 utplurimi
2553 5089 2804 5160 quamvis
2832 5103 2930 5144 nec
2986 5090 3188 5153 sciant,
3233 5103 3331 5143 nec
3381 5085 3618 5141 habeant

2051 5185 2116 5239 de
2158 5197 2272 5251 quo
2327 5189 2758 5250 conquerantur,
2796 5179 2984 5235 Patres
3036 5190 3237 5246 tamen,
3289 5177 3381 5247 qui
3429 5185 3614 5231 contra

2053 5275 2176 5328 illos
2209 5273 2584 5337 decertarunt,
2618 5273 2825 5326 honore
2858 5271 3092 5326 alliciant
3119 5280 3176 5323 ut
3208 5268 3454 5322 veritatis
3485 5281 3616 5338 pro-

2051 5374 2382 5435 pugnatores
2410 5380 2425 5429 ;
2452 5365 2544 5434 qni
2585 5379 2714 5419 vero
2748 5364 2884 5418 bene
2919 5369 3139 5426 norunt,
3200 5366 3260 5413 ut
3307 5356 3619 5412 infidelibus

2050 5457 2212 5508 etiam
2247 5454 2460 5523 pejores
2492 5455 2729 5509 habeant
2765 5454 3140 5508 haereticorum
3214 5449 3429 5503 illorum
3470 5459 3620 5500 ante:

2051 5545 2331 5615 signanos.
2367 5545 2440 5598 Ita
2475 5545 2612 5613 apud
2655 5559 2844 5598 omnes
2868 5542 3118 5596 homines
3135 5541 3373 5598 virorum
3401 5541 3616 5595 illorum

2049 5639 2251 5716 judicia
2284 5648 2398 5692 rata
2431 5649 2580 5693 sunt.
2611 5638 2735 5691 Illos
2757 5638 2941 5704 igitur,
2969 5636 3178 5700 utdixi,
3206 5636 3569 5690 aemulandum
3603 5651 3618 5697 ;

2051 5743 2105 5786 ct
2138 5747 2245 5785 non
2269 5732 2442 5786 solum
2472 5732 2594 5785 aliis
2645 5731 2966 5797 honoribus,
3002 5730 3094 5786 sed
3130 5729 3390 5783 imitando
3451 5727 3615 5781 etiam

3235 5821 3315 5879 l'a'
