3948 6186
263 284 366 344 ἆζῖ

1354 283 1730 345 ΟΕΝΝΑΟΙΙ
1773 283 1875 343 Cl".
1925 280 2121 340 i‘ATi‘t
2140 283 2443 342 lARt‘TlL-E

3406 286 3507 350 498

261 401 437 470 quoad
463 400 579 467 eius
603 399 712 454 fieri
741 402 932 471 possit,
956 411 1005 456 et
1029 403 1257 457 consilia
1285 421 1473 459 rerum
1495 421 1555 460 ac
1584 415 1827 474 praeeuno

1950 401 2069 470 πρὸς
2098 403 2339 460 ἐκεὲνςυς
2377 403 2712 454 Extant-naut!
2747 402 2881 454 αξδιῖ)
2914 419 2925 432 ·
2961 401 3050 453 καὶ
3082 400 3129 453 τί
3157 401 3236 454 δεῖ
3297 409 3513 471 φρονεῖν

265 492 334 544 tia
369 491 612 559 exempla
649 493 699 544 itt
740 493 1117 561 hujuscemodi
1157 499 1315 552 rebus
1371 497 1659 566 aptissima
1717 495 1828 548 exi-

264 580 556 642 stimando,
593 597 700 650 qua
743 582 1087 638 observantia
1139 586 1249 640 sint
1287 585 1521 650 colendi,
1546 586 1826 640 declaran-

263 673 413 732 dum,
448 670 1296 743 rtinquirctulumcumSpiritu,
1336 675 1462 743 quid
1504 676 1573 727 sit
1601 676 1665 728 de
1711 674 1829 742 Spio

261 763 366 815 ritu
403 763 748 816 sentiendum
785 780 799 830 ;
835 774 887 818 et
917 765 1186 820 tollendus
1209 767 1574 820 abhontinum
1633 768 1832 821 animis

263 862 429 908 :rstus
468 865 517 908 et
576 857 931 924 perturbatio,
1001 869 1054 912 et
1115 859 1396 913 liberanda
1444 861 1680 916 lietrlesia
1742 863 1835 915 lite

263 951 459 1010 inutili,
483 959 535 1003 et
558 951 742 1005 multis
776 952 897 1005 aliis
923 953 1101 1020 nugis,
1140 954 1342 1023 quibus
1393 954 1552 1025 longa
1607 970 1835 1008 concer-

261 1043 414 1099 tatio.
448 1042 701 1108 quodque
730 1043 906 1095 neutri
937 1045 1168 1111 partium
1197 1048 1301 1099 ulla
1331 1047 1396 1098 de
1418 1047 1682 1100 fratribus
1704 1061 1835 1100 cura

261 1131 446 1192 fuerit,
477 1133 654 1187 locum
702 1136 866 1189 dedit.
919 1137 1045 1190 Post
1091 1139 1204 1191 haec
1239 1148 1414 1192 autem
1469 1147 1834 1208 opportunum

263 1226 362 1276 erit
392 1224 556 1278 etiam
589 1227 656 1278 de
691 1227 917 1291 reliquis
964 1229 1209 1297 cogitare
1235 1271 1250 1292 ,
1307 1239 1360 1283 et
1419 1245 1580 1283 nemo
1627 1245 1725 1284 nos
1757 1230 1834 1282 in.

265 1315 628 1380 simulaverit,
661 1317 804 1384 quod
849 1317 1122 1370 deferendi
1177 1319 1348 1372 mutui
1393 1319 1616 1372 honoris
1652 1329 1706 1372 et
1759 1318 1838 1372 al-

267 1406 610 1460 l‘ercndarum
637 1407 904 1461 hincindc
937 1408 1254 1471 utilitatum,
1289 1409 1581 1486 aejamdiu
1635 1409 1834 1464 decan-

267 1509 391 1552 tatze
418 1499 563 1553 illius
593 1497 875 1552 fclicitatis
909 1515 1100 1552 curam
1129 1500 1520 1568 suscipiamus.
1552 1499 1662 1570 Ego
1690 1502 1837 1554 enim

264 1603 390 1654 spes
437 1591 601 1642 etiam
645 1590 766 1644 illas
811 1599 1000 1644 contra
1053 1589 1321 1654 infideles,
1355 1592 1554 1660 quibus
1610 1592 1732 1646 duci
1783 1607 1842 1647 se

266 1683 420 1734 aiunt
470 1683 741 1747 nonnulli,
784 1697 1028 1751 quasque
1057 1693 1363 1738 nostrorum
1400 1684 1643 1738 laborum
1678 1693 1840 1754 caput

267 1789 386 1828 esse
407 1775 765 1838 contendunt.
807 1775 852 1828 si
901 1775 1147 1843 quidem,
1187 1785 1244 1828 ut
1281 1787 1398 1829 tuto
1427 1777 1606 1828 vivere
1661 1779 1837 1845 possi-
1873 1754 1912 1808 Β

269 1881 410 1931 mus,
439 1867 792 1921 etservi‘tutis
823 1867 964 1920 mala
1005 1883 1109 1920 non
1161 1868 1472 1932 timeamus,
1511 1869 1625 1921 sive
1675 1870 1838 1920 etiam

269 1959 656 2012 utdeillorum
708 1961 759 2011 in
819 1973 919 2012 nos
963 1959 1260 2027 petulantia
1313 1975 1503 2028 poenas
1539 1974 1836 2020 sumamus,

268 2051 334 2104 at
364 2065 526 2120 quam
562 2051 837 2120 progressi
873 2058 997 2102 sunt
1031 2064 1094 2103 ex
1155 2049 1326 2102 nimia
1385 2049 1740 2119 procacitate,
1795 2049 1840 2101 si

268 2151 490 2211 propter
514 2143 627 2196 haec
656 2157 780 2210 spes
809 2140 1008 2194 alimus
1033 2149 1222 2194 contra
1270 2141 1412 2202 illos,
1447 2157 1560 2195 rem
1611 2157 1704 2196 eas
1752 2156 1842 2194 ar-

269 2237 442 2289 bitror
469 2233 685 2288 inanem
747 2242 800 2286 et
856 2248 956 2286 non
998 2232 1176 2301 magni
1226 2232 1530 2297 iaciendas,
1567 2236 1611 2289 si
1658 2243 1840 2292 tamen

267 2336 542 2394 utcunque
595 2325 869 2396 posuerint
920 2325 1249 2392 succedere;
1311 2341 1486 2395 neque
1553 2328 1709 2395 tales,
1787 2338 1847 2384 ut

269 2421 452 2485 perlici
489 2419 606 2472 sine
638 2417 728 2470 Dei
761 2432 860 2485 ope
889 2419 1126 2483 possint,
1169 2417 1312 2485 quod
1346 2417 1488 2471 idem
1518 2427 1602 2472 est
1640 2437 1712 2491 lae
1765 2421 1845 2474 di-

267 2527 411 2575 cere,
432 2525 538 2564 non
562 2509 842 2579 preposito
876 2508 984 2561 illis
1015 2508 1422 2576 scopo'aliqtto,
1453 2509 1544 2578 qui
1615 2509 1724 2565 Deo
1779 2515 1846 2568 sit

268 2611 474 2668 gratus.
505 2598 559 2650 Si
598 2611 728 2651 vero
788 2598 855 2649 de
884 2595 1060 2649 salute
1100 2595 1408 2650 animarum
1469 2597 1683 2653 solliciti
1747 2600 1845 2653 htt-

269 2705 576 2755 manarum,
615 2699 669 2743 et
699 2689 968 2742 enitentes
998 2695 1054 2740 ttt
1086 2689 1344 2742 tollantur
1385 2705 1414 2742 e
1445 2691 1624 2744 medio
1654 2703 1846 2746 sordes

271 2782 566 2846 mendacii,
598 2789 652 2834 et
709 2790 929 2849 prOpter
975 2779 1077 2832 alia
1136 2778 1472 2848 hujusmodi,
1505 2795 1630 2848 spes
1685 2782 1848 2836 hasce

270 2871 586 2941 sequimini,
636 2872 796 2924 laudo
831 2871 1048 2938 quidem
1103 2871 1254 2938 quod
1299 2871 1405 2924 huc
1468 2874 1572 2925 illa:
1602 2873 1848 2938 tendant,

266 2967 358 3020 sed
401 2965 760 3034 posteriorum
797 2963 970 3018 locum
1003 2978 1098 3018 eas
1147 2961 1425 3018 vindicare
1460 2963 1563 3018 sibi
1589 2966 1846 3028 arbitror,

1937 492 2187 560 περὶτοῦ
2227 493 2566 560 11νεύματος,
2606 491 2922 555 ἐξεταστέον
2957 491 3096 561 μετὰ
3140 491 3231 544 τοῦ
3265 493 3515 565 Πνεύμα-

1936 598 2045 642 τας·
2081 584 2174 634 καὶ
2212 583 2481 636 παυστέον
2511 585 2608 651 μὲν
2639 582 2870 651 θορύϐου
2897 584 2988 636 καὶ
3010 582 3252 651 ταραχῆς
3277 582 3377 644 τὰς
3404 582 3514 637 τῶν

1937 672 2241 742 ἀνθρώπων
2265 675 2466 744 ψυχὰς,
2498 675 2594 743 τὴν
2625 673 2671 728 δ’
2729 675 3058 744 Ἐκκλησίαν
3111 676 3286 744 ἔριδος
3316 678 3512 746 ἀνονή-

1937 782 2032 815 του
2073 766 2163 816 γα).
2212 784 2314 832 ίαν
2331 767 2438 834 ρῶν
2478 767 2652 820 ἄλλων
2692 765 2870 834 λήρων
2922 765 3318 829 ἀπαλλακτέον,
3366 761 3446 828 οἷς
3481 770 3512 835 ἠ

1942 859 2128 926 μακρᾶ
2148 858 2450 924 φιλονεικία
2478 860 2571 912 καὶ
2601 858 2658 910 τὸ
2684 858 3000 929 μηδετέροις
3027 859 3212 926 μέλειν
3239 859 3345 911 τῶν
3365 861 3515 913 ἀδελ.

1941 950 2056 1018 φῶν
2087 950 2284 1001 δέδωκε
2323 951 2525 1019 χώραν.
2562 951 2715 1003 Μετὰ
2745 950 2915 1002 ταῦτα
2949 951 3006 1002 δὲ
3040 951 3132 1003 καὶ
3162 952 3269 1002 τῶν
3302 950 3516 1003 ὑπολοί-

1942 1057 2059 1093 πων
2091 1043 2398 1110 φροντίζειν
2430 1042 2690 1110 ἔγκαιρον
2726 1043 2899 1094 ἔσται’
2933 1043 3028 1093 καὶ
3056 1041 3152 1109 τῆς
3188 1043 3317 1112 παρ’
3349 1043 3480 1110 ἀλλὴ
3507 1072 3520 1085 ο

1942 1133 2048 1183 λων
2076 1134 2242 1200 τιμῆς
2271 1150 2327 1183 τε
2356 1135 2448 1184 καὶ
2482 1134 2750 1200 ὠφελείας
2777 1137 2869 1184 καὶ
2903 1135 3012 1183 τῶν
3039 1135 3102 1185 ἐκ
3136 1135 3329 1185 πολλοῦ
3358 1134 3513 1204 θρυλ.

1941 1222 2220 1291 λουμένων
2249 1224 2474 1274 ἐκείνων
2511 1224 2682 1285 οὐδεὶς,
2730 1224 2859 1291 ἡμῖν
2911 1223 3193 1291 ἐγκαλέσει
3257 1225 3518 1294 πρόνοιαν

1946 1313 2309 1383 ποιουμένοις.
2361 1313 2501 1382 Ἐγὼ
2543 1315 2650 1383 γάρ
2679 1315 2772 1368 καὶ
2815 1317 2911 1377 τὰς
2955 1316 3102 1376 κατὰ,
3129 1316 3237 1369 τῶν
3271 1316 3517 1370 ἀπίστων

1943 1405 2187 1470 ἐλπίδας,
2213 1404 2304 1474 ὑφ’
2335 1398 2408 1458 ὧν
2457 1407 2780 1475 ἐπείγεσθαί
2827 1423 2971 1470 τινες
3017 1407 3258 1473 λέγουσι,
3310 1409 3403 1460 καλ
3448 1409 3516 1473 ἃς

1947 1492 2317 1564 ἰσχυρίζονται
2350 1493 2460 1548 τῶν
2495 1497 2782 1566 ἡμετέρων
2813 1495 2994 1566 ἔργων
3026 1493 3168 1549 εἶναι
3196 1497 3510 1566 κεφάλαιον,

1947 1589 1994 1637 εἰ
2025 1586 2125 1654 μὲν
2157 1586 2319 1663 ἕνεκα
2345 1587 2440 1638 τοῦ
2473 1586 2734 1640 δύνασθαι
2767 1587 2867 1656 ζῇν
2895 1587 3172 1658 ἀσφαλῶς,
3209 1591 3301 1642 καὶ
3331 1591 3398 1642 τὰ
3422 1592 3518 1659 τῆς

1947 1678 2191 1742 δουλείας
2232 1680 2306 1748 μὴ
2335 1679 2570 1732 δεδιέναι
2601 1679 2816 1750 δεινὰ,ἢ
2848 1681 2940 1732 καὶ
2960 1681 3109 1744 δίκας
3140 1682 3380 1743 ἐκείνους
3409 1684 3520 1732 εξσ-
3559 1687 3562 1690 ’

1947 1754 2257 1839 πράξασθαι
2301 1775 2400 1840 τῆς
2453 1775 2532 1836 εἰς
2574 1775 2719 1842 ἡμᾶς
2747 1773 3053 1840 παροινίας,
3095 1777 3172 1837 είς
3204 1775 3270 1844 ἣν
3298 1775 3360 1828 ὲκ
3390 1774 3521 1828 πολ·

1945 1863 2044 1930 λῆς
2075 1863 2385 1933 ἠνέχθησαν
2411 1862 2646 1935 ὕϐρεως,
2678 1867 2724 1919 εί
2761 1865 2859 1935 μὲν
2891 1865 2954 1934 δὴ
2982 1865 3186 1918 τούτων
3213 1865 3376 1920 ἕνεκα
3401 1866 3522 1935 τρέ-

1946 1971 2120 2023 φομεν
2153 1955 2250 2018 τὰς
2290 1955 2410 2008 κατ’
2466 1957 2696 2009 ἐκείνων
2731 1957 2971 2022 ἐλπίδας,
3031 1958 3274 2027 μάταιον·
3314 1957 3521 2020 ταύτας

1946 2047 2184 2116 ἠγοῦμαι
2216 2048 2429 2118 χρῆμα,
2463 2051 2557 2101 καὶ
2598 2048 2720 2101 οὗτε
2774 2050 2967 2104 πολλοῦ
3024 2069 3168 2115 τινος
3212 2052 3390 2117 ἀξίας,
3447 2053 3512 2104 ἄν

1950 2141 2198 2192 ὁπωσοῦν
2229 2140 2323 2192 καὶ
2368 2141 2669 2210 δυνηθῶσιν
2716 2144 2963 2213 ἐκϐῆναι,
3007 2143 3117 2196 οὔτ’
3145 2144 3401 2196 ἀνύεσθαι
3424 2144 3520 2196 δυ-

1948 2233 2182 2300 ναμένας
2205 2232 2332 2285 ἄνευ
2355 2235 2514 2296 θεοῦ,
2547 2237 2741 2288 ταυτὸν
2773 2236 2818 2288 δ’
2842 2237 3016 2289 εἰπεῖν
3040 2235 3114 2307 μὴ
3146 2236 3349 2290 σκοποῦ
3377 2254 3521 2299 τινος

1949 2321 2229 2389 θεοφιλοῦς
2260 2325 2451 2386 αὑταῖς
2476 2325 2803 2394 ἡγουμένου.
2845 2327 2904 2380 Ei
2936 2328 2992 2379 δὲ
3043 2328 3139 2396 τῆς
3168 2328 3276 2380 τῶν
3306 2328 3520 2399 ἀνθρωο

1950 2414 2122 2465 πίνων
2156 2413 2344 2484 ψυχῶν
2368 2416 2657 2485 κηδόμενοι
2702 2418 2996 2488 σωτηρίας,
3053 2421 3142 2472 καὶ
3173 2419 3234 2472 τὸ
3259 2420 3352 2473 τοῦ
3388 2421 3522 2490 ψεύ-

1948 2503 2068 2566 δους
2102 2501 2287 2574 αἶσχος
2312 2505 2514 2572 ἐξελεῖν
2545 2510 2608 2560 ἐκ
2646 2509 2814 2576 μέσου
2843 2511 3193 2581 πειρώμενοι,
3221 2513 3316 2565 καὶ
3341 2513 3522 2565 τοιού-

1950 2615 2054 2649 των
2083 2598 2143 2667 δή
2175 2616 2337 2652 τινων
2367 2602 2526 2669 χάριν
2574 2603 2666 2654 ἐπὶ
2695 2604 2895 2668 ταύτας
2919 2605 3112 2673 ἄγεσθε
3144 2607 3241 2669 τὰς
3275 2607 3517 2673 ἐλπίδας,

1952 2690 2161 2742 ἐπαινῶ
2196 2693 2293 2758 μὲν
2335 2695 2426 2745 ἐπὶ
2458 2694 2669 2757 τούτοις
2725 2695 2888 2760 οὔσας
2936 2699 3124 2763 αὐτὰς,
3184 2699 3438 2769 δευτέρας
3464 2701 3522 2752 δὲ

1954 2786 2339 2850 πραγματείας
2367 2781 2506 2840 εἶναι
2537 2789 2763 2858 νομίζω,
2812 2789 2908 2842 καὶ
2946 2791 3149 2859 μηδένα
3193 2790 3347 2858 λόγον
3374 2792 3524 2861 ἔχειν

1956 2875 2047 2925 ἐπὶ
2102 2875 2324 2936 ταύταις
2369 2878 2665 2946 ιρμᾶσθαι,
2700 2879 2827 2947 πρὶν
2873 2880 2969 2950 τὴν
2995 2882 3051 2934 ἐν
3104 2883 3202 2952 μιᾷ
3261 2882 3386 2953 δόξῃ
3427 2886 3522 2954 τῆς

1954 2965 2216 3035 ἀληθείας
2246 2967 2354 3020 τῶν
2383 2972 2490 3022 ἀπὸ
2547 2971 2786 3042 Χριστοῦ
2823 2973 3170 3042 καλουμένων
3195 2975 3390 3028 ἕνωσιν
3424 2995 3524 3030 κα-

268 3073 512 3112 necesse
567 3058 764 3111 rationi
821 3069 1150 3116 consonum,
1187 3056 1482 3125 propositis
1543 3055 1648 3109 illis
1682 3071 1841 3122 nego-

1953 3057 2355 3126 ταπρᾶιξασθαι.
2393 3060 2512 3113 Εἴτε
2569 3061 2680 3130 γὰρ
2727 3063 2785 3114 τὸ
2814 3062 3003 3132 ψεῦδος
3042 3068 3221 3134 μισεῖν
3267 3067 3366 3132 δεῖ,
3430 3070 3526 3120 καὶ

269 3150 401 3204 tium
439 3164 648 3220 gerere,
683 3149 1002 3218 priusquam
1037 3149 1092 3202 in
1123 3164 1228 3201 una
1271 3149 1519 3203 veritatis
1576 3151 1847 3204 sententia

265 3255 454 3294 eorum
488 3241 579 3309 qui
614 3254 810 3294 nomen
837 3238 1056 3293 Christo
1081 3238 1368 3303 dederunt,
1433 3239 1687 3294 unionem
1721 3255 1850 3294 con-

269 3334 483 3388 ticiatis.
517 3333 642 3386 Sive
666 3331 810 3384 enim
845 3331 1186 3384 mendacium
1251 3331 1375 3384 odio
1415 3331 1725 3385 habendum
1754 3335 1846 3393 sit,

269 3435 319 3475 et
348 3438 511 3492 quam
540 3414 856 3490 longissime
899 3421 966 3473 ab
991 3419 1231 3474 Ecclesia
1282 3420 1702 3491 projicicndunt,
1770 3422 1848 3476 lo-

269 3531 391 3568 cum
437 3516 538 3570 hoc
570 3514 803 3568 maxime
847 3512 1010 3567 habet
1064 3512 1114 3565 in
1151 3527 1209 3565 re
1262 3521 1471 3574 nostra,
1537 3529 1659 3566 cum
1710 3529 1845 3568 sane

268 3605 775 3676 mttstetoppositas
807 3620 907 3660 nos
958 3603 1094 3658 tueri
1143 3604 1467 3668 sententias,
1526 3615 1578 3658 et
1639 3605 1847 3658 ntravis

269 3715 397 3770 pars
429 3698 610 3754 trahat
661 3711 847 3752 secum
904 3696 1198 3751 maximam
1253 3695 1535 3750 hominum
1586 3707 1842 3768 partem:

269 3793 382 3846 sive
409 3790 779 3846 necessarium
809 3789 880 3843 sit
913 3787 1200 3843 consulere
1239 3788 1469 3842 fratrum
1498 3789 1686 3854 Saluti,
1719 3804 1842 3843 cum

270 3885 372 3936 hoc
395 3883 464 3936 sit
489 3881 781 3934 charitatis
799 3894 926 3948 erga
958 3877 1078 3933 Illos
1118 3879 1299 3941 index,
1329 3895 1490 3948 quem
1553 3881 1631 3934 vel
1675 3881 1842 3933 alacri

268 3973 583 4040 profusione
632 3972 828 4025 animae
879 3969 1190 4038 impendere
1258 3971 1364 4024 illis
1411 3971 1690 4034 debemus,
1749 3972 1841 4040 qui

268 4063 610 4118 mendacium
661 4064 761 4115 hoc
817 4061 918 4114 rite
952 4071 1251 4130 agnoscent
1304 4072 1357 4116 et
1420 4061 1839 4126 aversabantur,

270 4173 376 4211 non
403 4156 668 4209 minorem
707 4153 864 4207 nobis
915 4152 1143 4222 gratiam
1208 4152 1506 4215 habebunt,
1561 4168 1725 4220 quam
1777 4153 1843 4208 iis

268 4248 361 4316 qui
393 4248 462 4300 ab
503 4245 820 4298 inﬁdelitate
847 4242 1199 4306 liberassent,
1265 4241 1336 4296 ob
1377 4240 1629 4302 salutem.
1663 4257 1828 4311 quam

1956 3147 2052 3214 τῆς
2121 3147 2452 3216 Ἑκκλησέας
2505 3150 2788 3204 ἐκϐάλλειν
2845 3153 2919 3216 ὡς
2975 3156 3334 3224 πορρωτάτω,
3386 3157 3523 3209 πολ)

1956 3240 2114 3291 τοῦτο
2167 3241 2270 3293 κάν
2305 3244 2414 3298 τοῖς
2465 3245 2844 3312 προκειμένοις
2895 3247 3063 3312 ἐστὶν,
3105 3249 3166 3300 ἐν
3221 3245 3304 3311 οἷς
3351 3248 3523 3318 δήπου

1958 3332 2262 3400 φαινόμεθα
2287 3333 2382 3395 τὰς
2404 3337 2791 3403 ἀντικειμένας
2814 3337 3027 3406 ἔχοντες
3046 3338 3222 3405 δόξας,
3252 3341 3345 3394 καὶ
3369 3342 3520 3393 πλεί-

1956 3439 2088 3492 στης
2129 3425 2239 3476 τῶν
2291 3425 2597 3495 ἀνθρώπων
2648 3430 2842 3498 μοίρας
2895 3434 3121 3500 κρατεῖ,
3158 3433 3423 3503 ὁποτέραν
3454 3431 3521 3486 ἂν

1955 3517 2099 3567 εἴποι
2135 3533 2238 3577 τις·
2270 3517 2377 3568 εἴτε
2408 3519 2504 3586 τῆς
2534 3519 2640 3571 τῶν
2667 3521 2909 3590 ἀδελφῶν
2944 3526 3194 3591 προνοεῖν
3242 3523 3519 3593 σωτηρίας
3553 3533 3556 3538 ’

1955 3605 2288 3672 ἐπάναγκες,
2323 3606 2415 3659 ἅτε
2470 3610 2566 3677 τῆς
2601 3611 2738 3679 πρὸς
2795 3613 2989 3675 αὐτοὺς
3039 3615 3259 3683 ἀγάπης
3297 3613 3521 3679 ἔνδειξιν

1953 3694 2097 3762 ἕχον,
2122 3695 2187 3766 ἢν
2221 3698 2311 3749 καὶ
2347 3697 2422 3765 τῷ
2449 3700 2548 3767 τὴν
2578 3700 2756 3772 ψυχὴν
2787 3703 2921 3772 ὑπὲρ
2947 3703 3122 3758 αὐτῶν
3149 3705 3352 3759 τιθέναι
3389 3724 3522 3777 προ-

1955 3787 2142 3856 θύμως
2165 3789 2375 3852 τούτοις
2400 3789 2711 3860 ὀφείλομεν,
2746 3794 2793 3845 οί
2836 3797 2986 3847 τουτὶ
3017 3797 3078 3848 τὸ
3097 3797 3290 3866 ψεῦδος
3314 3802 3492 3867 γνωσό
3511 3831 3524 3841 -

1957 3895 2106 3948 μενοι
2123 3879 2302 3942 καλῶς
2323 3882 2416 3934 καὶ
2439 3887 2784 3952 μισήσοντες,
2804 3887 2911 3938 τῶν
2939 3888 3040 3957 τῆς
3071 3892 3326 3954 ἀπιστίας
3347 3894 3523 3945 ἀπαλ-

1952 3968 2266 4038 λαξομένων
2299 3972 2450 4024 οὐδὲν
2480 3972 2689 4027 ἐλάττω
2736 3975 2835 4044 τῆς
2869 3978 3142 4049 σωτηρίας
3190 3982 3322 4049 ημῖν
3350 3983 3524 4051 ὀφλή-

1952 4077 2106 4114 σουσι
2135 4064 2318 4132 χάρινο
2349 4060 2416 4136 ἦς
2455 4064 2563 4118 τῶν
2593 4067 2896 4136 ἀμηχάνων
2939 4071 3057 4124 ἐστὶ
3085 4075 3268 4141 τυχεῖν
3290 4077 3413 4134 τοὺς
3441 4076 3523 4144 τῷ

1950 4151 2138 4220 ψεύδει
2172 4153 2523 4222 βεϐιωκότας,
2553 4159 2747 4212 ὁπόσον
2775 4158 2840 4211 ἂν
2875 4160 2987 4225 εἴη,
3024 4161 3115 4213 καὶ
3145 4163 3280 4223 πρὸς
3327 4163 3520 4232 ἥντινα

1952 4241 2052 4311 τῆς
2084 4241 2321 4305 πίστεως
2354 4244 2616 4314 ἀλήθειαν
2651 4247 2992 4317 διαμάχοιτο.

269 4333 990 4408 i-npossibileestconsequi
1017 4332 1304 4388 mendacio
1357 4333 1669 4399 obsecutus,
1737 4341 2225 4403 quantumcunque
2293 4334 2421 4392 illud
2486 4337 2576 4402 sit,
2632 4346 2686 4391 et
2734 4353 3061 4407 tinacunqtte
3116 4351 3315 4411 pugnet
3393 4357 3517 4395 eum

272 4433 502 4485 veritate
539 4428 684 4481 ﬁdei.

340 4524 603 4590 Quocirca
638 4536 821 4589 pacem
855 4535 917 4572 eo
949 4534 1058 4587 quo
1087 4534 1334 4589 propono
1360 4520 1521 4575 modo
1556 4519 1757 4585 facere,
1791 4531 1844 4576 ct
1877 4525 1922 4581 D

272 4619 499 4670 l'tatrum
533 4615 721 4668 salutis
748 4627 934 4665 curam
965 4621 1047 4666 est
1081 4612 1385 4680 suscipere,
1414 4619 1469 4666 et
1494 4613 1837 4668 mendacium

269 4709 563 4774 expellere,
597 4715 650 4759 et
671 4704 893 4772 gloriam
926 4701 1183 4757 Ecclesiae
1211 4703 1440 4756 dilatare
1461 4703 1836 4758 additamenta

273 4801 554 4854 hominum
601 4795 1053 4864 consequentium
1104 4793 1357 4848 salutem.
1403 4795 1459 4847 Si
1494 4795 1621 4863 quis
1675 4796 1841 4864 igitur

273 4895 364 4947 illo
404 4889 504 4944 sibi
540 4902 802 4958 persuaso
841 4901 1027 4939 curam
1057 4887 1122 4938 ad
1152 4886 1256 4938 alia
1285 4895 1589 4951 convertat,
1632 4887 1841 4942 videbi-

272 4997 360 5040 tur
390 4982 610 5054 quidem
652 4982 882 5034 inauiter
928 4977 1155 5032 fratrum
1189 4986 1243 5031 et
1275 4976 1546 5032 mendacii
1581 4988 1842 5046 praetextu

271 5074 639 5138 moveri,t:um
668 5085 852 5124 revera
889 5084 984 5138 spe
1013 5084 1286 5138 corporeae
1323 5069 1599 5124 felicitatis
1627 5071 1692 5124 ad
1730 5071 1842 5123 lure

273 5173 574 5220 moveatur.
607 5158 740 5215 Nam
776 5176 902 5212 cum
943 5175 1095 5227 :equa
1125 5159 1194 5212 sit
1233 5151 1495 5224 utrinque
1533 5161 1759 5225 utilitas,
1795 5171 1847 5214 et

275 5259 447 5325 possit
474 5265 704 5324 utraque
727 5267 826 5307 suo
852 5253 1044 5305 ordine
1068 5260 1349 5320 praestare,
1373 5267 1471 5305 cur
1496 5252 1666 5306 altero
1690 5253 1848 5320 plane

274 5347 572 5414 postposito
619 5345 684 5399 ad
715 5345 892 5398 solum
943 5342 1172 5395 alterum
1223 5339 1502 5394 incumbet
1543 5351 1596 5394 et
1642 5339 1832 5392 facilli-

274 5453 421 5489 mum
469 5437 670 5492 veritus
718 5435 1062 5507 aggredietur
1107 5433 1179 5497 id,
1215 5435 1357 5500 quod
1411 5433 1636 5491 multam
1684 5432 1843 5486 habet

277 5529 688 5583 tltllicultatetn?
723 5530 856 5594 Quis
887 5529 1034 5581 enim
1074 5528 1306 5597 ignorat,
1345 5525 1410 5578 ad
1456 5526 1588 5578 bella
1622 5526 1840 5594 quidem

273 5632 462 5676 contra
493 5621 736 5674 inlizlcles
771 5635 906 5687 opus
932 5636 1052 5673 esse
1088 5631 1140 5671 et
1179 5621 1345 5671 armis
1372 5627 1424 5671 ct
1459 5618 1711 5685 pecunia,
1744 5633 1836 5670 co-

279 5715 494 5781 piisque
547 5712 899 5766 terrestribus
954 5727 1016 5765 ac
1067 5711 1368 5775 navalibus,
1405 5721 1455 5762 t-t
1500 5696 1781 5774 duetbusf
1810 5731 1838 5763 e

2023 4521 2183 4573 Ὥστε
2212 4520 2274 4573 τὸ
2302 4521 2399 4590 τὴν
2433 4521 2662 4593 εἰρήνην
2693 4523 2754 4575 ὃν
2785 4523 3137 4592 συμϐουλείω
3166 4527 3365 4592 τρόπον
3402 4541 3522 4576 ποι-

1951 4613 2153 4675 εῖσθαι,
2182 4615 2400 4684 καὶτῆς
2431 4615 2540 4666 τῶν
2597 4615 2840 4682 ἀδελφῶν
2891 4618 3162 4687 σωτηρίας
3211 4616 3520 4686 φροντίζειν

1950 4707 2086 4769 ἐστὶ,
2116 4707 2210 4760 καὶ
2236 4705 2297 4758 τὸ
2323 4704 2513 4773 ψεῦδος
2553 4707 2794 4760 ἐλαύνειν
2824 4708 2915 4760 καὶ
2945 4709 3044 4776 τὴν
3077 4708 3237 4775 δόξαν,
3267 4711 3362 4775 τῆς
3398 4709 3517 4760 Ἐκ-

1953 4796 2182 4861 κλησίας
2230 4799 2296 4866 τῇ
2353 4796 2461 4847 τῶν
2504 4796 2826 4865 σωζομένων
2873 4797 3056 4860 αὔξειν
3110 4799 3393 4867 προσθήκῃ
3451 4798 3521 4849 Εἴ

1952 4905 2036 4951 τις
2065 4885 2158 4944 οὖν
2197 4891 2371 4941 ἐκεῖνο
2416 4889 2678 4952 πεισθεὶς,
2705 4892 2800 4942 ἐπὶ
2846 4891 3013 4944 τᾶλλα
3047 4892 3234 4961 τρέποι
3270 4890 3366 4959 τὴν
3401 4892 3519 4940 ἐπε-

1958 4983 2202 5050 μέλειαν,
2233 4984 2502 5051 πρόφασιν
2532 4983 2706 5043 ἄλλως
2738 4983 2864 5043 τοὺς
2896 4981 3156 5050 ἀδελφσὺς
3181 4984 3274 5034 καὶ
3298 4984 3358 5034 τὸ
3386 4980 3520 5049 ψεῦ-

1950 5074 2039 5135 δος
2065 5075 2204 5140 δόξει
2237 5074 2522 5137 ποιεῖσθαι,
2545 5073 2725 5125 ἐλπίσι
2759 5073 3080 5142 σωματικῆς
3112 5073 3364 5141 εὐτυχίας
3388 5071 3522 5139 ἀλη-

1954 5166 2062 5228 θῶς
2097 5166 2235 5232 πρὸς
2279 5164 2450 5216 ταῦτα
2494 5165 2836 5232 κινούμενος.
2883 5165 3002 5226 Πῶς
3039 5163 3148 5230 γὰρ
3183 5164 3523 5231 ἑκατέρωθεν

1953 5256 2075 5325 ἴσης
2113 5253 2281 5322 οὔσης
2323 5256 2419 5322 τῆς
2466 5254 2750 5322 ὡφελείας,
2785 5256 2877 5306 καὶ
2919 5253 3213 5322 δυνάμενος
3263 5258 3320 5305 ὲν
3367 5253 3520 5316 τάξει

1956 5347 2215 5414 πράττειν
2247 5348 2555 5416 ἀμφότερα,
2595 5348 2823 5417 θατέρου
2856 5346 3105 5413 καθάπαξ
3141 5347 3429 5416 ὑπεριδὼν,
3456 5345 3520 5396 τὸ

1957 5437 2142 5491 λοιπὸν
2175 5439 2508 5510 προϐήσεται
2545 5440 2724 5508 μόνον,
2755 5442 2848 5493 καὶ
2881 5441 2940 5493 τὸ
2975 5442 3172 5510 ῥᾷστον
3195 5439 3522 5507 εὐλαϐηθεὶς

1956 5532 2292 5602 ἐπιχειρήσει
2332 5530 2410 5600 τῷ
2457 5532 2654 5601 πολλὴν
2695 5533 3016 5602 δυσχέρειαν
3052 5535 3265 5602 ἔχοντες
3297 5533 3374 5593 τίς
3412 5530 3522 5596 γὰρ

1952 5627 2052 5678 οὐκ
2085 5621 2242 5683 οἶδεν,
2275 5624 2356 5675 ὅτι
2410 5625 2547 5693 πρὸς
2604 5623 2703 5694 μὲν
2753 5625 2878 5686 τοὺς
2929 5625 3068 5676 κατὰ
3117 5627 3216 5691 τῆς
3265 5625 3517 5684 ἀπιστίας

1953 5718 2223 5785 πολέμους
2248 5718 2339 5769 καὶ
2361 5717 2538 5769 ὅπλων
2560 5717 2637 5766 δεῖ
2670 5715 2762 5766 καὶ
2794 5716 3090 5784 χρημάτων
3117 5718 3204 5765 καλ
3241 5715 3296 5765 iu
3315 5757 3320 5762 .
3340 5715 3517 5780 ξίν-τως
