3948 6186
451 257 556 322 ιιι)

445 468 538 521 καὶ
570 467 765 537 χρόνου
792 465 869 536 τῷ
899 467 1118 537 μεγέθει
1152 467 1247 521 τοῦ
1280 471 1610 538 πράγματος
1637 470 2020 542 ἐξαρκοῦντος

444 559 584 612 ὥστε
619 559 675 612 δὲ
711 561 832 628 περὶ
865 559 972 611 τῶν
999 560 1380 630 προκειμένων
1412 563 1623 633 τάληθῆ
1656 562 2022 633 διορίσασθαι,

445 655 538 706 καὶ
591 652 721 722 μίαν
760 653 888 722 περὶ
937 654 1143 707 τούτων
1193 655 1402 718 πάντας
1450 655 1677 726 γνώμην
1722 655 1930 719 λαϐεῖν,
1965 657 2026 708 τὸ

445 744 774 814 βουληθῆναι
819 745 982 812 μόνον
1034 746 1276 816 ἀπόχρη.
1322 750 1412 801 καὶ
1462 749 1593 811 Θεὸς
1633 749 1842 803 ἀνωθεν
1890 750 2025 817 πρὸς

441 837 534 890 τὸν
567 837 773 890 σκοπὸν
807 836 1001 891 ἰθύνων
1033 839 1134 910 τὴν
1178 839 1453 910 βούλησιν,
1484 843 1578 894 καὶ
1619 841 1697 911 τῷ
1738 843 1882 894 τέλει
1925 842 2024 910 τὴν

440 927 732 993 ἐπαινετὴν
769 929 1064 996 ἐπιθυμίαν
1109 932 1630 1000 προσάγων;⁹Ωστ’
1681 933 1728 984 εί
1781 934 1874 987 καὶ
1924 935 2024 995 τὰς

442 1021 580 1073 κατά
597 1020 704 1072 τῶν
734 1021 978 1073 ἀπίστων
1003 1022 1235 1090 μελέτας
1253 1026 1519 1094 δευτέρας
1545 1023 1833 1092 ἀξιοῦσθαι
1861 1043 2022 1102 φρον-

440 1115 606 1177 τίδος,
643 1116 739 1168 καὶ
774 1118 885 1178 τοῖς
917 1118 1046 1186 περὶ¹
1086 1118 1198 1171 τῶν
1228 1119 1518 1188 δογμάτων
1549 1109 1757 1187 ἀγῶσιν
1791 1120 2019 1174 ἕπεσθαι

441 1209 540 1270 δεῖ,
589 1207 693 1262 ποῦ
743 1212 908 1278 τιμὰς
964 1215 1057 1265 καὶ
1097 1213 1376 1282 προσόδων
1406 1215 1664 1284 αὐξήσεις
1707 1216 1801 1268 καὶ
1833 1233 2024 1269 κοινω-

440 1301 559 1352 νίαν
603 1301 713 1353 τῶν
762 1301 1116 1372 ὑπαρχόντων
1163 1307 1259 1356 καὶ
1305 1305 1475 1359 τᾶλλα
1515 1306 1698 1359 πάντα
1733 1306 1954 1370 θετέονς
1989 1306 2025 1361 ἃ.

440 1393 538 1461 τῆς
592 1395 818 1464 εἰρήνης
871 1397 1295 1467 ἀποτελέσματα
1351 1399 1551 1470 μᾶλλον
1599 1401 1748 1470 ἤπερ
1799 1402 2024 1471 εἰρήνην

443 1485 646 1553 πρέπει
673 1485 857 1537 καλεῖν
880 1501 897 1519 ο
927 1485 1024 1538 καὶ
1071 1481 1148 1540 ὧν
1195 1486 1318 1540 οὔτε
1363 1487 1462 1557 τὴν
1496 1489 1604 1541 τῶν
1633 1489 1882 1558 ἀδελφῶν
1911 1505 2020 1540 σω-

441 1576 658 1646 τηρίαν,
688 1575 812 1630 οὕτε
849 1576 946 1648 τὴν
976 1581 1077 1648 τῆς
1112 1575 1372 1650 ἀληθινῆς
1403 1581 1642 1643 πίστεως
1682 1579 1890 1650 ὕψωσιν
1929 1582 2022 1634 καὶ

440 1671 532 1722 τοῦ
562 1669 792 1738 ψεύδους
825 1670 1140 1741 ἀνατροπὴν
1178 1671 1327 1724 ἐστιν
1360 1673 1636 1726 αἰτιᾶσθαι
1659 1690 1671 1702 ο
1699 1676 1759 1725 ού
1793 1674 1901 1742 γὰρ
1930 1675 2023 1741 δή-

1635 257 1922 323 ORATIO
1964 260 1984 319 Ι
2015 261 2113 319 AD
2143 257 2528 321 SYNODUM.

449 374 621 443 πεζῆς
656 391 712 427 τε
752 373 845 427 καὶ
882 375 1140 444 ναυτικῆς
1182 376 1276 428 καὶ
1321 379 1645 447 στρατηγῶν
1675 380 1768 431 καὶ
1819 379 2014 450 καιρῶν

2132 373 2540 436 occasionibus,
2580 381 2632 426 ct
2667 382 2927 442 tempere,
2967 373 3109 443 quod
3139 376 3208 430 sit
3240 376 3315 430 rei
3349 379 3714 448 magnitudini
3751 387 3804 415 ε’

3608 264 3714 327 430

2139 467 2312 522 satis?
2336 464 2401 520 Ut
2423 475 2602 519 autem
2633 465 2700 519 de
2741 465 2905 520 rebus
2937 467 3234 536 propositis
3260 484 3447 525 verum
3479 471 3714 546 deﬁnia-

2139 567 2246 619 tur,
2284 568 2335 612 et
2373 573 2536 611 unam
2566 573 2757 613 omnes
2790 559 2856 614 de
2900 559 3010 614 illis
3045 561 3372 616 sententiam
3409 564 3707 634 amplecta-

2136 651 2288 713 mini,
2322 649 2456 704 satis
2498 659 2773 720 superque
2805 665 2926 707 esse
2962 651 3102 707 velle
3149 662 3382 720 tantum,
3429 654 3712 727 Deumque

2134 742 2409 813 desuper,
2461 743 2554 812 qui
2598 743 2929 811 voluntatem
2969 744 3037 799 ad
3089 759 3319 816 secputn
3372 748 3607 819 dirigat,
3657 762 3714 804 et

2137 833 2408 888 laudabile
2441 834 2776 890 desiderium
2809 836 2875 890 ad
2910 831 3072 890 tinem
3109 839 3415 906 perducat?
3447 839 3636 911 Itaque
3662 844 3711 897 si

2131 937 2179 979 et
2229 925 2588 996 cogitationes
2622 927 2890 981 adversus
2915 926 3159 983 inﬁdeles
3185 932 3426 986 secundo
3459 933 3579 988 loco
3613 935 3709 989 ba-

2131 1019 2321 1073 beudae
2373 1026 2538 1083 sunt,
2578 1029 2633 1074 et
2685 1018 2839 1090 sequi
2875 1018 2999 1074 illas
3049 1030 3263 1090 oportet
3313 1032 3440 1092 post
3494 1023 3712 1080 labores

2131 1111 2481 1180 dogmatibus
2520 1111 2858 1181 impertitos,
2887 1127 2994 1182 quo
3020 1113 3136 1169 loco
3172 1114 3328 1170 nobis
3357 1124 3519 1170 erunt
3544 1118 3715 1172 bono-

2130 1218 2238 1271 res,
2267 1212 2744 1273 proventuumque
2783 1205 3252 1276 ampliﬁcationes,
3289 1216 3341 1262 ct
3367 1223 3533 1278 opum
3561 1225 3716 1264 com-

2132 1300 2338 1363 munio,
2368 1313 2432 1352 ac
2456 1305 2653 1352 caetera
2683 1307 2894 1363 omnia,
2931 1313 3052 1367 quae
3079 1301 3260 1370 potius
3287 1301 3512 1358 effectus
3537 1303 3712 1374 pacis,

2093 1403 2096 1406 ·
2129 1405 2292 1456 quam
2338 1403 2438 1459 pax
2492 1390 2605 1458 ipsa
2637 1389 2867 1445 dicenda
2921 1401 3051 1446 sunt
3082 1409 3096 1445 :
3128 1404 3184 1448 et
3222 1408 3250 1446 a
3281 1395 3482 1463 quibus
3534 1411 3714 1466 neque

2131 1481 2360 1535 fratrum
2409 1483 2679 1548 salutent,
2734 1496 2912 1554 neque
2945 1499 3086 1540 verte
3130 1485 3255 1540 ﬁdei
3298 1486 3709 1550 exaltationem,

2129 1583 2226 1626 aut
2261 1576 2529 1629 mendacii
2559 1578 2901 1631 eversionem
2938 1577 3072 1632 oriri
3104 1579 3422 1633 discendum
3458 1580 3584 1635 est?
3614 1595 3712 1634 ne-

2128 1679 2236 1734 que
2283 1665 2425 1719 enim
2451 1681 2517 1720 ex
2547 1665 2618 1722 iis
2649 1676 2880 1736 possunt
2909 1668 3024 1722 hare
3085 1667 3298 1730 inferri,
3341 1684 3519 1739 neque
3554 1668 3710 1724 Chri-

445 1780 548 1817 που
599 1763 737 1833 πρὸς
782 1763 960 1816 ταῦτα
1014 1764 1265 1820 δύνανται
1301 1771 1511 1838 φέρειν,
1551 1767 1670 1820 οὐδὲ
1713 1766 2014 1829 πάνταςέκ

2125 1757 2325 1812 stianis
2371 1758 2631 1814 omnibus
2679 1773 2776 1828 per
2808 1773 2870 1813 ea
2916 1761 3187 1829 speranda
3225 1770 3315 1816 est
3351 1761 3578 1829 utilitas,
3616 1766 3710 1818 sed

442 1857 646 1909 τούτων
691 1856 838 1908 ἔστιν
881 1855 1209 1926 ὡφελεῖσθαι
1242 1858 1627 1929 Χριστιανοὺς,
1656 1859 1769 1911 ἀλλ’
1802 1859 2014 1926 ὀλίγους

441 1950 566 2012 τοὺς
613 1949 791 2002 αὐτῶν
836 1942 1147 2017 δεομένους,
1172 1951 1266 2004 καὶ
1295 1943 1375 2014 οἷς
1418 1951 1680 2020 ἁρμόττει
1710 1950 1880 2003 ταῦτα
1915 1947 2015 2018 ζηο

438 2043 571 2097 τεϊν.
613 2042 772 2096 Ἀλλά
814 2045 922 2112 μὴν
957 2042 1041 2112 ἐφ’
1084 2043 1256 2096 ἅπασι
1289 2045 1400 2108 τοῖς
1443 2045 1760 2115 εἰρημένοις
1787 2045 1884 2107 τὴν
1916 2043 2016 2111 μὲν

444 2135 800 2205 παρασκευὴν
838 2136 1022 2188 πᾶσαν
1057 2137 1214 2204 ἡμῶν
1260 2136 1371 2206 ὁρῶ
1425 2137 1813 2205 οἰκουμενικῆς
1862 2133 2018 2200 ἀξίαν

373 2218 390 2235 ’
444 2229 688 2292 συνόδου,
720 2228 815 2281 καὶ
843 2229 909 2298 τῇ
943 2228 1072 2297 περὶ
1101 2228 1211 2281 τῶν
1244 2228 1532 2296 δογμάτων
1560 2229 1742 2299 κρίσει
1774 2230 1866 2280 καὶ
1893 2227 2016 2280 λίαν

439 2323 740 2392 ἀρκοῦσαν,
790 2321 1006 2384 οὐδενὸς
1058 2323 1190 2391 ἡμῖν
1244 2321 1352 2374 τῶν
1425 2322 1768 2392 ποιησόντων
1824 2321 2014 2394 ῥᾳδίαν

437 2415 642 2485 ταύτην
677 2413 1051 2478 ἐλλείποντος·
1085 2417 1150 2486 ἢν
1187 2414 1244 2468 δέ
1281 2432 1428 2476 τινες
1461 2414 1794 2484 ἐπιθυμοῦσι
1841 2417 2015 2484 πράτ-

437 2526 552 2562 τειν
583 2509 832 2580 εἰρήνην,
855 2506 1050 2562 πολλοῦ
1089 2508 1170 2562 δεῖ
1194 2507 1532 2578 τηλικαύτης
1554 2505 1719 2576 ἔργον
1742 2501 1880 2561 εἶναι
1913 2525 2016 2560 παι

442 2601 714 2672 ρασκευῆς
732 2616 746 2630 ο
774 2599 900 2671 ὲξῆν
929 2600 1038 2671 γὰρ
1068 2600 1160 2654 καὶ
1192 2599 1454 2669 πρέσϐεσι
1477 2598 1682 2669 ταύτην
1708 2599 2012 2668 περαίνειν,

441 2696 637 2758 αὐτοὺς
661 2694 1006 2764 πραγμάτων
1030 2692 1484 2763 ἀπηλλαγμένους
1505 2709 1518 2723 ·
1546 2695 1640 2747 καὶ
1666 2691 1779 2745 οὔτ’
1805 2694 2015 2745 ἀναλω-

444 2789 632 2858 μάτων
666 2789 772 2842 ἔδει
818 2787 1105 2852 τοσούτων,
1150 2787 1322 2839 ὁπόσα
1355 2789 1466 2849 τοῖς
1501 2787 1599 2854 μὲν
1629 2787 1862 2840 διδοῦσιν
1898 2783 2012 2856 εἶχε

437 2881 776 2952 δυσχέρειαν,
803 2881 913 2944 τοῖς
946 2879 990 2932 δ’
1037 2879 1137 2933 οὐκ
1180 2879 1397 2949 ἔχουσιν
1444 2881 1660 2934 οἴκοθεν
1695 2883 1790 2935 καὶ
1820 2881 2013 2952 δεομέ-

438 2995 547 3040 νοις
588 2976 785 3040 ἄλλων,
817 2976 866 3027 εἰ
919 2975 1001 3029 δεῖ
1047 2973 1257 3043 τάληθῆ
1310 2972 1514 3040 λέγειν,
1568 2973 1834 3042 αἰσχύνην
1891 2973 2015 3043 μεθ’

438 3070 698 3139 ὑποψίας,
729 3067 854 3122 οὔτε
913 3067 1092 3120 πόνων
1147 3066 1244 3120 καὶ
1298 3064 1562 3119 κινδύνων
1593 3067 1868 3119 τοσούτων
1898 3068 2014 3129 τοῖς

438 3161 777 3231 πανταχόθεν
826 3159 1338 3231 συνηθροισμένοις·
1390 3159 1592 3227 μᾶλλον
1641 3159 1686 3211 δ’
1733 3155 1826 3214 οῦν
1864 3159 2017 3212 ἔστιν

435 3257 611 3306 εἰπεῖν
641 3254 740 3316 τὰς
794 3251 1139 3322 ἑκατέρωθεν
1171 3250 1517 3322 δυσχερείας,
1572 3250 1638 3313 ἃς
1667 3252 1700 3322 ὴ
1732 3252 1830 3322 τῆς
1864 3253 2013 3322 εἰρή-

442 3367 538 3416 νης
580 3345 849 3414 ἐπιθυμία
903 3345 1166 3414 συνεργὸν
1220 3344 1459 3414 εὑροῦσα
1507 3345 1566 3398 τὸ
1615 3343 1781 3407 θεῖον,
1837 3346 2016 3410 πάσας

439 3442 660 3510 ἐνίκησε
687 3455 701 3469 ·
729 3441 824 3493 καὶ
869 3431 942 3492 ὧν
995 3439 1251 3510 χαλεπῶς
1294 3439 1413 3508 μὲν,
1453 3437 1704 3509 ὑπερεῖδε
1753 3438 1798 3490 δ’
1843 3439 2014 3507 ὅμως.

438 3535 551 3587 Οὐκ
583 3530 701 3587 οἰδα
724 3532 903 3584 τοίνυν
933 3531 986 3582 τί
1016 3530 1149 3600 πρὸς
1183 3531 1308 3593 τοὺς
1335 3530 1700 3597 ἐγκαλοῦντας
1738 3531 2015 3599 ἀπολογῆ-

438 3626 620 3688 σεσθε,
654 3625 885 3693 μάταιον
910 3623 1184 3688 δείξαντες
1207 3623 1305 3692 τὴν
1331 3624 1588 3694 τοιαύτην
1622 3624 1718 3676 καὶ
1742 3623 2015 3694 τοσαύτην

436 3717 816 3786 παρασκευὴν,
859 3715 956 3769 καὶ
1005 3716 1100 3780 τὴν
1152 3717 1374 3785 εἰρήνην
1426 3715 1790 3783 πεποιηκότες
1842 3715 2013 3782 ὄνομα

442 3810 599 3876 μόνον
651 3808 743 3860 καὶ
800 3807 991 3876 φήμην
1044 3807 1182 3868 ὅλως
1222 3806 1429 3875 κενή-ι·
1474 3806 1536 3858 τὸ
1565 3806 1674 3873 γὰρ
1725 3805 2014 3874 βούλεσθαι

437 3898 828 3952 καταλείπεται
864 3898 1045 3966 μόνον,
1075 3898 1184 3949 τῶν
1216 3895 1388 3950 ἄλλων
1436 3896 1696 3950 ἁπάντων
1725 3897 1949 3966 ἄμεινον
1979 3896 2012 3966 ἢ

435 3992 558 4044 κατ’
609 3992 801 4062 εὐχὴν,
862 3989 937 4052 ὡς
995 3989 1175 4053 ἔξεστι
1239 3988 1482 4058 βλέπειν,
1541 3989 2012 4058 εὑτρεπισμένων.

434 4085 714 4155 Θαυμάζω
760 4083 838 4148 δὲ,
866 4084 914 4136 εἰ
975 4081 1180 4152 μηδένα
1228 4081 1358 4149 ὑμῖν
1418 4079 1742 4149 ἐγκαλέσειν
1790 4079 2014 4148 ἡγεῖσθε

433 4177 678 4239 δικαίως,
711 4174 853 4228 οὕτω
881 4175 950 4227 τὰ
988 4174 1115 4244 τῇδε
1165 4173 1548 4242 διῳκημένοις.
1605 4171 1872 4240 Καθάπερ
1908 4173 2014 4241 γὰρ

434 4270 492 4319 τὶ
520 4269 631 4328 τοῖς
669 4267 946 4334 μεγίστοις
979 4263 1281 4334 ἐπιχειρεῖν
1325 4263 1455 4317 ἄνευ
1487 4263 1590 4332 τῆς
1627 4262 2014 4333 προσηκούσης

435 4357 792 4429 παρασκευῆς
837 4355 1098 4417 ἀπονοίας
1145 4355 1263 4408 ἐστὶ
1299 4359 1547 4425 σημεῖον,
1579 4355 1724 4408 οὕτω
1761 4355 1820 4407 τὸ
1878 4355 2020 4424 πρὸς

434 4451 499 4499 τὰ
533 4449 772 4517 μέγιστα
803 4447 902 4516 μὲν
935 4446 1249 4516 ἀρκούντως
1274 4445 1748 4515 παρεσκευάσθαι,
1770 4445 2011 4516 χρῆσθαι
2049 4467 2091 4520 ι)

433 4539 489 4592 δὲ
535 4541 600 4609 τῇ
651 4540 980 4609 παρασκευῇ
1015 4537 1150 4606 πρὸς
1199 4538 1264 4590 τὰ
1304 4536 1412 4588 τῶν
1461 4537 1639 4607 ἔργων
1673 4538 2005 4607 φαυλότερα,

436 4631 530 4682 καὶ
563 4631 664 4699 τὴν
697 4628 1002 4698 προθυμίαν
1031 4629 1160 4698 ἄχρι
1208 4628 1418 4681 τούτων
1463 4629 1747 4694 ἐκτείνειν,
1776 4629 1886 4697 ἐγὼ
1914 4630 2011 4699 μὲν

434 4724 492 4774 ού
527 4721 791 4790 βούλομαι
815 4723 1016 4789 λέγειν,
1043 4720 1254 4774 πολλῶν
1274 4722 1316 4774 δ’
1343 4720 1707 4792 ἐγκλημάτων
1726 4723 1840 4784 τοῖς
1866 4722 2009 4775 οὕτω

432 4813 821 4882 προελομένοις
875 4815 1148 4884 πρόφασιν
1195 4813 1336 4890 ἔχει.
1385 4815 1494 4867 Καὶ
1541 4812 1665 4865 οὒτε
1702 4813 2012 4882 στρατηγὸν

431 4903 556 4956 νοῦν
589 4904 735 4973 ἔχειν
766 4904 978 4973 ἡγεῖταί
1011 4921 1092 4966 τις
1121 4903 1246 4957 νοῦν
1276 4905 1440 4968 αὐτὸς
1475 4905 1636 4974 ἔχων,
1659 4903 1717 4966 ὃς
1748 4907 1844 4960 καὶ
1869 4904 2009 4974 πλή-

430 4995 514 5048 θει
567 4997 660 5048 καὶ
707 4996 876 5068 ἀρετῇ
933 4998 1025 5050 καὶ
1061 4998 1247 5060 ὅπλοις
1289 4998 1382 5050 καὶ
1429 4999 1542 5059 τοῖς
1593 4997 1770 5058 ἄλλοις
1801 4998 2010 5049 ἅπασιν

429 5085 747 5154 ἀρκούντως
794 5085 1160 5156 ἐξηρτυμένος
1209 5089 1346 5157 πρῖις
1397 5086 1627 5156 ζήτησιν
1682 5087 1850 5150 ἔξεισι
1900 5085 2008 5137 τῶν

431 5178 667 5247 ἐχθρῶν,
698 5178 790 5232 καὶ
822 5179 988 5231 πολὺν
1048 5177 1148 5248 μὲν
1195 5181 1384 5250 χρόνον
1419 5177 1736 5240 αναλωκὼς,
1760 5179 1846 5230 διὰ
1878 5179 2006 5230 πολ-

429 5269 528 5337 λῆς
560 5271 612 5322 δὲ
647 5271 1212 5341 δυσχερείας-ἐλάσας,
1237 5267 1356 5325 εἶτα
1381 5271 1534 5342 μόλις
1556 5270 1794 5340 ἐντυχὼν
1823 5273 2007 5325 αὐτοῖξ

427 5361 628 5427 ὀλίγοις
660 5379 718 5414 τε
751 5362 846 5414 καὶ
881 5363 1309 5434 πεφοϐημένοις,
1355 5365 1448 5416 καὶ
1483 5362 1579 5430 τὴν
1614 5363 1757 5416 κατὰ
1789 5362 2005 5432 πρόσω-

429 5470 530 5505 πον
560 5456 621 5505 οὐ
657 5455 882 5522 εξέρευσι
921 5457 1123 5526 μάχην,
1155 5456 1215 5508 τὸ
1247 5455 1441 5524 τρέψαι
1470 5457 1693 5516 τούτους
1726 5455 2004 5523 ἀρκοῦσαν

425 5547 644 5615 ἡγεῖται
678 5549 858 5615 νίκην,
893 5549 1240 5600 παντάπασιν
1278 5549 1476 5610 αὐτοὺς
1525 5547 1861 5616 διαφθεῖραι,
1909 5547 2002 5597 καὶ

422 5640 550 5700 τοὺς
611 5638 710 5706 μὲν
767 5640 1059 5709 συγκόψαι,
1103 5642 1230 5702 τοὺς
1279 5641 1334 5691 δὲ
1384 5640 1569 5692 λαϐεῖν
1626 5639 2001 5709 αἰχμαλώτους

425 5729 899 5799 δυνάμενοςσοθθ’
950 5731 1106 5799 ὑμεῖς
1143 5731 1209 5782 τὰ
1260 5733 1410 5801 napi
1462 5732 1552 5785 τὸν
1601 5731 1721 5784 νοῦν
1769 5730 2002 5798 ἐχόντων

2131 1849 2319 1919 paucis
2351 1849 2445 1919 qui
2471 1850 2579 1905 illis
2610 1859 2790 1920 egent,
2826 1851 3141 1922 quibusque
3183 1855 3438 1923 congruit
3469 1869 3532 1911 ea
3557 1871 3711 1925 quae-

2128 1957 2269 1999 rere.
2307 1943 2388 1996 Atl
2417 1945 2531 1998 haec
2554 1945 2736 1998 omnia
2769 1944 2902 1998 illud
2924 1945 3090 1999 addo.
3113 1944 3250 2000 Nam
3283 1956 3456 2000 totum
3492 1946 3708 2017 quidem

2129 2045 2375 2090 nostrum
2433 2048 2759 2106 apparatum
2817 2039 3154 2093 meumenica
3208 2041 3414 2110 synodo
3481 2041 3708 2110 dignum

2127 2129 2434 2197 conspicio,
2459 2129 2936 2199 dijudicaudisque
2965 2131 3312 2200 dogmatibus
3344 2133 3560 2187 abunde
3586 2131 3708 2186 sut-

2129 2221 2420 2287 lieientem,
2460 2232 2512 2274 et
2546 2220 2681 2275 nihil
2719 2222 2876 2277 nobis
2902 2222 3116 2288 deesse,
3154 2239 3248 2292 per
3281 2224 3427 2292 quod
3462 2226 3711 2293 prestari

2127 2311 2285 2366 tacite
2337 2313 2385 2365 id
2423 2313 2630 2382 possit;
2668 2329 2855 2382 pacem
2887 2331 3035 2381 vero,
3069 2331 3232 2386 quam
3283 2316 3454 2386 aliqui
3485 2326 3705 2387 optant,

2129 2405 2300 2458 multo
2342 2406 2676 2472 inferiorem,
2713 2422 2877 2476 quam
2919 2417 2977 2462 ut
3006 2409 3078 2463 sit
3125 2410 3259 2463 tanti
3295 2424 3432 2478 opus
3467 2424 3702 2479 appara-

2127 2507 2234 2564 tus;
2276 2508 2486 2570 poterat
2517 2500 2661 2553 enim
2687 2501 2799 2554 hate
2816 2509 2868 2555 et
2902 2515 2996 2571 per
3026 2500 3232 2571 legatos
3268 2502 3405 2569 lieri,
3439 2503 3584 2556 nulla
3614 2519 3712 2556 no-

2128 2591 2208 2644 bis
2241 2592 2588 2647 incommoda
2617 2593 2979 2649 sentientibus
3013 2613 3025 2648 :
3064 2610 3162 2649 nec
3195 2596 3360 2652 tantis
3405 2612 3544 2667 opus
3593 2609 3712 2652 erat

2127 2684 2387 2750 imp-ensis
2409 2726 2423 2750 ,
2463 2701 2583 2755 quae
2617 2701 2811 2754 graves
2839 2687 3057 2757 quidem
3095 2699 3282 2744 essent
3313 2691 3712 2760 suppeditanti-

2127 2777 2260 2831 bus:
2290 2793 2398 2831 non
2433 2777 2766 2833 habentibus
2790 2793 2919 2833 vero
2949 2779 3073 2848 quid
3103 2780 3170 2835 de
3206 2797 3302 2836 suo
3349 2782 3708 2845 iusumerent,

2125 2882 2177 2922 et
2200 2869 2380 2926 alieno
2408 2887 2514 2926 acre
2545 2872 2937 2939 indigentibus,
2974 2874 3019 2926 si
3045 2889 3232 2928 verum
3277 2875 3434 2930 fateri
3469 2887 3705 2946 oportet,

2126 2963 2481 3032 ignominiam
2512 2978 2636 3017 cum
2678 2964 2994 3034 suspicione
3036 2965 3342 3030 inurerent,
3403 2983 3503 3021 nee
3542 2969 3708 3023 tantis

2126 3054 2404 3109 laboribus
2449 3069 2513 3107 ac
2561 3055 2815 3122 periculis
2857 3070 3069 3118 eorum,
3111 3057 3204 3126 qui
3251 3058 3489 3128 undique
3531 3071 3704 3130 coacti

2042 3122 2276 3211 ctrum,
2339 3153 2395 3198 ut
2429 3157 2500 3198 ne
2549 3144 2726 3198 dicant
2758 3146 2941 3214 potius
2989 3146 3275 3216 utriusque
3308 3149 3456 3218 pacis
3488 3149 3701 3203 deside-

2124 3240 2262 3294 rium
2290 3278 2305 3304 ,
2346 3237 2514 3291 Deum
2545 3237 2849 3308 adiutorem
2886 3246 3131 3302 nactum,
3164 3240 3442 3308 superavit
3473 3256 3662 3296 omnes
3689 3260 3703 3302 ;

2124 3344 2370 3400 quasque
2427 3344 2569 3399 aegre
2613 3328 2856 3399 quidem,
2880 3329 3208 3399 contempsit
3231 3341 3435 3384 tamen.
3459 3331 3704 3402 Quapro-

2125 3429 2246 3488 pter
2279 3419 2467 3474 nescio
2495 3418 2624 3489 quid
2657 3421 2979 3488 responsuri
3008 3420 3128 3476 sitis
3159 3421 3225 3475 ad
3256 3436 3350 3477 eos
3377 3424 3470 3493 qui
3509 3424 3576 3477 de
3611 3439 3704 3478 vo-

2123 3511 2207 3566 bis
2247 3521 2696 3578 conquerentur,
2727 3513 2772 3568 si
2817 3513 2974 3566 talem
3017 3522 3339 3582 tantumque
3379 3527 3699 3586 apparatum

2122 3602 2323 3658 frustra
2352 3604 2625 3660 exstitisse
2649 3606 2979 3669 ostendatis,
2999 3615 3052 3658 et
3081 3621 3265 3674 pacein
3295 3609 3516 3663 nomine
3542 3619 3698 3664 lenus

2123 3697 2374 3766 famaque
2395 3711 2620 3765 prorsus
2646 3697 2795 3752 inani
2823 3699 3158 3754 conﬁciatis:
3188 3709 3358 3755 restat
3381 3700 3526 3756 enim
3560 3703 3696 3756 velle

2125 3791 2356 3854 tantum,
2381 3805 2528 3853 cum,
2561 3797 2619 3844 ut
2647 3790 2829 3845 videre
2859 3791 3010 3854 licet,
3043 3791 3255 3861 reliqua
3287 3792 3468 3847 omnia
3499 3804 3696 3862 pr:rstu

2123 3881 2233 3935 sint
2280 3896 2445 3951 supra
2481 3896 2641 3936 omne
2685 3891 2892 3936 votum.
2932 3882 3101 3936 Miror
3142 3894 3348 3947 autem,
3393 3885 3438 3940 si
3485 3887 3694 3938 nullum

2121 3989 2219 4029 vos
2256 3975 2449 4029 merito
2474 3974 2851 4030 incusaturum
2885 3978 3249 4039 arbitramini,
3279 3979 3438 4032 rebus
3471 3979 3523 4032 in
3560 3981 3698 4032 limae

2127 4069 2347 4121 modum
2378 4067 2433 4120 in
2477 4066 2625 4120 italia
2661 4067 3006 4135 compositis".
3040 4068 3192 4122 Sicut
3226 4069 3374 4123 enim
3415 4071 3698 4123 dementiae

2121 4160 2335 4228 signum
2364 4166 2469 4220 est,
2505 4172 2590 4211 res
2629 4157 2896 4212 maximas
2923 4159 3141 4228 aggredi
3176 4160 3295 4213 sine
3329 4163 3692 4214 conveniente

2122 4257 2420 4317 apparatu;
2449 4249 2520 4301 ita
2548 4248 2590 4300 si
2629 4263 2754 4302 eum
2785 4250 2857 4301 sit
2888 4249 2954 4303 ad
2992 4265 3078 4303 res
3102 4250 3367 4303 maximas
3398 4261 3686 4318 apparatus

2122 4337 2274 4402 satis,
2295 4352 2360 4392 eo
2396 4338 2519 4407 quis
2551 4348 2732 4392 utatur
2764 4339 2828 4392 ad
2863 4338 3087 4393 exiliora
3109 4337 3303 4408 'opera,
3335 4341 3693 4410 studiumque
3774 4377 3782 4388 η

2122 4429 2376 4484 extendat
2417 4445 2592 4498 usque
2625 4429 2690 4484 ad
2732 4430 2858 4493 illa;
2892 4446 2990 4500 ego
3018 4431 3237 4499 quidem
3272 4432 3440 4486 nolim
3489 4432 3696 4492 dicere.

2119 4529 2268 4575 certe
2301 4529 2482 4575 tamen
2533 4522 2634 4574 bac
2667 4505 2947 4575 voluntate
2985 4528 3206 4576 utentes
3257 4522 3309 4575 id
3343 4521 3473 4576 facit
3507 4524 3697 4576 multis

2118 4612 2443 4668 criminibus
2475 4614 2765 4668 obnoxius.
2803 4614 2993 4681 Neque
3019 4617 3163 4669 enim
3198 4616 3389 4668 ducem
3423 4615 3695 4671 exercitus

2117 4723 2308 4777 sapere
2326 4708 2447 4776 quis
2470 4708 2785 4776 pdtat,dum
2811 4708 2922 4777 ipse
2945 4707 3141 4776 sapiat,
3166 4706 3209 4759 si
3240 4707 3413 4775 copiis
3441 4723 3504 4762 ac
3535 4709 3696 4762 rubo-

2119 4817 2175 4854 re
2202 4808 2253 4854 et
2279 4801 2446 4854 armis
2477 4801 2802 4868 caeterisque
2830 4801 3086 4854 omnibus
3112 4801 3245 4854 satis
3280 4801 3576 4856 instructus
3602 4818 3698 4855 ex-

2116 4892 2447 4961 peditionem
2478 4893 2530 4945 in
2551 4892 2733 4946 hostes
2753 4894 3046 4960 suscipiat;
3077 4905 3239 4962 atque
3272 4894 3518 4964 ubipost
3547 4899 3689 4945 mu:-

2115 4985 2229 5039 tiim
2268 4984 2526 5054 temporis
2549 4994 2601 5038 et
2633 4985 2947 5038 diuturnam
2977 4986 3312 5054 indaginem,
3344 4975 3690 5054 pOstinulta-s

2117 5080 2369 5132 itinerum
2395 5076 2737 5131 diliicultates
2767 5077 2986 5132 tandem
3013 5078 3309 5147 aliquando
3340 5077 3459 5130 illos
3494 5075 3692 5127 habue-

2116 5171 2184 5223 rit
2216 5169 2404 5224 obvius
2448 5179 2502 5223 et
2536 5185 2739 5239 paucos
2775 5177 2827 5223 et
2864 5180 3006 5221 metu
3041 5167 3355 5238 perterritos
3377 5205 3392 5227 ,
3423 5179 3688 5234 pugnam-

2113 5281 2218 5332 que
2261 5279 2548 5317 conserere
2602 5278 2708 5316 non
2764 5261 3024 5325 ferentes,
3085 5269 3213 5312 tunc
3261 5257 3398 5310 satis
3442 5251 3562 5312 esse
3622 5261 3690 5310 a.l

2115 5359 2399 5410 tittoriant
2451 5355 2764 5420 existimet,
2815 5370 2910 5408 eos
2955 5355 3008 5406 in
3053 5351 3232 5420 fugam
3285 5360 3517 5411 vertere,
3560 5367 3679 5403 cu-u

2114 5452 2288 5520 possit
2318 5451 2545 5504 omnin
2587 5448 2768 5502 deli-re
2795 5488 2806 5509 ,
2848 5457 2897 5499 et
2929 5444 3121 5513 partim
3155 5443 3450 5506 trucidare,
3485 5446 3681 5511 partiti:

2111 5545 2164 5598 in
2200 5542 2516 5595 servitutem
2561 5542 2802 5609 redigere
2835 5555 2849 5592 :
2882 5552 2976 5591 uec
3012 5551 3107 5589 vos
3153 5536 3458 5604 sapientum
3489 5538 3685 5607 probra

2109 5636 2315 5688 evitare
2356 5633 2620 5702 poteritis.
2657 5632 2697 5684 si
2731 5633 2796 5684 ad
2831 5629 3202 5682 Eeclesarium
3239 5630 3503 5683 unitatem
3539 5638 3688 5683 tanta

2110 5729 2508 5798 praeparatione
2542 5727 2804 5796 adhibita,
2853 5724 2940 5778 ιιτεί
2969 5724 3080 5792 jam
3111 5723 3406 5796 coilegistis
3451 5724 3535 5779 hic
3566 5739 3685 5777 ont-
