3948 6186
1740 241 1792 251 μη

1572 241 1615 262 ιτ.
1650 239 1725 258 ην-

527 374 634 439 433

506 492 781 546 ,ἁπάντων
810 488 985 559 ψυχὰς
1011 490 1434 560 γοητεύσαντες,
1489 489 1776 560 πράγματι
1835 494 2092 562 δυεςχερεο

531 583 710 652 στάτῳ
747 581 870 650 μεθ’
925 580 1122 651 ἡδονῆς
1173 583 1473 653 ἐπιχειρεῖν
1497 583 1842 637 aversione.
1879 583 2097 647 Ταύτας

526 676 817 744 αἰτήσουσι
846 675 939 728 καὶ
998 674 1146 740 μάλα
1174 676 1398 738 δικαίως
1440 677 1537 739 τὰς
1593 678 1947 745 ὑποσχέσειςο
2008 679 2099 730 καὶ

528 768 695 837 μηδὲν
727 765 975 820 τοιοῦτον
1006 768 1263 838 εὑρόντες
1308 769 1690 840 ἐξηπατῆσθαί
1734 788 1793 822 τε
1824 772 2096 839 νομιοῦσι,

521 861 618 913 καὶ
656 861 725 914 τὰ
746 863 857 914 τῶν
887 862 1237 932 ἠδικημένων
1271 862 1581 933 βοήσουσιν.
1621 865 1681 916 Εἰ
1725 863 1781 916 δὲ
1847 865 1940 916 καὶ
1971 867 2096 924 τοὺς

521 951 742 1004 ἐνταῦθ’
779 953 1122 1022 ἀφιγμένους
1156 957 1375 1024 μηχανῇ
1397 971 1503 1006 τινι
1535 956 1630 1006 καὶ
1677 954 1841 1008 πάλιν
1873 961 2095 1010 πείσετε

523 1043 690 1113 μηδὲν
725 1045 1056 1112 ἀντιλέγειν,
1086 1045 1214 1108 τούς
1257 1064 1321 1114 γε
1357 1047 1715 1116 πεπομφότας
1755 1049 1964 1112 ἀὑτοὺς
1992 1051 2095 1119 ἀρ-

517 1154 714 1203 χοντας
735 1136 838 1191 οὑκ
869 1132 967 1190 οἷδ’
995 1141 1144 1200 ὅπως
1176 1140 1442 1208 ἀγνοῆσαι
1478 1139 1579 1210 μὲν
1602 1142 1702 1202 τὰς
1766 1141 2094 1212 ὑποσχέσεις

518 1230 768 1294 ἑκόντας,
800 1231 964 1300 χάριν
989 1230 1036 1282 δ’
1084 1232 1215 1299 ὑμῖν
1245 1233 1386 1302 ὑπὲρ
1418 1235 1524 1285 τῶν
1574 1236 1979 1304 πεπραγμένων
2013 1239 2091 1288 εε-

514 1321 687 1382 δέναι.
713 1322 840 1384 τοὺς
896 1322 953 1374 δὲ
1002 1321 1176 1375 ταῦτα
1212 1324 1781 1394 συγκαταπράξαντας
1831 1325 2092 1394 πρέσϐεις

515 1415 694 1467 αὐτῶν
729 1417 994 1481 ἐπαινεῖν,
1031 1417 1127 1470 καὶ
1166 1419 1334 1489 τιμᾷν
1377 1418 1771 1480 ἐπανελθόντας
1808 1420 2085 1490 ποιήσετε.

516 1506 665 1574 Μηδὲ
699 1506 872 1575 καλῆς
921 1506 1065 1560 οὑτω
1114 1513 1208 1561 καὶ
1266 1509 1519 1575 γενναίας
1551 1507 1854 1578 ἀμελητέον
1915 1524 2091 1577 παρα-

517 1599 719 1666 σκευῆς
742 1638 756 1660 ,
792 1601 916 1668 μηδ’
943 1602 1309 1671 ἐγκλημάτων
1347 1602 1604 1671 ἀφορμὰς
1625 1602 1725 1664 τάς
1763 1602 2088 1672 ὑποσχέσεις

513 1692 724 1754 ἐκείνας
753 1691 995 1746 δεικτέον
1020 1711 1035 1726 ο
1069 1695 1384 1748 τούναντίον
1442 1695 1498 1747 δὲ
1550 1695 1753 1764 μᾶλλον
1802 1694 1942 1749 κατά
1977 1695 2088 1748 τῶν

518 1779 646 1842 [σως
682 1782 994 1848 ἀντιλέγειν
1049 1787 1470 1855 πειρασομένων
1534 1788 1707 1851 αὑτάς
1756 1787 2082 1856 φυλακτέον.

509 1870 570 1921 ΕΞ
599 1868 708 1942 γὰρ
744 1873 883 1942 ὑπὲρ
916 1875 1141 1944 εἰρήνης
1174 1876 1410 1946 ἀληθοῦς
1444 1873 1514 1950 ἦν
1542 1880 1635 1932 καὶ
1663 1876 1760 1948 τῆς
1790 1880 1894 1932 τῶν
1928 1882 2083 1933 ἀδελ-

508 1962 950 2034 φῶν,σωτηρίας
981 1967 1015 2036 ἦ
1046 1967 1093 2020 θ’
1143 1969 1388 2038 ἡμετέρα
1447 1970 1705 2042 κλῆσιςῆ
1763 1972 1809 2023 τ’
1857 1971 2083 2026 ἐκείνων

506 2055 744 2126 ὑπακοὴ,
771 2059 870 2112 οὑκ
894 2058 961 2114 ἂν
992 2061 1076 2131 εἴη
1115 2061 1324 2117 δίκαιον
1352 2064 1729 2134 δυσχεραίνειν
1761 2065 1901 2117 κατὰ
1941 2064 2080 2132 γνώ-

510 2166 618 2216 μην
659 2149 834 2204 ταῦτα
894 2152 1297 2223 προϐαίνοντα⁶
1343 2141 1490 2227 ’μηδ’
1535 2139 1604 2209 εί
1642 2159 1765 2220 τοὺς
1815 2158 2080 2226 ἀδελφοὺς

503 2241 791 2308 ἠϐούλοντο
819 2243 1012 2310 σώζειν
1070 2248 1324 2318 ἑκάτεροι
1371 2249 1472 2321 τὴν
1516 2252 1691 2321 ἀληθῆ
1729 2252 2079 2314 διδάσκοντες

500 2331 684 2396 δόξαν,
714 2333 814 2403 τὴν
850 2335 1032 2389 αὑτῶν
1071 2336 1270 2400 αὐτοὺς
1326 2339 1725 2393 ἀπαναίνεσθαι
1775 2342 2074 2411 σωτηρίαν,

503 2425 590 2478 ἵνα
642 2431 716 2497 μὴ
743 2429 972 2496 δόξωσιν
999 2433 1103 2485 ὑπὸ
1135 2433 1243 2486 τῶν
1291 2434 1538 2503 ἀδελφῶν
1593 2436 1942 2503 ὠφελῆσθαι·
1983 2438 2077 2490 καὶ

501 2515 638 2583 ὅπερ
666 2517 732 2570 ἂν
758 2522 873 2582 τοῖς
899 2521 1084 2585 ἄλλοις
1125 2523 1443 2593 ἐμέμψαντο
1491 2528 1630 2596 πρὸς
1692 2527 1790 2596 τὴν
1820 2516 2076 2594 ἀλήθειαν

499 2605 896 2672 φιλονεικοῦσιν
929 2612 1177 2682 ἐναργῶς
1207 2613 1590 2684 δεικνυμένην,
1658 2617 1806 2669 τοῦτ’
1866 2620 2066 2682 αὐτοῦς

501 2695 790 2766 ἀνέχεσθαι
823 2701 1159 2773 πάσχοντας.
1190 2707 1407 2760 Μᾶλλον
1430 2708 1477 2760 δ’
1513 2711 1561 2761 εί
1610 2711 1688 2761 δεῖ
1722 2711 1933 2780 τάληθῆ
1989 2712 2073 2764 λέ-

497 2806 639 2855 γειν,
678 2791 744 2845 ἄν
778 2795 940 2860 μόνον
962 2797 1122 2862 εὐθὺς
1152 2799 1206 2864 ἐξ
1239 2801 1414 2870 ἀρχῆς
1440 2803 1535 2868 τῆς
1562 2802 1817 2868 ἀληθείας
1839 2821 2072 2874 πεφρον-

496 2883 710 2939 τικότες
735 2887 1014 2956 φανῶμεν,
1060 2892 1154 2943 καὶ
1186 2891 1318 2944 Θεὸν
1345 2895 1609 2962 συνεργὸν
1639 2895 2073 2963 εἰληφότες-ταύ-

493 2987 593 3040 την
639 2974 980 3044 ἀνεύρωμεν,
1016 2979 1124 3033 τῶν
1162 2982 1240 3052 τῷ
1273 2982 1457 3052 ψεύδει
1494 2987 1943 3055 συνηγορούντων
1987 2990 2071 3042 λοε

497 3065 716 3133 γισμῶν
750 3069 1010 3123 ἁπάντων
1038 3073 1488 3146 ἀνατραπέντων,
1519 3079 1634 3132 οὔτ’
1685 3082 1767 3142 εἰς
1799 3083 2070 3149 τοσαύτην

494 3157 850 3227 ἀναισθησίαν
878 3155 1030 3229 οἶμαί
1064 3183 1182 3218 τινα
1215 3167 1324 3218 τῶν
1370 3169 1628 3222 ἁπάντων
1663 3171 1900 3234 ἐλάσειν,
1926 3173 2064 3226 ὥστε
2098 3182 2136 3235 C

493 3253 610 3312 ταῖς
640 3251 734 3304 τοῦ
771 3253 908 3308 Θεοῦ
944 3259 1036 3309 καὶ
1079 3263 1200 3322 ταῖς
1237 3261 1530 3332 ὑμετέραις
1581 3264 1781 3333 ψήφοις
1837 3269 1929 3319 καὶ
1988 3269 2061 3336 τῷ

494 3346 634 3409 φωτὶ
667 3348 763 3413 τῆς
812 3349 1144 3416 ἀποδείξεως
1189 3355 1557 3426 *ἀντιλέγοντα
1613 3363 1726 3423 τοῖς
1777 3361 2059 3431 ἀνηνύτοις

490 3439 813 3508 ἐπιχειρεῖν,
851 3441 964 3496 οὗθ’
998 3447 1139 3514 ὑμᾶς
1178 3450 1314 3516 πρὸς
1366 3453 1424 3503 τὺ
1459 3451 1669 3504 πείθειν
1707 3455 1934 3517 ἐκεῖνον.
1974 3456 2059 3506 λό-

491 3546 604 3594 γων
667 3532 992 3601 δεήσεσθαι,
1059 3541 1123 3606 τῇ
1183 3540 1292 3592 τῶν
1368 3543 1764 3612 οἰκουμενικῶν
1829 3548 2061 3600 συνόδων

490 3624 671 3692 ῥάϐδῳ
702 3631 1046 3696 χρωμένους,
1081 3633 1146 3702 ἦν
1174 3635 1423 3705 κάκεῖναι
1460 3641 1574 3700 τοῖς
1609 3639 1750 3691 οὑτω
1792 3640 2058 3708 θρασυνο-

493 3714 672 3779 μένοις
709 3719 1142 3779 ἐπανετείναντο.
1193 3726 1336 3779 ’Λλλ’
1395 3728 1654 3781 ἀδύνατον
1703 3733 1906 3801 ταύτην
1962 3733 2058 3802 τὴν

486 3807 682 3863 ἓνωσιν
707 3813 924 3880 ὁρῶμεν
956 3813 1152 3880 οὖσαν,
1209 3818 1338 3879 ἴσως
1373 3820 1556 3886 ὲροῦσί
1603 3839 1769 3888 τινες,
1805 3825 1899 3876 καὶ
1935 3825 2070 3893 βέλ-Δ

486 3901 598 3953 τιόν
625 3904 772 3956 ἐστιν
802 3906 1052 3959 ὁπωσοῦν
1078 3911 1405 3978 εἰρηνεύειν,
1445 3915 1474 3984 ἤ
1502 3915 1601 3974 τὰς
1653 3916 1753 3980 μὲν
1810 3917 2057 3985 ἀκριϐεῖς

485 3992 768 4062 διαλλαγὰς
811 3999 884 4068 μὴ
904 4000 1240 4069 δυναμένους
1272 4006 1477 4074 εὑρεῖν,
1538 4008 1648 4060 τῶν
1682 4009 1726 4060 δ’
1776 4011 2057 4078 ἐνδεχομέ-

485 4103 591 4138 νων
634 4089 1011 4158 ὑπεριδόντας,
1048 4095 1238 4157 κενοῦς
1285 4097 1379 4148 καὶ
1432 4097 1600 4164 μηδὲν
1657 4100 2054 4168 εἰργασμένους

483 4177 542 4228 τὸ
569 4195 597 4228 σ
616 4178 786 4232 ἒνςλον
819 4181 1286 4238 ἀπαλλάττεσθαι.
1326 4183 1468 4254 Ἐγὼ
1495 4188 1548 4240 δὲ
1575 4189 1790 4258 πρῶτον
1831 4192 1930 4257 μὲν
1945 4191 2056 4243 οὐδ’

484 4269 726 4336 ἠγοῦμαι
749 4272 860 4323 δεῖν
889 4273 1152 4326 ἀδύνατόν
1180 4293 1232 4328 τι
1262 4277 1372 4328 τῶν
1420 4280 1764 4349 πραγμάτων
1793 4282 1825 4349 ἢ
1856 4281 2052 4351 δυσχε-

485 4364 575 4432 ρὲς
609 4366 1032 4432 ἀποφαίνεσθαι,
1097 4368 1226 4436 πρὶν
1277 4369 1342 4422 ἄν
1381 4388 1462 4430 τις
1516 4376 1610 4426 καὶ
1669 4374 1820 4428 λάϐοι
1856 4378 2054 4444 πεῖραν

484 4456 721 4517 ἐκεῖνον’,
755 4456 815 4508 τὸ
851 4461 1060 4529 πρέπον
1115 4459 1261 4512 ἅπαν
1307 4466 1646 4534 πεποιηκώς·
1685 4469 2048 4537 μικροψυχίας

480 4547 588 4617 γάρ
621 4548 765 4602 τοῦτ’
799 4550 864 4603 ἃν
893 4552 977 4620 εῐη
1006 4557 1327 4623 τεκμήριον,
1361 4548 1458 4608 καὶ
1500 4557 1593 4610 τοῦ
1640 4559 1711 4626 μὴ
1767 4559 2048 4628 βούλεσθαι
2082 4564 2130 4621 D

478 4639 543 4688 τὰ
575 4641 790 4707 μεγάλα
828 4644 1092 4710 πράττειν
1139 4646 1250 4698 τῶν
1299 4647 1496 4716 ἔργων,
1557 4644 1663 4722 οἷς.
1696 4653 1727 4719 ἡ
1761 4652 2054 4724 δυσχέρεια

480 4729 753 4789 σύνεστιν.
788 4731 1054 4803 ’Υμῶνδὲ
1091 4737 1260 4791 πολλὰ
1316 4740 1416 4807 μὲν
1467 4742 1592 4806 ἄξια
1645 4743 1804 4812 λόγου
1843 4747 1932 4798 καὶ
1967 4764 2051 4800 σο-

479 4821 606 4888 φίας
663 4825 757 4877 καὶ
810 4826 1012 4894 ἀρετῆς
1079 4829 1354 4896 ἀπόδειξιν
1411 4833 1602 4902 ἔχοντα
1657 4837 1780 4888 καθ’
1834 4841 2052 4909 ἡμέραν

476 4913 658 4965 ἀκούω
688 4914 982 4983 λεγόντων,
1015 4921 1123 4972 τῶν
1150 4922 1208 4974 δὲ
1229 4923 1328 4992 τῆς
1370 4925 1460 4976 ἐπὶ
1488 4926 1586 4994 τὴν
1613 4927 1863 4998 τοιαύτην
1901 4933 2051 5000 εἰρή-

475 5020 569 5072 νην
599 5005 898 5075 ἁψαμένων
923 5009 1069 5074 ὀδοῦ,
1102 5013 1196 5064 καὶ
1249 5013 1608 5085 τούλάχιστον
1645 5000 2047 5091 πεποιηκότων,

473 5096 527 5159 ἐξ
568 5089 644 5148 ὧν
671 5097 770 5150 υὺκ
803 5099 948 5152 ἐστιν
971 5101 1045 5163 ὡς
1073 5104 1338 5159 ἀδυνάτου
1361 5109 1568 5179 ταύτης
1600 5114 1880 5177 παντελῶς
1915 5117 2048 5168 ἀπο-

473 5187 697 5252 γνῶναι,
752 5189 910 5242 οῧπω
942 5194 1035 5245 καὶ
1075 5196 1311 5265 τήμερον
1336 5198 1584 5270 ᾔσθημαι
1608 5219 1620 5231 ο
1650 5205 1676 5253 ὁ
1700 5206 1809 5276 γάρ
1839 5209 1936 5274 τῆς
1966 5211 2048 5260 οἰ-

474 5281 732 5347 κονομίας
761 5274 994 5348 σκοπὸς,
1023 5287 1118 5339 καὶ
1155 5288 1216 5339 τὸ
1245 5290 1422 5342 πάντα
1470 5294 1814 5362 συγκαλύψαι
1845 5299 1921 5368 τῷ
1950 5301 2046 5368 τῆς

473 5373 696 5441 εἰρήνης
729 5374 956 5442 ὁιὸματι
987 5375 1298 5445 βούλεσθαι,
1327 5382 1402 5445 ὡς
1427 5383 1626 5451 ἔοικεν,
1674 5389 1876 5455 ἀπάγει
1919 5393 2046 5442 τού-

469 5480 579 5514 των
615 5465 784 5533 ὑμᾶς.
827 5466 932 5519 Ἐῶ
970 5471 1078 5538 γὰρ
1134 5472 1215 5524 ὅτι
1263 5477 1356 5525 καὶ
1391 5478 1510 5539 ταῖς
1542 5482 1863 5548 παροιμίαις
1903 5485 2045 5536 άπά-

473 5570 592 5616 σαις
649 5558 757 5608 τῶν
816 5557 1097 5612 ἀδυνάτων
1151 5563 1460 5631 ὑπάγεσθαι
1520 5569 1929 5640 κινδυνεύομεν,
1978 5577 2042 5628 ἂν

473 5647 684 5716 ἀληθῶς
718 5650 986 5705 ἀδύνατον
1102 5655 1424 5724 Φανούμιθα
1459 5662 1565 5724 γὰρ
1594 5662 1870 5716 ἀδυνάτωι
1905 5670 2041 5718 πάν-

474 5752 565 5800 τες
589 5738 1051 5810 ἐπιθυμήσαντες,
1088 5747 1132 5796 εί
1165 5748 1237 5813 μὴ
1275 5749 1493 5815 πρόφασ
1520 5769 1546 5813 ς
1595 5753 1770 5817 ἄλλως
1828 5763 1918 5809 γαὶ
1967 5762 2040 5811 εξ-

482 5830 677 5898 ρωνεῐα
708 5849 782 5894 τις
809 5828 875 5902 ἦν
902 5836 967 5887 τά
993 5851 1032 5887 π
1071 5839 1121 5906 ρῖ
1157 5837 1253 5909 τῆς
1307 5839 1628 5914 θαυμαστῆς
1671 5849 1894 5920 εἰρήνης
1925 5854 2039 5924 ᾀδό-

1703 375 1984 436 ΟΗᾹΤΙΟ
2029 377 2046 435 1
2089 377 2189 438 AD
2223 378 2610 446 SYNODUM.

3680 375 3784 440 434

2128 498 2165 553 Α
2204 493 2469 557 promissa
2504 510 2517 557 ;
2553 503 2607 547 et
2647 493 2780 548 nihil
2811 495 2915 549 tale
2974 493 3335 559 invenientes,
3369 495 3626 564 deceptos
3664 509 3788 576 sese,

2205 583 2498 651 putabunt,
2532 593 2698 652 utque
2735 586 2990 654 injuriam
3027 587 3172 655 passi
3204 586 3603 641 exclamahunt.
3629 587 3781 652 Quod

2201 675 2244 727 si
2277 675 2436 727 etiam
2471 684 2588 730 arte
2612 677 2793 746 aliqua
2847 678 3106 745 profectis
3136 679 3242 732 huc
3274 679 3694 747 persnadebitis,
3725 689 3782 732 ut

2199 764 2335 818 nihil
2408 761 2809 832 contradicunt,
2863 785 2970 822 non
3009 770 3168 823 video
3199 779 3404 834 tamen,
3455 771 3546 839 qui
3605 769 3784 823 facere

2199 858 2439 926 possitis,
2468 869 2526 912 ut
2559 860 2852 928 principes,
2880 877 2908 914 a
2939 861 3140 928 quibus
3173 862 3328 916 missi
3375 871 3524 928 sunt,
3575 871 3628 915 et
3655 878 3783 930 pro—

2198 949 2366 1005 missa
2393 951 2779 1020 velintsponte
2829 952 3109 1021 ignorare,
3144 953 3410 1022 vobisque
3469 969 3566 1020 pro
3623 955 3783 1007 rebus

2197 1043 2363 1110 gestis
2418 1044 2619 1098 habere
2673 1045 2928 1110 gratiam,
2967 1044 3260 1114 sociosque
3298 1046 3349 1098 in
3410 1046 3560 1099 hisce
3617 1045 3782 1118 rebus

2195 1135 2419 1203 agendis
2461 1151 2596 1190 suos
2623 1136 2827 1206 legatos
2861 1139 3267 1203 commendare,
3294 1147 3348 1190 et
3370 1137 3659 1211 redeuntes
3681 1137 3780 1189 ho-

2197 1240 2326 1280 nore
2384 1227 2616 1282 allicere.
2678 1227 2863 1296 itaque
2913 1239 3020 1283 tam
3058 1230 3309 1299 pulcher,
3362 1239 3471 1283 tam
3529 1228 3782 1297 egregius

2195 1331 2493 1389 apparatus
2527 1337 2631 1375 non
2661 1331 2739 1375 est
2773 1321 3213 1391 parvifaeiendus
3244 1339 3259 1388 ;
3298 1337 3396 1376 nec
3430 1321 3779 1374 committen-

2192 1410 2342 1480 dum,
2383 1414 2742 1482 utpromissa
2771 1413 2861 1468 illa
2925 1415 3052 1468 fiant
3103 1430 3250 1468 ansae
3282 1414 3728 1470 criminationnm
3767 1428 3780 1475 ;

2192 1502 2303 1557 imo
2352 1520 2480 1559 vero
2500 1517 2644 1560 cont:
2661 1523 2708 1565 a,
2735 1510 2804 1562 ita
2830 1508 2918 1562 illa
2937 1509 3292 1573 servandum,
3314 1516 3372 1561 ut
3395 1507 3555 1575 objici
3576 1515 3781 1575 queant

2190 1593 2275 1657 iis,
2313 1595 2405 1664 qui
2436 1596 2574 1651 forte
2614 1610 2741 1654 sunt
2794 1600 3210 1654 eontradictnri.
3265 1599 3320 1653 Si
3350 1599 3493 1653 enim
3524 1615 3622 1668 pro
3650 1613 3774 1651 vero

2191 1700 2326 1753 pace
2357 1695 2404 1738 et
2445 1686 2677 1742 fratrum
2741 1691 2918 1745 salute
2977 1700 3028 1745 et
3061 1707 3158 1745 nos
3195 1690 3530 1752 voeavimus,
3591 1697 3643 1742 et
3703 1689 3776 1742 illi

2191 1777 2590 1845 auscultarunt,
2635 1795 2740 1833 non
2764 1791 2844 1834 est
2872 1795 3087 1849 :equnm
3115 1794 3259 1847 aegre
3298 1777 3463 1834 ferre.
3503 1776 3645 1846 quod
3692 1792 3778 1830 rrs

2189 1880 2251 1918 ex
2280 1869 2547 1921 sententia
2576 1871 2896 1934 succedant,
2933 1887 3106 1938 neque
3139 1871 3182 1924 si
3213 1871 3392 1924 salvos
3423 1870 3644 1935 utrique
3671 1868 3778 1920 fra—

2189 1965 2300 2011 tres
2325 1957 2576 2012 volebant
2604 1976 2787 2015 veram
2814 1961 3142 2017 sententiam
3173 1961 3474 2024 edocendo,
3509 1975 3662 2015 suam
3697 1960 3778 2028 ip-

2185 2060 2275 2099 sos
2303 2047 2534 2102 salutem
2577 2064 2856 2119 respuere.
2890 2051 3020 2104 dum
3049 2051 3220 2104 videri
3273 2051 3462 2105 volunt
3497 2050 3705 2103 nullam
3743 2067 3773 2103 a

2185 2137 2447 2191 fratribus
2481 2139 2763 2210 percipere
2794 2141 3081 2194 utilitatem
3119 2158 3133 2194 :
3187 2149 3239 2195 et
3267 2141 3334 2195 de
3369 2156 3478 2205 quo
3507 2141 3646 2193 alios
3678 2156 3772 2193 vc-

2181 2228 2325 2282 ritati
2352 2228 2632 2283 evidenter
2698 2239 2931 2285 ostensa:
2961 2230 3277 2284 obnitentes
3346 2237 3660 2316 arguerent,
3717 2229 3766 2280 id

2184 2321 2365 2389 ipsum
2397 2322 2621 2388 eosdem
2651 2325 2924 2393 patientes
2977 2326 3234 2378 tolerare.
3267 2323 3407 2389 Quin
3442 2338 3552 2388 mo,
3590 2332 3648 2377 ut
3676 2335 3770 2376 ve-

2180 2426 2302 2463 rum
2340 2412 2574 2481 ingenue
2602 2412 2796 2478 fatear,
2832 2415 2876 2468 si
2915 2416 3076 2470 modo
3109 2430 3215 2470 nos
3249 2415 3429 2472 statim
3489 2414 3556 2470 ab
3610 2414 3786 2467 initio.

2181 2500 2467 2555 videamur
2496 2519 2682 2557 curam
2703 2507 3009 2575 suscepisse
3038 2508 3311 2572 veritatis,
3357 2507 3576 2575 Deoque
3603 2505 3764 2574 adju-

2181 2604 2342 2648 vante
2389 2595 2536 2649 illam
2581 2598 3011 2666 comperiamus,
3049 2599 3326 2654 convulsis
3360 2599 3618 2652 omnibus
3649 2611 3770 2668 quae

2180 2683 2470 2738 mendacio
2501 2685 2686 2740 favent
2719 2688 3171 2757 cogitationibus,
3207 2689 3478 2742 neminem
3527 2687 3766 2741 arbitror

2176 2789 2240 2826 eo
2272 2777 2612 2844 stupiditatis
2660 2789 2977 2840 venturum,
3016 2790 3074 2832 ut
3103 2780 3214 2843 Dei,
3267 2780 3578 2848 vestrisque
3638 2793 3764 2832 sen-

2178 2867 2384 2930 tentiis,
2415 2880 2466 2922 et
2498 2869 2988 2932 demonstrationis
3053 2871 3157 2924 luci
3203 2869 3656 2930 contradicendo,
3711 2868 3769 2921 id

2176 2961 2524 3026 aggrediatur
2557 2962 2694 3026 quod
2744 2963 2961 3031 assequi
3023 2976 3129 3014 non
3163 2961 3332 3028 possit
3388 2978 3400 3013 :
3467 2969 3560 3012 aut
3605 2960 3756 3012 vobis

2177 3050 2341 3102 verba
2366 3065 2499 3117 opus
2527 3051 2703 3104 futura
2728 3053 2790 3103 ad
2825 3051 3259 3118 persuadendum
3283 3051 3355 3113 ei,
3383 3049 3581 3104 baculo
3603 3060 3755 3103 uten-

2176 3137 2323 3190 tibus
2356 3140 2686 3208 synodorum
2718 3141 3203 3206 metimcnicarum,
3237 3158 3397 3211 quem
3432 3155 3485 3196 et
3543 3143 3648 3195 illa:
3700 3145 3752 3196 in

2175 3229 2490 3297 hujusmodi
2531 3241 2881 3287 contumaces
2908 3243 3262 3303 usurparunt.
3294 3235 3483 3287 Dicant
3523 3235 3758 3291 fortasse

2170 3321 2362 3388 aliqui,
2397 3323 2578 3377 videre
2605 3339 2664 3378 se
2694 3325 2953 3377 unitatem
2991 3326 3134 3379 hanc
3172 3326 3287 3380 ﬁeri
3316 3341 3426 3379 non
3484 3343 3665 3397 posse,
3702 3339 3758 3380 et.

2115 3437 2136 3451 ο
2171 3413 2340 3467 satius
2371 3429 2493 3468 esse
2544 3432 2727 3481 pacem
2787 3429 3067 3486 utrunque
3151 3433 3358 3485 gerere,
3414 3434 3576 3486 quam
3628 3419 3755 3472 dum

2174 3502 2470 3567 perfectam
2501 3522 2607 3558 non
2636 3523 2928 3574 possumus
2955 3509 3456 3563 reconciliationem
3489 3511 3754 3566 invenire.

2168 3602 2221 3645 et
2251 3609 2369 3647 eam
2405 3612 2525 3663 quae
2583 3597 2692 3651 fieri
2745 3610 2940 3667 potest
2985 3601 3282 3670 negligere,
3319 3611 3372 3654 et
3422 3617 3477 3655 re
3536 3603 3754 3671 penitus

2171 3684 2372 3740 infecta
2440 3703 2640 3743 vacuos
2705 3691 2878 3744 abire.
2922 3690 3028 3759 Ego
3070 3708 3196 3747 vero
3249 3694 3482 3762 primum
3532 3695 3750 3764 quidem

2171 3775 2303 3829 n'bil
2337 3788 2430 3829 aut
2485 3780 2842 3848 impossibile,
2874 3794 2965 3834 aut
2995 3785 3226 3836 arduum
3261 3793 3390 3849 puto
3438 3787 3749 3845 dicendum,

2167 3878 2460 3936 antequam
2493 3871 2870 3938 experimento
2901 3874 2952 3926 id
2991 3875 3218 3939 sriatur,
3255 3885 3629 3946 quantumque
3657 3879 3752 3929 de‘

2165 3967 2252 4011 cet
2275 3974 2454 4026 operze
2481 3961 2532 4013 in
2567 3977 2628 4014 ea
2664 3975 2895 4031 ponatur
2925 3983 2938 4030 ;
2976 3976 3185 4019 eertum
3243 3970 3386 4019 enim
3431 3969 3531 4022 hoc
3588 3969 3749 4021 inerit

2167 4050 2343 4118 pusilli
2386 4053 2552 4105 animi
2588 4055 2824 4122 signum,
2882 4065 2934 4107 et
2975 4057 3264 4109 voluntatis
3293 4072 3410 4125 quae
3466 4073 3551 4110 res
3603 4075 3746 4121 mag-

2166 4151 2284 4199 nas,
2319 4138 2520 4202 quibus
2551 4151 2632 4193 est
2689 4143 2979 4208 conjuncta
3022 4143 3334 4209 uillicnllas,
3380 4159 3539 4214 agere
3589 4149 3741 4199 iioln.

2168 4225 2273 4282 Vos
2323 4240 2500 4283 autem
2557 4232 2720 4285 audio
2774 4226 3220 4302 quidem-multa
3250 4238 3514 4306 quotidie
3565 4239 3744 4292 dicere

2163 4319 2343 4387 magni
2383 4321 2663 4387 ponderis,
2721 4324 3118 4394 scientiamque
3156 4337 3209 4379 et
3268 4328 3523 4380 virtutem
3588 4330 3743 4396 plane

2163 4408 2481 4472 redolentia,
2516 4415 2756 4466 nomium
2787 4430 2916 4468 vero
2979 4417 3211 4483 COgnovi
3271 4418 3336 4471 ad
3392 4419 3535 4472 lumc
3575 4420 3739 4482 diem,

2165 4498 2254 4564 qui
2285 4499 2428 4552 viam
2488 4501 2798 4569 hujusmodi
2845 4505 2994 4571 pacis
3047 4505 3405 4562 conficiendae
3444 4510 3739 4577 attigerint,

2157 4597 2250 4640 aut
2303 4589 2588 4642 minimum
2618 4591 2748 4659 quid
2804 4595 3164 4656 ostenderint,
3231 4598 3376 4651 unde
3433 4599 3572 4654 hanc
3633 4616 3737 4653 nou

2161 4672 2320 4726 liceat.
2384 4684 2642 4745 tanquam
2698 4679 2924 4733 omnino
2983 4684 3375 4750 impossibilem
3428 4688 3733 4755 desperare.

2156 4763 2459 4829 Consilium
2513 4769 2660 4821 enim
2717 4773 2891 4839 pacis-
2933 4776 3294 4831 coincilianda:
3360 4779 3412 4831 in
3477 4779 3734 4847 Speciem.

2155 4861 2208 4904 et
2263 4855 2520 4910 voluntas
2575 4861 2895 4929 cootegendi
2949 4865 3131 4917 omnia
3183 4866 3284 4921 hoc
3347 4869 3588 4932 nomine,
3636 4871 3729 4919 alr

2154 4944 2305 4997 t'ucil
2365 4945 2609 5014 profecto
2657 4965 2761 5002 vos
2816 4953 2886 5004 ah
2936 4970 3123 5008 eorum
3180 4960 3525 5023 cogitatione.
3591 4959 3734 5011 Plan

2155 5045 2325 5097 tet'eo,
2376 5041 2519 5107 quod
2563 5041 2608 5094 si
2658 5059 2780 5096 vere
2830 5045 3169 5112 impussihile
3229 5051 3328 5102 hoc
3366 5051 3456 5108 sit,
3518 5054 3728 5117 pericw

2155 5125 2262 5192 lunt
2293 5136 2394 5189 est,
2426 5143 2492 5181 ne
2522 5131 2706 5184 omnia
2735 5132 2783 5184 in
2817 5149 2913 5186 nos
2965 5137 3232 5202 quadrent
3283 5136 3496 5205 adagia,
3531 5139 3751 5208 quibus.

2152 5216 2510 5284 impossibilia
2539 5232 2798 5277 notantur
2829 5216 2844 5277 Ξ
2888 5226 3189 5279 videbimur
3215 5227 3360 5280 enim
3395 5243 3585 5284 omnes
3634 5247 3728 5298 op-

2153 5317 2297 5363 tasse
2322 5311 2698 5380 impossibilia,
2731 5319 2774 5368 si
2807 5334 2913 5368 non
2951 5319 3097 5370 fuere
3153 5329 3300 5372 certe
3348 5332 3644 5386 praetextus
3676 5337 3727 5377 et

2149 5403 2449 5470 simulatio,
2499 5409 2712 5475 quaedc
2747 5409 3049 5460 admirabili
3097 5423 3226 5475 pace
3274 5411 3724 5469 decantabantnr.

2151 5494 2352 5549 Deinde
2381 5496 2505 5552 licet
2535 5498 2636 5550 hec
2665 5500 2887 5550 omnino
2923 5509 3065 5551 esset
3097 5501 3450 5570 impossibile,
3476 5507 3726 5561 ttldis't'c-

2147 5586 2380 5640 dendmu
2419 5591 2572 5643 nobis
2602 5591 2725 5642 hinc
2748 5597 2884 5642 esset
2920 5589 3063 5642 nulla
3087 5594 3720 5667 rehuiusmodiperacta,

2149 5693 2253 5729 non
2285 5679 2436 5733 viduo
2464 5698 2581 5747 quae
2607 5683 2837 5740 oriatur,
2871 5681 2916 5734 si
2953 5683 3103 5747 liultl,
3141 5700 3168 5736 c
3212 5686 3436 5751 reliquis
3491 5689 3712 5747 utilitas,

2119 1832 2159 1886 Β

2147 5773 2273 5822 tium
2300 5771 2384 5822 illa
2425 5775 2636 5830 unionis
2673 5776 2890 5824 nomine
2924 5791 3029 5833 non
3071 5778 3422 5831 lumnranius.
3476 5777 3607 5829 Nam
3670 5780 3714 5829 si

2151 5861 2230 5914 \‘cl
2254 5862 2421 5915 solus
2452 5866 2706 5918 anucittu:
2727 5881 2912 5932 ca.:sa,
2944 5868 3022 5922 \cl
3058 5868 3586 5934 communicationis,
3615 5877 3711 5921 aut
