3948 6186
452 348 561 412 437

1647 350 1985 409 ΟΠΛἸἸΟΙ
2026 350 2123 407 ΑΙ)
2168 348 2552 408 ΞἏΝΟΒΠΜ.

3589 336 3695 400 438

442 479 589 523 νους,
620 459 694 521 ὡς
747 458 1098 529 ἀληθεστέρῳ
1140 461 1315 532 τούτῳ
1347 464 1707 533 προσκεῐσθαι
1736 482 1748 495 ⁸
1782 466 1927 526 sine;
1972 468 2016 518 δ’

2145 467 2266 534 ique
2300 478 2359 520 ut
2393 465 2591 519 veriori
2652 463 2953 516 adhaerere.
3003 460 3199 512 Essem
3252 471 3383 509 vero
3434 454 3693 513 forrasse.

442 548 507 622 ἢν
531 568 686 613 τινας
737 550 1034 615 ἐνδοιάζειν
1079 554 1173 606 καὶ
1217 556 1345 617 τοὺς
1398 555 1776 625 ἀνθρωπίνους
1826 558 2025 625 φυλάτ-

442 644 630 696 τεσθαι
660 643 959 710 λογισμοὺς
991 644 1065 706 ὡς
1100 648 1447 712 ἐπισφαλεῖς,
1480 650 1511 718 ἢ
1549 646 1679 717 μηδὲ
1711 652 2025 717 συμφιιινεῐν

442 725 694 801 ἀλλήλοις
742 732 971 798 ἐθέλειν,
1004 734 1099 795 τὰς
1149 736 1358 789 ἑαυτῶν
1399 737 1701 806 ὑπολήψεις
1760 738 2024 798 ἑκάστους

442 822 921 890 διαφυλάττοντας.
967 824 1118 875 Ἐπεὶ
1162 826 1216 877 δὲ
1256 826 1366 879 τῶν
1421 829 1501 888 είς
1533 828 1707 879 ταῦτα
1746 828 2026 896 φερόντων

444 913 659 983 πλήρης
710 913 810 981 μὲν
860 915 891 981 ή
941 914 1061 968 θεία
1098 917 1305 986 Γραφὴ,
1344 917 1575 985 γέμουσι
1622 918 1678 970 δὲ
1712 920 1819 969 τῶν
1858 919 2027 979 ἀγίων

443 1006 490 1055 ol
512 1004 680 1070 λόγοι,
718 1005 811 1057 καὶ
840 1006 964 1067 τοὺς
994 1006 1281 1069 πλείστους
1325 1008 1625 1079 διαρρήδην
1659 1014 1787 1081 περὶ
1815 1012 2023 1064 τούτων

450 1094 711 1161 λέγοντας
758 1094 853 1147 ἴδοι
910 1114 993 1158 τις
1030 1097 1118 1162 ἂν,
1160 1099 1409 1170 καθάπερ
1461 1100 1713 1168 ἐπίτηδες
1765 1102 2030 1161 δικαστάς

447 1185 574 1251 ἡμιν
608 1184 714 1238 τῶν
743 1186 1209 1258 ἀμφισϐητήσεων
1246 1189 1617 1260 καθημένους,
1659 1195 1753 1245 καὶ
1780 1192 2019 1261 χαλεπόν

450 1276 597 1325 ἐστιν
626 1275 879 1343 ἀριθμεῖν
927 1278 1099 1331 ὁπόσα
1125 1278 1349 1350 Γραικοὶ
1399 1281 1492 1331 καὶ
1533 1280 1752 1333 Λατῖνοι
1784 1281 2028 1334 συνειλο-

449 1366 601 1432 χότες
641 1368 852 1420 ἐκεῖθεν
900 1368 1042 1438 ὑπὲρ
1075 1370 1173 1438 τῆς
1224 1372 1359 1431 ίδίας
1391 1372 1644 1441 ἑκάτεροι
1687 1372 1848 1442 δόξης
1888 1389 2025 1441 προ-

450 1456 689 1521 φέρουσι,
720 1456 805 1519 τίς
865 1457 1222 1526 χαλεπὸν,τά
1274 1460 1373 1529 μὲν
1425 1462 1523 1530 τῆς
1560 1462 1781 1531 Γραφῆς
1833 1462 1909 1523 ὡς
1965 1462 2032 1514 ἂν

451 1546 532 1611 είη
556 1544 764 1598 δίκαιον
809 1550 905 1602 καὶ
950 1550 1227 1618 προσῆκον
1256 1551 1676 1620 ἐξηγουμένους,
1726 1553 1928 1621 μᾶλλον
1970 1553 2028 1606 δὲ

451 1637 561 1695 τοῖς
606 1635 1039 1706 ἐξηγησαμένοις
1098 1639 1295 1708 ἄριστα
1363 1640 1742 1708 πειθομένους,
1803 1642 1930 1703 τοὺς
1990 1643 2033 1695 δι

452 1725 638 1793 ἁγίους
667 1727 922 1798 ἀλλήλοις
954 1730 1346 1797 συνάπτοντας,
1376 1731 1615 1793 καὶτοὺς
1650 1730 1747 1800 μὲν
1774 1720 2033 1796 ἐλάττους

452 1818 560 1879 τοῖς
593 1818 826 1884 πλείοσι,
858 1823 984 1884 τοὺς
1015 1822 1073 1875 δὲ
1110 1824 1445 1893 σιγήσαντας
1479 1822 1590 1886 τοῖς
1645 1824 1879 1889 είποῦσι,
1915 1828 2028 1884 τοῖς
2061 1813 2100 1868 Β

453 1908 493 1960 δ’
548 1911 868 1981 ἀρχαιότητι
922 1914 1239 1983 διαφέρουσι
1286 1916 1413 1977 τοὺς
1468 1915 1749 1982 ὑστέρους,
1802 1918 1917 1977 τοῖς
1964 1917 2020 1968 δὲ

458 2000 639 2066 σαφῶς
664 2002 961 2071 ὁμιλήσασι
985 2005 1109 2066 τοὺς
1137 2004 1511 2074 ἀσαφέστερον
1530 2004 1607 2071 τῷ
1636 2004 1780 2073 λόγῳ
1812 2022 2021 2074 χρησα-

460 2091 647 2156 μένους
680 2093 1037 2162 προσθέντας,
1064 2096 1204 2164 ὅπερ
1228 2096 1364 2147 κάπὶ
1392 2093 1500 2146 τῶν
1524 2093 1822 2146 πολιτικῶν
1852 2093 2023 2162 ζητη-

460 2185 644 2249 μάτων
689 2184 934 2250 ἀξιοῦσιν
982 2188 1031 2239 οί
1092 2187 1270 2255 νόμοι,
1308 2185 1402 2239 καὶ
1437 2186 1464 2238 ὃ
1501 2187 1604 2239 κᾶν
1651 2186 1847 2248 αὐτοὺς
1874 2183 2027 2253 οἶμαι

460 2274 678 2343 ποιῆσαι
708 2274 845 2345 πρὸς
888 2276 1137 2340 ἑαυτοὺς,
1168 2276 1327 2346 εἴπερ
1372 2270 1483 2329 οἷόν
1515 2277 1563 2327 τ’
1600 2272 1668 2344 ἦν
1719 2278 1797 2337 είς
1829 2277 2025 2327 ταυτὸν

462 2366 813 2427 συνελθόντας
868 2367 969 2429 τὰς
1026 2367 1268 2434 ἀλλήλων
1320 2366 1722 2435 ιπισκὲψασθαι
1780 2367 2026 2435 γνώμας,

459 2456 598 2508 οὕτω
624 2457 687 2527 δὴ
736 2459 829 2509 καὶ
862 2460 1008 2527 ἡμᾶς
1060 2458 1316 2526 ἀλλήλοις
1347 2457 1644 2527 συμϐῆναι,
1678 2458 1773 2511 καὶ
1814 2457 2028 2510 παύσα-

464 2548 582 2601 σθαι
617 2549 707 2601 τὸν
758 2550 1027 2619 ἡμέτερον
1072 2550 1311 2618 πόλεμον
1359 2550 1451 2601 ἐπὶ
1503 2550 1627 2607 τοὺς
1671 2551 1771 2617 τῆς
1809 2549 2031 2619 εἰρήνης

460 2640 809 2701 δ.δασκάλους
838 2639 1283 2704 διαϐιϐάζονταςς
1323 2640 1427 2703 ἕως
1472 2641 1580 2710 γὰρ
1609 2641 1673 2693 ἂν
1714 2641 1875 2709 ἡμεῖς
1907 2658 2035 2692 στα-

464 2725 755 2792 σιάζωμεν,
789 2729 1115 2798 συμμάχους
1145 2728 1245 2791 τὰς
1291 2729 1517 2782 ἐκείνων
1572 2730 1904 2797 ἐπαγόμενοι
1937 2733 2035 2801 ῥή-

464 2837 599 2882 σεις,
640 2819 930 2873 ἀδύνατον.
944 2822 1019 2891 μὴ
1049 2822 1338 2884 κάκείνους
1391 2819 1451 2873 τὸ
1483 2820 1605 2872 καθ’
1634 2823 1785 2888 ήμίς
1838 2839 2036 2875 κοινω-

466 2912 583 2973 νοὺς
643 2911 911 2964 ποιεῖσθαι
959 2912 1058 2979 τῆς
1110 2912 1371 2971 στάσεως.
1402 2911 1567 2964 Ταῦτ’
1612 2913 1870 2981 οὐδεμίαν
1923 2912 2036 2982 ἔχει

463 3001 802 3071 δυσχέρειαν,
839 3003 886 3055 εί
938 3003 1012 3071 μὴ
1066 3003 1248 3069 μόνοις
1299 3005 1412 3062 τοίς
1467 3004 1794 3071 φιλονεικεῖν
1858 3006 2040 3072 βουλο-

467 3094 664 3159 μένοις,
715 3096 810 3149 καὶ
851 3096 951 3157 τὰς
1004 3097 1141 3158 ίδίας
1188 3096 1289 3164 μὲν
1340 3096 1640 3165 προλήψεις
1684 3097 2037 3163 φυλάττουσι,

463 3184 531 3235 δι’
566 3175 641 3235 ὧν
688 3184 733 3236 δ’
780 3183 844 3236 ἂν
890 3185 1102 3250 γένοιτο
1148 3183 1248 3252 τῆς
1287 3184 1550 3253 ἀληθείας
1592 3187 1796 3252 τυχεῖν,
1832 3186 2037 3239 τούτων

462 3272 612 3324 οὐδὲν
643 3273 777 3335 ὅλως
822 3272 1201 3343 προσιεμένοις
1229 3290 1243 3305 ·
1279 3267 1355 3326 ὧν
1388 3277 1750 3343 καταφρονεῖν
1783 3274 1907 3335 τοὺς
1941 3274 2036 3342 τῆς

464 3359 717 3428 ἀληθείας
774 3360 1181 3429 ἐπιθυμοῦντας
1246 3363 1459 3431 πέφυκε
1510 3364 1741 3418 δίκαιον.
1800 3363 1939 3416 ’Δλλ’
1988 3365 2037 3415 εί

468 3453 558 3503 καὶ
602 3452 836 3523 δυσχερῆ
887 3453 1041 3507 ταῦτ’
1082 3449 1150 3524 ἦν
1194 3456 1471 3523 ἄντικρυς,
1504 3457 1593 3508 καὶ
1632 3456 1899 3525 μηδέποτε
1935 3450 2073 3524 πρὸ’

469 3544 623 3611 ἡμῶν
653 3546 860 3615 ἑτέροις
915 3547 1053 3615 μήτε
1103 3546 1515 3599 σπουδασθέντα
1547 3547 1673 3618 μήτ’
1716 3548 2038 3609 ἀνυσθέντα,

470 3638 564 3703 τήν
592 3654 652 3702 γε
686 3638 837 3704 παρά
863 3637 955 3689 τοῦ
988 3636 1303 3705 ηνεύματος
1335 3640 1655 3706 συμμαχίαν
1687 3640 1787 3690 οὐκ
1817 3637 2039 3705 εὔλογον

470 3728 807 3792 ἀπελπίζειν,
835 3721 878 3795 ᾧ
909 3729 1002 3782 καὶ
1052 3729 1197 3782 κατὰ
1234 3729 1342 3782 τῶν
1396 3729 1470 3790 ὡς
1500 3730 1717 3797 ἀληθῶς
1752 3731 1887 3799 ἡμῖν
1920 3730 2046 3781 ἁδυ-

470 3820 643 3872 νάτων
690 3819 1104 3888 ὑπερϐάλλουσα
1152 3820 1410 3888 πρόσεστι
1458 3820 1685 3888 δύναμις
1713 3836 1727 3851 ’
1762 3821 1898 3875 ἀλλὰ
1950 3840 2039 3873 m-

474 3912 683 3964 στεύειν
724 3914 900 3965 ἐκεῖνο
936 3912 1043 3964 τῶν
1092 3915 1267 3963 πόνων
1310 3912 1452 3980 ὑμᾶς
1497 3914 1589 3965 καὶ
1634 3914 1741 3964 τῶν
1781 3912 2039 3967 κινδύνων

470 3999 544 4056 ὧν
577 4004 847 4074 ύπὲστητε
881 4004 1252 4069 κατοικτῐσαν,
1288 4006 1401 4065 καὶ,
1431 4005 1520 4056 τδν
1571 4005 1798 4074 σφοδρὸν
1830 4008 1888 4057 ὲν
1918 4007 2045 4076 ὑμῖν

474 4097 568 4164 τῆς
602 4097 857 4167 ἀληθείας
900 4096 1066 4150 πόθον
1116 4097 1547 4166 ἀποδεξάμενον,
1580 4097 1860 4167 ἀρκοῦσαν
1909 4099 2041 4164 παρ’

474 4188 666 4241 ἑαυτοῦ
720 4189 1051 4259 προσθήσειν
1101 4188 1300 4259 ῥοπήν.
1336 4188 1396 4240 El
1451 4189 1560 4257 γὰρ
1612 4188 1925 4241 τούναντίον
1970 4188 2045 4257 μὴ

476 4278 871 4348 προχειρότατα
939 4274 1041 4349 ἦν,
1102 4278 1313 4332 ἐκεῖθεν
1368 4278 1468 4347 τὴν
1520 4278 1614 4331 τοῦ
1672 4278 2046 4350 κατορθώσειν

476 4368 706 4437 δύναμιν
735 4368 976 4433 ἐλπίζειν
1021 4370 1319 4439 προσῆκεν,
1352 4364 1412 4423 οὗ
1468 4372 1637 4439 χωρὶς
1670 4370 1823 4425 οὐδὲν
1861 4372 2046 4424 ἀνύειν

2129 559 2221 623 qui
2269 559 2602 619 dubitarent,
2653 565 2705 609 et
2739 556 3103 608 humanarum
3151 549 3536 618 cogitationum
3588 562 3695 600 non

2128 649 2259 702 satis
2296 657 2411 700 tuto
2443 642 2647 714 judirio
2687 643 3007 701 difﬁderent.
3053 651 3145 695 aut
3197 641 3509 693 consentire
3570 654 3694 692 eum

2130 740 2318 792 alteris
2369 742 2597 798 nollent,
2654 738 2769 791 suis
2803 736 3002 803 quique
3040 732 3277 787 contenti
3327 730 3697 799 Opinionibns.

2129 830 2195 881 At
2235 844 2360 883 cum
2390 828 2543 895 plena
2576 829 2647 881 sit
2680 838 2835 883 sacra
2864 826 3142 891 Scriptura
3180 822 3465 876 sententiis
3499 821 3562 872 ad
3599 822 3699 872 hoc

2130 920 2523 987 spectantibus,
2566 930 2617 972 el
2668 928 2975 971 sanctorum
3024 914 3142 967 libri
3196 913 3385 966 iisdem
3431 921 3697 975 seateant,

2134 1013 2510 1081 plurimosque
2540 1011 2604 1063 de
2650 1011 2748 1063 hac
2792 1007 3015 1061 materia
3053 1018 3158 1059 tam
3206 1013 3394 1071 aperte
3437 1004 3557 1071 quis
3586 1003 3701 1053 dis-

2132 1118 2312 1155 serere
2343 1103 2543 1165 videat,
2581 1118 2642 1155 ac
2683 1102 2727 1155 si
2770 1100 2891 1152 data
2929 1113 3093 1167 opera
3136 1095 3291 1149 nobis
3332 1094 3542 1162 judices
3573 1110 3703 1146 con-

2135 1176 2519 1250 tr0versiarum
2557 1196 2848 1258 sederent;
2908 1208 3002 1246 nec
3048 1191 3206 1245 facile
3250 1191 3321 1244 sit
3362 1205 3701 1245 enumerare.

2132 1301 2295 1353 quam
2337 1286 2503 1339 multa
2540 1286 2709 1337 Graeci
2742 1299 2805 1336 ac
2844 1282 3019 1336 Latini
3063 1296 3161 1350 pro
3196 1294 3292 1334 sua
3326 1279 3705 1347 utrique-scii~

2134 1378 2305 1428 tentia
2372 1390 2435 1429 ex
2495 1376 2601 1429 illis
2649 1374 2874 1427 collecta
2939 1371 3250 1440 proferant;
3307 1368 3434 1437 quis
3490 1366 3705 1420 tlillieile

2136 1465 2320 1528 dicat,
2377 1464 2671 1532 Scriptnrze
2721 1464 2936 1531 quidem
2994 1462 3137 1515 dicta
3206 1459 3580 1527 interpretari,
3650 1467 3707 1509 ut

2135 1570 2346 1623 :rquum
2373 1562 2476 1617 est,
2512 1563 2676 1621 utque
2703 1553 2879 1611 decet.
2914 1553 3023 1604 imo
3053 1566 3184 1605 vero
3230 1550 3453 1619 eptimis
3513 1564 3700 1601 eorum

2139 1645 2523 1714 interpretibus
2589 1646 2959 1709 acquiescere,
3007 1652 3225 1697 sanctos
3281 1657 3413 1695 vero
3463 1640 3603 1693 inter
3650 1656 3707 1692 se

2137 1739 2451 1802 conciliare,
2484 1748 2537 1791 et
2572 1740 2856 1808 pauciores
2894 1738 3111 1807 quidem
3158 1736 3223 1789 ad
3261 1736 3465 1805 plures.
3514 1745 3568 1788 et
3613 1749 3707 1787 eos

2132 1826 2223 1893 qui
2258 1825 2390 1880 nihil
2416 1825 2673 1881 dixertfnt
2698 1827 2763 1879 ad
2797 1842 2891 1880 eos
2923 1826 3014 1894 qui
3051 1839 3162 1879 rem
3208 1832 3616 1892 expresserunt,
3653 1833 3707 1875 et

2132 1917 2463 1986 posteriores
2493 1919 2560 1970 ad
2597 1918 2957 1985 antiquiores,
2991 1927 3044 1970 et
3077 1916 3365 1970 obscurius
3394 1931 3503 1969 rem
3532 1913 3705 1967 invol-

2131 2017 2320 2063 ventes
2344 2007 2410 2060 ad
2448 2007 2590 2062 clare
2618 2009 2828 2062 locutos
2860 2010 3174 2076 atljungere,
3198 2009 3339 2075 quod
3376 2007 3519 2074 leges
3544 2007 3704 2059 etiam

2134 2102 2185 2153 in
2216 2097 2469 2152 civilibus
2500 2099 2902 2167 qurestionihus
2929 2098 3041 2151 fieri
3086 2098 3296 2164 iubent,
3347 2097 3599 2163 quodque
3626 2095 3706 2147 vel

2136 2188 2259 2258 ipsi,
2286 2188 2541 2250 arbitror,
2571 2187 2745 2241 sancti
2780 2188 2920 2240 inter
2942 2202 2997 2240 se
3022 2184 3282 2249 facerent,
3313 2184 3355 2238 si
3382 2184 3495 2237 fieri
3530 2190 3710 2251 posset

2137 2288 2193 2331 ut
2210 2293 2377 2331 unum
2402 2278 2456 2331 in
2483 2276 2661 2331 locum
2688 2278 3071 2331 convenientes
3088 2274 3314 2328 alterius
3336 2273 3709 2326 examinarent

2136 2367 2488 2432 sententiam,
2519 2378 2680 2435 atque
2713 2368 2782 2421 ita
2828 2383 2925 2421 nos
2957 2381 3176 2435 quoque
3212 2366 3265 2418 in
3311 2379 3473 2416 unam
3511 2378 3709 2417 conve-

2138 2458 2255 2513 nire
2287 2458 2633 2522 sententiam,
2661 2474 2722 2511 ac
2745 2458 2991 2511 desinere
3020 2444 3223 2511 bellum
3246 2467 3491 2510 nostrum
3526 2465 3709 2508 trans-

2140 2551 2279 2603 ferre
2325 2549 2569 2618 in”pacis
2619 2550 2911 2602 doctores?
2943 2547 3195 2612 Quandiu
3230 2549 3375 2601 enim
3429 2548 3525 2614 ipsi
3581 2561 3713 2601 eon-

2140 2641 2335 2696 trarias
2373 2642 2694 2696 habebimus
2728 2641 3049 2701 sententias.
3083 2641 3225 2694 dicta
3279 2640 3489 2693 illorum
3528 2654 3626 2707 pro
3656 2654 3714 2693 se

2142 2734 2376 2804 quisque
2404 2734 2719 2796 afferentes.
2754 2733 2868 2787 fieri
2898 2749 3004 2786 non
3033 2740 3232 2802 potest,
3280 2730 3413 2801 quin
3450 2724 3727 2784 faciamus

2140 2835 2194 2882 et
2236 2826 2380 2887 illos.
2410 2835 2676 2894 quantum
2714 2826 2765 2877 in
2805 2825 2959 2878 nobis
2999 2832 3095 2886 est,
3138 2838 3327 2891 pugnae
3356 2819 3518 2891 hujus
3544 2822 3715 2889 parti-

2142 2918 2310 2985 cipes.
2341 2914 2465 2969 Haec
2490 2916 2692 2969 nullam
2720 2915 2920 2967 habent
2942 2912 3333 2972 difficultatem,
3367 2911 3468 2963 nisi
3501 2918 3711 2963 tantum

2144 3022 2308 3077 penes
2347 3007 2485 3067 illos,
2518 3006 2609 3074 qui
2642 3003 3001 3059 eontendentli
3037 3002 3366 3055 voluntatem
3403 3001 3623 3063 habent,
3663 3012 3718 3053 et

2148 3110 2276 3151 suas
2318 3095 2534 3162 quidem
2578 3094 2810 3148 retinent
2848 3093 3169 3161 anticipatos
3210 3090 3520 3159 opiniones,
3579 3090 3716 3143 nihil

2148 3199 2275 3238 vero
2308 3184 2523 3252 penitus
2555 3184 2847 3238 admittunt
2872 3200 2936 3237 ex
2972 3183 3057 3246 iis,
3096 3198 3192 3252 per
3214 3198 3331 3251 quae
3360 3182 3487 3235 licet
3516 3183 3719 3235 verita-

2145 3286 2249 3329 tem
2283 3275 2528 3343 assequi,
2579 3291 2729 3347 quos.
2761 3290 2976 3343 aequum
3008 3282 3088 3327 est
3148 3274 3351 3342 despici
3400 3289 3429 3326 a
3473 3273 3716 3327 veritatis

2142 3368 2427 3422 Studiosis.
2463 3368 2598 3420 Nam
2640 3368 2764 3422 licet
2805 3369 2918 3421 hmc
2961 3375 3146 3421 essent
3194 3381 3420 3432 prorsus
3460 3364 3715 3428 dillicilia,

2143 3465 2195 3509 et
2232 3472 2508 3524 nunquam
2562 3465 2685 3509 ante
2723 3472 2823 3509 nos
2852 3458 2918 3509 ab
2952 3456 3072 3509 aliis
3103 3455 3261 3509 enixe
3294 3454 3518 3524 qumsita
3561 3466 3613 3509 et
3653 3456 3717 3507 ad

2143 3544 2345 3598 exitum
2374 3546 2628 3613 perdurta
2658 3565 2670 3600 :
2700 3556 2847 3600 certe
2872 3555 3054 3598 tamen
3081 3544 3317 3598 alienum
3341 3554 3423 3598 est
3452 3560 3481 3598 a
3516 3544 3723 3598 ratione

2144 3637 2434 3707 desperare
2467 3639 2727 3691 auxilium
2782 3637 3040 3704 Spiritus,
3087 3654 3114 3689 a
3154 3639 3313 3707 cujus
3352 3639 3592 3706 potentia
3640 3638 3723 3690 vel

2145 3744 2230 3791 ea,
2286 3744 2406 3797 quae
2466 3744 2522 3781 re
2578 3743 2699 3781 vera
2759 3728 2916 3782 nobis
2964 3728 3325 3796 impossibilia
3365 3737 3519 3790 sunt,
3567 3727 3724 3796 longe

2147 3827 2472 3886 superantur
2499 3837 2513 3875 :
2545 3817 2635 3872 sed
2679 3822 2901 3871 credere
2946 3828 3160 3887 oportet
3200 3818 3349 3871 illum
3383 3818 3627 3872 laborum
3662 3832 3725 3870 ac

2149 3908 2538 3977 periculorum,
2571 3923 2692 3975 qua:
2724 3906 2873 3976 passi
2900 3909 3054 3972 estis,
3091 3907 3571 3961 commiseratione
3604 3923 3725 3974 per-

2152 4010 2382 4057 molum.
2418 4008 2471 4052 et
2500 4001 2795 4053 vehemens
2836 3998 2887 4051 in
2918 3999 3069 4052 vobis
3100 3998 3437 4052 desiderium
3482 4000 3726 4051 veritatis

2152 4090 2566 4158 approbantcm,
2617 4092 2699 4144 sui
2752 4104 2971 4158 quoque
3003 4089 3229 4154 favoris,
3261 4105 3380 4157 quae
3429 4090 3539 4143 sint
3568 4090 3723 4149 satis,

2154 4190 2426 4233 momenta
2460 4182 2736 4234 daturum.
2774 4180 3096 4248 Quanquam
3143 4195 3173 4233 c
3226 4179 3524 4241 contrario,
3574 4180 3617 4231 si
3659 4179 3724 4231 ad

2155 4287 2371 4325 manum
2406 4281 2461 4325 et
2492 4271 2747 4326 facillima
2786 4287 2892 4324 non
2921 4280 3128 4335 essent,
3159 4271 3227 4324 ab
3256 4286 3320 4325 eo
3357 4269 3620 4338 speranda
3646 4276 3729 4324 est

2158 4363 2386 4417 facultas
2412 4377 2521 4416 rem
2558 4364 2814 4431 praeclare
2850 4362 3065 4431 agendi,
3115 4362 3234 4416 sine
3274 4378 3385 4430 quo
3425 4360 3561 4413 effici
3597 4360 3730 4413 nihil

476 4456 639 4510 ἔστιν.
671 4457 848 4510 Αὑτοῦ
876 4458 1057 4511 τοίνυν
1091 4460 1288 4526 γένοιτ’
1325 4459 1391 4513 ἂν
1417 4458 1580 4528 ἔργον
1610 4460 1671 4513 τό
1704 4476 1764 4511 τε
1801 4459 2033 4529 μάλιστα

2160 4462 2355 4523 potest.
2403 4453 2551 4507 Illius
2601 4467 2731 4522 ergo
2766 4454 2837 4506 sit
2866 4468 3024 4523 opus,
3062 4464 3120 4507 ut
3155 4454 3317 4509 simul
3347 4461 3402 4506 et
3437 4451 3579 4521 quod
3616 4468 3732 4503 ma-

478 4551 717 4601 συνοῖσον
749 4549 892 4618 ὑμᾶς
922 4544 1157 4613 ἑλέσθαι,
1196 4550 1289 4603 καὶ
1337 4550 1410 4615 ὡς
1442 4550 1698 4620 ἐλάχιστα
1737 4554 2041 4621 πεπονηκό-

478 4655 572 4701 τας
608 4636 739 4692 αύτὸ
767 4637 1240 4709 καταπράξασθαι.

2160 4547 2302 4598 xime
2332 4545 2609 4612 conducit,
2640 4544 2875 4615 eligatis,
2898 4555 3058 4614 atque
3088 4546 3227 4599 idem
3256 4543 3480 4599 minimo
3517 4544 3731 4616 negotio

2156 4636 2445 4705 peragatis.
