3948 6186
337 330 451 402 839

340 479 652 500 β*

1431 337 1819 404 GENNADII
1856 339 1969 402 ce.
2004 338 2529 402 i‘ATRIARCILE

3502 348 3607 417 ιιο

2251 488 2567 499 ..-----

2593 489 3268 504 ᾙ“-*.-

3287 495 3586 510 ——-—‘

1082 631 1314 718 ΤΟΥ
1387 633 1767 722 ΑΥΤΟΥ
1841 636 2209 725 ΛΟΓΟΣ
2287 638 2882 739 ΔΕΥΤΕΡΟΣ,

1148 828 1244 892 Ἐν
1271 825 1318 901 ᾧ
1345 833 1657 907 ἀναιρεῖται
1685 837 1753 891 τὰ
1788 838 2092 910 κωλύματα
2117 838 2219 908 τῆς
2261 838 2520 910 τοιαύτης
2537 840 2788 912 εἰρήνης.

1922 1027 1997 1038 ..4

1328 1104 1873 1245 EJUSDEM
1936 1156 2400 1255 ORATIO
2446 1167 2585 1267 II.

993 1344 1065 1407 In
1141 1363 1265 1428 qua
1347 1348 1728 1430 hujusmodi
1816 1358 1992 1434 pacis
2075 1361 2534 1442 impedimenta
2615 1372 2955 1441 tolluntur.

402 1633 647 1694 Primum
680 1640 922 1712 quidem,
971 1652 1276 1708 venerandi
1318 1654 1530 1721 Patres,
1578 1650 1912 1732 ago-gratias

324 1726 457 1792 Deo,
496 1739 608 1785 tum
638 1745 862 1806 propter
887 1749 1129 1796 vestrum
1156 1744 1210 1798 in
1239 1760 1327 1801 res
1350 1726 1906 1818 honestaswstu'dium,

324 1822 467 1887 quod
493 1822 624 1879 l‘acit
655 1834 716 1880 ut
746 1826 875 1883 boni
910 1830 1118 1901 aliquid
1144 1833 1455 1895 dicentibus
1485 1855 1648 1898 aures
1666 1843 1910 1914 praebere

326 1928 670 1985 nequaquam
729 1923 1055 1991 gravemini,
1107 1928 1520 1989 considerantes
1570 1949 1675 1990 non
1724 1951 1752 1990 a
1798 1952 1908 2008 quo

321 2005 559 2074 dicatur,
601 2011 699 2066 sed
739 2014 870 2082 quid
921 2016 1142 2074 valeant
1180 2034 1243 2076 ea
1278 2037 1399 2092 qua:
1453 2025 1730 2091 dicuntur,
1791 2005 1903 2086 tum

319 2381 469 2421 mare
507 2370 656 2425 aliud
685 2385 882 2443 prater
910 2377 1001 2434 Dei
1042 2384 1337 2452 impulsum
1367 2386 1539 2447 fuisse
1576 2407 1780 2458 causae,
1804 2411 1903 2450 cur

314 2468 368 2512 et
404 2474 502 2515 vos
534 2462 602 2517 de
647 2467 808 2521 rebus
843 2469 1087 2530 honestis
1122 2482 1541 2548 consenseritis,
1579 2487 1901 2558 cunctisque

319 2565 547 2618 prorsus
579 2558 1001 2626 cogitationibus
1039 2567 1325 2625 utilitatem
1371 2587 1436 2627 ac
1467 2590 1657 2644 pacem
1694 2578 1760 2633 de
1792 2596 1899 2650 qua

316 2645 679 2701 consultaturi
713 2652 939 2718 profecti
977 2654 1083 2712 huc
1121 2673 1332 2728 sumus,
1361 2645 1823 2735 prtepusueritis;
1846 2681 1899 2726 et

316 2748 456 2789 unus
482 2738 727 2806 quidam,
757 2742 886 2797 dum
934 2746 1001 2800 de
1034 2750 1199 2807 tantis
1233 2754 1398 2811 rebus
1437 2758 1729 2815 consilium
1780 2763 1896 2828 dat,

312 2827 571 2885 omnibus
629 2832 782 2890 visus
832 2835 997 2893 fuerit
1049 2855 1205 2912 aequa
1255 2845 1457 2903 dicere.
1510 2848 1715 2907 Deinde
1770 2870 1894 2910 cum

311 2933 505 2985 nuper,
562 2937 671 2978 non
732 2927 895 2982 modo
939 2945 1102 3000 quem
1150 2949 1252 3006 ego
1302 2953 1555 2996 censeam
1613 2946 1889 3002 utiliorem

1940 1671 1985 1727 Ᾱ
2089 1698 2310 1768 Πρῶτον
2363 1700 2484 1772 μὲν,
2536 1696 2581 1758 ὦ
2634 1704 2880 1778 Πατὲρες
2906 1707 3217 1780 σεϐάσμιοι,
3273 1711 3435 1784 χάρις
3476 1714 3595 1786 Θεῷ

2012 1795 2111 1863 τῆς
2144 1793 2192 1848 θ’
2228 1795 2506 1867 ὑμετέρας
2553 1799 2684 1870 περὶ
2729 1800 2799 1855 τὰ
2851 1802 2989 1857 καλά
3043 1805 3374 1876 προθυμίας,
3419 1808 3491 1862 δι’
3526 1809 3596 1880 ἢν

2010 1889 2124 1951 τοῖς
2148 1887 2356 1965 ἀγαθόν
2384 1909 2437 1944 τι
2468 1891 2688 1962 λέγουσι
2720 1897 3010 1969 προσέχειν
3042 1898 3257 1965 ἀξιοῦτε
3314 1900 3409 1955 τὸν
3439 1901 3589 1968 νοῦν,

2008 1980 2111 2034 οὐκ
2152 1964 2356 2048 αὐτοὺς
2381 1986 2511 2048 τοὺς
2541 1964 2805 2056 λέγοντας
2848 1964 3219 2058 ἐξετάζοντες,
3244 1990 3344 2062 τὴν
3393 1994 3449 2047 δὲ
3479 1995 3592 2046 τῶν

2009 2072 2185 2142 λόγων
2230 2077 2694 2151 ὲπισκεπτόμενοι
2743 2081 3010 2153 δύναμιν·
3047 2085 3145 2154 τῆς
3195 2101 3256 2138 τε
3309 2087 3440 2155 περὶ
3488 2087 3591 2156 ἐμὲ

2008 2166 2422 2239 φιλανθρωπίας
2460 2171 2626 2227 αὐτοῦ
2653 2190 2666 2205 ·
2713 2169 2782 2248 ἧς
2813 2176 2974 2246 ἔργον
3020 2178 3085 2231 τὸ
3118 2177 3346 2250 γνώμης
3399 2180 3591 2232 ιπιτυ-

2009 2264 2143 2330 χείν,
2174 2264 2269 2316 καὶ
2311 2264 2589 2328 τοσούτοις
2633 2267 2830 2337 ἀρέσαι
2864 2269 3111 2339 Πατράσι
3160 2270 3384 2340 γέγονεν
3433 2272 3590 2326 ἅντι-

2005 2370 2163 2424 κρυς.
2197 2354 2337 2409 Οὔτε
2391 2358 2500 2428 γὰρ
2551 2358 2681 2426 ὑμῖν
2723 2361 2823 2428 τῆς
2868 2361 2928 2414 ὲν
2956 2361 3037 2431 τῷ
3075 2361 3228 2432 καλῷ
3264 2364 3588 2434 συμφωνίας

2005 2445 2098 2502 καὶ
2128 2448 2224 2503 τοῦ
2264 2450 2489 2505 πάντων
2544 2452 2732 2517 ἅπλῶς
2763 2452 3044 2523 λογισμῶν
3074 2454 3135 2509 τὸ
3163 2457 3443 2528 συμφέρον
3488 2460 3588 2513 καὶ

2001 2538 2101 2607 τὴν
2136 2541 2384 2610 εἰρήνην,
2422 2542 2563 2612 ὑπὲρ
2610 2538 2681 2615 ἦς
2728 2545 2940 2615 ἥκομεν
2986 2547 3337 2618 σκεψόμενοι,
3387 2566 3586 2619 προτι-

2003 2632 2173 2698 θέναι,
2209 2633 2325 2688 οὗθ’
2351 2635 2436 2690 ἑνί
2480 2654 2585 2691 τινι
2611 2638 2740 2708 περὶ
2781 2640 3120 2710 τηλικούτων
3145 2641 3375 2710 γνώμην
3400 2643 3583 2710 εἰσφέ-

2004 2742 2171 2791 ροντι.
2200 2729 2317 2791 τοῖς
2339 2728 2486 2785 ,πᾶσι
2517 2728 2666 2795 δόξαι
2702 2730 2888 2785 δίκαια
2919 2732 3143 2800 λέγειν,
3179 2731 3310 2787 ἄλλο
3357 2750 3412 2786 τι
3441 2733 3585 2803 πλὴν

1999 2816 2102 2882 τῆς
2134 2819 2349 2872 ἐκεῖθεν
2374 2822 2549 2893 ῥοπῆς
2582 2823 2826 2891 νομίζειν
2857 2824 3069 2889 ἔξεστιν
3108 2824 3586 2881 αῐτισν.’Ἕπειτιι

2001 2909 2194 2980 πρώην
2219 2912 2282 2962 ού
2326 2911 2485 2981 μόνον
2527 2913 2712 2966 ὅντινα
2776 2915 2874 2984 τῆς
2915 2915 3142 2987 εἰρήνης
3180 2917 3383 2987 τρόπον
3417 2916 3588 2985 ἠγοῦ-

307 3012 459 3078 pacis
485 3014 730 3082 modum,
757 3020 853 3074 sed
889 3022 1052 3077 etiam
1079 3002 1429 3093 quavratioue
1472 3034 1538 3088 ad
1568 3033 1717 3090 illum
1764 3053 1882 3108 per-

2001 3016 2102 3068 μαι
2154 3002 2597 3073 λυσιτελέστερον
2645 3006 2889 3071 ἔσεσθαι,
2937 3009 3076 3064 ἀλλά
3125 3012 3222 3065 καὶ
3265 3010 3335 3065 δι’
3384 3002 3464 3065 ὧν
3512 3010 3585 3064 ἂν

305 3099 479 3153 veniri
514 3104 704 3170 possit,
739 3120 826 3161 me
858 3109 1013 3166 vobis
1048 3114 1283 3171 consilio
1330 3122 1677 3188 promiserim
1708 3099 1892 3183 osten-

305 3205 521 3258 surum,
541 3193 769 3267 jamque
792 3202 1028 3258 alterum
1055 3209 1423 3275 prastiterim,
1445 3230 1594 3270 nunc
1622 3217 1887 3289 reliquam

303 3282 480 3338 debiti
502 3298 709 3353 partem
737 3294 1021 3350 soiuturus
1052 3299 1274 3354 accedo.
1304 3302 1372 3356 Et
1397 3304 1515 3360 scio
1552 3282 1775 3377 quidem
1803 3328 1888 3368 me

305 3374 678 3433 «liliiciilimam
741 3377 960 3452 a'ggredi
996 3391 1302 3458 materiam,
1346 3405 1401 3448 et
1457 3374 1587 3452 noni
1610 3402 1884 3458 modicum

306 3465 596 3525 Imminere
620 3474 923 3541 periculum
975 3478 1044 3533 de
1072 3481 1172 3537 bac
1203 3485 1433 3541 materia
1485 3491 1808 3559 tractaturo,
1842 3498 1887 3552 si

304 3560 590 3633 contingat
632 3574 727 3620 aut
774 3568 953 3623 neutri
1008 3573 1270 3643 partium,
1322 3586 1416 3633 aut
1465 3580 1622 3638 alteri
1675 3594 1883 3643 tantum

304 3652 521 3721 placere
569 3671 691 3726 quae
742 3674 864 3715 sum
915 3662 1211 3720 dicturus:
1262 3679 1637 3730 verumtamen
1686 3679 1888 3734 audere

302 3744 525 3814 quidem
559 3748 628 3804 de
652 3763 714 3804 ea
747 3751 1029 3825 quidpiam
1057 3756 1263 3823 dicere,
1306 3760 1482 3821 visum
1535 3766 1601 3820 iri
1651 3769 1887 3826 arbitror

302 3838 559 3894 omnibus
585 3856 694 3896 non
729 3852 838 3898 tam
870 3845 1223 3916 impudentia:
1250 3860 1304 3907 et
1320 3856 1689 3928 procacitatis,
1717 3878 1883 3934 quam

303 3931 416 4000 spei
458 3931 614 3988 bonae
657 3949 1061 4008 argumentum,
1097 3958 1262 4014 quam
1321 3947 1389 4002 ab
1435 3931 1884 4010 antecedentibus

302 4034 579 4097 acceptam
625 4040 1053 4094 consentaneum
1085 4047 1167 4093 est
1200 4039 1369 4097 etiam
1417 4042 1472 4096 in
1522 4048 1883 4115 praesentibus

298 4132 648 4185 conservare,
694 4131 742 4177 et
795 4139 857 4179 ea
906 4128 1184 4200 proposita
1228 4146 1423 4191 rursus
1471 4134 1537 4189 ad
1588 4136 1881 4193 dicendum

297 4208 519 4278 aggredi
559 4228 573 4266 :
611 4211 681 4266 ad
708 4216 1114 4284 temperandam
1145 4233 1276 4275 vero
1306 4221 1687 4291 oﬂ‘ensioncm,
1715 4228 1761 4283 si
1787 4237 1882 4284 aut

297 4302 475 4356 neutri
506 4304 739 4372 partium
765 4307 1031 4376 placitura
1063 4311 1175 4367 sint
1199 4329 1321 4383 qua:
1348 4314 1551 4382 dicam,
1592 4328 1687 4373 aut
1714 4320 1871 4377 alteri
1906 4348 1949 4405 ο

294 4403 502 4448 tantum
554 4397 834 4469 contingat
878 4416 1002 4457 esse
1045 4412 1232 4474 gravia
1284 4423 1300 4460 :
1352 4408 1591 4475 primmn
1654 4411 1872 4481 quidem

291 4487 427 4539 satis
466 4484 580 4541 fore
606 4489 869 4553 arbitror,
904 4492 950 4545 si
977 4494 1229 4550 veritatis
1283 4499 1522 4567 bonique
1561 4504 1875 4571 apparentis

288 4590 417 4645 ergo
454 4577 602 4631 illam
637 4582 940 4648 patiamini,
973 4584 1173 4639 deinde
1208 4586 1340 4640 illud
1372 4589 1562 4652 etiam,
1619 4593 1766 4667 quod
1802 4595 1870 4650 ad

285 4681 404 4720 eam
447 4683 568 4736 qua:
595 4671 753 4726 vobis
796 4673 1015 4728 tandem
1054 4676 1311 4752 placebit,
1350 4680 1607 4735 accedam
1645 4678 1870 4739 senten-

286 4760 439 4826 tiam,
488 4761 736 4832 nihilque
783 4767 886 4819 crit
937 4767 1347 4838 itnpedimeuto.
1392 4789 1502 4842 quo
1560 4776 1743 4832 minus
1784 4794 1871 4833 ve-

282 4864 453 4909 stram
501 4858 829 4914 sententiam
893 4875 1119 4931 sequar,
1148 4867 1295 4932 quod
1326 4866 1481 4920 aliter
1508 4878 1666 4923 antea
1694 4869 1761 4924 de
1785 4870 1870 4926 bis

282 4947 576 5005 senserim.
610 4949 795 5015 Quare
825 4960 959 5022 puto
1005 4968 1105 5010 vos
1136 4950 1521 5028 quodazquum
1556 4970 1635 5016 est
1662 4959 1868 5017 iacien-

282 5051 385 5107 tes,
428 5050 522 5096 aut
560 5042 692 5097 nihil
744 5045 969 5107 omnino
1002 5063 1146 5119 aegre
1176 5049 1407 5116 laturos,
1437 5054 1484 5107 si
1513 5056 1645 5124 quid
1682 5056 1865 5110 minus

280 5136 610 5203 placiturum
655 5139 813 5194 vobis
835 5141 1017 5196 dicere
1042 5143 1287 5210 videbor,
1315 5148 1380 5200 ad
1410 5156 1643 5203 mentem
1680 5151 1865 5221 potius

279 5243 453 5283 meam
488 5230 845 5300 respicientes
870 5271 886 5299 ,
923 5244 1019 5289 aut
1052 5245 1237 5305 postea
1288 5238 1643 5295 oli‘eusionem
1694 5243 1865 5314 depo-

276 5319 499 5385 situros,
552 5322 877 5391 veniamque
929 5325 1156 5382 daturos
1194 5330 1399 5383 nolenti
1453 5330 1859 5400 contradicere,

273 5419 327 5461 et
360 5409 577 5465 decreta
609 5414 898 5483 sequiiuou
923 5416 1210 5483 abnuenti,
1240 5430 1295 5473 et
1328 5422 1608 5477 communi
1639 5434 1860 5479 senten-

275 5502 361 5554 tia:
398 5517 572 5556 meam
609 5503 751 5560 hanc
785 5523 891 5562 non
943 5512 1273 5576 prmferenti.
1312 5511 1429 5567 llas
1460 5530 1590 5584 ergo
1620 5517 1858 5571 rationes

271 5592 576 5648 ditiicultati
625 5601 866 5653 materiae
910 5618 1216 5670 opponens,
1252 5617 1305 5659 et
1337 5616 1464 5660 ante
1507 5608 1692 5662 oumia
1758 5624 1853 5663 vc-

1996 3094 2209 3163 γένοιτο
2266 3093 2459 3148 τούτου
2508 3100 2718 3168 τυχεῖν,
2770 3099 3200 3168 συμϐουλεύσειν
3249 3100 3583 3170 ἐπαγγειλά-

1999 3204 2182 3256 μενος,
2220 3189 2315 3242 καὶ
2364 3190 2591 3260 θάτερον
2643 3192 3027 3258 ἀποδεδωκὼς,
3072 3193 3168 3248 νῦν
3211 3194 3333 3265 ἥκω
3379 3198 3477 3252 καὶ
3514 3196 3583 3251 τὸ

1993 3279 2182 3334 λοιπὸν
2209 3281 2308 3336 τοῦ
2351 3283 2547 3353 χρέους
2579 3285 2840 3342 ὲκτίσων.
2876 3289 2987 3343 Καὶ
3034 3283 3153 3344 οῖδα
3188 3289 3287 3359 μὲν
3313 3290 3582 3359 δυσχερε-

1993 3373 2198 3442 στάτης
2262 3374 2400 3443 ὕλης
2449 3377 2775 3448 ἁπτόμενος,
2831 3381 2938 3434 κᾶν
3003 3383 3188 3453 συμϐῇ
3250 3383 3581 3453 μηδετέροις

1991 3468 2146 3537 ὑμῶν
2193 3468 2226 3538 ἢ
2277 3472 2391 3530 τοῖς
2423 3470 2633 3539 ἑτέροις
2662 3472 2846 3540 μόνοις
2876 3474 3008 3537 τοὺς
3051 3474 3243 3542 λόγους
3288 3475 3572 3544 ἀρέσκειν,

1990 3559 2240 3613 κίνδυνον
2278 3560 2380 3615 οὐκ
2434 3561 2617 3630 ὀλίγον
2667 3563 2902 3634 ἐχούσης
2949 3564 3030 3635 τῷ
3078 3566 3287 3634 ταύτην
3337 3569 3577 3637 ὑφιστα-

1992 3653 2142 3722 μένῳ
2164 3669 2178 3684 ·
2215 3653 2331 3707 ἀλλ’
2368 3654 2516 3723 ὅμως
2572 3654 2633 3707 τὸ
2680 3655 2780 3721 μὲν
2813 3654 3083 3725 τολμῆσαί
3115 3674 3170 3710 τι
3205 3657 3334 3728 περὶ
3364 3657 3576 3728 ταύτης

1987 3746 2164 3798 είπείν
2212 3745 2272 3799 οὐ
2328 3746 2533 3815 μᾶλλον
2576 3747 2814 3816 θράσους
2866 3749 2962 3800 καὶ
3010 3750 3343 3815 προπετείας
3387 3749 3420 3820 ἢ
3469 3752 3577 3818 τῆς

1986 3838 2201 3907 ἀγαθῆς
2254 3838 2468 3902 ἐλπίδος
2524 3838 2699 3905 δόξειν
2753 3838 2962 3893 ἅπασιν
3010 3836 3201 3911 οῐμαν
3241 3843 3310 3913 ἢν
3349 3842 3411 3895 ἐκ
3459 3843 3574 3894 τῶν

1989 3935 2275 4007 προτέρων
2323 3932 2580 3995 λαϐόντα,
2614 3912 2837 4001 εύλογόν
2873 3934 2989 3986 ἐστι
3036 3935 3176 3988 κάπὶ
3223 3912 3334 3988 τῶν
3367 3935 3572 4004 παρόν-

1984 4045 2094 4081 των
2124 4024 2530 4095 διαφυλάττειν,
2560 4026 2655 4077 καὶ
2693 4023 2901 4095 ταύτην
2931 4024 3375 4096 προϐαλλόμενον
3408 4022 3569 4089 αὖθις

1984 4122 2286 4191 ἐπιχειρεῖν
2312 4136 2326 4151 ·
2362 4121 2462 4191 τῆς
2504 4120 2551 4174 δ’
2594 4121 2703 4175 ἀπὸ
2731 4120 2826 4174 τοῦ
2873 4122 3193 4194 μηδετέροις
3240 4124 3497 4195 ἀρέσκειν
3528 4124 3565 4194 ἢ

1984 4213 2098 4275 τοῖς
2150 4212 2361 4280 ὲτέροίς
2403 4212 2690 4279 φαίνεσθαι
2737 4214 3239 4287 φορτικὸνοάηδίας
3285 4213 3567 4285 συμϐητο-

1989 4302 2190 4373 μένηςο
2226 4302 2444 4372 πρῶτον
2495 4304 2596 4372 μὲν
2626 4304 2688 4357 τὸ
2730 4305 2825 4375 τῆς
2868 4305 3131 4376 ἀληθείας
3182 4306 3343 4379 χάριν
3392 4307 3568 4377 αὐτῆς

1980 4394 2313 4465 ἀνασχέσθαι
2360 4395 2455 4448 καὶ
2514 4396 2610 4450 τοῦ
2671 4398 2999 4466 φαινομένου
3044 4400 3234 4466 καλοῦ,
3285 4401 3565 4471 ἀρκοῦσαν

1979 4487 2247 4558 ὑπάρξειν
2273 4487 2519 4557 ἠγοῦμαι
2553 4490 2913 4560 παραμυθίαν
2939 4509 2953 4523 ·
2983 4491 3162 4545 ἔπειθ’
3201 4495 3283 4547 ὅτι
3328 4495 3422 4548 καὶ
3448 4495 3563 4549 τῶν
3662 4502 3682 4517 ⁸

1978 4579 2109 4645 ὑμῖν
2165 4577 2393 4649 ὕστερον
2439 4582 2748 4651 ἀρεσόντων
2795 4583 2990 4653 ἔσομαι
3048 4586 3324 4649 κοινωνὸς,
3360 4589 3454 4642 καὶ
3498 4588 3561 4639 τὸ

1976 4667 2334 4735 περὶτούτων
2364 4669 2494 4723 ἄλλο
2549 4687 2602 4723 τι
2652 4673 2915 4741 πρότερον
2965 4677 3372 4746 πεφρονηκέναι
3419 4677 3557 4746 πρὸς

1973 4755 2035 4808 τὸ
2069 4759 2190 4819 ταῖς
2238 4758 2535 4830 ὑμετέραις
2580 4760 2829 4815 τίθεσθαι
2856 4764 3060 4833 ψήφοις
3099 4767 3251 4820 οὐδὲν
3295 4769 3555 4836 ἐμπόδιον

1972 4847 2147 4901 ἔσται.
2179 4848 2334 4902 "000'
2377 4852 2621 4921 ἡγοῦμαι
2662 4854 2730 4906 τὰ
2781 4852 2963 4908 δίκαια
3013 4857 3305 4922 ποιοῦντας
3342 4861 3485 4929 ὑμᾶς
3517 4861 3552 4931 ἢ

1974 4940 2119 5022 μηδὲ.
2147 4941 2244 5008 τὴν
2288 4942 2487 5013 ἀρχὴν,
2534 4946 2601 4997 ἄν
2638 4963 2688 4998 τι
2731 4947 2841 4999 τῶν
2886 4947 2983 5019 οὐχ
3028 4950 3553 5032 ύμῒνιάρεπκόντων

1972 5010 2236 5104 φαίνομαι
2286 5010 2483 5106 λέγων,
2538 5038 2916 5111 δυσχερανείν,
2950 5010 3112 5114 ’πρός
3324 5046 3550 5117 γνώμην

1969 5129 2380 5193 ἀποϐλέποντας
2420 5131 2645 5199 μᾶλλον,
2678 5134 2709 5203 ἢ
2743 5136 2836 5187 καὶ
2890 5137 3029 5203 μετά
3059 5137 3216 5191 ταῦτ’
3244 5140 3545 5207 ἀντιλέγειν

1970 5219 2210 5281 ἀξιοῦντι
2256 5221 2391 5292 μηδὲ
2440 5223 2647 5276 θέλοντι
2697 5229 2810 5288 τοῖς
2860 5229 3231 5299 ἐγνωσμένοις
3280 5233 3544 5300 ἐμμένειν

1966 5312 2060 5364 καὶ
2113 5312 2269 5364 ταῦτ’
2320 5315 2443 5368 ἀντὶ
2492 5318 2604 5368 τῶν
2663 5318 2835 5371 ἅπασι
2889 5320 3193 5377 δοκούντων
3245 5325 3537 5405 αἱρεῖσθαι,

1966 5403 2296 5474 συγγνώμης
2337 5423 2395 5458 τε
2446 5409 2784 5475 μεταίώσειν
2833 5413 2933 5465 καὶ
2976 5411 3162 5466 λύσειν
3192 5403 3539 5487 τὴννάηδίαν.

1965 5490 2199 5557 Τούτους
2239 5494 2351 5563 ἐγὼ
2402 5497 2477 5567 τῷ
2517 5499 2617 5568 τῆς
2668 5501 2981 5568 ὑποθέσεως
3028 5506 3253 5575 ἑργώδει
3292 5509 3421 5570 τοὺς
3458 5508 3544 5561 λο-

1963 5587 2193 5653 γισμοὺς
2223 5588 2538 5655 ἀντιτάξας,
2576 5593 2669 5644 καὶ
2720 5594 2830 5663 πρὸ
2882 5597 3100 5651 πάντων
3135 5597 3231 5669 τὴν
3263 5599 3538 5669 ὑμετέραν

270 5695 439 5739 stram
475 5699 587 5754 prae
637 5689 820 5744 oculis
858 5678 1307 5748 benevolentiam
1360 5697 1589 5762 habens,
1631 5714 1736 5768 qua
1768 5716 1854 5756 me

1988 5681 2411 5750 προστησάμενος
2461 5682 2698 5752 εὔνοιαν,
2840 5688 3150 5761 θαρροῦντα
3196 5694 3280 5747 δεῖ
3334 5712 3385 5747 τι
3444 5696 3532 5748 καὶ

272 5782 472 5837 t'rctum
530 5788 745 5851 opOItct
800 5781 1017 5849 aliquod
1068 5788 1231 5842 etiam
1285 5788 1467 5847 suliirc
1522 5791 1845 5861 periculum,

1963 5770 2472 5839 παρακινδυνεύειν,
2529 5777 2622 5829 καὶ
2672 5779 2739 5851 ῆν
2788 5782 3055 5855 προσήκει
3111 5784 3533 5855 διαφυλάτιοντα
