3948 6186
361 281 462 344 Ηί

357 593 644 662 προτέρων
701 595 845 664 μήτε
903 597 1155 665 λέγοντος
1211 603 1390 658 ταῦτα.
1449 609 1591 677 μήτε
1652 611 1934 677 πείθοντος

350 680 545 751 ῑφελος
585 685 694 754 εἴη.
724 686 902 741 Πολλά
947 689 1048 757 μὲν
1072 691 1166 746 οὖν
1195 693 1266 747 τὰ
1297 695 1398 767 τὴν
1445 699 1764 775 θαυμαστὴν
1801 705 1933 759 ταύ-

350 791 452 841 την
497 775 725 846 εἰρήνην
777 779 976 848 εὐχερῆ
1031 782 1126 835 καὶ
1178 787 1370 855 ῥᾳδίαν
1419 790 1573 859 ἡμῖν,
1607 792 1676 846 ἂν
1730 795 1930 866 βουληο

350 864 537 934 θῶμεν
596 868 776 937 μόνον,
809 870 1056 937 δείξοντα
1119 875 1403 942 πέφυκεν·
1457 882 1557 936 οὐκ
1615 884 1814 954 ὀλίγων
1873 864 1929 942 δὲ

350 956 630 1024 γέμουσαν
678 960 1100 1032 ἐναντιωμάτων
1148 963 1304 1032 αὖθις
1334 972 1482 1026 ἐστιν
1533 975 1662 1029 ίδεῖν
1707 982 1822 1044 τοῖς
1851 983 1926 1054 μὴ

350 1049 606 1118 καθαρῶς
656 1052 1142 1126 ἐπισκεπτομένοις
1169 1078 1184 1093 ο
1229 1062 1265 1116 ἃ
1295 1060 1451 1134 οἶμαι
1487 1069 1616 1138 περὶ
1657 1072 1766 1128 τῶν
1813 1049 1925 1132 acto;

346 1140 586 1195 λυόντων
617 1145 834 1214 πρῶτον
867 1149 1060 1215 είπὼν,
1095 1154 1188 1205 καὶ
1212 1155 1363 1210 ταῦτ’
1394 1159 1640 1229 ἐξορίσαι
1672 1164 1751 1229 ὡς
1785 1171 1922 1238 ποῤ⁹

349 1234 577 1303 ρωτάτω
635 1238 744 1292 τῶν
797 1240 1078 1314 ὑμετέρων
1130 1246 1340 1318 ψυχῶν.
1377 1251 1632 1308 Ἷιδοισθε
1691 1258 1800 1327 γὰρ
1854 1234 1922 1313 ἀν

343 1328 438 1378 καὶ
469 1329 624 1382 αὐτοὶ
653 1331 762 1383 τῶν
790 1336 901 1396 τοῖς
928 1337 1114 1400 καλοῖς
1145 1341 1608 1400 ἐπιϐουλευόντων
1637 1348 1920 1420 λογισμῶν

343 1420 606 1486 γενναίως
631 1423 1034 1496 ἐλαυνομένων,
1057 1432 1148 1514 καὶ
1174 1433 1312 1504 πρὸς
1335 1439 1402 1490 τὰ
1427 1438 1683 1493 ποιοῦντα
1714 1443 1919 1514 ταύτην

344 1511 712 1585 εὐκολώτερον
745 1517 1039 1586 βαδιεῖσθε,
1082 1504 1334 1596 καθάπερ
1365 1530 1424 1580 ἐν
1447 1528 1549 1598 ὁδῷ
1581 1548 1685 1586 τινι
1721 1535 1829 1588 τῶν
1861 1538 1918 1591 ἐν

343 1605 476 1671 αὐτῇ
503 1606 776 1663 δυσκόλων
811 1612 1234 1685 ἀφαιρεθέντων.
1261 1621 1585 1697 ’Λνάσχεσθε
1622 1628 1680 1682 δὲ
1715 1627 1916 1698 μικρὸν

323 1767 326 1769 ἓ
341 1693 402 1746 λα
411 1695 708 1764 μὸἀνοντος
745 1701 974 1762 ἀνωθεν.

409 1880 481 1932 Τὸ
515 1883 614 1951 μὲν
656 1887 1010 1963 οἰκονομικήν
1039 1911 1161 1950 τινα
1205 1898 1303 1954 καὶ
1339 1905 1678 1977 φαινομένην
1717 1908 1914 1962 ἕνωσιν

335 1977 834 2049 καταπράξασθαι,
885 1987 994 2041 τῶν
1063 1991 1599 2067 ἀμφισσητουμένων
1663 2001 1738 2063 ὡς
1800 2002 1912 2071 ἔχει

334 2066 473 2130 τέως
531 2073 839 2138 μενόντων,
897 2077 1022 2131 οὔτε
1085 2084 1396 2154 συμςρέρον,
1462 2087 1573 2140 οὔτ’
1637 2093 1913 2162 εὐπρεπὲς

336 2155 620 2228 ἐδείξαμεν
650 2161 731 2226 δν,
762 2165 876 2218 ἀλλ’
933 2170 1157 2237 ἀνάξιον
1200 2175 1302 2242 μὲν
1347 2177 1445 2246 τῆς
1473 2165 1632 2248 ἡμῶν
1684 2155 1907 2250 ἀρετῆς.

339 2248 533 2344 πὸῥρω
587 2253 644 2308 δὲ
693 2257 794 2326 τῆς
859 2261 1137 2333 ἡμετέρας
1209 2270 1620 2340 προσηγορίας*
1681 2248 1776 2326 καὶ
1830 2276 1909 2344 τῷ

337 2340 618 2412 Πνεύματι
647 2348 747 2415 μὲν
784 2350 964 2419 ἥκιστ’
990 2354 1241 2426 ἀρέσκον,
1280 2359 1372 2429 ὑφ’
1419 2355 1480 2415 οὗ
1513 2365 1605 2416 καὶ
1643 2340 1908 2438 συνῆχθαί

337 2450 538 2503 φαμεν,
592 2439 691 2492 οὐκ
751 2441 937 2511 ὀλίγας
998 2445 1055 2499 δὲ
1108 2448 1204 2512 τὰς
1261 2451 1410 2521 παρά
1461 2455 1572 2506 τῶν
1599 2457 1906 2527 ἀνθρώπων

337 2524 575 2595 μέμψεις
631 2531 830 2596 ὲπάξον
882 2537 1015 2605 ἡμῖν
1041 2557 1053 2568 ·
1107 2541 1242 2608 πρὸς
1285 2542 1340 2596 δὲ
1386 2544 1595 2606 τούτοις
1628 2524 1750 2601 οὔτε
1783 2553 1908 2613 ταῖς

333 2619 564 2686 ἀγαθαῖς
614 2623 794 2680 ἐλπίσι
844 2630 1144 2699 συμϐαῖνον
1192 2635 1282 2703 ὑφ’
1315 2630 1390 2689 ὧν
1421 2640 1764 2710 κεκινὴμεθα
1802 2642 1902 2713 τὴν

333 2711 528 2781 ἀρχὴν,
559 2715 684 2768 οὔτε
731 2721 796 2788 τῇ
831 2720 918 2775 διὰ
974 2725 1193 2780 πάντων
1231 2733 1556 2802 παρασκευῇ
1601 2711 1899 2804 προσῆκον,

333 2802 368 2870 ἠ
403 2804 497 2858 καὶ
530 2806 666 2874 πρὸς
694 2810 820 2863 ἀλλο
849 2829 901 2864 τι
953 2815 1160 2883 μεῖζον,
1194 2822 1350 2888 εἴπερ
1385 2817 1474 2893 ἦν,
1507 2825 1601 2878 τοῦ
1637 2802 1901 2896 παρόντος

330 2892 566 2960 ἧρκεσεν
596 2897 661 2950 ἀν
681 2913 695 2928 ·
725 2902 818 2952 καὶ
845 2902 1090 2973 χείρονος
1122 2908 1364 2978 πολέμου
1399 2892 1492 2966 καὶ
1522 2892 1897 2986 μάχης-ἄρξον

333 2986 472 3052 μετά
525 2989 699 3044 ταῦτα
756 2993 1148 3062 Χριστιανοῖς·
1213 3003 1313 3071 τὴν
1364 3005 1420 3058 δὲ
1482 3008 1581 3078 τῆς
1642 3009 1898 3080 ἀληθείας

1527 302 1808 368 ORATIO
1856 308 1917 370 Π
1947 311 2047 372 ΑΙ)
2083 314 2469 381 SYNODUM.

355 407 467 466 τοῖς
505 405 906 474 χαλεπωτάτοις
942 411 1260 484 ἐπιχειρεῖν,
1285 417 1380 481 τὰς
1416 419 1674 493 δευτέρας
1708 427 1940 498 ὑποσχέο
1969 431 2010 486 Α

358 513 475 559 σεις
503 499 762 553 ἀποτῖσαι
805 505 1160 574 πειράσομαι,
1191 504 1265 562 ὧν
1292 509 1423 565 ἄνευ
1450 515 1600 568 οὐδὲν
1646 518 1712 571 ἂν
1739 520 1803 572 ὲκ
1828 521 1938 575 τῶν

3522 335 3629 400 442

2040 447 2315 505 quamque
2343 439 2477 492 mihi
2501 447 2735 496 tuentem
2766 443 3078 502 difﬁcillima
3101 448 3354 506 convenit
3383 458 3621 525 aggredi,

2042 529 2280 583 secunda
2316 533 2587 599 promissa
2619 538 2860 592 conabor
2893 541 3228 608 persolvere,
3266 545 3386 600 sine
3419 548 3620 616 quibus

2041 615 2186 669 nulla
2220 619 2326 672 erit
2375 635 2439 674 ex
2498 622 2772 689 prioribus
2821 627 3049 693 utilitas,
3105 631 3150 684 si
3203 631 3317 688 hazc
3368 649 3468 705 ego
3512 654 3617 693 non

2037 707 2240 771 dicam,
2277 719 2372 764 aut
2406 713 2708 772 suadeam..
2737 715 2903 771 Multa
2937 730 3067 773 sunt
3105 721 3289 790 igitur,
3322 741 3442 792 qua:
3477 743 3616 796 pra:-

2035 799 2242 855 claram
2273 800 2414 857 hanc
2443 818 2631 872 pacem
2679 807 2891 862 facilem
2932 811 3086 866 nobis
3117 827 3181 865 ac
3218 814 3420 871 nullius
3453 833 3614 887 nego-

2039 891 2122 959 tii,
2150 893 2448 950 dummodo
2473 897 2722 962 velimus,
2756 902 3044 957 ostendent
3081 921 3095 958 :
3132 920 3319 964 rursus
3351 924 3456 962 non
3484 926 3622 980 pau-

2032 983 2109 1038 cis
2157 999 2278 1048 eam
2330 997 2541 1043 scatere
2587 991 3027 1060 oppositionibus
3056 996 3316 1064 viderint,
3350 1002 3442 1069 qui
3497 1017 3611 1056 rem

2031 1091 2136 1133 non
2169 1080 2383 1136 sincere
2417 1085 2790 1142 considerant.
2828 1085 3072 1143 Primum
3104 1105 3232 1161 ergo
3274 1091 3338 1145 de
3386 1093 3615 1161 impedi-

2028 1172 2226 1227 mentis
2274 1175 2542 1243 agendum
2593 1191 2810 1240 censeo,
2864 1189 2923 1233 ut
2968 1196 2996 1234 a
3049 1182 3247 1238 vestris
3300 1183 3501 1237 animis
3547 1200 3609 1238 ea

2025 1248 2195 1329 quam
2217 1261 2530 1333 longissime
2579 1280 3005 1335 removeantur;
3042 1281 3252 1341 gratum
3303 1273 3448 1327 enim
3508 1275 3609 1328 hoc

2023 1351 2176 1406 vobis
2226 1355 2386 1409 etiam
2438 1357 2562 1421 erit,
2612 1357 2658 1412 si
2710 1359 3068 1430 cogitationes
3105 1363 3229 1427 illaz,
3267 1380 3388 1433 qua>
3443 1366 3608 1421 rebus

2023 1443 2268 1500 honestis
2327 1447 2624 1502 moliuntur
2677 1449 2927 1516 insidias,
2993 1464 3215 1509 strenue
3269 1455 3604 1526 abigantur;

2020 1533 2352 1605 faciliusque
2382 1537 2448 1591 ad
2480 1553 2542 1593 ea
2596 1541 2922 1609 transibitis,
2958 1558 3056 1613 per
3094 1561 3215 1615 qua:
3258 1545 3349 1600 tiet
3395 1563 3521 1616 pax,
3559 1550 3605 1604 si

2019 1641 2140 1694 quae
2170 1628 2316 1682 illam
2348 1630 2676 1697 asperiorem
2710 1633 2938 1700 faciunt,
2971 1638 3126 1705 quasi
3172 1638 3277 1693 oll'e
3295 1639 3512 1694 ndicula
3542 1642 3607 1696 de

2017 1717 2104 1771 via
2136 1719 2587 1775 submoveantur.
2624 1721 2879 1778 Patimini
2913 1741 3060 1790 vero,
3093 1741 3301 1797 quaeso,
3333 1744 3417 1784 me
3442 1731 3605 1800 paulo

2017 1807 2189 1863 altius
2229 1825 2345 1864 rem
2379 1802 2571 1868 ordiri.

2091 1899 2356 1957 Unionem
2393 1904 2574 1974 itaque
2598 1906 2866 1962 conficere
2916 1919 3292 1979 apparentem,
3342 1921 3395 1967 ct
3425 1912 3600 1968 solum

2016 1994 2265 2062 praesenti
2301 2010 2480 2048 rerum
2515 1998 2678 2051 statui
2711 1999 3081 2073 profuturam,
3117 2003 3284 2058 rebus
3332 2019 3450 2072 qum
3479 2021 3598 2060 ver-

2014 2092 2207 2135 santur
2239 2083 2291 2136 iu
2321 2089 2720 2154 controversia,
2765 2089 2840 2143 ita
2879 2101 2932 2145 ut
2974 2108 3120 2146 nunc
3156 2109 3214 2147 se
3249 2093 3452 2148 habent
3483 2110 3600 2147 ma-

2014 2172 2284 2237 nentibus,
2323 2190 2425 2229 nec
2455 2175 2586 2230 utile
2628 2193 2726 2232 nec
2753 2179 3009 2234 decorum
3051 2197 3170 2237 esse
3200 2182 3541 2238 ostendimus
3574 2202 3589 2250 ;

2010 2263 2105 2318 sed
2134 2279 2246 2318 rem
2283 2275 2468 2321 nostra
2497 2266 2716 2336 quidem
2766 2271 2967 2326 virtute
3017 2272 3316 2342 indignam,
3369 2273 3435 2328 ab
3477 2274 3595 2343 ejus

2009 2370 2138 2410 vero
2170 2357 2431 2422 nominis,
2466 2376 2576 2430 quo
2629 2378 3032 2431 nuncupantur,
3078 2365 3383 2434 signiﬁcatu
3433 2366 3592 2435 longe

2007 2451 2324 2516 distantem,
2381 2461 2436 2506 et
2478 2452 2706 2523 Spiritui
2759 2456 3003 2526 quidem,
3039 2471 3068 2510 a
3097 2472 3208 2527 quo
3236 2473 3334 2512 nos
3371 2471 3596 2527 congre-

2007 2554 2161 2610 gatos
2210 2545 2525 2608 asserimus,
2555 2545 2776 2600 minime
2829 2547 3130 2616 placentem
3163 2587 3178 2610 ,
3223 2547 3412 2602 multis
3460 2563 3590 2602 vero

2005 2647 2106 2688 nos
2148 2634 2426 2688 hotniuum
2483 2637 3001 2706 reprehensionibus
3057 2641 3475 2710 subjicieutcm;
3535 2649 3591 2696 et

2005 2735 2264 2796 praaterea
2325 2728 2480 2782 home
2532 2731 2669 2798 spei,
2718 2745 2823 2799 qua
2881 2745 3074 2786 sumus
3108 2732 3175 2786 ab
3211 2732 3368 2787 initio
3413 2731 3583 2795 ducti,

2005 2820 2147 2874 haud
2178 2821 2624 2889 respondentem,
2684 2838 2786 2877 nec
2823 2825 3080 2878 universo
3137 2825 3422 2895 apparatui
3453 2839 3585 2879 cou-

2004 2921 2308 2982 gruentem,
2328 2912 2419 2981 qui
2437 2914 2570 2968 satis
2593 2923 2734 2967 esset
2757 2914 2822 2968 ad
2850 2916 3132 2983 quodlibet
3154 2916 3322 2980 aliud,
3347 2917 3390 2970 si
3415 2916 3582 2969 ullum

2004 3013 2171 3071 esset,
2226 3005 2475 3074 prmscnti
2518 3007 2730 3076 negotio
2769 3007 2944 3072 majus
2981 3024 2997 3075 ;
3029 3016 3082 3062 ct
3128 3018 3406 3077 postremo
3444 3024 3582 3074 rem,

329 3076 551 3146 εὖρεσίν
599 3098 658 3134 τε
710 3087 806 3137 καὶ
857 3086 1082 3158 ζήτησιν
1133 3094 1229 3146 καὶ
1285 3096 1391 3163 τὴν
1438 3076 1546 3150 ἀπί
1585 3076 1754 3169 αὐτῆς
1803 3101 1899 3156 τοῦ

2009 3108 2126 3163 quae
2156 3093 2294 3148 foret
2327 3094 2657 3150 Christianis
2687 3097 2844 3165 origo
2874 3097 3046 3167 praelii
3093 3076 3158 3153 ac
3203 3113 3393 3170 pugnm
3440 3098 3587 3152 dete-

327 3169 557 3237 ψεύδους
609 3177 783 3247 τομὴν
852 3179 1019 3249 μόνην
1069 3183 1244 3256 ἀληθῆ
1301 3188 1395 3240 καὶ
1449 3190 1661 3245 τελείαν
1707 3193 1904 3248 ἕνωσιν

326 3257 490 3326 εἶναι,
517 3265 611 3318 καὶ
637 3268 853 3324 πάντων
887 3272 988 3341 μὲν
1016 3273 1410 3347 ἐλαττωμάτων
1443 3284 1898 3357 ἀπηλλαγμένην,

326 3356 495 3410 καλοῦ
541 3358 597 3411 δὲ
646 3363 845 3426 παντὸς
887 3365 1186 3436 γέμουσαν,
1223 3372 1316 3424 καὶ
1369 3376 1478 3443 πρὸ
1525 3378 1745 3430 πάντων
1782 3381 1899 3434 θεο-

327 3448 482 3517 φιλῆ,
514 3445 575 3505 οὗ
631 3453 847 3519 μάλιστ’
878 3457 936 3509 ἐν
984 3461 1114 3512 πᾶσι
1162 3466 1273 3524 τοῖς
1325 3465 1414 3533 ὑφ’
1445 3468 1604 3538 ἡμῶν
1655 3487 1900 3540 πραττο-

327 3539 512 3606 μένοις
545 3542 743 3610 πρέπει
801 3546 1184 3616 στοχάζεσθαι.
1211 3551 1356 3621 Αὐτὴ
1406 3554 1455 3606 δ’
1502 3556 1570 3609 ἂν
1597 3539 1828 3626 γένοιτο,
1863 3559 1895 3629 ἢ

325 3630 572 3686 Λατίνων
600 3634 700 3703 τὴν
734 3637 1051 3708 προσθήκην
1084 3641 1484 3712 ἀτιμαζόντων,
1523 3651 1616 3701 καὶ
1659 3653 1900 3721 παυομέ-

323 3740 433 3774 νων
462 3726 598 3789 μετά
647 3729 853 3800 ταύτης
901 3734 1002 3801 τὴν
1047 3734 1233 3788 πίστιν
1262 3739 1570 3808 ὁμολογεῖν,
1598 3744 1630 3812 ἦ
1668 3746 1760 3797 καὶ
1787 3747 1898 3800 τῶν

322 3814 574 3882 Γραικῶν
603 3818 774 3890 αὐτὴν
801 3824 1201 3892 προστιθέντων
1229 3828 1304 3891 ὡς
1331 3830 1660 3899 ἀναγκαίαν.
1678 3835 1896 3888 Μᾶλλον

321 3906 374 3957 δ’
398 3908 591 3973 εἰπεῖν,
627 3910 693 3962 τά
743 3913 842 3981 μὲν
893 3916 990 3977 τῆς
1039 3918 1332 3987 ὁμολογίας
1383 3922 1612 3976 ἕπεσθαι
1660 3925 1760 3990 δεῖ,
1797 3927 1896 3994 τὴν

321 3996 380 4048 δὲ
434 3999 531 4067 τῆς
587 4003 818 4072 καρδίας
875 4006 1059 4061 πίστιν
1108 4010 1382 4079 ἡγεῖσθαι,
1418 4016 1512 4069 καὶ
1558 4017 1694 4086 πρὸς
1755 4019 1892 4088 αὐτῇ

323 4088 566 4156 παγῆναι
597 4093 788 4164 πρώτῃ
832 4097 935 4165 -τὴν
983 4098 1185 4162 γνῶσιν
1219 4104 1318 4169 τῆς
1365 4104 1624 4174 ἀληθείας
1673 4108 1767 4160 καὶ
1795 4108 1896 4178 τὴν

321 4177 382 4226 ἐν
414 4176 546 4247 αὐτῇ
583 4181 797 4234 πάντων
831 4183 1045 4239 ἕνωσιν.
1078 4187 1287 4240 Οὐκοῦν
1319 4191 1350 4261 ἦ
1389 4193 1658 4255 Λατίνους
1692 4176 1893 4266 ἀγνοῆ-

322 4286 412 4322 σαι
467 4273 745 4337 παντελῶς
797 4275 864 4345 ἢν
918 4279 1178 4347 ἐφρόνουν
1235 4283 1563 4352 κατάφασιν,
1613 4287 1708 4339 καὶ
1743 4289 1894 4357 παρά

324 4360 492 4426 μόνου
537 4363 631 4415 τοῦ
685 4366 896 4434 Πατρδς
943 4369 1224 4423 πιστεύειν
1269 4369 1410 4426 εῖναι
1460 4376 1519 4428 τὸ
1577 4376 1888 4448 Πνεῦμα,ἢ

1963 3193 1972 3198 “
2007 3186 2188 3241 rioris.
2228 3186 2599 3242 lnvemionem
2655 3197 2834 3242 autem
2875 3197 2929 3243 et
2977 3188 3389 3258 inquisitionem
3440 3190 3584 3242 veri-

2003 3275 2151 3339 tatis,
2184 3277 2409 3347 ejusque
2444 3293 2471 3330 a
2502 3279 2786 3334 mendacio
2832 3281 3214 3347 secretionem,
3260 3295 3378 3334 esse
3409 3282 3578 3336 solam

2003 3383 2184 3422 veram
2242 3378 2296 3424 et
2360 3370 2660 3440 perfectam
2727 3373 3012 3437 unitatem,
3065 3373 3212 3429 omni
3275 3387 3405 3426 sane
3453 3373 3585 3453 vitio

2003 3458 2252 3525 liberam,
2311 3471 2365 3516 et
2416 3462 2576 3517 bonis
2636 3465 2892 3519 omnibus
2951 3465 3283 3529 allluentem,
3329 3465 3584 3534 quodque

2001 3563 2164 3621 caput
2226 3562 2332 3615 est,
2385 3553 2494 3610 Deo
2546 3567 2782 3625 gratam,
2835 3558 2980 3625 quod
3051 3557 3103 3609 in
3166 3556 3423 3609 omnibus
3460 3571 3582 3624 qua:

2003 3645 2139 3699 (lunt
2182 3661 2211 3699 a
2262 3646 2440 3710 nobis,
2492 3647 2653 3702 debet
2699 3662 2820 3703 esse
2869 3649 2921 3701 in
2971 3648 3162 3717 primis
3223 3648 3578 3717 propositum.

2001 3737 2118 3791 Erit
2163 3753 2324 3806 porro
2356 3739 2468 3793 haec
2504 3749 2595 3793 aut
2618 3738 2826 3794 Latinis
2863 3739 3289 3795 additamentum
3312 3738 3579 3808 abjicien-

2000 3829 2164 3893 tibus,
2221 3839 2272 3884 et
2326 3845 2450 3884 cum
2502 3830 2596 3884 illo
2665 3831 2788 3884 fidei
2880 3831 3272 3901 professionem
3331 3831 3580 3884 emittere

1998 3917 2391 3984 desinentibus,
2427 3930 2521 3974 aut
2563 3921 2766 3976 Graecis
2802 3922 2966 3975 etiam
3023 3918 3153 3976 illud
3219 3931 3276 3974 ut
3323 3934 3578 3975 necessu.

1998 4008 2135 4061 rium
2185 4009 2592 4078 adiicientibus.
2651 4012 2764 4065 lmo
2809 4027 2961 4074 vero,
3014 4020 3067 4065 ιιι
3129 4011 3320 4064 melius
3373 4011 3574 4069 dicam,

1997 4100 2269 4154 confessio
2307 4101 2526 4170 quidem
2580 4102 2733 4170 sequi
2769 4102 2947 4164 debet,
2986 4101 3120 4154 ﬁdes
3160 4109 3339 4153 autem
3395 4099 3578 4152 cordis

1997 4191 2329 4260 praecedere,
2367 4192 2418 4244 in
2456 4206 2565 4260 quo
2597 4193 2830 4262 primum
2868 4192 3191 4249 stabilienda
3218 4200 3302 4244 est
3331 4189 3577 4242 veritatis

1996 4283 2223 4353 agnitio,
2263 4285 2622 4352 omniumque
2648 4299 2745 4354 per
2768 4287 2914 4339 illam
2944 4283 3282 4354 conjunctio.
3311 4281 3418 4335 Aut
3448 4293 3576 4348 ergo

1999 4376 2220 4431 Latinos
2261 4378 2532 4446 oportebit
2575 4381 2798 4431 omulno
2847 4377 3255 4432 atlirtuatiouem
3307 4378 3572 4449 ignorare,

321 4451 363 4500 Γ
368 4453 590 4518 ριιικοὺς
635 4455 730 4507 xui.
779 4457 843 4508 ἐκ
880 4457 971 4509 τοῦ
1009 4460 1140 4512 Υἱοῦ
1193 4467 1409 4531 φρονεῖν
1454 4469 1632 4520 ἐκεῖνο
1671 4468 1891 4539 δεήσει·

2009 4484 2162 4538 quam
2199 4470 2510 4533 tuebantur,
2546 4480 2601 4523 et
2652 4469 2872 4524 credere
2904 4469 3164 4538 Spiritum
3200 4484 3321 4525 esse
3350 4488 3377 4525 a
3418 4475 3576 4527 Patre

318 4545 478 4605 ἄλλος
521 4548 632 4615 γὰρ
678 4548 777 4617 οὐχ
817 4550 1172 4605 ὑπολείπεται
1228 4555 1430 4623 τρόπος
1489 4560 1603 4620 τοῖς
1652 4575 1714 4625 γε
1772 4559 1896 4611 κατ’

315 4636 580 4703 ἀλήθειαν
622 4640 874 4709 ἀλλήλοις
917 4644 1239 4698 σπένδεσθαι
1289 4646 1561 4702 θέλουσιν.
1611 4650 1763 4701 Ἐπεὶ
1800 4651 1896 4704 νῦν

314 4733 376 4781 ἐν
405 4732 690 4800 ἀντιφάσει
717 4734 924 4786 τούτων
949 4737 983 4805 ἡ
1018 4737 1220 4801 πίστις,
1247 4733 1316 4810 ἦς
1347 4740 1498 4792 οὐδὲν
1533 4741 1681 4793 ἔστιν
1714 4744 1894 4811 εὑρεῖν

316 4822 561 4890 μεταξὺ,
615 4824 729 4876 ἀλλ’
777 4826 990 4896 ἀνάγκη
1050 4827 1276 4897 θάτερον
1325 4831 1496 4899 αὐτῆς
1554 4833 1895 4901 ἀμφοτέρους

316 4914 482 4982 μέρος
547 4916 966 4984 ἀπωσαμένους,
1000 4919 1093 4971 τοῦ
1152 4921 1342 4972 λοιποῦ
1395 4924 1488 4973 καὶ
1551 4925 1894 4993 ἀμφοτέρους

312 5005 533 5074 ἔχεσθαι
567 5008 751 5076 μόνου.
789 5008 914 5061 Εττα
948 5011 1046 5079 τὴν
1079 5012 1261 5063 πίστιν
1288 5013 1396 5064 ἀπὸ
1437 5015 1665 5082 καρδίας
1699 5016 1793 5066 ἐπὶ
1827 5015 1892 5066 τὰ

314 5096 468 5163 χείλη
507 5101 865 5166 προάγοντας,
889 5101 976 5152 διὰ
1005 5101 1213 5155 τούτων
1260 5105 1351 5155 ἐπὶ
1409 5106 1653 5175 σωτηρία
1687 5106 1892 5176 ταύτην

310 5188 621 5254 ὁμολογεῖν,
653 5193 744 5242 καὶ
796 5192 969 5254 οὕτως
1015 5195 1120 5247 ὑπὸ
1153 5196 1282 5264 μίαν
1325 5195 1621 5267 καθολικὴν
1665 5197 1894 5266 Ἐκκλη-

314 5281 440 5328 σίαν
489 5279 693 5342 πάντας
727 5283 984 5352 τελεῖν,ή
1038 5286 1136 5354 τὴν
1170 5286 1267 5354 τῆς
1316 5285 1550 5355 ἀληθοῦς
1599 5286 1894 5356 ὁμολογίας

315 5369 413 5419 καὶ
458 5369 616 5440 δόξης
659 5373 854 5441 δηλοῦν
907 5378 1135 5445 ἑνότητα
1189 5379 1460 5447 βούλεται.
1514 5379 1730 5446 Ταύτην
1781 5379 1892 5446 ὲγὼ

313 5463 415 5527 τὴν
462 5463 724 5535 ἀληθινὴν
757 5467 950 5520 ἕνωσιν
987 5471 1255 5540 ὑπάρχειν
1293 5473 1639 5542 ὁρίζομαιῆν
1665 5472 1892 5542 εἰσηγη·

319 5551 504 5620 σάμην
549 5555 648 5622 μὲν
693 5557 881 5627 πρώην
927 5560 1110 5627 αὐτὸς,
1155 5561 1348 5613 ἔπεισα
1394 5561 1438 5612 δ’
1483 5563 1627 5630 ὑμᾶς
1676 5563 1776 5614 οὐκ
1826 5564 1892 5615 ἂν

319 5641 552 5711 εἴποιμι,
589 5648 684 5700 καὶ
716 5650 881 5703 πάλαι
916 5653 1318 5721 πεπεισμένους
1357 5653 1450 5720 ὑφ’
1486 5654 1720 5719 ἑαυτῶν,
1753 5653 1890 5723 μᾶλ-

319 5731 412 5788 λον
447 5735 492 5787 δ’
521 5737 628 5790 ὑπὸ
672 5740 766 5794 τοῦ
808 5743 1122 5813 Πνεύματος
1154 5745 1301 5798 τοῦτ’
1348 5740 1488 5797 εἶναι
1529 5745 1589 5798 τὸ
1635 5746 1799 5799 καλόν
1831 5763 1889 5802 τε

1999 4559 2138 4622 solo,
2171 4567 2265 4612 aut
2287 4558 2506 4615 Graecos
2540 4559 2743 4614 sentire
2773 4560 2928 4614 illum
2956 4574 3076 4616 esse
3109 4561 3273 4616 etiam
3297 4577 3362 4616 ex
3397 4562 3573 4618 Filio:

1995 4648 2193 4702 etenim
2243 4649 2382 4704 alius
2445 4666 2550 4703 non
2607 4660 2774 4706 restat
2845 4652 3038 4708 modus
3101 4653 3192 4718 iis,
3261 4654 3354 4723 qui
3395 4670 3576 4712 veram

1995 4740 2186 4792 volunt
2231 4739 2428 4808 pacisci
2483 4757 2688 4811 pacem.
2738 4741 2891 4797 Nunc
2913 4746 3056 4797 enim
3105 4745 3237 4800 fides
3292 4747 3486 4800 horum
3523 4749 3575 4800 in

1995 4832 2426 4886 contradictione
2466 4845 2548 4888 est
2581 4836 2774 4904 posita.
2806 4851 2926 4906 qure
2952 4839 3159 4892 nullum
3211 4839 3449 4894 admittit
3471 4855 3578 4894 me-

1997 4923 2174 4984 dium.
2209 4925 2304 4980 sed
2334 4942 2552 4981 necesse
2601 4937 2685 4982 est
2719 4929 2941 4984 alteram
2972 4929 3089 4998 eius
3124 4941 3328 5000 partem
3363 4932 3576 4999 utrique

1995 5014 2272 5083 abjiciant,
2317 5026 2370 5069 et
2404 5017 2573 5070 solam
2625 5019 2848 5072 alteram
2883 5022 3099 5090 utrique
3128 5021 3432 5086 retineant;
3476 5021 3574 5073 de-

1995 5105 2121 5160 inde
2162 5107 2318 5161 fidem
2351 5123 2380 5161 e
2413 5111 2592 5162 cordc-
2629 5111 2693 5164 atl
2734 5127 2795 5166 os
2839 5112 3146 5177 efferentes,
3176 5128 3269 5181 per
3309 5111 3572 5164 hocillam

1999 5197 2270 5252 fateantur
2324 5201 2391 5254 ad
2438 5202 2708 5266 salutem;
2767 5213 2929 5273 atque
2963 5205 3035 5258 ita
3075 5204 3124 5257 in
3170 5218 3328 5255 unam
3383 5215 3574 5253 omnes

1997 5291 2322 5345 catholicam
2385 5294 2711 5347 conveniant
2752 5294 3071 5367 Ecclesiam,
3108 5307 3228 5361 quae
3265 5289 3573 5359 significare

1994 5382 2108 5435 vult
2149 5396 2288 5436 vera:
2322 5383 2688 5438 confessionis
2724 5393 2778 5438 et
2801 5385 3080 5438 sententia:
3110 5385 3392 5436 unitatem.
3421 5380 3574 5436 Hanc

1995 5489 2093 5545 ego
2117 5490 2299 5529 verant
2332 5492 2451 5530 esse
2489 5465 2742 5531 unionem
2782 5485 2980 5536 statuo,
3017 5490 3174 5544 quam
3215 5473 3420 5544 pridem
3455 5475 3574 5544 ipso

1999 5565 2231 5635 quidem-
2270 5568 2546 5636 proposui,
2599 5569 2690 5622 scd
2737 5583 2856 5621 eam
2889 5566 3039 5619 vobis
3071 5568 3311 5622 suasisse
3347 5583 3450 5620 non
3489 5568 3568 5622 di-

1996 5658 2188 5719 xerim,
2219 5673 2342 5711 cum
2366 5673 2393 5710 a
2419 5658 2570 5712 vobis
2611 5659 2743 5727 ipsis
2773 5658 2884 5725 jam
2920 5659 3048 5712 olitn
3081 5659 3321 5728 persuasi
3355 5658 3570 5722 essetis,

1998 5745 2107 5802 into
2141 5764 2263 5802 vero
2308 5763 2335 5800 a
2369 5747 2571 5818 Spiritu
2609 5749 2956 5817 didicissetis,
2997 5754 3095 5806 hoc
3130 5766 3245 5807 esse
3282 5750 3569 5818 pulclu‘uttt
