  <div class='ocr_page' id='page_1' title='image "/cluster/home/n/w/nwhite01/storage/ocr_20150623/160/hvd.32044073502692/229.png"; bbox 0 0 3948 6186; ppageno 0'>
   <div class='ocr_carea' id='block_1_1' title="bbox 415 363 522 424">
    <p class='ocr_par' dir='ltr' id='par_1_1' title="bbox 415 363 522 424">
     <span class='ocr_line' id='line_1_1' title="bbox 415 363 522 424; baseline -0.019 0"><span class='ocrx_word' id='word_1_1' title='bbox 415 363 522 424; x_wconf 68' lang='grc'><strong>443</strong></span> 
     </span>
    </p>
   </div>
   <div class='ocr_carea' id='block_1_2' title="bbox 1446 356 2536 418">
    <p class='ocr_par' dir='ltr' id='par_1_2' title="bbox 1446 356 2536 418">
     <span class='ocr_line' id='line_1_2' title="bbox 1446 356 2536 418; baseline -0.002 -1"><span class='ocrx_word' id='word_1_2' title='bbox 1446 357 1820 418; x_wconf 78' lang='lat' dir='ltr'><strong>GENNADU</strong></span> <span class='ocrx_word' id='word_1_3' title='bbox 1869 356 1977 418; x_wconf 86' lang='lat' dir='ltr'><strong>CP.</strong></span> <span class='ocrx_word' id='word_1_4' title='bbox 2034 357 2536 416; x_wconf 64' lang='lat' dir='ltr'><strong>PATlilARClLE</strong></span> 
     </span>
    </p>
   </div>
   <div class='ocr_carea' id='block_1_3' title="bbox 3551 351 3654 413">
    <p class='ocr_par' dir='ltr' id='par_1_3' title="bbox 3551 351 3654 413">
     <span class='ocr_line' id='line_1_3' title="bbox 3551 351 3654 413; baseline 0.019 -2"><span class='ocrx_word' id='word_1_5' title='bbox 3551 351 3654 413; x_wconf 65' lang='lat' dir='ltr'><strong>4M</strong></span> 
     </span>
    </p>
   </div>
   <div class='ocr_carea' id='block_1_4' title="bbox 413 462 2009 538">
    <p class='ocr_par' dir='ltr' id='par_1_4' title="bbox 413 465 1993 538">
     <span class='ocr_line' id='line_1_4' title="bbox 413 465 1993 538; baseline -0.001 -16"><span class='ocrx_word' id='word_1_6' title='bbox 413 481 466 522; x_wconf 84' lang='lat' dir='ltr'><strong>et</strong></span> <span class='ocrx_word' id='word_1_7' title='bbox 491 470 720 538; x_wconf 86' lang='lat' dir='ltr'><strong>justum.</strong></span> <span class='ocrx_word' id='word_1_8' title='bbox 755 466 956 521; x_wconf 83' lang='lat' dir='ltr'><strong>Verum</strong></span> <span class='ocrx_word' id='word_1_9' title='bbox 994 465 1133 520; x_wconf 90' lang='lat' dir='ltr'><strong>banc</strong></span> <span class='ocrx_word' id='word_1_10' title='bbox 1175 465 1327 520; x_wconf 89' lang='lat' dir='ltr'><strong>multi</strong></span> <span class='ocrx_word' id='word_1_11' title='bbox 1379 481 1521 536; x_wconf 58' lang='lat' dir='ltr'><strong>agre</strong></span> <span class='ocrx_word' id='word_1_12' title='bbox 1570 466 1819 531; x_wconf 86' lang='lat' dir='ltr'><strong>audiunt,</strong></span> <span class='ocrx_word' id='word_1_13' title='bbox 1849 467 1993 537; x_wconf 89' lang='lat' dir='ltr'><strong>quod</strong></span> 
     </span>
    </p>
   </div>
   <div class='ocr_carea' id='block_1_5' title="bbox 2112 462 3667 538">
    <p class='ocr_par' dir='ltr' id='par_1_5' title="bbox 2112 462 3667 535">
     <span class='ocr_line' id='line_1_5' title="bbox 2112 462 3667 535; baseline -0.003 -16"><span class='ocrx_word' id='word_1_14' title='bbox 2112 469 2193 520; x_wconf 74' lang='grc' dir='ltr'>ιιαὶ</span> <span class='ocrx_word' id='word_1_15' title='bbox 2223 467 2430 520; x_wconf 85' lang='grc' dir='ltr'>δίκαιον</span> <span class='ocrx_word' id='word_1_16' title='bbox 2460 464 2829 535; x_wconf 79' lang='grc' dir='ltr'>διδαχθέντας.</span> <span class='ocrx_word' id='word_1_17' title='bbox 2871 464 3029 516; x_wconf 80' lang='grc' dir='ltr'>Ἀλλὰ</span> <span class='ocrx_word' id='word_1_18' title='bbox 3064 465 3263 532; x_wconf 82' lang='grc' dir='ltr'>ταύτην</span> <span class='ocrx_word' id='word_1_19' title='bbox 3293 462 3417 523; x_wconf 72' lang='grc' dir='ltr'>τοὺς</span> <span class='ocrx_word' id='word_1_20' title='bbox 3445 462 3667 523; x_wconf 70' lang='grc' dir='ltr'>πολλοὺς</span> 
     </span>
    </p>
   </div>
   <div class='ocr_carea' id='block_1_6' title="bbox 412 558 1995 627">
    <p class='ocr_par' dir='ltr' id='par_1_6' title="bbox 412 558 1995 627">
     <span class='ocr_line' id='line_1_6' title="bbox 412 558 1995 627; baseline 0.003 -20"><span class='ocrx_word' id='word_1_21' title='bbox 412 578 475 612; x_wconf 59' lang='grc' dir='ltr'><strong>με</strong></span> <span class='ocrx_word' id='word_1_22' title='bbox 515 558 797 612; x_wconf 72' lang='lat' dir='ltr'><strong>sententia:</strong></span> <span class='ocrx_word' id='word_1_23' title='bbox 850 558 1154 613; x_wconf 90' lang='lat' dir='ltr'><strong>mutatione</strong></span> <span class='ocrx_word' id='word_1_24' title='bbox 1210 558 1443 613; x_wconf 82' lang='lat' dir='ltr'><strong>dedecus</strong></span> <span class='ocrx_word' id='word_1_25' title='bbox 1501 559 1866 627; x_wconf 89' lang='lat' dir='ltr'><strong>imprimatur.</strong></span> <span class='ocrx_word' id='word_1_26' title='bbox 1929 559 1995 612; x_wconf 89' lang='lat' dir='ltr'><strong>Et</strong></span> 
     </span>
    </p>
   </div>
   <div class='ocr_carea' id='block_1_7' title="bbox 416 648 1992 720">
    <p class='ocr_par' dir='ltr' id='par_1_7' title="bbox 416 648 1992 720">
     <span class='ocr_line' id='line_1_7' title="bbox 416 648 1992 720; baseline 0.001 -18"><span class='ocrx_word' id='word_1_27' title='bbox 416 652 637 704; x_wconf 78' lang='lat' dir='ltr'><strong>latinos</strong></span> <span class='ocrx_word' id='word_1_28' title='bbox 673 648 895 719; x_wconf 87' lang='lat' dir='ltr'><strong>quidem</strong></span> <span class='ocrx_word' id='word_1_29' title='bbox 932 648 1113 703; x_wconf 88' lang='lat' dir='ltr'><strong>dicere</strong></span> <span class='ocrx_word' id='word_1_30' title='bbox 1146 651 1331 716; x_wconf 92' lang='lat' dir='ltr'><strong>audio,</strong></span> <span class='ocrx_word' id='word_1_31' title='bbox 1364 666 1476 705; x_wconf 84' lang='lat' dir='ltr'><strong>rem</strong></span> <span class='ocrx_word' id='word_1_32' title='bbox 1509 666 1630 705; x_wconf 86' lang='lat' dir='ltr'><strong>esse</strong></span> <span class='ocrx_word' id='word_1_33' title='bbox 1658 666 1901 720; x_wconf 82' lang='lat' dir='ltr'><strong>gravem,</strong></span> <span class='ocrx_word' id='word_1_34' title='bbox 1946 651 1992 704; x_wconf 91' lang='lat' dir='ltr'><strong>si</strong></span> 
     </span>
    </p>
   </div>
   <div class='ocr_carea' id='block_1_8' title="bbox 412 741 1998 810">
    <p class='ocr_par' dir='ltr' id='par_1_8' title="bbox 412 741 1998 810">
     <span class='ocr_line' id='line_1_8' title="bbox 412 741 1998 810; baseline 0.003 -18"><span class='ocrx_word' id='word_1_35' title='bbox 412 750 702 809; x_wconf 73' lang='lat' dir='ltr'><strong>postquam</strong></span> <span class='ocrx_word' id='word_1_36' title='bbox 735 756 832 810; x_wconf 86' lang='lat' dir='ltr'><strong>per</strong></span> <span class='ocrx_word' id='word_1_37' title='bbox 892 750 969 794; x_wconf 88' lang='lat' dir='ltr'><strong>tot</strong></span> <span class='ocrx_word' id='word_1_38' title='bbox 1003 755 1192 807; x_wconf 75' lang='lat' dir='ltr'><strong>annos</strong></span> <span class='ocrx_word' id='word_1_39' title='bbox 1247 742 1567 796; x_wconf 80' lang='lat' dir='ltr'><strong>sententiam</strong></span> <span class='ocrx_word' id='word_1_40' title='bbox 1617 742 1755 794; x_wconf 87' lang='lat' dir='ltr'><strong>hanc</strong></span> <span class='ocrx_word' id='word_1_41' title='bbox 1792 741 1998 796; x_wconf 85' lang='lat' dir='ltr'><strong>tenuis-</strong></span> 
     </span>
    </p>
   </div>
   <div class='ocr_carea' id='block_1_9' title="bbox 414 830 1998 901">
    <p class='ocr_par' dir='ltr' id='par_1_9' title="bbox 414 830 1998 901">
     <span class='ocr_line' id='line_1_9' title="bbox 414 830 1998 901; baseline -0.003 -15"><span class='ocrx_word' id='word_1_42' title='bbox 414 842 556 893; x_wconf 85' lang='lat' dir='ltr'><strong>sent.</strong></span> <span class='ocrx_word' id='word_1_43' title='bbox 595 842 649 885; x_wconf 89' lang='lat' dir='ltr'><strong>et</strong></span> <span class='ocrx_word' id='word_1_44' title='bbox 689 831 1049 886; x_wconf 80' lang='lat' dir='ltr'><strong>credidissem</strong></span> <span class='ocrx_word' id='word_1_45' title='bbox 1111 833 1233 901; x_wconf 87' lang='lat' dir='ltr'><strong>ipsi,</strong></span> <span class='ocrx_word' id='word_1_46' title='bbox 1266 841 1429 899; x_wconf 81' lang='lat' dir='ltr'><strong>atque</strong></span> <span class='ocrx_word' id='word_1_47' title='bbox 1479 832 1531 886; x_wconf 89' lang='lat' dir='ltr'><strong>in</strong></span> <span class='ocrx_word' id='word_1_48' title='bbox 1580 831 1704 885; x_wconf 87' lang='lat' dir='ltr'><strong>ﬁdet</strong></span> <span class='ocrx_word' id='word_1_49' title='bbox 1742 830 1998 901; x_wconf 86' lang='lat' dir='ltr'><strong>Symbolo</strong></span> 
     </span>
    </p>
   </div>
   <div class='ocr_carea' id='block_1_10' title="bbox 408 922 1999 991">
    <p class='ocr_par' dir='ltr' id='par_1_10' title="bbox 408 922 1999 991">
     <span class='ocr_line' id='line_1_10' title="bbox 408 922 1999 991; baseline 0 -18"><span class='ocrx_word' id='word_1_50' title='bbox 408 923 830 991; x_wconf 61' lang='lat' dir='ltr'><strong>expressissent,</strong></span> <span class='ocrx_word' id='word_1_51' title='bbox 863 937 1073 976; x_wconf 92' lang='lat' dir='ltr'><strong>necnon</strong></span> <span class='ocrx_word' id='word_1_52' title='bbox 1131 922 1270 976; x_wconf 87' lang='lat' dir='ltr'><strong>alios</strong></span> <span class='ocrx_word' id='word_1_53' title='bbox 1302 924 1551 978; x_wconf 85' lang='lat' dir='ltr'><strong>studiose</strong></span> <span class='ocrx_word' id='word_1_54' title='bbox 1581 922 1918 984; x_wconf 81' lang='lat' dir='ltr'><strong>docuissent,</strong></span> <span class='ocrx_word' id='word_1_55' title='bbox 1946 930 1999 976; x_wconf 90' lang='lat' dir='ltr'><strong>et</strong></span> 
     </span>
    </p>
   </div>
   <div class='ocr_carea' id='block_1_11' title="bbox 413 1016 1997 1085">
    <p class='ocr_par' dir='ltr' id='par_1_11' title="bbox 413 1016 1997 1085">
     <span class='ocr_line' id='line_1_11' title="bbox 413 1016 1997 1085; baseline -0.003 -16"><span class='ocrx_word' id='word_1_56' title='bbox 413 1017 641 1085; x_wconf 70' lang='lat' dir='ltr'><strong>scriptis</strong></span> <span class='ocrx_word' id='word_1_57' title='bbox 676 1016 994 1069; x_wconf 72' lang='lat' dir='ltr'><strong>eam‘veluti</strong></span> <span class='ocrx_word' id='word_1_58' title='bbox 1046 1031 1110 1069; x_wconf 85' lang='lat' dir='ltr'><strong>ex</strong></span> <span class='ocrx_word' id='word_1_59' title='bbox 1163 1016 1401 1070; x_wconf 80' lang='lat' dir='ltr'><strong>maxime</strong></span> <span class='ocrx_word' id='word_1_60' title='bbox 1454 1016 1780 1070; x_wconf 88' lang='lat' dir='ltr'><strong>necessariis</strong></span> <span class='ocrx_word' id='word_1_61' title='bbox 1830 1029 1997 1069; x_wconf 89' lang='lat' dir='ltr'><strong>unum</strong></span> 
     </span>
    </p>
   </div>
   <div class='ocr_carea' id='block_1_12' title="bbox 418 1105 1999 1175">
    <p class='ocr_par' dir='ltr' id='par_1_12' title="bbox 418 1105 1999 1175">
     <span class='ocr_line' id='line_1_12' title="bbox 418 1105 1999 1175; baseline 0.001 -19"><span class='ocrx_word' id='word_1_62' title='bbox 418 1108 763 1175; x_wconf 82' lang='lat' dir='ltr'><strong>probassent,</strong></span> <span class='ocrx_word' id='word_1_63' title='bbox 822 1121 886 1160; x_wconf 86' lang='lat' dir='ltr'><strong>ac</strong></span> <span class='ocrx_word' id='word_1_64' title='bbox 934 1105 1236 1160; x_wconf 90' lang='lat' dir='ltr'><strong>rationibus</strong></span> <span class='ocrx_word' id='word_1_65' title='bbox 1288 1108 1803 1163; x_wconf 84' lang='lat' dir='ltr'><strong>demonstrassent:</strong></span> <span class='ocrx_word' id='word_1_66' title='bbox 1859 1120 1999 1158; x_wconf 80' lang='lat' dir='ltr'><strong>nunc</strong></span> 
     </span>
    </p>
   </div>
   <div class='ocr_carea' id='block_1_13' title="bbox 420 1195 1997 1263">
    <p class='ocr_par' dir='ltr' id='par_1_13' title="bbox 420 1195 1997 1263">
     <span class='ocr_line' id='line_1_13' title="bbox 420 1195 1997 1263; baseline 0.003 -20"><span class='ocrx_word' id='word_1_67' title='bbox 420 1212 710 1261; x_wconf 74' lang='lat' dir='ltr'><strong>puerorum</strong></span> <span class='ocrx_word' id='word_1_68' title='bbox 745 1210 896 1249; x_wconf 91' lang='lat' dir='ltr'><strong>more</strong></span> <span class='ocrx_word' id='word_1_69' title='bbox 924 1197 1206 1251; x_wconf 74' lang='lat' dir='ltr'><strong>veritatem</strong></span> <span class='ocrx_word' id='word_1_70' title='bbox 1244 1196 1423 1250; x_wconf 81' lang='lat' dir='ltr'><strong>edocti</strong></span> <span class='ocrx_word' id='word_1_71' title='bbox 1473 1196 1541 1250; x_wconf 89' lang='lat' dir='ltr'><strong>ab</strong></span> <span class='ocrx_word' id='word_1_72' title='bbox 1592 1196 1715 1249; x_wconf 86' lang='lat' dir='ltr'><strong>aliis</strong></span> <span class='ocrx_word' id='word_1_73' title='bbox 1750 1210 1851 1249; x_wconf 88' lang='lat' dir='ltr'><strong>sua</strong></span> <span class='ocrx_word' id='word_1_74' title='bbox 1901 1195 1997 1263; x_wconf 84' lang='lat' dir='ltr'><strong>ipsi</strong></span> 
     </span>
    </p>
   </div>
   <div class='ocr_carea' id='block_1_14' title="bbox 418 1288 2001 1357">
    <p class='ocr_par' dir='ltr' id='par_1_14' title="bbox 418 1288 2001 1357">
     <span class='ocr_line' id='line_1_14' title="bbox 418 1288 2001 1357; baseline 0.003 -20"><span class='ocrx_word' id='word_1_75' title='bbox 418 1290 764 1352; x_wconf 63' lang='lat' dir='ltr'><strong>damnarent,</strong></span> <span class='ocrx_word' id='word_1_76' title='bbox 816 1296 870 1343; x_wconf 89' lang='lat' dir='ltr'><strong>et</strong></span> <span class='ocrx_word' id='word_1_77' title='bbox 899 1288 1002 1342; x_wconf 89' lang='lat' dir='ltr'><strong>sibi</strong></span> <span class='ocrx_word' id='word_1_78' title='bbox 1053 1289 1274 1357; x_wconf 86' lang='lat' dir='ltr'><strong>quidem</strong></span> <span class='ocrx_word' id='word_1_79' title='bbox 1339 1289 1529 1357; x_wconf 87' lang='lat' dir='ltr'><strong>primis</strong></span> <span class='ocrx_word' id='word_1_80' title='bbox 1604 1288 1744 1342; x_wconf 92' lang='lat' dir='ltr'><strong>banc</strong></span> <span class='ocrx_word' id='word_1_81' title='bbox 1816 1296 2001 1341; x_wconf 88' lang='lat' dir='ltr'><strong>notam</strong></span> 
     </span>
    </p>
   </div>
   <div class='ocr_carea' id='block_1_15' title="bbox 420 1376 2002 1447">
    <p class='ocr_par' dir='ltr' id='par_1_15' title="bbox 420 1376 2002 1447">
     <span class='ocr_line' id='line_1_15' title="bbox 420 1376 2002 1447; baseline 0.004 -21"><span class='ocrx_word' id='word_1_82' title='bbox 420 1380 720 1443; x_wconf 85' lang='lat' dir='ltr'><strong>inurerent,</strong></span> <span class='ocrx_word' id='word_1_83' title='bbox 756 1386 1006 1443; x_wconf 75' lang='lat' dir='ltr'><strong>posteros</strong></span> <span class='ocrx_word' id='word_1_84' title='bbox 1040 1391 1170 1431; x_wconf 89' lang='lat' dir='ltr'><strong>vero</strong></span> <span class='ocrx_word' id='word_1_85' title='bbox 1198 1377 1361 1431; x_wconf 89' lang='lat' dir='ltr'><strong>etiam</strong></span> <span class='ocrx_word' id='word_1_86' title='bbox 1411 1376 1657 1447; x_wconf 80' lang='lat' dir='ltr'><strong>ejusdem.</strong></span> <span class='ocrx_word' id='word_1_87' title='bbox 1711 1377 2002 1445; x_wconf 74' lang='lat' dir='ltr'><strong>participes</strong></span> 
     </span>
    </p>
   </div>
   <div class='ocr_carea' id='block_1_16' title="bbox 424 1468 2002 1537">
    <p class='ocr_par' dir='ltr' id='par_1_16' title="bbox 424 1468 2002 1537">
     <span class='ocr_line' id='line_1_16' title="bbox 424 1468 2002 1537; baseline 0.002 -19"><span class='ocrx_word' id='word_1_88' title='bbox 424 1469 663 1522; x_wconf 82' lang='lat' dir='ltr'><strong>facerent</strong></span> <span class='ocrx_word' id='word_1_89' title='bbox 700 1484 715 1521; x_wconf 87' lang='lat'><strong>:</strong></span> <span class='ocrx_word' id='word_1_90' title='bbox 750 1468 1073 1537; x_wconf 75' lang='lat' dir='ltr'><strong>ignorantiae</strong></span> <span class='ocrx_word' id='word_1_91' title='bbox 1104 1482 1324 1537; x_wconf 85' lang='lat' dir='ltr'><strong>quoque</strong></span> <span class='ocrx_word' id='word_1_92' title='bbox 1375 1477 1431 1523; x_wconf 89' lang='lat' dir='ltr'><strong>et</strong></span> <span class='ocrx_word' id='word_1_93' title='bbox 1482 1468 1744 1523; x_wconf 64' lang='lat' dir='ltr'><strong>caecitatis</strong></span> <span class='ocrx_word' id='word_1_94' title='bbox 1794 1469 2002 1521; x_wconf 89' lang='lat' dir='ltr'><strong>crimen</strong></span> 
     </span>
    </p>
   </div>
   <div class='ocr_carea' id='block_1_17' title="bbox 424 1555 2005 1622">
    <p class='ocr_par' dir='ltr' id='par_1_17' title="bbox 424 1555 2005 1622">
     <span class='ocr_line' id='line_1_17' title="bbox 424 1555 2005 1622; baseline 0.002 -16"><span class='ocrx_word' id='word_1_95' title='bbox 424 1573 529 1609; x_wconf 90' lang='lat' dir='ltr'><strong>non</strong></span> <span class='ocrx_word' id='word_1_96' title='bbox 566 1556 618 1610; x_wconf 93' lang='lat' dir='ltr'><strong>in</strong></span> <span class='ocrx_word' id='word_1_97' title='bbox 656 1570 715 1611; x_wconf 85' lang='lat' dir='ltr'><strong>se</strong></span> <span class='ocrx_word' id='word_1_98' title='bbox 744 1558 930 1621; x_wconf 87' lang='lat' dir='ltr'><strong>modo,</strong></span> <span class='ocrx_word' id='word_1_99' title='bbox 979 1558 1073 1611; x_wconf 88' lang='lat' dir='ltr'><strong>sed</strong></span> <span class='ocrx_word' id='word_1_100' title='bbox 1117 1557 1169 1609; x_wconf 91' lang='lat' dir='ltr'><strong>in</strong></span> <span class='ocrx_word' id='word_1_101' title='bbox 1202 1563 1431 1611; x_wconf 86' lang='lat' dir='ltr'><strong>cunctos</strong></span> <span class='ocrx_word' id='word_1_102' title='bbox 1465 1556 1632 1611; x_wconf 87' lang='lat' dir='ltr'><strong>etiam</strong></span> <span class='ocrx_word' id='word_1_103' title='bbox 1674 1569 1805 1609; x_wconf 85' lang='lat' dir='ltr'><strong>suos</strong></span> <span class='ocrx_word' id='word_1_104' title='bbox 1834 1555 2005 1622; x_wconf 63' lang='lat' dir='ltr'><strong>majoo</strong></span> 
     </span>
    </p>
   </div>
   <div class='ocr_carea' id='block_1_18' title="bbox 424 1646 2007 1718">
    <p class='ocr_par' dir='ltr' id='par_1_18' title="bbox 424 1646 2007 1718">
     <span class='ocr_line' id='line_1_18' title="bbox 424 1646 2007 1718; baseline 0.001 -21"><span class='ocrx_word' id='word_1_105' title='bbox 424 1662 511 1701; x_wconf 87' lang='lat' dir='ltr'><strong>res</strong></span> <span class='ocrx_word' id='word_1_106' title='bbox 541 1648 896 1716; x_wconf 86' lang='lat' dir='ltr'><strong>conjicerent,</strong></span> <span class='ocrx_word' id='word_1_107' title='bbox 934 1648 1075 1701; x_wconf 87' lang='lat' dir='ltr'><strong>inter</strong></span> <span class='ocrx_word' id='word_1_108' title='bbox 1120 1663 1260 1718; x_wconf 89' lang='lat' dir='ltr'><strong>quos</strong></span> <span class='ocrx_word' id='word_1_109' title='bbox 1314 1647 1470 1700; x_wconf 88' lang='lat' dir='ltr'><strong>multi</strong></span> <span class='ocrx_word' id='word_1_110' title='bbox 1514 1646 1751 1700; x_wconf 75' lang='lat' dir='ltr'><strong>habuere</strong></span> <span class='ocrx_word' id='word_1_111' title='bbox 1808 1646 2007 1699; x_wconf 86' lang='lat' dir='ltr'><strong>sancti-</strong></span> 
     </span>
    </p>
   </div>
   <div class='ocr_carea' id='block_1_19' title="bbox 422 1737 2006 1807">
    <p class='ocr_par' dir='ltr' id='par_1_19' title="bbox 422 1737 2006 1807">
     <span class='ocr_line' id='line_1_19' title="bbox 422 1737 2006 1807; baseline -0.001 -17"><span class='ocrx_word' id='word_1_112' title='bbox 422 1738 548 1792; x_wconf 78' lang='lat' dir='ltr'><strong>talis</strong></span> <span class='ocrx_word' id='word_1_113' title='bbox 592 1739 904 1807; x_wconf 83' lang='lat' dir='ltr'><strong>Opinionem</strong></span> <span class='ocrx_word' id='word_1_114' title='bbox 963 1747 1218 1807; x_wconf 85' lang='lat' dir='ltr'><strong>tantaque</strong></span> <span class='ocrx_word' id='word_1_115' title='bbox 1257 1738 1515 1791; x_wconf 73' lang='lat' dir='ltr'><strong>Ecclesiae</strong></span> <span class='ocrx_word' id='word_1_116' title='bbox 1559 1737 1819 1790; x_wconf 68' lang='lat' dir='ltr'><strong>Romana:</strong></span> <span class='ocrx_word' id='word_1_117' title='bbox 1885 1737 2006 1789; x_wconf 86' lang='lat' dir='ltr'><strong>inn-</strong></span> 
     </span>
    </p>
   </div>
   <div class='ocr_carea' id='block_1_20' title="bbox 2100 551 3665 628">
    <p class='ocr_par' dir='ltr' id='par_1_20' title="bbox 2100 551 3665 628">
     <span class='ocr_line' id='line_1_20' title="bbox 2100 551 3665 628; baseline -0.004 -19"><span class='ocrx_word' id='word_1_118' title='bbox 2100 559 2258 628; x_wconf 81' lang='grc' dir='ltr'><strong>ήτῆς</strong></span> <span class='ocrx_word' id='word_1_119' title='bbox 2292 556 2597 626; x_wconf 71' lang='grc' dir='ltr'>μεταϐολῆς</span> <span class='ocrx_word' id='word_1_120' title='bbox 2645 556 2876 623; x_wconf 76' lang='grc' dir='ltr'>αἰσχύνη</span> <span class='ocrx_word' id='word_1_121' title='bbox 2923 554 3301 623; x_wconf 68' lang='grc' dir='ltr'><strong>δυσχεραίνειν</strong></span> <span class='ocrx_word' id='word_1_122' title='bbox 3348 554 3511 606; x_wconf 83' lang='grc' dir='ltr'>ποιεῖ.</span> <span class='ocrx_word' id='word_1_123' title='bbox 3558 551 3665 604; x_wconf 74' lang='grc' dir='ltr'><strong>Καὶ</strong></span> 
     </span>
    </p>
   </div>
   <div class='ocr_carea' id='block_1_21' title="bbox 2097 649 3666 719">
    <p class='ocr_par' dir='ltr' id='par_1_21' title="bbox 2097 649 3666 719">
     <span class='ocr_line' id='line_1_21' title="bbox 2097 649 3666 719; baseline -0.001 -19"><span class='ocrx_word' id='word_1_124' title='bbox 2097 652 2205 701; x_wconf 80' lang='grc' dir='ltr'><strong>τῶν</strong></span> <span class='ocrx_word' id='word_1_125' title='bbox 2244 650 2342 719; x_wconf 76' lang='grc' dir='ltr'>μὲν</span> <span class='ocrx_word' id='word_1_126' title='bbox 2369 651 2613 703; x_wconf 75' lang='grc' dir='ltr'>Λατίνων</span> <span class='ocrx_word' id='word_1_127' title='bbox 2642 650 2824 702; x_wconf 89' lang='grc' dir='ltr'>ἀκούω</span> <span class='ocrx_word' id='word_1_128' title='bbox 2857 649 3148 716; x_wconf 88' lang='grc' dir='ltr'>λεγόντων,</span> <span class='ocrx_word' id='word_1_129' title='bbox 3180 649 3254 707; x_wconf 75' lang='grc' dir='ltr'><strong>ὡς</strong></span> <span class='ocrx_word' id='word_1_130' title='bbox 3281 649 3454 700; x_wconf 82' lang='grc' dir='ltr'>δεινὸν</span> <span class='ocrx_word' id='word_1_131' title='bbox 3483 649 3550 701; x_wconf 80' lang='grc' dir='ltr'>ἄν</span> <span class='ocrx_word' id='word_1_132' title='bbox 3582 649 3666 714; x_wconf 76' lang='grc' dir='ltr'>εἴη</span> 
     </span>
    </p>
   </div>
   <div class='ocr_carea' id='block_1_22' title="bbox 2099 740 3671 811">
    <p class='ocr_par' dir='ltr' id='par_1_22' title="bbox 2099 740 3671 811">
     <span class='ocr_line' id='line_1_22' title="bbox 2099 740 3671 811; baseline 0.016 -20"><span class='ocrx_word' id='word_1_133' title='bbox 2099 743 2196 808; x_wconf 79' lang='grc' dir='ltr'>τῆς</span> <span class='ocrx_word' id='word_1_134' title='bbox 2228 743 2385 810; x_wconf 75' lang='grc' dir='ltr'>δόξης</span> <span class='ocrx_word' id='word_1_135' title='bbox 2433 743 2634 811; x_wconf 80' lang='grc' dir='ltr'><strong>ταύτης</strong></span> <span class='ocrx_word' id='word_1_136' title='bbox 2662 742 2936 802; x_wconf 77' lang='grc' dir='ltr'><strong>τοσούτοις</strong></span> <span class='ocrx_word' id='word_1_137' title='bbox 2994 743 3171 793; x_wconf 76' lang='grc' dir='ltr'><strong>ἔτεσιν</strong></span> <span class='ocrx_word' id='word_1_138' title='bbox 3229 741 3544 808; x_wconf 70' lang='grc' dir='ltr'><strong>ἐχομένουςν</strong></span> <span class='ocrx_word' id='word_1_139' title='bbox 3577 740 3671 791; x_wconf 58' lang='grc' dir='ltr'><strong>καὶ</strong></span> 
     </span>
    </p>
   </div>
   <div class='ocr_carea' id='block_1_23' title="bbox 2102 830 3669 899">
    <p class='ocr_par' dir='ltr' id='par_1_23' title="bbox 2102 830 3669 899">
     <span class='ocr_line' id='line_1_23' title="bbox 2102 830 3669 899; baseline -0.003 -16"><span class='ocrx_word' id='word_1_140' title='bbox 2102 832 2455 893; x_wconf 82' lang='grc' dir='ltr'>πιστεύοντας</span> <span class='ocrx_word' id='word_1_141' title='bbox 2491 832 2591 897; x_wconf 67' lang='grc' dir='ltr'>μὶν</span> <span class='ocrx_word' id='word_1_142' title='bbox 2630 832 2847 893; x_wconf 80' lang='grc' dir='ltr'>αὐτοὺς,</span> <span class='ocrx_word' id='word_1_143' title='bbox 2892 831 2994 883; x_wconf 84' lang='grc' dir='ltr'><strong>κάν</strong></span> <span class='ocrx_word' id='word_1_144' title='bbox 3026 831 3103 899; x_wconf 83' lang='grc' dir='ltr'>τῷ</span> <span class='ocrx_word' id='word_1_145' title='bbox 3144 830 3243 895; x_wconf 77' lang='grc' dir='ltr'>τῆς</span> <span class='ocrx_word' id='word_1_146' title='bbox 3274 830 3509 889; x_wconf 86' lang='grc' dir='ltr'>πίστεως</span> <span class='ocrx_word' id='word_1_147' title='bbox 3541 832 3669 894; x_wconf 81' lang='grc' dir='ltr'>ὁμο-</span> 
     </span>
    </p>
   </div>
   <div class='ocr_carea' id='block_1_24' title="bbox 2101 919 3671 990">
    <p class='ocr_par' dir='ltr' id='par_1_24' title="bbox 2101 919 3671 990">
     <span class='ocr_line' id='line_1_24' title="bbox 2101 919 3671 990; baseline -0.003 -17"><span class='ocrx_word' id='word_1_148' title='bbox 2101 922 2390 990; x_wconf 84' lang='grc' dir='ltr'>λογοῦντας</span> <span class='ocrx_word' id='word_1_149' title='bbox 2450 923 2735 990; x_wconf 76' lang='grc' dir='ltr'>Συμόὁλῳ,</span> <span class='ocrx_word' id='word_1_150' title='bbox 2787 920 3135 979; x_wconf 79' lang='grc' dir='ltr'><strong>διδάσκοντας</strong></span> <span class='ocrx_word' id='word_1_151' title='bbox 3180 920 3234 972; x_wconf 81' lang='grc' dir='ltr'>δὲ</span> <span class='ocrx_word' id='word_1_152' title='bbox 3295 920 3419 980; x_wconf 74' lang='grc' dir='ltr'>τοὺς</span> <span class='ocrx_word' id='word_1_153' title='bbox 3475 919 3671 979; x_wconf 75' lang='grc' dir='ltr'>ἄλλους</span> 
     </span>
    </p>
   </div>
   <div class='ocr_carea' id='block_1_25' title="bbox 2105 1010 3673 1082">
    <p class='ocr_par' dir='ltr' id='par_1_25' title="bbox 2105 1010 3673 1082">
     <span class='ocr_line' id='line_1_25' title="bbox 2105 1010 3673 1082; baseline -0.002 -17"><span class='ocrx_word' id='word_1_154' title='bbox 2105 1015 2242 1082; x_wconf 84' lang='grc' dir='ltr'><strong>μετά</strong></span> <span class='ocrx_word' id='word_1_155' title='bbox 2282 1014 2541 1082; x_wconf 84' lang='grc' dir='ltr'>σπουδῆς,</span> <span class='ocrx_word' id='word_1_156' title='bbox 2574 1015 2676 1066; x_wconf 86' lang='grc' dir='ltr'><strong>κάν</strong></span> <span class='ocrx_word' id='word_1_157' title='bbox 2710 1015 2821 1075; x_wconf 85' lang='grc' dir='ltr'>τοῖς</span> <span class='ocrx_word' id='word_1_158' title='bbox 2874 1012 3307 1080; x_wconf 77' lang='grc' dir='ltr'><strong>συγγράμμασιν</strong></span> <span class='ocrx_word' id='word_1_159' title='bbox 3338 1011 3414 1072; x_wconf 77' lang='grc' dir='ltr'><strong>ῶς</strong></span> <span class='ocrx_word' id='word_1_160' title='bbox 3463 1028 3514 1063; x_wconf 91' lang='grc' dir='ltr'><strong>τι</strong></span> <span class='ocrx_word' id='word_1_161' title='bbox 3561 1010 3673 1062; x_wconf 88' lang='grc' dir='ltr'><strong>τῶν</strong></span> 
     </span>
    </p>
   </div>
   <div class='ocr_carea' id='block_1_26' title="bbox 2103 1101 3672 1175">
    <p class='ocr_par' dir='ltr' id='par_1_26' title="bbox 2103 1101 3672 1175">
     <span class='ocr_line' id='line_1_26' title="bbox 2103 1101 3672 1175; baseline -0.003 -18"><span class='ocrx_word' id='word_1_162' title='bbox 2103 1106 2237 1175; x_wconf 70' lang='grc' dir='ltr'>πρὸς</span> <span class='ocrx_word' id='word_1_163' title='bbox 2266 1105 2368 1174; x_wconf 86' lang='grc' dir='ltr'>τὴν</span> <span class='ocrx_word' id='word_1_164' title='bbox 2396 1106 2671 1175; x_wconf 75' lang='grc' dir='ltr'><strong>σωτηρίαν</strong></span> <span class='ocrx_word' id='word_1_165' title='bbox 2710 1105 3158 1172; x_wconf 77' lang='grc' dir='ltr'>ἀναγκαιοτάτων</span> <span class='ocrx_word' id='word_1_166' title='bbox 3189 1103 3394 1170; x_wconf 87' lang='grc' dir='ltr'>ταύτην</span> <span class='ocrx_word' id='word_1_167' title='bbox 3433 1101 3672 1171; x_wconf 78' lang='grc' dir='ltr'>κυροῦν-</span> 
     </span>
    </p>
   </div>
   <div class='ocr_carea' id='block_1_27' title="bbox 2101 1193 3675 1265">
    <p class='ocr_par' dir='ltr' id='par_1_27' title="bbox 2101 1193 3675 1265">
     <span class='ocr_line' id='line_1_27' title="bbox 2101 1193 3675 1265; baseline -0.004 -14"><span class='ocrx_word' id='word_1_168' title='bbox 2101 1217 2202 1261; x_wconf 86' lang='grc' dir='ltr'><strong>τας</strong></span> <span class='ocrx_word' id='word_1_169' title='bbox 2254 1200 2349 1251; x_wconf 77' lang='grc' dir='ltr'>καὶ</span> <span class='ocrx_word' id='word_1_170' title='bbox 2402 1198 2581 1265; x_wconf 84' lang='grc' dir='ltr'>λόγοις</span> <span class='ocrx_word' id='word_1_171' title='bbox 2626 1197 3109 1260; x_wconf 86' lang='grc' dir='ltr'>ἀποδεικνύοντας,</span> <span class='ocrx_word' id='word_1_172' title='bbox 3145 1195 3240 1247; x_wconf 83' lang='grc' dir='ltr'>νῦν</span> <span class='ocrx_word' id='word_1_173' title='bbox 3275 1193 3465 1261; x_wconf 88' lang='grc' dir='ltr'>ῶσπερ</span> <span class='ocrx_word' id='word_1_174' title='bbox 3516 1194 3675 1255; x_wconf 74' lang='grc' dir='ltr'>τινὰς</span> 
     </span>
    </p>
   </div>
   <div class='ocr_carea' id='block_1_28' title="bbox 2104 1286 3676 1360">
    <p class='ocr_par' dir='ltr' id='par_1_28' title="bbox 2104 1286 3676 1360">
     <span class='ocr_line' id='line_1_28' title="bbox 2104 1286 3676 1360; baseline -0.004 -19"><span class='ocrx_word' id='word_1_175' title='bbox 2104 1291 2301 1352; x_wconf 81' lang='grc' dir='ltr'>παῖδας</span> <span class='ocrx_word' id='word_1_176' title='bbox 2328 1289 2427 1360; x_wconf 84' lang='grc' dir='ltr'>τὴν</span> <span class='ocrx_word' id='word_1_177' title='bbox 2477 1290 2736 1359; x_wconf 84' lang='grc' dir='ltr'>ἀλήθειαν</span> <span class='ocrx_word' id='word_1_178' title='bbox 2776 1288 2870 1341; x_wconf 80' lang='grc' dir='ltr'><strong>ὑπ’</strong></span> <span class='ocrx_word' id='word_1_179' title='bbox 2904 1288 3079 1342; x_wconf 80' lang='grc' dir='ltr'>ἄλλων</span> <span class='ocrx_word' id='word_1_180' title='bbox 3124 1286 3541 1355; x_wconf 73' lang='grc' dir='ltr'>δεδιδαγμένους</span> <span class='ocrx_word' id='word_1_181' title='bbox 3572 1286 3676 1337; x_wconf 79' lang='grc' dir='ltr'><strong>αὑ-</strong></span> 
     </span>
    </p>
   </div>
   <div class='ocr_carea' id='block_1_29' title="bbox 2103 1378 3678 1450">
    <p class='ocr_par' dir='ltr' id='par_1_29' title="bbox 2103 1378 3678 1450">
     <span class='ocr_line' id='line_1_29' title="bbox 2103 1378 3678 1450; baseline -0.003 -17"><span class='ocrx_word' id='word_1_182' title='bbox 2103 1382 2211 1435; x_wconf 89' lang='grc' dir='ltr'><strong>τῶν</strong></span> <span class='ocrx_word' id='word_1_183' title='bbox 2257 1382 2609 1450; x_wconf 79' lang='grc' dir='ltr'>καταγνῶναι</span> <span class='ocrx_word' id='word_1_184' title='bbox 2635 1398 2649 1413; x_wconf 91' lang='grc'><strong>·</strong></span> <span class='ocrx_word' id='word_1_185' title='bbox 2688 1380 2784 1435; x_wconf 76' lang='grc' dir='ltr'>καὶ</span> <span class='ocrx_word' id='word_1_186' title='bbox 2815 1381 3012 1434; x_wconf 81' lang='grc' dir='ltr'>παθεῖν</span> <span class='ocrx_word' id='word_1_187' title='bbox 3044 1381 3142 1443; x_wconf 83' lang='grc' dir='ltr'>μὲν</span> <span class='ocrx_word' id='word_1_188' title='bbox 3192 1380 3443 1449; x_wconf 81' lang='grc' dir='ltr'>πρώτους</span> <span class='ocrx_word' id='word_1_189' title='bbox 3470 1378 3678 1439; x_wconf 74' lang='grc' dir='ltr'>αὐτοὺς</span> 
     </span>
    </p>
   </div>
   <div class='ocr_carea' id='block_1_30' title="bbox 2106 1471 3679 1544">
    <p class='ocr_par' dir='ltr' id='par_1_30' title="bbox 2106 1471 3679 1544">
     <span class='ocr_line' id='line_1_30' title="bbox 2106 1471 3679 1544; baseline -0.002 -18"><span class='ocrx_word' id='word_1_190' title='bbox 2106 1475 2165 1527; x_wconf 76' lang='grc' dir='ltr'><strong>τὸ</strong></span> <span class='ocrx_word' id='word_1_191' title='bbox 2189 1475 2380 1541; x_wconf 82' lang='grc' dir='ltr'>δεινὸν,</span> <span class='ocrx_word' id='word_1_192' title='bbox 2421 1474 2747 1544; x_wconf 83' lang='grc' dir='ltr'>μεταδοῦναι</span> <span class='ocrx_word' id='word_1_193' title='bbox 2782 1474 2837 1526; x_wconf 68' lang='grc' dir='ltr'>δὲ</span> <span class='ocrx_word' id='word_1_194' title='bbox 2894 1475 2991 1542; x_wconf 81' lang='grc' dir='ltr'>τῆς</span> <span class='ocrx_word' id='word_1_195' title='bbox 3040 1472 3307 1543; x_wconf 76' lang='grc' dir='ltr'>αἰσχύνης</span> <span class='ocrx_word' id='word_1_196' title='bbox 3370 1474 3481 1533; x_wconf 86' lang='grc' dir='ltr'>τοῖς</span> <span class='ocrx_word' id='word_1_197' title='bbox 3534 1471 3679 1539; x_wconf 80' lang='grc' dir='ltr'><strong>μετά</strong></span> 
     </span>
    </p>
   </div>
   <div class='ocr_carea' id='block_1_31' title="bbox 2106 1563 3681 1633">
    <p class='ocr_par' dir='ltr' id='par_1_31' title="bbox 2106 1563 3681 1633">
     <span class='ocr_line' id='line_1_31' title="bbox 2106 1563 3681 1633; baseline -0.004 -15"><span class='ocrx_word' id='word_1_198' title='bbox 2106 1564 2298 1626; x_wconf 78' lang='grc' dir='ltr'>ταῦτα,</span> <span class='ocrx_word' id='word_1_199' title='bbox 2336 1566 2443 1619; x_wconf 89' lang='grc' dir='ltr'><strong>τῶν</strong></span> <span class='ocrx_word' id='word_1_200' title='bbox 2472 1565 2529 1618; x_wconf 79' lang='grc' dir='ltr'>δὲ</span> <span class='ocrx_word' id='word_1_201' title='bbox 2578 1566 2677 1633; x_wconf 85' lang='grc' dir='ltr'>τῆς</span> <span class='ocrx_word' id='word_1_202' title='bbox 2721 1566 2942 1632; x_wconf 77' lang='grc' dir='ltr'>ἀγνοίας</span> <span class='ocrx_word' id='word_1_203' title='bbox 2992 1566 3085 1618; x_wconf 75' lang='grc' dir='ltr'>καὶ</span> <span class='ocrx_word' id='word_1_204' title='bbox 3116 1563 3441 1633; x_wconf 79' lang='grc' dir='ltr'>τυφλὼσεως</span> <span class='ocrx_word' id='word_1_205' title='bbox 3475 1563 3681 1629; x_wconf 74' lang='grc' dir='ltr'>ἐγκλη-</span> 
     </span>
    </p>
   </div>
   <div class='ocr_carea' id='block_1_32' title="bbox 2110 1656 3680 1727">
    <p class='ocr_par' dir='ltr' id='par_1_32' title="bbox 2110 1656 3680 1727">
     <span class='ocr_line' id='line_1_32' title="bbox 2110 1656 3680 1727; baseline -0.003 -16"><span class='ocrx_word' id='word_1_206' title='bbox 2110 1659 2295 1727; x_wconf 84' lang='grc' dir='ltr'>μάτων</span> <span class='ocrx_word' id='word_1_207' title='bbox 2326 1660 2419 1711; x_wconf 77' lang='grc' dir='ltr'>καὶ</span> <span class='ocrx_word' id='word_1_208' title='bbox 2450 1662 2572 1722; x_wconf 79' lang='grc' dir='ltr'>τοὺς</span> <span class='ocrx_word' id='word_1_209' title='bbox 2601 1658 2707 1726; x_wconf 66' lang='grc' dir='ltr'><strong>πρδ</strong></span> <span class='ocrx_word' id='word_1_210' title='bbox 2750 1658 2909 1726; x_wconf 86' lang='grc' dir='ltr'>ἡμῶν</span> <span class='ocrx_word' id='word_1_211' title='bbox 2938 1657 3146 1720; x_wconf 83' lang='grc' dir='ltr'>πάντας</span> <span class='ocrx_word' id='word_1_212' title='bbox 3177 1656 3507 1724; x_wconf 85' lang='grc' dir='ltr'>ποιήσασθαι</span> <span class='ocrx_word' id='word_1_213' title='bbox 3554 1672 3680 1707; x_wconf 77' lang='grc' dir='ltr'>κοιο</span> 
     </span>
    </p>
   </div>
   <div class='ocr_carea' id='block_1_33' title="bbox 2109 1744 3681 1817">
    <p class='ocr_par' dir='ltr' id='par_1_33' title="bbox 2109 1744 3681 1817">
     <span class='ocr_line' id='line_1_33' title="bbox 2109 1744 3681 1817; baseline -0.004 -13"><span class='ocrx_word' id='word_1_214' title='bbox 2109 1754 2329 1815; x_wconf 70' lang='grc' dir='ltr'>νωνοὺς,</span> <span class='ocrx_word' id='word_1_215' title='bbox 2368 1754 2425 1803; x_wconf 80' lang='grc' dir='ltr'>ἑν</span> <span class='ocrx_word' id='word_1_216' title='bbox 2454 1744 2536 1812; x_wconf 76' lang='grc' dir='ltr'>οἷς</span> <span class='ocrx_word' id='word_1_217' title='bbox 2585 1749 2767 1803; x_wconf 74' lang='grc' dir='ltr'>πολλοὶ</span> <span class='ocrx_word' id='word_1_218' title='bbox 2816 1749 2909 1801; x_wconf 78' lang='grc' dir='ltr'>τοῦ</span> <span class='ocrx_word' id='word_1_219' title='bbox 2942 1751 3037 1817; x_wconf 83' lang='grc' dir='ltr'>τῆς</span> <span class='ocrx_word' id='word_1_220' title='bbox 3071 1748 3383 1816; x_wconf 77' lang='grc' dir='ltr'>ἁγιωσύνης</span> <span class='ocrx_word' id='word_1_221' title='bbox 3413 1746 3681 1815; x_wconf 81' lang='grc' dir='ltr'>ὀνόματος</span> 
     </span>
    </p>
   </div>
   <div class='ocr_carea' id='block_1_34' title="bbox 422 1826 2009 1911">
    <p class='ocr_par' dir='ltr' id='par_1_34' title="bbox 422 1826 1999 1898">
     <span class='ocr_line' id='line_1_34' title="bbox 422 1826 1999 1898; baseline 0 -17"><span class='ocrx_word' id='word_1_222' title='bbox 422 1838 505 1882; x_wconf 75' lang='lat' dir='ltr'><strong>sta</strong></span> <span class='ocrx_word' id='word_1_223' title='bbox 537 1828 746 1882; x_wconf 85' lang='lat' dir='ltr'><strong>macula</strong></span> <span class='ocrx_word' id='word_1_224' title='bbox 780 1836 1035 1897; x_wconf 87' lang='lat' dir='ltr'><strong>putarent</strong></span> <span class='ocrx_word' id='word_1_225' title='bbox 1067 1845 1126 1883; x_wconf 90' lang='lat' dir='ltr'><strong>se</strong></span> <span class='ocrx_word' id='word_1_226' title='bbox 1159 1828 1490 1898; x_wconf 67' lang='lat' dir='ltr'><strong>praeclarum</strong></span> <span class='ocrx_word' id='word_1_227' title='bbox 1519 1828 1731 1881; x_wconf 83' lang='lat' dir='ltr'><strong>facinus</strong></span> <span class='ocrx_word' id='word_1_228' title='bbox 1760 1826 1955 1882; x_wconf 77' lang='lat' dir='ltr'><strong>fecisse</strong></span> <span class='ocrx_word' id='word_1_229' title='bbox 1986 1844 1999 1881; x_wconf 88' lang='lat'><strong>:</strong></span> 
     </span>
    </p>
   </div>
   <div class='ocr_carea' id='block_1_35' title="bbox 2112 1826 3682 1911">
    <p class='ocr_par' dir='ltr' id='par_1_35' title="bbox 2112 1835 3682 1911">
     <span class='ocr_line' id='line_1_35' title="bbox 2112 1835 3682 1911; baseline -0.004 -18"><span class='ocrx_word' id='word_1_230' title='bbox 2112 1841 2329 1911; x_wconf 74' lang='grc' dir='ltr'>ἔτυχον·</span> <span class='ocrx_word' id='word_1_231' title='bbox 2367 1841 2461 1894; x_wconf 67' lang='grc' dir='ltr'><strong>καλ⁵</strong></span> <span class='ocrx_word' id='word_1_232' title='bbox 2513 1841 2783 1909; x_wconf 84' lang='grc' dir='ltr'>τοσαύτην</span> <span class='ocrx_word' id='word_1_233' title='bbox 2816 1839 3032 1902; x_wconf 79' lang='grc' dir='ltr'>ἀδοξίαν</span> <span class='ocrx_word' id='word_1_234' title='bbox 3081 1838 3179 1905; x_wconf 79' lang='grc' dir='ltr'><strong>τῆς</strong></span> <span class='ocrx_word' id='word_1_235' title='bbox 3214 1835 3528 1904; x_wconf 80' lang='grc' dir='ltr'>Ῥωμαῖκῆς</span> <span class='ocrx_word' id='word_1_236' title='bbox 3578 1853 3682 1887; x_wconf 84' lang='grc' dir='ltr'>κα-</span> 
     </span>
    </p>
   </div>
   <div class='ocr_carea' id='block_1_36' title="bbox 422 1919 2003 1990">
    <p class='ocr_par' dir='ltr' id='par_1_36' title="bbox 422 1919 2003 1990">
     <span class='ocr_line' id='line_1_36' title="bbox 422 1919 2003 1990; baseline 0.001 -20"><span class='ocrx_word' id='word_1_237' title='bbox 422 1920 806 1985; x_wconf 71' lang='lat' dir='ltr'><strong>gravissimum</strong></span> <span class='ocrx_word' id='word_1_238' title='bbox 846 1936 974 1975; x_wconf 89' lang='lat' dir='ltr'><strong>vero</strong></span> <span class='ocrx_word' id='word_1_239' title='bbox 1029 1920 1158 1974; x_wconf 91' lang='lat' dir='ltr'><strong>illud</strong></span> <span class='ocrx_word' id='word_1_240' title='bbox 1209 1936 1350 1984; x_wconf 87' lang='lat' dir='ltr'><strong>esse,</strong></span> <span class='ocrx_word' id='word_1_241' title='bbox 1387 1920 1528 1990; x_wconf 89' lang='lat' dir='ltr'><strong>quod</strong></span> <span class='ocrx_word' id='word_1_242' title='bbox 1586 1922 1655 1974; x_wconf 88' lang='lat' dir='ltr'><strong>ita</strong></span> <span class='ocrx_word' id='word_1_243' title='bbox 1709 1919 2003 1982; x_wconf 88' lang='lat' dir='ltr'><strong>nescirent,</strong></span> 
     </span>
    </p>
   </div>
   <div class='ocr_carea' id='block_1_37' title="bbox 426 2011 2009 2085">
    <p class='ocr_par' dir='ltr' id='par_1_37' title="bbox 426 2011 2009 2085">
     <span class='ocr_line' id='line_1_37' title="bbox 426 2011 2009 2085; baseline 0.001 -23"><span class='ocrx_word' id='word_1_244' title='bbox 426 2028 493 2063; x_wconf 80' lang='lat' dir='ltr'><strong>an</strong></span> <span class='ocrx_word' id='word_1_245' title='bbox 527 2020 709 2064; x_wconf 83' lang='lat' dir='ltr'><strong>essent</strong></span> <span class='ocrx_word' id='word_1_246' title='bbox 739 2012 1029 2066; x_wconf 66' lang='lat' dir='ltr'><strong>fundendaa</strong></span> <span class='ocrx_word' id='word_1_247' title='bbox 1079 2026 1268 2085; x_wconf 84' lang='lat' dir='ltr'><strong>preces</strong></span> <span class='ocrx_word' id='word_1_248' title='bbox 1316 2027 1412 2079; x_wconf 87' lang='lat' dir='ltr'><strong>pro</strong></span> <span class='ocrx_word' id='word_1_249' title='bbox 1442 2011 1928 2080; x_wconf 19' lang='lat' dir='ltr'><strong>sttisvmajoribus,</strong></span> <span class='ocrx_word' id='word_1_250' title='bbox 1950 2020 2009 2064; x_wconf 87' lang='lat' dir='ltr'><strong>ut</strong></span> 
     </span>
    </p>
   </div>
   <div class='ocr_carea' id='block_1_38' title="bbox 426 2100 2004 2171">
    <p class='ocr_par' dir='ltr' id='par_1_38' title="bbox 426 2100 2004 2171">
     <span class='ocr_line' id='line_1_38' title="bbox 426 2100 2004 2171; baseline 0.004 -19"><span class='ocrx_word' id='word_1_251' title='bbox 426 2110 571 2155; x_wconf 90' lang='lat' dir='ltr'><strong>recte</strong></span> <span class='ocrx_word' id='word_1_252' title='bbox 602 2105 665 2155; x_wconf 90' lang='lat' dir='ltr'><strong>de</strong></span> <span class='ocrx_word' id='word_1_253' title='bbox 701 2103 804 2156; x_wconf 89' lang='lat' dir='ltr'><strong>ﬁde</strong></span> <span class='ocrx_word' id='word_1_254' title='bbox 825 2100 1209 2167; x_wconf 77' lang='lat' dir='ltr'><strong>sentientibus,</strong></span> <span class='ocrx_word' id='word_1_255' title='bbox 1237 2113 1288 2156; x_wconf 89' lang='lat' dir='ltr'><strong>et</strong></span> <span class='ocrx_word' id='word_1_256' title='bbox 1311 2102 1457 2169; x_wconf 87' lang='lat' dir='ltr'><strong>jnsta</strong></span> <span class='ocrx_word' id='word_1_257' title='bbox 1481 2102 1588 2157; x_wconf 88' lang='lat' dir='ltr'><strong>illis</strong></span> <span class='ocrx_word' id='word_1_258' title='bbox 1612 2104 1965 2171; x_wconf 85' lang='lat' dir='ltr'><strong>persolvenda</strong></span> <span class='ocrx_word' id='word_1_259' title='bbox 1989 2120 2004 2158; x_wconf 87' lang='lat'><strong>:</strong></span> 
     </span>
    </p>
   </div>
   <div class='ocr_carea' id='block_1_39' title="bbox 426 2193 2009 2263">
    <p class='ocr_par' dir='ltr' id='par_1_39' title="bbox 426 2193 2009 2263">
     <span class='ocr_line' id='line_1_39' title="bbox 426 2193 2009 2263; baseline 0.006 -21"><span class='ocrx_word' id='word_1_260' title='bbox 426 2208 494 2245; x_wconf 84' lang='lat' dir='ltr'><strong>:tn</strong></span> <span class='ocrx_word' id='word_1_261' title='bbox 531 2207 659 2246; x_wconf 90' lang='lat' dir='ltr'><strong>vero</strong></span> <span class='ocrx_word' id='word_1_262' title='bbox 693 2193 951 2248; x_wconf 82' lang='lat' dir='ltr'><strong>debe‘rent</strong></span> <span class='ocrx_word' id='word_1_263' title='bbox 982 2195 1103 2250; x_wconf 86' lang='lat' dir='ltr'><strong>illos</strong></span> <span class='ocrx_word' id='word_1_264' title='bbox 1125 2206 1184 2249; x_wconf 91' lang='lat' dir='ltr'><strong>ut</strong></span> <span class='ocrx_word' id='word_1_265' title='bbox 1214 2193 1520 2260; x_wconf 73' lang='lat' dir='ltr'><strong>literetieos,</strong></span> <span class='ocrx_word' id='word_1_266' title='bbox 1550 2194 2009 2263; x_wconf 82' lang='lat' dir='ltr'><strong>mendaciumque</strong></span> 
     </span>
    </p>
   </div>
   <div class='ocr_carea' id='block_1_40' title="bbox 427 2286 2008 2355">
    <p class='ocr_par' dir='ltr' id='par_1_40' title="bbox 427 2286 2008 2355">
     <span class='ocr_line' id='line_1_40' title="bbox 427 2286 2008 2355; baseline 0.005 -22"><span class='ocrx_word' id='word_1_267' title='bbox 427 2298 524 2351; x_wconf 78' lang='lat' dir='ltr'><strong>per</strong></span> <span class='ocrx_word' id='word_1_268' title='bbox 573 2293 738 2339; x_wconf 90' lang='lat' dir='ltr'><strong>totam</strong></span> <span class='ocrx_word' id='word_1_269' title='bbox 774 2286 939 2340; x_wconf 89' lang='lat' dir='ltr'><strong>vitam</strong></span> <span class='ocrx_word' id='word_1_270' title='bbox 974 2287 1255 2355; x_wconf 78' lang='lat' dir='ltr'><strong>amplexos</strong></span> <span class='ocrx_word' id='word_1_271' title='bbox 1291 2286 1576 2355; x_wconf 86' lang='lat' dir='ltr'><strong>desperata</strong></span> <span class='ocrx_word' id='word_1_272' title='bbox 1608 2303 1796 2343; x_wconf 89' lang='lat' dir='ltr'><strong>eorum</strong></span> <span class='ocrx_word' id='word_1_273' title='bbox 1830 2288 2008 2343; x_wconf 85' lang='lat' dir='ltr'><strong>salute</strong></span> 
     </span>
    </p>
   </div>
   <div class='ocr_carea' id='block_1_41' title="bbox 428 2378 2007 2449">
    <p class='ocr_par' dir='ltr' id='par_1_41' title="bbox 428 2378 2007 2449">
     <span class='ocr_line' id='line_1_41' title="bbox 428 2378 2007 2449; baseline 0.002 -22"><span class='ocrx_word' id='word_1_274' title='bbox 428 2384 795 2441; x_wconf 65' lang='lat' dir='ltr'><strong>contemnere,</strong></span> <span class='ocrx_word' id='word_1_275' title='bbox 820 2388 874 2432; x_wconf 88' lang='lat' dir='ltr'><strong>et</strong></span> <span class='ocrx_word' id='word_1_276' title='bbox 897 2378 1372 2447; x_wconf 86' lang='lat' dir='ltr'><strong>eognationisjura</strong></span> <span class='ocrx_word' id='word_1_277' title='bbox 1394 2378 1502 2433; x_wconf 85' lang='lat' dir='ltr'><strong>illis</strong></span> <span class='ocrx_word' id='word_1_278' title='bbox 1531 2394 1743 2449; x_wconf 84' lang='lat' dir='ltr'><strong>negare.</strong></span> <span class='ocrx_word' id='word_1_279' title='bbox 1762 2380 1819 2435; x_wconf 92' lang='lat' dir='ltr'><strong>Si</strong></span> <span class='ocrx_word' id='word_1_280' title='bbox 1840 2382 2007 2444; x_wconf 89' lang='lat' dir='ltr'><strong>enim,</strong></span> 
     </span>
    </p>
   </div>
   <div class='ocr_carea' id='block_1_42' title="bbox 426 2467 2007 2539">
    <p class='ocr_par' dir='ltr' id='par_1_42' title="bbox 426 2467 2007 2539">
     <span class='ocr_line' id='line_1_42' title="bbox 426 2467 2007 2539; baseline 0.003 -20"><span class='ocrx_word' id='word_1_281' title='bbox 426 2467 701 2533; x_wconf 76' lang='lat' dir='ltr'><strong>inquiunt,</strong></span> <span class='ocrx_word' id='word_1_282' title='bbox 730 2468 1075 2523; x_wconf 86' lang='lat' dir='ltr'><strong>crederemus</strong></span> <span class='ocrx_word' id='word_1_283' title='bbox 1106 2468 1305 2534; x_wconf 90' lang='lat' dir='ltr'><strong>solum,</strong></span> <span class='ocrx_word' id='word_1_284' title='bbox 1336 2483 1401 2522; x_wconf 80' lang='lat' dir='ltr'><strong>ex</strong></span> <span class='ocrx_word' id='word_1_285' title='bbox 1446 2467 1584 2522; x_wconf 86' lang='lat' dir='ltr'><strong>Filio</strong></span> <span class='ocrx_word' id='word_1_286' title='bbox 1613 2471 1773 2524; x_wconf 88' lang='lat' dir='ltr'><strong>etiam</strong></span> <span class='ocrx_word' id='word_1_287' title='bbox 1819 2484 2007 2539; x_wconf 89' lang='lat' dir='ltr'><strong>proce-</strong></span> 
     </span>
    </p>
   </div>
   <div class='ocr_carea' id='block_1_43' title="bbox 425 2557 2008 2627">
    <p class='ocr_par' dir='ltr' id='par_1_43' title="bbox 425 2557 2008 2627">
     <span class='ocr_line' id='line_1_43' title="bbox 425 2557 2008 2627; baseline 0.004 -21"><span class='ocrx_word' id='word_1_288' title='bbox 425 2558 559 2609; x_wconf 84' lang='lat' dir='ltr'><strong>dere</strong></span> <span class='ocrx_word' id='word_1_289' title='bbox 606 2557 868 2627; x_wconf 84' lang='lat' dir='ltr'><strong>Spiritum</strong></span> <span class='ocrx_word' id='word_1_290' title='bbox 911 2569 1186 2623; x_wconf 85' lang='lat' dir='ltr'><strong>sanetum,</strong></span> <span class='ocrx_word' id='word_1_291' title='bbox 1228 2575 1336 2614; x_wconf 90' lang='lat' dir='ltr'><strong>non</strong></span> <span class='ocrx_word' id='word_1_292' title='bbox 1383 2562 1706 2616; x_wconf 77' lang='lat' dir='ltr'><strong>accessisset</strong></span> <span class='ocrx_word' id='word_1_293' title='bbox 1739 2570 1918 2615; x_wconf 87' lang='lat' dir='ltr'><strong>autem</strong></span> <span class='ocrx_word' id='word_1_294' title='bbox 1954 2569 2008 2615; x_wconf 87' lang='lat' dir='ltr'><strong>et</strong></span> 
     </span>
    </p>
   </div>
   <div class='ocr_carea' id='block_1_44' title="bbox 430 2648 2007 2714">
    <p class='ocr_par' dir='ltr' id='par_1_44' title="bbox 430 2648 2007 2714">
     <span class='ocr_line' id='line_1_44' title="bbox 430 2648 2007 2714; baseline 0.003 -15"><span class='ocrx_word' id='word_1_295' title='bbox 430 2648 576 2701; x_wconf 77' lang='lat' dir='ltr'><strong>vocis</strong></span> <span class='ocrx_word' id='word_1_296' title='bbox 619 2649 920 2714; x_wconf 75' lang='lat' dir='ltr'><strong>confessio,</strong></span> <span class='ocrx_word' id='word_1_297' title='bbox 972 2650 1256 2705; x_wconf 87' lang='lat' dir='ltr'><strong>tolerabile</strong></span> <span class='ocrx_word' id='word_1_298' title='bbox 1307 2662 1452 2707; x_wconf 83' lang='lat' dir='ltr'><strong>esset</strong></span> <span class='ocrx_word' id='word_1_299' title='bbox 1491 2652 1679 2707; x_wconf 90' lang='lat' dir='ltr'><strong>relicta</strong></span> <span class='ocrx_word' id='word_1_300' title='bbox 1728 2667 1831 2705; x_wconf 91' lang='lat' dir='ltr'><strong>una</strong></span> <span class='ocrx_word' id='word_1_301' title='bbox 1882 2666 2007 2705; x_wconf 85' lang='lat' dir='ltr'><strong>sen-</strong></span> 
     </span>
    </p>
   </div>
   <div class='ocr_carea' id='block_1_45' title="bbox 431 2737 2005 2811">
    <p class='ocr_par' dir='ltr' id='par_1_45' title="bbox 431 2737 2005 2811">
     <span class='ocr_line' id='line_1_45' title="bbox 431 2737 2005 2811; baseline 0.003 -22"><span class='ocrx_word' id='word_1_302' title='bbox 431 2737 605 2792; x_wconf 80' lang='lat' dir='ltr'><strong>tentia</strong></span> <span class='ocrx_word' id='word_1_303' title='bbox 638 2741 791 2807; x_wconf 80' lang='lat' dir='ltr'><strong>sequi</strong></span> <span class='ocrx_word' id='word_1_304' title='bbox 822 2741 1003 2795; x_wconf 89' lang='lat' dir='ltr'><strong>aliam.</strong></span> <span class='ocrx_word' id='word_1_305' title='bbox 1047 2741 1230 2796; x_wconf 82' lang='lat' dir='ltr'><strong>Potest</strong></span> <span class='ocrx_word' id='word_1_306' title='bbox 1248 2741 1394 2796; x_wconf 85' lang='lat' dir='ltr'><strong>enim</strong></span> <span class='ocrx_word' id='word_1_307' title='bbox 1433 2752 1663 2811; x_wconf 88' lang='lat' dir='ltr'><strong>utraque</strong></span> <span class='ocrx_word' id='word_1_308' title='bbox 1694 2758 1819 2810; x_wconf 83' lang='lat' dir='ltr'><strong>pars</strong></span> <span class='ocrx_word' id='word_1_309' title='bbox 1846 2742 2005 2795; x_wconf 90' lang='lat' dir='ltr'><strong>aliam</strong></span> 
     </span>
    </p>
   </div>
   <div class='ocr_carea' id='block_1_46' title="bbox 432 2835 2008 2903">
    <p class='ocr_par' dir='ltr' id='par_1_46' title="bbox 432 2835 2008 2903">
     <span class='ocr_line' id='line_1_46' title="bbox 432 2835 2008 2903; baseline 0.003 -22"><span class='ocrx_word' id='word_1_310' title='bbox 432 2847 647 2900; x_wconf 70' lang='lat' dir='ltr'><strong>unoque</strong></span> <span class='ocrx_word' id='word_1_311' title='bbox 680 2848 784 2886; x_wconf 94' lang='lat' dir='ltr'><strong>non</strong></span> <span class='ocrx_word' id='word_1_312' title='bbox 836 2843 1039 2888; x_wconf 88' lang='lat' dir='ltr'><strong>rectam</strong></span> <span class='ocrx_word' id='word_1_313' title='bbox 1094 2845 1217 2903; x_wconf 89' lang='lat' dir='ltr'><strong>post</strong></span> <span class='ocrx_word' id='word_1_314' title='bbox 1262 2835 1502 2890; x_wconf 89' lang='lat' dir='ltr'><strong>scbisma</strong></span> <span class='ocrx_word' id='word_1_315' title='bbox 1558 2844 1740 2889; x_wconf 88' lang='lat' dir='ltr'><strong>secuta</strong></span> <span class='ocrx_word' id='word_1_316' title='bbox 1791 2843 2008 2888; x_wconf 86' lang='lat' dir='ltr'><strong>senten-</strong></span> 
     </span>
    </p>
   </div>
   <div class='ocr_carea' id='block_1_47' title="bbox 433 2925 2007 2992">
    <p class='ocr_par' dir='ltr' id='par_1_47' title="bbox 433 2925 2007 2992">
     <span class='ocr_line' id='line_1_47' title="bbox 433 2925 2007 2992; baseline 0.003 -18"><span class='ocrx_word' id='word_1_317' title='bbox 433 2925 583 2985; x_wconf 81' lang='lat' dir='ltr'><strong>tiam,</strong></span> <span class='ocrx_word' id='word_1_318' title='bbox 628 2940 771 2979; x_wconf 89' lang='lat' dir='ltr'><strong>nunc</strong></span> <span class='ocrx_word' id='word_1_319' title='bbox 797 2928 863 2979; x_wconf 88' lang='lat' dir='ltr'><strong>ab</strong></span> <span class='ocrx_word' id='word_1_320' title='bbox 889 2942 951 2980; x_wconf 85' lang='lat' dir='ltr'><strong>ea</strong></span> <span class='ocrx_word' id='word_1_321' title='bbox 983 2926 1281 2991; x_wconf 89' lang='lat' dir='ltr'><strong>discedere,</strong></span> <span class='ocrx_word' id='word_1_322' title='bbox 1318 2927 1444 2980; x_wconf 88' lang='lat' dir='ltr'><strong>dum</strong></span> <span class='ocrx_word' id='word_1_323' title='bbox 1485 2936 1700 2980; x_wconf 78' lang='lat' dir='ltr'><strong>mutuas</strong></span> <span class='ocrx_word' id='word_1_324' title='bbox 1734 2926 1835 2978; x_wconf 86' lang='lat' dir='ltr'><strong>sibi</strong></span> <span class='ocrx_word' id='word_1_325' title='bbox 1865 2939 2007 2992; x_wconf 81' lang='lat' dir='ltr'><strong>ope-</strong></span> 
     </span>
    </p>
   </div>
   <div class='ocr_carea' id='block_1_48' title="bbox 436 3018 2007 3093">
    <p class='ocr_par' dir='ltr' id='par_1_48' title="bbox 436 3018 2007 3093">
     <span class='ocr_line' id='line_1_48' title="bbox 436 3018 2007 3093; baseline 0.004 -26"><span class='ocrx_word' id='word_1_326' title='bbox 436 3031 524 3070; x_wconf 81' lang='lat' dir='ltr'><strong>ias</strong></span> <span class='ocrx_word' id='word_1_327' title='bbox 580 3018 825 3093; x_wconf 80' lang='lat' dir='ltr'><strong>tradunt.</strong></span> <span class='ocrx_word' id='word_1_328' title='bbox 876 3019 1024 3073; x_wconf 86' lang='lat' dir='ltr'><strong>nulla</strong></span> <span class='ocrx_word' id='word_1_329' title='bbox 1075 3018 1428 3073; x_wconf 89' lang='lat' dir='ltr'><strong>mutationem</strong></span> <span class='ocrx_word' id='word_1_330' title='bbox 1474 3018 1765 3088; x_wconf 77' lang='lat' dir='ltr'><strong>ignominia</strong></span> <span class='ocrx_word' id='word_1_331' title='bbox 1810 3032 2007 3073; x_wconf 80' lang='lat' dir='ltr'><strong>conse-</strong></span> 
     </span>
    </p>
   </div>
   <div class='ocr_carea' id='block_1_49' title="bbox 434 3110 2004 3181">
    <p class='ocr_par' dir='ltr' id='par_1_49' title="bbox 434 3110 2004 3181">
     <span class='ocr_line' id='line_1_49' title="bbox 434 3110 2004 3181; baseline 0.001 -18"><span class='ocrx_word' id='word_1_332' title='bbox 434 3119 656 3176; x_wconf 74' lang='lat' dir='ltr'><strong>quente,</strong></span> <span class='ocrx_word' id='word_1_333' title='bbox 708 3112 853 3181; x_wconf 86' lang='lat' dir='ltr'><strong>quod</strong></span> <span class='ocrx_word' id='word_1_334' title='bbox 916 3121 1108 3167; x_wconf 88' lang='lat' dir='ltr'><strong>neutra</strong></span> <span class='ocrx_word' id='word_1_335' title='bbox 1180 3127 1306 3181; x_wconf 86' lang='lat' dir='ltr'><strong>pars</strong></span> <span class='ocrx_word' id='word_1_336' title='bbox 1363 3112 1616 3165; x_wconf 88' lang='lat' dir='ltr'><strong>statuerit</strong></span> <span class='ocrx_word' id='word_1_337' title='bbox 1669 3111 1817 3165; x_wconf 88' lang='lat' dir='ltr'><strong>illam</strong></span> <span class='ocrx_word' id='word_1_338' title='bbox 1868 3110 2004 3165; x_wconf 89' lang='lat' dir='ltr'><strong>tueri</strong></span> 
     </span>
    </p>
   </div>
   <div class='ocr_carea' id='block_1_50' title="bbox 436 3201 2001 3271">
    <p class='ocr_par' dir='ltr' id='par_1_50' title="bbox 436 3201 2001 3271">
     <span class='ocr_line' id='line_1_50' title="bbox 436 3201 2001 3271; baseline 0.002 -21"><span class='ocrx_word' id='word_1_339' title='bbox 436 3201 594 3255; x_wconf 85' lang='lat' dir='ltr'><strong>veluti</strong></span> <span class='ocrx_word' id='word_1_340' title='bbox 650 3202 778 3271; x_wconf 86' lang='lat' dir='ltr'><strong>quid</strong></span> <span class='ocrx_word' id='word_1_341' title='bbox 824 3203 988 3256; x_wconf 80' lang='lat' dir='ltr'><strong>ﬁxum</strong></span> <span class='ocrx_word' id='word_1_342' title='bbox 1047 3212 1102 3256; x_wconf 88' lang='lat' dir='ltr'><strong>et</strong></span> <span class='ocrx_word' id='word_1_343' title='bbox 1164 3203 1531 3256; x_wconf 83' lang='lat' dir='ltr'><strong>necessarium</strong></span> <span class='ocrx_word' id='word_1_344' title='bbox 1600 3202 1666 3254; x_wconf 88' lang='lat' dir='ltr'><strong>ad</strong></span> <span class='ocrx_word' id='word_1_345' title='bbox 1712 3202 1941 3256; x_wconf 78' lang='lat' dir='ltr'><strong>salutem</strong></span> <span class='ocrx_word' id='word_1_346' title='bbox 1986 3218 2001 3253; x_wconf 89' lang='lat'><strong>:</strong></span> 
     </span>
    </p>
   </div>
   <div class='ocr_carea' id='block_1_51' title="bbox 428 3294 2005 3363">
    <p class='ocr_par' dir='ltr' id='par_1_51' title="bbox 428 3294 2005 3363">
     <span class='ocr_line' id='line_1_51' title="bbox 428 3294 2005 3363; baseline 0.003 -21"><span class='ocrx_word' id='word_1_347' title='bbox 428 3294 588 3362; x_wconf 77' lang='lat' dir='ltr'><strong>.i-njus</strong></span> <span class='ocrx_word' id='word_1_348' title='bbox 637 3295 891 3348; x_wconf 87' lang='lat' dir='ltr'><strong>indicium</strong></span> <span class='ocrx_word' id='word_1_349' title='bbox 948 3296 1203 3362; x_wconf 86' lang='lat' dir='ltr'><strong>estquod</strong></span> <span class='ocrx_word' id='word_1_350' title='bbox 1239 3296 1379 3347; x_wconf 86' lang='lat' dir='ltr'><strong>inter</strong></span> <span class='ocrx_word' id='word_1_351' title='bbox 1412 3295 1516 3347; x_wconf 83' lang='lat' dir='ltr'><strong>alia</strong></span> <span class='ocrx_word' id='word_1_352' title='bbox 1572 3309 1692 3363; x_wconf 72' lang='lat' dir='ltr'><strong>qua:</strong></span> <span class='ocrx_word' id='word_1_353' title='bbox 1739 3294 2005 3362; x_wconf 82' lang='lat' dir='ltr'><strong>ejusmodi</strong></span> 
     </span>
    </p>
   </div>
   <div class='ocr_carea' id='block_1_52' title="bbox 434 3383 2005 3452">
    <p class='ocr_par' dir='ltr' id='par_1_52' title="bbox 434 3383 2005 3452">
     <span class='ocr_line' id='line_1_52' title="bbox 434 3383 2005 3452; baseline 0 -18"><span class='ocrx_word' id='word_1_354' title='bbox 434 3394 580 3443; x_wconf 76' lang='lat' dir='ltr'><strong>sunt,</strong></span> <span class='ocrx_word' id='word_1_355' title='bbox 615 3398 717 3436; x_wconf 87' lang='lat' dir='ltr'><strong>non</strong></span> <span class='ocrx_word' id='word_1_356' title='bbox 754 3384 915 3437; x_wconf 86' lang='lat' dir='ltr'><strong>fuerit</strong></span> <span class='ocrx_word' id='word_1_357' title='bbox 943 3385 1182 3452; x_wconf 86' lang='lat' dir='ltr'><strong>positum</strong></span> <span class='ocrx_word' id='word_1_358' title='bbox 1216 3384 1269 3437; x_wconf 89' lang='lat' dir='ltr'><strong>in</strong></span> <span class='ocrx_word' id='word_1_359' title='bbox 1326 3383 1446 3437; x_wconf 87' lang='lat' dir='ltr'><strong>ﬁdei</strong></span> <span class='ocrx_word' id='word_1_360' title='bbox 1472 3383 1840 3437; x_wconf 82' lang='lat' dir='ltr'><strong>confessione.</strong></span> <span class='ocrx_word' id='word_1_361' title='bbox 1871 3384 2005 3437; x_wconf 89' lang='lat' dir='ltr'><strong>Cum</strong></span> 
     </span>
    </p>
   </div>
   <div class='ocr_carea' id='block_1_53' title="bbox 438 3474 2011 3529">
    <p class='ocr_par' dir='ltr' id='par_1_53' title="bbox 438 3474 2011 3529">
     <span class='ocr_line' id='line_1_53' title="bbox 438 3474 2011 3529; baseline 0.003 -6"><span class='ocrx_word' id='word_1_362' title='bbox 438 3485 618 3525; x_wconf 79' lang='lat' dir='ltr'><strong>autem</strong></span> <span class='ocrx_word' id='word_1_363' title='bbox 670 3474 895 3527; x_wconf 87' lang='lat' dir='ltr'><strong>relatum</strong></span> <span class='ocrx_word' id='word_1_364' title='bbox 937 3490 967 3528; x_wconf 87' lang='lat' dir='ltr'><strong>a</strong></span> <span class='ocrx_word' id='word_1_365' title='bbox 1002 3476 1159 3529; x_wconf 84' lang='lat' dir='ltr'><strong>nobis</strong></span> <span class='ocrx_word' id='word_1_366' title='bbox 1206 3475 1277 3529; x_wconf 87' lang='lat' dir='ltr'><strong>sit</strong></span> <span class='ocrx_word' id='word_1_367' title='bbox 1332 3474 1384 3526; x_wconf 90' lang='lat' dir='ltr'><strong>in</strong></span> <span class='ocrx_word' id='word_1_368' title='bbox 1434 3488 1721 3526; x_wconf 80' lang='lat' dir='ltr'><strong>numerum</strong></span> <span class='ocrx_word' id='word_1_369' title='bbox 1762 3474 2011 3527; x_wconf 87' lang='lat' dir='ltr'><strong>immobi-</strong></span> 
     </span>
    </p>
   </div>
   <div class='ocr_carea' id='block_1_54' title="bbox 437 3562 2012 3634">
    <p class='ocr_par' dir='ltr' id='par_1_54' title="bbox 437 3562 2012 3634">
     <span class='ocr_line' id='line_1_54' title="bbox 437 3562 2012 3634; baseline 0.003 -20"><span class='ocrx_word' id='word_1_370' title='bbox 437 3565 571 3616; x_wconf 79' lang='lat' dir='ltr'><strong>iintn</strong></span> <span class='ocrx_word' id='word_1_371' title='bbox 620 3565 739 3619; x_wconf 89' lang='lat' dir='ltr'><strong>fidei</strong></span> <span class='ocrx_word' id='word_1_372' title='bbox 772 3566 1107 3634; x_wconf 87' lang='lat' dir='ltr'><strong>dogmatum,</strong></span> <span class='ocrx_word' id='word_1_373' title='bbox 1141 3575 1195 3619; x_wconf 90' lang='lat' dir='ltr'><strong>et</strong></span> <span class='ocrx_word' id='word_1_374' title='bbox 1230 3565 1348 3618; x_wconf 88' lang='lat' dir='ltr'><strong>sine</strong></span> <span class='ocrx_word' id='word_1_375' title='bbox 1386 3564 1492 3616; x_wconf 91' lang='lat' dir='ltr'><strong>ulla</strong></span> <span class='ocrx_word' id='word_1_376' title='bbox 1548 3562 1885 3617; x_wconf 60' lang='lat' dir='ltr'><strong>haesitatione</strong></span> <span class='ocrx_word' id='word_1_377' title='bbox 1916 3579 2012 3632; x_wconf 86' lang='lat' dir='ltr'><strong>per</strong></span> 
     </span>
    </p>
   </div>
   <div class='ocr_carea' id='block_1_55' title="bbox 438 3654 2008 3726">
    <p class='ocr_par' dir='ltr' id='par_1_55' title="bbox 438 3654 2008 3726">
     <span class='ocr_line' id='line_1_55' title="bbox 438 3654 2008 3726; baseline 0.002 -22"><span class='ocrx_word' id='word_1_378' title='bbox 438 3666 545 3707; x_wconf 65' lang='lat' dir='ltr'><strong>tam</strong></span> <span class='ocrx_word' id='word_1_379' title='bbox 595 3655 752 3724; x_wconf 84' lang='lat' dir='ltr'><strong>longa</strong></span> <span class='ocrx_word' id='word_1_380' title='bbox 792 3666 1033 3726; x_wconf 83' lang='lat' dir='ltr'><strong>tempora</strong></span> <span class='ocrx_word' id='word_1_381' title='bbox 1061 3657 1403 3725; x_wconf 79' lang='lat' dir='ltr'><strong>praedicetur,</strong></span> <span class='ocrx_word' id='word_1_382' title='bbox 1460 3665 1518 3709; x_wconf 84' lang='lat' dir='ltr'><strong>ut</strong></span> <span class='ocrx_word' id='word_1_383' title='bbox 1552 3669 1615 3707; x_wconf 89' lang='lat' dir='ltr'><strong>ne</strong></span> <span class='ocrx_word' id='word_1_384' title='bbox 1643 3654 1769 3708; x_wconf 88' lang='lat' dir='ltr'><strong>illud</strong></span> <span class='ocrx_word' id='word_1_385' title='bbox 1794 3655 2008 3723; x_wconf 87' lang='lat' dir='ltr'><strong>quidem</strong></span> 
     </span>
    </p>
   </div>
   <div class='ocr_carea' id='block_1_56' title="bbox 438 3747 2015 3817">
    <p class='ocr_par' dir='ltr' id='par_1_56' title="bbox 438 3747 2015 3817">
     <span class='ocr_line' id='line_1_56' title="bbox 438 3747 2015 3817; baseline 0.003 -20"><span class='ocrx_word' id='word_1_386' title='bbox 438 3758 587 3799; x_wconf 77' lang='lat' dir='ltr'><strong>ret-to</strong></span> <span class='ocrx_word' id='word_1_387' title='bbox 617 3750 756 3801; x_wconf 89' lang='lat' dir='ltr'><strong>scire</strong></span> <span class='ocrx_word' id='word_1_388' title='bbox 786 3750 1172 3817; x_wconf 87' lang='lat' dir='ltr'><strong>propemodum</strong></span> <span class='ocrx_word' id='word_1_389' title='bbox 1216 3748 1514 3813; x_wconf 88' lang='lat' dir='ltr'><strong>valeamus,</strong></span> <span class='ocrx_word' id='word_1_390' title='bbox 1546 3747 1766 3815; x_wconf 87' lang='lat' dir='ltr'><strong>quinam</strong></span> <span class='ocrx_word' id='word_1_391' title='bbox 1794 3747 2015 3802; x_wconf 86' lang='lat' dir='ltr'><strong>addide-</strong></span> 
     </span>
    </p>
   </div>
   <div class='ocr_carea' id='block_1_57' title="bbox 438 3836 2011 3908">
    <p class='ocr_par' dir='ltr' id='par_1_57' title="bbox 438 3836 2011 3908">
     <span class='ocr_line' id='line_1_57' title="bbox 438 3836 2011 3908; baseline 0.002 -19"><span class='ocrx_word' id='word_1_392' title='bbox 438 3840 568 3902; x_wconf 89' lang='lat' dir='ltr'><strong>rint,</strong></span> <span class='ocrx_word' id='word_1_393' title='bbox 604 3848 696 3891; x_wconf 84' lang='lat' dir='ltr'><strong>aut</strong></span> <span class='ocrx_word' id='word_1_394' title='bbox 749 3854 853 3908; x_wconf 86' lang='lat' dir='ltr'><strong>qua</strong></span> <span class='ocrx_word' id='word_1_395' title='bbox 908 3839 1135 3907; x_wconf 88' lang='lat' dir='ltr'><strong>permoti</strong></span> <span class='ocrx_word' id='word_1_396' title='bbox 1186 3853 1351 3893; x_wconf 85' lang='lat' dir='ltr'><strong>causa</strong></span> <span class='ocrx_word' id='word_1_397' title='bbox 1387 3839 1436 3892; x_wconf 87' lang='lat' dir='ltr'><strong>id</strong></span> <span class='ocrx_word' id='word_1_398' title='bbox 1483 3836 1737 3902; x_wconf 84' lang='lat' dir='ltr'><strong>fecerint,</strong></span> <span class='ocrx_word' id='word_1_399' title='bbox 1789 3841 1883 3891; x_wconf 89' lang='lat' dir='ltr'><strong>sed</strong></span> <span class='ocrx_word' id='word_1_400' title='bbox 1917 3839 2011 3892; x_wconf 84' lang='lat' dir='ltr'><strong>alii</strong></span> 
     </span>
    </p>
   </div>
   <div class='ocr_carea' id='block_1_58' title="bbox 442 3929 2014 4000">
    <p class='ocr_par' dir='ltr' id='par_1_58' title="bbox 442 3929 2014 4000">
     <span class='ocr_line' id='line_1_58' title="bbox 442 3929 2014 4000; baseline 0.003 -19"><span class='ocrx_word' id='word_1_401' title='bbox 442 3930 543 3981; x_wconf 79' lang='lat' dir='ltr'><strong>alia</strong></span> <span class='ocrx_word' id='word_1_402' title='bbox 587 3939 846 3995; x_wconf 86' lang='lat' dir='ltr'><strong>narrent;</strong></span> <span class='ocrx_word' id='word_1_403' title='bbox 897 3932 1020 4000; x_wconf 85' lang='lat' dir='ltr'><strong>quis</strong></span> <span class='ocrx_word' id='word_1_404' title='bbox 1054 3931 1151 3983; x_wconf 82' lang='lat' dir='ltr'><strong>ltoc</strong></span> <span class='ocrx_word' id='word_1_405' title='bbox 1182 3929 1448 3983; x_wconf 82' lang='lat' dir='ltr'><strong>dimoveri</strong></span> <span class='ocrx_word' id='word_1_406' title='bbox 1484 3929 1744 3998; x_wconf 85' lang='lat' dir='ltr'><strong>patiatur,</strong></span> <span class='ocrx_word' id='word_1_407' title='bbox 1786 3930 1836 3982; x_wconf 90' lang='lat' dir='ltr'><strong>ni</strong></span> <span class='ocrx_word' id='word_1_408' title='bbox 1866 3929 2014 3997; x_wconf 87' lang='lat' dir='ltr'><strong>prius</strong></span> 
     </span>
    </p>
   </div>
   <div class='ocr_carea' id='block_1_59' title="bbox 443 4022 2015 4091">
    <p class='ocr_par' dir='ltr' id='par_1_59' title="bbox 443 4022 2015 4091">
     <span class='ocr_line' id='line_1_59' title="bbox 443 4022 2015 4091; baseline 0.004 -21"><span class='ocrx_word' id='word_1_409' title='bbox 443 4022 567 4075; x_wconf 73' lang='lat' dir='ltr'><strong>vi-lit</strong></span> <span class='ocrx_word' id='word_1_410' title='bbox 594 4030 892 4076; x_wconf 76' lang='lat' dir='ltr'><strong>extremam</strong></span> <span class='ocrx_word' id='word_1_411' title='bbox 936 4022 1078 4076; x_wconf 80' lang='lat' dir='ltr'><strong>ferre</strong></span> <span class='ocrx_word' id='word_1_412' title='bbox 1106 4023 1478 4091; x_wconf 76' lang='lat' dir='ltr'><strong>ignominiam,</strong></span> <span class='ocrx_word' id='word_1_413' title='bbox 1518 4032 1569 4075; x_wconf 91' lang='lat' dir='ltr'><strong>et</strong></span> <span class='ocrx_word' id='word_1_414' title='bbox 1597 4024 1727 4075; x_wconf 86' lang='lat' dir='ltr'><strong>risui</strong></span> <span class='ocrx_word' id='word_1_415' title='bbox 1761 4022 2015 4076; x_wconf 88' lang='lat' dir='ltr'><strong>omnibus</strong></span> 
     </span>
    </p>
   </div>
   <div class='ocr_carea' id='block_1_60' title="bbox 442 4111 2014 4183">
    <p class='ocr_par' dir='ltr' id='par_1_60' title="bbox 442 4111 2014 4183">
     <span class='ocr_line' id='line_1_60' title="bbox 442 4111 2014 4183; baseline 0.002 -20"><span class='ocrx_word' id='word_1_416' title='bbox 442 4114 607 4165; x_wconf 71' lang='lat' dir='ltr'><strong>rssc?</strong></span> <span class='ocrx_word' id='word_1_417' title='bbox 640 4111 792 4166; x_wconf 81' lang='lat' dir='ltr'><strong>Nulla</strong></span> <span class='ocrx_word' id='word_1_418' title='bbox 823 4114 966 4167; x_wconf 82' lang='lat' dir='ltr'><strong>enim</strong></span> <span class='ocrx_word' id='word_1_419' title='bbox 1022 4113 1187 4183; x_wconf 79' lang='lat' dir='ltr'><strong>fuerit</strong></span> <span class='ocrx_word' id='word_1_420' title='bbox 1218 4113 1517 4182; x_wconf 72' lang='lat' dir='ltr'><strong>ignominia</strong></span> <span class='ocrx_word' id='word_1_421' title='bbox 1549 4113 1742 4181; x_wconf 89' lang='lat' dir='ltr'><strong>major,</strong></span> <span class='ocrx_word' id='word_1_422' title='bbox 1777 4130 1939 4183; x_wconf 84' lang='lat' dir='ltr'><strong>quam</strong></span> <span class='ocrx_word' id='word_1_423' title='bbox 1968 4112 2014 4168; x_wconf 84' lang='lat' dir='ltr'><strong>si</strong></span> 
     </span>
    </p>
   </div>
   <div class='ocr_carea' id='block_1_61' title="bbox 443 4201 2015 4272">
    <p class='ocr_par' dir='ltr' id='par_1_61' title="bbox 443 4201 2015 4272">
     <span class='ocr_line' id='line_1_61' title="bbox 443 4201 2015 4272; baseline 0.002 -20"><span class='ocrx_word' id='word_1_424' title='bbox 443 4202 599 4255; x_wconf 86' lang='lat' dir='ltr'><strong>nobis</strong></span> <span class='ocrx_word' id='word_1_425' title='bbox 657 4202 759 4272; x_wconf 85' lang='lat' dir='ltr'><strong>ipsi</strong></span> <span class='ocrx_word' id='word_1_426' title='bbox 807 4202 975 4256; x_wconf 90' lang='lat' dir='ltr'><strong>simus</strong></span> <span class='ocrx_word' id='word_1_427' title='bbox 1006 4213 1169 4257; x_wconf 77' lang='lat' dir='ltr'><strong>testes</strong></span> <span class='ocrx_word' id='word_1_428' title='bbox 1217 4202 1445 4263; x_wconf 90' lang='lat' dir='ltr'><strong>erroris,</strong></span> <span class='ocrx_word' id='word_1_429' title='bbox 1478 4210 1530 4254; x_wconf 90' lang='lat' dir='ltr'><strong>et</strong></span> <span class='ocrx_word' id='word_1_430' title='bbox 1570 4201 1839 4255; x_wconf 70' lang='lat' dir='ltr'><strong>diuturnae</strong></span> <span class='ocrx_word' id='word_1_431' title='bbox 1890 4217 2015 4271; x_wconf 91' lang='lat' dir='ltr'><strong>pro-</strong></span> 
     </span>
    </p>
   </div>
   <div class='ocr_carea' id='block_1_62' title="bbox 442 4294 2015 4363">
    <p class='ocr_par' dir='ltr' id='par_1_62' title="bbox 442 4294 2015 4363">
     <span class='ocr_line' id='line_1_62' title="bbox 442 4294 2015 4363; baseline 0.001 -18"><span class='ocrx_word' id='word_1_432' title='bbox 442 4294 697 4349; x_wconf 75' lang='lat' dir='ltr'><strong>tessionis</strong></span> <span class='ocrx_word' id='word_1_433' title='bbox 743 4294 1045 4360; x_wconf 72' lang='lat' dir='ltr'><strong>mendacii;</strong></span> <span class='ocrx_word' id='word_1_434' title='bbox 1093 4295 1255 4363; x_wconf 85' lang='lat' dir='ltr'><strong>idque</strong></span> <span class='ocrx_word' id='word_1_435' title='bbox 1287 4308 1406 4348; x_wconf 87' lang='lat' dir='ltr'><strong>cum</strong></span> <span class='ocrx_word' id='word_1_436' title='bbox 1460 4294 1705 4347; x_wconf 84' lang='lat' dir='ltr'><strong>doctrina</strong></span> <span class='ocrx_word' id='word_1_437' title='bbox 1733 4303 1785 4347; x_wconf 85' lang='lat' dir='ltr'><strong>et</strong></span> <span class='ocrx_word' id='word_1_438' title='bbox 1827 4304 2015 4347; x_wconf 80' lang='lat' dir='ltr'><strong>exacta</strong></span> 
     </span>
    </p>
   </div>
   <div class='ocr_carea' id='block_1_63' title="bbox 444 4384 2018 4452">
    <p class='ocr_par' dir='ltr' id='par_1_63' title="bbox 444 4384 2018 4452">
     <span class='ocr_line' id='line_1_63' title="bbox 444 4384 2018 4452; baseline 0.003 -17"><span class='ocrx_word' id='word_1_439' title='bbox 444 4386 747 4440; x_wconf 63' lang='lat' dir='ltr'><strong>ilisscrendi</strong></span> <span class='ocrx_word' id='word_1_440' title='bbox 812 4386 1063 4440; x_wconf 79' lang='lat' dir='ltr'><strong>facultate</strong></span> <span class='ocrx_word' id='word_1_441' title='bbox 1134 4386 1257 4439; x_wconf 90' lang='lat' dir='ltr'><strong>aliis</strong></span> <span class='ocrx_word' id='word_1_442' title='bbox 1312 4384 1553 4452; x_wconf 84' lang='lat' dir='ltr'><strong>magistri</strong></span> <span class='ocrx_word' id='word_1_443' title='bbox 1606 4384 1843 4437; x_wconf 82' lang='lat' dir='ltr'><strong>veritatis</strong></span> <span class='ocrx_word' id='word_1_444' title='bbox 1897 4398 2018 4439; x_wconf 82' lang='lat' dir='ltr'><strong>esse</strong></span> 
     </span>
    </p>
   </div>
   <div class='ocr_carea' id='block_1_64' title="bbox 450 4475 2009 4545">
    <p class='ocr_par' dir='ltr' id='par_1_64' title="bbox 450 4475 2009 4545">
     <span class='ocr_line' id='line_1_64' title="bbox 450 4475 2009 4545; baseline 0.001 -18"><span class='ocrx_word' id='word_1_445' title='bbox 450 4479 742 4543; x_wconf 76' lang='lat' dir='ltr'><strong>possimus.</strong></span> <span class='ocrx_word' id='word_1_446' title='bbox 779 4477 842 4531; x_wconf 85' lang='lat' dir='ltr'><strong>Et</strong></span> <span class='ocrx_word' id='word_1_447' title='bbox 881 4478 997 4530; x_wconf 69' lang='lat' dir='ltr'><strong>haec</strong></span> <span class='ocrx_word' id='word_1_448' title='bbox 1038 4476 1261 4545; x_wconf 90' lang='lat' dir='ltr'><strong>quidem</strong></span> <span class='ocrx_word' id='word_1_449' title='bbox 1321 4476 1484 4530; x_wconf 88' lang='lat' dir='ltr'><strong>audio</strong></span> <span class='ocrx_word' id='word_1_450' title='bbox 1545 4490 1574 4528; x_wconf 86' lang='lat' dir='ltr'><strong>a</strong></span> <span class='ocrx_word' id='word_1_451' title='bbox 1622 4475 1830 4529; x_wconf 81' lang='lat' dir='ltr'><strong>Latinis</strong></span> <span class='ocrx_word' id='word_1_452' title='bbox 1883 4476 2009 4529; x_wconf 90' lang='lat' dir='ltr'><strong>diei.</strong></span> 
     </span>
    </p>
   </div>
   <div class='ocr_carea' id='block_1_65' title="bbox 448 4565 2013 4635">
    <p class='ocr_par' dir='ltr' id='par_1_65' title="bbox 448 4565 2013 4635">
     <span class='ocr_line' id='line_1_65' title="bbox 448 4565 2013 4635; baseline 0.002 -20"><span class='ocrx_word' id='word_1_453' title='bbox 448 4569 664 4621; x_wconf 50' lang='lat' dir='ltr'><strong>Graecos</strong></span> <span class='ocrx_word' id='word_1_454' title='bbox 696 4582 825 4620; x_wconf 83' lang='lat' dir='ltr'><strong>vero</strong></span> <span class='ocrx_word' id='word_1_455' title='bbox 870 4565 1108 4620; x_wconf 79' lang='lat' dir='ltr'><strong>arbitror</strong></span> <span class='ocrx_word' id='word_1_456' title='bbox 1162 4574 1216 4621; x_wconf 86' lang='lat' dir='ltr'><strong>et</strong></span> <span class='ocrx_word' id='word_1_457' title='bbox 1271 4566 1416 4634; x_wconf 80' lang='lat' dir='ltr'><strong>ipsos</strong></span> <span class='ocrx_word' id='word_1_458' title='bbox 1473 4565 1749 4635; x_wconf 70' lang='lat' dir='ltr'><strong>sapientiae</strong></span> <span class='ocrx_word' id='word_1_459' title='bbox 1801 4568 2013 4619; x_wconf 88' lang='lat' dir='ltr'><strong>laudem</strong></span> 
     </span>
    </p>
   </div>
   <div class='ocr_carea' id='block_1_66' title="bbox 442 4656 2017 4722">
    <p class='ocr_par' dir='ltr' id='par_1_66' title="bbox 442 4656 2017 4722">
     <span class='ocr_line' id='line_1_66' title="bbox 442 4656 2017 4722; baseline 0 -13"><span class='ocrx_word' id='word_1_460' title='bbox 442 4657 549 4710; x_wconf 61' lang='lat' dir='ltr'><strong>sibi</strong></span> <span class='ocrx_word' id='word_1_461' title='bbox 612 4657 937 4722; x_wconf 87' lang='lat' dir='ltr'><strong>tribuentes,</strong></span> <span class='ocrx_word' id='word_1_462' title='bbox 982 4656 1136 4711; x_wconf 82' lang='lat' dir='ltr'><strong>valde</strong></span> <span class='ocrx_word' id='word_1_463' title='bbox 1186 4656 1317 4711; x_wconf 89' lang='lat' dir='ltr'><strong>illud</strong></span> <span class='ocrx_word' id='word_1_464' title='bbox 1368 4671 1560 4711; x_wconf 86' lang='lat' dir='ltr'><strong>cavere</strong></span> <span class='ocrx_word' id='word_1_465' title='bbox 1622 4672 1689 4711; x_wconf 90' lang='lat' dir='ltr'><strong>ne</strong></span> <span class='ocrx_word' id='word_1_466' title='bbox 1736 4656 2017 4711; x_wconf 82' lang='lat' dir='ltr'><strong>videantur</strong></span> 
     </span>
    </p>
   </div>
   <div class='ocr_carea' id='block_1_67' title="bbox 447 4750 2019 4817">
    <p class='ocr_par' dir='ltr' id='par_1_67' title="bbox 447 4750 2019 4817">
     <span class='ocr_line' id='line_1_67' title="bbox 447 4750 2019 4817; baseline -0.001 -14"><span class='ocrx_word' id='word_1_467' title='bbox 447 4751 853 4803; x_wconf 77' lang='lat' dir='ltr'><strong>altercationem</strong></span> <span class='ocrx_word' id='word_1_468' title='bbox 898 4751 1204 4815; x_wconf 76' lang='lat' dir='ltr'><strong>atl‘ectasse,</strong></span> <span class='ocrx_word' id='word_1_469' title='bbox 1240 4760 1292 4802; x_wconf 88' lang='lat' dir='ltr'><strong>et</strong></span> <span class='ocrx_word' id='word_1_470' title='bbox 1323 4750 1642 4805; x_wconf 80' lang='lat' dir='ltr'><strong>existimare</strong></span> <span class='ocrx_word' id='word_1_471' title='bbox 1674 4758 1827 4817; x_wconf 83' lang='lat' dir='ltr'><strong>turpe</strong></span> <span class='ocrx_word' id='word_1_472' title='bbox 1875 4763 2019 4815; x_wconf 84' lang='lat' dir='ltr'><strong>esse,</strong></span> 
     </span>
    </p>
   </div>
   <div class='ocr_carea' id='block_1_68' title="bbox 444 4841 2020 4913">
    <p class='ocr_par' dir='ltr' id='par_1_68' title="bbox 444 4841 2020 4913">
     <span class='ocr_line' id='line_1_68' title="bbox 444 4841 2020 4913; baseline 0 -19"><span class='ocrx_word' id='word_1_473' title='bbox 444 4843 613 4897; x_wconf 62' lang='lat' dir='ltr'><strong>videri</strong></span> <span class='ocrx_word' id='word_1_474' title='bbox 641 4856 699 4898; x_wconf 86' lang='lat' dir='ltr'><strong>se</strong></span> <span class='ocrx_word' id='word_1_475' title='bbox 724 4850 870 4895; x_wconf 82' lang='lat' dir='ltr'><strong>tanto</strong></span> <span class='ocrx_word' id='word_1_476' title='bbox 896 4853 1135 4913; x_wconf 81' lang='lat' dir='ltr'><strong>tempore</strong></span> <span class='ocrx_word' id='word_1_477' title='bbox 1168 4852 1415 4910; x_wconf 76' lang='lat' dir='ltr'><strong>nugatos,</strong></span> <span class='ocrx_word' id='word_1_478' title='bbox 1450 4851 1502 4895; x_wconf 74' lang='lat' dir='ltr'><strong>et</strong></span> <span class='ocrx_word' id='word_1_479' title='bbox 1531 4842 1871 4896; x_wconf 66' lang='lat' dir='ltr'><strong>verissimam</strong></span> <span class='ocrx_word' id='word_1_480' title='bbox 1898 4841 2020 4910; x_wconf 86' lang='lat' dir='ltr'><strong>opi-</strong></span> 
     </span>
    </p>
   </div>
   <div class='ocr_carea' id='block_1_69' title="bbox 447 4934 2021 5003">
    <p class='ocr_par' dir='ltr' id='par_1_69' title="bbox 447 4934 2021 5003">
     <span class='ocr_line' id='line_1_69' title="bbox 447 4934 2021 5003; baseline -0.007 -10"><span class='ocrx_word' id='word_1_481' title='bbox 447 4939 665 4993; x_wconf 87' lang='lat' dir='ltr'><strong>nionem</strong></span> <span class='ocrx_word' id='word_1_482' title='bbox 693 4938 1006 4999; x_wconf 81' lang='lat' dir='ltr'><strong>ittsectatos.</strong></span> <span class='ocrx_word' id='word_1_483' title='bbox 1035 4936 1371 5003; x_wconf 83' lang='lat' dir='ltr'><strong>fratrumque</strong></span> <span class='ocrx_word' id='word_1_484' title='bbox 1396 4934 1833 4987; x_wconf 82' lang='lat' dir='ltr'><strong>communionem</strong></span> <span class='ocrx_word' id='word_1_485' title='bbox 1868 4946 2021 4983; x_wconf 84' lang='lat' dir='ltr'><strong>aver-</strong></span> 
     </span>
    </p>
   </div>
   <div class='ocr_carea' id='block_1_70' title="bbox 444 5024 2017 5098">
    <p class='ocr_par' dir='ltr' id='par_1_70' title="bbox 444 5024 2017 5098">
     <span class='ocr_line' id='line_1_70' title="bbox 444 5024 2017 5098; baseline -0.008 -10"><span class='ocrx_word' id='word_1_486' title='bbox 444 5040 594 5089; x_wconf 82' lang='lat' dir='ltr'><strong>satos</strong></span> <span class='ocrx_word' id='word_1_487' title='bbox 630 5044 645 5082; x_wconf 90' lang='lat'><strong>:</strong></span> <span class='ocrx_word' id='word_1_488' title='bbox 684 5045 749 5083; x_wconf 74' lang='lat' dir='ltr'><strong>ex</strong></span> <span class='ocrx_word' id='word_1_489' title='bbox 780 5044 889 5098; x_wconf 89' lang='lat' dir='ltr'><strong>quo</strong></span> <span class='ocrx_word' id='word_1_490' title='bbox 921 5030 1091 5085; x_wconf 85' lang='lat' dir='ltr'><strong>multa</strong></span> <span class='ocrx_word' id='word_1_491' title='bbox 1138 5029 1255 5085; x_wconf 86' lang='lat' dir='ltr'><strong>illos</strong></span> <span class='ocrx_word' id='word_1_492' title='bbox 1299 5029 1435 5082; x_wconf 80' lang='lat' dir='ltr'><strong>mala</strong></span> <span class='ocrx_word' id='word_1_493' title='bbox 1473 5028 1677 5097; x_wconf 86' lang='lat' dir='ltr'><strong>perpeti</strong></span> <span class='ocrx_word' id='word_1_494' title='bbox 1707 5024 2017 5094; x_wconf 79' lang='lat' dir='ltr'><strong>contigerit,</strong></span> 
     </span>
    </p>
   </div>
   <div class='ocr_carea' id='block_1_71' title="bbox 444 5116 2017 5187">
    <p class='ocr_par' dir='ltr' id='par_1_71' title="bbox 444 5116 2017 5187">
     <span class='ocr_line' id='line_1_71' title="bbox 444 5116 2017 5187; baseline -0.006 -8"><span class='ocrx_word' id='word_1_495' title='bbox 444 5124 707 5179; x_wconf 88' lang='lat' dir='ltr'><strong>nimirum</strong></span> <span class='ocrx_word' id='word_1_496' title='bbox 770 5132 826 5177; x_wconf 92' lang='lat' dir='ltr'><strong>ut</strong></span> <span class='ocrx_word' id='word_1_497' title='bbox 876 5122 977 5177; x_wconf 90' lang='lat' dir='ltr'><strong>soli</strong></span> <span class='ocrx_word' id='word_1_498' title='bbox 1024 5131 1210 5175; x_wconf 90' lang='lat' dir='ltr'><strong>contra</strong></span> <span class='ocrx_word' id='word_1_499' title='bbox 1269 5121 1616 5187; x_wconf 72' lang='lat' dir='ltr'><strong>ingruentem</strong></span> <span class='ocrx_word' id='word_1_500' title='bbox 1679 5116 2017 5171; x_wconf 88' lang='lat' dir='ltr'><strong>inlidelitatis</strong></span> 
     </span>
    </p>
   </div>
   <div class='ocr_carea' id='block_1_72' title="bbox 442 5213 2019 5290">
    <p class='ocr_par' dir='ltr' id='par_1_72' title="bbox 442 5213 2019 5290">
     <span class='ocr_line' id='line_1_72' title="bbox 442 5213 2019 5290; baseline -0.008 -19"><span class='ocrx_word' id='word_1_501' title='bbox 442 5218 756 5271; x_wconf 68' lang='lat' dir='ltr'><strong>eluvionetn</strong></span> <span class='ocrx_word' id='word_1_502' title='bbox 799 5215 1006 5284; x_wconf 85' lang='lat' dir='ltr'><strong>absque</strong></span> <span class='ocrx_word' id='word_1_503' title='bbox 1037 5213 1200 5290; x_wconf 76' lang='lat' dir='ltr'><strong>sociis</strong></span> <span class='ocrx_word' id='word_1_504' title='bbox 1262 5214 1394 5265; x_wconf 60' lang='lat' dir='ltr'><strong>bella</strong></span> <span class='ocrx_word' id='word_1_505' title='bbox 1436 5225 1621 5280; x_wconf 82' lang='lat' dir='ltr'><strong>gerere</strong></span> <span class='ocrx_word' id='word_1_506' title='bbox 1679 5217 2019 5276; x_wconf 83' lang='lat' dir='ltr'><strong>cogerentur.</strong></span> 
     </span>
    </p>
   </div>
   <div class='ocr_carea' id='block_1_73' title="bbox 449 5299 2021 5378">
    <p class='ocr_par' dir='ltr' id='par_1_73' title="bbox 449 5299 2021 5378">
     <span class='ocr_line' id='line_1_73' title="bbox 449 5299 2021 5378; baseline -0.008 -15"><span class='ocrx_word' id='word_1_507' title='bbox 449 5307 725 5378; x_wconf 81' lang='lat' dir='ltr'><strong>Utrosque</strong></span> <span class='ocrx_word' id='word_1_508' title='bbox 774 5318 952 5361; x_wconf 87' lang='lat' dir='ltr'><strong>autem</strong></span> <span class='ocrx_word' id='word_1_509' title='bbox 990 5308 1190 5376; x_wconf 78' lang='lat' dir='ltr'><strong>pariter</strong></span> <span class='ocrx_word' id='word_1_510' title='bbox 1227 5306 1479 5359; x_wconf 74' lang='lat' dir='ltr'><strong>existimo</strong></span> <span class='ocrx_word' id='word_1_511' title='bbox 1535 5301 1806 5355; x_wconf 68' lang='lat' dir='ltr'><strong>declinare</strong></span> <span class='ocrx_word' id='word_1_512' title='bbox 1866 5299 2021 5367; x_wconf 85' lang='lat' dir='ltr'><strong>igno-</strong></span> 
     </span>
    </p>
   </div>
   <div class='ocr_carea' id='block_1_74' title="bbox 453 5397 2024 5463">
    <p class='ocr_par' dir='ltr' id='par_1_74' title="bbox 453 5397 2024 5463">
     <span class='ocr_line' id='line_1_74' title="bbox 453 5397 2024 5463; baseline -0.006 -13"><span class='ocrx_word' id='word_1_513' title='bbox 453 5397 699 5463; x_wconf 85' lang='lat' dir='ltr'><strong>miniam,</strong></span> <span class='ocrx_word' id='word_1_514' title='bbox 753 5400 799 5454; x_wconf 87' lang='lat' dir='ltr'><strong>si</strong></span> <span class='ocrx_word' id='word_1_515' title='bbox 840 5398 1221 5454; x_wconf 79' lang='lat' dir='ltr'><strong>devincantur</strong></span> <span class='ocrx_word' id='word_1_516' title='bbox 1264 5412 1275 5448; x_wconf 88' lang='lat'><strong>:</strong></span> <span class='ocrx_word' id='word_1_517' title='bbox 1313 5408 1475 5462; x_wconf 90' lang='lat' dir='ltr'><strong>quam</strong></span> <span class='ocrx_word' id='word_1_518' title='bbox 1545 5398 1733 5459; x_wconf 82' lang='lat' dir='ltr'><strong>putant</strong></span> <span class='ocrx_word' id='word_1_519' title='bbox 1782 5403 1903 5442; x_wconf 91' lang='lat' dir='ltr'><strong>cum</strong></span> <span class='ocrx_word' id='word_1_520' title='bbox 1958 5402 2024 5441; x_wconf 90' lang='lat' dir='ltr'><strong>eo</strong></span> 
     </span>
    </p>
   </div>
   <div class='ocr_carea' id='block_1_75' title="bbox 449 5486 2023 5561">
    <p class='ocr_par' dir='ltr' id='par_1_75' title="bbox 449 5486 2023 5561">
     <span class='ocr_line' id='line_1_75' title="bbox 449 5486 2023 5561; baseline -0.004 -18"><span class='ocrx_word' id='word_1_521' title='bbox 449 5490 824 5557; x_wconf 72' lang='lat' dir='ltr'><strong>coniunctam,</strong></span> <span class='ocrx_word' id='word_1_522' title='bbox 858 5493 1001 5561; x_wconf 87' lang='lat' dir='ltr'><strong>quod</strong></span> <span class='ocrx_word' id='word_1_523' title='bbox 1036 5498 1119 5545; x_wconf 88' lang='lat' dir='ltr'><strong>est</strong></span> <span class='ocrx_word' id='word_1_524' title='bbox 1178 5488 1469 5542; x_wconf 84' lang='lat' dir='ltr'><strong>veritatem</strong></span> <span class='ocrx_word' id='word_1_525' title='bbox 1494 5487 1790 5543; x_wconf 86' lang='lat' dir='ltr'><strong>addiseerc,</strong></span> <span class='ocrx_word' id='word_1_526' title='bbox 1837 5486 2023 5537; x_wconf 87' lang='lat' dir='ltr'><strong>ct&#39;de-</strong></span> 
     </span>
    </p>
   </div>
   <div class='ocr_carea' id='block_1_76' title="bbox 454 5580 2028 5648">
    <p class='ocr_par' dir='ltr' id='par_1_76' title="bbox 454 5580 2028 5648">
     <span class='ocr_line' id='line_1_76' title="bbox 454 5580 2028 5648; baseline 0.003 -20"><span class='ocrx_word' id='word_1_527' title='bbox 454 5584 662 5636; x_wconf 67' lang='lat' dir='ltr'><strong>discere</strong></span> <span class='ocrx_word' id='word_1_528' title='bbox 707 5584 1066 5637; x_wconf 69' lang='lat' dir='ltr'><strong>mendacium.</strong></span> <span class='ocrx_word' id='word_1_529' title='bbox 1106 5582 1487 5637; x_wconf 85' lang='lat' dir='ltr'><strong>Convenerunt</strong></span> <span class='ocrx_word' id='word_1_530' title='bbox 1527 5580 1669 5633; x_wconf 91' lang='lat' dir='ltr'><strong>enim</strong></span> <span class='ocrx_word' id='word_1_531' title='bbox 1706 5580 1936 5648; x_wconf 81' lang='lat' dir='ltr'><strong>utrique.</strong></span> <span class='ocrx_word' id='word_1_532' title='bbox 1970 5586 2028 5632; x_wconf 88' lang='lat' dir='ltr'><strong>ut</strong></span> 
     </span>
    </p>
   </div>
   <div class='ocr_carea' id='block_1_77' title="bbox 455 5672 2029 5743">
    <p class='ocr_par' dir='ltr' id='par_1_77' title="bbox 455 5672 2029 5743">
     <span class='ocr_line' id='line_1_77' title="bbox 455 5672 2029 5743; baseline 0.001 -20"><span class='ocrx_word' id='word_1_533' title='bbox 455 5673 639 5727; x_wconf 69' lang='lat' dir='ltr'><strong>videre</strong></span> <span class='ocrx_word' id='word_1_534' title='bbox 669 5677 817 5738; x_wconf 85' lang='lat' dir='ltr'><strong>licet,</strong></span> <span class='ocrx_word' id='word_1_535' title='bbox 848 5690 907 5727; x_wconf 91' lang='lat' dir='ltr'><strong>ca</strong></span> <span class='ocrx_word' id='word_1_536' title='bbox 942 5691 1052 5743; x_wconf 89' lang='lat' dir='ltr'><strong>spe,</strong></span> <span class='ocrx_word' id='word_1_537' title='bbox 1084 5688 1143 5730; x_wconf 88' lang='lat' dir='ltr'><strong>nt</strong></span> <span class='ocrx_word' id='word_1_538' title='bbox 1187 5676 1319 5729; x_wconf 84' lang='lat' dir='ltr'><strong>alios</strong></span> <span class='ocrx_word' id='word_1_539' title='bbox 1348 5674 1571 5727; x_wconf 82' lang='lat' dir='ltr'><strong>doceant</strong></span> <span class='ocrx_word' id='word_1_540' title='bbox 1624 5672 1823 5739; x_wconf 80' lang='lat' dir='ltr'><strong>potius.</strong></span> <span class='ocrx_word' id='word_1_541' title='bbox 1872 5681 2029 5740; x_wconf 84' lang='lat' dir='ltr'><strong>atque</strong></span> 
     </span>
    </p>
   </div>
   <div class='ocr_carea' id='block_1_78' title="bbox 460 5762 2025 5834">
    <p class='ocr_par' dir='ltr' id='par_1_78' title="bbox 460 5762 2025 5834">
     <span class='ocr_line' id='line_1_78' title="bbox 460 5762 2025 5834; baseline -0.002 -18"><span class='ocrx_word' id='word_1_542' title='bbox 460 5762 526 5816; x_wconf 81' lang='lat' dir='ltr'><strong>ad</strong></span> <span class='ocrx_word' id='word_1_543' title='bbox 563 5779 717 5820; x_wconf 80' lang='lat' dir='ltr'><strong>suam</strong></span> <span class='ocrx_word' id='word_1_544' title='bbox 772 5767 1056 5819; x_wconf 74' lang='lat' dir='ltr'><strong>traducunt</strong></span> <span class='ocrx_word' id='word_1_545' title='bbox 1113 5768 1457 5822; x_wconf 70' lang='lat' dir='ltr'><strong>sententiam.</strong></span> <span class='ocrx_word' id='word_1_546' title='bbox 1496 5767 1602 5834; x_wconf 47' lang='lat' dir='ltr'><strong>ligo</strong></span> <span class='ocrx_word' id='word_1_547' title='bbox 1639 5781 1761 5817; x_wconf 78' lang='lat' dir='ltr'><strong>vero</strong></span> <span class='ocrx_word' id='word_1_548' title='bbox 1802 5763 2025 5818; x_wconf 69' lang='lat' dir='ltr'><strong>dixerim</strong></span> 
     </span>
    </p>
   </div>
   <div class='ocr_carea' id='block_1_79' title="bbox 2108 1926 3677 2003">
    <p class='ocr_par' dir='ltr' id='par_1_79' title="bbox 2108 1926 3677 2003">
     <span class='ocr_line' id='line_1_79' title="bbox 2108 1926 3677 2003; baseline -0.005 -18"><span class='ocrx_word' id='word_1_549' title='bbox 2108 1934 2405 2003; x_wconf 82' lang='grc' dir='ltr'>ταχέαντας</span> <span class='ocrx_word' id='word_1_550' title='bbox 2465 1931 2791 2002; x_wconf 85' lang='grc' dir='ltr'>Ἐκκλησίας</span> <span class='ocrx_word' id='word_1_551' title='bbox 2844 1929 3051 1982; x_wconf 77' lang='grc' dir='ltr'>οἴεσθαί</span> <span class='ocrx_word' id='word_1_552' title='bbox 3098 1946 3151 1979; x_wconf 82' lang='grc' dir='ltr'><strong>τι</strong></span> <span class='ocrx_word' id='word_1_553' title='bbox 3207 1926 3677 1996; x_wconf 72' lang='grc' dir='ltr'>κατωρθωκίναι·</span> 
     </span>
    </p>
   </div>
   <div class='ocr_carea' id='block_1_80' title="bbox 2110 2014 3681 2092">
    <p class='ocr_par' dir='ltr' id='par_1_80' title="bbox 2110 2014 3681 2092">
     <span class='ocr_line' id='line_1_80' title="bbox 2110 2014 3681 2092; baseline -0.004 -17"><span class='ocrx_word' id='word_1_554' title='bbox 2110 2025 2201 2075; x_wconf 79' lang='grc' dir='ltr'>καὶ</span> <span class='ocrx_word' id='word_1_555' title='bbox 2230 2024 2289 2074; x_wconf 85' lang='grc' dir='ltr'>τὸ</span> <span class='ocrx_word' id='word_1_556' title='bbox 2315 2024 2375 2091; x_wconf 82' lang='grc' dir='ltr'>δὴ</span> <span class='ocrx_word' id='word_1_557' title='bbox 2401 2023 2673 2092; x_wconf 77' lang='grc' dir='ltr'>χείριστον</span> <span class='ocrx_word' id='word_1_558' title='bbox 2704 2023 2979 2080; x_wconf 80' lang='grc' dir='ltr'>ἁπάντων,</span> <span class='ocrx_word' id='word_1_559' title='bbox 3016 2020 3211 2085; x_wconf 75' lang='grc' dir='ltr'>ἄδηλον</span> <span class='ocrx_word' id='word_1_560' title='bbox 3248 2014 3410 2081; x_wconf 71' lang='grc' dir='ltr'>εἶναι,</span> <span class='ocrx_word' id='word_1_561' title='bbox 3445 2019 3681 2087; x_wconf 75' lang='grc' dir='ltr'>πότερον</span> 
     </span>
    </p>
   </div>
   <div class='ocr_carea' id='block_1_81' title="bbox 2108 2111 3686 2186">
    <p class='ocr_par' dir='ltr' id='par_1_81' title="bbox 2108 2111 3686 2186">
     <span class='ocr_line' id='line_1_81' title="bbox 2108 2111 3686 2186; baseline -0.004 -19"><span class='ocrx_word' id='word_1_562' title='bbox 2108 2115 2182 2179; x_wconf 86' lang='grc' dir='ltr'><strong>ὡς</strong></span> <span class='ocrx_word' id='word_1_563' title='bbox 2234 2116 2373 2186; x_wconf 79' lang='grc' dir='ltr'>ὑπὲρ</span> <span class='ocrx_word' id='word_1_564' title='bbox 2422 2115 2724 2186; x_wconf 78' lang='grc' dir='ltr'>ὀρθοδόξων</span> <span class='ocrx_word' id='word_1_565' title='bbox 2772 2114 3031 2183; x_wconf 77' lang='grc' dir='ltr'>εθχεσθαι</span> <span class='ocrx_word' id='word_1_566' title='bbox 3085 2114 3166 2166; x_wconf 89' lang='grc' dir='ltr'><strong>δεῖ</strong></span> <span class='ocrx_word' id='word_1_567' title='bbox 3221 2112 3331 2165; x_wconf 85' lang='grc' dir='ltr'><strong>τῶν</strong></span> <span class='ocrx_word' id='word_1_568' title='bbox 3389 2111 3686 2181; x_wconf 78' lang='grc' dir='ltr'>ἡμετέρων</span> 
     </span>
    </p>
   </div>
   <div class='ocr_carea' id='block_1_82' title="bbox 2111 2202 3682 2277">
    <p class='ocr_par' dir='ltr' id='par_1_82' title="bbox 2111 2202 3682 2277">
     <span class='ocr_line' id='line_1_82' title="bbox 2111 2202 3682 2277; baseline -0.004 -17"><span class='ocrx_word' id='word_1_569' title='bbox 2111 2208 2408 2277; x_wconf 88' lang='grc' dir='ltr'>προγόνων,</span> <span class='ocrx_word' id='word_1_570' title='bbox 2444 2209 2535 2259; x_wconf 67' lang='grc' dir='ltr'><strong>καὶ</strong></span> <span class='ocrx_word' id='word_1_571' title='bbox 2565 2204 2664 2268; x_wconf 65' lang='grc' dir='ltr'><strong>τὰς</strong></span> <span class='ocrx_word' id='word_1_572' title='bbox 2689 2206 3042 2273; x_wconf 77' lang='grc' dir='ltr'>ὀφειλομένας</span> <span class='ocrx_word' id='word_1_573' title='bbox 3073 2204 3259 2265; x_wconf 82' lang='grc' dir='ltr'>αὐτοῖς</span> <span class='ocrx_word' id='word_1_574' title='bbox 3312 2202 3682 2271; x_wconf 73' lang='grc' dir='ltr'>ἀφοσιοῦσθαι</span> 
     </span>
    </p>
   </div>
   <div class='ocr_carea' id='block_1_83' title="bbox 2108 2291 3682 2368">
    <p class='ocr_par' dir='ltr' id='par_1_83' title="bbox 2108 2291 3682 2368">
     <span class='ocr_line' id='line_1_83' title="bbox 2108 2291 3682 2368; baseline -0.007 -17"><span class='ocrx_word' id='word_1_575' title='bbox 2108 2299 2296 2367; x_wconf 82' lang='grc' dir='ltr'>τιμὰς,</span> <span class='ocrx_word' id='word_1_576' title='bbox 2330 2299 2362 2368; x_wconf 83' lang='grc' dir='ltr'>ἢ</span> <span class='ocrx_word' id='word_1_577' title='bbox 2401 2297 2476 2360; x_wconf 83' lang='grc' dir='ltr'><strong>ὡς</strong></span> <span class='ocrx_word' id='word_1_578' title='bbox 2516 2296 2810 2365; x_wconf 84' lang='grc' dir='ltr'>αίρετικῶν</span> <span class='ocrx_word' id='word_1_579' title='bbox 2838 2297 2933 2349; x_wconf 72' lang='grc' dir='ltr'>καὶ</span> <span class='ocrx_word' id='word_1_580' title='bbox 2965 2294 3047 2363; x_wconf 80' lang='grc' dir='ltr'>τῷ</span> <span class='ocrx_word' id='word_1_581' title='bbox 3067 2294 3254 2363; x_wconf 81' lang='grc' dir='ltr'>ψεύδει</span> <span class='ocrx_word' id='word_1_582' title='bbox 3286 2291 3682 2361; x_wconf 74' lang='grc' dir='ltr'>συμϐεϐιωκὸ-</span> 
     </span>
    </p>
   </div>
   <div class='ocr_carea' id='block_1_84' title="bbox 2107 2380 3689 2459">
    <p class='ocr_par' dir='ltr' id='par_1_84' title="bbox 2107 2380 3689 2459">
     <span class='ocr_line' id='line_1_84' title="bbox 2107 2380 3689 2459; baseline -0.008 -17"><span class='ocrx_word' id='word_1_583' title='bbox 2107 2407 2215 2443; x_wconf 91' lang='grc' dir='ltr'><strong>των</strong></span> <span class='ocrx_word' id='word_1_584' title='bbox 2259 2391 2645 2459; x_wconf 71' lang='grc' dir='ltr'>καταφρονεῖν,</span> <span class='ocrx_word' id='word_1_585' title='bbox 2701 2386 2802 2457; x_wconf 77' lang='grc' dir='ltr'>τὴν</span> <span class='ocrx_word' id='word_1_586' title='bbox 2850 2386 3032 2441; x_wconf 81' lang='grc' dir='ltr'>αὐτῶν</span> <span class='ocrx_word' id='word_1_587' title='bbox 3084 2384 3358 2453; x_wconf 74' lang='grc' dir='ltr'>σωτηρίαν</span> <span class='ocrx_word' id='word_1_588' title='bbox 3406 2380 3689 2448; x_wconf 79' lang='grc' dir='ltr'>ἀπογινώ-</span> 
     </span>
    </p>
   </div>
   <div class='ocr_carea' id='block_1_85' title="bbox 2111 2472 3688 2550">
    <p class='ocr_par' dir='ltr' id='par_1_85' title="bbox 2111 2472 3688 2550">
     <span class='ocr_line' id='line_1_85' title="bbox 2111 2472 3688 2550; baseline -0.004 -16"><span class='ocrx_word' id='word_1_589' title='bbox 2111 2498 2358 2546; x_wconf 87' lang='grc' dir='ltr'>σκοντας,</span> <span class='ocrx_word' id='word_1_590' title='bbox 2392 2481 2485 2533; x_wconf 73' lang='grc' dir='ltr'>καὶ</span> <span class='ocrx_word' id='word_1_591' title='bbox 2513 2480 2612 2550; x_wconf 81' lang='grc' dir='ltr'>τὴν</span> <span class='ocrx_word' id='word_1_592' title='bbox 2651 2479 2832 2531; x_wconf 84' lang='grc' dir='ltr'>αὐτῶν</span> <span class='ocrx_word' id='word_1_593' title='bbox 2865 2478 3108 2540; x_wconf 79' lang='grc' dir='ltr'>ἐκείνους</span> <span class='ocrx_word' id='word_1_594' title='bbox 3144 2476 3329 2545; x_wconf 80' lang='grc' dir='ltr'>σχέσιν</span> <span class='ocrx_word' id='word_1_595' title='bbox 3372 2472 3688 2542; x_wconf 74' lang='grc' dir='ltr'>ἀρνεῖσθαι.</span> 
     </span>
    </p>
   </div>
   <div class='ocr_carea' id='block_1_86' title="bbox 2108 2565 3689 2641">
    <p class='ocr_par' dir='ltr' id='par_1_86' title="bbox 2108 2565 3689 2641">
     <span class='ocr_line' id='line_1_86' title="bbox 2108 2565 3689 2641; baseline -0.006 -17"><span class='ocrx_word' id='word_1_596' title='bbox 2108 2572 2173 2626; x_wconf 73' lang='lat' dir='ltr'><strong>Ei</strong></span> <span class='ocrx_word' id='word_1_597' title='bbox 2214 2573 2312 2640; x_wconf 85' lang='grc' dir='ltr'>μὲν</span> <span class='ocrx_word' id='word_1_598' title='bbox 2368 2572 2476 2641; x_wconf 73' lang='grc' dir='ltr'><strong>γὰρ</strong></span> <span class='ocrx_word' id='word_1_599' title='bbox 2521 2570 2882 2639; x_wconf 68' lang='grc' dir='ltr'>ἐπιστεύομεν</span> <span class='ocrx_word' id='word_1_600' title='bbox 2944 2570 3103 2639; x_wconf 77' lang='grc' dir='ltr'>μόνον</span> <span class='ocrx_word' id='word_1_601' title='bbox 3168 2568 3262 2620; x_wconf 69' lang='grc' dir='ltr'>καὶ</span> <span class='ocrx_word' id='word_1_602' title='bbox 3306 2569 3370 2620; x_wconf 84' lang='grc' dir='ltr'>ὲκ</span> <span class='ocrx_word' id='word_1_603' title='bbox 3420 2565 3509 2618; x_wconf 76' lang='grc' dir='ltr'>τοῦ</span> <span class='ocrx_word' id='word_1_604' title='bbox 3549 2566 3689 2617; x_wconf 79' lang='grc' dir='ltr'>Υίοῦ</span> 
     </span>
    </p>
   </div>
   <div class='ocr_carea' id='block_1_87' title="bbox 2110 2657 3691 2734">
    <p class='ocr_par' dir='ltr' id='par_1_87' title="bbox 2110 2657 3691 2734">
     <span class='ocr_line' id='line_1_87' title="bbox 2110 2657 3691 2734; baseline -0.004 -19"><span class='ocrx_word' id='word_1_605' title='bbox 2110 2664 2357 2734; x_wconf 80' lang='grc' dir='ltr'>προϊέναι</span> <span class='ocrx_word' id='word_1_606' title='bbox 2412 2664 2473 2717; x_wconf 84' lang='grc' dir='ltr'>τὸ</span> <span class='ocrx_word' id='word_1_607' title='bbox 2534 2662 2783 2733; x_wconf 78' lang='grc' dir='ltr'>Πνεῦμα,</span> <span class='ocrx_word' id='word_1_608' title='bbox 2826 2662 2899 2731; x_wconf 81' lang='grc' dir='ltr'>μὴ</span> <span class='ocrx_word' id='word_1_609' title='bbox 2968 2661 3177 2733; x_wconf 77' lang='grc' dir='ltr'>προσῆν</span> <span class='ocrx_word' id='word_1_610' title='bbox 3230 2659 3286 2712; x_wconf 83' lang='grc' dir='ltr'>δὲ</span> <span class='ocrx_word' id='word_1_611' title='bbox 3346 2660 3438 2711; x_wconf 71' lang='grc' dir='ltr'>καὶ</span> <span class='ocrx_word' id='word_1_612' title='bbox 3494 2659 3528 2725; x_wconf 77' lang='grc' dir='ltr'>ἡ</span> <span class='ocrx_word' id='word_1_613' title='bbox 3584 2657 3691 2722; x_wconf 72' lang='grc' dir='ltr'>τῆς</span> 
     </span>
    </p>
   </div>
   <div class='ocr_carea' id='block_1_88' title="bbox 2108 2745 3692 2824">
    <p class='ocr_par' dir='ltr' id='par_1_88' title="bbox 2108 2745 3692 2824">
     <span class='ocr_line' id='line_1_88' title="bbox 2108 2745 3692 2824; baseline -0.004 -19"><span class='ocrx_word' id='word_1_614' title='bbox 2108 2756 2357 2824; x_wconf 85' lang='grc' dir='ltr'>γλώττης</span> <span class='ocrx_word' id='word_1_615' title='bbox 2411 2755 2707 2823; x_wconf 79' lang='grc' dir='ltr'>ὁμολογία,</span> <span class='ocrx_word' id='word_1_616' title='bbox 2762 2754 2989 2807; x_wconf 85' lang='grc' dir='ltr'>ἀνεκτὸν</span> <span class='ocrx_word' id='word_1_617' title='bbox 3042 2751 3111 2803; x_wconf 82' lang='grc' dir='ltr'>ἂν</span> <span class='ocrx_word' id='word_1_618' title='bbox 3166 2745 3235 2821; x_wconf 76' lang='grc' dir='ltr'>ἦν</span> <span class='ocrx_word' id='word_1_619' title='bbox 3297 2748 3458 2815; x_wconf 75' lang='grc' dir='ltr'>δόξαν</span> <span class='ocrx_word' id='word_1_620' title='bbox 3522 2748 3692 2816; x_wconf 75' lang='grc' dir='ltr'>δόξης</span> 
     </span>
    </p>
   </div>
   <div class='ocr_carea' id='block_1_89' title="bbox 2108 2842 3693 2917">
    <p class='ocr_par' dir='ltr' id='par_1_89' title="bbox 2108 2842 3693 2917">
     <span class='ocr_line' id='line_1_89' title="bbox 2108 2842 3693 2917; baseline -0.006 -15"><span class='ocrx_word' id='word_1_621' title='bbox 2108 2847 2451 2902; x_wconf 72' lang='grc' dir='ltr'>ἀντιλαϐεῖν·</span> <span class='ocrx_word' id='word_1_622' title='bbox 2491 2846 2762 2917; x_wconf 72' lang='grc' dir='ltr'>ἐνδέχεται</span> <span class='ocrx_word' id='word_1_623' title='bbox 2791 2846 2901 2915; x_wconf 77' lang='grc' dir='ltr'><strong>γὰρ</strong></span> <span class='ocrx_word' id='word_1_624' title='bbox 2933 2848 3027 2899; x_wconf 76' lang='grc' dir='ltr'>καὶ</span> <span class='ocrx_word' id='word_1_625' title='bbox 3063 2845 3190 2898; x_wconf 83' lang='grc' dir='ltr'>ἄλλο</span> <span class='ocrx_word' id='word_1_626' title='bbox 3224 2860 3277 2896; x_wconf 90' lang='grc' dir='ltr'><strong>τι</strong></span> <span class='ocrx_word' id='word_1_627' title='bbox 3330 2843 3443 2894; x_wconf 87' lang='grc' dir='ltr'><strong>τῶν</strong></span> <span class='ocrx_word' id='word_1_628' title='bbox 3484 2842 3544 2893; x_wconf 71' lang='grc' dir='ltr'>οὗ</span> <span class='ocrx_word' id='word_1_629' title='bbox 3580 2859 3693 2893; x_wconf 74' lang='grc' dir='ltr'>καο</span> 
     </span>
    </p>
   </div>
   <div class='ocr_carea' id='block_1_90' title="bbox 2108 2932 3690 3009">
    <p class='ocr_par' dir='ltr' id='par_1_90' title="bbox 2108 2932 3690 3009">
     <span class='ocr_line' id='line_1_90' title="bbox 2108 2932 3690 3009; baseline -0.003 -19"><span class='ocrx_word' id='word_1_630' title='bbox 2108 2940 2215 2992; x_wconf 85' lang='grc' dir='ltr'><strong>λῶν</strong></span> <span class='ocrx_word' id='word_1_631' title='bbox 2265 2937 2403 3007; x_wconf 87' lang='grc' dir='ltr'><strong>μετά</strong></span> <span class='ocrx_word' id='word_1_632' title='bbox 2448 2938 2508 2990; x_wconf 77' lang='grc' dir='ltr'><strong>τὸ</strong></span> <span class='ocrx_word' id='word_1_633' title='bbox 2566 2938 2769 3009; x_wconf 84' lang='grc' dir='ltr'>σχίσμα</span> <span class='ocrx_word' id='word_1_634' title='bbox 2817 2936 3145 3001; x_wconf 79' lang='grc' dir='ltr'>δοξάσαντας</span> <span class='ocrx_word' id='word_1_635' title='bbox 3197 2934 3517 3001; x_wconf 76' lang='grc' dir='ltr'>ἑκατέρους,</span> <span class='ocrx_word' id='word_1_636' title='bbox 3583 2932 3690 2986; x_wconf 79' lang='grc' dir='ltr'>νῦν</span> 
     </span>
    </p>
   </div>
   <div class='ocr_carea' id='block_1_91' title="bbox 2109 3026 3691 3100">
    <p class='ocr_par' dir='ltr' id='par_1_91' title="bbox 2109 3026 3691 3100">
     <span class='ocr_line' id='line_1_91' title="bbox 2109 3026 3691 3100; baseline -0.004 -17"><span class='ocrx_word' id='word_1_637' title='bbox 2109 3030 2405 3083; x_wconf 78' lang='grc' dir='ltr'>ἀποθέσθαι</span> <span class='ocrx_word' id='word_1_638' title='bbox 2457 3029 2617 3082; x_wconf 80' lang='grc' dir='ltr'>τοῦτο</span> <span class='ocrx_word' id='word_1_639' title='bbox 2666 3030 2796 3100; x_wconf 86' lang='grc' dir='ltr'>παρ’</span> <span class='ocrx_word' id='word_1_640' title='bbox 2842 3028 3090 3099; x_wconf 79' lang='grc' dir='ltr'>ἀλλήλων</span> <span class='ocrx_word' id='word_1_641' title='bbox 3134 3026 3538 3095; x_wconf 78' lang='grc' dir='ltr'>ὠφεληθέντας.</span> <span class='ocrx_word' id='word_1_642' title='bbox 3590 3026 3691 3076; x_wconf 78' lang='grc' dir='ltr'>καὶ</span> 
     </span>
    </p>
   </div>
   <div class='ocr_carea' id='block_1_92' title="bbox 2107 3117 3691 3191">
    <p class='ocr_par' dir='ltr' id='par_1_92' title="bbox 2107 3117 3691 3191">
     <span class='ocr_line' id='line_1_92' title="bbox 2107 3117 3691 3191; baseline -0.004 -17"><span class='ocrx_word' id='word_1_643' title='bbox 2107 3124 2208 3191; x_wconf 72' lang='grc' dir='ltr'>τὴν</span> <span class='ocrx_word' id='word_1_644' title='bbox 2237 3122 2499 3191; x_wconf 75' lang='grc' dir='ltr'>αἰσχύνην</span> <span class='ocrx_word' id='word_1_645' title='bbox 2528 3121 2614 3191; x_wconf 78' lang='grc' dir='ltr'>μὴ</span> <span class='ocrx_word' id='word_1_646' title='bbox 2661 3123 2945 3191; x_wconf 88' lang='grc' dir='ltr'>προσεῖναι</span> <span class='ocrx_word' id='word_1_647' title='bbox 2986 3122 3054 3189; x_wconf 78' lang='grc' dir='ltr'><strong>τῇ</strong></span> <span class='ocrx_word' id='word_1_648' title='bbox 3111 3118 3418 3188; x_wconf 79' lang='grc' dir='ltr'>μεταθέσει,</span> <span class='ocrx_word' id='word_1_649' title='bbox 3447 3117 3546 3169; x_wconf 65' lang='lat' dir='ltr'><strong>an</strong></span> <span class='ocrx_word' id='word_1_650' title='bbox 3579 3134 3691 3185; x_wconf 87' lang='grc' dir='ltr'>μη-</span> 
     </span>
    </p>
   </div>
   <div class='ocr_carea' id='block_1_93' title="bbox 2108 3210 3691 3283">
    <p class='ocr_par' dir='ltr' id='par_1_93' title="bbox 2108 3210 3691 3283">
     <span class='ocr_line' id='line_1_93' title="bbox 2108 3210 3691 3283; baseline -0.003 -18"><span class='ocrx_word' id='word_1_651' title='bbox 2108 3214 2339 3283; x_wconf 74' lang='grc' dir='ltr'>δετέρων</span> <span class='ocrx_word' id='word_1_652' title='bbox 2389 3213 2465 3276; x_wconf 85' lang='grc' dir='ltr'><strong>ὡς</strong></span> <span class='ocrx_word' id='word_1_653' title='bbox 2512 3212 2768 3281; x_wconf 84' lang='grc' dir='ltr'>ἀκίνητόν</span> <span class='ocrx_word' id='word_1_654' title='bbox 2814 3229 2867 3265; x_wconf 89' lang='grc' dir='ltr'><strong>τι</strong></span> <span class='ocrx_word' id='word_1_655' title='bbox 2920 3212 3017 3265; x_wconf 73' lang='grc' dir='ltr'>καὶ</span> <span class='ocrx_word' id='word_1_656' title='bbox 3070 3212 3205 3281; x_wconf 83' lang='grc' dir='ltr'>πρὸς</span> <span class='ocrx_word' id='word_1_657' title='bbox 3259 3211 3358 3279; x_wconf 69' lang='grc' dir='ltr'>τὴν</span> <span class='ocrx_word' id='word_1_658' title='bbox 3404 3210 3691 3276; x_wconf 77' lang='grc' dir='ltr'>σωτηρίαν</span> 
     </span>
    </p>
   </div>
   <div class='ocr_carea' id='block_1_94' title="bbox 2109 3298 3692 3371">
    <p class='ocr_par' dir='ltr' id='par_1_94' title="bbox 2109 3298 3692 3371">
     <span class='ocr_line' id='line_1_94' title="bbox 2109 3298 3692 3371; baseline -0.003 -15"><span class='ocrx_word' id='word_1_659' title='bbox 2109 3305 2406 3370; x_wconf 83' lang='grc' dir='ltr'>ἀναγκαῖον</span> <span class='ocrx_word' id='word_1_660' title='bbox 2456 3303 2774 3371; x_wconf 76' lang='grc' dir='ltr'>ἐγνωκότων</span> <span class='ocrx_word' id='word_1_661' title='bbox 2803 3301 3189 3370; x_wconf 78' lang='grc' dir='ltr'>διαφυλάττειν</span> <span class='ocrx_word' id='word_1_662' title='bbox 3218 3316 3232 3331; x_wconf 75' lang='grc'><strong><em>⁸</em></strong></span> <span class='ocrx_word' id='word_1_663' title='bbox 3262 3300 3323 3369; x_wconf 75' lang='grc' dir='ltr'>οὗ</span> <span class='ocrx_word' id='word_1_664' title='bbox 3360 3303 3592 3370; x_wconf 85' lang='grc' dir='ltr'>σημεῖον</span> <span class='ocrx_word' id='word_1_665' title='bbox 3622 3298 3692 3352; x_wconf 82' lang='grc' dir='ltr'>τὸ</span> 
     </span>
    </p>
   </div>
   <div class='ocr_carea' id='block_1_95' title="bbox 2111 3386 3691 3465">
    <p class='ocr_par' dir='ltr' id='par_1_95' title="bbox 2111 3386 3691 3465">
     <span class='ocr_line' id='line_1_95' title="bbox 2111 3386 3691 3465; baseline -0.001 -18"><span class='ocrx_word' id='word_1_666' title='bbox 2111 3395 2232 3463; x_wconf 82' lang='grc' dir='ltr'>μηδ’</span> <span class='ocrx_word' id='word_1_667' title='bbox 2264 3397 2321 3447; x_wconf 82' lang='grc' dir='ltr'>ὲν</span> <span class='ocrx_word' id='word_1_668' title='bbox 2348 3396 2412 3465; x_wconf 77' lang='grc' dir='ltr'><strong>τῇ</strong></span> <span class='ocrx_word' id='word_1_669' title='bbox 2441 3396 2540 3463; x_wconf 79' lang='grc' dir='ltr'>τῆς</span> <span class='ocrx_word' id='word_1_670' title='bbox 2569 3396 2803 3456; x_wconf 81' lang='grc' dir='ltr'>πίστεως</span> <span class='ocrx_word' id='word_1_671' title='bbox 2831 3393 3092 3464; x_wconf 82' lang='grc' dir='ltr'>ὁμολογίᾳ</span> <span class='ocrx_word' id='word_1_672' title='bbox 3123 3396 3233 3456; x_wconf 81' lang='grc' dir='ltr'>τοῖς</span> <span class='ocrx_word' id='word_1_673' title='bbox 3258 3386 3431 3455; x_wconf 75' lang='grc' dir='ltr'>οὕτως</span> <span class='ocrx_word' id='word_1_674' title='bbox 3462 3393 3691 3461; x_wconf 72' lang='grc' dir='ltr'>ἔχουσιν</span> 
     </span>
    </p>
   </div>
   <div class='ocr_carea' id='block_1_96' title="bbox 2108 3474 3693 3553">
    <p class='ocr_par' dir='ltr' id='par_1_96' title="bbox 2108 3474 3693 3553">
     <span class='ocr_line' id='line_1_96' title="bbox 2108 3474 3693 3553; baseline 0.001 -18"><span class='ocrx_word' id='word_1_675' title='bbox 2108 3485 2238 3535; x_wconf 82' lang='grc' dir='ltr'>αὐτὸ</span> <span class='ocrx_word' id='word_1_676' title='bbox 2304 3485 2704 3553; x_wconf 71' lang='grc' dir='ltr'>συνομολογεῖν.</span> <span class='ocrx_word' id='word_1_677' title='bbox 2780 3474 2933 3537; x_wconf 74' lang='grc' dir='ltr'>Ἐπεὶ</span> <span class='ocrx_word' id='word_1_678' title='bbox 2986 3484 3041 3538; x_wconf 78' lang='grc' dir='ltr'>δὲ</span> <span class='ocrx_word' id='word_1_679' title='bbox 3094 3484 3191 3553; x_wconf 80' lang='grc' dir='ltr'>τὴν</span> <span class='ocrx_word' id='word_1_680' title='bbox 3242 3486 3349 3536; x_wconf 87' lang='grc' dir='ltr'><strong>τῶν</strong></span> <span class='ocrx_word' id='word_1_681' title='bbox 3403 3485 3693 3553; x_wconf 80' lang='grc' dir='ltr'>ἀκινήτων</span> 
     </span>
    </p>
   </div>
   <div class='ocr_carea' id='block_1_97' title="bbox 2108 3573 3691 3646">
    <p class='ocr_par' dir='ltr' id='par_1_97' title="bbox 2108 3573 3691 3646">
     <span class='ocr_line' id='line_1_97' title="bbox 2108 3573 3691 3646; baseline -0.001 -20"><span class='ocrx_word' id='word_1_682' title='bbox 2108 3574 2395 3643; x_wconf 84' lang='grc' dir='ltr'>δογμάτων</span> <span class='ocrx_word' id='word_1_683' title='bbox 2432 3576 2532 3644; x_wconf 80' lang='grc' dir='ltr'>τῆς</span> <span class='ocrx_word' id='word_1_684' title='bbox 2562 3578 2802 3638; x_wconf 84' lang='grc' dir='ltr'>πίστεως</span> <span class='ocrx_word' id='word_1_685' title='bbox 2837 3574 2971 3646; x_wconf 67' lang='grc' dir='ltr'>παρῖ</span> <span class='ocrx_word' id='word_1_686' title='bbox 3010 3575 3170 3644; x_wconf 84' lang='grc' dir='ltr'>ἡμῶν</span> <span class='ocrx_word' id='word_1_687' title='bbox 3199 3573 3471 3642; x_wconf 77' lang='grc' dir='ltr'>ἀπείληφε</span> <span class='ocrx_word' id='word_1_688' title='bbox 3504 3574 3691 3638; x_wconf 75' lang='grc' dir='ltr'>τάξιν,</span> 
     </span>
    </p>
   </div>
   <div class='ocr_carea' id='block_1_98' title="bbox 2110 3666 3695 3736">
    <p class='ocr_par' dir='ltr' id='par_1_98' title="bbox 2110 3666 3695 3736">
     <span class='ocr_line' id='line_1_98' title="bbox 2110 3666 3695 3736; baseline 0.002 -16"><span class='ocrx_word' id='word_1_689' title='bbox 2110 3667 2203 3720; x_wconf 76' lang='grc' dir='ltr'>καὶ</span> <span class='ocrx_word' id='word_1_690' title='bbox 2244 3667 2419 3736; x_wconf 75' lang='grc' dir='ltr'>πάσης</span> <span class='ocrx_word' id='word_1_691' title='bbox 2467 3666 2594 3722; x_wconf 76' lang='grc' dir='ltr'>ἄνευ</span> <span class='ocrx_word' id='word_1_692' title='bbox 2639 3667 2967 3736; x_wconf 78' lang='grc' dir='ltr'>ἀμφιϐολίας</span> <span class='ocrx_word' id='word_1_693' title='bbox 3001 3666 3280 3727; x_wconf 87' lang='grc' dir='ltr'>τοσούτοις</span> <span class='ocrx_word' id='word_1_694' title='bbox 3326 3666 3423 3735; x_wconf 73' lang='grc' dir='ltr'>ἤδη</span> <span class='ocrx_word' id='word_1_695' title='bbox 3472 3668 3695 3735; x_wconf 75' lang='grc' dir='ltr'>χρόνοις</span> 
     </span>
    </p>
   </div>
   <div class='ocr_carea' id='block_1_99' title="bbox 2111 3757 3699 3831">
    <p class='ocr_par' dir='ltr' id='par_1_99' title="bbox 2111 3757 3699 3831">
     <span class='ocr_line' id='line_1_99' title="bbox 2111 3757 3699 3831; baseline -0.008 -16"><span class='ocrx_word' id='word_1_696' title='bbox 2111 3761 2463 3831; x_wconf 83' lang='grc' dir='ltr'>κηρύττεται,</span> <span class='ocrx_word' id='word_1_697' title='bbox 2495 3760 2570 3823; x_wconf 81' lang='grc' dir='ltr'>ὡς</span> <span class='ocrx_word' id='word_1_698' title='bbox 2607 3760 2730 3828; x_wconf 79' lang='grc' dir='ltr'>μηδ’</span> <span class='ocrx_word' id='word_1_699' title='bbox 2761 3760 2959 3813; x_wconf 80' lang='grc' dir='ltr'>είδέναι</span> <span class='ocrx_word' id='word_1_700' title='bbox 3003 3758 3269 3812; x_wconf 85' lang='grc' dir='ltr'>δύνασθαι</span> <span class='ocrx_word' id='word_1_701' title='bbox 3306 3757 3495 3826; x_wconf 79' lang='grc' dir='ltr'>σχεδὸν</span> <span class='ocrx_word' id='word_1_702' title='bbox 3528 3760 3699 3827; x_wconf 75' lang='grc' dir='ltr'>ἀκρι-</span> 
     </span>
    </p>
   </div>
   <div class='ocr_carea' id='block_1_100' title="bbox 2111 3838 3695 3921">
    <p class='ocr_par' dir='ltr' id='par_1_100' title="bbox 2111 3838 3695 3921">
     <span class='ocr_line' id='line_1_100' title="bbox 2111 3838 3695 3921; baseline -0.004 -18"><span class='ocrx_word' id='word_1_703' title='bbox 2111 3850 2221 3914; x_wconf 78' lang='grc' dir='ltr'><strong>δῶς</strong></span> <span class='ocrx_word' id='word_1_704' title='bbox 2271 3852 2409 3921; x_wconf 81' lang='grc' dir='ltr'>μήτε</span> <span class='ocrx_word' id='word_1_705' title='bbox 2473 3849 2601 3912; x_wconf 75' lang='grc' dir='ltr'>τοὺς</span> <span class='ocrx_word' id='word_1_706' title='bbox 2669 3848 3030 3918; x_wconf 77' lang='grc' dir='ltr'>προσθέντας,</span> <span class='ocrx_word' id='word_1_707' title='bbox 3068 3846 3198 3918; x_wconf 86' lang='grc' dir='ltr'>μήθ’</span> <span class='ocrx_word' id='word_1_708' title='bbox 3256 3846 3347 3913; x_wconf 83' lang='grc' dir='ltr'><strong>ὑφ’</strong></span> <span class='ocrx_word' id='word_1_709' title='bbox 3405 3838 3481 3898; x_wconf 87' lang='grc' dir='ltr'><strong>ῶν</strong></span> <span class='ocrx_word' id='word_1_710' title='bbox 3543 3847 3695 3914; x_wconf 73' lang='grc' dir='ltr'>πρὸς</span> 
     </span>
    </p>
   </div>
   <div class='ocr_carea' id='block_1_101' title="bbox 2112 3934 3695 4010">
    <p class='ocr_par' dir='ltr' id='par_1_101' title="bbox 2112 3934 3695 4010">
     <span class='ocr_line' id='line_1_101' title="bbox 2112 3934 3695 4010; baseline -0.006 -13"><span class='ocrx_word' id='word_1_711' title='bbox 2112 3940 2285 3997; x_wconf 81' lang='grc' dir='ltr'>ταῦτα</span> <span class='ocrx_word' id='word_1_712' title='bbox 2314 3940 2665 4010; x_wconf 70' lang='grc' dir='ltr'>ἐκινήθησαν,</span> <span class='ocrx_word' id='word_1_713' title='bbox 2700 3940 2816 3994; x_wconf 82' lang='grc' dir='ltr'>ἀλλ’</span> <span class='ocrx_word' id='word_1_714' title='bbox 2859 3940 3051 4002; x_wconf 78' lang='grc' dir='ltr'>ἄλλους</span> <span class='ocrx_word' id='word_1_715' title='bbox 3085 3939 3213 3992; x_wconf 79' lang='grc' dir='ltr'>ἄλλο</span> <span class='ocrx_word' id='word_1_716' title='bbox 3263 3954 3315 3991; x_wconf 87' lang='grc' dir='ltr'><strong>τι</strong></span> <span class='ocrx_word' id='word_1_717' title='bbox 3347 3934 3695 4006; x_wconf 79' lang='grc' dir='ltr'>διηγεῖσθαι,</span> 
     </span>
    </p>
   </div>
   <div class='ocr_carea' id='block_1_102' title="bbox 2112 4027 3697 4099">
    <p class='ocr_par' dir='ltr' id='par_1_102' title="bbox 2112 4027 3697 4099">
     <span class='ocr_line' id='line_1_102' title="bbox 2112 4027 3697 4099; baseline -0.003 -15"><span class='ocrx_word' id='word_1_718' title='bbox 2112 4032 2196 4094; x_wconf 85' lang='grc' dir='ltr'><strong>τίς</strong></span> <span class='ocrx_word' id='word_1_719' title='bbox 2233 4032 2299 4085; x_wconf 86' lang='grc' dir='ltr'>ἂν</span> <span class='ocrx_word' id='word_1_720' title='bbox 2337 4032 2623 4099; x_wconf 82' lang='grc' dir='ltr'>ἀνάσχοιτο</span> <span class='ocrx_word' id='word_1_721' title='bbox 2652 4030 2810 4082; x_wconf 82' lang='grc' dir='ltr'>τοῦτο</span> <span class='ocrx_word' id='word_1_722' title='bbox 2836 4033 3028 4097; x_wconf 83' lang='grc' dir='ltr'>κινεῖν,</span> <span class='ocrx_word' id='word_1_723' title='bbox 3054 4030 3129 4099; x_wconf 83' lang='grc' dir='ltr'>μὴ</span> <span class='ocrx_word' id='word_1_724' title='bbox 3165 4028 3436 4097; x_wconf 74' lang='grc' dir='ltr'>πρότερον</span> <span class='ocrx_word' id='word_1_725' title='bbox 3470 4027 3697 4093; x_wconf 74' lang='grc' dir='ltr'>ἀδοξίαν</span> 
     </span>
    </p>
   </div>
   <div class='ocr_carea' id='block_1_103' title="bbox 2114 4117 3694 4192">
    <p class='ocr_par' dir='ltr' id='par_1_103' title="bbox 2114 4117 3694 4192">
     <span class='ocr_line' id='line_1_103' title="bbox 2114 4117 3694 4192; baseline -0.015 -1"><span class='ocrx_word' id='word_1_726' title='bbox 2114 4120 2346 4192; x_wconf 70' lang='grc' dir='ltr'>ὲάκέιτην</span> <span class='ocrx_word' id='word_1_727' title='bbox 2382 4124 2475 4174; x_wconf 59' lang='grc' dir='ltr'>καὶ</span> <span class='ocrx_word' id='word_1_728' title='bbox 2501 4125 2559 4172; x_wconf 81' lang='grc' dir='ltr'><strong>τδ</strong></span> <span class='ocrx_word' id='word_1_729' title='bbox 2598 4121 2769 4187; x_wconf 71' lang='grc' dir='ltr'>γέλως</span> <span class='ocrx_word' id='word_1_730' title='bbox 2801 4120 3003 4173; x_wconf 77' lang='grc' dir='ltr'>ἅπασιν</span> <span class='ocrx_word' id='word_1_731' title='bbox 3032 4117 3175 4173; x_wconf 79' lang='grc' dir='ltr'>εἶναι</span> <span class='ocrx_word' id='word_1_732' title='bbox 3206 4119 3651 4187; x_wconf 70' lang='grc' dir='ltr'>καταδεξάμενος</span> <span class='ocrx_word' id='word_1_733' title='bbox 3678 4138 3694 4186; x_wconf 89' lang='lat'><strong>;</strong></span> 
     </span>
    </p>
   </div>
   <div class='ocr_carea' id='block_1_104' title="bbox 2114 4209 3698 4283">
    <p class='ocr_par' dir='ltr' id='par_1_104' title="bbox 2114 4209 3698 4283">
     <span class='ocr_line' id='line_1_104' title="bbox 2114 4209 3698 4283; baseline -0.003 -17"><span class='ocrx_word' id='word_1_734' title='bbox 2114 4214 2339 4283; x_wconf 68' lang='grc' dir='ltr'>οὐδεμία</span> <span class='ocrx_word' id='word_1_735' title='bbox 2375 4216 2483 4282; x_wconf 74' lang='grc' dir='ltr'>γὰρ</span> <span class='ocrx_word' id='word_1_736' title='bbox 2515 4212 2580 4264; x_wconf 84' lang='grc' dir='ltr'>ἂν</span> <span class='ocrx_word' id='word_1_737' title='bbox 2625 4210 2855 4280; x_wconf 81' lang='grc' dir='ltr'>αἰσχύνη</span> <span class='ocrx_word' id='word_1_738' title='bbox 2892 4211 3105 4277; x_wconf 81' lang='grc' dir='ltr'>γένοιτο</span> <span class='ocrx_word' id='word_1_739' title='bbox 3143 4209 3348 4279; x_wconf 75' lang='grc' dir='ltr'>μείζων</span> <span class='ocrx_word' id='word_1_740' title='bbox 3399 4210 3491 4262; x_wconf 70' lang='grc' dir='ltr'>τοῦ</span> <span class='ocrx_word' id='word_1_741' title='bbox 3542 4228 3698 4279; x_wconf 82' lang='grc' dir='ltr'>μαρο</span> 
     </span>
    </p>
   </div>
   <div class='ocr_carea' id='block_1_105' title="bbox 2114 4300 3701 4373">
    <p class='ocr_par' dir='ltr' id='par_1_105' title="bbox 2114 4300 3701 4373">
     <span class='ocr_line' id='line_1_105' title="bbox 2114 4300 3701 4373; baseline -0.001 -16"><span class='ocrx_word' id='word_1_742' title='bbox 2114 4308 2297 4373; x_wconf 85' lang='grc' dir='ltr'>τυρεῖν</span> <span class='ocrx_word' id='word_1_743' title='bbox 2352 4306 2484 4371; x_wconf 76' lang='grc' dir='ltr'>ἡμῖν</span> <span class='ocrx_word' id='word_1_744' title='bbox 2544 4303 2727 4363; x_wconf 77' lang='grc' dir='ltr'>αὐτοῖς</span> <span class='ocrx_word' id='word_1_745' title='bbox 2778 4302 2878 4371; x_wconf 79' lang='grc' dir='ltr'>τὴν</span> <span class='ocrx_word' id='word_1_746' title='bbox 2932 4304 3171 4372; x_wconf 81' lang='grc' dir='ltr'>ἀπάτην,</span> <span class='ocrx_word' id='word_1_747' title='bbox 3204 4303 3299 4355; x_wconf 75' lang='grc' dir='ltr'>καὶ</span> <span class='ocrx_word' id='word_1_748' title='bbox 3343 4300 3441 4371; x_wconf 78' lang='grc' dir='ltr'>τὴν</span> <span class='ocrx_word' id='word_1_749' title='bbox 3470 4303 3701 4370; x_wconf 72' lang='grc' dir='ltr'>μακρὰν</span> 
     </span>
    </p>
   </div>
   <div class='ocr_carea' id='block_1_106' title="bbox 2118 4393 3695 4464">
    <p class='ocr_par' dir='ltr' id='par_1_106' title="bbox 2118 4393 3695 4464">
     <span class='ocr_line' id='line_1_106' title="bbox 2118 4393 3695 4464; baseline -0.002 -16"><span class='ocrx_word' id='word_1_750' title='bbox 2118 4396 2208 4449; x_wconf 78' lang='grc' dir='ltr'>τοῦ</span> <span class='ocrx_word' id='word_1_751' title='bbox 2237 4394 2466 4464; x_wconf 70' lang='grc' dir='ltr'>ψεύδους</span> <span class='ocrx_word' id='word_1_752' title='bbox 2494 4394 2783 4464; x_wconf 83' lang='grc' dir='ltr'>ὁμολογίαν</span> <span class='ocrx_word' id='word_1_753' title='bbox 2807 4410 2823 4425; x_wconf 86' lang='grc'><strong>·</strong></span> <span class='ocrx_word' id='word_1_754' title='bbox 2866 4395 2962 4446; x_wconf 72' lang='grc' dir='ltr'>καὶ</span> <span class='ocrx_word' id='word_1_755' title='bbox 2994 4394 3168 4447; x_wconf 82' lang='grc' dir='ltr'>ταῦτα</span> <span class='ocrx_word' id='word_1_756' title='bbox 3204 4393 3366 4462; x_wconf 75' lang='grc' dir='ltr'>σοφίᾳ</span> <span class='ocrx_word' id='word_1_757' title='bbox 3389 4394 3487 4445; x_wconf 82' lang='grc' dir='ltr'><strong>καὶ</strong></span> <span class='ocrx_word' id='word_1_758' title='bbox 3512 4393 3695 4457; x_wconf 87' lang='grc' dir='ltr'>λόγων</span> 
     </span>
    </p>
   </div>
   <div class='ocr_carea' id='block_1_107' title="bbox 2043 4482 3695 4566">
    <p class='ocr_par' dir='ltr' id='par_1_107' title="bbox 2043 4482 3695 4566">
     <span class='ocr_line' id='line_1_107' title="bbox 2043 4482 3695 4566; baseline -0.002 -28"><span class='ocrx_word' id='word_1_759' title='bbox 2043 4486 2382 4566; x_wconf 64' lang='grc' dir='ltr'>υδεινῦτητι</span> <span class='ocrx_word' id='word_1_760' title='bbox 2438 4484 2791 4547; x_wconf 70' lang='grc' dir='ltr'>διδασκάλους</span> <span class='ocrx_word' id='word_1_761' title='bbox 2846 4482 3028 4545; x_wconf 79' lang='grc' dir='ltr'>ἄλλοις</span> <span class='ocrx_word' id='word_1_762' title='bbox 3089 4483 3187 4552; x_wconf 85' lang='grc' dir='ltr'>τῆς</span> <span class='ocrx_word' id='word_1_763' title='bbox 3233 4482 3492 4551; x_wconf 83' lang='grc' dir='ltr'>ἀληθείας</span> <span class='ocrx_word' id='word_1_764' title='bbox 3538 4486 3695 4550; x_wconf 80' lang='grc' dir='ltr'>γίνε·</span> 
     </span>
    </p>
   </div>
   <div class='ocr_carea' id='block_1_108' title="bbox 2122 4575 3697 4646">
    <p class='ocr_par' dir='ltr' id='par_1_108' title="bbox 2122 4575 3697 4646">
     <span class='ocr_line' id='line_1_108' title="bbox 2122 4575 3697 4646; baseline -0.003 -16"><span class='ocrx_word' id='word_1_765' title='bbox 2122 4578 2243 4630; x_wconf 86' lang='grc' dir='ltr'>σθαι</span> <span class='ocrx_word' id='word_1_766' title='bbox 2300 4577 2653 4646; x_wconf 82' lang='grc' dir='ltr'>δυναμένους.</span> <span class='ocrx_word' id='word_1_767' title='bbox 2688 4576 2950 4639; x_wconf 82' lang='grc' dir='ltr'>Λατίνους</span> <span class='ocrx_word' id='word_1_768' title='bbox 3008 4576 3108 4643; x_wconf 68' lang='grc' dir='ltr'>μὲν</span> <span class='ocrx_word' id='word_1_769' title='bbox 3156 4576 3317 4630; x_wconf 82' lang='grc' dir='ltr'>ταυτὶ</span> <span class='ocrx_word' id='word_1_770' title='bbox 3350 4575 3697 4642; x_wconf 79' lang='grc' dir='ltr'>πυνθάνομαι</span> 
     </span>
    </p>
   </div>
   <div class='ocr_carea' id='block_1_109' title="bbox 2121 4661 3715 4735">
    <p class='ocr_par' dir='ltr' id='par_1_109' title="bbox 2121 4661 3715 4735">
     <span class='ocr_line' id='line_1_109' title="bbox 2121 4661 3715 4735; baseline -0.004 -16"><span class='ocrx_word' id='word_1_771' title='bbox 2121 4668 2301 4734; x_wconf 82' lang='grc' dir='ltr'>λέγειν</span> <span class='ocrx_word' id='word_1_772' title='bbox 2327 4684 2339 4696; x_wconf 88' lang='grc'><strong>·</strong></span> <span class='ocrx_word' id='word_1_773' title='bbox 2377 4667 2503 4729; x_wconf 76' lang='grc' dir='ltr'>τοὺς</span> <span class='ocrx_word' id='word_1_774' title='bbox 2542 4666 2598 4719; x_wconf 80' lang='grc' dir='ltr'>δὲ</span> <span class='ocrx_word' id='word_1_775' title='bbox 2625 4665 2896 4735; x_wconf 74' lang='grc' dir='ltr'>Γραικοὺς</span> <span class='ocrx_word' id='word_1_776' title='bbox 2955 4661 3113 4734; x_wconf 78' lang='grc' dir='ltr'>οἶμαι</span> <span class='ocrx_word' id='word_1_777' title='bbox 3176 4666 3384 4734; x_wconf 82' lang='grc' dir='ltr'>σφόδρα</span> <span class='ocrx_word' id='word_1_778' title='bbox 3432 4665 3531 4733; x_wconf 76' lang='grc' dir='ltr'>τὴν</span> <span class='ocrx_word' id='word_1_779' title='bbox 3588 4668 3715 4732; x_wconf 72' lang='grc' dir='ltr'>τῆς.</span> 
     </span>
    </p>
   </div>
   <div class='ocr_carea' id='block_1_110' title="bbox 2122 4754 3696 4826">
    <p class='ocr_par' dir='ltr' id='par_1_110' title="bbox 2122 4754 3696 4826">
     <span class='ocr_line' id='line_1_110' title="bbox 2122 4754 3696 4826; baseline -0.004 -17"><span class='ocrx_word' id='word_1_780' title='bbox 2122 4758 2451 4826; x_wconf 82' lang='grc' dir='ltr'>φιλονεικίας</span> <span class='ocrx_word' id='word_1_781' title='bbox 2475 4757 2631 4821; x_wconf 79' lang='grc' dir='ltr'>δόξαν</span> <span class='ocrx_word' id='word_1_782' title='bbox 2657 4754 3151 4823; x_wconf 76' lang='grc' dir='ltr'>φυλάττεσθαι,καὶ</span> <span class='ocrx_word' id='word_1_783' title='bbox 3179 4755 3375 4817; x_wconf 73' lang='grc' dir='ltr'>αὐτοὺς</span> <span class='ocrx_word' id='word_1_784' title='bbox 3404 4754 3495 4807; x_wconf 75' lang='grc' dir='ltr'><strong>ἐπὶ</strong></span> <span class='ocrx_word' id='word_1_785' title='bbox 3528 4756 3696 4821; x_wconf 73' lang='grc' dir='ltr'>σοφίᾳ</span> 
     </span>
    </p>
   </div>
   <div class='ocr_carea' id='block_1_111' title="bbox 2123 4845 3694 4919">
    <p class='ocr_par' dir='ltr' id='par_1_111' title="bbox 2123 4845 3694 4919">
     <span class='ocr_line' id='line_1_111' title="bbox 2123 4845 3694 4919; baseline -0.003 -18"><span class='ocrx_word' id='word_1_786' title='bbox 2123 4849 2450 4919; x_wconf 75' lang='grc' dir='ltr'>φρονοῦντας</span> <span class='ocrx_word' id='word_1_787' title='bbox 2476 4887 2492 4913; x_wconf 89' lang='grc'><strong>,</strong></span> <span class='ocrx_word' id='word_1_788' title='bbox 2528 4849 2623 4900; x_wconf 65' lang='grc' dir='ltr'><strong>καλ⁸</strong></span> <span class='ocrx_word' id='word_1_789' title='bbox 2674 4847 2924 4915; x_wconf 76' lang='grc' dir='ltr'>νομίζειν</span> <span class='ocrx_word' id='word_1_790' title='bbox 2952 4845 3200 4914; x_wconf 70' lang='grc' dir='ltr'>αἰσχρὸν,</span> <span class='ocrx_word' id='word_1_791' title='bbox 3239 4846 3308 4897; x_wconf 85' lang='grc' dir='ltr'>ἂν</span> <span class='ocrx_word' id='word_1_792' title='bbox 3359 4846 3571 4912; x_wconf 85' lang='grc' dir='ltr'>φανῶσι</span> <span class='ocrx_word' id='word_1_793' title='bbox 3602 4861 3694 4896; x_wconf 82' lang='grc' dir='ltr'>τοο</span> 
     </span>
    </p>
   </div>
   <div class='ocr_carea' id='block_1_112' title="bbox 2125 4935 3700 5009">
    <p class='ocr_par' dir='ltr' id='par_1_112' title="bbox 2125 4935 3700 5009">
     <span class='ocr_line' id='line_1_112' title="bbox 2125 4935 3700 5009; baseline -0.004 -17"><span class='ocrx_word' id='word_1_794' title='bbox 2125 4939 2313 4992; x_wconf 81' lang='grc' dir='ltr'>σοῦτον</span> <span class='ocrx_word' id='word_1_795' title='bbox 2348 4942 2537 5009; x_wconf 72' lang='grc' dir='ltr'>χρόνον</span> <span class='ocrx_word' id='word_1_796' title='bbox 2565 4937 2882 5008; x_wconf 79' lang='grc' dir='ltr'>ληροῦντες,</span> <span class='ocrx_word' id='word_1_797' title='bbox 2918 4937 3015 4988; x_wconf 73' lang='grc' dir='ltr'>καὶ</span> <span class='ocrx_word' id='word_1_798' title='bbox 3061 4936 3161 5004; x_wconf 81' lang='grc' dir='ltr'>τὴν</span> <span class='ocrx_word' id='word_1_799' title='bbox 3212 4935 3587 5005; x_wconf 74' lang='grc' dir='ltr'>ἀληθεστάτην</span> <span class='ocrx_word' id='word_1_800' title='bbox 3612 4935 3700 4988; x_wconf 70' lang='grc' dir='ltr'><strong>δὸ-</strong></span> 
     </span>
    </p>
   </div>
   <div class='ocr_carea' id='block_1_113' title="bbox 2127 5026 3696 5097">
    <p class='ocr_par' dir='ltr' id='par_1_113' title="bbox 2127 5026 3696 5097">
     <span class='ocr_line' id='line_1_113' title="bbox 2127 5026 3696 5097; baseline -0.004 -15"><span class='ocrx_word' id='word_1_801' title='bbox 2127 5029 2221 5095; x_wconf 81' lang='grc' dir='ltr'>ξαν</span> <span class='ocrx_word' id='word_1_802' title='bbox 2249 5030 2691 5094; x_wconf 79' lang='grc' dir='ltr'>ὲλαύνοντες,κα“ι</span> <span class='ocrx_word' id='word_1_803' title='bbox 2718 5028 2816 5097; x_wconf 82' lang='grc' dir='ltr'>τὴν</span> <span class='ocrx_word' id='word_1_804' title='bbox 2845 5028 2953 5081; x_wconf 87' lang='grc' dir='ltr'><strong>τῶν</strong></span> <span class='ocrx_word' id='word_1_805' title='bbox 2976 5026 3221 5095; x_wconf 81' lang='grc' dir='ltr'>ἀδελφῶν</span> <span class='ocrx_word' id='word_1_806' title='bbox 3253 5026 3696 5096; x_wconf 64' lang='grc' dir='ltr'>παραιτούμενοι</span> 
     </span>
    </p>
   </div>
   <div class='ocr_carea' id='block_1_114' title="bbox 2125 5120 3695 5191">
    <p class='ocr_par' dir='ltr' id='par_1_114' title="bbox 2125 5120 3695 5191">
     <span class='ocr_line' id='line_1_114' title="bbox 2125 5120 3695 5191; baseline -0.006 -12"><span class='ocrx_word' id='word_1_807' title='bbox 2125 5125 2408 5179; x_wconf 55' lang='grc' dir='ltr'>κοινωνίαν</span> <span class='ocrx_word' id='word_1_808' title='bbox 2432 5140 2446 5154; x_wconf 92' lang='grc'><strong>·</strong></span> <span class='ocrx_word' id='word_1_809' title='bbox 2489 5125 2549 5188; x_wconf 77' lang='grc' dir='ltr'><strong>ἐξ</strong></span> <span class='ocrx_word' id='word_1_810' title='bbox 2573 5123 2632 5177; x_wconf 80' lang='grc' dir='ltr'>οὗ</span> <span class='ocrx_word' id='word_1_811' title='bbox 2665 5123 2731 5191; x_wconf 78' lang='grc' dir='ltr'>δὴ</span> <span class='ocrx_word' id='word_1_812' title='bbox 2764 5123 2859 5175; x_wconf 79' lang='grc' dir='ltr'>καὶ</span> <span class='ocrx_word' id='word_1_813' title='bbox 2888 5121 3099 5173; x_wconf 82' lang='grc' dir='ltr'>πολλῶν</span> <span class='ocrx_word' id='word_1_814' title='bbox 3130 5122 3319 5173; x_wconf 86' lang='grc' dir='ltr'>δεινῶν</span> <span class='ocrx_word' id='word_1_815' title='bbox 3357 5120 3695 5190; x_wconf 75' lang='grc' dir='ltr'>πειραθῆναι</span> 
     </span>
    </p>
   </div>
   <div class='ocr_carea' id='block_1_115' title="bbox 2127 5212 3696 5285">
    <p class='ocr_par' dir='ltr' id='par_1_115' title="bbox 2127 5212 3696 5285">
     <span class='ocr_line' id='line_1_115' title="bbox 2127 5212 3696 5285; baseline -0.016 -16"><span class='ocrx_word' id='word_1_816' title='bbox 2127 5218 2279 5285; x_wconf 74' lang='grc' dir='ltr'>σφίσι</span> <span class='ocrx_word' id='word_1_817' title='bbox 2313 5216 2534 5285; x_wconf 77' lang='grc' dir='ltr'>συνέϐη,</span> <span class='ocrx_word' id='word_1_818' title='bbox 2566 5215 2701 5285; x_wconf 73' lang='grc' dir='ltr'>πρὸς</span> <span class='ocrx_word' id='word_1_819' title='bbox 2734 5215 2826 5268; x_wconf 81' lang='grc' dir='ltr'>τὸν</span> <span class='ocrx_word' id='word_1_820' title='bbox 2852 5215 2951 5283; x_wconf 81' lang='grc' dir='ltr'>τῆς</span> <span class='ocrx_word' id='word_1_821' title='bbox 3001 5214 3263 5275; x_wconf 84' lang='grc' dir='ltr'>ἀπιστίας</span> <span class='ocrx_word' id='word_1_822' title='bbox 3305 5212 3696 5280; x_wconf 64' lang='grc' dir='ltr'>κατακλυσμ&gt;,ν</span> 
     </span>
    </p>
   </div>
   <div class='ocr_carea' id='block_1_116' title="bbox 2128 5307 3696 5378">
    <p class='ocr_par' dir='ltr' id='par_1_116' title="bbox 2128 5307 3696 5378">
     <span class='ocr_line' id='line_1_116' title="bbox 2128 5307 3696 5378; baseline -0.005 -17"><span class='ocrx_word' id='word_1_823' title='bbox 2128 5310 2253 5362; x_wconf 82' lang='grc' dir='ltr'>ἄνευ</span> <span class='ocrx_word' id='word_1_824' title='bbox 2307 5308 2614 5378; x_wconf 75' lang='grc' dir='ltr'>συμμάχων</span> <span class='ocrx_word' id='word_1_825' title='bbox 2669 5307 2925 5375; x_wconf 81' lang='grc' dir='ltr'>πολεμεῖν</span> <span class='ocrx_word' id='word_1_826' title='bbox 2982 5308 3471 5375; x_wconf 75' lang='grc' dir='ltr'>ἀναγκαζομένοις.</span> <span class='ocrx_word' id='word_1_827' title='bbox 3525 5308 3696 5373; x_wconf 80' lang='grc' dir='ltr'>Κοινῇ</span> 
     </span>
    </p>
   </div>
   <div class='ocr_carea' id='block_1_117' title="bbox 2127 5398 3699 5470">
    <p class='ocr_par' dir='ltr' id='par_1_117' title="bbox 2127 5398 3699 5470">
     <span class='ocr_line' id='line_1_117' title="bbox 2127 5398 3699 5470; baseline -0.004 -16"><span class='ocrx_word' id='word_1_828' title='bbox 2127 5402 2170 5454; x_wconf 80' lang='grc' dir='ltr'>δ’</span> <span class='ocrx_word' id='word_1_829' title='bbox 2204 5402 2539 5470; x_wconf 76' lang='grc' dir='ltr'>ἀμφοτέρους</span> <span class='ocrx_word' id='word_1_830' title='bbox 2563 5400 2803 5469; x_wconf 74' lang='grc' dir='ltr'>ἠγοῦμαι</span> <span class='ocrx_word' id='word_1_831' title='bbox 2841 5400 2938 5468; x_wconf 81' lang='grc' dir='ltr'>τὴν</span> <span class='ocrx_word' id='word_1_832' title='bbox 2973 5400 3079 5452; x_wconf 72' lang='grc' dir='ltr'>ἀπὸ</span> <span class='ocrx_word' id='word_1_833' title='bbox 3111 5398 3211 5462; x_wconf 76' lang='grc' dir='ltr'>τῆς</span> <span class='ocrx_word' id='word_1_834' title='bbox 3238 5398 3405 5467; x_wconf 71' lang='grc' dir='ltr'>ἥττης</span> <span class='ocrx_word' id='word_1_835' title='bbox 3431 5398 3699 5466; x_wconf 68' lang='grc' dir='ltr'>αἰσχύνην</span> 
     </span>
    </p>
   </div>
   <div class='ocr_carea' id='block_1_118' title="bbox 2130 5490 3697 5564">
    <p class='ocr_par' dir='ltr' id='par_1_118' title="bbox 2130 5490 3697 5564">
     <span class='ocr_line' id='line_1_118' title="bbox 2130 5490 3697 5564; baseline -0.004 -18"><span class='ocrx_word' id='word_1_836' title='bbox 2130 5493 2518 5564; x_wconf 73' lang='grc' dir='ltr'>ἐκτρέπεσθαι,</span> <span class='ocrx_word' id='word_1_837' title='bbox 2560 5493 2627 5562; x_wconf 81' lang='grc' dir='ltr'>ἥν</span> <span class='ocrx_word' id='word_1_838' title='bbox 2656 5493 2730 5560; x_wconf 80' lang='grc' dir='ltr'>τῷ</span> <span class='ocrx_word' id='word_1_839' title='bbox 2762 5509 2819 5545; x_wconf 89' lang='grc' dir='ltr'><strong>τε</strong></span> <span class='ocrx_word' id='word_1_840' title='bbox 2854 5492 3044 5561; x_wconf 84' lang='grc' dir='ltr'>μαθεῖν</span> <span class='ocrx_word' id='word_1_841' title='bbox 3079 5490 3177 5559; x_wconf 80' lang='grc' dir='ltr'>τὴν</span> <span class='ocrx_word' id='word_1_842' title='bbox 3208 5490 3465 5558; x_wconf 79' lang='grc' dir='ltr'>ἀλήθειαν</span> <span class='ocrx_word' id='word_1_843' title='bbox 3494 5491 3582 5541; x_wconf 80' lang='grc' dir='ltr'><strong>καὶ</strong></span> <span class='ocrx_word' id='word_1_844' title='bbox 3611 5491 3697 5557; x_wconf 71' lang='grc' dir='ltr'>τῷ</span> 
     </span>
    </p>
   </div>
   <div class='ocr_carea' id='block_1_119' title="bbox 2131 5581 3699 5655">
    <p class='ocr_par' dir='ltr' id='par_1_119' title="bbox 2131 5581 3699 5655">
     <span class='ocr_line' id='line_1_119' title="bbox 2131 5581 3699 5655; baseline -0.006 -13"><span class='ocrx_word' id='word_1_845' title='bbox 2131 5588 2189 5642; x_wconf 69' lang='grc' dir='ltr'><strong>τὸ</strong></span> <span class='ocrx_word' id='word_1_846' title='bbox 2225 5587 2414 5655; x_wconf 67' lang='grc' dir='ltr'>ψεῦδος</span> <span class='ocrx_word' id='word_1_847' title='bbox 2462 5586 2765 5653; x_wconf 78' lang='grc' dir='ltr'>ἀπομαθεῖν</span> <span class='ocrx_word' id='word_1_848' title='bbox 2800 5584 3082 5653; x_wconf 77' lang='grc' dir='ltr'>νομίζουσι</span> <span class='ocrx_word' id='word_1_849' title='bbox 3135 5581 3491 5650; x_wconf 76' lang='grc' dir='ltr'>συνεζεῦχθαι</span> <span class='ocrx_word' id='word_1_850' title='bbox 3518 5599 3531 5613; x_wconf 72' lang='grc'><strong><em>⁸</em></strong></span> <span class='ocrx_word' id='word_1_851' title='bbox 3566 5582 3699 5633; x_wconf 65' lang='grc' dir='ltr'><strong>ἑκάς</strong></span> 
     </span>
    </p>
   </div>
   <div class='ocr_carea' id='block_1_120' title="bbox 2134 5672 3702 5747">
    <p class='ocr_par' dir='ltr' id='par_1_120' title="bbox 2134 5672 3702 5747">
     <span class='ocr_line' id='line_1_120' title="bbox 2134 5672 3702 5747; baseline -0.004 -16"><span class='ocrx_word' id='word_1_852' title='bbox 2134 5697 2278 5746; x_wconf 70' lang='grc' dir='ltr'>τεροι</span> <span class='ocrx_word' id='word_1_853' title='bbox 2334 5678 2465 5747; x_wconf 72' lang='grc' dir='ltr'>γὰρ,</span> <span class='ocrx_word' id='word_1_854' title='bbox 2521 5678 2593 5737; x_wconf 84' lang='grc' dir='ltr'>ὡς</span> <span class='ocrx_word' id='word_1_855' title='bbox 2644 5678 2787 5727; x_wconf 74' lang='grc' dir='ltr'>ἐστιν</span> <span class='ocrx_word' id='word_1_856' title='bbox 2837 5677 2990 5744; x_wconf 74' lang='grc' dir='ltr'>ὸρᾷν,</span> <span class='ocrx_word' id='word_1_857' title='bbox 3038 5676 3128 5727; x_wconf 71' lang='grc' dir='ltr'>ἐπὶ</span> <span class='ocrx_word' id='word_1_858' title='bbox 3178 5676 3295 5736; x_wconf 78' lang='grc' dir='ltr'>ταῖς</span> <span class='ocrx_word' id='word_1_859' title='bbox 3349 5674 3439 5726; x_wconf 70' lang='grc' dir='ltr'>τοῦ</span> <span class='ocrx_word' id='word_1_860' title='bbox 3494 5672 3702 5735; x_wconf 75' lang='grc' dir='ltr'>διδάξαι</span> 
     </span>
    </p>
   </div>
   <div class='ocr_carea' id='block_1_121' title="bbox 2143 5766 3704 5838">
    <p class='ocr_par' dir='ltr' id='par_1_121' title="bbox 2143 5766 3704 5838">
     <span class='ocr_line' id='line_1_121' title="bbox 2143 5766 3704 5838; baseline -0.004 -17"><span class='ocrx_word' id='word_1_861' title='bbox 2143 5772 2336 5838; x_wconf 52' lang='lat' dir='ltr'><strong>“filim</strong></span> <span class='ocrx_word' id='word_1_862' title='bbox 2401 5771 2525 5832; x_wconf 67' lang='lat' dir='ltr'><strong>rei);</strong></span> <span class='ocrx_word' id='word_1_863' title='bbox 2575 5768 2762 5829; x_wconf 80' lang='grc' dir='ltr'>ἄλλους</span> <span class='ocrx_word' id='word_1_864' title='bbox 2806 5768 2897 5820; x_wconf 68' lang='grc' dir='ltr'><strong>καὶ</strong></span> <span class='ocrx_word' id='word_1_865' title='bbox 2948 5768 3096 5835; x_wconf 65' lang='grc' dir='ltr'>σφίσι</span> <span class='ocrx_word' id='word_1_866' title='bbox 3151 5767 3316 5828; x_wconf 61' lang='grc' dir='ltr'>δείξαι</span> <span class='ocrx_word' id='word_1_867' title='bbox 3376 5766 3704 5833; x_wconf 45' lang='grc' dir='ltr'>προφω-,ος</span> 
     </span>
    </p>
   </div>
  </div>
