3948 6186
280 363 386 426 445

1459 367 1746 430 ORATIO
1776 368 1836 428 ΙΙ
1873 368 1975 426 AD
2011 363 2389 426 SYNODUM.

3448 359 3549 423 446

265 476 433 552 ἦλθον
468 476 706 532 ἐλπίσιν.
749 474 891 544 Ἐγὼ
935 475 992 530 δὲ
1022 477 1117 548 τὴν
1156 479 1256 548 μὲν
1313 483 1646 552 φαινομένην
1675 481 1848 551 αἰσχύ⁴

1969 479 2188 535 ϐιαιως.
2221 494 2329 533 non
2374 475 2570 531 debere
2617 488 2738 530 esse
2783 473 3048 530 Sollicitos
3104 474 3170 530 de
3228 475 3330 530 hac
3391 490 3554 543 appa-

265 591 364 642 νην
402 571 606 641 ἥκιστα
630 569 697 622 ἂν
728 569 896 639 φαίην
961 570 1230 640 Γραικοὺς
1277 573 1700 642 ὑπολογίζεσθαι
1741 575 1853 628 δεῖν

265 667 360 719 ἐπὶ
401 664 462 716 τὸ
491 664 568 734 μὴ
599 661 1007 733 παραδέχεσθαι
1039 663 1199 730 δόξαν
1249 665 1350 737 ἤδη
1385 667 1599 735 πρῶτον
1639 669 1854 736 εἰσαγο-

267 759 462 826 μένην,
498 757 601 811 κᾶν
637 756 846 828 ἀληθὴς
893 757 1085 828 ἔτυχεν
1120 754 1275 822 οὖσα,
1326 761 1420 812 καὶ
1459 760 1595 830 πρὸς
1647 760 1854 829 ταύτην

265 850 631 917 φιλονεικεῖν·
697 847 757 901 τὸ
812 847 923 918 γὰρ
979 849 1262 904 πιστεύειν
1318 852 1380 904 τὸ
1450 851 1646 920 ψεῦδός
1703 852 1853 904 ἐστιν

266 944 658 1013 αἰσχρότερον,
717 942 814 996 καὶ
877 942 1183 1012 φιλονεικία
1258 941 1490 1013 ψευδοῦς
1561 942 1852 1012 ὁμολογίας

265 1037 484 1089 ἔλαττον
515 1036 596 1099 είς
635 1034 1036 1106 ἁμαρτήματος
1076 1035 1256 1106 λόγον.
1298 1037 1406 1090 Καὶ
1463 1037 1720 1107 Γραικοῖς
1751 1035 1852 1106 μὲν

264 1129 414 1183 ἔστιν
441 1130 520 1192 είς
553 1130 652 1200 τὴν
705 1129 1008 1199 ἀσφάλειαν
1035 1128 1129 1182 τοῦ
1162 1129 1442 1201 Συμὸὁ).ου
1490 1132 1849 1198 καταφυγεῖν,

269 1225 361 1276 καὶ
397 1221 497 1295 τὴν
554 1224 741 1292 κοινὴν
791 1223 1082 1294 ὁμολογίαν
1131 1223 1344 1278 ἑαυτῶν
1398 1223 1801 1294 προϐάλλεσθαι
1831 1239 1846 1255 °

269 1317 357 1383 ἦν,
388 1315 440 1368 si.
468 1315 638 1386 μηδὲν
666 1316 820 1384 ἄλλο,
853 1317 1217 1389 βουλομένους
1266 1320 1405 1387 σφᾶς
1453 1319 1722 1373 αἰδεῖσθαι
1755 1320 1850 1372 καὶ

271 1407 467 1470 σώζειν
519 1409 680 1477 φαῖεν
731 1409 797 1463 ἂν
845 1410 1011 1481 μέχρι
1059 1413 1152 1465 τοῦ
1213 1413 1572 1480 φιλονεικεῖνο
1627 1415 1740 1478 τοῖς
1793 1414 1849 1466 δὲ
1922 1453 1928 1458 -

269 1496 518 1560 Λατίνοις
544 1499 604 1550 τὸ
629 1498 731 1568 τῆς
762 1500 1114 1570 καινοτομίας
1148 1499 1381 1555 ὕπεστιν
1421 1500 1677 1571 ἔγκλημα
1697 1518 1712 1534 °
1753 1504 1849 1557 καὶ

266 1592 327 1644 τὸ
355 1593 551 1662 μόνους
604 1592 851 1662 ἅψασθαι
895 1595 1006 1648 τῶν
1052 1594 1249 1649 κοινῶν
1277 1595 1366 1665 ἐφ’
1397 1596 1611 1660 ἑαυτοῖς
1640 1598 1848 1668 6αρρή-

269 1699 468 1746 σαντας
497 1682 598 1754 τὴν
624 1683 836 1754 πλάνην
869 1685 1022 1754 σφίσι
1065 1686 1236 1757 χείρω
1273 1690 1442 1743 ποιεῖ.
1479 1689 1593 1742 Καὶ
1626 1688 1844 1751 πολλοῖς

266 1776 445 1840 ἄλλοις
473 1778 696 1847 τρόποις
725 1776 950 1832 ἔλαττον
977 1777 1036 1831 τὸ
1067 1781 1162 1851 τῆς
1191 1780 1455 1851 αἰσχύνης
1495 1781 1614 1846 δέος
1643 1785 1708 1853 τῇ
1737 1783 1846 1838 τῶν

265 1867 517 1936 Γραικῶν
563 1869 836 1940 ὑπάρχειν
886 1872 1126 1942 ἠγοῦμαι
1176 1874 1472 1944 μεταϐολῇ,
1499 1877 1574 1938 ὠς
1609 1875 1736 1946 μηδ’
1764 1877 1849 1929 αί-

265 1961 467 2032 σχύνην
507 1961 646 2025 ὅλως
680 1963 882 2028 ἐξεῖναι
935 1965 1144 2035 ταύτην
1200 1965 1406 2020 καλεῖν.
1439 1966 1548 2020 Ποῦ
1582 1968 1692 2036 γάρ
1723 1968 1848 2021 αίσ-

262 2054 391 2123 χρδν
461 2053 524 2107 τὺ
571 2053 672 2124 τῆς
715 2054 974 2127 ἀληθείας
1023 2056 1275 2126 ἀκριϐῶς
1323 2057 1706 2128 περιέχεσθαι,
1751 2058 1848 2112 καὶ

262 2150 373 2209 cui;
406 2149 560 2216 κοινῇ
617 2147 961 2218 δεδογμένοις
1012 2150 1354 2218 ἐμμένοντας
1405 2152 1508 2220 τὴν
1561 2151 1691 2220 περὶ
1736 2152 1847 2204 τῶν

265 2240 371 2310 ἰδία
417 2243 560 2295 τισὶν
606 2240 924 2310 ἀρεσάντων
951 2242 1134 2311 ψῆφον
1176 2243 1382 2314 συνόδῳ
1433 2249 1586 2314 κοινῇ
1633 2243 1846 2298 πάντων

261 2333 602 2400 ἀνατιθέναις
638 2334 735 2389 καὶ
787 2335 919 2405 μήθ’
963 2336 1177 2400 ἑαυτοῖς
1225 2335 1412 2406 μόνοις
1483 2334 1612 2403 μήτ’
1665 2336 1848 2399 ἀλλοις

259 2425 390 2480 ἄνευ
419 2426 598 2479 αὐτῶν
627 2425 697 2479 τὰ
730 2426 958 2481 τοιαῦτα
995 2426 1176 2480 θέλειν
1210 2427 1526 2491 πιστεύεινς

335 2516 400 2571 Τί
439 2517 496 2572 δὲ
538 2519 632 2572 καὶ
655 2501 856 2585 δεινὸν,
902 2521 1020 2590 ἐρεῖ
1046 2537 1152 2586 τις,
1183 2523 1244 2572 τὸ
1269 2520 1338 2574 τὰ
1375 2520 1494 2584 δέος
1525 2521 1722 2588 ἔχοντα
1753 2520 1839 2573 δε-

262 2611 472 2678 arium;
501 2610 778 2664 ἐδεδίεσαν
827 2611 934 2681 γὰρ
959 2611 1053 2665 καὶ
1085 2612 1242 2666 αὐτοὶ
1265 2613 1452 2682 φωνὴ-ι
1473 2611 1628 2666 οὔπω
1678 2614 1846 2667 πᾶσιν

265 2704 617 2772 ἀρέσκουσαν
640 2704 911 2766 ἐπαινεῖν,
962 2709 1059 2757 καὶ
1096 2704 1203 2775 πρὸ
1262 2703 1357 2757 τοῦ
1387 2704 1688 2774 δοκιμάσαι
1717 2703 1848 2758 ταύ-

265 2809 366 2860 την
399 2791 719 2862 κηρύττεινο
771 2793 934 2846 τοῦτο
958 2793 1015 2844 δὲ
1053 2794 1114 2847 τὸ
1139 2793 1258 2858 δέος
1289 2794 1450 2862 λόγον
1495 2797 1618 2865 ἔχον
1652 2795 1799 2848 ἐστίν
1829 2810 1842 2824 ·

267 2883 392 2937 ἐπεὶ
436 2884 553 2954 μετ’
584 2885 890 2953 ἀσφαλείας
925 2886 1019 2939 ἐπὶ
1047 2885 1148 2949 τὰς
1176 2887 1306 2958 περὶ
1346 2885 1482 2940 Θεοῦ
1514 2886 1675 2952 δόξας
1714 2888 1845 2956 πρέ-

264 2991 357 3026 πει
388 2978 612 3044 χωρεῖν,
645 2975 742 3028 ειτε
777 2975 986 3030 πολλῶν
1021 2977 1304 3044 κινδύνων,
1333 2980 1429 3032 καὶ
1454 2981 1721 3050 μεγίστου
1745 2980 1840 3034 τοῦ

261 3068 362 3140 τὴν
384 3067 660 3137 σωτηρίαν
681 3068 939 3134 καθάπαξ
963 3071 1282 3136 ἀποϐαλεῖν,
1309 3065 1601 3140 ἑπομένων
1629 3077 1691 3145 τῇ
1713 3092 1847 3144 κρο-

1883 1825 1923 1879 Β

1958 581 2108 624 rente
2155 568 2475 639 ignominia,
2540 565 2687 637 quod
2723 580 2864 628 .non
2920 566 2990 619 sit
3049 565 3118 618 ab
3177 564 3287 619 illis
3338 572 3554 636 recepta

1957 661 2171 731 opinio,
2204 660 2334 713 dum
2379 658 2618 728 primum
2653 657 3031 721 induceretur,
3064 658 3190 712 licet
3225 674 3352 712 vera
3383 669 3553 721 esset.

1956 749 2050 805 sed
2083 757 2424 818 oppugnata;
2462 747 2680 818 turpius
2733 749 2880 802 enim
2933 755 3012 802 est
3060 749 3284 802 credere
3332 747 3552 812 falsum,

1956 851 2008 895 et
2041 840 2224 896 minus
2264 849 2482 895 erratur
2529 838 2936 904 contendendo,
2975 855 3136 909 quam
3169 839 3363 894 falsam
3422 857 3554 895 con-

1961 931 2257 988 fessionem
2291 931 2643 1002 prol‘erendo.
2679 930 2746 984 Et
2777 931 2948 990 Grmci
2980 932 3198 1002 quidem
3230 944 3454 1002 possunt
3485 935 3553 990 ad

1954 1023 2269 1095 Symbolum
2327 1032 2445 1078 tuto
2497 1023 2811 1096 confugere,
2847 1039 3307 1095 communemque
3359 1041 3455 1094 pro
3493 1042 3553 1080 se

1955 1117 2198 1185 objicere
2233 1115 2638 1172 confessionem
2673 1135 2686 1170 :
2721 1133 2887 1188 quam
2943 1117 2989 1170 si
3046 1117 3181 1170 nihil
3232 1115 3380 1172 aliud
3423 1132 3554 1186 sup-

1953 1217 2182 1278 peteret,
2219 1207 2357 1262 velle
2407 1222 2465 1261 se
2506 1207 2746 1262 dixerint
2801 1206 3100 1262 observare
3133 1217 3185 1261 et
3227 1209 3407 1261 colere
3466 1207 3554 1261 vel

1953 1299 2349 1354 conccrtando.
2411 1297 2592 1354 Latini
2624 1316 2755 1354 vero
2804 1310 2934 1353 sunt
2983 1301 3036 1354 in
3097 1299 3329 1354 crimine
3388 1298 3552 1352 inno-

1951 1391 2208 1454 vationis,
2253 1400 2304 1446 et
2344 1391 2488 1462 quod
2525 1390 2625 1447 soli
2679 1391 3036 1445 tractaverint
3078 1393 3394 1446 communia
3444 1389 3549 1445 sibi

1950 1483 2302 1546 ceuﬁdentes.
2335 1483 2551 1553 gravior
2597 1483 2708 1537 illis
2758 1498 2914 1538 error
2971 1481 3225 1546 ciiicitur,
3281 1491 3334 1536 et
3367 1482 3550 1536 multis

1949 1575 2074 1632 aliis
2107 1574 2284 1631 modis
2313 1586 2449 1647 puto
2483 1577 2668 1631 minus
2698 1591 2822 1630 esse
2855 1575 3150 1630 timendam
3187 1575 3390 1632 Graecis
3422 1591 3548 1626 mu-

1949 1668 2178 1724 tationis
2249 1667 2631 1741 ignominiam,
2687 1680 2746 1723 ut
2813 1685 2880 1724 ne
2921 1669 3278 1740 ignominiam
3326 1667 3546 1737 quidem

1951 1763 2094 1816 hanc
2144 1777 2338 1817 vocare
2379 1762 2597 1834 penitus
2638 1763 2817 1818 liccat.
2891 1763 3023 1829 Quae
3056 1771 3140 1816 est
3196 1761 3339 1816 enim
3397 1760 3549 1828 igno-

1954 1852 2143 1921 minia,
2199 1856 2414 1909 veritati
2471 1855 2708 1926 perfecte
2762 1856 3081 1920 adluercre;
3117 1865 3170 1910 et
3208 1853 3550 1924 persisrendo

1952 1945 2005 2000 in
2039 1945 2106 2000 iis
2138 1962 2256 2016 quae
2291 1949 2568 2002 communi
2602 1948 2849 2003 omnium
2879 1949 3099 2004 decreto
3143 1946 3366 2002 deﬁnita
3399 1955 3547 2010 sunt,

1956 2038 2197 2108 generali
2232 2039 2470 2094 concilio
2502 2041 2827 2110 permittere
2861 2042 2926 2095 de
2981 2041 3045 2097 iis
3079 2039 3374 2109 judicium,
3427 2053 3550 2106 qum

1951 2131 2203 2201 privatim
2232 2133 2518 2203 aliquibus
2546 2133 2839 2195 placuere?
2865 2149 2967 2188 nec
3009 2133 3124 2210 sibi
3145 2132 3282 2201 ipsis
3314 2139 3546 2192 tantum,

1953 2237 2053 2279 nec
2083 2223 2206 2278 aliis
2238 2224 2374 2280 velle
2405 2224 2565 2279 fidem
2598 2224 2799 2279 habere
2830 2225 2882 2279 in
2947 2225 3113 2281 rebus
3160 2217 3540 2293 hujuscemodi

1952 2332 2054 2372 suo
2084 2307 2198 2373 non
2249 2319 2543 2374 accedente
2579 2317 2902 2374 consensu?

2021 2519 2160 2588 Quid
2187 2535 2315 2576 vero
2347 2519 2472 2576 mali
2503 2529 2607 2586 est,
2649 2520 2850 2575 dixerit
2873 2519 3170 2590 quispiam,
3229 2519 3424 2574 timere
3475 2514 3547 2571 ti-

1950 2615 2149 2668 menda
2177 2610 2510 2666 ?Timebant
2545 2611 2689 2664 enim
2713 2619 2766 2665 et
2791 2608 2891 2679 ipsi
2919 2623 3106 2663 vocem
3137 2607 3381 2661 nondum
3430 2620 3548 2660 om-

1944 2697 2112 2764 nibus
2142 2705 2422 2774 probatam
2455 2704 2708 2773 probare,
2762 2711 2818 2757 et
2843 2710 3136 2771 antequam
3206 2708 3350 2755 esset
3399 2713 3552 2754 receo

1950 2811 2066 2870 pta,
2093 2800 2390 2866 prmdieare
2422 2816 2438 2863 ;
2471 2797 2636 2854 timor
2662 2804 2844 2850 autem
2873 2795 2976 2852 iste
3002 2810 3108 2848 non
3141 2801 3224 2850 est
3279 2809 3308 2847 a
3340 2793 3551 2848 ratione

1949 2891 2182 2946 alienus.
2207 2888 2435 2957 Oportet
2465 2888 2614 2942 enim
2644 2886 2714 2941 ad
2745 2901 2808 2940 ea
2837 2899 2959 2954 quae
2987 2884 3053 2938 de
3087 2883 3198 2938 Deo
3247 2882 3541 2945 sentimus,

1949 2979 2213 3036 accedere
2267 2988 2385 3034 tuta
2431 2993 2556 3032 cum
2613 2977 2894 3040 cautione.
2977 2989 3104 3030 cum
3180 2973 3544 3028 temeritatem

1951 3072 2121 3126 multa
2153 3077 2456 3140 sequantur
2493 3067 2759 3135 pericula,
2830 3065 3138 3120 maximum
3204 3076 3336 3116 vero
3391 3061 3544 3124 illud,

265 3159 476 3232 πετείᾳ.
507 3162 570 3214 El
601 3161 707 3230 γὰρ
744 3162 822 3232 μὴ
849 3161 998 3215 τοῦτ’
1022 3158 1110 3233 ἦν,
1146 3165 1281 3216 ἀλλᾶ
1317 3166 1416 3233 τῆς
1451 3165 1608 3232 δόξης
1637 3169 1843 3221 παντά-

1955 3166 2148 3221 salutis
2166 3163 2394 3220 omnino
2411 3163 2744 3217 amittendae.
2771 3159 2828 3214 Si
2859 3158 3003 3214 enim
3041 3158 3092 3212 id
3127 3156 3200 3211 ita
3232 3171 3342 3210 non
3376 3165 3544 3214 esset.

263 3271 406 3308 πασι
462 3255 889 3323 κατεγίνωσκον,
947 3256 1165 3319 οὐδενὸς
1217 3258 1284 3315 ἂν
1319 3258 1500 3319 αὐτοῖς
1529 3258 1665 3326 πρὸς
1701 3259 1845 3329 ὑμᾶς

171 3411 180 3419 ο
262 3345 455 3414 ἐδέησε
482 3344 642 3415 λόγου
662 3363 702 3413 ο
724 3347 914 3419 ὥσπερ
939 3347 1058 3400 οὐδὲ
1106 3351 1219 3410 τοῖς
1251 3348 1381 3402 ἄλλο
1411 3367 1465 3401 τι
1501 3349 1610 3402 τῶν
1650 3351 1847 3420 ἀνηκέ-

264 3455 414 3490 στων
447 3437 743 3508 φρονοῦσιν
768 3439 1082 3508 ἀνάσχοιντ⁹
1111 3439 1179 3493 ἂν
1203 3439 1344 3511 ὑπὲρ
1375 3441 1542 3494 αὑτοῦ
1566 3443 1841 3510 συζητεῖν.

275 3527 441 3582 Ἀλλά
473 3529 578 3599 μὴν
603 3528 710 3582 οὐδ’
737 3529 967 3600 αἰσχρόν
998 3530 1149 3584 ἐστιν
1181 3530 1490 3598 οὐδετέροις
1518 3529 1848 3598 ἀγνοοῦντας

267 3619 489 3688 μαθεῖν,
526 3619 578 3672 εί
623 3619 824 3690 μὴ’καὶ
865 3623 1042 3674 πᾶσαν
1091 3621 1383 3691 ἀτιμάζειν
1431 3622 1700 3693 μέλλομεν
1731 3625 1850 3677 ἔπι-

262 3711 486 3781 στὴμην
519 3710 588 3783 ἢν
622 3710 720 3764 οὐκ
755 3711 868 3764 ἔστι
905 3711 1093 3765 λαϐεῖν
1137 3714 1214 3783 μὴ
1260 3714 1528 3784 πρότερον
1560 3714 1659 3786 τὴν
1702 3716 1851 3768 ἀντι-

260 3804 527 3872 κειμένην
579 3803 988 3866 ἀποόἁλλοντας
1025 3806 1247 3871 ἄγνοιαν
1286 3843 1301 3868 ,
1369 3807 1464 3858 καὶ
1511 3805 1623 3858 τῶν
1669 3807 1848 3859 ὁτιοῦν

262 3895 652 3966 ἐπισταμένων
707 3898 1062 3967 κατηγορεῖν,
1104 3897 1189 3950 ὅτι
1227 3897 1303 3968 μὴ
1335 3898 1432 3966 τῆς
1465 3897 1689 3965 ἀγνοίας
1727 3897 1850 3965 ἔχε-

262 3985 392 4039 σθαι
436 3987 601 4056 μέχρι
637 3986 840 4049 παντὸς
873 3987 1289 4058 ἡδουλήθησαν,
1322 3988 1421 4057 τὴν
1472 3991 1533 4040 ὲκ
1562 3987 1658 4042 τοῦ
1695 3989 1848 4053 δόξαι

266 4078 564 4148 μανθάνειν
598 4080 832 4144 δεδιότες
866 4071 1154 4152 αἰσχύνην.
1184 4081 1514 4136 Τούναεηίον
1551 4081 1660 4151 γὰρ
1710 4082 1848 4150 μᾶλ-

262 4172 359 4224 λον
393 4172 642 4243 αῑσχρὸν,
676 4173 874 4226 ἅπαντ’
916 4173 1124 4227 εἰδέναι
1165 4173 1510 4240 νομίζοντας,
1553 4171 1688 4242 μηδὲ
1726 4171 1849 4242 βου-

265 4265 528 4334 λομένους
561 4266 722 4335 χάριν
758 4266 867 4318 τινὶ
906 4266 1005 4335 τῆς
1041 4265 1313 4333 ὠφελείας
1364 4267 1672 4334 ὁμολογεῖν,
1727 4264 1846 4334 μετ’

265 4357 493 4423 ἀγνοίας
549 4357 923 4412 ἀπαλλάττειν
977 4357 1073 4410 τοῦ
1135 4356 1279 4427 βίου.
1340 4355 1480 4426 Πρὸς
1535 4356 1593 4409 δὲ
1633 4356 1846 4419 τούτοις

263 4446 405 4516 ὑπὲρ
436 4445 698 4517 ἀληθείας
731 4446 903 4500 ὄντων
945 4448 1080 4517 ἡμῖν
1125 4447 1235 4500 τῶν
1297 4447 1552 4514 ἀγώνων,
1605 4447 1708 4518 ἡδὺ
1746 4446 1844 4516 μὲν

262 4539 440 4607 δήπου
466 4540 606 4609 μετά
635 4539 838 4609 ταύτης
864 4541 1020 4611 νικᾷν
1045 4556 1059 4571 ο
1092 4541 1152 4594 τὸ
1178 4541 1234 4593 δὲ
1259 4537 1465 4609 ταύτην
1489 4539 1844 4610 εὑρίσκοντας

263 4631 530 4699 ἡττᾶσθαι
553 4632 734 4684 δοκεῖν
774 4633 957 4702 πάσης
989 4633 1256 4702 αἰσχύνης
1289 4632 1668 4701 ἀπήλλακται.
1707 4632 1848 4696 Τοὺς

262 4724 375 4793 γάρ
418 4727 533 4788 τοῖς
564 4725 664 4793 τῆς
707 4725 970 4794 ἀληθείας
1009 4725 1196 4788 ὅπλοις
1230 4725 1539 4786 ἐνδιδόντας
1585 4720 1874 4792 ἑτοίμως,’

260 4815 359 4868 καὶ
400 4817 630 4885 φανείσῃ
661 4816 820 4886 μόνον
851 4818 1181 4880 ὑπείκοντας
1207 4818 1383 4879 οὐδεὶς
1414 4816 1482 4870 ἂν
1515 4818 1660 4870 εἴποι
1697 4820 1852 4872 νικᾶ-

260 4904 392 4960 σθαι
426 4907 557 4977 παρ’
595 4908 810 4972 οὐδενὸς
854 4909 960 4962 τῶν
1005 4908 1338 4978 ἀνθρώπων,
1362 4902 1437 4962 ὧν
1467 4909 1694 4978 αἰσχρόν
1729 4911 1851 4964 ἐστι

259 4995 365 5048 καὶ
386 4997 605 5068 χείρους
633 4998 895 5067 ὀφθῆναι,
937 5000 1052 5054 ἀλλ’
1093 5001 1198 5054 ὑπὸ
1232 5001 1333 5070 τῆς
1364 5001 1626 5070 ἀληθείας
1653 5003 1848 5071 αὐτῆς,

260 5092 358 5158 ὑφ’
390 5086 458 5163 ἧς
497 5091 633 5162 εὐχὴ
691 5094 860 5147 πᾶσιν
905 5087 1218 5165 ἀνθρώποις
1281 5094 1402 5147 ἐστὶ
1449 5097 1510 5147 τὸ
1565 5096 1848 5151 νικᾶσθαι.

257 5183 443 5253 Νικᾷν
468 5183 524 5237 δὲ
557 5185 751 5253 ψεῦδος
785 5186 990 5250 αὐτοὺς
1021 5190 1116 5240 καὶ
1160 5187 1306 5257 μάλα
1337 5188 1560 5251 δικαίως
1593 5191 1739 5242 εἶπαι
1767 5207 1851 5253 τις

260 5276 354 5337 ἂν,
387 5275 485 5328 ire
515 5278 654 5346 μετά
683 5278 784 5346 τῆς
835 5278 1097 5348 ἀληθείας
1150 5279 1408 5342 ἐπιόντας
1440 5279 1518 5349 τῷ
1568 5279 1779 5346 ψεύδει,
1807 5273 1852 5347 ᾧ

260 5366 357 5419 τδν
397 5367 638 5434 πρόσθεν
669 5369 861 5440 χρόνον
917 5371 1262 5426 ἐδούλευσαν.
1298 5374 1404 5425 Καὶ
1441 5371 1553 5441 μὴν
1597 5373 1715 5425 οὐδὲ
1773 5372 1853 5441 τῷ

260 5457 425 5523 δνέεαν
451 5459 612 5530 δόξης
640 5463 1007 5532 νουνεχὸντως
1031 5463 1390 5529 ἀλλάξασθαι,
1427 5465 1522 5518 καὶ
1548 5465 1684 5526 ὅλως
1715 5464 1853 5533 πρὸς

265 5552 507 5619 τάγαθὸν
543 5554 610 5607 ἐκ
654 5554 750 5608 τοῦ
808 5557 1053 5625 χείρονος
1093 5557 1444 5626 μεταϐαλεῖν,
1483 5557 1716 5628 αἰσχύνη
1768 5574 1852 5620 τις

267 5643 567 5711 πρόσεστιν
595 5660 609 5674 ⁸
643 5645 702 5697 οὐ
757 5648 866 5716 γὰρ
898 5649 929 5718 ἡ
988 5649 1080 5701 τοῦ
1120 5647 1293 5701 κακοῦ
1329 5649 1640 5717 μετάθεσις,
1671 5648 1786 5700 ἀλλ’
1819 5649 1850 5720 ἡ

265 5733 359 5786 τοῦ
389 5736 566 5789 κακοῦ
597 5741 835 5806 τήρησις
877 5743 936 5792 τὸ
973 5741 1224 5810 αἰσχρὶν,
1278 5743 1350 5803 ὡς
1387 5736 1507 5794 εἷπὲ
1549 5759 1655 5804 τις,
1715 5742 1850 5811 ἔχει.

272 5827 411 5893 Τοὺς
445 5829 549 5900 μὲν
583 5831 975 5903 οὖνΤραικοῦς
1011 5835 1093 5887 διὰ
1137 5833 1300 5889 ταῦτα
1347 5854 1485 5906 ’ξηειι
1524 5836 1630 5887 risi»
1667 5837 1728 5887 ix
1771 5835 1848 5886 ις’)

1951 3259 2046 3316 sed
2082 3258 2242 3327 plane
2277 3256 2606 3312 sententiam
2639 3253 3049 3324 reprobassent,
3077 3255 3190 3304 non
3220 3262 3362 3318 opus
3383 3257 3542 3302 esset

1952 3359 2013 3404 ut
2036 3347 2318 3402 vobiscum
2344 3337 2572 3415 agerent
2609 3363 2622 3398 :
2653 3342 3115 3411 quemadmodum
3145 3355 3269 3394 eum
3302 3337 3540 3394 homini-

1951 3441 2052 3496 bus
2086 3439 2192 3494 alia
2219 3438 2455 3508 quadam
2477 3435 2763 3492 iucurabili
2784 3433 3061 3503 opinionis
3085 3431 3352 3501 pravitate
3383 3429 3534 3483 labo—

1952 3533 2200 3588 rautibus
2223 3545 2291 3587 ne
2320 3530 2747 3599 disputationem
2781 3527 3002 3595 quidem
3061 3525 3262 3580 habere
3289 3529 3544 3592 pateren-

1955 3634 2043 3679 tur
2080 3625 2148 3679 de
2177 3637 2264 3678 ea.
2299 3620 2411 3676 Nec
2437 3635 2567 3675 vero
2597 3628 2758 3688 turpe.
2788 3629 2872 3672 est
2900 3616 3170 3686 utrisQue,
3189 3616 3234 3670 si
3267 3616 3546 3685 ignorant,

1953 3716 2239 3772 addiscere
2269 3731 2284 3780 ;
2319 3713 2423 3768 nisi
2453 3713 2686 3767 velimus
2718 3711 3013 3767 scientiam
3045 3723 3272 3778 prorsus
3297 3705 3546 3774 rejicere,

1954 3823 2078 3877 qua;
2114 3805 2336 3862 nonnisi
2369 3805 2581 3874 abiecta
2613 3804 2864 3872 opposita
2896 3801 3208 3872 ignorantia
3235 3805 3419 3869 potest
3452 3799 3553 3850 ba-

1954 3899 2094 3964 beri,
2123 3908 2173 3954 et
2199 3897 2448 3966 cujusvis
2483 3896 2731 3951 scientia:
2775 3895 2981 3964 peritos
3041 3893 3330 3959 damnare,
3392 3891 3545 3968 quoii

1959 3987 2328 4058 ignorantiam
2368 3994 2632 4056 perpetuo
2669 4000 2776 4040 non
2805 3984 3077 4050 coluerint
3109 3993 3258 4038 metu
3309 3983 3546 4036 dedeco-

1958 4082 2034 4136 ris
2069 4074 2214 4148 quod
2255 4079 2528 4146 sequitur,
2553 4077 2681 4130 dum
2719 4074 3003 4130 addiscere
3028 4072 3304 4127 videntur.
3341 4069 3381 4122 E
3406 4084 3546 4123 cou-

1953 4171 2125 4225 trario
2158 4177 2575 4237 namqueturpe
2605 4165 2783 4235 potius
2812 4173 2918 4229 est,
2959 4165 3090 4216 dum
3136 4176 3238 4218 nos
3271 4160 3413 4215 scire
3431 4173 3552 4213 0m-

1950 4263 2044 4318 uia
2071 4270 2354 4332 putamus,
2387 4260 2633 4329 nullique
2663 4259 2734 4312 ob
2767 4265 3078 4326 perceptam
3115 4254 3410 4308 utilitatem
3453 4253 3548 4304 ba«

1951 4354 2080 4408 bere
2110 4354 2341 4421 gratiam
2389 4352 2667 4414 volumus,
2697 4365 2758 4403 ex
2796 4349 2898 4402 hac
2929 4347 3040 4399 vita
3079 4359 3203 4400 cum
3241 4343 3562 4412 ignorantia,

1953 4446 2240 4520 decedere.
2275 4445 2544 4500 Pr'aaterea
2579 4459 2704 4498 cum
2745 4457 2847 4511 pro
2881 4440 3109 4494 veritate
3137 4438 3248 4493 sint
3298 4453 3327 4492 ο
3384 4436 3558 4492 nobis-

1955 4548 2207 4609 suscepta
2234 4537 2562 4598 certamina.
2585 4533 2888 4603 jucundum
2916 4548 3049 4586 sane
3071 4541 3155 4587 est
3178 4545 3304 4585 eum
3327 4543 3390 4581 ea
3436 4527 3548 4581 vic-

1956 4634 2152 4688 toriam
2165 4631 2462 4700 consequi;
2489 4628 2584 4684 sed
2618 4627 2768 4684 nullo
2798 4625 2960 4680 inludo
2986 4631 3144 4692 turpe
3163 4629 3248 4678 est
3271 4621 3464 4685 videri,
3483 4635 3551 4676 ea

1955 4732 2234 4794 comperta
2262 4737 2322 4778 se
2383 4721 2602 4776 dedere.
2631 4719 2736 4785 Qui
2758 4719 2905 4774 enim
2933 4725 3184 4786 prompto
3224 4714 3407 4768 animo
3458 4728 3551 4767 ce-

1954 4820 2090 4874 dunt
2110 4815 2281 4872 armis
2303 4813 2572 4878 veritatis,
2589 4812 2750 4880 eique
2770 4810 2851 4864 vel
2873 4806 3155 4878 apparenti
3179 4812 3392 4860 tantiim
3411 4803 3561 4860 colla

1955 4912 2305 4972 submittunt,
2353 4922 2462 4961 non
2491 4905 2706 4960 dicendi
2735 4914 2867 4959 sunt
2897 4917 2926 4956 a
2957 4913 3229 4968 quoq-nam
3259 4897 3546 4952 hominum

1953 5001 2123 5068 vinei,
2155 5001 2358 5071 quibus
2385 4999 2550 5054 etiam
2574 5007 2730 5065 turpe
2763 5003 2850 5049 est
2872 4994 3036 5048 videri
3063 4989 3372 5052 inferiores,
3400 4988 3492 5042 sed
3516 5003 3548 5044 a

1955 5095 2183 5150 veritate
2200 5093 2316 5162 ipsa
2345 5105 2411 5157 ;a
2433 5106 2538 5159 qua
2562 5104 2621 5144 se
2651 5087 2794 5142 vinci
2813 5092 3002 5156 optant
3025 5099 3218 5139 omnes
3251 5079 3558 5159 homines;

1959 5185 2104 5242 vinei
2123 5195 2305 5240 autem
2338 5184 2406 5238 ab
2437 5184 2545 5238 illis
2591 5179 2934 5236 mendacium
2959 5178 3087 5246 jure
3141 5177 3352 5243 Optimo
3402 5170 3552 5223 dicat

1955 5280 2254 5351 quispiam,
2283 5279 2330 5332 si
2356 5275 2598 5331 veritatis
2620 5288 2722 5343 ope
2746 5272 2876 5326 illud
2909 5273 3188 5338 impetant,
3220 5265 3306 5318 iui
3333 5261 3550 5323 fueram

1956 5385 2116 5430 antea
2153 5372 2422 5426 famulati.
2447 5368 2556 5424 Nec
2590 5368 2757 5423 etiam
2798 5366 2927 5419 illud
2964 5375 3118 5430 turpe
3171 5369 3278 5425 est,
3332 5366 3551 5413 senten-

1957 5469 2088 5520 tiam
2119 5465 2416 5535 prudenter
2443 5472 2676 5526 mutare,
2709 5469 2763 5514 et
2785 5457 3011 5513 omnino
3035 5455 3102 5507 de
3139 5453 3282 5506 malo
3335 5451 3388 5506 in
3449 5451 3559 5541 bo:

1958 5574 2087 5610 num
2122 5556 2391 5611 transire:
2440 5551 2721 5624 turpitudo
2745 5548 2890 5604 enim
2929 5549 2983 5600 in
3024 5560 3091 5600 eo
3117 5544 3224 5598 sita
3257 5555 3364 5608 est,
3406 5542 3552 5598 dixit

1959 5649 2202 5720 quidam,
2231 5663 2338 5702 non
2372 5647 2474 5701 sia
2514 5646 2655 5699 malo
2686 5641 2993 5705 recedatur,
3035 5642 3130 5694 sed
3189 5638 3234 5693 si
3284 5639 3337 5692 in
3401 5637 3548 5693 malo

1963 5749 2360 5810 perseveretur.
2391 5739 2608 5792 Graecos
2648 5734 2812 5805 igitur
2854 5741 3073 5802 propter
3112 5733 3225 5787 haec
3265 5731 3390 5785 dico
3448 5731 3544 5786 de—

1963 5835 2085 5891 bere
2116 5832 2350 5902 upiuari,
2387 5831 2585 5884 :iullnn
2633 5829 2684 5883 in
2711 5842 2827 5882 sese
2859 5825 3207 5897 ignominiaa)
3237 5825 3454 5888 cadere,
3494 5828 3539 5879 si
