3948 6186
276 207 383 270 ιιι)

1435 212 1714 273 ORATEO
1747 214 1802 273 ll
1848 216 1946 276 AD
1979 219 2363 280 SYNUDUM.

3422 230 3526 297 450

279 323 451 391 λαγὴν
486 318 766 391 ἀναψυχήν
792 321 922 388 γοῦν
958 340 1077 374 τινα
1128 326 1221 378 καὶ
1259 328 1615 395 παραμυθίαν
1652 331 1836 393 αὑτοῖς

1950 336 2199 390 sollicitis
2236 336 2393 405 plane
2433 335 2498 389 de
2532 337 2706 398 vobis,
2750 347 2801 391 et
2836 338 3144 407 orantibus,
3218 350 3277 397 ttt
3328 344 3517 400 saltem

274 422 304 486 ή
340 419 450 469 τῶν
492 418 731 482 ἐκγόνων
760 419 895 469 οἴσει
942 415 1249 485 διόρθωσις.
1286 420 1631 486 φροντίζουσι
1673 420 1842 488 δήπου

268 513 401 579 περὶ
435 508 611 578 ὑμῶν,
643 508 735 559 καὶ
791 508 933 574 ὑμᾶς
968 506 1097 574 γοῦν
1122 508 1441 577 εὐχομένοις
1472 509 1577 574 ἔξω
1611 509 1721 561 τῶν
1748 510 1837 561 αὑ-

263 605 381 660 τοῖς
429 599 833 669 ἐπενεχθέντων
881 599 1124 653 ἑστάναι.

344 695 478 747 Οὑτε
525 695 705 746 τοίνυν
765 694 1014 755 ἐκείνοις,
1069 696 1205 765 ὅπερ
1241 692 1417 759 εἷπον,
1480 697 1600 748 οὔτε
1660 699 1842 768 πολλῷ

270 787 477 853 μᾶλλον
517 788 627 845 τοῖς
661 784 800 853 μετά
851 784 1029 839 ταῦτα
1086 788 1187 856 τὴν
1219 788 1497 857 ὑμετέραν
1551 789 1839 857 διόρθωσιν

266 879 535 947 αἰσχύνης
577 876 837 928 ὑπόθεσιν
892 877 1253 946 ποιησόμεθα.
1306 880 1429 941 Πῶς
1471 880 1579 948 γὰρ
1620 884 1842 951 αἰσχυν-

266 972 533 1038 θήσονται
566 968 634 1021 δι’
666 968 836 1037 ἡμᾶς,
861 968 910 1019 οἳ
956 968 1076 1034 μεθ’
1110 970 1265 1037 ὑμῶν
1296 971 1584 1029 κάκείνους
1618 974 1715 1039 τῆς
1778 976 1840 1026 ὲκ

262 1061 363 1114 τοῦ
384 1061 615 1129 ψεύδους
646 1061 1006 1129 αἰσχρότητος
1033 1061 1442 1131 ἀπαλλάξομεν,
1494 1065 1585 1115 sui
1625 1060 1706 1126 οἷς
1756 1066 1839 1118 εὑ.

265 1155 549 1221 γνώμονες
568 1154 718 1215 ὄντες
747 1153 1015 1205 ἀθάνατον
1042 1154 1140 1223 τῆς
1156 1154 1421 1223 ὠφελείας
1450 1157 1646 1210 εἰδέναι
1681 1159 1841 1229 χάριν

268 1246 667 1316 βουλήσονται;
724 1244 845 1297 οὑδὲ
904 1245 1012 1312 γὰρ
1066 1238 1220 1297 αὐτοὶ
1257 1246 1357 1313 μὲν
1390 1250 1711 1319 χαιρήσουσι
1748 1250 1840 1301 τοῦ

266 1335 499 1403 ψεύδους
522 1334 955 1404 ἀπηλλαγμένοι,
972 1337 1098 1397 τοὺς
1121 1335 1175 1386 δὲ
1195 1336 1354 1388 τοῦτο
1373 1338 1843 1408 διαπραξαμένους

271 1427 427 1494 σφίσι
460 1426 774 1495 μισήσουσι,
806 1425 899 1477 καὶ
928 1425 1028 1488 τὰς
1072 1426 1183 1478 τῶν
1215 1427 1415 1479 ἀδίκων
1446 1431 1540 1481 καὶ
1590 1430 1844 1499 πονηρῶν

270 1517 658 1587 εἰσπράξονται
683 1518 860 1578 δίκας.
896 1518 1000 1568 Καὶ
1038 1518 1144 1585 μὴν
1171 1518 1281 1571 οὐδ’
1308 1518 1526 1571 ὀνειδιεῖ
1552 1536 1635 1582 τις
1658 1521 1843 1582 αὐτοῖς

271 1612 371 1675 τὴν
419 1607 694 1676 ὑμετέραν
727 1609 819 1659 ἐπὶ
864 1607 932 1659 τὰ
971 1608 1207 1677 κρείττω
1240 1610 1544 1681 μεταϐολὴν
1595 1613 1691 1663 καὶ
1738 1614 1839 1679 τὴν

1957 438 2051 477 vos
2079 439 2266 493 poenas
2297 424 2398 479 sibi
2444 426 2708 495 irrogatas
2749 426 3038 497 elTugiatis.

2024 691 2208 762 Neque
2228 694 2534 763 igiturillis.
2561 706 2619 749 ut
2664 698 2796 763 dixi,
2822 713 2921 751 nec
2956 700 3126 754 multo
3152 702 3322 770 magis
3342 712 3523 771 poste-

1952 785 2027 838 ris
2051 795 2283 840 vestram
2312 786 2741 841 emendationem
2788 789 3048 843 ducemus
3071 790 3377 859 ignom‘nia}
3410 808 3521 845 ma-

1951 876 2166 931 teriam.
2210 878 2383 944 Quam
2415 879 2558 933 enim
2604 880 2872 946 accipiant
2905 892 3122 949 propter
3161 898 3262 935 nos
3288 884 3518 954 ignomi-

1950 969 2119 1034 niam,
2148 971 2239 1038 qui
2260 986 2361 1023 una
2396 971 2673 1025 vobiscum
2707 972 2872 1025 illosa
2894 972 3156 1026 mendacii
3188 975 3521 1043 turpitudine

1952 1058 2571 1126 liberabirnnsMuibus,
2592 1062 2635 1113 si
2668 1062 2805 1129 grati
2834 1076 2956 1115 esse
2981 1062 3167 1124 velint,
3186 1062 3521 1116 immortales

1951 1149 2179 1204 libenter
2208 1149 2480 1203 habebunt
2507 1151 2708 1220 gratias
2739 1152 2809 1205 ob
2839 1164 3125 1220 acceptum
3162 1151 3520 1207 beneficium?

1950 1257 2125 1310 neque
2151 1243 2294 1294 enim
2324 1256 2383 1296 se
2412 1243 2625 1310 quidem
2652 1241 2905 1296 liberatos
2940 1259 2970 1296 a
3013 1243 3294 1298 mendacio
3316 1244 3518 1313 gaude-

1950 1334 2107 1394 bunt,
2140 1342 2389 1386 auctores
2441 1349 2570 1387 vero
2623 1333 2868 1388 beneﬁcii
2929 1334 3057 1389 odio
3115 1336 3410 1399 habebunt,
3464 1346 3519 1389 et

1952 1426 2265 1493 iniquorum
2288 1439 2688 1494 pratorumque
2706 1427 2986 1479 hominum
3009 1442 3220 1495 pinnam
3237 1429 3519 1481 subibunt.

1948 1515 2058 1570 Nec
2091 1517 2192 1570 erit
2220 1519 2311 1584 qui
2347 1517 2451 1570 illis
2473 1518 2764 1585 exprobret
2794 1528 3028 1574 vestram
3062 1520 3115 1574 in
3144 1519 3367 1575 meliora
3402 1537 3521 1574 mtt-

1954 1610 2230 1669 tationem,
2264 1607 2617 1676 veritatisque
2664 1610 3014 1677 agnitionem,
3059 1611 3159 1665 nisi
3190 1614 3281 1681 qui
3312 1624 3363 1666 et
3398 1614 3521 1667 illos

270 1702 368 1768 τῆς
400 1699 661 1769 ἀληθείας
719 1700 1039 1767 ἐπίγνωσιν,
1086 1700 1191 1762 ἕως
1231 1700 1298 1753 ἂν
1354 1702 1479 1768 μηδ’
1530 1703 1727 1765 αὑτοὺς
1764 1703 1839 1766 ὼς

1950 1699 2246 1753 insectetur
2294 1700 2450 1768 quasi
2492 1703 2664 1754 errori
2715 1702 2984 1766 addictos,
3034 1704 3315 1771 improbus
3362 1706 3517 1774 quis-

276 1791 665 1858 πλανωμένους
706 1790 904 1861 ἐλαύνῃ
937 1791 969 1859 ἢ
1022 1792 1259 1859 πονηρός
1284 1809 1365 1853 τις
1394 1792 1425 1861 ἢ
1463 1794 1555 1844 καὶ
1589 1794 1839 1863 ἀνόητος,

272 1885 338 1934 τὰ
375 1884 654 1949 στεφάνων
686 1884 811 1946 ἀξια
837 1882 1041 1952 ψέγων,
1076 1886 1171 1935 καλ⁵
1202 1884 1327 1937 νοῦν
1365 1884 1511 1955 ἔχειν
1541 1887 1671 1948 τοὺς
1702 1888 1841 1955 μετὰ

272 1974 369 2040 τῆς
405 1974 664 2043 ἀληθείας
717 1975 811 2026 καὶ
848 1976 948 2042 τὴν
990 1974 1141 2041 σφῶν
1174 1976 1452 2043 σωτηρίαν
1482 1978 1844 2045 προϊεμένους

274 2066 599 2127 ἀλαζονείας
642 2066 803 2135 χάριν
835 2067 1081 2134 οἰόμενος
1105 2083 1117 2096 ⁸
1156 2066 1291 2118 πολὺ
1326 2066 1383 2119 δὲ
1414 2068 1612 2135 μᾶλλον
1646 2069 1843 2133 αὐτοὺς

274 2156 381 2205 τῶν
426 2154 709 2223 ὑμετέρων
758 2157 1189 2225 κληρονομήσειν
1249 2155 1543 2225 ἐγκωμίων
1575 2158 1842 2233 ἠγοῦμαι⁹

274 2249 366 2297 καὶ
396 2248 509 2308 τοῖς
536 2247 819 2315 ὑμετέροις
856 2248 1295 2316 ἐγκαυχήσεσθαι
1325 2249 1530 2312 πόνοις,
1573 2249 1668 2310 οὒς
1702 2249 1841 2319 ὑπὲρ

275 2346 370 2410 τῆς
394 2342 649 2410 ἀληθείας
669 2343 991 2411 ὑφίστασθε.
1018 2343 1194 2405 Ὄλως
1222 2344 1277 2396 δὲ
1310 2344 1368 2395 τὸ
1402 2343 1501 2414 μὲν
1524 2344 1622 2414 τὴν
1652 2344 1845 2413 αίσχύο

274 2451 371 2501 νην
400 2437 509 2495 τοῖς
568 2436 865 2502 μετέπειτα
901 2434 1299 2503 παραπέμψειν
1339 2435 1484 2504 ὑμᾶς
1533 2436 1652 2488 οὑδὲ
1685 2436 1844 2501 λόγον

275 2530 422 2594 ἔχειν
460 2525 723 2595 ἡγοῦμαι,
782 2526 908 2588 τούς
943 2542 1006 2593 γε
1041 2528 1115 2596 μὴ
1169 2526 1384 2595 πρῶτον
1428 2528 1626 2590 αὑτοὺς
1662 2527 1842 2592 ἀξίους

274 2620 435 2681 ὖλτας
466 2618 819 2688 αἰσχύνεσθαι
848 2636 861 2648 ·
898 2618 1023 2671 οὔτε
1066 2618 1121 2670 δὲ
1151 2618 1213 2671 τὸ
1255 2619 1549 2689 μανθάνειν
1590 2620 1842 2689 αἰσχρὸν,

278 2712 498 2780 καὶτῆς
524 2712 781 2781 ἀληθείας
815 2713 849 2782 ἠ
900 2714 1091 2782 κτῆσις
1128 2712 1607 2781 εὐπρεπεστέρους
1643 2713 1845 2780 μᾶλλον

276 2804 563 2856 ἀποτελεῖν
614 2804 711 2856 καὶ
763 2804 1072 2872 λάμποντας
1117 2803 1329 2858 εἴωθεν,
1387 2803 1462 2855 Οὐ
1498 2802 1603 2872 μὴν
1637 2803 1750 2854 ἀλλ’
1795 2806 1844 2854 εί

277 2896 372 2948 καὶ
402 2897 512 2957 τοῖς
542 2895 624 2963 ἐφ’
661 2894 953 2962 ἑκατέρους
996 2893 1104 2945 τῶν
1150 2898 1357 2962 χρόνων
1391 2894 1693 2963 ἐμέλλομεν
1725 2896 1845 2947 ἀὸο⁴

280 2988 396 3051 ξίαν
423 2992 543 3041 τινὰ
576 2990 669 3041 καὶ
699 2989 897 3056 ὀνείδη,
925 2987 988 3039 ἐκ
1015 3004 1078 3055 γε
1108 2987 1202 3039 τοῦ
1226 2988 1428 3054 γνῶναι
1458 2988 1558 3057 τὴν
1584 2988 1843 3057 ἀλήθειαν

1944 1791 2087 1859 p‘am
2118 1799 2212 1844 aut
2238 1803 2417 1845 mente
2452 1801 2667 1861 captus,
2696 1792 2825 1846 dum
2855 1808 2976 1863 qua:
3020 1804 3148 1848 sunt
3173 1796 3390 1850 coronis
3432 1798 3519 1850 di-

1944 1898 2048 1953 gna
2076 1884 2441 1952 reprehendit,
2479 1894 2534 1938 et
2574 1887 2770 1940 mentis
2803 1901 2924 1940 esse
2950 1895 3230 1955 compotes
3265 1897 3390 1957 puta
3424 1905 3520 1943 eos

1946 1977 2037 2043 qui
2078 1976 2331 2044 superbia
2364 1976 2488 2031 elati
2519 1978 2790 2045 propriam
2843 1977 3071 2032 salutem
3123 1994 3245 2031 cum
3289 1980 3519 2032 veritate

1945 2067 2244 2135 projiciunt
2274 2086 2287 2121 :
2322 2068 2491 2120 multo
2542 2082 2672 2121 vero
2720 2070 2891 2137 magis
2940 2068 3181 2123 arbitror
3234 2070 3357 2123 illos
3406 2069 3521 2123 fore

1946 2168 2247 2213 vestrorum
2284 2159 2523 2212 brcredes
2553 2160 2951 2224 encomiorum,
2987 2170 3041 2215 et
3071 2161 3375 2230 jactatut‘os
3404 2178 3522 2215 sese

1947 2249 2015 2304 de
2036 2251 2230 2303 vestris
2262 2252 2562 2312 laboribus,
2609 2266 2747 2319 quos
2789 2251 3066 2320 suscipitis
3123 2266 3222 2321 pro
3271 2255 3517 2306 veritate.

1947 2322 2183 2397 Oinnino
2238 2353 2418 2397 autem
2463 2344 2530 2398 de
2581 2343 2879 2412 ignominia
2940 2344 2991 2396 iu
3023 2354 3266 2413 posteros
3301 2361 3328 2399 a
3363 2348 3519 2399 vobis

1949 2436 2379 2492 transfundenda
2426 2452 2526 2491 nec
2559 2439 2858 2491 curandum
2889 2438 3145 2502 arbitror,
3186 2438 3313 2491 dum
3359 2439 3517 2507 primi

1950 2544 2046 2583 vos
2092 2529 2189 2597 ipsi
2218 2528 2365 2599 digni
2420 2544 2532 2582 non
2572 2529 2713 2593 sitis,
2771 2530 2859 2597 qui
2899 2528 3091 2583 merito
3139 2530 3516 2593 erubescatis;

1950 2637 2071 2675 nam
2102 2632 2153 2674 et
2182 2623 2361 2675 dicere
2402 2630 2557 2689 turpe
2597 2636 2702 2673 non
2736 2631 2837 2682 est,
2870 2629 2923 2673 et
2964 2622 3167 2674 veritas
3210 2621 3519 2675 orttatlores

1949 2715 2128 2779 potius
2150 2714 2371 2766 reddere
2394 2714 2529 2767 solet
2551 2722 2713 2780 atque
2735 2712 2971 2766 illustres
2989 2728 3102 2773 eos,
3131 2729 3158 2765 a
3187 2714 3383 2779 quibus
3409 2714 3520 2781 ipsa

1947 2808 2277 2875 possidetur.
2309 2806 2460 2869 Quod
2492 2806 2535 2858 si
2565 2806 2725 2859 etiam
2762 2805 3003 2857 futurum
3029 2814 3193 2868 esset,
3226 2818 3283 2859 ut
3320 2808 3517 2874 probra

1947 2908 1999 2952 et
2032 2898 2268 2953 dedecus
2297 2901 2581 2964 utriusque
2606 2900 2868 2961 temporis
2895 2897 3209 2951 hominibus
3239 2898 3515 2965 imprime-

1948 3005 2150 3052 remus,
2214 3003 2279 3043 eo
2335 2988 2480 3057 quod
2542 2988 2644 3055 ipsi
2698 2986 2978 3040 veritatem
3046 2984 3509 3054 agnosceremus;

278 3080 431 3132 αὐτοὶ
452 3080 758 3150 προξενεῖν,
791 3080 917 3149 μήτ’
946 3079 1175 3140 ἐκείνοις
1210 3078 1375 3131 αἴτιοι
1428 3080 1720 3147 γεγονότες
1747 3080 1842 3132 τοῦ

1950 3096 2071 3134 cum
2093 3094 2193 3134 nec
2218 3078 2325 3133 illis
2355 3078 2615 3131 credendi
2652 3078 2918 3131 mendacii
2944 3086 3194 3131 auctores
3227 3077 3516 3138 luerimus.

274 3171 531 3239 ψεύδους,
589 3172 681 3223 καὶ
736 3170 945 3233 τούτοις
994 3170 1282 3237 δυνάμενοι
1340 3170 1439 3238 τῆς
1490 3168 1846 3237 ὑγιαινούσης

275 3264 437 3330 δόξης
466 3260 609 3314 εἶναι
667 3262 999 3331 καθηγηταὶ,
1052 3262 1151 3314 οὑκ
1202 3262 1369 3330 ἐχρῆν
1401 3261 1551 3330 ἡμᾶς
1600 3260 1702 3327 τῆς
1734 3260 1843 3313 τῶν

275 3356 453 3409 ἄλλων
478 3355 840 3425 προνοοῦντας
867 3354 1056 3425 τιμῆς,
1088 3353 1185 3423 τῆς
1208 3354 1415 3414 οἰκείας
1448 3353 1727 3423 ὑπερορᾷν
1750 3351 1847 3404 καὶ

271 3451 378 3517 τὴν
409 3451 472 3502 ἐκ
503 3450 604 3519 τῆς
650 3449 911 3519 ἀληθείας
952 3448 1110 3511 δόξαν
1167 3445 1472 3517 προΐεσθαι.
1522 3444 1586 3499 Εί
1617 3444 1674 3497 δὲ
1722 3443 1844 3499 καθ’

277 3542 439 3613 ἡμῶν
462 3542 639 3594 αὑτῶν
665 3540 888 3611 ᾔδειμεν
936 3540 1083 3594 ἆπαν
1119 3539 1383 3609 μέμψεως
1440 3538 1843 3609 ὲιρεθησόμενον

276 3634 452 3695 εέλος,
484 3633 649 3701 ὁμόσε
680 3633 846 3685 πᾶσιν
879 3630 985 3684 εδει
1008 3632 1229 3702 χωρεῖν,
1258 3630 1411 3683 οὐδὲν
1443 3629 1538 3682 τοῦ
1568 3630 1710 3698 μετὰ
1744 3629 1844 3698 τῆς

274 3722 536 3792 ἀληθείας
568 3721 927 3791 ἀτιμάζεσθαι
950 3738 1006 3773 τε
1034 3724 1129 3777 καὶ
1155 3722 1437 3791 θνήσκειν,
1463 3720 1511 3772 εί
1537 3720 1666 3784 δέοι,
1687 3720 1844 3789 νομί-

274 3816 473 3878 ζοντας
519 3814 881 3883 αἱρετώτερον
914 3830 929 3846 ·
963 3815 1056 3866 καὶ
1088 3812 1479 3882 λογιζομένους
1510 3814 1610 3879 μὲν
1646 3812 1748 3880 τὴν
1782 3812 1840 3863 ὲν

274 3908 528 3977 οὐρανοῖς
557 3906 872 3978 παρρησίαν
901 3907 993 3960 καὶ
1033 3905 1213 3971 δόξαν,
1265 3906 1332 3975 ἥν
1359 3904 1521 3956 ἕνεκα
1544 3904 1652 3955 τῶν
1703 3902 1846 3973 ὑπὶρ

275 4006 378 4070 τῆς
418 4000 672 4070 ἀληθείας
717 3999 979 4068 καμάτων
1030 3998 1391 4067 ὀφειλομένην
1440 3997 1572 4064 ἡμῖν
1626 3996 1681 4049 αί
1734 3994 1845 4047 τῶν

276 4093 582 4164 ἀνθρώπων
608 4092 842 4161 μέμψεις
871 4090 1099 4159 ἔμελλον
1142 4088 1326 4153 αὔξειν
1348 4104 1363 4119 ⁸
1406 4086 1844 4157 ἐνθυμουμένους

275 4187 337 4238 δὲ
367 4186 449 4249 τὸ,
470 4186 618 4244 ὅπως
652 4186 810 4253 ἡμεῖς
841 4182 942 4253 βίῳ
966 4184 1060 4235 καὶ
1094 4182 1272 4234 πίστει
1302 4179 1689 4250 διορθωθέντες
1738 4196 1845 4231 σω-

277 4277 504 4347 ζώμεθά
533 4293 592 4328 τε
618 4278 710 4329 καὶ
750 4272 1124 4343 δοξαζώμεθα,
1161 4273 1269 4325 πᾶν
1322 4270 1538 4335 ἀδοξίας
1574 4266 1713 4351 εἶδος
1756 4268 1841 4337 ἐφ’

1947 3180 2000 3224 et
2026 3172 2109 3224 his
2135 3170 2410 3239 possimus
2438 3185 2583 3223 sana:
2634 3170 2911 3239 opinionis
2937 3184 3056 3225 esse
3088 3171 3331 3240 magistri
3362 3187 3376 3233 ;
3403 3186 3510 3223 nou

1946 3270 2221 3330 oporteret
2250 3276 2348 3316 nos
2371 3261 2598 3315 aliorum
2629 3261 2823 3315 honori
2853 3260 3203 3316 consulentes
3263 3272 3513 3316 nostrum

1946 3362 2310 3417 contemnere,
2333 3364 2384 3407 et
2415 3353 2695 3422 aspernari
2725 3353 2948 3423 gloriam
2985 3368 3047 3408 ex
3074 3355 3302 3408 veritate
3325 3368 3517 3421 prove-

1947 3446 2205 3505 nieutem.
2234 3445 2299 3498 Et
2322 3444 2367 3500 si
2385 3454 2577 3499 contra
2603 3458 2702 3498 nos
2728 3445 2875 3514 ipsos
2894 3460 3055 3499 omne
3073 3446 3519 3515 reprehensionis

1949 3542 2112 3595 telum
2159 3538 2423 3593 sciremus
2476 3534 2877 3608 conjiciendum
2911 3577 2926 3598 ,
2976 3538 3214 3591 eundum
3266 3540 3515 3593 cominus

1946 3640 2090 3685 esset
2124 3630 2190 3683 ad
2219 3629 2540 3699 excipienda
2572 3630 2780 3691 omnia,
2827 3629 2961 3684 nihil
2998 3630 3291 3699 optabilius
3332 3631 3517 3685 existi-

1947 3722 2240 3787 mantibus,
2280 3736 2441 3792 quam
2486 3721 2595 3790 pati
2621 3720 2989 3775 contumelias
3021 3735 3143 3775 cum
3182 3723 3429 3784 veritate,
3462 3732 3519 3775 et

1947 3816 1991 3872 si
2022 3830 2159 3885 opus
2194 3814 2285 3881 sit,
2318 3813 2489 3869 emori
2523 3831 2537 3879 ;
2577 3828 2641 3867 ac
2670 3829 2779 3883 pra:
2811 3812 2986 3867 oculis
3016 3814 3232 3882 quidem
3268 3815 3518 3871 babenti-

1949 3908 2047 3962 bus
2082 3906 2493 3975 amplitudinem
2539 3914 2591 3960 et
2621 3905 2846 3976 gloriam
2881 3906 3180 3977 cmlestetn,
3211 3924 3371 3977 quam
3418 3926 3518 3963 no-

1946 3999 2030 4053 bis
2054 3999 2121 4053 ob
2151 3998 2365 4053 labores
2416 4012 2515 4067 pro
2550 3998 2778 4052 veritate
2834 3998 3073 4052 debitam
3138 3999 3516 4055 obtocutiones

1950 4094 2227 4147 hominum
2288 4090 2667 4154 cumularent;
2722 4089 2865 4143 illam
2898 4098 3077 4142 autem
3130 4088 3513 4156 cogitationem

1948 4184 2303 4247 volventibus,
2324 4198 2431 4252 quo
2466 4191 2622 4252 pacto
2666 4198 2761 4252 per
2786 4183 2907 4236 vita:
2932 4197 2994 4235 ac
3025 4182 3148 4235 fidei
3179 4182 3518 4235 emendatio-

1950 4292 2069 4332 nem
2098 4289 2497 4344 consequamur
2526 4274 2754 4328 salutem
2806 4282 2859 4327 et
2885 4273 3138 4343 gloriam,
3189 4273 3431 4327 admisso
3459 4274 3511 4326 in

279 4368 506 4430 ἑαυτοὺς
532 4368 971 4437 προσηκάμενοι.
1008 4366 1186 4427 Ὀλως
1216 4363 1274 4416 δὲ
1298 4365 1394 4433 οὐχ
1426 4364 1537 4430 ὁρῶ
1560 4363 1686 4421 τοὺς
1715 4360 1842 4430 ὑμῖν

1954 4385 2051 4425 nos
2086 4370 2231 4437 ipsos
2253 4365 2399 4419 omni
2429 4365 2771 4419 contumelia:
2803 4378 3016 4433 genere.
3047 4360 3280 4418 Omnino
3332 4373 3511 4417 autem

276 4460 635 4521 όνειδιοῦντας
658 4460 854 4519 οἵτινες
878 4458 1112 4521 ἔσονται,
1140 4457 1233 4507 καὶ
1262 4450 1338 4507 ὧν
1367 4454 1601 4506 αἰδεῖσθε
1636 4455 1843 4523 σφόδρα

278 4555 374 4615 τὰς
412 4552 668 4623 μέμψεις.
701 4551 837 4613 Τοὺς
873 4551 972 4620 μὲν
1006 4552 1115 4619 γὰρ
1151 4547 1269 4617 μεθ’
1310 4548 1453 4616 ὑμᾶς
1481 4548 1576 4599 καὶ
1600 4548 1845 4615 φρίττειν

276 4644 375 4705 τὰς
412 4642 685 4712 ὑμετέρας
717 4639 933 4710 ψήφους
966 4640 1202 4708 ἀνάγκη,
1238 4639 1335 4707 τὴν
1392 4639 1551 4701 ἀξίαν
1581 4636 1845 4688 εὐλαϐου-

282 4738 508 4807 μένους.
538 4737 604 4805 ἦν
635 4738 745 4796 τοῖς
778 4750 835 4785 τε
868 4733 1047 4794 ἄλλοις
1104 4734 1194 4785 καὶ
1236 4731 1313 4800 τῷ
1343 4732 1437 4800 τῆς
1473 4731 1734 4799 ἀληθείας
1770 4729 1846 4791 ὡς

276 4830 384 4881 ἔδει
418 4827 839 4898 πεφροντικέναι
871 4827 1241 4891 περικείμενοι
1270 4824 1492 4888 δείξετε,
1552 4822 1644 4873 καὶ
1697 4821 1847 4889 τηλι-

276 4923 458 4992 καύτῃ
510 4920 714 4986 συνόδῳ
764 4919 1034 4987 προπετὲς
1071 4916 1407 4985 ἡγουμένους
1443 4917 1539 4966 καὶ
1597 4913 1844 4966 κινδύνου

275 5016 452 5083 γέμον
481 5013 919 5082 διακυρίττεσθαι
948 5012 1332 5078 ’ἐμμένοντας
1357 5008 1413 5059 δὲ
1438 5010 1548 5067 τοῖς
1580 5006 1669 5072 ὑφ’
1694 5006 1845 5075 ὑμῶν

274 5104 666 5172 ἐγνωσμένοις,
699 5101 794 5153 καὶ
830 5102 993 5170 τιμᾷν
1018 5099 1163 5157 εἰκὸς
1196 5096 1372 5148 ταῦτα
1399 5097 1493 5146 καὶ
1514 5094 1607 5146 τοῦ
1637 5094 1845 5157 παντὸς

272 5195 407 5259 ἄξια
441 5194 667 5263 κρίνειν,
703 5195 796 5245 καὶ
842 5194 999 5264 χάριν
1034 5191 1164 5256 ὑμῖν
1196 5188 1337 5255 ὑπὲρ
1396 5186 1603 5238 τούτων
1652 5188 1844 5255 ὁμολο-

274 5293 420 5357 γεῖν,
454 5290 548 5340 καὶ
572 5292 689 5349 ταῖς
720 5288 827 5339 τῶν
860 5284 1145 5355 μακαρίων
1173 5283 1316 5350 ὑμᾶς
1350 5279 1608 5345 ἀγάλλειν
1635 5283 1841 5348 τιμαῖἶο

275 5378 356 5433 ὢν
393 5380 604 5444 ἀξιοῦσι
640 5380 765 5441 τοὺς
796 5381 907 5439 τοῖς
939 5377 1145 5445 ὁμοίοις
1186 5378 1398 5441 ἀγῶσιν
1450 5373 1844 5440 ὲνδιαπρέῲαν-

277 5488 398 5532 τας.
440 5472 501 5523 lii
528 5472 583 5523 δέ
614 5488 759 5531 τινες
792 5468 1074 5540 παρρησίᾳ
1101 5468 1272 5520 ταῦτα
1298 5466 1583 5535 τιμῶντες,
1613 5465 1740 5530 ὑμῖν
1769 5462 1842 5523 ὡς

216 5576 227 5583 ·
277 5565 374 5630 τῆς
416 5565 477 5613 ὲκ
514 5562 608 5613 τοῦ
646 5556 898 5614 νικᾶσθαι
937 5562 1414 5629 καταφρονήσασιν
1440 5556 1664 5624 ἀτιμίας
1700 5555 1839 5621 μέμ-

290 5656 483 5723 φεσθαι
531 5656 821 5724 βούλοιντο,
855 5652 969 5704 ἀλλ’
1014 5654 1139 5721 ὑμῖν
1170 5654 1201 5721 ἡ
1239 5652 1381 5718 παρὰ
1422 5651 1525 5700 τῶν
1555 5648 1726 5715 ἔργω-,ο
1758 5648 1840 5697 6'}-

1952 4479 2058 4517 non
2101 4462 2254 4516 video
2286 4459 2503 4527 quinam
2530 4466 2688 4510 erunt
2722 4472 2753 4510 a
2786 4456 2982 4525 quibus
3010 4454 3205 4525 probra
3236 4453 3388 4508 vobis
3416 4454 3516 4507 oh-

1944 4556 2226 4626 jiciantur,
2263 4551 2316 4604 et
2343 4564 2576 4619 quorum
2611 4549 2984 4617 querimonias
3007 4546 3163 4601 valde
3194 4546 3518 4600 revereami-

1951 4647 2027 4699 ni.
2061 4644 2193 4698 Nam
2238 4641 2441 4709 posteri
2490 4639 2911 4710 perhorrescant
2966 4637 3127 4691 etiam
3180 4650 3399 4689 necesse
3436 4645 3518 4688 est

1951 4751 2159 4794 vestras
2174 4737 2486 4794 sententias.
2504 4732 2647 4787 ducti
2667 4740 2853 4785 vestrae
2868 4729 3140 4799 dignitatis
3155 4727 3515 4789 observantia,

1953 4844 2113 4899 quam
2137 4843 2245 4896 prae
2279 4825 2426 4878 vobis
2454 4823 2661 4883 feretis,
2688 4829 2799 4875 tum
2823 4834 2916 4887 per
2947 4816 3074 4881 alia,
3100 4826 3214 4869 tum
3243 4816 3288 4869 si
3316 4817 3511 4867 seriam

1951 4936 2136 4975 curam
2160 4919 2223 4970 ad
2247 4918 2526 4971 veritatem
2554 4913 2898 4968 contuleritis
2920 4930 2932 4965 :
2956 4908 3278 4964 temeritatis
3297 4908 3437 4959 enim
3461 4922 3517 4958 se

1952 5012 2218 5081 putabunt
2256 5018 2460 5063 tantam
2486 5007 2751 5076 synodum
2797 5018 2964 5058 cornu
2993 5015 3195 5071 petere,
3247 5000 3356 5051 into
3388 5013 3515 5047 vero

1951 5105 2340 5171 amplectentur
2366 5109 2538 5154 vestra
2576 5098 2815 5159 decreta,
2857 5096 3181 5148 honorantes
3210 5107 3291 5154 ea,
3324 5098 3373 5140 et
3397 5088 3515 5152 pitt-

1952 5194 2070 5247 rimi
2101 5192 2357 5246 facientes
2380 5230 2393 5252 ,
2417 5188 2671 5257 vobisque
2704 5194 2986 5256 propterea
3022 5183 3223 5252 gratias
3264 5185 3440 5245 agent.
3464 5185 3517 5225 et

1953 5280 2251 5335 honoribus
2280 5292 2415 5346 quos
2447 5276 2684 5329 tribuere
2705 5276 2879 5329 solent
2915 5273 3107 5333 beatis,
3141 5267 3234 5337 qui
3266 5267 3516 5333 Splendo-

1953 5390 2008 5427 re
2051 5370 2419 5425 consimilium
2470 5370 2825 5424 certaminum
2874 5365 3169 5422 emicuere,
3222 5357 3516 5410 ornahunt.

1950 5465 2100 5529 Quod
2130 5464 2172 5516 si
2203 5462 2291 5529 qui
2321 5461 2541 5519 fuerint.
2575 5462 2665 5529 qui
2706 5475 2764 5513 ea
2787 5455 3002 5525 quidem
3039 5460 3224 5520 aperte
3266 5446 3510 5515 probent,

1951 5571 2044 5609 vos
2080 5563 2259 5607 autem
2291 5553 2685 5621 reprehendere
2733 5548 2923 5609 velint,
2956 5544 3098 5614 quod
3139 5543 3264 5596 victi
3300 5542 3368 5593 ab
3394 5540 3515 5593 aliis

1949 5650 2181 5703 dedecus
2203 5649 2301 5701 hoc
2320 5646 2663 5714 susceperitis
2700 5662 2712 5697 :
2742 5651 2795 5696 at
2814 5641 2968 5695 vobis
2992 5648 3138 5693 certe
3168 5636 3300 5690 satis
3324 5635 3427 5688 erit
3449 5648 3516 5686 ex
