3948 6186
391 302 496 364 451

398 417 559 469 rebus
582 410 744 478 gestis
779 405 1018 461 nancisci
1051 403 1275 474 gloriam
1301 425 1310 455 2
1340 403 1594 472 quodque
1621 411 1732 454 tum
1760 408 1974 461 ιὀεινιιι,
2006 406 2046 458 Α

395 517 512 563 tum
559 504 784 555 aliorum
842 509 1035 566 sponte
1089 511 1187 550 vos
1245 494 1590 562 sequentium
1655 489 1817 544 saluti
1879 504 1976 557 per

397 595 642 653 veritatis
673 591 1005 660 agnitionem
1039 587 1448 642 consulueritis.
1510 583 1615 638 Sed
1654 598 1752 637 nec
1783 598 1973 637 eorum

393 691 492 763 qui
523 701 667 742 nunc
707 686 874 739 vitam
907 683 1129 750 degunt,
1171 693 1264 731 vos
1293 676 1583 746 quisquam
1631 675 1975 740 culpaverit:

401 799 508 838 non
555 779 755 842 Graeci,
793 776 993 845 quibus
1051 771 1360 825 vitlcbimini
1419 769 1710 823 maximam
1765 768 1979 821 laudem

399 873 618 937 mereri,
643 881 698 924 et
725 883 890 938 penes
928 881 1064 935 quos
1130 860 1425 915 immortali
1465 859 1659 914 vivetis
1689 856 1978 918 memoria,

400 967 546 1036 quod
585 975 638 1018 et
662 961 988 1030 sumptibus.
1029 966 1082 1010 et
1106 955 1452 1024 corporibus,
1489 960 1543 1006 et
1577 951 1842 1014 scientia,
1866 947 1983 1003 aui-

404 1061 474 1113 mi
499 1057 731 1124 denique
767 1049 1137 1105 moderatione
1160 1062 1225 1102 ac
1251 1045 1447 1100 divinis
1476 1042 1800 1113 quibusdam
1838 1038 1983 1108 cogi-

406 1149 702 1204 tationibus
731 1158 917 1214 pacem
936 1141 1037 1196 soli
1085 1139 1196 1193 fere
1218 1153 1280 1190 ex
1300 1135 1556 1190 omnibus
1577 1130 1925 1188 conleceritis
1961 1146 1974 1180 :

406 1255 580 1308 neque
609 1235 967 1303 vosmetipsos
1001 1231 1129 1301 ipsi,
1160 1244 1256 1283 nec
1287 1229 1428 1282 alius
1458 1242 1522 1281 ex
1559 1226 1627 1280 iis
1656 1223 1750 1294 qui
1771 1229 1986 1277 vestras

406 1342 587 1403 partes
617 1335 937 1398 sequuntur.
964 1323 1166 1378 Omnes
1200 1319 1346 1374 enim
1387 1316 1713 1372 sententiam
1745 1322 1984 1368 vestram

409 1438 664 1492 tanquam
695 1419 952 1475 divinitus
979 1417 1145 1469 latam
1200 1411 1464 1480 arripieut
1511 1426 1525 1464 :
1557 1418 1667 1462 tum
1690 1405 1829 1475 quia
1856 1419 1989 1458 con-

411 1517 648 1588 gregatio
678 1522 762 1568 est
793 1508 1114 1566 universalis
1152 1504 1436 1570 {Ecclesia},
1471 1516 1634 1570 quam
1666 1512 1852 1552 errare
1887 1495 1988 1549 itu-

413 1609 668 1680 possibile
699 1615 802 1671 est,
829 1614 941 1658 tum
977 1601 1105 1670 quia
1136 1599 1226 1653 illa
1250 1596 1400 1666 pacis
1452 1595 1556 1649 erit
1580 1607 1767 1654 causa,
1817 1604 1980 1659 quam

413 1715 604 1756 omnes
640 1693 1010 1767 optant.quod
1064 1705 1174 1760 per,
1196 1704 1318 1744 eam
1351 1691 1671 1753 exspectent
1700 1683 1985 1736 liberatum

416 1809 474 1847 se
498 1793 561 1843 iri
599 1790 668 1844 ab
716 1785 966 1841 omnibus
995 1779 1287 1837 tet‘errimis
1312 1776 1494 1841 malis,
1542 1788 1775 1842 quorum
1836 1769 1990 1838 origo
2026 1751 2065 1802 Β

415 1881 621 1937 exstitit
652 1879 895 1946 utrisque
923 1874 1186 1928 schisma.
1209 1869 1480 1924 Cmterum
1517 1867 1560 1920 si
1591 1866 1686 1919 ﬁat
1715 1874 1901 1919 utnon
1925 1863 1994 1916 ab

418 1973 670 2026 numinibus
717 1965 1036 2028 laudemini,
1087 1977 1188 2018 nec
1240 1960 1497 2016 omnibus
1529 1957 1772 2012 arrideat
1815 1964 1992 2009 vestra

421 2061 688 2118 sententia
716 2078 729 2112 :
762 2057 856 2112 sed
885 2058 957 2109 sit
1009 2054 1232 2122 aliquis,
1265 2051 1348 2104 cui
1381 2050 1564 2119 potius
1618 2047 1993 2102 concertando

419 2155 730 2227 placeretis,
757 2159 812 2206 et
842 2146 1134 2204 everteudo
1152 2145 1358 2208 omnia,
1383 2158 1452 2198 ne
1475 2143 1758 2214 ignorasse
1776 2150 1996 2210 prmer-

419 2249 497 2303 ito
521 2247 774 2313 tempore
820 2239 965 2310 quod
997 2238 1140 2292 credi
1173 2234 1458 2306 oportebat
1505 2252 1519 2288 :
1561 2232 1856 2288 videamini
1887 2246 1994 2285 non

421 2337 629 2392 debetis
664 2341 947 2402 propterea
980 2342 1277 2399 paucorum
1311 2325 1518 2391 laudes,
1543 2338 1746 2394 easque
1775 2323 1996 2376 vitiosas

423 2433 760 2479 commutare
805 2435 929 2474 cum
953 2417 1173 2472 fastidio
1191 2415 1548 2484 plurimorum
1567 2421 1622 2467 et
1643 2412 1993 2481 optimorum,

423 2527 478 2570 rt
496 2515 710 2584 optimae
730 2513 804 2566 rei
829 2526 992 2566 causa
1013 2517 1274 2577 concepto
1299 2524 1312 2559 :
1345 2521 1466 2560 cum
1488 2506 1613 2560 licet
1629 2505 1811 2558 cuncti
1834 2503 1996 2558 simul

427 2621 590 2676 prave
612 2605 874 2668 sentiant,
906 2610 962 2656 et
984 2600 1214 2654 moleste
1244 2598 1347 2653 hoc
1369 2596 1566 2660 ferant,
1589 2611 1688 2651 vos
1704 2604 1886 2650 tamen
1919 2593 2002 2647 ni-

430 2699 504 2753 hil
525 2711 738 2760 curare,
769 2694 863 2750 sed
901 2703 1110 2746 tantum
1141 2691 1208 2745 de
1243 2690 1476 2746 honesto
1501 2698 1556 2743 et
1588 2701 1716 2742 vero
1739 2686 2001 2742 sollicitos

427 2805 550 2846 esse
593 2795 874 2857 oporteat:
918 2784 1050 2840 illud
1099 2783 1334 2838 scientes
1385 2795 1604 2836 omnem
1641 2779 1920 2850 querelam
1948 2786 2002 2834 et

431 2880 822 2952 oppositionem
857 2875 1106 2932 frivolam
1133 2874 1269 2940 lore,
1296 2873 1339 2927 si
1372 2873 1534 2927 modo
1562 2879 1682 2926 rata
1715 2871 1846 2936 sint,
1880 2884 2002 2940 qua:

433 2973 562 3028 ﬁent
581 2988 610 3028 a
627 2970 798 3027 vobis.
817 2968 946 3023 Nam
971 2967 1015 3022 si
1039 2981 1227 3022 verum
1251 2974 1334 3020 est
1354 2978 1385 3018 a
1407 2978 1492 3017 me
1515 2962 1828 3026 dicendum,
1853 2960 2003 3015 omni

433 3081 502 3119 ne
529 3079 688 3134 quem
717 3060 988 3116 olfemlam
1026 3057 1338 3122 suspicione
1381 3065 1607 3119 remota,
1663 3068 1758 3108 vos
1792 3061 2001 3106 tantum

431 3174 570 3229 Opus
604 3167 689 3212 est
717 3167 772 3210 ut
823 3155 1041 3210 inanem
1075 3151 1304 3222 gloriam
1357 3148 1699 3218 despiciatis,
1732 3156 1787 3204 et
1819 3146 2001 3200 omnia

433 3252 569 3306 bene
598 3264 657 3304 se
708 3246 981 3302 habebunt
1008 3260 1023 3310 ;
1071 3251 1124 3298 et
1151 3243 1196 3297 si
1217 3239 1348 3296 illud
1384 3254 1482 3310 pro
1509 3247 1658 3294 certo
1683 3235 1885 3292 animis
1915 3251 2007 3290 ve-

433 3343 563 3398 stris
586 3339 998 3412 proposueritis.
1029 3335 1143 3390 fore
1167 3345 1226 3388 ut
1250 3348 1528 3402 nunquam
1570 3347 1668 3387 vos
1709 3329 1877 3387 vestri
1909 3344 2012 3398 pu-

435 3434 580 3492 deat,
613 3440 705 3484 aut
729 3430 798 3484 ob
828 3426 1110 3485 sententia:
1141 3424 1498 3480 mutationem
1530 3421 1852 3485 turbemini,
1875 3420 2010 3474 nihil

435 3533 520 3581 est
548 3521 693 3593 quod
715 3521 782 3576 de
812 3519 936 3574 aliis
963 3517 1219 3572 timcatis.
1267 3515 1338 3568 At
1369 3529 1466 3569 vos
1500 3528 1599 3569 nec
1649 3511 1884 3580 justum,
1912 3525 2015 3567 uce

439 3622 864 3673 consentaneum
893 3607 1198 3678 estaliquid
1227 3604 1376 3660 aliud
1411 3604 1624 3659 veritati
1646 3601 1928 3673 praeferre,
1963 3609 2017 3652 et

336 3773 342 3778 _
440 3716 660 3777 propter
707 3713 864 3772 turpe
914 3697 1253 3770 repugnandi
1293 3694 1535 3752 studium
1600 3702 1655 3748 et
1716 3693 2012 3746 humanum

435 3772 716 3861 arrectum,
779 3792 923 3847 nolle
977 3787 1228 3857 amplecti
1295 3772 1671 3848 concordiam,
1740 3796 1861 3850 quae
1899 3781 2014 3835 sola

440 3886 764 3960 corporibus
797 3893 849 3940 et
881 3881 1081 3938 animis
1135 3886 1316 3950 potest
1358 3875 1556 3933 aﬂcrre
1597 3874 1851 3951 salutem,
1891 3888 2015 3927 cum

444 3991 650 4035 tantum
682 3994 787 4032 non
821 3977 970 4031 illam
1025 3990 1189 4037 manu
1244 3971 1496 4030 teneatis.
1534 3978 1589 4022 et
1640 3968 1906 4036 reliquum
1949 3965 2020 4020 sit

445 4075 622 4130 solum
657 4071 800 4125 illam
831 4067 1192 4140 prehendere.
1237 4064 1354 4120 Non
1381 4072 1467 4119 est
1501 4065 1645 4116 enim
1712 4063 1815 4114 hoc
1847 4058 2021 4113 Patri-

445 4168 570 4231 hus,
598 4157 1182 4226 doctoribus,scientia
1241 4154 1502 4225 praeditis,
1565 4151 1717 4207 omni
1755 4150 2015 4204 virtutum

445 4273 639 4328 genere
661 4255 910 4317 excultis,
938 4266 1042 4306 non
1075 4249 1168 4304 Dei
1227 4245 1698 4320 procuratoribus,
1743 4242 2018 4312 apostolo-

448 4367 567 4404 rum
624 4344 1206 4424 successoribusknon
1269 4341 1489 4394 demum
1541 4335 1858 4390 hominibus
1921 4347 2020 4404 pro

1441 292 1483 351 G
1501 288 1818 349 ENNADII
1862 289 1973 346 [ΣΡ.
2010 287 2285 346 PATRH
2303 278 2445 341 litill

2081 399 2165 462 ξα,
2204 397 2298 449 καὶ
2350 397 2409 444 τὸ
2443 389 2706 454 σώζεσθαι
2743 385 2841 455 μὲν
2875 381 3054 443 αὐτοὶ,
3092 377 3286 441 σώζειν
3319 371 3374 426 δὲ
3401 371 3495 424 καὶ
3523 370 3650 432 τοὺς

2085 488 2280 550 ἄλλους
2324 487 2545 544 ἑκόντας
2577 484 2644 550 τῇ
2699 477 2900 546 γνώσει
2948 474 3048 540 τῆς
3106 467 3365 538 ἀληθείας
3399 463 3650 535 ἀρκέσει.

2081 579 2243 632 Ἀλλά
2265 577 2371 647 μὴν
2392 577 2484 628 καλ¹
2504 574 2610 626 τῶν
2640 572 2735 625 νῦν
2758 569 2927 622 δντων
2945 563 3118 627 οὐδεὶς
3144 560 3285 631 ὑμᾶς
3308 557 3612 610 αἰτιάσεται
3637 569 3652 584 ·

2083 673 2204 727 οὔτε
2228 645 2337 740 γάρ
2361 673 2409 723 ot
2436 665 2690 738 Γραικοὶ,
2715 659 2798 721 οἷς
2822 660 2918 713 καὶ
2952 655 3164 710 πολλῶν
3186 650 3483 720 ἐγκωμίων
3518 645 3656 710 ἄξιοι

2082 765 2284 832 δόξετε,
2314 763 2408 816 καὶ
2434 758 2568 829 παρ’
2595 752 2677 820 οἷς
2700 752 2971 809 ἀθανάτου
2997 745 3256 812 τεύξεσθε
3286 744 3532 811 μνήμης,
3562 739 3659 792 ἆτε

2049 859 2178 912 «καὶ
2235 856 2482 926 χρήμασι
2515 851 2612 905 καὶ
2648 847 2864 916 σώμασι
2899 842 2994 897 καὶ
3031 841 3195 909 σοφίᾳ
3228 841 3324 891 καὶ
3362 835 3421 888 τὸ
3476 834 3660 886 τελευ-

2085 951 2239 1002 ταῖον
2271 939 2772 1013 ταπεινοφροσύνῃ,
2805 938 2899 993 καὶ
2921 933 3203 1002 λογισμοῖς
3224 946 3338 982 τισι
3363 925 3660 994 θειοτέρως

2085 1046 2146 1097 τὸ
2179 1043 2277 1112 τῆς
2303 1040 2528 1110 εἰρήνης
2561 1037 2753 1108 χρῆμα
2785 1033 2938 1104 μόνοι
2977 1028 3163 1101 σχεδὸν
3198 1026 3454 1080 ἁπάντων
3487 1038 3660 1074 κατα-

2088 1133 2430 1205 πραξάμενοι
2453 1148 2467 1162 ·
2502 1128 2615 1182 οὔθ’
2650 1129 2808 1195 ὑμεῖς
2837 1124 3090 1186 ἑαυτοὺς,
3121 1119 3246 1172 οὒτε
3285 1134 3368 1179 τις
3390 1114 3500 1166 τῶν
3530 1115 3663 1178 ὑμῖν

2089 1199 2525 1294 προσκειμένων.
2565 1219 2770 1280 Πάντες
2815 1215 2924 1283 γὰρ
2955 1213 3030 1276 ὡς
3067 1208 3323 1280 ἡκούσας.
3363 1203 3472 1258 ἀπὸ
3524 1199 3664 1254 Θεοῦ

2088 1316 2184 1378 τὰς
2221 1313 2495 1383 ὑμετέρας
2551 1312 2769 1380 ψήςους
2819 1305 3154 1376 ἁρπάσουσι,
3213 1298 3372 1352 τοῦτο
3414 1296 3514 1366 μὲν
3566 1295 3666 1347 ara

2089 1407 2190 1476 τῆς
2231 1404 2558 1472 Ἐκκλησίας
2590 1403 2812 1470 ἁπάσης
2842 1396 3012 1468 οὔσης
3047 1391 3205 1464 ὁμοῦ,
3260 1392 3328 1460 ἣν
3355 1388 3456 1441 οὐκ
3486 1386 3666 1437 ἔνεστι

2092 1496 2459 1564 πλανηθῆναι,
2506 1493 2665 1548 τοῦτο
2721 1492 2777 1544 δὲ
2807 1491 2902 1544 καὶ
2948 1490 3026 1550 ὼς
3087 1484 3306 1555 εἰρήνης
3339 1480 3558 1564 αἰτίαςιο
3598 1479 3668 1547 ἦν

2093 1561 2424 1658 ἐπιθυμοδσι
2451 1589 2652 1648 πάντες
2695 1584 2820 1638 ίδεῖν
2841 1598 2858 1615 ο
2881 1579 3058 1652 ταύτῃ
3083 1577 3197 1634 τῶν
3225 1561 3563 1644 ἀνηκέστων,
3589 1565 3668 1622 ὧν

2094 1683 2222 1755 παρ’
2261 1680 2545 1750 ἑκατέροις
2572 1673 2705 1748 ἦρξε
2730 1675 2792 1728 τὸ
2822 1675 3051 1743 σχίσμα,
3084 1666 3494 1740 προσδοκῶντες
3524 1665 3667 1718 πάν-

2091 1754 2205 1828 των
2248 1768 2762 1840 ἀπαλλαγήσεσθαι.
2792 1767 2855 1820 Et
2887 1763 2942 1818 δὲ
2996 1763 3200 1833 καὶμὴ
3245 1759 3453 1820 πάντας
3504 1758 3672 1809 ἐπαι-

2097 1865 2327 1925 νοῦντας
2353 1862 2505 1926 ἕξετε
2533 1860 2631 1913 καὶ
2652 1860 2772 1919 ταῖς
2799 1855 3098 1926 ὑμετέραις
3118 1851 3408 1922 χαίροντας
3435 1848 3668 1920 ψήφοις,

2096 1956 2212 2013 ἀλλ’
2233 1957 2386 2010 ἔσται
2405 1971 2511 2019 τις,
2538 1945 2582 2020 ᾧ
2616 1947 3048 2021 φιλονεικοῦντες
3083 1941 3286 2013 μᾶλλον
3332 1940 3571 2010 ήρέσατε
3603 1937 3672 1990 ἂν

2098 2053 2190 2107 καὶ
2214 2051 2368 2108 πάντ’
2399 2045 2824 2118 ἀνατρέποντες,
2859 2042 3001 2096 ὥστε
3031 2039 3109 2112 μή
3153 2037 3307 2104 δόξαι
3336 2035 3431 2088 τὸν
3461 2033 3676 2102 ἐμπρο-

2100 2145 2226 2199 σθεν
2258 2141 2452 2213 χρόνον
2485 2137 2816 2208 ἠγνοηκέναι
2869 2134 2930 2187 τὺ
2966 2131 3109 2186 δέον.
3149 2128 3267 2183 ἀλλ’
3315 2126 3376 2179 οὐ
3427 2127 3510 2178 δεῖ
3538 2125 3672 2185 τοὺς

2101 2237 2253 2305 παρά
2284 2234 2394 2288 τῶν
2429 2231 2628 2300 ὀλίγων
2684 2231 2774 2283 καὶ
2805 2227 2960 2281 ταῦτ’
3015 2225 3105 2278 ἐπὶ
3139 2219 3295 2292 κακῷ
3348 2218 3671 2288 γινομένους

2101 2328 2358 2391 ἐπαίνους
2397 2325 2496 2392 τῆς
2529 2323 2680 2393 παρὰ
2728 2321 2835 2374 τῶν
2865 2318 3135 2373 πλείστων
3155 2331 3216 2367 τε
3251 2313 3343 2367 καὶ
3373 2311 3672 2383 βελτίστων

2101 2423 2197 2481 καὶ
2225 2419 2317 2473 τοῦ
2371 2417 2652 2488 βελτίστου
2683 2416 2842 2484 χάριν
2877 2411 3071 2481 ἀηδίας
3109 2407 3446 2471 ἀλλάξασθαι
3472 2421 3488 2436 ·
3531 2405 3672 2456 ὅπου

2103 2528 2164 2580 γε
2194 2511 2290 2564 καὶ
2334 2508 2552 2562 πάντων
2599 2505 2717 2574 ἅμα
2749 2501 3113 2572 διεφθορότων
3154 2499 3251 2551 καὶ
3279 2495 3451 2549 δεινὸν
3482 2510 3667 2546 ποιου-

2107 2604 2284 2673 μένων
2303 2601 2364 2654 τὸ
2387 2601 2644 2669 πρᾶγμα,
2676 2596 2865 2650 οὐδένα
2895 2594 3054 2660 λόγον
3088 2591 3258 2661 ἔχειν,
3290 2591 3383 2642 τοῦ
3414 2587 3473 2641 δὲ
3505 2584 3678 2638 καλοῦ

2105 2700 2197 2753 καὶ
2235 2698 2334 2764 τῆς
2381 2693 2636 2763 ἀληθείας
2667 2688 2976 2763 φροντίζειν
3019 2687 3179 2756 μόνον
3212 2681 3382 2754 ἐχρῆν
3415 2696 3429 2710 ·
3463 2680 3680 2742 εἰδότας

2102 2791 2178 2854 ὡς
2209 2791 2397 2844 ἀπασα
2439 2785 2644 2857 μέμψις
2677 2785 2772 2839 καὶ
2798 2769 2906 2837 πᾶν
2927 2778 3239 2844 ιναντίωμα
3271 2775 3469 2844 σαθρόν
3502 2775 3676 2834 ἔστιν,

2106 2883 2173 2938 ἂν
2199 2880 2268 2936 τὰ
2293 2879 2536 2950 ὑμέτερα
2591 2876 2754 2946 μόνον
2789 2873 2991 2943 κρατῇ.
3027 2871 3088 2923 Εἰ
3113 2870 3221 2938 γὰρ
3249 2868 3330 2920 δεῖ
3360 2882 3428 2937 με
3460 2864 3678 2932 τάληθῆ

2107 2977 2286 3044 λέγειν
2323 2971 2492 3043 μηδὲν
2529 2965 3009 3036 ὑπολογιζόμενον,
3046 2963 3189 3031 ὑμᾶς
3210 2961 3291 3013 δεῖ
3316 2960 3478 3028 μόνον
3510 2955 3679 3023 κενῆς

2108 3067 2265 3135 δόξης
2304 3057 2739 3133 καταφρονῆσαι,
2790 3057 2886 3112 καὶ
2942 3053 3101 3109 πάνθ’
3143 3051 3254 3120 ἕξει
3317 3049 3537 3113 καλῶς’
3574 3046 3681 3101 κᾶν

2112 3160 2270 3229 ὑμεῖς
2327 3155 2558 3226 βεϐαίως
2603 3149 2977 3221 ὑποθήσηαθε,
3023 3143 3280 3219 μηδέποτ’
3321 3145 3389 3200 ἂν
3450 3141 3683 3206 ἑαυτοὺς

2113 3249 2492 3320 αἰσχυνθῆναι,
2528 3244 2662 3315 μηδι
2690 3241 2922 3312 θόρυϐον
2951 3256 3076 3294 τινα
3109 3237 3304 3292 παθεῖν
3345 3236 3438 3289 ἐπὶ
3469 3237 3538 3304 τῇ
3588 3250 3685 3302 με-

2112 3343 2332 3398 ταθέσει
2372 3340 2470 3409 τῆς
2500 3339 2682 3407 δόξης,
2728 3334 2791 3389 τὸ
2839 3331 3107 3404 περὶτῶν
3153 3329 3328 3383 ἄλλων
3359 3328 3477 3389 δέος
3533 3325 3686 3379 οὐδὲν

2119 3433 2285 3487 ἐστίν.
2313 3432 2490 3502 ’Υμᾶς
2515 3429 2694 3483 τοίνυν
2717 3427 2842 3481 οὔτε
2873 3425 3082 3478 δίκαιον
3111 3421 3236 3477 οὗτε
3268 3420 3548 3491 προσῆκόν
3569 3420 3685 3470 ἐστι

2115 3525 2212 3591 τῆς
2243 3521 2499 3591 ἀληθείας
2538 3520 2669 3574 ἄλλο
2699 3536 2753 3572 τι
2812 3517 3180 3588 προτιμῆσαι,
3225 3503 3332 3568 ’καὶ
3375 3512 3476 3582 τὴν
3513 3510 3684 3580 μόνην

2116 3615 2347 3683 σώματα
2395 3612 2490 3664 καὶ
2544 3609 2723 3680 ψυχὰς
2782 3606 3091 3678 δυναμένην
3145 3605 3342 3671 σώζειν
3400 3606 3682 3676 ὁμόνοιαν,

2115 3705 2336 3757 ἐπειδὰν
2368 3703 2530 3774 μόνον
2579 3702 2681 3756 οὐκ
2729 3702 2788 3755 έν
2826 3700 3014 3770 χερσὶν
3050 3700 3182 3770 ὑμῖν
3209 3697 3269 3775 ᾗ,
3298 3699 3396 3753 καὶ
3434 3699 3494 3752 τδ
3521 3697 3688 3750 λαϐέ-

2118 3797 2244 3849 σθαι
2282 3796 2540 3864 λείπηται
2595 3793 2779 3863 μόνον,
2823 3790 3155 3860 φιλονεικίας
3217 3791 3452 3860 αίσχρᾱς
3505 3789 3690 3842 εἵνεκα

2119 3889 2212 3942 καὶ
2245 3887 2450 3948 πάθους
2480 3886 2826 3956 ἀνθρωπίνου
2852 3883 3138 3954 προέσθαιο
3168 3883 3230 3938 οὐ
3253 3883 3362 3955 γὰρ
3403 3884 3692 3953 Πατέρων,

2119 3981 2179 4034 οὐ
2221 3979 2583 4039 διδασκάλων,
2635 3976 2697 4029 οὐ
2733 3976 2896 4046 σοφία
2922 3976 3374 4047 κεκοσμημένων,
3405 3976 3466 4028 οὐ
3505 3977 3691 4028 πᾶσαν
3719 4009 3730 4018 ς

2119 4069 2319 4143 ἀρετὴν
2355 4070 2676 4141 μετιόντων,
2711 4069 2814 4122 οὐκ
2863 4069 3176 4138 ἐπιτρόπων
3210 4068 3372 4130 Θεοῦ,
3415 4067 3478 4123 οὐ
3511 4067 3694 4122 διαδό·

2119 4182 2232 4235 κων
2280 4162 2387 4218 τῶν
2425 4163 2766 4224 ἀποστόλων,
2808 4162 2870 4214 οὑ
2918 4162 2980 4214 τὸ
3033 4161 3344 4216 τελευταῖον
3405 4162 3547 4233 ὑπὲρ
3587 4164 3694 4230 τῆς

2123 4255 2391 4324 ἀληθείας
2439 4253 2940 4324 συνηθροισμένων,
2969 4253 3063 4306 καὶ
3089 4255 3227 4322 πρὸς
3255 4253 3466 4316 τούτοις
3497 4255 3692 4307 τοσούο

2119 4362 2248 4407 των,
2285 4344 2409 4409 ἀξια
2437 4343 2629 4398 ταῦτα.
2678 4343 2840 4396 Ἀλλά
2897 4342 3004 4414 μὴν
3041 4343 3152 4396 οὐδ’
3179 4343 3329 4398 εἴποι
3385 4361 3472 4408 τις
3502 4344 3570 4400 ἀν
3599 4348 3700 4400 0:3-

447 4442 675 4497 veritate
713 4437 1080 4506 congregatis,
1135 4441 1192 4487 et
1235 4439 1498 4506 pra-terea
1546 4439 1653 4483 tam
1723 4439 2004 4480 numerosc

2123 4435 2372 4504 δετέρους
2401 4434 2554 4504 ὑμῶν
2579 4434 2678 4496 τὰς
2735 4433 2950 4502 ἀγαθὰς
2985 4435 3211 4498 ἐλπίδας
3249 4434 3570 4504 προδοῦναι,
3623 4438 3692 4498 ἀς

447 4541 593 4585 εωιιι
635 4527 882 4596 dignum.
914 4522 1102 4590 Neque
1131 4519 1237 4574 dici
1280 4519 1498 4588 poterit,
1530 4516 1682 4587 prodi
1717 4515 1786 4569 ab
1812 4514 2022 4569 utravis

449 4629 606 4692 parte
625 4634 748 4688 spes
785 4616 906 4670 illas
929 4615 1118 4678 bonas,
1148 4625 1286 4681 quas
1310 4610 1478 4666 secuti
1508 4608 1868 4664 convenistis.
1921 4604 2020 4660 Ubi

437 4711 597 4767 enim
641 4725 737 4779 pro
781 4717 958 4762 vestra
1003 4705 1224 4774 utrique
1255 4702 1525 4758 sententia
1558 4699 1950 4771 pugnaveritis,
1974 4708 2027 4750 et

453 4802 567 4873 spei
603 4800 905 4871 periculum
939 4797 1200 4860 icccritis,
1233 4803 1286 4850 et
1313 4809 1505 4865 pugnae
1532 4795 1708 4847 exitus
1730 4791 1834 4846 erit
1857 4791 2028 4846 mani-

455 4892 625 4946 festus
652 4906 668 4954 ;
696 4897 824 4942 tunc
848 4886 913 4941 nd
947 4884 1098 4950 illud,
1131 4883 1274 4953 quod
1293 4895 1473 4937 vestro
1500 4881 1730 4936 concilio
1755 4879 2024 4949 reliquum

452 4981 856 5047 csuaceetletis
903 4994 967 5034 ac
997 4978 1064 5032 de
1119 4992 1274 5047 pace,
1306 4976 1578 5046 quomodo
1641 4973 1891 5028 facienda
1935 4975 2023 5039 sit,

453 5072 825 5129 dehberabitis
864 5079 1031 5139 utque
1075 5068 1415 5122 mendacium
1460 5081 1686 5136 prorsus
1721 5080 1752 5120 a
1802 5066 2029 5119 veritate

453 5167 794 5228 devincatur,
819 5161 1102 5217 curabitis.
1137 5158 1287 5214 llaud
1317 5159 1462 5214 enim
1493 5159 1594 5214 hac
1623 5169 1799 5214 mente
1846 5160 2025 5214 omni-

454 5275 524 5312 no
559 5256 774 5323 utrique
801 5251 1046 5314 venistis,
1075 5259 1132 5304 ut
1187 5250 1414 5304 vincatis
1455 5250 1656 5304 alteros
1687 5266 1705 5318 5
1737 5251 1837 5305 hoc
1885 5251 2026 5305 enim

451 5357 536 5404 est
565 5347 701 5400 velle
731 5343 1012 5398 mendacio
1047 5356 1266 5412 quoque
1293 5342 1424 5396 dare
1473 5343 1778 5406 victoriam,
1811 5356 1935 5396 cum
1962 5343 2029 5396 de

455 5441 617 5492 rebus
655 5435 1026 5492 controversis
1060 5448 1167 5488 non
1211 5435 1472 5486 habeatur
1499 5431 1859 5488 detertninata
1889 5435 2029 5488 ιετὶ-

455 5530 716 5583 taszdum
747 5539 923 5582 autcm
979 5528 1180 5582 veritas
1210 5527 1386 5578 adhuc
1454 5525 1635 5595 ignota
1663 5536 1763 5587 est,
1804 5539 2029 5581 necesse

454 5628 537 5674 est
565 5620 862 5687 suspicioni
891 5633 1107 5688 quoque
1144 5618 1410 5672 metulacii
1457 5617 1598 5686 apud
1649 5629 1911 5688 utrosque
1950 5620 2030 5674 lo-

453 5723 580 5766 cum
609 5723 750 5762 esse.
791 5710 896 5764 Sed
937 5710 1160 5765 venistis
1196 5711 1430 5778 primum
1464 5710 1680 5778 quidem
1714 5726 1810 5780 po
1849 5721 2027 5767 vestra

2128 4528 2341 4597 ἔχοντες
2399 4528 2585 4597 ἥκετε.
2643 4527 2758 4596 Τῆς
2812 4528 2922 4596 γὰρ
2960 4526 3122 4597 δόξης
3173 4529 3694 4599 προπολεμήσαντες

2127 4619 2378 4688 ἑκάτεροι
2429 4618 2530 4687 τῆς
2563 4619 2798 4684 ἑαυτῶν,
2831 4621 2927 4672 καὶ
2956 4620 3064 4672 τῶν
3106 4618 3338 4672 ἐλπίδων
3376 4621 3571 4689 πεῖραν
3601 4620 3698 4672 λα-

2128 4709 2343 4775 ϐόντες,
2391 4710 2607 4763 ἐπειδὰν
2661 4710 2897 4781 φανερὸν
2929 4711 2991 4763 τὸ
3041 4711 3136 4763 τοῦ
3194 4710 3433 4779 πολέμου
3471 4710 3698 4780 γένηται

2134 4803 2324 4872 πέρας,
2360 4803 2453 4856 ἐπὶ
2469 4803 2529 4856 τὸ
2551 4802 2736 4856 λεῖπον
2768 4803 2870 4870 τῆς
2907 4803 3219 4872 προθέσεως
3269 4801 3567 4871 βαδιεῖσθε,
3600 4806 3699 4853 καὶ

2129 4895 2229 4962 τὴν
2255 4894 2482 4964 εἰρήνην
2511 4894 2662 4957 ὅπως
2691 4895 2845 4947 ἔσται
2875 4892 3274 4963 προσλέψεσθε,
3314 4894 3409 4946 καὶ
3435 4891 3535 4961 τὴν
3563 4892 3698 4960 ἀλή-

2132 4985 2282 5037 θειαν
2320 4984 2470 5046 ὅπως
2501 4985 2676 5056 πάντη
2709 4985 2771 5038 τὺ
2806 4984 3001 5055 ψεῦδος
3041 4987 3488 5054 καταγωνίσηται
3533 5001 3700 5053 φρον-

2129 5077 2315 5130 τιεῖτε.
2344 5075 2479 5128 Οὐδὲ
2513 5077 2622 5148 γὰρ
2648 5077 2710 5141 ἐξ
2748 5078 2986 5140 ἅπαντος
3025 5077 3279 5148 ἑκάτεροι
3313 5077 3439 5150 τοὶις
3472 5076 3698 5146 ἑτέρους

2132 5168 2448 5237 νικήσοντες
2486 5169 2689 5238 ἥκετε·
2743 5170 2902 5224 τοῦτο
2957 5173 3068 5242 γάρ
3105 5174 3222 5227 ἐστι
3262 5173 3356 5229 καὶ
3394 5172 3454 5225 τὸ
3506 5170 3702 5240 ψεῦδος

2135 5259 2308 5312 θέλειν
2347 5261 2525 5330 νικᾷν,
2569 5261 2692 5314 ἐπεὶ
2723 5264 2853 5334 περὶ
2881 5263 2994 5316 τῶν
3045 5264 3584 5335 ἀμφισϐητουμένων
3637 5263 3698 5314 οὗ

2132 5349 2420 5419 διώρισται
2451 5352 2702 5422 τάληθὲς,
2733 5356 2826 5407 καὶ
2872 5355 2971 5422 τῆς
2997 5355 3257 5427 ἀληθείας
3310 5359 3370 5410 έν
3398 5355 3580 5425 ἀδήλῳ
3605 5354 3704 5423 δή·

2136 5457 2236 5492 που
2279 5442 2560 5510 κειμένης,
2591 5442 2805 5514 ἀνάγκη
2840 5447 2936 5496 καὶ
2963 5448 3026 5513 τῇ
3082 5444 3177 5498 τοῦ
3211 5443 3446 5513 ψεύδους
3494 5442 3708 5513 ὑποψίᾳ

2136 5530 2265 5599 παρ’
2300 5531 2582 5602 ἑκατέροις
2607 5527 2744 5586 εἷναι
2767 5534 2950 5604 χώραν
2977 5536 3116 5588 τινά.
3157 5536 3297 5588 Ἀλλ’
3320 5537 3484 5606 ήκετε
3509 5536 3711 5604 πρῶτα

2140 5623 2238 5691 μὲν
2276 5622 2418 5692 ὑπὲρ
2455 5616 2532 5676 ὧν
2561 5629 2947 5694 πεφρονήκατε
2978 5627 3116 5697 πρὸς
3147 5627 3412 5698 ἀλλήλους
3437 5627 3712 5696 ἀγωνιού-

2139 5731 2315 5784 μενοι,
2349 5715 2443 5768 mi.
2473 5715 2661 5771 τοῦτον
2693 5720 2911 5790 πρῶτον
2946 5719 3317 5784 ἐκτελέσαντες
3351 5719 3512 5775 ἆθλον
3535 5735 3550 5750 °
3584 5713 3713 5773 εἶτα

3527 255 3634 318 452
3719 301 3740 316 .
