3948 6186
311 268 414 335 ⁸53

1472 266 1757 327 ORATIO
1800 265 1855 325 ll
1901 266 2001 323 AD
2042 262 2433 323 SYNODUM.

3473 264 3579 328 454

307 386 492 455 ψεύδει
547 380 638 434 καὶ
669 380 898 451 ἀληθείᾳ
921 381 1256 445 δικάσοντες,
1302 382 1391 433 καὶ
1442 382 1652 449 ταύτην
1687 398 1873 448 στεφαε

1994 378 2209 447 utrique
2249 378 2518 435 sententia
2556 375 2978 447 propugnaturi,
3021 384 3072 432 et
3104 376 3157 432 iu
3198 378 3299 431 hoc
3338 376 3570 447 primum

315 478 583 537 νώσοντες
616 474 709 527 καὶ
734 474 1188 543 περιπλεξάμενοι
1217 475 1419 537 πάντες
1446 491 1457 504 ·
1498 476 1557 538 ἐξ
1593 470 1660 545 ἦς
1698 477 1794 527 καὶ
1828 479 1884 530 αῖ

302 566 593 633 διαλλαγαὶ
623 566 718 617 καὶ
754 567 821 617 τά
862 564 973 617 τῶν
1007 565 1240 618 ἐλπίδων
1264 566 1540 633 κεφάλαια
1568 566 1685 634 μεθ’
1713 568 1885 633 ὑπερ-

302 657 470 725 ϐολῆς
496 657 624 724 ὑμῖν
645 656 1092 724 ἀναλάμψουσιν.
1122 658 1521 723 Οὐδεὶςῖτοίνυν
1554 658 1684 728 ὑμῖν
1720 661 1883 726 ἐγκα-

299 748 451 801 λέσει
500 748 748 812 δικαίως,
806 741 882 799 ὧν
940 747 1097 816 χάριν
1138 749 1426 818 συνήλοετε
1476 750 1880 819 καταπράξασι,

303 839 397 887 γαὶ
426 837 629 906 ταύτην
668 839 947 903 ἀρκοῦσαν
975 839 1132 909 νίκην
1154 841 1539 911 ἀνῃρημένοις.
1582 841 1710 895 Ἑπί
1749 844 1881 895 πᾶσι

302 929 360 981 δὲ
401 930 611 991 τούτοις
645 931 756 983 οὐδ’
788 930 937 994 εἰκός
973 932 1090 984 ἐστι
1115 935 1241 994 τοὺς
1277 934 1686 1000 μεταϐαλόντας
1712 936 1883 988 πλείω

299 1022 465 1090 χάριν
497 1020 732 1089 ὀφείλειν
767 1025 878 1084 τοῖς
922 1025 1247 1077 πεπεικόσιν
1276 1023 1461 1095 ἢτοὺς
1500 1026 1591 1077 ἐπὶ
1617 1026 1715 1094 τῆς
1749 1044 1883 1097 προ-

216 1105 231 1117 ’
296 1116 469 1181 τέρας
518 1116 810 1182 μείναντας
841 1116 1001 1184 δόξης
1040 1120 1154 1180 τοῖς
1190 1117 1613 1187 πεπεισμένοιςι
1672 1122 1760 1173 ῖνα
1795 1139 1881 1184 τις

303 1202 401 1254 καὶ
442 1203 543 1272 τὴν
574 1204 680 1256 ἀπὸ
708 1203 817 1264 ,τοῦ
847 1206 1026 1259 δοκεῖν
1078 1206 1401 1275 ὠφελῆσθαί
1432 1226 1489 1262 τε
1531 1210 1627 1263 καὶ
1687 1211 1881 1278 μαθεῖν

302 1293 481 1347 ὁτιοῦν
511 1296 777 1363 αἰσχύνην
811 1296 1155 1363 φυλάττοιτο.
1192 1297 1483 1369 ’ἑκάτεροι
1514 1300 1622 1370 γάρ
1681 1301 1881 1372 ἐπίσης

301 1385 396 1437 ὑπ’
417 1388 662 1457 ἀλλήλων
682 1388 1104 1459 ὠφεληθήσεσθε
1129 1408 1187 1442 τε
1212 1394 1305 1445 καὶ
1328 1393 1665 1462 τιμηθήσεθε
1688 1411 1702 1425 ·
1728 1394 1883 1464 πρῶ-ο

296 1497 391 1532 τον
433 1480 529 1548 μὲν
560 1480 656 1559 τῆς
697 1482 760 1531 ἐκ
793 1479 888 1533 τοῦ
921 1482 1081 1551 νικᾷν
1131 1482 1329 1552 ἡδονῆς
1362 1484 1641 1551 γενόμενοι
1684 1503 1881 1540 κοινω-

300 1576 380 1625 νοί
408 1592 419 1603 ·
463 1575 589 1627 ἐπεὶ
626 1573 726 1641 τῆς
782 1573 937 1643 παρὰ
977 1576 1198 1628 πάντων
1231 1577 1467 1647 σπουδῆς
1495 1581 1590 1631 καὶ
1619 1580 1730 1634 τῶν
1764 1599 1881 1634 κοι-

301 1665 406 1715 νῶν
434 1662 660 1729 ἀγώνων
691 1664 787 1716 καὶ
812 1662 1105 1727 διαλέξεων
1137 1664 1295 1717 ἔσται
1352 1667 1507 1728 τέλος
1542 1669 1574 1732 ἠ
1611 1669 1710 1732 τῆς
1743 1670 1878 1738 ἀλη-

1991 478 2266 525 certamen
2308 470 2622 526 descensuri
2648 486 2663 523 :
2689 469 2884 524 deinde
2915 470 3053 523 inter
3074 484 3257 524 verum
3288 478 3342 524 et
3377 470 3570 525 falsum

1989 560 2179 613 arbitri
2210 562 2399 625 futuri,
2433 570 2487 615 et
2529 561 2741 616 veritati
2798 561 3032 631 palmam
3097 561 3299 625 daturi,
3337 570 3390 615 et
3421 562 3566 615 illam

1987 668 2178 709 omnes
2209 654 2540 723 amplexuri,
2566 670 2632 709 ex
2678 668 2785 723 qua
2849 662 2903 708 et
2945 652 3258 708 conciliatio
3298 663 3351 707 et
3387 670 3565 708 rerum

1986 756 2327 813 speratarum
2357 748 2536 815 capita
2577 747 2712 800 satis
2742 760 3015 816 superque
3048 746 3201 800 vobis
3232 747 3563 801 emicabant.

1985 836 2153 891 Nemo
2179 838 2341 908 igitur
2367 854 2462 893 vos
2490 840 2543 893 in
2575 839 2783 894 crimen
2826 838 3123 904 vocaverit,
3158 840 3301 908 quod
3331 854 3394 892 ea
3432 853 3566 907 quo-

1986 944 2105 985 rum
2162 930 2335 997 gratia
2393 931 2748 994 convenistis,
2788 930 3101 995 ell‘eceritis,
3145 939 3197 984 et
3230 930 3371 983 hanc
3421 942 3566 983 certe

1988 1022 2296 1088 victoriam,
2350 1024 2633 1093 quassatis
2690 1024 2813 1089 erit,
2863 1022 3041 1093 adepti
3079 1021 3313 1077 fueritis.
3364 1021 3565 1076 Praeter

1983 1113 2099 1167 haec
2158 1114 2339 1167 omnia
2387 1130 2495 1169 non
2535 1126 2619 1171 est
2674 1117 2836 1179 ratio,
2895 1116 3020 1185 plus
3050 1113 3245 1168 debere
3273 1128 3563 1183 persuasus

1984 1206 2440 1272 persuadentibus
2477 1222 2637 1278 quam
2702 1208 3091 1278 persuadentes
3127 1207 3442 1277 persuasis;
3508 1213 3564 1259 ut

1983 1297 2113 1351 illud
2143 1299 2268 1368 quis
2297 1311 2545 1355 vereatur
2576 1300 2841 1364 dedecus,
2876 1301 2928 1355 in
2953 1300 3098 1369 quod
3157 1299 3473 1363 incurritur,
3515 1301 3559 1351 si

1981 1390 2111 1457 quid
2138 1391 2385 1445 videatur
2438 1393 2716 1461 accepisse
2742 1392 3089 1457 beneﬁcium,
3121 1401 3215 1445 aut
3246 1392 3465 1460 quidvis
3484 1392 3563 1444 di-

1979 1480 2197 1535 dii-isse.
2227 1480 2362 1537 Nam
2406 1493 2636 1553 utraque
2670 1499 2795 1553 pars
2833 1484 2886 1538 in
2920 1485 3146 1538 alteram
3178 1499 3332 1551 aeque
3356 1484 3528 1537 beneli
3551 1512 3563 1521 -

1981 1572 2127 1626 cium
2175 1573 2425 1629 conferet
2462 1585 2515 1629 et
2561 1576 2846 1640 honorem,
2877 1587 2989 1629 tum
3034 1576 3162 1644 quia
3200 1578 3451 1644 voluptas
3492 1576 3563 1628 ob

1980 1663 2263 1717 victoriam
2316 1674 2523 1733 partam
2550 1667 2655 1720 erit
2715 1666 3028 1721 communis
3064 1682 3077 1718 :
3113 1666 3557 1735 quandoquidem

303 1756 453 1817 θείας
485 1756 761 1819 ἐινάδειξίς
808 1773 864 1807 τε
895 1757 989 1808 καὶ
1016 1757 1139 1826 νίκη
1160 1774 1174 1788 ο
1208 1756 1419 1826 καὶτῆς
1440 1758 1635 1829 ἐτέρας
1660 1737 1873 1829 μοίρας,

1985 1758 2131 1820 linis,
2163 1756 2230 1809 ad
2265 1774 2423 1824 quem
2447 1759 2680 1812 tendunt
2706 1760 2950 1812 onmium
2976 1760 3180 1824 studia,
3213 1772 3561 1813 communes-

300 1847 568 1916 ὁποτέραν
608 1847 672 1899 ἂν
704 1848 849 1899 εἴποι
905 1865 1011 1910 τις,
1057 1849 1131 1916 μὴ
1173 1852 1310 1919 πρὸς
1348 1850 1446 1919 τὴν
1479 1852 1579 1919 τῆς
1613 1852 1876 1919 ἀληθείας

303 1938 537 2008 ζήτησιν
574 1938 1062 2009 συμπραττούσης,
1090 1942 1186 1993 καὶ
1231 1940 1509 2011 δειχθῆναι
1544 1944 1749 2012 ταύτην
1784 1946 1879 1997 καὶ

302 2032 396 2084 τοῦ
426 2032 659 2101 ψεύδους
692 2032 1080 2101 περιγενέσθαι
1122 2033 1230 2086 τῶν
1298 2038 1600 2106 ἀμηχάνων
1633 2041 1877 2107 πέφυκεν

301 2125 360 2176 δν
388 2142 403 2155 ο
434 2126 628 2178 ἔπειτα
656 2126 749 2179 καὶ
786 2128 845 2178 τὸ
882 2127 980 2194 τῆς
1031 2128 1190 2198 δόξης
1234 2128 1474 2197 βεϐαίως
1508 2132 1723 2201 ἔχεσθαι
1776 2137 1875 2204 τῆς

302 2218 507 2281 αὐτῶν,
563 2219 712 2287 παρὰ
768 2218 875 2272 τῶν
927 2221 1316 2288 πεπεισμένων
1375 2224 1489 2285 τοῖς
1553 2225 1875 2279 πεπεικόσιν

300 2310 437 2372 ὅλως
484 2311 750 2378 ὑπάρξει·
786 2305 861 2363 ὧν
894 2312 1311 2378 ἀντιλεγόντων.
1362 2316 1611 2368 κακεῖνοι
1656 2318 1873 2380 πάντως

299 2402 529 2469 ἔμελλον
557 2402 946 2471 άμφιὸάλλειν,
984 2403 1010 2454 ὅ
1042 2404 1134 2457 καὶ
1160 2405 1428 2474 πρότερον
1459 2407 1715 2477 ἔπασχον.
1748 2410 1873 2461 ’Ὁτι

306 2496 405 2561 μὲν
428 2491 522 2548 οὖν
552 2496 858 2565 οὐδετέροις
889 2495 1046 2565 ὑμῶν
1074 2497 1105 2565 ἡ
1142 2498 1353 2567 φανερὰ
1384 2500 1479 2567 τῆς
1520 2500 1679 2568 δόξης
1708 2504 1875 2570 μετά-

303 2586 449 2647 θεσις
476 2585 746 2656 ,αἰσχύνην
769 2588 881 2656 ἔχει
914 2588 1057 2651 τινά,
1089 2587 1201 2640 οὔτ’
1220 2589 1272 2640 εἴ
1302 2591 1381 2651 τίς
1406 2591 1575 2655 ἐστιν,
1610 2594 1871 2661 ἁρμόττει

302 2674 506 2743 ταύτης
545 2675 870 2743 φροντίσαι·
910 2676 1049 2729 άλλᾶ
1095 2679 1177 2732 δεῖ
1225 2679 1323 2747 τὴν
1359 2684 1693 2750 φαινομένην
1740 2684 1871 2753 ἀλή-

305 2772 458 2824 θειαν
496 2775 554 2825 ὲν
588 2772 665 2841 τῷ
698 2772 963 2842 Συμϐόλῳ
994 2775 1092 2839 τῆς
1145 2774 1379 2837 πίστεως
1428 2777 1632 2843 ἐπίσης,
1664 2777 1871 2838 πάντας

302 2863 606 2930 ὁμολογεῖν,
691 2862 813 2917 οὔτε
867 2865 1216 2934 προστιθέναι
1270 2868 1333 2920 τὸ
1402 2868 1570 2919 πᾶσιν
1635 2871 1871 2937 ἀρέσκον

306 2956 625 3019 ὀκνοῦντας,
677 2954 799 3008 οὔτε
832 2955 890 3009 τὸ
923 2957 1359 3025 προσιστάμενον
1402 2974 1505 3010 που
1553 2959 1871 3028 διαγράφειν

299 3048 747 3115 αἰσχυνομένους,
802 3047 895 3098 καὶ
928 3046 1073 3099 οὕτω
1112 3048 1212 3117 τὴν
1272 3048 1451 3117 ἀληθῆ
1495 3051 1588 3102 καὶ
1645 3049 1868 3117 βεϐαίαν
1900 3084 1945 3145 c

296 3141 524 3208 εἰρήνην
564 3140 698 3191 πᾶσι
753 3136 1092 3207 κηρύξοντας
1152 3139 1271 3207 μεθ’
1313 3139 1508 3208 ἡδονῆς
1549 3142 1868 3210 ἐπανήκειν,

299 3230 502 3290 ἰκανῶς
532 3228 641 3281 τῶν
682 3229 987 3299 εἰρημένων
1053 3230 1293 3299 ἠγοῦμαι
1344 3231 1503 3300 δῆλον
1549 3233 1819 3301 ὑπάρχειν
1856 3251 1869 3267 υ

299 3322 397 3374 καὶ
430 3322 514 3373 ὅτι
576 3323 686 3382 τοῖς
742 3322 870 3374 ἀλλο
924 3338 978 3372 τι
1038 3322 1362 3390 θορυϐοῦσιν
1416 3324 1536 3377 οὐδὲ
1583 3328 1873 3393 προσέχειν

298 3413 479 3477 ἄξιον,
526 3412 639 3465 οὗθ’
690 3413 835 3481 ὑμᾶς
908 3414 1108 3476 αὐτοὺς
1145 3415 1237 3467 ὑπ’
1267 3416 1492 3469 ἐκείνων
1538 3419 1873 3487 ἐνοχλεῖσθαι

294 3504 406 3556 τῶν
438 3503 714 3570 λογισμῶν
746 3518 759 3532 ·
791 3504 892 3573 ἤδη
932 3503 987 3556 δὲ
1020 3504 1116 3558 καὶ
1150 3505 1287 3575 πρὸς
1333 3507 1401 3559 τά
1434 3507 1599 3560 λοιπᾶ
1626 3510 1737 3561 τῶν
1763 3523 1869 3559 κω-

294 3596 557 3665 λυμάτων
587 3596 748 3649 ἰτέον.

371 3692 611 3759 1ἓήσουσι
636 3690 813 3743 τοίνυν
842 3691 1187 3760 ἑκατέρωθεν
1208 3688 1304 3745 οἷδ’
1332 3694 1412 3745 ὅτι
1448 3695 1540 3753 καὶ
1573 3695 1719 3761 μάλα
1742 3698 1871 3750 πολ-

298 3784 404 3844 λοὶ,
451 3783 525 3844 ὡς
555 3783 616 3835 ού
640 3782 803 3851 μόνον
842 3785 977 3852 ἡμῖν
1010 3786 1124 3846 τοῖς
1154 3783 1391 3837 ἐνταῦθα
1433 3787 1874 3853 συνειλεγμένοις

300 3878 383 3928 δεῖ
413 3874 508 3927 τὸν
540 3874 639 3943 τῆς
669 3875 897 3943 εἰρήνης
930 3874 1132 3942 τρόπον
1161 3874 1442 3943 ἀρέσκειν,
1473 3876 1611 3930 ἀλλὰ
1646 3879 1739 3929 καί
1768 3880 1875 3931 πᾶ-

302 3985 412 4030 σιν,
444 3967 619 4019 ὁπόσα
642 3967 756 4028 τοῖς
787 3966 897 4018 τῶν
950 3964 1294 4035 Ἐκκλησιῶν
1318 3968 1648 4036 ἀμφοτέρων
1688 3967 1873 4037 νόμοις

303 4058 622 4111 ὑπείκουσιν
652 4057 781 4126 ἔθνη
804 4072 819 4087 '
857 4058 953 4110 καὶ
980 4057 1055 4126 μὴ
1096 4058 1256 4126 μόνον
1280 4059 1429 4121 ὅπως
1468 4060 1632 4127 ἡμεῖς
1669 4059 1876 4114 συνθώο

300 4148 439 4216 μεθα
475 4147 608 4216 πρδς
650 4147 938 4217 ἀλλήλους,
981 4149 1224 4213 σκοπεῖν,
1266 4148 1405 4199 ἀλλὰ
1438 4150 1534 4202 καῖ
1587 4150 1736 4213 ὅπως
1778 4151 1873 4203 κά-

294 4240 467 4291 κεῖνοι
493 4239 612 4300 ταῖς
642 4237 943 4307 ἡμετέραις
1000 4237 1205 4307 ψήφοις
1236 4238 1630 4306 πεισθήσονται
1658 4255 1671 4269 ’
1713 4242 1763 4293 εί
1816 4242 1873 4295 δὲ

294 4332 397 4399 μὴ,
420 4331 661 4400 λήσομεν
688 4330 810 4383 ἀντὶ
840 4331 1064 4401 εἰρήνης
1098 4332 1280 4399 μάχην
1319 4331 1655 4399 ἐγείραντες,
1686 4334 1781 4386 καὶ
1798 4335 1871 4403 τῷ

1984 1865 2089 1917 que
2158 1850 2371 1903 labores
2426 1866 2490 1905 ac
2548 1852 2968 1921 disputationes,
3000 1853 3107 1906 erit
3155 1852 3453 1906 deelaratio
3498 1866 3560 1903 at:

1983 1941 2205 1994 victoria
2244 1943 2493 1997 veritatis
2528 1960 2542 1997 :
2582 1944 2697 1998 ﬁeri
2731 1959 2862 1997 vero
2917 1944 3066 1998 nullo
3123 1945 3284 1996 modo
3337 1943 3557 2011 poterit.

1983 2040 2042 2084 ut
2071 2048 2130 2084 ea
2166 2034 2497 2099 declaretur,
2531 2045 2582 2089 et
2617 2036 2901 2090 victoriam
2930 2051 2959 2088 a
2985 2036 3265 2089 mendacio
3297 2044 3557 2103 reportet,

1980 2124 2024 2174 si
2058 2138 2182 2189 pars
2209 2124 2403 2188 altera,
2441 2141 2832 2196 quamcunque
2877 2127 3104 2189 dixeris,
3143 2142 3297 2180 suam
3330 2128 3557 2179 non'det

1979 2230 2197 2283 operam
2243 2218 2307 2271 ad
2353 2218 2735 2287 inquirendam
2772 2220 3053 2274 veritatem
3084 2237 3098 2285 ;
3132 2222 3243 2273 tum
3275 2220 3399 2290 quia
3428 2234 3553 2289 per-

1978 2309 2335 2364 suadentibus
2393 2311 2523 2365 illud
2553 2314 2885 2380 praestabunt
2939 2316 3210 2382 persuasi,
3258 2322 3316 2366 ut
3354 2327 3452 2367 sua
3502 2314 3554 2364 in

1977 2401 2247 2454 sententia
2265 2400 2471 2471 absque
2495 2404 2829 2459 lnesitatioae
2860 2414 3207 2474 perseverent
3238 2421 3251 2471 ;
3285 2420 3408 2457 nam
3440 2404 3557 2457 istis

1977 2493 2480 2549 contradicentibus
2543 2496 2619 2549 illi
2664 2510 2885 2565 quoque
2941 2496 3273 2561 dubitarent,
3336 2496 3554 2550 sicutrt

1976 2593 2153 2637 antea.
2186 2579 2349 2650 Quod
2378 2586 2541 2653 igitur
2578 2601 2643 2640 ex
2692 2597 2878 2654 aperta
2925 2589 3233 2642 mutatione
3270 2591 3556 2643 sententiae

1975 2673 2153 2725 neutri
2192 2674 2425 2741 partium
2455 2676 2560 2727 ulla
2601 2676 2854 2729 inuratur
2910 2677 3227 2746 ignominia,
3259 2694 3357 2733 nec
3378 2679 3423 2733 si
3449 2697 3555 2749 qua

1976 2763 2251 2830 inuratur,
2271 2766 2572 2819 curandum
2597 2765 2663 2820 de
2690 2766 2776 2820 illa
2808 2768 2879 2819 sit
2910 2769 3039 2820 :setl
3070 2779 3313 2836 oporteat
3345 2772 3555 2840 perspi-

1974 2869 2130 2908 cuam
2166 2856 2447 2911 veritatem
2497 2872 2689 2912 omnes
2714 2859 2918 2927 pariter
2966 2859 3121 2913 lateri
3184 2860 3237 2914 in
3296 2862 3555 2931 Symbolo

1976 2947 2227 3014 ﬁdei,uec
2256 2962 2512 3019 paventes
2538 2951 2738 3006 addere
2770 2952 2915 3021 quod
2950 2953 3125 3021 placet
3152 2953 3428 3014 omnibus.
3456 2970 3553 3008 nee

1978 3051 2295 3095 recusantes
2319 3041 2388 3094 ob
2417 3042 2800 3096 verecundiam
2840 3057 3150 3112 expungere
3180 3043 3322 3113 quod
3353 3044 3552 3098 alicubi

1978 3129 2225 3194 offendit,
2251 3142 2416 3202 atque
2441 3133 2514 3187 ita
2553 3135 2839 3202 praedicata
2870 3136 3128 3190 omnibus
3163 3151 3287 3190 vera
3310 3146 3365 3191 et
3402 3152 3551 3190 certa

1976 3236 2110 3291 pace
2149 3238 2272 3276 cum
2328 3224 2513 3278 laetitia
2568 3226 2790 3289 reverti,
2830 3226 2964 3280 satis
3023 3243 3115 3295 per
3144 3242 3207 3281 ea
3254 3243 3376 3296 quae
3407 3228 3553 3282 dicta

1976 3325 2123 3380 sunt,
2144 3325 2275 3385 puto
2306 3332 2426 3372 esse
2459 3326 2801 3388 perspectum
2834 3336 2849 3372 :
2882 3320 3141 3389 quodque
3175 3319 3457 3391 indignum
3485 3324 3552 3375 sit

1976 3422 2069 3462 eos
2105 3410 2316 3474 audire,
2365 3411 2458 3480 qui
2499 3411 2808 3465 contrarios
2864 3421 3129 3480 spargunt
3177 3426 3449 3477 rumores,
3501 3424 3557 3467 et

1975 3514 2074 3553 vos
2108 3501 2419 3569 huiusmodi
2481 3503 2911 3572 cogitationibus
2977 3504 3208 3558 turbari.
3240 3504 3555 3560 Transcurr-

1975 3592 2103 3644 dum
2133 3593 2244 3660 jam
2293 3606 2376 3647 est
2410 3594 2475 3648 ad
2512 3605 2705 3649 caetera
2736 3610 2954 3665 quoque
2995 3596 3405 3666 impedimenta.

2051 3683 2241 3739 Dicent
2272 3686 2453 3755 itaque
2474 3687 2829 3755 quamplures
2860 3688 3019 3755 plane
3043 3705 3110 3743 ex
3142 3699 3373 3759 utraque
3399 3699 3553 3758 parte

1975 3778 2177 3831 debere
2220 3794 2330 3832 non
2364 3778 2525 3834 modo
2560 3779 2722 3835 nobis
2760 3781 2847 3833 hic
2878 3783 3224 3851 congregatis
3258 3784 3406 3849 pacis
3434 3798 3553 3837 mo-

1974 3870 2102 3922 dum
2135 3870 2366 3939 placere,
2398 3872 2491 3926 sed
2528 3872 2759 3943 reliquis
2777 3873 2939 3927 etiam
2968 3875 3239 3943 gentibus,
3285 3872 3575 3944 quascum-

1974 3976 2081 4027 que
2115 3962 2402 4029 utriusque
2432 3963 2689 4018 Ecclesia:
2719 3964 2917 4020 ritibus
2947 3967 3231 4036 subjaeent
3261 3984 3278 4025 ;
3307 3984 3408 4022 nec
3430 3977 3553 4023 tan-

1977 4062 2089 4105 tum
2128 4069 2255 4107 esse
2291 4055 2775 4120 considerandum,
2824 4058 3100 4123 quomodo
3130 4072 3230 4112 nos
3264 4060 3553 4115 convenia-

1976 4160 2117 4209 mus,
2166 4145 2265 4199 sed
2308 4146 2474 4201 etiam
2527 4162 2634 4215 qua
2685 4147 2900 4201 ratione
2951 4148 3029 4202 illi
3093 4150 3312 4205 decreta
3363 4160 3551 4206 nostra

1974 4238 2281 4307 suscipiant
2327 4254 2345 4291 :
2394 4240 2633 4307 alioquin
2672 4240 2795 4295 loco
2836 4241 2989 4310 pacis
3022 4257 3258 4311 pugnam
3311 4243 3551 4299 inconsi-

1974 4328 2163 4381 derate
2212 4329 2501 4395 ciebimus,
2546 4331 2790 4401 dumque
2827 4347 2953 4386 cum
3006 4335 3124 4404 loge
3155 4334 3369 4390 dissitis
3411 4337 3553 4391 male

294 4423 669 4478 συνάπτεσθαι
720 4424 833 4486 τοῖς
896 4422 1093 4492 τιόρρω
1140 4423 1326 4484 κακῶς
1364 4424 1470 4475 τῶν
1518 4426 1871 4479 οἰκειοτάτων

1980 4421 2381 4491 conjungimur,
2404 4438 2435 4477 a
2456 4422 2933 4491 coniunctissimis
2954 4425 3335 4496 disjungemur
3368 4446 3382 4483 :
3407 4434 3555 4501 quod

289 4512 778 4583 ἀπορρηγνύμενα
801 4530 813 4542 -
856 4510 887 4563 ὂ
920 4512 1090 4564 πλείω
1121 4510 1215 4563 τοῦ
1248 4512 1515 4583 προτέρου
1556 4513 1730 4566 δεινοῦ
1770 4515 1867 4585 τὴν

288 4608 449 4661 ἀνίαν
476 4622 535 4658 τε
572 4606 783 4658 καὶτὸν
813 4604 1047 4671 Θόρυὸον
1086 4604 1385 4674 ὲμποιήσει
1431 4609 1543 4668 τοῖς
1605 4609 1870 4662 πεπονθό-

293 4714 397 4749 σιν.
438 4697 623 4765 Ἰσμεν
661 4694 706 4748 δ’
737 4695 916 4747 αὑτῶν
944 4694 1081 4764 πλὴν
1119 4694 1317 4762 ὀλίγων
1348 4696 1472 4757 τοὺς
1501 4699 1705 4761 πάντας
1741 4700 1867 4752 δυσ-

290 4785 471 4856 χερῶς
544 4785 673 4856 περὶ
706 4787 806 4855 τὴν
856 4785 1152 4854 μετάθεσιν
1192 4785 1450 4853 ἔχοντας,
1484 4790 1574 4839 καί
1617 4790 1679 4840 τὸ
1720 4791 1867 4856 δόξαι

288 4896 341 4929 τι
399 4878 749 4945 καινοτομεῖν
825 4875 1087 4940 ἀσεϐείας
1140 4875 1448 4944 ὑπερϐολὴν
1501 4878 1865 4947 ἡγουμένους.

290 4968 463 5020 Ἕνιοι
488 4967 531 5019 δ’
563 4967 744 5020 αὑτῶν
771 4969 864 5021 καὶ
901 4969 1064 5037 μέχρι
1112 4967 1278 5036 μόνου
1312 4966 1407 5020 τοῦ
1439 4968 1751 5024 διδάσκαλοι
1781 4990 1867 5039 γε-

288 5060 480 5113 νέσθαι
510 5061 623 5138 τοῖς
651 5059 831 5121 ἄλλοις
862 5060 960 5128 τῆς
1009 5060 1291 5129 ἀληθείας,
1330 5061 1549 5113 συνόδου
1597 5079 1657 5115 τε
1694 5064 1871 5116 οἰκουο

291 5152 525 5222 μενικῆς
559 5155 650 5205 καὶ
712 5151 821 5204 τῶν
856 5152 1066 5217 ταύτης
1097 5153 1279 5221 ἔργων
1330 5154 1576 5221 ἐφίενται
1598 5173 1611 5187 ο
1642 5157 1750 5208 οὐδ’
1782 5160 1869 5224 ἐγ-

285 5246 493 5314 χωρεῖν
519 5261 685 5312 φασιν
715 5238 790 5297 ὧν
820 5245 974 5298 αὑτοὶ
1008 5247 1384 5309 πιστεύουσιν,
1417 5247 1547 5299 ἄλλο
1574 5267 1623 5299 τι
1658 5249 1866 5315 βέλτιον

289 5334 404 5386 οἰδ“
428 5334 574 5404 αὑτῷ
599 5335 774 5386 δοκεῖν
806 5336 881 5403 τῷ
916 5335 1057 5404 Θεῷ.
1123 5336 1248 5397 Πῶς
1303 5332 1395 5389 οὖν
1450 5336 1620 5400 οὕτως
1656 5339 1868 5406 ἔχοντες

292 5427 548 5496 γνώμης,
583 5427 963 5497 ἀφαιρούντων
990 5427 1148 5496 ἡμῶν
1189 5428 1221 5495 ἢ
1278 5430 1675 5497 προστιθέντων
1731 5435 1868 5494 dare;

291 5519 610 5584 ἁνέξονταις
649 5519 715 5571 'll
764 5520 868 5572 ποῦ
906 5521 1110 5573 δίκαιον
1156 5521 1282 5582 τοὺς
1310 5523 1611 5591 ἡμετέρους
1645 5527 1870 5592 συμμά-

295 5628 423 5680 χους
451 5613 794 5675 καταλιπεῖν,
858 5608 941 5675 οἷς
992 5614 1094 5681 τὴν
1149 5614 1287 5683 πρὸς
1346 5608 1608 5680 ἀλλήλους
1667 5614 1874 5687 ἔχθραν

298 5702 741 5773 συίδιεφὲρομεν,
772 5702 866 5757 καὶ
895 5706 1025 5769 τοὺς
1048 5706 1155 5759 τῶν
1180 5706 1453 5776 δυσχερῶν
1501 5710 1632 5777 ἡμῖν
1669 5714 1864 5781 πρίτε-

1981 4515 2221 4582 passuris
2255 4515 2516 4571 maiorem
2555 4516 2744 4571 all‘eret
2792 4532 3085 4574 ntmrorem
3115 4521 3393 4592 animique
3424 4538 3552 4593 per-

1980 4607 2348 4661 turbationem
2403 4623 2565 4675 quam
2618 4610 2769 4677 prius
2823 4613 3051 4667 malum.
3102 4610 3319 4668 Scimus
3369 4627 3549 4673 autem

1976 4712 2167 4751 oumes
2192 4707 2385 4766 pra-ter
2412 4714 2613 4768 paucos
2650 4702 3006 4757 mutationem
3033 4720 3173 4775 a‘gre
3202 4706 3364 4772 ferre,
3400 4725 3520 4764 sum

1981 4808 2232 4859 tuamque
2275 4793 2612 4860 impietatem
2650 4794 2931 4856 arbitrari,
2980 4800 3222 4867 siquam
3263 4803 3554 4857 videantur

1980 4882 2382 4937 innovationem
2422 4885 2728 4938 admittere.
2769 4886 2999 4951 Quidam
3037 4908 3162 4945 vero
3209 4909 3274 4948 ex
3325 4896 3458 4963 ipsis
3487 4898 3554 4950 ad

1980 4972 2080 5025 hoc
2109 4982 2317 5024 tantum
2350 4982 2542 5042 optant
2581 4977 2853 5043 synodum
2885 4984 3306 5045 ascumenicam,
3341 4996 3395 5039 et
3429 5002 3552 5055 quae

1979 5078 2071 5129 per
2106 5062 2252 5115 illam
2287 5065 2441 5130 liuttt,
2476 5076 2533 5119 ut
2564 5067 2803 5121 evadant
2828 5070 2950 5125 aliis
2984 5074 3230 5142 magistri
3262 5078 3503 5130 veritatis
3534 5095 3545 5129 :

1979 5170 2081 5208 nec
2121 5158 2234 5209 lit-ri
2272 5172 2429 5224 posse
2460 5160 2635 5220 aiunt,
2680 5160 2783 5214 tide
2816 5178 2912 5215 sua
2954 5166 3251 5235 quidquam
3282 5181 3547 5236 pra'stalt-

1981 5252 2087 5301 tius
2120 5264 2185 5303 ne
2217 5250 2318 5315 ipsi
2352 5251 2569 5319 quidem
2604 5251 2713 5305 Deo
2744 5255 2939 5310 videri.
2970 5257 3107 5311 Cum
3144 5261 3309 5327 igitur
3341 5260 3417 5312 illi
3449 5262 3549 5313 boe

1979 5342 2161 5397 a'nimo
2192 5345 2325 5408 sint,
2370 5348 2647 5415 quomodo
2679 5353 2953 5416 patientur
2990 5366 3018 5401 a
3055 5352 3213 5404 nobis
3247 5352 3548 5422 quidquam

1979 5437 2203 5490 Omnino
2256 5438 2383 5491 addi
2438 5440 2519 5493 vel
2573 5441 2941 5493 dett'abi?An
2992 5456 3116 5492 Vcl‘o
3150 5456 3365 5510 acquum
3420 5447 3546 5507 erit,

1982 5542 2196 5583 nostros
2250 5532 2301 5581 in
2357 5532 2608 5599 gerendis
2657 5531 2961 5585 inimicitiis
3018 5533 3200 5587 socios
3256 5551 3550 5608 rerumque

1981 5624 2279 5675 artluarum
2332 5638 2393 5676 ac
2445 5623 2745 5679 diliicilium
2791 5625 3082 5695 participes
3127 5628 3399 5695 deserere,
3451 5647 3551 5687 nec

1980 5714 2118 5771 velle
2164 5715 2286 5770 illos
2332 5715 2385 5769 in
2428 5716 2651 5771 t‘ncliore
2703 5716 2923 5771 fortuna
2970 5729 3254 5779 consortes
3301 5722 3551 5780 habere?
