3948 6186
328 269 434 330 4ὖ5

1403 260 1780 324 GENNADII
1822 261 1929 321 ΟΡ.
1969 254 2475 320 ΡΑΤΒῘΑΒΟΗΕ

3464 242 3571 309 ιὸθ

331 394 430 434 nec
453 382 523 432 ita
552 394 736 447 pacem
758 392 1106 447 cuniponere,
1129 376 1588 446 quemadmodum
1613 376 1714 444 ipsi
1740 376 1915 429 liben-

2030 391 2115 439 ρον
2145 371 2597 440 συμμετέχοντας
2628 367 2702 438 μὴ
2724 366 2817 419 καὶ
2846 367 2953 417 τῶν
2980 363 3286 433 ἀμεινόνων
3317 361 3591 414 ποιεῖσθαι

331 480 414 524 ter
444 472 785 524 annuerint?
810 471 887 524 Ad
914 471 1027 524 haec
1054 485 1184 540 ergo
1208 470 1337 539 quid
1368 470 1487 539 ipse
1519 467 1905 538 respondeam,

331 565 529 631 quidve
559 564 738 631 potius
761 563 972 618 consilii
1002 564 1155 617 vobis
1188 566 1305 617 dem
1335 570 1560 630 pr0pter
1588 558 1907 629 bujusmodi

332 657 593 720 rationes,
617 655 888 710 volentem
925 656 1106 708 dicere
1143 663 1350 707 attente
1382 653 1645 707 audietis.
1670 653 1771 717 Qui
1798 651 1910 704 sint

333 749 490 816 longe
525 746 728 808 dissiti,
772 746 966 813 quisve
1004 759 1192 807 secus,
1224 743 1415 797 Patres
1448 742 1767 810 aequissimi,
1800 754 1909 792 non

332 849 494 893 terra:
540 839 734 908 spatiis
757 838 1116 907 judicandum
1151 846 1257 901 est,
1291 835 1387 891 sed
1422 851 1633 889 morum
1682 833 1908 888 institu-

331 946 621 995 torumque
671 930 1055 993 similitudine,
1089 938 1183 982 aut
1229 939 1419 983 contra
1453 946 1467 984 :
1505 943 1601 981 nee
1641 942 1747 981 non
1806 927 1911 980 lin-

331 1039 468 1089 guae,
498 1023 545 1075 si
571 1022 683 1073 ﬁeri
712 1021 904 1089 possit,
938 1030 990 1074 et
1020 1020 1161 1086 quod
1196 1020 1439 1072 omnium
1465 1029 1550 1075 est
1581 1019 1904 1075 maximum.

330 1113 709 1169 benevolentia
761 1120 815 1166 et
860 1112 1142 1175 sncietate,
1210 1119 1511 1180 mutuaque
1558 1126 1720 1179 opera
1773 1124 1910 1178 prai-

333 1204 531 1263 benda,
566 1217 686 1255 cum
732 1216 870 1270 opus
921 1212 1023 1255 est.
1062 1200 1209 1254 lianc
1259 1202 1423 1270 igitur
1449 1216 1548 1255 vos
1599 1200 1911 1254 adhibendo

332 1297 597 1365 regulam,
625 1298 961 1349 contrarium
993 1297 1216 1348 ornnino
1241 1316 1301 1352 ac
1334 1296 1411 1348 illi
1442 1294 1631 1347 volunt
1655 1294 1720 1347 de
1748 1293 1912 1348 rebus

331 1389 626 1458 propositis
661 1392 892 1459 capietis
940 1390 1255 1445 consilium.
1291 1391 1427 1457 Quis
1478 1392 1626 1444 enim
1671 1390 1909 1457 ignorat,

332 1483 636 1536 notissimis
672 1481 993 1536 Latinorum
1047 1484 1371 1538 nationibus
1414 1498 1539 1537 cum
1576 1483 1803 1546 Graecis,
1854 1491 1913 1533 ut

335 1577 570 1642 primum
604 1577 671 1630 de
724 1575 807 1628 his
858 1591 1042 1631 sermo
1089 1576 1203 1640 fiat,
1236 1590 1429 1628 eorum
1460 1574 1616 1642 plane
1661 1572 1908 1625 omnium

334 1681 455 1732 qua:
499 1666 632 1720 dixi.
674 1665 1129 1735 perfectissimam
1174 1665 1515 1720 intercedere
1546 1664 1913 1718 afﬁnitatem?

2014 465 2303 535 βούλεσθαι
2345 459 2677 523 κοινωνούς;
2736 458 2860 528 μηδ’
2893 456 2967 519 ὡς
3008 456 3076 510 ἂν
3128 454 3283 509 αὐτοὶ
3320 453 3596 507 συνθοῖντο

2012 558 2105 610 καὶ
2138 552 2556 618 κατανεύσειαν,
2593 550 2736 603 οὕτω
2762 550 2862 619 τὴν
2905 549 3132 617 εἰρήνην
3166 544 3431 616 πράττειν
3477 547 3597 596 επι-

2014 651 2257 719 χειρεῖνς
2302 647 2399 709 Τίς
2436 640 2530 699 οὖν
2561 643 2714 696 ἔσται
2762 645 2858 696 καὶ
2887 641 3024 710 προς
3051 638 3274 700 τούτους
3301 636 3594 704 ἀπολογία,

2016 741 2218 811 μᾶλλον
2238 741 2293 793 δὲ
2325 740 2378 793 τί
2415 755 2545 793 ποτε
2575 738 2668 790 καὶ
2694 739 2825 803 περὶ
2860 735 3092 787 τουτωθὶ
3121 732 3232 785 τῶν
3259 731 3440 798 λόγων
3485 730 3597 798 εχω

2015 833 2415 901 συμϐουλεύειν
2450 832 2583 899 ύμῖν
2619 826 2931 898 προσέχους’
2962 826 3029 879 ἂν
3071 825 3174 895 ἤδη
3242 824 3421 890 λέγειν
3477 821 3597 874 ἐθέ-

2012 927 2177 980 λοντι.
2232 924 2611 995 Τοὺςκπὸῥρω
2669 924 2764 975 καὶ
2810 921 2934 983 τοὺς
2994 922 3185 987 ἐγγὺς,
3249 912 3294 971 ὦ
3353 917 3595 985 Πατέρες

2012 1019 2436 1082 ἐπιεικέστατοι,
2502 1016 2562 1069 ού
2623 1016 2726 1083 γῆς
2789 1014 3125 1084 διαστήμασι
3196 1010 3407 1064 δίκαιόν
3478 1011 3596 1061 ἐστι

2014 1113 2241 1183 κρίνειν,
2260 1111 2395 1163 ἀλλὰ
2415 1109 2632 1179 τρόπων
2663 1111 2755 1163 καὶ
2777 1107 2927 1175 ὴθῶν
2976 1105 3275 1174 ὁμοιότητι,
3312 1104 3407 1156 καὶ
3436 1103 3597 1155 τοῦν-

2022 1203 2231 1266 αντίον,
2271 1202 2365 1253 καὶ
2399 1199 2651 1268 γλώττης
2700 1197 2784 1263 ἐφ’
2832 1189 2906 1249 ὧν
2935 1195 3052 1246 ἐστι
3105 1194 3332 1247 δυνατόν
3361 1208 3375 1224 ·
3436 1194 3532 1245 καὶ¹
3568 1191 3600 1245 ὃ

2018 1295 2282 1362 μέγιστον
2349 1292 2612 1346 ἁπάντων
2667 1289 2875 1359 εὐνοίᾳ,
2921 1288 3015 1339 καὶ
3074 1287 3331 1356 κοινωνίᾳ
3378 1286 3470 1338 καὶ
3519 1286 3599 1355 τῷ

2018 1386 2396 1456 συμπράττειν
2425 1384 2678 1454 ἀλλήλοις
2704 1385 2762 1437 ἐν
2783 1378 2866 1446 οἷς
2911 1383 2977 1437 ἂν
3004 1383 3113 1437 δέοι
3146 1386 3241 1436 καὶ
3287 1385 3595 1452 συνεργεῖν.

2015 1481 2206 1550 Τούτῳ
2229 1480 2411 1533 τοίνυν
2433 1478 2512 1547 τῷ
2550 1477 2737 1529 κανόνι
2787 1476 3109 1546 χρωμένους
3161 1476 3329 1544 ὑμᾶς,
3386 1476 3598 1528 παντά-

2017 1590 2184 1626 πασιν
2226 1570 2489 1633 ἐναντίως
2518 1565 2598 1632 οἷς
2634 1568 2877 1632 ἀξιοῦσιν
2909 1570 3131 1627 ἐκεῖνοι.
3168 1567 3425 1637 περὶτῶν
3464 1584 3600 1635 προ-

2016 1665 2289 1734 κειμένων
2339 1664 2459 1716 ἔστι
2493 1661 2908 1731 βουλεύσασθαι.
2950 1660 3044 1722 Τίς
3076 1662 3185 1729 γὰρ
3238 1661 3338 1713 οὐκ
3389 1657 3495 1712 οίδε
3527 1661 3600 1711 τὰ

333 1772 387 1815 et
408 1769 587 1813 tamen
611 1773 799 1813 eorum
820 1757 1012 1825 aliqua:
1033 1757 1283 1825 plurimis
1304 1768 1460 1812 terrae
1481 1757 1677 1826 spatiis
1699 1771 1729 1809 a
1750 1756 1912 1810 nobis

2030 1759 2127 1811 τῶν
2159 1758 2410 1812 Λατίνων
2451 1754 2851 1825 γνωριμώτατα
2879 1753 3035 1823 γένη.
3068 1753 3140 1815 ὠς
3167 1752 3236 1806 ἂν
3266 1753 3402 1822 πρὸς
3429 1754 3601 1822 Γραι-

335 1851 577 1906 distant?
616 1850 748 1916 Quis
785 1849 959 1903 nescit
990 1850 1179 1909 etiam.
1232 1851 1436 1905 multos
1476 1865 1541 1904 ex
1579 1849 1646 1903 iis
1698 1850 1791 1918 qui
1838 1850 1921 1901 in-

338 1945 494 1999 terim
526 1944 811 1998 nohiscum
843 1944 896 1997 in
926 1942 1027 1997 fide
1057 1942 1321 2005 sentiunt,
1350 1958 1474 1997 esse
1502 1944 1721 2010 quidem
1758 1941 1916 1997 nobis

338 2037 575 2099 vicinos,
618 2035 870 2088 moribus
901 2042 1078 2087 autem
1113 2042 1167 2086 et
1194 2034 1461 2087 institutis
1494 2032 1714 2087 differre
1749 2048 1922 2101 quan-

338 2140 450 2181 tum
486 2127 573 2179 vix
620 2125 724 2180 dici
754 2125 964 2195 queat?
996 2133 1050 2180 et
1081 2125 1447 2191 calan'nitates,
1496 2125 1697 2193 quibus
1727 2124 1919 2193 afﬂigi-

340 2236 462 2273 mur
496 2219 762 2289 quotidie,
800 2235 908 2273 non
942 2219 1184 2274 curare?
1221 2219 1440 2274 Scimus
1473 2219 1639 2271 etiam
1680 2218 1920 2292 nonnul~

342 2312 425 2366 los
461 2329 524 2366 ex
582 2312 651 2366 iis
708 2312 957 2367 insidiari
996 2312 1175 2376 nobis,
1225 2327 1290 2366 ac
1322 2312 1564 2366 invidere
1602 2329 1615 2367 :
1654 2311 1745 2381 qui
1792 2326 1921 2365 vero

344 2417 405 2459 se
449 2404 612 2458 nobis
657 2405 861 2459 amicos
916 2405 1157 2472 prmbere
1202 2404 1413 2468 volunt,
1470 2403 1695 2471 perinde
1740 2402 1922 2457 valent

341 2502 505 2563 atque
539 2494 574 2546 ii
625 2492 716 2561 qui
762 2493 982 2557 nolunt,
1010 2494 1285 2549 similibus
1318 2502 1373 2548 et
1414 2493 1516 2563 ipsi
1550 2502 1712 2563 atque
1738 2495 1921 2557 etiam

345 2584 690 2656 gravioribus
738 2583 987 2653 Oppressi
1044 2585 1304 2649 miseriis,
1355 2593 1414 2638 ut
1463 2600 1530 2639 ne
1568 2566 1670 2640 sibi
1705 2586 1922 2655 quidem

348 2677 484 2745 ipsis
511 2691 666 2742 opem
708 2675 847 2728 ferre
891 2685 1117 2744 queant.
1168 2677 1440 2733 Praatereo
1478 2681 1651 2750 quod,
1688 2680 1924 2749 exceptis

354 2767 525 2821 Gallis
575 2777 626 2820 et
666 2766 948 2836 Hispanis,
1011 2768 1236 2837 reliquae
1294 2768 1614 2826 Latinorum
1674 2772 1925 2827 nationes

347 2860 530 2915 minus
552 2859 757 2915 distant
787 2859 908 2913 loco
940 2876 967 2912 a
1000 2859 1178 2926 nobis,
1200 2877 1361 2930 quam
1390 2862 1558 2932 aliqui
1588 2879 1779 2917 eorum
1805 2865 1923 2934 (no-

346 2952 492 3007 mine
521 2953 667 3008 enim
701 2968 797 3008 eos
833 2952 1109 3022 appellare
1140 2956 1288 3024 nolo)
1324 2956 1525 3023 quibus
1560 2956 1922 3011 vehementer

347 3062 536 3103 sumus
568 3047 795 3101 addicti.
832 3045 973 3112 Quin
1017 3047 1181 3100 etiam
1212 3057 1269 3101 ut
1322 3048 1534 3103 vicinos
1564 3048 1790 3105 eosdem
1829 3051 1922 3104 ha-

348 3142 563 3203 bemus,
598 3140 829 3195 coloniis
862 3140 1195 3210 quibusdam
1238 3140 1545 3211 insulisque
1581 3141 1690 3196 illis
1730 3142 1919 3197 subdi-

351 3233 418 3286 tis
448 3232 679 3286 maxime
709 3232 988 3301 conjuncti
1023 3250 1036 3295 ;
1075 3241 1129 3285 et
1160 3248 1285 3287 cum
1314 3232 1596 3288 nonnullis
1630 3234 1703 3288 ita
1737 3244 1926 3288 nostra

349 3323 530 3376 omnia
566 3324 1025 3377 communicavitn
1044 3338 1129 3384 us,
1179 3332 1233 3376 ut
1277 3324 1438 3378 veluti
1492 3325 1927 3394 consanguineos

350 3414 608 3480 civesque
638 3412 1020 3469 adhibeamus.
1052 3415 1129 3467 Ad
1156 3415 1270 3468 haec
1301 3417 1409 3468 lata
1438 3416 1595 3470 nobis
1621 3428 1928 3485 opportune

355 3504 581 3569 auxilia,
631 3507 919 3573 vicemque
955 3519 984 3557 a
1036 3504 1195 3561 nobis
1230 3506 1520 3570 redditam,
1575 3522 1676 3562 nec
1731 3522 1839 3562 non
1872 3516 1930 3559 ut

359 3596 605 3651 moribus
644 3597 863 3666 utrique
900 3597 1205 3651 alterorum
1244 3599 1424 3667 potius
1475 3614 1639 3667 quam
1691 3599 1932 3668 propriis

352 3690 705 3755 oblectemur,
754 3701 810 3744 et
849 3690 1165 3744 communia
1213 3690 1325 3745 sint
1361 3692 1522 3745 nobis
1556 3691 1817 3758 eruditio,
1854 3692 1934 3746 di—

356 3782 621 3851 sciplime,
670 3789 726 3836 et
758 3790 947 3835 exacta
999 3781 1314 3851 dogmatum
1353 3782 1586 3837 scientia
1616 3791 1928 3853 czeteraque

354 3873 571 3928 vincula
594 3872 794 3943 quibus
821 3874 1165 3941 eopularnur,
1196 3887 1523 3943 percensere
1555 3874 1771 3942 singula
1797 3872 1933 3927 dim-

354 3971 619 4027 cillimum
655 3969 917 4026 arbitror.
968 3968 1161 4040 Itaque
1197 3971 1245 4026 si
1280 3979 1333 4027 et
1372 3980 1790 4027 neStram-cum
1828 3968 1934 4024 La-

358 4066 486 4121 tinis
521 4080 706 4135 pacem
745 4064 901 4135 sequi
940 4079 1131 4120 omnes
1183 4063 1483 4131 voluerint,
1523 4062 1798 4119 felicitatis
1846 4062 1934 4117 hic

356 4158 460 4212 erit
484 4157 762 4221 cumulus,
792 4167 846 4209 et
876 4156 1127 4211 veritatis
1157 4166 1349 4210 contra
1390 4154 1740 4210 mendacium
1806 4153 1932 4227 illu-

359 4248 488 4304 stris
510 4248 760 4314 victoria,
780 4255 832 4303 et
861 4247 969 4301 late
994 4246 1189 4302 diffusa
1219 4262 1344 4317 pax,
1379 4255 1544 4315 atque
1571 4243 1755 4299 omnia
1788 4258 1936 4300 com-

359 4342 619 4411 plectens.
653 4340 759 4395 Sed
788 4341 831 4394 si
867 4339 1176 4409 perieulum
1216 4348 1323 4401 cst,
1355 4354 1422 4393 ne
1453 4338 1610 4392 alteri
1642 4334 1935 4391 adhaeren-

2016 2221 2431 2291 ὸμοδοξούντων
2468 2260 2483 2282 ,

2022 1852 2155 1914 κοὺς
2195 1851 2222 1901 ὁ
2249 1850 2405 1916 λόγος
2440 1848 2687 1915 γίγνοιτο
2710 1846 2950 1917 πρῶτον,
3008 1847 3066 1899 ἐν
3100 1842 3268 1897 πᾶσὶν
3317 1845 3452 1912 ὁμοῦ
3486 1848 3602 1907 τοῖς

2024 1944 2452 2013 προειρημένοις
2479 1941 2886 2010 ἀκριϐεστάτην
2921 1940 3019 2006 τὴν
3058 1939 3196 2007 πρὸς
3235 1939 3386 2006 ἡμᾶς
3436 1939 3607 2005 ἐγγύ-

2025 2054 2163 2106 τητα
2197 2036 2479 2100 σώζοντα;
2514 2035 2695 2087 καίτοι
2748 2033 2955 2086 τούτων
2977 2034 3106 2085 ,ἔνια
3138 2032 3388 2084 πλεῖστον
3438 2032 3603 2099 ἡμῶν

2024 2130 2221 2198 ἀπέχει
2246 2131 2313 2198 τῇ
2350 2128 2444 2196 γῇ.
2474 2127 2572 2188 Τίς
2596 2125 2642 2178 δ’
2678 2127 2867 2193 ἀγνοεῖ
2900 2124 3130 2187 πολλοὺς
3156 2125 3262 2177 τῶν
3297 2126 3430 2193 ἡμῖν
3461 2124 3605 2186 τέως

2539 2218 2707 2286 ἐγγὺς
2774 2217 2874 2289 μὲν
2931 2217 3372 2287 συνῳκισμένους
3420 2218 3603 2285 ἡμῶν,

2024 2315 2187 2384 ήθεσι
2219 2314 2316 2366 καὶ
2349 2314 2574 2383 τρόποις
2606 2311 2724 2365 οὐδ’
2755 2313 2879 2365 ὅσον
2923 2311 3098 2362 εἰπεῖν
3145 2311 3261 2362 ἔστι
3316 2309 3606 2379 διαφέρον·

2025 2424 2144 2469 τας,
2197 2407 2293 2463 καὶ
2341 2405 2448 2460 τῶν
2498 2406 2628 2475 ἡμῖν
2687 2404 2945 2458 ἑκάστοτε
2994 2402 3415 2469 συμπιπτόντων
3489 2400 3606 2452 οὐδ’

2027 2499 2569 2569 ὲπιστρεφομένους;
2632 2495 2847 2557 Ἐνίους
2875 2494 2918 2546 δ’
2951 2493 3134 2546 αὐτῶν
3177 2495 3337 2562 ῐσμεν
3380 2492 3607 2545 ἐπιϐου-

2025 2591 2284 2653 λεύοντας
2306 2590 2402 2645 καὶ
2428 2589 2776 2657 φθονοῦντας.
2817 2586 2880 2639 Οἱ
2945 2585 3000 2638 δὲ
3046 2586 3139 2638 καὶ
3174 2584 3243 2637 τὰ
3272 2585 3380 2637 τῶν
3433 2582 3607 2635 εὓνων

2029 2685 2291 2754 πράττειν
2358 2682 2635 2744 ἐθέλοντες
2679 2684 2737 2735 ὲν
2772 2682 2870 2750 ῐσῳ
2894 2681 3004 2741 τοῖς
3037 2680 3111 2749 μὴ
3140 2679 3485 2748 βουλομένοις
3528 2681 3608 2730 εἰ·

2030 2779 2135 2840 σίν,
2166 2775 2329 2844 ὅμοια
2350 2772 2798 2844 δυσπραγοῦντες
2823 2774 2955 2841 ἡμῖν
2988 2772 3079 2825 καὶ
3108 2772 3296 2840 χείρω,
3347 2772 3441 2824 καὶ
3469 2771 3605 2841 μηδὲ

2030 2866 2213 2936 σφίσιν
2246 2865 2431 2927 αὐτοῖς
2462 2863 2694 2933 ἀμύνειν
2725 2863 3041 2931 δυνάμενοι.
3082 2861 3188 2916 Ἐὦ
3212 2862 3320 2931 γάρ
3354 2863 3438 2914 δτι
3463 2862 3607 2930 πλὴν

2027 2956 2250 3009 Γάλλων
2280 2972 2337 3007 τε
2369 2952 2465 3007 καὶ
2503 2952 2797 3020 Ὶσπανῶν,
2835 2955 2931 3007 καὶ
2970 2953 3038 3004 τά
3069 2950 3234 3005 λοιπὰ
3290 2952 3397 3004 τῶν
3443 2952 3606 3004 Λατί-

2030 3067 2137 3101 νων
2164 3047 2291 3114 ἕθνη
2335 3048 2429 3101 καὶ
2453 3046 2605 3116 τόπῳ
2635 3045 2925 3115 διέστηκεν
2977 3045 3136 3114 ήμῶν
3169 3042 3441 3113 ἐλαττονῆ
3479 3042 3605 3096 τού-

2030 3159 2137 3194 των
2184 3140 2331 3203 τινὲς
2381 3138 2465 3209 (ού
2506 3140 2613 3208 γάρ
2669 3137 2934 3208 βούλομαι
2990 3136 3233 3206 τοῠνομα
3278 3136 3481 3204 λέγειν)
3530 3130 3606 3192 ὧν

2033 3233 2238 3302 σφόδρα
2276 3230 2673 3301 περιεχόμεθα.
2707 3230 2831 3291 Τοῖς
2860 3229 2940 3282 δὲκ
2968 3229 3156 3291 αὐτοῖς
3204 3230 3299 3282 καὶ
3352 3228 3605 3297 καθάπερ

2030 3327 2239 3394 γείτοσι
2297 3323 2579 3393 χρώμεθα,
2643 3322 2923 3384 ἀποικίαις
2979 3322 3093 3375 τισὶ
3134 3325 3229 3376 καὶ
3275 3324 3461 3390 νήσοις
3515 3320 3602 3373 ὑπ’

2033 3415 2210 3467 αὐτῶν
2264 3412 2605 3483 άρχομέναις
2670 3412 2909 3481 μάλιστα
2970 3413 3397 3482 συναπτόμενον
3440 3414 3604 3477 ἐνίοις

2031 3504 2087 3556 δὲ
2117 3503 2213 3558 καὶ
2278 3503 2388 3556 τῶν
2455 3503 2586 3573 παρ’
2643 3504 2774 3572 ἡμῖν
2828 3502 3267 3572 μεταδεδωκότες
3328 3505 3605 3568 ἁπάντων,

2032 3597 2208 3652 ὁπόσα
2254 3595 2500 3667 γνησίοις
2548 3600 2643 3651 καὶ
2680 3596 2932 3659 πολίταις
2992 3597 3255 3666 ἄντικρυς
3301 3599 3610 3667 προσφερό-

2036 3691 2197 3761 μεθα.
2227 3690 2336 3751 Τὰς
2371 3687 2539 3741 δὀὲπὶ
2574 3687 2770 3759 καιροῦ
2821 3687 3077 3758 βοηθείας
3132 3689 3314 3743 αὐτῶν
3364 3693 3459 3743 καὶ
3509 3693 3609 3754 τὰς

2037 3782 2169 3853 παρ’
2203 3781 2359 3852 ἡμῶν
2384 3781 2646 3852 ἀμοιϐὰς,
2681 3780 2816 3851 πρὸς
2849 3781 2906 3833 δὲ
2943 3782 3039 3835 καὶ
3091 3781 3151 3835 τὸ
3197 3785 3309 3844 τοῖς
3362 3784 3610 3854 ἀλλήλων

2034 3875 2191 3945 ήθεσι
2221 3874 2431 3945 χαίρειν
2466 3873 2574 3942 πρὸ
2606 3872 2718 3926 τῶν
2768 3872 3005 3937 οἰκείων,
3055 3874 3354 3943 μαθήματά
3396 3893 3455 3928 τε
3516 3877 3612 3928 καὶ⁵

2036 3966 2230 4034 λόγους
2255 3966 2351 4018 καὶ
2382 3963 2669 4033 δογμάτων
2717 3962 3034 4032 ἐπιστήμην
3066 3961 3164 4014 σὺν
3197 3962 3475 4033 ἀκριϐείᾳ,
3515 3964 3614 4015 καὶ

2036 4058 2206 4113 τᾶλλα
2237 4056 2319 4110 δι’
2351 4049 2426 4109 ὧν
2455 4054 2843 4125 συναπτόμεθα
2876 4054 3203 4123 καταλέγειν
3247 4054 3474 4122 ἕκαστα,
3498 4058 3613 4108 τῶν

2038 4149 2488 4223 δυσχερεστάτων
2512 4143 2667 4201 εἶναι
2702 4148 2932 4217 νομίζω.
2963 4148 3025 4201 El
3053 4149 3154 4217 μὲν
3208 4144 3304 4202 οὖν
3336 4149 3433 4218 τῆς
3473 4149 3612 4219 πρὸς

2039 4244 2307 4305 Λατίνους
2336 4243 2562 4313 εἰρήνης
2607 4240 2701 4294 καὶ
2729 4240 2932 4304 πάντες
2952 4243 2986 4309 ή
2998 4243 3086 4311 μίν
3117 4241 3469 4311 βουλήσονται
3494 4258 3611 4293 κοι-

2041 4338 2252 4399 νωνεῖν,
2286 4332 2548 4404 εῠδαιμον
2581 4332 2649 4385 ἂν
2675 4331 2760 4401 εῐη
2792 4331 2953 4385 τοῦτό
2976 4350 3061 4399 γε,
3092 4334 3189 4386 καὶ
3250 4333 3481 4404 λαμπρὰ
3512 4332 3612 4401 τῆς

361 4444 442 4490 tes
460 4434 599 4503 parti
619 4434 936 4487 amittamus
956 4432 1203 4491 alteram,
1224 4431 1504 4485 hominum
1517 4431 1619 4486 erit
1640 4430 1924 4499 prudenter

2044 4427 2304 4497 ἀληθείας
2331 4427 2458 4493 νίκη
2488 4424 2631 4479 κατὰ
2668 4425 2763 4477 τοῦ
2813 4419 3067 4493 ψεύδους,
3104 4424 3200 4477 καὶ
3247 4426 3440 4495 εἰρήνη
3478 4424 3611 4475 πλα-

360 4526 679 4595 agentium,
737 4524 974 4580 maxime
1029 4524 1243 4579 vicinos
1298 4523 1554 4592 praeferre
1611 4523 1734 4576 aliis
1786 4536 1935 4576 :eos

362 4618 638 4680 videlicet,
668 4617 866 4686 quibus
893 4617 1206 4686 praepositis
1229 4624 1281 4668 et
1306 4616 1587 4669 veritatem
1614 4614 1930 4691 fatebimur,

364 4717 417 4763 et
446 4723 636 4778 pacem
668 4708 919 4763 stabilem
955 4708 1332 4763 conficiemus.
1369 4707 1535 4763 Scitis
1569 4708 1713 4762 enim
1747 4707 1933 4777 plures

363 4818 553 4858 eorum
596 4803 699 4857 hoc
736 4801 898 4856 etiam
935 4808 1181 4871 tempore
1216 4800 1649 4869 uulliusparere
1676 4799 1928 4869 imperio,

364 4905 415 4947 et
455 4894 655 4946 nullam
690 4894 891 4947 habere
923 4893 1209 4946 nobiscum
1258 4892 1725 4955 communionem,
1761 4904 1937 4959 neque

370 4989 667 5043 lieclesiam
707 4995 950 5041 nostram
996 4986 1209 5047 audire,
1245 4989 1338 5040 sed
1371 4986 1579 5039 nullum
1614 4986 1740 5039 hinc
1781 4986 1937 5040 nobis

364 5082 708 5149 dispendium
742 5079 918 5133 oritur
951 5097 964 5131 :
1001 5092 1175 5147 neque
1226 5076 1396 5145 igitur
1430 5077 1654 5131 omnino
1696 5091 1726 5131 ε
1777 5077 1939 5130 nobis

363 5177 558 5233 dintlsi
587 5180 840 5245 poterunt
866 5170 1125 5227 invehere
1154 5170 1324 5224 ullum
1360 5168 1792 5224 incommodum.
1829 5167 1934 5222 Sed

365 5272 410 5324 si
450 5277 672 5337 possent
706 5267 871 5321 etiam
921 5264 1051 5318 dare
1103 5262 1321 5331 aliquod
1369 5262 1654 5326 damnum,
1698 5259 1966 5343 perfecta.

367 5373 512 5416 certe
542 5378 667 5415 cum
711 5358 919 5413 Latinis
948 5355 1265 5426 conjunctio
1294 5354 1428 5408 adeo
1461 5353 1773 5407 numerosis
1804 5351 1939 5406 satis

367 5470 636 5521 superque
664 5452 863 5522 poterit
893 5451 1194 5505 molestiam
1218 5448 1437 5502 demere
1468 5444 1594 5498 inde
1616 5443 1941 5511 proveniet:-

369 5553 474 5596 tem
510 5560 522 5596 :
554 5552 610 5596 ut
631 5544 740 5612 jam
776 5559 840 5597 ne
870 5542 1043 5612 ipsam
1075 5539 1297 5610 quidem
1332 5535 1485 5605 prius
1517 5536 1937 5603 conjunetorum

369 5632 723 5686 amissionem
755 5633 1080 5685 sentiamus.
1125 5628 1236 5683 Nec
1273 5641 1404 5681 vero
1438 5625 1619 5694 aliqua
1655 5625 1815 5678 nobis
1852 5626 1939 5678 fiet

372 5726 482 5782 illis
512 5723 734 5793 injuria,
763 5724 871 5778 Deo
896 5724 1075 5793 judice
1103 5722 1527 5791 hominibusque
1555 5719 1647 5789 qui
1678 5721 1898 5790 sapiunt
1924 5738 1938 5789 ;

2039 4520 2157 4572 τεῖα
2189 4520 2282 4571 καὶ
2316 4518 2493 4571 πάντα
2517 4515 2986 4585 διαλαμϐάνουσαο
3023 4518 3071 4569 εί
3097 4514 3273 4569 δὲκαὶ
3303 4515 3611 4568 κινδυνεύο-

2042 4628 2141 4681 μεν
2170 4610 2380 4680 ἑτέρων
2406 4612 2787 4680 περιεχόμενοι
2843 4610 2972 4672 τοὺς
3016 4610 3241 4681 ἑτέρους
3286 4610 3609 4675 ἀποϐαλεῖν,

2047 4704 2345 4773 σωφρόνων
2378 4703 2444 4755 ἂν
2481 4702 2569 4771 εἴη
2600 4703 2729 4765 τοὺς
2779 4701 3017 4771 μάλιστα
3073 4701 3473 4772 πλησιάζοντας
3501 4704 3612 4757 τῶν

2043 4799 2220 4852 ἄλλων
2250 4796 2597 4866 προελέσθαι·
2642 4795 2737 4847 καὶ
2770 4785 2864 4858 οὓς
2894 4797 3295 4865 προτιμήσασι,
3327 4798 3387 4849 τό
3416 4814 3472 4848 τε
3513 4797 3615 4864 τὴν

2044 4890 2301 4961 ἀλήθειαν
2363 4888 2680 4958 ὁμολογεῖν,
2734 4888 2829 4940 καὶ
2885 4887 2946 4940 τὸ
3014 4888 3116 4957 τὴν
3156 4888 3380 4957 εἰρήνην
3425 4888 3500 4948 ὠς
3546 4888 3617 4940 ἂν

2048 4983 2284 5052 μάλιστα
2314 4982 2598 5052 διαρκοίη,
2639 4976 2905 5051 πράττειν
2947 4981 3272 5051 προσέσται.
3313 4981 3455 5032 Ἴστε
3507 4981 3616 5050 γάρ

2044 5076 2123 5129 ὅτι
2158 5075 2253 5127 καὶ
2283 5072 2379 5126 νῦν
2404 5074 2699 5143 αὐτόνομοι
2750 5071 2957 5125 τούτων
2985 5072 3035 5125 οἰ
3072 5072 3313 5136 πλείους,
3346 5070 3440 5124 καὶ
3490 5070 3616 5123 οὔτε

2045 5167 2156 5229 τῶν
2186 5164 2364 5220 ἄλλων
2422 5165 2556 5234 ἡμῖν
2593 5164 2652 5216 ὲν
2701 5162 2881 5216 οὐδενὶ
2933 5162 3306 5229 κοινωνοῦσιν,
3339 5161 3462 5216 οὔτε
3517 5162 3620 5229 τῆς

2056 5257 2386 5325 Ἐκκλησίας
2442 5255 2599 5325 ἡμῶν
2652 5254 3055 5308 ὲπακούουσιψ
3115 5255 3231 5309 ἀλλ’
3278 5254 3433 5307 οὐδὲν
3485 5256 3621 5324 ήμῖν

2047 5351 2296 5405 ἐντεῦθεν
2329 5351 2539 5419 γίνεται
2601 5348 2797 5418 βλάϐος
2828 5365 2840 5377 ·
2897 5351 3020 5404 οὐδὲ
3059 5350 3236 5402 τοίνυν
3271 5349 3621 5402 παντάπασιν

2047 5443 2439 5513 ἀπερρωγότες
2475 5441 2652 5510 ἡμῶν,
2691 5440 2907 5505 ἕξουσιν
2946 5434 3005 5494 οὗ
3063 5444 3220 5513 χάριν
3255 5442 3619 5512 λυπήσουσιν.

2048 5538 2111 5589 Ei
2141 5536 2197 5588 δέ
2230 5553 2285 5587 τι
2314 5534 2406 5587 καὶ
2446 5532 2682 5604 ζημιοῦν
2716 5536 2863 5603 ἡμᾶς
2911 5535 3111 5605 ἔχοιεν,
3151 5535 3268 5589 ἀλλ’
3300 5536 3334 5604 ή
3366 5534 3475 5586 τῶν
3501 5534 3623 5605 ’Λα-

2047 5627 2210 5679 τίνων
2239 5624 2475 5695 ἀκριϐὴς
2508 5624 2765 5677 κοινωνία
2792 5624 3063 5678 τοσούτων
3092 5624 3261 5677 ὅντων
3317 5623 3454 5692 μετὰ
3489 5620 3622 5672 πολ⁸

2049 5719 2148 5789 λῆς
2177 5717 2277 5786 τῆς
2309 5717 2627 5787 περιουσίας
2658 5718 2755 5789 τήν
2802 5718 3011 5773 ἐκεῖθεν
3046 5716 3238 5787 ἀηδίαν
3278 5716 3429 5771 λύειν
3451 5714 3624 5786 ἀρκέ-
