3948 6186
376 246 479 309 όῐτῗ

1537 249 1824 313 ORATIO
1862 254 1922 315 ll
1966 258 2066 317 AD
2107 259 2500 324 SYNODUM.

3536 274 3641 339 458

381 354 487 425 asa,
548 361 623 423 ὡς
676 358 802 430 μηδ’
854 358 1212 414 αίσθὰνεσθαι
1274 361 1487 428 λοιπὸν,
1549 365 1603 417 εἴ
1662 384 1808 430 τινος
1852 368 1952 422 τῶν

2065 386 2253 429 contra
2304 378 2449 432 enim
2485 378 2666 449 patius
2702 379 2770 433 ab
2816 379 2927 437 illis
2978 380 3235 439 Ecclesiae
3271 383 3385 449 Dei,
3426 384 3642 457 sibique

380 451 571 521 πεώην
596 450 974 520 ᾠκειωμένων
1008 452 1356 521 κατάστημεν
1385 454 1607 526 ἔρημοι.
1645 458 1805 512 Ἀλλὰ
1852 460 1960 530 μὴν

375 544 485 597 οὐδ’
520 543 862 613 ἀδικήσομεν
895 544 1038 608 ὅλως
1072 544 1273 607 αὐτοὺς
1298 545 1418 615 Θεῷ
1465 536 1695 618 δικαστῇ
1728 554 1959 613 καὶτοῖς

379 634 505 687 νοῦν
542 634 729 704 ἔχουσι
765 634 876 687 τῶν
908 634 1221 704 ἀνθρώπων
1245 653 1258 666 °
1293 638 1612 693 τούναντίον
1663 642 1775 710 γὰρ
1825 644 1961 712 μᾶλ-

375 727 492 789 λον,
524 727 679 780 αὐτοὶ
719 727 814 780 καὶ
838 727 937 797 την
984 728 1316 799 Ἐκκλησίαν
1356 730 1493 782 Θεοῦ
1530 731 1625 784 καὶ
1661 735 1802 800 σφᾶς
1858 734 1959 787 αύ-

374 818 504 880 τοὺς
539 817 918 886 ἀδικήσουσιν.
952 818 1028 871 Ού
1053 819 1165 890 γὰρ
1194 821 1327 890 ἡμῖν
1363 822 1548 890 μόνοις
1581 822 1772 876 λοιπὸν
1802 826 1959 878 ἀντε-

377 907 590 975 ροῦσιν,
622 906 715 970 οὓς
740 909 835 959 καὶ
859 910 1129 979 πρότερον
1159 911 1251 979 τῆς
1285 912 1582 980 καθολικῆς
1626 915 1960 985 Ἐκκλησίας

377 1002 577 1068 μοῖραν
602 998 805 1068 ⁴ᾔδεσαν
852 999 1036 1065 ὄντας,
1094 1000 1230 1055 ἀλλά
1284 1003 1423 1072 πρὸς
1476 1005 1662 1057 πᾶσαν
1689 1007 1826 1075 ὁμοῦ
1862 1009 1959 1077 τὴν

388 1090 719 1161 Ἐκκλησίαν
768 1091 1239 1163 φιλονεικήσουσι,
1276 1096 1373 1148 καὶ
1417 1095 1599 1167 πάσης
1629 1099 1957 1170 ἀπορραγῆ-

379 1200 588 1238 σονται.
628 1184 739 1254 Τῆς
774 1186 882 1256 γὰρ
906 1184 1049 1239 κατὰ
1108 1187 1691 1245 Κωνσταντινούπολιν
1733 1192 1961 1260 Ἐκκληυ

378 1275 503 1339 σίας
554 1276 696 1345 μετὰ
742 1277 851 1331 τῶν
891 1277 1070 1330 ἄλλων
1105 1279 1275 1348 τριῶν
1318 1281 1384 1349 τῇ
1453 1279 1642 1351 Ῥώμῃ
1689 1299 1958 1335 συναπτο-

379 1368 571 1437 μένης,
602 1368 759 1423 οὐδὲν
787 1369 889 1437 τῆς
929 1369 1228 1440 καθολικῆς
1284 1372 1613 1441 Ἐκκλησίας
1655 1374 1762 1440 ἔξω
1791 1391 1961 1428 κατα-

376 1458 626 1513 λείπεται
660 1474 673 1488 ⁸
726 1454 796 1531 ἦς
820 1460 1215 1530 ἀποσχίζοντες
1241 1462 1494 1527 ἑαυτοὺς,
1530 1463 1625 1516 καὶ
1655 1465 1754 1526 τὰς
1787 1465 1961 1534 αὐτῆς

379 1550 804 1619 ἀπαναινόμενοι
829 1550 1069 1619 ψήφους,
1094 1552 1195 1604 οὐκ
1229 1547 1331 1605 οἷδ’
1378 1552 1435 1604 εί
1465 1571 1611 1615 τινος
1666 1554 1760 1607 ὑπ’
1792 1556 1956 1610 ἀλλου

378 1642 569 1696 τούτου
625 1644 856 1714 πάσχειν
886 1643 1139 1697 δύναιντο
1193 1648 1392 1715 χεῖρον.
1431 1645 1554 1698 Οὐδ’
1608 1647 1753 1717 ἡμᾶς
1809 1649 1962 1717 ὀφεί-

2071 466 2209 535 ipsis
2243 468 2329 523 {iet
2368 471 2567 537 injuria
2612 489 2625 526 :
2665 472 2935 542 siquidem
2987 476 3244 547 deinceps
3280 494 3387 532 non
3424 486 3639 533 tantum

2066 560 2231 615 nobis
2264 563 2541 616 contraria
2594 566 2851 629 sentient,
2898 582 3037 636 quos
3072 577 3125 622 et
3173 578 3330 625 antea
3359 562 3643 627 catholica)

2065 650 2323 706 Ecclesiae
2367 664 2575 723 partem
2612 660 3006 725 agnoscebant,
3058 662 3151 715 sed
3184 678 3362 733 pugna
3399 664 3503 716 illis
3534 664 3641 718 erit

2064 757 2188 793 cum
2230 750 2341 795 tota
2394 758 2625 812 prorsus
2670 746 2939 813 Ecclesia,
2976 758 3247 819 eruntque
3282 752 3352 806 ab
3384 755 3638 810 universa

2062 835 2321 900 separati.
2356 834 2489 888 Nam
2518 837 2606 890 ubi
2630 837 3241 911 CoustantinOpoYitana
3266 844 3511 900 Ecclesia
3537 863 3640 901 una

2065 938 2189 976 cum
2221 925 2395 978 tribus
2414 926 2535 981 aliis
2562 928 2857 997 conjuncta
2885 934 2989 985 erit
3033 949 3154 988 cmn
3189 936 3454 998 Romana,
3495 940 3643 992 nulla

2065 1017 2347 1071 catholica:
2376 1017 2631 1075 Ecclesia:
2661 1037 2784 1090 pars
2826 1034 2981 1077 extra
3011 1036 3216 1092 manet,
3238 1041 3263 1078 a
3298 1043 3400 1096 qua
3432 1029 3643 1099 seipsos

2066 1104 2426 1174 sejungendo,
2475 1118 2529 1163 et
2578 1112 2801 1164 decreta
2844 1114 2963 1182 ejus
3013 1129 3121 1168 non
3152 1117 3491 1185 recipiendo,
3532 1135 3642 1172 non

2063 1197 2224 1250 video
2250 1200 2381 1267 quid
2413 1216 2441 1254 a
2466 1218 2742 1273 quoquam
2776 1208 2883 1260 alio
2918 1210 3136 1276 possint
3178 1210 3278 1264 hoc
3318 1211 3463 1265 malo
3494 1212 3643 1265 dete-

2063 1288 2183 1345 rius
2213 1294 2343 1361 pati.
2395 1292 2584 1364 Neque
2629 1298 2830 1354 debere
2881 1316 2981 1354 nos
3019 1303 3219 1355 dixerit
3260 1304 3534 1373 quispiam
3569 1305 3642 1356 ita

2066 1380 2175 1434 illis
2226 1383 2630 1452 obsecundare,
2670 1401 2727 1445 ut
2777 1402 2831 1446 et
2866 1393 3153 1447 veritatem
3202 1406 3641 1461 contemnamus,

2064 1482 2119 1524 et
2151 1476 2302 1541 pacis
2334 1476 2538 1531 bonum
2591 1496 2937 1551 respuamus,
2968 1484 3234 1557 nobisque
3274 1487 3407 1557 ipsis
3442 1487 3642 1542 damna

2065 1577 2318 1619 cteemus
2352 1583 2367 1619 :
2396 1571 2541 1636 quod
2598 1572 2680 1626 vel
2728 1575 2967 1632 dominis
3003 1578 3308 1635 concedere
3358 1579 3513 1634 valde
3560 1588 3641 1635 est

2066 1654 2383 1711 absurdum.

377 1741 490 1794 λειν
555 1741 702 1795 εἴποι
760 1757 845 1804 τις
904 1742 969 1795 ἂν
1036 1742 1167 1811 ἄχρι
1217 1743 1312 1795 καὶ
1386 1742 1481 1796 τοῦ
1538 1744 1638 1812 τῆς
1726 1744 1987 1815 ἀληθείας
2061 1756 2450 1824 καταφρονεῖν,
2502 1761 2597 1813 καὶ
2661 1762 2723 1815 τὸ
2778 1765 2877 1835 τῆς
2957 1767 3183 1839 είρὴνης
3255 1772 3643 1840 mpm—celatim

379 1840 568 1901 καλὸν.
622 1838 716 1892 καὶ
764 1839 915 1907 ἡμᾶς
958 1838 1155 1901 αὖτοὺς
1205 1837 1484 1908 ζημιοῦν,
1538 1840 1607 1893 τὰ
1670 1841 1823 1910 σφῶν
1882 1842 2246 1916 θεραπεύειν,
2301 1851 2330 1904 ὃ
2394 1855 2491 1907 καὶ
2539 1856 2830 1923 δεσπόταις
2885 1859 3006 1915 λίαν
3058 1837 3271 1919 ἀτοπόν
3322 1867 3439 1918 ἐστι
3509 1882 3641 1931 συγ-

380 1937 606 2006 χωρεῖν.

462 2028 607 2085 Ἀλλ’
636 2028 749 2083 οὐδ’
782 2027 951 2098 ἀηθές
987 2044 1039 2080 τι
1075 2027 1173 2081 καὶ
1203 2025 1299 2080 νῦν
1334 2029 1556 2098 πρῶτον
1602 2031 1904 2100 συμϐαῖνον
1934 2033 1952 2084 'l

2143 2038 2314 2094 Porro
2368 2052 2548 2097 autem
2591 2058 2790 2099 novum
2826 2063 2932 2100 non
2974 2058 3076 2111 est,
3110 2057 3203 2102 aut
3234 2064 3379 2104 nunc
3405 2052 3639 2118 primum

383 2123 518 2193 πρὸς
546 2121 647 2192 τὴν
670 2119 1062 2190 οίκουμενικὴν
1089 2119 1309 2173 σύνοδον
1354 2122 1449 2174 καὶ
1476 2121 1575 2185 τὰς
1608 2122 1824 2192 ψήφους
1869 2124 1967 2175 αὐ·

376 2214 478 2283 τῆς
502 2213 664 2267 ινίων
693 2211 978 2276 ἀπείθεια,
1018 2210 1107 2265 ίνα
1133 2227 1216 2273 τις
1248 2211 1344 2265 καὶ
1393 2214 1493 2283 τῆς
1550 2214 1708 2283 ἡμῶν
1756 2215 1964 2267 οίκονο.

385 2305 515 2375 μίας
553 2303 654 2375 ἔχῃ
675 2304 1040 2372 κατηγορεῖν,
1073 2302 1136 2354 οὐ
1167 2301 1508 2371 δυνηθέντων
1569 2304 1781 2367 πάντας
1819 2303 1963 2374 ἔχειν

383 2397 740 2457 ὑπείκοντας.
773 2393 953 2446 Πολλά
976 2394 1086 2464 γὰρ
1120 2393 1252 2463 ἔθνη
1304 2396 1406 2446 καὶ
1433 2395 1622 2459 πόλεις
1681 2395 1803 2450 ὅλαι
1852 2396 1963 2449 τῶν

387 2489 675 2557 προτέρων
707 2486 945 2539 συνόδων
965 2484 1216 2555 γνώμαις
1257 2486 1569 2555 ἀντέλεγον,
1619 2486 1960 2558 ἀνθρώπινόν

377 2595 430 2631 τι
456 2577 650 2630 παθεῖν
690 2578 908 2639 ὲκείνας
957 2575 1283 2646 ἡγούμενοι,
1320 2577 1411 2629 καὶ
1465 2578 1525 2630 τὸ
1564 2578 1724 2644 δόξαν
1758 2580 1953 2641 αὑταῖς

374 2668 523 2721 τοῦτ’
557 2662 696 2720 εἶναι
721 2667 953 2735 τάληθὲς
979 2668 1410 2736 ἀποφηναμένας
1435 2682 1450 2699 ο
1485 2668 1589 2729 ἓως
1633 2670 1667 2738 ἡ
1696 2669 1796 2738 τῆς
1828 2669 1959 2739 ἀλη-

380 2756 528 2820 θείας
554 2757 712 2828 ἰσχὺς
768 2757 867 2820 τὰς
897 2758 1160 2811 ἀπάντων
1221 2757 1450 2812 είσδῦσα
1500 2759 1701 2830 ψυχὰς,
1744 2760 1958 2823 πάντας

374 2848 545 2913 ἔδειξε
577 2847 953 2917 πειθομένους,
983 2849 1081 2903 καὶ
1110 2848 1187 2912 ὡς
1232 2848 1371 2902 Θεοῦ
1433 2852 1640 2918 φωναῖς
1687 2852 1808 2913 ταῖς
1845 2851 1956 2904 τῶν

373 2941 587 3011 ἀνδρῶν
646 2941 875 2995 ἐκείνων
932 2941 1323 3013 προσέχοντας.
1390 2944 1500 2995 Καὶ
1542 2940 1687 2995 τοῦτ’
1757 2943 1954 3013 ᾔδεσαν

374 3032 625 3103 ἀκριϐῶς
650 3033 703 3086 οί
730 3032 828 3103 τῆς
860 3032 1123 3103 ἀληθείας
1156 3034 1442 3100 ἐξετασταί
1467 3048 1483 3063 ⁸
1514 3032 1631 3086 ἀλλ’
1679 3032 1742 3087 οὐ
1774 3033 1952 3102 δήπου

373 3124 527 3180 τοῦτ’
559 3122 979 3194 εὐλαϐούμενοι,
1019 3125 1114 3177 καὶ
1157 3125 1261 3193 τήν
1291 3140 1461 3177 τινων
1524 3121 1625 3175 εἴτ’
1678 3124 1954 3177 ἀναίδειαν

374 3216 476 3270 εἰτ’
499 3215 759 3269 ἀπιστίαν
798 3216 911 3289 54v
958 3214 1257 3285 ἡγούμενοι
1292 3214 1646 3285 θεραπεύειν,
1700 3214 1800 3275 τὰς
1842 3216 1952 3269 τῶν

371 3308 736 3377 εὐγνωμόνων
790 3306 972 3377 ψυχὰς
1018 3306 1243 3375 ἀφῆκαν
1305 3305 1657 3370 σαλεύεσθαι,
1707 3308 1802 3360 καὶ
1852 3308 1951 3378 τὴν

370 3400 633 3469 ἀλήθειαν
654 3398 927 3469 περιεῖδον
956 3397 1061 3450 ὑπὸ
1100 3397 1194 3450 τοῦ
1227 3396 1464 3467 ψεύδους
1501 3398 1949 3468 πολεμουμένην,

370 3492 466 3543 καὶ
489 3491 589 3559 τὴν
618 3490 955 3560 Ἐκκλησίαν
1002 3487 1140 3542 Θεοῦ
1176 3490 1245 3542 τὰ
1301 3489 1560 3559 χείριστα
1609 3490 1949 3560 πάσχουσαν,

374 3584 469 3634 καὶ
501 3584 641 3652 σφᾶς
678 3584 875 3647 αὐτοὺς
907 3583 1170 3636 ἁπάντων
1191 3581 1401 3635 τούτων
1435 3583 1643 3645 αἰτίους
1695 3578 1837 3635 εἶναι
1864 3584 1949 3636 δο-

370 3673 636 3734 κοῦνταςο
670 3674 807 3727 ἀλλὰ
830 3672 1039 3727 τούτων
1083 3672 1318 3743 μάλιστα
1355 3674 1450 3727 καὶ
1501 3672 1782 3744 προύργου
1839 3691 1938 3726 πε-

371 3764 751 3835 φροντικότες,
787 3765 988 3818 αὐτίκα
1019 3766 1118 3833 μὶν
1150 3766 1255 3816 τῶν
1282 3764 1461 3817 ἀλλων
1506 3765 1769 3835 ἠμέλουν,
1828 3763 1949 3820 εἶτα

370 3859 661 3920 κάκείνους
698 3857 888 3927 εὐχαῖς
921 3874 979 3909 τε
1014 3857 1109 3909 καὶ
1170 3858 1291 3918 ταῖς
1354 3856 1544 3920 ἄλλαις
1603 3859 1951 3927 ἐπιμελείαις

372 3946 551 4013 ίῶντο,
579 3948 676 4000 καὶ
715 3948 851 4017 πρὸς
871 3946 973 4017 τὴν
1005 3946 1106 4000 τοῦ
1137 3946 1307 3998 καλοῦ
1341 3947 1438 3999 καὶ
1467 3947 1684 4001 δικαίου
1744 3949 1951 4015 γνῶσιν

366 4042 737 4109 ἀπέστρεφον.
778 4040 852 4095 Οὐ
877 4041 1059 4093 τοίνυν
1094 4039 1202 4092 οὐδ’
1234 4039 1385 4109 ἡμᾶς
1408 4037 1505 4092 νῦν
1530 4038 1624 4091 τοῦ
1651 4041 1821 4104 δεῖνος
1854 4040 1950 4092 καὶ

364 4133 463 4187 τοῦ
493 4133 662 4196 δεῖνος
696 4132 899 4205 πρέπει
930 4132 1241 4203 φροντίσαι,
1276 4134 1424 4194 ὅπως
1453 4132 1530 4200 μὴ
1561 4130 1788 4202 γένηται
1846 4150 1948 4185 πο-

364 4227 537 4294 νηρξς
569 4224 812 4294 ἀμείνων
843 4220 984 4276 εἶναι
1044 4223 1373 4291 δυνάμενος,
1425 4222 1561 4277 ἀλλὰ
1594 4222 1657 4275 τὸ
1688 4224 1806 4276 δέον
1853 4224 1949 4276 αύ-

364 4317 493 4378 τοὺς
518 4316 1025 4385 διαπραξαμένους,
1056 4317 1169 4377 τοῖς
1193 4313 1317 4366 νοῦν
1364 4314 1552 4384 ἔχουσι
1592 4316 1949 4370 καταλείπειν

369 4408 654 4477 αίρεῐσθαι
678 4407 836 4461 τοῦτο
871 4408 970 4460 καὶ
991 4406 1246 4476 στέργειν
1266 4421 1282 4436 ο
1311 4405 1404 4469 οὒς
1466 4408 1613 4470 είκδς
1645 4406 1787 4461 εἷναι
1819 4409 1949 4471 τοὺς

366 4499 597 4562 πιστούς
626 4516 686 4552 τε
714 4499 811 4552 καὶ
842 4498 1259 4567 δοκιμωτάτους
1295 4499 1407 4550 τῶν
1463 4499 1750 4569 ἡμετέρων
1776 4506 1793 4529 "
1834 4503 1947 4562 τοῖς

362 4589 777 4646 δ”ἀντιϐαίνειν
832 4592 961 4651 ἴσως
999 4588 1425 4658 βουλησομένοις
1456 4591 1548 4642 τὸν
1588 4591 1727 4657 μετὰ
1773 4590 1944 4644 ταῦτα

2061 2145 2171 2190 usu
2212 2132 2381 2198 venit,
2415 2148 2535 2188 esse
2564 2134 2655 2204 qui
2690 2137 2961 2206 synodum
2994 2141 3387 2195 mcumenicam
3413 2144 3640 2215 ejusque

2067 2221 2282 2277 decreta
2330 2238 2437 2276 non
2482 2223 2815 2291 admittant;
2863 2237 2920 2281 ut
2971 2230 3015 2284 si
3068 2246 3170 2284 non
3219 2233 3517 2300 poterimus
3572 2237 3638 2291 ad

2066 2323 2312 2366 nostram
2351 2329 2544 2369 onmes
2578 2317 2880 2384 perducere
2910 2322 3259 2405 sententiam,
3287 2326 3459 2392 possit
3486 2328 3641 2397 quis-

2065 2398 2207 2466 piam
2235 2400 2470 2455 concilia
2505 2414 2692 2458 nostra
2720 2405 3015 2462 damnare:
3053 2398 3231 2464 multae
3252 2413 3394 2466 cnim
3422 2425 3636 2486 gentes,

2061 2496 2114 2542 et
2148 2490 2396 2547 civitates
2444 2493 2669 2562 integra:
2716 2498 2958 2567 priorum
3012 2503 3369 2558 conciliorum
3422 2507 3637 2563 decreta

2061 2582 2474 2649 oppugnabant,
2527 2584 2752 2639 humani
2801 2589 3005 2657 aliquid
3039 2607 3201 2660 passa
3231 2595 3318 2648 illa
3353 2598 3629 2667 opinatze,

2061 2679 2113 2724 et
2146 2672 2290 2740 quod
2327 2672 2430 2727 sibi
2465 2674 2640 2729 visum
2664 2687 2829 2741 esset,
2861 2678 2990 2733 illud
3017 2692 3271 2750 tauquam
3306 2702 3488 2741 verum
3516 2704 3639 2757 pro-

2060 2763 2384 2831 nuntiasse;
2415 2766 2590 2822 donec
2622 2768 2669 2820 vi
2700 2782 2796 2822 sua
2828 2771 3028 2826 veritas
3064 2774 3116 2827 in
3154 2777 3394 2830 omnimn
3419 2781 3636 2835 animos

2059 2870 2178 2911 sese
2210 2855 2496 2915 insinuans
2535 2858 2738 2924 eti‘ecit,
2784 2872 2839 2916 nt
2871 2878 3063 2919 omnes
3105 2868 3541 2935 acquiescerent,
3583 2884 3637 2925 et

2059 2946 2338 3002 hominum
2366 2949 2582 3004 illorum
2615 2953 2843 3006 vocibus
2880 2963 3138 3024 tanquam
3184 2958 3385 3013 divinis
3420 2964 3636 3015 anscul-

2060 3048 2256 3094 tarent.
2291 3039 2356 3094 Et
2388 3052 2734 3111 perspectum
2783 3059 2915 3098 sane
2967 3047 3066 3099 hoc
3108 3046 3385 3103 habebant
3423 3052 3634 3120 indices

2058 3129 2133 3182 illi
2183 3131 2467 3196 veritatis;
2522 3146 2628 3185 non
2662 3141 2840 3187 tamen
2883 3143 2975 3188 aut
3003 3135 3158 3188 veriti
3215 3138 3315 3191 hoc
3340 3150 3489 3203 sunt,
3539 3153 3635 3197 aut.

2055 3220 2269 3289 piorum
2291 3223 2507 3277 animos
2534 3223 2795 3278 ﬂuctuare
2824 3236 2949 3280 sunt
2982 3229 3147 3296 passi,
3179 3232 3323 3299 quod
3354 3243 3629 3301 putarent.

2058 3311 2407 3382 impudentia
2449 3330 2541 3370 seu
2598 3316 2835 3384 perﬁdia:
2874 3322 3240 3387 quorumdam
3288 3338 3409 3377 esse
3465 3326 3633 3380 inser-
3696 3320 3709 3323 “

2055 3405 2345 3473 vienilum;
2384 3417 2477 3460 aut
2528 3409 2885 3477 neglexerunt
2938 3425 2963 3462 a
3011 3414 3297 3467 mendacio
3347 3417 3628 3471 veritatem

2054 3510 2444 3569 oppugnatam,
2482 3501 2895 3571 Ecclesiamque
2945 3504 3036 3557 Dei
3071 3506 3416 3573 gravissimis
3473 3510 3629 3563 laboe

2054 3603 2265 3648 rantem
2316 3594 2515 3660 malis;
2569 3604 2664 3648 aut
2706 3598 3090 3650 sustinuerunt
3142 3614 3200 3651 se
3255 3601 3449 3655 horum
3503 3616 3619 3655 om-

2056 3685 2203 3738 nium
2228 3693 2481 3739 auctores
2514 3686 2684 3739 videri
2712 3702 2725 3740 :
2767 3687 2863 3740 sed
2903 3703 3093 3741 omnes
3122 3704 3249 3743 suas
3288 3694 3448 3745 c'uras
3476 3692 3526 3745 in
3549 3693 3631 3746 bis

2054 3775 2349 3845 deligentes
2385 3777 2851 3845 parvipemlebant
2879 3778 3100 3847 quidem
3134 3779 3235 3831 alia
3264 3780 3382 3835 sine
3409 3792 3630 3837 cuncta-

2055 3865 2239 3929 tione;
2277 3865 2475 3919 deinde
2512 3866 2634 3919 illos
2666 3870 2851 3930 etiam,
2886 3882 3075 3935 preces
3124 3869 3189 3921 ad
3228 3849 3397 3923 Deum
3450 3872 3628 3925 etran-

2053 3952 2260 4015 dendo,
2293 3952 2522 4021 aliisque
2554 3955 2780 4008 medelis
2803 3955 3093 4019 curabant,
3129 3964 3292 4024 atque
3323 3957 3386 4011 ad
3413 3959 3627 4015 honesti

2052 4054 2104 4100 et
2127 4045 2258 4115 justi
2286 4046 2617 4115 agnitionem
2637 4050 3051 4103 convertebant.
3086 4051 3192 4104 Nec
3217 4066 3313 4104 vos
3344 4053 3507 4119 igitur
3537 4071 3630 4109 cu-

2052 4153 2176 4192 rare
2213 4138 2391 4203 decet,
2427 4124 2493 4191 ne
2520 4137 2606 4191 hic
2645 4148 2739 4191 aut
2785 4139 2873 4193 ille
2906 4141 3083 4193 malos
3121 4142 3233 4207 liat,
3270 4159 3395 4198 cum
3448 4148 3622 4213 possit

2051 4243 2172 4283 esse
2201 4228 2285 4281 vir
2331 4229 2544 4294 bonus;
2578 4227 2670 4281 sed
2708 4227 2796 4281 ubi
2840 4230 2985 4296 quod
3011 4229 3125 4283 ﬁeri
3155 4239 3367 4299 opoztet
3400 4220 3625 4303 peregi-'-

2052 4320 2197 4384 ritis,
2246 4320 2581 4389 Sapientibus
2614 4319 2923 4389 eligendum
2977 4328 3032 4374 et
3082 4322 3524 4391 amplectendam
3562 4325 3627 4378 il-

2051 4412 2144 4465 lud
2186 4413 2547 4481 relinquetis;
2609 4428 2748 4482 quos
2790 4412 2904 4467 fore
2945 4420 3038 4467 eos
3071 4414 3163 4483 qui
3205 4414 3392 4469 lileles
3421 4427 3547 4470 sunt
3576 4429 3630 4468 «ιι

2051 4502 2194 4556 inter
2237 4514 2455 4558 nostros
2490 4505 2884 4575 probatissimi,
2920 4517 3355 4561 consentaneum
3392 4518 3515 4576 est;
3560 4511 3624 4561 iis

2050 4610 2177 4648 vero
2198 4596 2288 4665 qui
2318 4595 2459 4648 forte
2479 4595 2875 4649 cdntradictnri
2907 4605 3054 4658 sunt,
3083 4607 3297 4667 tempus
3327 4598 3627 4668 insequens

364 4684 559 4754 καιρὸν
593 4682 877 4751 ἀφορίζειν
907 4684 990 4745 είς
1025 4682 1292 4752 ἰατρείαν,
1330 4683 1423 4733 καὶ
1477 4681 1612 4752 μηδὲ
1642 4684 1742 4751 τὴν
1806 4685 1947 4735 ἐκεί-

2057 4683 2311 4737 tribuetis
2346 4684 2413 4736 ad
2448 4686 2813 4745 cuzationem,
2852 4699 2952 4736 nec
2983 4700 3172 4737 corum
3208 4686 3626 4739 canversionem

367 4792 475 4826 νων
503 4773 856 4844 ἐπιστροφὴν
888 4773 1168 4836 παντελῶς
1198 4773 1525 4825 ἀνέλπιστον
1571 4772 1796 4827 οἴεσθαι.
1832 4774 1952 4828 Εἰσὶ

367 4867 502 4935 γὰρ,
527 4867 633 4917 είσι
665 4865 850 4917 πολλοὶ⁵
871 4864 1005 4933 παρ’
1033 4866 1191 4934 ἡμῖν,
1213 4864 1261 4917 οῖ
1285 4863 1556 4917 παύσουσι
1576 4864 1951 4932 φιλονεικοῦν-

365 4975 467 5020 τας
500 4957 713 5028 τάληθῆ
744 4960 841 5010 καὶ
872 4957 1063 5010 δίκαια
1107 4957 1385 5024 λέγοντες.
1426 4958 1500 5008 Ού
1567 4958 1678 5023 γὰρ
1715 4961 1781 5029 τῇ
1849 4960 1951 5029 τῆς

368 5044 1006 5111 Κωνστάντινουπόλεως
1057 5048 1361 5117 Ἐκκλησία
1388 5050 1549 5117 μόνον
1577 5050 1626 5100 οε.
1666 5050 1947 5118 ἅνθρωποι

367 5141 679 5209 πολεμῆσαι
739 5139 962 5203 τούτους
1014 5139 1256 5210 ἐροῦσιν,
1308 5138 1445 5192 ἀλλὰ
1495 5143 1597 5209 τὴν
1650 5142 1947 5213 καθολικὴν

377 5230 713 5299 Ἐκκλησίαν
742 5229 1057 5300 ἀτιμάζειν,
1098 5231 1173 5293 ὡς
1220 5230 1389 5295 ἔοικε,
1425 5229 1712 5299 βούλεσθαι
1739 5248 1754 5264 ο
1786 5232 1813 5283 ὅ
1855 5234 1950 5285 καὶ

364 5323 465 5393 τῆς
490 5321 755 5392 ἀληθείας
791 5325 907 5376 ὲστθ⁸
939 5327 1329 5393 καταφρονεῖν,
1358 5323 1455 5376 καὶ
1481 5324 1581 5391 τὴν
1639 5325 1779 5394 πρὸς
1812 5325 1947 5376 Θεὸν

360 5414 499 5467 αίδὼ
538 5416 949 5484 παραιτεῖσθαι,
985 5417 1069 5484 ἔφ’
1113 5412 1183 5487 ἧς
1235 5419 1368 5485 ἡμῖν
1400 5417 1456 5470 αί
1518 5417 1615 5485 τῆς
1671 5417 1947 5488 σωτηρίας

365 5506 609 5569 ἐλπίδεςέ
640 5509 796 5560 Πᾶσα
820 5507 929 5577 γὰρ
953 5506 1049 5560 νῦν
1078 5510 1110 5578 ἠ
1136 5508 1243 5560 τῶν
1261 5507 1609 5577 Χριστιανῶν
1641 5507 1945 5575 Ἐκκλησία

364 5601 467 5665 ἣν
493 5598 667 5669 αὐτὴν
692 5602 821 5669 περὶ
855 5600 965 5652 τῶν
992 5602 1184 5669 πρώην
1226 5600 1615 5667 ἁμφισδητουμ
1628 5600 1764 5652 ένων
1803 5600 1916 5667 γνῶ

365 5706 482 5759 μην
514 5690 799 5754 προείλετο
825 5705 839 5719 ·
878 5691 976 5743 καὶ
1009 5692 1150 5760 πλὴν
1199 5691 1355 5761 ὑμῶν
1413 5693 1654 5754 ἅπαντες
1699 5692 1795 5752 τὰς
1846 5692 1940 5754 τῆς

692 5787 963 5844 Puncta
1012 5785 1127 5844 Gn.
1176 5782 1361 5842 CLX.

2053 4770 2285 4824 omnino
2313 4770 2657 4839 desperatam
2688 4772 2993 4826 habebitis:
3021 4774 3308 4827 suntenim
3341 4774 3480 4843 apud
3507 4789 3628 4835 nos,

2052 4868 2181 4913 sunt
2255 4860 2440 4925 multi,
2500 4861 2593 4930 qui
2653 4863 3060 4930 persuadebunt
3098 4868 3481 4920 contentiones
3533 4867 3628 4919 de-

2049 4967 2277 5021 ponere,
2304 4968 2432 5007 vera
2486 4954 2593 5006 illis
2629 4962 2682 5007 et
2724 4953 2873 5021 justa
2905 4954 3153 5011 dicentes
3182 4975 3197 5010 :
3241 4960 3385 5025 quod
3416 4957 3627 5011 scilicet

2050 5042 2085 5094 ii
2124 5057 2231 5095 non
2270 5045 2430 5097 modo
2459 5058 2585 5096 cum
2621 5044 3229 5114 Constantinopolitana
3258 5056 3495 5116 pugnent
3528 5047 3622 5098 Ec-

2047 5134 2241 5196 clesia,
2273 5136 2369 5189 sed
2406 5135 2574 5188 velint
2605 5135 2795 5199 etiam,
2830 5146 2885 5191 ut
2939 5139 3125 5191 videre
3167 5148 3276 5199 est,
3315 5138 3624 5189 universam

2047 5226 2348 5280 Ecclesiam
2404 5228 2837 5297 parvipendere;
2891 5230 3035 5298 quod
3063 5239 3117 5280 et
3160 5229 3442 5280 veritatem
3476 5243 3629 5295 sper—

2046 5333 2176 5371 nere
2206 5328 2311 5383 est,
2362 5330 2414 5372 et
2472 5322 2832 5374 reverentiam
2881 5336 3000 5385 quze
3034 5318 3139 5371 Deo
3177 5319 3407 5371 dein-tur
3455 5321 3626 5387 progi-

2048 5427 2196 5477 cere,
2251 5427 2359 5479 qua
2424 5428 2548 5483 spes
2597 5423 2798 5466 nostrae
2835 5411 3029 5465 salutis
3082 5410 3362 5463 innititur.
3426 5409 3622 5464 Omnis

2052 5508 2196 5560 enim
2233 5520 2400 5567 nunc,
2431 5507 2639 5569 dicent,
2686 5505 3127 5559 Christianorum
3165 5503 3407 5557 Ecclesia
3438 5504 3502 5556 de
3539 5520 3626 5557 τον

2052 5597 2154 5650 bus
2206 5606 2361 5652 antea
2396 5595 2765 5650 controversis
2801 5595 3118 5659 consentit;
3182 5603 3235 5648 et
3287 5605 3482 5663 praeter
3528 5611 3627 5649 νος

2052 5689 2407 5746 meumenicaa
2430 5687 2597 5757 hujus
2629 5672 2819 5758 synodi
2856 5687 3073 5741 decreta
3105 5701 3297 5741 omnes
3330 5686 3623 5753 honorant,

3161 5781 3229 5842 l5
