3948 6186
414 241 519 309 461

1590 242 1878 303 ORATIO
1912 243 1968 303 ΙΙ
2006 245 2107 303 AD
2142 242 2519 307 SYNODUM.

3576 252 3679 314 462

414 356 919 435 χειραγωγούντων,
981 358 1076 409 καὶ
1106 358 1378 429 τοσαύτην
1429 358 1571 431 ὑπὲρ
1619 362 1792 430 αὐτῆς
1824 380 1990 431 φρονο

2131 377 2194 415 οε
2247 362 2646 427 benevolentia,
2703 378 2831 433 pars
2878 364 3034 420 valde
3067 379 3263 436 magna
3322 366 3678 435 videbimini;
3719 357 3728 365 ’

415 455 533 508 τίδα
559 449 987 522 πεποιημένωνς
1014 448 1090 503 Τὸ
1118 452 1226 521 γὰρ
1247 450 1513 522 ὑμέτερον
1536 451 1781 505 λείπεται
1810 453 1993 522 μόνον·

415 545 446 601 ό
476 546 613 616 πρὸς
644 544 743 616 μὲν
768 543 985 607 εύνοίας
1014 542 1177 611 λόγον
1208 544 1343 613 ἡμῖν
1374 542 1469 596 καὶ
1492 542 1634 597 πάνυ
1664 543 1808 614 μέγα
1824 543 1993 608 δοκεῖ,

416 639 571 702 τάξει
610 636 668 691 δὲ
708 636 802 690 καὶ
830 638 1094 705 ποσότητι
1152 634 1457 688 οὑδέἰπεῖν
1510 634 1656 688 ἔστιν
1696 636 1898 689 ὁπόσον
1943 653 1996 688 τι

417 730 511 782 τοῦ
547 729 757 792 παντός
794 729 942 787 ἐστε,
983 728 1083 792 Τίς
1120 728 1168 782 δ’
1222 728 1289 782 ἂν
1330 730 1415 799 είη
1460 728 1651 782 λοιπὸν
1697 729 1855 792 ὲλπῖς
1900 730 1997 797 τῆς

419 817 560 883 πρὸς
584 817 683 885 τὴν
712 815 981 885 ἀλήθειαν
1009 815 1296 882 ἐπανόδου,
1332 818 1557 888 μηδενὸς
1582 818 1675 871 τοῦ
1706 819 1841 888 πρὸς
1866 817 1997 871 ταύ-

416 924 517 976 την
546 908 893 978 ήγησομένου
927 911 1040 972 τοῖς
1078 908 1261 972 ἄλλοις
1307 909 1730 977 ὑπολειφθέντος
1759 926 1772 971 ς
1804 911 1864 962 οὑ
1888 910 1995 979 γὰρ

418 1002 575 1069 ὑμεῖς
607 1018 671 1068 γε
708 999 871 1053 τοῦτο
901 1002 1203 1071 δυνήσεσθε
1262 1003 1434 1073 μόνοι,
1468 1002 1573 1054 κᾶν
1604 1001 1730 1055 νοῦν
1779 1004 2001 1072 ἔχοντες

418 1091 598 1157 αὐτοὶ,
626 1092 755 1156 τοὺς
794 1091 993 1155 ἄλλους
1034 1092 1260 1163 πείσητε
1312 1095 1649 1163 σωφρονεῖν⁸
1702 1092 1891 1163 ὥσπερ
1951 1095 2005 1147 εί

419 1201 500 1246 τις
536 1183 664 1251 ὄνυξ
694 1184 769 1237 ὢν
798 1182 895 1239 τοῦ
959 1184 1164 1249 παντὸς
1220 1184 1410 1256 ἄρχειν
1442 1184 1686 1256 βούλοιτο
1720 1185 1996 1256 σώματος,

421 1276 515 1328 καὶ
540 1279 715 1329 κινεῖν
753 1277 909 1343 αὑτὸ,
942 1279 1036 1330 καὶ
1072 1277 1372 1348 ἰατρεύειν,
1401 1283 1495 1331 καὶ
1525 1282 1591 1331 τὰ
1628 1279 1765 1345 πρὸς
1808 1280 2000 1347 ὑγείαν

421 1370 654 1440 φέροντα
692 1371 1111 1440 συμϐουλεύειν.
1143 1373 1218 1425 Ού
1283 1372 1392 1442 μὴν
1436 1372 1555 1425 ἀλλ’
1590 1375 1766 1427 ἐκεῖνο
1799 1377 2003 1443 προσήο

423 1478 509 1514 κει
566 1465 794 1515 σκοπεῖν
825 1464 994 1534 ὑμᾶς,
1030 1465 1114 1518 ὅτι
1170 1464 1272 1533 τὴν
1321 1465 1652 1535 Ἐκκλησίαν
1704 1464 1881 1529 οὕτως
1914 1464 2002 1518 ἐπ’

420 1554 701 1623 ἀσφαλοῦς
733 1556 762 1609 ό
790 1557 1067 1627 Δεσπότης
1113 1556 1271 1628 ἡμῶν
1301 1556 1671 1628 ᾠκοδόμησεν,
1710 1557 1787 1621 ὡς
1838 1557 2002 1628 μηδέ-

420 1662 551 1700 mre
580 1646 755 1710 πύλας
800 1647 927 1719 ᾅδου
956 1649 1309 1718 κατισχύσειν
1359 1650 1553 1720 αὑτῆς,
1585 1650 1683 1714 τάς
1711 1652 2001 1703 ἐπανιστα-

2106 454 2200 509 sed
2226 454 2420 510 ordine
2467 470 2534 510 ac
2566 472 2798 511 numero
2828 455 2937 512 dici
2997 474 3104 512 non
3165 468 3369 528 potest,
3417 464 3683 531 quantula

2105 546 2229 604 sitis
2277 547 2521 603 universi
2561 564 2710 617 pars.
2748 550 2881 616 Quae
2924 565 3054 605 vero
3102 551 3156 605 in
3209 561 3490 620 posterum
3542 564 3687 615 esset

2106 653 2232 708 spes
2272 641 2635 708 agnoscenda:
2674 645 2942 707 veritatis,
2980 642 3283 699 sbrelictus
3322 653 3471 700 esset
3502 660 3682 710 nemo,

2106 732 2199 801 qui
2232 747 2291 786 se
2318 734 2511 787 ducem
2560 733 2683 787 aliis
2717 733 2784 787 ad
2823 749 2941 788 eam
2973 735 3273 804 praeberet?
3326 751 3505 805 neque
3535 740 3681 791 enim

2108 823 2199 876 uni
2228 837 2323 876 vos
2352 822 2455 876 hoc
2482 821 2695 877 eﬂicere
2712 823 2988 891 poteritis,
3015 839 3116 879 nec
3145 824 3271 878 licet
3290 824 3392 892 ipsi
3427 824 3672 894 sapiatis,

2106 914 2227 969 aliis
2267 922 2323 967 ιιι
2366 915 2582 984 sapiant
2620 915 3051 983 persuadebitis:
3102 916 3327 984 perinde
3366 932 3429 970 ac
3463 918 3508 971 si
3549 919 3676 987 quis

2106 1021 2231 1061 cum
2260 1007 2461 1077 unguis
2486 1007 2577 1070 sit,
2605 1007 2769 1061 vellet
2801 1016 2973 1061 totum
3011 1022 3215 1077 corpus
3240 1024 3449 1078 regere,
3480 1017 3535 1064 ct
3562 1025 3679 1064 mo-

2108 1113 2258 1163 vere,
2290 1108 2344 1154 et
2372 1098 2700 1154 medicinam
2741 1100 2813 1154 illi
2856 1099 3139 1165 adhibere,
3176 1110 3231 1155 et
3278 1100 3524 1155 consiliis
3565 1102 3680 1155 suis

2108 1188 2417 1251 ostendere,
2456 1204 2576 1258 qua:
2615 1190 2814 1244 bonam
2858 1190 3089 1244 alierant
3118 1190 3509 1244 valetudinem.
3543 1187 3678 1242 illud

2108 1294 2273 1348 porro
2322 1279 2487 1334 etiam
2543 1281 2892 1336 considerare
2960 1296 3057 1334 vos
3106 1286 3345 1351 Oportet,
3383 1279 3680 1335 Ecclesiam

2110 1372 2183 1425 ita
2216 1387 2339 1428 esse
2378 1388 2408 1426 a
2437 1370 2672 1426 Domino
2712 1373 2767 1426 in
2801 1383 2914 1427 tuto
2941 1374 3282 1437 aediﬁcatam,
3317 1381 3376 1427 ut
3404 1380 3573 1442 portas
3605 1371 3687 1424 in-

2111 1465 2212 1521 feri
2242 1482 2522 1535 nunquam
2561 1467 2673 1521 sint
2711 1467 2977 1522 adversus
3008 1482 3128 1522 eam
3154 1467 3549 1537 praevaliturze;
3575 1465 3688 1520 hie-

2110 1574 2283 1624 reses,
2338 1561 2585 1629 inquam,
2638 1568 2830 1613 contra
2890 1563 3174 1615 veritatem
3230 1560 3601 1630 insurgentes,
3631 1570 3689 1614 et

2112 1662 2423 1708 sectatores
2464 1668 2593 1708 suos
2649 1654 2702 1707 in
2759 1654 3083 1708 barathrum
3138 1653 3440 1708 inferorum
3503 1653 3687 1707 detur-

429 1741 599 1810 μένας
649 1741 893 1811 δηλονότι
940 1744 1005 1812 τῇ
1064 1740 1299 1813 ἀληθείᾳ
1355 1743 1491 1813 πρὸς
1550 1743 1677 1815 ᾅδου
1728 1743 2004 1813 βάραθρον

2125 1751 2348 1801 bantes:
2400 1746 2505 1800 hoc
2552 1746 2695 1801 enim
2737 1746 2812 1800 illi
2848 1748 2993 1801 velut
3042 1746 3302 1801 eximium
3346 1748 3578 1817 largitus
3610 1754 3694 1801 est

422 1834 551 1896 τοὺς
587 1832 952 1902 πειθομένους
984 1832 1358 1895 κατασπώσας
1406 1834 1673 1904 αἱρέσεις.
1721 1835 1829 1888 Καὶ
1872 1832 2004 1887 καθ-

426 1926 570 1997 άπερ
594 1944 645 1980 τι
669 1925 842 1996 δῶρον
895 1927 1177 1997 ἐξαίρετον
1217 1928 1355 1999 αὑτῇ
1401 1926 1560 1980 τοῦτο
1624 1928 1879 1991 δέδωκεν,
1942 1943 2004 1980 ου

426 2021 595 2092 χωρὶς
624 2019 737 2073 οὐδ’
765 2019 832 2073 ἃν
863 2015 931 2090 ἦν
966 2019 1112 2089 μέγα
1175 2019 1235 2071 τὸ
1284 2021 1383 2088 τῆς
1442 2019 1783 2087 οἰκονομίας,
1844 2016 2005 2086 εἴπερ

426 2103 631 2183 ἦμελλε
674 2114 771 2165 καὶ
804 2112 927 2182 μετ’
959 2111 1134 2181 αὐτὴν
1166 2111 1406 2170 ἀνιάτως
1443 2110 1725 2179 νοσήσασα
1779 2108 1873 2161 καὶ
1928 2108 2007 2177 τῷ

426 2206 613 2277 ψεύδει
658 2205 1128 2276 κατασχεθείσαῆ
1166 2204 1484 2273 περιῶφθαι
1530 2204 1913 2267 παντάπασιν,
1970 2200 2004 2273 ἢ

430 2297 745 2367 φαρμάκων
775 2295 987 2348 δεῖσθαι
1040 2295 1526 2363 δραστικωτέρων.
1579 2294 1692 2346 Καὶ
1739 2293 1845 2346 ὑπὸ
1910 2293 2009 2363 μὲν

432 2389 525 2443 τοῦ
548 2388 783 2457 ψεύδους
799 2388 1011 2459 ταύτην
1039 2385 1507 2457 ἐνοχληθήσεσθαι
1542 2387 1836 2456 συγχωρεῖ,
1860 2386 2009 2448 ὅπως

433 2485 489 2539 δὲ
513 2486 607 2537 καὶ
634 2482 892 2548 καθάπαξ
922 2484 1058 2554 ἀλῷ,
1079 2483 1171 2535 καὶ
1193 2480 1355 2552 δούλη
1388 2483 1613 2552 γένηται
1639 2481 1741 2550 τῆς
1766 2482 2008 2552 ἀπάτης,

431 2576 493 2631 οὗ
524 2594 689 2647 φησιν
734 2576 1074 2646 ἐπιτρέψειν.
1120 2573 1453 2646 Ἐκκλησίαν
1505 2574 1562 2626 δέ
1618 2590 1681 2641 γε
1715 2573 1851 2625 Θεοῦ
1880 2572 2009 2633 τοὺς

437 2671 595 2723 πέντε
626 2669 735 2722 τῶν
760 2667 1121 2739 πατριαρχῶν
1153 2664 1293 2719 εἶναι
1342 2665 1571 2735 θρόνους
1602 2666 1696 2718 καὶ
1751 2665 1879 2727 τοὺς
1914 2663 2027 2715 as-

436 2764 547 2824 τοῖς
580 2759 981 2824 ὑπακούοντας,
1015 2760 1149 2812 οἵτε
1182 2759 1292 2812 τῶν
1330 2757 1574 2812 συνόδων
1623 2758 1868 2823 κανόνες,
1919 2757 2013 2810 καὶ

436 2854 493 2905 τό
530 2850 743 2924 μακρὸν
775 2852 946 2921 αὐτῆς
978 2850 1123 2915 ἔθος,
1149 2850 1245 2904 καὶ
1278 2849 1388 2902 τῶν
1415 2850 1762 2919 πραγμάτων
1788 2850 1821 2919 ή
1849 2847 2015 2917 φύσις

437 2946 898 3016 ὑπαγορεύουσιν.
933 2945 999 2999 El
1029 2944 1140 3015 γάρ
1173 2960 1321 3006 τινες
1362 2941 1473 2996 τῶν
1516 2941 1856 3010 ὁπουδήποτε
1911 2940 2015 3009 γῆς

438 3040 719 3110 ἀρχόντων
766 3037 963 3107 ἀλογίᾳ
1009 3037 1103 3091 καὶ
1155 3035 1433 3107 τυραννίδι
1480 3034 1580 3105 τὴν
1635 3032 1845 3086 τούτων
1876 3031 2014 3101 ὁμοῦ

440 3137 658 3187 πάντων
692 3131 803 3185 τῶν
831 3131 1039 3202 θρόνων
1066 3129 1443 3198 ποιμαντικὴν
1505 3127 1881 3197 ἀπηνήναντο,
1919 3126 2014 3177 καὶ

440 3228 727 3297 χαίρουσιν
756 3223 845 3293 ὑφ’
864 3223 1049 3277 αὑτῶν
1078 3222 1518 3292 ποιμαινόμενοι,
1552 3223 1645 3272 καὶ
1669 3219 1832 3289 νόμος
1863 3217 2015 3285 ὄντες

443 3320 626 3388 σφίσιν
667 3318 875 3381 αὐτοῖς,
930 3316 1031 3369 οὑκ
1066 3312 1397 3383 ἐπαινούσης
1428 3312 1591 3365 τοῦτο
1632 3312 1732 3382 τῆς
1780 3310 2017 3378 Ἐκκλη-

443 3414 565 3473 aia;
618 3413 716 3466 xui.
758 3409 1093 3480 βουλομένης
1139 3408 1339 3472 ἐξεῖναι
1405 3407 1574 3460 πᾶσιν
1624 3404 1769 3460 οὓτω
1818 3407 2015 3468 ποιεῖν,

440 3505 579 3558 ἀλλά
634 3498 1191 3572 συγκαταϐαινούσης
1231 3501 1300 3569 τῇ
1355 3497 1535 3569 τόλμῃ
1596 3496 1691 3551 καί
1741 3512 1793 3548 τι
1831 3497 2018 3565 μεῖξον

441 3598 873 3667 εὐλαϐουμένης,
924 3594 1275 3665 ἐκράτησεν·
1340 3591 1433 3654 οὓς
1483 3590 1630 3644 εἴποι
1676 3608 1761 3653 τις
1815 3588 1883 3642 ἂν
1925 3588 2020 3641 καὶ

441 3690 534 3745 νῦν
586 3690 891 3757 ἀντιλέγειν
953 3687 1261 3751 ἐθέλοντας,
1330 3684 1390 3737 οὑ
1455 3683 1704 3753 λογισμῷ
1754 3698 1863 3735 τινι
1924 3680 2020 3733 καὶ

441 3783 633 3855 καιρόν
684 3783 861 3851 ἔχοντι
912 3779 1063 3849 φόϐῳ
1140 3777 1457 3848 προῆχθαι,
1500 3774 1638 3827 ἀλλά
1698 3772 1865 3825 πάλαι
1924 3786 2019 3840 με-

446 3879 761 3949 μαθηκότας
840 3872 1243 3943 ἀναισχυντεῖν,
1315 3867 1454 3941 μηδὲ
1515 3865 1610 3919 νῦν
1673 3863 1893 3934 ἀφιέναι
1961 3862 2021 3914 τὺ

482 3972 594 4035 θος.

443 3967 594 4044 ἦθος.
1924 4006 1931 4007 ,

517 4063 734 4117 Τούτων
775 4060 955 4114 τοίνυν
994 4057 1165 4120 οὑτως
1207 4050 1592 4124 ἀναμφιϐόλως
1641 4046 1898 4119 ἑχόντων,
1929 4047 2023 4101 καὶ

450 4156 547 4224 τῆς
584 4156 685 4224 μὲν
724 4151 1053 4221 Ἐκκλησίας
1101 4146 1337 4219 Χριστοῦ
1372 4143 1579 4212 ταύτην
1603 4181 1619 4207 ,
1649 4141 1717 4210 ἦν
1754 4155 1885 4191 ποτε
1929 4140 2024 4190 καὶ

450 4249 645 4312 εἵλετο,
683 4244 839 4311 δόξαν
884 4240 1256 4313 στεργούσης,
1305 4238 1400 4290 καὶ
1449 4236 1610 4307 μέχρι
1642 4232 1844 4294 παντὸς
1890 4230 2025 4282 ἀπο-

448 4341 764 4412 δεξομένης,
804 4339 1015 4393 ἐκείνου
1060 4335 1117 4389 δὲ
1168 4332 1448 4406 μηδέποτε
1498 4330 1559 4381 τὸ
1606 4327 1806 4397 ψεῦδος
1858 4340 2028 4379 κατα-

2113 1844 2346 1903 donum,
2395 1839 2514 1894 sine
2555 1854 2663 1909 quo
2695 1854 2891 1909 magna
2925 1854 3014 1894 res
3061 1853 3170 1893 non
3204 1846 3353 1894 esset
3393 1839 3680 1907 dispensa-

2116 1932 2283 1986 tionis
2330 1931 2676 2002 mysterium,
2721 1931 2768 1984 si
2806 1929 3052 1983 futurum
3080 1937 3221 1992 erat,
3269 1936 3329 1982 ut
3384 1929 3478 1983 illo
3519 1930 3682 1983 etiam

2116 2032 2360 2093 peracto,
2394 2022 2589 2077 morbo
2638 2022 2919 2075 laboraret
2972 2020 3292 2086 insanabili,
3329 2030 3385 2076 et
3428 2035 3691 2090 oppressa

2116 2111 2407 2167 mendacio
2444 2112 2526 2166 vel
2553 2112 2764 2182 iaceret
2804 2113 3022 2180 penitus
3076 2112 3339 2181 neglecta.
3400 2112 3485 2166 vel
3531 2112 3695 2181 phar-

2116 2204 2292 2260 macis
2325 2203 2596 2273 indigeret
2636 2205 3059 2274 potentioribus.
3113 2205 3180 2259 Et
3225 2220 3256 2260 a
3299 2204 3540 2260 falsitate
3569 2205 3691 2273 qui-

2116 2296 2239 2350 dem
2278 2294 2475 2366 agitari
2506 2296 2653 2351 illam
2696 2290 2986 2366 permittit,
3016 2305 3074 2351 ut
3096 2311 3223 2352 vero
3254 2299 3569 2352 succumbat
3598 2295 3695 2350 l'al-

2116 2389 2290 2455 laciae,
2321 2402 2585 2459 errorque
2624 2388 2699 2442 illi
2734 2389 3067 2451 dominetur,
3110 2397 3271 2458 negat
3304 2403 3363 2444 se
3393 2388 3697 2458 permissu—

2119 2497 2267 2537 rum.
2326 2480 2459 2535 Esse
2528 2494 2657 2534 vero
2708 2480 2803 2534 Dei
2865 2479 3165 2535 Ecclesiam
3234 2482 3477 2551 quinque
3540 2481 3697 2535 sedes

2119 2574 2581 2643 patriarcharum,
2615 2582 2669 2627 et
2694 2588 2791 2628 eos
2835 2574 2928 2643 qui
2960 2573 3067 2628 illis
3100 2572 3405 2641 subiacent,
3454 2584 3571 2629 tum
3601 2590 3693 2645 sy—

2120 2669 2392 2723 nodorum
2426 2669 2700 2735 ;canones,
2738 2677 2853 2721 tum
2893 2667 3052 2736 longa
3101 2668 3222 2737 ejus
3244 2668 3611 2730 consuetudo,
3643 2678 3698 2722 ct

2121 2756 2249 2827 ipsa
2292 2771 2471 2813 rerum
2525 2767 2719 2812 natura
2770 2757 3031 2813 declarat.
3085 2759 3221 2814 Nam
3260 2761 3436 2816 sicubi
3464 2761 3695 2831 quidam

2121 2849 2394 2919 principes
2427 2849 2581 2904 nulla
2616 2850 2826 2905 ratione
2861 2850 3035 2915 ducti,
3082 2852 3177 2906 sed
3211 2855 3498 2922 tyrannice
3562 2868 3698 2907 cun-

2122 2950 2336 2997 ctarum
2362 2942 2527 2997 simul
2569 2943 2761 2998 harum
2806 2944 3017 2998 sedium
3057 2946 3316 3012 pastorali
3345 2945 3537 2999 nolunt
3568 2948 3699 3000 sub-

2124 3048 2248 3093 esse
2297 3033 2577 3103 regimini,
2626 3033 2894 3102 juvatque
2952 3034 3077 3090 illos
3126 3051 3156 3089 a
3187 3052 3245 3091 se
3274 3037 3406 3104 ipsis
3440 3038 3611 3106 pasci,
3647 3048 3701 3092 et

2123 3125 2227 3180 sibi
2259 3124 2382 3180 loco
2413 3125 2549 3196 legis
2579 3140 2704 3183 esse
2737 3135 2923 3181 :certe
2949 3142 3057 3180 non
3089 3130 3425 3198 approbante
3466 3132 3570 3187 hoc
3602 3133 3701 3187 Ec-

2124 3218 2314 3283 clesia,
2366 3228 2461 3273 aut
2508 3218 2726 3273 volente
2765 3220 3133 3275 communiter
3196 3221 3247 3273 id
3306 3236 3427 3276 esse
3464 3223 3697 3284 licitum,

2126 3313 2221 3370 sed
2269 3313 2620 3369 condonante
2652 3312 2785 3367 illud
2836 3312 3101 3379 audacia,
3142 3331 3207 3370 ne
3241 3316 3371 3385 quid
3414 3317 3571 3385 pejus
3609 3318 3704 3369 ad-

2127 3408 2397 3471 mittatur,
2446 3404 2718 3471 obtinuit;
2756 3419 2896 3473 quos
2924 3403 3089 3459 etiam
3134 3421 3280 3460 nunc
3326 3409 3703 3463 contradicere

2126 3499 2375 3554 volentes
2404 3497 2605 3553 dixerit
2634 3496 2932 3566 quispiam.
2968 3510 3076 3550 non
3124 3498 3337 3553 ratione
3368 3499 3552 3570 aliqua
3587 3503 3702 3556 sive

2127 3601 2435 3663 Opportuno
2500 3591 2695 3644 timore
2744 3589 2897 3653 duci,
2948 3589 3041 3643 sed
3089 3591 3312 3659 antiqua
3360 3592 3703 3662 impudenter

2129 3684 2324 3754 agendi
2369 3682 2766 3739 consuetudine
2808 3696 2968 3736 suum
3018 3695 3239 3751 quoque
3277 3699 3422 3740 nunc
3477 3701 3583 3739 non
3614 3688 3708 3742 de-

2130 3774 2371 3831 seruisse
2403 3790 2631 3829 morem.
3475 3788 3482 3794 ·

2201 4047 2336 4103 Cum
2380 4047 2491 4100 hmc
2522 4047 2593 4099 ita
2621 4044 2810 4113 procul
2840 4044 3007 4097 dubio
3046 4058 3105 4098 se
3142 4042 3396 4106 habeant,
3428 4057 3481 4098 et
3509 4046 3710 4100 Chris‘i

2133 4140 2350 4210 quidem
2373 4137 2612 4192 Ecclesia
2650 4136 2971 4190 sententiam
2997 4135 3158 4200 lianc,
3191 4138 3504 4191 utramlibet
3532 4139 3706 4201 (ιιςυ,

2136 4238 2422 4300 sequatur,
2476 4235 2532 4283 et
2565 4236 2820 4281 secutura
2863 4241 3078 4299 semper
3128 4228 3230 4291 sit;
3285 4227 3374 4281 ille
3398 4243 3525 4283 vero
3581 4244 3709 4297 pro-

2136 4321 2349 4377 miserit
2372 4320 2508 4383 fore,
2538 4328 2596 4373 ut
2648 4320 2763 4389 ipsa
2817 4333 3093 4387 nunquam
3149 4329 3497 4388 superetura
3559 4336 3713 4373 men-

449 4411 748 4504 κρατήσειν
800 4429 969 4499 αὐτῆς
1022 4426 1498 4495 ἐπαγγειλαμένου
1523 4459 1540 4485 ,
1575 4421 1676 4473 οὑκ
1709 4418 1821 4470 ἔσθ’
1851 4418 2016 4478 ὅπως.

2138 4414 2316 4479 tlacio,
2349 4412 2464 4467 ﬁeri
2499 4428 2604 4467 non
2634 4420 2836 4481 potest,
2856 4411 2985 4481 quitt
3014 4411 3195 4465 inania
3218 4411 3365 4482 loqui
3395 4414 3713 4479 videamini,

452 4532 499 4580 εἰ
529 4530 646 4588 ταῖς
688 4523 1041 4593 ὑποσχέσεσι,
1078 4518 1279 4589 μᾶλλον
1312 4518 1369 4569 δὲ
1413 4516 1533 4577 ταῖς
1561 4510 1905 4581 εὐεργεσίαις
1927 4508 2026 4575 τὴν

451 4621 550 4689 τῆς
582 4616 839 4687 ἀληθείας
881 4612 1039 4676 δόξαν
1076 4610 1151 4679 μὴ
1181 4605 1566 4673 διαφυλάξετε,
1599 4601 1898 4673 ἡγούμενοι
1926 4597 2027 4667 τῆς

452 4712 711 4784 ἀληθείας
751 4707 1080 4775 κατισχῦσαι
1115 4704 1177 4755 τὸ
1222 4699 1441 4769 ψεῦδος,
1484 4697 1516 4765 ἢ
1553 4694 1833 4764 μενουσῶν
1882 4693 2029 4745 ὲκείο

456 4781 562 4857 νων
602 4800 831 4869 κυρίων,
880 4794 1024 4848 τοῦτ’
1048 4794 1202 4846 αὑτοὶ
1247 4788 1582 4858 νομίζοντες,
1614 4785 1673 4837 οὑ
1719 4781 1948 4853 μάταιόν
1979 4797 2031 4832 τι

454 4897 636 4961 δόξετε
665 4893 867 4960 λέγειν.
913 4888 982 4940 Ἢ
1016 4890 1125 4957 γὰρ
1180 4886 1397 4952 ἀνάγκη
1459 4881 1550 4933 τὸν
1611 4881 1709 4947 τῆς
1774 4873 2032 4946 ἀληθείας

455 4990 614 5056 λόγον
667 4985 988 5043 διαπεσεῖν,
1025 4980 1125 5049 τῆς
1170 4972 1502 5042 Ἐκκλησίας
1560 4969 1899 5038 ὑπαχθείσης
1954 4962 2032 5033 τῷ

458 5082 668 5153 ψεύδει,
708 5081 741 5151 ἣ
775 5077 1067 5147 παρελθεῖν
1095 5075 1299 5126 ἐκεῖνον
1328 5070 1387 5122 ού
1421 5067 1649 5120 δυνατὸν
1673 5062 1754 5127 ὃν,
1780 5063 1873 5113 καὶ
1906 5059 2036 5110 ταύ-

460 5195 561 5247 την
606 5176 707 5240 τῆς
741 5173 852 5227 τῶν
890 5169 1156 5239 χειρόνων
1189 5163 1428 5232 ὑποψίας
1476 5157 1756 5215 παντελῶς
1790 5153 2035 5247 ἀπηλλά-

463 5246 610 5341 χθαι.
656 5267 720 5321 Εἰ
751 5263 934 5318 τοίνυν
966 5263 1143 5313 ἐκεῖνο
1184 5254 1529 5327 βλασφημίας
1580 5249 1781 5319 μᾶλλον
1828 5246 1884 5298 δὴ
1940 5263 2042 5314 μα-

464 5367 552 5417 νία
583 5365 784 5431 σαφὴς,
814 5356 959 5411 τοῦτ’
992 5356 1057 5408 ἂν
1082 5351 1295 5406 αίνετὸν
1328 5350 1416 5415 εἰη
1450 5347 1547 5398 καὶ
1591 5344 1814 5402 πισταῖς
1848 5341 2040 5400 ἀκοαῖς

464 5460 561 5510 καὶ
588 5454 835 5524 γνώμαις
866 5447 1289 5517 εὑπρόσδεκτον.
1323 5441 1519 5494 Καίτοι
1568 5438 1679 5490 τῶν
1716 5434 1877 5487 θείων
1910 5432 2041 5485 ἄνευ

465 5522 731 5619 χρησμῶν
774 5545 869 5596 καὶ
898 5541 996 5609 τῆς
1027 5537 1086 5600 ἐξ
1142 5534 1323 5588 αὐτῶν
1374 5527 1713 5595 ἀσφαλείας,
1768 5522 1875 5576 οὐδ’

662 5634 1027 5705 ἀμφιῦἀλλειν
1076 5626 1294 5694 ἀπλανῆ
1346 5627 1507 5693 μέχρι
1552 5617 1749 5676 παντὸς
1784 5616 1882 5683 τὴν
1927 5610 2047 5710 ﬁlix-

470 5707 704 5801 κλίηοίαν
742 5726 879 5782 Θεοῦ
935 5716 1369 5794 τηρηθήσεσθαι,
1429 5716 1522 5767 καὶ
1577 5714 1634 5765 τὸ
1681 5710 1777 5777 τῆς
1832 5707 2047 5772 ἀπάτης

2135 4508 2181 4562 si
2214 4508 2296 4561 vel
2326 4504 2635 4576 promissis.
2678 4504 2789 4560 imo
2818 4520 2949 4559 vero
2980 4504 3197 4559 collatis
3241 4504 3519 4559 beneﬁciis
3562 4507 3705 4559 veri-

2136 4598 2263 4651 tatis
2287 4598 2395 4651 vim
2428 4595 2690 4666 opinione
2713 4606 2891 4650 vestra
2942 4595 3245 4663 denegetis,
3277 4604 3637 4663 expugnatam
3685 4617 3711 4645 ει

2136 4688 2423 4744 mendacio
2472 4688 2751 4741 veritatem
2823 4686 3223 4749 existimantes,
3286 4695 3378 4740 aut
3418 4687 3552 4739 ratis
3610 4686 3715 4739 illis

2137 4779 2489 4834 manentibus
2513 4780 2614 4832 hoc
2640 4778 2754 4844 jam
2797 4777 3055 4831 evenisse
3085 4778 3311 4845 putetis.
3366 4776 3599 4831 Necesse
3631 4789 3714 4829 est

2136 4875 2285 4927 enim
2318 4870 2607 4925 autfalsus
2632 4868 2903 4925 exstiterit
2931 4869 3181 4923 veritatis
3228 4882 3431 4931 sermo,
3472 4868 3709 4921 Ecclesia

2140 4983 2236 5038 per
2259 4966 2606 5021 mendacium
2637 4965 2885 5026 seducta,
2918 4971 3013 5015 aut
3036 4963 3081 5017 si
3120 4963 3232 5016 tieri
3266 4978 3374 5017 non
3417 4970 3592 5030 potest
3654 4970 3714 5011 ιιι

2141 5060 2189 5114 is
2220 5065 2533 5117 evanescat,
2564 5055 2652 5108 illa
2684 5069 2905 5123 quoque
2930 5054 3101 5107 libera
3122 5052 3347 5106 omnino
3374 5050 3444 5105 sit
3465 5050 3534 5102 ab
3566 5050 3714 5101 omni

2142 5150 2409 5205 malorum
2470 5146 2810 5215 suspicione.
2867 5146 2923 5196 Si
2974 5158 3104 5211 ergo
3164 5142 3296 5195 illud
3352 5138 3714 5207 blaspltettra,

2144 5258 2239 5297 seu
2278 5242 2458 5309 potius
2491 5248 2675 5308 aperta
2723 5247 2807 5292 est
2846 5237 3078 5297 insania,
3141 5242 3309 5287 restat
3362 5233 3466 5287 hoc
3524 5245 3719 5299 appro.

2144 5334 2406 5395 Dandum,
2438 5331 2650 5400 piisque
2700 5329 2926 5383 auribus
2973 5339 3135 5393 atque
3174 5324 3372 5376 animis
3407 5324 3717 5390 suscipien-

2146 5426 2294 5479 dum.
2357 5424 2679 5491 Quanquam
2729 5420 2955 5473 omissis
2995 5419 3155 5470 etiam
3198 5415 3400 5469 divinis
3459 5413 3723 5477 oraculis,

2147 5527 2199 5572 et
2232 5516 2584 5584 proveniente
2644 5528 2711 5565 ex
2771 5512 2881 5563 illis
2916 5507 3271 5571 certitudine,
3306 5506 3452 5559 nulla
3520 5507 3731 5559 ratione

2149 5606 2509 5661 dubitandum
2535 5612 2703 5664 esset,
2730 5601 2864 5671 quin
2903 5598 2995 5652 Dei
3026 5596 3266 5652 Ecclesia
3325 5598 3397 5653 sit
3446 5597 3503 5652 in
3534 5608 3730 5666 perpe-

2155 5714 2307 5754 tuum
2380 5699 2499 5750 sine
2566 5696 2674 5748 ullo
2733 5706 2921 5747 errore
2977 5692 3265 5751 svrvanla,
3300 5701 3351 5745 ct
3390 5687 3729 5755 dooeptzonls
