3948 6186
330 225 436 291 467

1423 226 1804 321 GENNADII
1848 231 1888 290 c

1996 219 2513 290 PATRIARCHJE
3453 229 3548 297 468

328 346 483 401 simis
512 345 722 399 traduci
757 345 1080 408 rationibus,
1151 361 1313 415 quam
1357 346 1530 401 Graeci
1586 347 1893 401 hominibus

2002 346 2104 414 τῆς
2164 348 2319 415 ὑμῶν
2357 348 2544 416 φωνῆς
2578 346 2892 412 ὲπαῖοντας,
2938 345 3031 397 καῖ⁵
3070 346 3190 408 τοῖς
3233 346 3563 419 ἀντιρῤητοις

328 436 481 491 hisce
512 435 1026 505 peregrinaelingum
1052 451 1116 490 ac
1147 436 1375 492 rudibus
1400 437 1464 491 ad
1498 435 1896 506 percipiendam

326 529 600 583 rationum
630 534 684 581 et
725 542 987 581 sensuum
1022 528 1446 595 profunditatem
1484 538 1647 597 atque
1692 526 1900 597 magni-

326 620 568 673 tudinem
596 618 753 686 plane
777 618 1134 688 ineptissimis
1155 638 1169 685 ;
1193 636 1297 674 non
1332 621 1515 675 minus
1543 628 1711 682 certe,
1736 632 1897 687 quam

324 712 395 765 sit
452 710 516 764 ad
589 711 878 765 velandum
938 719 1210 765 structura
1267 726 1572 781 corporum.
1636 710 1717 765 Ad
1787 710 1901 763 base

324 804 496 859 Grzrci
530 804 750 874 quidem
786 819 946 858 unatn
974 814 1067 859 aut
1104 805 1241 859 duas
1291 820 1357 858 ex
1394 804 1545 859 hisce
1585 803 1900 858 nationibus

325 913 430 950 non
465 897 583 950 sine
609 896 886 966 lacrymis,
927 906 983 951 ct
1017 911 1223 966 magna:
1278 896 1609 951 infelicitatis
1644 897 1900 965 opinione

322 988 673 1055 dimiserunt,
735 989 881 1058 quod
938 1005 1123 1059 paucae
1185 996 1524 1054 remaneant,
1568 989 1897 1059 quibuscum

322 1096 431 1134 una
459 1096 588 1147 pace
621 1080 915 1134 fruantur:
953 1095 1052 1135 vos
1102 1088 1307 1146 autem,
1348 1080 1392 1134 si
1449 1095 1556 1150 qua
1592 1089 1898 1133 vestrarum

323 1174 565 1241 gentium
591 1172 877 1227 divellatur
902 1173 1125 1227 omnino
1157 1189 1185 1227 a
1240 1173 1415 1233 vobis,
1476 1182 1531 1226 et
1574 1173 1761 1226 morbo
1806 1187 1900 1239 op-

324 1266 483 1331 primi
517 1266 758 1319 videatur
788 1264 1101 1329 insanabili,
1122 1280 1262 1334 aegre
1281 1263 1500 1334 quidem
1527 1263 1714 1317 feretis
1733 1261 1901 1317 amis-

322 1356 531 1411 sionem
585 1367 633 1411 et
668 1372 909 1410 errorem
952 1357 1194 1419 illorum,
1240 1372 1269 1409 a
1328 1370 1437 1423 quo
1474 1356 1745 1410 neminem
1783 1354 1900 1422 rapi

325 1447 476 1502 vobis
499 1458 579 1501 est
599 1448 651 1501 in
673 1448 896 1517 optatis,
929 1448 1021 1502 sed
1051 1448 1255 1501 nullam
1286 1462 1379 1501 vos
1440 1446 1548 1516 pati
1606 1446 1900 1502 censebitis

323 1541 623 1595 amicorum
649 1550 703 1594 et
755 1540 999 1594 affinium
1054 1539 1366 1601 orbitatem,
1418 1554 1541 1591 cum
1578 1537 1741 1591 futuri
1792 1536 1901 1592 sint

324 1636 481 1690 vobis
530 1635 704 1701 multi,
739 1643 793 1689 et
825 1635 1020 1704 quovis
1068 1648 1296 1688 numero
1325 1631 1742 1702 frequentiores,
1806 1629 1899 1699 qui

323 1739 609 1797 promptos
640 1726 705 1782 ad
740 1726 1103 1782 obedientium
1151 1726 1444 1781 exhibeant
1480 1724 1713 1789 animos,
1757 1724 1899 1778 sicut

323 1822 416 1876 alii
457 1821 828 1887 refractarios,
886 1821 1194 1890 quibusque
1251 1819 1415 1873 sociis
1466 1816 1695 1872 utamini
1748 1815 1898 1885 paris

322 1912 622 1967 conciliata:
692 1927 827 1965 cum‘
876 1911 1099 1966 (ἐι-κείς.
1134 1909 1321 1978 Neque
1377 1910 1521 1961 enim
1570 1906 1674 1963 dici
1720 1914 1898 1974 potest

320 2002 460 2065 fore,
501 2010 769 2055 utomnes
796 2016 890 2055 seu
912 2000 1095 2069 plures
1120 1999 1169 2052 in
1213 2012 1371 2052 suum
1400 2004 1572 2064 caput
1623 2008 1773 2048 arma
1806 2008 1899 2047 ca-

319 2095 493 2165 piant,
525 2106 577 2149 et
611 2110 729 2149 sese
752 2092 1115 2148 transfodiam
1154 2092 1349 2162 gladio.

390 2354 466 2408 ita
496 2355 634 2408 hanc
665 2370 882 2425 quoque
915 2356 1322 2424 suspicionem,
1362 2374 1480 2426 qua!
1516 2371 1620 2411 non
1655 2365 1900 2411 contem-

321 2447 500 2499 nenda
529 2447 815 2499 videbatur
839 2488 852 2511 ,
890 2447 1093 2500 nullius
1125 2462 1247 2501 esse
1280 2446 1566 2509 momenti,
1603 2459 1703 2499 nec
1735 2458 1898 2513 posse

321 2548 570 2591 naturam
627 2537 748 2605 ejus
801 2550 1057 2591 accurate
1111 2539 1527 2592 considerantes
1561 2538 1830 2592 abducere
1866 2551 1896 2590 a

319 2639 467 2681 recto
499 2628 803 2696 proposito,
833 2637 887 2682 et
925 2628 1103 2680 oratio
1131 2629 1241 2697 jam
1270 2627 1534 2691 ostendit,
1566 2636 1621 2680 et
1656 2641 1754 2681 vos
1784 2641 1897 2679 me-

319 2720 425 2773 lius
471 2720 836 2788 perspiciatis,
895 2720 1135 2772 animum
1198 2728 1405 2773 attente
1459 2716 1524 2771 ad
1570 2716 1714 2771 illam
1751 2705 1895 2786 adjil

316 2812 541 2864 eientes.
583 2811 843 2867 Desinant
873 2825 1000 2881 ergo
1037 2811 1128 2875 qui
1166 2810 1328 2864 nobis
1358 2812 1512 2879 quasi
1547 2806 1894 2868 terriculum,

315 2900 679 2955 defectionem
743 2901 1109 2970 quorumdam
1179 2900 1472 2970 objiciunt,
1510 2909 1565 2953 et
1602 2912 1893 2969 pravorum

314 2993 541 3054 insuper
597 2993 945 3048 insolentiam
981 2992 1377 3062 audaciamque
1426 2990 1613 3045 fovent
1645 3006 1659 3044 :
1695 2990 1894 3045 frustra

319 3087 431 3139 haec
465 3086 583 3155 pios
626 3092 680 3139 et
732 3102 913 3139 rerum
948 3088 1300 3140 honestarum
1360 3085 1641 3141 studiosos
1676 3097 1896 3156 optasse

318 3176 673 3241 atiirmantes,
718 3193 927 3247 nosque
967 3181 1154 3232 nescio
1209 3192 1319 3246 quo
1354 3193 1459 3232 non
1508 3178 1795 3233 inertior-es
1830 3192 1895 3233 ac

314 3271 549 3323 leviores
586 3269 876 3333 redituros,
924 3286 991 3324 ne
1043 3270 1148 3323 alia
1198 3270 1397 3337 probra
1438 3270 1638 3333 dicam,
1693 3270 1893 3336 quibus

311 3364 438 3429 jure
490 3359 716 3415 obnoxii
761 3360 939 3413 eritis.
985 3360 1142 3414 Pi'ius
1188 3362 1331 3414 enim
1367 3361 1653 3429 Oportebat
1685 3361 1895 3429 cogita-

318 3456 494 3507 tiones
516 3455 648 3509 istas
673 3452 949 3522 explicare
978 3503 992 3525 ,
1029 3453 1111 3506 vel
1142 3452 1585 3508 terriculamenta
1616 3453 1797 3520 potius
1827 3452 1893 3505 ad

318 3545 694 3599 iueutieudum
763 3545 1014 3599 timorem
1071 3543 1313 3613 objicere
1369 3552 1431 3596 ut
1492 3543 1608 3598 suis
1674 3544 1895 3612 utrique

320 3640 521 3693 vellent
566 3652 787 3692 manere
838 3637 893 3691 in
937 3637 1183 3692 finibus:
1226 3652 1327 3693 nec
1364 3636 1585 3691 modum
1623 3637 1775 3707 pacis
1802 3652 1895 3704 ag-

318 3732 680 3799 grederentur
706 3769 722 3793 ,
764 3740 1023 3798 tanquam
1082 3739 1301 3798 propter
1335 3730 1451 3784 bare
1483 3729 1597 3799 ipsa
1626 3727 1892 3791 inutilem,

316 3840 381 3878 ac
417 3823 576 3877 talem
613 3834 675 3880 ut
706 3822 821 3876 fieri
873 3822 1017 3875 nulla
1071 3822 1285 3877 ratione
1320 3823 1533 3889 possit:
1571 3836 1678 3875 non
1715 3821 1891 3876 mod‘s
1959 3826 1963 3830 ’

316 3915 571 3969 oumibus
600 3922 732 3967 tunc
766 3913 831 3965 ad
864 3928 1049 3983 pacem
1078 3913 1378 3980 adhortari,
1406 3913 1534 3982 quid
1569 3927 1676 3967 non
1706 3913 1892 3967 dicen-

317 4010 406 4070 do,
462 4008 590 4077 quid
653 4024 761 4061 non
820 4007 1050 4077 agendo,
1116 4007 1258 4075 quod
1335 4021 1552 4065 movere
1595 4014 1780 4075 posset
1823 4004 1892 4059 ad

317 4100 554 4170 pacem?
602 4110 655 4153 ct
709 4115 825 4168 quo
870 4116 975 4152 non
1030 4100 1173 4152 illam
1208 4098 1504 4153 faciliorem
1558 4100 1890 4163 asserenda,

302 4192 395 4245 ’θυι
434 4198 548 4259 ipso
582 4208 689 4244 uno
719 4207 1017 4261 congressu
1046 4190 1284 4244 futuram
1317 4193 1707 4256 asseverando,
1745 4207 1892 4245 nunc

311 4302 441 4338 vero
494 4283 837 4349 difﬁcultates
893 4298 1345 4342 commemorare.
1408 4295 1461 4337 et
1507 4286 1731 4337 timores
1763 4283 1890 4351 inji-

2002 438 2113 491 τῶν
2155 437 2330 506 λόγων
2384 438 2666 492 πείθεσθαι
2714 439 3074 507 δυναμένους,
3113 438 3146 509 ἢ
3194 440 3411 512 Γραικοὶ
3448 442 3563 505 τοὺς

2003 528 2331 602 ἀλλοθρόους
2368 530 2596 594 τούτους
2656 532 2751 584 καῖ
2781 530 3163 595 ἀπαιδεύτους,
3198 532 3288 585 καὶ
3319 527 3399 594 οἷς
3431 532 3557 601 πρὸς

1999 618 2177 687 λόγων
2237 623 2335 675 καὶ
2403 622 2692 691 νοημάτων
2764 619 2897 690 ὕψος
2954 621 3048 673 καὶ
3105 620 3329 690 μέγεθος
3389 624 3553 675 πάντα

2005 712 2199 777 ἁπλῶς
2249 714 2632 782 ἀποπέφυκεν,
2687 713 2844 767 οὐδὲν
2894 709 3055 785 ἦττον
3112 714 3316 784 ἢπρδς
3365 714 3459 783 τὴν
3492 714 3554 767 δι’

2003 807 2164 875 ἀέρος
2217 809 2418 874 πτῆσιν
2469 810 2501 877 ἡ
2552 810 2661 861 τῶν
2696 809 2967 879 σωμάτων
2999 809 3335 872 κατασκευή·
3364 809 3453 862 καὶ
3482 811 3555 862 ὅτι

2005 897 2242 967 Γραικοὶ
2295 899 2395 968 μὲν
2451 900 2509 955 ἓν
2542 902 2573 970 ἦ
2609 899 2702 953 δύο
2730 901 2841 953 τῶν
2879 898 3137 954 τοιούτων
3170 900 3337 954 ἐθνῶν
3374 900 3467 952 οὑκ
3496 898 3555 951 ἀν

2003 994 2276 1062 ἀδακρυτὶ⁵
2325 993 2601 1059 πρόοιντο,
2639 994 2733 1047 καὶ
2765 994 2937 1064 χωρὶς
2962 991 3057 1045 τοῦ
3088 993 3267 1047 δοκεῖν
3306 991 3556 1059 ἠτυχηκέ-

2002 1106 2090 1142 ναι
2141 1087 2210 1141 τὰ
2268 1087 2522 1157 μέγιστα,
2556 1086 2756 1154 ὀλίγων
2788 1087 2961 1145 ὄντων
2986 1085 3095 1141 τῶν
3132 1084 3437 1138 ὑπολοίπων
3470 1081 3556 1134 καὶ

2001 1174 2084 1244 οἷς
2121 1179 2222 1249 τῆς
2260 1180 2488 1251 είρήνης
2522 1177 3033 1233 συναπολαύσονται
3058 1194 3071 1209 ·
3109 1177 3265 1248 ὑμεῖς
3295 1175 3338 1229 δ’
3371 1174 3557 1229 ὁπόταν

2001 1290 2055 1326 τι
2107 1273 2199 1325 καὶ
2252 1272 2513 1339 καθάπαξ
2569 1272 2862 1343 ἀπορραγῇ
2900 1270 3013 1327 τῶν
3059 1269 3344 1341 ὑμετέρων
3376 1267 3553 1329 ὲθνῶν,
3634 1274 3639 1279 ‘

2003 1365 2096 1418 καῖ⁵
2125 1363 2249 1436 δόξῃ
2294 1364 2588 1435 νενοσηκὸς
2643 1362 3020 1431 ἀθεράπευτα,
3053 1360 3332 1431 δυσχερῶς
3367 1358 3462 1428 μὲν
3482 1358 3555 1411 οἴ-

2005 1471 2129 1507 σετε
2173 1455 2274 1525 τὴν
2306 1455 2582 1508 ἔκπτωσιν
2628 1455 2810 1510 αὑτῶν
2858 1452 2954 1507 καὶ
2982 1454 3082 1521 τὴν
3128 1451 3356 1519 πλάνην·
3381 1450 3443 1521 ἥν
3471 1448 3555 1502 οὑ-

2000 1545 2127 1598 δένα
2173 1546 2293 1600 τινὰ
2348 1545 2543 1609 παθεῖν
2591 1546 2701 1599 τῶν
2756 1545 3016 1603 ἀπάντων
3066 1543 3234 1614 εὑχῆς
3284 1541 3441 1612 ἔργον
3486 1541 3555 1593 τί-

2003 1634 2183 1688 θεσθε·
2229 1638 2329 1705 τὴν
2376 1636 2431 1689 δὲ
2472 1636 2580 1688 τῶν
2632 1636 2804 1704 φίλων
2837 1653 2893 1687 τε
2941 1634 3038 1689 καὶ
3070 1633 3314 1703 γνησίων
3340 1630 3555 1703 ἐρημίαν

1932 1703 1970 1758 Β
2000 1703 2671 1795 οὑδαμῶςὺπολογεῖσθε,
2725 1725 2941 1778 πολλῶν
2990 1726 3267 1794 ἐσομένων
3317 1721 3441 1793 ὑμῖν
3468 1720 3555 1773 καὶ

2002 1820 2206 1883 παντδς
2264 1817 2501 1889 ἀριθμοῦ
2570 1818 2938 1891 κρειττόνων,
2978 1818 3028 1871 οἶ
3079 1818 3180 1887 τὴν
3237 1815 3551 1873 εὐπείθειαν.

2000 1911 2258 1978 καθάπερ
2286 1910 2436 1965 ἄλλοι
2475 1911 2574 1980 τὴν
2606 1910 2918 1982 παρακοὴν,
2954 1909 3335 1975 ἐπιδείξονται,
3370 1909 3461 1961 καὶ
3480 1900 3554 1970 οἷς

2000 2004 2099 2072 τῆς
2156 2003 2293 2071 πρὸς
2349 2003 2621 2073 Γραικοὺς
2675 2004 2902 2071 εἰρήνης
2950 2001 3228 2072 χρήσεσθε
3272 1998 3552 2059 κοινωνοῖς.

2001 2092 2076 2145 Οὑ
2108 2093 2218 2163 γὰρ
2271 2093 2334 2163 δὴ
2394 2093 2601 2157 πάντας
2660 2092 2692 2162 ἢ
2749 2094 2874 2156 τοὺς
2928 2092 3225 2156 πλείστους
3286 2089 3421 2143 κατά
3467 2087 3555 2156 τῆς

2002 2183 2156 2252 σφῶν
2189 2183 2512 2237 όπλίσεσθαι
2547 2184 2817 2254 κεφαλῆς,
2875 2184 2969 2237 καὶ
3007 2181 3133 2237 καθ’
3194 2181 3397 2237 ἑαυτῶν
3429 2179 3555 2247 ὠθή-

1999 2276 2205 2345 σεινντδ
2250 2274 2398 2343 ξίφος
2428 2276 2576 2329 ἔστιν
2605 2277 2799 2329 εἰπεῖν.

2075 2367 2231 2422 Οὕτω
2262 2369 2542 2422 καὶτοῦτο
2584 2371 2643 2422 τὸ
2676 2370 2817 2433 δέος,
2853 2370 3031 2425 καίτοι
3060 2370 3176 2425 τῶν
3208 2372 3268 2425 οὑ
3306 2370 3555 2440 τυχόντων

1999 2460 2093 2514 καὶ
2159 2455 2301 2512 εἶναι
2348 2458 2561 2523 δοκοῦν,
2616 2459 2818 2530 φαῦλόν
2879 2478 2933 2514 τι
2997 2462 3093 2515 καῖ
3155 2462 3228 2533 μὴ
3283 2462 3555 2529 δυνάμενον

1998 2552 2239 2617 ἀπάγειν
2272 2553 2379 2605 τῶν
2427 2554 2811 2624 προκειμένων
2868 2554 3050 2616 καλῶς
3100 2556 3236 2617 τοὺς
3295 2553 3449 2607 αὑτοῦ
3495 2552 3553 2620 τῇ

2000 2643 2163 2710 φύσει
2205 2644 2613 2712 προσέχοντας,
2664 2644 2692 2697 ὅ
2744 2660 2805 2697 τε
2866 2644 3021 2711 λόγος
3063 2643 3273 2711 ἔδειξεν
3307 2645 3422 2715 ήδη.
3458 2644 3556 2696 ’καὶ

1999 2735 2157 2802 ὑμεῖς
2209 2736 2436 2803 ἄμεινον
2473 2736 2669 2804 ὄψεσθε
2697 2777 2713 2801 ,
2749 2737 2840 2790 τὸν
2892 2736 3170 2806 λογισμὸν
3215 2737 3358 2806 αὑτῷ
3394 2734 3555 2798 καλῶς

1997 2826 2414 2895 ἐπιστήσαντες.
2483 2826 2820 2883 Παυσάσθων
2887 2826 3072 2880 τοίνυν
3147 2830 3200 2881 οἱ
3267 2827 3362 2896 τὴν
3416 2827 3556 2880 ἐνίων

1996 2914 2340 2969 ἀποστασίαν
2362 2918 2496 2986 ἡμῖν
2526 2917 2885 2981 ἐπισείοντες,
2913 2919 3012 2973 καὶ
3041 2918 3147 2989 τὴν
3180 2919 3287 2973 τῶν
3320 2915 3554 2986 πονηρῶν

1999 3007 2324 3072 ἀλαζονείαν
2384 3008 2481 3063 καὶ
2542 3009 2749 3081 τόλμην
2803 3010 3392 3081 προσθεραπεύοντες,
3443 3010 3554 3072 τοὺς

1999 3101 2354 3171 εὑγνὼμονάς
2384 3118 2445 3156 τε
2482 3102 2576 3155 καὶ
2607 3102 2716 3156 τῶν
2753 3102 2933 3157 καλῶν
2986 3103 3235 3173 ἑραστάς
3281 3106 3451 3173 μάτην
3478 3100 3557 3154 εὑ-

1999 3194 2267 3262 ξαμένους
2326 3193 2463 3247 αὑτά
2514 3194 2782 3264 περιιδεῖν
2816 3192 3119 3260 ἀξιοῦντες,
3167 3197 3263 3249 καὶ
3300 3193 3435 3263 ἡμᾶς
3464 3189 3555 3243 οὐκ

1998 3285 2114 3342 οἶδα
2150 3290 2296 3350 τίνος
2322 3288 2421 3343 οὑκ
2449 3288 2652 3358 ἀργοτέ
2662 3306 2790 3359 ρους
2815 3289 2912 3343 καὶ
2941 3284 3554 3360 κουφοτέρους’ὲπανελο

1998 3382 2131 3446 θεῖν,
2169 3383 2255 3436 ἴνα
2308 3383 2474 3451 μηδὲν
2511 3382 2655 3447 λέγω
2707 3382 2816 3435 τῶν
2868 3380 3047 3437 ἀλλων
3094 3381 3341 3448 ὀνειδῶν,
3371 3373 3448 3443 οἷς
3482 3378 3556 3433 δι·-

1995 3471 2169 3533 καίως
2219 3469 2492 3534 ένέξεσθε.
2542 3470 2781 3535 Τούτους
2836 3471 2945 3541 γὰρ
2991 3471 3099 3524 ἔδει
3140 3474 3404 3543 πρότερον
3432 3472 3554 3523 ὑπο-

1996 3561 2216 3617 ϐάλλειν
2269 3562 2397 3625 τοὺς
2447 3563 2766 3631 λογισμοὺς,
2807 3562 3008 3631 μᾶλλον
3038 3562 3097 3615 δὲ
3133 3566 3249 3626 τοῖς
3282 3561 3549 3634 μορμολυ-

1996 3654 2165 3718 κείοις
2196 3653 2408 3716 τούτοις
2466 3653 2825 3716 δεδίττεσθαι,
2878 3654 2974 3707 καὶ
3020 3654 3234 3709 πείθειν
3279 3654 3553 3724 ἑκατέρους

1996 3739 2189 3811 ἔφ’ὦν
2224 3743 2367 3814 εἶχον
2411 3746 2695 3813 μένοντας,
2748 3746 2824 3809 ὡς
2884 3744 3197 3817 ἀσυμφόρῳ
3252 3746 3339 3801 διά
3389 3744 3551 3798 ταῦτα

1997 3840 2091 3891 καὶ
2122 3838 2374 3907 ἀδυνάτῳ
2399 3836 2476 3907 τῷ
2530 3836 2632 3906 τῆς
2667 3837 2896 3908 εῖρήνης
2939 3837 3127 3908 τρόπῳ
3169 3839 3244 3911 μὴ
3279 3838 3547 3907 ἐγχειρεῖν*

1995 3928 2053 3980 οὑ
2098 3927 2223 3980 τότε
2258 3928 2391 3979 πᾶσι
2420 3923 2650 3994 τρόποις
2680 3924 2774 3977 ἐπὶ
2806 3924 2901 3995 τὴν
2925 3925 3155 3995 εἰρήνην
3192 3921 3551 3995 παρακαλοῦν-

1993 4035 2112 4081 τας.
2152 4019 2246 4071 καὶ
2282 4017 2336 4069 τί
2390 4015 2490 4085 μὲν
2537 4016 2598 4069 οὑ
2636 4014 2932 4083 λέγοντας,
2964 4016 3015 4069 τί
3066 4016 3111 4068 δ’
3169 4016 3231 4069 οὑ
3282 4014 3549 4081 ποιοῦντας

1994 4110 2102 4163 τῶν
2150 4110 2467 4177 δυναμένων
2500 4109 2706 4172 κινεῖν;
2755 4107 2897 4170 τίνος
2949 4106 2995 4159 δ’
3031 4106 3092 4159 οὑ
3145 4108 3348 4178 ῥᾴστην
3396 4103 3549 4173 αὐτὴν

1994 4201 2475 4270 ἀποφηναμένους,
2527 4198 2621 4250 καὶ
2674 4196 2750 4268 τῷ
2804 4197 3079 4271 συνελθεῖν
3117 4198 3282 4268 μόνον
3320 4197 3549 4263 ἀλλήλοις

1994 4290 2470 4359 ἀκολουθήσουσαν
2499 4307 2513 4355 ;
2547 4287 2643 4342 νῦν
2694 4287 2976 4358 δυσχερῶν
3036 4306 3202 4343 τινων
3257 4284 3547 4359 μεμνῆσθαι

314 4392 469 4429 ουτοι
506 4376 557 4429 in
594 4375 677 4428 bis
709 4374 853 4426 enim
910 4372 1009 4426 etsi
1043 4372 1236 4425 lict-bat
1267 4372 1442 4432 initio,
1467 4381 1521 4425 at
1564 4388 1707 4425 nunc
1742 4382 1889 4426 certe

1996 4386 2090 4436 καῖ⁵
2122 4383 2322 4450 φόϐους
2352 4378 2826 4434 ἐπανατείνεσθαι.
2872 4379 3090 4435 Τούτων
3121 4381 3233 4451 γὰρ
3263 4383 3311 4433 εί
3340 4378 3431 4434 καὶ
3460 4375 3547 4445 τὴν

313 4482 421 4519 ron
453 4466 575 4518 licet
607 4480 766 4518 curas
801 4463 959 4530 deligi
990 4465 1056 4518 ab
1083 4465 1173 4525 iis,
1203 4465 1295 4533 qui
1329 4464 1381 4515 in
1413 4463 1527 4529 ipsa
1554 4463 1890 4517 devenerunt

316 4558 506 4625 egendi
547 4566 812 4628 tempora.
861 4556 995 4610 Cum
1051 4572 1183 4609 vero
1219 4571 1286 4609 ne
1318 4563 1447 4608 tunc
1482 4556 1700 4624 quidem
1736 4556 1890 4609 babi-

314 4665 435 4703 tura
475 4654 654 4703 locum
690 4659 885 4703 essent
932 4648 1245 4717 bujustnodi
1291 4649 1681 4717 impedimenta
1724 4664 1889 4718 penes

315 4741 591 4802 homines,
633 4740 723 4808 qui
769 4739 927 4794 bouis
962 4740 1039 4793 uti
1080 4748 1282 4792 norunt
1313 4739 1598 4802 consiliis,
1649 4740 1772 4808 quis
1798 4739 1890 4793 det

310 4850 434 4889 esse
487 4834 653 4901 bnjus
724 4833 987 4901 temporis
1048 4847 1207 4902 agere
1242 4832 1309 4887 de
1340 4832 1491 4885 bisce
1534 4832 1738 4885 rebus?
1772 4830 1889 4897 Qua

309 4941 472 4995 porro
501 4925 715 4979 ratione
749 4925 863 4988 fiat,
900 4935 959 4979 ut
991 4926 1082 4994 qui
1112 4940 1255 4978 nunc
1290 4925 1416 4978 talia
1452 4925 1663 4988 dicunt,
1700 4940 1889 4978 neco-s-

309 5017 455 5068 sario
509 5030 629 5070 sese
665 5031 776 5085 prae
824 5016 1031 5084 pudore
1078 5030 1185 5067 non
1248 5023 1546 5083 contegant
1576 5034 1588 5069 :
1623 5026 1677 5068 et
1707 5015 1800 5083 qui
1830 5015 1887 5068 in

310 5124 430 5161 eam
483 5107 830 5161 adduCentur
891 5108 1241 5171 sententiam,
1299 5108 1443 5175 quod
1481 5107 1619 5160 Deus
1655 5118 1883 5167 avertat,

316 5214 501 5268 postea
538 5218 648 5270 pra“:
676 5203 874 5267 rubore
908 5216 1014 5253 non
1049 5214 1107 5252 se
1134 5201 1451 5266 cooperiant
1481 5198 1503 5251 ?
1532 5214 1707 5266 neque
1738 5198 1884 5251 enim

314 5300 396 5343 est
420 5292 592 5359 culpa:
629 5293 873 5361 ejusdem
928 5300 1021 5343 aut
1077 5291 1287 5347 consilii
1317 5291 1659 5353 auctoribus,
1690 5299 1783 5343 aut
1811 5290 1885 5342 illi

315 5384 760 5448 assentientibus,
811 5385 938 5438 dum
978 5386 1043 5437 de
1072 5385 1235 5438 tantis
1270 5383 1435 5438 rebus
1468 5384 1645 5439 adhuc
1679 5384 1885 5436 delibe-

313 5483 516 5539 rarent,
547 5484 691 5528 metu
728 5476 958 5531 rationis
989 5487 1211 5545 esperte
1245 5477 1527 5545 perculsos
1548 5491 1653 5529 non
1680 5475 1885 5543 perspi-

312 5578 434 5615 cere
496 5565 625 5630 quid
686 5566 911 5619 honeste
973 5580 1027 5621 et
1091 5568 1296 5621 utiliter
1326 5580 1475 5621 esset
1508 5565 1802 5635 agendum,
1834 5575 1885 5618 et

310 5656 598 5717 διιιιῐιυιιι,
663 5657 752 5709 ubi
815 5673 925 5709 rem
973 5671 1095 5711 sunt.
1153 5661 1438 5730 aggressi,
1499 5660 1881 5728 restinguere:

1992 4475 2166 4546 ἀρχὴν
2201 4474 2367 4541 ἐξῆν,
2406 4473 2520 4530 ἀλλ’
2553 4472 2652 4526 οὑκ
2707 4472 2765 4523 ὲν
2822 4470 2902 4541 τῷ
2959 4473 3195 4542 παρόντι
3256 4469 3545 4543 φροντίζειν

1993 4567 2169 4631 ἔξεστι
2210 4568 2337 4628 τοὺς
2372 4567 2429 4618 ὲν
2454 4566 2568 4626 τοῖς
2616 4562 2712 4617 τοῦ
2753 4566 3016 4633 πράττειν
3065 4565 3401 4635 ἀφιγμένους
3436 4576 3546 4614 και-

1992 4665 2127 4731 ροῖς.
2169 4662 2345 4714 Ὅπου
2405 4658 2461 4711 δὲ
2508 4656 2629 4712 οὐδὲ
2678 4650 2799 4712 τότε
2855 4655 3038 4728 χώραν
3078 4656 3305 4727 ἔμελλεν
3329 4656 3463 4725 ἔχειν
3486 4648 3544 4701 τίι

1991 4750 2219 4804 τοιαῦτα
2252 4749 2361 4803 τῶν
2387 4748 2728 4818 κωλυμάτων
2766 4748 2919 4817 παρά
2949 4764 3011 4815 γε
3041 4748 3167 4824 τοῖς,
3186 4746 3364 4806 καλῶς
3395 4741 3544 4795 είδόσι

1994 4839 2374 4911 βουλεύεσθαι,
2417 4838 2538 4901 πῶς
2585 4836 2651 4889 ἂν
2700 4837 2816 4906 δοίη
2852 4854 2937 4900 τις
2988 4836 3066 4906 τῷ
3105 4837 3333 4905 παρόντι
3384 4825 3544 4899 καιρῷ

1989 4936 2089 5005 τὴν
2130 4932 2258 5001 περὶ
2310 4928 2514 4982 τούτων
2574 4926 2766 4997 σκέψιν
2824 4925 3161 4996 ἁρμόττειν;
3223 4925 3256 4995 ἦ
3320 4924 3427 4986 πῶς
3456 4920 3545 4972 οὐκ

1991 5022 2398 5095 ἐμφράττεσθαι
2433 5023 2530 5092 μὲν
2558 5020 2684 5081 τοὺς
2708 5020 2968 5088 λέγοντας
2995 5017 3111 5080 νῦν,
3154 5012 3542 5084 ἐγκαλύψεσθαι

1989 5117 2044 5170 δὲ
2070 5116 2218 5177 τοὺς,
2251 5114 2278 5166 ὃ
2328 5112 2404 5181 μὴ
2433 5112 2663 5177 γένοιτο,
2699 5110 3167 5178 πεισθησομένους
3207 5108 3353 5161 πᾶσα
3392 5104 3543 5168 ἀνάγ-

1991 5223 2063 5274 κη
2092 5222 2104 5269 ;
2135 5203 2255 5256 οὑδὲ
2291 5205 2398 5270 γὰρ
2439 5201 2539 5272 τὴν
2589 5202 2712 5269 ἴσην
2760 5199 2874 5268 ἔχει
2924 5196 3264 5267 κατηγορίαν
3290 5194 3411 5247 οὕτε
3442 5192 3541 5250 τοῖς

1994 5294 2354 5366 βουλεύσασιν
2401 5290 2526 5343 οὒτε
2572 5291 2682 5351 τοῖς
2744 5287 3137 5357 πεπεισμένοις
3195 5288 3257 5337 τό
3310 5300 3367 5336 τε
3426 5278 3540 5347 περὶ

1988 5384 2328 5454 τηλικούτων
2362 5381 2441 5436 ἔτι
2474 5378 2901 5449 βουλευομένους
2924 5419 2939 5441 ,
2972 5378 3147 5447 ἀλόγῳ
3176 5376 3285 5428 δέει
3316 5373 3406 5425 τοῦ
3450 5386 3540 5422 κα·

1990 5477 2085 5529 λοῦ
2119 5477 2210 5527 καῖ
2248 5474 2621 5542 συμφέροντος
2678 5469 2973 5537 ὑπεριδεῖν,
3023 5470 3116 5521 καὶ
3166 5464 3259 5518 τοῦ
3298 5465 3540 5533 πράττειν

1992 5568 2333 5639 ἀρξαμένους
2367 5563 2745 5632 ἐπισχεθῆναι.
2794 5560 2882 5628 Τῷ
2930 5562 3027 5630 μὲν
3064 5562 3170 5626 γὰρ
3206 5560 3237 5627 ἡ
3269 5557 3366 5623 τῆς
3395 5551 3540 5623 ρᾳθυ·

1994 5658 2119 5727 μίας
2147 5654 2338 5707 ὕπεστι
2388 5652 2553 5717 δόξα,
2597 5652 2655 5703 τὸ
2689 5650 2741 5702 δὲ
2789 5649 2909 5702 οὐδὲ
2958 5650 3066 5703 τῶν
3112 5649 3206 5714 τῆς
3244 5646 3420 5705 ἀνοίας
3461 5643 3535 5705 ἑγ-
