3948 6186
307 207 310 210 ’
388 230 495 292 Mitt

1556 233 1839 292 ORATIO
1880 234 1935 292 ΙΙ
1978 234 2077 294 AD
2113 236 2501 299 SYNODUM.

3551 238 3659 300 470

390 349 689 419 κλημάτων
723 348 1068 417 ἀπήλλακται
1097 366 1108 379 ·
1152 351 1397 418 κάκείνῳ
1436 351 1535 420 μὲν
1587 353 1763 413 οὐδεὶς
1823 354 1973 406 συνέ-

2089 354 2211 407 llud
2236 354 2383 408 enim
2406 355 2576 409 habet
2601 355 2913 423 opinionem
2946 353 3229 415 socordim,
3262 354 3366 407 hoc
3406 368 3534 407 vero
3560 355 3650 408 de-

391 442 622 503 ζευκται
655 440 907 504 κίνδυνος
934 482 948 505 ,
978 443 1176 496 τούτου
1227 443 1273 496 δ’
1310 445 1500 498 εἵνεκα
1541 445 1636 497 καὶ
1688 446 1843 515 napi.“
1865 446 1972 501 τῶν

390 532 750 602 ὑπαρχόντων
774 533 1110 588 κινδυνεύειν
1141 536 1382 605 ἀνάγκη.

460 707 679 761 Τούτων
708 706 889 761 τοίνυν
917 709 1248 781 ἀμφοτέρων
1277 713 1385 765 τῶν
1410 712 1754 782 κωλυμάτων
1782 718 1972 782 σαφῶς

391 798 825 867 ἐξελεγχθέντων
882 801 990 855 {me
1042 802 1139 859 τοῦ
1197 804 1361 871 λόγου
1389 849 1403 869 ,
1461 806 1609 861 δοκεῖ
1638 811 1754 872 τοῖς
1788 809 1973 873 ἄλλοις

391 888 513 942 οὐδὲ
542 892 834 961 προσέχειν
878 892 1088 949 δίκαιον
1138 896 1310 959 ὅλως·
1363 892 1441 952 ὧν
1499 897 1600 966 τὴν
1662 900 1975 971 σαθρότητα

398 983 681 1053 πόρρωθεν
742 984 923 1050 ἔξεστι
971 990 1088 1051 τοῖς
1151 988 1505 1058 βουλομένοις
1567 996 1702 1047 πᾶσι
1760 998 1973 1066 φωρᾷν.

394 1075 600 1143 εΑὐτίκα
650 1077 734 1139 τίς
782 1080 881 1132 οὐκ
937 1074 1046 1133 οἶδε
1077 1083 1205 1145 τοὺς
1239 1081 1676 1153 θρυλλουμένους
1721 1088 1850 1155 περὶ
1878 1086 1973 1141 τοῦ

396 1168 471 1236 μὴ
497 1168 611 1221 δεῖν
646 1170 786 1237 μήτε
843 1172 1195 1240 προστιθέναι
1242 1178 1371 1244 μήτ’
1406 1178 1666 1247 ἀφαιρεῖν
1700 1175 1793 1230 τοῦ
1828 1179 1975 1246 Συμο

394 1258 551 1317 ϐόλου
580 1260 928 1331 διορισμοὺς,
962 1266 1230 1337 ἐπήρειαν
1278 1268 1455 1331 ἄλλως
1485 1269 1644 1333 ὁντας
1683 1271 1757 1332 ὡς
1786 1270 1839 1323 οῖ
1889 1271 1976 1325 λέ-

396 1368 587 1418 γοντες
635 1355 837 1420 αὐτοὺς
884 1358 1294 1428 ἐπιλαμϐάνουσι
1320 1404 1336 1426 ,
1370 1365 1465 1417 κει)⁸
1499 1365 1663 1434 χάριν
1705 1365 1798 1419 τοῦ
1846 1381 1977 1430 συγ-

395 1443 695 1499 καλύπτειν
726 1449 825 1517 τὴν
856 1449 923 1503 ἐκ
956 1454 1054 1523 τῆς
1090 1452 1427 1521 φιλονεικίας
1453 1457 1721 1525 αἰσχύνην
1749 1458 1974 1529 ἑξευρηυ

395 1535 635 1605 μένους;
682 1542 729 1592 εί
768 1542 867 1611 μὲν
904 1542 1010 1614 γὰρ
1054 1544 1209 1599 ἔσται
1243 1564 1297 1599 τι
1346 1548 1533 1603 πεῖθον
1565 1549 1839 1619 Γραικοὺς
1875 1551 1976 1621 τὴν

392 1626 502 1680 τῶν
534 1630 778 1685 Λατίνων
818 1635 1216 1689 ἁπαναίνεσθαι
1269 1638 1449 1704 δόξαν,
1485 1639 1581 1709 καὶ
1619 1641 1973 1709 προστιθέναι

2078 447 2293 503 mentite
2326 462 2547 516 quoque
2591 449 2800 503 crimen
2848 467 2953 503 non
2985 450 3170 519 eflugit
3200 469 3212 503 :
3243 459 3295 500 ut
3330 449 3401 501 illi
3434 450 3649 516 quidem

2082 535 2295 589 nullum
2326 544 2417 590 est
2473 535 2794 604 adjunctum
2830 538 3156 606 perieulum,
3202 520 3298 602 per
3332 538 3437 591 huc
3470 548 3649 591 autem

2078 641 2301 682 necesse
2328 636 2411 682 est
2433 643 2647 683 summa
2682 646 2903 699 quoque
2935 630 3013 683 rei
3050 631 3408 697 periclitetur.

2146 718 2282 773 Cum
2310 735 2440 789 ergo
2465 721 2896 777 demonstratum
2923 722 2991 777 sit
3026 737 3121 787 per
3152 736 3214 775 ea
3246 738 3318 789 qu
3339 738 3368 771 ετ
3395 720 3652 783 «ιίκῗιιιιις,

2078 817 2371 880 utrumque
2421 811 2527 866 hoc
2580 811 3072 879 impedimentum.
3127 826 3248 877 quat
3316 812 3528 877 pondus
3554 812 3654 864 alt.

2077 904 2221 973 quod
2276 904 2476 959 habere
2527 905 2804 968 videntur,
2868 903 3010 959 nihil
3060 906 3552 973 obstare:reliqua
3584 919 3651 957 ue

2070 994 2519 1051 consideratione
2573 996 2796 1067 quidem
2850 997 2962 1052 ulla
3009 1004 3137 1052 sunt
3187 997 3374 1066 digna,
3405 1012 3524 1065 qua:
3552 995 3649 1049 fri-

2075 1088 2198 1144 vola
2268 1103 2392 1144 esse
2450 1089 2863 1160 deprehendere
2903 1089 3109 1159 poterit
3136 1103 3166 1143 e
3194 1088 3495 1157 longinquo
3528 1087 3650 1155 qui-

2074 1195 2295 1250 cunque
2344 1181 2599 1238 voluerit.
2636 1180 2693 1235 ln
2728 1181 2919 1251 primis
2941 1181 3090 1237 enim
3125 1180 3252 1249 quis
3287 1181 3520 1245 ignorat.
3552 1180 3653 1231 dc-

2072 1280 2293 1325 eantata
2348 1270 2438 1324 illa
2503 1271 2747 1337 decreta,
2783 1271 2931 1341 quod
2967 1272 3104 1325 nihil
3156 1271 3209 1325 in
3250 1269 3518 1340 Symbolo
3558 1277 3653 1321 aut

2074 1360 2296 1421 addere.
2326 1370 2423 1416 aut
2443 1361 2663 1417 demere
2692 1361 2876 1428 liceat,
2900 1362 3053 1431 juxta
3078 1376 3301 1417 sensum
3332 1374 3521 1412 eorum
3555 1358 3650 1427 qui

2076 1454 2346 1522 objiciunt
2400 1469 2526 1509 esse
2583 1455 2742 1526 plane
2796 1456 3125 1519 calumnias,
3170 1454 3236 1508 ad
3289 1451 3649 1522 obtegendam

2076 1546 2448 1602 contentionis
2478 1548 2834 1617 ignominiam
2873 1547 3200 1603 adiuventas
3234 1546 3258 1599 ἲ
3285 1543 3419 1598 Nam
3451 1543 3497 1597 si
3522 1542 3654 1610 quid

2078 1641 2182 1696 εει.
2221 1632 2364 1698 000d
2417 1635 2742 1703 persuadeat
2785 1634 3015 1699 Gracis,
3044 1645 3103 1689 ut
3144 1642 3405 1703 respuant
3438 1642 3659 1687 sentem

392 1718 766 1793 τῴΣυμϐόὶῳ
812 1724 1016 1793 ταύτην
1042 1701 1530 1793 ἀπαξιοῦνξᾶλλος
1561 1731 1627 1784 ἂν
1665 1701 1752 1802 εἴη
1790 1732 1969 1799 λόγος’

2089 1724 2208 1778 liam
2251 1701 2571 1780 Latinorum
2599 1767 2613 1792 ,
2654 1727 3055 1796 prohibentque
3088 1701 3247 1781 illam
3268 1724 3531 1795 Symbolo
3557 1722 3658 1778 ad-

394 1812 489 1866 καὶ⁵
519 1813 617 1881 τὴν
641 1814 740 1882 τῆς
772 1816 993 1870 συνόδου
1033 1817 1214 1888 ψῆφον
1250 1821 1467 1890 ἐκείνην
1506 1820 1678 1888 ὑγιῶς
1709 1822 1972 1887 νοοῦντας

393 1903 566 1967 οὐδεὶς
595 1906 934 1963 ἱιίτιάσεται.
967 1909 1124 1964 Κατὰ
1150 1911 1280 1981 ’γὰρ
1320 1911 1428 1966 τῶν
1490 1913 1818 1983 ὁφαιρέσεσί
1862 1931 1973 1969 τισι

397 1996 488 2046 καὶ
526 1997 871 2068 προσθήκαις
919 2000 1019 2071 τὴν
1063 2002 1246 2056 πίστιν
1285 2003 1729 2075 λυμαινομένων,
1762 2005 1858 2057 καὶ
1890 2006 1974 2058 νόν

396 2086 487 2139 θον
517 2090 850 2157 εἰσαγόντων
894 2091 1197 2162 θεολογίαν,
1246 2095 1595 2164 ἐξενήνεκται
1626 2097 1729 2169 τὴν
1769 2097 1970 2167 ἀρχήνο

394 2178 459 2249 ἢν
501 2179 877 2248 αἰδουμένους,
926 2184 1126 2249 αὐτούς
1174 2202 1234 2239 τε
1280 2185 1414 2255 μηδὲ
1458 2184 1698 2240 τοιοῦτον
1731 2186 1972 2256 τολμᾷν.

394 2270 493 2323 καὶ
522 2272 634 2335 τοῖς
655 2273 1021 2343 τετολμηκόσι
1072 2276 1147 2347 μὴ
1180 2278 1458 2347 κοινωνεῖν
1482 2278 1643 2345 φαῖεν
1690 2276 1757 2331 ἂν
1796 2278 1975 2331 ἀπαν-

394 2378 508 2423 τες.
557 2365 654 2418 Ἀν
692 2364 749 2418 δὲ
806 2367 1119 2421 τούναντίον
1177 2346 1379 2439 μᾶλλον
1442 2370 1824 2441 ἀληθεστάτην
1878 2370 1975 2424 καὶ

396 2455 505 2516 τοῖς
550 2455 649 2526 τῆς
680 2457 917 2523 πίστεως
964 2459 1241 2530 θεμελίοις
1279 2461 1485 2529 σφόδρα
1542 2462 1974 2531 συμϐαίνουσαν,

396 2547 636 2611 καὶτοῖς
683 2548 863 2618 ἁγίοις
915 2550 1181 2607 δοκοῦσαν
1233 2553 1335 2622 τὴν
1387 2552 1545 2618 δόξαν
1585 2555 1791 2624 ταύτην
1834 2552 1975 2609 εἶναι

399 2639 688 2702 πεισθῶσι,
718 2643 946 2712 μάταιος
976 2646 1009 2715 ή
1044 2645 1180 2715 πρὸς
1208 2647 1391 2699 ἐκεῖνα
1422 2647 1739 2717 καταφυγή’
1771 2647 1833 2700 οὐ
1865 2642 1976 2716 γὰρ

398 2730 616 2800 λέγουσι
642 2733 739 2803 τὴν
760 2735 870 2788 τῶν
897 2736 1160 2808 Πατέρων
1187 2737 1613 2810 διαστρέφοντες
1642 2738 1848 2808 ψῆφον,
1869 2740 1975 2804 ἕως

403 2826 468 2880 ἂν
487 2827 686 2880 ἐκεῖνοι
714 2826 773 2881 τὸ
794 2828 991 2896 ψεῦδος
1022 2833 1514 2899 προαναιροῦντες,
1537 2834 1599 2885 οὐ
1623 2831 1724 2895 τὰς
1754 2831 1976 2902 ἀληθεῖς

401 2917 758 2984 ἐκϐάλλοντες
790 2920 969 2987 δόξας,
1005 2922 1211 2993 ταύτην
1234 2924 1557 2996 ἐξήνεγκαν.
1598 2925 1726 2988 Τοῖς
1748 2926 1857 2995 γὰρ
1883 2923 1977 2977 ἀλα

2074 1814 2225 1879 dere,
2262 1815 2369 1869 alia
2404 1831 2490 1871 res
2513 1826 2639 1872 est:
2680 1829 2731 1872 et
2774 1833 2931 1872 nemo
2970 1818 3251 1875 decretum
3294 1816 3425 1871 illud
3460 1814 3654 1885 synodi

2075 1924 2209 1963 sane
2260 1909 2625 1978 intelligentes
2682 1910 2988 1979 culpaverit
3019 1926 3033 1962 :
3076 1910 3246 1965 latum
3275 1908 3480 1978 quippe
3509 1914 3595 1961 est
3626 1921 3656 1960 a

2075 2000 2346 2069 principio
2385 2001 2437 2053 in
2472 2016 2568 2055 eos
2590 2042 2605 2066 ,
2659 2001 2753 2069 qui
2784 2000 3220 2059 detractionibus
3255 2010 3418 2066 atque
3444 1991 3656 2054 addita-

2078 2091 2279 2146 mentis
2330 2091 2660 2158 quibusdam
2718 2093 2882 2147 fidem
2936 2093 3278 2162 depravant.
3337 2100 3393 2146 et
3444 2090 3656 2144 adulte-

2077 2179 2260 2234 rinam
2302 2180 2570 2234 invehunt
2603 2180 2933 2251 theologiam
2966 2196 2983 2234 :
3026 2180 3190 2249 cujus
3220 2178 3526 2233 reverentia
3552 2191 3653 2231 nec

2078 2270 2181 2326 sibi
2228 2272 2338 2328 tale
2395 2272 2673 2342 quidpiam
2707 2272 3021 2327 audendum
3050 2315 3065 2334 ,
3102 2286 3202 2325 nec
3228 2271 3274 2325 si
3304 2270 3395 2340 qui
3437 2271 3647 2334 ausint,

2079 2364 2453 2420 admittendos
2494 2379 2619 2420 esse
2669 2364 2734 2416 ad
2784 2361 3256 2424 communionem,
3290 2374 3481 2414 omnes
3510 2358 3654 2412 δαιτ-

2079 2458 2371 2513 maverint.
2400 2454 2553 2523 Quod
2593 2458 2637 2511 si
2678 2457 2858 2525 potius
2886 2471 2918 2512 e
2941 2456 3220 2511 contrario
3258 2454 3651 2522 persuadeatur

2080 2548 2212 2613 illis,
2266 2550 2597 2604 sententiam
2661 2548 2809 2602 illam
2862 2562 2987 2602 esse
3036 2547 3402 2611 verissimam,
3438 2556 3491 2598 et
3526 2561 3650 2598 cum

2080 2627 2455 2696 fundamentis
2511 2639 2633 2697 ﬁdei
2691 2639 2845 2693 valde
2903 2646 3331 2709 congruentem,
3364 2645 3417 2690 et
3448 2635 3653 2691 sanctis

2079 2731 2365 2800 probatam
2394 2751 2409 2786 :
2440 2732 2607 2786 inane
2639 2740 2723 2786 cst
2757 2730 2825 2786 ad
2862 2730 2950 2784 illa
2985 2730 3254 2800 refugium
3289 2746 3304 2784 :
3337 2729 3469 2783 nihil
3508 2728 3653 2783 enim

2080 2823 2267 2878 dicunt
2297 2840 2547 2893 perverse
2576 2823 2926 2893 intelligendo
2953 2824 3230 2877 decretum
3263 2822 3507 2881 Patrum,
3536 2835 3656 2873 cum

2082 2913 2186 2969 hoc
2222 2915 2300 2969 illi
2330 2914 2627 2980 ediderint,
2658 2926 2717 2970 ut
2755 2915 3038 2968 mendacio
3074 2915 3214 2966 viam
3244 2911 3660 2977 prmcluderent,

397 3010 496 3080 λην
524 3012 710 3067 πίστιν
739 3015 1158 3084 συγγράφουσιν
1184 3015 1492 3080 ἀπειλοῦσι,
1523 3016 1616 3072 καὶ
1639 3017 1764 3080 τοὺς
1794 3015 1979 3071 ὁτιοῦν

2089 3021 2194 3060 non
2227 3016 2284 3060 ut
2311 3022 2468 3061 veras
2521 3007 2824 3063 sententias
2859 3005 3207 3058 eliminarent
3243 3042 3257 3063 ,
3290 3004 3472 3056 minas
3513 3002 3658 3054 enim

398 3105 507 3158 τῶν
540 3104 991 3176 ὡμολογημένων
1016 3109 1360 3179 προσθήκαις
1392 3109 1535 3161 τισὶν
1573 3108 1848 3172 ἐναντίαις
1877 3108 1973 3162 καὶ

400 3196 659 3267 ὕφαιρέσε
668 3213 721 3251 σι
739 3199 986 3273 δολεραῖς
998 3200 1332 3271 ἀνατρέπειν
1349 3199 1782 3271 βουλησομένους
1799 3201 1979 3272 ἀνείρ-

404 3306 614 3357 γουσιν.
647 3292 815 3346 ’Ὥστε
845 3292 989 3346 καθὰ
1019 3294 1291 3364 προσήκει
1322 3294 1625 3365 νοουμένης
1650 3295 1748 3365 τῆς
1766 3295 1976 3363 ψήφου.

404 3379 527 3435 οὔτε
548 3382 770 3439 Λατῖνοι
797 3382 1035 3454 τάληθὲς
1062 3384 1453 3455 προστιθέντες
1483 3385 1786 3453 ἑγκαλοῖντ⁹
1810 3387 1876 3441 ἂν
1906 3387 1983 3442 δι’

404 3476 599 3538 καίως,
625 3478 715 3529 καὶ
739 3477 1011 3547 Γραικοὺς
1040 3478 1475 3546 συμφωνοῦντας
1508 3478 1606 3549 μὲν
1625 3478 1782 3533 οὐδὲν
1803 3480 1987 3550 ἀμαρ·

405 3566 613 3629 τάνειν.
656 3566 784 3620 ἄλλο
829 3566 887 3620 δέ
936 3583 989 3619 τι
1042 3565 1307 3634 λέγοντας
1359 3567 1689 3636 ἐπηρεάζειν
1723 3568 1984 3638 ἄντικρυς

408 3656 677 3710 λείπεται.
715 3657 949 3711 Ἔπειτα
978 3657 1024 3710 εί
1054 3659 1150 3711 καὶ
1179 3656 1431 3720 Λατίνοις
1462 3658 1699 3728 μόνοιςῆ
1732 3658 1987 3728 Γραικοῖς

408 3749 653 3802 Λατίνων
694 3750 864 3820 χωρὶς
894 3749 995 3802 οὐκ
1032 3749 1216 3815 ἔξεστι
1252 3750 1351 3803 καὶ
1391 3746 1573 3802 ὁτιοῦν
1607 3749 1985 3819 προστιθέναι,

412 3839 547 3894 ἀλλά
579 3857 642 3907 γε
692 3840 792 3910 τὴν
828 3840 1213 3912 οίκουμενικὴν
1261 3840 1479 3894 σύνοδον
1524 3841 1699 3904 οὐδεὶς
1738 3822 1893 3894 τουτὶ
1929 3842 1991 3894 τὸ

2084 3098 2137 3152 in
2176 3114 2272 3153 eos
2306 3098 2538 3164 iactant,
2562 3099 2656 3168 qui
2692 3098 2852 3152 aliam
2882 3098 3041 3152 fidem
3077 3095 3429 3150 conscribunt
3460 3113 3473 3148 :
3510 3104 3559 3153 et
3592 3094 3658 3147 iis

2082 3190 2280 3246 tollunt
2313 3190 2627 3246 facultatem
2682 3192 2773 3261 qui
2803 3190 3112 3259 adjiciendo
3131 3189 3260 3254 quid
3299 3185 3660 3248 contrarium,

2081 3292 2135 3338 et
2165 3283 2388 3338 subdole
2412 3281 2708 3337 auferendo
2733 3282 3013 3352 quodlibet
3035 3297 3097 3335 ex
3123 3278 3389 3335 confessis
3412 3285 3661 3333 evertere

2083 3373 2573 3440 voluerimuQuare
2593 3375 2638 3429 si
2667 3375 2941 3428 decretum
2981 3372 3401 3441 intelligaturita
3434 3376 3493 3424 ut
3507 3384 3666 3438 opor-

2088 3473 2187 3529 tet,
2222 3481 2399 3535 neque
2422 3463 2602 3520 Latini
2633 3465 2881 3535 culpandi
2920 3473 3067 3531 sunt,
3092 3468 3135 3520 si
3180 3464 3496 3533 adjecerunt
3522 3462 3666 3531 quod

2088 3575 2275 3614 verum
2303 3566 2410 3623 est,
2430 3572 2609 3628 neque
2638 3557 2855 3615 Graecos
2882 3572 3066 3612 errare
3100 3557 3418 3617 dicendum,
3452 3555 3497 3609 si
3531 3570 3665 3607 con-

2089 3648 2362 3704 senserint
2396 3668 2409 3704 :
2438 3650 2678 3719 alioquin
2699 3659 2889 3711 restat,
2922 3657 2980 3702 ut
3005 3648 3150 3702 aliud
3183 3648 3429 3701 dicentes
3454 3647 3665 3702 calum-

2090 3744 2210 3795 nias
2273 3750 2419 3797 certe
2468 3750 2709 3800 struant.
2781 3740 2985 3798 Deinde
3037 3741 3081 3797 si
3144 3740 3355 3795 Latinis
3384 3739 3538 3801 solis.
3567 3747 3662 3792 aut

2093 3833 2299 3889 Grazcis
2327 3836 2533 3903 absque
2571 3835 2778 3889 Latinis
2817 3850 2922 3889 non
2950 3836 3075 3890 licet
3112 3835 3311 3888 addere
3350 3833 3660 3901 quidlibet;

415 3935 585 4003 γέρας
631 3934 937 4003 ἀφελέσθαι
983 3933 1317 4003 δυνήσεταιο
1366 3933 1490 3987 ἐπεὶ
1529 3933 1626 3987 καὶ
1673 3931 1772 3997 τὰς
1821 3932 1985 3996 ἄλλας

2095 3938 2151 3983 at
2190 3929 2545 3984 mcumenicm
2594 3929 2805 3999 synodo
2855 3930 3116 3983 honorem
3160 3927 3313 3989 hunc
3358 3940 3515 3979 nemo
3569 3939 3669 3992 po-

416 4026 669 4088 συνόδους
695 4026 1037 4096 προσθήκαις
1062 4028 1174 4079 τισὶ
1203 4026 1302 4096 τὴν
1329 4024 1595 4096 ἀληθινὴν
1629 4024 1985 4088 ἀναδειξάσας

2098 4022 2225 4079 terit
2283 4034 2521 4088 negare:
2575 4034 2698 4072 nam
2751 4027 2807 4072 et
2836 4018 2970 4071 alias
3001 4017 3242 4087 synodos
3272 4014 3669 4085 adjectiouibus

416 4118 636 4190 οῖδαμεν
662 4119 846 4173 πίστιν
870 4136 886 4152 ’
918 4119 1013 4173 καὶ
1051 4120 1081 4172 ὁ
1119 4119 1218 4188 τῆς
1258 4117 1582 4189 προσθήκης
1616 4115 1985 4186 καταψηφιζό-

2099 4108 2430 4178 quibusdam
2480 4108 2689 4163 scimus
2748 4123 2931 4161 veram
2994 4106 3303 4161 declarasse
3362 4105 3544 4168 (idem,
3609 4117 3665 4158 ct

423 4230 580 4283 μενος
611 4216 757 4287 ὄρος,
794 4215 861 4285 ἢν
904 4212 973 4268 ἄν
1001 4231 1086 4277 τις
1125 4208 1207 4274 εἷς
1238 4212 1315 4267 ὣν
1348 4214 1443 4268 καὶ
1470 4212 1628 4279 δόξαν
1664 4211 1803 4265 ίδίαν
1831 4210 1985 4279 δημο·

2100 4203 2382 4256 decretum
2411 4240 2425 4263 ,
2461 4214 2569 4270 quo
2620 4200 2942 4269 reprobatur
2972 4198 3421 4263 additamentum,
3457 4200 3527 4252 ita
3573 4199 3675 4253 hr'c

424 4309 620 4363 σιεὺων
654 4309 966 4379 ποιήσαιτο,
990 4307 1091 4378 οὐχ
1119 4306 1189 4377 ἢν
1223 4306 1289 4360 ἂν
1322 4305 1541 4368 σύνοδος
1582 4305 1679 4375 ὂλη
1709 4302 1985 4373 βουληθείι

2105 4291 2369 4356 excludit,
2424 4290 2469 4344 si
2519 4290 2587 4343 ab
2618 4305 2730 4344 uno
2753 4291 3010 4359 quopiam
3045 4290 3134 4343 fiat
3169 4290 3439 4358 propriam
3494 4290 3674 4344 divul-

423 4374 780 4470 προσθεῖναι,
828 4374 1351 4469 ταύτην-νὲλξαῦνειο
1408 4374 1673 4466 οὐδαμοῦ
1716 4397 1827 4466 γὰρ
1883 4398 1985 4449 ἐκεῖ

2105 4394 2264 4453 gante
2296 4383 2651 4443 sententiam,
2681 4398 2786 4435 non
2822 4383 2864 4436 si
2895 4390 3003 4435 tota
3041 4381 3281 4452 synodus
3314 4381 3546 4435 voluerit
3574 4381 3675 4434 ad-

427 4494 647 4547 συνὸδου
690 4493 903 4562 γίνεται
937 4493 1149 4564 μνήμη,
1180 4490 1317 4543 ἀλλά
1349 4488 1541 4559 μηδενί
1581 4505 1746 4557 φησιν
1776 4486 1985 4552 ἐξεῖναι.

2105 4475 2237 4529 dere
2261 4514 2275 4537 ,
2322 4475 2467 4527 nulla
2499 4477 2643 4528 enim
2681 4475 2733 4527 in
2771 4489 2836 4527 eo
2870 4472 2929 4526 lit
2949 4475 3140 4545 synodi
3178 4473 3405 4538 mentio,
3438 4472 3533 4527 scd
3571 4488 3671 4528 nc-

427 4588 534 4641 Καὶ
571 4586 679 4658 μὴν
706 4587 743 4641 ἃ
767 4586 968 4640 κωλύει
994 4583 1298 4648 πιστεύειν,
1318 4580 1490 4636 ταῦτα
1526 4582 1622 4636 καὶ
1652 4579 1985 4664 προστιθένα⁶

2107 4567 2240 4622 mini
2271 4609 2285 4631 ,
2322 4566 2540 4637 inquit,
2571 4567 2751 4621 liceat.
2778 4566 3045 4621 Praeterea
3076 4582 3195 4635 qua:
3225 4565 3476 4635 prohibet
3505 4564 3674 4627 credi,

424 4678 501 4749 τῷ
544 4678 810 4750 Συμϐόλῳ
840 4677 940 4744 τῆς
987 4676 1226 4735 πίστεως
1274 4674 1376 4726 οὐκ
1408 4674 1471 4743 ἑᾷ
1496 4688 1512 4704 ο
1543 4670 1718 4725 ταῦτα
1753 4670 1810 4723 δὲ
1857 4670 2004 4722 ἔστιν

424 4773 602 4825 ὁπόσα
654 4770 767 4832 τοῖς
830 4767 1090 4837 ἀληθέσιν
1142 4763 1512 4831 ἐναντιοῦται,
1558 4764 1653 4816 καὶ
1699 4763 1812 4823 τοῖς
1869 4760 2007 4829 μετά

430 4862 659 4924 πολλοὺς
690 4860 911 4928 ἀγῶνας
956 4861 1363 4929 κεκρατηκόσιν
1410 4855 1470 4908 οὐ
1510 4856 1815 4924 συμφωνεῖ.
1852 4853 1916 4904 *Α
1949 4851 2006 4903 δὲ

432 4954 717 5010 πιστεύειν
756 4952 959 5016 ἔξεστι,
987 4949 1165 5003 ταῦτα
1214 4948 1309 5003 καῖ
1340 4945 1623 5016 ὁμολογεῖν
1655 4947 2009 5013 συγκεχώρη-

429 5066 560 5105 ται·
598 5049 700 5119 τὴν
735 5048 841 5117 γάρ
866 5045 959 5100 τοῦ
981 5044 1264 5113 Συμϐόλου
1303 5040 1572 5111 δήπουθεν
1594 5038 1908 5107 ὁμολογίαν,
1950 5039 2010 5090 τὸ

436 5142 511 5212 μὴ
536 5140 647 5193 δεῖν
669 5139 957 5192 λανθάνειν
998 5135 1175 5198 ἐνίους
1211 5134 1343 5204 περὶ
1388 5135 1489 5201 τὴν
1536 5131 1722 5185 πίστιν
1751 5128 2013 5198 διεφθαρ-

437 5232 652 5299 μένους,
685 5230 991 5298 ἀναγκαίαν
1024 5225 1328 5297 πεποίηκεν
1353 5240 1368 5256 ο
1405 5224 1473 5295 ἢν
1499 5222 1695 5291 ἐφόσον
1724 5222 1834 5282 τοῖς
1863 5222 2012 5273 ἀκιν-

436 5323 609 5385 δύνως
639 5321 1058 5392 πιστευομένοις
1091 5316 1489 5390 συμφωνοῦσαν
1517 5312 1742 5383 ποιῆταί
1775 5329 1882 5377 τις,
1913 5311 2013 5364 οὐκ

439 5414 505 5467 ἂν
560 5410 787 5475 δικαίως
843 5409 1122 5480 νομίζοιτο
1177 5407 1619 5479 παραϐλάπτειν.
1686 5402 1896 5465 Ἄλλως
1956 5402 2013 5455 δὲ

440 5507 531 5559 καὶ
564 5504 1025 5573 καταψευσόμεθα
1056 5504 1149 5557 τοῦ
1190 5502 1471 5572 Συμϐόλου
1504 5501 1605 5570 τῆς
1634 5499 1896 5561 πίστεως,
1921 5496 2017 5549 καὶ

443 5597 621 5663 μάτην
649 5594 1078 5664 ἀναγνωσόμεθα
1108 5592 1285 5657 τοῦτο,
1312 5590 1412 5660 τῆς
1444 5590 1502 5658 ἐξ
1533 5588 1697 5643 αὐτοῦ
1725 5587 2015 5656 γινομένης

447 5685 745 5756 ἀσφαλείας
794 5687 897 5758 ήδη
949 5686 1367 5758 πεπατημένης.
1395 5682 1535 5739 Οῠτε
1582 5682 1689 5752 γὰρ
1743 5678 2015 5749 Σύμϐολον

2108 4675 2170 4715 ea
2211 4676 2434 4731 quoque
2484 4675 2595 4716 non
2650 4659 2919 4729 permittit
2956 4658 3081 4712 addi
3126 4656 3388 4729 Symbolo
3425 4658 3589 4712 fidei:
3617 4672 3680 4710 ea

2110 4768 2239 4807 vero
2275 4761 2428 4816 sunt,
2461 4767 2583 4821 qua:
2606 4750 2820 4806 veritati
2853 4751 3230 4811 adversantur.
3264 4760 3317 4805 et
3346 4766 3452 4804 non
3484 4766 3682 4807 consu—

2111 4856 2243 4901 nant
2290 4846 2358 4901 iis
2414 4861 2536 4915 quae
2596 4852 2716 4913 post
2783 4844 2985 4898 multus
3031 4844 3247 4898 labores
3283 4854 3497 4912 recepta
3532 4852 3681 4895 sunt.

2112 4939 2244 5004 Quae
2275 4951 2440 5007 porro
2474 4935 2604 4990 licet
2638 4935 2884 4997 credere,
2913 4934 3070 4988 fateri
3100 4949 3318 5004 quoque
3348 4935 3678 5002 permissum

2112 5040 2216 5084 ιιι.
2264 5026 2509 5098 Symboli
2542 5026 2689 5081 enim
2724 5024 3121 5081 confessionem
3164 5026 3292 5080 illud
3324 5024 3450 5078 fecit
3484 5038 3677 5077 net-cs-

2114 5120 2342 5180 sariam,
2402 5116 2565 5194 quod
2617 5130 2725 5170 non
2761 5125 3009 5184 oporteat
3041 5114 3209 5169 latere
3238 5114 3452 5179 aliquos
3489 5111 3542 5164 in
3579 5110 3683 5164 fide

2114 5217 2430 5279 corruptos,
2458 5222 2622 5278 quam
2664 5221 2823 5265 nemo
2863 5206 3058 5261 laedere
3077 5205 3202 5274 jure
3230 5201 3542 5257 censendus
3576 5210 3682 5264 est,

2115 5305 2244 5358 dum
2301 5303 2448 5357 illam
2509 5309 2732 5372 pratstat
2781 5301 2847 5353 iis
2913 5296 3384 5355 consentientem,
3414 5308 3536 5360 qua:
3568 5293 3689 5357 sine.

2118 5395 2361 5468 periculo
2393 5392 2713 5449 creduntur.
2748 5389 3003 5458 Alioquin
3034 5386 3155 5440 fidei
3187 5384 3506 5456 Symbolum
3545 5382 3705 5437 lalso’

2110 5474 2515 5561 appellabimus
2562 5484 2787 5539 nomine
2816 5519 2831 5544 ,
2865 5491 2918 5533 et
2942 5480 3142 5532 frustra
3168 5476 3298 5531 illud
3334 5474 3687 5529 recitabitnus

2121 5585 2436 5655 proculcata
2484 5579 2597 5649 jam
2655 5578 2769 5636 illa,
2821 5590 2942 5643 quae
2968 5588 3029 5627 ex
3072 5587 3138 5626 eo
3175 5572 3442 5641 provenit,
3470 5570 3686 5624 lttrsit-a.

2124 5678 2291 5734 tionis
2331 5674 2673 5731 liberatione.
2710 5668 2897 5739 Neque
2929 5667 3074 5721 enim
3102 5666 3205 5719 erit
3247 5663 3481 5731 amplius
3522 5661 3688 5726 Sym-
