3948 6186
431 307 502 370 79

1486 297 1878 361 GENNADII
1919 297 2032 357 (ΞΡ.

2084 296 2309 356 PATRl
2336 296 2599 357 \RCH/B
3548 286 3661 351 480

399 426 579 481 gasse,
618 423 852 479 quorum
888 408 1159 478 pmcipue
1184 407 1273 462 illa
1304 422 1442 478 opus
1474 408 1767 462 exstiterit.
1790 403 1977 474 Neque
2006 455 2008 460 λ

2121 405 2236 470 μῶν
2293 405 2393 473 τὴν
2442 406 2666 475 εἰρήνην
2718 404 3122 463 άναόαλέσθαι.
3178 395 3253 455 ὧν
3312 400 3530 471 μάλιστ’
3591 403 3663 456 ἃν

401 504 544 558 enim
578 511 792 556 vestras
823 502 889 556 de
923 516 1054 571 pace
1111 502 1468 570 cogitationes
1524 500 1677 555 tollet
1728 496 1973 555 certandi

400 593 667 655 studium,
698 608 877 661 neque
916 606 1185 661 apparens
1220 589 1588 660 discrepantia
1626 604 1722 643 vos
1789 588 1976 641 turba-

400 683 500 744 bit.
535 690 591 736 ut
619 698 810 737 earum
872 698 993 752 qua:
1021 683 1281 751 utrinque
1334 691 1464 735 sunt
1495 680 1809 750 suspicione
1840 676 1977 732 ditii-

406 776 671 829 cultatum
707 783 760 830 et
794 775 1187 842 periculorum,
1223 773 1575 829 temerarium
1600 788 1723 828 esse
1777 772 1843 825 de
1896 771 1979 827 his

404 866 608 934 aliquid
644 866 995 934 pronuntiare
1026 865 1371 919 existimetis.
1398 865 1579 941 Quare
1610 881 1675 917 ex
1718 864 1817 917 hoc
1846 873 1980 917 tem-

406 960 559 1028 poris
600 958 860 1012 beneﬂcio
891 955 949 1010 lit
977 957 1149 1022 vobis,
1179 966 1236 1010 ut
1265 958 1562 1028 perfectum
1613 955 1981 1025 iudicantium

413 1051 707 1105 obtineatis
730 1060 955 1112 statum,
993 1066 1116 1103 cum
1156 1051 1375 1105 labores
1395 1050 1486 1104 alii
1523 1050 1770 1105 studiose
1793 1065 1981 1103 susce-

409 1142 610 1210 perint,
646 1151 698 1196 et
731 1152 964 1197 vestram
997 1144 1190 1207 solam,
1229 1151 1288 1195 ut
1328 1143 1401 1196 ita
1436 1141 1636 1205 dicam,
1668 1151 1986 1211 exspectent

412 1232 762 1296 sententiam,
790 1248 949 1299 quam
987 1233 1128 1287 l'erre
1162 1233 1315 1286 vobis
1339 1246 1446 1285 non
1506 1231 1609 1286 erit
1644 1232 1797 1285 valde
1836 1231 1984 1284 labo-

412 1324 644 1377 riosum.
671 1324 901 1394 Oportet
947 1324 1118 1389 igitur
1174 1339 1269 1379 vos
1326 1324 1547 1393 quidem
1616 1323 1900 1379 continere
1957 1339 1984 1376 a

413 1416 628 1485 probris
657 1425 711 1470 et
740 1415 1104 1482 contumeliis,
1137 1425 1191 1471 et
1220 1415 1559 1485 argumentis
1617 1415 1682 1469 ad
1747 1416 1988 1470 absurda

412 1508 827 1569 deducentibus,
862 1518 914 1562 et
972 1507 1182 1561 caeteris
1231 1507 1508 1573 omnibus,
1559 1522 1679 1577 quae
1732 1506 1990 1562 diuturna

413 1601 539 1655 tulit
562 1601 857 1664 discordia,
891 1601 1097 1671 primos
1127 1610 1307 1654 autem
1345 1616 1531 1654 eorum
1559 1600 1877 1654 inventuros
1904 1614 1991 1653 ar-

417 1708 602 1764 guere,
637 1694 747 1748 imo
780 1708 908 1749 vero
944 1694 1179 1763 benigne
1210 1694 1319 1747 illis
1360 1693 1572 1747 veniam
1604 1693 1760 1757 dare,
1787 1704 1838 1746 et
1873 1692 1991 1746 solo

421 1788 683 1857 temporis
711 1787 785 1841 uti
823 1786 1108 1851 beneficio,
1138 1795 1193 1841 et
1220 1794 1442 1857 propter
1503 1786 1604 1840 hoc
1669 1800 1833 1838 unum
1889 1782 1995 1837 illis

419 1879 735 1933 hominibus
775 1894 936 1948 agere
969 1880 1197 1948 gratias,
1224 1877 1539 1946 quicunque
1562 1875 1705 1945 apud
1738 1887 1996 1942 utrosque

422 1970 660 2025 laborem
688 1972 832 2024 hunc
861 1970 1172 2033 subierunt,
1200 1984 1297 2023 nec
1325 1969 1447 2038 plus
1479 1968 1588 2023 illis
1639 1967 1879 2022 tribuere
1901 1982 1997 2021 au-

420 2064 715 2129 ctoritatis,
747 2076 908 2132 quam
940 2061 1197 2131 congruit
1220 2060 1561 2131 litigantibus
1594 2078 1609 2114 :
1646 2075 1821 2128 neque
1848 2059 1995 2127 enim

423 2156 666 2211 veritatis
698 2155 889 2211 arbitri
924 2165 977 2210 et
1002 2155 1215 2225 iudices
1256 2154 1411 2208 fuere
1436 2153 1512 2208 illi
1563 2152 1847 2206 hominum
1902 2166 1999 2219 ge-

425 2250 560 2312 neri,
595 2259 651 2303 ut
672 2248 804 2304 estis
829 2264 950 2316 vos,
986 2256 1210 2319 propter
1237 2247 1381 2318 quod
1411 2247 1481 2302 sit
1508 2247 1618 2301 illis
1679 2245 2001 2301 tribuendus

423 2341 601 2395 honor
625 2341 919 2403 maximus,
949 2348 1003 2394 ct
1032 2352 1147 2395 rata
1181 2340 1428 2395 habenda
1465 2355 1586 2408 qua:
1635 2338 1823 2395 dicunt
1856 2356 1870 2394 :
1905 2338 2000 2392 sed

422 2447 577 2486 suam
613 2432 1071 2501 quisque'partem
1104 2440 1311 2485 tutatus
1369 2440 1478 2494 est,
1536 2440 1590 2484 et
1633 2445 1730 2499 pro
1793 2430 2001 2483 viribus

423 2523 571 2578 illam
610 2522 870 2588 defendit,
909 2538 1073 2591 quant
1112 2522 1252 2577 bene
1298 2537 1428 2576 vero
1476 2522 1696 2585 dixerit,
1749 2520 2005 2589 judican-

426 2615 556 2669 dum
593 2613 931 2682 reliquerunt
959 2613 1288 2677 sententiam
1319 2612 1385 2667 de
1411 2612 1576 2667 rebus
1610 2613 1759 2667 hisce
1784 2613 2000 2668 laturis.
2038 2651 2041 2653 -

427 2706 497 2762 Et
529 2721 627 2776 pro
659 2706 725 2760 iis
751 2705 992 2775 quidem,
1026 2722 1148 2777 qua:
1180 2707 1316 2760 bene
1346 2700 1476 2760 sunt
1510 2706 1578 2759 ab
1604 2705 1712 2760 illis
1744 2705 1908 2768 dicta,
1950 2714 2006 2762 et

426 2812 547 2866 qua
573 2796 730 2852 vobis
767 2797 1199 2852 commodiorem
1232 2797 1375 2850 viam
1399 2794 1600 2850 facient
1628 2796 1696 2850 ad
1733 2798 2006 2865 reperien-

425 2891 549 2942 dam
575 2889 881 2953 veritatem,
911 2897 966 2942 et
1001 2888 1262 2943 habendas
1317 2887 1423 2942 illis
1490 2888 1701 2957 gratim,
1749 2896 1803 2942 et
1864 2888 2007 2943 dicta

428 2980 518 3032 illa
551 2978 884 3034 conﬁdenter
908 2979 1222 3048 usurpanda
1257 2996 1271 3033 :
1300 2994 1420 3049 quae
1450 2994 1582 3033 vero
1621 2978 1826 3045 prolata
1878 2986 2007 3035 sunt

2027 1750 2068 1807 Β

2080 497 2243 564 ἔργον
2277 496 2415 565 αὕτη
2458 496 2690 564 γένοιτο.
2725 493 2861 548 Οὑτε
2906 494 3015 563 γάρ
3064 496 3095 566 ἠ
3143 492 3252 545 τῶν
3299 492 3529 557 ἀγώνων
3572 509 3667 560 φι-

2077 586 2298 655 λοτιμία
2338 589 2464 650 τοὺς
2493 588 2802 659 εἰρηνικοὺς
2828 587 2982 656 ὑμῶν
3014 585 3311 655 λογισμοὺς
3352 583 3661 651 ἀφελεῖται,

2078 678 2193 732 οὔθ’
2242 680 2349 733 ὑπὸ
2390 680 2490 750 τῆς
2536 681 2873 750 φαινομένης
2922 679 3189 747 διαφορᾶς
3238 677 3661 749 ταραττόμενοι,

2082 774 2177 827 καὶ
2223 773 2321 834 τὰς
2360 774 2702 843 ἑκατέρωθεν
2747 775 3147 836 ὑποπτεύοντες
3195 773 3519 843 δυσχερείας
3567 774 3665 824 καὶ

2081 868 2207 930 τοὺς
2262 867 2567 932 κινδύνους,
2599 868 2873 937 προπετές
2913 886 2967 921 τι
3007 868 3137 937 περὶ
3182 866 3386 919 τοὺτων
3427 864 3667 931 ἀποψαί-

2084 958 2273 1012 νεσθαι
2310 964 2574 1029 νομιεῖτε.
2603 960 2753 1015 Ὣστ⁹
2786 960 2850 1014 ἐκ
2881 978 2944 1029 γε
2971 961 3081 1012 τῶν
3122 960 3389 1014 τοιούτων
3424 957 3533 1012 ἀπὸ
3566 956 3667 1009 τοῦ

2082 1050 2276 1121 χρόνου
2334 1050 2698 1123 βοηθημάτων
2755 1052 2814 1106 τό
2850 1070 2908 1104 τε
2964 1051 3073 1105 τῶν
3106 1050 3437 1115 δικαζόντων
3466 1051 3671 1117 ἀκραι-

2086 1141 2234 1211 φνῶς
2275 1141 2405 1211 ὑμῖν
2446 1144 2791 1211 περιγίνεται
2840 1143 3049 1214 σχῆμα,
3080 1141 3256 1197 ἄλλων
3300 1144 3412 1203 τοῖς
3454 1140 3672 1207 ἀγῶσιν

2087 1235 2715 1306 ἕμφιλοτιμησαμένων,
2783 1236 2879 1290 καὶ
2931 1236 3121 1307 μόνην,
3183 1235 3258 1298 ὡς
3310 1236 3505 1299 εἰπεῖν,
3568 1232 3677 1302 τὴν

2088 1329 2361 1399 ὑμετέραν
2383 1328 2564 1400 ψῆφον
2609 1328 3015 1397 ἀναμενόντων,
3051 1329 3145 1381 καὶ
3186 1326 3247 1380 τὸ
3272 1328 3500 1395 γνώμην
3535 1325 3677 1377 άπο-

2090 1421 2378 1491 φαίνεσθαι
2414 1423 2576 1476 πόνον
2614 1421 2743 1489 ὑμῖν
2772 1421 2831 1474 οὑ
2878 1420 3053 1491 μέγαν
3084 1419 3336 1487 παρέξει.
3370 1420 3462 1470 Δεῖ
3490 1418 3677 1471 τοίνυν

2092 1515 2304 1585 ὕϐρεων
2359 1513 2454 1568 καὶ
2506 1513 2789 1583 λοιδοριῶν
2842 1513 2937 1566 καὶ
2992 1513 3101 1566 τῶν
3161 1512 3242 1575 εἰς
3299 1510 3477 1564 ἄτοπα
3530 1512 3681 1563 ἀπα-

2092 1606 2310 1676 γωγῶν,
2342 1606 2436 1661 καὶ
2482 1599 2556 1661 ὧν
2605 1608 2638 1676 ἡ
2686 1603 2880 1674 μακρά
2922 1604 3204 1666 διάστασις
3236 1603 3505 1671 πεποίηκε
3536 1602 3686 1655 πάν-

2094 1716 2224 1759 των.
2260 1698 2457 1761 αὐτούς
2517 1716 2578 1752 τε
2647 1695 3083 1767 ἀποσχομένους,
3129 1695 3225 1749 καὶ
3286 1698 3399 1759 τοῖς
3450 1693 3684 1763 εὑροῦσι

2100 1789 2336 1861 πρώτοις
2385 1791 2841 1859 ἐπιτιμήσαντας,
2902 1787 3104 1857 μᾶλλον
3151 1787 3208 1839 δὲ
3265 1786 3683 1852 συνεγνωκότας

2098 1884 2201 1936 ὑπὸ
2236 1882 2674 1951 φιλανθρωπίας,
2704 1881 2850 1951 μόνῳ
2876 1880 2953 1950 τῷ
2989 1878 3140 1949 παρὰ
3169 1879 3265 1933 τοῦ
3299 1878 3494 1948 χρόνου
3536 1880 3683 1948 χρή-

2100 1978 2297 2031 σασθαι
2351 1976 2689 2047 βοηθήματι,
2721 1974 2813 2027 καὶ
2866 1974 3006 2043 ὑπὲρ
3057 1974 3249 2026 τοὺτου
3305 1973 3467 2042 μόνου
3517 1972 3687 2042 χάριν

2099 2071 2298 2126 εἰδέναι
2328 2073 2438 2132 τοίς
2476 2068 2736 2139 ἀνδράσιν
2769 2064 3022 2143 ἐκείνοις,
3052 2066 3172 2119 ὅσοι
3206 2064 3337 2134 παρ’
3388 2064 3687 2131 ἑκατέροις

2099 2162 2191 2215 τὸν
2228 2161 2414 2229 ἀγῶνα
2443 2160 2634 2214 τοῦτον
2661 2160 2976 2229 ὑπέστησαν
2997 2176 3010 2191 ·
3047 2157 3184 2227 μηδὲ
3222 2156 3379 2210 πλέον
3405 2173 3455 2209 τι
3491 2156 3691 2222 νέμειν

2102 2255 2286 2316 αὑτοῖς
2331 2250 2729 2321 ἀξιώματος,ἢ
2792 2250 2915 2304 ὅσον
2972 2248 3351 2317 δικαζομένοις
3399 2245 3687 2316 ἁρμόττει.

2102 2348 2177 2401 Οὑ
2207 2346 2315 2414 γάρ
2341 2344 2438 2413 τῆς
2465 2343 2724 2414 ἀληθείας
2756 2341 3045 2406 ἐξετασταὶ
3077 2342 3169 2393 καὶ
3198 2342 3385 2411 κριταὶ
3412 2338 3487 2403 τῷ
3517 2340 3688 2409 κοινῷ

2104 2437 2214 2491 τῶν
2257 2435 2564 2505 ἀνθρώπων
2616 2434 2890 2505 ὑπῆρξαν,
2943 2431 3102 2488 τοῦτο
3153 2432 3218 2503 δὴ
3274 2433 3334 2486 τὸ
3395 2432 3689 2501 ὑμέτερον,

2105 2528 2246 2581 ὥστε
2308 2528 2404 2580 καὶ
2478 2525 2590 2578 δεῖν
2641 2524 2829 2587 αὑτοῖς
2890 2522 2991 2593 τὴν
3054 2523 3326 2593 μεγίστην
3373 2521 3691 2575 ἀποδιδόναι

2106 2620 2290 2689 τιμὴν,
2330 2619 2426 2672 καὶ
2480 2616 2745 2687 νομίζειν,
2773 2615 2809 2670 ἆ
2863 2632 3001 2687 φασι
3046 2613 3249 2684 κὺριαο
3284 2614 3422 2667 ά).λά
3465 2614 3563 2682 τῆς
3610 2616 3691 2666 οἰ-

2106 2712 2260 2774 κείας
2311 2710 2535 2765 ἕκαστοι
2590 2709 2948 2781 προῦστησαν
2998 2707 3215 2779 μοίρας,
3258 2706 3560 2775 καὶταύτῃ
3599 2706 3692 2757 τὸν

2106 2803 2333 2858 δυνατὸν
2386 2800 2832 2873 συνηγωνίσαντο
2885 2800 3126 2870 τρόπον,
3182 2801 3292 2861 τοῖς
3341 2799 3411 2852 τά
3460 2797 3694 2853 τοιαῦτα

2108 2896 2394 2951 δικάσουσι
2426 2893 2524 2965 τὴν
2561 2893 2711 2963 ὑπὲρ
2733 2886 2807 2947 ὧν
2846 2888 3003 2946 εἷπον
3041 2890 3223 2961 ψῆφον
3262 2890 3691 2952 καταλιπόντες.

2109 2988 2230 3044 Τῶν
2272 2988 2371 3060 μὲν
2410 2987 2473 3058 δὴ
2523 2987 2706 3050 καλῶς
2757 2982 3093 3057 εἰρημένων,
3125 2983 3220 3037 καὶ
3267 2983 3366 3037 ὅσα
3424 2982 3562 3052 πρὸς
3594 2981 3698 3051 τὴν

425 3070 797 3127 contentionis
835 3071 1038 3136 studio,
1066 3082 1120 3126 et
1142 3076 1429 3141 praestabat
1461 3072 1678 3126 silentio
1715 3071 2004 3140 praeteriri,

2114 3082 2216 3151 τῆς
2273 3079 2533 3150 ἀληθείας
2596 3078 2813 3149 εὕρεσιν
2886 3077 3015 3147 ὑμῖν
3084 3075 3274 3144 μέλλει
3343 3074 3694 3137 λυσιτελεῖν,

428 3179 491 3219 ea
524 3164 741 3234 penitus
785 3164 1104 3233 rejicienda.
1137 3164 1277 3231 Quin
1322 3167 1434 3220 imo
1467 3166 1683 3219 illorum
1714 3164 2002 3218 hominum

430 3255 632 3324 scripta
660 3269 1066 3324 supervacuum
1099 3271 1324 3325 prorsus
1355 3258 1596 3312 arbitror
1628 3259 1731 3329 legi
1767 3274 1796 3312 a
1830 3258 2005 3323 vobis,

432 3344 631 3415 quippe
666 3361 789 3415 qua!
817 3346 882 3400 ad
913 3360 1154 3416 praesens
1188 3348 1464 3418 negotium
1517 3350 1717 3403 nullam
1782 3358 2013 3419 possunt

432 3437 633 3493 an‘erre
662 3438 951 3493 utilitatem
986 3452 1002 3491 :
1040 3453 1217 3507 neque
1247 3440 1390 3493 enim
1430 3440 1577 3508 pacis
1606 3442 1826 3494 modum
1859 3439 2012 3495 vobis

432 3530 752 3596 ostendunt,
785 3540 879 3585 aut
908 3529 1182 3599 quomodo
1222 3531 1457 3585 maxime
1497 3532 1779 3603 utriusque
1806 3534 2012 3587 condu-

433 3632 543 3685 cat,
574 3622 669 3677 sed
701 3622 783 3677 vel
819 3624 1044 3677 omnino
1071 3633 1283 3692 partem
1347 3626 1487 3678 hanc
1548 3625 1873 3689 omiserunt,
1929 3628 2012 3679 vel

434 3714 748 3771 difﬁcillima
779 3716 1074 3785 postulant,
1098 3716 1165 3769 de
1200 3716 1292 3771 illo
1349 3725 1556 3771 tantum
1617 3732 2012 3786 usquequaque

436 3807 679 3873 solliciti,
710 3808 987 3877 quomodo
1012 3808 1299 3863 victoriam
1337 3810 1408 3863 ab
1435 3810 1605 3862 altera
1639 3823 1790 3878 parte
1819 3824 2011 3878 repor-

439 3906 549 3954 tent
587 3915 600 3953 :
631 3909 683 3952 at
714 3900 869 3954 vobis
900 3901 1237 3969 propositum
1294 3910 1377 3956 est
1438 3915 1629 3971 pacem
1679 3914 1925 3971 quaerere
1958 3910 2012 3955 et

437 3990 801 4062 cognitionem
834 3992 1102 4048 veritatis.

2119 3174 2293 3228 ίστέον
2334 3190 2391 3225 τε
2438 3173 2597 3243 χάριν
2629 3171 2815 3232 αὑτοῖς
2857 3169 2952 3223 καὶ
2986 3166 3333 3240 θαῤῥοὺντως
3362 3166 3515 3234 σφίσι
3549 3182 3696 3234 χρηο

2119 3263 2273 3317 στέον
2298 3278 2310 3292 ·
2347 3263 2432 3333 ἐφ’
2468 3262 2503 3316 ἃ
2535 3262 2580 3316 δ’
2618 3262 2721 3313 ὑπὸ
2757 3260 3093 3330 φιλονεικίας
3126 3257 3508 3329 προήχθησαν,
3536 3256 3634 3308 καὶ
3661 3256 3696 3309 ἃ

2120 3353 2376 3422 σιγᾶσθαι
2410 3352 2617 3421 ξὲλτιον
2643 3348 2733 3423 ἦν,
2765 3351 2973 3405 τούτων
3007 3349 3265 3415 καθάπαξ
3310 3348 3650 3402 ἀποστατέον
3676 3362 3691 3378 ’

2096 3438 2323 3516 μᾶλλον
2378 3445 2435 3498 δὲ
2490 3444 2586 3497 καὶ
2636 3442 2985 3497 παντάπασιν
3016 3436 3189 3511 οἶμαι.
3219 3440 3287 3495 τά
3325 3438 3434 3493 τῶν
3479 3438 3693 3509 ἀνδρῶν

2116 3536 2342 3591 ἐκείνων
2395 3533 2663 3607 παρέλκον
2720 3528 2861 3587 εἶναι
2915 3532 3324 3604 μεταχειρεζειν
3380 3531 3552 3599 ἡμᾶς,
3591 3528 3693 3583 ἆτε

2119 3628 2287 3698 μηδὲν
2330 3628 2465 3699 πρὶς
2493 3628 2590 3695 τὴν
2649 3624 2930 3697 παροῦσαν
2981 3625 3175 3694 σκέψιν
3229 3623 3287 3688 ἐξ
3326 3623 3505 3676 αὑτῶν
3548 3622 3695 3689 ὠφε-

2114 3720 2472 3790 λησομένους.
2544 3718 2677 3772 Ούδὲ
2728 3718 2837 3788 γὰρ
2898 3718 2989 3771 τὸν
3056 3717 3154 3785 τῆς
3211 3718 3433 3787 εἰρήνης
3490 3715 3696 3785 τρόπον

2115 3813 2242 3883 ὑμῖν
2288 3809 2705 3882 ὑφηγοῦνται,ῆ
2745 3810 2820 3870 ὡς
2861 3809 2927 3863 ἂν
2972 3809 3175 3877 ἀμφοῖν
3220 3809 3543 3874 συνενέγκαι
3587 3806 3696 3874 μά-

2114 3903 2308 3958 λισταο
2343 3901 2459 3956 ἀλλ’
2510 3901 2543 3971 ἢ
2594 3902 2854 3970 παρῆκαν
2898 3901 3077 3969 πάντη
3123 3896 3279 3951 τοῦτο
3323 3896 3383 3949 τὸ
3438 3896 3632 3966 μέρος,
3662 3895 3697 3964 ἦ

2118 3992 2187 4045 τά
2240 3992 2604 4062 χαλεπώτατα
2656 3989 2925 4057 ἀξιοῦσιν,
2982 3990 3132 4053 ὅπως
3194 3987 3540 4060 περιέσονται
3584 3984 3702 4038 τῶν

440 4085 646 4155 ἑτέρων
702 4085 1043 4157 πανταχόθεν
1080 4086 1239 4155 μόνον
1284 4083 1706 4156 φροντίζοντεςο
1755 4085 1916 4156 ὑμεῖς
1956 4084 2013 4140 δὲ
2051 4084 2152 4156 τὴν
2186 4086 2412 4157 εἰρήνην
2445 4085 2541 4140 καὶ
2572 4082 2671 4157 τὴν
2702 4083 2800 4155 τῆς
2831 4080 3092 4154 ἀληθείας
3153 4080 3355 4152 γνῶσιν
3417 4075 3702 4149 προῦργου

441 4185 676 4257 ζητεῖτε.

517 4368 789 4433 Quoniam
826 4366 989 4437 igitur
1048 4365 1125 4418 rei
1166 4372 1439 4427 naturam,
1470 4361 1537 4417 de
1568 4375 1676 4431 qua
1730 4361 2017 4430 quaritur,

2210 4356 2367 4410 Ἰζπεί¹
2394 4352 2575 4407 τοίνυν
2603 4350 2701 4421 τὴν
2723 4348 2817 4403 τοῦ
2847 4347 3180 4419 ζητουμένου
3216 4346 3378 4416 φύσιν
3403 4346 3460 4411 ἐξ
3498 4339 3574 4400 ὧν
3612 4347 3711 4401 ἆ).-

448 4471 563 4513 tum
595 4476 657 4513 ex
694 4458 961 4527 oppositis
991 4456 1221 4510 aliorum
1253 4454 1731 4509 lucubrationibus
1755 4450 2008 4524 cognitan

2132 4448 2214 4502 λοι
2246 4465 2306 4502 τε
2338 4444 2683 4517 ἠγωνίσαντο
2713 4443 2809 4495 καὶ
2836 4440 2994 4495 αὑτοὶ
3053 4439 3283 4494 δύνασθε
3322 4441 3574 4511 συνορᾷν,
3610 4442 3715 4494 καὶ

447 4551 652 4605 habere
683 4547 931 4618 potestis,
966 4555 1078 4599 tum
1106 4561 1199 4615 per
1232 4560 1329 4600 vos
1368 4544 1470 4615 ipsi
1500 4546 1611 4615 jam
1648 4544 2027 4615 perspexistis,

450 4658 558 4696 nou
590 4643 752 4695 modo
783 4649 962 4694 vestra
994 4639 1256 4704 scientes,
1286 4637 1382 4693 sed
1404 4647 1458 4693 et
1521 4638 1752 4693 aliorum
1814 4636 2033 4708 utrique

426 4726 835 4789 'altcrcationcs
866 4730 1085 4800 quidem
1129 4730 1261 4786 istas
1309 4731 1534 4785 omnino
1602 4730 1797 4786 missas
1830 4728 2033 4799 facere,

449 4826 516 4879 ad
574 4838 636 4877 ea
686 4837 813 4875 vero
859 4821 1042 4875 statim
1090 4828 1306 4889 Oportet
1370 4818 1715 4882 incumbere,
1779 4833 1874 4888 per
1912 4833 2034 4888 qua:

451 4914 567 4969 sola
592 4911 721 4967 licet
744 4910 1002 4979 consequi
1034 4924 1241 4979 pacem.
1276 4907 1655 4962 Consideranti
1686 4922 1847 4976 porro
1900 4907 2031 4962 mihi

453 5004 853 5058 videnturhaec
911 5016 1075 5065 esse;
1136 4993 1311 5069 p’rimo
1365 4997 1586 5067 quidem
1638 4986 1929 5052 recurrere
1968 4997 2034 5051 ad

455 5097 809 5152 lundamenla
874 5092 1019 5157 lldcl,
1084 5105 1335 5160 veraeque
1389 5089 1677 5160 theologia:
1743 5088 2034 5159 principia,

454 5202 616 5255 atque
655 5188 722 5242 ad
775 5188 890 5241 haec
922 5196 1214 5254 utramque
1249 5183 1567 5252 opinionem
1617 5181 1955 5249 examinare,
1985 5189 2040 5235 et

454 5263 722 5352 dispicere
762 5288 881 5334 utra
917 5293 1040 5333 cum
1078 5275 1188 5330 illis
1236 5275 1470 5329 maxime
1500 5288 1762 5344 congruat
1794 5290 1809 5328 :
1842 5272 2040 5328 deinde

457 5376 752 5443 inquirere,
817 5369 1089 5441 quomodo
1139 5378 1358 5438 accepta
1406 5367 1611 5421 fuerint
1666 5367 1734 5421 ab
1778 5364 2041 5420 Ecclesiae

458 5457 774 5521 doctoribus
820 5463 1171 5535 pronuntiata
1228 5460 1545 5531 Scriptum.
1609 5474 1730 5528 qua).
1787 5460 2041 5514 videntur

460 5568 706 5623 spectare
749 5558 814 5610 ad
869 5557 1011 5612 hanc
1046 5554 1321 5609 materiam
1355 5573 1366 5609 :
1398 5552 1462 5606 ad
1516 5552 1631 5607 bznc
1674 5552 1803 5620 quid
1844 5552 2040 5621 singuli

461 5650 527 5701 ile
558 5650 788 5716 ιμιωδίιο
822 5649 925 5702 hoc
961 5646 1325 5718 philosophati
1369 5647 1588 5701 luet-int.
1625 5645 1689 5700 Et
1723 5645 1943 5716 quidem
1974 5660 2041 5698 es

465 5758 529 5793 eo
561 5739 705 5809 quod
761 5739 996 5809 primum
1034 5722 1165 5807 dixi,
1225 5738 1460 5796 arbitror
1499 5738 1719 5795 multant
1765 5750 2042 5808 cmergere

2135 4539 2351 4594 οἴκοθεν
2384 4538 2548 4607 ἣκετε
2602 4532 3000 4605 κατειληφότες
3033 4530 3160 4603 ἥδη,
3194 4530 3254 4583 ού
3290 4530 3451 4600 μόνον
3486 4533 3552 4584 τά
3577 4532 3712 4583 ἐαυ-

2135 4633 2245 4688 τῶν
2270 4631 2495 4696 εἰδότες,
2519 4629 2656 4684 ἀλλά
2676 4631 2774 4681 καὶ
2811 4624 2880 4679 τά
2906 4624 3014 4678 τῶν
3071 4622 3247 4677 ἄλλων
3279 4622 3551 4693 ἑκάτεροι,
3601 4622 3715 4675 τῶν

2141 4723 2244 4793 μὲν
2277 4720 2681 4791 ἀγωνισμάτων
2731 4715 2939 4771 τούτων
2999 4713 3263 4778 καθάπαξ
3308 4714 3609 4784 ὑπεριδεῖν,
3645 4713 3715 4767 δι’

2136 4808 2213 4866 ὧν
2240 4812 2297 4865 δὲ
2334 4812 2497 4881 μόνον
2521 4809 2731 4863 ἔνεστιν
2786 4808 3006 4879 εἰρήνης
3070 4807 3276 4874 τυχεῖν.
3314 4804 3517 4858 τούτων
3552 4804 3716 4870 εἰθὶις

2140 4900 2387 4972 ἅψασθαι
2420 4899 2523 4952 δεῖ.
2570 4897 2653 4950 Τά
2683 4894 2727 4949 δ’
2778 4896 2950 4962 ἐστὶν,
3006 4894 3080 4956 ὠς
3130 4896 3253 4960 ἐμοὶ
3286 4893 3435 4947 δοκεῖ
3484 4911 3717 4948 σκοπου-

2146 4995 2315 5064 μένῳ,
2352 4991 2570 5061 πρῶτον
2604 4989 2703 5058 μὲν
2735 4988 2872 5057 πρὸς
2908 4988 3033 5049 τοὺς
3063 4986 3343 5055 θεμελίους
3378 4986 3717 5057 ἀναδραμόν-

2140 5102 2241 5146 τας
2266 5083 2367 5152 τῆς
2422 5081 2683 5145 πίστεως,
2738 5077 2833 5131 καὶ
2883 5076 2981 5139 τὰς
3024 5076 3127 5145 τῆς
3172 5077 3405 5145 ἀληθοῦς
3439 5076 3721 5143 θεολογίας

2144 5175 2352 5248 ἀρχὰς,
2389 5171 2603 5234 τούτοις
2630 5166 2897 5238 ἑκατέραν
2926 5165 3086 5230 δόξαν
3118 5169 3442 5238 προσάγειν,
3474 5162 3722 5238 καὶ⁶ᾕτις

2142 5268 2210 5324 ἂν
2243 5267 2477 5329 ἐκείνοις
2516 5263 2811 5334 συμϐαίνοι
2845 5260 3081 5331 μάλιστα
3119 5258 3346 5332 θεωρεῖν
3371 5276 3385 5289 ·
3421 5260 3502 5313 ἔτι
3532 5276 3595 5327 γε
3616 5260 3725 5329 μὴν

2141 5365 2191 5417 οἰ
2221 5363 2319 5431 τῆς
2363 5358 2695 5428 Ἑκκλησίας
2732 5357 3045 5413 διδάσκαλοι
3099 5357 3216 5420 πῶς
3279 5354 3602 5423 ἐξειλήφασι
3658 5357 3727 5405 τά

2141 5456 2239 5525 τῆς
2265 5453 2496 5523 Τραφῆς
2554 5449 2867 5520 ἀξιώματα,
2914 5448 2949 5503 ἃ
2992 5450 3127 5525 πρὸς
3184 5448 3390 5518 ταύτην
3442 5446 3539 5517 τὴν
3588 5446 3727 5516 ὑλην

2144 5524 2340 5601 τείνειν
2367 5545 2548 5598 δοκεῖ’
2586 5542 2720 5611 πρὸς
2770 5542 2826 5594 δὲ
2856 5524 3099 5604 τούτοις,
3144 5544 3198 5593 τί
3226 5542 3356 5609 περῖ⁵
3402 5539 3495 5591 me
3552 5540 3730 5607 ζητή-

2149 5657 2317 5709 ματος
2358 5635 2722 5704 ὲθεολόγησαν
2742 5635 2985 5689 ἕκαστοι.
3014 5629 3113 5686 Ὧν
3144 5636 3207 5686 ἐκ
3236 5635 3333 5702 μὲν
3370 5632 3463 5685 τοῦ
3502 5630 3728 5699 πρώτου

2150 5734 2405 5806 ῥηθέντος
2442 5730 2643 5801 πολλὴν
2680 5726 2923 5798 ἡγοῦμαι
2974 5727 3294 5797 δυσχέρειαν
3341 5724 3725 5780 eveniuntv-
