3948 6186
432 229 542 292 483
1528 212 1908 274 ΟΕΝΝΑΒῙΙ
1947 210 2054 273 CP.

2181 208 2604 270 iTRiARCHJI
3575 200 3685 265 484

426 343 736 402 desumere,
761 351 884 391 nam
908 336 960 390 et
976 334 1178 388 multos
1206 328 1488 385 haereticos
1515 326 1721 382 Scimus
1746 332 2008 394 prati-stu
2040 329 2078 385 Α

2186 342 2235 378 ιν
2269 322 2592 394 πειρᾶσθαι,
2618 316 2822 393 πρέπει
2852 317 3041 373 καλεῖν
3068 332 3079 345 ·
3120 315 3217 371 καὶ
3244 314 3436 388 πρῶτα
3471 317 3573 386 μὲν
3614 323 3689 384 μη

432 437 535 490 hoc
566 448 694 489 usos
721 450 735 487 :
771 412 865 487 sed
898 432 940 485 si
977 428 1105 498 quid
1135 426 1314 481 verbis
1347 425 1417 478 ita
1455 421 1682 493 prolatis
1716 421 1787 474 sit
1816 433 2007 474 consc-

2181 420 2296 472 ὶντα
2332 415 2620 487 βούλεσθαι
2651 412 2953 485 διαρρήδην
2976 410 3281 481 λαμδάνειν
3316 409 3390 483 ὲκ.
3408 408 3512 478 τῆς
3537 408 3693 478 Γρα-

431 543 633 598 quens,
678 525 904 594 adaque
952 522 1057 576 erit
1107 518 1485 575 honorandum
1520 529 1538 570 :
1572 515 1829 571 similiter
1867 512 2010 583 quod

2181 515 2245 580 γς,
2285 509 2462 581 τούτῳ
2492 508 2599 578 γὰρ
2647 508 2744 560 καὶ
2783 506 3016 568 πολλοὺς
3061 503 3172 560 τῶν
3203 500 3504 572 αίριτικῶν
3533 501 3697 570 ίσμεν

434 617 579 671 veris
619 625 673 670 et
712 613 978 669 confessis
1004 614 1179 667 visum
1229 622 1538 676 repugnans
1564 617 1616 660 et
1650 605 2011 668 contrarium,

2181 601 2498 672 ιησαμένους
2518 597 2597 668 τῷ
2621 597 3071 669 προκαλύμματι,
3097 592 3215 648 ἀλλ’
3251 592 3318 648 ἄν
3346 609 3400 645 τι
3420 593 3537 655 τοῖς
3548 590 3699 645 οῦτω

434 709 583 764 nullo
613 707 775 762 modo
806 707 909 760 erit
960 702 1380 758 admittendum.
1422 697 1622 754 Deinde
1654 713 1843 753 eorum
1895 709 2018 764 quae

2182 694 2440 765 γομένοις
2467 689 2767 745 ἀκόλουθον
2797 684 2854 761 ᾖ,
2892 689 2988 741 καὶ
3014 686 3175 740 τοῦτο
3207 687 3307 756 τῆς
3361 684 3487 753 ἴσης
3535 680 3701 749 τιμῆς

435 799 724 853 obscurius
759 797 901 850 dicta
966 804 1113 858 sunt,
1166 792 1444 847 sumenda:
1502 797 1630 843 sunt
1662 804 1691 843 e
1734 787 2016 855 Scriptura

2181 786 2309 845 Ξιοῦν
2335 797 2349 814 ⁶
2374 782 2638 846 ὡσαύτως
2697 781 2754 834 εί
2779 798 2830 834 τι
2868 781 2980 844 τοῖς
3020 778 3251 848 ἀληθέσι
3313 777 3409 829 καὶ
3444 775 3702 845 ἀναντιῤ⁶

442 891 559 959 ipsa
629 888 793 942 veluti
854 886 1111 956 magistra
1177 881 1566 952 explicationes
1626 895 1720 949 per
1777 893 1840 933 ea
1896 891 2021 946 qua:

2181 883 2309 949 γτοις
2334 875 2751 943 ἐναντιούμενον
2785 874 3052 941 φαίνοιτο,
3076 868 3237 923 τοῦτο
3270 868 3478 939 μηδένα
3513 884 3702 936 παρα-

447 984 662 1049 uspiam
703 980 908 1033 clarius
935 979 1024 1032 iila
1058 976 1301 1031 disserit.
1331 974 1408 1028 Ad
1438 974 1555 1027 ira-t3
1588 972 1635 1027 si
1670 987 1776 1041 qua
1805 970 2021 1023 videtur

2185 970 2377 1041 χεσθαι
2403 967 2607 1036 τρόπον
2640 980 2655 997 °
2687 966 2884 1018 ἔπειτα
2908 963 3018 1017 τῶν
3050 962 3129 1033 μὴ
3158 960 3347 1028 σαφῶς
3390 960 3705 1031 εἰρημένων

442 1044 565 1128 esse
593 1072 985 1140 discrepantia,
1018 1067 1249 1123 tollenda
1278 1075 1361 1121 est
1385 1064 1623 1118 adhibita
1653 1062 2016 1131 expositione,

2181 1064 2298 1131 it’qv
2349 1062 2451 1130 τὴν
2478 1058 2706 1130 Γραφὴν
2762 1056 3072 1127 λαμϐάνειν
3128 1053 3476 1117 διδάσκαλον,
3520 1051 3583 1116 ἐξ
3634 1044 3710 1104 ὧν

445 1166 490 1220 si
518 1175 792 1234 tempora,
825 1177 959 1216 usus
990 1176 1052 1214 ac
1119 1158 1435 1220 necessitas,
1498 1167 1870 1223 sensuumque
1927 1151 2017 1205 di—

2181 1151 2312 1206 ίλοθί
2369 1168 2472 1205 που
2545 1150 2881 1219 σαφέστερον
2915 1145 3415 1217 πραγματεύεται*
3476 1144 3621 1212 πρὸς
3653 1142 3712 1195 δὲ

456 1255 710 1314 vet-sitas,
759 1262 807 1307 et
848 1249 1155 1317 huiusmodi
1197 1248 1299 1302 alia
1357 1244 1782 1316 perpendantur.
1838 1242 2027 1311 Neque

2181 1246 2348 1308 >ύτοις
2375 1243 2475 1314 τὴν
2504 1243 2770 1296 δοκοῦσαν
2801 1239 3102 1308 διαφωνίαν
3128 1236 3539 1307 ἐξηγουμένους
3558 1235 3715 1287 λύειν

459 1347 603 1399 enim
630 1352 715 1398 est
754 1342 979 1396 omnino
1011 1339 1366 1403 credendum,
1402 1339 1454 1391 in
1492 1336 1738 1390 doctrina
1790 1333 2024 1404 Spiritus

2181 1335 2458 1406 ειρᾶσθαι,
2514 1332 2743 1403 καιρούς
2774 1348 2834 1384 τε
2885 1334 2979 1384 καὶ
3029 1329 3221 1399 χρείας
3283 1328 3378 1381 καὶ
3414 1326 3717 1396 διαφόρους

451 1436 632 1489 inesse
683 1432 977 1501 quidquam
1031 1430 1415 1489 dissensionis.
1469 1436 1571 1481 aut
1621 1426 1809 1480 minus
1844 1423 2032 1479 solida

2181 1429 2355 1491 μνοίας
2383 1429 2481 1480 καὶ
2509 1425 2587 1479 τά
2623 1424 2853 1478 τοιαῦτα
2882 1420 3445 1493 παραλαμϐάνοντας.
3477 1419 3553 1472 Οῦ
3606 1418 3718 1488 γὰρ

451 1526 722 1581 veritatis.
793 1523 898 1577 Sed
934 1525 1210 1591 quomodo
1235 1536 1335 1575 nos
1367 1520 1523 1587 plane
1553 1519 1674 1573 loca
1719 1511 2033 1585 huiusmodi

2183 1518 2417 1572 ιστεύειν
2441 1518 2580 1581 ὅλως
2611 1517 2761 1580 εἰκὸς
2780 1513 3144 1585 ἀσυμφωνίας
3173 1529 3225 1566 τι
3253 1512 3348 1565 καὶ
3381 1510 3723 1581 σαθρότητος

455 1617 796 1683 distinguere
846 1614 1161 1674 debeamus,
1202 1627 1311 1664 non
1356 1610 1532 1664 solum
1590 1608 1838 1677 exemplo
1888 1620 2078 1683 cem-_

2181 1612 2206 1681 ῇ
2247 1608 2339 1662 τοῦ
2366 1606 2682 1678 Πνεύματος
2711 1604 3031 1677 διδασκαλίᾳ
3071 1605 3391 1675 προσεῖναιο
3435 1603 3528 1655 καὶ
3574 1600 3724 1660 ὅλως

458 1681 898 1764 ιηιιιιίιιιηυηοοὶο
926 1702 1238 1767 doctorum,
1272 1710 1326 1754 et
1356 1700 1659 1778 imitatione
1692 1712 1884 1754 eorum
1915 1713 2037 1768 quae
2069 1681 2078 1735 ¹

2181 1700 2260 1764 ὣς
2309 1700 2390 1754 δεῖ
2420 1699 2491 1752 τὰ
2538 1698 2765 1752 τοιαῦτα
2819 1698 3041 1768 τέμνειν
3091 1695 3264 1766 ἡμᾶς,
3308 1693 3370 1746 ού
3418 1692 3580 1762 μόνον
3638 1689 3725 1761 τῷ
3802 1702 3814 1715 δ

458 1798 529 1854 ab
570 1797 678 1851 illis
729 1794 972 1849 adhibita
1007 1802 1162 1859 sunt,
1221 1794 1347 1846 dum
1384 1791 1499 1861 pari
1554 1790 1882 1845 necessitate
1916 1804 2038 1859 pre-

2181 1792 2282 1845 ατά
2315 1790 2533 1854 κοινοὺς
2563 1790 2723 1862 ἡμῶν
2751 1788 3110 1853 διδασκάλους
3158 1785 3568 1856 παραδείγματι
3620 1785 3726 1836 καὶ

460 1895 775 1951 merentur;
810 1884 905 1939 sed
935 1883 1102 1938 certis
1124 1895 1343 1951 quoque
1391 1881 1467 1935 de.
1493 1882 1599 1936 hoc
1625 1893 1823 1934 eorum
1848 1879 2039 1933 adme-

2181 1880 2220 1945 ίς
2252 1881 2351 1938 ἐπὶ
2377 1882 2477 1951 τῆς
2519 1882 2643 1950 ίσης
2681 1881 2889 1934 εἴλοντο
2937 1881 3153 1950 χρείας,
3182 1875 3319 1931 ἀλλὰ
3370 1875 3467 1930 καὶ
3496 1871 3577 1937 οἷς
3640 1867 3727 1926 εί-

461 1980 793 2044 uitionibus,
818 1992 940 2033 eum
972 1976 1172 2031 vellent
1198 1990 1297 2030 nes
1329 1975 1429 2029 hac
1459 1973 1625 2029 etiam
1657 1974 1712 2027 in
1744 1982 1899 2044 parte
1930 1985 2040 2025 non

2181 1990 2244 2032 ον
2270 1977 2402 2048 περ)⁸
2452 1973 2659 2029 τούτων
2717 1972 2991 2042 ἐπίτηδες,
3032 1968 3155 2023 οὐδὲ
3213 1967 3374 2023 τοῦτο
3432 1965 3497 2020 τὸ
3552 1966 3727 2035 μέρος

461 2086 586 2127 esse
640 2070 845 2124 auxilio
876 2067 1191 2133 destitutos,
1251 2066 1573 2137 dignoscere
1639 2077 1705 2118 ac
1759 2063 2045 2134 percipere
2142 2062 2482 2140 ἀϐοηθήτυυς
2512 2065 2735 2129 tam“,
2772 2062 3109 2135 συμϐάλλειν
3139 2078 3198 2115 τε
3233 2061 3328 2114 καὶ
3378 2058 3580 2114 εἰδέναι
3626 2055 3723 2110 δυ-

462 2162 733 2217 valemus.
765 2160 834 2216 Ut
887 2158 1035 2214 enim
1063 2156 1323 2228 Cyrillum
1380 2163 1437 2210 et
1487 2154 1937 2225 Cbrysestomum
1989 2157 2045 2205 et

2181 2161 2382 2232 άμεθα.
2418 2157 2538 2215 Ίνα
2586 2157 2700 2229 γάρ
2748 2155 3019 2227 Κύριλλον
3068 2155 3163 2207 καὶ
3200 2154 3589 2224 Χρυσὸστομον
3628 2146 3729 2203 hi

464 2252 835 2323 Augustinum
862 2287 880 2316 ,
943 2259 1000 2304 et
1059 2248 1298 2316 reliquos
1351 2254 1668 2316 praeteream
1734 2243 2042 2313 theologos,

2181 2254 2530 2322 λύγους-πῖνον,
2567 2251 2663 2305 καὶ
2698 2251 2827 2313 τοὺς
2850 2249 3043 2313 ἀλλους
3075 2250 3184 2301 τῶν
3235 2245 3501 2313 θεολόγων
3536 2242 3726 2313 παρῶ,

468 2362 594 2400 nam
632 2344 851 2412 longum
898 2348 1046 2396 esset
1098 2338 1347 2409 exempla
1404 2336 1647 2391 omnium
1703 2349 2045 2399 enumerare,

2181 2346 2365 2416 ιακρδν
2392 2343 2501 2414 γὰρ
2533 2341 2598 2397 ἂν
2637 2342 2723 2411 εἴη
2753 2341 2823 2395 τὰ
2877 2340 3098 2394 πάντων
3155 2337 3492 2408 ἐξαριθμεῖν,
3524 2331 3607 2399 οἷς
3652 2337 3735 2388 δ”-

470 2434 675 2506 quibus
706 2432 839 2487 iiiud
871 2446 1015 2486 cura
1054 2429 1176 2496 l'uit,
1219 2430 1265 2484 si
1317 2427 1617 2497 quidquam
1662 2426 1840 2493 aliud;
1893 2425 2048 2481 Scri-

2181 2453 2257 2507 rep
2292 2435 2455 2490 ἄλλου
2507 2450 2603 2488 του
2643 2435 2740 2486 καὶ
2772 2426 2874 2503 τῆς
2905 2432 3014 2485 τῶν
3037 2431 3274 2502 Γραφῶν
3308 2429 3549 2501 ἐμέλησε
3583 2445 3731 2496 συμ-

470 2536 663 2596 pturas
692 2526 833 2577 inter
857 2537 919 2577 se
943 2534 1217 2575 censonas
1241 2518 1640 2583 demonstrare,
1674 2518 1820 2573 beati
1873 2516 2051 2572 Patris

2181 2527 2383 2591 >ωνίας,
2412 2524 2557 2580 οὕτω
2589 2523 2874 2586 κάκείναις
2905 2524 3005 2595 τὴν
3034 2525 3184 2593 παρὰ
3214 2522 3432 2577 πάντων
3474 2519 3606 2574 aias.
3630 2538 3735 2591 τη-

472 2616 705 2690 Nysseni
741 2614 883 2669 dicta
937 2622 1175 2667 vestram
1224 2612 1277 2665 in
1320 2611 1634 2667 memoriam
1683 2613 1942 2680 redigam,
1977 2610 2051 2664 ita

2181 2619 2349 2687 ιήσειν
2377 2616 2634 2682 δικαίως,
2684 2614 2779 2667 καὶ
2811 2616 2955 2683 σφᾶς
3012 2614 3367 2683 εὐγνώμονας
3401 2612 3497 2667 καὶ
3530 2612 3737 2680 σοφοὺς

473 2714 621 2767 enim
654 2717 783 2777 puto
815 2705 933 2761 fore
970 2715 1028 2758 ut
1055 2714 1108 2759 et
1131 2703 1429 2772 Scripturis
1466 2717 1531 2757 ea
1564 2703 1760 2756 merito
1794 2698 2056 2755 habeatur

2187 2707 2383 2761 κείνων
2443 2704 2712 2776 ὁμιλητὰς
2768 2705 2968 2769 δείξειν
3039 2703 3397 2774 ὑπειληφὼς,
3451 2703 3561 2756 τῶν
3628 2701 3731 2756 τοῦ

478 2797 805 2860 reverentia,
844 2811 985 2871 quin
1014 2795 1083 2849 ab
1139 2792 1394 2847 eninibus
1438 2792 1688 2857 debetur,
1726 2797 1782 2845 et
1837 2798 2057 2845 sanctos

2181 2799 2433 2871 mxzpieu
2489 2797 2717 2868 Νύσσης
2772 2799 2920 2869 ὑμᾶς
2969 2797 3286 2869 ἀναμνῆσαι
3354 2796 3659 2867 βούλομαι·
3694 2796 3737 2852 ἃ.

478 2891 668 2944 Patres
701 2886 984 2942 ostendam
1034 2884 1208 2939 fuisse
1257 2884 1378 2952 pios
1413 2891 1471 2938 et
1509 2884 1704 2936 doctos
1749 2878 2057 2949 Scriptura-

2181 2893 2250 2948 τὸν
2314 2893 2587 2962 μακάριον
2655 2888 2929 2959 Στέφανον
2980 2888 3331 2958 ἐγκωμιάσαι
3378 2888 3743 2957 προθέμενος,

480 2997 601 3035 rum
664 2980 968 3035 auditores.
1020 2968 1369 3045 Propositum
1423 2986 1554 3043 ergo
1611 2973 1689 3026 illi
1713 2983 1796 3027 est
1835 2971 2055 3026 beatum

2181 2986 2284 3040 ;πεὶ
2306 2985 2401 3040 καὶ
2426 2984 2528 3055 τὴν
2550 2982 2824 3037 ὀπτασίαν
2849 2980 3063 3035 ἐκείνου
3094 2980 3189 3034 τοῦ
3211 2980 3375 3049 λόγου
3410 2979 3576 3049 μέρος
3592 2978 3748 3047 ἔγνω

479 3075 812 3142 Stephanum
836 3071 1088 3124 laudibus
1116 3067 1393 3124 celebrare
1418 3083 1434 3132 ;
1465 3075 1531 3121 at
1553 3066 1694 3120 inter
1721 3065 1825 3119 alia
1856 3078 2052 3120 recen-

2181 3080 2522 3149 ποιήσασθαι,
2557 3077 2700 3131 κατά
2746 3075 2855 3129 τῶν
2916 3074 3302 3144 αἰρετιζόντων
3356 3072 3572 3141 εὐφυῶς
3600 3075 3753 3125 ἀποο

479 3178 568 3224 set
595 3168 748 3229 illud,
782 3163 925 3233 quod
963 3176 1025 3218 se
1055 3161 1261 3216 vidisse.
1289 3160 1606 3230 Stephanus
1644 3157 1721 3212 ait
1753 3174 1768 3212 :
1802 3168 1919 3228 qua
1946 3165 2058 3211 tum

479 3261 775 3313 occasione
804 3253 1258 3310 scite-admodum
1310 3252 1365 3308 in
1421 3251 1707 3306 hereticos
1764 3249 2059 3313 invehitur,

483 3349 631 3414 quod
667 3349 742 3401 illi
773 3347 1037 3401 visionem
1085 3343 1349 3414 Stephani
1377 3357 1567 3397 ansam
1617 3342 1721 3397 sibi
1779 3341 2063 3407 facerent;

487 3440 662 3495 futilis
718 3437 1024 3507 argumenti
1085 3447 1250 3505 atque
1301 3433 1568 3489 mendacii
1619 3446 1888 3502 exponam
1938 3444 2068 3484 vero

462 3536 609 3604 ipsa
642 3534 1031 3603 propemodum
1061 3530 1210 3585 illius
1241 3530 1427 3584 verba.
1458 3527 1591 3581 Nam
1639 3529 1768 3598 quia
1805 3528 2066 3582 visionem

490 3627 638 3682 illam
720 3624 922 3680 rabiosi
993 3623 1233 3694 Spiritus
1301 3629 1708 3691 oppugnatores
1789 3618 2072 3675 existima-

490 3720 621 3773 bant
673 3731 795 3772 esse
859 3718 913 3770 in
972 3730 1084 3770 rem
1147 3728 1327 3775 suam,
1375 3714 1448 3767 ita
1484 3712 1775 3766 dicentes:
1811 3710 1872 3765 Si
1923 3709 2069 3765 Patri

489 3819 551 3864 et
584 3809 726 3865 Filio
760 3805 1207 3862 annnmerandus
1241 3803 1466 3860 omnino
1503 3811 1587 3859 est
1621 3801 1880 3872 Spiritus,
1911 3817 2009 3857 cur
2042 3815 2072 3855 a

494 3898 779 3969 Stephano
809 3911 917 3951 non
939 3905 1025 3951 est
1060 3896 1207 3952 visus
1231 3908 1341 3951 una
1369 3910 1494 3949 cum
1526 3892 1709 3948 Filio?
1735 3908 1804 3948 ex
1828 3893 2076 3964 ipsismet

497 3991 700 4055 verbis,
735 3988 936 4059 quibus
964 3994 1255 4043 enarratur
1300 3985 1462 4051 visio,
1490 3981 1690 4039 refellit
1722 3998 1836 4049 eos,
1880 3998 2078 4040 conse-

491 4080 721 4153 quentia
752 4095 878 4135 cum
924 4077 1378 4134 antecedentibus
1418 4084 1774 4139 connecteus,
1815 4076 2079 4131 ostendit-

497 4186 606 4242 que
641 4171 717 4226 ibi
774 4167 1126 4224 annumerari
1183 4166 1449 4237 Spiritum
1503 4160 1790 4232 sanctum,‘
1835 4167 1930 4223 sed
1982 4181 2079 4223 eos

500 4273 759 4335 tanquam
808 4259 1073 4331 pravitate
1120 4258 1427 4315 obcaecatos
1484 4258 1641 4315 illum
1690 4258 1987 4327 praeterire.
2023 4257 2080 4314 Si

2163 3173 2403 3243 πέμπει,
2444 3170 2721 3240 πρόφασιν
2757 3167 3126 3234 είκαιολογίας
3158 3168 3253 3221 καὶ
3277 3166 3502 3236 ψεύδους
3529 3164 3751 3233 ἐκείνην

2165 3261 2579 3333 πεποιημένων,
2636 3253 2970 3330 Ἐκθήσομαι
2999 3258 3057 3313 δὲ
3114 3258 3259 3312 αὐτά
3294 3258 3482 3329 σχεδὸν
3529 3255 3747 3309 ἐκείνου

2167 3355 2236 3408 τὰ
2268 3355 2516 3424 ῥήματα.
2558 3351 2780 3420 Ἐπειδὴ
2818 3353 2929 3422 γὰρ
2973 3352 3039 3404 ἐκ
3093 3348 3195 3419 τῆς
3245 3348 3479 3418 θεωρίας
3528 3346 3751 3414 ἐκείνης

2167 3444 2217 3497 ei
2240 3442 2550 3504 λυσσῶντες
2605 3442 2750 3495 κατὰ
2797 3440 2894 3493 τοῦ
2948 3440 3267 3510 Πνεύματος
3308 3438 3479 3509 ᾤοντο
3535 3432 3753 3508 βοηθεῖ-

2171 3534 2334 3599 σθαι,
2370 3534 2624 3602 λέγοντες
2647 3548 2662 3565 ·
2698 3533 2759 3585 Εί
2794 3533 2931 3604 μετά
2977 3533 3071 3586 τοῦ
3111 3531 3329 3602 Πατρδς
3365 3531 3457 3585 καὶ
3509 3524 3757 3584 Υίοῖίδεῖ

2171 3623 2392 3686 πάντως
2452 3622 2815 3694 ἀριθμεῖσθαι
2867 3622 2929 3676 τδ
2992 3621 3245 3692 Πνεῦμα,
3313 3620 3431 3684 πῶς
3489 3623 3591 3673 οὐκ
3643 3615 3757 3674 εἶδε

2178 3714 2457 3785 Στέφανος
2513 3715 2572 3768 ὲν
2630 3717 2698 3786 τῇ
2750 3713 2989 3787 ὀπτασίᾳ
3043 3714 3183 3785 μετά
3225 3716 3322 3767 τοῦ
3369 3710 3500 3767 Υίοῦ
3552 3712 3651 3766 καὶ
3695 3714 3757 3765 τὸ

2175 3805 2436 3876 Πνεῦμα;
2465 3804 2524 3873 ἐξ
2549 3806 2732 3860 αὐτῶν
2765 3804 2878 3859 τῶν
2910 3805 3282 3875 τῆς.θεωρίας
3338 3803 3607 3875 ῥημάτων
3657 3801 3757 3855 αῦ-

2173 3898 2303 3959 τοίις
2336 3898 2664 3969 ἀνατρέπει,
2700 3895 2771 3949 τὰ
2797 3896 3045 3965 ἑπόμενα
3075 3897 3192 3959 τοῖς
3244 3896 3576 3967 ἡγουμένοις
3632 3910 3759 3947 συν-

2176 3993 2402 4046 άπτων·
2432 3991 2530 4044 καὶΙ
2583 3989 2860 4043 δείκνυσιν
2910 3988 3323 4060 ἀριθμούμενον
3381 3989 3480 4059 μὲν
3532 3989 3658 4041 ἐκεῖ
3701 3986 3765 4039 το

2178 4082 2411 4153 Πνεῦμα
2444 4082 2506 4135 τὸ
2538 4081 2719 4150 ἅγιον,
2750 4082 2955 4145 αὐτοὺς
2986 4080 3033 4134 δ’
3064 4082 3159 4136 ἆτε
3188 4078 3612 4150 τυφλῶττοντας
3655 4077 3766 4131 ὑπὸ

2177 4173 2279 4244 τῆς
2306 4174 2571 4244 πονηρίας
2632 4172 2933 4243 παριέντας
2973 4171 3126 4228 αὐτό.
3171 4173 3233 4226 Εί
3284 4172 3392 4242 γὰρ
3444 4170 3523 4240 τῷ
3562 4168 3768 4239 ὁμοίῳ,

2183 4266 2344 4336 φησὶ,
2375 4265 2677 4333 καθορᾶται
2714 4264 2783 4317 τὰ
2836 4262 3025 4335 ὅμοια,
3073 4264 3170 4317 καὶ
3221 4263 3322 4317 οῦκ
3367 4263 3484 4316 ἔστι
3546 4261 3611 4314 τδ
3647 4261 3770 4329 φῶς

498 4354 645 4407 enim
663 4366 758 4422 per
772 4351 971 4415 simile,
997 4349 1197 4419 inquit,
1223 4348 1477 4404 videntur
1498 4347 1723 4415 similia,
1752 4357 1809 4405 et
1831 4364 1941 4404 non
1976 4349 2078 4404 nisi

2183 4354 2418 4424 ὀφθῆναι
2453 4354 2531 4423 μὴ
2554 4354 2617 4408 ὲν
2662 4352 2741 4425 τῷ
2773 4354 2917 4423 φωτὶ
2944 4353 3358 4426 καθορώμενον,
3418 4352 3652 4422 εὔδηλον
3679 4354 3770 4405 ὅτι

501 4445 558 4497 in
594 4442 801 4496 lumine
826 4448 1006 4510 potest
1037 4440 1221 4495 lumen
1242 4440 1435 4507 videri,
1464 4440 1813 4511 perspicuum
1849 4455 1983 4497 sane
2002 4449 2086 4495 est

498 4546 559 4590 et
591 4534 769 4603 ipsum
822 4532 1154 4602 Stephanum
1185 4531 1355 4601 gloria
1406 4529 1647 4599 Spiritus
1680 4542 1810 4587 ante
1842 4531 2085 4588 illustra-

504 4638 622 4680 tum
653 4624 1007 4690 conspexisse
1032 4622 1259 4692 gloriam
1294 4622 1467 4678 Patris
1493 4634 1547 4678 et
1576 4623 1698 4678 Filii
1731 4644 1745 4679 :
1778 4621 2082 4693 Stephanus

504 4716 667 4779 enim,
698 4712 894 4782 inquit,
925 4728 1045 4766 cum
1068 4721 1199 4767 esset
1230 4713 1416 4781 plenus
1459 4712 1661 4783 Spiritu
1729 4725 1936 4781 sancte,
1960 4716 2088 4769 vidit

508 4807 731 4880 gloriam
758 4805 872 4870 Dei,
905 4804 1117 4875 ejusque
1145 4802 1488 4875 Unigeuitum
1519 4808 1561 4860 ί.
1590 4806 1725 4861 Nam
1757 4807 1902 4876 quod
1936 4807 2092 4861 Scri-

512 4906 671 4966 ptura
704 4895 893 4959 tacuit,
923 4909 1257 4950 enumerans
1296 4911 1418 4964 qua:
1451 4895 1603 4952 fuere
1633 4897 1771 4961 visa,
1790 4896 1903 4967 jam
1930 4905 2092 4952 antea

484 4995 789 5059 posuerat,
821 4987 949 5041 dum
984 4988 1221 5043 asseruit
1272 5004 1301 5042 a
1321 4990 1494 5059 gratia
1520 4988 1760 5057 Spiritus
1792 4989 2090 5059 proiectam

400 5108 420 5116 ο
510 5094 634 5136 esse
667 5078 1029 5134 elevationem
1086 5094 1150 5134 ac
1205 5081 1466 5135 visionem
1517 5079 1664 5134 illam
1698 5079 2089 5150 martyris;et

510 5180 628 5220 rem
698 5165 837 5220 adeo
875 5166 1192 5234 praeclaram
1220 5168 1500 5224 exstitisse
1531 5183 1637 5223 non
1672 5170 1923 5224 humanae
1952 5184 2090 5240 opus

509 5255 769 5321 solertiae,
831 5256 926 5311 sed
984 5256 1182 5312 divinae
1245 5259 1483 5313 virtutis.
1517 5257 1617 5312 Est
1667 5259 1834 5329 igitur
1899 5276 2088 5316 verum

512 5348 873 5418 undecunque
927 5345 1289 5416 colligendum
1342 5362 1503 5417 aputu
1559 5349 1813 5417 exemplo
1871 5350 2093 5405 sedula-

516 5454 633 5492 rum
661 5455 676 5492 :
706 5439 914 5495 idcirco
943 5439 1088 5495 cnim
1116 5449 1171 5495 et
1199 5439 1432 5496 scrutari
1463 5439 1722 5509 iubemur
1752 5439 2085 5512 Scripturas,

595 5631 612 5659 ¹
644 5636 764 5685 Act.
788 5649 884 5692 vu.
912 5634 1001 5688 55.

2184 4447 2278 4500 καὶ
2302 4446 2578 4515 Στέφανος
2613 4445 3133 4523 προκαταυγασθεὶς
3162 4448 3228 4515 τῇ
3281 4445 3408 4518 δόξῃ
3448 4446 3545 4497 τοῦ
3586 4442 3774 4496 Πνεῦ-

2188 4552 2386 4605 ματος,
2421 4536 2479 4588 ὲν
2523 4533 2777 4605 περινοίᾳ
2805 4534 2903 4604 τῆς
2954 4534 3051 4587 τοῦ
3108 4535 3324 4605 [ἰατρὸς
3376 4535 3471 4588 καὶ
3499 4532 3595 4585 τοῦ
3631 4531 3772 4584 Υίοῦ

2184 4627 2342 4695 δόξης
2381 4624 2619 4693 ἐγένετο.
2677 4623 2951 4691 Στέφανος
2998 4624 3130 4694 γὰρ,
3192 4625 3367 4697 φησὶ,
3418 4623 3651 4692 πλήρης
3694 4620 3774 4673 ὢν

2189 4719 2510 4789 Πνεύματος
2543 4715 2702 4784 ἁγίου
2723 4712 2836 4769 εἶδε
2873 4716 2975 4786 τὴν
3001 4716 3160 4782 δόξαν
3202 4716 3299 4770 τοῦ
3356 4715 3491 4769 Θεοῦ
3541 4716 3639 4768 καὶ
3678 4714 3775 4767 τὸν

2190 4809 2479 4879 Μονογενῆ
2502 4807 2599 4861 τοῦ
2648 4807 2808 4863 Θεοῦ.
2842 4808 2909 4861 Ὃ
2938 4807 3048 4879 γὰρ
3082 4812 3374 4878 σεσίγηκεν
3403 4808 3436 4877 ἡ
3468 4807 3668 4879 Γραφὴ
3712 4808 3775 4860 ἐν

2190 4907 2258 4974 τῇ
2283 4902 2393 4956 τῶν
2426 4901 2712 4969 φανέντων
2740 4897 3147 4970 ἀπαριθμήσει,
3184 4899 3346 4953 τοῦτο
3380 4898 3599 4953 τέθεικε
3631 4901 3774 4970 πρέ-

2191 5011 2352 5066 τερον
2374 5030 2392 5058 ,
2424 4992 2527 5061 τῆς
2560 4991 2659 5063 τοῦ¹
2684 4991 3004 5062 Πνεύματος
3056 4990 3281 5061 χάριτος
3315 4990 3477 5061 ἔργον
3502 4985 3646 5046 εἶναι
3673 4993 3777 5064 τὴν

2191 5089 2410 5159 ῦψωσιν
2438 5086 2534 5142 καὶ
2563 5086 2663 5156 τὴν
2698 5086 2936 5155 θεωρίαν
2961 5085 3184 5157 ἐκείνην
3214 5084 3309 5142 τοῦ
3338 5074 3623 5163 μάρτυρος
3641 5088 3780 5141 ἀπο·

2198 5177 2517 5249 φηναμένη,
2552 5176 2960 5245 καὶδυνάμεως
2989 5170 3132 5229 εἶναι
3176 5174 3350 5241 θείας,
3412 5175 3513 5230 οῦκ
3568 5175 3780 5246 ἀνθρω-

2196 5270 2364 5337 πίνης
2409 5269 2659 5339 μηχανῆς
2705 5268 2775 5322 se
2801 5267 3160 5339 κατόρθωμα.
3209 5267 3375 5321 Ὥστε
3432 5268 3782 5338 πανταχόθεν

2199 5360 2482 5429 συλλέγειν
2542 5360 2624 5414 δεῖ
2671 5360 2902 5433 τάληθὲς
2969 5359 3232 5430 καθάπερ
3295 5358 3394 5425 τὰς
3454 5342 3783 5429 φιλοπόνους

2203 5452 2458 5524 μελίττας
2479 5469 2491 5483 υ
2518 5453 2607 5507 διὰ
2644 5453 2755 5525 γὰρ
2787 5452 2946 5508 τοῦτο
2977 5452 3067 5507 καὶ
3104 5452 3336 5524 ιρευνᾷν
3401 5453 3502 5517 τὰς
3542 5453 3784 5525 ,Γραφᾶς
