3948 6186
397 210 499 278 487

1450 205 1822 267 GENNADII
1863 206 1972 267 ΟΡ.
2011 206 2518 266 PATRIARCHrF.

3538 204 3647 266 483

411 337 558 406 quod
592 348 730 400 opus
756 339 922 395 esset,
958 338 1073 383 tum
1114 328 1359 396 exempla
1396 328 1661 395 majorum
1692 328 1968 397 sequenda

2077 327 2388 396 φθάσαντας
2441 324 2635 393 ζηλοῦν
2689 323 2873 389 ἀξιῶν,
2910 322 3048 376 ἀλλά
3087 323 3184 376 καὶ
3241 322 3441 387 πάντες
3502 324 3644 394 ὁμοῦ

402 427 630 487 ducens,
666 422 757 477 sed
793 420 1028 475 universi
1051 419 1215 474 etiam
1251 423 1583 473 sententiam
1615 419 1757 474 hanc
1781 434 1970 486 seque-

403 517 623 579 bantur,
671 515 715 570 si
752 512 975 583 quando
1032 512 1158 566 illos
1189 510 1408 566 occasio
1468 511 1805 590 suscipiendi
1874 527 1971 580 pro

404 606 633 661 veritate
670 604 973 659 certamina
1023 617 1189 656 unum
1245 601 1298 655 in
1345 603 1526 656 locum
1591 613 1968 672 congregaret.

406 697 498 754 Sic
524 700 739 763 Patres,
768 697 862 765 qui
919 698 1152 765 primum
1185 711 1497 759 convenere
1542 694 1800 758 Nicaeam,
1845 710 1970 749 cum

398 790 700 860 periculunt
742 798 906 852 esset,
954 803 1023 843 ne
1091 789 1183 841 Dei
1237 786 1422 842 Patris
1474 795 1638 856 atque
1694 784 1972 856 Unigeniti

399 883 785 948 exploderetur
811 880 1112 949 aequalitas,
1152 894 1251 949 pro
1282 895 1345 933 ea
1383 878 1496 947 ipsa
1529 886 1970 946 propugnarunt.

398 973 708 1028 Censebam
756 973 925 1033 enim,
971 971 1412 1024 audiendusnon
1481 984 1605 1023 esse
1647 968 1973 1039 simpliciter

398 1078 515 1124 eos,
574 1064 664 1131 qui
732 1063 797 1115 ad
842 1061 1182 1131 probandum
1240 1061 1613 1126 mendacium,
1673 1060 1973 1130 Scriptum

398 1154 689 1217 sententiis
743 1154 851 1204 vim
912 1151 1251 1216 all‘erebant;
1317 1152 1410 1206 sed
1473 1167 1597 1205 cum
1658 1152 1970 1221 opinionem

398 1245 643 1314 opinioni
703 1244 947 1298 viderent
985 1244 1347 1308 contrariam,
1386 1258 1622 1311 pugnam
1658 1258 1786 1297 vero
1829 1244 1971 1297 hanc

397 1337 464 1390 ad
501 1335 841 1404 St-ripturatn
876 1347 1098 1402 quoque
1146 1334 1456 1402 pervenire,
1516 1348 1639 1402 quae
1702 1333 1971 1403 oppositis

397 1424 581 1481 favere
646 1424 931 1478 videbatur
986 1422 1365 1492 Opinionibus,
1422 1432 1686 1492 putarunt
1749 1424 1971 1492 quidem

399 1515 734 1586 impossibile
785 1515 958 1570 solam
1013 1516 1261 1570 veritatis
1316 1518 1631 1584 magistram
1684 1517 1788 1573 sibi
1859 1533 1970 1573 non

399 1619 673 1672 constare,
713 1621 1057 1675 nequaquam
1089 1620 1218 1660 vero
1264 1608 1541 1676 aliquibus
1568 1609 1687 1677 ejus
1726 1609 1971 1678 partibus

396 1696 534 1750 alias
593 1695 844 1763 praeferre
894 1694 1207 1758 voluerunt,
1271 1696 1365 1750 sed
1405 1706 1797 1767 congruentem
1848 1715 1972 1754 cum

401 1787 657 1861 universa
688 1784 969 1853 Scriptura
992 1785 1320 1839 sententiam
1345 1794 1749 1855 compererunt,
1782 1803 1975 1858 nempe

400 1878 597 1937 Filium
634 1892 757 1932 esse
784 1877 930 1931 Patri
959 1878 1244 1947 aequalem,
1274 1894 1573 1948 verumque
1618 1880 1811 1935 Deum.
1869 1881 1976 1937 Su-

403 1970 551 2024 blata
579 1972 724 2024 enim
750 1970 1060 2037 aequalitate
1082 1969 1388 2024 divinarum
1412 1985 1793 2039 personarum,
1828 1973 1975 2027 vidc-

400 2072 589 2116 rcutur
615 2061 831 2131 quidem
870 2061 1106 2117 fortasse
1147 2077 1270 2131 qua:
1325 2062 1592 2118 humilius
1648 2065 1717 2120 de
1769 2064 1973 2121 Christi

402 2153 1382 2217 humanitatedicunturconsistere,
1430 2164 1487 2210 at
1552 2170 1683 2211 vero
1746 2171 1847 2227 pro
1904 2157 1975 2214 iis

401 2262 523 2317 quae
546 2248 678 2300 dant
702 2244 983 2300 Diviuitati
1017 2246 1420 2309 testimonium,
1461 2246 1668 2302 frustra
1702 2256 1847 2303 esset
1876 2263 1974 2304 su—

397 2340 541 2395 blata
570 2356 585 2393 :
614 2339 837 2394 immota
877 2352 1006 2393 vero
1062 2337 1155 2391 illa
1188 2346 1463 2404 manente,
1518 2344 1753 2407 utraque
1825 2339 1974 2394 salva

395 2446 518 2486 esse
551 2440 824 2500 poterant.
858 2428 1009 2483 Hane
1041 2429 1206 2495 igitur
1233 2429 1334 2492 illi,
1368 2444 1488 2498 quae
1528 2428 1730 2483 bellum
1767 2430 1977 2484 excita-

396 2520 516 2584 bat,
574 2528 997 2588 proposuerunt,
1061 2532 1163 2572 nec
1204 2516 1354 2585 prius
1384 2514 1759 2583 ,destitet'unt,
1808 2534 1974 2588 quam

399 2611 528 2665 huic
567 2610 849 2665 victoriam
877 2608 1185 2674 tribuerint,
1242 2617 1298 2662 et
1355 2607 1673 2678 Scriptura,
1703 2610 1846 2676 quod
1882 2625 1977 2680 per

404 2703 729 2759 sententiam
795 2702 940 2756 illam
996 2701 1075 2767 lit,
1132 2701 1568 2757 convenientiam
1621 2717 1978 2758 consensum-

402 2810 510 2865 que
560 2792 917 2860 reddiderint.
978 2792 1183 2847 llorum
1244 2791 1518 2857 studium,
1571 2807 1637 2848 ac
1678 2793 1977 2850 certamina

402 2887 710 2957 propietate
736 2896 988 2955 suscepta
1021 2884 1303 2940 consecuti
1359 2884 1477 2950 alii,
1533 2869 1697 2950 primi
1756 2896 1976 2955 quoque

400 2980 555 3033 fuere
586 2977 728 3032 modi
762 2977 922 3046 hujus
943 2975 1235 3031 adhibendi
1266 2975 1638 3030 aemulatores.
1666 2975 1743 3030 De
1808 2977 1974 3033 rebus
2001 3003 2045 3064 ο

398 3074 542 3125 enim
600 3078 729 3122 tunc
780 3069 833 3121 in
892 3068 1323 3123 controversiam
1376 3066 1628 3123 deductis
1675 3067 1755 3124 illi
1809 3068 1975 3125 etiam

398 3168 586 3212 rxaeta
606 3172 857 3226 ρε-ιτριμιο
881 3154 1188 3233 diligentia,
1220 3163 1478 3211 caventes
1505 3171 1572 3211 ne
1597 3172 1706 3228 qua
1735 3172 1799 3213 ex
1823 3167 1977 3228 parte

401 3248 682 3316 Scriptura
700 3245 1143 3311 labefactaretur,
1174 3245 1347 3300 tulere
1368 3246 1719 3313 sententiam,
1742 3254 1798 3302 et
1823 3248 1972 3303 dein-

400 3354 527 3408 ceps
563 3352 903 3406 unaquazque
941 3338 1185 3415 synodus
1234 3338 1423 3392 eadem
1464 3348 1644 3393 mente
1706 3341 1975 3409 quaestio-

402 3446 530 3483 num
562 3429 697 3483 alias
732 3429 891 3483 aliter
918 3429 1244 3496 agitatarum
1296 3430 1679 3485 tractationem
1713 3431 1976 3502 suscepit,

402 3536 463 3580 ιι
494 3540 557 3579 ex
588 3524 845 3579 omnibus
877 3540 982 3578 una
1009 3539 1135 3578 vere
1185 3538 1347 3579 aurea
1376 3532 1568 3579 catena
1609 3538 1857 3579 connexa
1882 3525 1975 3588 sit.

401 3615 550 3667 muni
593 3614 795 3683 pariter
830 3612 1240 3682 pulchritudine
1287 3621 1504 3679 ornata,
1554 3613 1855 3683 eademque
1920 3615 1973 3669 in

348 3742 363 3748 ι
400 3705 728 3760 declat-aude
764 3704 1059 3775 Seripturae
1109 3718 1271 3759 sensu
1327 3705 1536 3774 optime
1599 3717 1858 3759 conserta
1914 3712 1971 3759 ct

401 3806 679 3868 coaptata.
707 3797 967 3862 Quamvis
995 3797 1138 3852 enim
1170 3796 1372 3867 singuli
1402 3812 1510 3852 non
1536 3806 1764 3868 possent
1794 3812 1890 3867 per
1916 3812 1976 3853 se

404 3890 555 3960 ipsos
594 3889 912 3943 adiuvenire
961 3891 1106 3959 quod
1151 3897 1356 3945 rectum
1428 3898 1483 3945 et
1535 3905 1750 3960 :rquum
1809 3901 1974 3957 esset,

403 3980 765 4050 suppetebant
789 3990 966 4033 tamen
1002 3981 1398 4048 posterioribus
1418 3982 1661 4051 priorum
1684 3982 1932 4052 exempla
1957 4000 1971 4037 :

399 4074 547 4142 quod
585 4072 629 4126 si
656 4075 818 4139 etiam
856 4071 940 4126 bis
968 4074 1297 4138 caruissent,
1332 4082 1481 4129 certe
1510 4071 1747 4144 Spiritus
1769 4073 1975 4129 auxilio

401 4174 653 4233 poterant
687 4162 788 4233 ipsi
833 4178 928 4233 per
958 4178 1016 4217 se
1072 4172 1246 4219 totum
1282 4165 1388 4219 hoc
1419 4164 1633 4235 egregie
1690 4175 1973 4234 praestare.

400 4257 587 4325 Itaque
615 4271 731 4312 non.
782 4255 945 4309 modo
1000 4264 1318 4310 sanctorum
1359 4254 1594 4324 quisque
1652 4256 1970 4325 separatim,

2075 421 2307 487 ταυτησὶ
2336 420 2432 486 τῆς
2458 417 2685 487 γνώμης
2726 416 2987 482 ἐγίνοντο,
3017 415 3178 470 ὁπότε
3219 416 3327 469 τῶν
3377 416 3517 486 ὑπὲρ
3546 419 3647 487 τῆς

2074 508 2333 577 ἀληθείας
2365 508 2593 576 ἀγώνων
2624 506 2821 568 αὐτοὺς
2856 507 2889 576 ἡ
2940 506 3101 575 χρεία
3148 505 3406 574 συνῆγεν.
3435 506 3647 559 Λύτίκα

2073 602 2183 670 γάρ
2217 600 2265 651 οί
2302 600 2360 652 τὸ
2392 599 2609 669 πρῶτον
2638 597 2988 661 συνελθόντες
3020 599 3082 650 ὲν
3138 597 3348 668 Νικαία
3377 598 3641 667 Πατὲρες,

2071 692 2172 759 τῆς
2219 694 2353 760 πρὸς
2413 690 2506 743 τὸν
2547 690 2769 759 Πατέρα
2828 687 2926 741 τοῦ
2980 688 3323 756 Μονογενοῦς
3367 689 3645 760 ἰσοτιμίας

2073 781 2494 852 κινδυνευούσης
2525 780 2911 846 ἐκϐάλλεσθαι,
2941 781 3133 834 τοῦτον
3168 781 3261 833 τὸν
3292 783 3496 851 τρόπον
3514 798 3643 850 προ·

2071 873 2310 942 ἐστησαν
2333 889 2348 905 ’
2379 873 2440 927 ού
2468 874 2577 943 γὰρ
2608 872 2800 943 ἠξίουν
2830 872 3130 941 προσέχειν
3189 871 3373 934 ἁπλῶς
3403 873 3514 933 τοῖς
3569 874 3646 934 εἰς

2072 964 2353 1030 ἀπόδειξιν
2375 965 2468 1019 τοῦ
2497 964 2724 1034 ψεύδους
2758 965 3116 1035 βιαζομένους
3148 966 3214 1018 τὰ
3267 964 3365 1033 τῆς
3424 962 3647 1031 Γραφῆς

2074 1057 2365 1127 ἀξιώματα
2388 1074 2402 1089 ⁶
2435 1059 2571 1112 ἀλλά
2614 1058 2740 1129 δόξῃ
2773 1057 2873 1127 μὲν
2928 1057 3086 1124 δόξαν
3128 1056 3443 1127 μαχομένην
3479 1056 3648 1123 δρῶν-

2073 1166 2187 1215 τες,
2217 1150 2310 1203 τὸν
2359 1150 2416 1204 δὲ
2452 1150 2687 1216 πόλεμον
2716 1150 2909 1203 τοῦτον
2959 1151 3053 1203 καί
3102 1148 3239 1218 πρὸς
3290 1149 3389 1215 τὴν
3423 1148 3651 1217 Γραφὴν

2032 1250 2038 1255 ’
2075 1240 2511 1311 διαϐαίνοντα,ἢ
2550 1242 2672 1303 ταῖς
2709 1239 2984 1303 ἐναντίαις
3037 1238 3217 1303 δόξαις
3274 1240 3447 1290 ἐδόκει
3482 1253 3651 1304 συνη-

2072 1334 2279 1403 γορεϊν,
2327 1332 2427 1403 τὴν
2463 1332 2563 1402 μὲν
2626 1332 2797 1402 μόνην
2843 1330 2942 1401 τῆς
3006 1330 3272 1401 ἀληθείας
3327 1330 3652 1383 διδάσκαλον

2072 1423 2336 1479 ἀδύνατον
2396 1426 2653 1496 ινόμισαν
2688 1419 2831 1479 εἶναι
2888 1424 3249 1494 περιπίπτειν
3311 1424 3484 1493 αὐτῇ·
3534 1422 3651 1474 οὔτ’

2073 1513 2333 1583 ἠξίωσαν,
2365 1514 2505 1568 ἀλλά
2555 1514 2758 1584 μᾶλλον
2792 1515 2971 1569 ἀλλων
3032 1515 3199 1583 τιμᾷν
3233 1513 3402 1579 αὐτῆς
3468 1513 3614 1581 μέρη
3632 1529 3647 1543 ·

2076 1607 2175 1675 τὴν
2199 1605 2246 1658 δ’
2280 1606 2473 1676 άπάσῃ
2509 1609 2574 1674 τῇ
2628 1607 2815 1677 Γραφῇ
2854 1604 3259 1675 συμφωνοῦσαν
3294 1604 3455 1669 δόξαν
3489 1604 3656 1674 ἀνεῦ-

2080 1713 2196 1768 ρον,
2224 1697 2349 1767 ἥτις
2369 1693 2437 1768 ἦν
2461 1700 2497 1768 ή
2524 1697 2603 1767 τῷ
2628 1698 2804 1766 Πατρὶ
2827 1698 2920 1750 τὸν
2955 1697 3083 1750 Υίὺν
3104 1696 3219 1749 ἴσον
3251 1691 3392 1749 εἶναι
3416 1697 3650 1757 τιθεῖσα,

2078 1791 2175 1843 καὶ
2209 1789 2343 1842 Θεδν
2391 1789 2590 1858 ἀληθῆ.
2641 1789 2752 1857 Τῆς
2811 1788 2920 1858 γὰρ
2963 1788 3071 1841 τῶν
3124 1784 3283 1841 θείων
3339 1786 3652 1858 προσώπων

2080 1881 2359 1950 ἰσοτιμίας
2384 1881 2812 1951 ἀναιρουμένης.
2840 1880 2987 1945 ἔδοξε
3024 1880 3125 1949 μιν
3167 1878 3235 1933 ἃν
3266 1880 3398 1943 ἴσως
3424 1884 3491 1935 tit
3519 1882 3649 1950 mp‘

2075 1970 2170 2025 τοῦ
2206 1970 2444 2041 Χριστοῦ
2476 1971 2863 2041 ταπεινότερον
2905 1987 2965 2023 τε
3006 1971 3100 2024 καὶ
3155 1971 3653 2041 ἀνθρωπικώτερον

2074 2062 2347 2131 λεγόμενα
2405 2061 2703 2128 σώζεσθαι,
2744 2062 2859 2126 τοῖς
2915 2061 2972 2114 δὲ
3004 2061 3102 2131 τὴν
3157 2061 3389 2128 θεότητα
3440 2078 3657 2134 μαρτυ-

2077 2155 2233 2229 ροῦσι
2280 2154 2463 2226 μάτην
2499 2153 2805 2226 ἀνῃρῆσθαι
2851 2156 3246 2226 περιεγεγόνει.
3306 2155 3555 2224 Ἑκείνης
3608 2157 3655 2210 δ’

2075 2247 2340 2317 ἀκινήτου
2374 2244 2666 2316 μενούσης,
2698 2244 2796 2299 καὶ
2825 2244 3158 2315 ἀμφοτέροις
3191 2247 3405 2307 τούτοις
3437 2245 3654 2316 ὑπῆρχε

2076 2340 2323 2407 κρατεῖν.
2377 2337 2598 2407 Ταύτην
2629 2332 2723 2390 οὖν
2756 2338 2858 2408 τῆς
2886 2335 2978 2389 τὸν
3001 2337 3237 2407 πόλεμον
3260 2336 3657 2407 ἀνεγειρούσης

2076 2429 2484 2500 προύτίμησαν,
2526 2429 2638 2484 οὐδ’
2675 2428 2994 2499 ἀπέστησαν
3048 2428 3157 2490 ἕως
3202 2428 3378 2502 ταύτῃ
3433 2429 3531 2497 μὲν
3593 2430 3657 2482 τὸ

2076 2521 2252 2592 νικᾷν,
2275 2523 2342 2591 τῇ
2362 2521 2418 2575 δὲ
2455 2520 2645 2591 Γραφῇ
2672 2520 2732 2574 τὸ
2780 2519 3068 2589 γινόμενον
3093 2520 3163 2573 δι’
3202 2519 3369 2590 αὐτῆς
3429 2520 3525 2573 καὶ
3546 2508 3657 2591 ’τὴν

2079 2614 2402 2685 συμφωνίαν
2430 2613 2726 2668 ἀπέδοσαν.
2764 2610 2986 2665 Τούτων
3018 2611 3171 2665 ἄλλοι
3212 2612 3341 2675 τοὺς
3379 2612 3522 2683 ὑπὲρ
3549 2613 3657 2679 τῆς

2077 2702 2363 2765 εὐσεϐείας
2391 2703 2607 2771 ἀγῶνας
2640 2705 2737 2757 καὶ
2765 2704 2866 2773 τὴν
2916 2702 3230 2774 πριιθυμ⁹αν
3277 2702 3659 2771 ἐκδεξάμενοι,

2076 2793 2287 2862 πρῶτοι
2312 2793 2524 2861 καὶτῆς
2568 2792 2698 2865 περὶ
2722 2792 2897 2847 ταῦτα
2927 2792 3153 2864 μεθόδου
3184 2796 3528 2865 κατέστησαν
3559 2795 3661 2865 ζηο

2076 2880 2246 2935 λωταί
2274 2896 2290 2911 °
2333 2881 2445 2945 τοῖς
2471 2881 2578 2951 γὰρ
2614 2881 2737 2934 τότε
2771 2880 3053 2952 ζητηθεῖσι
3082 2882 3179 2934 καὶ
3208 2871 3353 2933 οὗτοι
3380 2879 3521 2949 μετά
3550 2882 3659 2949 τῆς

2078 2971 2248 3042 αὐτῆς
2279 2970 2561 3034 ἀκοισείας
2591 2970 2684 3026 καὶ
2712 2969 2809 3023 τοῦ
2857 2971 3199 3042 πανταχόθεν
3262 2972 3365 3040 την
3418 2970 3652 3042 Γραφὴν

2082 3063 2373 3132 φυλάττειν
2417 3062 2736 3126 ἀσάλευτον,
2795 3063 2895 3132 τὴν
2931 3062 3112 3132 κρίσιν
3160 3062 3469 3137 ἀπέδωκαν.
3544 3064 3659 3116 Καὶ

2082 3158 2234 3211 πᾶσα
2259 3155 2475 3219 σύνοδος
2514 3154 2716 3224 ἑφεξῆς
2765 3156 2905 3223 μετά
2936 3154 3036 3223 τῆς
3068 3155 3237 3221 αὐτῆς
3271 3154 3506 3216 διανοίας
3524 3155 3659 3222 περὶ

2082 3249 2190 3304 τῶν
2228 3247 2421 3301 ἄλλοτε
2467 3246 2643 3310 άλλως
2694 3246 3049 3317 ζητουμένων
3096 3246 3392 3314 ἐσκέψατο,
3438 3246 3516 3308 ὡς
3566 3246 3658 3299 δεά

2084 3342 2276 3395 πασῶν
2310 3342 2441 3405 μίαν
2468 3340 2588 3394 τινὰ
2626 3339 2837 3409 χρυσῆν
2864 3339 2938 3402 ὡς
2972 3338 3192 3408 ἀληθῶς
3225 3338 3658 3408 ἀποτελεσθῆναι

2083 3431 2295 3502 σειρὰν,
2340 3433 2463 3502 ίσην
2509 3431 2682 3485 ἅπασι
2732 3433 2846 3494 τοῑς
2916 3431 3125 3495 καλοῖς,
3173 3432 3309 3501 πρὸς
3362 3432 3419 3483 δὲ
3464 3432 3559 3484 καὶ
3592 3434 3658 3502 τῇ

2084 3524 2212 3592 περὶ
2241 3521 2351 3575 τῶν
2382 3523 2618 3594 Γραφῶν
2656 3522 2852 3596 γνώμῃ
2901 3523 3311 3595 συμσεὸηκυίαν
3337 3524 3532 3595 ἄριστα
3564 3529 3659 3578 καὶ

2083 3616 2559 3685 συνηρμοσμένην.
2596 3615 2657 3669 Et
2688 3618 2794 3685 γάρ
2827 3617 2924 3669 καὶ
2966 3615 3041 3683 μὴ
3069 3615 3199 3687 παρ’
3258 3616 3469 3670 ἑαυτῶν
3522 3617 3659 3671 ἔκα-

2084 3724 2200 3761 στοι
2224 3709 2279 3760 τὸ
2311 3707 2477 3761 καλὸν
2510 3709 2605 3759 καὶ
2660 3708 2870 3761 δίκαιον
2908 3702 3057 3778 εἳχον
3090 3708 3385 3779 εὑρίσκειν,
3436 3708 3556 3762 ἀλλ’
3592 3705 3662 3781 ἦν

2081 3799 2147 3851 ὲκ
2187 3797 2295 3852 τῶν
2320 3799 2604 3868 προτέρων
2640 3799 2750 3860 τοῖς
2778 3799 3023 3869 ὑστέροις
3081 3799 3150 3853 τὰ
3212 3790 3660 3871 παραδείγματα.

2083 3888 2144 3942 Εἰ
2170 3887 2225 3940 δὲ
2258 3888 2351 3941 καὶ
2386 3888 2591 3941 τούτων
2615 3888 2879 3958 ἠπόρουν,
2938 3888 3054 3941 ἀλλ’
3098 3889 3312 3943 οἴκοθεν
3355 3892 3513 3947 αὐτοὶ
3559 3910 3661 3947 κατ

2080 3983 2308 4053 τορθοῦν
2339 3981 2607 4053 ἠδύναντο
2628 3982 2703 4052 τῷ
2729 3981 3006 4051 Πνεύματι
3038 3981 3416 4052 βοηθούμενοι,
3445 3985 3576 4038 ὥστ’
3599 3989 3661 4039 o‘.

2085 4075 2251 4146 μόνον
2273 4074 2499 4128 ἕκαστοι
2535 4074 2642 4128 τῶν
2678 4073 2850 4141 ἀγίων
2884 4074 3076 4143 χωρὶς,
3120 4074 3258 4127 ἀλλά
3306 4075 3399 4130 καὶ
3455 4081 3663 4140 πάντες

2079 4167 2217 4236 ὁμοῦ
2271 4169 2407 4236 μετά
2457 4166 2556 4235 τῆς
2623 4167 2732 4217 τῶν
2784 4164 2822 4216 Γ
2830 4164 3019 4234 ραφῶν
3091 4165 3409 4234 συμφωνίας
3477 4168 3665 4222 πάντα

2081 4257 2343 4328 ἐποίησαν
2384 4271 2401 4289 ·
2448 4258 2544 4310 καὶ
2579 4258 2655 4327 μὴ
2687 4243 2846 4327 μάθον
2875 4254 2998 4307 καθ’
3037 4254 3157 4319 ἕνα,
3188 4256 3325 4310 άλλά
3368 4257 3461 4311 καὶ
3515 4262 3664 4313 κατά

401 4347 497 4400 sed
535 4348 844 4413 congregati
875 4346 1038 4397 etiam
1086 4358 1277 4398 omnes
1311 4344 1517 4408 omnia,
1561 4356 1775 4397 servata
1834 4358 1969 4397 eon-

2077 4347 2295 4408 πλείους
2326 4346 2423 4416 τὴν
2463 4345 2636 4414 αὐτὴν
2669 4345 2800 4414 περὶ
2829 4344 2939 4396 τῶν
2970 4344 3151 4399 αὐτῶν
3175 4346 3489 4415 προείλοντο
3516 4347 3661 4414 γνώ-

397 4435 584 4489 cordia
610 4435 1047 4503 Scriptutarutn,
1080 4445 1308 4505 egerunt
1343 4449 1357 4487 :
1390 4450 1570 4506 neque
1606 4444 1815 4489 tantum
1841 4435 1975 4504 {sin-

405 4524 653 4594 gulatim,
676 4524 772 4579 sed
802 4525 1114 4595 complures
1141 4541 1358 4596 quoque
1400 4526 1565 4581 simul
1617 4526 1861 4581 eamdem
1910 4526 1978 4580 de

403 4614 600 4668 iisdem
659 4615 900 4669 habuere
950 4617 1301 4673 sententiam.
1343 4615 1531 4686 Neque
1566 4617 1812 4672 docendo
1846 4633 1977 4670 suos

405 4717 670 4777 putarunt
697 4708 998 4764 habendam
1031 4725 1152 4766 esse
1175 4725 1285 4780 pra:
1336 4710 1513 4766 oculis
1569 4723 1970 4781 usquequaque

400 4799 840 4854 convenientiam
878 4801 1284 4871 Scripturarum
1314 4819 1329 4869 ;
1373 4801 1665 4873 pugnando
1694 4817 1821 4856 vero
1850 4818 1973 4857 cutn

400 4890 734 4947 adversariis
771 4889 936 4945 al.qu
972 4907 1096 4947 esse
1149 4902 1372 4949 modum
1430 4893 1823 4959 adhibendum,
1881 4896 1973 4949 sed

399 4984 817 5054 contra,priora
848 4984 950 5039 illis
981 4984 1134 5041 fuere
1172 5001 1314 5056 opus
1374 4994 1593 5056 propter
1645 4986 1973 5056 posteriora.

400 5080 578 5148 Atque
614 5085 673 5131 ut
697 5092 855 5131 nemo
889 5078 1206 5146 apparentia
1266 5086 1479 5131 tantum
1540 5077 1856 5141 attendens,
1894 5078 1974 5131 la-

402 5181 605 5226 tentem
662 5183 789 5223 vero
829 5183 933 5221 non
990 5167 1255 5223 cﬂudtens
1297 5168 1618 5223 thesaurum
1669 5169 1771 5223 sibi
1825 5170 1979 5224 lict-et

401 5276 563 5315 causa
588 5261 818 5323 erroris,
843 5267 1165 5329 putaretque
1202 5258 1337 5312 duce
1368 5259 1433 5311 ad
1458 5260 1755 5332 praecipitia
1816 5259 1977 5313 lumi-

404 5367 473 5406 ne
501 5352 601 5417 uti,
636 5352 760 5407 itlas
788 5352 952 5406 etiam
977 5351 1191 5404 viarum
1217 5351 1565 5419 asperitates,
1595 5351 1698 5405 hoc
1720 5358 1805 5404 est
1832 5351 1973 5415 loca,

402 5457 523 5511 quae
573 5442 826 5495 videntur
869 5454 1117 5496 asserere
1164 5440 1483 5511 pugnantia,
1528 5443 1972 5513 complanabant,

399 5530 761 5599 eumdemqtte
787 5532 838 5584 itt
871 5530 1130 5584 omnibus
1166 5545 1387 5584 sensum
1416 5533 1974 5587 eonsisteredetuon-

401 5619 674 5671 strabant.
712 5621 787 5673 lta
821 5621 984 5675 veluti
1017 5622 1294 5677 communi
1323 5622 1555 5678 consilio
1609 5633 1722 5677 tum
1757 5624 1973 5693 publice

2082 4451 2223 4507 μην·
2247 4436 2356 4488 οὐδ’
2391 4436 2671 4504 ἡγήσαντο
2700 4437 2826 4498 τοὶς
2881 4434 2981 4502 μὲν
3033 4433 3270 4497 οίκείους
3316 4435 3665 4499 διδάσκοντες

2078 4532 2178 4599 τῆς
2208 4528 2315 4583 τῶν
2371 4527 2600 4599 Γραφών
2654 4527 2974 4595 συμφωνίκς
3028 4525 3385 4596 στοχάζεσθαι
3451 4545 3662 4581 παντα-

2078 4619 2197 4688 χοῦ,
2258 4617 2382 4679 τοὺς
2439 4617 2496 4670 δὲ
2539 4618 2669 4686 πρὸς
2723 4618 2846 4679 τοὺς
2900 4615 3176 4677 ἐναντίους
3236 4615 3450 4683 ἀγῶνας
3500 4616 3661 4669 ἄλλον

2077 4710 2201 4762 τινά
2250 4708 2585 4761 διατίθεσθαι
2636 4708 2835 4780 τρόπον
2864 4723 2879 4739 ’
2936 4707 3250 4760 τούναντίον
3294 4707 3402 4778 γὰρ
3457 4708 3662 4779 μᾶλλον

2080 4799 2302 4853 καὶτῶν
2325 4801 2610 4870 προτέρων
2640 4799 2821 4862 αὐτοῖς
2850 4798 2960 4853 τῶν
3007 4799 3248 4871 ὑστέρων
3296 4799 3455 4868 χάριν
3505 4800 3663 4870 ἐδέη-

2082 4907 2163 4944 σε.
2198 4890 2307 4945 Καὶ
2342 4890 2482 4943 ὥστε
2507 4890 2711 4960 μηδένα
2760 4890 2839 4960 τῷ
2898 4891 3210 4961 φαινομένῳ
3266 4894 3428 4961 μόνον
3490 4908 3663 4962 προτ-

2083 4981 2297 5050 ιχοντα,
2330 4981 2419 5033 τὸν
2455 4980 2500 5033 δ’
2552 4982 2868 5051 ἐγκείμενον
2900 4984 3000 5041 οὐκ
3039 4982 3404 5051 ἀνορύττοντα
3452 4982 3662 5053 θησαυο

2081 5075 2196 5145 ρὸν,
2232 5074 2440 5145 πλάνης
2466 5075 2635 5127 αίτιον
2655 5073 2803 5138 αὐτῷ
2825 5076 3175 5145 γεγενῆσθαι.
3204 5075 3297 5129 καὶ
3338 5074 3550 5128 οἴεσθαι
3578 5077 3656 5146 τῷ

2082 5167 2223 5235 φωτὶ
2252 5166 2491 5238 χρῆσθαι
2525 5167 2658 5236 πρὸς
2689 5168 2815 5229 τοὺς
2843 5168 3125 5237 κρημνοὺς
3155 5166 3359 5236 ὁδηγῷ,
3404 5169 3499 5220 καὶ
3529 5169 3659 5220 άνοο

2081 5256 2199 5320 δίας
2230 5261 2327 5321 τὰς
2359 5256 2622 5320 δοκούσας
2651 5258 2949 5324 διαφωνίας
2972 5256 3220 5328 ἐξῄρουν,
3254 5260 3346 5311 καὶ
3373 5258 3467 5309 τὸν
3494 5258 3662 5312 αὐτὸν

2080 5349 2167 5401 διὰ
2208 5350 2424 5403 πάντων
2458 5349 2729 5410 σώζεσθαι
2760 5349 2884 5401 νοῦν
2916 5350 3293 5404 ἀπεδείκνυον.
3349 5349 3509 5405 Οὕτω
3558 5368 3666 5405 και

2081 5443 2261 5513 θάπερ
2292 5443 2400 5496 ἀπὸ
2432 5443 2775 5512 συνθήματος
2801 5445 2894 5496 καὶ
2925 5448 3078 5515 κοινῇ
3119 5446 3213 5497 καὶ
3250 5445 3357 5517 ἰδίᾳ
3382 5445 3479 5497 καὶ
3515 5461 3663 5499 παν-

2080 5535 2249 5603 ταχοῦ
2284 5536 2380 5588 καὶ
2406 5536 2538 5604 πρὶς
2572 5536 2977 5605 πᾶσανιχρείαν
3008 5537 3198 5590 τούτου
3234 5538 3470 5607 μάλιστα
3520 5541 3602 5591 πά
3636 5570 3667 5581 -

2081 5646 2187 5681 των
2219 5630 2566 5699 ἐφριῦντισλν,
2624 5627 2698 5691 ώς
2728 5624 2889 5680 τοῦτο
2926 5629 3219 5699 κεφάλαιον
3250 5629 3310 5683 ὃν
3345 5632 3529 5694 αὐτοῖς
3560 5633 3666 5702 τῆς
