3948 6186
344 341 441 403 491

1453 324 1605 388 GEN
1619 324 1665 386 Ν
1674 323 1835 384 ADII
1875 321 1983 384 (ΣΡ.
2024 313 2538 383 PATlilAiiCILE

3520 322 3628 384 493

351 455 497 506 Itane
529 463 658 517 ergo
705 429 1201 516 philosophandum
1238 448 1321 495 est
1369 439 1436 494 de
1478 436 1760 508 proposita
1797 449 1929 504 quo-

2039 435 2137 489 τοῦ
2171 437 2498 506 πράγματος
2532 437 2644 506 ἔχει
2674 454 2687 503 ;
2723 435 3000 506 Οῦμενουν
3025 454 3036 466 ·
3079 436 3484 505 ἐκπορεύ;σθαι
3519 439 3633 508 γὰρ

347 559 452 611 que
502 537 765 595 materia?
818 535 1059 590 Minime.
1112 531 1414 588 Procedere
1459 531 1662 600 quippe
1704 527 1856 581 illum
1907 540 1939 581 a

348 635 504 696 Filio,
540 643 840 697 rursusque
872 642 981 681 non
1013 624 1335 696 procedere,
1370 621 1602 676 omnino
1627 626 1713 675 est
1737 618 1940 687 impos-

343 725 523 781 sibile.
567 721 752 778 Restat
806 721 970 790 igitur
998 728 1054 772 ut
1096 716 1328 770 altermn
1359 713 1577 768 illorum
1617 711 1687 766 sit
1722 724 1936 764 verum.

344 822 411 874 At
460 825 714 873 neutrum
758 811 886 867 licet
916 826 945 864 e
987 804 1274 878 Scriptura
1311 805 1490 876 planis
1543 803 1724 858 verbis
1776 800 1939 855 desu-

346 925 494 966 mere
524 926 538 964 :
568 904 938 974 colligendum
984 918 1116 972 ergo
1165 911 1250 954 est
1297 915 1361 954 ex
1402 896 1729 967 quibusdam
1787 894 1939 958 aliis,

343 1015 465 1069 qua:
488 997 770 1066 Scriptura
789 995 934 1048 dicat
957 1003 1164 1061 aperte.
1191 986 1268 1043 Ea
1298 988 1463 1059 igitur
1495 983 1894 1041 consideranda
1925 1001 1939 1037 :

345 1092 410 1147 Et
439 1091 482 1146 si
515 1089 733 1160 quidem
759 1085 940 1139 omnia
967 1083 1259 1152 Scripturae
1288 1081 1402 1135 loca
1442 1078 1764 1132 Latinorum
1797 1074 1939 1129 aliir-

345 1182 567 1236 matieni
605 1178 807 1240 favent,
831 1172 1204 1244 amplectenda
1246 1171 1334 1224 illa
1366 1179 1490 1222 cst:
1533 1167 1577 1222 si
1617 1181 1743 1220 vero
1772 1178 1938 1234 nega-

344 1275 474 1330 Iinni
526 1275 884 1332 Graecorum,
940 1265 1236 1335 rejicienda
1287 1258 1597 1316 aliirtnatio.
1647 1256 1826 1313 Veluti
1889 1257 1937 1311 si

343 1367 484 1421 milli
521 1379 551 1420 a
612 1361 773 1417 Patre
829 1370 881 1415 et
933 1353 1072 1413 Filio
1108 1373 1122 1411 :
1157 1359 1202 1412 si
1259 1357 1382 1424 quia
1447 1352 1649 1407 dicitur
1701 1346 1937 1420 Spiritus

342 1469 654 1527 utriusque,
701 1469 812 1508 non
862 1452 1038 1506 solius
1097 1449 1348 1504 videlicet
1402 1439 1603 1511 Patris,
1637 1443 1731 1499 sed
1772 1439 1937 1496 modo

339 1554 559 1623 quidem
612 1548 882 1613 veritatis,
949 1545 1110 1600 modo
1155 1559 1284 1596 vero
1331 1539 1537 1595 Christi
1584 1547 1639 1594 et
1692 1533 1850 1601 Filii;
1889 1534 1934 1589 si

341 1649 485 1718 quod
529 1645 716 1698 omnia
755 1657 874 1710 qua:
915 1637 1076 1692 l’ater
1120 1637 1301 1700 habet,
1355 1633 1465 1687 sint
1500 1633 1667 1687 etiam
1701 1628 1856 1694 Filii;
1889 1628 1934 1684 si

339 1739 587 1806 accipere
633 1751 662 1788 a
705 1733 863 1795 Filio,
905 1741 960 1784 et
989 1726 1363 1785 annuntiare;
1401 1723 1448 1778 si
1487 1722 1604 1775 dari
1647 1719 1934 1792 discipulis

2047 528 2180 582 αὐτὸ
2233 529 2384 597 παρὰ
2415 528 2510 582 τοῦ
2548 529 2705 595 Υἱοῦ,
2732 528 2828 582 καὶ
2862 528 3025 582 πάλιν
3071 529 3170 581 οὐκ
3201 529 3631 600 ἐκπορεύεσθαι,

2046 616 2306 686 καθᾶπαξ
2347 615 2635 675 ἀδύνατον.
2666 615 2929 674 Λείπεται
2955 621 3137 673 τοίνυν
3164 607 3394 692 θάτερον
3420 620 3632 676 τούτων

2045 711 2244 782 ἀληθὲς
2274 708 2433 766 εἶναι.
2499 711 2640 766 ’Λλλ’
2694 713 2978 784 οὐδέτερον
3015 711 3225 766 τούτων
3255 715 3320 766 ὲκ
3354 712 3458 781 τῆς
3489 713 3633 783 Γρα-

2045 805 2151 873 φῆς
2184 803 2484 874 διαρρήδην
2519 801 2639 856 ἔστι
2671 800 2878 858 λαϐεῖν.
2911 793 3122 858 Οὐκοῦν
3157 804 3219 857 ἔκ
3249 821 3414 858 τινων
3453 803 3634 858 ἄλλων

2044 893 2205 947 τοῦτο
2260 895 2595 963 συνάγεσθαι
2662 895 2747 948 δεῖ
2802 897 3056 968 φανερῶς
3115 897 3235 949 ἐκεῖ
3291 897 3629 968 λεγομένων.

2043 985 2226 1038 Ταῦτα
2246 987 2430 1038 τοίνυν
2447 987 2656 1040 δίκαιόν
2673 988 2791 1041 ἐστι
2818 987 3046 1058 θεωρεῖν
3071 1003 3085 1019 °
3115 990 3208 1042 καὶ
3233 988 3283 1041 εί
3313 989 3413 1059 μὲν
3447 988 3631 1042 πάντα

2042 1076 2110 1131 τὰ
2141 1077 2238 1146 τῆς
2273 1077 2499 1148 Γραφῆς
2533 1081 2598 1148 τῇ
2636 1079 2747 1132 τῶν
2779 1080 3025 1135 Λατίνων
3066 1080 3258 1151 βοηθεῖ
3290 1082 3628 1148 καταφάσει,

2043 1169 2247 1238 ταύτην
2291 1169 2508 1224 ἑλέσθαι
2536 1187 2550 1203 ι
2578 1173 2626 1224 εἰ
2675 1172 2732 1225 δὲ
2775 1175 2840 1242 τῇ
2887 1173 2996 1227 τῶν
3032 1175 3294 1244 Γραικῶν
3321 1175 3626 1243 ἀποφάσει,

2041 1261 2142 1332 τὴν
2191 1264 2501 1330 κατάφασιν
2545 1264 2857 1333 ἀτιμάζειν.
2916 1262 3041 1319 ϐίον
3091 1270 3140 1321 εἰ
3191 1269 3252 1321 τὸ
3305 1267 3628 1336 πέμπεσθαι

2041 1355 2196 1424 παρὰ
2228 1356 2441 1427 Πατρδς
2469 1359 2563 1410 καὶ
2595 1357 2726 1411 Υἱοῦ
2751 1374 2764 1388 ’
2798 1359 2845 1412 εἰ
2879 1358 2940 1412 τὸ
2971 1359 3066 1414 καὶ
3095 1361 3432 1431 ’ἀμφοτέρων
3468 1361 3628 1430 λέγε-

2042 1447 2165 1500 σθαι
2220 1448 2470 1520 Πνεῦμα,
2499 1449 2558 1503 οὐ
2603 1449 2768 1520 μόνον
2797 1450 3040 1520 δηλονότι
3095 1451 3325 1523 Πατρὺς,
3359 1453 3476 1506 ἀλλ’
3498 1453 3630 1508 ἔνθα

2044 1537 2143 1606 μὲν
2199 1537 2482 1610 ἀληθείας,
2515 1539 2643 1595 ἔνθα
2699 1541 2755 1594 δὲ
2815 1543 3054 1614 Χριστοῦ
3115 1545 3208 1597 καὶ
3267 1544 3433 1599 Υἱοΐν
3469 1547 3518 1600 εί
3564 1547 3632 1600 τὸ

2041 1629 2216 1685 πάντα
2252 1631 2322 1685 τὰ
2348 1619 2680 1704 τοῦἾΙατρδς
2709 1634 2855 1706 ἔχειν
2880 1636 2974 1689 καὶ
3005 1635 3094 1691 τὸν
3127 1637 3257 1691 Υίόν
3277 1639 3365 1697 ’,εί
3387 1637 3448 1692 τὸ
3473 1640 3630 1710 παρὰ

2039 1724 2133 1779 τοῦ
2166 1724 2296 1779 Υἱοῦ
2321 1725 2623 1797 λαμϐάνειν
2658 1727 2754 1780 καὶ
2785 1728 3141 1796 ἀναγγέλλει-ι
3161 1743 3175 1757 ·
3201 1730 3249 1782 εί
3285 1728 3484 1794 tre-toi;
3513 1749 3630 1801 μα-

341 1791 605 1899 Spiritnm
668 1821 1044 1878 insulilatiune
1096 1829 1396 1884 corporea;
1451 1814 1496 1868 si
1549 1811 1697 1883 quod
1761 1810 1929 1868 Filius

2041 1817 2235 1888 θηταῖς
2286 1820 2641 1890 ὲμφυσήματι
2673 1819 2978 1891 σωματικῷ
3009 1823 3068 1875 τδ
3107 1822 3333 1891 Πνεῦμα
3359 1824 3625 1880 δίδοσθαι⁴

342 1922 520 1976 mittat
557 1918 707 1972 illum
738 1931 765 1969 a
805 1915 987 1978 Patre,
1023 1911 1164 1966 sicut
1197 1907 1360 1962 Pater
1391 1906 1555 1960 mittit
1588 1901 1839 1960 eumdem
1882 1907 1931 1958 in

341 2016 558 2068 nomine
589 2003 746 2076 Filii;
793 2008 838 2062 si
891 2007 1018 2075 quia
1070 2003 1273 2058 missus
1314 2015 1342 2054 ξι
1375 1999 1513 2054 Filio
1563 1999 1834 2070 glorificet
1867 2000 1930 2053 il-

339 2112 448 2162 lum
471 2146 485 2169 ,
521 2095 981 2174 quemadmodum
1018 2096 1191 2149 Filius
1221 2112 1249 2148 ιι
1282 2091 1444 2150 Patre
1478 2093 1680 2149 missus
1709 2093 1925 2164 gloritio

337 2209 424 2252 rat
479 2213 602 2251 eum
654 2210 682 2249 a
745 2207 854 2269 quo
889 2183 1091 2244 missus
1127 2197 1262 2243 est:
1322 2187 1366 2241 si
1417 2187 1532 2241 haec
1564 2185 1747 2240 omnia
1801 2196 1934 2241 sunt

338 2287 684 2345 :d'lirmationi
733 2299 1000 2348 consona,
1047 2280 1298 2336 habenda
1347 2287 1431 2334 est
1463 2279 1552 2333 illa
1587 2289 1683 2347 pro
1717 2292 1842 2333 vera
1874 2287 1930 2333 et

335 2372 509 2439 certa.
533 2379 745 2435 Rursus
768 2377 812 2434 si
839 2392 942 2448 qua
971 2383 1100 2430 Sunt
1122 2378 1410 2444 perspicua
1432 2371 1736 2442 Scriptura:
1759 2372 1902 2426 dicta
1918 2409 1932 2434 ,

338 2491 458 2543 qua:
507 2472 725 2527 faveant
777 2465 1141 2538 propositioni
1197 2465 1469 2519 asserenti
1511 2461 1773 2532 Spiritum
1817 2479 1924 2516 non

342 2565 634 2637 procedere
669 2578 732 2617 ex
765 2559 929 2623 Filio,
964 2557 1237 2627 negationi
1269 2557 1680 2610 ιιιΙιιιειυθιιιιιιιιι.
1709 2556 1762 2608 Si
1794 2566 1925 2610 Vero

337 2656 544 2722 omnia,
571 2667 682 2708 uno
711 2651 972 2720 quopiam
1005 2656 1268 2714 excepto,
1306 2659 1410 2698 non
1440 2645 1594 2698 decet
1625 2644 1753 2698 illud
1789 2645 1926 2699 atri-

338 2761 486 2816 pere,
519 2745 661 2800 forte
701 2740 926 2797 aliunde
957 2737 1223 2808 pendens,
1267 2738 1483 2804 quodve
1529 2735 1706 2806 possit
1738 2738 1927 2805 expla-

338 2839 455 2895 nari
484 2853 580 2910 per
609 2835 782 2892 multa
814 2834 941 2895 alia,
972 2841 1136 2900 atque
1170 2839 1266 2900 per
1295 2830 1395 2882 hoc
1429 2827 1698 2900 utramvis
1726 2831 1927 2882 contir-

339 2945 488 2987 mare
537 2927 889 2992 sententiam,
932 2921 1260 2993 contemptis
1315 2919 1459 2986 aliis,
1515 2934 1636 2988 quae
1693 2928 1930 2986 possunt

338 3022 642 3095 oppositam
695 3019 916 3074 ﬁrmare
963 3017 1298 3088 opinionem,
1335 3011 1481 3082 quod
1527 3024 1664 3066 'vero
1713 3012 1930 3066 videtur

2040 1912 2089 1963 εί
2138 1911 2197 1963 τὸ
2231 1911 2477 1979 πέμπειν
2529 1909 2663 1965 αὐτὸ
2709 1915 2802 1967 τὸν
2859 1912 2986 1968 Υἱδν
3033 1915 3186 1984 παρά
3231 1915 3328 1969 τοῦ
3386 1919 3628 1987 Πατρὺς,

2040 1999 2230 2070 ὥσπερ
2263 2003 2288 2054 ὁ
2323 1998 2515 2073 Πατὴρ
2565 2002 2700 2056 αὐτὸ
2755 2004 2967 2072 πέμπει
3011 2007 3073 2056 ἓν
3121 2006 3201 2074 τῷ
3239 2007 3479 2075 -όνόματι
3525 2008 3627 2061 τοῦ

2039 2091 2171 2146 Υἱοῦ
2197 2109 2210 2122 ·
2234 2094 2280 2146 εί
2311 2093 2372 2146 τὸ
2404 2095 2762 2164 πεμπόμενον
2807 2098 2872 2149 ὲκ
2900 2095 2997 2149 τοῦ
3030 2096 3160 2150 Υίοῦ
3189 2097 3402 2162 δοξάζει
3432 2098 3624 2161 αὐτὸν,

2035 2184 2279 2254 ὥσπερό
2323 2184 2450 2248 Υἱὸς
2498 2186 2834 2249 ἀποσταλεὶς
2887 2189 2952 2241 ἐκ
3002 2187 3097 2241 τοῦ
3151 2188 3366 2258 Πατρδς
3408 2190 3627 2258 δοξάζει

2032 2277 2123 2330 τὸν
2155 2277 2557 2331 ἀποστείλαντα
2587 2295 2600 2309 θ
2628 2281 2677 2332 εί
2708 2280 2775 2333 τά
2811 2279 3038 2334 τοιαῦτα
3066 2281 3245 2336 πάντα
3268 2286 3333 2354 τῇ
3367 2287 3629 2353 καταφάο

2035 2385 2118 2423 σει
2149 2367 2391 2440 συνᾴδει,
2441 2370 2618 2441 ἀληθῆ
2644 2371 2748 2426 καὶ
2783 2373 2984 2442 κυρίαν
3028 2372 3200 2436 αὐτὴν
3235 2376 3436 2444 πρέπει
3468 2381 3628 2448 νομί-

2034 2461 2174 2527 ζειν.
2199 2461 2312 2516 Καὶ⁸
2345 2463 2531 2529 πάλιν,
2563 2466 2612 2517 εί
2655 2465 2734 2536 τῷ
2771 2465 2846 2534 μὴ
2879 2468 3278 2536 ἐκπορεύεσθαι
3302 2469 3365 2522 τὸ
3393 2471 3626 2539 Πνεῦμα

2031 2553 2096 2606 ὲκ
2123 2553 2216 2608 τοῦ
2251 2553 2382 2607 Υίοῦ
2413 2553 2715 2624 διαρρήδην
2763 2555 2823 2608 ἐν
2869 2558 2936 2626 τῇ
2991 2556 3181 2626 Γραφῇ
3231 2574 3355 2612 τινα
3387 2559 3628 2630 κείμενα

2035 2649 2352 2717 συνηγορεῖ,
2386 2650 2450 2717 τῇ
2504 2646 2784 2716 ἀποφάσει
2840 2647 3259 2718 προστίθεσθαι.
3310 2652 3371 2705 Ei
3419 2652 3474 2705 δὲ
3524 2656 3628 2708 καὶ

2033 2737 2210 2792 πάντα
2241 2741 2370 2808 πρὶν
2401 2737 2520 2802 ἑνός
2552 2755 2719 2802 τινος,
2765 2739 3147 2810 δραξαμένους
3177 2741 3403 2797 ἄλλοθεν
3436 2747 3622 2818 ἠρτη-

2034 2831 2198 2900 μένου
2224 2831 2411 2900 τυχὸν,
2499 2829 2587 2884 δια
2621 2831 2833 2885 πολλῶν
2860 2832 3038 2886 ἄλλων
3061 2837 3496 2905 φανε-ρουμένου,
3521 2841 3628 2893 καὶ

2031 2922 2206 2993 τούτῳ
2239 2923 2592 2994 βεϐαιοῦντας
2622 2925 2721 2993 τὴν
2744 2923 2900 2990 δόξαν
2930 2927 3201 2996 ὁποτέραν
3233 2929 3298 2982 Ξιν
3334 2930 3478 2983 εῖποι
3509 2947 3622 2995 τις,

2031 3016 2139 3069 τῶν
2173 3011 2350 3070 ἄλλων
2384 3015 2686 3086 ὑπερορᾷν,
2714 3015 2756 3070 ἃ.
2803 3019 2868 3087 τῇ
2929 3018 3031 3087 μὲν
3088 3019 3443 3092 ἀντικειμένῃ
3487 3023 3624 3096 δόξῃ

340 3115 709 3176 contrarium,
732 3121 786 3166 et
827 3111 1026 3182 placet,
1063 3107 1303 3178 facitque
1360 3105 1671 3167 nobiscum,
1704 3103 1926 3158 minimc

2034 3107 2250 3181 βοηθεῖν
2287 3110 2421 3180 ἔχει,
2454 3110 2516 3162 τὸ
2566 3111 2621 3163 δὲ
2672 3110 2868 3164 δοκοῦν
2909 3112 3277 3168 ἀνθίστασθαι
3323 3116 3478 3184 φίλον
3523 3120 3626 3170 καὶ

341 3211 583 3264 inferunt
617 3226 632 3263 :
668 3203 782 3260 haec
834 3203 999 3274 igitur
1045 3199 1370 3256 calumniari
1406 3213 1511 3252 non
1554 3205 1790 3267 oportet,
1828 3194 1924 3250 sed

338 3304 412 3356 ita
445 3302 864 3368 interpretantes
895 3293 1104 3357 omnia,
1135 3300 1194 3345 ut
1218 3291 1533 3346 cobaareant
1560 3289 1922 3344 conveniant-

2029 3201 2324 3272 σύμμαχον
2353 3203 2649 3270 ἐπάγεται,
2679 3202 2751 3271 μὴ
2771 3204 3287 3272 συκοφαντοῦντας,
3317 3209 3452 3263 ἀλλὰ
3483 3209 3626 3280 μᾶλ-

2027 3291 2118 3345 λον
2149 3290 2350 3346 ἅπανθ’
2392 3292 2467 3355 ὡς
2500 3287 2568 3344 ἂν
2596 3293 2854 3363 ἀλλήλοις
2903 3294 3288 3363 συνάπτοιντο,
3320 3303 3414 3354 καὶ
3453 3302 3624 3374 συνᾲ-

337 3409 443 3463 quc
473 3392 614 3447 inter
661 3405 742 3455 se,
787 3385 1266 3457 dijudicantesque
1302 3383 1571 3450 pauciora
1623 3393 1677 3437 et
1726 3384 1929 3437 obscu-

2034 3385 2160 3438 ἴοιεν
2194 3383 2666 3454 ἐξηγησαμένου;,
2697 3387 2793 3439 καὶ
2835 3389 2952 3449 τοῖς
2985 3390 3204 3444 πλείοσι
3236 3395 3330 3448 καὶ
3361 3413 3624 3469 φανερω-

341 3484 485 3536 riora
513 3494 609 3550 per
647 3493 712 3532 ea
752 3490 872 3544 quae
919 3473 1072 3542 plura
1112 3480 1243 3526 sunt
1283 3481 1335 3525 et
1383 3470 1642 3535 clariora,
1674 3479 1789 3523 tum
1823 3469 1921 3524 dc-

340 3587 489 3628 mum
538 3569 604 3624 de
655 3564 942 3621 sententiis
973 3562 1251 3616 tutissime
1299 3560 1682 3630 pronuntiare,
1713 3568 1768 3613 et
1797 3575 1919 3613 eam

339 3663 557 3732 quidem
595 3655 886 3726 amplecti,
915 3667 1036 3722 quae
1067 3650 1220 3715 facit,
1261 3657 1321 3703 ut
1355 3647 1640 3716 Scriptura
1677 3647 1824 3700 nulla
1856 3659 1921 3700 ex

342 3761 497 3824 parte
530 3765 715 3806 secum
746 3755 969 3818 pugnet,
1011 3759 1132 3814 quac
1163 3751 1292 3796 Vero
1321 3741 1482 3794 aliter
1517 3754 1581 3794 se
1615 3739 1801 3805 liabet,
1837 3752 1924 3794 re-

335 3847 530 3917 jicere,
557 3852 720 3911 atque
777 3838 846 3894 ad
886 3840 988 3892 hoc
1015 3831 1360 3906 potissimum
1393 3831 1652 3887 adbibere
1681 3833 1926 3888 rationes

340 3938 406 3992 ad
442 3936 682 3990 absurda
717 3932 1049 3986 deducentes
1071 3946 1084 3981 :
1110 3926 1242 3980 illud
1279 3941 1448 3980 unum
1475 3924 1700 3980 omnino
1727 3923 1928 3981 absur-

340 4031 468 4083 dum
520 4035 799 4088 caventes,
840 4038 908 4076 ne
939 4019 1236 4088 Scripturae
1281 4018 1402 4073 loca
1451 4017 1780 4072 collidamus
1809 4057 1824 4083 ,
1869 4021 1924 4072 et

340 4121 653 4192 opinionem
686 4130 1012 4188 sequamur,
1054 4130 1176 4183 qua:
1212 4113 1411 4166 bellum
1447 4112 1588 4167 inter
1622 4109 1922 4181 Scriptum

349 4212 650 4271 sententias
679 4212 898 4266 excitet.
932 4205 1067 4261 Nam
1119 4206 1362 4275 alioquin
1411 4204 1720 4274 lmjusmodi
1757 4204 1929 4259 dedu-

339 4309 547 4365 ctiones
572 4306 637 4360 ad
675 4302 1010 4373 impossibile
1038 4301 1091 4354 in
1117 4315 1178 4354 ea
1203 4301 1268 4353 de
1297 4315 1405 4369 qua
1434 4299 1644 4368 agimus
1670 4296 1921 4361 materia,

341 4400 607 4456 invalidas
633 4397 894 4460 arbitror,
924 4403 1090 4464 atque
1121 4402 1182 4446 ut
1218 4408 1327 4457 uno
1359 4393 1526 4446 verbo
1557 4391 1760 4452 dicam,
1789 4390 1925 4444 insi-

2025 3476 2210 3546 τέροις
2240 3475 2306 3529 τὰ
2335 3475 2542 3530 ἐλάττω
2570 3480 2664 3533 καὶ
2696 3480 3053 3548 ἀσαφέστερα
3114 3486 3430 3556 κρίναντας,
3465 3495 3620 3545 ἐκεῖ-

2023 3566 2121 3617 θεν
2171 3565 2267 3617 καὶ
2319 3565 2589 3635 περὶτῶν
2639 3569 2806 3632 δοξῶν
2852 3571 3113 3640 ἀσφαλῶς
3162 3577 3574 3646 ἀποφαίνεσθαι
3603 3601 3620 3618 ·

2031 3653 2126 3750 καὶ
2160 3655 2262 3750 τὴν
2295 3651 2395 3750 μὲν
2429 3658 2612 3711 αἰτίαν
2639 3661 2936 3729 γινομένην
2961 3664 3053 3718 τοῦ
3082 3666 3172 3719 διὰ
3199 3669 3422 3725 πάντων
3447 3675 3622 3750 ἑαυτῇ

2029 3744 2128 3816 τὴν
2160 3745 2386 3819 Γραφὴν
2417 3753 2761 3819 συμφωνεῖν,
2786 3752 2995 3825 ταύτην
3026 3759 3322 3827 αἱρεῖσθαι,
3349 3763 3448 3835 τὴν
3471 3767 3514 3820 8⁷
3540 3744 3626 3833 ὡς

2017 3836 2233 3908 ἑτέρως
2265 3838 2498 3908 ἔχουσαν
2529 3841 2982 3912 ἀποπέμπεσθαι,
3013 3848 3109 3901 καὶ
3142 3852 3264 3915 ταῖς
3297 3854 3378 3912 είς
3410 3856 3623 3914 ἄτοπον

2027 3927 2359 3999 ἀπαγωγαῖς
2394 3934 2487 3986 ἐπὶ
2523 3933 2718 3987 τούτου
2752 3937 2990 4004 μάλιστα
3023 3941 3301 4011 χρῆσθαι·
3332 3945 3391 4000 ἓν
3413 3948 3626 4006 ἄτοπον

2023 4023 2116 4076 ’διὰ
2153 4025 2373 4078 πάντων
2403 4025 2876 4098 φυλαττομένους,
2905 4032 2966 4083 το
2996 4030 3066 4087 τὰ
3091 4034 3190 4104 τῆς
3224 4035 3448 4109 Γραφῆς
3484 4059 3627 4112 συγ..

2028 4121 2256 4191 κρούειν
2284 4121 2423 4193 πρὸς
2449 4123 2679 4193 ἄλληλα,
2720 4127 2817 4180 καὶ
2854 4126 3015 4194 δόξαν
3055 4131 3222 4202 τιμᾷν
3254 4135 3488 4204 πολέμου
3520 4142 3627 4196 καὶ

2035 4212 2214 4282 μάχης
2269 4212 2481 4276 τούτοις
2519 4217 2734 4271 αἰτίαν·
2793 4219 2916 4270 ἐπεὶ
2968 4220 3038 4274 τά
3087 4237 3151 4290 γε
3208 4224 3346 4279 ἄλλα
3399 4228 3623 4300 σαθρᾶς

2025 4301 2272 4374 ἡγοῦμαι
2325 4305 2424 4369 τὰς
2458 4306 2718 4370 τοιαύτας
2757 4308 3015 4378 μεθόδους
3045 4314 3137 4367 ἐπὶ
3171 4315 3282 4370 τῶν
3316 4323 3628 4391 «pensitat-

2031 4411 2162 4456 νων,
2190 4393 2287 4446 καὶ
2319 4393 2378 4447 τδ
2406 4396 2514 4448 πᾶν
2543 4397 2720 4450 εἰπεῖν
2755 4398 3082 4463 εἰτιόούλους
3102 4417 3118 4432 ⁸
3153 4401 3249 4456 καὶ
3278 4404 3461 4476 ῥᾴδιον
3511 4410 3629 4476 μὲν

341 4496 526 4549 diosas
570 4494 711 4563 (nec
741 4503 872 4544 vero
905 4486 1122 4542 diﬂicile
1157 4495 1238 4539 est
1275 4484 1342 4540 ad
1375 4486 1723 4541 incommoda
1779 4501 1929 4555 qua:-

2034 4486 2348 4554 ἀπαγαγεῖν
2395 4488 2659 4557 ἀλλήλους
2714 4489 2810 4542 ἐπὶ
2853 4495 2922 4544 τα
2953 4491 3228 4563 χείριστα,
3261 4499 3321 4550 τὸ
3349 4498 3406 4552 δὲ
3435 4500 3628 4556 πάντα

342 4602 449 4656 que
471 4600 573 4640 nos
590 4585 824 4638 invicem
856 4581 1149 4643 deducere,
1166 4581 1258 4634 sed
1283 4578 1497 4634 facilius
1519 4589 1605 4634 est
1627 4579 1811 4633 omnia
1835 4580 1930 4634 de-

343 4679 606 4743 clinare);
632 4684 947 4744 quanquam
983 4673 1111 4728 licet
1143 4671 1356 4726 nullum
1389 4687 1453 4726 ex
1490 4670 1575 4725 bis
1607 4678 1928 4740 sequeretur

346 4771 671 4841 periculum,
721 4769 916 4822 merito
969 4781 1077 4821 non
1118 4767 1276 4821 decet
1327 4765 1447 4819 ilius
1495 4763 1802 4817 admittere.
1856 4759 1928 4817 De

344 4863 544 4934 quibus
589 4862 734 4917 enim
785 4875 816 4915 e
859 4857 1145 4929 Scriptura
1186 4873 1295 4912 non
1346 4857 1471 4911 licet
1504 4855 1754 4925 accipere
1801 4868 1928 4922 pro.

345 4952 617 5014 nuntiata.
652 4949 745 5006 sed
773 4959 988 5020 oportet
1020 4962 1121 5002 nos
1155 4947 1489 5016 coniecturis
1527 4945 1603 4998 uti
1646 4943 1713 4997 ad
1747 4941 1929 4998 feren-

342 5046 468 5100 dam
519 5041 846 5099 senlentiam
868 5079 883 5106 ,
916 5041 982 5094 ad
1017 5055 1080 5094 ea
1117 5038 1325 5093 nullum
1371 5037 1577 5091 crimen
1625 5045 1705 5091 est
1735 5033 1930 5089 aﬂ‘erre

341 5139 506 5194 etiam
537 5134 895 5191 deductiones
919 5133 984 5186 ad
1012 5131 1372 5202 impossibile,
1400 5139 1452 5184 ct
1488 5127 1740 5199 quamvis
1767 5127 1925 5181 aliam

342 5228 895 5300 argumentationem,
937 5240 1060 5292 qua;
1092 5239 1190 5278 nos
1217 5223 1382 5277 dncat
1417 5225 1482 5276 ad
1517 5221 1926 5292 asscquendum

342 5323 417 5389 id,
448 5324 596 5393 quod
653 5339 775 5380 esse
817 5321 1000 5377 verius
1035 5319 1266 5374 videtur.
1314 5317 1468 5371 Nunc
1506 5331 1629 5371 vero
1675 5329 1798 5370 cum
1849 5323 1928 5370 tot

345 5419 694 5485 pronuntiata
741 5416 898 5472 nobis
928 5421 1240 5484 suppetant,
1284 5426 1516 5480 quorum
1565 5410 1746 5479 aliqua
1792 5407 1927 5462 satis

342 5522 464 5562 esse
494 5509 653 5564 nobis
694 5516 946 5578 possunt,
988 5520 1111 5562 cum
1141 5515 1286 5560 recta
1335 5500 1558 5556 tendant
1594 5504 1659 5554 ad
1693 5500 1744 5553 id
1782 5500 1926 5570 quod

342 5599 627 5667 queritur,
658 5615 729 5656 ex
776 5599 1270 5672 aliquibus'autcm
1305 5596 1432 5650 licet
1475 5592 1681 5648 inferre
1725 5594 1925 5646 verita-

343 5700 471 5751 tem,
506 5689 671 5746 inane
691 5689 948 5762 quiddam
979 5702 1060 5747 est
1092 5699 1144 5745 et
1173 5703 1572 5759 supervacuum
1610 5681 1925 5754 lmjusmodi

344 5785 878 5854 argumentationum
911 5793 1062 5851 usus,
1097 5797 1195 5840 nec
1240 5792 1322 5838 est
1353 5779 1499 5836 aliud
1527 5817 1542 5847 ,
1590 5794 1752 5851 quam
1788 5792 1925 5834 vana

2034 4578 2307 4632 ἐκκλίνειν
2339 4579 2587 4649 μείζονος
2619 4581 2873 4645 εὐκολίας
2896 4598 2910 4613 °
2944 4585 3125 4639 καίτοι
3153 4589 3250 4641 καὶ
3287 4591 3517 4660 μηδενὸς
3550 4594 3629 4649 ἐκ

2031 4671 2238 4724 τούτοιν
2292 4671 2563 4741 ἑπομένου
2597 4672 2870 4740 κινδύνου,
2895 4677 2994 4729 οὐκ
3025 4678 3093 4731 ἂν
3142 4679 3382 4749 εὐλόγως
3406 4681 3648 4751 ταύτας⁶

2032 4761 2376 4838 προσίεσθαι.
2415 4759 2554 4832 Περὶ
2591 4763 2693 4839 μὲν
2739 4766 2846 4836 γὰρ
2883 4760 2959 4821 ὧν
2992 4769 3094 4823 οὒκ
3143 4770 3261 4825 ἔστι
3310 4773 3497 4828 λαϐεῖν
3547 4778 3624 4833 ὲκ

2027 4852 2127 4924 τῆς
2157 4851 2385 4924 Γραφῆς
2416 4849 2728 4925 ἀξιώματα,
2765 4857 2904 4912 ἀλλὰ
2936 4860 3019 4914 δεῖ
3053 4863 3147 4916 τοῦ
3179 4864 3394 4930 εἰκότος
3422 4885 3624 4940 στοχα-

2029 4945 2291 5012 ζομένους
2343 4941 2494 5019 ἡμᾶς
2542 4949 2963 5020 ἀποφαίνεσθαι,
2991 4954 3132 5024 πρὸς
3167 4957 3343 5012 ταῦτα
3371 4962 3466 5013 καὶ
3492 4963 3622 5028 ταῖς

2028 5038 2110 5102 είς
2159 5039 2420 5093 ἀδύνατον
2461 5041 2789 5110 ἀπαγωγαῖς
2820 5043 3158 5119 ἀνέγκλητόν
3193 5051 3313 5103 ἐστι
3346 5051 3620 5122 χρῆσθαι,

2030 5131 2123 5184 καὶ
2147 5131 2347 5194 πάσαις
2371 5131 2561 5198 ἄλλαις
2592 5135 2862 5204 μεθόδοις.
2889 5139 2945 5192 αἳ
2971 5141 3113 5211 πρὸς
3139 5141 3242 5210 τὴν
3272 5143 3370 5198 τοῦ
3394 5144 3620 5200 δοκοῦν-

2029 5238 2121 5284 τος
2148 5221 2516 5292 ἀληθεστέρου
2541 5225 2850 5296 κατάληψιν
2877 5231 3025 5300 ἡμᾶς
3057 5231 3348 5299 μέλλουσιν
3369 5233 3619 5304 ὁδηγεῖν·

2030 5312 2305 5367 τοσούτων
2335 5314 2389 5367 δὲ
2421 5315 2515 5369 νῦν
2549 5315 2719 5371 ὄντων
2753 5318 3106 5391 ἀξιωμάτων,
3141 5316 3218 5378 ὧν
3245 5325 3314 5379 τὰ
3341 5326 3443 5397 μὲν
3469 5326 3620 5380 αὐτὰ

2032 5405 2126 5457 καὶ
2159 5407 2320 5477 μόνον
2353 5408 2536 5477 ἀρκεῖ,
2563 5410 2811 5465 τείνοντα
2844 5414 2978 5483 πρὸς
3024 5414 3084 5468 τὸ
3122 5418 3490 5487 προκείμενον
3513 5417 3624 5473 ἆν-

2033 5514 2248 5566 τικρυς,
2280 5497 2344 5551 ἐκ
2397 5495 2453 5551 δὲ
2483 5501 2592 5554 τῶν
2648 5499 2826 5566 ἔξεστι
2860 5504 2960 5569 τὴν
2996 5504 3262 5576 ἀλήθειαν
3295 5509 3429 5578 ἡμῖν
3464 5524 3624 5579 συμ-

2033 5589 2413 5658 περαίνεσθαι,
2446 5594 2702 5661 περιττόν
2733 5613 2782 5648 τι
2819 5597 3006 5668 χρῆμα
3041 5601 3133 5651 καὶ
3181 5599 3412 5669 μάταιον
3442 5601 3476 5669 ἡ
3505 5603 3627 5656 τῶν

2037 5685 2279 5757 μεθόδιον
2331 5687 2537 5742 τούτων
2584 5689 2896 5762 καθέστηκε
2933 5693 3153 5763 χρῆσις,
3208 5695 3300 5748 καὶ
3329 5695 3625 5764 φιλοτιμία

2037 5777 2198 5848 μόνον
2230 5781 2383 5850 κενή.
2419 5777 2551 5835 Οἶδα
2580 5779 2634 5834 δὲ
2669 5782 2761 5836 καὶ
2793 5783 2958 5851 ὑμᾶς,
2986 5777 3029 5838 ὦ
3063 5784 3310 5857 Γραικοὶ,
3338 5785 3459 5838 οὐδὲ
3485 5787 3620 5854 ταῖς
