3948 6186
379 237 486 300 4‘l3

1548 230 1830 298 ΟΪὶΑΤίΟ
1869 232 1957 292 lIl.
2001 229 2102 291 AD
2139 229 2524 291 SYNODUM.

3547 231 3580 290 4
3607 228 3647 286 ’ὁ

387 357 732 422 ἀποδείξεσιν
773 356 833 411 ἔν
881 375 941 425 γε
988 359 1100 422 τοῖς
1146 356 1412 421 τοιούτοις
1452 355 1816 428 θάρῤοὖντας,
1849 351 1961 406 ἀλλ’

2067 346 2311 416 gloriola:
2347 348 2637 416 cupiditas.
2681 346 2807 401 Scio
2846 362 2974 402 vero
3005 347 3168 402 etiam
3214 362 3332 410 vos,
3359 345 3553 409 (ἕτεροί,
3586 363 3651 398 ne

377 452 672 520 οἰομένους
702 450 874 514 αύτάς
913 449 1164 507 ὕποπτόν
1197 469 1249 503 τι
1277 449 1471 520 χρῆμα
1512 449 1606 502 καὶ⁸
1648 446 1919 516 σφαλερόν
1941 461 1957 477 ο

382 542 565 613 πολλῷ
596 543 799 614 μᾶλλον
825 543 1008 596 τοίνυν
1039 544 1152 605 τοῖς
1183 541 1252 595 δι’
1279 542 1546 595 ἀδυνάτου
1573 539 1961 607 συλλογισμοῖς

379 633 535 688 αὐτοί
561 651 619 687 τε
649 633 1096 703 εύλαϐηθήσεσθε
1127 632 1389 703 χρῆσθαι,
1417 632 1511 686 καὶ
1543 630 1846 702 χρωμένων
1871 628 1960 682 ἄλρ

380 728 489 782 λων
521 725 846 794 φυλάξεσθε.
875 721 1038 786 Εἶεν.⁷

455 987 531 1040 Οὐ
577 987 758 1042 τοίνυν
807 987 876 1041 τὰ
927 989 1025 1058 μὲν
1071 991 1170 1060 τῆς
1209 989 1436 1060 Γραφῆς
1488 986 1779 1060 ἀξιώματα
1833 1003 1962 1041 συνι-

387 1079 584 1132 ἀπτειν
639 1078 891 1148 ἀλλήλοις
944 1080 1039 1133 καὶ
1090 1079 1475 1150 συμϐισάζειν,
1507 1080 1582 1142 ὡς
1625 1079 1692 1133 ἂν
1723 1077 1962 1150 μάλιστα

385 1171 772 1233 συνάπτοιντο,
804 1170 904 1234 δεῖ,
954 1169 1080 1234 τοὺς
1116 1170 1174 1224 δὲ
1206 1170 1413 1226 τούτων
1451 1168 1724 1240 ἐξηγητὰς
1772 1169 1831 1222 ἐν
1879 1164 1962 1231 οἷς

379 1264 553 1319 ταῦτά
605 1280 662 1316 τε
715 1262 1205 1326 διαλευκαίνοντες,
1270 1266 1367 1316 καὶ
1429 1263 1604 1326 ἄλλως
1669 1262 1800 1332 περὶ
1855 1261 1961 1314 τῶν

380 1355 640 1415 τοιούτων
698 1354 1092 1422 ἀγωνιζόμενοι
1145 1353 1388 1422 λέγουσι,
1441 1355 1674 1424 διαιρεῖν
1725 1351 1960 1414 ἀξιώσο-

384 1465 486 1517 μεν
511 1463 526 1478 °
557 1446 694 1499 ἀλλὰ
725 1444 822 1498 καὶ
853 1446 1065 1506 τούτοις
1107 1445 1246 1514 μετὰ
1278 1446 1374 1520 τῆς
1409 1446 1532 1512 ίσης
1575 1444 1788 1504 εὐνοίας
1825 1443 1964 1514 χρή-

381 1540 582 1593 σασθαι
611 1539 711 1600 δεῖ,
741 1538 836 1590 καὶ
870 1538 1077 1607 μηδένα
1113 1538 1209 1606 τῆς
1231 1537 1594 1607 ὀφειλομένης
1627 1538 1791 1590 πᾶσιν
1820 1538 1963 1590 timo-.-

380 1631 581 1686 κλείειν
623 1632 827 1696 αίδοῦς.
879 1633 938 1684 Et
971 1633 1080 1701 γὰρ
1123 1632 1249 1695 τοὺς
1305 1633 1404 1701 μὲν
1449 1632 1701 1700 στέργειν
1748 1633 1845 1686 καὶ
1878 1648 1961 1684 τι-

2065 441 2625 495 demonstratiouibus
2673 441 2896 510 quidem
2951 441 3004 494 in
3061 440 3650 510 lmjnscemodi'rebus

2065 533 2362 598 confidere,
2420 533 2514 586 sed
2566 529 2768 588 habere
2816 533 2937 587 illas
2993 543 3277 602 suspectas
3326 543 3379 586 et
3425 532 3648 601 periculi

2067 623 2290 692 plenas;
2331 623 2502 676 multo
2550 638 2678 694 ergo
2710 624 2884 693 magis
2915 625 3015 694 ipsi
3060 641 3088 677 ιι
3121 625 3451 695 syllogismis
3482 623 3648 677 dedu-

2066 713 2320 768 centibus
2349 716 2414 768 ad
2451 715 2791 782 impossibile
2830 714 3137 785 refugiens,
3171 719 3238 770 ab
3267 717 3500 784 aliisque
3531 715 3653 770 illos

2064 805 2453 864 adhibentibus
2476 806 2764 862 cavebitis.
2792 807 2986 866 Ethace
3007 807 3230 877 quidem
3256 808 3336 862 sic
3349 823 3407 863 se
3426 808 3651 862 habent.

2137 977 2253 1038 Non
2294 990 2456 1037 erunt
2481 996 2642 1051 porro
2678 981 2985 1051 Scripturze
3019 981 3243 1052 quidem
3303 985 3653 1052 pronuntiata

2068 1074 2418 1131 concilianda
2472 1075 2616 1132 inter
2658 1092 2737 1145 se,
2773 1086 2834 1135 ut
2875 1077 3114 1132 maxime
3163 1088 3426 1146 oportet;
3461 1094 3652 1134 eorum

2066 1183 2197 1224 vero
2225 1167 2573 1239 interpretes,
2615 1180 2709 1224 aut
2741 1169 2834 1222 ubi
2867 1185 2928 1222 ea
2980 1166 3310 1236 dilucidam,
3345 1179 3438 1223 aut
3491 1171 3654 1224 etiam

2066 1253 2157 1312 ubi
2184 1258 2249 1313 de
2273 1259 2380 1315 illis
2412 1260 2716 1329 disputant.
2737 1260 2791 1313 in
2818 1259 3104 1328 oppositas
3136 1258 3435 1315 sententias
3459 1257 3657 1310 distra-

2068 1351 2232 1405 hrndi
2269 1368 2284 1411 :
2314 1351 2408 1406 sed
2442 1367 2538 1422 par
2572 1352 2624 1409 in
2660 1352 2780 1406 illos
2801 1366 3020 1422 quoque
3047 1351 3296 1407 navanda
3331 1349 3653 1406 benevolen-

2067 1441 2161 1508 tia,
2197 1442 2442 1512 nullique
2463 1443 2781 1515 deneganda
2836 1443 2925 1498 illa
2979 1443 3350 1510 observantia,
3391 1459 3513 1514 qua:
3540 1457 3656 1496 0m-

2067 1535 2230 1594 nibus
2257 1535 2672 1591 debetur.'Nam
2704 1537 2748 1591 si
2788 1537 2888 1591 hos
2915 1538 3135 1606 quidem
3170 1537 3536 1606 recipiendos,
3575 1547 3656 1592 ot-

2066 1641 2175 1694 que
2209 1627 2262 1681 in
2308 1627 2513 1680 bonore
2575 1627 2876 1691 habendos,
2926 1629 3065 1684 alios
3125 1644 3254 1685 vero
3313 1629 3657 1686 censebimus

383 1726 493 1795 μᾷν
528 1723 908 1794 ψηφιούμεθα,
943 1725 1054 1785 τοῖς
1083 1724 1136 1775 δὲ
1167 1724 1278 1776 δεῖν
1308 1723 1631 1793 ἡγησόμεθα
1675 1725 1752 1794 μὴ
1787 1741 1958 1794 προσσ

2068 1717 2417 1790 I'cjicientlos,
2437 1728 2691 1788 putantes
2720 1720 2861 1774 inter
2885 1735 2943 1774 se
2970 1720 3092 1775 illos
3119 1735 3394 1791 pugnare;
3419 1722 3654 1789 primum

381 1817 554 1887 ἐχειν,
596 1815 912 1882 νομίζοντες
957 1816 1156 1881 αὐτοὺς
1202 1815 1578 1886 διαφέρεσθαι,
1610 1817 1828 1885 πρῶτον
1858 1815 1961 1886 μὲν

379 1910 500 1962 οὐδὲ
535 1909 634 1977 τῆς
666 1910 792 1976 περὶ
839 1912 937 1971 τὰς
969 1907 1195 1976 Γραφὰς
1233 1908 1524 1968 εὐλαϐείας
1575 1908 1873 1961 ἀπολαύειν
1907 1925 1961 1960 τι

379 1998 748 2068 δυνησόμεθα,
780 1998 880 2068 τῆς
927 1999 985 2064 ἐξ
1028 1999 1260 2052 ἐκείνων
1317 1998 1752 2067 περιγενομένης
1806 1997 1962 2067 εἰρή-

379 2092 577 2162 νηςοὲκ
617 2092 715 2160 τῆς
765 2091 1098 2160 φαινομένης
1147 2091 1261 2143 τῶν
1291 2090 1630 2144 διδασκάλων
1661 2089 1961 2157 διαφωνίας

383 2185 544 2236 ¹ιτεὶιλιν
577 2185 955 2252 συγχεομένης
985 2223 1000 2248 ,
1038 2181 1132 2237 καὶ
1180 2182 1290 2236 τῶν
1344 2182 1555 2234 ἐκεῖθεν
1591 2180 1803 2251 μισθῶν
1832 2183 1962 2250 ἡμῖν

379 2275 466 2329 διὰ
509 2275 605 2346 τὴν
641 2276 785 2328 κατᾶ
839 2274 949 2327 τῶν
1005 2275 1178 2342 ἁγίων
1220 2274 1592 2344 συκοφαντίαν
1651 2272 1960 2342 ἀπολλυμέο

380 2383 508 2428 νων,
544 2364 637 2427 οὓς
669 2366 816 2428 είκὸς
865 2369 983 2418 ἐστι
1019 2365 1118 2436 τὴν
1157 2365 1259 2434 τῆς
1299 2363 1559 2434 ἀληθείας
1602 2357 1744 2416 εἶναι
1793 2363 1961 2431 φανὲς-

386 2475 570 2528 ρωσιν.
618 2459 855 2512 Ἔπειτα
880 2460 972 2512 καὶ
1007 2459 1066 2511 τὸ
1100 2458 1274 2512 δεινὸν
1297 2457 1520 2513 διπλοῦν
1552 2459 1685 2527 ἡμῖν
1718 2457 1958 2527 ἁπαντᾷο

382 2551 415 2622 ἦ
451 2555 559 2620 γὰρ
597 2552 773 2615 ἐνίους
811 2552 992 2606 αὐτῶν
1052 2555 1148 2622 τῆς
1215 2551 1272 2604 ὲν
1325 2551 1577 2621 ἁγιότητι
1617 2552 1960 2621 στερήσομεν

383 2645 563 2714 δόξης,
599 2645 690 2700 ἵνα
742 2646 838 2699 καὶ
890 2646 967 2715 τῷ
1023 2645 1208 2715 ψεύδει
1251 2645 1584 2716 συγχωρήσῃ
1635 2661 1719 2706 τις
1764 2643 1961 2706 αὐτοὺς

383 2737 730 2802 ὑποκεῖσθαι,
767 2740 861 2791 καὶ
894 2737 1140 2800 δικαίους
1192 2737 1626 2807 παρεωρᾶσθαιο
1679 2736 1712 2804 ἢ
1758 2737 1820 2788 to
1861 2735 1962 2804 τῆς

381 2829 678 2898 διαφωνίας
716 2829 972 2899 ἔγκλημα
1003 2832 1096 2882 καὶ
1130 2829 1356 2891 ἄκοντες
1405 2827 1502 2883 ἀπ’
1530 2828 1711 2883 αὐτῶν
1741 2827 1831 2880 ἐπὶ
1860 2828 1961 2890 τὰς

383 2913 606 2993 Γραφάς
660 2924 1084 2994 μεταστησομεν
1142 2919 1328 2985 πάλιν,
1373 2921 1466 2972 καὶ
1522 2919 1582 2972 τὸ
1635 2918 1866 2989 Πνεῦμα
1899 2919 1961 2972 τὸ

382 3017 562 3085 ᾶγιον,
595 3014 655 3067 οὗ
689 3015 1051 3083 τυγχάνουσιν
1111 3013 1167 3064 αί
1223 3013 1436 3081 Γραφαί
1464 3028 1478 3043 ο
1537 3011 1826 3074 κάκείνους
1863 3011 1960 3081 μὲν

381 3110 561 3173 καλῶς
619 3111 917 3177 ἐπιστῆσαι
973 3108 1115 3161 πᾶσι
1178 3107 1276 3158 καὶ
1329 3106 1718 3175 νουνεχύντως,
1753 3104 1850 3174 τὴν
1906 3103 1962 3156 δὲ

383 3201 608 3272 Γραφὴν
668 3200 768 3264 τὰς
821 3200 920 3268 τῆς
952 3199 1220 3271 διαφορᾶς
1259 3199 1442 3261 αἰτίας
1505 3198 1657 3266 σφίσι
1719 3196 1962 3270 προϐάλ-

381 3294 574 3346 λεσθαι
632 3291 951 3363 νομιοῦμεν.
1002 3291 1146 3360 Πρὸς
1211 3291 1269 3344 δὲ
1337 3289 1554 3354 τούτοις
1617 3289 1960 3360 σοφωτέρους

381 3388 533 3456 ἡμᾶς
603 3387 700 3438 καὶ
757 3385 1094 3455 ἀγιωτέρονς
1165 3384 1393 3442 ἐκείνων
1458 3383 1707 3453 δείξομεν
1761 3382 1959 3448 ὂντας,

383 3480 542 3548 είπερ
571 3480 732 3548 ἡμεῖς
767 3478 865 3547 μὲν
904 3478 997 3530 καὶ
1027 3479 1094 3546 τῇ
1131 3476 1283 3544 παρὰ
1310 3476 1417 3529 τῶν
1449 3476 1687 3547 Γραφῶν
1723 3475 1960 3546 ἀληθείᾳ

382 3570 478 3622 καὶ
511 3571 626 3632 τοῖς
674 3567 854 3632 ἄλλοις
904 3567 1014 3620 τῶν
1045 3565 1384 3621 διδασκάλων
1423 3565 1701 3637 δυνάμεθα
1735 3583 1962 3635 συμφω-

381 3661 518 3726 νεῖν,
550 3659 705 3713 αύτοὶ
755 3658 812 3715 δὲ
859 3659 956 3714 καὶ
1006 3658 1213 3711 τούτων
1263 3659 1588 3727 ἀμφοτέρων
1635 3655 1959 3726 διήμαρτον·

382 3755 480 3808 καὶ
531 3753 857 3821 νενομίκασι
918 3752 1017 3821 μὲν
1072 3752 1218 3818 ειπερ
1257 3751 1359 3803 οὐκ
1411 3750 1542 3818 ἔδει,
1598 3749 1868 3804 ἀθάνατον
1903 3751 1961 3811 δὲ

383 3849 520 3920 πρὸς
552 3850 677 3909 τοὺς
725 3845 993 3914 ἀδελφοὺς
1039 3833 1406 3912 ἐνεστήσαντο
1453 3844 1712 3914 πόλεμον.
1745 3841 1963 3907 Μᾶλλον

381 3939 638 3995 δὲταῦτα
683 3938 783 4008 μὲν
827 3936 951 3990 οὔτε
1006 3954 1090 4000 τις
1149 3937 1292 4006 ὑπὲρ
1350 3935 1508 4007 ἡμῶν
1556 3933 1802 3999 ἀξιώσει,
1847 3934 1962 3989 οὗθ’

381 4035 529 4104 ἡμᾶς
577 4032 718 4101 ὑπὲρ
756 4031 967 4085 ἑαυτῶν
1020 4029 1341 4098 λογίζεσθαι
1383 4031 1511 4100 χρὴ·
1547 4028 1684 4089 ἀλλὰ
1712 4027 1963 4097 δείξομεν

383 4123 606 4192 ἀληθῶς
662 4125 855 4193 ἀφυεῖς
908 4123 1060 4185 ὄντες
1123 4120 1304 4176 αὐτῶν
1356 4120 1615 4192 μαθηταὶ,
1657 4119 1751 4173 καὶ
1787 4121 1964 4178 πάντα

388 4218 589 4288 μᾶλλον
618 4215 652 4286 ἢ
687 4217 799 4278 τοῖς
832 4214 942 4266 τῶν
975 4212 1317 4289 διδασκάλων
1351 4211 1534 4280 λόγοις
1576 4211 1959 4282 προσέχοντες,

385 4309 543 4378 είττερ
573 4306 799 4360 ἐκείνων
830 4305 976 4367 ὅπως
1009 4301 1272 4373 ἁρμόττει
1300 4304 1412 4364 τοῖς
1449 4301 1554 4358 ὑπὸ
1582 4301 1674 4355 τοῦ
1709 4303 1977 4368 “vstitu--

2068 1809 2287 1878 quidem
2317 1809 2450 1863 nihil
2480 1809 2584 1862 frui
2618 1810 2774 1863 nobis
2805 1810 2988 1865 licebit
3011 1811 3332 1883 reverentia,
3365 1826 3471 1880 qua
3505 1810 3652 1864 Scri-

2068 1912 2257 1969 ptores
2286 1903 2644 1967 bonoramns,
2685 1903 3048 1959 interturbata
3092 1917 3283 1957 rursus
3312 1918 3446 1972 pace
3505 1902 3656 1956 Scri-

2066 2001 2370 2060 pturaruzn,
2404 2007 2566 2061 quam
2596 1993 2753 2048 nobis
2783 1993 2859 2045 illi
2880 2007 3160 2063 peperere,
3188 2009 3282 2063 per
3305 2001 3654 2062 apparentem

2064 2098 2299 2154 pugnam
2336 2083 2624 2138 doctorum
2660 2097 2752 2149 ;et
2789 2097 3055 2154 pereunte
3086 2083 3242 2139 nobis
3296 2085 3547 2139 mercede
3581 2085 3656 2140 illi

2063 2181 2264 2244 debita,
2301 2195 2462 2249 quam
2487 2196 2585 2250 par
2601 2190 2687 2235 est
2711 2197 2831 2238 esse
2849 2183 3098 2238 veritatis
3129 2181 3653 2245 manifestationem,

2063 2274 2133 2328 ob
2162 2273 2496 2328 calumniam
2529 2275 2737 2329 sanctis
2771 2275 3000 2330 illatam.
3030 2276 3234 2330 Deinde
3267 2277 3471 2332 malum
3499 2277 3656 2332 nobis

2063 2370 2227 2437 duplo
2260 2370 2438 2441 majus
2470 2370 2562 2426 fiet
2589 2388 2604 2435 _:
2632 2380 2722 2426 aut
2761 2372 2904 2426 enim
2929 2372 3198 2441 quosdam
3224 2389 3286 2427 θα
3323 2372 3428 2426 illis
3459 2372 3660 2428 sancti-

2065 2462 2193 2514 tatis
2231 2462 2402 2532 gloria
2435 2461 2806 2532 privabimus,
2847 2471 2908 2518 ut
2943 2463 3155 2533 possint
3215 2465 3322 2518 i’lis
3374 2464 3657 2520 mendacia

2067 2555 2254 2618 tribui,
2287 2555 2482 2625 ctjure
2503 2555 2736 2615 debeant
2768 2557 3067 2620 contemni,
3095 2569 3191 2613 aut
3228 2573 3420 2612 rursus
3447 2558 3660 2614 discre-

2066 2647 2264 2716 pantia:
2295 2647 2504 2702 crimen
2537 2648 2604 2702 ab
2626 2648 2705 2703 eis
2731 2649 2796 2702 ad
2829 2649 3142 2719 Scripturas
3174 2650 3253 2705 vel
3282 2650 3437 2711 inviti
3471 2661 3649 2706 trans-

2065 2735 2324 2804 feremus,
2356 2747 2409 2792 et
2433 2738 2660 2808 Spiritui
2701 2753 2890 2796 sancto
2915 2743 3276 2811 ascribemus,
3309 2762 3338 2800 a
3370 2762 3478 2816 quo
3505 2747 3656 2801 Scri-

2067 2842 2236 2900 pturze
2270 2842 2562 2887 manarunt
2593 2851 2606 2892 :
2642 2842 2696 2889 et
2726 2833 2848 2889 illos
2872 2837 3089 2905 quidem
3115 2839 3504 2895 arbitrabimur
3523 2856 3657 2896 era.

2068 2923 2301 2977 minasse
2314 2925 2497 2978 omnia
2525 2935 2666 2981 recte
2685 2934 2849 2996 atque
2866 2928 3181 2996 prudenter,
3204 2929 3539 3002 Scripturam
3563 2949 3658 2988 re-

2069 3030 2129 3068 ro
2154 3016 2262 3070 illis
2287 3016 2714 3072 declissecausas
2763 3035 2973 3088 pugnat.
2997 3020 3096 3077 ‘Atl
3152 3023 3268 3077 lucc
3295 3023 3656 3091 sapientiores

2067 3119 2190 3168 nos,
2229 3107 2642 3175 sanctiorcsque
2701 3109 2808 3164 illis
2858 3113 3232 3177 ostendemus,
3291 3114 3336 3170 si
3367 3117 3652 3171 veritatem

2066 3197 2471 3268 Scripturarum
2505 3216 2606 3256 nos
2629 3202 2845 3270 quidem
2873 3207 3088 3276 assequi
3113 3221 3426 3275 possumus,
3445 3219 3498 3264 et
3528 3225 3653 3266 cum

2066 3291 2194 3344 aliis
2241 3291 2558 3347 doctoribus
2633 3293 3012 3360 concordare;
3073 3297 3174 3366 ipsi
3220 3315 3350 3356 vero
3398 3313 3652 3357 neutrum

2064 3391 2193 3436 sunt
2227 3385 2482 3448 assecuti,
2534 3387 2808 3456 ctupinati
2832 3396 2962 3442 sunt
2987 3405 3106 3459 qua:
3129 3408 3236 3446 non
3263 3396 3570 3464 oportebat,
3600 3405 3657 3452 et

2067 3472 2266 3527 bellum
2300 3489 2424 3528 cum
2458 3476 2721 3539 fratribus
2773 3491 3093 3551 perpetuum
3147 3498 3530 3557 susceperunt.
3569 3490 3652 3558 Αη

2064 3558 2192 3619 vero
2224 3580 2323 3620 nec
2351 3567 2635 3639 quisquam
2677 3571 2837 3628 nobis
2871 3574 2985 3628 baac
3009 3575 3298 3631 tribuenda
3355 3583 3649 3649 putaverit,

2064 3672 2165 3717 nec
2197 3673 2295 3714 nos
2321 3674 2385 3716 ea
2411 3661 2480 3716 de
2510 3663 2669 3719 nobis
2697 3667 2938 3735 cogitare
2965 3667 3233 3726 debemus
3258 3688 3274 3741 ς
3309 3673 3404 3730 sed
3470 3683 3654 3733 osten-

2063 3750 2260 3808 demus
2302 3769 2490 3810 revera
2519 3755 2729 3827 iueptos
2758 3773 2859 3813 nos
2909 3774 3033 3815 esse
3081 3760 3299 3818 illorum
3351 3765 3650 3833 auditores,

2063 3852 2115 3897 et
2144 3844 2362 3914 quidvis
2389 3845 2570 3916 potius
2601 3849 2903 3915 attendere,
2956 3868 3121 3922 quam
3158 3855 3300 3912 dicta
3350 3869 3652 3929 pracepto-

2065 3950 2220 4000 rum;
2253 3953 2376 3990 cum
2420 3939 2496 3997 illi
2529 3940 2689 3996 nobis
2736 3944 2955 4012 egregia
3005 3945 3332 4002 documenta
3381 3950 3649 4015 dederint,

2063 4028 2252 4098 quales
2276 4043 2378 4086 nos
2405 4033 2693 4084 conveniat
2730 4043 2990 4100 praestare
3017 4037 3083 4088 ad
3110 4051 3198 4102 ea,
3229 4053 3351 4107 qua:
3384 4054 3413 4092 a
3443 4040 3648 4109 Spiritu

2063 4119 2262 4174 dictata
2290 4131 2438 4188 sunt,
2475 4129 2529 4176 et
2560 4122 2768 4176 idoneis
2801 4125 3066 4193 exemplis
3095 4126 3400 4185 doctrinam
3463 4130 3647 4189 ﬁrma-

2065 4207 2214 4274 rint;
2251 4224 2350 4266 nos
2375 4225 2504 4265 vero
2534 4214 2814 4267 contrario
2869 4215 3031 4270 modo
3086 4217 3167 4271 uti
3228 4219 3477 4276 velimus.
3535 4221 3647 4280 Nec

2065 4314 2194 4355 vero
2218 4301 2382 4364 etiam
2409 4316 2622 4371 aequum
2654 4304 2879 4364 omnino
2913 4313 3016 4370 est,
3054 4308 3201 4377 ipsos
3230 4311 3470 4380 quidem,
3519 4314 3650 4368 dum

383 4417 474 4462 τος
528 4399 841 4467 λεγομένοις
895 4393 1329 4464 προσφέρεσθαι,
1365 4393 1546 4459 καλῶς
1584 4398 1718 4465 ἡμῖν
1749 4396 1961 4471 ὑφηγη-

2070 4409 2130 4450 se
2167 4393 2473 4463 praeberent
2516 4395 2748 4450 aliorum
2808 4397 3157 4468 interpretes,
3222 4412 3477 4473 tanquam
3540 4407 3655 4460 exi-

384 4491 662 4562 σαμένων,
695 4491 790 4542 καὶ
832 4487 1274 4559 παραδείγμασιν
1325 4488 1534 4549 ἱκανοῖς
1570 4487 1671 4558 τὴν
1703 4488 1958 4542 διδασκα-

296 4588 300 4592 ’
381 4584 506 4636 λίαν
572 4581 1032 4653 βεϐαιωσάντων,
1081 4578 1236 4632 αὐτοὶ
1303 4579 1652 4632 παντάπασιν
1703 4580 1962 4643 ἐναντίως

382 4675 617 4748 Χρῆσθαι
656 4672 978 4743 βουλόμεθα.
1039 4672 1147 4731 Καὶ
1204 4671 1310 4741 μὴν
1368 4671 1490 4726 οὐδὲ
1545 4670 1752 4726 δίκαιον
1802 4672 1960 4737 ὅλως,

383 4771 625 4830 ἐκείνους
675 4767 775 4837 μὲν
819 4764 1094 4838 ἐξηγητὰς
1139 4762 1318 4816 ἄλλων
1381 4761 1858 4832 καθισταμένους,
1888 4764 1963 4826 ὡς

385 4859 641 4928 μέγιστόν
669 4874 724 4910 τι
748 4858 854 4911 τῶν
884 4855 1108 4924 ἀγαθῶν
1149 4855 1336 4916 αὐτοῖς
1369 4854 1670 4924 ἀπονεῖμαι
1697 4853 1796 4925 τὴν
1828 4872 1964 4925 συμ-

386 4953 631 5021 φωνίαν,
675 4952 824 5021 ἡμᾶς
874 4950 930 5002 δὲ
989 4950 1258 5001 τάκείνων
1318 4945 1475 5010 αὖθις
1534 4947 1962 5018 ἐξηγουμένους,

386 5045 487 5111 τῆς
527 5041 862 5114 τηλικαύτης
923 5038 1114 5108 ὥσπερ
1168 5038 1436 5115 φθονῆσαι
1496 5041 1707 5114 φορᾶς’
1741 5040 1838 5100 καὶ
1890 5037 1966 5098 ὧν

387 5135 546 5195 αὐτοὶ
600 5134 714 5196 τοῖς
768 5133 950 5195 ἄλλοις
1005 5131 1342 5199 μετέδωκαν,
1401 5130 1612 5184 τούτων
1658 5131 1748 5201 ὑφ’
1805 5132 1964 5202 ἡμῶν

387 5225 742 5296 στερηθῆναι.
785 5223 923 5276 Ἀλλ’
955 5224 1004 5276 εί
1061 5225 1156 5278 καί
1206 5223 1434 5295 μηδενὸς
1467 5223 1630 5278 ἄλλου
1661 5225 1822 5299 χάριν
1865 5243 1965 5294 χα-

385 5319 566 5381 λεπῶς
593 5319 724 5388 ἡμῖν
753 5317 960 5382 ἕξουσι,
991 5319 1051 5370 τό
1087 5334 1150 5385 γε
1182 5316 1622 5386 καταψεύδεσθαι
1660 5319 1755 5388 τῆς
1781 5319 1964 5372 αὐτῶν

385 5407 580 5483 σοφίας
614 5409 709 5460 καὶ
746 5407 966 5476 ἀρετῆς,
999 5407 1094 5459 καὶ
1127 5407 1281 5463 ταῦθ’
1328 5406 1422 5467 ὑπ’
1457 5405 1640 5461 αὐτῶν
1669 5407 1962 5479 ὠφελημέν-

381 5517 508 5562 νους
551 5500 618 5552 τὰ
654 5500 906 5568 μέγιστα,
947 5501 1039 5552 καὶ
1076 5501 1294 5557 πάντων
1327 5501 1515 5574 αὐτοῖς
1545 5501 1765 5556 δικαίαν
1798 5503 1964 5574 χΞιριν

385 5591 746 5660 ὀφείλοντας,
801 5591 975 5645 δεινὸν
1025 5592 1087 5644 οὐ
1155 5591 1359 5666 φαῦλον
1407 5593 1749 5664 ποιήσονται.
1821 5594 1960 5648 Οὔτε

380 5686 494 5754 γὰρ
544 5684 720 5753 ἁγίοις
763 5683 882 5737 οὔτε
933 5685 1347 5756 σοφοῖς-δοκεῖν
1401 5685 1584 5748 αὐτοῖς
1644 5688 1954 5758 περιέσται,

2067 4488 2235 4542 mium
2263 4488 2522 4557 quiddam
2561 4489 2668 4544 illis
2697 4493 3041 4546 concordiam
3072 4496 3330 4552 tribuisse
3364 4514 3380 4563 ;
3411 4515 3508 4554 nos
3554 4517 3654 4554 an-

2066 4591 2172 4636 tem
2212 4598 2400 4637 rursus
2436 4582 2638 4652 scripta
2690 4600 2877 4640 eorum
2932 4583 3384 4657 interpretantes,
3441 4601 3647 4648 tantam

2065 4675 2474 4743 quodammodo
2501 4674 2610 4730 illis
2642 4676 2891 4732 invidere
2922 4678 3223 4746 fortunam,
3254 4692 3307 4737 et
3344 4699 3541 4752 negare
3573 4687 3644 4756 ip-

2066 4766 2140 4822 sis
2175 4767 2317 4824 bona
2350 4769 2462 4836 illa,
2502 4769 2704 4840 quibus
2737 4770 2837 4842 ipsi
2887 4772 3024 4828 alios
3067 4776 3438 4833 cumularunt.
3496 4780 3648 4846 Quod

2065 4862 2110 4913 si
2146 4860 2351 4915 nullam
2387 4861 2547 4916 aliam
2583 4863 2652 4918 ob
2673 4878 2894 4920 causam
2943 4865 3104 4924 nobis
3141 4871 3564 4934 succensebnnt,
3596 4881 3650 4926 at

2067 4961 2213 5007 certe
2247 4951 2633 5008 molestissime
2665 4952 2863 5019 ferent,
2913 4956 3049 5013 falso
3106 4974 3136 5012 a
3188 4961 3346 5016 nobis
3398 4963 3649 5018 accusari

2067 5043 2353 5103 scientiam
2386 5059 2450 5098 ac
2485 5045 2740 5104 virtutem
2772 5063 2955 5113 suam,
3009 5050 3171 5120 idque
3231 5067 3355 5107 cum
3409 5054 3476 5108 ab
3537 5053 3646 5109 illis

2067 5136 2240 5191 affecti
2271 5138 2443 5192 simus
2467 5137 2746 5193 beneficiis
2777 5143 3052 5206 maximis,
3081 5145 3150 5198 0b
3183 5159 3302 5212 qua:
3361 5145 3466 5199 illis
3524 5161 3643 5204 onl-

2068 5228 2154 5282 nia
2191 5229 2417 5297 gratiam
2447 5229 2649 5288 referre
2671 5235 2955 5288 debemus.
2987 5233 3169 5303 Neque
3199 5237 3348 5306 enirn
3387 5253 3510 5293 esse
3557 5249 3650 5295 aut

2067 5321 2242 5386 sancti
2283 5333 2380 5378 aut
2408 5326 2551 5380 docti
2595 5327 2946 5389 videbuntur,
2981 5328 3072 5396 qui
3104 5329 3376 5384 senserint
3405 5341 3461 5384 et
3513 5332 3646 5398 seri-

2066 5415 2276 5488 pserint
2307 5433 2427 5486 quae
2449 5426 2576 5473 sunt
2609 5433 2640 5474 a
2677 5419 2902 5473 veritate
2934 5419 3142 5485 aliena;
3174 5419 3282 5475 imo
3303 5423 3469 5480 etiam
3497 5425 3645 5495 digni

2068 5509 2413 5576 videbuntur,
2449 5512 2540 5581 qui
2588 5526 2778 5580 pmnas
2824 5511 2975 5562 luant
3025 5527 3218 5579 graves
3277 5524 3496 5587 propter
3550 5533 3646 5574 eos

2066 5601 2158 5672 qui
2196 5601 2408 5672 decepti
2439 5612 2586 5658 sunt.
2623 5603 2892 5657 Praeterea
2920 5617 3018 5656 nec
3045 5604 3298 5661 doctores
3325 5608 3422 5675 illi,
3447 5613 3645 5680 quibus

2068 5693 2328 5753 honorem
2353 5695 2667 5762 deferimus,
2706 5693 2983 5754 habebunt
3016 5695 3198 5771 potius
3227 5701 3452 5770 gratias,
3479 5719 3641 5776 quau;
