3948 6186
388 177 484 240 50!

1522 190 1808 253 ORATIO
1853 191 1946 254 IlI
1987 197 2086 255 AD
2114 200 2504 268 SYNODUM.

3535 206 3640 267 to:

384 297 519 366 πρὸς
544 296 833 364 διαφόρου,
864 299 1140 362 ἐπιδόντες
1168 301 1394 368 ἑννοίας.
1424 305 1532 358 Καὶ
1555 308 1607 358 τί
1632 308 1964 377 θαυμαστὸν,

2078 311 2143 364 Et
2182 315 2311 384 quid
2348 321 2582 380 mirum,
2620 319 2840 388 quando
2886 320 3058 374 saeris
3092 318 3324 388 eloquiis
3361 318 3464 374 hoc
3508 320 3648 376 idem

384 389 520 441 ὅπου
570 388 666 442 καὶ
708 391 820 452 τοῖς
854 390 1058 460 λογίοις
1096 393 1256 446 τοῦτο
1307 396 1665 466 συμϐέϐηκε;
1718 398 1821 451 ποῦ
1863 399 1963 467 μὲν

385 479 560 548 μείζω
593 479 686 532 τοῦ
717 479 846 533 Υἱοῦ
885 482 976 538 τὸν
1014 483 1228 552 Πατέρα
1269 485 1521 553 λέγουσιν
1554 487 1820 557 ἐναργῶς,
1857 487 1960 543 ποῦ

367 570 438 625 ’δὲ
467 572 561 641 τὴν
586 574 641 624 ἐν
672 574 854 641 σφίσιν
905 575 1126 645 ἰσότητα
1158 579 1410 650 φανερῶς
1456 579 1915 652 ἀποφαινομένοις
1943 599 1958 650 ;

380 669 478 716 καὶ
505 663 657 720 ταῦτ’
685 666 746 716 ού
785 665 947 733 μόνον
976 671 1103 734 περὶ
1143 671 1242 738 τῆς
1295 671 1488 742 διπλῆς
1525 673 1580 724 ὲν
1607 672 1685 742 τῷ
1739 674 1961 746 Χριστῷ

382 752 567 807 νοοῦσι
595 755 813 824 φύσεως
845 757 894 808 οἱ
926 757 1260 825 διδάσκαλοι,
1304 762 1420 818 ἀλλ’
1453 764 1582 818 ἔνιοι
1627 766 1836 818 τούτων
1867 767 1961 821 καὶ

383 845 517 914 περὶ
540 845 641 916 τὴν
667 847 820 900 θείαν
846 848 1008 918 φύσιν
1035 841 1199 903 αὑτοῦ
1233 852 1614 925 συγχωροῦσιν
1649 857 1957 928 ἀμφότερα·

382 938 480 987 καὶ
513 937 685 1006 μείζω
715 939 814 1007 μέν
847 957 977 1008 φασι
1005 934 1082 1012 τῷ
1112 944 1291 1014 αἰτίῳ,
1320 945 1381 997 οὐ
1418 945 1588 1014 μείζω
1612 947 1668 1000 δὲ
1701 950 1863 1004 πάλιν
1891 953 1958 1021 τῇ

383 1027 569 1098 φύσει·
607 1031 699 1082 καὶ
732 1031 858 1101 περὶ
894 1032 987 1085 τοῦ
1030 1033 1194 1086 αὐτοῦ
1243 1037 1567 1104 πράγματος
1606 1039 1674 1094 τὰ
1721 1041 1957 1096 ἀντικεί-

385 1134 526 1184 μενα
574 1119 816 1188 λέγουσι,
871 1122 1007 1188 πρὸς
1041 1125 1168 1178 ἄλλο
1219 1127 1402 1196 μέντοι
1437 1131 1529 1182 καὶ
1575 1131 1704 1184 ἄλλο
1750 1133 1959 1187 τούτων

381 1210 667 1286 ἑκάτερον.
708 1214 820 1273 Καὶ
878 1215 962 1277 τίς
997 1215 1061 1268 ἂν
1096 1219 1388 1286 καταλέγοι
1411 1221 1506 1284 τὰς
1545 1224 1601 1275 ὲν
1647 1223 1756 1287 τοῖς
1793 1224 1957 1290 θείοις

380 1303 582 1372 λογίοις
607 1305 869 1370 δοκούσας
915 1301 1234 1377 διαφωνίας,
1285 1312 1462 1364 ἄλλων
1501 1313 1568 1367 δι’
1599 1315 1727 1368 ἄλλο
1755 1333 1805 1370 τι
1865 1319 1958 1372 καὶ

383 1399 604 1452 πάντων
645 1399 865 1467 ἀληθῶς
905 1399 1256 1468 λεγομένωνς
1294 1404 1387 1455 καὶ
1428 1404 1535 1458 τῶν
1589 1405 1687 1476 μὲν
1739 1410 1956 1476 οἰκείως

382 1490 476 1542 καὶ
530 1487 888 1560 καταλλήλως
929 1494 993 1561 τῇ
1046 1491 1141 1545 τοῦ
1179 1492 1432 1562 Σωτῆρος
1471 1494 1710 1565 θεότητι,
1759 1498 1869 1549 τῶν
1899 1500 1955 1552 δὲ

380 1583 771 1654 ταπεινότερόν
822 1599 880 1636 τε
934 1585 1028 1636 καὶ
1077 1583 1571 1655 ἀνθρωπικώτερον
1612 1591 1951 1657 νοουμένωνς

2076 407 2302 478 Contigit
2325 409 2347 462 ?
2374 411 2651 483 Siquidem
2680 414 2765 466 illa
2797 411 3011 469 Patrem
3029 413 3202 466 modo
3229 423 3478 466 asserunt
3503 426 3655 482 aper-

2078 507 2130 555 Ic
2175 504 2432 573 majorem
2479 503 2634 571 Filio,
2668 507 2829 561 modo
2869 523 2996 561 vero
3039 506 3405 575 aequalitatem
3463 519 3650 560 eorum

2075 593 2364 649 manifeste
2396 597 2731 668 significant.
2761 599 2923 668 idque
2949 598 3200 652 doctores
3223 612 3328 650 non
3360 596 3538 651 solum
3571 595 3657 648 in-

2074 671 2322 755 telliguni
2378 685 2444 742 de
2488 688 2687 760 duplici
2748 701 2941 744 natura
2980 689 3208 751 Christi,
3272 687 3367 743 sed
3429 686 3650 755 quidam

2070 776 2233 830 etiam
2269 785 2558 848 utrumque
2591 780 2656 835 de
2685 781 2866 835 divina
2913 781 3032 849 ejus
3083 790 3278 836 natura
3311 777 3652 841 concedunt;

2067 873 2122 918 ct
2140 865 2399 935 majorem
2431 869 2647 938 quidem
2681 871 2856 932 aiunt,
2881 886 3068 933 causa,
3097 886 3203 925 non
3238 869 3500 942 majorem
3533 883 3654 923 rur-
3704 924 3706 926 .

2069 971 2184 1023 sus,
2220 968 2446 1025 natura;
2483 972 2554 1030 ;et
2608 964 2882 1018 contraria
2931 965 3000 1018 de
3045 968 3232 1017 eadem
3276 978 3333 1016 re
3359 962 3651 1019 aﬂirmant,

2067 1059 2255 1100 verum
2299 1050 2365 1103 ad
2399 1052 2545 1106 aliud
2579 1064 2631 1108 ot
2655 1055 2801 1108 aliud
2849 1056 3042 1110 horum
3076 1064 3390 1122 utrumque.
3429 1051 3496 1105 Et
3529 1051 3654 1120 quis

2065 1150 2354 1193 enunieret
2407 1158 2527 1211 qua-
2559 1143 2610 1198 in
2637 1144 2934 1214 Scriptum
2969 1145 3150 1199 verbis
3187 1155 3430 1211 pugnare
3466 1141 3653 1196 viden-

2066 1229 2330 1284 tur?cum
2348 1233 2453 1286 alio
2471 1235 2574 1287 alia
2595 1247 2860 1306 spectent,
2881 1236 3130 1292 etomnia
3159 1251 3281 1292 vera
3303 1237 3411 1290 sint
3429 1235 3516 1288 ?ct
3538 1235 3650 1288 lucc

2065 1321 2284 1389 quidem
2333 1324 2632 1384 Salvator-is
2680 1328 2949 1383 divinitati
2984 1329 3263 1399 aptissime
3323 1339 3648 1396 congruant,

2067 1411 2155 1464 illa
2183 1429 2304 1468 vero
2330 1415 2593 1474 humilius
2622 1421 3044 1490 humanitusqne
3072 1420 3484 1490 intelligantur?
3509 1417 3648 1472 Num

2065 1503 2232 1575 igitur
2262 1511 2444 1562 omnia
2473 1509 2614 1565 inter
2646 1526 2706 1566 se
2729 1514 2975 1582 opposita
3005 1515 3446 1577 constituemus;
3483 1521 3536 1564 et
3565 1516 3645 1564 vel

2064 1597 2348 1654 credemus
2378 1603 2690 1668 contrariis,
2725 1605 2808 1658 vel
2843 1606 3135 1674 scligentes
3169 1620 3231 1659 ea
3259 1619 3380 1676 quae
3410 1603 3648 1671 placent.

378 1665 512 1742 Ἆρ’
547 1671 639 1725 οὖν
671 1673 925 1743 ἀλλήλοις
975 1675 1154 1728 πάντα
1197 1681 1634 1747 συγκρούσομεν,
1663 1682 1758 1733 καὶ
1789 1682 1820 1752 ἢ
1873 1701 1964 1736 πι-

2073 1687 2227 1744 lidem
2288 1689 2394 1745 illis
2445 1693 2805 1760 habebimus,
2862 1698 3070 1768 reliqua
3129 1712 3256 1751 vero
3311 1705 3370 1749 ut
3427 1696 3652 1748 minimc

385 1765 684 1835 στεύσομεν
710 1769 822 1825 τοῖς
847 1767 1273 1836 ἀντικειμένοις,
1306 1770 1337 1840 ἢ
1370 1769 1440 1823 τὰ
1467 1772 1728 1826 δοκοῦντα
1758 1774 1964 1830 τούτων

382 1855 655 1926 ἑλόμενοι,
697 1860 786 1910 καὶ
813 1859 1024 1921 τούτοις
1053 1860 1458 1926 ἀποδεδωκότες
1483 1863 1580 1934 τήν
1613 1865 1821 1932 πίστιν,
1852 1867 1964 1922 τῶν

381 1946 611 2010 λοιπῶν,
648 1949 720 2012 ὡς
758 1949 854 2020 ούχ
877 1952 1010 2019 ἡμῖν
1035 1952 1402 2021 ἀρεσκόντων,
1433 1959 1959 2030 καταφρονήσομενς

396 2040 555 2094 Ἀλλά
585 2040 732 2094 δέδια
758 2043 833 2110 μὴ
863 2042 1065 2112 μᾶλλον
1095 2044 1254 2106 δίκας
1295 2045 1626 2118 όφλήσωμεν
1665 2049 1764 2120 τῆς
1798 2068 1966 2104 κατα·

383 2132 625 2198 φάσεως,
661 2132 690 2202 ἢ
728 2133 959 2202 χάριτας
982 2134 1241 2204 λάϐωμεν
1274 2137 1372 2205 τῆς
1407 2138 1716 2207 εὐλασείας,
1761 2143 1963 2210 μᾶλλον

381 2221 429 2274 δ’
460 2223 601 2293 ὑπὲρ
629 2223 956 2293 ἀμφοτέρων
982 2225 1139 2288 δίκας
1171 2226 1500 2298 ἐκτίσωμεν,
1534 2229 1630 2284 an
1664 2233 1846 2294 κακῶς
1869 2235 1964 2288 καὶ

384 2314 556 2384 Epeo:
605 2317 886 2376 ποιοῦντες
912 2333 926 2348 ο
963 2317 1026 2370 οὐ
1057 2323 1168 2388 γὰρ
1219 2320 1358 2390 ἡμῖν
1392 2339 1456 2389 γε
1507 2323 1788 2388 δικασταῖς
1823 2323 1964 2381 εἶναι

384 2407 588 2462 τούτων
619 2408 899 2477 ἁρμόττει,
927 2411 984 2460 οὔ
1019 2410 1220 2477 μᾶλλον
1254 2411 1286 2480 ἢ
1319 2411 1687 2478 διδασκάλοις.
1748 2414 1963 2470 Οὐκοῦν

390 2501 566 2554 πάντα
593 2500 693 2572 μὲν
724 2503 920 2569 ἐπίσης
947 2502 1276 2570 νομίσαντας
1306 2503 1503 2574 ἀληθῆ,
1540 2507 1774 2562 ἑκάστου
1802 2509 1846 2562 δ’
1871 2512 1964 2565 αύ-

387 2593 495 2644 τῶν
533 2593 879 2655 ἀποδιδόντας
934 2595 1134 2654 αἰτίαν,
1197 2593 1373 2648 καίτοι
1429 2598 1523 2649 καὶ
1552 2599 1742 2652 τούτου
1794 2604 1964 2673 χωρὶς

387 2684 573 2748 ἁπλῶς
601 2686 801 2738 οὑτωσὶ
835 2685 929 2737 καὶ
960 2686 1336 2752 ἀνεξετάστως
1384 2687 1594 2756 ἔπρεπε
1651 2695 1960 2761 πείθεσθαι,

387 2775 503 2829 ἀλλ’
531 2777 677 2844 ὅμως
707 2777 805 2829 οὐκ
839 2777 987 2828 ἐστιν
1014 2779 1098 2844 ἐφ’
1122 2779 1244 2830 ὅτου
1270 2777 1376 2832 τῶν
1397 2781 1710 2852 λεγομένων
1740 2785 1963 2857 ζητοῦν-

387 2885 480 2930 τες
513 2869 697 2931 αἰτίαν
740 2872 842 2923 οὐκ
887 2873 1270 2942 ἐντευξόμεθα,
1315 2877 1407 2929 καὶ
1439 2879 1586 2947 ἡμᾶς
1615 2877 1814 2942 αὐτοὺς
1864 2881 1961 2934 τοῦ

389 2961 646 3030 πολεμεῖν
669 2964 938 3034 ἀλλήλοις,
959 2967 1246 3032 κάκείνους
1266 2969 1364 3036 τῆς
1383 2968 1646 3022 ἀδυνάτου
1667 2969 1963 3039 διαφωνίας
1991 2998 2038 3061 C

388 3055 806 3120 ἀνταλλάξασθαι
841 3061 1131 3128 προσήκει.

475 3147 631 3202 ’Λλλὰ
667 3149 774 3219 μὴν
827 3151 918 3202 καὶ
967 3154 1048 3204 ὅτι
1098 3153 1226 3216 τοὺς
1285 3152 1540 3216 εἰπόντας
1587 3172 1638 3208 τι
1674 3153 1806 3223 περὶ
1859 3153 1967 3208 τῶν

388 3240 767 3308 προκειμένων
790 3243 902 3303 τοῖς
931 3243 1253 3310 σεσιγηκόσι
1287 3244 1583 3297 συνάπτειν
1610 3245 1669 3297 ού
1707 3245 1964 3314 χαλεπὸν,

386 3331 509 3384 οὐδὲ
537 3332 696 3399 λόγου
727 3332 835 3386 δεῖν
868 3335 1107 3404 ἡγοῦμαι
1140 3335 1441 3391 δεικνύναι.
1494 3337 1612 3390 Ἵνα
1644 3336 1754 3406 γὰρ
1807 3337 1967 3406 παρῶ

387 3423 546 3491 λόγον
563 3425 658 3476 καὶ
684 3427 895 3496 σιωπὴν
921 3428 1214 3493 ἐξετάζειν,
1241 3431 1334 3482 και
1355 3430 1439 3490 τίς
1464 3429 1730 3495 ἐκατέρου
1758 3430 1966 3482 τούτων

387 3517 420 3585 ἠ
455 3517 618 3584 φύσις
645 3533 660 3546 °
691 3519 908 3589 πρῶτον
939 3521 1037 3590 μὲν
1080 3522 1256 3582 οὐδεὶς
1309 3523 1373 3575 ἂν
1413 3523 1761 3594 ίσχυρίσαιτο
1807 3539 1967 3576 κατε-

387 3611 669 3674 γνωκότας
698 3610 792 3664 τοῦ
825 3611 1093 3682 δόγματος
1119 3617 1245 3683 σιγῇ
1288 3614 1584 3682 παρελθεῖν
1605 3615 1758 3669 αὐτό.
1787 3615 1963 3669 Ὀπου

389 3700 499 3771 γὰρ
529 3702 650 3754 οὐδὲ
677 3703 801 3766 τοὺς
830 3704 1093 3773 λέγοντας
1124 3705 1314 3764 ἅπλῶς
1347 3705 1383 3760 ἃ
1408 3707 1627 3774 λέγουσι
1670 3707 1965 3777 νόμίζομεν

391 3795 654 3859 ἐπαινεῖν,
690 3795 756 3850 ἂν
787 3795 862 3866 μὴ
909 3798 1019 3850 τῶν
1068 3796 1362 3866 βελτίστων
1411 3791 1514 3851 ὧσί
1543 3815 1709 3864 τινες,
1766 3801 1858 3852 καὶ
1891 3793 1964 3853 ὧν

390 3887 607 3957 ἀνάγκη
635 3889 745 3948 τοῖς
775 3886 1011 3958 δόγμασι
1039 3888 1166 3952 τοὺς
1189 3889 1383 3954 λόγους
1415 3889 1684 3960 συνᾴδεινν
1723 3891 1884 3961 σχολῇ
1911 3891 1963 3960 τ’

390 3978 457 4031 ἄν
500 3997 582 4042 τις
631 3978 745 4049 δοίη
778 3977 856 4048 τῷ
909 3980 1066 4048 σιγᾷν
1111 3979 1346 4033 ἕπεσθαι
1390 3980 1451 4034 τὺ
1509 3981 1961 4049 κατεγνωκέναις

390 4070 499 4124 εἴτε
532 4070 638 4140 γὰρ
672 4071 802 4140 περὶ
841 4065 916 4126 ὧν
951 4071 1126 4135 οὐδεὶς
1161 4067 1316 4124 εἶπεν
1365 4073 1584 4140 ἐσίγων,
1621 4073 1716 4125 καὶ
1754 4073 1964 4126 πολλῶν

389 4161 566 4214 ἄλλων
623 4160 840 4230 ἀληθῶν
900 4160 1434 4231 καταψηφιούμεθαο
1489 4161 1631 4214 οὕτω
1677 4162 1851 4218 ταῦτά
1899 4178 1962 4232 γε

390 4256 682 4320 κρίναντες
719 4251 752 4321 ἦ
787 4253 900 4330 τοῖς
939 4251 1278 4305 διδασκάλων
1324 4252 1504 4321 λόγοις
1556 4255 1740 4307 πᾶσαν
1784 4255 1965 4326 ὁριού-

2067 1771 2216 1848 erata
2249 1783 2600 1854 rejiciemus?
2635 1787 2737 1842 Sed
2769 1803 2958 1842 vereor
2989 1803 3057 1842 ne
3091 1799 3271 1857 potius
3303 1787 3652 1852 dat-tuemur,

2065 1873 2209 1940 quod
2245 1873 2360 1930 haec
2393 1881 2914 1949 contempserimus,
2963 1896 3124 1950 quam
3181 1879 3453 1935 referatur
3499 1878 3652 1932 ιιοὶιὶς

2065 1967 2236 2035 gratia
2261 2006 2276 2030 ,
2313 1969 2457 2036 quod
2493 1969 2758 2024 adversus
2795 1971 2884 2024 illa
2928 1973 3292 2028 reverentiam
3335 1971 3654 2025 adhibueri-

2065 2073 2226 2124 tnus;
2279 2059 2390 2115 imo
2436 2077 2565 2116 vero
2596 2077 2806 2132 ptenas
2861 2064 3098 2128 luamus,
3151 2065 3296 2132 quod
3361 2071 3652 2129 utrumque

2067 2153 2208 2207 male
2246 2152 2711 2220 feci-ritnus;'nott
2742 2157 2888 2211 enim
2925 2158 3185 2212 convenit
3230 2161 3423 2212 barum
3465 2173 3646 2210 rerum

2067 2260 2168 2300 nos
2202 2261 2322 2299 esse
2353 2246 2588 2316 judices,
2620 2264 2725 2303 non
2763 2250 2934 2320 magis
2958 2261 3103 2320 certe
3132 2266 3295 2319 quam
3333 2250 3648 2316 magistros.

2065 2336 2253 2410 Itaque
2292 2341 2557 2398 habentes
2589 2344 2771 2398 omnia
2797 2347 2997 2412 pariter
3027 2360 3123 2412 pro
3152 2343 3314 2407 veris,
3347 2351 3398 2396 et
3426 2357 3648 2401 causam

2065 2427 2296 2499 singulis
2321 2432 2658 2500 assignantes
2690 2451 2702 2486 :
2735 2435 2980 2501 quamvis
3004 2435 3140 2490 citra
3174 2435 3274 2487 hoc
3300 2435 3461 2488 etiam
3487 2448 3652 2502 opor-

2067 2529 2205 2574 teret
2252 2523 2575 2592 simpliciter
2625 2540 2689 2578 ac.
2725 2525 2843 2580 sine
2889 2525 3000 2579 ullo
3043 2527 3296 2580 examine
3336 2526 3493 2579 fidem
3544 2526 3652 2578 illis

2068 2613 2308 2667 tribuere
2339 2631 2352 2668 :
2389 2629 2510 2668 cum
2546 2624 2723 2674 tamen
2764 2615 2972 2670 tmllutn
3005 2616 3076 2671 sit
3105 2617 3170 2671 de
3201 2631 3333 2685 quo.
3367 2616 3410 2670 si
3441 2631 3651 2685 quaera-

2067 2714 2175 2768 tur,
2210 2704 2393 2761 πέσοι-τί
2428 2723 2534 2762 ιιοιι
2570 2709 2747 2776 possit
2796 2724 2962 2763 causa
2995 2725 3010 2764 :
3043 2719 3098 2764 et
3127 2723 3226 2764 nos
3265 2708 3414 2777 ipsos
3447 2710 3654 2763 mutuis

2066 2795 2521 2863 conflictionibus,
2554 2809 2606 2851 ct
2635 2799 2758 2853 illos
2783 2801 3013 2854 liberare
3034 2808 3249 2872 oportet
3276 2799 3624 2855 dissensione

2067 2902 2185 2956 qua:
2221 2887 2368 2941 nulla
2408 2889 2620 2943 ratione
2655 2890 2993 2944 admittenda
3022 2899 3124 2945 est.

2143 3146 2295 3213 Quod
2335 3163 2461 3200 vero
2496 3147 2710 3201 diﬂ‘lcilo
2743 3164 2851 3202 non
2902 3147 2969 3202 sit
3003 3147 3306 3204 concordes
3360 3148 3651 3203 ostendere

2075 3255 2168 3294 eos
2215 3241 2305 3308 qui
2339 3243 2404 3294 de
2439 3240 2538 3295 hac
2567 3241 2790 3293 materia
2827 3241 2989 3293 locuti
3034 3248 3182 3305 sunt,
3215 3250 3378 3309 atque
3404 3239 3526 3296 illos
3559 3241 3650 3310 qui

2074 3340 2380 3394 tacuerunt,
2417 3349 2482 3385 ne
2515 3333 2723 3386 ratione
2755 3332 2974 3401 quidem
3005 3331 3244 3386 arbitror
3275 3346 3414 3400 opus
3439 3347 3561 3386 esse
3597 3341 3656 3384 ut

2076 3424 2350 3492 probetur.
2389 3424 2457 3478 Ut
2495 3425 2639 3478 enim
2694 3425 2944 3478 ontitlam
2983 3425 3049 3479 de
3075 3425 3288 3478 dicendi
3331 3440 3395 3478 ac
3439 3425 3652 3479 lacenli

2076 3517 2123 3569 vi
2168 3517 2541 3585 phi'osophari
2569 3557 2583 3580 ,
2617 3532 2845 3587 qumque
2887 3517 2957 3572 sit
2995 3518 3508 3586 tttrius'tuuuatura
3560 3533 3651 3568 cx.

2074 3607 2308 3676 plicare:
2340 3608 2572 3675 primmn
2611 3609 2833 3678 quidem
2870 3624 3030 3663 nemo
3069 3609 3435 3671 contenderit,
3472 3618 3529 3661 ιιι
3562 3608 3653 3674 qui

2073 3707 2382 3764 tacuerunt,
2419 3700 2542 3754 ideo
2585 3700 2693 3755 sint
2727 3701 2810 3755 usi
2855 3701 3100 3766 silentio,
3147 3701 3292 3770 quod
3327 3699 3430 3753 hoc
3457 3699 3653 3768 dogma

2071 3791 2414 3847 damnarent.
2448 3793 2503 3846 Si
2531 3793 2675 3848 enim
2704 3809 2799 3848 eos
2829 3795 2920 3863 qui
2947 3793 3012 3848 de
3045 3810 3103 3848 re
3131 3790 3310 3864 aliqua
3335 3791 3656 3862 simpliciter

2072 3883 2470 3955 pronuntiant,
2507 3899 2615 3940 non
2673 3885 2934 3939 c0ntinuo
2983 3886 3216 3954 probare
3265 3884 3646 3939 existimamus

2071 3991 2191 4048 quae
2212 3975 2421 4040 dicunt,
2441 3975 2544 4030 nisi
2563 3975 2606 4031 si
2617 3985 2672 4030 nt
2689 3991 2753 4030 ex
2775 3991 3004 4029 numero
3023 3975 3531 4045 probatissimorum
3554 3977 3654 4030 ho-

2071 4067 2367 4130 minum,et
2387 4081 2618 4134 quorum
2642 4081 2922 4121 sermones
2945 4081 3167 4120 necesse
3184 4075 3266 4120 est
3290 4081 3413 4120 cum
3440 4068 3658 4136 dogma-

2071 4157 2216 4212 tibus
2237 4158 2550 4222 convonire;
2569 4157 2692 4226 quis
2711 4157 2866 4211 facile
2885 4158 3238 4215 concesserit,
3255 4171 3317 4211 ea
3335 4172 3456 4226 qua:
3473 4165 3658 4210 tacen-

2073 4247 2482 4317 tur,improbari
2499 4249 2523 4302 ?
2539 4249 2663 4303 Sive
2679 4249 2820 4303 enim
2839 4265 2900 4303 ea
2922 4257 3228 4312 tacuerunt,
3249 4248 3314 4302 de
3337 4249 3538 4318 quibus
3561 4264 3658 4304 ne—

395 4341 538 4412 μεθα
569 4341 666 4409 τὴν
695 4341 976 4410 ἀλήθειαν,
1012 4343 1103 4394 καὶ
1131 4341 1296 4408 μηδὲν
1342 4337 1481 4395 εἶναι
1525 4345 1770 4414 φήσομεν
1801 4345 1964 4398 πλέον

2073 4355 2161 4394 mo
2195 4341 2409 4395 locutus
2441 4349 2544 4405 est,
2575 4341 2828 4409 sequitur
2859 4349 2918 4395 ut
2952 4340 3116 4395 multa
3143 4356 3360 4411 quoque
3395 4341 3498 4395 alia
3527 4357 3652 4397 vera

391 4432 503 4486 οὐδ’
530 4432 678 4504 αὑτῷ
709 4433 786 4502 τῷ
817 4432 960 4503 Θεῷ,
1008 4431 1038 4485 δ
1070 4435 1182 4495 τοῖς
1213 4432 1524 4501 ἀνθρώποις
1563 4435 1969 4490 ἀποκαλύπτων

392 4524 698 4594 προσθήσει
726 4526 793 4594 τῇ
834 4524 932 4594 τῆς
962 4524 1202 4588 πίστεως
1252 4523 1520 4595 ἀληθείᾳ·
1571 4528 1683 4579 είτε
1716 4527 1848 4595 περὶ
1894 4519 1971 4581 ὧν

394 4614 688 4683 εἰρήκασιν
717 4614 921 4685 ἕτεροι,
972 4615 1020 4667 εἰ
1076 4617 1175 4683 μὲν
1221 4616 1320 4668 οὐκ
1351 4615 1551 4680 είδότες
1580 4616 1616 4671 ἃ
1642 4617 1754 4680 τοῖς
1787 4618 1972 4680 ἄλλοις

394 4703 594 4768 ἐδόκει,
623 4704 727 4757 ούκ
745 4704 951 4774 ἀρετῆς
979 4703 1087 4776 ἄρα
1118 4709 1211 4758 καὶ
1238 4706 1336 4774 τῆς
1381 4707 1513 4776 περὶ
1547 4706 1644 4770 τὰς
1694 4707 1850 4774 δόξας
1878 4711 1972 4779 ὀρ-

397 4797 622 4865 θότητος
656 4791 840 4861 ἆθλον,
859 4795 975 4850 ἀλλ’
999 4797 1213 4860 εὐνοίας
1239 4796 1496 4866 ἀμοιϐὴν,
1529 4800 1619 4851 καὶ
1651 4799 1787 4860 ὅλοις
1832 4803 1972 4872 πρὸς

394 4887 498 4956 τὴν
524 4887 678 4955 σφῶν
699 4887 882 4940 αὐτῶν
910 4886 1164 4956 βούλησιν
1185 4890 1282 4947 τὰς
1319 4906 1369 4940 τι
1379 4890 1485 4957 μὰς
1516 4890 1704 4953 αὐτοῖς
1738 4891 1974 4962 συνεχώ-

398 4993 550 5049 ρουνο
585 4979 682 5032 καὶ
708 4977 783 5042 ὡς
812 4979 955 5030 ἔοικε
987 4980 1114 5040 τοὺς
1155 4979 1282 5049 περὶ
1307 4979 1480 5032 ταῦτα
1513 4980 1860 5052 παρεξῄεσαν
1890 4982 1974 5035 νό-

401 5085 555 5137 μους,
583 5070 632 5121 εί
670 5069 745 5138 μὴ
776 5069 880 5138 πρὸ
918 5070 1027 5122 τῶν
1058 5070 1238 5140 γερῶν
1287 5072 1387 5134 τὰς
1442 5072 1675 5126 ἑκάστου
1720 5073 1972 5145 πράξεις,

400 5162 496 5212 καὶ
518 5161 642 5223 τοὺς
672 5161 890 5228 ἀγῶνας
921 5161 1027 5231 πρὸ
1058 5161 1166 5214 τῶν
1204 5163 1484 5230 στεφάνων
1518 5163 1800 5232 ἐξήταζον.
1831 5167 1892 5218 El
1917 5165 1974 5218 δὲ

399 5253 625 5314 εἰδότες,
660 5252 850 5322 ὥσπερ
895 5255 1001 5322 ἄρα
1046 5255 1140 5308 καὶ
1181 5255 1401 5325 ᾔδεσαν,
1455 5255 1556 5308 οὐκ
1588 5255 1692 5308 ἔδει
1737 5257 1976 5330 δημοσίᾳ

398 5344 527 5408 τοὺς
559 5345 817 5405 εἰπόντας
850 5345 1272 5416 ἀνακηρύττειν,
1307 5347 1402 5399 17‘-
1438 5346 1536 5399 σὺν
1576 5347 1821 5418 εὐφημίᾳ
1853 5350 1975 5402 τοδ⁹

399 5455 507 5491 των
542 5437 880 5508 μεμνῆσθαι,
909 5438 1004 5490 καὶ
1035 5438 1146 5492 τῶν
1170 5439 1256 5492 ἐπ’
1285 5440 1453 5510 ἀρετῇ
1489 5439 1584 5492 καὶ
1633 5444 1796 5510 σοφία
1827 5458 1977 5510 πρω-

401 5530 564 5583 τείων
611 5529 810 5591 αὐτοὺς
865 5530 1340 5599 ἀπαραγράπτους
1381 5531 1666 5600 μάρτυρας
1705 5531 1976 5597 γίνεσθαι,

403 5629 487 5681 καί
529 5627 638 5688 τοῖς
673 5624 748 5700 μὴ
800 5625 1088 5677 πείθεσθαι
1138 5623 1487 5694 βουλομένοις
1529 5624 1562 5677 ὃ.
1607 5625 1841 5686 καὶτοῖς
1874 5627 1976 5688 τὰς

2071 4430 2419 4494 damnemus,
2447 4433 2636 4500 sicque
2663 4433 2730 4486 de
2761 4433 2845 4487 his
2876 4433 3184 4500 opinantes.
3215 4433 3497 4487 doctorum
3527 4449 3648 4487 ser-

2073 4522 2324 4577 monibus
2355 4524 2635 4579 veritatem
2678 4540 2898 4579 onmem
2934 4525 3540 4590 circumscriberemus,
3570 4524 3655 4577 ni-

2076 4615 2257 4684 hilque
2285 4615 2532 4670 dicemus
2561 4632 2853 4686 superesse
2881 4618 2970 4672 vel
3005 4617 3106 4686 ipsi
3157 4616 3288 4684 Deo,
3312 4618 3458 4686 quod
3498 4630 3654 4671 reve-

2073 4705 2235 4760 laudo
2269 4705 2583 4761 hominibus
2613 4701 2810 4762 addere
2840 4709 3020 4778 possit
3049 4709 3115 4763 ad
3147 4707 3272 4763 fidei
3318 4690 3600 4763 veritatem
3635 4723 3651 4760 :

2075 4796 2189 4850 sive
2231 4805 2518 4851 tacuerunt
2559 4813 2680 4867 qua:
2713 4799 2782 4853 ab
2812 4800 2936 4854 aliis
2967 4800 3116 4854 fuerc
3149 4809 3404 4862 tractata,
3441 4801 3485 4854 si
3531 4799 3656 4868 qui-

2075 4887 2196 4941 dem
2227 4902 2354 4940 cum
2408 4888 2684 4942 nescirent
2715 4890 2844 4959 quid
2893 4891 3014 4944 aliis
3058 4891 3356 4958 viden-tur,
3389 4891 3648 4944 honorem

2078 4978 2242 5050 igitur
2282 4979 2392 5032 illis
2430 4979 2767 5054 tribuebant,
2805 4997 2912 5035 non
2949 4981 3168 5036 virtutis
3207 4996 3358 5050 ergo,
3392 4990 3556 5046 atque
3595 4987 3651 5031 ut

2078 5071 2358 5141 praemium
2398 5085 2543 5124 sanie
2577 5071 2882 5139 opinionis,
2912 5073 3006 5126 sed
3045 5071 3434 5126 benevolentiae
3463 5083 3651 5133 caus",

2080 5172 2244 5230 atque
2274 5164 2496 5216 omnino
2521 5162 2586 5216 ad
2617 5179 2774 5220 suum
2805 5165 3093 5218 arbitrium
3125 5182 3138 5217 :
3173 5172 3226 5216 et
3272 5161 3438 5230 leges,
3483 5170 3540 5216 ut
3573 5161 3655 5213 vi-

2081 5257 2208 5310 dere
2234 5267 2338 5321 est,
2373 5257 2681 5324 hujusmodi
2710 5271 2891 5311 rerum
2925 5255 3354 5324 perfringebant,
3390 5267 3498 5307 non
3524 5267 3654 5306 exa-

2082 5346 2354 5402 minantes
2393 5361 2518 5402 ante
2571 5347 2792 5417 praemia
2842 5348 2972 5416 quid
3015 5347 3246 5414 quisque
3275 5345 3546 5416 gesserit,
3599 5353 3654 5396 rt

2084 5449 2209 5493 ante
2239 5453 2467 5494 coronas
2501 5447 2765 5509 quantum
2801 5437 3112 5492 certaverit.
3142 5436 3198 5490 Si
3232 5449 3359 5491 vero
3390 5449 3515 5490 cum
3549 5435 3656 5490 sci-

2085 5538 2222 5591 rcnt,
2249 5539 2307 5584 ttt
2339 5532 2578 5598 profecto
2610 5529 2876 5594 sciebant,
2899 5544 3007 5582 non
3033 5527 3318 5596 Oportebat
3361 5527 3428 5582 ab
3455 5528 3523 5582 iis
3562 5543 3652 5595 pu-

2083 5621 2218 5676 blice
2263 5620 2468 5674 laudari
2509 5621 2716 5690 cosqui
2755 5621 3152 5684 disseruerant,
3202 5630 3256 5674 et
3288 5617 3645 5675 honoriﬁcam
