3948 6186
297 227 402 292 505

1434 240 1719 304 ORATIO
1760 247 1844 306 lil
1880 249 1980 310 AD
2014 251 2395 318 SYVODUM.

3435 262 3560 326 $03

291 361 373 396 νοι
401 341 524 412 οὐδὲ
549 344 774 413 κρατεῖν
803 345 1131 419 βουλόμενος
1169 348 1368 421 ταῦτα,
1419 355 1542 411 οὐδὲ
1587 361 1718 430 περὶ
1749 378 1870 414 του-

1979 365 2103 420 tatis
2145 368 2409 423 rationem
2444 368 2510 425 iis
2568 371 2660 440 qui
2709 371 2988 428 silentium
3040 371 3276 430 a'lfcru'nt
3309 375 3376 430 ad
3405 375 3563 430 danv

289 438 422 490 τωνὶ
457 437 566 490 τῶν
618 441 1004 510 προκειμένων
1041 444 1248 512 μᾶλλον
1286 449 1415 519 ὑμῖν
1453 450 1642 522 ἢπερὶ
1670 454 1872 517 παντὸς

287 527 521 594 Excivere
559 533 931 602 σεσιγημένου
972 536 1071 607 τὴν
1109 539 1253 610 ἐμὴν
1287 541 1590 614 προτίθημι
1623 544 1870 616 γνώμην.

297 622 496 692 Ὁρᾶτε
527 626 638 694 γάρ
691 642 760 696 με
795 628 899 681 κάν
937 631 1050 693 τοῖς
1101 624 1414 702 ἔμπροσθεν
1456 635 1772 707 εἰρημένοις
1813 637 1874 690 τδ

283 714 446 781 δόξαν
500 718 871 789 προσκρούειν
927 721 1058 791 ὑμῖν
1102 723 1208 786 ἓως
1261 726 1394 795 ἐξῆν
1450 727 1868 797 φυλαξάμενον·

285 806 464 861 καίτοι
525 808 638 871 τοῖς
712 808 814 880 τῆς
886 811 1148 883 ἀληθείας
1211 816 1531 881 ἔξετσσταῖς
1596 816 1722 872 οὔτε
1778 820 1868 872 λέ·

285 914 476 966 γουσιν
529 895 645 954 οὔτ’
712 900 1008 959 ἁκούουσιν
1072 905 1337 979 ἁρμόττει
1405 909 1594 964 τούτου
1646 910 1867 982 φροντί-

283 989 422 1052 ζειν.

1977 455 2185 510 nandos
2222 471 2320 512 eos
2350 459 2444 526 qui
2489 475 2598 515 uon
2639 469 2952 519 tacuerunt.
2985 463 3039 518 Si
3075 463 3361 534 quisjvero
3391 466 3559 529 tliCal,

1977 560 2153 614 neque
2213 549 2553 606 contrarium
2613 567 2737 607 esse
2794 556 3114 624 pugnaciter
3173 556 3556 615 inferendum.

1978 651 2174 707 nctnpe
2203 639 2271 693 ab
2315 639 2423 696 illis
2455 657 2551 709 per
2595 645 2876 700 silentium
2920 647 3234 716 opinionem
3284 647 3557 710 roborari,

1977 741 2152 796 eoque
2191 728 2393 785 indicio
2425 732 2748 800 significari,
2803 745 3082 804 receptam
3137 736 3281 791 hanc
3327 736 3562 792 esseab

1978 817 2086 872 illis
2133 833 2148 872 :
2201 822 2518 889 responderi
2574 824 2792 892 quidem
2872 825 3077 893 optime
3154 834 3389 895 potest:
3440 825 3556 880 Etsi

1975 914 2202 964 tacendo
2232 911 2558 980 innuebant,
2588 929 2698 970 non
2739 916 2964 970 omnino
2999 916 3146 970 illam
3181 917 3286 971 sibi
3317 917 3556 986 probari.

1974 1001 2157 1070 potius
2191 1011 2376 1058 tamen
2417 1005 2758 1075 signiﬁcasse
2802 1022 3115 1072 assensum,
3162 1023 3327 1078 quam
3369 1009 3554 1063 odium

280 1101 335 1148 ct
371 1103 768 1164 contemptum.
810 1090 924 1167 Ego
961 1109 1092 1152 vero
1137 1096 1396 1160 arbitror,
1444 1095 1721 1154 silentiam
1763 1096 1864 1151 hoc
1936 1094 2108 1154 fuisse
2181 1097 2461 1155 hominum
2511 1116 2613 1157 nec
2651 1103 2875 1158 omnino
2907 1104 3312 1173 rcprobantium
3342 1105 3558 1173 opinio-

283 1209 430 1258 ηειιι,
474 1207 572 1248 nec
609 1207 804 1248 rursus
835 1191 984 1246 velut
1023 1192 1249 1246 omnino
1299 1201 1471 1247 tutam
1521 1191 1669 1247 illam
1718 1192 2130 1264 recipientium.
2164 1191 2364 1258 Quaeso
2393 1203 2575 1249 autem
2604 1211 2633 1248 a
2659 1195 2832 1261 vobis.
2873 1194 3070 1257 Graeci,
3138 1204 3198 1250 ut
3261 1213 3382 1266 quae
3441 1199 3557 1255 die-

207 1290 226 1360 ί
281 1293 443 1338 turus
490 1297 638 1345 sum.
690 1281 763 1335 ita
794 1296 824 1336 a
858 1296 944 1335 me
979 1280 1084 1336 dici
1140 1281 1502 1343 existimetis.
1541 1298 1649 1336 non
1698 1283 1858 1351 quasi
1896 1282 2060 1336 velim
2109 1294 2314 1338 certam
2388 1285 2506 1355 ipse
2571 1286 2927 1356 pr‘onnntiarc
2953 1288 3306 1347 sententiam.
3346 1299 3400 1344 et
3431 1301 3548 1346 rata

283 1395 406 1436 esse
429 1392 553 1448 qua:
584 1375 804 1447 profero
837 1391 853 1428 :
895 1389 1074 1445 neque
1107 1375 1255 1429 enim
1287 1389 1389 1444 ego
1423 1391 1570 1431 nunc
1599 1377 1771 1447 magis
1801 1379 1868 1433 de
1902 1377 2180 1448 proposita
2219 1379 2446 1434 materia
2487 1381 2621 1450 quid
2653 1382 2885 1436 sentiam
2963 1381 3202 1451 profero.
3249 1398 3417 1451 quam
3485 1387 3552 1444 de

283 1475 387 1530 alia
419 1474 615 1544 quavis
657 1487 717 1528 re
756 1486 920 1542 quam
953 1470 1030 1526 illi
1077 1473 1365 1527 tacuerint.
1397 1471 1460 1528 Et
1503 1472 1698 1528 videtis
1746 1473 1858 1545 ipsi
1935 1483 2138 1544 quanta
2225 1489 2319 1544 per
2365 1484 2539 1530 totum
2576 1493 2882 1532 sermonem
2920 1478 3201 1548 diligentia
3237 1482 3364 1535 illud
3397 1495 3556 1536 cave-

285 1573 412 1635 rim.
434 1587 504 1627 ne
533 1569 709 1639 quoad
737 1568 861 1640 ejus
896 1567 1011 1622 ﬁeri
1048 1577 1238 1638 posset
1280 1578 1491 1624 vestras
1521 1569 1859 1625 oﬂ'endcrem
1899 1574 2062 1625 aures
2113 1587 2126 1625 :
2183 1585 2496 1643 quanquam
2587 1573 2654 1628 iis
2703 1574 2795 1642 qui
2850 1574 3134 1630 veritatem

284 1680 478 1723 curare
517 1665 571 1719 id
619 1664 848 1719 minime
898 1665 1176 1726 convenit.
1203 1665 1320 1720 sive
1363 1665 1552 1720 dicant
1597 1665 1724 1735 ipsi,
1753 1665 1871 1721 sive
1909 1665 2156 1720 audiant.

365 1757 512 1825 Ἐγὼ
557 1755 760 1822 τοίνυν,
801 1755 938 1824 ὅπερ
985 1753 1160 1819 εἷπον,
1205 1758 1335 1822 τοὺς
1383 1758 1575 1828 ἁγίους
1619 1757 1866 1830 ἠγοῦμαι

2042 1755 2154 1825 Ego
2181 1756 2364 1825 igitur.
2388 1757 2531 1827 quod
2565 1757 2699 1820 dixi.
2741 1768 2965 1814 sanctos
2995 1760 3233 1816 arbitror
3275 1761 3409 1816 nihil
3435 1777 3554 1818 esse

3228 1575 3544 1648 inquirunt,
3568 1563 3580 1572 ’

287 1849 456 1920 μηδὲν
487 1849 964 1918 ἀποφαινομένους
999 1851 1128 1918 περὶ
1179 1843 1253 1904 ὧν
1293 1851 1474 1922 ἕτεροι
1503 1853 1726 1920 λέγουσι
1758 1869 1864 1919 φαο

283 1941 479 2012 νερῶς,
510 1939 634 1993 οὔτε
685 1939 893 2009 σφόδρα
953 1941 1418 2012 συνηγοροῦντας,
1453 1945 1502 1997 ει
1557 1943 1639 1996 δεῖ
1686 1943 1866 2010 λέγειν

285 2031 478 2098 οὕτως,
517 2031 633 2086 οὔτ’
661 2033 1112 2103 ιναντιουμένους
1151 2035 1408 2100 καθάπαξ
1447 2035 1607 2090 τοῦτο
1651 2039 1864 2088 ποιεῖν’

284 2130 345 2180 τὸ
376 2126 479 2196 μὶν
510 2129 624 2196 γάρ
653 2127 845 2198 πόρρω
879 2126 980 2195 τῆς
1017 2127 1244 2180 ἐκείνων
1289 2127 1497 2198 ἀρετῆς
1530 2129 1626 2182 καὶ
1674 2128 1869 2196 σοφίας

285 2215 424 2282 ἐστὶ,
456 2217 517 2271 τὸ
555 2215 602 2270 δ’
633 2212 780 2286 εἶχεν
826 2216 894 2270 ἂν
937 2217 1098 2284 λόγον
1125 2218 1320 2272 οὐδένα
1363 2219 1574 2281 πάντας
1603 2218 1738 2286 ὁμοῦ
1770 2235 1870 2270 κα.

287 2309 466 2380 θάπερ
527 2308 896 2377 συνθεμένους
951 2306 1207 2370 ἑλέσθαι,
1263 2307 1361 2360 καὶ
1424 2307 1658 2376 δόγματι
1716 2307 1867 2377 παρὰ

284 2400 498 2455 πολλῶν
558 2399 981 2468 όμολοτουμένῳ
1045 2399 1387 2468 συνηγορίαν
1444 2397 1591 2451 οὕτω
1663 2399 1866 2465 νεκράν

285 2491 725 2556 εἰσενέγκασθαι.
785 2489 926 2543 Ἀλλ’
982 2485 1141 2558 οἶμαι
1173 2488 1399 2551 τούτους
1453 2479 1498 2558 η’
1550 2488 1649 2556 τὴν
1707 2490 1866 2555 δόξαν

288 2581 727 2652 ἁμφιγνοοὸντας
755 2580 830 2644 ὡς
876 2578 1146 2648 ἀκινδύνῳ
1195 2579 1508 2649 χρήσασθαι
1542 2583 1608 2650 τῇ
1641 2581 1791 2650 σιγῇ.
1831 2580 1862 2648 ἢ

289 2677 352 2745 τῇ
401 2675 504 2744 μὲν
543 2672 734 2743 γνώμῃ
783 2674 923 2741 μετά
954 2671 1062 2724 τῶν
1093 2671 1358 2724 εἰπόντων
1399 2671 1645 2738 ἑστάναι,
1677 2673 1771 2724 τοῦ
1807 2672 1864 2725 δὲ

288 2765 634 2833 δημοσιεύειν
669 2762 840 2832 αὐτὴν
871 2761 1237 2832 ἀποσχέσθαι,
1277 2762 1468 2832 ἕτερον
1518 2780 1570 2816 τι
1602 2781 1861 2834 προνοου-

293 2857 507 2923 μένους.
564 2855 674 2906 Καὶ
726 2852 934 2906 τούτων
998 2852 1260 2924 ἑκάτερον
1318 2853 1606 2914 εὐλαϐείας
1659 2871 1714 2906 τε
1769 2855 1864 2907 καὶ.

289 2946 543 3017 προνοίας
586 2944 976 3015 προσηκούσης
1005 2945 1183 3012 ἁγίοις
1226 2945 1371 2998 ἐστὶν
1405 2946 1703 3010 ἀπόδειξις.
1736 2946 1863 3000 Εἴτε

286 3041 391 3106 γὰρ
431 3039 459 3092 ὃ
495 3038 571 3108 μὴ
608 3038 963 3091 παντάπασιν
1013 3037 1282 3108 ἐθάρρουν
1339 3039 1536 3102 εἰπεῖν,
1573 3039 1688 3090 ἀλλ’
1740 3038 1861 3092 οὐδέ

1973 1843 2188 1900 locutos
2213 1846 2281 1900 de
2307 1861 2398 1912 eo,
2437 1847 2580 1916 quod
2634 1847 2724 1901 alii
2755 1848 2944 1904 dicunt
2992 1860 3196 1920 aperte.
3261 1862 3551 1922 prepterea

1971 1937 2116 2006 quod
2150 1936 2222 1990 illi
2257 1953 2358 1994 nec
2393 1939 2622 1993 multum
2653 1939 2918 2006 faverent,
2961 1941 3006 1996 si
3033 1941 3108 1995 ita
3140 1941 3426 1997 dicendum
3445 1953 3552 2003 est.

1971 2043 2072 2085 nec
2100 2029 2231 2085 illud
2263 2032 2488 2086 omnino
2511 2031 2797 2101 rejicerent
2823 2051 2838 2088 :
2874 2033 2978 2087 hoc
3006 2034 3148 2088 enim
3179 2049 3209 2087 a
3236 2033 3434 2088 virtute
3459 2049 3554 2088 eo-

1973 2137 2093 2177 rum
2125 2131 2179 2177 et
2201 2124 2429 2183 scientia
2464 2126 2648 2194 procul
2677 2125 2830 2181 abest
2857 2145 2870 2180 :
2916 2126 3044 2180 illud
3073 2133 3253 2180 autem
3283 2125 3438 2179 nulla
3456 2140 3550 2179 ra-

1972 2211 2116 2266 tione
2142 2212 2444 2268 niteretur:
2479 2215 2633 2284 quasi
2669 2231 2860 2270 omnes
2910 2217 3329 2272 communicatis
3356 2217 3546 2272 consi-

1985 2303 2074 2358 liis
2111 2303 2160 2356 id
2199 2303 2401 2366 l‘acere.
2448 2314 2500 2358 et
2524 2305 2720 2375 dogma
2769 2306 3085 2362 confessum
3126 2323 3154 2362 a
3184 2309 3369 2363 multis
3415 2307 3561 2362 adco-

1971 2392 2163 2461 l'rigida
2193 2395 2406 2450 ratione
2436 2393 2624 2451 fulcire
2665 2399 2958 2453 voluerint.
3000 2399 3105 2453 Sed
3141 2408 3270 2468 puto
3301 2399 3421 2454 illos
3451 2408 3550 2454 aut

1967 2481 2035 2536 de
2064 2498 2120 2536 re
2143 2499 2264 2553 qute
2283 2484 2386 2539 sibi
2411 2493 2528 2539 erat
2557 2487 2808 2557 ambigua
2843 2491 3100 2555 tacuisse,
3126 2493 3292 2545 tutius
3318 2491 3424 2545 hoc
3451 2492 3554 2544 du-

1967 2585 2150 2630 centes
2176 2593 2191 2630 :
2220 2587 2312 2632 aut
2347 2579 2486 2634 idem
2514 2581 2751 2637 sensisse
2783 2583 2996 2652 quidem
3029 2586 3171 2652 quod
3201 2585 3290 2637 alii
3322 2599 3414 2654 qui
3437 2597 3556 2636 I‘Clll'

1965 2677 2149 2735 aperte
2179 2670 2431 2725 dixerunt
2454 2713 2468 2736 .
2497 2671 2589 2726 sed
2609 2675 2938 2728 abstinuisse
2957 2691 2984 2728 a
3003 2676 3288 2729 sententiae
3305 2675 3551 2744 divulga-

1966 2761 2133 2826 tionc.
2162 2763 2414 2831 qni-Idam
2447 2765 2591 2819 aliud
2619 2767 3008 2834 prospicientes
3037 2784 3050 2820 :
3083 2782 3314 2837 quorum
3339 2777 3554 2820 utrum-

1965 2869 2069 2923 que
2084 2855 2347 2910 cautelam
2364 2867 2412 2909 et
2439 2858 2824 2926 providentiam
2838 2875 2931 2913 eos
2950 2861 3284 2919 adhibuisse.
3299 2863 3555 2928 quze'san-

1965 2956 2085 2999 ctos
2107 2944 2279 3010 decet,
2333 2955 2541 3000 certum
2576 2949 2833 3003 iudicium
2882 2963 2982 3003 est.
3018 2950 3072 3003 Si
3103 2951 3246 3004 enim
3275 2951 3553 3021 praeterire

1981 3036 2200 3091 silentio
2232 3037 2280 3091 i._l
2309 3039 2619 3103 voluerunt.
2660 3041 2802 3109 quod
2840 3041 3063 3094 omnino
3099 3041 3280 3095 dicere
3311 3056 3416 3094 non
3451 3056 3549 3093 an-

285 3131 392 3184 τῶν
435 3132 757 3200 ἀνηκέστων
803 3130 1003 3200 ᾔδεσαν
1035 3129 1116 3193 ὃν,
1159 3129 1319 3182 τοῦτο
1376 3131 1502 3199 σιγῇ
1551 3129 1866 3196 παρελθεῖν,

2663 3087 2802 3109 γη
3101 3087 3279 3095 --πη

1976 3128 2195 3189 debant.
2218 3144 2315 3183 nec
2336 3136 2509 3184 tamen
2531 3146 2624 3198 pro
2638 3131 2970 3186 exsecranda
2993 3131 3263 3186 habebant
3279 3131 3552 3195 dogmate.

286 3223 378 3277 καὶ
433 3223 534 3284 τὰς
587 3221 651 3274 ἐκ
699 3239 759 3274 τε
805 3220 902 3274 τοῦ
969 3223 1270 3291 μαρτυρεῖν
1306 3221 1369 3274 ἐκ
1412 3236 1471 3273 τε
1524 3219 1620 3274 τοῦ
1653 3220 1872 3302 διώκειν

287 3315 524 3382 ὑποψίας
554 3314 749 3381 φυγεῖν
783 3312 1192 3372 ἐϐουλεύσαντο.
1235 3312 1540 3381 θαυμαστοὶ
1587 3316 1680 3383 τῆς
1712 3313 1872 3366 εὐλα-

285 3406 437 3469 ϐείας
492 3405 621 3470 εἰσί,
656 3403 726 3458 δι’
777 3405 845 3475 ἢν
899 3403 1136 3467 καὶτοῖς
1177 3404 1269 3457 ὑπ’
1323 3405 1507 3458 αὐτῶν
1547 3405 1870 3475 εἰρημένοις

283 3494 792 3567 ἀναμφισϐητήτως
871 3493 1234 3565 προσκεῖςθαι
1300 3495 1507 3547 δίκαιον
1580 3497 1868 3559 ἃπαντας·

281 3590 394 3643 εἴτε
425 3593 490 3642 ὲκ
529 3587 624 3640 τοῦ
655 3586 898 3656 φανερὰν
940 3585 1216 3640 ποιεῖσθαι
1259 3586 1356 3653 τὴν
1383 3586 1564 3653 δόξαν,
1596 3603 1873 3657 συνεωρα-

282 3683 443 3742 κότες
490 3696 544 3732 τι
587 3679 700 3731 τῶν
733 3679 834 3732 οὒκ
885 3679 1190 3748 ἀμεινόνων
1247 3677 1535 3748 ἑψόμενον,
1571 3682 1872 3750 καταηίεῐν

282 3773 460 3845 αὐτὴν
490 3775 548 3826 ὲν
581 3774 769 3841 σφίσιν
820 3774 1106 3843 ἐνόμισαν,
1141 3775 1420 3829 ἐπαινετοὶ
1457 3775 1560 3844 τῆς
1591 3777 1870 3846 προνοίας,

287 3867 352 3919 Εἰ
417 3865 526 3934 γάρ
587 3866 695 3917 τῶν
757 3865 935 3933 λόγων
991 3865 1176 3928 αὐτοῖς
1235 3865 1332 3920 ἁτε
1385 3867 1723 3920 διδασκάλων
1781 3870 1876 3921 καὶ

286 3959 553 4026 Πατέρων
600 3957 786 4026 ἔχουσι
830 3957 1008 4024 τάξιν,
1049 3959 1082 4026 ἠ
1127 3958 1236 4010 τῶν
1285 3958 1378 4011 ὑπ’
1406 3959 1606 4021 αὐτοὺς
1637 3959 1877 4026 ὠφέλεια

283 4051 438 4109 τέλος
481 4049 706 4119 ἔμελλεν
741 4046 902 4112 εἶναι,
932 4050 1033 4102 οὐκ
1081 4049 1184 4102 ἔδει
1235 4051 1305 4102 τά
1343 4049 1620 4120 βλάψοντα
1654 4067 1878 4120 προστι-

288 4143 441 4195 θέναι
468 4157 484 4173 ⁸
521 4145 616 4194 καὶ
649 4141 744 4195 τὸν
776 4143 950 4213 ἀληθῆ
989 4144 1084 4195 καὶ
1109 4142 1289 4194 κοινὸν
1317 4141 1594 4198 κάντεῦθα
1623 4143 1876 4196 διδάσκα-

285 4236 379 4289 λον
427 4236 862 4306 προεστήσαντο,
904 4234 960 4293 ὃς
1023 4235 1194 4289 πολλά
1254 4235 1362 4288 τῶν
1411 4235 1710 4304 ἀξιολόγων
1765 4254 1868 4289 και

288 4330 454 4398 τεῖχε,
513 4327 684 4398 μήπω
758 4326 1093 4393 δυναμένους
1168 4327 1353 4379 ἐκεῖνα
1413 4326 1704 4396 βαστάζειν
1753 4327 1879 4389 τοὺς

1973 3219 2422 3289 suspicionesque
2453 3221 2732 3276 evitandas
2757 3231 3039 3292 putarunt.
3067 3239 3186 3292 qua:
3211 3224 3448 3279 subortm
3465 3238 3554 3277 es—

1974 3311 2247 3371 sent.sive
2275 3312 2350 3366 illi
2370 3313 2562 3383 dogma
2591 3314 2938 3383 probassent,
2962 3315 3074 3370 sive
3106 3317 3510 3386 improbassent
3540 3335 3553 3370 :

1977 3403 2283 3458 admirabili
2319 3405 2739 3459 sanecautione
2775 3415 2903 3460 sunt
2935 3406 3038 3470 usi,
3072 3406 3142 3461 ob
3164 3423 3328 3477 quam
3365 3423 3556 3462 omnes

1978 3492 2123 3548 dicta
2154 3509 2340 3548 eorum
2380 3495 2532 3564 sequi
2565 3497 2681 3551 sine
2711 3496 2818 3550 ulla
2849 3497 3184 3552 hiesitatione
3211 3498 3463 3553 debeant.
3495 3499 3554 3553 Si

1975 3600 2104 3641 vero
2135 3584 2356 3640 infausti
2388 3586 2596 3656 aliquid
2655 3603 2981 3657 prospexcre
3010 3599 3442 3644 consecuturum
3489 3607 3554 3644 et

1974 3677 2414 3747 promulgatione
2454 3678 2616 3748 hujus
2648 3681 2952 3746 sententiae,
2983 3687 3037 3735 et
3068 3680 3291 3750 proinde
3319 3682 3560 3736 retiucno

1976 3768 2099 3822 dam
2129 3768 2204 3822 illi
2233 3770 2375 3838 apud
2400 3785 2460 3826 se
2493 3770 2848 3840 iudicarunt:
2882 3772 3155 3827 laudanda
3191 3770 3445 3842 profecto
3466 3782 3552 3828 est

1977 3859 2092 3914 haec
2113 3860 2476 3929 providentia.
2503 3861 2642 3917 Cum
2663 3863 2807 3917 enim
2838 3863 3185 3918 sermonibus
3208 3878 3400 3918 corum
3433 3863 3560 3918 linis

1979 3960 2123 4005 esset
2150 3951 2488 4020 propositus.
2515 3953 2724 4008 utilitas
2751 3954 3033 4008 hominum
3061 3953 3166 4008 sibi
3191 3953 3558 4012 subditorum.

1979 4057 2174 4112 nempe
2198 4050 2256 4096 ut
2294 4042 2546 4097 Patribus
2595 4059 2659 4099 ac
2692 4045 3036 4108 doctoribus,
3070 4044 3403 4114 proferenda
3445 4060 3564 4120 non

1979 4141 2143 4188 erant
2201 4134 2272 4188 ab
2306 4133 2434 4200 iilis,
2470 4149 2590 4203 quae
2639 4134 2834 4190 obesse
2880 4145 3164 4206 poterant:
3203 4135 3364 4204 idque
3395 4135 3560 4190 etiam

1981 4225 2228 4293 exemplo
2279 4224 2390 4278 veri
2423 4226 2842 4296 communisque
2870 4225 3114 4279 omnium
3173 4225 3443 4297 magistri,
3467 4226 3557 4295 qui

1983 4316 2151 4370 multa
2167 4315 2308 4370 scitu
2328 4316 2488 4386 digna
2513 4331 2618 4370 non
2647 4318 2861 4387 aperuit
2879 4315 3060 4372 sciens
3076 4331 3136 4370 ea
3166 4317 3407 4370 nondum
3432 4331 3561 4370 suos

287 4421 618 4482 ἀποστόλους
659 4419 816 4480 εἰδώς
842 4435 855 4449 ο
887 4418 942 4470 τί
989 4421 1098 4486 γὰρ
1131 4418 1323 4486 ὄφελος
1370 4418 1633 4487 ἀληθείας
1667 4419 1870 4488 ὑψηλο-

1980 4406 2121 4460 l‘crrc
2149 4421 2309 4476 posse
2350 4407 2649 4477 apostolos.
2681 4408 2822 4474 Quid
2856 4409 2999 4464 enim
3033 4409 3252 4478 prodest
3278 4408 3564 4462 sublimior

285 4512 454 4581 τέρας
481 4513 589 4572 τοῖς
621 4510 714 4561 ἐπὶ
757 4508 866 4560 τῶν
896 4509 1308 4579 ταπεινοτέρων
1337 4508 1622 4573 ἀϐεϐαίοις
1667 4511 1746 4562 ἔτι
1777 4513 1868 4564 καὶ

286 4603 708 4671 κλονουμένοιςς
745 4601 869 4652 Ὀτι
928 4597 974 4651 δ’
1024 4599 1289 4669 ἑκάτερον
1342 4598 1550 4652 τούτων
1610 4600 1748 4653 πολὺ
1807 4601 1868 4652 τὸ

285 4689 511 4758 εὔλογον
537 4691 672 4759 ἔχει,
705 4689 798 4741 καὶ
825 4688 960 4740 πολὺ
1003 4689 1204 4758 μᾶλλον
1239 4689 1270 4758 ἢ
1320 4689 1380 4740 τὸ
1407 4690 1666 4742 τάναντία
1709 4688 1869 4754 δοξά-

286 4785 407 4847 ζειν
434 4784 558 4846 τοὺς
591 4780 1178 4844 διδασκάλους,οὖκουν
1201 4777 1342 4833 ὥστε
1377 4783 1470 4834 καὶ
1501 4779 1872 4850 παραϐάλλειν

285 4877 514 4940 ἐξεῖναι,
563 4877 657 4926 καὶ
705 4875 790 4927 ὅτι
849 4876 1167 4936 συνάπτειν,
1227 4873 1300 4933 ὡς
1352 4872 1592 4942 εἴρηται,
1648 4872 1871 4932 τούτους

283 4963 444 5016 οὒδὲν
504 4964 618 5014 ἐστι
685 4962 942 5030 χαλεπὸν,
994 4964 1257 5025 ὁπότερον
1304 4961 1369 5013 ἂν
1425 4962 1630 5014 τούτων
1683 4961 1870 5031 μέλλοι

286 5057 542 5127 κρατεῖ-ι,
577 5053 802 5108 αὐτόθεν
861 5050 1016 5124 οἶμαι
1073 5054 1232 5120 δῆλον
1285 5053 1458 5106 ἅπασι
1516 5055 1870 5108 καθεστάναι.

288 5149 355 5200 Ei
415 5147 515 5215 μὲν
567 5146 676 5216 γάρ
731 5145 933 5211 ἀγαθόν
976 5163 1026 5198 τι
1083 5146 1274 5214 χρῆμα
1321 5145 1417 5198 καὶ
1477 5144 1679 5213 πολλῆς
1723 5145 1874 5210 ἄξιον

285 5238 570 5306 εέφημίας
620 5239 651 5303 ἠ
692 5239 819 5304 περὶ
851 5237 1006 5290 ταῦτ’
1058 5236 1317 5289 εὐλάϐεια
1355 5237 1489 5288 πᾶσι
1545 5236 1716 5301 δοκεῖ,
1755 5238 1872 5300 πῶς

287 5333 354 5383 οὗ
406 5330 487 5382 δεῖ
554 5327 757 5397 ταύτην
807 5330 917 5390 τοῖς
979 5329 1224 5399 ἀρίστοσς
1290 5327 1701 5398 προσάπτεσθαι
1770 5329 1874 5380 τῶν

291 5422 634 5491 ἁνθρὼπωνς
674 5423 721 5474 εί
765 5421 824 5474 δὲ
875 5421 968 5474 καὶ
1019 5422 1116 5490 μὴ,
1156 5420 1247 5473 καὶ
1299 5421 1498 5481 πάντες
1530 5419 1748 5473 ἅπαντα
1793 5421 1876 5473 λέ-

292 5513 570 5584 γουσινιοῦ
613 5530 672 5581 τε
710 5513 845 5582 μετά
877 5515 974 5580 τῆς
1007 5514 1128 5581 ἴσης
1164 5512 1354 5581 σθ’ξίας
1393 5514 1488 5564 καὶ
1532 5513 1631 5582 τῆς
1667 5511 1877 5566 ἄνωθεν

295 5606 541 5678 χάριτος,
563 5605 674 5658 αλλ’
714 5607 830 5659 ἐστι
863 5623 940 5668 τις
971 5607 1028 5657 ἐν
1065 5605 1248 5668 αὐτοῖς
1285 5593 1535 5673 καθάπερ
1567 5603 1878 5673 ἁγιωσύνης

297 5697 393 5753 καὶ
426 5697 535 5752 τῶν
570 5697 709 5768 ὑπὲρ
758 5697 1034 5762 εὐσεϐείας
1072 5698 1318 5767 ἀγώνων,
1349 5695 1491 5751 οὕτω
1532 5697 1626 5750 καὶ
1687 5697 1875 5768 σοξῖας

1973 4499 2172 4552 veritas
2197 4498 2266 4553 iis
2284 4501 2378 4568 qui
2416 4500 2595 4553 adhuc
2628 4498 2682 4552 in
2727 4499 3114 4556 humilioribus
3157 4501 3384 4554 nutant?
3408 4499 3562 4566 Quod

1974 4599 2155 4646 autem
2178 4600 2470 4661 utrumque
2487 4592 2680 4648 horum
2705 4593 2874 4646 solida
2895 4593 3108 4648 ratione
3125 4593 3352 4658 nitatur.
3369 4594 3564 4647 multm

1973 4701 2080 4754 quc
2100 4685 2273 4754 magis
2303 4684 2372 4740 sit
2406 4686 2600 4738 rationi
2630 4692 3084 4750 consentaneum.
3118 4701 3279 4755 quam
3321 4701 3566 4739 asserere

1974 4779 2228 4831 doctores
2260 4778 2401 4831 inter
2437 4792 2495 4832 se
2523 4792 2784 4846 pugnare.
2817 4787 2878 4832 ut
2908 4779 3053 4832 nulla
3082 4787 3246 4848 queat
3273 4777 3416 4831 inter
3452 4777 3566 4830 Inee

1974 4883 2092 4923 esse
2108 4870 2460 4934 comparatio:
2486 4870 2758 4938 quodque,
2778 4870 3092 4924 utrumlibet
3121 4885 3304 4924 verum
3329 4870 3562 4922 dicatur.

1978 4962 2124 5014 nullo
2165 4964 2382 5032 negotio
2411 4961 2624 5031 possint
2657 4963 2735 5017 illi
2766 4964 2903 5016 inter
2932 4978 2991 5018 se
3018 4963 3324 5025 conciliari;
3346 4975 3442 5029 per
3504 4974 3562 5012 se

1977 5052 2154 5118 ipsum
2195 5053 2429 5106 arbitror
2485 5068 2608 5108 esse
2637 5053 2890 5108 omnibus
2938 5053 3309 5109 manifestum.
3351 5050 3482 5103 Nam
3515 5051 3562 5102 si

1981 5144 2246 5197 bonaorcs
2272 5150 2323 5197 et
2349 5142 2534 5197 multis
2555 5144 2715 5215 digna
2744 5146 3036 5215 pratconiis
3071 5146 3281 5198 videtur
3306 5141 3560 5195 omnibus

1976 5236 2154 5290 cautio
2182 5237 2234 5289 in
2264 5235 2572 5306 bnjnsmuzli
2611 5239 2860 5308 negotiis,
2889 5254 2986 5292 cur
3003 5237 3224 5308 optimis
3256 5235 3566 5289 hominibus

1980 5330 2068 5383 illa
2098 5343 2204 5383 non
2233 5329 2505 5384 tribuatur
2531 5327 2554 5382 ?
2585 5327 2680 5383 Sin
2709 5345 2836 5383 vero
2873 5330 3051 5391 aliter.
3088 5337 3139 5382 ct
3164 5343 3353 5382 omnes
3373 5330 3559 5380 omnia

1980 5421 2171 5474 dicunt
2205 5435 2312 5474 non
2337 5421 2451 5490 pari
2479 5421 2726 5474 doctrina
2763 5419 3078 5488 cmlestique
3131 5420 3325 5488 gratia,
3348 5419 3440 5472 sed
3475 5427 3560 5471 est

1984 5514 2124 5566 inter
2163 5527 2259 5568 eos
2291 5515 2366 5566 Illi
2441 5511 2747 5566 sanctitatis
2825 5511 3178 5580 laborumque
3226 5526 3321 5580 pro
3373 5511 3568 5581 pictum

1982 5614 2390 5673 suscepturum,
2440 5604 2514 5657 ita
2559 5618 2776 5672 quoque
2810 5601 3050 5654 Scientizu
3091 5602 3555 5672 laeumlizeqm-ae

1984 5697 2181 5752 divith
2207 5695 2413 5766 gratim,
2474 5713 2566 5764 per
2597 5711 2758 5764 quam
2788 5696 2899 5749 hcc
2928 5695 3105 5749 omnia
3135 5697 3330 5750 dantur
3357 5706 3406 5750 ct
3441 5712 3571 5750 eon-
