3948 6186
342 255 448 321 513

1477 267 1762 331 ORATIO
1808 271 1898 332 ΙΙΙ
1936 274 2038 333 AD
2077 274 2448 336 SYNODUM

3501 267 3608 331 514

335 387 495 423 πτειν
529 368 630 422 οὐκ
677 367 821 422 ἔδει·
865 367 900 443 ἦ
935 371 1041 442 γάρ
1090 373 1155 426 ἂν
1202 373 1426 442 ⁴ᾗδίκουν
1458 379 1523 447 τῇ
1557 381 1663 434 τῶν
1695 380 1913 434 ἀσθενε-

2025 397 2134 436 esse
2152 384 2462 438 doctorum.
2509 382 2776 450 Quoniam
2821 398 2946 440 vero
2978 381 3340 454 sapientiores
3386 398 3605 453 quoque

336 462 546 528 στέρων
621 463 794 531 φειδοῖ
867 464 993 526 τοὺς
1070 465 1295 534 ἄμεινον
1356 473 1918 540 παρεσκευασμένους

331 550 729 621 ἀτελεστέρους
759 552 977 617 ἐῶντες,
1021 555 1160 624 μηδὲ
1193 557 1288 609 καὶ
1316 557 1532 622 τούτοις
1568 563 1915 631 συμμετρεῖν

328 641 428 692 τὸν
471 642 574 709 τῆς
618 641 970 705 διδασκαλίας
1022 643 1178 712 λόγον
1225 645 1548 711 ἐθέλοντες’
1583 649 1748 704 ἄλλον
1797 653 1921 705 τινὰ

327 733 537 803 τρόπον
583 733 678 786 καὶ
723 734 934 797 τούτοις
979 736 1082 805 τὴν
1130 737 1306 807 ἁληθῆ
1358 741 1727 808 προυτίθεσαν
1759 743 1919 807 δόξαν

329 825 612 896 ἀρκοῦντα
668 828 896 894 σοφοῖς·
942 825 1194 897 καθάπερ
1247 828 1357 881 οὐδ’
1406 831 1560 884 αὐτοὶ
1613 834 1760 902 παρᾶ
1812 833 1920 886 τῶν

328 918 574 989 Γραφῶν
621 918 816 980 αὐταῖς
865 917 1094 988 ἐζήτουν
1121 916 1304 984 λέξεσι
1355 920 1454 992 τὴν
1482 921 1771 993 ἀλήθειαν,
1805 926 1921 989 ἀλλ’

328 1009 438 1064 ὅσα
483 1011 598 1072 τοῖς
643 1009 946 1080 διαρρήδην
992 1010 1312 1080 λεγομένοις
1365 1013 1461 1083 τὴν
1516 1014 1638 1084 ῐσην
1685 1014 1916 1085 δύναμιν

245 1143 249 1152 .
329 1100 471 1168 ἔχει,
509 1100 601 1153 καὶ
647 1099 682 1152 ἆ
731 1102 852 1162 ταῖς
911 1101 1374 1170 ὁμολογουμέναις
1423 1106 1555 1174 περὶ
1608 1106 1718 1159 τῶν
1756 1107 1919 1161 θείων

334 1192 568 1254 ἐννοίαις
602 1197 908 1261 συνᾴδουσι,
953 1193 1090 1262 πρδς
1128 1194 1224 1264 τὴν
1256 1194 1460 1264 ταύτης
1507 1195 1687 1266 Θήραν
1730 1199 1918 1267 σφίσιν

331 1284 596 1353 ἐκόμισαν
628 1284 900 1354 ἐξαρκεῖν.
937 1285 1154 1355 Ταύτην
1188 1287 1282 1340 καὶ
1322 1287 1370 1340 0i
1403 1287 1582 1342 λοιποὶ
1630 1290 1738 1344 τῶν
1772 1291 1918 1345 διδα-

335 1373 551 1426 σκάλων
593 1374 798 1427 εἴλοντο
843 1375 941 1445 τὴν
989 1377 1108 1429 ὁδὸν
1157 1379 1215 1429 ἐν
1272 1374 1352 1442 οἷς
1407 1378 1795 1448 ὲδογμάτισαν.
1826 1382 1920 1453 Μὴ

334 1464 448 1532 γὰρ
488 1465 567 1516 ὅτι
615 1464 815 1534 ταύτην
846 1465 1060 1529 ἐξεῖπον
1121 1467 1219 1536 τὴν
1266 1467 1424 1533 δόξαν
1463 1470 1643 1534 ἄλλοις
1697 1489 1920 1541 σεσιγη-

341 1557 512 1624 μένην
542 1560 815 1608 σκοπείτω
841 1573 946 1620 τις,
982 1557 1098 1608 ἀλλ’
1129 1558 1210 1611 ὅτι
1246 1560 1491 1612 κάκεῖνοι
1537 1562 1712 1615 πολλὰ
1751 1563 1921 1616 κατέ-

339 1666 469 1716 σλον
499 1650 629 1717 παρ’
676 1649 891 1712 ἑαυτοῖς
927 1644 1000 1702 ῶν
1024 1650 1287 1718 ἠδύναντο
1334 1651 1515 1720 λέγειν
1543 1671 1555 1683 ο
1592 1654 1627 1708 ἃ.
1676 1656 1918 1727 τοσούτῳ

339 1741 516 1809 μείζω
561 1741 806 1794 κίνδυνον
856 1744 986 1804 ἴσως
1032 1741 1262 1810 ἤνεγκεν
1297 1743 1364 1796 ἂν
1396 1747 1490 1797 καὶ
1519 1744 1663 1798 οὕτω
1707 1746 1919 1800 πλείοσι
1955 1726 1996 1784 Β

336 1836 448 1887 τῶν
484 1835 808 1904 ἀνθρώπιον,
840 1835 952 1904 ὅσῳ
992 1837 1086 1890 καὶ
1113 1835 1423 1905 βαθυτέρας
1454 1841 1563 1899 τοῖς
1597 1837 1694 1892 ὑπ’
1735 1840 1920 1892 αὐτῶν

334 1927 653 1994 λεγομένοις
687 1927 768 1979 δεῖ
817 1927 1079 1991 διανοίας,
1117 1930 1211 1980 καὶ
1257 1927 1437 1995 πολλῷ
1466 1928 1736 1997 βελτίονος
1770 1933 1922 2000 ἐδέη-

339 2037 436 2073 σεν
480 2021 544 2072 ἂν
582 2023 695 2083 τοῖς
740 2019 1144 2089 σιωπωμένογις.
1181 2020 1374 2091 Ἑτέρα
1427 2022 1484 2075 δέ
1539 2039 1646 2075 τινι
1699 2028 1915 2094 μηχανῇ

335 2113 582 2164 κὶκεῖνοι
622 2113 744 2173 τοὺς
794 2111 1228 2180 παρακολουθεῖν
1268 2112 1603 2181 δυναμένους
1638 2107 1712 2168 ὧν
1758 2118 1921 2184 ἐφρά-

337 2221 465 2256 νουν
499 2208 822 2270 πεποίηνται
852 2203 1142 2266 κοινωνούς
1166 2217 1181 2232 ο
1213 2205 1304 2256 καὶ
1351 2204 1497 2257 τοῦτ’
1527 2205 1643 2258 ἔστι
1687 2210 1922 2262 συνιδεῖν

338 2298 496 2358 εἴτις
532 2295 854 2368 αὐτῶνεοῖς
895 2295 1076 2362 λόγοις
1106 2299 1388 2368 πρςσῖχοι.
1434 2298 1498 2350 '0
1529 2299 1585 2351 δὲ
1615 2300 1922 2372 τοδςιδιδα..

340 2392 574 2453 σκάλους
605 2391 867 2450 ἑκάστους
903 2389 1097 2442 παθεῖν
1148 2391 1292 2452 είκῦς
1331 2392 1448 2444 ἐστι
1494 2392 1630 2461 πρὸς
1661 2393 1786 2456 τοὺς
1827 2393 1921 2446 ὑπ’

341 2482 525 2537 αὐτῶν
582 2482 956 2550 μυουμένους,
1011 2480 1171 2533 τοῦτο
1226 2481 1405 2551 πολλῷ
1462 2484 1727 2553 πρότερον
1785 2486 1922 2554 πρὸς

341 2578 523 2628 πᾶσαν
592 2573 756 2626 αὐτοῦ
819 2572 916 2640 τὴν
980 2573 1313 2644 Ἐκκλησίαν
1383 2576 1798 2646 ᾠκονομηκὲναι
1860 2582 1920 2629 το

345 2667 570 2734 Πνεῦμα
600 2667 698 2733 τῆς
727 2666 986 2735 ἀληθείας
1019 2665 1173 2719 οὐδὲν
1221 2666 1447 2729 ἀπεικὸς
1480 2667 1770 2738 θαυμαστῇ
1812 2686 1919 2722 τινι

339 2759 432 2809 καὶ
450 2760 625 2810 πάντα
651 2757 802 2824 λόγον
823 2756 1027 2826 νικώσῃ
1056 2760 1304 2828 προνοίᾳ.
1326 2761 1364 2811 Π
1374 2761 1566 2830 ροὺνόη
1577 2777 1633 2812 σε
1655 2762 1759 2827 γὰο
1785 2763 1914 2816 ἐκα-

337 2852 503 2920 τέρας
553 2850 662 2902 τῶν
696 2849 1002 2918 ἀνθρώπων
1052 2851 1150 2918 τῆς
1199 2850 1388 2916 ἕξεως,
1426 2854 1518 2904 καὶ
1559 2853 1918 2918 διδασκάλους

337 2942 552 2994 πλάταν
600 2940 826 3002 ταύταις
864 2940 1288 3010 συμϐαίνοντας,
1323 2943 1434 3003 τοῖς
1487 2942 1584 3008 μὲν
1631 2945 1918 2996 ἀτελεστέ-

341 3050 456 3103 ροις
495 3033 623 3095 τοὺς
660 3031 920 3102 εὐλαϐείᾳ
969 3035 1352 3102 χρησαμένους
1404 3034 1692 3102 ἐπέστησε,
1725 3037 1838 3098 τοῖς
1873 3036 1916 3087 δ’
1945 3069 1990 3128 c

341 3125 698 3194 ὑψηλοτέροις
731 3124 823 3176 τὸν
872 3123 999 3188 νοῦν
1029 3124 1156 3187 τοὺς
1210 3124 1444 3193 μάλιστα
1506 3126 1918 3196 τεθαρρηκότας

343 3219 516 3286 ἐφῆκε
544 3231 560 3245 ⁶
605 3215 700 3268 καὶ
747 3214 987 3267 διδάσκει
1024 3214 1129 3284 μὲν
1179 3213 1277 3285 τὴν
1323 3215 1632 3282 ἀναγκαίαν
1661 3217 1920 3287 ἀλήθειαν

337 3311 430 3362 δια
473 3308 694 3361 πάντων
729 3308 951 3376 ὁμοίιος,
980 3302 1048 3376 ἦς
1089 3307 1121 3375 ἠ
1153 3307 1339 3371 πίστις
1390 3311 1536 3360 ποιεῖ
1582 3310 1706 3371 τοὺς
1741 3309 1920 3379 σιυθηι

336 3401 604 3469 σομένους
628 3416 641 3430 ·
669 3401 736 3452 ἂν
769 3399 822 3452 δέ
863 3415 946 3460 τις
976 3398 1459 3468 θεωρητικώτερος
1500 3399 1575 3452 ὢν
1608 3402 1702 3453 καὶ
1736 3401 1920 3470 κρείτ-

332 3509 448 3545 των
499 3491 736 3559 ὑποψίας
792 3490 1076 3554 κινδύνων,
1137 3488 1273 3559 πρὸς
1331 3492 1426 3553 τΞις
1482 3492 1591 3544 τῶν
1653 3493 1920 3560 μειζόνων

338 3587 466 3652 ἄγει
502 3584 753 3653 μυήσεις,
787 3582 881 3634 καὶ
909 3581 1084 3650 τούτῳ
1124 3582 1214 3633 τὸν
1261 3581 1426 3634 πόθον
1484 3584 1917 3654 παραμυθεῖται,

337 3675 614 3738 διακόνοις
645 3673 734 3736 οὒς
773 3673 918 3735 ἰδίως
955 3673 1092 3743 πρὸς
1124 3671 1297 3725 ταῦτα
1341 3677 1730 3744 παρεσκεύακε
1775 3677 1920 3748 χρώο

343 3785 530 3838 μενον.
567 3765 716 3818 ”Ωστ’
749 3767 796 3819 εἰ
826 3765 932 3817 τῶν
965 3765 1138 3832 ἁγίων
1167 3765 1293 3828 τοὺς
1337 3767 1436 3834 μὲν
1485 3768 1916 3837 ἐπαινεσόμεθα,

341 3863 458 3922 τοῖς
492 3859 537 3912 δ’
577 3859 977 3927 ἑπιτιμήσομεν
1026 3858 1125 3926 τῆς
1183 3857 1346 3926 σιγῆς
1392 3857 1424 3928 ἦ
1454 3859 1562 3911 τῶν
1598 3859 1793 3926 λόγων,
1827 3861 1922 3914 καὶ

336 3952 470 4015 τοὺς
504 3951 604 4020 μὲν
647 3948 1035 4020 ἐγκρινοῦμεν,
1063 3946 1195 4011 τοὺς
1227 3948 1272 4000 δ’
1301 3948 1375 4011 ὡς
1424 3951 1557 4019 ἡμῖν
1611 3952 1920 4022 ἀχρήστους

339 4039 785 4111 ἀποπεμψόμεθα
812 4055 827 4070 ο
867 4039 1074 4105 ἐξέστω
1117 4038 1214 4092 καὶ
1271 4037 1415 4092 κατὰ
1458 4039 1554 4093 τοῦ
1604 4040 1922 4112 Πνεὺματος

337 4135 524 4186 ἐκεῖνα
567 4133 796 4201 τολμᾷν,
836 4133 894 4184 οὖ
951 4134 1112 4202 μόνον
1150 4126 1233 4196 οἷς
1279 4135 1380 4201 τῆς
1427 4135 1644 4204 σιωπῆς
1687 4134 1921 4188 καὶτῶν

335 4225 516 4291 λόγων
548 4224 766 4292 ἑκάστῳ
790 4221 1014 4290 γέγονεν
1045 4223 1244 4286 αἴτιον,
1265 4224 1359 4276 καὶ
1388 4225 1668 4277 κοινωνεῖν
1701 4224 1918 4294 ἀνάγκη

338 4317 430 4371 διὰ
460 4316 620 4369 τοῦτο
656 4315 761 4367 τῶν
789 4314 967 4384 τιμῶν
997 4314 1092 4368 καὶ
1121 4315 1231 4368 τῶν
1271 4315 1506 4386 ὕϐρεων,
1539 4317 1676 4370 ἀλλὰ
1704 4319 1798 4372 καὶ
1840 4318 1922 4382 οἷς

2022 475 2201 528 celare
2250 479 2534 532 veritatem
2595 492 2702 530 non
2759 477 3081 531 debebant:
3141 477 3410 544 alipquin,
3469 477 3598 530 dum

2021 567 2328 620 consultum
2357 567 2610 620 volebant
2638 567 3112 631 imbecillioribus,
3139 566 3311 635 iniqui
3349 567 3401 620 in
3426 568 3601 636 mag's

2023 658 2245 712 idoneos
2292 659 2654 722 exstitissent,
2681 659 3027 729 imperfectos
3072 658 3454 729 relinquendo,
3498 671 3597 711 nec

2021 748 2252 802 volendo
2287 749 2397 803 illis
2428 750 2594 804 etiam
2629 750 2942 818 impendere
2965 749 3236 804 doctrina:
3261 763 3592 811 sermonem,

2021 839 2130 894 alio
2161 840 2398 906 quodam
2445 840 2608 894 modo
2639 852 2693 895 ct
2721 840 2827 894 illis
2851 855 3032 893 veram
3065 840 3442 908 proponebant
3477 841 3604 893 scn-

2023 929 2272 1003 tentiam,
2300 929 2392 996 qui
2418 929 2758 998 sapientibus
2799 930 2934 984 satis
2990 937 3180 984 esset:
3237 930 3600 998 quemadmo-

2020 1021 2148 1076 dum
2180 1031 2231 1074 et
2285 1022 2384 1090 ipsi
2418 1022 2702 1076 veritatem
2737 1038 2767 1077 e
2800 1022 3104 1092 Scripturis
3135 1037 3245 1075 non
3283 1021 3448 1075 nudis
3474 1036 3599 1074 ver-

2021 1110 2105 1164 bis
2136 1113 2439 1181 expositam
2480 1113 2855 1182 requirebant,
2889 1113 2984 1168 sed
3038 1114 3104 1166 ad
3159 1111 3602 1180 comperiendam

2021 1203 2166 1257 illam
2201 1204 2335 1258 satis
2363 1219 2485 1258 esse
2518 1204 2619 1257 sibi
2657 1213 2950 1272 putarunt,
3005 1219 3124 1273 qua:
3161 1203 3387 1272 perinde
3424 1202 3604 1255 valent

2021 1300 2187 1361 atque
2220 1293 2333 1362 ipsa
2385 1303 2572 1362 aperte
2605 1294 2980 1362 pronuntiata,
3011 1309 3241 1363 qumque
3294 1300 3605 1361 congruunt

2021 1401 2146 1440 eum
2181 1387 2350 1442 certis
2375 1395 2426 1440 et
2465 1387 2786 1442 indubitatis
2813 1387 2980 1441 animi
3023 1385 3376 1455 conceptibus
3413 1385 3479 1439 de
3517 1401 3605 1439 re-

2021 1477 2127 1532 bus
2149 1476 2370 1532 divinis.
2411 1474 2569 1531 lianc
2622 1477 2899 1531 etcmteri‘
2930 1477 3185 1531 doctores
3233 1473 3404 1530 secuti
3475 1484 3602 1528 sunt

2024 1569 2190 1632 viam,
2231 1569 2360 1621 dum
2399 1579 2731 1637 exponerent
2755 1569 3029 1638 dogmata.
3063 1567 3172 1622 Nec
3208 1567 3335 1620 illud
3372 1581 3602 1635 perpen-

2024 1658 2117 1713 dat
2164 1659 2459 1728 quispiam,
2496 1660 2641 1728 quod
2697 1659 2839 1714 hanc
2887 1660 3213 1712 sententiam
3251 1657 3600 1728 protulerint,

2026 1766 2192 1819 quam
2222 1751 2313 1805 alii
2344 1751 2638 1816 tacuerint,
2680 1751 2776 1806 sed
2816 1752 2959 1820 quod
2988 1759 3040 1804 et
3095 1750 3171 1803 illi
3213 1750 3383 1804 multa
3437 1765 3602 1818 penes

2026 1854 2086 1893 se
2115 1839 2463 1907 retinuerint,
2511 1855 2633 1906 qum
2682 1841 2960 1909 potuerint
3023 1839 3176 1894 cﬂ‘ari
3216 1858 3230 1894 :
3286 1856 3407 1907 qua:
3451 1849 3604 1893 tanto

2028 1929 2203 1996 majus
2235 1927 2468 1983 fortasse
2502 1928 2803 1998 pericnlmn
2841 1926 3180 1987 attulissent,
3230 1933 3286 1978 et
3323 1941 3387 1979 eo
3435 1925 3602 1992 pluri-

2026 2017 2128 2073 bus
2182 2019 2496 2072 bominibus
2557 2018 2948 2087 perniciosum,
2996 2026 3202 2086 quanto
3259 2014 3602 2084 profundiori

2025 2125 2162 2176 opus
2193 2119 2274 2164 est
2297 2109 2665 2180 intelligentia
2735 2108 2800 2163 ad
2845 2109 3191 2177 percipienda
3231 2123 3352 2176 quae
3383 2107 3458 2161 illi
3517 2107 3603 2160 di-

2025 2209 2184 2264 cunt,
2224 2211 2272 2253 et
2309 2199 2478 2254 multo
2504 2201 2666 2252 etiam
2699 2199 2933 2253 acutiori
2955 2213 3092 2266 opus
3123 2206 3266 2252 esset
3292 2196 3355 2250 ad
3387 2211 3450 2250 ea
3484 2212 3603 2266 quae

2027 2300 2344 2347 tacuerunt.
2374 2291 2479 2346 Sed
2508 2300 2559 2343 et
2588 2290 2662 2343 illi
2693 2289 2952 2358 praeclara
2991 2289 3224 2358 quadam
3249 2284 3357 2342 alia
3393 2289 3606 2341 ratione

2026 2400 2121 2440 eos
2153 2384 2238 2438 sui
2272 2398 2472 2439 sensus
2533 2382 2712 2435 facere
2769 2380 3090 2450 participes,
3152 2379 3242 2448 qui
3285 2378 3603 2448 ltnjusmotti

2026 2492 2114 2530 res
2146 2475 2364 2543 assequi
2393 2481 2644 2544 possunt,
2674 2472 2723 2526 id
2782 2471 2926 2541 quod
2992 2471 3302 2540 perspicere
3348 2472 3496 2536 licet,
3558 2471 3603 2523 si

2025 2568 2148 2635 quis
2202 2581 2392 2619 eorum
2445 2565 2615 2618 libros
2656 2563 2799 2632 legat
2857 2563 3142 2616 attentius.
3206 2561 3362 2627 Quod
3419 2573 3600 2616 autem

2026 2673 2119 2726 par
2153 2669 2232 2710 est
2265 2657 2498 2727 singulis
2532 2655 2833 2726 contigisse.
2880 2653 3201 2708 doctoribus
3257 2655 3309 2707 in
3355 2653 3421 2708 iis
3461 2668 3602 2722 quos

2023 2751 2404 2815 instituebant,
2435 2749 2539 2805 hoc
2573 2749 2746 2804 multo
2775 2758 2932 2802 antea
2961 2747 3130 2803 fuisse
3163 2762 3192 2800 a
3223 2747 3428 2817 Spiritu
3462 2747 3608 2801 veri-

2026 2843 2152 2896 tatis
2206 2843 2486 2911 provisum
2531 2842 2584 2894 in
2642 2841 2895 2896 universa
2931 2856 3028 2894 sua
3061 2840 3309 2894 Ecclesia
3361 2856 3470 2894 non
3523 2847 3606 2893 cst

2025 2935 2484 2995 dissentanenm,
2541 2933 2848 2987 admirabili
2908 2932 3142 3000 quadam
3206 2938 3262 2985 ct
3313 2941 3608 2999 superante

2026 3041 2242 3078 onmem
2297 3025 2514 3079 dicendi
2549 3025 2854 3079 facultatem
2907 3022 3282 3076 Providentia.
3314 3023 3607 3078 Consuluit

2024 3116 2167 3167 enim
2199 3115 2418 3184 utrique
2446 3115 2732 3168 hominum
2757 3113 2957 3179 ordini,
2989 3124 3462 3183 congruentesque
3490 3114 3600 3167 illis

2025 3205 2269 3260 formans
2302 3206 2586 3270 doctores,
2613 3205 3119 3276 imperlectioribus
3149 3207 3366 3274 quidem
3403 3205 3600 3274 prafe-

2023 3301 2097 3355 cit
2125 3299 2340 3355 cautela
2375 3317 2526 3364 usos,
2553 3301 2901 3356 eminentiori
2929 3296 3118 3356 'autem
3149 3301 3426 3356 intellectu
3459 3317 3604 3372 prze-

2023 3393 2151 3448 ditis
2209 3392 2361 3447 dedit
2409 3393 2782 3449 conﬁdentius
2827 3394 3064 3449 locutos.
3118 3393 3183 3448 Et
3227 3394 3598 3450 necessariam

2019 3483 2243 3552 quidem
2274 3499 2368 3554 per
2395 3498 2588 3539 omnes
2610 3499 2766 3554 (eque
2799 3485 2956 3539 docet
2992 3484 3296 3550 veritatem,
3332 3501 3435 3554 qua
3470 3485 3602 3539 fides

2025 3576 2222 3632 imbuit
2255 3577 2589 3632 salvandos:
2623 3577 2668 3632 si
2703 3578 2833 3647 quis
2869 3591 3002 3633 vero
3040 3578 3234 3646 majori
3283 3577 3479 3647 polleat
3517 3577 3603 3633 in-

2024 3670 2166 3739 genii
2212 3669 2486 3736 acumine,
2533 3685 2633 3724 nec
2670 3671 2913 3739 pericula
2951 3669 3225 3737 formidet,
3262 3675 3408 3728 nunc
3441 3687 3470 3726 a
3513 3689 3610 3729 su-

2025 3761 2646 3833 blimioraintelligenda
2673 3762 2876 3827 evehit,
2912 3771 2967 3818 et
3002 3763 3414 3834 satisfacitcjus
3455 3764 3608 3820 desi-

2024 3851 2176 3906 derio
2203 3866 2300 3920 per
2331 3867 2427 3910 eos
2452 3869 2593 3924 quos
2620 3854 2686 3908 ad
2721 3854 2832 3910 haec
2873 3856 3223 3924 peculiariter
3277 3860 3607 3928 praeparavit

2025 3942 2407 4000 administros.
2449 3943 2630 4010 Quare
2656 3944 2702 4000 si
2737 3957 3051 4002 sanctorum
3076 3949 3215 4004 alios
3241 3951 3458 4017 quidem
3491 3952 3610 4004 lau-

2025 4037 2300 4102 dabimus,
2337 4037 2476 4092 alios
2503 4047 2683 4092 autem
2721 4040 3207 4107 reprehendemus,
3237 4042 3380 4110 (μιοά
3414 4052 3603 4097 tacue-

2027 4129 2135 4183 rint
2169 4126 2609 4196 expresserintve
2636 4128 2868 4197 aliquid,
2899 4139 2954 4183 et
3017 4130 3116 4184 ltus
3151 4130 3370 4197 quidem
3409 4132 3608 4198 proba-

2023 4217 2226 4282 bimus.
2283 4217 2422 4272 alios
2452 4231 2605 4284 vero,
2635 4220 2778 4288 quod
2812 4234 2921 4273 non
2958 4219 3067 4273 sint
3096 4221 3256 4276 nobis
3289 4221 3430 4287 usui,
3475 4221 3605 4290 reji-

2025 4310 2234 4368 c'tmnus
2273 4325 2286 4362 :
2341 4311 2504 4366 liceat
2539 4313 2652 4367 lucc
2681 4312 2872 4367 eadem
2907 4313 3109 4368 audere
3167 4323 3360 4370 contra
3421 4315 3602 4384 ipsum

338 4410 429 4476 ἐφ’
481 4409 716 4463 ἑκάστου
775 4409 1126 4478 χρησάμενον
1191 4407 1484 4474 φαίνεται,
1545 4409 1638 4463 καὶ
1701 4409 1772 4483 τὰ
1830 4409 1920 4481 μὲν

2035 4401 2328 4472 Spiritum,
2362 4418 2473 4458 non
2522 4405 2697 4459 solum
2725 4405 2854 4475 quia
2895 4406 2941 4460 is
2973 4405 3137 4460 fuerit
3172 4414 3382 4473 auctor,
3418 4421 3518 4462 cur
3553 4407 3608 4463 lii

337 4501 576 4570 σιγῆσαν
600 4501 667 4553 τὰ
706 4500 754 4553 δ’
785 4499 1008 4569 είρηκδς
1040 4499 1127 4550 διὰ
1168 4498 1278 4551 τῶν
1321 4499 1685 4564 διδασκάλων,
1718 4493 1801 4565 οἷς
1835 4502 1925 4554 τὸν

336 4589 439 4659 τῆς
473 4588 732 4658 ἀληθείας
761 4589 920 4657 λόγον
971 4588 1208 4641 ἐνέπνει.
1243 4588 1308 4642 Et
1341 4587 1385 4640 δ’
1417 4588 1474 4642 ἒν
1513 4591 1666 4643 ἑστιν
1719 4593 1922 4658 ἐκεῖνο,

339 4681 440 4735 καὶ
469 4681 732 4751 ἀληθείας
763 4680 1000 4749 Πνεῦμα
1035 4681 1378 4747 πιστεύεται,
1405 4683 1498 4735 καὶ
1531 4684 1696 4736 πᾶσιν
1723 4684 1926 4752 ὁμοίως

338 4773 625 4845 εὐεργετεί
647 4775 772 4836 τοὺς
803 4773 1154 4844 ἀνθρώπους.
1193 4774 1315 4826 οὐδὲ
1345 4776 1409 4827 τὰ
1446 4774 1556 4828 τῶν
1587 4775 1925 4830 διδασκάλων

342 4865 522 4927 ἄλλως
552 4866 698 4935 ἔχειν
727 4865 933 4918 οίεσθαι
961 4866 1086 4934 χρή.
1128 4863 1265 4916 Ἀλλ’
1300 4864 1385 4917 ἵνα
1437 4864 1511 4935 μὴ
1547 4865 1718 4917 πολλὰ
1747 4866 1924 4934 λέγων

343 4958 477 5026 ὑμῖν
527 4956 748 5026 ἐνοχλῶ,
799 4956 922 5010 ὅθεν
990 4958 1100 5009 τῶν
1147 4955 1324 5023 λόγων
1378 4957 1585 5009 τούτων
1642 4957 1924 5028 ἠρξάμην,

341 5050 526 5102 ἐκεῖσε
566 5048 727 5102 πάλιν
772 5050 1052 5118 ἐπάνειμι.
1086 5049 1148 5102 Εἰ
1183 5049 1284 5118 μὲν
1321 5049 1426 5118 γὰρ
1474 5050 1728 5119 φανερῶς
1774 5051 1927 5105 ἀντι-

341 5140 645 5209 φὰσκοντες
694 5141 744 5194 0i.
775 5142 874 5212 τῆς
914 5140 1241 5209 Ἑκκλησίας
1293 5140 1548 5208 ἑωρῶντο
1593 5139 1923 5209 διδάσκαλοι,

343 5232 441 5286 καὶ
487 5232 610 5302 δίχα
658 5233 1024 5304 διαιρεθέντες
1083 5234 1131 5286 οἱ
1193 5232 1294 5302 μὲν
1344 5231 1533 5301 ἔλεγον
1586 5234 1687 5288 οὐκ
1735 5235 1800 5288 ὲκ
1829 5234 1924 5289 τοῦ

342 5323 482 5378 Υἰοῦ
523 5327 771 5396 προϊέναι
814 5325 876 5377 τι
921 5323 1169 5393 Πνεῦμα,
1202 5325 1250 5377 οί
1281 5324 1338 5377 δὲ
1369 5323 1530 5378 τοῦτο
1579 5327 1926 5398 κατέφασκον

343 5412 394 5486 ᾧ
431 5415 527 5470 νῦν
558 5417 774 5484 λέγουσι
803 5417 1013 5487 τρόπῳ,
1049 5415 1158 5468 ἔδει
1187 5415 1284 5486 τὴν
1315 5416 1413 5485 μὲν
1439 5416 1730 5486 ἀντίφασιν
1762 5421 1926 5489 μέχρι

342 5511 454 5567 τῶν
486 5511 659 5579 λόγων
687 5505 826 5564 εἶναι
874 5510 1196 5579 νομίζοντας
1225 5509 1318 5562 καὶ
1354 5510 1454 5579 τὴν
1488 5509 1694 5579 μάχην,
1725 5511 1840 5575 τοῖς
1867 5511 1924 5563 δὲ

342 5606 585 5673 νοήμασι
642 5603 734 5657 καὶ
787 5604 994 5673 σφόδρα
1055 5600 1326 5672 συνῆφθαι
1390 5604 1614 5666 τούτους
1675 5603 1924 5674 ἀλλήλοις

344 5694 782 5765 ὑποτιθεμένοις,
832 5693 1127 5767 πειρᾶσθαι
1195 5694 1293 5762 τῆς
1370 5696 1427 5746 ἐν
1503 5697 1616 5760 τοῖς
1680 5694 1925 5765 ῥήμασιν

2032 4492 2324 4558 tacuerint,
2382 4494 2459 4547 illi
2505 4495 2898 4564 expresserim,
2945 4511 3054 4562 quo
3087 4496 3145 4549 fit
3182 4505 3240 4552 ut
3293 4499 3606 4554 necessario

2028 4589 2084 4640 'ct
2139 4585 2254 4655 ipse
2312 4585 2600 4656 participet
2650 4586 2888 4641 honores
2947 4593 3002 4643 ct
3052 4590 3411 4646 contumelias
3448 4605 3463 4643 :
3497 4592 3609 4659 {sed

2028 4677 2191 4730 etiam
2242 4677 2386 4745 quod
2418 4692 2551 4732 usus
2597 4677 2941 4748 singulorum
2993 4695 3180 4750 opera,
3223 4681 3338 4735 lucc
3383 4683 3604 4750 quidem

2031 4767 2146 4838 ipse
2195 4770 2450 4833 tacuerit,
2497 4769 2584 4823 illa
2653 4784 2783 4825 vero
2821 4786 2916 4840 per
2955 4772 3209 4827 doctores
3252 4774 3605 4842 expresserit,

2030 4860 2232 4930 quibus
2261 4877 2572 4918 sermonem
2630 4863 2876 4918 veritatis
2911 4863 3249 4920 infundebat.
3281 4865 3346 4918 At
3389 4865 3434 4921 si
3466 4881 3608 4920 unus

2029 4952 2120 5007 ille
2145 4961 2248 5018 est,
2295 4963 2349 5008 et
2386 4954 2613 5023 spiritus
2643 4956 2887 5011 creditur
2925 4958 3192 5022 veritatis,
3221 4966 3275 5012 et
3326 4957 3606 5012 beneﬁciis

2028 5042 2194 5099 allicit
2223 5045 2478 5102 homines
2520 5048 2747 5117 ada‘que
2781 5063 2876 5116 per
2905 5049 3109 5110 omnia.
3146 5065 3246 5104 nec
3289 5065 3377 5105 res
3423 5051 3607 5103 docto-

2031 5151 2152 5189 rum
2189 5138 2348 5192 aliter
2367 5153 2427 5193 se
2449 5137 2650 5194 habere
2677 5141 2933 5210 putanda:
2965 5151 3113 5197 sunt.
3171 5141 3276 5196 Sed
3314 5155 3382 5195 ne
3437 5140 3608 5194 multa

2031 5230 2264 5286 dicendo
2291 5233 2394 5285 sim
2437 5231 2592 5287 vobis
2620 5233 2902 5297 molestus,
2934 5235 3000 5288 ad
3031 5249 3092 5288 ea
3121 5242 3364 5288 revertor
3388 5232 3454 5286 de
3482 5232 3608 5302 qui-

2029 5323 2133 5378 bus
2176 5339 2338 5394 agere
2387 5340 2684 5395 coeperam.
2745 5326 2802 5381 Si
2852 5332 2996 5383 enim
3047 5326 3305 5382 Ecclesia!
3353 5327 3605 5383 doctores

2029 5421 2375 5489 apertissime
2399 5423 2709 5490 pugnarent
2751 5423 2890 5474 inter
2917 5435 2999 5486 se,
3030 5431 3193 5490 atque
3232 5420 3372 5475 duas
3404 5422 3456 5475 in
3479 5437 3602 5491 par-

2030 5520 2112 5564 tes
2146 5511 2327 5574 divisi,
2374 5512 2428 5565 lii
2466 5513 2685 5581 quidem
2732 5523 2998 5580 negarent
3054 5513 3318 5581 Spiritum
3361 5530 3424 5567 es
3466 5515 3604 5573 Filio

2028 5603 2344 5673 procedere,
2377 5603 2430 5657 lii
2473 5619 2600 5658 vero
2660 5605 2996 5658 atlirmarent
3027 5615 3083 5658 ut
3139 5621 3284 5661 nunc
3342 5606 3551 5664 faciunt
3587 5626 3604 5664 :

2027 5703 2323 5765 oporteret,
2378 5695 2778 5751 contrariorum
2837 5696 3196 5754 asset-donem
3258 5707 3312 5754 et
3369 5716 3606 5772 pugnam
