3948 6186
395 259 495 322 οιγ

1528 264 1817 324 ORATIO
1853 267 1943 325 lll
1990 267 2087 324 AD
2114 267 2510 327 SYNODUM.

3539 264 3638 326 513

394 373 602 425 votiva:
635 371 784 425 δοκεῖ
810 372 873 442 τῇ
907 373 1034 443 περί
1066 372 1270 427 τούτων
1304 377 1506 446 σιωπῇ,
1537 379 1602 447 τῇ
1641 378 1826 448 Γραφῇ
1871 379 1965 430 καὶ

2077 380 2319 434 docenda
2382 383 2456 435 rei
2507 380 2730 434 veritate
2785 380 3187 434 abstinuerunt.
3246 380 3396 446 Quod
3457 390 3638 437 autem

401 467 566 534 μοίρᾳ
613 463 720 516 τῶν
758 463 1092 519 διδασκάλων
1141 467 1242 536 μιᾷ
1295 463 1376 528 οἷς
1431 467 1702 536 ὡμίλησε,
1769 469 1970 537 μᾶλλον

397 557 541 609 ἔοικε
600 557 995 627 μαρτυρεῖν,ῆ
1044 557 1302 628 καθαρῶς
1357 560 1737 627 ἀποφάσκε-ιν·
1793 561 1970 613 καίτοι

397 649 492 702 καὶ
529 649 777 718 φανερῶς
831 651 1149 720 ὴρνημένην
1201 651 1437 721 χαλεπὸν
1487 653 1640 706 οὐδὲν
1695 653 1813 706 ἐστι
1853 654 1968 716 τοῖς

394 740 644 810 εἰρηκόσι
678 741 1071 806 συνάπτεσθαι,
1178 747 1273 796 καὶ
1311 744 1540 808 πολλοὺς
1585 745 1776 810 ἄλλους
1808 745 1968 814 ἐμέλ-

395 831 559 900 λομεν
588 832 652 886 ἂν
683 833 974 886 συνάπτειν
1009 838 1434 904 συναραμένους.

2078 470 2354 524 silentium
2388 471 2594 526 iudicio
2620 473 2689 524 sit
2719 487 2815 525 eos
2851 482 3040 526 contra
3102 474 3304 527 sentire
3354 476 3474 530 aliis
3525 492 3639 530 rem

2074 562 2527 629 cxprimcntibus.
2558 573 2610 617 et
2645 563 2836 635 haberi
2862 564 3188 618 sententiam
3221 565 3290 619 ab
3317 566 3384 618 iis
3419 581 3518 635 pro
3546 568 3618 622 [al

2073 666 2154 715 sa,
2187 651 2298 717 jam
2322 663 2604 708 ostensum
2634 663 2716 708 est
2751 656 2896 708 tmlla
2942 657 3153 710 ratione
3180 655 3286 711 dici
3322 673 3480 726 posse
3509 678 3522 712 :
3587 667 3641 712 et

2073 743 2120 796 si
2150 743 2274 810 quis
2317 743 2432 796 lure
2475 745 2701 798 tacendo
2757 748 3091 815 negationem
3159 762 3357 815 ponere
3403 747 3638 813 videtur,

2072 836 2368 904 Setipturze
2400 837 2603 903 potius,
2630 846 2681 890 et
2708 837 2867 893 alteri
2889 838 3176 892 doctorum
3212 841 3376 909 parti,
3401 857 3636 910 quorum

393 919 803 980 lucubrationes
852 924 1018 994 legit,
1074 927 1206 980 dare
1264 912 1484 982 videtur
1525 927 1947 992 testimonium,
1990 943 2150 996 quam
2211 928 2496 996 perspicue
2557 944 2804 1000 negare:
2857 946 3166 1000 quanquam
3248 942 3433 1001 aperte
3475 935 3638 988 etiam

398 1015 687 1082 negatione
726 1016 917 1084 posita,
945 1024 1124 1086 potest
1175 1018 1570 1075 allirmautibus
1608 1020 1759 1074 nullo
1833 1020 2054 1089 negotio
2110 1020 2418 1087 conciliari,
2464 1030 2524 1076 ut
2575 1023 2726 1076 inulti
2794 1038 3011 1094 quoque
3071 1023 3184 1089 alii,
3240 1025 3285 1080 si
3362 1027 3641 1095 negationi

394 1102 446 1159 l’a
457 1124 478 1155 τ
490 1107 679 1160 issent.

465 1199 685 1255 Τούτων
711 1196 805 1254 οὖν
827 1201 999 1267 οὓτως
1030 1205 1282 1274 ἐχόντων,
1337 1206 1516 1276 μάτην
1551 1208 1848 1277 κοψάμεθα,
1887 1209 1976 1277 γτὰ

396 1293 862 1363 συγκεκλωσμένα
913 1295 1229 1360 διιστῶντές
1283 1315 1344 1351 τε
1415 1300 1515 1354 καὶ
1591 1301 1974 1374 συμφύροντες

399 1382 764 1452 τούναντίονῆ
797 1382 1051 1450 λέγεται*
1096 1385 1190 1437 καὶ
1221 1385 1498 1450 διαλύσεις
1543 1388 1686 1442 οὕτω
1745 1391 1967 1460 προχεί-

394 1494 522 1546 ρους
552 1474 952 1546 περιοψόμεθα,
1008 1477 1199 1549 ὥσπερ
1262 1479 1339 1549 τῷ
1399 1479 1666 1550 πολεμεῖν
1712 1482 1966 1553 ἀλλήλοις

392 1564 691 1620 καὶταῦτα
728 1569 858 1638 περὶ
884 1567 1144 1624 τοιούτων
1179 1571 1670 1642 φιλοτιμούμενον
1707 1575 1802 1627 καὶ
1847 1575 1962 1628 δια-

393 1660 664 1729 στήσομεν
719 1661 970 1730 ἀλλήλων
1043 1664 1172 1724 τοὺς
1237 1662 1630 1731 διδασκάλους,
1684 1665 1777 1728 οὓς
1824 1665 1963 1720 αὐτὰ

2145 1204 2282 1259 Cum
2315 1203 2479 1274 igitur
2512 1205 2626 1259 hac
2647 1205 2732 1272 ita,
2748 1220 2808 1260 se
2835 1205 3092 1274 habeant,
3121 1206 3322 1262 frustra
3350 1207 3641 1275 querimo-

2077 1290 2198 1348 nias
2229 1291 2572 1358 iterabimus,
2605 1308 2727 1362 quac
2757 1301 2984 1347 consula
3015 1302 3145 1348 sunt
3169 1295 3478 1350 dissuentes
3511 1309 3640 1350 con-

2073 1383 2496 1454 fundentcsque,
2558 1395 2755 1441 contra
2819 1401 2985 1455 quam
3040 1385 3235 1456 adagio
3284 1387 3524 1450 dicitur;
3585 1396 3648 1448 et

2071 1475 2512 1530 conciliationem
2565 1474 2702 1530 adeo
2758 1474 2975 1532 facilem
3017 1477 3376 1548 negligemus,
3412 1481 3636 1549 perinde

2065 1578 2130 1617 ac
2158 1565 2201 1618 si
2235 1565 2438 1619 mutuis
2474 1564 2652 1626 bellis.
2684 1565 2844 1634 idque
2867 1565 2934 1619 de
2971 1566 3135 1621 rebus
3173 1567 3503 1636 hujusmodi,
3540 1571 3639 1624 ho-

2069 1653 2220 1708 noris
2266 1668 2432 1708 causa
2481 1653 2817 1710 oblectemur
2862 1671 2877 1710 :
2927 1665 2978 1709 et
3009 1657 3258 1712 doctores
3295 1674 3322 1710 a
3359 1661 3636 1713 conlinunt

394 1727 660 1806 συνάπτει
697 1753 792 1807 καὶ
816 1727 935 1822 ,πρὸ
965 1754 1075 1808 τῶν
1109 1757 1327 1808 οἰκείων
1353 1755 1528 1824 λόγων
1576 1727 1656 1811 τα
1701 1758 1965 1828 πράγμα-

2073 1745 2364 1799 concordia
2398 1745 2796 1816 disjungemus,
2829 1763 2968 1816 quos
3000 1757 3124 1803 ante
3158 1764 3257 1803 sua
3293 1751 3457 1804 etiam
3494 1750 3642 1819 ipso-

391 1863 483 1899 τα.
528 1845 880 1916 Ἀλλ’ὦσπερ
909 1847 1008 1900 οὐκ
1036 1846 1151 1900 ἔστι
1191 1849 1448 1918 καθαρῶς
1478 1851 1623 1919 ἡμᾶς
1663 1852 1967 1922 εἰρηνεύειν

396 1937 474 2005 μὴ
533 1936 642 1990 τῶν
689 1938 1221 2008 ἀμφισϐητουμένων
1273 1939 1453 2008 κρίσει
1509 1942 1817 2008 λυθέντων,
1871 1944 1966 1997 καί

391 2029 752 2100 διορισθέντον
784 2030 902 2092 ἐνός
935 2047 1080 2094 τινος
1127 2031 1222 2085 τοῦ
1263 2033 1430 2084 πᾶσιν
1469 2032 1797 2099 ἀρέσκοντος
1829 2051 1842 2064 °
1874 2035 1966 2089 οὓ-

395 2140 506 2186 τως
537 2123 659 2176 ούδέ
686 2122 786 2192 τῆς
839 2121 1100 2192 ἀληθείας
1139 2125 1415 2193 ἐπιτυχεῖν
1434 2124 1548 2178 ἐστι
1586 2126 1660 2194 μὴ
1718 2127 1810 2194 τῆς
1861 2127 1967 2179 τῶν

388 2216 568 2280 ἁγίων
595 2214 897 2283 συμπνοίας
921 2213 1010 2266 ἐπ’
1041 2214 1210 2282 αὐτὴν
1242 2216 1390 2283 ἡμᾶς
1424 2215 1742 2285 ὁδηγούσης.
1792 2217 1966 2287 ’Υπὲρ

394 2303 604 2357 τούτων
636 2304 691 2355 δὲ
713 2303 1039 2373 ἀμφοτέρων
1068 2305 1202 2374 ἡμῖν
1244 2305 1394 2358 πᾶσα
1431 2306 1463 2374 ἡ
1500 2305 1724 2374 σπουδή.
1759 2305 1886 2358 Ἐπὶ
1915 2307 1968 2358 τί
2031 2353 2033 2355 ,

388 2395 454 2447 δὲ
487 2393 623 2462 πρὸς
669 2392 804 2445 Θεοῦ
836 2393 930 2445 καὶ
955 2383 1054 2461 τὴν
1083 2393 1265 2446 αἰτίαν
1305 2393 1549 2447 ἀνοίσετε
1580 2393 1672 2446 τοῦ
1727 2394 1802 2463 μὴ
1835 2396 1965 2447 πάν-

396 2502 495 2549 τας
521 2484 648 2546 τοίις
670 2484 1024 2548 διδασκάλους
1064 2483 1314 2551 στέργειν
1341 2485 1559 2554 ἐπίσης,
1587 2487 1790 2539 ὁπόταν
1813 2487 1966 2556 ὑμῶν

397 2574 494 2626 ἐπὶ
542 2574 634 2628 τοῦ
679 2573 856 2627 κοινοῦ
883 2574 1235 2642 δικαστηρίου
1295 2575 1721 2638 πυνθάνωνται;
1776 2579 1966 2650 οὐγὰρ

395 2663 549 2736 οἶμαι
601 2669 728 2737 σιγῇ
773 2666 1013 2720 τοιοῦτον
1065 2667 1308 2736 ἀδίκημα
1369 2668 1659 2739 παρελθεῖν
1719 2669 1786 2724 ἂν
1841 2672 1966 2734 τοὺς

403 2758 788 2829 ὴμελημένους
845 2771 860 2787 °
908 2759 1110 2828 μᾶλλον
1168 2758 1254 2811 δέ-
1305 2758 1456 2811 οὐδὲν
1527 2753 1688 2831 ἦττον
1743 2743 1966 2814 ἐκείνων

401 2851 543 2921 ὑπὲρ
574 2851 797 2904 ἐκείνων
825 2851 920 2903 καὶ
951 2851 1002 2902 οἰ
1031 2849 1294 2919 τιμᾶσθαι
1321 2850 1607 2913 δοκοῦντες
1651 2852 1965 2921 ἀγανακτή-

404 2959 582 2996 σουσι.
619 2942 692 2995 Τὸ
733 2941 841 2996 τῶν
897 2943 1238 3011 σιγησάντων
1295 2939 1510 3010 ἀξίωμα
1565 2941 1962 3011 προϐαλεῖσθε;

403 3011 514 3086 Καὶ
539 3035 647 3104 μὴν
666 3031 846 3085 αὐτῶν
877 3033 1124 3102 ἁγιότητι
1166 3031 1266 3101 μὲν
1321 3031 1470 3084 οὐδὲν
1528 3031 1784 3094 ἐλάττους
1835 3033 1960 3094 εἰσί,

401 3125 562 3195 σοφίᾳ
579 3125 635 3179 δέ
659 3125 752 3177 καὶ
779 3125 916 3177 πολὺ
963 3123 1288 3195 προέχουσιν
1328 3122 1460 3176 ἔνιοι
1513 3123 1622 3174 τῶν
1676 3122 1961 3177 εἰπόντων.

411 3216 576 3268 Ἀλλὰ
595 3216 656 3267 τὺ
692 3214 895 3284 πλῆθος
927 3216 1144 3284 ἐρεῖτε;
1183 3215 1292 3267 Καὶ
1335 3213 1441 3282 μὴν
1476 3215 1570 3267 καὶ
1594 3212 1768 3282 τούτῳ
1807 3200 1969 3264 νικῶὲ

401 3326 508 3364 σιν.
539 3310 600 3362 Εἰ
629 3307 686 3360 δὲ
723 3311 820 3370 τὰς
855 3308 1010 3378 παρὰ
1035 3306 1144 3360 τῶν
1171 3305 1408 3360 συνόδων
1437 3306 1624 3375 τιμὰς,
1658 3305 1808 3374 παρὰ
1843 3303 1967 3371 σφί-

399 3420 454 3456 σι
476 3401 743 3468 δείξουσιν
773 3399 940 3456 οὖσαν
996 3403 1096 3471 τὴν
1122 3401 1424 3471 ὑπεροχήν.
1473 3399 1634 3453 Ἀλλὰ
1668 3400 1742 3469 τῷ
1795 3399 1968 3453 δεινὸν

399 3493 610 3547 οἴεσθαι
640 3493 796 3558 δόξαν
830 3495 906 3563 μὴ
942 3492 1092 3562 παρὰ
1131 3493 1346 3548 πάντων
1383 3489 1520 3561 δμοῦ
1551 3491 1966 3561 κρατυνομένην

401 3585 814 3656 προσδέχεσθαι.
861 3584 1004 3637 Ἀλλ’
1031 3573 1151 3637 ούδέ
1169 3581 1312 3634 τοῦτ’
1340 3579 1562 3649 εὔλογον
1589 3595 1602 3609 ⁶
1660 3581 1968 3652 ἀντιλέγονο

399 3697 490 3742 τος
521 3681 631 3749 γὰρ
651 3679 865 3740 οὐδενὸς
891 3675 1094 3730 οὑτωσὶ
1129 3674 1400 3744 φανερῶς,
1461 3673 1644 3727 ἱκανόν
1693 3674 1841 3726 ἐστιν
1868 3672 1966 3725 αύ-

401 3769 499 3840 τὴν
554 3769 664 3823 ἀπὸ
709 3769 855 3821 δυοῖν
896 3765 1298 3843 μαρτυρεῖσθαι
1325 3781 1340 3796 ο
1397 3763 1538 3836 αὕτη
1594 3764 1651 3817 δὲ
1697 3762 1967 3817 τοσούτων

401 3863 713 3932 συνηγόρων
745 3861 1080 3931 ηὐπόρηκεν.
1117 3859 1186 3910 Ἦ
1220 3856 1315 3911 καὶ
1337 3855 1396 3910 τὸ
1426 3855 1557 3926 περὶ
1593 3855 1684 3907 τὸν
1716 3854 1966 3922 Λάζαρον

401 3953 610 4024 θαῦμα,
637 3955 732 4008 καί
757 3951 854 4023 τὴν
902 3951 1003 4020 τῆς
1028 3947 1418 4021 Σαμαρείτιδος
1451 3945 1741 4016 συντυχίαν
1788 3961 1966 4014 παρα-

398 4044 778 4118 δραμούμεθα,
809 4045 892 4096 ὅτι
924 4044 1000 4114 μὴ
1039 4039 1247 4104 πάντας
1293 4038 1420 4108 ἔσχε
1487 4034 1914 4106 συμφωνοῦντας
1939 4035 1968 4088 ό

398 4136 568 4192 ταῦτα
595 4136 768 4206 λέγων
813 4136 938 4197 τοὺς
983 4131 1394 4201 εὐαγγελιστάς.
1435 4125 1566 4184 Εἶτα
1600 4129 1693 4181 καὶ
1724 4128 1851 4189 τοὺς
1909 4127 1967 4178 ἐν

397 4230 507 4290 τοῖς
527 4225 895 4295 δικαστηρίοις
916 4221 1130 4290 ἀγῶνας
1156 4221 1313 4275 ἄλλον
1338 4219 1462 4272 τινὰ
1485 4217 1784 4272 διετίθεσθε
1835 4215 1963 4286 τρό-

399 4335 523 4384 πον,
550 4319 598 4370 οἰ
638 4315 916 4387 ἄνθρωποι
944 4314 1079 4384 πρὸς
1111 4313 1257 4383 ἡμᾶς
1297 4311 1504 4383 ἐροῦσι,
1547 4311 1640 4364 καὶ
1675 4310 1818 4363 πάνυ
1884 4309 1966 4361 δι-

2073 1852 2192 1892 rum
2218 1837 2361 1892 dicta
2385 1852 2470 1892 res
2498 1838 2624 1908 ipsa:
2650 1837 2991 1908 conjungunt
3018 1857 3032 1893 :
3061 1839 3152 1894 sed
3179 1841 3634 1908 quemadmodum

2075 1929 2188 1982 ﬁeri
2246 1944 2356 1982 non
2406 1938 2581 1996 potest
2628 1941 2686 1983 ut
2720 1945 2840 1984 rera
2877 1947 2975 1998 pax
3015 1933 3336 1986 eonﬁeiatur
3383 1935 3436 1986 ni
3485 1937 3639 2002 prius

2074 2034 2169 2088 per
2195 2018 2462 2087 judicium
2495 2021 2883 2073 controversia:
2910 2020 3191 2085 tollantur,
3226 2032 3278 2077 et
3309 2040 3473 2077 unum
3506 2027 3638 2092 quid

2074 2115 2361 2167 deﬁniatur
2396 2115 2538 2183 quod
2579 2115 2832 2168 euntibus
2873 2115 3132 2182 placeat:
3172 2117 3246 2170 ita
3285 2132 3381 2172 nec
3430 2123 3635 2172 verita-

2075 2216 2178 2260 tem
2211 2206 2426 2274 assequi
2459 2219 2771 2274 possumus.
2811 2206 2861 2259 ni
2893 2216 3209 2260 sanctorum
3239 2223 3540 2263 consensus
3569 2210 3636 2263 ad

2073 2312 2190 2348 eam
2227 2312 2327 2349 nos
2361 2295 2522 2349 ducat
2560 2314 2573 2349 :
2609 2311 2770 2349 omne
2812 2312 2974 2364 porro
3010 2308 3254 2376 nourum
3299 2300 3539 2354 studium
3579 2301 3632 2354 'ru

2074 2388 2159 2442 his
2195 2388 2403 2442 duobus
2439 2398 2703 2440 versatur.
2737 2387 2877 2453 Quid
2911 2405 3041 2442 vero
3087 2405 3182 2458 per
3230 2391 3418 2456 Deum,
3464 2395 3625 2447 obse-

2072 2495 2188 2544 cro,
2213 2496 2392 2533 causa:
2420 2479 2677 2542 affert-tis,
2713 2496 2812 2533 cur
2846 2497 2951 2533 non
2988 2498 3140 2550 :eque
3170 2484 3422 2538 doctores
3446 2501 3637 2540 omnes

2071 2571 2393 2636 admittatis,
2442 2587 2565 2626 cum
2617 2573 2667 2624 id
2704 2587 2733 2624 a
2778 2573 2932 2627 vobis
2973 2583 3218 2641 quzerent
3261 2575 3314 2628 in
3363 2579 3639 2631 communi

2067 2663 2278 2732 judicio
2303 2665 2326 2717 ?
2352 2663 2537 2734 Neque
2565 2665 2708 2719 enim
2739 2673 2866 2733 puto
2891 2677 3233 2735 eontemptos
3259 2678 3458 2722 tantum
3492 2670 3639 2737 inju-

2074 2755 2210 2808 riam
2271 2755 2486 2809 silentio
2533 2756 2912 2825 prmterituros
2948 2775 2963 2811 :
3000 2759 3110 2812 imo
3155 2772 3283 2812 vero
3319 2775 3426 2812 non
3461 2761 3639 2814 minus

2071 2863 2234 2916 quam
2273 2848 2376 2912 illi,
2409 2863 2508 2917 pro
2541 2848 2650 2903 illis
2690 2848 2926 2916 graviter
2957 2848 3059 2903 hoc
3097 2849 3272 2918 ipsum
3310 2851 3514 2904 laturos
3542 2866 3638 2904 eos

2069 2939 2259 3004 etiam,
2293 2939 2388 3007 qui
2424 2940 2673 2994 videnlur
2705 2920 2984 2994 honorari.
3021 2939 3410 2994 Auctoritatem
3438 2943 3636 3002 obten-

2071 3030 2213 3084 detis
2241 3044 2431 3086 eorum
2463 3031 2555 3099 qui
2594 3030 2922 3085 tacuerunt?
2949 3033 3014 3084 At
3038 3040 3190 3088 certe
3217 3032 3312 3089 alii
3350 3040 3638 3093 sanctitate

2068 3119 2287 3190 quidem
2317 3135 2445 3174 .noo
2493 3130 2622 3174 sunt
2657 3117 2989 3187 inferiores;
3033 3122 3253 3190 quidam
3303 3139 3432 3180 vero
3475 3129 3636 3182 etiam
3734 3129 3736 3132 ’

2066 3212 2374 3268 eruditione
2397 3222 2525 3267 sunt
2555 3211 2709 3282 longe
2733 3214 3068 3281 superiores.
3097 3213 3414 3272 Producctis
3445 3220 3631 3273 multi-

2070 3305 2336 3372 tudinem,
2371 3304 2564 3359 ait?at
2590 3305 2660 3357 illi
2699 3305 2797 3359 hac
2819 3306 2982 3359 etiam
3021 3307 3072 3359 iu
3110 3315 3260 3374 parte
3294 3309 3540 3365 vincunt.
3577 3313 3634 3365 Si

2069 3395 2301 3450 honores
2342 3411 2372 3450 a
2415 3396 2663 3450 conciliis
2710 3396 2957 3461 delatos;
3015 3399 3304 3454 ostendent
3352 3401 3424 3453 illi
3478 3403 3637 3470 plane

2069 3486 2330 3555 majorem
2351 3501 2450 3556 pro
2473 3501 2531 3542 se
2555 3488 2826 3541 henorum
2856 3488 3167 3544 cumulum.
3192 3490 3415 3559 Dicctis,
3439 3493 3634 3548 durum

2067 3576 2237 3632 videri
2273 3577 2428 3633 vobis
2457 3578 2788 3633 sententiam
2823 3579 3087 3650 recipere,
3127 3595 3248 3651 qua
3279 3597 3386 3636 non
3420 3583 3491 3637 sit
3520 3600 3634 3639 om-

2069 3667 2232 3725 nibus
2281 3671 2526 3740 probata.
2588 3669 2788 3726 Verum
2835 3671 2889 3726 id
2937 3673 3098 3727 etiam
3149 3688 3258 3729 non
3315 3685 3397 3729 est
3441 3677 3635 3731 rationi

2067 3773 2490 3817 consentaneum
2545 3779 2560 3817 :
2609 3779 2732 3818 ιιι-ω
2789 3780 2914 3820 cum
2973 3768 3173 3836 apertis
3227 3767 3406 3820 verbis
3474 3783 3635 3821 nemo

2068 3853 2424 3918 contradicat,
2457 3854 2592 3910 satis
2617 3864 2702 3910 est
2738 3855 2958 3912 duobus
2993 3857 3135 3911 illam
3174 3860 3404 3914 testibus
3429 3859 3633 3924 fulciri.

2069 3962 2192 4002 cum
2230 3956 2413 4001 tamen
2442 3947 2517 4001 illi
2550 3957 2698 4002 tanta
2725 3950 2868 4004 adsit
2890 3949 3046 4018 copia
3075 3962 3448 4018 patronorum.
3481 3955 3635 4007 Alio-

2067 4039 2200 4106 quin
2250 4047 2634 4106 przetcreamus
2681 4038 2845 4092 etiam
2904 4040 3228 4094 miraculum
3279 4039 3346 4095 de
3396 4041 3626 4106 Lazaro,

2067 4131 2509 4199 colloquiumque
2580 4145 2704 4184 cum
2763 4129 3106 4186 Samaritana
3160 4132 3439 4198 habitum,
3489 4137 3633 4203 quod

2067 4222 2159 4293 qui
2189 4223 2304 4276 haec
2337 4229 2522 4275 narrat
2543 4237 2647 4274 non
2669 4235 2862 4275 omnes
2894 4221 3088 4276 habeat
3116 4231 3434 4280 attestautes
3467 4240 3630 4280 evan.

2069 4314 2312 4384 gelistas.
2362 4311 2566 4366 Deinde
2602 4311 2869 4379 objicient
2911 4309 3066 4364 nobis
3115 4310 3204 4364 alii
3255 4311 3526 4376 homines,
3580 4329 3634 4368 et

400 4409 570 4474 καίως
607 4427 620 4440 ·
655 4405 776 4462 οὔτε
811 4407 918 4477 γὰρ
947 4405 1156 4476 σιωπὴν
1183 4403 1593 4483 προύτιμησατέ
1642 4418 1773 4455 ποτε
1803 4401 1962 4468 λόγου

2071 4409 2188 4475 iure
2237 4405 2456 4476 quidem
2497 4406 2706 4475 optimo
2749 4421 2763 4458 :
2804 4419 2909 4460 cur
2944 4403 3128 4459 litibus
3169 4405 3310 4474 apud
3347 4407 3632 4462 tribunalia

399 4502 536 4572 πρὸς
573 4501 879 4572 μαρτυρίαν
908 4513 922 4528 ·
960 4498 1160 4566 μᾶλλον
1209 4497 1265 4549 δὲ
1301 4495 1394 4549 καὶ
1427 4495 1598 4564 ταύτῃ
1656 4492 1800 4562 λόγῳ
1839 4510 1965 4576 συν-

399 4592 684 4666 απτομένη
715 4591 877 4659 λόγου
914 4589 1105 4660 χρείαν
1135 4589 1358 4657 ἐνέμετε
1389 4600 1404 4617 ⁶
1451 4585 1545 4638 καί
1581 4587 1725 4656 τρεῖς
1752 4585 1965 4654 λαμϐά-

398 4702 581 4746 νοντες
610 4686 892 4754 μάρτυρας
920 4682 1026 4734 τῶν
1060 4678 1429 4750 ζητουμένων,
1458 4677 1641 4744 ἀξίους
1688 4676 1846 4739 ὄντας
1872 4693 1964 4729 πι-

406 4776 719 4842 στεύεσθαι,
758 4774 874 4829 οὔθ’
898 4775 1107 4835 ἑαυτοῖς
1128 4770 1312 4824 λοιπὸν
1337 4769 1460 4823 οὗτε
1483 4772 1592 4832 τοῖς
1625 4769 1965 4838 παράγουσιν

396 4869 710 4940 ἠνωχλεῖτε,
750 4865 956 4928 πάντας
987 4862 1305 4929 ἀνθρώπους
1339 4861 1625 4933 ζητοῦντες
1679 4859 1965 4929 μάρτυρας

398 4965 573 5036 ἥκειν.
596 4958 844 5032 Οἷμαιτὰ
866 4959 972 5012 τῶν
991 4957 1162 5013 ἄλλων
1177 4956 1509 5010 διδασκάλων
1531 4953 1812 5023 ἀξιώματα
1834 4969 1964 5023 προ-

398 5055 669 5120 σαλεῖσθε,
697 5053 754 5118 ἐξ
790 5045 864 5104 ῶν
886 5049 1204 5104 ὑπεναντίον
1231 5065 1281 5101 τι
1308 5048 1374 5117 τῇ
1399 5044 1504 5097 τῶν
1524 5045 1780 5097 εἰπόντων
1795 5061 1964 5097 κατα-

400 5146 564 5216 φάσει
601 5144 894 5213 συνάγεται
929 5158 942 5172 ⁸
971 5139 1085 5194 ἀλλ’
1146 5139 1266 5192 οὖδέ
1326 5137 1473 5189 τοῦτ’
1530 5130 1716 5204 ἐροῦσι
1758 5135 1964 5189 δίκαιον

397 5238 517 5291 οὐδὲ
549 5239 781 5306 νόμιμον
811 5229 974 5300 εἶναι,
1003 5232 1070 5285 τὰ
1096 5229 1391 5301 διαρρήδην
1425 5227 1689 5297 λεγόμενα
1717 5225 1965 5296 παριδόν-

396 5350 493 5395 τας
525 5333 634 5390 τοῖς
671 5327 996 5400 ἀμφιϐόλοις
1023 5323 1410 5394 προστίθεσθαι
1446 5335 1462 5351 ·
1496 5321 1810 5373 τούναντίον
1853 5319 1961 5390 γὰρ

400 5423 622 5492 μᾶλλον,
653 5423 715 5474 ἐκ
745 5419 853 5475 τῶν
893 5418 1292 5487 φανερωτάτων
1317 5412 1412 5466 καὶ
1459 5411 1632 5464 ταῦτα
1679 5409 1964 5476 κρίνεσθαι

394 5517 493 5568 δεῖ.
535 5515 602 5566 Ἀ
655 5513 762 5582 γὰρ
792 5511 980 5578 λέγετε
1032 5507 1172 5562 κατὰ
1224 5506 1334 5559 τῶν
1381 5504 1663 5576 ἡμετέρων
1717 5502 1964 5571 ἀδελφῶν

395 5604 706 5676 ἀξιώματα,
731 5603 792 5656 ού
825 5602 916 5654 τὸν
951 5601 1064 5654 ἴσον
1089 5600 1290 5671 τρόπον
1335 5598 1540 5659 πάντες
1563 5593 1746 5647 ἐνόουν
1780 5609 1794 5625 ·
1846 5594 1963 5648 ἀλλ’

397 5697 448 5751 0'.
471 5695 568 5767 μὲν
597 5694 671 5760 ὡς
690 5695 787 5765 τὴν
817 5694 1091 5764 ἀπόφασιν
1121 5688 1588 5763 συμπεραίνοντα,
1641 5685 1690 5739 οἰ
1715 5685 1762 5740 δ’
1793 5685 1868 5750 ὡς
1892 5688 1957 5757 τῇ

2069 4500 2234 4552 alium
2289 4500 2578 4566 quemdam
2632 4496 3048 4567 praescripsistis
3105 4497 3372 4552 modum?
3418 4499 3473 4554 in
3527 4501 3634 4556 illis

2067 4587 2211 4641 enim
2243 4587 2520 4642 silentiqu
2552 4586 2618 4642 ad
2659 4586 2898 4642 dandum
2941 4576 3320 4643 testimonium
3352 4601 3632 4660 nunquam

2067 4679 2304 4732 sermoni
2336 4679 2691 4747 prtetulistis;
2723 4679 2853 4748 quin
2896 4680 3005 4733 into
3042 4680 3283 4747 silentio,
3322 4681 3368 4736 si
3401 4685 3635 4761 conjun-

2068 4782 2212 4825 ctutn
2250 4787 2373 4826 cum
2406 4786 2660 4826 sermone
2689 4773 2786 4836 sit,
2815 4787 2972 4825 usum
3010 4772 3284 4827 sermonis
3323 4773 3590 4829 tribuistis
3618 4791 3632 4836 ;

2069 4863 2351 4931 tribusque
2383 4863 2641 4919 adhibitis
2686 4864 2900 4918 idoneis
2945 4865 3179 4920 testibus
3209 4864 3275 4920 de
3327 4867 3488 4921 rebus
3517 4881 3636 4935 qua:

2067 4965 2194 5011 sunt
2225 4958 2276 5010 in
2311 4958 2713 5022 controversia,
2751 4974 2854 5012 nec
2881 4958 3037 5013 vobis
3071 4960 3206 5028 ipsis
3234 4959 3498 5031 amplius,
3535 4972 3634 5011 nec

2067 5047 2174 5100 iilis
2205 5062 2236 5102 a
2271 5049 2474 5116 quibus
2506 5050 2762 5118 producti
2805 5059 2936 5104 sunt
2968 5051 3245 5119 negotium
3283 5048 3630 5108 exhibuistis,

2066 5147 2374 5207 quaerentes
2419 5139 2577 5194 ‘robis
2612 5153 2804 5196 omnes
2855 5142 3103 5196 homines
3161 5141 3388 5209 proferri
3439 5147 3628 5206 testes,

2068 5229 2326 5285 Fortasse
2373 5230 2607 5284 aliorum
2667 5231 2952 5286 doctorum
3009 5231 3277 5302 objicictis
3332 5230 3629 5296 axiomala,

2067 5335 2096 5374 e
2149 5321 2349 5390 quibus
2402 5324 2743 5376 contrarium
2800 5324 3056 5392 quiddam
3111 5322 3386 5391 colligitur
3438 5337 3629 5378 eormn

2066 5410 2435 5475 aﬂirmatioui,
2474 5414 2568 5482 qui
2612 5415 2679 5471 de
2716 5415 2818 5469 hoc
2854 5415 3107 5484 dogmate
3141 5414 3310 5468 locuti
3344 5426 3491 5470 sunt.
3521 5415 3627 5470 Sed

2067 5507 2467 5577 respondebunt
2509 5508 2610 5561 hoc
2664 5509 2826 5562 etiam
2875 5523 2974 5561 nec
3023 5506 3233 5576 justum
3271 5523 3389 5561 -nec
3421 5507 3633 5577 legibus

2067 5612 2186 5652 esse
2224 5610 2547 5661 consonmu,
2583 5599 2640 5649 u't
2679 5594 2982 5650 manifestis
3010 5596 3338 5665 posthabitis
3370 5595 3628 5664 ambigua

2068 5687 2340 5758 sequenda
2388 5686 2546 5743 sint:
2594 5681 2783 5743 contra
2834 5687 3002 5754 enim,
3051 5705 3115 5746 ex
3167 5689 3642 5748 manifestissimis
