3948 6186
376 275 476 340 591

1519 278 1800 339 ORATIO
1836 280 1926 339 HI
1970 284 2069 343 AD
2109 286 2491 350 SYNODUM.

3524 297 3626 362 522

372 387 731 450 διδασκάλους
765 388 858 443 τοῦ
889 388 981 443 νῦν
1040 391 1479 460 ὑπομνησθέντος
1533 393 1762 463 ἀμείνω,
1803 392 1926 446 τοῦτ

2059 413 2168 466 quo
2200 401 2409 468 possint
2446 403 2718 458 docitores
2751 404 3057 468 COI’lt'illal‘i,
3098 406 3146 458 id
3185 407 3314 460 mihi
3341 408 3444 462 erit
3473 424 3627 464 sum-

372 486 537 555 εύχῆς
572 486 734 555 ἔργον
763 486 887 554 ἐμοί
922 500 934 514 ’
975 486 1098 538 οὐδὲ
1129 487 1236 555 γὰρ
1264 487 1329 539 ἂν
1377 487 1540 549 αὐτὸς
1584 489 1774 557 φαίην,
1825 487 1944 540 τοῦ-

369 595 462 630 τον
495 577 656 646 μόνον
696 577 952 631 ἁπάντων
1011 579 1236 648 ἄριστον
1282 575 1423 632 εῖναι
1457 592 1472 609 ⁸
1526 581 1662 633 ἀλλὰ
1713 581 1775 633 τὸ
1843 582 1943 650 μὲν

371 671 670 723 συνάπτειν
734 670 937 732 αὐτοὺς
991 673 1085 724 καὶ
1146 672 1545 741 συμϐαίνοντας
1597 673 1684 726 διὰ
1725 674 1942 728 πάντων

364 763 664 822 δεικνύναι,
688 762 835 816 τοῦτ’
867 763 1168 830 ἀναγκαῖον
1198 763 1339 818 εἷναί
1374 784 1539 834 φημι,
1604 767 1699 820 καὶ
1749 763 1940 820 τοῦτον

363 839 448 909 δεῖ
475 855 918 925 ύπερϐεδλῆσθαι
968 855 1067 922 τῆς
1127 857 1400 926 ἡμετέρας
1443 858 1698 924 ὁμονοίας
1748 857 1938 927 ὥσπερ

363 948 642 1018 θεμέλιον,
686 949 763 1012 ὡς
792 947 982 1001 τούτου
1015 948 1183 1018 χωρὶς
1224 948 1362 1018 μήτε
1407 949 1588 1012 καλῶς
1643 948 1774 1018 μήθ’
1799 949 1935 1011 ὅλως

366 1044 731 1112 ίδρυσομένης
760 1058 775 1072 ·
813 1035 855 1109 ᾧ
884 1041 929 1094 δ’
959 1041 1024 1095 ἂν
1058 1041 1234 1094 ταῦτα
1261 1043 1472 1109 γένοιτο
1493 1043 1701 1112 τρόπῳ,
1737 1042 1936 1110 ὑμέτε-

363 1136 457 1205 ρόν
491 1136 640 1187 ἐστιν
671 1134 1038 1203 ἀνευρίσκειν.
1077 1136 1184 1187 Καὶ
1227 1133 1261 1188 ἃ
1309 1134 1419 1204 γὰρ
1465 1134 1573 1187 τῶν
1627 1133 1935 1204 εξρημένων

361 1227 440 1286 είς
475 1223 636 1277 τοῦτο
663 1223 859 1275 τείνειν
887 1224 1056 1296 δοκεῖ,
1086 1225 1146 1276 ού
1185 1224 1385 1292 μᾶλλον
1411 1225 1806 1293 εἰσηγουμένου
1841 1225 1932 1277 τὸν

358 1320 561 1387 τρόπον
595 1315 663 1388 ἦν
691 1319 1089 1387 ῆπροτιθέντος
1112 1320 1242 1388 ὑμῖν
1269 1320 1454 1373 εἰκόνα
1493 1322 1587 1375 καὶ
1630 1319 1798 1372 τύπον
1832 1317 1929 1386 τῆς

360 1411 467 1461 τῶν
499 1410 836 1464 διδασκάλων
864 1413 1213 1478 συμδέῖσεως.
1251 1411 1312 1463 Ei
1341 1411 1394 1463 δὲ
1450 1410 1546 1463 καὶ
1605 1409 1795 1477 γνώμη
1849 1425 1931 1469 τις

358 1496 428 1569 ἦν
466 1501 570 1571 ἐμὴ
603 1502 856 1568 καθαρῶς
888 1504 1093 1562 ἐκεῖνα,
1131 1504 1224 1555 καί
1280 1501 1471 1553 τοῦτον
1519 1501 1770 1568 ἡγούμην
1833 1499 1926 1550 τὸν

354 1594 560 1661 τρόπον
622 1590 763 1646 εἶναι
815 1593 1304 1660 λυσιτελέστερον,
1367 1594 1520 1645 οὐδὲν
1584 1592 1926 1660 θαυμαστόν.

358 1683 592 1746 Ἐξέστω
621 1685 729 1752 γὰρ
763 1685 883 1752 ἐμοί
923 1701 979 1735 τε
1015 1684 1109 1736 καὶ
1142 1682 1251 1734 τῶν
1303 1683 1478 1735 ἄλλων
1515 1683 1736 1752 ἑκάστῳ
1793 1699 1926 1750 φρο-

2053 506 2274 560 mopere
2303 496 2690 562 exoptandum:
2735 511 2908 563 neque
2937 497 3079 551 enim
3114 513 3213 566 ego
3239 497 3621 557 aﬂirmavcrim

2051 578 2194 634 hunc
2215 597 2377 635 unum
2397 599 2519 638 esse
2555 586 2798 638 omnium
2825 586 3114 655 optimum,
3135 587 3227 641 sed
3251 589 3339 641 aio
3369 605 3623 646 necessa-

2047 669 2188 722 rium
2233 672 2455 740 quidem
2504 689 2629 728 ese
2676 677 3032 746 conjungere,
3059 686 3112 729 et
3142 679 3372 744 probare
3407 682 3530 736 illos
3566 683 3620 736 iu

2047 759 2300 814 omnibus
2352 764 2473 815 esise
2524 768 2846 830 concordes,
2909 777 2964 821 et
3015 768 3326 837 iaciendum
3365 774 3622 830 essehoc

2046 847 2210 902 veluti
2248 849 2662 907 fundamentum
2705 866 2902 910 nostrze
2936 858 3176 912 unionis:
3212 876 3334 914 nam
3364 863 3483 918 sine
3517 865 3622 921 hoc

2047 956 2148 995 nec
2182 943 2338 1009 bene,
2379 945 2471 999 sed
2508 961 2605 1001 nec
2635 949 2862 1002 omnino
2886 951 3104 1018 quidem
3158 953 3247 1007 illa
3276 954 3618 1015 'stabilietur:

2042 1048 2148 1103 qua
2195 1050 2322 1090 vero
2373 1037 2489 1093 haec
2538 1040 2749 1096 ratione
2805 1041 2956 1110 ﬁant,
3009 1045 3325 1100 adinvenire
3375 1059 3620 1104 vestrum

2039 1135 2144 1180 εει.
2179 1125 2396 1182 Etenim
2437 1144 2555 1198 quze
2586 1145 2834 1201 spectare
2869 1135 2972 1188 huc
2997 1138 3250 1191 videntur
3301 1153 3366 1193 ex
3401 1141 3468 1194 iis
3499 1155 3621 1210 qua:

2041 1220 2174 1286 dixi,
2206 1237 2309 1275 non
2345 1224 2416 1277 ita
2472 1226 2611 1280 dicta
2665 1236 2794 1281 sunt
2830 1244 2858 1282 a
2887 1243 2992 1292 me,
3043 1231 3198 1298 quasi
3232 1233 3450 1286 modum
3502 1233 3617 1302 ipse

2039 1310 2313 1366 docerem:
2343 1315 2434 1368 sed
2464 1322 2521 1369 ut
2551 1319 2730 1384 potius
2773 1319 2998 1387 elligiem
3031 1322 3619 1392 adutnbrationemque

2038 1418 2395 1472 proponet-em
2427 1409 2831 1464 conciliationis
2871 1412 3176 1468 doctorum.
3221 1414 3276 1468 Si
3300 1431 3427 1469 vero
3455 1417 3620 1470 etiam

2039 1497 2152 1550 hare
2195 1499 2385 1551 eadem
2431 1515 2496 1552 ex
2530 1500 2713 1552 animo
2748 1503 3183 1570 ipse'sentirem,
3219 1506 3620 1561 existimarem-
3677 1506 3680 1508 ’

2037 1605 2143 1658 que
2177 1591 2322 1644 hunc
2367 1607 2487 1645 esse
2525 1595 2743 1646 modum
2779 1596 3077 1662 utiliorem,
3113 1599 3241 1667 quid
3279 1601 3520 1653 mirum?
3551 1600 3618 1655 Et

2035 1681 2163 1734 mihi
2183 1691 2236 1736 et
2256 1683 2376 1736 aliis
2403 1684 2817 1753 quibuscunque
2843 1687 3071 1741 liceatde
3098 1692 3369 1757 proposita
3395 1693 3622 1746 materia

355 1780 467 1828 νεῖν
497 1777 780 1846 ὁτιδήποτε
815 1778 941 1845 περὶ
975 1776 1202 1835 τούτων,
1232 1777 1335 1836 ἕως
1390 1777 1456 1830 ἂν
1486 1778 1666 1846 ,ὑμεῖς
1723 1776 1926 1844 ἕλησθε

2035 1776 2251 1842 quidvis
2281 1778 2499 1843 sentire,
2536 1780 2709 1833 donec
2741 1796 2767 1832 a
2800 1783 2952 1836 vobis
2978 1785 3249 1853 eligantur
3279 1787 3514 1851 potiora,
3564 1803 3621 1854 et

354 1868 423 1921 τὰ
453 1867 668 1937 βελτίω,
714 1869 805 1922 καὶ
830 1868 974 1936 ἆπερ
1008 1868 1392 1936 ἀναμφιϐόλως
1446 1868 1631 1937 μέλλει
1679 1867 1924 1936 κρατεῖν.

356 1963 432 2015 Οὐ
467 1964 577 2024 τοῖς
611 1962 785 2028 ἁγίοις
809 1961 865 2014 δὲ
898 1963 1078 2030 μόνοις
1120 1962 1252 2015 ἀλλὰ
1287 1962 1527 2025 καὶτοῖς
1554 1962 1650 2032 τῆς
1701 1962 1925 2031 Γραφῆς

356 2055 687 2122 ἀξιώμασιν,
724 2056 857 2126 ὅπερ
889 2055 1060 2124 ἔφθην
1088 2056 1278 2119 είπὼν,
1331 2054 1429 2124 τὴν
1481 2055 1677 2108 ’ένωσιν
1724 2055 1925 2124 ταύτην

355 2126 703 2198 ἀποδίδοσθαι
735 2146 817 2198 δεῖ
854 2162 868 2175 ·
895 2147 988 2198 καὶ
1014 2145 1211 2213 ,πολλῷ
1268 2145 1495 2214 μᾶλλον,
1543 2145 1745 2198 ὁπόταν
1792 2145 1924 2215 ἡμῖν

353 2241 628 2293 κάκείνων
685 2238 822 2306 πρὸς
878 2238 946 2292 τὰ
993 2237 1240 2308 παρόντα
1288 2239 1512 2308 γένηται
1571 2237 1753 2308 χρεία.
1783 2235 1926 2304 Ἐγὼ

355 2331 465 2401 γὰρ
497 2329 646 2384 εἷπον
678 2330 744 2384 ἂν
763 2331 837 2392 ὡς
869 2331 1130 2399 ἐλάχιστα
1161 2330 1372 2384 δεῖσθαι
1407 2331 1515 2383 τῶν
1549 2331 1645 2400 τῆς
1677 2330 1924 2399 Γραφῆς.

353 2423 820 2493 ἀρκουμένουςτῇ
883 2421 1006 2492 δόξῃ
1060 2421 1171 2474 τῶν
1231 2422 1588 2485 διδασκάλων,
1646 2422 1695 2474 οἳ
1745 2420 1926 2484 καλῶς

366 2515 584 2584 ἐκείνην
640 2513 935 2583 ἐξήτασαν,
997 2514 1091 2566 καὶ
1154 2507 1227 2566 ιῖν
1288 2513 1473 2582 ἔλεγον
1524 2513 1730 2567 ἐκεῖθεν
1774 2514 1928 2582 ἔσχον

356 2607 456 2669 τάξ
501 2606 754 2674 ἀφορμάς
785 2619 799 2635 ⁸
838 2606 931 2657 καὶ
963 2607 1016 2660 εἴ
1049 2622 1134 2668 τις
1164 2605 1363 2667 αὐτοὺς
1390 2606 1590 2676 ἀπῄτει
1623 2605 1730 2658 τῶν
1751 2605 1926 2671 λόγων

358 2698 457 2759 τὰς
488 2697 810 2762 ἀποδείξεις,
845 2695 1006 2759 εὐθὺς
1057 2698 1148 2749 ἐπὶ
1185 2697 1284 2766 τὴν
1340 2698 1563 2766 Γραφὴν
1622 2699 1927 2764 κατέφυγον

361 2790 467 2844 ἄν·
525 2792 622 2839 καὶ
671 2786 896 2856 μηδενὸς
939 2787 1138 2850 αὐτοὺς
1165 2787 1542 2850 ἀπαιτοῦντος,
1600 2787 1782 2839 πολλοὶ
1835 2789 1930 2839 καὶ

362 2880 617 2941 πολλάκις
652 2881 935 2946 φαίνονται
964 2879 1318 2947 πράττοντες.
1355 2877 1415 2930 Εἰ
1443 2877 1500 2930 δὲ.
1529 2877 1609 2930 δεῖ
1644 2893 1776 2928 ποτε
1831 2877 1928 2928 κά-

361 2971 514 3040 κείνῃ
538 2969 870 3039 χρήσασθαι,
903 2969 964 3022 οὐ
1004 2970 1140 3035 πρὸς
1170 2969 1231 3021 τὸ
1277 2969 1652 3038 συμπέρασμα
1701 2966 1925 3036 βλέπον-

357 3081 455 3122 τας
506 3062 764 3132 μᾶλλονῆ
825 3061 960 3131 πρὸς
992 3061 1052 3113 τὸ
1089 3063 1385 3115 συνάπτειν
1407 3063 1530 3123 τοὺς
1568 3059 1926 3119 διδασκάλους

357 3156 515 3209 τοῦτο
545 3158 720 3208 ποιεῖν
752 3170 764 3184 ⁸
798 3154 936 3216 τέως
968 3153 1141 3206 δὲκαὶ
1171 3156 1236 3224 τῇ
1282 3155 1471 3222 Γραφῇ
1504 3153 1604 3223 τὴν
1656 3152 1764 3205 ἀπὸ
1825 3153 1925 3220 τῆς

357 3248 674 3317 συμφωνίας
696 3245 986 3300 ἀποδοῦναι
1018 3248 1206 3317 τιμὴν,
1243 3240 1309 3316 ἧς
1343 3233 1481 3299 ἄνευ
1526 3243 1652 3299 οὔτε
1696 3245 1926 3314 τιμῶσιν

353 3341 478 3394 οὕτε
511 3340 809 3412 χρωμένοις
835 3339 1006 3400 ἄλλως
1041 3337 1298 3393 συνοίσει.
1333 3338 1440 3391 Καὶ
1467 3338 1603 3402 ὅλως
1661 3339 1720 3404 ἐξ
1752 3333 1825 3392 ὧν
1854 3339 1925 3390 ei—

360 3431 610 3500 ρηνεύειν
660 3430 922 3498 μέλλομεν
980 3429 1141 3499 μόνον
1190 3428 1363 3491 ἄλλως
1428 3430 1536 3484 ἀπὸ
1595 3429 1925 3498 φιλονεικίας

353 3522 730 3592 ἁρμοττούσης
777 3520 1086 3591 ἀνθρώποις
1142 3538 1242 3575 που
1294 3522 1402 3574 τῶν
1459 3522 1925 3591 ἀμφισϐητήσεων

352 3616 457 3666 οὐκ
506 3613 570 3665 ἂν
609 3611 980 3675 ἐξοκείλαντες
1037 3611 1262 3673 τούτων,
1316 3613 1390 3674 ὼς
1434 3612 1773 3682 πορρωτάτω
1826 3610 1925 3680 τὴν

353 3707 452 3772 τῆς
499 3703 804 3771 ἀντιλογίας
859 3703 1016 3766 δόξαν
1069 3704 1329 3771 ἀπάγειν,
1363 3704 1454 3755 καὶ
1497 3704 1671 3758 ταῦτα
1708 3704 1924 3770 πρῶτον

353 3797 595 3849 τίθεσθαι
629 3799 940 3864 συμφωνεῖν
963 3809 976 3822 ⁶
1013 3798 1106 3848 καὶ
1138 3795 1293 3848 τοῦτο
1320 3798 1582 3865 πράττειν
1633 3799 1769 3866 μετὰ
1835 3814 1924 3848 σο-

357 3891 484 3956 φίας
526 3888 615 3939 καὶ
668 3887 759 3939 τοῦ
809 3888 1090 3956 γινομένου
1149 3889 1368 3951 παντὸς,
1405 3887 1477 3956 μὴ
1525 3887 1622 3938 καὶ
1675 3887 1925 3954 λάθωμεν

351 3981 476 4033 ἀντὶ
505 3980 595 4031 τοῦ
655 3980 948 4033 συνάπτειν
996 3980 1245 4047 ἀλλήλοις
1305 3981 1373 4030 τὰ
1407 3978 1506 4043 τῆς
1551 3977 1773 4047 Γραφῆς
1834 3979 1925 4030 καὶ

350 4074 462 4124 τῶν
485 4073 840 4134 διδασκάλων,
871 4072 1173 4132 διιστάντες
1210 4071 1349 4124 αὑτά
1406 4087 1466 4122 τε
1513 4071 1610 4138 τῆς
1669 4071 1925 4138 ἀληθείας

353 4166 528 4233 κοινῇ,
562 4167 652 4215 καὶ
680 4165 822 4230 ἡμᾶς
847 4164 1075 4225 ἐκείνοις
1115 4163 1570 4229 συναφιστάντες.

427 4256 615 4318 Ταῦτ’,
638 4250 681 4308 ὦ
707 4258 948 4324 Πατέρες
985 4255 1292 4322 σεϐάσμιοι,
1333 4255 1468 4324 πρὸς
1500 4255 1599 4322 τὴν
1653 4255 1924 4323 ζητουμέο

350 4354 699 4420 ντ,νέἰρήνην
721 4351 844 4400 ἀντὶ
889 4350 1106 4400 πάντων
1159 4349 1286 4415 ὑμῖν
1330 4348 1588 4415 ἀρκέσειν
1639 4349 1878 4417 ἡγοῦμαι
1907 4366 1922 4380 ·

350 4445 398 4494 εἰ
428 4441 482 4493 δὲ
502 4446 591 4493 καὶ
631 4442 762 4494 ἄλλα
797 4442 966 4492 πολλὰ
1007 4442 1143 4509 πρὸς
1171 4439 1383 4501 τούτοις
1418 4441 1533 4492 ἐστὶ
1564 4441 1672 4491 τῶν
1724 4442 1920 4508 χρησί-
1958 4465 1998 4519 D

354 4554 472 4602 μων
498 4533 892 4601 ἐνθυμηθῆναι,
932 4532 1067 4584 ἀλλὰ
1117 4531 1288 4583 ταῦτα
1335 4531 1584 4600 καθάπερ
1628 4549 1711 4594 τις
1775 4532 1918 4601 ἀρχὴ

350 4627 446 4676 καὶ
478 4626 770 4691 κεφάλαιον
809 4624 1042 4685 ἐκείνοις
1078 4618 1218 4674 εἶναι
1264 4622 1433 4676 δοκεῖ.
1484 4622 1793 4675 Κάντεῦθεν
1823 4625 1920 4690 μὲν

348 4715 688 4784 ἀρξαμένους
723 4717 866 4783 ὑμᾶς
897 4715 1043 4775 εἰκός
1077 4717 1190 4766 ἐστι
1223 4718 1314 4767 καὶ
1337 4715 1626 4783 δεομένους
1672 4715 1920 4784 ἀλλήλων

351 4801 421 4872 [Ι.
448 4801 646 4872 ἄλλων]
679 4803 849 4854 ταῦτα
879 4803 1232 4872 προσθήσειν,
1253 4803 1346 4855 καὶ
1371 4804 1429 4856 τὸ
1457 4803 1790 4872 ζητούμενον
1818 4822 1919 4856 κα-

347 4892 715 4962 τεργάζεσθαι
739 4909 751 4922 '
779 4896 982 4946 τούτων
1004 4894 1046 4945 δ’
1069 4895 1196 4947 ἄνευ
1225 4894 1376 4947 οὐδὲν
1403 4897 1467 4946 ἂν
1489 4895 1598 4946 τῶν
1617 4896 1918 4962 ἀμεινόνων

348 4983 616 5052 συμῧαίη.
644 4984 733 5035 Διὸ
757 4985 820 5052 δὴ
847 5002 909 5034 πε
921 4985 976 5053 ρὶ
998 4990 1205 5036 τούτων
1233 4985 1391 5053 μόνον
1415 4985 1556 5054 ὑμᾶς
1577 4988 1918 5054 ὑπομνήσας,

285 5060 295 5068 ’
347 5070 489 5121 ὥστε
523 5073 739 5132 καὶτὰς
766 5072 1088 5140 ὑποσχέσεις
1123 5075 1335 5125 ὲκτίσαι
1368 5078 1464 5126 καὶ
1505 5076 1605 5146 τὴν
1656 5078 1793 5150 ὑπὲρ
1828 5079 1920 5130 τοῦ

348 5163 520 5216 καλοῦ
544 5153 853 5233 προθυμίαν
893 5164 1251 5230 ὲιδείξσισθοιι,
1307 5168 1399 5218 καὶ
1441 5167 1558 5219 λίαν
1608 5161 1950 5236 ἀρκούντως

348 5254 496 5322 ἔχειν
521 5254 761 5323 ἡγοῦμαι
784 5272 796 5284 ’
833 5256 991 5308 τοῦτο
1028 5257 1192 5325 μόνον
1227 5259 1380 5325 ὑμῶν
1428 5249 1563 5327 πρὸς
1615 5261 1727 5320 τοῖς
1770 5262 1919 5328 εἰρη-

350 5349 531 5416 μένοις
563 5348 833 5416 δεόμενος,
859 5351 907 5400 εί
945 5348 1076 5411 Θεὸς
1115 5350 1272 5412 ἵλεως
1301 5351 1599 5420 ἐπιϐλέψας
1632 5329 1917 5420 ἡμῖνδτὴν

344 5443 520 5511 ἀληθῆ
577 5444 674 5510 τῆς
729 5445 950 5513 Γραφῆς
1020 5447 1113 5498 καὶ
1163 5446 1270 5496 τῶν
1303 5445 1639 5497 διδασκάλων
1687 5447 1920 5498 συνιδεῖν

344 5534 539 5583 ’ἑνωσιν
568 5535 706 5601 δοίη,
739 5536 772 5605 ἢ
809 5536 1078 5605 καιὴμῶν
1111 5537 1273 5598 εὐθὺς
1306 5540 1396 5588 καὶ
1454 5539 1633 5608 πάσης
1663 5538 1760 5606 τῆς
1787 5539 1917 5590 Ἐκ-

350 5624 410 5675 κλ
433 5624 583 5690 quia;
613 5625 802 5688 Ξνωσις
836 5627 1012 5688 ἔσται,
1047 5628 1132 5680 ἵνα
1159 5630 1250 5680 καὶ
1271 5629 1356 5697 ’τῷ
1397 5627 1658 5699 Συμϐόλῳ
1711 5631 1917 5700 ταύτην

347 5716 446 5784 τῆς
478 5717 710 5777 πίστεως
735 5719 890 5781 ὁποία
923 5721 1041 5771 ποτ’
1066 5720 1130 5772 ἂν
1159 5723 1244 5788 εἴη
1278 5726 1517 5791 φανερὰν
1547 5726 1715 5796 ποιεῖν
1755 5725 1913 5791 ἀξιώ-

645 5813 913 5875 Ριιτιιοι.
948 5821 1058 5896 tiu.
1110 5817 1260 5875 CLX.

2031 1879 2152 1932 quae
2186 1865 2852 1925 indubitantercredenda
2903 1873 3034 1927 sint.
3082 1871 3199 1930 Non
3253 1877 3431 1930 solum
3494 1893 3621 1934 vero

2031 1957 2356 2020 sanctis,sed
2396 1961 2529 2028 ipsis
2564 1964 2727 2016 etiam
2796 1964 3104 2034 Scriptura:
3133 1968 3311 2034 dictis,
3341 1969 3618 2024 reddenda

2029 2059 2112 2102 est
2142 2049 2257 2105 haec
2284 2053 2580 2107 concordia
2621 2072 2634 2108 :
2666 2064 2718 2108 et
2757 2071 2820 2109 eo
2859 2059 3051 2125 magis,
3082 2074 3205 2112 cum
3250 2068 3302 2114 et
3340 2060 3427 2113 illa
3457 2061 3617 2116 nobis

2029 2152 2164 2205 Opus
2185 2138 2464 2195 fuerintad
2490 2157 2726 2210 prtesens
2754 2139 3049 2215 negotium.
3078 2148 3188 2216 Ego
3207 2151 3350 2204 enim
3375 2151 3611 2206 dixerim

2033 2227 2318 2283 minimum
2356 2246 2456 2285 nos
2488 2231 2732 2301 indigere
2768 2231 3068 2304 Scriptura:
3125 2239 3432 2306 axiomatis,
3487 2244 3615 2297 cu'm

2032 2318 2102 2372 sit
2134 2319 2292 2373 nobis
2327 2323 2468 2376 satis
2511 2324 2796 2378 doctorum
2838 2329 3133 2394 sententia,
3176 2333 3268 2400 qui
3303 2333 3438 2386 bene
3462 2334 3611 2389 illam

2030 2411 2429 2476 expcnlcrunt,
2463 2421 2516 2467 et
2545 2413 2690 2469 tlrcta
2736 2432 2833 2470 sua
2881 2419 3007 2474 inde
3044 2431 3417 2490 sumpserunt:
3473 2436 3532 2478 ut
3560 2427 3609 2480 si

2032 2500 2234 2567 quisex
2268 2502 2332 2557 iis
2360 2506 2667 2572 quaesisset,
2700 2517 2759 2560 ut
2786 2509 3060 2565 dictorum
3097 2518 3615 2583 suorumprohatio-

2031 2607 2129 2646 nes
2181 2607 2534 2664 exponerent,
2575 2601 2764 2654 statim
2831 2603 2905 2656 illi
2961 2619 3096 2659 sane
3141 2609 3207 2661 ad
3275 2608 3612 2678 Scripturam

2031 2681 2430 2753 confugissent,
2465 2687 2608 2755 quod
2638 2690 2802 2742 etiam
2830 2691 3088 2759 exigente
3113 2697 3328 2751 nemine
3361 2699 3614 2753 videntur

2033 2777 2187 2830 multi
2224 2777 2541 2846 frequenter
2572 2791 2849 2847 praestare.
2889 2783 2944 2836 Si
3003 2789 3219 2854 quando
3256 2804 3382 2842 vero
3445 2792 3610 2844 etiam

2033 2867 2106 2920 uti
2144 2867 2423 2934 Scriptura
2475 2871 2769 2935 oportebit,
2837 2870 3143 2927 faciendum
3203 2875 3304 2930 hoc
3359 2880 3464 2932 erit
3505 2897 3611 2933 non

2034 2967 2141 3010 tam
2161 2961 2456 3026 Spectando
2478 2961 2901 3026 conclusionem,
2928 2978 3089 3032 quam
3111 2967 3394 3019 doctorum
3415 2963 3614 3023 conve-

2035 3051 2344 3104 nientiatn:
2411 3055 2730 3106 honorando
2803 3055 3020 3109 interim
3098 3057 3435 3127 Scriptura“)
3517 3081 3612 3132 per

2033 3143 2434 3212 expositionem
2495 3159 2610 3198 suae
2647 3145 2970 3204 concordiae:
3032 3163 3154 3202 nam
3214 3152 3258 3204 si
3301 3154 3472 3206 honor
3508 3157 3611 3210 iste

2033 3234 2107 3288 illi
2134 3248 2240 3287 non
2268 3232 2556 3298 tribuatur,
2593 3235 2722 3288 nihil
2759 3245 2854 3290 aut
2889 3241 3294 3304 venerantibus,
3330 3247 3611 3298 autcitan-

2032 3326 2177 3380 tibus
2210 3326 2450 3396 proderit
2476 3344 2488 3379 :
2514 3336 2567 3381 et
2596 3327 2819 3382 omnino
2848 3343 2908 3383 ea
2963 3339 3192 3410 tantum,
3228 3350 3320 3402 per
3359 3351 3478 3404 qua:
3512 3354 3612 3406 pax

2031 3418 2156 3483 erit,
2195 3420 2500 3474 adhibendo
2529 3421 2622 3490 (ita
2647 3423 2791 3476 enim
2821 3439 3165 3495 nequaquam
3191 3441 3285 3495 per
3309 3434 3611 3485 contentio-

2029 3527 2151 3575 nes,
2187 3527 2250 3566 ex
2287 3512 2372 3567 his
2403 3515 2811 3579 controversiis,
2845 3523 2902 3570 ut
2931 3519 3127 3572 assolet
3163 3520 3305 3574 inter
3338 3521 3608 3587 homines,

2031 3603 2095 3656 ad
2129 3603 2262 3656 alias
2293 3602 2666 3671 devolvemur)
2696 3605 2882 3674 Opinio
2913 3606 2980 3661 de
3010 3624 3186 3678 pugna
3218 3612 3459 3665 locorum
3489 3631 3609 3681 pro-

2030 3696 2276 3764 pellenda
2309 3708 2392 3748 est
2424 3711 2583 3763 quam
2611 3696 2944 3766 longissime,
2979 3701 3318 3772 primumque
3343 3721 3438 3772 pro
3460 3719 3611 3760 certo

2030 3788 2513 3857 ponendum,dicla
2538 3790 2677 3842 inter
2699 3807 2756 3844 se
2777 3793 3129 3848 concordare:
3149 3806 3200 3848 et
3220 3799 3484 3865 agendum
3509 3802 3608 3854 hoc

2029 3893 2152 3932 cum
2181 3879 2404 3932 scicntia
2431 3889 2482 3932 et
2509 3890 2767 3935 accurata
2792 3881 3096 3952 diiigentia,
3132 3902 3197 3938 ne.
3224 3889 3342 3942 loco
3377 3905 3601 3945 concur-

2029 3973 2128 4024 diu:
2153 3972 2417 4024 dictorum
2445 3972 2737 4040 Scriptura:
2764 3985 2927 4041 atque
2956 3979 3262 4041 doctormn,
3296 3981 3609 4036 inconside-

2030 4075 2145 4116 rate
2182 4071 2293 4114 tum
2322 4062 2410 4114 illa
2432 4062 2802 4118 distrahamus
2835 4090 2864 4118 a
2892 4066 3116 4120 veritate
3144 4068 3465 4138 univcrsim,
3491 4084 3604 4127 tum

2030 4167 2130 4204 nus
2162 4152 2306 4217 ipsos
2335 4152 2496 4205 etiam
2531 4153 2732 4220 pariter
2759 4153 3101 4211 divellamus.

2103 4239 2247 4304 ll.cc,
2283 4243 2567 4294 venerandi
2600 4242 2805 4308 Patres,
2846 4246 3015 4299 instar
3045 4251 3288 4304 vinnium
3332 4254 3463 4307 satis
3493 4257 3606 4309 fore

2030 4334 2179 4387 vobis
2221 4343 2348 4401 puto
2406 4335 2470 4386 ad
2497 4348 2684 4404 pacem
2724 4339 3081 4406 propositam:
3119 4357 3242 4395 nam
3274 4348 3374 4399 etsi
3411 4361 3606 4416 prader

2032 4427 2167 4487 haec,
2203 4424 2605 4493 multaquoque
2638 4428 2881 4496 aliaquac
2916 4429 2964 4481 in
3010 4445 3121 4483 rem
3156 4432 3380 4500 faciant;
3423 4443 3606 4493 venire

2032 4524 2260 4582 possunt
2285 4515 2336 4566 in
2366 4526 2627 4577 mentem,
2653 4525 2708 4569 at
2740 4530 2883 4573 certe
2909 4521 3009 4575 ista
3044 4525 3290 4579 videntur
3314 4545 3434 4584 esse
3459 4534 3605 4586 velut

2025 4605 2176 4672 origo
2197 4607 2441 4676 quaedam
2463 4618 2514 4660 et
2539 4622 2699 4677 caput
2719 4611 3043 4668 illorum.‘Et
3069 4616 3427 4687 hincquidem
3453 4626 3605 4680 vobis

2023 4697 2430 4751 cxurdientibus
2478 4714 2574 4766 par
2604 4710 2686 4754 est
2718 4711 2770 4754 et
2821 4703 3031 4769 alia,:si
3070 4723 3200 4763 usus
3241 4713 3424 4776 fuerit,
3452 4718 3605 4770 addi-

2026 4794 2137 4840 tum
2178 4788 2262 4852 iri,
2295 4797 2348 4840 et
2379 4791 2634 4854 agitatam
2670 4795 3024 4860 quazstionem
3056 4799 3123 4851 ad
3163 4800 3320 4856 liuent
3354 4809 3601 4872 perduci:

2025 4880 2140 4933 sine
2180 4881 2296 4933 istis
2330 4889 2505 4933 autem
2538 4885 2758 4937 evenire
2796 4887 2929 4940 nihil
2961 4891 3093 4943 bene
3121 4898 3340 4959 poterit.
3392 4897 3603 4950 Idcirco

2024 4973 2069 5023 si
2103 4981 2308 5023 tantum
2340 4971 2452 5023 luec
2473 4981 2702 5027 vestram
2735 4977 3127 5042 inlinemoriam
3163 4985 3443 5052 redegero,
3471 4998 3527 5040 ut
3551 5001 3603 5040 et

2025 5078 2291 5120 promissa
2311 5071 2543 5129 solvam,
2567 5076 2621 5120 et
2643 5068 2833 5136 ingens
2859 5070 3071 5127 honesti
3099 5075 3426 5129 desiderium
3449 5089 3599 5144 pate-

2025 5156 2240 5220 l'aeiam,
2305 5159 2440 5210 satis
2491 5175 2764 5231 superque
2821 5167 2950 5220 mihi
3008 5167 3118 5236 jam
3152 5171 3354 5223 dixisse
3392 5175 3600 5225 videor.
3654 5164 3660 5176 ἲ

2023 5248 2175 5299 Addo
2227 5257 2406 5300 tamen
2459 5266 2624 5303 unuut
2686 5255 2808 5319 hoc,
2855 5259 3211 5327 obsceroque,
3273 5272 3330 5313 ut
3367 5263 3412 5312 si
3459 5262 3605 5317 Deus

2027 5353 2123 5391 nos
2197 5342 2495 5406 l‘tiSiCXtil‘ll
2564 5331 2863 5412 propitius,
2933 5331 3370 5419 concesseritqne
3420 5369 3602 5406 VCI‘.IIII

2026 5428 2320 5496 Scriptura:
2344 5433 2736 5502 doctorumque
2772 5439 3150 5493 crmsensiouis
3178 5443 3448 5509 notitiam,
3483 5461 3605 5514 quia:

2025 5534 2213 5574 nostra
2264 5524 2524 5576 continuo
2587 5531 2860 5596 tutiusque
2915 5533 3173 5588 Ecclesia:
3221 5538 3350 5591 unio
3420 5537 3604 5607 fuerit,

2024 5615 2202 5667 velitis
2253 5630 2394 5679 eam,
2454 5633 2790 5685 qnzccuuque
2842 5621 2928 5676 illa
2968 5623 3148 5690 fuerit,
3203 5629 3255 5682 in
3293 5630 3413 5684 lidci
3458 5648 3605 5702 sym-

2025 5708 2149 5761 bolo
2179 5709 2350 5778 palatii
2387 5711 2709 5782 exprimere,
2746 5723 2800 5768 ut
2832 5720 3054 5785 possitis
3081 5731 3130 5776 et
3168 5724 3346 5780 verbis
3371 5729 3600 5781 exterio-

2158 5861 2182 5879 -
3175 5841 3239 5904 17
