3948 6186
369 362 474 417 529
773 393 785 402 -
1194 366 1288 428 ET
1332 368 1575 470 hiAllCl
1614 373 1928 437 EPHESlI
1974 381 2018 438 Τ
2039 382 2456 443 EFTIMUNIA
2495 387 2783 448 MUTUA.
3519 394 3620 457 E30

825 521 1822 548 Ἢ

1283 689 1642 752 EUSEBII
1693 690 2226 758 RENAUDOTII
2285 695 2711 762 MONITUM.

465 1013 746 1082 Superiori
780 1015 1154 1072 Dissertationi
1191 1003 1492 1085 fragmenta
1527 1017 1643 1072 haec
1694 1017 1949 1086 adjicere,
1988 1035 2106 1088 quae
2142 1020 2300 1075 nobis
2323 1020 2490 1074 codex
2522 1021 2742 1088 Regius,
2774 1036 2830 1075 n.
2863 1020 3028 1087 2965,
3055 1022 3505 1083 subministravit,
3540 1019 3615 1072 vi-

364 1122 488 1160 sum
522 1117 599 1162 est
637 1124 814 1178 operm
843 1111 1097 1180 pretium,
1128 1125 1251 1164 eum
1287 1109 1565 1163 historiam
1603 1108 1865 1163 Gennadii
1901 1125 2225 1180 magnopere
2259 1113 2549 1173 illustrem.
2580 1120 2632 1168 et
2656 1115 3008 1183 qnmstiouem
3037 1116 3103 1168 de
3133 1130 3240 1168 uno
3264 1114 3343 1166 vel
3370 1111 3614 1181 plm‘ibus

367 1199 690 1267 Gennadiis,
720 1201 820 1255 nisi
858 1201 1204 1256 vehementer
1240 1200 1498 1262 fallimur,
1540 1199 1846 1261 absolvant,
1877 1211 1992 1254 tum
2024 1203 2168 1268 quod
2205 1217 2266 1256 ea
2293 1202 2423 1256 alibi
2455 1211 2671 1259 exstare
2705 1219 2813 1258 non
2856 1205 3253 1259 existimemus.
3289 1200 3461 1255 Verba
3494 1205 3621 1254 sunt

277 1359 283 1364 I
368 1297 534 1352 Marci
573 1295 790 1363 Ephesii
824 1295 892 1350 de
914 1296 1219 1361 Scholario,
1255 1305 1308 1349 et
1340 1295 1405 1348 ad
1433 1310 1555 1349 eum
1584 1295 1946 1363 przesentihus
1977 1294 2181 1350 Graecis
2210 1299 2391 1351 multis
2434 1298 2695 1366 dignitate
2719 1299 3052 1370 conspicuis,
3076 1308 3127 1352 et
3151 1313 3176 1350 a
3197 1295 3497 1350 Latinismo
3529 1310 3614 1348 re-

368 1391 690 1446 Inotissimis
717 1390 882 1450 dicta,
906 1389 1104 1454 quibus
1127 1389 1228 1457 ipsi
1264 1403 1450 1441 curam
1490 1388 1741 1442 Ecclesiae
1765 1388 2114 1444 defendenda:
2142 1391 2456 1455 committit,
2481 1391 2624 1447 illius
2665 1392 2874 1447 scilicet
2903 1409 3044 1462 qum,
3067 1391 3279 1448 Unione
3309 1390 3618 1446 Florentina

369 1485 595 1550 insuper
631 1483 838 1546 habita,
875 1496 902 1533 a
937 1480 1256 1535 Latinorum
1287 1479 1673 1534 communione
1717 1489 1862 1534 esset
1894 1479 2256 1536 alienissima.
2285 1481 2396 1536 lllis
2431 1482 2781 1553 subjuugitur
2813 1480 3080 1537 Sebolarii
3115 1481 3454 1551 Responsio,
3499 1479 3621 1549 qui-

368 1577 471 1630 bus
497 1574 784 1643 pollicetur
819 1588 877 1626 se
903 1571 1069 1625 Marci
1094 1569 1317 1638 Ephesii
1353 1569 1476 1623 loco
1512 1570 1577 1623 ad
1609 1571 1794 1624 ultima
1824 1586 1992 1640 usque
2019 1573 2211 1626 mortis
2241 1572 2483 1640 pericula
2516 1588 2615 1641 pro
2649 1574 2787 1628 avita
2821 1573 2922 1628 fide
2969 1583 3359 1642 pugnaturum.
3393 1572 3513 1626 ηενρ
3541 1573 3620 1625 al-

374 1667 474 1722 teri
500 1681 662 1733 quam
692 1663 977 1720 Geunadio
1005 1663 1295 1719 convenire
1325 1677 1434 1717 non
1473 1671 1720 1730 possunt,
1757 1663 1802 1716 ei
1839 1665 2048 1718 scilicet
2091 1666 2181 1734 qui
2207 1673 2366 1732 capta
2399 1664 2873 1736 Constantinopoli
2922 1667 3232 1736 patriarcha
3279 1667 3620 1721 renuntiatus

367 1771 490 1827 est;
525 1777 704 1830 neque
738 1760 881 1814 enim
915 1759 1112 1814 cadere
1163 1757 1220 1810 in
1273 1758 1438 1839 alium
1469 1757 1716 1825 quemvis
1750 1765 1979 1826 possunt
2010 1757 2203 1811 laudes
2245 1757 2459 1810 eximiae
2489 1758 2751 1812 doctrina:
2778 1769 2830 1812 et
2862 1760 3206 1828 eloquentia),
3241 1769 3353 1813 tum
3386 1761 3621 1828 dignitas

366 1857 652 1922 ἄρχοντος,
685 1866 876 1921 nempe
902 1852 1000 1905 viri
1037 1851 1300 1919 primarii,
1336 1850 1515 1918 qualis
1541 1849 1862 1904 Scholarius
1898 1850 2018 1913 fuit,
2055 1850 2219 1918 judex
2255 1865 2448 1919 nempe
2474 1850 2525 1904 in
2571 1852 2690 1904 aula
2726 1852 3014 1920 imperiali.
3045 1850 3201 1918 Quod
3234 1850 3397 1904 etiam
3433 1849 3486 1902 in
3524 1864 3620 1903 ne-

367 1944 513 2014 gotio
549 1943 670 1996 fidei
698 1941 921 1995 humani
960 1941 1166 2006 aliquid
1218 1957 1436 2006 passus,
1475 1957 1582 1994 non
1617 1940 1904 1997 manifeste
1934 1939 2247 1996 Graecorum
2285 1941 2588 1996 sententias
2629 1951 3046 2012 propnguasset,
3090 1958 3213 1996 eum
3275 1941 3410 1996 satis
3468 1941 3614 1994 desi-

366 2043 555 2106 gnant,
591 2051 765 2105 eoque
791 2035 1022 2104 pertinet
1053 2034 1279 2103 epistola
1311 2050 1472 2103 quam
1513 2034 1796 2088 Entericus
1843 2033 2088 2104 Bigotius
2111 2033 2307 2088 Allatio
2327 2036 2771 2099 conmmnicavit,
2799 2046 2853 2089 et
2876 2052 3037 2105 quam
3067 2036 3266 2105 Regius
3294 2036 3429 2090 alter
3452 2033 3620 2089 codex

367 2138 752 2197 repraesentat;
791 2128 844 2181 in
868 2143 970 2196 qua
998 2126 1211 2182 Marcus
1231 2126 1506 2196 Ephesius
1539 2125 1884 2181 Seholarium
1911 2126 2260 2180 vehementer
2296 2127 2571 2196 redarguit
2606 2127 2706 2194 (l),
2734 2127 2875 2192 quod
2908 2128 3085 2181 media
3118 2137 3170 2182 et
3195 2137 3621 2196 temperamenta

369 2222 568 2290 quibus
604 2224 732 2278 unio
761 2221 879 2276 ﬁeri
901 2229 1106 2292 posset,
1164 2235 1270 2274 non
1327 2229 1734 2290 aspernaretur,
1791 2219 1882 2273 sed
1934 2235 1994 2275 ea
2023 2221 2298 2289 probaret.
2349 2219 2482 2273 Nam
2545 2219 2888 2274 Scholarium
2939 2219 3270 2274 Florentiam
3309 2221 3520 2275 venisse
3555 2237 3622 2276 eo

371 2312 578 2377 animo,
612 2326 720 2365 non
765 2312 882 2382 ejus
911 2313 1072 2374 modo
1106 2313 1169 2365 ad
1221 2311 1571 2367 Ambrosium
1604 2309 2079 2364 Camaldulensem
2113 2311 2377 2380 Epistola,
2413 2321 2463 2365 et
2506 2312 2640 2365 Acta
2679 2308 2872 2365 Graeca
2894 2351 2908 2373 ,
2941 2313 3033 2366 sed
3068 2311 3369 2383 Syropulus
3402 2312 3618 2380 ipsete-

367 2415 568 2468 statur,
597 2421 722 2458 cum
760 2406 804 2461 is
833 2406 1122 2461 formulam
1160 2406 1360 2461 referat
1382 2406 1448 2460 ab
1476 2406 1568 2460 illo
1598 2405 1945 2470 delineatam,
1984 2407 2282 2459 secundum
2315 2421 2476 2474 quam
2507 2407 2883 2462 controversia
2909 2407 2976 2461 de
3009 2405 3363 2476 processione
3388 2407 3622 2475 Spiritus

368 2503 539 2556 sancti
577 2511 1023 2570 componeretur.
1064 2503 1137 2555 Ex
1176 2502 1359 2555 verbis
1385 2501 1672 2566 Gemtadii,
1711 2500 1910 2569 quibus
1943 2499 2123 2554 Marco
2154 2501 2487 2569 respondens
2529 2516 2750 2570 operam
2810 2515 3027 2556 omnem
3057 2515 3211 2555 suam
3246 2502 3515 2570 pollicitus
3541 2512 3624 2555 cst

365 2596 432 2650 ad
467 2595 718 2650 Ecclesim
748 2596 952 2650 (lt-tecm
986 2595 1389 2659 defensionem,
1422 2595 1556 2648 satis
1607 2602 1850 2663 apparet,
1886 2594 2160 2646 neminem
2211 2592 2422 2652 Latinis
2469 2593 2650 2648 minus
2693 2595 2964 2649 addictum
3016 2596 3184 2649 luisse
3234 2610 3298 2648 co
3327 2595 3418 2664 qui
3458 2594 3618 2649 fidem

373 2687 548 2741 amico
585 2692 763 2741 datam
795 2687 1207 2741 accuratissime
1241 2688 1514 2755 praestitit.
1542 2687 1696 2738 'Cum
1725 2694 1904 2738 autem
1931 2699 2094 2750 opera
2129 2684 2395 2738 Gennadii
2432 2685 2546 2739 sive
2575 2684 2840 2739 Seholarii
2879 2687 3046 2740 multa
3089 2687 3144 2741 in
3191 2686 3382 2740 eodem
3429 2686 3621 2742 codice

369 2780 640 2848 descripta
674 2780 802 2840 sint,
833 2794 957 2847 qua:
991 2779 1136 2834 illius
1174 2794 1295 2834 esse
1337 2778 1661 2833 certissimis
1686 2793 1748 2831 ex
1795 2777 2020 2831 historia
2060 2777 2389 2832 testimoniis
2420 2777 2852 2843 demonstratur,
2891 2791 3086 2850 etquae
3123 2781 3314 2836 referri
3362 2796 3466 2834 non
3499 2793 3625 2846 pos-

370 2886 497 2931 sunt
525 2879 588 2930 ad
613 2876 778 2930 alium
810 2876 880 2929 ab
904 2889 968 2928 co
991 2875 1082 2943 qui
1122 2890 1245 2927 eum
1273 2873 1483 2929 Joanne
1518 2874 1819 2942 l‘alzeologo
1849 2874 1902 2926 in
1943 2872 2154 2928 Italiam
2189 2873 2527 2942 navigaverit
2561 2892 2575 2929 :
2609 2889 2672 2928 ex
2701 2875 2809 2929 illis
2836 2877 3096 2930 nonnulla
3126 2884 3341 2931 exstent
3372 2877 3425 2928 in
3457 2874 3622 2926 Brun-

370 2968 566 3021 dusino
595 2978 782 3020 nostro
822 2966 1032 3028 codice.
1057 2966 1145 3035 qui
1185 2966 1472 3019 llomiliam
1512 2966 1578 3019 de
1613 2964 1951 3019 Eucharistia
2003 2973 2373 3033 repraesentat,
2397 2965 2464 3018 de
2495 2964 2638 3020 illius
2677 2964 2934 3036 αὐθεντίᾳ
2965 2966 3032 3020 lis
3069 2965 3270 3018 moveri
3299 3003 3312 3026 ,
3358 2963 3460 3016 nisi
3525 2978 3622 3031 per

370 3071 638 3111 summam
669 3057 1021 3119 calumniam,
1052 3057 1194 3110 nulla
1219 3064 1416 3125 potest.
1445 3055 1540 3110 llis
1563 3055 1909 3124 adju‘uginuts
1931 3063 2175 3108 extrema
2205 3054 2369 3109 Marci
2401 3053 2629 3124 Ephesii
2661 3055 2851 3120 verba,
2882 3054 3038 3125 plena
3075 3054 3183 3107 odii
3225 3061 3279 3107 et
3303 3054 3495 3107 veneni
3529 3054 3624 3106 ad-

371 3165 562 3204 versus
591 3149 814 3205 Latinos
851 3160 902 3206 et
926 3149 1192 3206 Unioncm
1222 3158 1537 3203 renovatam
1573 3162 1737 3218 opera
1775 3146 1965 3202 lsidori
1995 3146 2300 3203 cardinalis
2343 3147 2502 3218 legati
2539 3148 2845 3217 apostolici,
2877 3147 2966 3202 cui
2990 3145 3286 3218 Gregorius
3313 3144 3619 3217 patriarcha

372 3251 759 3308 consenserat,
789 3243 988 3313 cuique
1025 3243 1340 3298 Gennadius
1366 3258 1474 3310 pra:
1498 3240 1712 3296 Caeteris
1735 3241 2044 3305 obstiterat,
2081 3251 2140 3294 ut
2167 3240 2343 3295 Ducas
2379 3253 2636 3296 accurate
2658 3241 2900 3310 scripsit.

445 3333 658 3404 Scripta
687 3347 810 3390 sunt
838 3349 1019 3392 autem
1045 3337 1098 3390 in
1127 3353 1192 3392 eo
1213 3353 1371 3406 quem
1408 3336 1652 3390 diximus
1679 3335 1846 3406 Regio
1871 3335 2078 3402 codice,
2111 3350 2221 3390 non
2252 3336 2439 3391 eadem
2471 3352 2637 3391 manu
2665 3353 2771 3406 qua
2806 3338 2977 3393 codex
3010 3340 3147 3408 ipse,
3183 3337 3280 3392 sed
3311 3337 3438 3401 alia,
3467 3336 3621 3389 doeta

372 3429 612 3494 quidem,
655 3444 838 3484 verum
876 3429 1194 3497 ineleganti,
1229 3429 1405 3497 qualis
1428 3444 1570 3497 saepe
1597 3429 1836 3482 virorum
1873 3427 2155 3483 doctorum
2198 3443 2319 3483 esse
2353 3429 2508 3484 solet.

445 3520 704 3587 Sequitur
751 3520 1071 3590 Exccrptnm
1105 3537 1166 3580 cx
1213 3521 1452 3590 Epistola
1486 3515 1749 3576 Gennadii
1792 3521 1859 3575 ad
1895 3520 2187 3576 Maximum
2241 3521 2580 3590 Sophianum
2623 3531 2677 3576 et
2726 3530 2941 3578 ascetas
2987 3523 3187 3576 montis
3222 3520 3376 3585 Sina,
3429 3521 3620 3588 inqua

376 3616 585 3671 Latinis
619 3616 894 3684 religionis
923 3633 1088 3671 causa
1138 3617 1477 3672 venientibus
1511 3625 1656 3670 vetat
1712 3617 1826 3671 dari
1865 3616 2284 3682 Eucharistiam,
2317 3617 2409 3670 sed
2443 3615 2737 3686 ἁντίδωρον
2777 3632 2870 3673 seu
2904 3631 3097 3687 paizem
3123 3615 3462 3672 benedictum
3503 3614 3621 3668 dari

373 3710 685 3779 permittit:
726 3711 867 3766 unde
892 3721 1039 3781 patet
1073 3725 1232 3781 quam
1261 3725 1454 3779 parum
1501 3710 1604 3780 ipsi
1635 3726 1756 3766 cum
1787 3710 2031 3766 Romana
2072 3709 2313 3768 Ecclesia
2349 3711 2682 3768 conveniret.

446 3891 522 3963 (l)
563 3891 693 3948 Vide
716 3890 852 3946 infra
888 3893 942 3946 iu
971 3889 1151 3945 Marco
1189 3887 1444 3959 Ephesio.
1479 3885 1632 3942 Enn.

397 4111 2536 4123 “Ww~——_—~u
2555 4115 2804 4124 Ἥ
2817 4119 2830 4123 -
2841 4111 3605 4125 Wo“...

1018 4274 1485 4410 ΠΡΟΣ
1590 4273 1937 4407 ΤΟᾏΝ
2015 4269 2987 4406 ΣΧΟΛΑΡΙΟΝ

1574 4552 1581 4560 ’
1634 4527 1863 4632 ΤΟΥ
1903 4527 2366 4615 ΕΦΕΣΟΥ.

878 4877 1270 4974 VERBA
1375 4879 1736 4968 MARCI
1837 4879 2318 4970 EPHESII
2453 4881 3130 4975 MORIENTIS

1430 5089 1528 5150 AD
1581 5088 1997 5151 GEORGIUM
2053 5091 2579 5152 SClIOLARlUM.

1561 5248 1656 5306 (Ex
1693 5244 1810 5296 Cod.
1839 5247 1946 5297 MS.
1976 5244 2100 5296 Bibl.
2129 5248 2242 5311 Reg.
2269 5248 2428 5308 2965.)

464 5519 623 5583 Λέγω
678 5517 769 5568 καὶ
823 5516 1191 5583 ἀποφαίνομαι
1248 5517 1374 5582 περῖ
1429 5515 1521 5566 τοῦ
1577 5515 1831 5584 ἄρχοντος
1866 5514 1960 5567 τοῦ

2145 5515 2218 5572 De
2239 5513 2485 5584 principe
2511 5511 2797 5566 Scholario
2831 5511 2945 5564 hare
2969 5524 3082 5565 mea
3126 5520 3206 5564 est
3229 5511 3517 5566 sententia.
3548 5510 3633 5579 lp-

391 5609 717 5678 Σχολαρὶου,
747 5609 828 5659 ὅτι
857 5601 974 5659 οἶδα
1009 5605 1169 5657 αὑτὸν
1201 5605 1260 5669 ἐξ
1293 5604 1372 5656 ἔτι
1411 5603 1547 5658 πάνυ
1578 5606 1702 5666 νέας
1730 5606 1832 5673 τῆς
1863 5605 1950 5656 αὖ·

2076 5622 2184 5662 5um
2227 5605 2518 5660 admodum
2557 5606 2809 5673 juvenem
2848 5602 2993 5669 novi,
3045 5601 3351 5673 afl‘ectuque
3401 5604 3549 5657 illum
3583 5611 3635 5657 et

387 5700 483 5751 τοῦ
548 5700 790 5768 ἡλικίας,
845 5699 940 5754 καὶ
992 5698 1237 5751 διάθεσιν
1291 5699 1386 5752 καὶ
1440 5698 1661 5766 ἀγάπην
1717 5697 1826 5766 ἔχω
1880 5697 1946 5761 εἰς

2072 5699 2332 5755 charitate
2390 5710 2603 5752 summa
2671 5701 2994 5765 prosequor,
3049 5706 3103 5749 et
3154 5702 3410 5764 tanquam
3466 5696 3631 5749 tilium

391 5793 571 5858 αᾶῖὸν,
603 5793 798 5856 221th;
850 5795 973 5863 ἐμὶν
1019 5793 1128 5846 υἱὶν
1178 5793 1267 5846 καὶ
1305 5791 1453 5857 ψίλον
1499 5792 1705 5862 στέργω
1746 5794 1941 5846 aito-1'

2086 5808 2243 5848 neum
2303 5800 2353 5846 et
2390 5790 2622 5846 amicum
2679 5789 2882 5858 diligo,
2917 5789 3182 5848 cbaritatc
3213 5797 3414 5856 quanta
3463 5796 3637 5854 potest
