3904 6134
423 323 527 388 533
1232 329 1328 391 ΕΤ
1372 331 1610 391 MARCI
1663 331 1975 393 EPI—lESll

2079 336 2500 395 ESTIMONlA
2539 337 2832 401 MUTUA;
3567 336 3668 397 534

411 440 539 501 τοὺς
579 437 772 501 λόγους
822 457 934 508 μου.
978 439 1195 503 τούτους
1237 442 1378 512 ὑπὲρ
1425 444 1490 496 τά
1540 444 1756 510 ἑκατὸν,
1800 444 1872 506 ὡς
1901 447 1975 508 εἰς

2097 452 2314 515 mendo,
2353 467 2577 519 sperans
2601 451 3015 506 sermoncsillos
3057 466 3206 506 meos
3235 451 3514 521 plusznam
3541 469 3669 506 cen-

412 529 624 598 ἀγαοὴν
650 529 756 598 γῆν
799 531 1324 600 καταϐαλλομένους.
1373 533 1506 602 Περὶ
1534 527 1592 586 οὗ
1625 535 1718 586 καὶ
1758 535 1975 604 ἀποκρι·

2107 541 2313 610 tuplum
2350 541 2587 596 fruetum
2627 544 2935 596 reddituros
2962 555 3218 612 tanquam
3253 544 3307 596 iu
3340 543 3530 596 bonam
3561 554 3668 597 ter-

415 619 563 689 θήτω
598 640 710 691 μοι,
743 622 828 674 ἵνα
859 622 1008 676 λάϐω
1055 624 1266 677 τέλειαν
1319 626 1694 696 πληροφορίαν
1723 629 1822 695 τῆς
1854 645 1975 697 παρη

2098 647 2212 684 ram
2244 631 2538 700 conjectos.
2571 632 2642 686 De
2664 649 2771 702 quo
2798 635 2910 701 ipse
2939 634 3068 686 mihi
3117 633 3444 703 respondeat
3480 634 3661 692 velim.

411 710 576 780 ούσης
617 711 760 783 ζωῆς
787 713 1140 782 ἐξερχόμενος
1163 756 1179 780 ,
1227 717 1322 770 καὶ
1358 717 1432 786 μὴ
1462 717 1638 787 ἀηδῶς
1668 717 1975 785 ἀτιςοὸιώσω1

2095 731 2152 774 ut
2171 737 2490 791 egressurus
2517 737 2578 775 ex
2607 723 2854 790 prmsenti
2884 723 3014 785 vita,
3036 723 3250 790 plenam
3282 720 3661 776 certitudinem

413 801 488 864 ὡς
532 804 870 873 ἀπεγνωκὼς
904 804 1001 875 τὴν
1032 807 1133 876 τῆς
1173 807 1496 877 Ἐκκλησίας
1531 808 1838 877 διόρθωσιν.

2091 810 2342 873 habeam,
2373 827 2472 864 nec
2503 811 2793 879 iujucunde
2822 829 2886 865 cx
2932 812 3039 864 vita
3094 812 3281 866 abeam
3311 823 3562 882 tanquam
3598 813 3662 865 de

2096 901 2351 955 Ecclesiae
2393 900 2783 955 reformatione
2812 900 2966 970 plane
2998 901 3312 970 desperans.

2943 1123 3101 1132 ..ι-...Α

465 1114 1290 1144 ====m====
1313 1114 1753 1144 πων-...-
1767 1115 1902 1128 ἣν...
1927 1118 1991 1128 μ...
2009 1120 2146 1129 —..—

1203 1304 1798 1392 ΑΠΟΚΡΙΣΙΣ.
1886 1309 2118 1394 ΤΟΥ
2209 1303 2875 1396 ΣΧΟΛΑΡΙΟΥ.

1319 1679 1981 1770 RESPONSIO
2066 1678 2756 1772 SCHOLABII.

497 2020 657 2086 Ἐγὼ,
689 2021 923 2075 δέσποτά
954 2039 1055 2088 μου
1105 2021 1249 2090 ἃγιε,
1283 2025 1494 2093 πρῶτον
1536 2028 1632 2096 μὲν
1672 2028 1975 2097 εὐχαριστῶ

2162 2035 2290 2103 Ego,
2325 2035 2544 2092 domine
2579 2038 2649 2091 mi
2689 2046 2894 2103 sancte,
2930 2039 3163 2106 primum
3187 2039 3405 2108 quidem
3453 2054 3660 2111 magna:

411 2114 478 2179 τῇ
536 2113 746 2182 μεγάλῃ
795 2113 1072 2183 ἁγιωσύνῃ
1134 2131 1226 2165 σου
1288 2117 1380 2168 ἐπὶ
1436 2120 1548 2180 τοῖς
1601 2119 1842 2180 ἐπαίνοις
1899 2113 1980 2180 οἷς

412 2201 633 2268 ἐχρήσω
694 2205 773 2264 εἰς
822 2203 943 2272 ἐμὲ,
1001 2204 1084 2256 ὄτι
1134 2204 1415 2272 βουληθεὶς
1471 2209 1596 2276 ἐμοὶ
1651 2210 1980 2276 χαρίσασθαι

409 2293 946 2362 προσεμαρτύρηςάς
989 2312 1099 2363 μοι,
1126 2295 1224 2347 ὅσα
1250 2298 1347 2348 οὐκ
1383 2297 1491 2365 ἔχω
1538 2298 1646 2351 οὐδ’
1680 2301 1980 2370 ἐπίσταμαι

409 2387 692 2452 προσεῖναί
727 2403 838 2454 μοι.
887 2387 1044 2440 Ἀλλά
1073 2387 1232 2439 τοῦτό
1266 2392 1378 2441 ἐστι
1415 2390 1512 2458 τῆς
1545 2391 1720 2459 ἄκρας
1748 2393 1981 2446 καλοκα-

409 2477 606 2542 γαθίας
631 2479 722 2530 καὶ
753 2480 954 2546 ἀρετῆς
991 2480 1084 2530 καὶ
1109 2481 1299 2546 σοφίας
1331 2481 1428 2548 τῆς
1464 2483 1704 2549 μεγάλης
1746 2484 1981 2551 ἁγιωσύ-

406 2583 507 2634 νης
537 2583 649 2630 σου,
679 2568 744 2638 ἢν
772 2570 865 2621 καὶ
891 2569 1052 2631 αὐτὸς
1080 2572 1234 2633 εἰδὼς
1265 2572 1323 2636 ἐξ
1350 2573 1522 2641 ἀρχῆς
1543 2576 1636 2626 καὶ
1659 2576 1980 2643 θαυμάζων,

406 2658 468 2710 ού
497 2658 733 2712 διέλιπον
787 2661 840 2723 ἐς
877 2659 1034 2729 δεῦρο
1062 2662 1164 2714 ὅσα
1201 2666 1366 2733 πατρὶ
1411 2665 1503 2716 καὶ
1547 2665 1850 2733 διδασιὶάλῳ
1887 2670 1978 2720 καὶ

406 2751 744 2820 παιδαγωγῷ
804 2751 1099 2820 ὀφείλεται,
1147 2745 1520 2816 ἐκτελῶνέίς
1582 2757 1678 2825 τὴν
1735 2759 1978 2827 μεγάλην

406 2841 716 2907 ἁγιωσύνην
779 2859 892 2905 σου,
947 2844 1043 2895 καὶ
1095 2844 1172 2906 ὼς
1230 2846 1412 2898 κανόνι
1461 2846 1740 2916 χρώμενος
1787 2852 1850 2919 τῇ
1911 2853 1974 2920 σῇ

404 2931 748 3004 γνώμη,.τῆς
776 2951 832 2986 τε
864 2937 922 2987 ἐν
967 2935 1232 3002 δόγμασιν
1263 2938 1570 3005 ἀκριϐείας,
1601 2940 1694 2992 καὶ
1731 2941 1827 3008 τῆς
1868 2942 1976 2994 τῶν

403 3025 576 3092 λόγων
603 3026 916 3096 ὀρθότητος,
965 3023 1046 3087 οἷς
1097 3028 1162 3081 ἂν
1214 3031 1628 3100 ἐνασμενίσειας
1675 3033 1769 3085 καὶ
1816 3035 1976 3098 αὐτὸς

409 3119 809 3188 συντιθέμενος.
842 3121 948 3174 Καὶ
974 3121 1072 3174 ὅσα
1105 3121 1181 3191 μὴ
1211 3123 1352 3174 κατά
1387 3123 1614 3193 γνώμην
1660 3125 1714 3177 δὲ
1743 3125 1842 3193 σὴν
1888 3128 1979 3179 ἀν-

403 3210 724 3272 ενδοιάστως
753 3213 956 3266 τούτων
981 3212 1401 3283 ἐκτρεπόμενος,
1427 3214 1528 3283 τὴν
1549 3215 1641 3266 τοῦ
1665 3217 1853 3280 παιδὸς
1883 3221 1977 3271 καὶ

409 3302 653 3370 μαθητοῦ
685 3303 837 3366 τάξιν
863 3308 1049 3374 τηρεῖν
1087 3306 1222 3374 πρὸς
1257 3307 1356 3376 τὴν
1391 3308 1635 3378 μεγάλην
1665 3310 1975 3379 ἁγιωσύνην

403 3409 498 3444 σου
531 3394 630 3446 οὐκ
665 3395 948 3464 ἀπηξίωσα
979 3397 1220 3461 πώποτε,
1252 3398 1488 3468 μάρτυρι
1529 3399 1809 3469 χρώμενος
1837 3403 1974 3473 πρὸς
2003 3383 2045 3441 C

401 3485 577 3539 ταῦτα
623 3489 689 3557 τῇ
732 3489 942 3558 μεγάλῃ
989 3490 1270 3563 ἁγιωσύνῃ
1302 3509 1420 3546 σου.
1459 3489 1619 3556 Οἶδας
1653 3493 1726 3556 ὡς
1759 3495 1846 3548 ἀεὶ
1887 3499 1977 3550 τὸν

402 3581 606 3649 τρόπον
643 3582 834 3634 τοῦτόν
875 3599 954 3635 σοι
998 3585 1414 3656 προσηρχόμην,
1449 3587 1541 3639 καὶ
1574 3586 1848 3657 βαθύτερα
1879 3589 1976 3658 τῆς

400 3671 547 3738 ἐμῆς
592 3672 831 3736 διανοίας
862 3673 1281 3741 ἀνακαλύπτων,
1331 3677 1586 3739 τοιαύτας
1639 3679 1844 3746 ἐγγύας
1895 3697 1975 3732 σοι

406 3761 816 3831 παρετιθέμην·
851 3764 944 3816 καὶ
998 3765 1090 3817 τοῦ
1143 3766 1226 3818 ὅτι
1284 3765 1340 3817 ἐν
1383 3784 1490 3820 τισι
1531 3768 1640 3820 τῶν
1669 3770 1876 3839 καιρῶν
1915 3771 1974 3823 οὐ

407 3853 658 3922 φανερῶς
686 3853 999 3924 ἀπεδυόμην
1036 3855 1169 3921 πρὸς
1195 3856 1317 3917 τοὺς
1352 3853 1569 3922 ἀγῶνας
1595 3855 1686 3918 οὓς
1720 3859 1750 3925 ἠ
1779 3858 1844 3927 σὴ
1881 3876 1977 3926 με-

413 3944 562 4014 ,ίστη
630 3945 911 4015 ἀγιωσύνη
961 3947 1275 4015 ἠγωνίζετο,
1339 3946 1473 3998 ἀλλά
1530 3951 1706 4018 σιωπῇ
1755 3950 1976 4014 τούτους

403 4037 758 4106 παρέρχομαι
799 4037 925 4101 τοὺς
957 4039 1172 4106 λόγους,
1204 4037 1360 4092 τοῦτο
1406 4038 1582 4102 οὐδεὶς
1614 4040 1823 4108 βέλτιον
1867 4038 1973 4094 οἶδε

404 4134 506 4196 τῆς
539 4133 779 4204 μεγάλης
808 4134 1118 4203 ἁγιωσύνης
1147 4152 1262 4198 σου,
1295 4135 1419 4186 ἐπεὶ
1446 4135 1540 4186 καὶ
1571 4134 1830 4198 πολλάκις
1853 4139 1978 4199 τοὺς

373 4225 699 4294 ’λογισμούς
736 4227 836 4294 μού
871 4244 950 4279 σοι
977 4227 1278 4297 θαρρήσας,
1315 4229 1408 4280 καὶ
1443 4227 1571 4290 τοὺς
1621 4228 1752 4297 περὶ
1781 4229 1974 4281 τούτου

407 4335 491 4370 σοι
532 4318 848 4388 ἀνεκάλυψα
894 4318 1168 4384 καθαρῶς,
1212 4320 1304 4370 καὶ
1353 4321 1834 4387 παραιτησάμενος
1879 4321 1974 4386 τῆς

405 4413 743 4480 συγγνώμης
772 4413 872 4464 οὐκ
903 4411 1198 4480 ἀπέτυχον.
1238 4409 1396 4464 Ἀλλὰ
1430 4410 1526 4463 νῦν
1550 4411 1685 4463 Θεοῦ
1717 4413 1975 4482 συνάρτει

401 4506 610 4559 τούτων
647 4505 864 4558 πάντων
888 4505 1378 4574 καταπεφρόνηκα,
1417 4503 1515 4557 καὶ
1543 4505 1778 4574 ἐμαυτὸν
1806 4505 1976 4558 x101-

404 4598 648 4668 ρώτατον
681 4601 771 4650 καὶ
806 4597 1192 4666 φανερώτατον
1236 4597 1332 4665 τῆς
1379 4595 1635 4666 ἀληθείας
1673 4613 1975 4665 συναγωνιο

405 4691 539 4761 στῆν
565 4690 749 4754 ἔταξα,
780 4690 923 4743 ὦττε
949 4689 1017 4742 τὰ
1051 4689 1159 4741 τῶν
1189 4689 1410 4758 πατρῶν
1445 4705 1545 4757 μου
1575 4688 1844 4758 δόγματα,
1881 4691 1974 4742 καὶ

402 4783 499 4851 τὴν
524 4782 626 4850 τῆς
651 4781 961 4849 ὀρθοδοξίας·
989 4781 1276 4851 ἀκρίϐειαν
1305 4781 1681 4839 ἀνυποστόλως
1721 4781 1973 4847 διαγγέλ-

401 4873 516 4925 λειν
541 4874 679 4926 κατά
707 4874 798 4926 τὸν
831 4874 1032 4926 σκοπὸν
1061 4873 1161 4940 τῆς
1198 4873 1295 4939 σῆς
1333 4873 1592 4940 μεγίστης
1639 4873 1972 4943 ἁγιωσύνης.

403 4966 564 5033 Λέγω
590 4964 646 5017 δὲ
670 4964 840 5018 ταῦτα
861 4966 957 5034 οὐχ
989 4964 1064 5024 ὡς
1090 4965 1230 5034 ὁρῶν
1258 4965 1357 5033 τὴν
1387 4963 1631 5032 μεγάλην
1658 4964 1974 5033 ἁγιωσύνην

404 5072 500 5108 σου
562 5054 810 5108 ἐντεῦθεν
869 5054 1207 5108 ἀπελθόντα·
1248 5055 1345 5107 οὐκ
1393 5054 1475 5105 ἔτι
1511 5053 1618 5122 γάρ
1648 5050 1744 5115 τὰς
1789 5055 1974 5106 τελευ-

401 5145 562 5207 ταίας
617 5145 835 5207 ἐλπίδας
895 5145 1278 5214 ἀπεϐάλομεν’
1331 5146 1639 5216 θαρροῦμεν
1683 5146 1739 5197 δὲ
1773 5146 1865 5198 ἐπὶ
1894 5146 1972 5214 τῷ

401 5239 525 5308 Θεῷ
575 5239 1030 5308 περιγενήσεσθαί
1082 5257 1137 5291 σε
1193 5241 1292 5307 τῆς
1326 5239 1505 5302 νόσου,
1545 5240 1636 5291 καὶ
1687 5241 1784 5292 σὺν
1841 5241 1971 5308 ἡμῖν

401 5330 642 5394 ἔσεσθαι,
682 5331 774 5383 καὶ
805 5331 919 5399 ἅμα
951 5331 1016 5383 τά
1052 5331 1276 5384 τοιαῦτα
1305 5331 1801 5400 ἐπεξεργάσασοαι.
1827 5331 1889 5382 Ei
1919 5330 1974 5380 δέ

402 5440 462 5488 γε
487 5423 750 5492 κρίμασιν
773 5419 851 5487 οἷς
875 5419 980 5476 οῐδε
1000 5423 1128 5486 θεός
1155 5423 1400 5477 ἐντεῦθεν
1418 5424 1814 5494 ἀποδημήσεις,
1841 5423 1975 5492 πρὸς

399 5514 458 5565 ὃν
486 5515 790 5582 ἡτοίμασας
819 5516 970 5582 αὐτῷ
999 5516 1158 5568 τόπον
1188 5520 1284 5584 τῆς
1319 5517 1677 5577 ἀναπαύσεως
1701 5517 1976 5584 πληροφοο

402 5607 536 5673 ρῶν,
567 5606 714 5674 λέγω
740 5623 820 5659 σοι
853 5606 1084 5660 ἐνώπιον
1115 5609 1208 5661 τοῦ
1236 5608 1369 5661 Θεοῦ
1401 5611 1494 5660 καὶ
1529 5609 1637 5660 τῶν
1667 5608 1836 5675 ἁγίων
1868 5609 1970 5674 ἀγ-

401 5697 575 5759 γελων
599 5699 707 5747 τῶν
726 5697 968 5765 ἀοράτως
993 5700 1429 5767 ¹παρισταμένων
1455 5699 1546 5751 νῦν
1569 5701 1722 5766 ἡμῖν,
1748 5699 1840 5749 καὶ
1864 5697 1969 5748 τῶν

405 5790 844 5860 καθειρεῖἑνῖων
892 5791 1122 5847 ἐνταῦθα
1152 5792 1358 5846 πολλῶν
1409 5791 1494 5845 καὶ
1550 5792 1840 5860 ἀξιολύγων
1875 5792 1966 5844 ἀν-

2087 2128 2358 2181 sanctitati
2426 2138 2529 2184 tuae
2579 2131 2784 2200 gratias
2816 2148 2917 2201 ago
2950 2134 3012 2185 de
3047 2133 3298 2192 laudibus
3349 2135 3546 2204 quibus
3573 2151 3662 2190 me

2084 2220 2399 2284 cumulasti,
2425 2222 2697 2291 simulque
2729 2223 2860 2276 mibi
2889 2223 3192 2280 abblandiri
3245 2227 3452 2294 volens,
3487 2244 3548 2283 ea
3591 2229 3660 2283 de

2087 2326 2167 2362 me
2194 2320 2417 2365 testatus
2453 2328 2510 2366 es
2556 2329 2676 2381 qua:
2727 2328 2833 2367 non
2898 2314 3090 2379 habeo,
3124 2331 3222 2371 nec
3290 2317 3463 2372 inesse
3523 2319 3654 2372 mihi

2084 2403 2392 2456 cortoseio.
2441 2402 2637 2457 Veru:n
2689 2405 2793 2458 hoc
2827 2422 2854 2459 a
2907 2421 3122 2462 summa
3189 2409 3495 2478 sanctitatis
3557 2420 3661 2464 tua;

2084 2494 2342 2556 bonitate,
2386 2497 2652 2564 sapientia
2705 2507 2757 2551 et
2791 2499 2992 2578 virtute
3022 2500 3321 2564 profectum
3350 2511 3457 2566 est,
3491 2518 3656 2572 quam

2082 2587 2208 2639 olim
2250 2587 2418 2655 probe
2450 2588 2723 2657 cOgnitam
2758 2590 3086 2654 admiratus,
3121 2591 3225 2645 huc
3286 2609 3459 2661 usque
3520 2610 3661 2647 nun-

2082 2693 2244 2746 quam
2281 2680 2511 2742 cessavi,
2546 2681 2823 2736 sanctitati
2861 2692 2966 2735 tuze
3020 2681 3292 2745 deferens,
3325 2701 3660 2754 qua-cunque

2082 2770 2242 2837 patri,
2282 2771 2541 2840 magistro
2573 2781 2625 2826 et
2648 2774 2966 2842 praeceptori
3003 2775 3167 2829 tribui
3195 2775 3415 2842 debent,
3440 2789 3664 2833 senten-

2084 2864 2154 2916 tia
2193 2871 2284 2917 tua
2321 2872 2581 2934 tanquam
2614 2866 2800 2932 regula
2838 2877 3015 2932 utens,
3047 2878 3100 2922 et
3141 2870 3284 2923 circa
3342 2871 3654 2937 dogmatum

2081 2965 2388 3009 accuratam
2455 2959 2876 3026 expositionem,
2913 2969 3222 3029 reclamque
3255 2963 3538 3031 theologia:
3573 2980 3656 3017 ra-

2081 3048 2302 3109 tionem,
2341 3047 2405 3101 iis
2431 3063 2551 3116 quae
2587 3049 2680 3102 tibi
2707 3051 3080 3118 probabantur
3108 3052 3260 3119 plane
3284 3057 3651 3112 consentiens.

2077 3134 2422 3206 Quzecunque
2446 3138 2608 3191 etiam
2633 3153 2738 3193 non
2769 3149 3015 3196 erantex
3046 3145 3211 3197 animi
3243 3147 3314 3199 tui
3353 3149 3652 3208 sententia.

2078 3226 2166 3279 illa
2202 3227 2407 3296 absque
2452 3229 2794 3284 dubitatione
2839 3246 3144 3297 aversatus,
3176 3251 3453 3305 nunquam
3501 3239 3656 3292 aliter

2078 3333 2238 3385 quam
2271 3325 2329 3371 ut
2358 3318 2498 3372 (ilius
2526 3319 2932 3389 discipulosque
2956 3337 3081 3390 erga
3114 3325 3457 3377 sanctitatem
3506 3334 3652 3379 tuatu

2081 3422 2165 3460 me
2197 3407 2360 3476 gessi,
2396 3423 2516 3474 qum
2543 3409 2761 3475 quidem
2801 3420 2892 3462 tuo
2927 3410 3100 3478 ipsius
3155 3413 3468 3467 testimonio
3521 3415 3655 3466 satis

2079 3500 2224 3568 apud
2261 3509 2310 3554 te
2339 3509 2593 3555 constare
2627 3510 2776 3570 puto.
2812 3495 2963 3554 Nosti
2998 3501 3140 3554 enim
3174 3517 3258 3556 me
3295 3503 3365 3556 ita
3399 3503 3651 3575 affectum

2078 3594 2144 3648 ad
2177 3601 2228 3647 te
2262 3595 2578 3656 accessisse,
2613 3603 2666 3647 et
2697 3593 2884 3648 intima
2915 3594 3084 3647 animi
3124 3595 3226 3647 mei
3270 3607 3480 3648 secreta
3516 3610 3647 3660 ape-

2079 3685 2331 3748 rientem,
2384 3687 2544 3741 talem
2587 3686 2683 3740 tibi
2745 3686 3093 3754 sponsionem
3142 3686 3353 3741 feeissc.
3407 3685 3557 3752 Quod
3608 3687 3655 3738 si

2079 3776 2370 3844 aliquando
2403 3777 2467 3830 ad
2499 3793 2558 3830 ea
2595 3783 2920 3842 certamina,
2955 3794 3075 3848 quae
3107 3781 3368 3832 sanctitas
3419 3779 3654 3832 maxima

2081 3873 2172 3916 tua
2231 3863 2492 3931 suscepit,
2532 3864 2709 3930 palam
2773 3880 2884 3918 non
2956 3867 3184 3927 accessi,
3230 3868 3464 3919 rationes
3522 3882 3655 3932 quas

2078 3956 2296 4023 quidem
2347 3955 2562 4008 silentio
2624 3966 2906 4024 prmtereo,
2940 3973 3098 4011 nemo
3133 3967 3183 4010 te
3245 3959 3438 4011 melius
3485 3959 3652 4020 notit,

2077 4045 2512 4115 quandoquidem
2547 4062 2665 4114 qum
2717 4057 2843 4101 tunc
2872 4048 2926 4101 in
2953 4049 3136 4101 animo
3177 4031 3452 4106 haberem.
3485 4050 3655 4101 conﬁ-

2077 4139 2268 4191 denter
2318 4138 2659 4192 tuanifestavi
2724 4139 2925 4202 tibi,et
2977 4140 3324 4193 excusatione
3377 4140 3536 4197 facta,
3567 4156 3656 4193 ve-

2080 4229 2222 4282 niam
2259 4244 2287 4282 a
2321 4236 2369 4283 te
2399 4240 2722 4283 consecutus
2774 4245 2916 4284 sum.
2952 4229 3145 4284 Verum
3182 4230 3269 4282 Dei
3306 4231 3509 4283 auxilio
3542 4232 3654 4284 tunc

2077 4322 2259 4375 omnia
2292 4322 2402 4387 jam
2436 4322 2757 4388 contempsi,
2788 4337 2980 4390 tneque
3015 4323 3358 4375 manifestum
3395 4323 3652 4391 et‘pnbli-
3706 4324 3712 4330 ’

2079 4427 2200 4466 enm
2241 4413 2482 4466 veritatis
2528 4412 2868 4468 defensorem
2926 4413 3204 4474 constitui,
3237 4423 3450 4480 patrum
3509 4430 3656 4468 meo-

2079 4521 2197 4557 rum
2251 4506 2500 4573 dogmata
2561 4505 2986 4572 orthodoxaequc
3044 4505 3161 4558 fidei
3213 4507 3492 4559 Veritatem
3527 4510 3653 4561 alts-

2081 4614 2185 4666 que
2240 4598 2345 4650 ulla
2377 4597 2810 4650 dissimulatione
2842 4598 3142 4652 secundum
3184 4601 3490 4653 sam-tdatis
3548 4608 3655 4653 tum.

2008 4718 2048 4771 ο
2079 4689 2417 4759 propositum
2477 4691 2920 4743 atmuntiaturus.
2971 4690 3154 4759 Neque
3208 4693 3320 4744 haec
3361 4693 3481 4745 dico
3539 4700 3657 4745 tau-

2078 4797 2240 4852 quam
2274 4790 2324 4832 te
2353 4795 2415 4833 ex
2459 4779 2560 4834 hoc
2594 4782 2796 4835 mundo
2819 4783 3108 4835 abeuntem
3138 4781 3350 4844 videns,
3383 4797 3481 4834 nec
3505 4783 3652 4834 enim

2078 4894 2226 4946 spem
2266 4879 2509 4932 ultimam
2565 4875 2862 4944 abiecimus
2894 4874 3049 4938 ,‘imo
3113 4873 3432 4927 confidimus
3487 4883 3537 4924 te
3587 4888 3652 4924 ex

2078 4971 2181 5023 hoc
2209 4971 2398 5022 morbo
2427 4966 2916 5025 convalescentem,
2953 4966 3194 5018 futurum
3241 4965 3418 5017 adhuc
3470 4963 3652 5016 nobis-

2076 5076 2220 5121 cum,
2256 5069 2308 5113 et
2334 5059 2495 5114 simul
2528 5060 2641 5112 lucc
2665 5059 2841 5110 omnia
2865 5065 3267 5112 exsecuturum.
3299 5056 3451 5119 Quod
3485 5055 3528 5107 si
3561 5070 3650 5105 oe-

2079 5149 2240 5203 cnltis
2271 5148 2490 5214 iudiciis
2517 5162 2636 5215 qua:
2666 5147 2804 5198 Deus
2835 5145 3002 5208 novit,
3036 5145 3160 5197 hinc
3203 5142 3268 5194 ad
3319 5140 3517 5208 quit-tis
3574 5141 3649 5191 lo-

2080 5254 2201 5291 cntn
2237 5253 2396 5307 quem
2439 5237 2636 5305 parasti
2696 5236 2812 5302 tibi,
2845 5245 2896 5288 te
2924 5236 3155 5304 migrare
3217 5232 3516 5296 contingat,
3553 5230 3652 5280 tibi.

2079 5329 2381 5385 certissime
2417 5329 2622 5381 all'trmo
2655 5341 2838 5379 coram
2900 5327 3004 5378 Deo
3055 5334 3108 5375 et
3163 5320 3360 5373 sanctis
3421 5320 3647 5387 angelis,

2079 5422 2168 5491 qui
2200 5436 2342 5474 nunc
2377 5419 2532 5475 nobis
2559 5418 2902 5472 invisibiliter
2923 5416 3206 5471 assistunt,
3239 5421 3294 5463 et
3319 5410 3502 5462 multis
3539 5411 3648 5462 ela—

2077 5513 2417 5580 t‘issimisque
2447 5512 2594 5573 viris,
2625 5511 2714 5577 qui
2757 5508 2840 5560 hic
2869 5512 3068 5565 astant,
3110 5519 3194 5555 me
3232 5514 3321 5554 ttto
3349 5501 3468 5553 loco
3509 5501 3650 5552 iutu-

2080 5621 2223 5664 rnnt,
2253 5616 2304 5658 et
2333 5615 2587 5671 tanquam
2635 5615 2726 5652 ore
2765 5608 2875 5660 tuo,
2912 5611 3249 5665 quu'cunquc
3285 5593 3650 5660 amplecteba-

2077 5698 2153 5750 ris
2183 5707 2232 5748 et
2256 5695 2506 5756 docebas,
2538 5693 2909 5760 atnplcxut‘um
2958 5699 3010 5742 et
3066 5687 3439 5746 defensurum,
3473 5686 3645 5736 ulmu-

2078 5793 2282 5860 bnsque
2348 5789 2790 5856 annuitiaturum
2856 5803 2868 5838 :
2927 5784 3059 5838 llLilii
3146 5782 3364 5836 omnino
3457 5791 3642 5830 eorum
