3904 6134
299 348 390 408 ιιι

1289 348 1652 409 EPISTULA
1712 351 1809 409 DE
1861 351 2593 413 I’B/EDESTINATIllNE

3437 359 3539 420 542

299 461 465 529 μηδὲν
498 461 893 530 ἀποκρίνεσθαι
935 465 1060 533 περὶ
1091 457 1164 518 ὧν
1201 466 1526 531 ἐπυνθάνου,
1560 466 1784 536 συνήθει
1818 467 1873 519 δὲ

1997 473 2204 542 μιὶιίριιι
2242 474 2370 526 nihil
2405 474 2470 528 ad
2503 487 2562 527 ea
2596 474 2947 552 respondere,
2975 476 3044 530 de
3089 476 3286 546 quibus
3320 493 3550 545 pereun~

304 555 480 622 τραφῇ
513 552 570 604 τὸ
598 553 694 621 τῆς
718 555 932 617 εὐνοίας
955 557 1109 624 χρέος
1141 556 1403 625 πληροῦν.
1448 557 1505 609 '0
1534 558 1642 626 γάρ
1669 560 1866 627 ήμέτε-

297 658 387 711 ρος
423 642 615 711 καιρὸς
645 642 736 694 καὶ
777 644 886 695 τῶν
914 646 1198 714 ἡμετέρων
1241 645 1412 715 ᾤχετο
1440 646 1634 714 λόγων,
1669 647 1868 717 μᾶλλον

297 732 353 784 δὲ
411 734 612 796 παντὸς
645 734 872 802 ἀγαθοῦ,
907 737 999 789 καὶ
1043 738 1123 789 δεῖ
1151 738 1248 807 τὴν
1308 739 1548 808 ἐσχάτην
1592 741 1870 808 ἀμορφίαν

298 825 390 877 τοῦ
424 825 616 891 γένους
645 827 702 878 ὲν
728 825 929 880 ἅπαντι
957 831 1244 898 πράγματι
1292 831 1636 900 καθημένους
1670 833 1728 883 ὲν
1763 849 1871 898 γω-

299 915 387 985 νίᾳ
443 932 546 966 που
605 915 822 986 θρηνεῖν
875 921 1073 986 σιωπῇ,
1127 921 1220 971 καὶ
1269 919 1367 988 τήν
1422 921 1726 986 ἀπαγωγὴν
1771 921 1870 988 τῆς

299 1007 551 1075 τοιαύτης
581 1005 909 1071 ἐξαιτεῖσθαι
933 1009 1099 1077 ζωῆς,
1125 1011 1324 1063 ὁπόταν
1350 1010 1576 1080 ἐπινεῦῃ
1605 1012 1665 1062 τὸ
1693 1011 1866 1066 Θεῖον.

316 1098 454 1151 Ἀλλ’
483 1101 516 1169 ἡ
543 1100 676 1168 πρὸς
704 1101 793 1153 τὸν
825 1101 996 1168 μέγαν
1025 1101 1301 1154 Βασίλειον
1323 1101 1485 1164 αἰδὼς
1518 1105 1871 1173 κατηναγκα-

302 1205 413 1241 σεν.
464 1189 688 1258 Ἐκείνῳ
737 1191 918 1243 τοίνυν
950 1192 1092 1261 ἔχοις
1128 1193 1194 1246 ἂν
1238 1192 1336 1262 τὴν
1371 1193 1546 1263 χάριν,
1579 1198 1679 1264 οὐχ
1721 1195 1871 1264 ὑμῖν,

302 1283 528 1350 ταυτησὶ
563 1281 659 1350 τῆς
689 1283 1010 1350 ἀπολογίας.

383 1552 444 1605 '0
497 1553 595 1621 μὲν
646 1552 758 1622 γὰρ
797 1557 970 1622 μέγας
1026 1557 1125 1623 τῆς
1167 1557 1495 1624 Ἑκκλησίας
1553 1557 1874 1620 διδάσκαλος

304 1645 438 1716 φησι
471 1662 596 1712 που,
650 1665 667 1697 ι
713 1647 940 1698 Θάνατοι
973 1648 1029 1699 δὲ
1066 1648 1388 1715 ἀπάγονται,
1443 1650 1552 1701 τῶν
1587 1651 1728 1719 ὅρων
1776 1650 1875 1717 τῆς

303 1737 448 1804 ζωῆς
489 1737 908 1807 πληρωθέντων,
940 1737 1033 1801 οὓς
1064 1741 1192 1808 περὶ
1224 1740 1455 1793 ἕκαστον
1503 1741 1758 1810 ἕπηξενή
1790 1741 1872 1792 δι·

305 1830 435 1881 καία
467 1831 559 1881 τοῦ
587 1828 720 1881 Θ-οὖ
761 1832 960 1899 κρίσις,
995 1830 1278 1900 πόῤῥωϐεν
1308 1832 1366 1883 τὸ
1397 1833 1521 1900 περὶ
1553 1833 1698 1900 ἡμᾶς
1736 1849 1872 1900 συμ-

305 1923 470 1990 φέρον
492 1921 986 1988 προδλεττομένου,ι
1031 1923 1100 1973 Σὺ
1119 1923 1196 1983 δὲ,
1221 1924 1481 1974 ὀσιώτατε
1504 1923 1597 1975 καὶ
1626 1924 1870 1989 φίλτατε,

304 2011 524 2066 ἀκούειν
575 2011 755 2079 λέγεις
813 2010 1043 2076 πολλῶν,
1092 2013 1303 2075 πολλοῖς
1349 2015 1738 2082 ἐπιχειρήμασι
1801 2013 1875 2082 μὴ

307 2107 570 2158 Θελόντων
627 2103 806 2168 τοῦτο,
837 2104 968 2174 μηδὲ
1017 2104 1344 2174 δεχομένων.
1377 2107 1539 2159 ὋΟεν
1589 2107 1678 2159 καί
1724 2123 1874 2167 τινας

306 2202 488 2254 αὐτῶν
517 2202 608 2252 τὸν
658 2203 830 2270 μέγαν
877 2202 1301 2271 ὲξαιτιωμένους
1354 2204 1445 2254 ἐπὶ
1489 2202 1663 2270 τούτῳ
1717 2199 1876 2271 Q156-

306 2296 470 2358 λειον,
526 2295 727 2363 λέγειν,
769 2295 844 2356 ὡς
885 2298 948 2361 ἐκ
995 2295 1087 2346 τοῦ
1130 2297 1473 2363 παρήκοντος
1526 2293 1677 2347 εἶπεν
1709 2294 1874 2353 οὕτω,

311 2388 402 2438 καὶ
431 2386 500 2438 δι’
529 2386 796 2452 ὠφέλειαν
827 2387 933 2438 τῶν
961 2388 1079 2438 τότε
1115 2388 1323 2438 ἐκείνου
1359 2387 1682 2438 ἀκουόντων.
1723 2380 1877 2437 Εἶναι

313 2479 411 2545 μὲν
441 2477 666 2538 πολλοὺς
701 2477 827 2538 τοὺς
853 2477 1022 2528 ταῦτα
1054 2477 1306 2543 λέγοντας
1354 2478 1505 2529 οὐδὲν
1543 2478 1876 2544 Θαυμαστόν.

310 2570 393 2621 Τὰ
445 2570 550 2638 γὰρ
585 2569 703 2620 Θεῖα
757 2569 850 2620 καλ⁸
901 2568 1078 2636 ὑψηλὰ
1120 2573 1214 2621 καὶ
1272 2568 1586 2637 φιλοσοφίας
1639 2569 1881 2638 γέμοντα

312 2664 437 2724 τοὺς
473 2661 700 2722 πολλοὺς
747 2659 1126 2729 διαπέφευγεν.
1191 2659 1326 2712 υοεν
1385 2661 1506 2712 οὐδὲ
1562 2661 1666 2729 χρὴ
1711 2663 1883 2711 πίεῑ-

317 2756 437 2808 σθαι
468 2757 598 2825 πρὸς
629 2757 866 2818 ἐκείνους
893 2757 1050 2823 λόγον
1076 2755 1282 2808 οὐδένα.
1313 2758 1375 2807 Σὲ
1401 2756 1453 2808 δὲ
1481 2755 1694 2818 εὐνοίας
1718 2756 1883 2806 ἕνεκα

314 2852 392 2917 τῷ
432 2850 650 2917 μεγάλῳ
705 2850 1041 2918 συνιστώμεν
1091 2851 1284 2915 "arpi,
1338 2851 1433 2901 καὶ
1478 2849 1552 2916 τῷ
1602 2849 1697 2917 τὴν
1735 2849 1884 2916 ἱεράν

319 2943 529 2994 ἐκείνου
575 2942 755 3010 ψυχὴν
790 2943 1088 3007 φωτίσαντι
1127 2941 1424 3011 ῐινεύματι.
1465 2942 1644 2992 Ἔστω
1691 2939 1767 3002 δὲ,
1812 2939 1887 2999 ὼς

318 3036 468 3088 αὐτοί
496 3051 678 3101 φασιν,
717 3037 778 3086 ὲκ
813 3033 906 3085 τοῦ
944 3037 1282 3100 παρήκοντος
1312 3033 1581 3098 θεολογεῖν
1623 3049 1742 3083 τινα
1777 3030 1886 3080 τῶν

1973 574 2154 620 ctatus
2201 565 2404 630 fueras,
2442 566 2535 620 sed
2575 577 2831 621 consueta
2867 567 3226 638 familiarique
3252 570 3547 634 scriptione

1972 660 2377 714 benevolentiae
2437 661 2675 714 debitum
2737 659 3122 728 persolvendo,
3181 660 3278 714 tibi
3333 661 3548 714 satisfa-

1974 769 2117 808 cere.
2157 752 2362 806 Eteuim
2395 763 2758 821 opportunum
2810 761 3020 819 tempus
3067 758 3122 803 et
3169 738 3371 804 nostris
3420 768 3549 805 eon-

1975 864 2188 902 cessum
2228 848 2570 901 sermonibus
2613 847 2889 916 przeteriit,
2943 848 3052 900 imo
3097 847 3272 914 potius
3309 847 3550 910 cujusvis

1976 942 2102 996 boni
2144 940 2361 994 occasio
2400 957 2414 993 :
2446 939 2574 1007 quin
2604 947 2905 992 extremam
2942 939 3116 1009 gentis
3152 937 3547 990 deformitatmn

1978 1034 2033 1087 in
2079 1034 2224 1086 onmi
2259 1034 2474 1101 negotio
2497 1031 2845 1085 considentes
2877 1031 2929 1083 in
2957 1029 3154 1098 angulo
3179 1029 3362 1097 lugere
3394 1029 3552 1081 tacite

1977 1125 2174 1180 alicubi
2207 1105 2458 1193 praestat,
2495 1131 2547 1176 et
2608 1123 2981 1175 avocationem
3024 1120 3091 1174 ab
3135 1119 3404 1187 ejusmodi
3443 1119 3551 1170 vita

1977 1230 2290 1285 exposcere,
2336 1213 2556 1282 quando
2585 1211 2794 1266 Numen
2829 1213 3043 1266 annuit.
3073 1213 3174 1266 Sed
3211 1213 3510 1265 reverentia
3539 1248 3554 1269 ,

1977 1321 2079 1374 qua
2135 1307 2393 1359 B.:silimn
2450 1306 2698 1374 Magnum
2749 1320 3072 1373 prosequor,
3110 1303 3174 1356 ad
3217 1302 3556 1371 responden-

1978 1397 2106 1450 dum
2143 1399 2342 1467 coegit.
2373 1396 2639 1462 Quocirca
2676 1395 2904 1466 gratiam
2943 1397 3017 1448 illi
3047 1396 3243 1450 habere
3273 1406 3423 1464 potes
3452 1394 3555 1447 htt-

1974 1489 2063 1559 jus
2099 1490 2387 1557 Apologire,
2425 1503 2528 1541 non
2561 1491 2738 1541 autem
2779 1488 2957 1540 nobis.

2053 1579 2344 1632 Enimvero
2393 1595 2627 1647 magnus
2681 1581 2933 1634 Ecclesiae
2981 1581 3171 1632 doctor
3206 1579 3280 1631 ait
3309 1578 3504 1632 alicubi
3542 1595 3555 1630 :

1988 1692 2007 1722 ‹
2049 1671 2246 1725 Mortes
2299 1683 2476 1724 autem
2530 1673 2901 1736 inducuntur,
2959 1671 3209 1725 terminis
3245 1670 3366 1722 vitze
3402 1671 3564 1723 abso-

1981 1763 2127 1824 lutis,
2161 1776 2296 1829 quos
2328 1762 2468 1814 circa
2498 1778 2941 1831 unumquemque
2974 1763 3088 1815 fixit
3117 1763 3318 1830 justum
3359 1761 3446 1812 [lci
3478 1761 3564 1827 ju-

1977 1855 2197 1918 dicium,
2227 1855 2432 1908 eminus.
2461 1855 2604 1922 quod
2660 1856 2814 1909 nobis
2843 1856 3096 1908 eonducit
3127 1854 3558 1925 prospicientis.»

1978 1942 2055 1995 Tu
2089 1959 2238 2009 vero,
2269 1946 2610 1998 sanctissime
2646 1955 2698 1997 et
2731 1946 3083 2007 amicissime,
3129 1947 3319 1998 audire
3366 1947 3566 1997 multos

1979 2036 2139 2100 dicis,
2185 2037 2274 2103 qui
2317 2037 2562 2104 pluribus
2591 2039 2690 2089 hoc
2733 2039 3069 2105 argumentis
3105 2038 3436 2106 improbant,
3476 2053 3561 2088 re-

1982 2127 2156 2181 futant
2188 2143 2249 2180 ac
2284 2129 2565 2195 repudiarit
2602 2145 2614 2180 :
2646 2128 2775 2195 quin
2817 2131 2978 2181 etiam
3012 2144 3200 2181 eorum
3271 2128 3565 2180 nonnullos

1982 2220 2061 2274 ais
2094 2220 2161 2273 de
2207 2218 2406 2273 Basilio
2438 2235 2632 2287 magno
2663 2220 2730 2272 ob
2765 2219 2813 2272 id
2863 2221 3299 2288 expostulantes,
3336 2235 3568 2286 querun-

1986 2323 2186 2382 tesque“
2217 2312 2396 2366 dicere
2427 2313 2603 2377 illum,
2642 2312 2794 2380 quasi
2828 2313 2970 2365 aliud
3010 2314 3237 2382 agendo,
3271 2323 3320 2365 et
3351 2322 3568 2379 propter

1982 2407 2409 2459 emolumentum
2439 2422 2626 2458 cormn
2661 2407 2752 2472 qui
2790 2416 2918 2458 tunc
2945 2407 3120 2473 ipsum
3147 2405 3460 2465 audiebant,
3495 2403 3568 2455 ita

1984 2501 2084 2553 hoc
2109 2499 2438 2552 enuntiasse.
2473 2497 2624 2561 Quod
2657 2498 2807 2549 multi
2840 2498 2948 2550 sint
2975 2498 3063 2566 qui
3112 2498 3226 2550 haec
3266 2496 3570 2565 proferunt,

1984 2590 2118 2643 nihil
2148 2589 2342 2641 mirum
2380 2595 2458 2641 est
2493 2607 2506 2642 :
2543 2581 2666 2640 nam
2708 2572 2888 2639 divina
2919 2596 2970 2638 et
3005 2589 3258 2640 sublimia
3291 2597 3344 2640 et
3399 2587 3575 2654 philo-

1988 2681 2230 2747 sophicis
2304 2679 2610 2733 rationibus
2679 2679 2948 2731 euuiulata
3021 2680 3259 2747 plebeios
3331 2678 3571 2747 fugiunt.

1995 2774 2175 2837 Quare
2205 2786 2270 2824 ne
2315 2771 2476 2822 verba
2523 2750 2740 2836 quid‘em
2778 2771 2885 2822 ulla
2920 2786 3040 2822 cum
3090 2772 3154 2823 iis
3190 2771 3572 2822 commutamla

1990 2872 2136 2917 sunt.
2165 2862 2238 2914 Te
2280 2877 2410 2914 vero
2462 2863 2849 2915 lienevolcutize
2885 2877 3047 2914 causa
3088 2877 3283 2928 magno
3317 2861 3577 2912 concilia-

1992 2969 2113 3005 mus
2147 2953 2311 3016 Patri,
2340 2963 2392 3005 et
2427 2954 2520 3020 qui
2552 2967 2765 3006 saeram
2794 2953 2940 3004 illius
2969 2949 3206 3003 animam
3255 2951 3569 3010 illmtravit,

1996 3046 2243 3113 Spiritui.
2287 3045 2413 3096 Esto
2448 3061 2597 3106 sane,
2634 3056 2688 3097 ιιι
2719 3045 2805 3098 isti
2846 3046 3052 3106 dicunt,
3090 3045 3326 3110 aliquem
3366 3058 3394 3096 e
3432 3041 3576 3094 veris

316 3130 533 3198 ἀληθῶν
570 3127 858 3194 Θεολόγων,
885 3125 1020 3178 ἀλλὰ
1045 3124 1216 3193 ψευδῆ
1248 3124 1516 3190 Θεολογεῖν
1545 3123 1643 3192 οὐχ
1669 3117 1779 3173 οἷόν
1810 3137 1889 3181 τε,

1997 3147 2044 3190 et
2078 3146 2225 3189 tanto
2261 3137 2475 3188 nomine
2507 3135 2686 3201 dignis
2715 3136 2983 3200 theologis
3027 3134 3091 3186 de
3154 3134 3260 3186 [leo
3312 3141 3364 3186 et
3415 3134 3576 3185 rebus

318 3221 441 3276 οὔτε
477 3219 776 3290 προῦργου,
798 3217 910 3270 οὒτ’
935 3219 994 3269 ἐκ
1015 3216 1110 3269 τοῦ
1145 3217 1485 3285 παρήκοντος
1510 3213 1889 3280 Οεολογοῦντα.

322 3316 557 3383 Ἔμελλε
608 3314 664 3366 δὲ
705 3316 767 3366 ἐκ
816 3311 907 3365 τοῦ
960 3288 1302 3380 παρήκοκῆος
1353 3308 1622 3373 θεολογεῖν
1672 3322 1803 3356 ποτε
1866 3305 1893 3353 ὁ

321 3406 502 3474 πάσης
541 3405 812 3474 προσοχῆς
871 3403 964 3456 καὶ
1009 3400 1294 3470 ἀκριϐείας
1345 3397 1544 3457 κανὼν,
1598 3395 1693 3447 καὶ
1722 3393 1893 3446 ταῦτα

323 3500 453 3566 περὶ
503 3498 764 3565 μεγίστου
810 3496 1100 3564 δόγματος,
1146 3494 1240 3544 καὶ
1295 3493 1374 3552 είς
1423 3489 1482 3540 τὸ
1513 3487 1766 3556 δεύτερον
1798 3487 1894 3553 τῆς

325 3591 563 3651 πίστεως
621 3590 916 3655 ἀνήκοντος
965 3586 1187 3654 ἄρθρον,
1225 3585 1319 3636 καὶ
1373 3582 1440 3635 δι’
1475 3580 1742 3649 ὠφέλειαν
1787 3579 1896 3630 τῶν

324 3678 632 3735 ἀκουόντων
667 3677 858 3745 ἔμελλε
893 3675 1063 3744 ψευδῆ
1119 3673 1432 3741 προτῶέναι
1467 3672 1557 3740 δόγ
1571 3686 1752 3740 ματα;
1801 3669 1896 3722 καὶ

327 3773 564 3838 ὠφέλεια
612 3770 720 3823 τῶν
748 3769 1052 3821 ἀκουόντων
1091 3766 1157 3818 ἂν
1193 3761 1283 3835 ἦν,
1316 3765 1402 3817 ἵνα
1440 3766 1567 3833 περὶ
1590 3764 1649 3815 τὸ
1682 3761 1813 3832 ἦθός
1844 3777 1897 3814 τι

332 3864 568 3934 βελτίους
596 3863 888 3929 γινόμενοι,
922 3858 1290 3928 ψευδοδοξῶσι.
1331 3859 1459 3927 περὶ
1491 3855 1626 3908 Θεοῦ
1659 3855 1754 3906 καὶ
1789 3856 1897 3906 τῶν

329 3956 529 4017 οείων;
577 3955 670 4005 καὶ
723 3952 944 4019 ὠφελῶν
993 3950 1184 4010 ἄλλως
1228 3952 1284 4001 ὲν
1339 3949 1578 4016 μικροῖς,
1633 3947 1898 3999 ἔϐλαπτεν

331 4051 520 4101 ἑαυτὸν
551 4051 606 4098 ἐν
630 4048 744 4107 τοῖς
774 4045 1049 4113 μεγίστοις
1079 4041 1219 4094 ἑκὼν
1260 4041 1390 4110 περὶ
1431 4040 1540 4092 τῶν
1574 4040 1734 4092 θείων
1764 4038 1901 4108 ψευ-

331 4140 575 4208 δόμενος,
614 4140 705 4190 καὶ
735 4135 905 4188 ταῦτα
938 4135 1072 4202 μηδὲ
1104 4134 1241 4202 προς
1268 4132 1440 4202 δῆμον
1473 4132 1565 4184 τὸν
1599 4131 1755 4200 λόγον
1783 4147 1902 4182 ποι-

327 4225 583 4301 οὐμενος,
617 4231 731 4283 ἀλλ’
765 4230 868 4299 ἰδίᾳ
898 4229 1010 4281 τισὶ
1043 4227 1496 4296 πεπαιδευμένοις
1530 4243 1586 4277 τε
1629 4226 1726 4277 καὶ
1758 4241 1901 4294 παρα

335 4325 650 4378 ακολουθεῖν
683 4323 1023 4390 δυναμένοις,
1058 4323 1151 4372 καί⁵
1207 4319 1312 4389 μὴν
1370 4319 1534 4371 παντὶ
1585 4315 1902 4392 συλλογιζο-

338 4420 504 4487 μένῳ,
538 4417 602 4488 εἰ⁸
623 4417 718 4468 καὶ
746 4415 946 4476 σκοπός
979 4416 1095 4466 ἐστι
1125 4411 1188 4465 τὸ
1234 4411 1628 4480 συμπέρασμα.
1658 4409 1774 4462 ἀλλ’
1803 4409 1903 4460 οὐκ

334 4511 399 4560 ἐκ
423 4508 519 4560 τοῦ
549 4505 894 4574 παρήκοντος
921 4505 976 4556 αἱ
1007 4503 1300 4572 προτάσεις
1339 4498 1727 4568 λαμϐάνονται.
1762 4498 1904 4566 Πρὸς

333 4600 389 4652 δὲ
418 4599 510 4651 τὸν
558 4598 740 4664 λόγον,
784 4597 880 4648 καὶ
930 4595 1030 4663 τὴν
1073 4593 1195 4644 κατ’
1225 4590 1388 4643 αὐτὸν
1435 4588 1691 4658 ἀλήθειαν
1721 4589 1906 4650 ἁπλῶς

334 4691 600 4761 δηλονότι,
629 4689 790 4743 αὗται
822 4689 917 4742 καὶ
948 4687 1147 4756 μᾶλλον
1175 4685 1280 4736 εἱσι
1338 4682 1639 4752 προῦργου,
1672 4681 1745 4743 ὡς
1777 4683 1906 4734 ἄνευ

336 4784 516 4838 αὐτῶν
553 4783 815 4836 ἀδύνατον
864 4777 1279 4847 συμπεραίνειν.
1328 4774 1384 4828 Ὀ
1419 4773 1475 4826 δὲ
1519 4777 1614 4842 τῆς
1654 4773 1908 4842 ἀληθείας

337 4877 658 4936 διδάσκαλος
683 4875 746 4925 ἐκ
771 4871 864 4924 τοῦ
892 4872 1235 4940 παρήκοντος
1269 4867 1563 4934 ποιήσεται
1588 4866 1681 4917 καὶ
1708 4866 1911 4934 παρέρ-

338 4985 450 5034 γως
485 4967 585 5035 τὴν
620 4968 683 5017 ἐκ
709 4962 816 5014 τῶν
858 4962 1018 5014 Οείων
1062 4959 1260 5026 λογίων
1291 4956 1567 5020 ἀπόδειξιν
1595 4973 1608 5020 ;
1655 4958 1702 5008 εἰ
1730 4957 1786 5008 δὲ
1820 4957 1913 5008 καὶ

338 5060 404 5110 ἐκ
450 5057 527 5126 μὴ
582 5054 820 5123 ἀληθῶν,
877 5051 936 5103 τὸ
978 5054 1162 5103 πεῖσαι
1213 5052 1374 5117 μόνον
1429 5049 1672 5110 σκοπῶν,
1706 5048 1786 5098 ἕτι
1815 5048 1912 5115 τῆς

339 5149 598 5216 ἀληθείας
642 5146 796 5197 ἔσται
847 5143 1185 5207 διδάσκαλος,
1218 5141 1248 5210 ἦ
1277 5142 1556 5207 σοφισταῖς
1590 5139 1910 5207 ἐναρίθμιος

342 5240 590 5309 pix/ev;
631 5237 694 5290 Et
748 5238 928 5288 τοίνυν
959 5236 1022 5285 ἐκ
1075 5234 1171 5300 τῆς
1205 5231 1458 5300 οὐρανίου
1513 5231 1916 5299 προδιατάξεως

343 5330 474 5399 περὶ
507 5329 606 5397 τῆς
658 5326 1000 5395 ἀνθρωπίνης
1033 5324 1171 5391 ζωῆς
1221 5339 1279 5373 τε
1315 5325 1405 5373 καὶ
1457 5321 1730 5388 τελευτῆς,
1767 5320 1906 5370 κατά

345 5440 403 5474 τε
439 5423 632 5490 χρόνον
665 5423 758 5472 καὶ
800 5419 1000 5489 τρόπον
1040 5420 1066 5467 ὁ
1101 5418 1273 5484 μέγας
1322 5416 1480 5486 ἣΟελε
1530 5414 1761 5476 πείῢειν,
1803 5415 1919 5483 μεθ’

347 5517 625 5583 ὑπομονῆς
661 5513 984 5583 εὲχαρίστου
1031 5513 1217 5579 φέρειν
1253 5510 1350 5579 τήν
1392 5509 1670 5576 τελευτὴν.
1720 5508 1920 5574 μᾶλλον

349 5610 400 5661 δὲ
450 5607 804 5672 ἀναγκάζειν,
847 5605 920 5664 ὡς
973 5604 1144 5663 ἄλλως
1194 5607 1483 5671 μέλλοντας
1540 5601 1919 5668 ἁσε6ήσειν,ἢ

352 5706 436 5752 τίον
471 5701 614 5750 Οείον
641 5697 972 5765 ἀγνοοῦντας
1019 5696 1378 5765 προορισμον,
1411 5695 1442 5764 ἦ
1483 5695 1687 5754 εἰδότας
1726 5695 1818 5746 καὶ
1860 5693 1920 5744 οὐ

352 5793 737 5855 ςρρςνῖξςήνῖχς
773 5792 832 5841 ἐκ
891 5788 1184 5856 (magna;
1237 5790 1440 5843 ἑαυτῶν
1480 5805 1532 5838 τε
1572 5788 1665 5839 καὶ
1706 5790 1810 5840 τὼν
1841 5786 1921 5837 οἱ-

1999 3228 2218 3292 tiivinis,
2255 3243 2376 3279 euut
2409 3229 2622 3280 licentia
2650 3228 2842 3290 supina
2875 3229 3160 3281 disserere.
3192 3226 3386 3280 Verum
3425 3225 3578 3277 nefas

1997 3329 2079 3372 est
2120 3319 2185 3372 de
2245 3319 2352 3371 Deo
2397 3319 2555 3370 verba
2607 3318 2938 3380 l‘ac’eutem,
2995 3317 3126 3371 falsa
3177 3319 3226 3370 in
3275 3317 3578 3384 theologica

1998 3422 2249 3460 sermone
2281 3407 2589 3468 enuntiare,
2621 3408 2734 3460 sive
2771 3406 2820 3457 id
2855 3423 2884 3459 e
2914 3423 2968 3459 re
2995 3417 3046 3460 et
3069 3423 3130 3459 ex
3166 3407 3428 3471 professo,
3465 3409 3579 3458 sive

1999 3498 2226 3553 remisse
2265 3498 2477 3568 sibique
2530 3498 2862 3567 indulgendo
2893 3507 3034 3566 agat.
3068 3499 3146 3550 An
3184 3514 3311 3553 vero
3339 3500 3579 3551 futurum

1999 3603 2133 3654 erat,
2170 3601 2226 3644 ut
2253 3592 2342 3659 qui
2387 3592 2568 3645 omnis
2614 3591 2931 3645 attentionis
2963 3599 3018 3644 et
3053 3599 3254 3643 exacte
3289 3591 3584 3660 diligentia:

2001 3684 2184 3752 regula
2221 3691 2338 3750 est,
2375 3685 2439 3738 de
2477 3684 2584 3736 Deo
2617 3699 2856 3751 unquam
2910 3684 3233 3737 dissertaret
3284 3697 3478 3752 praeter
3531 3683 3580 3736 id

2000 3779 2142 3848 quod
2185 3793 2281 3846 par
2311 3786 2391 3831 est
2425 3795 2439 3833 :
2473 3778 2636 3846 idque
2689 3777 2756 3830 de
2793 3778 2972 3845 magni
3013 3778 3272 3830 momenti
3324 3780 3581 3838 decreto,

2000 3879 2054 3925 et
2088 3872 2231 3938 quod
2265 3870 2329 3921 ad
2359 3871 2658 3922 secundum
2698 3869 2819 3921 lidei
2857 3869 3146 3922 articulum
3196 3867 3432 3921 refertur
3476 3884 3489 3920 :
3524 3883 3586 3922 ac

2003 3973 2222 4032 prepter
2273 3961 2614 4014 audientium
2663 3961 3009 4013 commodum
3055 3961 3190 4012 scita
3226 3959 3357 4011 falsa
3393 3974 3586 4026 propo-

2002 4053 2193 4113 neret?
2217 4069 2282 4106 au
2317 4053 2478 4105 etiam
2508 4052 2937 4103 emolumentum
2972 4049 3109 4101 forttt
3133 4049 3582 4110 auscultantium,

2003 4155 2060 4200 ut
2102 4160 2225 4199 cum
2247 4143 2454 4196 ratione
2490 4157 2696 4194 morum
2726 4141 3039 4208 ingeniique
3077 4140 3324 4194 meliores
3356 4140 3547 4192 tierent
3571 4180 3584 4201 ,

2005 4238 2141 4292 falsa
2172 4237 2237 4290 de
2269 4238 2374 4289 Deo
2416 4250 2479 4287 ac.
2543 4233 2702 4288 rebus
2744 4231 2943 4287 divinis
2977 4231 3368 4300 opinarentur?
3397 4242 3449 4284 et.
3489 4234 3587 4285 do-

2005 4337 2149 4392 ctor,
2186 4327 2320 4380 alios
2348 4325 2400 4378 in
2433 4323 2645 4393 exiguis
2670 4321 2933 4389 iuvando,
2973 4323 3214 4391 seipsum
3249 4321 3304 4374 in
3338 4322 3589 4374 maximis

2009 4421 2153 4474 ultro
2188 4417 2426 4477 Ia‘deret,
2460 4415 2525 4468 de
2551 4412 2756 4467 divinis
2806 4412 3164 4466 mentiendo?
3195 4427 3314 4464 cum
3364 4426 3590 4479 prmser-
3653 4436 3661 4444 -

2011 4511 2109 4562 tim
2163 4509 2228 4560 ad
2283 4505 2544 4575 populum
2575 4507 2740 4559 verba
2803 4519 2910 4558 non
2961 4502 3301 4566 faceret,sed
3338 4501 3589 4571 privatim

2011 4599 2152 4668 apud
2175 4600 2420 4652 eruditos
2441 4597 2722 4666 quosdam,
2743 4605 2796 4650 et
2817 4611 2908 4650 eos
2933 4595 3022 4664 qui
3048 4594 3303 4662 Slletfqul
3337 4603 3592 4662 possent:

2011 4707 2074 4746 ac
2109 4688 2356 4759 profecto
2389 4690 2536 4741 oruni
2571 4697 3013 4758 argumentorum
3055 4686 3357 4739 rationibus
3390 4685 3558 4737 utcnti
3581 4724 3597 4745 ,

2013 4782 2266 4848 quamvis
2301 4793 2499 4847 scopus
2531 4779 2601 4831 sit
2626 4777 2930 4842 conclusio,
2963 4791 3070 4829 non
3105 4776 3310 4829 idcirco
3348 4775 3599 4843 proposio

2014 4872 2191 4924 tiones
2232 4869 2606 4940 perluuctorie
2637 4875 2692 4921 et
2725 4867 3008 4936 neglectim
3039 4875 3327 4919 sumuntur
3363 4885 3376 4919 :
3415 4866 3504 4919 sed
3534 4864 3600 4916 azl

2015 4963 2282 5014 rationem
2339 4969 2393 5014 et
2428 4960 2706 5012 veritatem
2739 4974 2858 5027 qua:
2905 4957 3202 5012 secundum
3253 4958 3422 5023 ipsam
3478 4962 3603 5023 est,

2019 5053 2243 5105 Omnino
2275 5051 2615 5120 sumptiones
2645 5051 2723 5103 ha:
2755 5049 2966 5103 scilicet
3002 5049 3172 5116 magis
3211 5063 3239 5099 e
3281 5063 3336 5099 re
3383 5056 3512 5099 sunt
3549 5047 3604 5097 et

2021 5143 2334 5206 conferunt,
2361 5145 2579 5210 quando
2616 5142 2732 5193 sine
2759 5141 2886 5208 ipsis
2921 5137 3254 5206 impossibile
3275 5146 3356 5188 est
3381 5133 3601 5187 cenelu-

2020 5236 2170 5288 dere.
2207 5235 2272 5286 At
2306 5233 2554 5286 veritatis
2579 5234 2806 5285 antistes
2836 5230 3106 5284 faceretne
3139 5227 3377 5294 segniter
3408 5239 3468 5276 ac
3511 5238 3601 5274 su-

2022 5342 2358 5396 pervacanee
2384 5341 2412 5378 e
2439 5326 2640 5378 divinis
2665 5324 2902 5378 oraculis
2929 5323 3228 5375 institutam
3266 5318 3603 5368 demonstra-

2026 5419 2265 5472 tionem?
2303 5419 2448 5488 quod
2510 5417 2555 5470 si
2611 5417 2774 5469 etiam
2829 5431 2890 5466 ex
2946 5428 3049 5465 non
3104 5411 3268 5472 veris,
3324 5409 3373 5458 id
3425 5407 3596 5459 solum

2029 5525 2306 5580 spe-laus,
2337 5521 2392 5562 ut
2422 5511 2767 5578 persuadeat,
2804 5507 3005 5557 sier-ine
3035 5502 3209 5554 adhuc
3241 5501 3485 5552 veritatis
3511 5503 3604 5549 do-

2027 5614 2144 5656 ctor
2165 5603 2287 5669 erit,
2321 5619 2386 5655 au
2424 5603 2599 5672 potius
2637 5603 2686 5653 in
2712 5598 3075 5665 sophistarum
3103 5596 3281 5647 album
3311 5591 3608 5645 refutetur?

2030 5696 2295 5760 Quocirca
2325 5695 2422 5746 sia
2458 5692 2668 5746 C(Plcsli
2698 5687 3199 5758 prmeonslitutioue
3226 5684 3290 5738 de
3324 5685 3602 5737 hominum

2035 5789 2136 5842 vita
2164 5797 2215 5841 et
2249 5787 2422 5851 obitu,
2459 5785 2610 5851 juxta
2637 5793 2848 5850 tempus
2880 5791 2931 5837 et
2964 5783 3207 5845 modum,
3245 5793 3472 5847 magnus
3516 5781 3597 5830 vir
