3904 6134
339 290 447 358 5ιό

1382 282 1767 346 GENNADII
1811 281 1929 348 ΕΡ.
1959 277 2478 343 ΡᾹΤΒῙΛΒΟΗιΕ

3502 269 3613 333 θίά

343 402 580 460 suadere
614 398 808 467 voluit,
845 413 970 455 cum
1001 396 1260 470 patientia
1306 408 1574 468 gratoque
1619 397 1803 453 animo
1845 395 1922 452 le-

2035 390 2194 446 κείων
2236 389 2465 459 ἀλόγου⁶
2514 388 2617 443 οὐκ
2667 381 2736 458 ἦν
2785 385 2936 454 αύτῷ
2983 385 3218 457 μάλιστα
3269 383 3548 455 προύργου
3578 384 3613 437 ὀ

343 496 570 551 rendam
608 507 729 551 esse
772 499 1026 557 mortem,
1070 492 1182 551 imo
1205 490 1370 546 etiam
1406 504 1600 561 cogere
1636 503 1924 562 aggressus

344 593 431 639 est
468 598 562 639 eos
602 583 697 653 qui
738 583 896 638 aliter
929 582 1094 653 impie
1125 582 1301 647 acturi
1332 590 1536 645 essent,
1570 592 1662 636 aut
1690 580 1819 652 quia
1842 580 1926 635 di-

342 672 526 728 vinam
556 673 869 746 ignorarent
891 672 1430 743 prazdestiuationem
1470 686 1483 721 :
1528 669 1614 725 vel
1644 685 1767 725 eum
1803 684 1922 723 eam

344 774 771 836 cognoscerent,
800 765 919 836 ejus
952 774 1132 823 tamen
1166 779 1355 820 curam
1385 763 1653 818 haberent
1686 760 1921 826 nullam,

349 869 459 926 pra)
503 855 798 910 temeraria
847 853 931 909 sui
979 868 1319 924 suorumque
1374 853 1498 906 vita:
1556 850 1851 922 cupiditate
1908 868 1922 905 :

349 961 531 1001 nonne
567 960 748 1001 sermo
784 945 853 1000 de
907 944 1091 999 divina
1142 942 1596 1017 pratordinatioue
1640 952 1927 1011 susceptus

348 1036 586 1091 maxime
632 1034 1000 1090 conducibilis
1038 1033 1138 1102 ipsi
1190 1041 1348 1094 erat,
1390 1031 1482 1102 qui
1519 1047 1643 1087 cum
1695 1031 1928 1086 veritate

348 1126 579 1180 suadere
607 1125 863 1181 volebat?
889 1140 957 1180 an
997 1140 1105 1179 non
1138 1124 1301 1181 etiam
1336 1124 1697 1187 discentibus,
1722 1123 1765 1177 si
1803 1122 1925 1193 qui—
1964 1198 1969 1201 ‘

348 1217 471 1272 dem
501 1217 880 1288 obtemperare
913 1219 1259 1282 statuissent,
1302 1216 1650 1271 utilissimum
1694 1216 1884 1270 luisset
1908 1254 1923 1281 ,

348 1322 469 1363 eum
496 1307 565 1364 ob
600 1308 651 1362 id
690 1309 925 1363 maxime
949 1308 1411 1375 persuaderentur
1430 1308 1452 1360 ?
1472 1304 1739 1372 Quocirca
1770 1303 1928 1376 plane

350 1401 591 1471 ineptum
630 1411 713 1456 est
757 1402 831 1455 ita
868 1405 1215 1472 expostulare
1250 1399 1319 1455 de
1364 1416 1428 1455 eo
1464 1400 1552 1469 qui
1589 1399 1737 1454 omni
1770 1400 1925 1467 cuipa

347 1483 758 1548 vacaL'Verum
792 1493 1115 1563 prudentius
1162 1500 1646 1563 conthcrercnlur.
1694 1489 1736 1545 Si
1783 1489 1928 1544 dicc-

350 1597 470 1640 rent
516 1602 530 1641 :
565 1584 681 1640 Non
713 1593 771 1641 ut
806 1586 1021 1652 doctus,
1056 1586 1271 1655 sapiens
1311 1585 1373 1638 ac
1427 1584 1668 1649 divinus,
1722 1582 1816 1636 sed
1869 1590 1927 1634 ttt

350 1675 513 1733 homo
544 1676 647 1732 hac
685 1677 737 1730 in
766 1686 921 1745 parte
953 1677 1218 1733 duntaxat
1258 1674 1548 1745 ignoravit,
1598 1686 1698 1727 nec
1750 1672 1926 1741 potuit

2027 481 2287 553 περὶτῆς
2343 481 2494 551 Θείας
2546 478 2951 550 προδιατάξεως
2997 478 3178 545 λόγος,
3205 475 3284 545 τῷ
3336 477 3476 546 μετὰ
3505 476 3609 546 τῆς

2026 577 2291 646 ἀληθείας
2320 577 2532 631 πείθειν
2558 574 2818 639 ἐθέλοντι,
2851 574 2885 644 ἦ
2935 572 3057 641 οὐχὶ
3083 572 3180 626 καὶ
3208 573 3321 636 τοῖς
3354 571 3607 625 διδασκο·

2031 671 2213 743 μένοις
2248 671 2406 740 εἴπερ
2461 667 2758 739 ἠβούλοντο
2789 664 3097 730 πείθεσθαι,
3141 663 3607 734 προύργιαίτατον

2028 762 2094 816 ἂν
2124 758 2216 831 ἦν,
2241 762 2313 825 ὡς
2341 760 2430 815 διὰ
2455 759 2614 812 τοῦτο
2640 758 2876 829 μάλιστα
2902 755 3270 835 πειθομένοις,
3289 753 3431 808 ὥστε
3463 754 3605 807 πάνυ

2026 854 2245 924 χυδαῖον
2292 853 2468 915 οὕτως
2513 848 2859 916 ἑξαιτιᾶσθαι
2892 848 2986 902 τὸν
3033 845 3298 911 καθάπαξ
3342 846 3603 900 ἀναίτιον.

2041 945 2203 999 Ἀλλά
2254 942 2668 1014 φρονιμώτερον
2698 941 2764 995 ἂν
2795 939 3090 1013 ἐξῃτιῶντο
3136 938 3411 1006 λέγοντες,
3447 938 3527 998 ὼς
3555 940 3607 992 εί

2029 1038 2193 1107 σοφὸς
2228 1033 2295 1108 ἦν
2329 1038 2423 1089 καὶ
2453 1035 2617 1098 θεῖος,
2652 1032 2767 1086 ἀλλ’
2800 1032 2875 1094 ὡς
2919 1030 3208 1101 ἄνθρωπος
3239 1030 3511 1099 ὴγνὸησεν
3546 1031 3609 1083 ἐν

2027 1132 2204 1201 τούτῳ
2232 1132 2307 1201 τῷ
2344 1130 2522 1200 μέρει,
2557 1130 2651 1182 καὶ
2685 1127 2784 1182 οὐκ
2816 1124 3057 1197 ἠδυνήθη
3099 1123 3279 1185 καλῶς
3319 1123 3420 1192 τῆς
3469 1122 3610 1192 ἀληο

2029 1224 2154 1285 θοῦς
2188 1226 2282 1277 καὶ
2339 1223 2513 1292 σοφῆς
2543 1220 2832 1285 ἐφικέσθαι
2861 1219 3086 1287 γνώμης
3136 1218 3230 1270 καὶ
3259 1216 3611 1287 διακρίσεως.

2040 1316 2180 1370 Ἀλλ’
2201 1317 2318 1369 οὐδὲ
2345 1314 2504 1368 τοῦτο
2535 1313 2695 1381 λύγον
2726 1312 2847 1382 ἔχον
2871 1311 3039 1364 ἐστίν.
3078 1308 3267 1379 Ἡμεῖς
3294 1308 3402 1376 γάρ
3428 1309 3613 1362 καίτοι

2028 1410 2119 1463 τὸν
2174 1407 2350 1477 μέγαν
2406 1406 2610 1467 εἰδότες
2641 1405 2702 1459 ού
2755 1402 2917 1473 σοφίᾳ
2974 1402 3136 1469 μόνον
3183 1400 3611 1471 παρεληλακύτα

2030 1502 2259 1565 πάντας,
2294 1499 2431 1552 άλλά
2485 1499 2580 1552 καὶ
2616 1499 2726 1561 τοῖς
2757 1500 2820 1550 ὲκ
2861 1496 2997 1549 Θεοῦ
3031 1496 3337 1564 φωτισμοῖς
3378 1494 3614 1563 διαπρὲ-

2027 1594 2223 1662 ψαντα,
2263 1593 2412 1660 ὅμως
2443 1591 2542 1645 οὐκ
2578 1570 2728 1659 αὐτῷ
2769 1588 3034 1657 τιθέμεθα
3079 1588 3281 1657 μᾶλλον
3311 1588 3343 1657 ἢ
3378 1586 3614 1641 ’Δθαια-

2033 1684 2155 1752 σίῳ,
2214 1684 2308 1736 καὶ
2358 1684 2395 1735 Γ
2402 1682 2642 1753 ρηγορίῳ
2676 1682 2753 1752 τῷ
2798 1681 3073 1749 Θεολόγῳ,
3105 1680 3202 1734 καὶ
3252 1679 3330 1749 τῷ
3387 1679 3614 1747 Νύσσης

349 1767 575 1835 pulchre
615 1782 801 1822 veram
833 1756 1159 1837 doctamque
1190 1767 1515 1822 sententiam
1546 1764 1920 1821 discernendi-

2035 1775 2199 1844 αὐτῷ,
2233 1775 2327 1829 καὶ
2370 1775 2748 1844 Δύγουστίνῳ,
2784 1767 2864 1837 οἷς
2896 1775 3063 1825 πᾶσιν
3107 1772 3135 1824 ὁ
3169 1771 3343 1841 μέγας
3372 1770 3615 1824 ἐνταῦθα

352 1876 459 1930 que
493 1861 600 1915 vim
654 1860 905 1930 adipisci.
940 1861 1103 1929 Atqui
1159 1876 1225 1916 ne
1274 1858 1417 1914 istud
1462 1858 1678 1928 quidem
1726 1855 1923 1911 rationi

348 1965 778 2007 consentaneum
812 1964 914 2008 est.
951 1952 1162 2008 Etenim
1198 1954 1410 2007 tametsi
1438 1952 1772 2021 exploratum
1808 1965 1923 2019 per-

326 2053 702 2116 apectumque
739 2045 1036 2119 habeamus
1084 2061 1340 2116 magnum
1384 2045 1642 2099 Basiliam
1681 2061 1788 2099 non
1825 2045 1924 2097 do-

345 2136 523 2191 ctrina
577 2146 788 2203 tautum
839 2139 960 2193 aliis
1015 2139 1311 2194 anteivisse
1360 2138 1648 2202 omnibus,
1722 2154 1915 2194 verum

345 2229 510 2283 etiam
561 2227 1061 2286 illuminationibus
1120 2245 1147 2284 a
1203 2231 1314 2285 Deo
1374 2231 1608 2300 acceptis
1656 2231 1922 2301 insignem

351 2319 670 2376 exstitisse:
731 2336 837 2374 non
880 2322 1004 2390 plus
1040 2331 1216 2375 tamen
1274 2322 1353 2376 illi
1397 2323 1707 2382 tribuimus.
1761 2338 1921 2391 quam

346 2411 666 2477 Athanasio,
709 2411 970 2479 Gregorio
1017 2413 1058 2466 Τ
1067 2412 1320 2482 heologo,
1362 2421 1416 2467 et
1466 2411 1715 2479 Nysscuo
1763 2425 1927 2481 atque

348 2502 675 2571 Augustino,
712 2504 913 2573 quibus
942 2504 1200 2559 omnibus
1239 2519 1470 2572 magnus
1515 2504 1601 2559 hic
1646 2505 1883 2558 concinit
1908 2544 1925 2568 ,

347 2602 401 2646 et
434 2592 490 2647 hi
526 2608 719 2648 omnes
744 2593 818 2647 illi
848 2595 1216 2649 consentiunt.
1253 2594 1357 2659 Qui
1385 2601 1563 2647 autem
1602 2594 1718 2647 lieri
1755 2602 1930 2662 potest

351 2693 413 2738 ut
441 2684 579 2743 tanti
610 2685 865 2739 doctores
919 2686 974 2738 in
1022 2685 1122 2739 hac
1171 2683 1475 2739 asSertiouc
1524 2684 1687 2739 simul
1740 2700 1926 2739 errore

350 2773 567 2828 abducti
603 2772 848 2828 fuerint?
883 2773 1038 2840 Quod
1086 2782 1267 2827 autem
1310 2773 1497 2827 ntultis
1547 2773 1599 2826 in
1649 2772 1782 2827 locis
1814 2772 1928 2826 lucc

350 2863 537 2919 eadem
564 2872 792 2932 asserat,
818 2875 871 2919 et
895 2880 1018 2919 rum
1050 2880 1115 2920 eu
1128 2880 1181 2917 ra
1208 2874 1259 2919 et
1283 2863 1709 2933 exaggeratione
1738 2862 1927 2926 multa,

348 2969 409 3014 ut
442 2956 487 3012 si
522 2959 620 3014 hac
648 2958 713 3013 de
746 2974 805 3013 re
830 2959 1127 3025 orationem
1166 2958 1231 3013 ad
1269 2959 1558 3013 utilitatem
1594 2956 1923 3026 susciperet,

351 3065 415 3107 ac
449 3051 688 3106 luturum
729 3062 875 3108 esset
905 3049 1086 3106 ttfuos
1112 3050 1360 3108 veritatis
1386 3050 1653 3105 sententia
1689 3048 1932 3119 juvaret,

2036 1870 2254 1940 συνᾴδει
2283 1868 2587 1931 Βασίλειος,
2614 1868 2711 1920 καὶ
2741 1860 2887 1920 οῦτοι
2924 1862 3123 1927 πάντες
3145 1863 3315 1933 αὐτῷ.
3351 1864 3459 1917 Καὶ
3490 1863 3614 1927 πῶς

2034 1956 2144 2013 οἷόν
2195 1979 2249 2014 τε
2304 1960 2659 2029 τηλικούτους
2694 1958 3049 2020 διδασκάλους
3093 1956 3232 2026 ὁμοῦ
3263 1957 3394 2027 περὶ
3449 1956 3617 2009 τοῦτο

2033 2050 2376 2119 πλανηθῆναι
2399 2051 2458 2102 τὸ
2482 2049 2650 2119 μέρος
2675 2067 2688 2115 ;
2714 2050 2794 2102 ὅτι
2817 2049 2872 2102 δὲ
2895 2048 3163 2117 πολλαχοῦ
3189 2047 3257 2100 τὰ
3280 2046 3418 2100 αὐτά
3440 2046 3616 2100 ταῦτά

2036 2157 2193 2208 φησι,
2219 2142 2313 2192 καὶ
2345 2141 2483 2207 μετά
2506 2139 2707 2207 πολλῆς
2730 2141 2827 2209 τῆς
2855 2137 3274 2206 ἐπεξεργασίας,
3304 2138 3378 2199 ὡς
3410 2136 3617 2207 προῦρ-

2035 2249 2132 2298 γου
2162 2234 2252 2285 τὶν
2280 2233 2411 2301 περὶ
2444 2232 2651 2285 τούτων
2679 2230 2836 2297 λόγον
2875 2230 3219 2299 ποιούμενος,
3255 2230 3349 2283 καὶ
3376 2228 3616 2297 ὠφελεῖν

2040 2323 2247 2391 μέλλων
2279 2325 2344 2391 τῇ
2383 2321 2508 2391 δόξῃ
2554 2320 2654 2389 τῆς
2701 2321 2961 2390 ἀληθείας
2993 2321 3119 2384 τοὺς
3174 2320 3617 2389 παρακολουθεῖν

2034 2415 2369 2485 δυναμένους
2396 2432 2409 2447 ’
2437 2417 2601 2470 ἄκουε
2625 2415 2678 2467 τί
2709 2431 2875 2485 φησιν
2898 2414 3156 2485 ἀλλαχοῦ,
3191 2415 3284 2467 καὶ
3306 2413 3620 2475 σπουδάσας

2037 2508 2313 2579 εὑρήσεις,
2347 2506 2421 2579 μὴ
2462 2507 2773 2577 αὐτόματόν
2808 2524 2928 2561 τινα
2961 2507 3127 2577 εἴπῃς
3177 2506 3467 2575 συντυχίαν
3502 2504 3618 2557 τῶν

2040 2600 2338 2669 γινομένων
2384 2598 2718 2669 ἀνθρώποις,
2761 2599 2839 2663 ὡς
2894 2600 3120 2669 μηδενὸς
3163 2599 3468 2669 προστάτου
3520 2597 3620 2649 τὸν

2037 2691 2241 2759 κόσμον
2270 2688 2710 2758 οἰκονομοῦντος,
2748 2690 2964 2759 πονηρά
3005 2689 3253 2758 δόγματα
3287 2688 3616 2757 ύποτιθέμευ

2039 2797 2128 2845 νος
2165 2782 2415 2850 σεαυτῷ,.
2440 2781 2842 2853 μηδὲοὲκπέσῃς
2872 2781 2978 2835 τῶν
3003 2782 3147 2851 ὅρων
3176 2782 3273 2851 τῆς
3304 2781 3614 2843 εὐσεϐείας.

2046 2892 2065 2927 ι
2090 2875 2149 2928 Ὀ
2179 2875 2286 2944 γάρ
2323 2875 2533 2937 πλάσας
2562 2876 2709 2945 ἡμᾶς
2742 2873 3116 2944 καὶψυχὼσας
3137 2874 3292 2939 Θεὸς,
3322 2873 3459 2928 ίδίαν
3488 2874 3623 2928 ἔδω-

2041 2982 2137 3019 κεν
2163 2966 2369 3035 ἑκάστῃ
2401 2964 2547 3035 ψυχῇ
2577 2964 2674 3034 τὴν
2707 2963 2800 3018 τοῦ
2837 2964 2952 3034 βίου
2980 2964 3282 3036 διαγωγὴν,
3311 2965 3406 3018 καὶ
3434 2964 3621 3027 ἄλλοις

2038 3054 2227 3116 ἄλλους
2260 3054 2420 3124 ὄρους
2477 3052 2647 3126 ἔπηξε
2687 3054 2784 3125 τῆς
2827 3053 3032 3118 ἐξόδου.
3083 3053 3188 3108 Τὸν
3221 3053 3326 3123 μὲν
3374 3055 3482 3123 γάρ
3528 3053 3622 3106 ἐπὶ

350 3140 443 3208 qui
491 3141 747 3211 subsequi
790 3157 855 3197 ac
905 3145 1185 3214 percipere
1218 3151 1440 3209 possent
1483 3159 1497 3196 :
1538 3141 1759 3197 attende
1804 3141 1927 3211 quid

2040 3146 2225 3199 πλεῖον
2258 3148 2573 3217 περιμεῖναι
2608 3149 2675 3219 τῇ
2716 3146 2991 3218 παρουσίᾳ
3036 3146 3139 3215 τῆς
3179 3145 3383 3216 σαρκὸς
3415 3145 3619 3217 ᾠκονό-

352 3231 460 3285 alio
485 3232 604 3287 loco
625 3233 806 3299 dicat;
852 3244 907 3293 et
950 3238 1050 3289 hac
1099 3234 1345 3291 studiosa
1376 3234 1669 3290 sedulitate
1702 3248 1928 3303 compe-

352 3323 483 3389 ries,
516 3323 935 3395 haudquaquam
961 3323 1240 3381 fortuitum
1269 3328 1559 3395 quemdam
1597 3341 1931 3382 concursum

353 3431 544 3471 eorum
590 3431 711 3487 quae
761 3417 1076 3473 hominibus
1126 3417 1261 3473 ﬁunt
1310 3418 1709 3473 enuntiandum
1752 3433 1921 3473 esse:

358 3520 616 3578 tanquam
672 3511 719 3567 si
768 3511 950 3566 nullus
995 3510 1307 3565 moderator
1369 3519 1424 3565 et
1477 3525 1733 3580 princeps
1780 3512 1927 3565 hunc

356 3599 622 3656 umndum
647 3611 879 3673 regeret,
900 3616 1096 3670 pravas
1128 3600 1225 3655 tibi
1255 3600 1542 3670 opiniones
1568 3602 1932 3671 suggerendo;

358 3692 618 3746 duntaxat
642 3707 672 3748 a
700 3692 962 3757 limitibus
993 3690 1207 3760 pietatis
1242 3691 1493 3747 excidere
1523 3707 1774 3747 caveasa
1798 3691 1933 3746 Nam

357 3782 450 3854 qui
491 3799 592 3838 nos
626 3783 782 3837 ﬁnxit
807 3794 859 3837 et
890 3782 1156 3837 animavit
1188 3781 1351 3847 Deus,
1388 3784 1672 3856 proprium
1708 3799 1932 3841 conces-

357 3881 429 3936 sit
458 3878 657 3951 cuique
681 3880 877 3935 anima:
900 3878 1159 3952 degenda:
1191 3878 1320 3943 vita:
1343 3888 1569 3945 statum,
1594 3890 1761 3951 atque
1799 3881 1935 3937 alios

358 3973 481 4028 aliis
515 3972 714 4029 limites
752 3973 931 4031 exitus
964 3973 1100 4028 lixit.
1142 3972 1355 4029 Etenim
1385 3972 1530 4029 hunc
1564 3974 1779 4042 quidem
1818 3974 1935 4045 plu~

355 4081 444 4124 res
483 4065 537 4121 in
571 4067 715 4125 mole
744 4067 993 4137 corporis
1026 4076 1081 4123 et
1103 4067 1223 4123 luce
1259 4081 1437 4123 moras
1474 4065 1652 4121 facere
1680 4064 1934 4123 Numinis

355 4159 690 4230 dispensatio
729 4162 920 4216 statuit
958 4176 974 4214 :
1005 4160 1157 4214 illum
1202 4173 1332 4214 vero
1357 4159 1521 4214 citius
1550 4158 1781 4214 vinculis
1812 4174 1935 4214 cor-

362 4253 544 4322 poreis
597 4252 732 4308 solvi
762 4251 1065 4317 constituit,
1103 4252 1260 4320 juxta
1294 4250 1679 4306 inenarrabilis
1720 4233 1935 4321 sapien-

252 4402 264 4414 ,
353 4347 443 4402 tiae
468 4360 533 4401 ac
569 4345 793 4416 iustitiae
825 4361 935 4401 suae
970 4345 1229 4400 rationes.
1266 4344 1733 4411 Quemadmodum
1764 4345 1931 4403 exiis

2044 3255 2183 3308 μησε
2206 3254 2219 3268 ο
2255 3239 2349 3292 τὸν
2377 3239 2433 3291 δὲ
2484 3229 2701 3292 θάττων
2734 3237 3074 3308 ἀπολυθῆναι
3119 3239 3231 3292 τῶν
3273 3238 3489 3308 δεσμῶν
3518 3238 3618 3293 τοῦ

2041 3330 2294 3401 σώματος
2321 3332 2624 3399 διετάξατο,
2672 3333 2812 3387 κατὰ
2840 3333 2967 3398 τοὺς
2996 3334 3097 3403 τῆς
3136 3336 3381 3407 ἀρρήτου
3424 3336 3621 3405 σοφίας

2040 3423 2236 3475 ἑαυτοῦ
2267 3424 2363 3477 κα)⁸
2392 3423 2739 3495 δικαιοσύνης
2782 3426 2996 3495 λόγους.
3036 3426 3250 3498 Ὠσπερ
3293 3423 3386 3481 οῦν
3414 3428 3466 3481 oi
3499 3431 3618 3491 ταῖς

2039 3515 2287 3585 εἱρκταῖς
2314 3516 2705 3586 ἐμπίπτοντες,
2740 3518 2793 3570 οἱ
2827 3518 2926 3586 μὲν
2953 3517 3047 3573 ἐπὶ
3074 3519 3312 3581 πλείονα⁴
3331 3519 3525 3590 χρόνον
3546 3524 3618 3589 τῇ

2038 3607 2285 3658 κακώσει
2334 3605 2446 3660 τῶν
2488 3605 2880 3676 δεσμωτηρίων
2927 3607 3372 3664 ὲναποκλείονται
3399 3648 3415 3673 ,
3461 3610 3512 3662 oi
3560 3609 3619 3662 δὲ

2036 3697 2341 3767 ταχυτέραν
2370 3696 2708 3767 εὑρίσκουσι
2740 3699 2841 3769 τὴν
2872 3701 2969 3769 τῆς
3009 3700 3390 3764 κακοπαθείας
3439 3702 3619 3755 άπιλ-

2036 3789 2211 3858 λαγήν
2236 3807 2250 3820 ⁵
2288 3789 2429 3843 οὕτω
2454 3790 2547 3842 καὶ
2580 3789 2635 3858 αι
2685 3789 2877 3860 ψυχαὶ,
2913 3792 2970 3843 ai
3005 3791 3105 3861 μὲν
3135 3793 3231 3845 ἐπὶ
3272 3793 3411 3847 πολὺ
3444 3811 3617 3865 προσ-

2038 3884 2362 3952 κατὲχονται
2401 3884 2466 3954 τῇ
2500 3868 2614 3953 ζωῇ
2643 3881 2839 3955 ταύτῃ,
2870 3884 2928 3936 at
2966 3883 3023 3936 δὲ
3066 3883 3152 3938 ἐπ’
3198 3883 3444 3952 ἔλαττον,
3475 3886 3619 3939 κατά

2035 3973 2134 4044 τὴν
2180 3973 2337 4038 ἀξίαν
2367 3975 2462 4042 τῆς
2510 3973 2802 4044 ἀναλογίας
2854 3976 3111 4040 ἑκάστου,
3165 3978 3346 4046 σοφῶς
3377 3980 3475 4032 καὶ
3525 3979 3620 4049 βα·

2036 4066 2194 4132 θέως,
2225 4065 2300 4129 ὡς
2329 4065 2429 4119 οὐκ
2480 4064 2547 4120 ἂν
2583 4066 2830 4133 ἐφίκοιτο
2863 4067 2988 4133 νοῦς
3028 4066 3357 4140 ἀνθρώπων,
3390 4071 3459 4125 τά
3490 4073 3619 4142 περὶ

2035 4158 2267 4211 ἕκαστον
2302 4159 2463 4227 ἡμῶν
2506 4157 2601 4213 τοῦ
2638 4160 2926 4224 κτίσαντος
2979 4161 3452 4231 προϐλεπομένου.
3505 4163 3619 4218 Οὔκ

2033 4250 2252 4312 ἀκούεις
2284 4248 2531 4318 λέγοντος
2564 4252 2655 4304 τοῦ
2678 4252 2843 4305 Δαϐίδ
2862 4269 2875 4283 ο
2914 4272 2933 4305 ι
2970 4253 3237 4324 Ἐξάγαγε
3267 4257 3331 4307 ἐκ
3364 4254 3619 4324 φυλακῆς

2032 4344 2130 4413 τὴν
2161 4342 2344 4415 ψυχήν
2380 4359 2483 4413 μου
2516 4360 2531 4410 ;
2571 4362 2590 4397 ι
2618 4344 2722 4398 οὐκ
2770 4345 3012 4415 ἥκοντας
3039 4348 3170 4418 περὶ
3201 4347 3295 4402 τοῦ
3330 4348 3506 4415 ἁγίου,
3538 4351 3619 4403 ὅτι

352 4440 445 4513 qui
479 4441 530 4493 in
557 4454 831 4496 carcerem
869 4439 1185 4507 truduntur,
1210 4438 1301 4492 alti
1329 4439 1676 4494 diuturniore
1713 4448 1922 4507 tempo-

2035 4435 2271 4509 ἀπελύθη
2301 4435 2467 4490 αὑτοῦ
2503 4437 2537 4506 ἡ
2569 4436 2716 4508 ψυχή
2742 4453 2756 4503 ;
2794 4438 2844 4491 τί
2871 4438 2926 4492 δε
2976 4438 3222 4510 Συμεὼν.
3255 4442 3350 4495 ὅτε
3378 4444 3618 4511 ὲνηγκα-

352 4534 431 4587 ris
456 4532 634 4601 spatio
658 4531 919 4589 ευειοάίίυ
943 4545 1228 4586 carcerum
1254 4530 1499 4585 molestia
1525 4541 1810 4597 vexantur,
1839 4530 1929 4586 alii

353 4620 745 4690 promptiorem
779 4621 1063 4689 ipveuiuut
1092 4634 1350 4689 terunrna:
1390 4619 1767 4677 liberationem
1808 4640 1820 4676 :
1854 4620 1933 4676 sic

352 4716 513 4768 etiam
554 4728 620 4775 ex
650 4713 938 4768 animabus
967 4712 1086 4769 alim
1132 4712 1322 4784 perdiu
1377 4717 1502 4768 vita:
1552 4713 1717 4783 hujus
1765 4728 1928 4768 usura

355 4806 599 4860 fruentes
633 4803 959 4871 detinentur,
990 4805 1108 4861 alia:
1152 4807 1389 4862 breviori
1438 4807 1699 4877 temporis
1761 4807 1932 4862 inter-

301 4945 311 4953 .
352 4901 518 4965 vallo,
553 4915 652 4971 pro
682 4899 862 4954 meriti
915 4899 1187 4970 cujusque
1220 4900 1430 4954 ratione
1462 4908 1515 4955 ct
1556 4898 1929 4968 proportione,

350 5007 478 5048 cum
519 5003 626 5046 tam
672 4990 779 5046 alte
825 5001 880 5046 et
912 4993 1191 5060 sapienter
1224 4992 1385 5060 (adeo
1422 5001 1477 5047 ut
1508 5006 1663 5045 mens
1694 4992 1931 5045 humana

353 5102 421 5140 eo
450 5086 735 5157 pervenire
768 5086 1024 5156 nequeat)
1052 5088 1143 5156 qui
1176 5086 1379 5143 creavit
1416 5101 1515 5142 nos
1552 5086 1845 5155 prospiciat
1868 5101 1930 5140 ea

352 5196 475 5247 qua:
504 5178 570 5233 ad
607 5178 852 5249 singulos
880 5179 1138 5234 mortales
1170 5180 1466 5249 pertinent.
1490 5175 1608 5233 Non
1643 5179 1799 5235 audis
1830 5178 1934 5232 Da-

352 5273 530 5327 videm
563 5281 867 5336 canentem,
896 5268 1077 5325 «Edue
1097 5271 1164 5326 de
1187 5285 1405 5326 carcere
1430 5270 1665 5325 animam
1694 5269 1926 5326 meam?»

354 5362 472 5416 Non
515 5364 855 5427 auscultasti,
908 5364 976 5420 de
1008 5370 1197 5417 sancto
1230 5363 1461 5427 dictum,
1502 5362 1733 5418 solutam
1767 5361 1934 5418 fuisse

358 5456 526 5522 ipsius
557 5457 832 5511 animam?
863 5456 1001 5523 Quid
1035 5470 1164 5510 vero
1192 5454 1446 5524 Symmu,
1482 5455 1701 5533 quando
1730 5456 1935 5523 ample-

358 5554 518 5601 xatus
538 5557 621 5601 est
651 5549 934 5605 Dominum
961 5545 1233 5603 nostrum?
1250 5546 1463 5615 qualem
1495 5546 1677 5602 emisit
1712 5547 1935 5602 vocent?

352 5651 538 5691 nonne
567 5638 725 5703 hanc,
754 5640 938 5694 tNune
956 5640 1184 5695 ditnittis
1207 5653 1424 5694 servum
1449 5648 1625 5703 tuum,
1650 5637 1927 5694 Domine?»

357 5726 495 5784 Nam
528 5729 595 5785 ad
633 5729 791 5786 vitam
826 5747 944 5801 qucc
995 5733 1048 5789 in
1095 5733 1308 5803 superis
1346 5731 1481 5789 locis
1523 5731 1779 5803 agitanda
1812 5741 1929 5802 est,

2032 4529 2218 4583 λίσατο
2247 4530 2340 4582 τὸν
2367 4530 2572 4601 Κύριον
2599 4531 2781 4601 ἡμῶν,
2815 4530 2977 4585 ποίαν
3005 4535 3190 4602 φωνὴν
3215 4534 3433 4606 ἀφῆκεν
3457 4551 3473 4601 ;
3498 4535 3620 4606 οὐχ,

2032 4622 2112 4675 ὅτι
2143 4640 2161 4673 ι
2188 4622 2303 4675 Νῦν
2328 4623 2585 4686 ἀπολύεις
2607 4624 2698 4676 τὸν
2720 4621 2907 4678 δοῦλόν
2930 4640 3047 4690 σου,
3064 4626 3311 4679 Δέσποτα
3333 4644 3348 4691 ;
3374 4646 3394 4678 ι
3411 4626 3489 4697 τῷ
3511 4629 3620 4697 γὰρ

2033 4718 2374 4788 ἐπειγομένῳ
2401 4716 2537 4786 πρὸς
2563 4716 2660 4786 τὴν
2682 4715 2798 4769 ἄνω
2816 4714 3098 4785 διαγωγὴν
3124 4716 3407 4788 βαρυτέρα
3435 4719 3619 4788 πάσης

2033 4806 2329 4869 κολάσεως,
2362 4808 2457 4859 καὶ
2490 4805 2873 4875 δεσμωτηρίου
2905 4805 3132 4874 παντὸς,
3164 4809 3196 4877 ἡ
3226 4808 3365 4878 μετά
3389 4809 3487 4861 τοῦ
3518 4809 3614 4862 σώ-

2038 4900 2204 4969 ματός
2234 4901 2347 4953 ἐστι
2370 4900 2643 4968 διατριϐή.
2672 4917 2690 4950 ι
2720 4897 2906 4951 Ταῦτα
2934 4900 3033 4965 μὲν
3055 4900 3112 4951 ὲν
3140 4899 3221 4951 ἐνὶ
3252 4899 3397 4970 λόγῳ
3426 4901 3614 4970 φησίν.

2045 4992 2144 5044 Ἐκ
2190 4990 2284 5043 τοῦ
2330 4993 2672 5060 παρήκοντος
2719 4989 2811 5043 οῦν
2839 4989 3157 5060 δογματίζει
3200 4991 3300 5062 τὴν
3339 4994 3617 5062 πατρικὴν

2033 5074 2170 5151 ὁμου
2199 5084 2294 5137 καὶ
2320 5082 2650 5152 δεσποτικὴν
2682 5084 2810 5154 περὶ
2843 5082 2945 5153 τῆς
2975 5082 3329 5155 ἀνθρωπίνης
3352 5083 3499 5153 ζωῆς
3523 5084 3619 5137 καὶ

2038 5181 2426 5247 μεταστάσεως
2465 5177 2726 5246 πρόνοιαν
2752 5192 2766 5207 °
2803 5179 2898 5230 καὶ
2936 5176 3073 5240 ὅλως
3105 5177 3196 5229 τὸν
3229 5175 3371 5229 θεῖον
3419 5179 3478 5229 ὲν
3506 5178 3618 5240 τοῖς

2033 5268 2346 5337 ἀνθρώποις
2381 5266 2715 5337 προορισμὸν
2748 5268 2842 5319 καὶ
2878 5266 3244 5335 ῦποδείγμασι
3278 5266 3373 5319 καὶ
3406 5284 3616 5338 γραφι-

2036 5364 2161 5424 xui;
2211 5358 2521 5424 ἀποδείξεσι
2573 5358 2713 5429 μετά
2766 5358 2965 5427 πολλῆς
3013 5358 3280 5429 δεικνύων
3333 5358 3615 5425 σπουδῆςὲ

2038 5456 2230 5509 Καίτοι
2261 5472 2347 5523 γε,
2373 5456 2420 5506 εἰ
2445 5457 2580 5521 πρὸς
2629 5452 3014 5517 ἀντιλέγοντας
3042 5454 3282 5505 ἐποιεῖτο
3311 5452 3401 5514 ab;
3431 5453 3617 5521 λόγον,

2038 5542 2176 5608 εἶδες
2214 5545 2279 5598 ἂν
2312 5545 2495 5597 πᾶσαν
2524 5540 2622 5612 τὴν
2644 5540 2795 5611 ίεράν
2818 5542 3042 5613 Γραφὴν
3064 5543 3228 5596 αὑτὸν
3256 5544 3612 5614 ἐπιφέροντα.

2049 5637 2211 5693 Ἀλλὰ
2259 5638 2353 5690 καὶ
2388 5633 2668 5704 πανταχοῦ
2712 5634 2822 5688 τῶν
2869 5633 3034 5687 αὐτοῦ
3084 5634 3283 5702 λόγων,
3324 5635 3618 5703 προδιατεο

2037 5730 2305 5801 τιιγμὲνον
2341 5730 2393 5783 ὲν
2420 5727 2670 5790 exisset;
2700 5724 2795 5796 τῆς
2821 5725 2962 5796 ζωῆς
2989 5727 3046 5780 τὸ
3074 5725 3221 5792 τέλος
3258 5726 3413 5781 καλεῖ
3437 5744 3448 5760 ·
3488 5728 3613 5782 κάν·
