  <div class='ocr_page' id='page_1' title='image "/cluster/home/n/w/nwhite01/storage/ocr_20150623/160/hvd.32044073502692/280.png"; bbox 0 0 3904 6134; ppageno 0'>
   <div class='ocr_carea' id='block_1_1' title="bbox 351 263 3618 351">
    <p class='ocr_par' dir='ltr' id='par_1_1' title="bbox 351 263 3618 351">
     <span class='ocr_line' id='line_1_1' title="bbox 351 263 3618 351; baseline 0.002 -23"><span class='ocrx_word' id='word_1_1' title='bbox 351 266 456 329; x_wconf 76' lang='grc'><strong>545</strong></span> <span class='ocrx_word' id='word_1_2' title='bbox 1342 263 1709 325; x_wconf 73' lang='lat' dir='ltr'><strong>EPISTULA</strong></span> <span class='ocrx_word' id='word_1_3' title='bbox 1752 266 1847 326; x_wconf 90' lang='lat' dir='ltr'><strong>DE</strong></span> <span class='ocrx_word' id='word_1_4' title='bbox 1911 267 2663 333; x_wconf 63' lang='grc' dir='ltr'><strong>ΡΒἉΕΒΕΞΤΙΝΑΤΜΝΕ.</strong></span> <span class='ocrx_word' id='word_1_5' title='bbox 3516 280 3618 351; x_wconf 69' lang='grc'>546</span> 
     </span>
    </p>
   </div>
   <div class='ocr_carea' id='block_1_2' title="bbox 341 382 1902 469">
    <p class='ocr_par' dir='ltr' id='par_1_2' title="bbox 341 382 1902 455">
     <span class='ocr_line' id='line_1_2' title="bbox 341 382 1902 455; baseline -0.001 -20"><span class='ocrx_word' id='word_1_6' title='bbox 341 382 533 436; x_wconf 81' lang='grc' dir='ltr'>τεῦθεν</span> <span class='ocrx_word' id='word_1_7' title='bbox 564 383 726 437; x_wconf 71' lang='grc' dir='ltr'>ἄνισα</span> <span class='ocrx_word' id='word_1_8' title='bbox 769 384 862 437; x_wconf 72' lang='grc' dir='ltr'><strong>καὶ</strong></span> <span class='ocrx_word' id='word_1_9' title='bbox 895 384 1129 454; x_wconf 81' lang='grc' dir='ltr'>ἀνόμοια</span> <span class='ocrx_word' id='word_1_10' title='bbox 1168 382 1417 450; x_wconf 81' lang='grc' dir='ltr'>γίνεσθαι</span> <span class='ocrx_word' id='word_1_11' title='bbox 1469 385 1583 444; x_wconf 84' lang='grc' dir='ltr'>τοῖς</span> <span class='ocrx_word' id='word_1_12' title='bbox 1613 383 1902 455; x_wconf 64' lang='grc' dir='ltr'>ἀνθρώπου</span> 
     </span>
    </p>
   </div>
   <div class='ocr_carea' id='block_1_3' title="bbox 2013 382 3620 469">
    <p class='ocr_par' dir='ltr' id='par_1_3' title="bbox 2028 392 3620 466">
     <span class='ocr_line' id='line_1_3' title="bbox 2028 392 3620 466; baseline 0.009 -24"><span class='ocrx_word' id='word_1_13' title='bbox 2028 392 2364 460; x_wconf 90' lang='lat' dir='ltr'><strong>properanti,</strong></span> <span class='ocrx_word' id='word_1_14' title='bbox 2410 394 2624 460; x_wconf 74' lang='lat' dir='ltr'><strong>gravior</strong></span> <span class='ocrx_word' id='word_1_15' title='bbox 2671 403 2751 446; x_wconf 87' lang='lat' dir='ltr'><strong>est</strong></span> <span class='ocrx_word' id='word_1_16' title='bbox 2805 394 2950 448; x_wconf 90' lang='lat' dir='ltr'><strong>omni</strong></span> <span class='ocrx_word' id='word_1_17' title='bbox 2998 393 3265 463; x_wconf 69' lang='lat' dir='ltr'><strong>supplicio</strong></span> <span class='ocrx_word' id='word_1_18' title='bbox 3329 403 3382 450; x_wconf 87' lang='lat' dir='ltr'><strong>ct</strong></span> <span class='ocrx_word' id='word_1_19' title='bbox 3425 405 3620 466; x_wconf 63' lang='lat' dir='ltr'><strong>quovis</strong></span> 
     </span>
    </p>
   </div>
   <div class='ocr_carea' id='block_1_4' title="bbox 339 475 1902 554">
    <p class='ocr_par' dir='ltr' id='par_1_4' title="bbox 339 475 1899 546">
     <span class='ocr_line' id='line_1_4' title="bbox 339 475 1899 546; baseline -0.001 -17"><span class='ocrx_word' id='word_1_20' title='bbox 339 476 436 529; x_wconf 81' lang='grc' dir='ltr'>τοῦ</span> <span class='ocrx_word' id='word_1_21' title='bbox 475 475 594 546; x_wconf 79' lang='grc' dir='ltr'>βίου</span> <span class='ocrx_word' id='word_1_22' title='bbox 629 477 698 528; x_wconf 85' lang='grc' dir='ltr'><strong>τά</strong></span> <span class='ocrx_word' id='word_1_23' title='bbox 744 477 992 546; x_wconf 79' lang='grc' dir='ltr'>πέρατα,’</span> <span class='ocrx_word' id='word_1_24' title='bbox 1016 477 1156 530; x_wconf 82' lang='grc' dir='ltr'><strong>κατά</strong></span> <span class='ocrx_word' id='word_1_25' title='bbox 1185 476 1283 538; x_wconf 75' lang='grc' dir='ltr'>τὰς</span> <span class='ocrx_word' id='word_1_26' title='bbox 1313 475 1443 546; x_wconf 69' lang='grc' dir='ltr'>περὶ</span> <span class='ocrx_word' id='word_1_27' title='bbox 1475 475 1709 528; x_wconf 74' lang='grc' dir='ltr'>ἕκαστον</span> <span class='ocrx_word' id='word_1_28' title='bbox 1741 476 1899 544; x_wconf 82' lang='grc' dir='ltr'>διαφό</span> 
     </span>
    </p>
   </div>
   <div class='ocr_carea' id='block_1_5' title="bbox 2013 475 3622 554">
    <p class='ocr_par' dir='ltr' id='par_1_5' title="bbox 2035 485 3622 554">
     <span class='ocr_line' id='line_1_5' title="bbox 2035 485 3622 554; baseline 0.006 -20"><span class='ocrx_word' id='word_1_29' title='bbox 2035 496 2254 536; x_wconf 83' lang='lat' dir='ltr'><strong>carcere</strong></span> <span class='ocrx_word' id='word_1_30' title='bbox 2293 485 2652 546; x_wconf 86' lang='lat' dir='ltr'><strong>commoratio</strong></span> <span class='ocrx_word' id='word_1_31' title='bbox 2685 488 2736 539; x_wconf 89' lang='lat' dir='ltr'><strong>in</strong></span> <span class='ocrx_word' id='word_1_32' title='bbox 2794 501 3044 554; x_wconf 87' lang='lat' dir='ltr'><strong>corpore.</strong></span> <span class='ocrx_word' id='word_1_33' title='bbox 3078 507 3096 536; x_wconf 77' lang='grc' dir='ltr'><strong>ι</strong></span> <span class='ocrx_word' id='word_1_34' title='bbox 3133 487 3254 541; x_wconf 65' lang='grc' dir='ltr'><strong>Πίος</strong></span> <span class='ocrx_word' id='word_1_35' title='bbox 3284 499 3431 543; x_wconf 90' lang='lat' dir='ltr'><strong>certe</strong></span> <span class='ocrx_word' id='word_1_36' title='bbox 3463 506 3622 544; x_wconf 87' lang='lat' dir='ltr'><strong>enar-</strong></span> 
     </span>
    </p>
   </div>
   <div class='ocr_carea' id='block_1_6' title="bbox 339 566 1902 651">
    <p class='ocr_par' dir='ltr' id='par_1_6' title="bbox 339 566 1896 640">
     <span class='ocr_line' id='line_1_6' title="bbox 339 566 1896 640; baseline -0.001 -19"><span class='ocrx_word' id='word_1_37' title='bbox 339 585 471 636; x_wconf 86' lang='grc' dir='ltr'>ρους</span> <span class='ocrx_word' id='word_1_38' title='bbox 506 571 600 624; x_wconf 74' lang='grc' dir='ltr'><strong>καὶ</strong></span> <span class='ocrx_word' id='word_1_39' title='bbox 651 572 779 640; x_wconf 81' lang='grc' dir='ltr'>ἡμῖν</span> <span class='ocrx_word' id='word_1_40' title='bbox 822 569 1181 638; x_wconf 76' lang='grc' dir='ltr'><strong>ἀνεννοήτους</strong></span> <span class='ocrx_word' id='word_1_41' title='bbox 1230 567 1322 621; x_wconf 81' lang='grc' dir='ltr'>τοῦ</span> <span class='ocrx_word' id='word_1_42' title='bbox 1374 566 1519 621; x_wconf 90' lang='grc' dir='ltr'>θείου</span> <span class='ocrx_word' id='word_1_43' title='bbox 1574 568 1896 636; x_wconf 82' lang='grc' dir='ltr'>οἰκονομίας</span> 
     </span>
    </p>
   </div>
   <div class='ocr_carea' id='block_1_7' title="bbox 2013 566 3621 651">
    <p class='ocr_par' dir='ltr' id='par_1_7' title="bbox 2037 575 3621 651">
     <span class='ocr_line' id='line_1_7' title="bbox 2037 575 3621 651; baseline 0.008 -26"><span class='ocrx_word' id='word_1_44' title='bbox 2037 586 2114 626; x_wconf 73' lang='lat' dir='ltr'><strong>rat</strong></span> <span class='ocrx_word' id='word_1_45' title='bbox 2158 579 2212 626; x_wconf 91' lang='lat' dir='ltr'><strong>in</strong></span> <span class='ocrx_word' id='word_1_46' title='bbox 2244 575 2477 641; x_wconf 88' lang='lat' dir='ltr'><strong>quodam</strong></span> <span class='ocrx_word' id='word_1_47' title='bbox 2509 585 2762 629; x_wconf 79' lang='lat' dir='ltr'><strong>tractatu.</strong></span> <span class='ocrx_word' id='word_1_48' title='bbox 2804 580 2882 630; x_wconf 79' lang='lat' dir='ltr'><strong>An</strong></span> <span class='ocrx_word' id='word_1_49' title='bbox 2932 579 3028 631; x_wconf 73' lang='lat' dir='ltr'><strong>alis</strong></span> <span class='ocrx_word' id='word_1_50' title='bbox 3062 595 3116 631; x_wconf 90' lang='lat' dir='ltr'><strong>re</strong></span> <span class='ocrx_word' id='word_1_51' title='bbox 3150 578 3314 647; x_wconf 83' lang='lat' dir='ltr'><strong>igitur</strong></span> <span class='ocrx_word' id='word_1_52' title='bbox 3347 583 3621 651; x_wconf 81' lang='lat' dir='ltr'><strong>negligen-</strong></span> 
     </span>
    </p>
   </div>
   <div class='ocr_carea' id='block_1_8' title="bbox 334 660 1902 737">
    <p class='ocr_par' dir='ltr' id='par_1_8' title="bbox 334 660 1902 732">
     <span class='ocr_line' id='line_1_8' title="bbox 334 660 1902 732; baseline -0.001 -18"><span class='ocrx_word' id='word_1_53' title='bbox 334 661 502 717; x_wconf 79' lang='grc' dir='ltr'>ἄνισα</span> <span class='ocrx_word' id='word_1_54' title='bbox 533 663 631 732; x_wconf 73' lang='grc' dir='ltr'>μὲν</span> <span class='ocrx_word' id='word_1_55' title='bbox 652 663 794 716; x_wconf 86' lang='grc' dir='ltr'><strong>κατά</strong></span> <span class='ocrx_word' id='word_1_56' title='bbox 821 662 912 716; x_wconf 65' lang='grc' dir='ltr'>τὸν</span> <span class='ocrx_word' id='word_1_57' title='bbox 944 663 1136 732; x_wconf 73' lang='grc' dir='ltr'>χρονον</span> <span class='ocrx_word' id='word_1_58' title='bbox 1158 660 1427 732; x_wconf 78' lang='grc' dir='ltr'>δηλονότι,</span> <span class='ocrx_word' id='word_1_59' title='bbox 1455 662 1687 731; x_wconf 78' lang='grc' dir='ltr'>ἀνόμοια</span> <span class='ocrx_word' id='word_1_60' title='bbox 1710 661 1764 713; x_wconf 82' lang='grc' dir='ltr'>δὲ</span> <span class='ocrx_word' id='word_1_61' title='bbox 1789 678 1902 713; x_wconf 70' lang='grc' dir='ltr'>κατε</span> 
     </span>
    </p>
   </div>
   <div class='ocr_carea' id='block_1_9' title="bbox 2013 660 3620 737">
    <p class='ocr_par' dir='ltr' id='par_1_9' title="bbox 2039 664 3620 737">
     <span class='ocr_line' id='line_1_9' title="bbox 2039 664 3620 737; baseline 0.007 -19"><span class='ocrx_word' id='word_1_62' title='bbox 2039 674 2230 733; x_wconf 89' lang='lat' dir='ltr'><strong>terque</strong></span> <span class='ocrx_word' id='word_1_63' title='bbox 2259 664 2420 720; x_wconf 91' lang='lat' dir='ltr'><strong>docet</strong></span> <span class='ocrx_word' id='word_1_64' title='bbox 2482 669 2878 735; x_wconf 72' lang='lat' dir='ltr'><strong>providentiam</strong></span> <span class='ocrx_word' id='word_1_65' title='bbox 2920 681 3194 737; x_wconf 84' lang='lat' dir='ltr'><strong>paternam</strong></span> <span class='ocrx_word' id='word_1_66' title='bbox 3239 672 3398 724; x_wconf 86' lang='lat' dir='ltr'><strong>simul</strong></span> <span class='ocrx_word' id='word_1_67' title='bbox 3429 688 3492 726; x_wconf 91' lang='lat' dir='ltr'><strong>ac</strong></span> <span class='ocrx_word' id='word_1_68' title='bbox 3522 675 3620 729; x_wconf 71' lang='lat' dir='ltr'><strong>do-</strong></span> 
     </span>
    </p>
   </div>
   <div class='ocr_carea' id='block_1_10' title="bbox 336 749 1902 833">
    <p class='ocr_par' dir='ltr' id='par_1_10' title="bbox 336 749 1368 829">
     <span class='ocr_line' id='line_1_10' title="bbox 336 749 1368 829; baseline -0.001 -19"><span class='ocrx_word' id='word_1_69' title='bbox 336 759 432 810; x_wconf 74' lang='grc' dir='ltr'><strong>τὸν</strong></span> <span class='ocrx_word' id='word_1_70' title='bbox 463 758 688 828; x_wconf 82' lang='grc' dir='ltr'>τρόπον.</span> <span class='ocrx_word' id='word_1_71' title='bbox 724 749 894 810; x_wconf 75' lang='grc' dir='ltr'>Λῦται</span> <span class='ocrx_word' id='word_1_72' title='bbox 921 755 1096 829; x_wconf 66' lang='grc' dir='ltr'>λᾷξεις</span> <span class='ocrx_word' id='word_1_73' title='bbox 1133 755 1368 809; x_wconf 78' lang='grc' dir='ltr'>ἐκείνου.</span> 
     </span>
    </p>
   </div>
   <div class='ocr_carea' id='block_1_11' title="bbox 2013 749 3616 833">
    <p class='ocr_par' dir='ltr' id='par_1_11' title="bbox 2040 754 3616 833">
     <span class='ocr_line' id='line_1_11' title="bbox 2040 754 3616 833; baseline 0.009 -28"><span class='ocrx_word' id='word_1_74' title='bbox 2040 754 2317 815; x_wconf 82' lang='lat' dir='ltr'><strong>minicaui,</strong></span> <span class='ocrx_word' id='word_1_75' title='bbox 2346 755 2412 809; x_wconf 91' lang='lat' dir='ltr'><strong>de</strong></span> <span class='ocrx_word' id='word_1_76' title='bbox 2461 757 2570 810; x_wconf 82' lang='lat' dir='ltr'><strong>vita</strong></span> <span class='ocrx_word' id='word_1_77' title='bbox 2604 757 2841 811; x_wconf 88' lang='lat' dir='ltr'><strong>humana</strong></span> <span class='ocrx_word' id='word_1_78' title='bbox 2875 769 2927 812; x_wconf 89' lang='lat' dir='ltr'><strong>et</strong></span> <span class='ocrx_word' id='word_1_79' title='bbox 2956 759 3349 831; x_wconf 84' lang='lat' dir='ltr'><strong>demigratione</strong></span> <span class='ocrx_word' id='word_1_80' title='bbox 3381 765 3446 818; x_wconf 89' lang='lat' dir='ltr'><strong>ab</strong></span> <span class='ocrx_word' id='word_1_81' title='bbox 3481 765 3573 819; x_wconf 86' lang='lat' dir='ltr'><strong>illa</strong></span> <span class='ocrx_word' id='word_1_82' title='bbox 3601 809 3616 833; x_wconf 88' lang='lat'><strong>,</strong></span> 
     </span>
    </p>
   </div>
   <div class='ocr_carea' id='block_1_12' title="bbox 335 846 3619 919">
    <p class='ocr_par' dir='ltr' id='par_1_12' title="bbox 335 846 3619 919">
     <span class='ocr_line' id='line_1_12' title="bbox 335 846 3619 919; baseline 0.002 -15"><span class='ocrx_word' id='word_1_83' title='bbox 335 865 463 904; x_wconf 88' lang='lat' dir='ltr'><strong>cum</strong></span> <span class='ocrx_word' id='word_1_84' title='bbox 493 851 718 905; x_wconf 88' lang='lat' dir='ltr'><strong>omnino</strong></span> <span class='ocrx_word' id='word_1_85' title='bbox 747 850 989 903; x_wconf 78' lang='lat' dir='ltr'><strong>divinant</strong></span> <span class='ocrx_word' id='word_1_86' title='bbox 1026 849 1078 901; x_wconf 92' lang='lat' dir='ltr'><strong>in</strong></span> <span class='ocrx_word' id='word_1_87' title='bbox 1127 847 1440 902; x_wconf 90' lang='lat' dir='ltr'><strong>hominibus</strong></span> <span class='ocrx_word' id='word_1_88' title='bbox 1503 846 2041 918; x_wconf 62' lang='lat' dir='ltr'><strong>praedestinationcm</strong></span> <span class='ocrx_word' id='word_1_89' title='bbox 2102 854 2218 900; x_wconf 91' lang='lat' dir='ltr'><strong>tum</strong></span> <span class='ocrx_word' id='word_1_90' title='bbox 2272 849 2560 918; x_wconf 80' lang='lat' dir='ltr'><strong>exemplis,</strong></span> <span class='ocrx_word' id='word_1_91' title='bbox 2605 859 2718 903; x_wconf 92' lang='lat' dir='ltr'><strong>tum</strong></span> <span class='ocrx_word' id='word_1_92' title='bbox 2781 850 3118 919; x_wconf 87' lang='lat' dir='ltr'><strong>eloquiorum</strong></span> <span class='ocrx_word' id='word_1_93' title='bbox 3183 863 3462 910; x_wconf 79' lang='lat' dir='ltr'><strong>sacrorum</strong></span> <span class='ocrx_word' id='word_1_94' title='bbox 3517 875 3619 913; x_wconf 81' lang='lat' dir='ltr'><strong>au&#39;</strong></span> 
     </span>
    </p>
   </div>
   <div class='ocr_carea' id='block_1_13' title="bbox 337 941 3614 1016">
    <p class='ocr_par' dir='ltr' id='par_1_13' title="bbox 337 941 3614 1016">
     <span class='ocr_line' id='line_1_13' title="bbox 337 941 3614 1016; baseline 0.004 -20"><span class='ocrx_word' id='word_1_95' title='bbox 337 945 593 998; x_wconf 84' lang='lat' dir='ltr'><strong>etoritate</strong></span> <span class='ocrx_word' id='word_1_96' title='bbox 647 958 841 1013; x_wconf 86' lang='lat' dir='ltr'><strong>magna</strong></span> <span class='ocrx_word' id='word_1_97' title='bbox 886 943 1166 1012; x_wconf 72' lang='lat' dir='ltr'><strong>diligentia</strong></span> <span class='ocrx_word' id='word_1_98' title='bbox 1219 943 1512 1010; x_wconf 83' lang='lat' dir='ltr'><strong>studioque</strong></span> <span class='ocrx_word' id='word_1_99' title='bbox 1556 942 1918 1012; x_wconf 73' lang='lat' dir='ltr'><strong>comprobet?</strong></span> <span class='ocrx_word' id='word_1_100' title='bbox 1967 941 2112 1006; x_wconf 84' lang='lat' dir='ltr'><strong>Quin</strong></span> <span class='ocrx_word' id='word_1_101' title='bbox 2148 942 2314 996; x_wconf 85' lang='lat' dir='ltr'><strong>etiam</strong></span> <span class='ocrx_word' id='word_1_102' title='bbox 2348 944 2391 997; x_wconf 87' lang='lat' dir='ltr'><strong>si</strong></span> <span class='ocrx_word' id='word_1_103' title='bbox 2416 945 2482 997; x_wconf 89' lang='lat' dir='ltr'><strong>ad</strong></span> <span class='ocrx_word' id='word_1_104' title='bbox 2515 955 2875 1016; x_wconf 77' lang='lat' dir='ltr'><strong>repugnantes</strong></span> <span class='ocrx_word' id='word_1_105' title='bbox 2906 963 2971 1002; x_wconf 86' lang='lat' dir='ltr'><strong>ac</strong></span> <span class='ocrx_word' id='word_1_106' title='bbox 3034 947 3389 1008; x_wconf 80' lang='lat' dir='ltr'><strong>refractorios</strong></span> <span class='ocrx_word' id='word_1_107' title='bbox 3450 957 3614 1012; x_wconf 75' lang='lat' dir='ltr'><strong>verba</strong></span> 
     </span>
    </p>
   </div>
   <div class='ocr_carea' id='block_1_14' title="bbox 339 1037 3617 1120">
    <p class='ocr_par' dir='ltr' id='par_1_14' title="bbox 339 1037 3617 1120">
     <span class='ocr_line' id='line_1_14' title="bbox 339 1037 3617 1120; baseline 0.004 -30"><span class='ocrx_word' id='word_1_108' title='bbox 339 1039 564 1102; x_wconf 76' lang='lat' dir='ltr'><strong>iaceret,</strong></span> <span class='ocrx_word' id='word_1_109' title='bbox 606 1038 821 1092; x_wconf 82' lang='lat' dir='ltr'><strong>videres</strong></span> <span class='ocrx_word' id='word_1_110' title='bbox 863 1037 1042 1108; x_wconf 90' lang='lat' dir='ltr'><strong>ipsum</strong></span> <span class='ocrx_word' id='word_1_111' title='bbox 1103 1047 1272 1092; x_wconf 89' lang='lat' dir='ltr'><strong>totam</strong></span> <span class='ocrx_word' id='word_1_112' title='bbox 1325 1037 1665 1107; x_wconf 86' lang='lat' dir='ltr'><strong>Scripturam</strong></span> <span class='ocrx_word' id='word_1_113' title='bbox 1711 1053 1924 1092; x_wconf 82' lang='lat' dir='ltr'><strong>sacram</strong></span> <span class='ocrx_word' id='word_1_114' title='bbox 1952 1037 2244 1094; x_wconf 75' lang='lat' dir='ltr'><strong>adducere.</strong></span> <span class='ocrx_word' id='word_1_115' title='bbox 2271 1039 2391 1093; x_wconf 84' lang='lat' dir='ltr'><strong>.lam</strong></span> <span class='ocrx_word' id='word_1_116' title='bbox 2452 1055 2578 1095; x_wconf 72' lang='lat' dir='ltr'><strong>vero</strong></span> <span class='ocrx_word' id='word_1_117' title='bbox 2639 1041 2842 1111; x_wconf 90' lang='lat' dir='ltr'><strong>ubique</strong></span> <span class='ocrx_word' id='word_1_118' title='bbox 2870 1045 3196 1114; x_wconf 80' lang='lat' dir='ltr'><strong>scriptorum</strong></span> <span class='ocrx_word' id='word_1_119' title='bbox 3228 1063 3451 1104; x_wconf 90' lang='lat' dir='ltr'><strong>suorum</strong></span> <span class='ocrx_word' id='word_1_120' title='bbox 3483 1070 3617 1120; x_wconf 69' lang='lat' dir='ltr'><strong>pra:-</strong></span> 
     </span>
    </p>
   </div>
   <div class='ocr_carea' id='block_1_15' title="bbox 335 1131 3617 1203">
    <p class='ocr_par' dir='ltr' id='par_1_15' title="bbox 335 1131 3617 1203">
     <span class='ocr_line' id='line_1_15' title="bbox 335 1131 3617 1203; baseline 0.004 -16"><span class='ocrx_word' id='word_1_121' title='bbox 335 1134 589 1187; x_wconf 83' lang='lat' dir='ltr'><strong>stitutum</strong></span> <span class='ocrx_word' id='word_1_122' title='bbox 623 1131 676 1186; x_wconf 90' lang='lat' dir='ltr'><strong>in</strong></span> <span class='ocrx_word' id='word_1_123' title='bbox 707 1132 938 1202; x_wconf 84' lang='lat' dir='ltr'><strong>singulis</strong></span> <span class='ocrx_word' id='word_1_124' title='bbox 975 1132 1095 1186; x_wconf 64' lang='lat' dir='ltr'><strong>vita!</strong></span> <span class='ocrx_word' id='word_1_125' title='bbox 1126 1133 1336 1186; x_wconf 75' lang='lat' dir='ltr'><strong>exitum</strong></span> <span class='ocrx_word' id='word_1_126' title='bbox 1367 1134 1640 1202; x_wconf 89' lang='lat' dir='ltr'><strong>appellat;</strong></span> <span class='ocrx_word' id='word_1_127' title='bbox 1671 1134 2012 1202; x_wconf 88' lang='lat' dir='ltr'><strong>proindeque</strong></span> <span class='ocrx_word' id='word_1_128' title='bbox 2073 1132 2376 1203; x_wconf 63' lang='lat' dir='ltr'><strong>inatquaies</strong></span> <span class='ocrx_word' id='word_1_129' title='bbox 2427 1151 2489 1189; x_wconf 92' lang='lat' dir='ltr'><strong>ac</strong></span> <span class='ocrx_word' id='word_1_130' title='bbox 2567 1135 2862 1192; x_wconf 83' lang='lat' dir='ltr'><strong>dissimiles</strong></span> <span class='ocrx_word' id='word_1_131' title='bbox 2924 1142 3220 1197; x_wconf 84' lang='lat' dir='ltr'><strong>usuvcnire</strong></span> <span class='ocrx_word' id='word_1_132' title='bbox 3300 1145 3617 1203; x_wconf 89' lang='lat' dir='ltr'><strong>hominibus</strong></span> 
     </span>
    </p>
   </div>
   <div class='ocr_carea' id='block_1_16' title="bbox 335 1224 3619 1305">
    <p class='ocr_par' dir='ltr' id='par_1_16' title="bbox 335 1224 3619 1305">
     <span class='ocr_line' id='line_1_16' title="bbox 335 1224 3619 1305; baseline 0.004 -27"><span class='ocrx_word' id='word_1_133' title='bbox 335 1226 460 1278; x_wconf 68' lang='lat' dir='ltr'><strong>vita:</strong></span> <span class='ocrx_word' id='word_1_134' title='bbox 490 1225 712 1286; x_wconf 77' lang='lat' dir='ltr'><strong>limites,</strong></span> <span class='ocrx_word' id='word_1_135' title='bbox 746 1224 1045 1278; x_wconf 87' lang='lat' dir='ltr'><strong>seeundum</strong></span> <span class='ocrx_word' id='word_1_136' title='bbox 1078 1225 1390 1280; x_wconf 70' lang='lat' dir='ltr'><strong>ditterentes</strong></span> <span class='ocrx_word' id='word_1_137' title='bbox 1439 1241 1542 1281; x_wconf 90' lang='lat' dir='ltr'><strong>nec</strong></span> <span class='ocrx_word' id='word_1_138' title='bbox 1564 1227 1676 1281; x_wconf 83' lang='lat' dir='ltr'><strong>&#39;sub</strong></span> <span class='ocrx_word' id='word_1_139' title='bbox 1723 1224 2140 1295; x_wconf 76' lang='lat' dir='ltr'><strong>intelligentiam</strong></span> <span class='ocrx_word' id='word_1_140' title='bbox 2217 1241 2464 1280; x_wconf 75' lang='lat' dir='ltr'><strong>nostram</strong></span> <span class='ocrx_word' id='word_1_141' title='bbox 2513 1230 2773 1284; x_wconf 81' lang='lat' dir='ltr'><strong>cadentes</strong></span> <span class='ocrx_word' id='word_1_142' title='bbox 2823 1231 2987 1286; x_wconf 82' lang='lat' dir='ltr'><strong>divini</strong></span> <span class='ocrx_word' id='word_1_143' title='bbox 3039 1235 3281 1290; x_wconf 90' lang='lat' dir='ltr'><strong>numinis</strong></span> <span class='ocrx_word' id='word_1_144' title='bbox 3335 1236 3619 1305; x_wconf 72' lang='lat' dir='ltr'><strong>dispensa-</strong></span> 
     </span>
    </p>
   </div>
   <div class='ocr_carea' id='block_1_17' title="bbox 340 1316 3618 1398">
    <p class='ocr_par' dir='ltr' id='par_1_17' title="bbox 340 1316 3618 1398">
     <span class='ocr_line' id='line_1_17' title="bbox 340 1316 3618 1398; baseline 0.004 -29"><span class='ocrx_word' id='word_1_145' title='bbox 340 1319 548 1378; x_wconf 86' lang='lat' dir='ltr'><strong>tiones,</strong></span> <span class='ocrx_word' id='word_1_146' title='bbox 586 1317 881 1385; x_wconf 78' lang='lat' dir='ltr'><strong>inaequales</strong></span> <span class='ocrx_word' id='word_1_147' title='bbox 939 1317 1180 1384; x_wconf 79' lang='lat' dir='ltr'><strong>quidem,</strong></span> <span class='ocrx_word' id='word_1_148' title='bbox 1219 1321 1429 1372; x_wconf 82' lang='lat' dir='ltr'><strong>ratione</strong></span> <span class='ocrx_word' id='word_1_149' title='bbox 1479 1319 1741 1373; x_wconf 80' lang='lat' dir='ltr'><strong>nimirum</strong></span> <span class='ocrx_word' id='word_1_150' title='bbox 1798 1316 2084 1384; x_wconf 86' lang='lat' dir='ltr'><strong>temporis,</strong></span> <span class='ocrx_word' id='word_1_151' title='bbox 2141 1316 2436 1374; x_wconf 87' lang='lat' dir='ltr'><strong>dissimiles</strong></span> <span class='ocrx_word' id='word_1_152' title='bbox 2502 1330 2686 1374; x_wconf 88' lang='lat' dir='ltr'><strong>autem</strong></span> <span class='ocrx_word' id='word_1_153' title='bbox 2752 1321 2934 1378; x_wconf 88' lang='lat' dir='ltr'><strong>modo.</strong></span> <span class='ocrx_word' id='word_1_154' title='bbox 2998 1325 3174 1393; x_wconf 82' lang='lat' dir='ltr'><strong>Atque</strong></span> <span class='ocrx_word' id='word_1_155' title='bbox 3235 1327 3347 1383; x_wconf 75' lang='lat' dir='ltr'><strong>hmc</strong></span> <span class='ocrx_word' id='word_1_156' title='bbox 3410 1327 3618 1398; x_wconf 74' lang='lat' dir='ltr'><strong>ipsissi-</strong></span> 
     </span>
    </p>
   </div>
   <div class='ocr_carea' id='block_1_18' title="bbox 337 1409 1358 1478">
    <p class='ocr_par' dir='ltr' id='par_1_18' title="bbox 337 1409 1358 1478">
     <span class='ocr_line' id='line_1_18' title="bbox 337 1409 1358 1478; baseline 0.002 -15"><span class='ocrx_word' id='word_1_157' title='bbox 337 1428 422 1463; x_wconf 82' lang='lat' dir='ltr'><strong>tua</strong></span> <span class='ocrx_word' id='word_1_158' title='bbox 456 1409 698 1464; x_wconf 89' lang='lat' dir='ltr'><strong>auctoris</strong></span> <span class='ocrx_word' id='word_1_159' title='bbox 729 1410 871 1464; x_wconf 91' lang='lat' dir='ltr'><strong>dicta</strong></span> <span class='ocrx_word' id='word_1_160' title='bbox 912 1425 1180 1478; x_wconf 84' lang='lat' dir='ltr'><strong>Sensaque</strong></span> <span class='ocrx_word' id='word_1_161' title='bbox 1207 1423 1358 1465; x_wconf 89' lang='lat' dir='ltr'><strong>sunt.</strong></span> 
     </span>
    </p>
   </div>
   <div class='ocr_carea' id='block_1_19' title="bbox 405 1497 1913 1572">
    <p class='ocr_par' dir='ltr' id='par_1_19' title="bbox 405 1497 1913 1572">
     <span class='ocr_line' id='line_1_19' title="bbox 405 1497 1913 1572; baseline 0.004 -20"><span class='ocrx_word' id='word_1_162' title='bbox 405 1501 531 1553; x_wconf 88' lang='grc' dir='ltr'>Ὅτι</span> <span class='ocrx_word' id='word_1_163' title='bbox 564 1502 663 1569; x_wconf 81' lang='grc' dir='ltr'><strong>μὲν</strong></span> <span class='ocrx_word' id='word_1_164' title='bbox 694 1497 785 1554; x_wconf 83' lang='grc' dir='ltr'><strong>οὖν</strong></span> <span class='ocrx_word' id='word_1_165' title='bbox 811 1502 908 1554; x_wconf 79' lang='grc' dir='ltr'><strong>οὐκ</strong></span> <span class='ocrx_word' id='word_1_166' title='bbox 933 1503 995 1554; x_wconf 81' lang='grc' dir='ltr'><strong>ἐκ</strong></span> <span class='ocrx_word' id='word_1_167' title='bbox 1019 1501 1110 1555; x_wconf 79' lang='grc' dir='ltr'>τοῦ</span> <span class='ocrx_word' id='word_1_168' title='bbox 1137 1505 1480 1572; x_wconf 76' lang='grc' dir='ltr'>παρήκοντος</span> <span class='ocrx_word' id='word_1_169' title='bbox 1507 1505 1694 1572; x_wconf 77' lang='grc' dir='ltr'>ἔλεγεν</span> <span class='ocrx_word' id='word_1_170' title='bbox 1726 1506 1913 1558; x_wconf 74' lang='grc' dir='ltr'>ἐκεῖνα</span> 
     </span>
    </p>
   </div>
   <div class='ocr_carea' id='block_1_20' title="bbox 332 1592 1907 1666">
    <p class='ocr_par' dir='ltr' id='par_1_20' title="bbox 332 1592 1907 1666">
     <span class='ocr_line' id='line_1_20' title="bbox 332 1592 1907 1666; baseline 0.001 -18"><span class='ocrx_word' id='word_1_171' title='bbox 332 1593 401 1648; x_wconf 72' lang='grc' dir='ltr'>τὰ</span> <span class='ocrx_word' id='word_1_172' title='bbox 437 1593 652 1661; x_wconf 76' lang='grc' dir='ltr'>πρῶτα,</span> <span class='ocrx_word' id='word_1_173' title='bbox 702 1592 835 1644; x_wconf 79' lang='grc' dir='ltr'>ἀλλὰ</span> <span class='ocrx_word' id='word_1_174' title='bbox 871 1593 1169 1662; x_wconf 76' lang='grc' dir='ltr'>προύργου,</span> <span class='ocrx_word' id='word_1_175' title='bbox 1207 1599 1299 1648; x_wconf 74' lang='grc' dir='ltr'><strong>καὶ</strong></span> <span class='ocrx_word' id='word_1_176' title='bbox 1349 1597 1425 1657; x_wconf 85' lang='grc' dir='ltr'>ὼς</span> <span class='ocrx_word' id='word_1_177' title='bbox 1469 1597 1610 1650; x_wconf 72' lang='grc' dir='ltr'>οὕτω</span> <span class='ocrx_word' id='word_1_178' title='bbox 1670 1599 1907 1666; x_wconf 74' lang='grc' dir='ltr'>φρονῶν,</span> 
     </span>
    </p>
   </div>
   <div class='ocr_carea' id='block_1_21' title="bbox 2097 1497 3617 1574">
    <p class='ocr_par' dir='ltr' id='par_1_21' title="bbox 2097 1497 3617 1574">
     <span class='ocr_line' id='line_1_21' title="bbox 2097 1497 3617 1574; baseline 0.005 -22"><span class='ocrx_word' id='word_1_179' title='bbox 2097 1497 2221 1552; x_wconf 65' lang='lat' dir='ltr'><strong>“me</strong></span> <span class='ocrx_word' id='word_1_180' title='bbox 2258 1499 2522 1553; x_wconf 76' lang='lat' dir='ltr'><strong>duntaxat</strong></span> <span class='ocrx_word' id='word_1_181' title='bbox 2562 1500 2655 1554; x_wconf 81' lang='lat' dir='ltr'><strong>tibi</strong></span> <span class='ocrx_word' id='word_1_182' title='bbox 2693 1499 2985 1567; x_wconf 80' lang='lat' dir='ltr'><strong>sumeiant,</strong></span> <span class='ocrx_word' id='word_1_183' title='bbox 3013 1502 3211 1572; x_wconf 83' lang='lat' dir='ltr'><strong>quibus</strong></span> <span class='ocrx_word' id='word_1_184' title='bbox 3247 1503 3454 1574; x_wconf 71' lang='lat' dir='ltr'><strong>lr&#39;quido</strong></span> <span class='ocrx_word' id='word_1_185' title='bbox 3487 1519 3617 1559; x_wconf 84' lang='lat' dir='ltr'><strong>con-</strong></span> 
     </span>
    </p>
   </div>
   <div class='ocr_carea' id='block_1_22' title="bbox 2022 1590 3613 1663">
    <p class='ocr_par' dir='ltr' id='par_1_22' title="bbox 2022 1590 3613 1663">
     <span class='ocr_line' id='line_1_22' title="bbox 2022 1590 3613 1663; baseline 0.004 -17"><span class='ocrx_word' id='word_1_186' title='bbox 2022 1599 2127 1646; x_wconf 88' lang='lat' dir='ltr'><strong>stat</strong></span> <span class='ocrx_word' id='word_1_187' title='bbox 2164 1590 2420 1644; x_wconf 73' lang='lat' dir='ltr'><strong>Basilium</strong></span> <span class='ocrx_word' id='word_1_188' title='bbox 2459 1592 2712 1659; x_wconf 81' lang='lat' dir='ltr'><strong>superius</strong></span> <span class='ocrx_word' id='word_1_189' title='bbox 2749 1593 2878 1646; x_wconf 92' lang='lat' dir='ltr'><strong>illud</strong></span> <span class='ocrx_word' id='word_1_190' title='bbox 2909 1595 3243 1663; x_wconf 87' lang='lat' dir='ltr'><strong>propositum</strong></span> <span class='ocrx_word' id='word_1_191' title='bbox 3277 1612 3386 1649; x_wconf 85' lang='lat' dir='ltr'><strong>non</strong></span> <span class='ocrx_word' id='word_1_192' title='bbox 3423 1599 3522 1651; x_wconf 86' lang='lat' dir='ltr'><strong>abs</strong></span> <span class='ocrx_word' id='word_1_193' title='bbox 3555 1613 3613 1652; x_wconf 87' lang='lat' dir='ltr'><strong>re</strong></span> 
     </span>
    </p>
   </div>
   <div class='ocr_carea' id='block_1_23' title="bbox 332 1682 1902 1756">
    <p class='ocr_par' dir='ltr' id='par_1_23' title="bbox 332 1685 1902 1756">
     <span class='ocr_line' id='line_1_23' title="bbox 332 1685 1902 1756; baseline 0.001 -19"><span class='ocrx_word' id='word_1_194' title='bbox 332 1685 577 1752; x_wconf 80' lang='grc' dir='ltr'><strong>ἀρκείτω</strong></span> <span class='ocrx_word' id='word_1_195' title='bbox 612 1701 695 1736; x_wconf 89' lang='grc' dir='ltr'><strong>σοι</strong></span> <span class='ocrx_word' id='word_1_196' title='bbox 728 1685 923 1739; x_wconf 79' lang='grc' dir='ltr'>ταῦτα.</span> <span class='ocrx_word' id='word_1_197' title='bbox 969 1685 1127 1738; x_wconf 83' lang='grc' dir='ltr'>Ἀλλά</span> <span class='ocrx_word' id='word_1_198' title='bbox 1181 1687 1284 1756; x_wconf 81' lang='grc' dir='ltr'><strong>μὴν</strong></span> <span class='ocrx_word' id='word_1_199' title='bbox 1315 1689 1408 1738; x_wconf 75' lang='grc' dir='ltr'><strong>καὶ</strong></span> <span class='ocrx_word' id='word_1_200' title='bbox 1456 1687 1622 1751; x_wconf 77' lang='grc' dir='ltr'>ἀξίως</span> <span class='ocrx_word' id='word_1_201' title='bbox 1649 1690 1747 1756; x_wconf 81' lang='grc' dir='ltr'>τῆς</span> <span class='ocrx_word' id='word_1_202' title='bbox 1782 1706 1902 1741; x_wconf 88' lang='grc' dir='ltr'>παν-</span> 
     </span>
    </p>
   </div>
   <div class='ocr_carea' id='block_1_24' title="bbox 2013 1682 3610 1756">
    <p class='ocr_par' dir='ltr' id='par_1_24' title="bbox 2025 1682 3610 1753">
     <span class='ocr_line' id='line_1_24' title="bbox 2025 1682 3610 1753; baseline 0.004 -19"><span class='ocrx_word' id='word_1_203' title='bbox 2025 1682 2261 1735; x_wconf 74' lang='lat' dir='ltr'><strong>auimire</strong></span> <span class='ocrx_word' id='word_1_204' title='bbox 2294 1690 2500 1735; x_wconf 88' lang='lat' dir='ltr'><strong>tantum</strong></span> <span class='ocrx_word' id='word_1_205' title='bbox 2528 1696 2714 1746; x_wconf 88' lang='lat' dir='ltr'><strong>causa,</strong></span> <span class='ocrx_word' id='word_1_206' title='bbox 2747 1684 2840 1737; x_wconf 90' lang='lat' dir='ltr'><strong>sed</strong></span> <span class='ocrx_word' id='word_1_207' title='bbox 2873 1684 3126 1740; x_wconf 79' lang='lat' dir='ltr'><strong>consulto</strong></span> <span class='ocrx_word' id='word_1_208' title='bbox 3168 1694 3220 1738; x_wconf 90' lang='lat' dir='ltr'><strong>et</strong></span> <span class='ocrx_word' id='word_1_209' title='bbox 3252 1700 3314 1738; x_wconf 64' lang='lat' dir='ltr'><strong>ex</strong></span> <span class='ocrx_word' id='word_1_210' title='bbox 3351 1702 3450 1740; x_wconf 90' lang='lat' dir='ltr'><strong>usu</strong></span> <span class='ocrx_word' id='word_1_211' title='bbox 3486 1701 3610 1753; x_wconf 89' lang='lat' dir='ltr'><strong>pro-</strong></span> 
     </span>
    </p>
   </div>
   <div class='ocr_carea' id='block_1_25' title="bbox 331 1775 1910 1847">
    <p class='ocr_par' dir='ltr' id='par_1_25' title="bbox 331 1775 1910 1847">
     <span class='ocr_line' id='line_1_25' title="bbox 331 1775 1910 1847; baseline 0.003 -21"><span class='ocrx_word' id='word_1_212' title='bbox 331 1778 485 1838; x_wconf 79' lang='grc' dir='ltr'>τοίας</span> <span class='ocrx_word' id='word_1_213' title='bbox 521 1776 714 1844; x_wconf 68' lang='grc' dir='ltr'>σοφίας</span> <span class='ocrx_word' id='word_1_214' title='bbox 742 1775 908 1829; x_wconf 82' lang='grc' dir='ltr'>αὑτοῦ</span> <span class='ocrx_word' id='word_1_215' title='bbox 946 1776 1037 1829; x_wconf 79' lang='grc' dir='ltr'><strong>καὶ</strong></span> <span class='ocrx_word' id='word_1_216' title='bbox 1079 1778 1457 1847; x_wconf 76' lang='grc' dir='ltr'>μεγαλονοίας,</span> <span class='ocrx_word' id='word_1_217' title='bbox 1495 1781 1589 1832; x_wconf 72' lang='grc' dir='ltr'>καὶ</span> <span class='ocrx_word' id='word_1_218' title='bbox 1614 1780 1707 1832; x_wconf 76' lang='grc' dir='ltr'>τοῦ</span> <span class='ocrx_word' id='word_1_219' title='bbox 1743 1781 1910 1847; x_wconf 77' lang='grc' dir='ltr'>φωτί-</span> 
     </span>
    </p>
   </div>
   <div class='ocr_carea' id='block_1_26' title="bbox 334 1866 1912 1940">
    <p class='ocr_par' dir='ltr' id='par_1_26' title="bbox 334 1866 1912 1940">
     <span class='ocr_line' id='line_1_26' title="bbox 334 1866 1912 1940; baseline 0.001 -20"><span class='ocrx_word' id='word_1_220' title='bbox 334 1866 516 1930; x_wconf 83' lang='grc' dir='ltr'>ζοντος</span> <span class='ocrx_word' id='word_1_221' title='bbox 548 1869 708 1920; x_wconf 75' lang='grc' dir='ltr'>αὑτὸν</span> <span class='ocrx_word' id='word_1_222' title='bbox 747 1868 1082 1938; x_wconf 81' lang='grc' dir='ltr'>ΙΙνεύματος,</span> <span class='ocrx_word' id='word_1_223' title='bbox 1112 1870 1287 1933; x_wconf 79' lang='grc' dir='ltr'>οὕτως</span> <span class='ocrx_word' id='word_1_224' title='bbox 1323 1871 1540 1940; x_wconf 80' lang='grc' dir='ltr'>ἐφρόνει</span> <span class='ocrx_word' id='word_1_225' title='bbox 1588 1888 1647 1923; x_wconf 91' lang='grc' dir='ltr'><strong>τε</strong></span> <span class='ocrx_word' id='word_1_226' title='bbox 1681 1873 1772 1924; x_wconf 71' lang='grc' dir='ltr'><strong>καὶ</strong></span> <span class='ocrx_word' id='word_1_227' title='bbox 1800 1870 1912 1923; x_wconf 79' lang='grc' dir='ltr'>ἐδί-</span> 
     </span>
    </p>
   </div>
   <div class='ocr_carea' id='block_1_27' title="bbox 333 1960 1911 2034">
    <p class='ocr_par' dir='ltr' id='par_1_27' title="bbox 333 1960 1911 2034">
     <span class='ocr_line' id='line_1_27' title="bbox 333 1960 1911 2034; baseline 0.003 -22"><span class='ocrx_word' id='word_1_228' title='bbox 333 1960 532 2014; x_wconf 85' lang='grc' dir='ltr'>δασκεν</span> <span class='ocrx_word' id='word_1_229' title='bbox 569 1963 596 2013; x_wconf 79' lang='grc' dir='ltr'><strong><em>ὁ</em></strong></span> <span class='ocrx_word' id='word_1_230' title='bbox 628 1961 806 2024; x_wconf 76' lang='grc' dir='ltr'>ἔνθεος</span> <span class='ocrx_word' id='word_1_231' title='bbox 833 1963 931 2032; x_wconf 79' lang='grc' dir='ltr'>τῆς</span> <span class='ocrx_word' id='word_1_232' title='bbox 972 1963 1299 2031; x_wconf 76' lang='grc' dir='ltr'>οἰκουμένης</span> <span class='ocrx_word' id='word_1_233' title='bbox 1339 1965 1587 2033; x_wconf 70' lang='grc' dir='ltr'>φωστὴρ.</span> <span class='ocrx_word' id='word_1_234' title='bbox 1618 1964 1773 2034; x_wconf 81' lang='grc' dir='ltr'>’ᾘδει</span> <span class='ocrx_word' id='word_1_235' title='bbox 1813 1965 1911 2034; x_wconf 73' lang='grc' dir='ltr'><strong>μὲν</strong></span> 
     </span>
    </p>
   </div>
   <div class='ocr_carea' id='block_1_28' title="bbox 332 2054 1911 2125">
    <p class='ocr_par' dir='ltr' id='par_1_28' title="bbox 332 2054 1911 2125">
     <span class='ocr_line' id='line_1_28' title="bbox 332 2054 1911 2125; baseline 0.002 -20"><span class='ocrx_word' id='word_1_236' title='bbox 332 2054 436 2123; x_wconf 83' lang='grc' dir='ltr'>γὰρ</span> <span class='ocrx_word' id='word_1_237' title='bbox 478 2055 537 2106; x_wconf 78' lang='grc' dir='ltr'>ἐν</span> <span class='ocrx_word' id='word_1_238' title='bbox 572 2058 683 2116; x_wconf 83' lang='grc' dir='ltr'>τοῖς</span> <span class='ocrx_word' id='word_1_239' title='bbox 715 2055 1078 2124; x_wconf 74' lang='grc' dir='ltr'>ἀνθρωπίνοις</span> <span class='ocrx_word' id='word_1_240' title='bbox 1114 2056 1402 2125; x_wconf 69' lang='grc' dir='ltr'>πράγμασι</span> <span class='ocrx_word' id='word_1_241' title='bbox 1439 2059 1530 2109; x_wconf 64' lang='grc' dir='ltr'><strong>τον</strong></span> <span class='ocrx_word' id='word_1_242' title='bbox 1570 2055 1710 2109; x_wconf 87' lang='grc' dir='ltr'>θεῖον</span> <span class='ocrx_word' id='word_1_243' title='bbox 1776 2075 1911 2110; x_wconf 86' lang='grc' dir='ltr'>παν-</span> 
     </span>
    </p>
   </div>
   <div class='ocr_carea' id='block_1_29' title="bbox 333 2146 1908 2218">
    <p class='ocr_par' dir='ltr' id='par_1_29' title="bbox 333 2146 1908 2218">
     <span class='ocr_line' id='line_1_29' title="bbox 333 2146 1908 2218; baseline 0.001 -20"><span class='ocrx_word' id='word_1_244' title='bbox 333 2147 510 2214; x_wconf 80' lang='grc' dir='ltr'>σόφως</span> <span class='ocrx_word' id='word_1_245' title='bbox 541 2146 632 2198; x_wconf 63' lang='grc' dir='ltr'><strong>καλ⁸</strong></span> <span class='ocrx_word' id='word_1_246' title='bbox 663 2147 1030 2213; x_wconf 80' lang='grc' dir='ltr'>πανταγάθως</span> <span class='ocrx_word' id='word_1_247' title='bbox 1084 2148 1410 2218; x_wconf 76' lang='grc' dir='ltr'>ἐνεργοῦντα</span> <span class='ocrx_word' id='word_1_248' title='bbox 1447 2146 1816 2217; x_wconf 81' lang='grc' dir='ltr'>προορισμὸν,</span> <span class='ocrx_word' id='word_1_249' title='bbox 1849 2149 1908 2208; x_wconf 80' lang='grc' dir='ltr'>ὅς</span> 
     </span>
    </p>
   </div>
   <div class='ocr_carea' id='block_1_30' title="bbox 330 2238 1910 2310">
    <p class='ocr_par' dir='ltr' id='par_1_30' title="bbox 330 2238 1910 2310">
     <span class='ocr_line' id='line_1_30' title="bbox 330 2238 1910 2310; baseline 0.002 -21"><span class='ocrx_word' id='word_1_250' title='bbox 330 2240 477 2290; x_wconf 83' lang='grc' dir='ltr'>ἐστιν</span> <span class='ocrx_word' id='word_1_251' title='bbox 507 2241 540 2307; x_wconf 82' lang='grc' dir='ltr'>ἡ</span> <span class='ocrx_word' id='word_1_252' title='bbox 580 2239 750 2302; x_wconf 76' lang='grc' dir='ltr'>ἀΐδιος</span> <span class='ocrx_word' id='word_1_253' title='bbox 791 2241 848 2291; x_wconf 81' lang='grc' dir='ltr'><strong>ὲν</strong></span> <span class='ocrx_word' id='word_1_254' title='bbox 877 2239 952 2307; x_wconf 84' lang='grc' dir='ltr'>τῷ</span> <span class='ocrx_word' id='word_1_255' title='bbox 984 2239 1102 2308; x_wconf 81' lang='grc' dir='ltr'><strong>Θεῷ</strong></span> <span class='ocrx_word' id='word_1_256' title='bbox 1129 2240 1280 2306; x_wconf 80' lang='grc' dir='ltr'>τάξις</span> <span class='ocrx_word' id='word_1_257' title='bbox 1312 2242 1410 2309; x_wconf 81' lang='grc' dir='ltr'>τῆς</span> <span class='ocrx_word' id='word_1_258' title='bbox 1462 2241 1556 2292; x_wconf 75' lang='grc' dir='ltr'>ἐπὶ</span> <span class='ocrx_word' id='word_1_259' title='bbox 1597 2238 1696 2310; x_wconf 79' lang='grc' dir='ltr'>τὴν</span> <span class='ocrx_word' id='word_1_260' title='bbox 1733 2258 1910 2309; x_wconf 86' lang='grc' dir='ltr'>μακα-</span> 
     </span>
    </p>
   </div>
   <div class='ocr_carea' id='block_1_31' title="bbox 332 2330 1909 2402">
    <p class='ocr_par' dir='ltr' id='par_1_31' title="bbox 332 2330 1909 2402">
     <span class='ocr_line' id='line_1_31' title="bbox 332 2330 1909 2402; baseline 0.001 -22"><span class='ocrx_word' id='word_1_261' title='bbox 332 2331 454 2399; x_wconf 82' lang='grc' dir='ltr'>ρίαν</span> <span class='ocrx_word' id='word_1_262' title='bbox 488 2331 633 2402; x_wconf 78' lang='grc' dir='ltr'>ζωὴν</span> <span class='ocrx_word' id='word_1_263' title='bbox 661 2332 886 2399; x_wconf 76' lang='grc' dir='ltr'><strong>ὁδηγίας</strong></span> <span class='ocrx_word' id='word_1_264' title='bbox 917 2330 1010 2383; x_wconf 74' lang='grc' dir='ltr'>τοῦ</span> <span class='ocrx_word' id='word_1_265' title='bbox 1052 2331 1366 2400; x_wconf 84' lang='grc' dir='ltr'>ἀνθρώπου,</span> <span class='ocrx_word' id='word_1_266' title='bbox 1405 2334 1584 2384; x_wconf 85' lang='grc' dir='ltr'>καίτοι</span> <span class='ocrx_word' id='word_1_267' title='bbox 1614 2331 1909 2400; x_wconf 76' lang='grc' dir='ltr'>γινομένης</span> 
     </span>
    </p>
   </div>
   <div class='ocr_carea' id='block_1_32' title="bbox 329 2421 1910 2492">
    <p class='ocr_par' dir='ltr' id='par_1_32' title="bbox 329 2421 1910 2492">
     <span class='ocr_line' id='line_1_32' title="bbox 329 2421 1910 2492; baseline 0.002 -20"><span class='ocrx_word' id='word_1_268' title='bbox 329 2423 385 2472; x_wconf 85' lang='grc' dir='ltr'>ὲν</span> <span class='ocrx_word' id='word_1_269' title='bbox 437 2423 636 2491; x_wconf 74' lang='grc' dir='ltr'>χρόνῳ,</span> <span class='ocrx_word' id='word_1_270' title='bbox 670 2421 932 2474; x_wconf 77' lang='grc' dir='ltr'><strong>τοῦΘεοῦ</strong></span> <span class='ocrx_word' id='word_1_271' title='bbox 966 2424 1279 2492; x_wconf 76' lang='grc' dir='ltr'>πέμποντος</span> <span class='ocrx_word' id='word_1_272' title='bbox 1324 2422 1486 2474; x_wconf 79' lang='grc' dir='ltr'>αὑτὸν</span> <span class='ocrx_word' id='word_1_273' title='bbox 1523 2424 1613 2474; x_wconf 77' lang='grc' dir='ltr'><strong>ἐπὶ</strong></span> <span class='ocrx_word' id='word_1_274' title='bbox 1660 2423 1750 2475; x_wconf 72' lang='grc' dir='ltr'>τὸν</span> <span class='ocrx_word' id='word_1_275' title='bbox 1786 2424 1910 2491; x_wconf 77' lang='grc' dir='ltr'>ὅρον</span> 
     </span>
    </p>
   </div>
   <div class='ocr_carea' id='block_1_33' title="bbox 330 2514 1907 2584">
    <p class='ocr_par' dir='ltr' id='par_1_33' title="bbox 330 2514 1907 2584">
     <span class='ocr_line' id='line_1_33' title="bbox 330 2514 1907 2584; baseline 0 -20"><span class='ocrx_word' id='word_1_276' title='bbox 330 2514 559 2574; x_wconf 75' lang='grc' dir='ltr'>ἐκεῖνον,</span> <span class='ocrx_word' id='word_1_277' title='bbox 597 2515 668 2577; x_wconf 84' lang='grc' dir='ltr'>ὡς</span> <span class='ocrx_word' id='word_1_278' title='bbox 702 2514 794 2567; x_wconf 79' lang='grc' dir='ltr'>τοῦ</span> <span class='ocrx_word' id='word_1_279' title='bbox 843 2514 1060 2579; x_wconf 75' lang='grc' dir='ltr'>τοξότου</span> <span class='ocrx_word' id='word_1_280' title='bbox 1096 2514 1155 2566; x_wconf 79' lang='grc' dir='ltr'><strong>τὸ</strong></span> <span class='ocrx_word' id='word_1_281' title='bbox 1206 2514 1359 2584; x_wconf 79' lang='grc' dir='ltr'>βέλος</span> <span class='ocrx_word' id='word_1_282' title='bbox 1391 2514 1528 2582; x_wconf 76' lang='grc' dir='ltr'>πρὸς</span> <span class='ocrx_word' id='word_1_283' title='bbox 1556 2515 1650 2566; x_wconf 84' lang='grc' dir='ltr'><strong>τὸν</strong></span> <span class='ocrx_word' id='word_1_284' title='bbox 1683 2515 1907 2579; x_wconf 65' lang='grc' dir='ltr'>σκοπὸν,</span> 
     </span>
    </p>
   </div>
   <div class='ocr_carea' id='block_1_34' title="bbox 330 2606 1908 2676">
    <p class='ocr_par' dir='ltr' id='par_1_34' title="bbox 330 2606 1908 2676">
     <span class='ocr_line' id='line_1_34' title="bbox 330 2606 1908 2676; baseline 0.001 -17"><span class='ocrx_word' id='word_1_285' title='bbox 330 2610 424 2660; x_wconf 74' lang='grc' dir='ltr'><strong>καὶ</strong></span> <span class='ocrx_word' id='word_1_286' title='bbox 477 2609 806 2675; x_wconf 81' lang='grc' dir='ltr'>πέμποντος,</span> <span class='ocrx_word' id='word_1_287' title='bbox 856 2607 931 2666; x_wconf 79' lang='grc' dir='ltr'>ὡς</span> <span class='ocrx_word' id='word_1_288' title='bbox 981 2607 1192 2661; x_wconf 79' lang='grc' dir='ltr'>οἴκοθεν</span> <span class='ocrx_word' id='word_1_289' title='bbox 1229 2607 1390 2676; x_wconf 85' lang='grc' dir='ltr'>μόνον</span> <span class='ocrx_word' id='word_1_290' title='bbox 1443 2606 1830 2668; x_wconf 79' lang='grc' dir='ltr'>ἀδυνατοῦντα,</span> <span class='ocrx_word' id='word_1_291' title='bbox 1861 2609 1908 2660; x_wconf 87' lang='grc' dir='ltr'><strong>εί</strong></span> 
     </span>
    </p>
   </div>
   <div class='ocr_carea' id='block_1_35' title="bbox 333 2699 1906 2771">
    <p class='ocr_par' dir='ltr' id='par_1_35' title="bbox 333 2699 1906 2771">
     <span class='ocr_line' id='line_1_35' title="bbox 333 2699 1906 2771; baseline -0.001 -18"><span class='ocrx_word' id='word_1_292' title='bbox 333 2701 426 2754; x_wconf 78' lang='grc' dir='ltr'><strong>καὶ</strong></span> <span class='ocrx_word' id='word_1_293' title='bbox 464 2701 596 2770; x_wconf 75' lang='grc' dir='ltr'>πρὸς</span> <span class='ocrx_word' id='word_1_294' title='bbox 627 2703 782 2753; x_wconf 79' lang='grc' dir='ltr'>τοῦτο</span> <span class='ocrx_word' id='word_1_295' title='bbox 811 2701 1121 2771; x_wconf 82' lang='grc' dir='ltr'>γεγένηται.</span> <span class='ocrx_word' id='word_1_296' title='bbox 1169 2702 1276 2754; x_wconf 77' lang='grc' dir='ltr'>Καὶ</span> <span class='ocrx_word' id='word_1_297' title='bbox 1307 2701 1394 2753; x_wconf 70' lang='grc' dir='ltr'>διὰ</span> <span class='ocrx_word' id='word_1_298' title='bbox 1426 2699 1586 2752; x_wconf 77' lang='grc' dir='ltr'>τοῦτο</span> <span class='ocrx_word' id='word_1_299' title='bbox 1615 2702 1712 2762; x_wconf 75' lang='grc' dir='ltr'><strong>τὰς</strong></span> <span class='ocrx_word' id='word_1_300' title='bbox 1745 2700 1906 2752; x_wconf 77' lang='grc' dir='ltr'>ἀσθε-</span> 
     </span>
    </p>
   </div>
   <div class='ocr_carea' id='block_1_36' title="bbox 333 2781 1910 2863">
    <p class='ocr_par' dir='ltr' id='par_1_36' title="bbox 333 2781 1910 2863">
     <span class='ocr_line' id='line_1_36' title="bbox 333 2781 1910 2863; baseline 0.001 -20"><span class='ocrx_word' id='word_1_301' title='bbox 333 2793 479 2850; x_wconf 72' lang='grc' dir='ltr'>νείας</span> <span class='ocrx_word' id='word_1_302' title='bbox 519 2793 610 2844; x_wconf 71' lang='grc' dir='ltr'><strong>καὶ</strong></span> <span class='ocrx_word' id='word_1_303' title='bbox 649 2793 746 2856; x_wconf 76' lang='grc' dir='ltr'>τὰς</span> <span class='ocrx_word' id='word_1_304' title='bbox 791 2792 1057 2862; x_wconf 71' lang='grc' dir='ltr'>ἐλλείψεις</span> <span class='ocrx_word' id='word_1_305' title='bbox 1088 2796 1206 2854; x_wconf 85' lang='grc' dir='ltr'>ταῖς</span> <span class='ocrx_word' id='word_1_306' title='bbox 1234 2781 1366 2863; x_wconf 31' lang='grc' dir='ltr'>’περὶ</span> <span class='ocrx_word' id='word_1_307' title='bbox 1405 2795 1504 2863; x_wconf 84' lang='grc' dir='ltr'><strong>τὴν</strong></span> <span class='ocrx_word' id='word_1_308' title='bbox 1549 2793 1696 2862; x_wconf 77' lang='grc' dir='ltr'>ζωὴν</span> <span class='ocrx_word' id='word_1_309' title='bbox 1732 2794 1910 2845; x_wconf 85' lang='grc' dir='ltr'>ποικί-</span> 
     </span>
    </p>
   </div>
   <div class='ocr_carea' id='block_1_37' title="bbox 333 2883 1906 2955">
    <p class='ocr_par' dir='ltr' id='par_1_37' title="bbox 333 2883 1906 2955">
     <span class='ocr_line' id='line_1_37' title="bbox 333 2883 1906 2955; baseline 0.001 -20"><span class='ocrx_word' id='word_1_310' title='bbox 333 2885 451 2946; x_wconf 77' lang='grc' dir='ltr'>λαις</span> <span class='ocrx_word' id='word_1_311' title='bbox 479 2887 819 2954; x_wconf 75' lang='grc' dir='ltr'>οἰκονομίαις</span> <span class='ocrx_word' id='word_1_312' title='bbox 869 2884 1059 2950; x_wconf 71' lang='grc' dir='ltr'>αὑτοῦ,</span> <span class='ocrx_word' id='word_1_313' title='bbox 1109 2885 1204 2938; x_wconf 77' lang='grc' dir='ltr'>καὶ</span> <span class='ocrx_word' id='word_1_314' title='bbox 1234 2885 1334 2954; x_wconf 80' lang='grc' dir='ltr'><strong>τὴν</strong></span> <span class='ocrx_word' id='word_1_315' title='bbox 1382 2883 1642 2955; x_wconf 82' lang='grc' dir='ltr'>τελευτὴν</span> <span class='ocrx_word' id='word_1_316' title='bbox 1673 2886 1906 2952; x_wconf 79' lang='grc' dir='ltr'>ἱωμένου</span> 
     </span>
    </p>
   </div>
   <div class='ocr_carea' id='block_1_38' title="bbox 331 2974 1908 3046">
    <p class='ocr_par' dir='ltr' id='par_1_38' title="bbox 331 2974 1908 3046">
     <span class='ocr_line' id='line_1_38' title="bbox 331 2974 1908 3046; baseline -0.002 -18"><span class='ocrx_word' id='word_1_317' title='bbox 331 2977 423 3028; x_wconf 75' lang='grc' dir='ltr'><strong>καὶ</strong></span> <span class='ocrx_word' id='word_1_318' title='bbox 455 2976 849 3046; x_wconf 78' lang='grc' dir='ltr'>θεραπεύοντος</span> <span class='ocrx_word' id='word_1_319' title='bbox 879 2975 945 3028; x_wconf 81' lang='grc' dir='ltr'><strong>δι’</strong></span> <span class='ocrx_word' id='word_1_320' title='bbox 980 2974 1160 3038; x_wconf 80' lang='grc' dir='ltr'>ἐλέους</span> <span class='ocrx_word' id='word_1_321' title='bbox 1189 2975 1514 3045; x_wconf 73' lang='grc' dir='ltr'>ὑπερϐολήν.</span> <span class='ocrx_word' id='word_1_322' title='bbox 1549 2995 1564 3026; x_wconf 79' lang='grc' dir='ltr'><strong>ι</strong></span> <span class='ocrx_word' id='word_1_323' title='bbox 1609 2977 1683 3028; x_wconf 78' lang='grc' dir='ltr'><strong>Οὐ</strong></span> <span class='ocrx_word' id='word_1_324' title='bbox 1715 2976 1821 3043; x_wconf 72' lang='grc' dir='ltr'><strong>γὰρ</strong></span> <span class='ocrx_word' id='word_1_325' title='bbox 1849 2975 1908 3038; x_wconf 78' lang='grc' dir='ltr'>ἐξ</span> 
     </span>
    </p>
   </div>
   <div class='ocr_carea' id='block_1_39' title="bbox 2033 1775 3612 1844">
    <p class='ocr_par' dir='ltr' id='par_1_39' title="bbox 2033 1775 3612 1844">
     <span class='ocr_line' id='line_1_39' title="bbox 2033 1775 3612 1844; baseline 0.003 -16"><span class='ocrx_word' id='word_1_326' title='bbox 2033 1775 2250 1837; x_wconf 85' lang='lat' dir='ltr'><strong>tulisse,</strong></span> <span class='ocrx_word' id='word_1_327' title='bbox 2280 1775 2538 1844; x_wconf 84' lang='lat' dir='ltr'><strong>quodque</strong></span> <span class='ocrx_word' id='word_1_328' title='bbox 2570 1777 2639 1827; x_wconf 88' lang='lat' dir='ltr'><strong>ita</strong></span> <span class='ocrx_word' id='word_1_329' title='bbox 2675 1776 2834 1844; x_wconf 88' lang='lat' dir='ltr'><strong>plane</strong></span> <span class='ocrx_word' id='word_1_330' title='bbox 2871 1776 3119 1830; x_wconf 88' lang='lat' dir='ltr'><strong>sentiret.</strong></span> <span class='ocrx_word' id='word_1_331' title='bbox 3172 1776 3434 1832; x_wconf 67' lang='lat' dir='ltr'><strong>Praeterea</strong></span> <span class='ocrx_word' id='word_1_332' title='bbox 3484 1794 3612 1833; x_wconf 76' lang='lat' dir='ltr'><strong>vero</strong></span> 
     </span>
    </p>
   </div>
   <div class='ocr_carea' id='block_1_40' title="bbox 2018 1867 3607 1938">
    <p class='ocr_par' dir='ltr' id='par_1_40' title="bbox 2018 1867 3607 1938">
     <span class='ocr_line' id='line_1_40' title="bbox 2018 1867 3607 1938; baseline 0.004 -18"><span class='ocrx_word' id='word_1_333' title='bbox 2018 1882 2117 1935; x_wconf 86' lang='lat' dir='ltr'><strong>pro</strong></span> <span class='ocrx_word' id='word_1_334' title='bbox 2151 1867 2412 1934; x_wconf 71' lang='lat' dir='ltr'><strong>dignitate</strong></span> <span class='ocrx_word' id='word_1_335' title='bbox 2441 1867 2607 1922; x_wconf 71' lang='lat' dir='ltr'><strong>etiam</strong></span> <span class='ocrx_word' id='word_1_336' title='bbox 2635 1867 2815 1923; x_wconf 92' lang='lat' dir='ltr'><strong>omnis</strong></span> <span class='ocrx_word' id='word_1_337' title='bbox 2848 1869 3058 1938; x_wconf 79' lang='lat' dir='ltr'><strong>generis</strong></span> <span class='ocrx_word' id='word_1_338' title='bbox 3087 1868 3369 1934; x_wconf 70' lang='lat' dir='ltr'><strong>doctrinm,</strong></span> <span class='ocrx_word' id='word_1_339' title='bbox 3402 1886 3464 1924; x_wconf 93' lang='lat' dir='ltr'><strong>ac</strong></span> <span class='ocrx_word' id='word_1_340' title='bbox 3494 1888 3607 1926; x_wconf 80' lang='lat' dir='ltr'><strong>ma-</strong></span> 
     </span>
    </p>
   </div>
   <div class='ocr_carea' id='block_1_41' title="bbox 2024 1959 3611 2032">
    <p class='ocr_par' dir='ltr' id='par_1_41' title="bbox 2024 1959 3611 2032">
     <span class='ocr_line' id='line_1_41' title="bbox 2024 1959 3611 2032; baseline 0.005 -20"><span class='ocrx_word' id='word_1_341' title='bbox 2024 1959 2325 2028; x_wconf 78' lang='lat' dir='ltr'><strong>gnitudinis</strong></span> <span class='ocrx_word' id='word_1_342' title='bbox 2356 1960 2522 2014; x_wconf 91' lang='lat' dir='ltr'><strong>animi</strong></span> <span class='ocrx_word' id='word_1_343' title='bbox 2562 1962 2772 2016; x_wconf 89' lang='lat' dir='ltr'><strong>ratione</strong></span> <span class='ocrx_word' id='word_1_344' title='bbox 2803 1977 2907 2030; x_wconf 84' lang='lat' dir='ltr'><strong>qua</strong></span> <span class='ocrx_word' id='word_1_345' title='bbox 2941 1964 3203 2032; x_wconf 65' lang='lat' dir='ltr'><strong>praeditus</strong></span> <span class='ocrx_word' id='word_1_346' title='bbox 3244 1964 3344 2018; x_wconf 80' lang='lat' dir='ltr'><strong>fuit</strong></span> <span class='ocrx_word' id='word_1_347' title='bbox 3383 1966 3464 2019; x_wconf 83' lang='lat' dir='ltr'><strong>vir</strong></span> <span class='ocrx_word' id='word_1_348' title='bbox 3487 1977 3611 2020; x_wconf 87' lang='lat' dir='ltr'><strong>tan-</strong></span> 
     </span>
    </p>
   </div>
   <div class='ocr_carea' id='block_1_42' title="bbox 2021 2052 3608 2122">
    <p class='ocr_par' dir='ltr' id='par_1_42' title="bbox 2021 2052 3608 2122">
     <span class='ocr_line' id='line_1_42' title="bbox 2021 2052 3608 2122; baseline 0.006 -20"><span class='ocrx_word' id='word_1_349' title='bbox 2021 2060 2136 2113; x_wconf 84' lang='lat' dir='ltr'><strong>tus,</strong></span> <span class='ocrx_word' id='word_1_350' title='bbox 2167 2061 2218 2105; x_wconf 89' lang='lat' dir='ltr'><strong>el</strong></span> <span class='ocrx_word' id='word_1_351' title='bbox 2249 2066 2347 2119; x_wconf 87' lang='lat' dir='ltr'><strong>pro</strong></span> <span class='ocrx_word' id='word_1_352' title='bbox 2384 2052 2662 2120; x_wconf 84' lang='lat' dir='ltr'><strong>majestate</strong></span> <span class='ocrx_word' id='word_1_353' title='bbox 2693 2052 2932 2120; x_wconf 87' lang='lat' dir='ltr'><strong>Spiritus</strong></span> <span class='ocrx_word' id='word_1_354' title='bbox 2961 2069 3070 2122; x_wconf 92' lang='lat' dir='ltr'><strong>quo</strong></span> <span class='ocrx_word' id='word_1_355' title='bbox 3113 2055 3508 2122; x_wconf 87' lang='lat' dir='ltr'><strong>illustrabatur,</strong></span> <span class='ocrx_word' id='word_1_356' title='bbox 3537 2058 3608 2111; x_wconf 88' lang='lat' dir='ltr'><strong>ita</strong></span> 
     </span>
    </p>
   </div>
   <div class='ocr_carea' id='block_1_43' title="bbox 2027 2143 3607 2209">
    <p class='ocr_par' dir='ltr' id='par_1_43' title="bbox 2027 2143 3607 2209">
     <span class='ocr_line' id='line_1_43' title="bbox 2027 2143 3607 2209; baseline 0.004 -14"><span class='ocrx_word' id='word_1_357' title='bbox 2027 2154 2080 2196; x_wconf 87' lang='lat' dir='ltr'><strong>et</strong></span> <span class='ocrx_word' id='word_1_358' title='bbox 2109 2145 2282 2197; x_wconf 88' lang='lat' dir='ltr'><strong>sensit</strong></span> <span class='ocrx_word' id='word_1_359' title='bbox 2316 2150 2369 2196; x_wconf 91' lang='lat' dir='ltr'><strong>ct</strong></span> <span class='ocrx_word' id='word_1_360' title='bbox 2396 2143 2601 2209; x_wconf 90' lang='lat' dir='ltr'><strong>docuit,</strong></span> <span class='ocrx_word' id='word_1_361' title='bbox 2638 2143 2871 2199; x_wconf 86' lang='lat' dir='ltr'><strong>Numine</strong></span> <span class='ocrx_word' id='word_1_362' title='bbox 2901 2147 3141 2199; x_wconf 88' lang='lat' dir='ltr'><strong>atilatum</strong></span> <span class='ocrx_word' id='word_1_363' title='bbox 3180 2147 3280 2201; x_wconf 90' lang='lat' dir='ltr'><strong>hoc</strong></span> <span class='ocrx_word' id='word_1_364' title='bbox 3317 2149 3467 2202; x_wconf 83' lang='lat' dir='ltr'><strong>orhis</strong></span> <span class='ocrx_word' id='word_1_365' title='bbox 3494 2155 3607 2203; x_wconf 85' lang='lat' dir='ltr'><strong>ter-</strong></span> 
     </span>
    </p>
   </div>
   <div class='ocr_carea' id='block_1_44' title="bbox 2016 2234 3606 2295">
    <p class='ocr_par' dir='ltr' id='par_1_44' title="bbox 2016 2234 3606 2295">
     <span class='ocr_line' id='line_1_44' title="bbox 2016 2234 3606 2295; baseline 0.004 -7"><span class='ocrx_word' id='word_1_366' title='bbox 2016 2251 2194 2288; x_wconf 90' lang='lat' dir='ltr'><strong>rarum</strong></span> <span class='ocrx_word' id='word_1_367' title='bbox 2227 2236 2430 2290; x_wconf 87' lang='lat' dir='ltr'><strong>lumen.</strong></span> <span class='ocrx_word' id='word_1_368' title='bbox 2474 2234 2764 2292; x_wconf 81' lang='lat' dir='ltr'><strong>Enimvero</strong></span> <span class='ocrx_word' id='word_1_369' title='bbox 2810 2240 2861 2291; x_wconf 92' lang='lat' dir='ltr'><strong>in</strong></span> <span class='ocrx_word' id='word_1_370' title='bbox 2897 2238 3150 2292; x_wconf 87' lang='lat' dir='ltr'><strong>humanis</strong></span> <span class='ocrx_word' id='word_1_371' title='bbox 3178 2240 3340 2295; x_wconf 84' lang='lat' dir='ltr'><strong>rebus</strong></span> <span class='ocrx_word' id='word_1_372' title='bbox 3365 2241 3606 2295; x_wconf 81' lang='lat' dir='ltr'><strong>divinant</strong></span> 
     </span>
    </p>
   </div>
   <div class='ocr_carea' id='block_1_45' title="bbox 2016 2328 3606 2400">
    <p class='ocr_par' dir='ltr' id='par_1_45' title="bbox 2016 2328 3606 2400">
     <span class='ocr_line' id='line_1_45' title="bbox 2016 2328 3606 2400; baseline 0.005 -21"><span class='ocrx_word' id='word_1_373' title='bbox 2016 2328 2552 2396; x_wconf 56' lang='lat' dir='ltr'><strong>pra‘dcstinationem</strong></span> <span class='ocrx_word' id='word_1_374' title='bbox 2585 2330 2989 2398; x_wconf 77' lang='lat' dir='ltr'><strong>Sapientissime</strong></span> <span class='ocrx_word' id='word_1_375' title='bbox 3019 2330 3330 2400; x_wconf 87' lang='lat' dir='ltr'><strong>optimeque</strong></span> <span class='ocrx_word' id='word_1_376' title='bbox 3372 2347 3606 2400; x_wconf 81' lang='lat' dir='ltr'><strong>operan—</strong></span> 
     </span>
    </p>
   </div>
   <div class='ocr_carea' id='block_1_46' title="bbox 2025 2423 3605 2492">
    <p class='ocr_par' dir='ltr' id='par_1_46' title="bbox 2025 2423 3605 2492">
     <span class='ocr_line' id='line_1_46' title="bbox 2025 2423 3605 2492; baseline 0.004 -20"><span class='ocrx_word' id='word_1_377' title='bbox 2025 2428 2130 2473; x_wconf 92' lang='lat' dir='ltr'><strong>tem</strong></span> <span class='ocrx_word' id='word_1_378' title='bbox 2167 2433 2428 2488; x_wconf 84' lang='lat' dir='ltr'><strong>noverat;</strong></span> <span class='ocrx_word' id='word_1_379' title='bbox 2480 2437 2602 2491; x_wconf 72' lang='lat' dir='ltr'><strong>quae</strong></span> <span class='ocrx_word' id='word_1_380' title='bbox 2629 2423 2999 2492; x_wconf 89' lang='lat' dir='ltr'><strong>sempiternus</strong></span> <span class='ocrx_word' id='word_1_381' title='bbox 3027 2434 3110 2479; x_wconf 89' lang='lat' dir='ltr'><strong>est</strong></span> <span class='ocrx_word' id='word_1_382' title='bbox 3142 2425 3276 2478; x_wconf 88' lang='lat' dir='ltr'><strong>ordo</strong></span> <span class='ocrx_word' id='word_1_383' title='bbox 3311 2424 3364 2478; x_wconf 88' lang='lat' dir='ltr'><strong>in</strong></span> <span class='ocrx_word' id='word_1_384' title='bbox 3402 2426 3507 2480; x_wconf 88' lang='lat' dir='ltr'><strong>Deo</strong></span> <span class='ocrx_word' id='word_1_385' title='bbox 3541 2425 3605 2479; x_wconf 88' lang='lat' dir='ltr'><strong>ad</strong></span> 
     </span>
    </p>
   </div>
   <div class='ocr_carea' id='block_1_47' title="bbox 2016 2513 3606 2574">
    <p class='ocr_par' dir='ltr' id='par_1_47' title="bbox 2016 2513 3606 2574">
     <span class='ocr_line' id='line_1_47' title="bbox 2016 2513 3606 2574; baseline 0.004 -7"><span class='ocrx_word' id='word_1_386' title='bbox 2016 2513 2394 2568; x_wconf 87' lang='lat' dir='ltr'><strong>deducendum</strong></span> <span class='ocrx_word' id='word_1_387' title='bbox 2447 2515 2725 2570; x_wconf 83' lang='lat' dir='ltr'><strong>hominem</strong></span> <span class='ocrx_word' id='word_1_388' title='bbox 2762 2516 2827 2569; x_wconf 89' lang='lat' dir='ltr'><strong>ad</strong></span> <span class='ocrx_word' id='word_1_389' title='bbox 2865 2517 3078 2570; x_wconf 87' lang='lat' dir='ltr'><strong>beatam</strong></span> <span class='ocrx_word' id='word_1_390' title='bbox 3113 2517 3278 2572; x_wconf 88' lang='lat' dir='ltr'><strong>vitam</strong></span> <span class='ocrx_word' id='word_1_391' title='bbox 3330 2536 3342 2572; x_wconf 91' lang='lat'><strong>:</strong></span> <span class='ocrx_word' id='word_1_392' title='bbox 3390 2519 3606 2574; x_wconf 84' lang='lat' dir='ltr'><strong>tametsi</strong></span> 
     </span>
    </p>
   </div>
   <div class='ocr_carea' id='block_1_48' title="bbox 2013 2605 3608 2675">
    <p class='ocr_par' dir='ltr' id='par_1_48' title="bbox 2013 2605 3608 2675">
     <span class='ocr_line' id='line_1_48' title="bbox 2013 2605 3608 2675; baseline 0.003 -17"><span class='ocrx_word' id='word_1_393' title='bbox 2013 2619 2073 2658; x_wconf 89' lang='lat' dir='ltr'><strong>ea</strong></span> <span class='ocrx_word' id='word_1_394' title='bbox 2110 2605 2363 2660; x_wconf 85' lang='lat' dir='ltr'><strong>deductio</strong></span> <span class='ocrx_word' id='word_1_395' title='bbox 2395 2607 2484 2660; x_wconf 82' lang='lat' dir='ltr'><strong>ﬁat</strong></span> <span class='ocrx_word' id='word_1_396' title='bbox 2513 2607 2566 2660; x_wconf 93' lang='lat' dir='ltr'><strong>in</strong></span> <span class='ocrx_word' id='word_1_397' title='bbox 2590 2616 2851 2675; x_wconf 87' lang='lat' dir='ltr'><strong>tempore,</strong></span> <span class='ocrx_word' id='word_1_398' title='bbox 2893 2622 3015 2662; x_wconf 92' lang='lat' dir='ltr'><strong>cum</strong></span> <span class='ocrx_word' id='word_1_399' title='bbox 3049 2607 3192 2663; x_wconf 87' lang='lat' dir='ltr'><strong>Deus</strong></span> <span class='ocrx_word' id='word_1_400' title='bbox 3239 2609 3401 2663; x_wconf 87' lang='lat' dir='ltr'><strong>mittit</strong></span> <span class='ocrx_word' id='word_1_401' title='bbox 3435 2610 3608 2663; x_wconf 84' lang='lat' dir='ltr'><strong>homi-</strong></span> 
     </span>
    </p>
   </div>
   <div class='ocr_carea' id='block_1_49' title="bbox 2013 2696 3606 2774">
    <p class='ocr_par' dir='ltr' id='par_1_49' title="bbox 2013 2696 3606 2774">
     <span class='ocr_line' id='line_1_49' title="bbox 2013 2696 3606 2774; baseline 0.003 -24"><span class='ocrx_word' id='word_1_402' title='bbox 2013 2711 2135 2750; x_wconf 85' lang='lat' dir='ltr'><strong>nem</strong></span> <span class='ocrx_word' id='word_1_403' title='bbox 2167 2696 2233 2750; x_wconf 84' lang='lat' dir='ltr'><strong>ad</strong></span> <span class='ocrx_word' id='word_1_404' title='bbox 2266 2711 2386 2750; x_wconf 92' lang='lat' dir='ltr'><strong>eum</strong></span> <span class='ocrx_word' id='word_1_405' title='bbox 2423 2697 2671 2764; x_wconf 84' lang='lat' dir='ltr'><strong>limitem,</strong></span> <span class='ocrx_word' id='word_1_406' title='bbox 2706 2708 2763 2752; x_wconf 90' lang='lat' dir='ltr'><strong>ut</strong></span> <span class='ocrx_word' id='word_1_407' title='bbox 2809 2701 3122 2769; x_wconf 83' lang='lat' dir='ltr'><strong>sagittarius</strong></span> <span class='ocrx_word' id='word_1_408' title='bbox 3175 2700 3335 2774; x_wconf 83' lang='lat' dir='ltr'><strong>telum</strong></span> <span class='ocrx_word' id='word_1_409' title='bbox 3375 2703 3440 2754; x_wconf 89' lang='lat' dir='ltr'><strong>ad</strong></span> <span class='ocrx_word' id='word_1_410' title='bbox 3496 2718 3606 2756; x_wconf 75' lang='lat' dir='ltr'><strong>nie~</strong></span> 
     </span>
    </p>
   </div>
   <div class='ocr_carea' id='block_1_50' title="bbox 2015 2787 3608 2859">
    <p class='ocr_par' dir='ltr' id='par_1_50' title="bbox 2015 2787 3608 2859">
     <span class='ocr_line' id='line_1_50' title="bbox 2015 2787 3608 2859; baseline 0.005 -16"><span class='ocrx_word' id='word_1_411' title='bbox 2015 2799 2148 2844; x_wconf 90' lang='lat' dir='ltr'><strong>tam.</strong></span> <span class='ocrx_word' id='word_1_412' title='bbox 2181 2787 2416 2859; x_wconf 85' lang='lat' dir='ltr'><strong>ideoque</strong></span> <span class='ocrx_word' id='word_1_413' title='bbox 2465 2791 2653 2855; x_wconf 89' lang='lat' dir='ltr'><strong>mittit,</strong></span> <span class='ocrx_word' id='word_1_414' title='bbox 2707 2790 2850 2858; x_wconf 86' lang='lat' dir='ltr'><strong>quod</strong></span> <span class='ocrx_word' id='word_1_415' title='bbox 2901 2792 3110 2846; x_wconf 91' lang='lat' dir='ltr'><strong>viribus</strong></span> <span class='ocrx_word' id='word_1_416' title='bbox 3145 2801 3353 2845; x_wconf 88' lang='lat' dir='ltr'><strong>tantum</strong></span> <span class='ocrx_word' id='word_1_417' title='bbox 3385 2794 3502 2849; x_wconf 89' lang='lat' dir='ltr'><strong>suis</strong></span> <span class='ocrx_word' id='word_1_418' title='bbox 3536 2809 3608 2850; x_wconf 89' lang='lat' dir='ltr'><strong>eo</strong></span> 
     </span>
    </p>
   </div>
   <div class='ocr_carea' id='block_1_51' title="bbox 2013 2880 3603 2950">
    <p class='ocr_par' dir='ltr' id='par_1_51' title="bbox 2013 2880 3603 2950">
     <span class='ocr_line' id='line_1_51' title="bbox 2013 2880 3603 2950; baseline 0.004 -16"><span class='ocrx_word' id='word_1_419' title='bbox 2013 2880 2602 2950; x_wconf 84' lang='lat' dir='ltr'><strong>pervenire&#39;nequeat,</strong></span> <span class='ocrx_word' id='word_1_420' title='bbox 2647 2881 2862 2936; x_wconf 90' lang='lat' dir='ltr'><strong>etiamsi</strong></span> <span class='ocrx_word' id='word_1_421' title='bbox 2910 2883 2975 2935; x_wconf 89' lang='lat' dir='ltr'><strong>ad</strong></span> <span class='ocrx_word' id='word_1_422' title='bbox 3025 2882 3074 2936; x_wconf 89' lang='lat' dir='ltr'><strong>id</strong></span> <span class='ocrx_word' id='word_1_423' title='bbox 3129 2894 3288 2937; x_wconf 89' lang='lat' dir='ltr'><strong>natus</strong></span> <span class='ocrx_word' id='word_1_424' title='bbox 3331 2885 3416 2938; x_wconf 87' lang='lat' dir='ltr'><strong>sit.</strong></span> <span class='ocrx_word' id='word_1_425' title='bbox 3459 2884 3603 2940; x_wconf 78' lang='lat' dir='ltr'><strong>Hem</strong></span> 
     </span>
    </p>
   </div>
   <div class='ocr_carea' id='block_1_52' title="bbox 2013 2973 3597 3044">
    <p class='ocr_par' dir='ltr' id='par_1_52' title="bbox 2013 2973 3597 3044">
     <span class='ocr_line' id='line_1_52' title="bbox 2013 2973 3597 3044; baseline 0 -16"><span class='ocrx_word' id='word_1_426' title='bbox 2013 2983 2294 3044; x_wconf 84' lang='lat' dir='ltr'><strong>propterea</strong></span> <span class='ocrx_word' id='word_1_427' title='bbox 2328 2973 2675 3026; x_wconf 81' lang='lat' dir='ltr'><strong>infirmitates</strong></span> <span class='ocrx_word' id='word_1_428' title='bbox 2703 2985 2756 3026; x_wconf 94' lang='lat' dir='ltr'><strong>ct</strong></span> <span class='ocrx_word' id='word_1_429' title='bbox 2781 2974 3026 3029; x_wconf 79' lang='lat' dir='ltr'><strong>defectus</strong></span> <span class='ocrx_word' id='word_1_430' title='bbox 3051 2978 3217 3030; x_wconf 79' lang='lat' dir='ltr'><strong>variis</strong></span> <span class='ocrx_word' id='word_1_431' title='bbox 3246 2979 3387 3031; x_wconf 86' lang='lat' dir='ltr'><strong>circa</strong></span> <span class='ocrx_word' id='word_1_432' title='bbox 3432 2982 3597 3031; x_wconf 88' lang='lat' dir='ltr'><strong>vitam</strong></span> 
     </span>
    </p>
   </div>
   <div class='ocr_carea' id='block_1_53' title="bbox 328 3055 1902 3139">
    <p class='ocr_par' dir='ltr' id='par_1_53' title="bbox 328 3063 1902 3139">
     <span class='ocr_line' id='line_1_53' title="bbox 328 3063 1902 3139; baseline 0.001 -21"><span class='ocrx_word' id='word_1_433' title='bbox 328 3068 508 3136; x_wconf 78' lang='grc' dir='ltr'>ἔργων</span> <span class='ocrx_word' id='word_1_434' title='bbox 559 3069 926 3138; x_wconf 67' lang='grc' dir='ltr'>δικαιοσύνης,</span> <span class='ocrx_word' id='word_1_435' title='bbox 964 3063 1038 3122; x_wconf 83' lang='grc' dir='ltr'>ὧν</span> <span class='ocrx_word' id='word_1_436' title='bbox 1090 3070 1251 3139; x_wconf 82' lang='grc' dir='ltr'>ἡμεῖς</span> <span class='ocrx_word' id='word_1_437' title='bbox 1298 3069 1660 3138; x_wconf 80' lang='grc' dir='ltr'>ἐποιήσαμεν,</span> <span class='ocrx_word' id='word_1_438' title='bbox 1689 3070 1714 3121; x_wconf 83' lang='grc' dir='ltr'>ὁ</span> <span class='ocrx_word' id='word_1_439' title='bbox 1768 3068 1902 3130; x_wconf 68' lang='grc' dir='ltr'>θεῖός</span> 
     </span>
    </p>
   </div>
   <div class='ocr_carea' id='block_1_54' title="bbox 2013 3055 3602 3139">
    <p class='ocr_par' dir='ltr' id='par_1_54' title="bbox 2017 3065 3602 3133">
     <span class='ocr_line' id='line_1_54' title="bbox 2017 3065 3602 3133; baseline 0.004 -13"><span class='ocrx_word' id='word_1_440' title='bbox 2017 3076 2069 3120; x_wconf 86' lang='lat' dir='ltr'><strong>et</strong></span> <span class='ocrx_word' id='word_1_441' title='bbox 2118 3066 2326 3120; x_wconf 86' lang='lat' dir='ltr'><strong>obitqu</strong></span> <span class='ocrx_word' id='word_1_442' title='bbox 2381 3065 2876 3133; x_wconf 77' lang='lat' dir='ltr'><strong>dispensationibus</strong></span> <span class='ocrx_word' id='word_1_443' title='bbox 2916 3077 3074 3122; x_wconf 89' lang='lat' dir='ltr'><strong>sanat</strong></span> <span class='ocrx_word' id='word_1_444' title='bbox 3110 3079 3159 3120; x_wconf 90' lang='lat' dir='ltr'><strong>et</strong></span> <span class='ocrx_word' id='word_1_445' title='bbox 3206 3078 3359 3122; x_wconf 87' lang='lat' dir='ltr'><strong>curat</strong></span> <span class='ocrx_word' id='word_1_446' title='bbox 3391 3072 3602 3126; x_wconf 84' lang='lat' dir='ltr'><strong>miseri-</strong></span> 
     </span>
    </p>
   </div>
   <div class='ocr_carea' id='block_1_55' title="bbox 331 3156 1901 3226">
    <p class='ocr_par' dir='ltr' id='par_1_55' title="bbox 331 3156 1901 3226">
     <span class='ocr_line' id='line_1_55' title="bbox 331 3156 1901 3226; baseline 0.001 -18"><span class='ocrx_word' id='word_1_447' title='bbox 331 3175 496 3226; x_wconf 67' lang='grc' dir='ltr'>φησιν</span> <span class='ocrx_word' id='word_1_448' title='bbox 521 3158 864 3222; x_wconf 79' lang='grc' dir='ltr'>Ἀπόστολος,</span> <span class='ocrx_word' id='word_1_449' title='bbox 890 3158 1021 3211; x_wconf 79' lang='grc' dir='ltr'><strong>ἀλλά</strong></span> <span class='ocrx_word' id='word_1_450' title='bbox 1048 3161 1187 3213; x_wconf 81' lang='grc' dir='ltr'>κατὰ</span> <span class='ocrx_word' id='word_1_451' title='bbox 1216 3159 1307 3211; x_wconf 80' lang='grc' dir='ltr'><strong>τὸν</strong></span> <span class='ocrx_word' id='word_1_452' title='bbox 1338 3157 1500 3212; x_wconf 77' lang='grc' dir='ltr'>αὐτοῦ</span> <span class='ocrx_word' id='word_1_453' title='bbox 1530 3156 1676 3209; x_wconf 75' lang='grc' dir='ltr'>ἔλεον</span> <span class='ocrx_word' id='word_1_454' title='bbox 1702 3158 1901 3210; x_wconf 75' lang='grc' dir='ltr'>ἔσωσεν</span> 
     </span>
    </p>
   </div>
   <div class='ocr_carea' id='block_1_56' title="bbox 330 3248 1903 3320">
    <p class='ocr_par' dir='ltr' id='par_1_56' title="bbox 330 3248 1903 3320">
     <span class='ocr_line' id='line_1_56' title="bbox 330 3248 1903 3320; baseline 0 -18"><span class='ocrx_word' id='word_1_455' title='bbox 330 3252 498 3320; x_wconf 73' lang='grc' dir='ltr'>ἡμᾶς.</span> <span class='ocrx_word' id='word_1_456' title='bbox 537 3269 554 3300; x_wconf 76' lang='grc' dir='ltr'><strong>ι</strong></span> <span class='ocrx_word' id='word_1_457' title='bbox 595 3251 823 3304; x_wconf 82' lang='grc' dir='ltr'>Ἕκτοτε</span> <span class='ocrx_word' id='word_1_458' title='bbox 861 3251 954 3302; x_wconf 77' lang='grc' dir='ltr'><strong>καὶ</strong></span> <span class='ocrx_word' id='word_1_459' title='bbox 984 3248 1101 3311; x_wconf 80' lang='grc' dir='ltr'>νῦν,</span> <span class='ocrx_word' id='word_1_460' title='bbox 1133 3251 1224 3303; x_wconf 77' lang='grc' dir='ltr'><strong>καὶ</strong></span> <span class='ocrx_word' id='word_1_461' title='bbox 1253 3249 1355 3313; x_wconf 75' lang='grc' dir='ltr'><strong>ἕως</strong></span> <span class='ocrx_word' id='word_1_462' title='bbox 1399 3249 1464 3301; x_wconf 88' lang='grc' dir='ltr'><strong>ἂν</strong></span> <span class='ocrx_word' id='word_1_463' title='bbox 1495 3250 1526 3318; x_wconf 80' lang='grc' dir='ltr'>ἠ</span> <span class='ocrx_word' id='word_1_464' title='bbox 1559 3249 1666 3300; x_wconf 86' lang='grc' dir='ltr'><strong>τῶν</strong></span> <span class='ocrx_word' id='word_1_465' title='bbox 1693 3249 1903 3320; x_wconf 83' lang='grc' dir='ltr'>ἀνθρώ-</span> 
     </span>
    </p>
   </div>
   <div class='ocr_carea' id='block_1_57' title="bbox 331 3339 1904 3416">
    <p class='ocr_par' dir='ltr' id='par_1_57' title="bbox 331 3339 1904 3416">
     <span class='ocr_line' id='line_1_57' title="bbox 331 3339 1904 3416; baseline -0.002 -20"><span class='ocrx_word' id='word_1_466' title='bbox 331 3362 446 3397; x_wconf 87' lang='grc' dir='ltr'><strong>πων</strong></span> <span class='ocrx_word' id='word_1_467' title='bbox 472 3344 684 3410; x_wconf 79' lang='grc' dir='ltr'>γένεσις</span> <span class='ocrx_word' id='word_1_468' title='bbox 709 3340 766 3416; x_wconf 79' lang='grc' dir='ltr'><strong>ᾖ,</strong></span> <span class='ocrx_word' id='word_1_469' title='bbox 791 3344 862 3405; x_wconf 70' lang='grc' dir='ltr'>ὡς</span> <span class='ocrx_word' id='word_1_470' title='bbox 892 3343 1040 3406; x_wconf 76' lang='grc' dir='ltr'>ἅπαξ</span> <span class='ocrx_word' id='word_1_471' title='bbox 1065 3345 1231 3413; x_wconf 76' lang='grc' dir='ltr'>οἴκτῳ</span> <span class='ocrx_word' id='word_1_472' title='bbox 1263 3345 1409 3411; x_wconf 81' lang='grc' dir='ltr'>μόνῳ</span> <span class='ocrx_word' id='word_1_473' title='bbox 1439 3341 1644 3410; x_wconf 78' lang='grc' dir='ltr'>οἰκείῳ,</span> <span class='ocrx_word' id='word_1_474' title='bbox 1675 3339 1771 3409; x_wconf 84' lang='grc' dir='ltr'>τὴν</span> <span class='ocrx_word' id='word_1_475' title='bbox 1805 3341 1904 3410; x_wconf 73' lang='grc' dir='ltr'>τῆς</span> 
     </span>
    </p>
   </div>
   <div class='ocr_carea' id='block_1_58' title="bbox 327 3432 1902 3503">
    <p class='ocr_par' dir='ltr' id='par_1_58' title="bbox 327 3432 1902 3503">
     <span class='ocr_line' id='line_1_58' title="bbox 327 3432 1902 3503; baseline -0.001 -17"><span class='ocrx_word' id='word_1_476' title='bbox 327 3435 474 3503; x_wconf 75' lang='grc' dir='ltr'>ζωῆς</span> <span class='ocrx_word' id='word_1_477' title='bbox 509 3433 628 3485; x_wconf 69' lang='grc' dir='ltr'>ὁδὸν</span> <span class='ocrx_word' id='word_1_478' title='bbox 659 3434 874 3496; x_wconf 76' lang='grc' dir='ltr'>ἀνοίξας</span> <span class='ocrx_word' id='word_1_479' title='bbox 906 3435 1062 3502; x_wconf 77' lang='grc' dir='ltr'>ἡμῖν.</span> <span class='ocrx_word' id='word_1_480' title='bbox 1107 3433 1165 3486; x_wconf 84' lang='grc' dir='ltr'>ὐ</span> <span class='ocrx_word' id='word_1_481' title='bbox 1198 3432 1304 3500; x_wconf 75' lang='grc' dir='ltr'><strong>γὰρ</strong></span> <span class='ocrx_word' id='word_1_482' title='bbox 1351 3433 1569 3485; x_wconf 82' lang='grc' dir='ltr'>πάντων</span> <span class='ocrx_word' id='word_1_483' title='bbox 1602 3432 1710 3484; x_wconf 82' lang='grc' dir='ltr'><strong>τῶν</strong></span> <span class='ocrx_word' id='word_1_484' title='bbox 1746 3449 1902 3500; x_wconf 82' lang='grc' dir='ltr'>ποιη-</span> 
     </span>
    </p>
   </div>
   <div class='ocr_carea' id='block_1_59' title="bbox 328 3523 1902 3593">
    <p class='ocr_par' dir='ltr' id='par_1_59' title="bbox 328 3523 1902 3593">
     <span class='ocr_line' id='line_1_59' title="bbox 328 3523 1902 3593; baseline -0.002 -16"><span class='ocrx_word' id='word_1_485' title='bbox 328 3528 515 3592; x_wconf 74' lang='grc' dir='ltr'>μάτων</span> <span class='ocrx_word' id='word_1_486' title='bbox 555 3523 728 3577; x_wconf 70' lang='grc' dir='ltr'>αὑτοῦ</span> <span class='ocrx_word' id='word_1_487' title='bbox 758 3523 1153 3593; x_wconf 79' lang='grc' dir='ltr'>προνοούμενος</span> <span class='ocrx_word' id='word_1_488' title='bbox 1185 3524 1420 3589; x_wconf 65' lang='grc' dir='ltr'>εὐλόγως</span> <span class='ocrx_word' id='word_1_489' title='bbox 1448 3523 1604 3586; x_wconf 69' lang='grc' dir='ltr'>Θεὸς,</span> <span class='ocrx_word' id='word_1_490' title='bbox 1638 3523 1777 3575; x_wconf 80' lang='grc' dir='ltr'>κατὰ</span> <span class='ocrx_word' id='word_1_491' title='bbox 1804 3525 1902 3591; x_wconf 77' lang='grc' dir='ltr'>τὴν</span> 
     </span>
    </p>
   </div>
   <div class='ocr_carea' id='block_1_60' title="bbox 326 3616 1898 3688">
    <p class='ocr_par' dir='ltr' id='par_1_60' title="bbox 326 3616 1898 3688">
     <span class='ocr_line' id='line_1_60' title="bbox 326 3616 1898 3688; baseline -0.001 -18"><span class='ocrx_word' id='word_1_492' title='bbox 326 3618 576 3670; x_wconf 79' lang='grc' dir='ltr'>ἑκάστων</span> <span class='ocrx_word' id='word_1_493' title='bbox 609 3617 766 3682; x_wconf 74' lang='grc' dir='ltr'>ἀξίαν</span> <span class='ocrx_word' id='word_1_494' title='bbox 801 3617 892 3668; x_wconf 69' lang='grc' dir='ltr'>καὶ</span> <span class='ocrx_word' id='word_1_495' title='bbox 925 3617 1077 3680; x_wconf 76' lang='grc' dir='ltr'>τάξιν</span> <span class='ocrx_word' id='word_1_496' title='bbox 1106 3617 1162 3668; x_wconf 75' lang='grc' dir='ltr'>ἐν</span> <span class='ocrx_word' id='word_1_497' title='bbox 1189 3616 1267 3685; x_wconf 80' lang='grc' dir='ltr'>τῷ</span> <span class='ocrx_word' id='word_1_498' title='bbox 1308 3620 1468 3668; x_wconf 74' lang='grc' dir='ltr'>παντὶ</span> <span class='ocrx_word' id='word_1_499' title='bbox 1504 3618 1804 3688; x_wconf 83' lang='grc' dir='ltr'>ἰδιαιτάτην</span> <span class='ocrx_word' id='word_1_500' title='bbox 1833 3621 1898 3687; x_wconf 81' lang='grc' dir='ltr'>τῇ</span> 
     </span>
    </p>
   </div>
   <div class='ocr_carea' id='block_1_61' title="bbox 326 3705 1901 3778">
    <p class='ocr_par' dir='ltr' id='par_1_61' title="bbox 326 3705 1901 3778">
     <span class='ocr_line' id='line_1_61' title="bbox 326 3705 1901 3778; baseline -0.001 -18"><span class='ocrx_word' id='word_1_501' title='bbox 326 3709 523 3778; x_wconf 83' lang='grc' dir='ltr'>λογικῇ</span> <span class='ocrx_word' id='word_1_502' title='bbox 551 3708 709 3776; x_wconf 76' lang='grc' dir='ltr'>φύσει</span> <span class='ocrx_word' id='word_1_503' title='bbox 744 3707 1102 3777; x_wconf 71' lang='grc' dir='ltr'>χαριζόμενος</span> <span class='ocrx_word' id='word_1_504' title='bbox 1129 3707 1406 3776; x_wconf 74' lang='grc' dir='ltr'>πρόνοιαν,</span> <span class='ocrx_word' id='word_1_505' title='bbox 1434 3710 1542 3768; x_wconf 84' lang='grc' dir='ltr'>τοῖς</span> <span class='ocrx_word' id='word_1_506' title='bbox 1572 3707 1786 3773; x_wconf 81' lang='grc' dir='ltr'>δώροις,</span> <span class='ocrx_word' id='word_1_507' title='bbox 1821 3705 1901 3769; x_wconf 78' lang='grc' dir='ltr'>οἷς</span> 
     </span>
    </p>
   </div>
   <div class='ocr_carea' id='block_1_62' title="bbox 326 3801 1903 3872">
    <p class='ocr_par' dir='ltr' id='par_1_62' title="bbox 326 3801 1903 3872">
     <span class='ocr_line' id='line_1_62' title="bbox 326 3801 1903 3872; baseline -0.001 -18"><span class='ocrx_word' id='word_1_508' title='bbox 326 3802 498 3872; x_wconf 73' lang='grc' dir='ltr'>αὐτὴν</span> <span class='ocrx_word' id='word_1_509' title='bbox 525 3803 795 3870; x_wconf 77' lang='grc' dir='ltr'>ἐκόσμησε</span> <span class='ocrx_word' id='word_1_510' title='bbox 825 3801 1164 3870; x_wconf 80' lang='grc' dir='ltr'>πρέπουσαν,</span> <span class='ocrx_word' id='word_1_511' title='bbox 1205 3801 1297 3853; x_wconf 81' lang='grc' dir='ltr'><strong>καὶ</strong></span> <span class='ocrx_word' id='word_1_512' title='bbox 1331 3801 1484 3863; x_wconf 82' lang='grc' dir='ltr'>τέλος</span> <span class='ocrx_word' id='word_1_513' title='bbox 1523 3801 1658 3868; x_wconf 80' lang='grc' dir='ltr'>αὐτῇ</span> <span class='ocrx_word' id='word_1_514' title='bbox 1691 3802 1784 3851; x_wconf 79' lang='grc' dir='ltr'>τοῦ</span> <span class='ocrx_word' id='word_1_515' title='bbox 1814 3817 1903 3866; x_wconf 85' lang='grc' dir='ltr'>γε·</span> 
     </span>
    </p>
   </div>
   <div class='ocr_carea' id='block_1_63' title="bbox 323 3889 1898 3963">
    <p class='ocr_par' dir='ltr' id='par_1_63' title="bbox 323 3889 1898 3963">
     <span class='ocr_line' id='line_1_63' title="bbox 323 3889 1898 3963; baseline -0.003 -16"><span class='ocrx_word' id='word_1_516' title='bbox 323 3897 538 3963; x_wconf 81' lang='grc' dir='ltr'>γονέναι</span> <span class='ocrx_word' id='word_1_517' title='bbox 576 3901 667 3947; x_wconf 70' lang='grc' dir='ltr'><strong>καὶ</strong></span> <span class='ocrx_word' id='word_1_518' title='bbox 700 3889 864 3955; x_wconf 73' lang='grc' dir='ltr'>εἶναι,</span> <span class='ocrx_word' id='word_1_519' title='bbox 899 3891 998 3963; x_wconf 80' lang='grc' dir='ltr'>τὴν</span> <span class='ocrx_word' id='word_1_520' title='bbox 1041 3893 1318 3963; x_wconf 81' lang='grc' dir='ltr'>μακαρίαν</span> <span class='ocrx_word' id='word_1_521' title='bbox 1350 3892 1516 3956; x_wconf 78' lang='grc' dir='ltr'>τάξας</span> <span class='ocrx_word' id='word_1_522' title='bbox 1547 3892 1711 3956; x_wconf 71' lang='grc' dir='ltr'>ζωὴν,</span> <span class='ocrx_word' id='word_1_523' title='bbox 1750 3894 1805 3942; x_wconf 79' lang='grc' dir='ltr'><strong>ἐν</strong></span> <span class='ocrx_word' id='word_1_524' title='bbox 1834 3895 1898 3962; x_wconf 80' lang='grc' dir='ltr'>τῇ</span> 
     </span>
    </p>
   </div>
   <div class='ocr_carea' id='block_1_64' title="bbox 325 3985 1902 4056">
    <p class='ocr_par' dir='ltr' id='par_1_64' title="bbox 325 3985 1902 4056">
     <span class='ocr_line' id='line_1_64' title="bbox 325 3985 1902 4056; baseline -0.002 -16"><span class='ocrx_word' id='word_1_525' title='bbox 325 3988 610 4056; x_wconf 79' lang='grc' dir='ltr'>εἰλικρινεῖ</span> <span class='ocrx_word' id='word_1_526' title='bbox 637 3989 730 4040; x_wconf 73' lang='grc' dir='ltr'><strong>καὶ</strong></span> <span class='ocrx_word' id='word_1_527' title='bbox 761 3987 950 4056; x_wconf 83' lang='grc' dir='ltr'>ἀμέσῳ</span> <span class='ocrx_word' id='word_1_528' title='bbox 980 3986 1072 4039; x_wconf 81' lang='grc' dir='ltr'>τοῦ</span> <span class='ocrx_word' id='word_1_529' title='bbox 1121 3985 1257 4040; x_wconf 80' lang='grc' dir='ltr'><strong>Θεοῦ</strong></span> <span class='ocrx_word' id='word_1_530' title='bbox 1293 3987 1387 4039; x_wconf 69' lang='grc' dir='ltr'><strong>καὶ</strong></span> <span class='ocrx_word' id='word_1_531' title='bbox 1434 3987 1541 4037; x_wconf 77' lang='grc' dir='ltr'><strong>τῶν</strong></span> <span class='ocrx_word' id='word_1_532' title='bbox 1574 3985 1732 4037; x_wconf 81' lang='grc' dir='ltr'>θείων</span> <span class='ocrx_word' id='word_1_533' title='bbox 1761 3985 1902 4052; x_wconf 71' lang='grc' dir='ltr'><strong>γνὼ-</strong></span> 
     </span>
    </p>
   </div>
   <div class='ocr_carea' id='block_1_65' title="bbox 331 4076 1901 4148">
    <p class='ocr_par' dir='ltr' id='par_1_65' title="bbox 331 4076 1901 4148">
     <span class='ocr_line' id='line_1_65' title="bbox 331 4076 1901 4148; baseline -0.004 -14"><span class='ocrx_word' id='word_1_534' title='bbox 331 4098 412 4134; x_wconf 87' lang='grc' dir='ltr'><strong>σει</strong></span> <span class='ocrx_word' id='word_1_535' title='bbox 439 4080 852 4148; x_wconf 80' lang='grc' dir='ltr'>συνισταμένην.</span> <span class='ocrx_word' id='word_1_536' title='bbox 888 4097 904 4129; x_wconf 76' lang='grc' dir='ltr'><strong>ι</strong></span> <span class='ocrx_word' id='word_1_537' title='bbox 940 4078 1085 4148; x_wconf 76' lang='grc' dir='ltr'>Αὕτη</span> <span class='ocrx_word' id='word_1_538' title='bbox 1112 4079 1219 4148; x_wconf 81' lang='grc' dir='ltr'>γὰρ</span> <span class='ocrx_word' id='word_1_539' title='bbox 1242 4079 1377 4142; x_wconf 77' lang='grc' dir='ltr'>ἐστι,</span> <span class='ocrx_word' id='word_1_540' title='bbox 1406 4079 1590 4145; x_wconf 67' lang='grc' dir='ltr'>φησιν,</span> <span class='ocrx_word' id='word_1_541' title='bbox 1617 4078 1648 4148; x_wconf 79' lang='grc' dir='ltr'>ἡ</span> <span class='ocrx_word' id='word_1_542' title='bbox 1686 4076 1901 4140; x_wconf 78' lang='grc' dir='ltr'>αἰώνιος</span> 
     </span>
    </p>
   </div>
   <div class='ocr_carea' id='block_1_66' title="bbox 327 4169 1902 4243">
    <p class='ocr_par' dir='ltr' id='par_1_66' title="bbox 327 4169 1902 4243">
     <span class='ocr_line' id='line_1_66' title="bbox 327 4169 1902 4243; baseline -0.003 -17"><span class='ocrx_word' id='word_1_543' title='bbox 327 4173 459 4243; x_wconf 76' lang='grc' dir='ltr'>ζωὴ,</span> <span class='ocrx_word' id='word_1_544' title='bbox 494 4172 580 4224; x_wconf 78' lang='grc' dir='ltr'><strong>ἵνα</strong></span> <span class='ocrx_word' id='word_1_545' title='bbox 605 4172 918 4239; x_wconf 68' lang='grc' dir='ltr'>γινώσκωσι</span> <span class='ocrx_word' id='word_1_546' title='bbox 948 4169 1006 4221; x_wconf 78' lang='grc' dir='ltr'><strong>σὲ</strong></span> <span class='ocrx_word' id='word_1_547' title='bbox 1036 4171 1121 4222; x_wconf 69' lang='grc' dir='ltr'><strong>τὸν</strong></span> <span class='ocrx_word' id='word_1_548' title='bbox 1149 4170 1308 4239; x_wconf 73' lang='grc' dir='ltr'>μόνον</span> <span class='ocrx_word' id='word_1_549' title='bbox 1335 4169 1588 4239; x_wconf 66' lang='grc' dir='ltr'>ἀληθινὸν</span> <span class='ocrx_word' id='word_1_550' title='bbox 1618 4170 1771 4235; x_wconf 77' lang='grc' dir='ltr'>Θεὸν,</span> <span class='ocrx_word' id='word_1_551' title='bbox 1807 4171 1902 4222; x_wconf 72' lang='grc' dir='ltr'><strong>καὶ</strong></span> 
     </span>
    </p>
   </div>
   <div class='ocr_carea' id='block_1_67' title="bbox 326 4262 1900 4332">
    <p class='ocr_par' dir='ltr' id='par_1_67' title="bbox 326 4262 1900 4332">
     <span class='ocr_line' id='line_1_67' title="bbox 326 4262 1900 4332; baseline -0.003 -15"><span class='ocrx_word' id='word_1_552' title='bbox 326 4265 383 4317; x_wconf 78' lang='grc' dir='ltr'>ὃν</span> <span class='ocrx_word' id='word_1_553' title='bbox 415 4265 742 4325; x_wconf 78' lang='grc' dir='ltr'>ἀπέστειλας</span> <span class='ocrx_word' id='word_1_554' title='bbox 783 4262 987 4332; x_wconf 76' lang='grc' dir='ltr'>Ἰησοῦν</span> <span class='ocrx_word' id='word_1_555' title='bbox 1024 4263 1277 4331; x_wconf 60' lang='grc' dir='ltr'>Χριστὶν,</span> <span class='ocrx_word' id='word_1_556' title='bbox 1319 4281 1336 4313; x_wconf 72' lang='grc' dir='ltr'><strong>ι</strong></span> <span class='ocrx_word' id='word_1_557' title='bbox 1366 4262 1633 4327; x_wconf 77' lang='grc' dir='ltr'>τουτέστι,</span> <span class='ocrx_word' id='word_1_558' title='bbox 1683 4263 1751 4315; x_wconf 71' lang='grc' dir='ltr'><strong>τὰ</strong></span> <span class='ocrx_word' id='word_1_559' title='bbox 1803 4266 1900 4332; x_wconf 79' lang='grc' dir='ltr'>τῆς</span> 
     </span>
    </p>
   </div>
   <div class='ocr_carea' id='block_1_68' title="bbox 327 4355 1898 4425">
    <p class='ocr_par' dir='ltr' id='par_1_68' title="bbox 327 4355 1898 4425">
     <span class='ocr_line' id='line_1_68' title="bbox 327 4355 1898 4425; baseline -0.002 -16"><span class='ocrx_word' id='word_1_560' title='bbox 327 4357 604 4425; x_wconf 71' lang='grc' dir='ltr'>θεολογίας</span> <span class='ocrx_word' id='word_1_561' title='bbox 648 4357 742 4410; x_wconf 69' lang='grc' dir='ltr'><strong>καὶ</strong></span> <span class='ocrx_word' id='word_1_562' title='bbox 775 4357 1086 4425; x_wconf 77' lang='grc' dir='ltr'>οἰκονομίας</span> <span class='ocrx_word' id='word_1_563' title='bbox 1113 4355 1425 4425; x_wconf 72' lang='grc' dir='ltr'>ἀπὸρῤητα,</span> <span class='ocrx_word' id='word_1_564' title='bbox 1468 4355 1501 4408; x_wconf 80' lang='grc' dir='ltr'><strong>ὃ.</strong></span> <span class='ocrx_word' id='word_1_565' title='bbox 1531 4355 1622 4407; x_wconf 81' lang='grc' dir='ltr'>νῦν</span> <span class='ocrx_word' id='word_1_566' title='bbox 1653 4358 1709 4406; x_wconf 75' lang='grc' dir='ltr'><strong>ἐν</strong></span> <span class='ocrx_word' id='word_1_567' title='bbox 1741 4357 1898 4407; x_wconf 60' lang='lat' dir='ltr'><strong>scrin-</strong></span> 
     </span>
    </p>
   </div>
   <div class='ocr_carea' id='block_1_69' title="bbox 2016 3155 3599 3230">
    <p class='ocr_par' dir='ltr' id='par_1_69' title="bbox 2016 3155 3599 3230">
     <span class='ocr_line' id='line_1_69' title="bbox 2016 3155 3599 3230; baseline 0.006 -21"><span class='ocrx_word' id='word_1_568' title='bbox 2016 3158 2217 3210; x_wconf 64' lang='lat' dir='ltr'><strong>cordize</strong></span> <span class='ocrx_word' id='word_1_569' title='bbox 2252 3171 2364 3209; x_wconf 76' lang='lat' dir='ltr'><strong>sua:</strong></span> <span class='ocrx_word' id='word_1_570' title='bbox 2420 3156 2812 3210; x_wconf 81' lang='lat' dir='ltr'><strong>immensitate.</strong></span> <span class='ocrx_word' id='word_1_571' title='bbox 2866 3174 2883 3207; x_wconf 85' lang='grc' dir='ltr'><strong>ι</strong></span> <span class='ocrx_word' id='word_1_572' title='bbox 2922 3155 3036 3210; x_wconf 84' lang='lat' dir='ltr'><strong>Non</strong></span> <span class='ocrx_word' id='word_1_573' title='bbox 3065 3157 3208 3211; x_wconf 83' lang='lat' dir='ltr'><strong>enim</strong></span> <span class='ocrx_word' id='word_1_574' title='bbox 3245 3176 3309 3212; x_wconf 73' lang='lat' dir='ltr'><strong>ex</strong></span> <span class='ocrx_word' id='word_1_575' title='bbox 3343 3162 3599 3230; x_wconf 87' lang='lat' dir='ltr'><strong>Operibus</strong></span> 
     </span>
    </p>
   </div>
   <div class='ocr_carea' id='block_1_70' title="bbox 2007 3249 3600 3323">
    <p class='ocr_par' dir='ltr' id='par_1_70' title="bbox 2007 3249 3600 3323">
     <span class='ocr_line' id='line_1_70' title="bbox 2007 3249 3600 3323; baseline 0.006 -24"><span class='ocrx_word' id='word_1_576' title='bbox 2007 3250 2246 3319; x_wconf 64' lang='lat' dir='ltr'><strong>justitite,</strong></span> <span class='ocrx_word' id='word_1_577' title='bbox 2269 3264 2387 3318; x_wconf 62' lang='lat' dir='ltr'><strong>qum-</strong></span> <span class='ocrx_word' id='word_1_578' title='bbox 2411 3263 2511 3303; x_wconf 91' lang='lat' dir='ltr'><strong>nos</strong></span> <span class='ocrx_word' id='word_1_579' title='bbox 2536 3250 2782 3316; x_wconf 76' lang='lat' dir='ltr'><strong>fecimus,</strong></span> <span class='ocrx_word' id='word_1_580' title='bbox 2801 3249 3000 3320; x_wconf 88' lang='lat' dir='ltr'><strong>(inquit</strong></span> <span class='ocrx_word' id='word_1_581' title='bbox 3024 3252 3237 3306; x_wconf 81' lang='lat' dir='ltr'><strong>divinus</strong></span> <span class='ocrx_word' id='word_1_582' title='bbox 3263 3254 3600 3323; x_wconf 79' lang='lat' dir='ltr'><strong>Apostolusi,</strong></span> 
     </span>
    </p>
   </div>
   <div class='ocr_carea' id='block_1_71' title="bbox 2012 3340 3600 3415">
    <p class='ocr_par' dir='ltr' id='par_1_71' title="bbox 2012 3340 3600 3415">
     <span class='ocr_line' id='line_1_71' title="bbox 2012 3340 3600 3415; baseline 0.006 -22"><span class='ocrx_word' id='word_1_583' title='bbox 2012 3340 2107 3394; x_wconf 90' lang='lat' dir='ltr'><strong>sed</strong></span> <span class='ocrx_word' id='word_1_584' title='bbox 2139 3341 2438 3395; x_wconf 90' lang='lat' dir='ltr'><strong>secundum</strong></span> <span class='ocrx_word' id='word_1_585' title='bbox 2479 3340 2910 3415; x_wconf 78' lang='lat' dir='ltr'><strong>misericordiam</strong></span> <span class='ocrx_word' id='word_1_586' title='bbox 2959 3359 3112 3398; x_wconf 87' lang='lat' dir='ltr'><strong>suam</strong></span> <span class='ocrx_word' id='word_1_587' title='bbox 3159 3347 3337 3401; x_wconf 84' lang='lat' dir='ltr'><strong>salvos</strong></span> <span class='ocrx_word' id='word_1_588' title='bbox 3370 3363 3467 3402; x_wconf 90' lang='lat' dir='ltr'><strong>nos</strong></span> <span class='ocrx_word' id='word_1_589' title='bbox 3519 3348 3600 3402; x_wconf 80' lang='lat' dir='ltr'><strong>fe-</strong></span> 
     </span>
    </p>
   </div>
   <div class='ocr_carea' id='block_1_72' title="bbox 2011 3426 3602 3508">
    <p class='ocr_par' dir='ltr' id='par_1_72' title="bbox 2011 3426 3602 3508">
     <span class='ocr_line' id='line_1_72' title="bbox 2011 3426 3602 3508; baseline 0.008 -25"><span class='ocrx_word' id='word_1_590' title='bbox 2011 3431 2104 3484; x_wconf 90' lang='lat' dir='ltr'><strong>cit.</strong></span> <span class='ocrx_word' id='word_1_591' title='bbox 2147 3449 2164 3483; x_wconf 74' lang='grc' dir='ltr'><strong>ι</strong></span> <span class='ocrx_word' id='word_1_592' title='bbox 2219 3431 2302 3485; x_wconf 88' lang='lat' dir='ltr'><strong>Ah</strong></span> <span class='ocrx_word' id='word_1_593' title='bbox 2343 3434 2491 3486; x_wconf 88' lang='lat' dir='ltr'><strong>oumi</strong></span> <span class='ocrx_word' id='word_1_594' title='bbox 2527 3449 2661 3501; x_wconf 70' lang='grc' dir='ltr'>εενο,</span> <span class='ocrx_word' id='word_1_595' title='bbox 2695 3436 2856 3488; x_wconf 86' lang='lat' dir='ltr'><strong>etiam</strong></span> <span class='ocrx_word' id='word_1_596' title='bbox 2904 3426 3076 3501; x_wconf 81' lang='lat' dir='ltr'><strong>nunc,</strong></span> <span class='ocrx_word' id='word_1_597' title='bbox 3131 3448 3183 3492; x_wconf 90' lang='lat' dir='ltr'><strong>et</strong></span> <span class='ocrx_word' id='word_1_598' title='bbox 3223 3441 3460 3508; x_wconf 84' lang='lat' dir='ltr'><strong>quaudiu</strong></span> <span class='ocrx_word' id='word_1_599' title='bbox 3505 3441 3602 3496; x_wconf 80' lang='lat' dir='ltr'><strong>ho-</strong></span> 
     </span>
    </p>
   </div>
   <div class='ocr_carea' id='block_1_73' title="bbox 2011 3522 3603 3593">
    <p class='ocr_par' dir='ltr' id='par_1_73' title="bbox 2011 3522 3603 3593">
     <span class='ocr_line' id='line_1_73' title="bbox 2011 3522 3603 3593; baseline 0.006 -19"><span class='ocrx_word' id='word_1_600' title='bbox 2011 3522 2218 3574; x_wconf 87' lang='lat' dir='ltr'><strong>miuum</strong></span> <span class='ocrx_word' id='word_1_601' title='bbox 2249 3525 2524 3592; x_wconf 72' lang='lat' dir='ltr'><strong>generatio</strong></span> <span class='ocrx_word' id='word_1_602' title='bbox 2548 3526 2859 3579; x_wconf 87' lang='lat' dir='ltr'><strong>constiterit</strong></span> <span class='ocrx_word' id='word_1_603' title='bbox 2893 3542 2906 3578; x_wconf 88' lang='lat'><strong>:</strong></span> <span class='ocrx_word' id='word_1_604' title='bbox 2951 3538 3006 3580; x_wconf 95' lang='lat' dir='ltr'><strong>ut</strong></span> <span class='ocrx_word' id='word_1_605' title='bbox 3050 3529 3140 3593; x_wconf 87' lang='lat' dir='ltr'><strong>qui</strong></span> <span class='ocrx_word' id='word_1_606' title='bbox 3175 3530 3338 3581; x_wconf 85' lang='lat' dir='ltr'><strong>semel</strong></span> <span class='ocrx_word' id='word_1_607' title='bbox 3373 3534 3603 3584; x_wconf 66' lang='lat' dir='ltr'><strong>commi-</strong></span> 
     </span>
    </p>
   </div>
   <div class='ocr_carea' id='block_1_74' title="bbox 2011 3615 3598 3690">
    <p class='ocr_par' dir='ltr' id='par_1_74' title="bbox 2011 3615 3598 3690">
     <span class='ocr_line' id='line_1_74' title="bbox 2011 3615 3598 3690; baseline 0.006 -23"><span class='ocrx_word' id='word_1_608' title='bbox 2011 3615 2286 3668; x_wconf 87' lang='lat' dir='ltr'><strong>seratione</strong></span> <span class='ocrx_word' id='word_1_609' title='bbox 2325 3616 2439 3668; x_wconf 86' lang='lat' dir='ltr'><strong>sola</strong></span> <span class='ocrx_word' id='word_1_610' title='bbox 2469 3616 2800 3685; x_wconf 87' lang='lat' dir='ltr'><strong>propriaque</strong></span> <span class='ocrx_word' id='word_1_611' title='bbox 2836 3621 2958 3672; x_wconf 65' lang='lat' dir='ltr'><strong>vitte</strong></span> <span class='ocrx_word' id='word_1_612' title='bbox 2999 3619 3140 3670; x_wconf 84' lang='lat' dir='ltr'><strong>viam</strong></span> <span class='ocrx_word' id='word_1_613' title='bbox 3173 3620 3331 3676; x_wconf 87' lang='lat' dir='ltr'><strong>nobis</strong></span> <span class='ocrx_word' id='word_1_614' title='bbox 3363 3625 3598 3690; x_wconf 74' lang='lat' dir='ltr'><strong>apertt3t.</strong></span> 
     </span>
    </p>
   </div>
   <div class='ocr_carea' id='block_1_75' title="bbox 2009 3703 3602 3781">
    <p class='ocr_par' dir='ltr' id='par_1_75' title="bbox 2009 3703 3602 3781">
     <span class='ocr_line' id='line_1_75' title="bbox 2009 3703 3602 3781; baseline 0.008 -25"><span class='ocrx_word' id='word_1_615' title='bbox 2009 3703 2220 3757; x_wconf 83' lang='lat' dir='ltr'><strong>Etenim</strong></span> <span class='ocrx_word' id='word_1_616' title='bbox 2247 3705 2338 3773; x_wconf 89' lang='lat' dir='ltr'><strong>qui</strong></span> <span class='ocrx_word' id='word_1_617' title='bbox 2362 3706 2618 3762; x_wconf 90' lang='lat' dir='ltr'><strong>omnibus</strong></span> <span class='ocrx_word' id='word_1_618' title='bbox 2645 3707 2760 3762; x_wconf 90' lang='lat' dir='ltr'><strong>suis</strong></span> <span class='ocrx_word' id='word_1_619' title='bbox 2787 3709 3046 3775; x_wconf 80' lang='lat' dir='ltr'><strong>Operibus</strong></span> <span class='ocrx_word' id='word_1_620' title='bbox 3072 3711 3267 3765; x_wconf 75' lang='lat' dir='ltr'><strong>rationi</strong></span> <span class='ocrx_word' id='word_1_621' title='bbox 3296 3728 3602 3781; x_wconf 68' lang='lat' dir='ltr'><strong>congruen-</strong></span> 
     </span>
    </p>
   </div>
   <div class='ocr_carea' id='block_1_76' title="bbox 2009 3790 3595 3872">
    <p class='ocr_par' dir='ltr' id='par_1_76' title="bbox 2009 3790 3595 3872">
     <span class='ocr_line' id='line_1_76' title="bbox 2009 3790 3595 3872; baseline 0.006 -22"><span class='ocrx_word' id='word_1_622' title='bbox 2009 3809 2090 3851; x_wconf 80' lang='lat' dir='ltr'><strong>ter</strong></span> <span class='ocrx_word' id='word_1_623' title='bbox 2119 3799 2384 3867; x_wconf 78' lang='lat' dir='ltr'><strong>providet,</strong></span> <span class='ocrx_word' id='word_1_624' title='bbox 2427 3814 2523 3868; x_wconf 89' lang='lat' dir='ltr'><strong>pro</strong></span> <span class='ocrx_word' id='word_1_625' title='bbox 2552 3790 2891 3870; x_wconf 89' lang='lat' dir='ltr'><strong>singulorum</strong></span> <span class='ocrx_word' id='word_1_626' title='bbox 2929 3801 3192 3872; x_wconf 83' lang='lat' dir='ltr'><strong>dignitate</strong></span> <span class='ocrx_word' id='word_1_627' title='bbox 3216 3812 3269 3856; x_wconf 87' lang='lat' dir='ltr'><strong>et</strong></span> <span class='ocrx_word' id='word_1_628' title='bbox 3294 3805 3508 3870; x_wconf 90' lang='lat' dir='ltr'><strong>ordine,</strong></span> <span class='ocrx_word' id='word_1_629' title='bbox 3541 3806 3595 3860; x_wconf 92' lang='lat' dir='ltr'><strong>in</strong></span> 
     </span>
    </p>
   </div>
   <div class='ocr_carea' id='block_1_77' title="bbox 2005 3890 3597 3958">
    <p class='ocr_par' dir='ltr' id='par_1_77' title="bbox 2005 3890 3597 3958">
     <span class='ocr_line' id='line_1_77' title="bbox 2005 3890 3597 3958; baseline 0.006 -15"><span class='ocrx_word' id='word_1_630' title='bbox 2005 3890 2151 3943; x_wconf 89' lang='lat' dir='ltr'><strong>omni</strong></span> <span class='ocrx_word' id='word_1_631' title='bbox 2198 3891 2382 3957; x_wconf 89' lang='lat' dir='ltr'><strong>utique</strong></span> <span class='ocrx_word' id='word_1_632' title='bbox 2411 3891 2756 3958; x_wconf 58' lang='lat' dir='ltr'><strong>,peculiarem</strong></span> <span class='ocrx_word' id='word_1_633' title='bbox 2814 3895 3052 3948; x_wconf 79' lang='lat' dir='ltr'><strong>maxime</strong></span> <span class='ocrx_word' id='word_1_634' title='bbox 3097 3895 3348 3948; x_wconf 83' lang='lat' dir='ltr'><strong>rationali</strong></span> <span class='ocrx_word' id='word_1_635' title='bbox 3386 3906 3597 3952; x_wconf 59' lang='lat' dir='ltr'><strong>natura!</strong></span> 
     </span>
    </p>
   </div>
   <div class='ocr_carea' id='block_1_78' title="bbox 2005 3982 3598 4053">
    <p class='ocr_par' dir='ltr' id='par_1_78' title="bbox 2005 3982 3598 4053">
     <span class='ocr_line' id='line_1_78' title="bbox 2005 3982 3598 4053; baseline 0.005 -19"><span class='ocrx_word' id='word_1_636' title='bbox 2005 3982 2404 4049; x_wconf 78' lang='lat' dir='ltr'><strong>providentiam</strong></span> <span class='ocrx_word' id='word_1_637' title='bbox 2441 3983 2718 4050; x_wconf 80' lang='lat' dir='ltr'><strong>largiendo</strong></span> <span class='ocrx_word' id='word_1_638' title='bbox 2753 3983 3079 4038; x_wconf 88' lang='lat' dir='ltr'><strong>muneribus</strong></span> <span class='ocrx_word' id='word_1_639' title='bbox 3117 3986 3319 4053; x_wconf 89' lang='lat' dir='ltr'><strong>quibus</strong></span> <span class='ocrx_word' id='word_1_640' title='bbox 3348 4003 3468 4041; x_wconf 87' lang='lat' dir='ltr'><strong>eam</strong></span> <span class='ocrx_word' id='word_1_641' title='bbox 3502 3987 3598 4042; x_wconf 79' lang='lat' dir='ltr'><strong>de-</strong></span> 
     </span>
    </p>
   </div>
   <div class='ocr_carea' id='block_1_79' title="bbox 2006 4073 3596 4143">
    <p class='ocr_par' dir='ltr' id='par_1_79' title="bbox 2006 4073 3596 4143">
     <span class='ocr_line' id='line_1_79' title="bbox 2006 4073 3596 4143; baseline 0.004 -15"><span class='ocrx_word' id='word_1_642' title='bbox 2006 4075 2221 4128; x_wconf 78' lang='lat' dir='ltr'><strong>coravit</strong></span> <span class='ocrx_word' id='word_1_643' title='bbox 2254 4073 2545 4141; x_wconf 81' lang='lat' dir='ltr'><strong>insignem,</strong></span> <span class='ocrx_word' id='word_1_644' title='bbox 2582 4074 2796 4143; x_wconf 88' lang='lat' dir='ltr'><strong>ipsique</strong></span> <span class='ocrx_word' id='word_1_645' title='bbox 2847 4076 3150 4128; x_wconf 89' lang='lat' dir='ltr'><strong>constituto</strong></span> <span class='ocrx_word' id='word_1_646' title='bbox 3198 4077 3300 4130; x_wconf 79' lang='lat' dir='ltr'><strong>ﬁne</strong></span> <span class='ocrx_word' id='word_1_647' title='bbox 3336 4079 3596 4135; x_wconf 86' lang='lat' dir='ltr'><strong>nascendi</strong></span> 
     </span>
    </p>
   </div>
   <div class='ocr_carea' id='block_1_80' title="bbox 2005 4153 3598 4234">
    <p class='ocr_par' dir='ltr' id='par_1_80' title="bbox 2005 4153 3598 4234">
     <span class='ocr_line' id='line_1_80' title="bbox 2005 4153 3598 4234; baseline 0.001 -15"><span class='ocrx_word' id='word_1_648' title='bbox 2005 4174 2057 4219; x_wconf 92' lang='lat' dir='ltr'><strong>ct</strong></span> <span class='ocrx_word' id='word_1_649' title='bbox 2089 4165 2385 4219; x_wconf 77' lang='lat' dir='ltr'><strong>exsistendi</strong></span> <span class='ocrx_word' id='word_1_650' title='bbox 2413 4166 2463 4217; x_wconf 93' lang='lat' dir='ltr'><strong>in</strong></span> <span class='ocrx_word' id='word_1_651' title='bbox 2491 4166 2647 4218; x_wconf 87' lang='lat' dir='ltr'><strong>beata</strong></span> <span class='ocrx_word' id='word_1_652' title='bbox 2676 4165 2805 4228; x_wconf 77' lang='lat' dir='ltr'><strong>vita,</strong></span> <span class='ocrx_word' id='word_1_653' title='bbox 2834 4181 2953 4231; x_wconf 74' lang='lat' dir='ltr'><strong>qua:</strong></span> <span class='ocrx_word' id='word_1_654' title='bbox 2987 4167 3219 4229; x_wconf 88' lang='lat' dir='ltr'><strong>sincera,</strong></span> <span class='ocrx_word' id='word_1_655' title='bbox 3239 4183 3369 4234; x_wconf 90' lang='lat' dir='ltr'><strong>pura</strong></span> <span class='ocrx_word' id='word_1_656' title='bbox 3407 4153 3598 4220; x_wconf 80' lang='lat' dir='ltr'><strong>imme-</strong></span> 
     </span>
    </p>
   </div>
   <div class='ocr_carea' id='block_1_81' title="bbox 2005 4254 3597 4325">
    <p class='ocr_par' dir='ltr' id='par_1_81' title="bbox 2005 4254 3597 4325">
     <span class='ocr_line' id='line_1_81' title="bbox 2005 4254 3597 4325; baseline 0.003 -17"><span class='ocrx_word' id='word_1_657' title='bbox 2005 4256 2258 4323; x_wconf 86' lang='lat' dir='ltr'><strong>diataque</strong></span> <span class='ocrx_word' id='word_1_658' title='bbox 2294 4254 2389 4309; x_wconf 84' lang='lat' dir='ltr'><strong>Dei</strong></span> <span class='ocrx_word' id='word_1_659' title='bbox 2421 4263 2473 4308; x_wconf 83' lang='lat' dir='ltr'><strong>et</strong></span> <span class='ocrx_word' id='word_1_660' title='bbox 2515 4270 2696 4308; x_wconf 90' lang='lat' dir='ltr'><strong>rerum</strong></span> <span class='ocrx_word' id='word_1_661' title='bbox 2729 4255 3036 4309; x_wconf 78' lang='lat' dir='ltr'><strong>divinarum</strong></span> <span class='ocrx_word' id='word_1_662' title='bbox 3077 4257 3388 4325; x_wconf 87' lang='lat' dir='ltr'><strong>cognitione</strong></span> <span class='ocrx_word' id='word_1_663' title='bbox 3419 4257 3597 4313; x_wconf 43' lang='lat' dir='ltr'><strong>consi‘</strong></span> 
     </span>
    </p>
   </div>
   <div class='ocr_carea' id='block_1_82' title="bbox 2004 4344 3599 4417">
    <p class='ocr_par' dir='ltr' id='par_1_82' title="bbox 2004 4344 3599 4417">
     <span class='ocr_line' id='line_1_82' title="bbox 2004 4344 3599 4417; baseline 0.004 -18"><span class='ocrx_word' id='word_1_664' title='bbox 2004 4347 2120 4399; x_wconf 88' lang='lat' dir='ltr'><strong>stit.</strong></span> <span class='ocrx_word' id='word_1_665' title='bbox 2159 4365 2176 4399; x_wconf 87' lang='grc'><em>‹</em></span> <span class='ocrx_word' id='word_1_666' title='bbox 2223 4344 2346 4400; x_wconf 73' lang='lat' dir='ltr'><strong>[hec</strong></span> <span class='ocrx_word' id='word_1_667' title='bbox 2375 4347 2520 4400; x_wconf 89' lang='lat' dir='ltr'><strong>enim</strong></span> <span class='ocrx_word' id='word_1_668' title='bbox 2557 4355 2662 4410; x_wconf 85' lang='lat' dir='ltr'><strong>est,</strong></span> <span class='ocrx_word' id='word_1_669' title='bbox 2726 4345 2931 4417; x_wconf 83' lang='lat' dir='ltr'><strong>inquit,</strong></span> <span class='ocrx_word' id='word_1_670' title='bbox 2967 4357 3169 4404; x_wconf 67' lang='lat' dir='ltr'><strong>(eterna</strong></span> <span class='ocrx_word' id='word_1_671' title='bbox 3217 4351 3361 4414; x_wconf 85' lang='lat' dir='ltr'><strong>vita,</strong></span> <span class='ocrx_word' id='word_1_672' title='bbox 3411 4360 3469 4404; x_wconf 88' lang='lat' dir='ltr'><strong>ut</strong></span> <span class='ocrx_word' id='word_1_673' title='bbox 3503 4365 3599 4405; x_wconf 87' lang='lat' dir='ltr'><strong>eo-</strong></span> 
     </span>
    </p>
   </div>
   <div class='ocr_carea' id='block_1_83' title="bbox 322 4432 1902 4520">
    <p class='ocr_par' dir='ltr' id='par_1_83' title="bbox 322 4448 1902 4520">
     <span class='ocr_line' id='line_1_83' title="bbox 322 4448 1902 4520; baseline -0.001 -19"><span class='ocrx_word' id='word_1_674' title='bbox 322 4467 437 4520; x_wconf 82' lang='grc' dir='ltr'>τρῳ</span> <span class='ocrx_word' id='word_1_675' title='bbox 495 4451 588 4503; x_wconf 73' lang='grc' dir='ltr'>καὶ</span> <span class='ocrx_word' id='word_1_676' title='bbox 644 4449 928 4517; x_wconf 75' lang='grc' dir='ltr'>αἰνίγματι</span> <span class='ocrx_word' id='word_1_677' title='bbox 973 4448 1260 4516; x_wconf 69' lang='grc' dir='ltr'>βλέπουσιν</span> <span class='ocrx_word' id='word_1_678' title='bbox 1295 4450 1341 4500; x_wconf 75' lang='lat' dir='ltr'><strong>oi</strong></span> <span class='ocrx_word' id='word_1_679' title='bbox 1383 4449 1757 4510; x_wconf 72' lang='grc' dir='ltr'>πιστεύοντες·</span> <span class='ocrx_word' id='word_1_680' title='bbox 1807 4450 1902 4500; x_wconf 71' lang='lat' dir='ltr'><strong>a0-</strong></span> 
     </span>
    </p>
   </div>
   <div class='ocr_carea' id='block_1_84' title="bbox 2013 4432 3596 4520">
    <p class='ocr_par' dir='ltr' id='par_1_84' title="bbox 2013 4440 3596 4520">
     <span class='ocr_line' id='line_1_84' title="bbox 2013 4440 3596 4520; baseline 0.004 -30"><span class='ocrx_word' id='word_1_681' title='bbox 2013 4449 2354 4520; x_wconf 55' lang='lat' dir='ltr'><strong>gnoscant‘te</strong></span> <span class='ocrx_word' id='word_1_682' title='bbox 2387 4440 2563 4494; x_wconf 91' lang='lat' dir='ltr'><strong>solum</strong></span> <span class='ocrx_word' id='word_1_683' title='bbox 2615 4455 2802 4494; x_wconf 82' lang='lat' dir='ltr'><strong>verum</strong></span> <span class='ocrx_word' id='word_1_684' title='bbox 2858 4442 3049 4507; x_wconf 88' lang='lat' dir='ltr'><strong>Deum,</strong></span> <span class='ocrx_word' id='word_1_685' title='bbox 3093 4450 3145 4496; x_wconf 87' lang='lat' dir='ltr'><strong>et</strong></span> <span class='ocrx_word' id='word_1_686' title='bbox 3187 4457 3347 4512; x_wconf 91' lang='lat' dir='ltr'><strong>quem</strong></span> <span class='ocrx_word' id='word_1_687' title='bbox 3398 4443 3596 4498; x_wconf 84' lang='lat' dir='ltr'><strong>misisti</strong></span> 
     </span>
    </p>
   </div>
   <div class='ocr_carea' id='block_1_85' title="bbox 319 4540 1900 4612">
    <p class='ocr_par' dir='ltr' id='par_1_85' title="bbox 319 4540 1900 4612">
     <span class='ocr_line' id='line_1_85' title="bbox 319 4540 1900 4612; baseline -0.001 -17"><span class='ocrx_word' id='word_1_688' title='bbox 319 4544 416 4605; x_wconf 79' lang='grc' dir='ltr'><strong>τὸς</strong></span> <span class='ocrx_word' id='word_1_689' title='bbox 440 4542 576 4612; x_wconf 77' lang='grc' dir='ltr'>αὐτῇ</span> <span class='ocrx_word' id='word_1_690' title='bbox 615 4543 705 4594; x_wconf 76' lang='grc' dir='ltr'>τὸν</span> <span class='ocrx_word' id='word_1_691' title='bbox 740 4542 864 4610; x_wconf 77' lang='grc' dir='ltr'>ὅρον</span> <span class='ocrx_word' id='word_1_692' title='bbox 899 4542 1102 4592; x_wconf 79' lang='grc' dir='ltr'>ἐκεῖνον</span> <span class='ocrx_word' id='word_1_693' title='bbox 1134 4540 1339 4610; x_wconf 83' lang='grc' dir='ltr'>τίθησι,</span> <span class='ocrx_word' id='word_1_694' title='bbox 1377 4543 1471 4592; x_wconf 75' lang='grc' dir='ltr'><strong>καὶ</strong></span> <span class='ocrx_word' id='word_1_695' title='bbox 1505 4540 1563 4591; x_wconf 76' lang='grc' dir='ltr'>τὸ</span> <span class='ocrx_word' id='word_1_696' title='bbox 1594 4542 1764 4608; x_wconf 78' lang='grc' dir='ltr'>τέλος,</span> <span class='ocrx_word' id='word_1_697' title='bbox 1805 4543 1900 4594; x_wconf 72' lang='grc' dir='ltr'><strong>καὶ</strong></span> 
     </span>
    </p>
   </div>
   <div class='ocr_carea' id='block_1_86' title="bbox 316 4633 1900 4702">
    <p class='ocr_par' dir='ltr' id='par_1_86' title="bbox 316 4633 1900 4702">
     <span class='ocr_line' id='line_1_86' title="bbox 316 4633 1900 4702; baseline 0.001 -15"><span class='ocrx_word' id='word_1_698' title='bbox 316 4635 413 4687; x_wconf 78' lang='grc' dir='ltr'>τὸν</span> <span class='ocrx_word' id='word_1_699' title='bbox 457 4635 678 4699; x_wconf 67' lang='grc' dir='ltr'>σκοπὸν,</span> <span class='ocrx_word' id='word_1_700' title='bbox 710 4635 922 4696; x_wconf 64' lang='grc' dir='ltr'>οὐδενος</span> <span class='ocrx_word' id='word_1_701' title='bbox 951 4634 1060 4685; x_wconf 83' lang='grc' dir='ltr'><strong>τῶν</strong></span> <span class='ocrx_word' id='word_1_702' title='bbox 1096 4634 1286 4699; x_wconf 72' lang='grc' dir='ltr'>ὄντων,</span> <span class='ocrx_word' id='word_1_703' title='bbox 1321 4633 1440 4686; x_wconf 74' lang='grc' dir='ltr'>οὐδὲ</span> <span class='ocrx_word' id='word_1_704' title='bbox 1490 4633 1707 4687; x_wconf 78' lang='grc' dir='ltr'>πάντων</span> <span class='ocrx_word' id='word_1_705' title='bbox 1767 4635 1900 4702; x_wconf 76' lang='grc' dir='ltr'>ὁμοῦ</span> 
     </span>
    </p>
   </div>
   <div class='ocr_carea' id='block_1_87' title="bbox 323 4725 1899 4796">
    <p class='ocr_par' dir='ltr' id='par_1_87' title="bbox 323 4725 1899 4796">
     <span class='ocr_line' id='line_1_87' title="bbox 323 4725 1899 4796; baseline 0.001 -16"><span class='ocrx_word' id='word_1_706' title='bbox 323 4726 485 4780; x_wconf 82' lang='grc' dir='ltr'>τοῦτό</span> <span class='ocrx_word' id='word_1_707' title='bbox 513 4744 576 4795; x_wconf 86' lang='grc' dir='ltr'><strong>γε</strong></span> <span class='ocrx_word' id='word_1_708' title='bbox 601 4727 937 4796; x_wconf 82' lang='grc' dir='ltr'>δυναμένων,</span> <span class='ocrx_word' id='word_1_709' title='bbox 976 4725 1136 4788; x_wconf 78' lang='grc' dir='ltr'>αὐτὸς</span> <span class='ocrx_word' id='word_1_710' title='bbox 1167 4730 1263 4778; x_wconf 71' lang='grc' dir='ltr'><strong>καὶ</strong></span> <span class='ocrx_word' id='word_1_711' title='bbox 1297 4725 1433 4792; x_wconf 73' lang='grc' dir='ltr'>πρὸς</span> <span class='ocrx_word' id='word_1_712' title='bbox 1463 4727 1668 4778; x_wconf 77' lang='grc' dir='ltr'>ἐκεῖνον</span> <span class='ocrx_word' id='word_1_713' title='bbox 1703 4726 1899 4796; x_wconf 75' lang='grc' dir='ltr'>ὁρίζει.</span> 
     </span>
    </p>
   </div>
   <div class='ocr_carea' id='block_1_88' title="bbox 322 4816 1898 4890">
    <p class='ocr_par' dir='ltr' id='par_1_88' title="bbox 322 4816 1898 4890">
     <span class='ocr_line' id='line_1_88' title="bbox 322 4816 1898 4890; baseline -0.004 -17"><span class='ocrx_word' id='word_1_714' title='bbox 322 4819 388 4873; x_wconf 86' lang='grc' dir='ltr'><strong>Εἰ</strong></span> <span class='ocrx_word' id='word_1_715' title='bbox 415 4820 523 4890; x_wconf 75' lang='grc' dir='ltr'><strong>γὰρ</strong></span> <span class='ocrx_word' id='word_1_716' title='bbox 563 4819 657 4872; x_wconf 78' lang='grc' dir='ltr'><strong>καὶ</strong></span> <span class='ocrx_word' id='word_1_717' title='bbox 687 4820 810 4888; x_wconf 79' lang='grc' dir='ltr'>ὅρος</span> <span class='ocrx_word' id='word_1_718' title='bbox 835 4819 1004 4884; x_wconf 75' lang='grc' dir='ltr'>αὐτῆς</span> <span class='ocrx_word' id='word_1_719' title='bbox 1049 4817 1218 4883; x_wconf 77' lang='grc' dir='ltr'>ἐστιν,</span> <span class='ocrx_word' id='word_1_720' title='bbox 1262 4816 1407 4868; x_wconf 75' lang='grc' dir='ltr'>οὕτω</span> <span class='ocrx_word' id='word_1_721' title='bbox 1433 4816 1516 4887; x_wconf 65' lang='grc' dir='ltr'>τῷ</span> <span class='ocrx_word' id='word_1_722' title='bbox 1567 4816 1685 4884; x_wconf 82' lang='grc' dir='ltr'><strong>Θεῷ</strong></span> <span class='ocrx_word' id='word_1_723' title='bbox 1717 4817 1898 4882; x_wconf 75' lang='grc' dir='ltr'>δόξαν,</span> 
     </span>
    </p>
   </div>
   <div class='ocr_carea' id='block_1_89' title="bbox 321 4908 1899 4980">
    <p class='ocr_par' dir='ltr' id='par_1_89' title="bbox 321 4908 1899 4980">
     <span class='ocr_line' id='line_1_89' title="bbox 321 4908 1899 4980; baseline -0.004 -14"><span class='ocrx_word' id='word_1_724' title='bbox 321 4912 439 4967; x_wconf 84' lang='grc' dir='ltr'>ἀλλ’</span> <span class='ocrx_word' id='word_1_725' title='bbox 491 4911 798 4980; x_wconf 56' lang='grc' dir='ltr'>ὑπερῃυὴς,</span> <span class='ocrx_word' id='word_1_726' title='bbox 832 4910 926 4963; x_wconf 70' lang='grc' dir='ltr'><strong>καὶ</strong></span> <span class='ocrx_word' id='word_1_727' title='bbox 973 4910 1148 4978; x_wconf 79' lang='grc' dir='ltr'>ὁρίζει</span> <span class='ocrx_word' id='word_1_728' title='bbox 1207 4908 1504 4975; x_wconf 83' lang='grc' dir='ltr'>συγκινῶν,</span> <span class='ocrx_word' id='word_1_729' title='bbox 1540 4908 1633 4960; x_wconf 74' lang='grc' dir='ltr'><strong>καὶ</strong></span> <span class='ocrx_word' id='word_1_730' title='bbox 1687 4908 1899 4961; x_wconf 73' lang='grc' dir='ltr'>οἴκοθεν</span> 
     </span>
    </p>
   </div>
   <div class='ocr_carea' id='block_1_90' title="bbox 319 4999 1899 5074">
    <p class='ocr_par' dir='ltr' id='par_1_90' title="bbox 319 4999 1899 5074">
     <span class='ocr_line' id='line_1_90' title="bbox 319 4999 1899 5074; baseline -0.007 -15"><span class='ocrx_word' id='word_1_731' title='bbox 319 5005 671 5074; x_wconf 80' lang='grc' dir='ltr'>κινουμένην.</span> <span class='ocrx_word' id='word_1_732' title='bbox 726 5003 838 5072; x_wconf 80' lang='grc' dir='ltr'><strong>Τὴν</strong></span> <span class='ocrx_word' id='word_1_733' title='bbox 891 5003 999 5070; x_wconf 82' lang='grc' dir='ltr'><strong>γὰρ</strong></span> <span class='ocrx_word' id='word_1_734' title='bbox 1049 5002 1443 5072; x_wconf 79' lang='grc' dir='ltr'>προαιρετικὴν</span> <span class='ocrx_word' id='word_1_735' title='bbox 1479 5002 1612 5070; x_wconf 77' lang='grc' dir='ltr'>αὐτῇ</span> <span class='ocrx_word' id='word_1_736' title='bbox 1667 4999 1899 5069; x_wconf 83' lang='grc' dir='ltr'>δύναμιν</span> 
     </span>
    </p>
   </div>
   <div class='ocr_carea' id='block_1_91' title="bbox 317 5091 1897 5160">
    <p class='ocr_par' dir='ltr' id='par_1_91' title="bbox 317 5091 1897 5160">
     <span class='ocr_line' id='line_1_91' title="bbox 317 5091 1897 5160; baseline -0.006 -8"><span class='ocrx_word' id='word_1_737' title='bbox 317 5098 575 5160; x_wconf 75' lang='grc' dir='ltr'>δέδωκεν,</span> <span class='ocrx_word' id='word_1_738' title='bbox 607 5095 681 5157; x_wconf 84' lang='grc' dir='ltr'>ὡς</span> <span class='ocrx_word' id='word_1_739' title='bbox 723 5093 984 5147; x_wconf 81' lang='grc' dir='ltr'>δύνασθαι</span> <span class='ocrx_word' id='word_1_740' title='bbox 1017 5093 1106 5146; x_wconf 70' lang='grc' dir='ltr'><strong>καὶ</strong></span> <span class='ocrx_word' id='word_1_741' title='bbox 1151 5093 1360 5144; x_wconf 77' lang='grc' dir='ltr'>οἴκοθεν</span> <span class='ocrx_word' id='word_1_742' title='bbox 1394 5091 1528 5160; x_wconf 72' lang='grc' dir='ltr'>πρὸς</span> <span class='ocrx_word' id='word_1_743' title='bbox 1575 5092 1780 5143; x_wconf 81' lang='grc' dir='ltr'>ἐκεῖνον</span> <span class='ocrx_word' id='word_1_744' title='bbox 1809 5109 1897 5143; x_wconf 86' lang='grc' dir='ltr'>κι-</span> 
     </span>
    </p>
   </div>
   <div class='ocr_carea' id='block_1_92' title="bbox 318 5183 1892 5256">
    <p class='ocr_par' dir='ltr' id='par_1_92' title="bbox 318 5183 1892 5256">
     <span class='ocr_line' id='line_1_92' title="bbox 318 5183 1892 5256; baseline -0.005 -13"><span class='ocrx_word' id='word_1_745' title='bbox 318 5191 529 5243; x_wconf 84' lang='grc' dir='ltr'>νεῖσθαι</span> <span class='ocrx_word' id='word_1_746' title='bbox 562 5187 699 5256; x_wconf 80' lang='grc' dir='ltr'>μετὰ</span> <span class='ocrx_word' id='word_1_747' title='bbox 724 5188 819 5256; x_wconf 80' lang='grc' dir='ltr'>τῆς</span> <span class='ocrx_word' id='word_1_748' title='bbox 845 5186 1049 5239; x_wconf 76' lang='grc' dir='ltr'>ἄνωθεν</span> <span class='ocrx_word' id='word_1_749' title='bbox 1076 5184 1320 5254; x_wconf 83' lang='grc' dir='ltr'>ὁδηγίας,</span> <span class='ocrx_word' id='word_1_750' title='bbox 1352 5183 1561 5252; x_wconf 73' lang='grc' dir='ltr'>ὁδηγῶν</span> <span class='ocrx_word' id='word_1_751' title='bbox 1590 5183 1682 5235; x_wconf 77' lang='grc' dir='ltr'><strong>ἐπὶ</strong></span> <span class='ocrx_word' id='word_1_752' title='bbox 1717 5183 1892 5247; x_wconf 75' lang='grc' dir='ltr'>τοῦτο,</span> 
     </span>
    </p>
   </div>
   <div class='ocr_carea' id='block_1_93' title="bbox 320 5273 1890 5344">
    <p class='ocr_par' dir='ltr' id='par_1_93' title="bbox 320 5273 1890 5344">
     <span class='ocr_line' id='line_1_93' title="bbox 320 5273 1890 5344; baseline -0.004 -14"><span class='ocrx_word' id='word_1_753' title='bbox 320 5278 674 5338; x_wconf 78' lang='grc' dir='ltr'>συνεπωθῶν,</span> <span class='ocrx_word' id='word_1_754' title='bbox 705 5276 846 5329; x_wconf 83' lang='grc' dir='ltr'>λύων</span> <span class='ocrx_word' id='word_1_755' title='bbox 879 5279 973 5337; x_wconf 76' lang='grc' dir='ltr'><strong>τὰς</strong></span> <span class='ocrx_word' id='word_1_756' title='bbox 1019 5274 1361 5344; x_wconf 65' lang='grc' dir='ltr'>δυσχερείας,</span> <span class='ocrx_word' id='word_1_757' title='bbox 1395 5273 1674 5342; x_wconf 71' lang='grc' dir='ltr'>ἐπιφέρων</span> <span class='ocrx_word' id='word_1_758' title='bbox 1706 5273 1890 5339; x_wconf 74' lang='grc' dir='ltr'>ἄλλας,</span> 
     </span>
    </p>
   </div>
   <div class='ocr_carea' id='block_1_94' title="bbox 318 5363 1896 5435">
    <p class='ocr_par' dir='ltr' id='par_1_94' title="bbox 318 5363 1896 5435">
     <span class='ocr_line' id='line_1_94' title="bbox 318 5363 1896 5435; baseline -0.001 -18"><span class='ocrx_word' id='word_1_759' title='bbox 318 5367 425 5419; x_wconf 71' lang='grc' dir='ltr'>κᾶν</span> <span class='ocrx_word' id='word_1_760' title='bbox 473 5367 570 5435; x_wconf 76' lang='grc' dir='ltr'><strong>δέῃ</strong></span> <span class='ocrx_word' id='word_1_761' title='bbox 630 5366 765 5435; x_wconf 74' lang='grc' dir='ltr'>πρὸς</span> <span class='ocrx_word' id='word_1_762' title='bbox 817 5365 1144 5433; x_wconf 79' lang='grc' dir='ltr'>γυμνασίαν,</span> <span class='ocrx_word' id='word_1_763' title='bbox 1197 5363 1546 5432; x_wconf 79' lang='grc' dir='ltr'>παραχωρῶν</span> <span class='ocrx_word' id='word_1_764' title='bbox 1583 5363 1896 5416; x_wconf 81' lang='grc' dir='ltr'>ὑπονοστεῖν</span> 
     </span>
    </p>
   </div>
   <div class='ocr_carea' id='block_1_95' title="bbox 318 5454 1894 5526">
    <p class='ocr_par' dir='ltr' id='par_1_95' title="bbox 318 5454 1894 5526">
     <span class='ocr_line' id='line_1_95' title="bbox 318 5454 1894 5526; baseline 0.001 -19"><span class='ocrx_word' id='word_1_765' title='bbox 318 5454 410 5507; x_wconf 74' lang='grc' dir='ltr'>ἐπὶ</span> <span class='ocrx_word' id='word_1_766' title='bbox 457 5455 530 5524; x_wconf 77' lang='grc' dir='ltr'>τῷ</span> <span class='ocrx_word' id='word_1_767' title='bbox 568 5455 922 5524; x_wconf 68' lang='grc' dir='ltr'>συμψὲροντι,</span> <span class='ocrx_word' id='word_1_768' title='bbox 981 5456 1421 5526; x_wconf 67' lang='grc' dir='ltr'>ὑποστρέφοντας</span> <span class='ocrx_word' id='word_1_769' title='bbox 1478 5456 1638 5517; x_wconf 70' lang='grc' dir='ltr'>εὐθὺς</span> <span class='ocrx_word' id='word_1_770' title='bbox 1694 5457 1894 5509; x_wconf 82' lang='grc' dir='ltr'>ἐπανά-</span> 
     </span>
    </p>
   </div>
   <div class='ocr_carea' id='block_1_96' title="bbox 317 5544 1894 5618">
    <p class='ocr_par' dir='ltr' id='par_1_96' title="bbox 317 5544 1894 5618">
     <span class='ocr_line' id='line_1_96' title="bbox 317 5544 1894 5618; baseline 0.001 -19"><span class='ocrx_word' id='word_1_771' title='bbox 317 5565 450 5615; x_wconf 87' lang='grc' dir='ltr'>γων,</span> <span class='ocrx_word' id='word_1_772' title='bbox 484 5549 835 5617; x_wconf 76' lang='grc' dir='ltr'>παρακαλῶν,</span> <span class='ocrx_word' id='word_1_773' title='bbox 869 5548 1067 5600; x_wconf 77' lang='grc' dir='ltr'>θλίϐων</span> <span class='ocrx_word' id='word_1_774' title='bbox 1097 5544 1186 5610; x_wconf 80' lang='grc' dir='ltr'><strong>αὖ,</strong></span> <span class='ocrx_word' id='word_1_775' title='bbox 1213 5548 1414 5601; x_wconf 74' lang='grc' dir='ltr'>ὁπόταν</span> <span class='ocrx_word' id='word_1_776' title='bbox 1448 5547 1723 5601; x_wconf 78' lang='grc' dir='ltr'>καὶτοῦτο</span> <span class='ocrx_word' id='word_1_777' title='bbox 1758 5567 1894 5618; x_wconf 69' lang='grc' dir='ltr'>συρ-</span> 
     </span>
    </p>
   </div>
   <div class='ocr_carea' id='block_1_97' title="bbox 317 5641 1889 5712">
    <p class='ocr_par' dir='ltr' id='par_1_97' title="bbox 317 5641 1889 5712">
     <span class='ocr_line' id='line_1_97' title="bbox 317 5641 1889 5712; baseline 0.003 -22"><span class='ocrx_word' id='word_1_778' title='bbox 317 5641 479 5708; x_wconf 64' lang='grc' dir='ltr'>ςνέρῃ,</span> <span class='ocrx_word' id='word_1_779' title='bbox 510 5642 576 5691; x_wconf 69' lang='grc' dir='ltr'><strong>τα</strong></span> <span class='ocrx_word' id='word_1_780' title='bbox 612 5641 710 5708; x_wconf 74' lang='grc' dir='ltr'><strong>μὲν</strong></span> <span class='ocrx_word' id='word_1_781' title='bbox 751 5641 988 5708; x_wconf 79' lang='grc' dir='ltr'>ἀφανῶς,</span> <span class='ocrx_word' id='word_1_782' title='bbox 1016 5641 1082 5691; x_wconf 77' lang='grc' dir='ltr'><strong>τὰ</strong></span> <span class='ocrx_word' id='word_1_783' title='bbox 1109 5641 1162 5692; x_wconf 76' lang='grc' dir='ltr'><strong>δὲ</strong></span> <span class='ocrx_word' id='word_1_784' title='bbox 1193 5642 1286 5694; x_wconf 75' lang='grc' dir='ltr'><strong>καὶ</strong></span> <span class='ocrx_word' id='word_1_785' title='bbox 1318 5642 1596 5711; x_wconf 80' lang='grc' dir='ltr'>προδήλως</span> <span class='ocrx_word' id='word_1_786' title='bbox 1627 5643 1734 5705; x_wconf 76' lang='grc' dir='ltr'>τοῖς</span> <span class='ocrx_word' id='word_1_787' title='bbox 1766 5645 1889 5712; x_wconf 74' lang='grc' dir='ltr'>περὶ</span> 
     </span>
    </p>
   </div>
   <div class='ocr_carea' id='block_1_98' title="bbox 321 5727 1886 5802">
    <p class='ocr_par' dir='ltr' id='par_1_98' title="bbox 321 5727 1886 5802">
     <span class='ocr_line' id='line_1_98' title="bbox 321 5727 1886 5802; baseline 0.003 -21"><span class='ocrx_word' id='word_1_788' title='bbox 321 5727 487 5784; x_wconf 71' lang='grc' dir='ltr'>ταῦτα</span> <span class='ocrx_word' id='word_1_789' title='bbox 545 5731 908 5802; x_wconf 72' lang='grc' dir='ltr'>προσέχοντι·</span> <span class='ocrx_word' id='word_1_790' title='bbox 945 5733 1034 5786; x_wconf 71' lang='grc' dir='ltr'><strong>καὶ</strong></span> <span class='ocrx_word' id='word_1_791' title='bbox 1081 5733 1145 5785; x_wconf 70' lang='grc' dir='ltr'><strong>τὰ</strong></span> <span class='ocrx_word' id='word_1_792' title='bbox 1188 5734 1287 5800; x_wconf 70' lang='grc' dir='ltr'>μὶν</span> <span class='ocrx_word' id='word_1_793' title='bbox 1329 5732 1544 5801; x_wconf 74' lang='grc' dir='ltr'>ἀμέσως</span> <span class='ocrx_word' id='word_1_794' title='bbox 1579 5734 1641 5784; x_wconf 79' lang='grc' dir='ltr'>ιῗι“</span> <span class='ocrx_word' id='word_1_795' title='bbox 1693 5732 1886 5788; x_wconf 70' lang='grc' dir='ltr'>ἑαυτοῦ</span> 
     </span>
    </p>
   </div>
   <div class='ocr_carea' id='block_1_99' title="bbox 2010 4496 3596 4606">
    <p class='ocr_par' dir='ltr' id='par_1_99' title="bbox 2010 4496 3596 4606">
     <span class='ocr_line' id='line_1_99' title="bbox 2010 4496 3596 4606; baseline 0.005 -23"><span class='ocrx_word' id='word_1_796' title='bbox 2010 4529 2193 4584; x_wconf 64' lang='lat' dir='ltr'><strong>Jcsum</strong></span> <span class='ocrx_word' id='word_1_797' title='bbox 2222 4496 2553 4586; x_wconf 59' lang='lat' dir='ltr'><strong>Christum.»</strong></span> <span class='ocrx_word' id='word_1_798' title='bbox 2594 4532 2720 4586; x_wconf 63' lang='lat' dir='ltr'><strong>litec</strong></span> <span class='ocrx_word' id='word_1_799' title='bbox 2745 4542 2871 4588; x_wconf 89' lang='lat' dir='ltr'><strong>sunt</strong></span> <span class='ocrx_word' id='word_1_800' title='bbox 2909 4535 3192 4603; x_wconf 73' lang='lat' dir='ltr'><strong>theologia:</strong></span> <span class='ocrx_word' id='word_1_801' title='bbox 3226 4545 3277 4589; x_wconf 92' lang='lat' dir='ltr'><strong>et</strong></span> <span class='ocrx_word' id='word_1_802' title='bbox 3307 4537 3596 4606; x_wconf 87' lang='lat' dir='ltr'><strong>dispensa-</strong></span> 
     </span>
    </p>
   </div>
   <div class='ocr_carea' id='block_1_100' title="bbox 2012 4624 3599 4699">
    <p class='ocr_par' dir='ltr' id='par_1_100' title="bbox 2012 4624 3599 4699">
     <span class='ocr_line' id='line_1_100' title="bbox 2012 4624 3599 4699; baseline 0.005 -23"><span class='ocrx_word' id='word_1_803' title='bbox 2012 4624 2177 4678; x_wconf 88' lang='lat' dir='ltr'><strong>tionis</strong></span> <span class='ocrx_word' id='word_1_804' title='bbox 2220 4639 2590 4694; x_wconf 85' lang='lat' dir='ltr'><strong>arcaua,quae</strong></span> <span class='ocrx_word' id='word_1_805' title='bbox 2625 4641 2766 4681; x_wconf 89' lang='lat' dir='ltr'><strong>nunc</strong></span> <span class='ocrx_word' id='word_1_806' title='bbox 2819 4627 2870 4680; x_wconf 92' lang='lat' dir='ltr'><strong>in</strong></span> <span class='ocrx_word' id='word_1_807' title='bbox 2927 4629 3150 4696; x_wconf 89' lang='lat' dir='ltr'><strong>speculo</strong></span> <span class='ocrx_word' id='word_1_808' title='bbox 3208 4639 3261 4682; x_wconf 90' lang='lat' dir='ltr'><strong>et</strong></span> <span class='ocrx_word' id='word_1_809' title='bbox 3311 4632 3599 4699; x_wconf 70' lang='lat' dir='ltr'><strong>zenigmate</strong></span> 
     </span>
    </p>
   </div>
   <div class='ocr_carea' id='block_1_101' title="bbox 2010 4716 3599 4790">
    <p class='ocr_par' dir='ltr' id='par_1_101' title="bbox 2010 4716 3599 4790">
     <span class='ocr_line' id='line_1_101' title="bbox 2010 4716 3599 4790; baseline 0.003 -20"><span class='ocrx_word' id='word_1_810' title='bbox 2010 4716 2292 4770; x_wconf 83' lang='lat' dir='ltr'><strong>credentes</strong></span> <span class='ocrx_word' id='word_1_811' title='bbox 2327 4719 2542 4784; x_wconf 84' lang='lat' dir='ltr'><strong>vident;</strong></span> <span class='ocrx_word' id='word_1_812' title='bbox 2592 4719 2699 4784; x_wconf 88' lang='lat' dir='ltr'><strong>ille,</strong></span> <span class='ocrx_word' id='word_1_813' title='bbox 2757 4719 2999 4788; x_wconf 89' lang='lat' dir='ltr'><strong>inquam,</strong></span> <span class='ocrx_word' id='word_1_814' title='bbox 3037 4723 3156 4790; x_wconf 89' lang='lat' dir='ltr'><strong>ipse</strong></span> <span class='ocrx_word' id='word_1_815' title='bbox 3214 4723 3356 4776; x_wconf 84' lang='lat' dir='ltr'><strong>hunc</strong></span> <span class='ocrx_word' id='word_1_816' title='bbox 3403 4725 3599 4778; x_wconf 83' lang='lat' dir='ltr'><strong>statuit</strong></span> 
     </span>
    </p>
   </div>
   <div class='ocr_carea' id='block_1_102' title="bbox 2015 4809 3598 4881">
    <p class='ocr_par' dir='ltr' id='par_1_102' title="bbox 2015 4809 3598 4881">
     <span class='ocr_line' id='line_1_102' title="bbox 2015 4809 3598 4881; baseline 0.006 -20"><span class='ocrx_word' id='word_1_817' title='bbox 2015 4810 2309 4862; x_wconf 89' lang='lat' dir='ltr'><strong>terminum</strong></span> <span class='ocrx_word' id='word_1_818' title='bbox 2347 4820 2398 4863; x_wconf 78' lang='lat' dir='ltr'><strong>et</strong></span> <span class='ocrx_word' id='word_1_819' title='bbox 2456 4809 2616 4864; x_wconf 85' lang='lat' dir='ltr'><strong>ﬁnem</strong></span> <span class='ocrx_word' id='word_1_820' title='bbox 2655 4820 2708 4864; x_wconf 90' lang='lat' dir='ltr'><strong>ct</strong></span> <span class='ocrx_word' id='word_1_821' title='bbox 2757 4826 3008 4881; x_wconf 81' lang='lat' dir='ltr'><strong>scopum,</strong></span> <span class='ocrx_word' id='word_1_822' title='bbox 3045 4827 3170 4867; x_wconf 89' lang='lat' dir='ltr'><strong>cum</strong></span> <span class='ocrx_word' id='word_1_823' title='bbox 3227 4815 3361 4868; x_wconf 89' lang='lat' dir='ltr'><strong>nihil</strong></span> <span class='ocrx_word' id='word_1_824' title='bbox 3407 4822 3598 4870; x_wconf 83' lang='lat' dir='ltr'><strong>eorum</strong></span> 
     </span>
    </p>
   </div>
   <div class='ocr_carea' id='block_1_103' title="bbox 2009 4902 3596 4977">
    <p class='ocr_par' dir='ltr' id='par_1_103' title="bbox 2009 4902 3596 4977">
     <span class='ocr_line' id='line_1_103' title="bbox 2009 4902 3596 4977; baseline 0.006 -24"><span class='ocrx_word' id='word_1_825' title='bbox 2009 4916 2133 4969; x_wconf 70' lang='lat' dir='ltr'><strong>qua:</strong></span> <span class='ocrx_word' id='word_1_826' title='bbox 2168 4909 2314 4967; x_wconf 89' lang='lat' dir='ltr'><strong>sunt,</strong></span> <span class='ocrx_word' id='word_1_827' title='bbox 2347 4917 2447 4955; x_wconf 91' lang='lat' dir='ltr'><strong>nec</strong></span> <span class='ocrx_word' id='word_1_828' title='bbox 2480 4903 2664 4955; x_wconf 90' lang='lat' dir='ltr'><strong>omnia</strong></span> <span class='ocrx_word' id='word_1_829' title='bbox 2703 4902 2866 4957; x_wconf 90' lang='lat' dir='ltr'><strong>simul</strong></span> <span class='ocrx_word' id='word_1_830' title='bbox 2911 4903 3015 4960; x_wconf 92' lang='lat' dir='ltr'><strong>hoc</strong></span> <span class='ocrx_word' id='word_1_831' title='bbox 3061 4917 3320 4974; x_wconf 71' lang='lat' dir='ltr'><strong>pra3stare</strong></span> <span class='ocrx_word' id='word_1_832' title='bbox 3352 4918 3596 4977; x_wconf 85' lang='lat' dir='ltr'><strong>queant;</strong></span> 
     </span>
    </p>
   </div>
   <div class='ocr_carea' id='block_1_104' title="bbox 2008 4994 3597 5066">
    <p class='ocr_par' dir='ltr' id='par_1_104' title="bbox 2008 4994 3597 5066">
     <span class='ocr_line' id='line_1_104' title="bbox 2008 4994 3597 5066; baseline 0.005 -20"><span class='ocrx_word' id='word_1_833' title='bbox 2008 4994 2124 5062; x_wconf 88' lang='lat' dir='ltr'><strong>ipse</strong></span> <span class='ocrx_word' id='word_1_834' title='bbox 2153 4995 2316 5047; x_wconf 86' lang='lat' dir='ltr'><strong>etiam</strong></span> <span class='ocrx_word' id='word_1_835' title='bbox 2352 4995 2417 5047; x_wconf 89' lang='lat' dir='ltr'><strong>ad</strong></span> <span class='ocrx_word' id='word_1_836' title='bbox 2450 4994 2600 5047; x_wconf 90' lang='lat' dir='ltr'><strong>illum</strong></span> <span class='ocrx_word' id='word_1_837' title='bbox 2640 4994 2878 5049; x_wconf 75' lang='lat' dir='ltr'><strong>difﬂuit:</strong></span> <span class='ocrx_word' id='word_1_838' title='bbox 2905 5011 3026 5049; x_wconf 91' lang='lat' dir='ltr'><strong>nam</strong></span> <span class='ocrx_word' id='word_1_839' title='bbox 3051 5001 3300 5066; x_wconf 75' lang='lat' dir='ltr'><strong>quamvis</strong></span> <span class='ocrx_word' id='word_1_840' title='bbox 3330 5000 3597 5055; x_wconf 83' lang='lat' dir='ltr'><strong>terminus</strong></span> 
     </span>
    </p>
   </div>
   <div class='ocr_carea' id='block_1_105' title="bbox 2005 5079 3606 5155">
    <p class='ocr_par' dir='ltr' id='par_1_105' title="bbox 2005 5079 3606 5155">
     <span class='ocr_line' id='line_1_105' title="bbox 2005 5079 3606 5155; baseline 0.003 -17"><span class='ocrx_word' id='word_1_841' title='bbox 2005 5085 2124 5155; x_wconf 85' lang='lat' dir='ltr'><strong>ejus</strong></span> <span class='ocrx_word' id='word_1_842' title='bbox 2152 5086 2241 5148; x_wconf 90' lang='lat' dir='ltr'><strong>sit,</strong></span> <span class='ocrx_word' id='word_1_843' title='bbox 2274 5086 2494 5154; x_wconf 82' lang='lat' dir='ltr'><strong>quando</strong></span> <span class='ocrx_word' id='word_1_844' title='bbox 2527 5085 2603 5139; x_wconf 91' lang='lat' dir='ltr'><strong>ita</strong></span> <span class='ocrx_word' id='word_1_845' title='bbox 2641 5085 2751 5141; x_wconf 90' lang='lat' dir='ltr'><strong>Deo</strong></span> <span class='ocrx_word' id='word_1_846' title='bbox 2781 5088 2960 5141; x_wconf 86' lang='lat' dir='ltr'><strong>visum</strong></span> <span class='ocrx_word' id='word_1_847' title='bbox 3014 5097 3120 5150; x_wconf 85' lang='lat' dir='ltr'><strong>est,</strong></span> <span class='ocrx_word' id='word_1_848' title='bbox 3176 5089 3477 5143; x_wconf 89' lang='lat' dir='ltr'><strong>immensus</strong></span> <span class='ocrx_word' id='word_1_849' title='bbox 3516 5079 3606 5142; x_wconf 47' lang='lat' dir='ltr'><strong>ta?</strong></span> 
     </span>
    </p>
   </div>
   <div class='ocr_carea' id='block_1_106' title="bbox 2006 5180 3667 5248">
    <p class='ocr_par' dir='ltr' id='par_1_106' title="bbox 2006 5180 3667 5248">
     <span class='ocr_line' id='line_1_106' title="bbox 2006 5180 3667 5248; baseline 0.002 -16"><span class='ocrx_word' id='word_1_850' title='bbox 2006 5193 2129 5232; x_wconf 90' lang='lat' dir='ltr'><strong>men</strong></span> <span class='ocrx_word' id='word_1_851' title='bbox 2161 5192 2639 5248; x_wconf 75' lang='lat' dir='ltr'><strong>exsuperansque,</strong></span> <span class='ocrx_word' id='word_1_852' title='bbox 2695 5189 2748 5234; x_wconf 90' lang='lat' dir='ltr'><strong>ct</strong></span> <span class='ocrx_word' id='word_1_853' title='bbox 2797 5180 3146 5244; x_wconf 84' lang='lat' dir='ltr'><strong>determinat,</strong></span> <span class='ocrx_word' id='word_1_854' title='bbox 3203 5181 3597 5235; x_wconf 81' lang='lat' dir='ltr'><strong>commovendo</strong></span> <span class='ocrx_word' id='word_1_855' title='bbox 3664 5200 3667 5201; x_wconf 60' lang='lat'><strong><em>&#39;</em></strong></span> 
     </span>
    </p>
   </div>
   <div class='ocr_carea' id='block_1_107' title="bbox 2003 5269 3596 5332">
    <p class='ocr_par' dir='ltr' id='par_1_107' title="bbox 2003 5269 3596 5332">
     <span class='ocr_line' id='line_1_107' title="bbox 2003 5269 3596 5332; baseline 0.003 -9"><span class='ocrx_word' id='word_1_856' title='bbox 2003 5270 2168 5323; x_wconf 88' lang='lat' dir='ltr'><strong>etiam</strong></span> <span class='ocrx_word' id='word_1_857' title='bbox 2218 5270 2285 5322; x_wconf 90' lang='lat' dir='ltr'><strong>ab</strong></span> <span class='ocrx_word' id='word_1_858' title='bbox 2315 5269 2532 5332; x_wconf 73' lang='lat' dir='ltr'><strong>origine</strong></span> <span class='ocrx_word' id='word_1_859' title='bbox 2576 5281 2906 5326; x_wconf 87' lang='lat' dir='ltr'><strong>commotam</strong></span> <span class='ocrx_word' id='word_1_860' title='bbox 2946 5271 3079 5326; x_wconf 85' lang='lat' dir='ltr'><strong>:sed</strong></span> <span class='ocrx_word' id='word_1_861' title='bbox 3113 5272 3278 5326; x_wconf 89' lang='lat' dir='ltr'><strong>etiam</strong></span> <span class='ocrx_word' id='word_1_862' title='bbox 3311 5271 3596 5328; x_wconf 84' lang='lat' dir='ltr'><strong>electivam</strong></span> 
     </span>
    </p>
   </div>
   <div class='ocr_carea' id='block_1_108' title="bbox 2005 5362 3598 5433">
    <p class='ocr_par' dir='ltr' id='par_1_108' title="bbox 2005 5362 3598 5433">
     <span class='ocr_line' id='line_1_108' title="bbox 2005 5362 3598 5433; baseline 0.004 -17"><span class='ocrx_word' id='word_1_863' title='bbox 2005 5363 2103 5433; x_wconf 74' lang='lat' dir='ltr'><strong>ipsi</strong></span> <span class='ocrx_word' id='word_1_864' title='bbox 2135 5362 2431 5432; x_wconf 83' lang='lat' dir='ltr'><strong>potentiam</strong></span> <span class='ocrx_word' id='word_1_865' title='bbox 2462 5364 2762 5428; x_wconf 85' lang='lat' dir='ltr'><strong>concessit,</strong></span> <span class='ocrx_word' id='word_1_866' title='bbox 2800 5373 2859 5417; x_wconf 94' lang='lat' dir='ltr'><strong>ut</strong></span> <span class='ocrx_word' id='word_1_867' title='bbox 2897 5363 3070 5432; x_wconf 90' lang='lat' dir='ltr'><strong>possit</strong></span> <span class='ocrx_word' id='word_1_868' title='bbox 3098 5372 3351 5431; x_wconf 87' lang='lat' dir='ltr'><strong>tanquam</strong></span> <span class='ocrx_word' id='word_1_869' title='bbox 3377 5380 3406 5418; x_wconf 91' lang='lat' dir='ltr'><strong>e</strong></span> <span class='ocrx_word' id='word_1_870' title='bbox 3434 5363 3598 5422; x_wconf 90' lang='lat' dir='ltr'><strong>domo</strong></span> 
     </span>
    </p>
   </div>
   <div class='ocr_carea' id='block_1_109' title="bbox 2003 5450 3595 5518">
    <p class='ocr_par' dir='ltr' id='par_1_109' title="bbox 2003 5450 3595 5518">
     <span class='ocr_line' id='line_1_109' title="bbox 2003 5450 3595 5518; baseline 0.003 -12"><span class='ocrx_word' id='word_1_871' title='bbox 2003 5453 2069 5506; x_wconf 88' lang='lat' dir='ltr'><strong>ad</strong></span> <span class='ocrx_word' id='word_1_872' title='bbox 2109 5452 2262 5506; x_wconf 91' lang='lat' dir='ltr'><strong>illum</strong></span> <span class='ocrx_word' id='word_1_873' title='bbox 2301 5452 2431 5506; x_wconf 89' lang='lat' dir='ltr'><strong>cieri</strong></span> <span class='ocrx_word' id='word_1_874' title='bbox 2471 5467 2593 5506; x_wconf 93' lang='lat' dir='ltr'><strong>cum</strong></span> <span class='ocrx_word' id='word_1_875' title='bbox 2631 5451 3056 5505; x_wconf 88' lang='lat' dir='ltr'><strong>manuductioue</strong></span> <span class='ocrx_word' id='word_1_876' title='bbox 3085 5450 3154 5505; x_wconf 90' lang='lat' dir='ltr'><strong>ab</strong></span> <span class='ocrx_word' id='word_1_877' title='bbox 3185 5453 3315 5518; x_wconf 87' lang='lat' dir='ltr'><strong>alto,</strong></span> <span class='ocrx_word' id='word_1_878' title='bbox 3357 5453 3495 5508; x_wconf 83' lang='lat' dir='ltr'><strong>viam</strong></span> <span class='ocrx_word' id='word_1_879' title='bbox 3531 5457 3595 5511; x_wconf 88' lang='lat' dir='ltr'><strong>ad</strong></span> 
     </span>
    </p>
   </div>
   <div class='ocr_carea' id='block_1_110' title="bbox 2004 5544 3596 5618">
    <p class='ocr_par' dir='ltr' id='par_1_110' title="bbox 2004 5544 3596 5618">
     <span class='ocr_line' id='line_1_110' title="bbox 2004 5544 3596 5618; baseline 0.004 -19"><span class='ocrx_word' id='word_1_880' title='bbox 2004 5547 2106 5600; x_wconf 89' lang='lat' dir='ltr'><strong>hoc</strong></span> <span class='ocrx_word' id='word_1_881' title='bbox 2159 5546 2451 5611; x_wconf 89' lang='lat' dir='ltr'><strong>muniens,</strong></span> <span class='ocrx_word' id='word_1_882' title='bbox 2502 5546 2877 5615; x_wconf 86' lang='lat' dir='ltr'><strong>compellens,</strong></span> <span class='ocrx_word' id='word_1_883' title='bbox 2942 5544 3289 5599; x_wconf 54' lang='lat' dir='ltr'><strong>diiiicullates</strong></span> <span class='ocrx_word' id='word_1_884' title='bbox 3344 5550 3596 5618; x_wconf 78' lang='lat' dir='ltr'><strong>solvens,</strong></span> 
     </span>
    </p>
   </div>
   <div class='ocr_carea' id='block_1_111' title="bbox 2002 5635 3596 5706">
    <p class='ocr_par' dir='ltr' id='par_1_111' title="bbox 2002 5635 3596 5706">
     <span class='ocr_line' id='line_1_111' title="bbox 2002 5635 3596 5706; baseline 0.003 -16"><span class='ocrx_word' id='word_1_885' title='bbox 2002 5638 2243 5706; x_wconf 85' lang='lat' dir='ltr'><strong>aliasque</strong></span> <span class='ocrx_word' id='word_1_886' title='bbox 2269 5637 2570 5704; x_wconf 87' lang='lat' dir='ltr'><strong>inducens;</strong></span> <span class='ocrx_word' id='word_1_887' title='bbox 2614 5637 2776 5690; x_wconf 86' lang='lat' dir='ltr'><strong>etiam</strong></span> <span class='ocrx_word' id='word_1_888' title='bbox 2803 5635 2850 5689; x_wconf 91' lang='lat' dir='ltr'><strong>si</strong></span> <span class='ocrx_word' id='word_1_889' title='bbox 2880 5651 3020 5702; x_wconf 80' lang='lat' dir='ltr'><strong>opus</strong></span> <span class='ocrx_word' id='word_1_890' title='bbox 3051 5636 3143 5700; x_wconf 88' lang='lat' dir='ltr'><strong>sit,</strong></span> <span class='ocrx_word' id='word_1_891' title='bbox 3170 5637 3236 5691; x_wconf 88' lang='lat' dir='ltr'><strong>ad</strong></span> <span class='ocrx_word' id='word_1_892' title='bbox 3269 5641 3596 5695; x_wconf 81' lang='lat' dir='ltr'><strong>exercitium</strong></span> 
     </span>
    </p>
   </div>
   <div class='ocr_carea' id='block_1_112' title="bbox 2002 5728 3594 5801">
    <p class='ocr_par' dir='ltr' id='par_1_112' title="bbox 2002 5728 3594 5801">
     <span class='ocr_line' id='line_1_112' title="bbox 2002 5728 3594 5801; baseline -0.003 -13"><span class='ocrx_word' id='word_1_893' title='bbox 2002 5729 2308 5788; x_wconf 86' lang='lat' dir='ltr'><strong>decedendo</strong></span> <span class='ocrx_word' id='word_1_894' title='bbox 2352 5731 2567 5798; x_wconf 76' lang='lat' dir='ltr'><strong>reverti,</strong></span> <span class='ocrx_word' id='word_1_895' title='bbox 2607 5728 2962 5784; x_wconf 87' lang='lat' dir='ltr'><strong>emolumenti</strong></span> <span class='ocrx_word' id='word_1_896' title='bbox 2989 5733 3200 5801; x_wconf 86' lang='lat' dir='ltr'><strong>gratia;</strong></span> <span class='ocrx_word' id='word_1_897' title='bbox 3243 5732 3594 5795; x_wconf 67' lang='lat' dir='ltr'><strong>dircrtvuxes,</strong></span> 
     </span>
    </p>
   </div>
  </div>
