  <div class='ocr_page' id='page_1' title='image "/cluster/home/n/w/nwhite01/storage/ocr_20150623/160/hvd.32044073502692/281.png"; bbox 0 0 3904 6134; ppageno 0'>
   <div class='ocr_carea' id='block_1_1' title="bbox 291 253 390 315">
    <p class='ocr_par' dir='ltr' id='par_1_1' title="bbox 291 253 390 315">
     <span class='ocr_line' id='line_1_1' title="bbox 291 253 390 315; baseline 0.01 -2"><span class='ocrx_word' id='word_1_1' title='bbox 291 253 390 315; x_wconf 62' lang='grc'><strong>547</strong></span> 
     </span>
    </p>
   </div>
   <div class='ocr_carea' id='block_1_2' title="bbox 1339 232 2428 306">
    <p class='ocr_par' dir='ltr' id='par_1_2' title="bbox 1339 232 2428 306">
     <span class='ocr_line' id='line_1_2' title="bbox 1339 232 2428 306; baseline -0.006 -6"><span class='ocrx_word' id='word_1_2' title='bbox 1339 237 1722 300; x_wconf 79' lang='lat' dir='ltr'><strong>GENNADII</strong></span> <span class='ocrx_word' id='word_1_3' title='bbox 1762 236 1871 297; x_wconf 88' lang='lat' dir='ltr'><strong>CP.</strong></span> <span class='ocrx_word' id='word_1_4' title='bbox 1910 232 2428 306; x_wconf 56' lang='lat' dir='ltr'><strong>PATRIARCIL‘E</strong></span> 
     </span>
    </p>
   </div>
   <div class='ocr_carea' id='block_1_3' title="bbox 3446 223 3562 285">
    <p class='ocr_par' dir='ltr' id='par_1_3' title="bbox 3446 223 3562 285">
     <span class='ocr_line' id='line_1_3' title="bbox 3446 223 3562 285; baseline 0 0"><span class='ocrx_word' id='word_1_5' title='bbox 3446 223 3562 285; x_wconf 77' lang='lat' dir='ltr'><strong>sts</strong></span> 
     </span>
    </p>
   </div>
   <div class='ocr_carea' id='block_1_4' title="bbox 292 343 1908 426">
    <p class='ocr_par' dir='ltr' id='par_1_4' title="bbox 292 354 1908 426">
     <span class='ocr_line' id='line_1_4' title="bbox 292 354 1908 426; baseline -0.011 -2"><span class='ocrx_word' id='word_1_6' title='bbox 292 370 440 426; x_wconf 81' lang='lat' dir='ltr'><strong>illico</strong></span> <span class='ocrx_word' id='word_1_7' title='bbox 508 363 835 425; x_wconf 88' lang='lat' dir='ltr'><strong>reducendo,</strong></span> <span class='ocrx_word' id='word_1_8' title='bbox 893 358 1159 415; x_wconf 86' lang='lat' dir='ltr'><strong>hortando</strong></span> <span class='ocrx_word' id='word_1_9' title='bbox 1210 356 1573 425; x_wconf 67' lang='lat' dir='ltr'><strong>solandique,</strong></span> <span class='ocrx_word' id='word_1_10' title='bbox 1633 354 1908 424; x_wconf 59' lang='lat' dir='ltr'><strong>itemque,</strong></span> 
     </span>
    </p>
   </div>
   <div class='ocr_carea' id='block_1_5' title="bbox 2014 343 3564 426">
    <p class='ocr_par' dir='ltr' id='par_1_5' title="bbox 2014 343 3564 422">
     <span class='ocr_line' id='line_1_5' title="bbox 2014 343 3564 422; baseline -0.007 -16"><span class='ocrx_word' id='word_1_11' title='bbox 2014 353 2173 417; x_wconf 69' lang='grc' dir='ltr'>ποιῶν,</span> <span class='ocrx_word' id='word_1_12' title='bbox 2212 351 2301 405; x_wconf 82' lang='grc' dir='ltr'><strong>ὅτε</strong></span> <span class='ocrx_word' id='word_1_13' title='bbox 2319 354 2493 422; x_wconf 72' lang='grc' dir='ltr'>’χάριν</span> <span class='ocrx_word' id='word_1_14' title='bbox 2526 350 2857 417; x_wconf 75' lang='grc' dir='ltr'><strong>ἐπιπέμπων</strong></span> <span class='ocrx_word' id='word_1_15' title='bbox 2893 345 3089 416; x_wconf 80' lang='grc' dir='ltr'>ἐνίησι,</span> <span class='ocrx_word' id='word_1_16' title='bbox 3135 344 3204 398; x_wconf 69' lang='grc' dir='ltr'>τὰ</span> <span class='ocrx_word' id='word_1_17' title='bbox 3251 343 3309 399; x_wconf 69' lang='grc' dir='ltr'>δὲ</span> <span class='ocrx_word' id='word_1_18' title='bbox 3331 343 3421 398; x_wconf 83' lang='grc' dir='ltr'>διὰ</span> <span class='ocrx_word' id='word_1_19' title='bbox 3452 359 3564 396; x_wconf 82' lang='grc' dir='ltr'>των</span> 
     </span>
    </p>
   </div>
   <div class='ocr_carea' id='block_1_6' title="bbox 295 445 1872 530">
    <p class='ocr_par' dir='ltr' id='par_1_6' title="bbox 295 445 1872 530">
     <span class='ocr_line' id='line_1_6' title="bbox 295 445 1872 530; baseline -0.011 -13"><span class='ocrx_word' id='word_1_20' title='bbox 295 459 559 530; x_wconf 74' lang='lat' dir='ltr'><strong>urgendo,</strong></span> <span class='ocrx_word' id='word_1_21' title='bbox 591 471 714 512; x_wconf 92' lang='lat' dir='ltr'><strong>cum</strong></span> <span class='ocrx_word' id='word_1_22' title='bbox 751 453 803 507; x_wconf 92' lang='lat' dir='ltr'><strong>id</strong></span> <span class='ocrx_word' id='word_1_23' title='bbox 838 451 1082 520; x_wconf 77' lang='lat' dir='ltr'><strong>expedit,</strong></span> <span class='ocrx_word' id='word_1_24' title='bbox 1115 449 1314 518; x_wconf 98' lang='lat' dir='ltr'><strong>partim</strong></span> <span class='ocrx_word' id='word_1_25' title='bbox 1350 448 1579 502; x_wconf 77' lang='lat' dir='ltr'><strong>latenter</strong></span> <span class='ocrx_word' id='word_1_26' title='bbox 1609 445 1872 500; x_wconf 86' lang='lat' dir='ltr'><strong>obscure-</strong></span> 
     </span>
    </p>
   </div>
   <div class='ocr_carea' id='block_1_7' title="bbox 294 537 1876 622">
    <p class='ocr_par' dir='ltr' id='par_1_7' title="bbox 294 537 1876 622">
     <span class='ocr_line' id='line_1_7' title="bbox 294 537 1876 622; baseline -0.008 -20"><span class='ocrx_word' id='word_1_27' title='bbox 294 569 420 622; x_wconf 81' lang='lat' dir='ltr'><strong>que,</strong></span> <span class='ocrx_word' id='word_1_28' title='bbox 457 549 653 619; x_wconf 92' lang='lat' dir='ltr'><strong>partim</strong></span> <span class='ocrx_word' id='word_1_29' title='bbox 703 554 887 615; x_wconf 86' lang='lat' dir='ltr'><strong>aperte</strong></span> <span class='ocrx_word' id='word_1_30' title='bbox 935 544 1001 597; x_wconf 90' lang='lat' dir='ltr'><strong>iis</strong></span> <span class='ocrx_word' id='word_1_31' title='bbox 1030 543 1121 614; x_wconf 93' lang='lat' dir='ltr'><strong>qui</strong></span> <span class='ocrx_word' id='word_1_32' title='bbox 1160 544 1224 596; x_wconf 89' lang='lat' dir='ltr'><strong>ad</strong></span> <span class='ocrx_word' id='word_1_33' title='bbox 1263 542 1378 596; x_wconf 67' lang='lat' dir='ltr'><strong>haec</strong></span> <span class='ocrx_word' id='word_1_34' title='bbox 1429 540 1670 593; x_wconf 84' lang='lat' dir='ltr'><strong>animum</strong></span> <span class='ocrx_word' id='word_1_35' title='bbox 1720 537 1876 590; x_wconf 85' lang='lat' dir='ltr'><strong>adhi-</strong></span> 
     </span>
    </p>
   </div>
   <div class='ocr_carea' id='block_1_8' title="bbox 292 627 1880 709">
    <p class='ocr_par' dir='ltr' id='par_1_8' title="bbox 292 627 1880 709">
     <span class='ocr_line' id='line_1_8' title="bbox 292 627 1880 709; baseline -0.01 -12"><span class='ocrx_word' id='word_1_36' title='bbox 292 644 423 697; x_wconf 90' lang='lat' dir='ltr'><strong>bent</strong></span> <span class='ocrx_word' id='word_1_37' title='bbox 454 658 469 695; x_wconf 88' lang='lat'><strong>:</strong></span> <span class='ocrx_word' id='word_1_38' title='bbox 532 654 594 695; x_wconf 89' lang='lat' dir='ltr'><strong>ac</strong></span> <span class='ocrx_word' id='word_1_39' title='bbox 627 638 823 709; x_wconf 78' lang='lat' dir='ltr'><strong>partim</strong></span> <span class='ocrx_word' id='word_1_40' title='bbox 865 637 1177 692; x_wconf 87' lang='lat' dir='ltr'><strong>immediate</strong></span> <span class='ocrx_word' id='word_1_41' title='bbox 1208 643 1262 689; x_wconf 88' lang='lat' dir='ltr'><strong>et</strong></span> <span class='ocrx_word' id='word_1_42' title='bbox 1295 634 1508 702; x_wconf 86' lang='lat' dir='ltr'><strong>absque</strong></span> <span class='ocrx_word' id='word_1_43' title='bbox 1547 627 1880 685; x_wconf 89' lang='lat' dir='ltr'><strong>adminiculo</strong></span> 
     </span>
    </p>
   </div>
   <div class='ocr_carea' id='block_1_9' title="bbox 296 720 1881 804">
    <p class='ocr_par' dir='ltr' id='par_1_9' title="bbox 296 720 1881 804">
     <span class='ocr_line' id='line_1_9' title="bbox 296 720 1881 804; baseline -0.008 -17"><span class='ocrx_word' id='word_1_44' title='bbox 296 749 393 803; x_wconf 88' lang='lat' dir='ltr'><strong>per</strong></span> <span class='ocrx_word' id='word_1_45' title='bbox 439 733 683 802; x_wconf 90' lang='lat' dir='ltr'><strong>seipsum</strong></span> <span class='ocrx_word' id='word_1_46' title='bbox 730 731 991 804; x_wconf 80' lang='lat' dir='ltr'><strong>eliiciens,</strong></span> <span class='ocrx_word' id='word_1_47' title='bbox 1042 729 1257 797; x_wconf 87' lang='lat' dir='ltr'><strong>quoties</strong></span> <span class='ocrx_word' id='word_1_48' title='bbox 1302 724 1533 797; x_wconf 80' lang='lat' dir='ltr'><strong>gratiam</strong></span> <span class='ocrx_word' id='word_1_49' title='bbox 1566 720 1881 776; x_wconf 86' lang='lat' dir='ltr'><strong>immitteus</strong></span> 
     </span>
    </p>
   </div>
   <div class='ocr_carea' id='block_1_10' title="bbox 296 815 1882 892">
    <p class='ocr_par' dir='ltr' id='par_1_10' title="bbox 296 815 1882 892">
     <span class='ocr_line' id='line_1_10' title="bbox 296 815 1882 892; baseline -0.011 -11"><span class='ocrx_word' id='word_1_50' title='bbox 296 826 568 889; x_wconf 77' lang='lat' dir='ltr'><strong>infundit,</strong></span> <span class='ocrx_word' id='word_1_51' title='bbox 642 824 837 892; x_wconf 84' lang='lat' dir='ltr'><strong>partim</strong></span> <span class='ocrx_word' id='word_1_52' title='bbox 891 836 988 892; x_wconf 92' lang='lat' dir='ltr'><strong>per</strong></span> <span class='ocrx_word' id='word_1_53' title='bbox 1032 819 1255 891; x_wconf 76' lang='lat' dir='ltr'><strong>angelos</strong></span> <span class='ocrx_word' id='word_1_54' title='bbox 1305 815 1598 878; x_wconf 86' lang='lat' dir='ltr'><strong>custodes,</strong></span> <span class='ocrx_word' id='word_1_55' title='bbox 1648 826 1882 883; x_wconf 87' lang='lat' dir='ltr'><strong>quorum</strong></span> 
     </span>
    </p>
   </div>
   <div class='ocr_carea' id='block_1_11' title="bbox 296 902 1882 988">
    <p class='ocr_par' dir='ltr' id='par_1_11' title="bbox 296 902 1882 988">
     <span class='ocr_line' id='line_1_11' title="bbox 296 902 1882 988; baseline -0.013 -12"><span class='ocrx_word' id='word_1_56' title='bbox 296 919 497 988; x_wconf 72' lang='lat' dir='ltr'><strong>singuli</strong></span> <span class='ocrx_word' id='word_1_57' title='bbox 531 919 846 973; x_wconf 85' lang='lat' dir='ltr'><strong>hominibus</strong></span> <span class='ocrx_word' id='word_1_58' title='bbox 879 914 1111 985; x_wconf 79' lang='lat' dir='ltr'><strong>singulis</strong></span> <span class='ocrx_word' id='word_1_59' title='bbox 1145 909 1407 981; x_wconf 80' lang='lat' dir='ltr'><strong>assignati</strong></span> <span class='ocrx_word' id='word_1_60' title='bbox 1440 923 1503 963; x_wconf 88' lang='lat' dir='ltr'><strong>ac</strong></span> <span class='ocrx_word' id='word_1_61' title='bbox 1534 902 1838 976; x_wconf 82' lang='lat' dir='ltr'><strong>praescripti</strong></span> <span class='ocrx_word' id='word_1_62' title='bbox 1867 941 1882 967; x_wconf 92' lang='lat'><strong>,</strong></span> 
     </span>
    </p>
   </div>
   <div class='ocr_carea' id='block_1_12' title="bbox 298 996 1884 1071">
    <p class='ocr_par' dir='ltr' id='par_1_12' title="bbox 298 996 1884 1071">
     <span class='ocr_line' id='line_1_12' title="bbox 298 996 1884 1071; baseline -0.012 -6"><span class='ocrx_word' id='word_1_63' title='bbox 298 1011 532 1065; x_wconf 85' lang='lat' dir='ltr'><strong>incitant</strong></span> <span class='ocrx_word' id='word_1_64' title='bbox 570 1008 636 1062; x_wconf 92' lang='lat' dir='ltr'><strong>ad</strong></span> <span class='ocrx_word' id='word_1_65' title='bbox 665 1008 891 1071; x_wconf 88' lang='lat' dir='ltr'><strong>bonum,</strong></span> <span class='ocrx_word' id='word_1_66' title='bbox 915 1016 968 1060; x_wconf 89' lang='lat' dir='ltr'><strong>et</strong></span> <span class='ocrx_word' id='word_1_67' title='bbox 990 1020 1019 1059; x_wconf 90' lang='lat' dir='ltr'><strong>a</strong></span> <span class='ocrx_word' id='word_1_68' title='bbox 1047 1005 1353 1058; x_wconf 67' lang='lat' dir='ltr'><strong>diemonum</strong></span> <span class='ocrx_word' id='word_1_69' title='bbox 1383 999 1598 1054; x_wconf 87' lang='lat' dir='ltr'><strong>insidiis</strong></span> <span class='ocrx_word' id='word_1_70' title='bbox 1625 996 1884 1057; x_wconf 80' lang='lat' dir='ltr'><strong>liberant,</strong></span> 
     </span>
    </p>
   </div>
   <div class='ocr_carea' id='block_1_13' title="bbox 297 1087 1891 1169">
    <p class='ocr_par' dir='ltr' id='par_1_13' title="bbox 297 1087 1891 1169">
     <span class='ocr_line' id='line_1_13' title="bbox 297 1087 1891 1169; baseline -0.011 -14"><span class='ocrx_word' id='word_1_71' title='bbox 297 1116 435 1169; x_wconf 88' lang='lat' dir='ltr'><strong>quas</strong></span> <span class='ocrx_word' id='word_1_72' title='bbox 466 1099 681 1156; x_wconf 89' lang='lat' dir='ltr'><strong>occulte</strong></span> <span class='ocrx_word' id='word_1_73' title='bbox 720 1104 941 1152; x_wconf 90' lang='lat' dir='ltr'><strong>struunt</strong></span> <span class='ocrx_word' id='word_1_74' title='bbox 980 1097 1034 1152; x_wconf 89' lang='lat' dir='ltr'><strong>in</strong></span> <span class='ocrx_word' id='word_1_75' title='bbox 1063 1097 1167 1150; x_wconf 87' lang='lat' dir='ltr'><strong>hoc</strong></span> <span class='ocrx_word' id='word_1_76' title='bbox 1208 1094 1403 1148; x_wconf 90' lang='lat' dir='ltr'><strong>itinere</strong></span> <span class='ocrx_word' id='word_1_77' title='bbox 1434 1107 1542 1160; x_wconf 84' lang='lat' dir='ltr'><strong>quo</strong></span> <span class='ocrx_word' id='word_1_78' title='bbox 1573 1087 1766 1169; x_wconf 41' lang='lat' dir='ltr'><strong>(ut&#39;ait</strong></span> <span class='ocrx_word' id='word_1_79' title='bbox 1792 1087 1891 1139; x_wconf 84' lang='lat' dir='ltr'><strong>Da-</strong></span> 
     </span>
    </p>
   </div>
   <div class='ocr_carea' id='block_1_14' title="bbox 299 1186 1888 1263">
    <p class='ocr_par' dir='ltr' id='par_1_14' title="bbox 299 1186 1888 1263">
     <span class='ocr_line' id='line_1_14' title="bbox 299 1186 1888 1263; baseline -0.012 -14"><span class='ocrx_word' id='word_1_80' title='bbox 299 1194 416 1263; x_wconf 89' lang='lat' dir='ltr'><strong>vid)</strong></span> <span class='ocrx_word' id='word_1_81' title='bbox 470 1191 891 1262; x_wconf 91' lang='lat' dir='ltr'><strong>proﬁciscimur,</strong></span> <span class='ocrx_word' id='word_1_82' title='bbox 927 1204 1039 1244; x_wconf 86' lang='lat' dir='ltr'><strong>non</strong></span> <span class='ocrx_word' id='word_1_83' title='bbox 1089 1186 1285 1242; x_wconf 88' lang='lat' dir='ltr'><strong>animae</strong></span> <span class='ocrx_word' id='word_1_84' title='bbox 1327 1187 1633 1245; x_wconf 79' lang='lat' dir='ltr'><strong>‘tantum,</strong></span> <span class='ocrx_word' id='word_1_85' title='bbox 1701 1192 1888 1233; x_wconf 90' lang='lat' dir='ltr'><strong>verum</strong></span> 
     </span>
    </p>
   </div>
   <div class='ocr_carea' id='block_1_15' title="bbox 299 1278 1892 1352">
    <p class='ocr_par' dir='ltr' id='par_1_15' title="bbox 299 1278 1892 1352">
     <span class='ocr_line' id='line_1_15' title="bbox 299 1278 1892 1352; baseline -0.009 -10"><span class='ocrx_word' id='word_1_86' title='bbox 299 1291 461 1342; x_wconf 89' lang='lat' dir='ltr'><strong>etiam</strong></span> <span class='ocrx_word' id='word_1_87' title='bbox 525 1288 649 1341; x_wconf 65' lang='lat' dir='ltr'><strong>vita:</strong></span> <span class='ocrx_word' id='word_1_88' title='bbox 701 1293 903 1339; x_wconf 61' lang='lat' dir='ltr'><strong>nostra:</strong></span> <span class='ocrx_word' id='word_1_89' title='bbox 953 1292 1217 1352; x_wconf 88' lang='lat' dir='ltr'><strong>quantum</strong></span> <span class='ocrx_word' id='word_1_90' title='bbox 1271 1278 1478 1334; x_wconf 90' lang='lat' dir='ltr'><strong>conniti</strong></span> <span class='ocrx_word' id='word_1_91' title='bbox 1528 1283 1803 1347; x_wconf 91' lang='lat' dir='ltr'><strong>possunt:</strong></span> <span class='ocrx_word' id='word_1_92' title='bbox 1835 1284 1892 1329; x_wconf 90' lang='lat' dir='ltr'><strong>et</strong></span> 
     </span>
    </p>
   </div>
   <div class='ocr_carea' id='block_1_16' title="bbox 302 1364 1892 1448">
    <p class='ocr_par' dir='ltr' id='par_1_16' title="bbox 302 1364 1892 1448">
     <span class='ocr_line' id='line_1_16' title="bbox 302 1364 1892 1448; baseline -0.01 -15"><span class='ocrx_word' id='word_1_93' title='bbox 302 1378 693 1448; x_wconf 79' lang='lat' dir='ltr'><strong>cogitationum</strong></span> <span class='ocrx_word' id='word_1_94' title='bbox 725 1377 1089 1430; x_wconf 86' lang='lat' dir='ltr'><strong>humanarum</strong></span> <span class='ocrx_word' id='word_1_95' title='bbox 1132 1368 1569 1441; x_wconf 83' lang='lat' dir='ltr'><strong>jmbeeillitatem</strong></span> <span class='ocrx_word' id='word_1_96' title='bbox 1623 1364 1892 1420; x_wconf 90' lang='lat' dir='ltr'><strong>corrobo-</strong></span> 
     </span>
    </p>
   </div>
   <div class='ocr_carea' id='block_1_17' title="bbox 300 1457 1890 1537">
    <p class='ocr_par' dir='ltr' id='par_1_17' title="bbox 300 1457 1890 1537">
     <span class='ocr_line' id='line_1_17' title="bbox 300 1457 1890 1537; baseline -0.011 -12"><span class='ocrx_word' id='word_1_97' title='bbox 300 1479 449 1535; x_wconf 83' lang='lat' dir='ltr'><strong>rant,</strong></span> <span class='ocrx_word' id='word_1_98' title='bbox 474 1478 533 1523; x_wconf 92' lang='lat' dir='ltr'><strong>ut</strong></span> <span class='ocrx_word' id='word_1_99' title='bbox 567 1470 648 1524; x_wconf 89' lang='lat' dir='ltr'><strong>sic</strong></span> <span class='ocrx_word' id='word_1_100' title='bbox 676 1468 730 1522; x_wconf 90' lang='lat' dir='ltr'><strong>in</strong></span> <span class='ocrx_word' id='word_1_101' title='bbox 770 1481 970 1537; x_wconf 85' lang='lat' dir='ltr'><strong>genere</strong></span> <span class='ocrx_word' id='word_1_102' title='bbox 1002 1465 1215 1532; x_wconf 90' lang='lat' dir='ltr'><strong>loquar.</strong></span> <span class='ocrx_word' id='word_1_103' title='bbox 1248 1462 1438 1531; x_wconf 84' lang='lat' dir='ltr'><strong>Neque</strong></span> <span class='ocrx_word' id='word_1_104' title='bbox 1491 1459 1634 1513; x_wconf 87' lang='lat' dir='ltr'><strong>enim</strong></span> <span class='ocrx_word' id='word_1_105' title='bbox 1667 1457 1747 1511; x_wconf 79' lang='lat' dir='ltr'><strong>l‘as</strong></span> <span class='ocrx_word' id='word_1_106' title='bbox 1783 1462 1890 1521; x_wconf 87' lang='lat' dir='ltr'><strong>est,</strong></span> 
     </span>
    </p>
   </div>
   <div class='ocr_carea' id='block_1_18' title="bbox 301 1545 1897 1631">
    <p class='ocr_par' dir='ltr' id='par_1_18' title="bbox 301 1545 1897 1631">
     <span class='ocr_line' id='line_1_18' title="bbox 301 1545 1897 1631; baseline -0.011 -16"><span class='ocrx_word' id='word_1_107' title='bbox 301 1577 402 1616; x_wconf 90' lang='lat' dir='ltr'><strong>nec</strong></span> <span class='ocrx_word' id='word_1_108' title='bbox 431 1568 643 1631; x_wconf 87' lang='lat' dir='ltr'><strong>oportet</strong></span> <span class='ocrx_word' id='word_1_109' title='bbox 675 1574 738 1614; x_wconf 92' lang='lat' dir='ltr'><strong>ea</strong></span> <span class='ocrx_word' id='word_1_110' title='bbox 772 1557 1029 1612; x_wconf 76' lang='lat' dir='ltr'><strong>audacter</strong></span> <span class='ocrx_word' id='word_1_111' title='bbox 1057 1553 1304 1623; x_wconf 81' lang='lat' dir='ltr'><strong>aggredi,</strong></span> <span class='ocrx_word' id='word_1_112' title='bbox 1343 1565 1466 1621; x_wconf 80' lang='lat' dir='ltr'><strong>quae</strong></span> <span class='ocrx_word' id='word_1_113' title='bbox 1518 1564 1616 1603; x_wconf 93' lang='lat' dir='ltr'><strong>nec</strong></span> <span class='ocrx_word' id='word_1_114' title='bbox 1667 1545 1897 1601; x_wconf 90' lang='lat' dir='ltr'><strong>investi-</strong></span> 
     </span>
    </p>
   </div>
   <div class='ocr_carea' id='block_1_19' title="bbox 304 1639 1894 1725">
    <p class='ocr_par' dir='ltr' id='par_1_19' title="bbox 304 1639 1894 1725">
     <span class='ocr_line' id='line_1_19' title="bbox 304 1639 1894 1725; baseline -0.012 -17"><span class='ocrx_word' id='word_1_115' title='bbox 304 1654 440 1725; x_wconf 76' lang='lat' dir='ltr'><strong>gari,</strong></span> <span class='ocrx_word' id='word_1_116' title='bbox 477 1668 579 1707; x_wconf 91' lang='lat' dir='ltr'><strong>nec</strong></span> <span class='ocrx_word' id='word_1_117' title='bbox 609 1667 835 1705; x_wconf 87' lang='lat' dir='ltr'><strong>numero</strong></span> <span class='ocrx_word' id='word_1_118' title='bbox 858 1645 1247 1718; x_wconf 82' lang='lat' dir='ltr'><strong>comprehendi</strong></span> <span class='ocrx_word' id='word_1_119' title='bbox 1282 1651 1547 1714; x_wconf 88' lang='lat' dir='ltr'><strong>possunt:</strong></span> <span class='ocrx_word' id='word_1_120' title='bbox 1575 1641 1703 1696; x_wconf 91' lang='lat' dir='ltr'><strong>dum</strong></span> <span class='ocrx_word' id='word_1_121' title='bbox 1727 1639 1894 1691; x_wconf 85' lang='lat' dir='ltr'><strong>vitam</strong></span> 
     </span>
    </p>
   </div>
   <div class='ocr_carea' id='block_1_20' title="bbox 304 1731 1894 1803">
    <p class='ocr_par' dir='ltr' id='par_1_20' title="bbox 304 1731 1894 1803">
     <span class='ocr_line' id='line_1_20' title="bbox 304 1731 1894 1803; baseline -0.011 -4"><span class='ocrx_word' id='word_1_122' title='bbox 304 1759 524 1799; x_wconf 88' lang='lat' dir='ltr'><strong>omnem</strong></span> <span class='ocrx_word' id='word_1_123' title='bbox 560 1743 634 1797; x_wconf 92' lang='lat' dir='ltr'><strong>ita</strong></span> <span class='ocrx_word' id='word_1_124' title='bbox 666 1741 1019 1795; x_wconf 82' lang='lat' dir='ltr'><strong>moderantur</strong></span> <span class='ocrx_word' id='word_1_125' title='bbox 1048 1738 1101 1791; x_wconf 94' lang='lat' dir='ltr'><strong>in</strong></span> <span class='ocrx_word' id='word_1_126' title='bbox 1138 1737 1206 1791; x_wconf 93' lang='lat' dir='ltr'><strong>iis</strong></span> <span class='ocrx_word' id='word_1_127' title='bbox 1236 1738 1302 1790; x_wconf 91' lang='lat' dir='ltr'><strong>ad</strong></span> <span class='ocrx_word' id='word_1_128' title='bbox 1349 1734 1403 1788; x_wconf 90' lang='lat' dir='ltr'><strong>id</strong></span> <span class='ocrx_word' id='word_1_129' title='bbox 1450 1732 1593 1803; x_wconf 89' lang='lat' dir='ltr'><strong>quod</strong></span> <span class='ocrx_word' id='word_1_130' title='bbox 1626 1731 1894 1800; x_wconf 90' lang='lat' dir='ltr'><strong>optimum</strong></span> 
     </span>
    </p>
   </div>
   <div class='ocr_carea' id='block_1_21' title="bbox 304 1827 1890 1897">
    <p class='ocr_par' dir='ltr' id='par_1_21' title="bbox 304 1827 1890 1897">
     <span class='ocr_line' id='line_1_21' title="bbox 304 1827 1890 1897; baseline -0.008 -9"><span class='ocrx_word' id='word_1_131' title='bbox 304 1843 408 1897; x_wconf 87' lang='lat' dir='ltr'><strong>est,</strong></span> <span class='ocrx_word' id='word_1_132' title='bbox 440 1843 498 1887; x_wconf 93' lang='lat' dir='ltr'><strong>ut</strong></span> <span class='ocrx_word' id='word_1_133' title='bbox 527 1833 670 1886; x_wconf 91' lang='lat' dir='ltr'><strong>nulla</strong></span> <span class='ocrx_word' id='word_1_134' title='bbox 702 1832 755 1887; x_wconf 91' lang='lat' dir='ltr'><strong>in</strong></span> <span class='ocrx_word' id='word_1_135' title='bbox 807 1846 864 1884; x_wconf 85' lang='lat' dir='ltr'><strong>re</strong></span> <span class='ocrx_word' id='word_1_136' title='bbox 897 1830 1081 1884; x_wconf 85' lang='lat' dir='ltr'><strong>divina</strong></span> <span class='ocrx_word' id='word_1_137' title='bbox 1107 1828 1329 1883; x_wconf 87' lang='lat' dir='ltr'><strong>bonitas</strong></span> <span class='ocrx_word' id='word_1_138' title='bbox 1358 1827 1575 1881; x_wconf 79' lang='lat' dir='ltr'><strong>recedat</strong></span> <span class='ocrx_word' id='word_1_139' title='bbox 1602 1840 1630 1878; x_wconf 87' lang='lat' dir='ltr'><strong>a</strong></span> <span class='ocrx_word' id='word_1_140' title='bbox 1661 1833 1890 1891; x_wconf 79' lang='lat' dir='ltr'><strong>paterna</strong></span> 
     </span>
    </p>
   </div>
   <div class='ocr_carea' id='block_1_22' title="bbox 305 1913 1898 1995">
    <p class='ocr_par' dir='ltr' id='par_1_22' title="bbox 305 1913 1898 1995">
     <span class='ocr_line' id='line_1_22' title="bbox 305 1913 1898 1995; baseline -0.008 -17"><span class='ocrx_word' id='word_1_141' title='bbox 305 1922 649 1995; x_wconf 84' lang='lat' dir='ltr'><strong>providentia</strong></span> <span class='ocrx_word' id='word_1_142' title='bbox 708 1921 763 1975; x_wconf 90' lang='lat' dir='ltr'><strong>in</strong></span> <span class='ocrx_word' id='word_1_143' title='bbox 814 1920 1037 1983; x_wconf 84' lang='lat' dir='ltr'><strong>liberos,</strong></span> <span class='ocrx_word' id='word_1_144' title='bbox 1083 1917 1394 1987; x_wconf 84' lang='lat' dir='ltr'><strong>quicunque</strong></span> <span class='ocrx_word' id='word_1_145' title='bbox 1443 1914 1588 1968; x_wconf 89' lang='lat' dir='ltr'><strong>illam</strong></span> <span class='ocrx_word' id='word_1_146' title='bbox 1640 1913 1898 1967; x_wconf 77' lang='lat' dir='ltr'><strong>adamarit</strong></span> 
     </span>
    </p>
   </div>
   <div class='ocr_carea' id='block_1_23' title="bbox 307 2006 1900 2084">
    <p class='ocr_par' dir='ltr' id='par_1_23' title="bbox 307 2006 1900 2084">
     <span class='ocr_line' id='line_1_23' title="bbox 307 2006 1900 2084; baseline -0.008 -13"><span class='ocrx_word' id='word_1_147' title='bbox 307 2019 512 2082; x_wconf 86' lang='lat' dir='ltr'><strong>vitam;</strong></span> <span class='ocrx_word' id='word_1_148' title='bbox 561 2028 752 2084; x_wconf 89' lang='lat' dir='ltr'><strong>parum</strong></span> <span class='ocrx_word' id='word_1_149' title='bbox 803 2011 1141 2073; x_wconf 89' lang='lat' dir='ltr'><strong>admodum,</strong></span> <span class='ocrx_word' id='word_1_150' title='bbox 1195 2019 1251 2063; x_wconf 90' lang='lat' dir='ltr'><strong>et</strong></span> <span class='ocrx_word' id='word_1_151' title='bbox 1297 2024 1361 2063; x_wconf 82' lang='lat' dir='ltr'><strong>ex</strong></span> <span class='ocrx_word' id='word_1_152' title='bbox 1405 2007 1524 2076; x_wconf 83' lang='lat' dir='ltr'><strong>lege</strong></span> <span class='ocrx_word' id='word_1_153' title='bbox 1556 2015 1789 2070; x_wconf 87' lang='lat' dir='ltr'><strong>tantum,</strong></span> <span class='ocrx_word' id='word_1_154' title='bbox 1834 2006 1900 2059; x_wconf 89' lang='lat' dir='ltr'><strong>de</strong></span> 
     </span>
    </p>
   </div>
   <div class='ocr_carea' id='block_1_24' title="bbox 306 2095 1898 2178">
    <p class='ocr_par' dir='ltr' id='par_1_24' title="bbox 306 2095 1898 2178">
     <span class='ocr_line' id='line_1_24' title="bbox 306 2095 1898 2178; baseline -0.006 -20"><span class='ocrx_word' id='word_1_155' title='bbox 306 2105 557 2178; x_wconf 85' lang='lat' dir='ltr'><strong>praesenti</strong></span> <span class='ocrx_word' id='word_1_156' title='bbox 589 2104 825 2159; x_wconf 81' lang='lat' dir='ltr'><strong>solliciti.</strong></span> <span class='ocrx_word' id='word_1_157' title='bbox 859 2101 1028 2156; x_wconf 87' lang='lat' dir='ltr'><strong>Porro</strong></span> <span class='ocrx_word' id='word_1_158' title='bbox 1070 2102 1191 2155; x_wconf 66' lang='lat' dir='ltr'><strong>vita:</strong></span> <span class='ocrx_word' id='word_1_159' title='bbox 1235 2100 1397 2153; x_wconf 87' lang='lat' dir='ltr'><strong>ﬁnem</strong></span> <span class='ocrx_word' id='word_1_160' title='bbox 1442 2098 1574 2168; x_wconf 88' lang='lat' dir='ltr'><strong>ipsis</strong></span> <span class='ocrx_word' id='word_1_161' title='bbox 1606 2095 1850 2150; x_wconf 89' lang='lat' dir='ltr'><strong>immittit</strong></span> <span class='ocrx_word' id='word_1_162' title='bbox 1884 2132 1898 2157; x_wconf 86' lang='lat'><strong>,</strong></span> 
     </span>
    </p>
   </div>
   <div class='ocr_carea' id='block_1_25' title="bbox 308 2189 1899 2268">
    <p class='ocr_par' dir='ltr' id='par_1_25' title="bbox 308 2189 1899 2268">
     <span class='ocr_line' id='line_1_25' title="bbox 308 2189 1899 2268; baseline -0.008 -15"><span class='ocrx_word' id='word_1_163' title='bbox 308 2208 402 2253; x_wconf 87' lang='lat' dir='ltr'><strong>aut</strong></span> <span class='ocrx_word' id='word_1_164' title='bbox 432 2199 559 2252; x_wconf 86' lang='lat' dir='ltr'><strong>sinit</strong></span> <span class='ocrx_word' id='word_1_165' title='bbox 592 2195 906 2266; x_wconf 66' lang='lat' dir='ltr'><strong>praeparari,</strong></span> <span class='ocrx_word' id='word_1_166' title='bbox 937 2193 1237 2250; x_wconf 89' lang='lat' dir='ltr'><strong>secundum</strong></span> <span class='ocrx_word' id='word_1_167' title='bbox 1272 2200 1484 2261; x_wconf 80' lang='lat' dir='ltr'><strong>tempus</strong></span> <span class='ocrx_word' id='word_1_168' title='bbox 1530 2198 1584 2268; x_wconf 83' lang='lat' dir='ltr'><strong>et</strong></span> <span class='ocrx_word' id='word_1_169' title='bbox 1631 2189 1852 2243; x_wconf 86' lang='lat' dir='ltr'><strong>modum</strong></span> <span class='ocrx_word' id='word_1_170' title='bbox 1885 2229 1899 2252; x_wconf 87' lang='lat'><strong>,</strong></span> 
     </span>
    </p>
   </div>
   <div class='ocr_carea' id='block_1_26' title="bbox 308 2283 1893 2359">
    <p class='ocr_par' dir='ltr' id='par_1_26' title="bbox 308 2283 1893 2359">
     <span class='ocr_line' id='line_1_26' title="bbox 308 2283 1893 2359; baseline -0.007 -16"><span class='ocrx_word' id='word_1_171' title='bbox 308 2290 398 2359; x_wconf 90' lang='lat' dir='ltr'><strong>qui</strong></span> <span class='ocrx_word' id='word_1_172' title='bbox 433 2289 556 2343; x_wconf 88' lang='lat' dir='ltr'><strong>aliis</strong></span> <span class='ocrx_word' id='word_1_173' title='bbox 587 2288 759 2357; x_wconf 87' lang='lat' dir='ltr'><strong>ipsius</strong></span> <span class='ocrx_word' id='word_1_174' title='bbox 808 2285 1166 2357; x_wconf 73' lang='lat' dir='ltr'><strong>providentize</strong></span> <span class='ocrx_word' id='word_1_175' title='bbox 1198 2283 1487 2355; x_wconf 77' lang='lat' dir='ltr'><strong>generibus</strong></span> <span class='ocrx_word' id='word_1_176' title='bbox 1519 2289 1806 2345; x_wconf 85' lang='lat' dir='ltr'><strong>consonet,</strong></span> <span class='ocrx_word' id='word_1_177' title='bbox 1839 2288 1893 2333; x_wconf 88' lang='lat' dir='ltr'><strong>et</strong></span> 
     </span>
    </p>
   </div>
   <div class='ocr_carea' id='block_1_27' title="bbox 310 2372 1896 2453">
    <p class='ocr_par' dir='ltr' id='par_1_27' title="bbox 310 2372 1896 2453">
     <span class='ocr_line' id='line_1_27' title="bbox 310 2372 1896 2453; baseline -0.009 -17"><span class='ocrx_word' id='word_1_178' title='bbox 310 2383 521 2436; x_wconf 72' lang='lat' dir='ltr'><strong>ueteris</strong></span> <span class='ocrx_word' id='word_1_179' title='bbox 553 2395 740 2435; x_wconf 88' lang='lat' dir='ltr'><strong>eorum</strong></span> <span class='ocrx_word' id='word_1_180' title='bbox 774 2379 868 2448; x_wconf 88' lang='lat' dir='ltr'><strong>qui</strong></span> <span class='ocrx_word' id='word_1_181' title='bbox 894 2377 1349 2453; x_wconf 82' lang='lat' dir='ltr'><strong>deterininantur,</strong></span> <span class='ocrx_word' id='word_1_182' title='bbox 1385 2372 1668 2441; x_wconf 83' lang='lat' dir='ltr'><strong>obsequiis</strong></span> <span class='ocrx_word' id='word_1_183' title='bbox 1695 2380 1749 2425; x_wconf 90' lang='lat' dir='ltr'><strong>et</strong></span> <span class='ocrx_word' id='word_1_184' title='bbox 1774 2380 1896 2423; x_wconf 89' lang='lat' dir='ltr'><strong>stu-</strong></span> 
     </span>
    </p>
   </div>
   <div class='ocr_carea' id='block_1_28' title="bbox 311 2462 1903 2540">
    <p class='ocr_par' dir='ltr' id='par_1_28' title="bbox 311 2462 1903 2540">
     <span class='ocr_line' id='line_1_28' title="bbox 311 2462 1903 2540; baseline -0.008 -11"><span class='ocrx_word' id='word_1_185' title='bbox 311 2475 436 2540; x_wconf 85' lang='lat' dir='ltr'><strong>diis,</strong></span> <span class='ocrx_word' id='word_1_186' title='bbox 491 2474 685 2528; x_wconf 85' lang='lat' dir='ltr'><strong>decore</strong></span> <span class='ocrx_word' id='word_1_187' title='bbox 741 2472 1239 2540; x_wconf 80' lang='lat' dir='ltr'><strong>convenienterque</strong></span> <span class='ocrx_word' id='word_1_188' title='bbox 1287 2468 1448 2524; x_wconf 88' lang='lat' dir='ltr'><strong>saluti</strong></span> <span class='ocrx_word' id='word_1_189' title='bbox 1479 2466 1737 2535; x_wconf 79' lang='lat' dir='ltr'><strong>propriae.</strong></span> <span class='ocrx_word' id='word_1_190' title='bbox 1772 2462 1903 2517; x_wconf 86' lang='lat' dir='ltr'><strong>Pro-</strong></span> 
     </span>
    </p>
   </div>
   <div class='ocr_carea' id='block_1_29' title="bbox 313 2554 1903 2635">
    <p class='ocr_par' dir='ltr' id='par_1_29' title="bbox 313 2554 1903 2635">
     <span class='ocr_line' id='line_1_29' title="bbox 313 2554 1903 2635; baseline -0.009 -15"><span class='ocrx_word' id='word_1_191' title='bbox 313 2578 497 2635; x_wconf 77' lang='lat' dir='ltr'><strong>pterea</strong></span> <span class='ocrx_word' id='word_1_192' title='bbox 529 2565 666 2617; x_wconf 89' lang='lat' dir='ltr'><strong>Deus</strong></span> <span class='ocrx_word' id='word_1_193' title='bbox 699 2573 749 2617; x_wconf 92' lang='lat' dir='ltr'><strong>et</strong></span> <span class='ocrx_word' id='word_1_194' title='bbox 774 2563 1059 2631; x_wconf 82' lang='lat' dir='ltr'><strong>providere</strong></span> <span class='ocrx_word' id='word_1_195' title='bbox 1086 2560 1344 2615; x_wconf 87' lang='lat' dir='ltr'><strong>omnibus</strong></span> <span class='ocrx_word' id='word_1_196' title='bbox 1374 2574 1495 2627; x_wconf 69' lang='lat' dir='ltr'><strong>quae</strong></span> <span class='ocrx_word' id='word_1_197' title='bbox 1522 2559 1589 2611; x_wconf 90' lang='lat' dir='ltr'><strong>ab</strong></span> <span class='ocrx_word' id='word_1_198' title='bbox 1619 2556 1738 2625; x_wconf 89' lang='lat' dir='ltr'><strong>ipso</strong></span> <span class='ocrx_word' id='word_1_199' title='bbox 1761 2554 1903 2609; x_wconf 78' lang='lat' dir='ltr'><strong>facta</strong></span> 
     </span>
    </p>
   </div>
   <div class='ocr_carea' id='block_1_30' title="bbox 315 2646 1902 2720">
    <p class='ocr_par' dir='ltr' id='par_1_30' title="bbox 315 2646 1902 2720">
     <span class='ocr_line' id='line_1_30' title="bbox 315 2646 1902 2720; baseline -0.008 -9"><span class='ocrx_word' id='word_1_200' title='bbox 315 2667 463 2719; x_wconf 87' lang='lat' dir='ltr'><strong>sunt,</strong></span> <span class='ocrx_word' id='word_1_201' title='bbox 511 2654 712 2708; x_wconf 90' lang='lat' dir='ltr'><strong>dicitur</strong></span> <span class='ocrx_word' id='word_1_202' title='bbox 757 2663 862 2709; x_wconf 91' lang='lat' dir='ltr'><strong>:et</strong></span> <span class='ocrx_word' id='word_1_203' title='bbox 907 2653 1103 2707; x_wconf 82' lang='lat' dir='ltr'><strong>divinae</strong></span> <span class='ocrx_word' id='word_1_204' title='bbox 1162 2650 1515 2720; x_wconf 66' lang='lat' dir='ltr'><strong>providentiae</strong></span> <span class='ocrx_word' id='word_1_205' title='bbox 1572 2650 1773 2702; x_wconf 88' lang='lat' dir='ltr'><strong>bonum</strong></span> <span class='ocrx_word' id='word_1_206' title='bbox 1835 2646 1902 2699; x_wconf 89' lang='lat' dir='ltr'><strong>ad</strong></span> 
     </span>
    </p>
   </div>
   <div class='ocr_carea' id='block_1_31' title="bbox 315 2740 1906 2817">
    <p class='ocr_par' dir='ltr' id='par_1_31' title="bbox 315 2740 1906 2817">
     <span class='ocr_line' id='line_1_31' title="bbox 315 2740 1906 2817; baseline -0.007 -15"><span class='ocrx_word' id='word_1_207' title='bbox 315 2748 495 2802; x_wconf 85' lang='lat' dir='ltr'><strong>omnia</strong></span> <span class='ocrx_word' id='word_1_208' title='bbox 526 2746 777 2817; x_wconf 87' lang='lat' dir='ltr'><strong>pertinet,</strong></span> <span class='ocrx_word' id='word_1_209' title='bbox 805 2760 928 2814; x_wconf 65' lang='lat' dir='ltr'><strong>quae</strong></span> <span class='ocrx_word' id='word_1_210' title='bbox 967 2742 1457 2813; x_wconf 89' lang='lat' dir='ltr'><strong>quomodocunque</strong></span> <span class='ocrx_word' id='word_1_211' title='bbox 1480 2740 1784 2796; x_wconf 80' lang='lat' dir='ltr'><strong>exsistendi</strong></span> <span class='ocrx_word' id='word_1_212' title='bbox 1814 2740 1906 2792; x_wconf 84' lang='lat' dir='ltr'><strong>ea-</strong></span> 
     </span>
    </p>
   </div>
   <div class='ocr_carea' id='block_1_32' title="bbox 315 2835 1900 2909">
    <p class='ocr_par' dir='ltr' id='par_1_32' title="bbox 315 2835 1900 2909">
     <span class='ocr_line' id='line_1_32' title="bbox 315 2835 1900 2909; baseline -0.006 -17"><span class='ocrx_word' id='word_1_213' title='bbox 315 2841 468 2909; x_wconf 79' lang='lat' dir='ltr'><strong>pacia</strong></span> <span class='ocrx_word' id='word_1_214' title='bbox 503 2848 634 2893; x_wconf 87' lang='lat' dir='ltr'><strong>sunt</strong></span> <span class='ocrx_word' id='word_1_215' title='bbox 677 2854 691 2891; x_wconf 91' lang='lat'><strong>:</strong></span> <span class='ocrx_word' id='word_1_216' title='bbox 738 2840 828 2892; x_wconf 86' lang='lat' dir='ltr'><strong>sed</strong></span> <span class='ocrx_word' id='word_1_217' title='bbox 879 2836 1269 2907; x_wconf 69' lang='lat' dir='ltr'><strong>praedestinare</strong></span> <span class='ocrx_word' id='word_1_218' title='bbox 1318 2835 1640 2889; x_wconf 85' lang='lat' dir='ltr'><strong>rationalem</strong></span> <span class='ocrx_word' id='word_1_219' title='bbox 1689 2838 1900 2885; x_wconf 83' lang='lat' dir='ltr'><strong>tantum</strong></span> 
     </span>
    </p>
   </div>
   <div class='ocr_carea' id='block_1_33' title="bbox 318 2923 1908 2994">
    <p class='ocr_par' dir='ltr' id='par_1_33' title="bbox 318 2923 1908 2994">
     <span class='ocr_line' id='line_1_33' title="bbox 318 2923 1908 2994; baseline -0.006 -8"><span class='ocrx_word' id='word_1_220' title='bbox 318 2943 593 2994; x_wconf 83' lang='lat' dir='ltr'><strong>naturam,</strong></span> <span class='ocrx_word' id='word_1_221' title='bbox 628 2931 905 2986; x_wconf 84' lang='lat' dir='ltr'><strong>hominem</strong></span> <span class='ocrx_word' id='word_1_222' title='bbox 940 2929 1221 2992; x_wconf 87' lang='lat' dir='ltr'><strong>nimirum,</strong></span> <span class='ocrx_word' id='word_1_223' title='bbox 1251 2927 1622 2981; x_wconf 78' lang='lat' dir='ltr'><strong>existimatur.</strong></span> <span class='ocrx_word' id='word_1_224' title='bbox 1674 2923 1824 2977; x_wconf 84' lang='lat' dir='ltr'><strong>Adeo</strong></span> <span class='ocrx_word' id='word_1_225' title='bbox 1851 2930 1908 2976; x_wconf 90' lang='lat' dir='ltr'><strong>ut</strong></span> 
     </span>
    </p>
   </div>
   <div class='ocr_carea' id='block_1_34' title="bbox 1980 434 3562 516">
    <p class='ocr_par' dir='ltr' id='par_1_34' title="bbox 1980 434 3562 516">
     <span class='ocr_line' id='line_1_34' title="bbox 1980 434 3562 516; baseline -0.006 -18"><span class='ocrx_word' id='word_1_226' title='bbox 1980 446 2360 516; x_wconf 78' lang='grc' dir='ltr'>φυλαττόντων</span> <span class='ocrx_word' id='word_1_227' title='bbox 2386 443 2660 512; x_wconf 83' lang='grc' dir='ltr'>ἀγγέλων,</span> <span class='ocrx_word' id='word_1_228' title='bbox 2691 434 2765 496; x_wconf 85' lang='grc' dir='ltr'><strong>ὧν</strong></span> <span class='ocrx_word' id='word_1_229' title='bbox 2800 442 3035 504; x_wconf 75' lang='grc' dir='ltr'>ἕκαστος</span> <span class='ocrx_word' id='word_1_230' title='bbox 3078 441 3298 507; x_wconf 77' lang='grc' dir='ltr'>ἑκάστῳ</span> <span class='ocrx_word' id='word_1_231' title='bbox 3330 439 3433 491; x_wconf 81' lang='grc' dir='ltr'>τῶν</span> <span class='ocrx_word' id='word_1_232' title='bbox 3467 440 3562 491; x_wconf 82' lang='grc' dir='ltr'><strong>ἀν·-</strong></span> 
     </span>
    </p>
   </div>
   <div class='ocr_carea' id='block_1_35' title="bbox 1983 529 3564 609">
    <p class='ocr_par' dir='ltr' id='par_1_35' title="bbox 1983 529 3564 609">
     <span class='ocr_line' id='line_1_35' title="bbox 1983 529 3564 609; baseline -0.01 -16"><span class='ocrx_word' id='word_1_233' title='bbox 1983 538 2218 609; x_wconf 85' lang='grc' dir='ltr'>θρώπων</span> <span class='ocrx_word' id='word_1_234' title='bbox 2274 537 2699 607; x_wconf 78' lang='grc' dir='ltr'><strong>ἀφωρισμένος,</strong></span> <span class='ocrx_word' id='word_1_235' title='bbox 2751 536 2893 588; x_wconf 88' lang='grc' dir='ltr'>κινεῖ</span> <span class='ocrx_word' id='word_1_236' title='bbox 2954 535 3051 602; x_wconf 79' lang='grc' dir='ltr'>μὲν</span> <span class='ocrx_word' id='word_1_237' title='bbox 3112 534 3248 600; x_wconf 58' lang='grc' dir='ltr'>πρὶς</span> <span class='ocrx_word' id='word_1_238' title='bbox 3302 529 3564 599; x_wconf 77' lang='grc' dir='ltr'>τάγαθὸν,</span> 
     </span>
    </p>
   </div>
   <div class='ocr_carea' id='block_1_36' title="bbox 1982 620 3567 697">
    <p class='ocr_par' dir='ltr' id='par_1_36' title="bbox 1982 620 3567 697">
     <span class='ocr_line' id='line_1_36' title="bbox 1982 620 3567 697; baseline -0.009 -12"><span class='ocrx_word' id='word_1_239' title='bbox 1982 630 2317 685; x_wconf 79' lang='grc' dir='ltr'><strong>ἀπαλλάττει</strong></span> <span class='ocrx_word' id='word_1_240' title='bbox 2360 629 2418 682; x_wconf 80' lang='grc' dir='ltr'>δὲ</span> <span class='ocrx_word' id='word_1_241' title='bbox 2465 628 2561 697; x_wconf 82' lang='grc' dir='ltr'><strong>τῆς</strong></span> <span class='ocrx_word' id='word_1_242' title='bbox 2593 627 2700 679; x_wconf 82' lang='grc' dir='ltr'>τῶν</span> <span class='ocrx_word' id='word_1_243' title='bbox 2733 625 3008 695; x_wconf 76' lang='grc' dir='ltr'><strong>δαιμόνων</strong></span> <span class='ocrx_word' id='word_1_244' title='bbox 3047 624 3290 691; x_wconf 77' lang='grc' dir='ltr'>ἐνέδρας,</span> <span class='ocrx_word' id='word_1_245' title='bbox 3333 622 3399 692; x_wconf 76' lang='grc' dir='ltr'><strong>ἢν</strong></span> <span class='ocrx_word' id='word_1_246' title='bbox 3434 620 3567 672; x_wconf 81' lang='grc' dir='ltr'>ὕπο-</span> 
     </span>
    </p>
   </div>
   <div class='ocr_carea' id='block_1_37' title="bbox 1984 707 3569 793">
    <p class='ocr_par' dir='ltr' id='par_1_37' title="bbox 1984 707 3569 793">
     <span class='ocr_line' id='line_1_37' title="bbox 1984 707 3569 793; baseline -0.007 -18"><span class='ocrx_word' id='word_1_247' title='bbox 1984 723 2326 793; x_wconf 78' lang='grc' dir='ltr'>κρύπτουσιν</span> <span class='ocrx_word' id='word_1_248' title='bbox 2351 721 2409 773; x_wconf 82' lang='grc' dir='ltr'>ὲν</span> <span class='ocrx_word' id='word_1_249' title='bbox 2434 722 2498 789; x_wconf 79' lang='grc' dir='ltr'>τῇ</span> <span class='ocrx_word' id='word_1_250' title='bbox 2532 718 2635 788; x_wconf 82' lang='grc' dir='ltr'><strong>ὁδῷ</strong></span> <span class='ocrx_word' id='word_1_251' title='bbox 2660 717 2851 787; x_wconf 80' lang='grc' dir='ltr'>ταύτῃ,</span> <span class='ocrx_word' id='word_1_252' title='bbox 2883 716 3026 769; x_wconf 79' lang='grc' dir='ltr'>κατὰ</span> <span class='ocrx_word' id='word_1_253' title='bbox 3056 717 3147 770; x_wconf 88' lang='grc' dir='ltr'>τὸν</span> <span class='ocrx_word' id='word_1_254' title='bbox 3182 714 3368 778; x_wconf 73' lang='grc' dir='ltr'>Δαϐὶδ,</span> <span class='ocrx_word' id='word_1_255' title='bbox 3467 730 3569 765; x_wconf 78' lang='grc' dir='ltr'>πο-</span> 
     </span>
    </p>
   </div>
   <div class='ocr_carea' id='block_1_38' title="bbox 1988 808 3570 885">
    <p class='ocr_par' dir='ltr' id='par_1_38' title="bbox 1988 808 3570 885">
     <span class='ocr_line' id='line_1_38' title="bbox 1988 808 3570 885; baseline -0.006 -18"><span class='ocrx_word' id='word_1_256' title='bbox 1988 814 2279 885; x_wconf 78' lang='grc' dir='ltr'>ρευόμεθα,</span> <span class='ocrx_word' id='word_1_257' title='bbox 2332 814 2394 866; x_wconf 80' lang='grc' dir='ltr'><strong>οὐ</strong></span> <span class='ocrx_word' id='word_1_258' title='bbox 2436 814 2554 870; x_wconf 85' lang='grc' dir='ltr'>ταῖς</span> <span class='ocrx_word' id='word_1_259' title='bbox 2603 812 2868 880; x_wconf 73' lang='grc' dir='ltr'><strong>ψυχικαῖς</strong></span> <span class='ocrx_word' id='word_1_260' title='bbox 2899 809 3077 878; x_wconf 85' lang='grc' dir='ltr'>μόνον,</span> <span class='ocrx_word' id='word_1_261' title='bbox 3136 808 3272 862; x_wconf 77' lang='grc' dir='ltr'>ἀλλὰ</span> <span class='ocrx_word' id='word_1_262' title='bbox 3322 809 3415 859; x_wconf 78' lang='grc' dir='ltr'>καὶ</span> <span class='ocrx_word' id='word_1_263' title='bbox 3447 809 3570 868; x_wconf 82' lang='grc' dir='ltr'>ταῖς</span> 
     </span>
    </p>
   </div>
   <div class='ocr_carea' id='block_1_39' title="bbox 1988 898 3571 975">
    <p class='ocr_par' dir='ltr' id='par_1_39' title="bbox 1988 898 3571 975">
     <span class='ocr_line' id='line_1_39' title="bbox 1988 898 3571 975; baseline -0.008 -15"><span class='ocrx_word' id='word_1_264' title='bbox 1988 906 2155 972; x_wconf 80' lang='grc' dir='ltr'>ζωαῖς</span> <span class='ocrx_word' id='word_1_265' title='bbox 2186 908 2218 975; x_wconf 80' lang='grc' dir='ltr'>ἠ</span> <span class='ocrx_word' id='word_1_266' title='bbox 2228 903 2346 974; x_wconf 84' lang='grc' dir='ltr'>μῶν</span> <span class='ocrx_word' id='word_1_267' title='bbox 2379 904 2503 957; x_wconf 84' lang='grc' dir='ltr'>ὅσον</span> <span class='ocrx_word' id='word_1_268' title='bbox 2534 902 2792 956; x_wconf 86' lang='grc' dir='ltr'>δύνανται</span> <span class='ocrx_word' id='word_1_269' title='bbox 2815 918 2828 933; x_wconf 87' lang='grc'><strong>·</strong></span> <span class='ocrx_word' id='word_1_270' title='bbox 2869 906 2966 954; x_wconf 63' lang='grc' dir='ltr'><strong>καὶ⁵</strong></span> <span class='ocrx_word' id='word_1_271' title='bbox 2993 903 3094 969; x_wconf 77' lang='grc' dir='ltr'><strong>τὴν</strong></span> <span class='ocrx_word' id='word_1_272' title='bbox 3139 899 3429 953; x_wconf 86' lang='grc' dir='ltr'>ἀσθένειαν</span> <span class='ocrx_word' id='word_1_273' title='bbox 3459 898 3571 950; x_wconf 79' lang='grc' dir='ltr'>τῶν</span> 
     </span>
    </p>
   </div>
   <div class='ocr_carea' id='block_1_40' title="bbox 1992 989 3567 1070">
    <p class='ocr_par' dir='ltr' id='par_1_40' title="bbox 1992 989 3567 1070">
     <span class='ocr_line' id='line_1_40' title="bbox 1992 989 3567 1070; baseline -0.008 -17"><span class='ocrx_word' id='word_1_274' title='bbox 1992 998 2349 1070; x_wconf 75' lang='grc' dir='ltr'><strong>ἀνθρωπίνων</strong></span> <span class='ocrx_word' id='word_1_275' title='bbox 2398 994 2678 1064; x_wconf 79' lang='grc' dir='ltr'><strong>λογισμῶν</strong></span> <span class='ocrx_word' id='word_1_276' title='bbox 2708 995 2968 1064; x_wconf 70' lang='grc' dir='ltr'>ἐνισχύει,</span> <span class='ocrx_word' id='word_1_277' title='bbox 3009 993 3199 1055; x_wconf 85' lang='grc' dir='ltr'>ἁπλῶς</span> <span class='ocrx_word' id='word_1_278' title='bbox 3247 993 3445 1054; x_wconf 78' lang='grc' dir='ltr'>εἰπεῖν,</span> <span class='ocrx_word' id='word_1_279' title='bbox 3500 989 3567 1042; x_wconf 80' lang='grc' dir='ltr'><strong>οὐ</strong></span> 
     </span>
    </p>
   </div>
   <div class='ocr_carea' id='block_1_41' title="bbox 1991 1082 3568 1162">
    <p class='ocr_par' dir='ltr' id='par_1_41' title="bbox 1991 1082 3568 1162">
     <span class='ocr_line' id='line_1_41' title="bbox 1991 1082 3568 1162; baseline -0.006 -18"><span class='ocrx_word' id='word_1_280' title='bbox 1991 1092 2100 1162; x_wconf 82' lang='grc' dir='ltr'><strong>γὰρ</strong></span> <span class='ocrx_word' id='word_1_281' title='bbox 2139 1085 2249 1144; x_wconf 79' lang='grc' dir='ltr'>οἷόν</span> <span class='ocrx_word' id='word_1_282' title='bbox 2298 1090 2357 1143; x_wconf 87' lang='grc' dir='ltr'><strong>τέ</strong></span> <span class='ocrx_word' id='word_1_283' title='bbox 2397 1090 2567 1152; x_wconf 75' lang='grc' dir='ltr'>ἔστιν,</span> <span class='ocrx_word' id='word_1_284' title='bbox 2598 1087 2724 1141; x_wconf 75' lang='grc' dir='ltr'>οὒτε</span> <span class='ocrx_word' id='word_1_285' title='bbox 2753 1087 2836 1140; x_wconf 85' lang='grc' dir='ltr'><strong>δεῖ</strong></span> <span class='ocrx_word' id='word_1_286' title='bbox 2862 1087 2970 1139; x_wconf 80' lang='grc' dir='ltr'><strong>τῶν</strong></span> <span class='ocrx_word' id='word_1_287' title='bbox 3014 1083 3441 1153; x_wconf 80' lang='grc' dir='ltr'>ἀνεξιχνιάστων</span> <span class='ocrx_word' id='word_1_288' title='bbox 3468 1082 3568 1134; x_wconf 77' lang='grc' dir='ltr'>καὶ</span> 
     </span>
    </p>
   </div>
   <div class='ocr_carea' id='block_1_42' title="bbox 1994 1174 3577 1254">
    <p class='ocr_par' dir='ltr' id='par_1_42' title="bbox 1994 1174 3577 1254">
     <span class='ocr_line' id='line_1_42' title="bbox 1994 1174 3577 1254; baseline -0.006 -16"><span class='ocrx_word' id='word_1_289' title='bbox 1994 1184 2387 1254; x_wconf 74' lang='grc' dir='ltr'><strong>ἀναριθμήτων</strong></span> <span class='ocrx_word' id='word_1_290' title='bbox 2416 1181 2765 1252; x_wconf 81' lang='grc' dir='ltr'>κατατολμᾷν</span> <span class='ocrx_word' id='word_1_291' title='bbox 2789 1197 2804 1213; x_wconf 89' lang='grc'><strong>·</strong></span> <span class='ocrx_word' id='word_1_292' title='bbox 2832 1181 2931 1251; x_wconf 81' lang='grc' dir='ltr'><strong>τὴν</strong></span> <span class='ocrx_word' id='word_1_293' title='bbox 2958 1179 3057 1249; x_wconf 80' lang='grc' dir='ltr'><strong>μὲν</strong></span> <span class='ocrx_word' id='word_1_294' title='bbox 3092 1178 3239 1247; x_wconf 80' lang='grc' dir='ltr'>ζωὴν</span> <span class='ocrx_word' id='word_1_295' title='bbox 3264 1177 3450 1231; x_wconf 78' lang='grc' dir='ltr'>πᾶσαν</span> <span class='ocrx_word' id='word_1_296' title='bbox 3479 1174 3577 1229; x_wconf 83' lang='grc' dir='ltr'><strong>οὖ-</strong></span> 
     </span>
    </p>
   </div>
   <div class='ocr_carea' id='block_1_43' title="bbox 1995 1266 3577 1345">
    <p class='ocr_par' dir='ltr' id='par_1_43' title="bbox 1995 1266 3577 1345">
     <span class='ocr_line' id='line_1_43' title="bbox 1995 1266 3577 1345; baseline -0.01 -12"><span class='ocrx_word' id='word_1_297' title='bbox 1995 1296 2102 1341; x_wconf 88' lang='grc' dir='ltr'><strong>τως</strong></span> <span class='ocrx_word' id='word_1_298' title='bbox 2138 1274 2444 1345; x_wconf 71' lang='grc' dir='ltr'>οἰκονομῶν</span> <span class='ocrx_word' id='word_1_299' title='bbox 2473 1274 2658 1336; x_wconf 82' lang='grc' dir='ltr'>αὐτοῖς</span> <span class='ocrx_word' id='word_1_300' title='bbox 2694 1274 2828 1340; x_wconf 76' lang='grc' dir='ltr'>πρὸς</span> <span class='ocrx_word' id='word_1_301' title='bbox 2861 1271 2921 1325; x_wconf 78' lang='grc' dir='ltr'><strong>τὸ</strong></span> <span class='ocrx_word' id='word_1_302' title='bbox 2953 1270 3253 1340; x_wconf 82' lang='grc' dir='ltr'>βέλτιστον,</span> <span class='ocrx_word' id='word_1_303' title='bbox 3287 1268 3363 1330; x_wconf 82' lang='grc' dir='ltr'>ὡς</span> <span class='ocrx_word' id='word_1_304' title='bbox 3404 1266 3577 1337; x_wconf 81' lang='grc' dir='ltr'>μηδὲν</span> 
     </span>
    </p>
   </div>
   <div class='ocr_carea' id='block_1_44' title="bbox 1994 1362 3579 1442">
    <p class='ocr_par' dir='ltr' id='par_1_44' title="bbox 1994 1362 3579 1442">
     <span class='ocr_line' id='line_1_44' title="bbox 1994 1362 3579 1442; baseline -0.007 -19"><span class='ocrx_word' id='word_1_305' title='bbox 1994 1370 2093 1442; x_wconf 69' lang='grc' dir='ltr'>τὴν</span> <span class='ocrx_word' id='word_1_306' title='bbox 2126 1369 2281 1423; x_wconf 88' lang='grc' dir='ltr'>θείαν</span> <span class='ocrx_word' id='word_1_307' title='bbox 2312 1368 2625 1439; x_wconf 82' lang='grc' dir='ltr'>ἀγαθότητα</span> <span class='ocrx_word' id='word_1_308' title='bbox 2655 1367 2754 1436; x_wconf 82' lang='grc' dir='ltr'>τῆς</span> <span class='ocrx_word' id='word_1_309' title='bbox 2801 1364 3077 1437; x_wconf 77' lang='grc' dir='ltr'><strong>πατρικῆς</strong></span> <span class='ocrx_word' id='word_1_310' title='bbox 3126 1362 3383 1432; x_wconf 76' lang='grc' dir='ltr'><strong>προνοίας</strong></span> <span class='ocrx_word' id='word_1_311' title='bbox 3402 1362 3579 1413; x_wconf 61' lang='grc' dir='ltr'>ἐκλε-</span> 
     </span>
    </p>
   </div>
   <div class='ocr_carea' id='block_1_45' title="bbox 1998 1452 3583 1525">
    <p class='ocr_par' dir='ltr' id='par_1_45' title="bbox 1998 1452 3583 1525">
     <span class='ocr_line' id='line_1_45' title="bbox 1998 1452 3583 1525; baseline -0.007 -10"><span class='ocrx_word' id='word_1_312' title='bbox 1998 1462 2246 1515; x_wconf 86' lang='grc' dir='ltr'>λοιπέναι</span> <span class='ocrx_word' id='word_1_313' title='bbox 2304 1463 2421 1524; x_wconf 82' lang='grc' dir='ltr'>τοῖς</span> <span class='ocrx_word' id='word_1_314' title='bbox 2473 1459 2737 1521; x_wconf 78' lang='grc' dir='ltr'>τέκνοις..</span> <span class='ocrx_word' id='word_1_315' title='bbox 2769 1457 2958 1512; x_wconf 87' lang='grc' dir='ltr'>ὁπόσοι</span> <span class='ocrx_word' id='word_1_316' title='bbox 3008 1458 3108 1525; x_wconf 79' lang='grc' dir='ltr'>τῆς</span> <span class='ocrx_word' id='word_1_317' title='bbox 3153 1455 3302 1525; x_wconf 80' lang='grc' dir='ltr'>ζωῆς</span> <span class='ocrx_word' id='word_1_318' title='bbox 3359 1452 3583 1519; x_wconf 75' lang='grc' dir='ltr'><strong>ἐκείνης</strong></span> 
     </span>
    </p>
   </div>
   <div class='ocr_carea' id='block_1_46' title="bbox 2000 1543 3588 1625">
    <p class='ocr_par' dir='ltr' id='par_1_46' title="bbox 2000 1543 3588 1625">
     <span class='ocr_line' id='line_1_46' title="bbox 2000 1543 3588 1625; baseline -0.006 -20"><span class='ocrx_word' id='word_1_319' title='bbox 2000 1554 2188 1625; x_wconf 70' lang='grc' dir='ltr'>ἐρῶσι,</span> <span class='ocrx_word' id='word_1_320' title='bbox 2224 1555 2321 1623; x_wconf 81' lang='grc' dir='ltr'>τῆς</span> <span class='ocrx_word' id='word_1_321' title='bbox 2350 1550 2633 1623; x_wconf 78' lang='grc' dir='ltr'><strong>παρούσης</strong></span> <span class='ocrx_word' id='word_1_322' title='bbox 2666 1551 2823 1619; x_wconf 83' lang='grc' dir='ltr'>ὀλίγοι</span> <span class='ocrx_word' id='word_1_323' title='bbox 2852 1552 2949 1604; x_wconf 75' lang='grc' dir='ltr'>καὶ</span> <span class='ocrx_word' id='word_1_324' title='bbox 2978 1548 3120 1603; x_wconf 76' lang='grc' dir='ltr'>κατὰ</span> <span class='ocrx_word' id='word_1_325' title='bbox 3170 1548 3331 1615; x_wconf 82' lang='grc' dir='ltr'>νόμον</span> <span class='ocrx_word' id='word_1_326' title='bbox 3362 1543 3588 1612; x_wconf 70' lang='grc' dir='ltr'>φροντί-</span> 
     </span>
    </p>
   </div>
   <div class='ocr_carea' id='block_1_47' title="bbox 2002 1635 3584 1714">
    <p class='ocr_par' dir='ltr' id='par_1_47' title="bbox 2002 1635 3584 1714">
     <span class='ocr_line' id='line_1_47' title="bbox 2002 1635 3584 1714; baseline -0.02 1"><span class='ocrx_word' id='word_1_327' title='bbox 2002 1648 2206 1713; x_wconf 70' lang='grc' dir='ltr'>ζοντες.</span> <span class='ocrx_word' id='word_1_328' title='bbox 2236 1646 2311 1699; x_wconf 77' lang='grc' dir='ltr'><strong>Τὸ</strong></span> <span class='ocrx_word' id='word_1_329' title='bbox 2335 1646 2392 1700; x_wconf 80' lang='grc' dir='ltr'>δὲ</span> <span class='ocrx_word' id='word_1_330' title='bbox 2419 1647 2519 1714; x_wconf 80' lang='grc' dir='ltr'><strong>τῆς</strong></span> <span class='ocrx_word' id='word_1_331' title='bbox 2556 1644 2703 1714; x_wconf 79' lang='grc' dir='ltr'><strong>ζωῆς</strong></span> <span class='ocrx_word' id='word_1_332' title='bbox 2742 1644 2895 1706; x_wconf 88' lang='grc' dir='ltr'>τέλος</span> <span class='ocrx_word' id='word_1_333' title='bbox 2933 1643 3115 1704; x_wconf 74' lang='grc' dir='ltr'>αὐτοῖς</span> <span class='ocrx_word' id='word_1_334' title='bbox 3161 1637 3514 1704; x_wconf 68' lang='grc' dir='ltr'>δπιπέμπων,</span> <span class='ocrx_word' id='word_1_335' title='bbox 3542 1635 3584 1705; x_wconf 76' lang='grc' dir='ltr'><strong>ἦ</strong></span> 
     </span>
    </p>
   </div>
   <div class='ocr_carea' id='block_1_48' title="bbox 2000 1727 3587 1809">
    <p class='ocr_par' dir='ltr' id='par_1_48' title="bbox 2000 1727 3587 1809">
     <span class='ocr_line' id='line_1_48' title="bbox 2000 1727 3587 1809; baseline -0.009 -15"><span class='ocrx_word' id='word_1_336' title='bbox 2000 1737 2527 1809; x_wconf 74' lang='grc' dir='ltr'>παρασκευάζεσθαι</span> <span class='ocrx_word' id='word_1_337' title='bbox 2581 1734 2882 1806; x_wconf 84' lang='grc' dir='ltr'>συγχωρῶν</span> <span class='ocrx_word' id='word_1_338' title='bbox 2925 1733 3066 1787; x_wconf 82' lang='grc' dir='ltr'>κατά</span> <span class='ocrx_word' id='word_1_339' title='bbox 3119 1749 3177 1785; x_wconf 81' lang='grc' dir='ltr'><strong>τε</strong></span> <span class='ocrx_word' id='word_1_340' title='bbox 3233 1732 3431 1800; x_wconf 80' lang='grc' dir='ltr'>χρόνον</span> <span class='ocrx_word' id='word_1_341' title='bbox 3485 1727 3587 1780; x_wconf 80' lang='grc' dir='ltr'><strong>καὶ</strong></span> 
     </span>
    </p>
   </div>
   <div class='ocr_carea' id='block_1_49' title="bbox 1999 1819 3587 1904">
    <p class='ocr_par' dir='ltr' id='par_1_49' title="bbox 1999 1819 3587 1904">
     <span class='ocr_line' id='line_1_49' title="bbox 1999 1819 3587 1904; baseline -0.008 -19"><span class='ocrx_word' id='word_1_342' title='bbox 1999 1833 2223 1904; x_wconf 83' lang='grc' dir='ltr'>τρόπον,</span> <span class='ocrx_word' id='word_1_343' title='bbox 2261 1825 2373 1885; x_wconf 78' lang='grc' dir='ltr'>οἷον</span> <span class='ocrx_word' id='word_1_344' title='bbox 2403 1830 2469 1884; x_wconf 86' lang='grc' dir='ltr'>ἂν</span> <span class='ocrx_word' id='word_1_345' title='bbox 2495 1831 2707 1898; x_wconf 88' lang='grc' dir='ltr'>γένοιτο</span> <span class='ocrx_word' id='word_1_346' title='bbox 2733 1829 2855 1889; x_wconf 83' lang='grc' dir='ltr'>ταῖς</span> <span class='ocrx_word' id='word_1_347' title='bbox 2881 1825 3073 1887; x_wconf 78' lang='grc' dir='ltr'>ἄλλαις</span> <span class='ocrx_word' id='word_1_348' title='bbox 3097 1823 3264 1877; x_wconf 83' lang='grc' dir='ltr'>αὐτοῦ</span> <span class='ocrx_word' id='word_1_349' title='bbox 3297 1819 3587 1892; x_wconf 79' lang='grc' dir='ltr'>προνοίαις</span> 
     </span>
    </p>
   </div>
   <div class='ocr_carea' id='block_1_50' title="bbox 2004 1912 3589 1992">
    <p class='ocr_par' dir='ltr' id='par_1_50' title="bbox 2004 1912 3589 1992">
     <span class='ocr_line' id='line_1_50' title="bbox 2004 1912 3589 1992; baseline -0.01 -17"><span class='ocrx_word' id='word_1_350' title='bbox 2004 1921 2251 1992; x_wconf 75' lang='grc' dir='ltr'>συνᾷδον,</span> <span class='ocrx_word' id='word_1_351' title='bbox 2285 1921 2421 1990; x_wconf 73' lang='grc' dir='ltr'>πρὸς</span> <span class='ocrx_word' id='word_1_352' title='bbox 2442 1920 2502 1972; x_wconf 75' lang='grc' dir='ltr'><strong>τὸ</strong></span> <span class='ocrx_word' id='word_1_353' title='bbox 2528 1916 2787 1981; x_wconf 76' lang='grc' dir='ltr'>καθάπαξ</span> <span class='ocrx_word' id='word_1_354' title='bbox 2813 1914 3097 1986; x_wconf 77' lang='grc' dir='ltr'>ὁρισθῆναι</span> <span class='ocrx_word' id='word_1_355' title='bbox 3131 1913 3313 1975; x_wconf 84' lang='grc' dir='ltr'>καλῶς</span> <span class='ocrx_word' id='word_1_356' title='bbox 3341 1912 3436 1964; x_wconf 76' lang='grc' dir='ltr'>καὶ</span> <span class='ocrx_word' id='word_1_357' title='bbox 3460 1912 3589 1970; x_wconf 69' lang='grc' dir='ltr'>ταῖς</span> 
     </span>
    </p>
   </div>
   <div class='ocr_carea' id='block_1_51' title="bbox 2001 2004 3586 2084">
    <p class='ocr_par' dir='ltr' id='par_1_51' title="bbox 2001 2004 3586 2084">
     <span class='ocr_line' id='line_1_51' title="bbox 2001 2004 3586 2084; baseline -0.008 -18"><span class='ocrx_word' id='word_1_358' title='bbox 2001 2015 2110 2066; x_wconf 80' lang='grc' dir='ltr'>τῶν</span> <span class='ocrx_word' id='word_1_359' title='bbox 2166 2013 2501 2084; x_wconf 70' lang='grc' dir='ltr'>ὁριζομένων</span> <span class='ocrx_word' id='word_1_360' title='bbox 2558 2009 3076 2080; x_wconf 82' lang='grc' dir='ltr'>παρακολουθήσεσι</span> <span class='ocrx_word' id='word_1_361' title='bbox 3130 2005 3226 2059; x_wconf 76' lang='grc' dir='ltr'>καὶ</span> <span class='ocrx_word' id='word_1_362' title='bbox 3288 2004 3586 2067; x_wconf 81' lang='grc' dir='ltr'>σπουδαῖς,</span> 
     </span>
    </p>
   </div>
   <div class='ocr_carea' id='block_1_52' title="bbox 2004 2092 3589 2173">
    <p class='ocr_par' dir='ltr' id='par_1_52' title="bbox 2004 2092 3589 2173">
     <span class='ocr_line' id='line_1_52' title="bbox 2004 2092 3589 2173; baseline -0.008 -17"><span class='ocrx_word' id='word_1_363' title='bbox 2004 2105 2144 2173; x_wconf 84' lang='grc' dir='ltr'>ὑπὲρ</span> <span class='ocrx_word' id='word_1_364' title='bbox 2171 2107 2271 2172; x_wconf 86' lang='grc' dir='ltr'><strong>τῆς</strong></span> <span class='ocrx_word' id='word_1_365' title='bbox 2323 2103 2530 2164; x_wconf 70' lang='grc' dir='ltr'>οἰκείας</span> <span class='ocrx_word' id='word_1_366' title='bbox 2564 2100 2840 2171; x_wconf 78' lang='grc' dir='ltr'>σωτηρίας</span> <span class='ocrx_word' id='word_1_367' title='bbox 2891 2098 3241 2170; x_wconf 80' lang='grc' dir='ltr'>πρεπόντως.</span> <span class='ocrx_word' id='word_1_368' title='bbox 3274 2096 3374 2147; x_wconf 86' lang='grc' dir='ltr'><strong>Διὰ</strong></span> <span class='ocrx_word' id='word_1_369' title='bbox 3407 2092 3589 2146; x_wconf 86' lang='grc' dir='ltr'>ταῦτα</span> 
     </span>
    </p>
   </div>
   <div class='ocr_carea' id='block_1_53' title="bbox 2003 2181 3591 2265">
    <p class='ocr_par' dir='ltr' id='par_1_53' title="bbox 2003 2181 3591 2265">
     <span class='ocr_line' id='line_1_53' title="bbox 2003 2181 3591 2265; baseline -0.009 -15"><span class='ocrx_word' id='word_1_370' title='bbox 2003 2198 2096 2250; x_wconf 73' lang='grc' dir='ltr'><strong>καὶ</strong></span> <span class='ocrx_word' id='word_1_371' title='bbox 2130 2196 2376 2265; x_wconf 81' lang='grc' dir='ltr'>προνοεῖν</span> <span class='ocrx_word' id='word_1_372' title='bbox 2426 2194 2527 2260; x_wconf 82' lang='grc' dir='ltr'>μὲν</span> <span class='ocrx_word' id='word_1_373' title='bbox 2569 2194 2826 2247; x_wconf 78' lang='grc' dir='ltr'>ἁπάντων</span> <span class='ocrx_word' id='word_1_374' title='bbox 2861 2193 2888 2246; x_wconf 91' lang='grc' dir='ltr'><strong>ὁ</strong></span> <span class='ocrx_word' id='word_1_375' title='bbox 2922 2192 3052 2254; x_wconf 81' lang='grc' dir='ltr'>Θεὸς</span> <span class='ocrx_word' id='word_1_376' title='bbox 3085 2191 3305 2257; x_wconf 82' lang='grc' dir='ltr'>λέγεται</span> <span class='ocrx_word' id='word_1_377' title='bbox 3347 2187 3459 2239; x_wconf 80' lang='grc' dir='ltr'>τῶν</span> <span class='ocrx_word' id='word_1_378' title='bbox 3491 2181 3591 2237; x_wconf 82' lang='grc' dir='ltr'><strong>ὑπ’</strong></span> 
     </span>
    </p>
   </div>
   <div class='ocr_carea' id='block_1_54' title="bbox 2003 2278 3613 2358">
    <p class='ocr_par' dir='ltr' id='par_1_54' title="bbox 2003 2278 3613 2358">
     <span class='ocr_line' id='line_1_54' title="bbox 2003 2278 3613 2358; baseline -0.008 -13"><span class='ocrx_word' id='word_1_379' title='bbox 2003 2290 2186 2345; x_wconf 83' lang='grc' dir='ltr'>αὐτῶν</span> <span class='ocrx_word' id='word_1_380' title='bbox 2212 2284 2537 2358; x_wconf 74' lang='grc' dir='ltr'>γεγονότων,</span> <span class='ocrx_word' id='word_1_381' title='bbox 2572 2289 2665 2340; x_wconf 74' lang='grc' dir='ltr'>καὶ</span> <span class='ocrx_word' id='word_1_382' title='bbox 2696 2285 2753 2341; x_wconf 72' lang='grc' dir='ltr'>τὸ</span> <span class='ocrx_word' id='word_1_383' title='bbox 2784 2285 2883 2354; x_wconf 84' lang='grc' dir='ltr'>τῆς</span> <span class='ocrx_word' id='word_1_384' title='bbox 2909 2286 3058 2345; x_wconf 58' lang='grc' dir='ltr'>θείκς</span> <span class='ocrx_word' id='word_1_385' title='bbox 3089 2284 3342 2353; x_wconf 79' lang='grc' dir='ltr'>προνοία;</span> <span class='ocrx_word' id='word_1_386' title='bbox 3376 2278 3613 2348; x_wconf 53' lang='grc' dir='ltr'>ἀγαθὸν</span> 
     </span>
    </p>
   </div>
   <div class='ocr_carea' id='block_1_55' title="bbox 2006 2372 3589 2450">
    <p class='ocr_par' dir='ltr' id='par_1_55' title="bbox 2006 2372 3589 2450">
     <span class='ocr_line' id='line_1_55' title="bbox 2006 2372 3589 2450; baseline -0.007 -16"><span class='ocrx_word' id='word_1_387' title='bbox 2006 2383 2084 2445; x_wconf 86' lang='grc' dir='ltr'><strong>είς</strong></span> <span class='ocrx_word' id='word_1_388' title='bbox 2117 2382 2293 2434; x_wconf 81' lang='grc' dir='ltr'>πάντα</span> <span class='ocrx_word' id='word_1_389' title='bbox 2326 2381 2503 2450; x_wconf 85' lang='grc' dir='ltr'>διήκει</span> <span class='ocrx_word' id='word_1_390' title='bbox 2538 2381 2607 2432; x_wconf 70' lang='grc' dir='ltr'><strong>τὰ</strong></span> <span class='ocrx_word' id='word_1_391' title='bbox 2636 2378 2888 2433; x_wconf 80' lang='grc' dir='ltr'>ὁπωσοῦν</span> <span class='ocrx_word' id='word_1_392' title='bbox 2914 2377 3008 2430; x_wconf 85' lang='grc' dir='ltr'><strong>τοῦ</strong></span> <span class='ocrx_word' id='word_1_393' title='bbox 3056 2372 3197 2430; x_wconf 79' lang='grc' dir='ltr'>εἶναι</span> <span class='ocrx_word' id='word_1_394' title='bbox 3245 2375 3547 2446; x_wconf 72' lang='grc' dir='ltr'>μετέχοντα</span> <span class='ocrx_word' id='word_1_395' title='bbox 3571 2385 3589 2400; x_wconf 91' lang='grc'><strong>·</strong></span> 
     </span>
    </p>
   </div>
   <div class='ocr_carea' id='block_1_56' title="bbox 2005 2467 3597 2546">
    <p class='ocr_par' dir='ltr' id='par_1_56' title="bbox 2005 2467 3597 2546">
     <span class='ocr_line' id='line_1_56' title="bbox 2005 2467 3597 2546; baseline -0.006 -19"><span class='ocrx_word' id='word_1_396' title='bbox 2005 2474 2319 2546; x_wconf 77' lang='grc' dir='ltr'>προορίζειν</span> <span class='ocrx_word' id='word_1_397' title='bbox 2352 2474 2412 2527; x_wconf 77' lang='grc' dir='ltr'><strong>δὲ</strong></span> <span class='ocrx_word' id='word_1_398' title='bbox 2441 2474 2541 2543; x_wconf 79' lang='grc' dir='ltr'>τὴν</span> <span class='ocrx_word' id='word_1_399' title='bbox 2581 2472 2809 2541; x_wconf 85' lang='grc' dir='ltr'>λογικὴν</span> <span class='ocrx_word' id='word_1_400' title='bbox 2841 2471 3005 2539; x_wconf 76' lang='grc' dir='ltr'>φύσιν</span> <span class='ocrx_word' id='word_1_401' title='bbox 3051 2471 3215 2540; x_wconf 70' lang='grc' dir='ltr'>μόνον</span> <span class='ocrx_word' id='word_1_402' title='bbox 3244 2470 3336 2524; x_wconf 77' lang='grc' dir='ltr'>τὸν</span> <span class='ocrx_word' id='word_1_403' title='bbox 3376 2467 3597 2536; x_wconf 81' lang='grc' dir='ltr'>ἄνθρω-</span> 
     </span>
    </p>
   </div>
   <div class='ocr_carea' id='block_1_57' title="bbox 2009 2561 3596 2634">
    <p class='ocr_par' dir='ltr' id='par_1_57' title="bbox 2009 2561 3596 2634">
     <span class='ocr_line' id='line_1_57' title="bbox 2009 2561 3596 2634; baseline -0.009 -13"><span class='ocrx_word' id='word_1_404' title='bbox 2009 2585 2129 2621; x_wconf 88' lang='grc' dir='ltr'>πον.</span> <span class='ocrx_word' id='word_1_405' title='bbox 2169 2566 2257 2629; x_wconf 81' lang='grc' dir='ltr'>Ὠς</span> <span class='ocrx_word' id='word_1_406' title='bbox 2288 2561 2428 2620; x_wconf 75' lang='grc' dir='ltr'>εἶναι</span> <span class='ocrx_word' id='word_1_407' title='bbox 2479 2567 2678 2619; x_wconf 66' lang='grc' dir='ltr'>ταυτὸν</span> <span class='ocrx_word' id='word_1_408' title='bbox 2717 2566 2816 2634; x_wconf 80' lang='grc' dir='ltr'>μὲν</span> <span class='ocrx_word' id='word_1_409' title='bbox 2859 2563 2944 2616; x_wconf 78' lang='grc' dir='ltr'>ἐπ’</span> <span class='ocrx_word' id='word_1_410' title='bbox 2977 2561 3269 2633; x_wconf 81' lang='grc' dir='ltr'>ἀνθρώπου</span> <span class='ocrx_word' id='word_1_411' title='bbox 3328 2570 3596 2629; x_wconf 82' lang='grc' dir='ltr'>προνοιαν</span> 
     </span>
    </p>
   </div>
   <div class='ocr_carea' id='block_1_58' title="bbox 2009 2647 3602 2726">
    <p class='ocr_par' dir='ltr' id='par_1_58' title="bbox 2009 2647 3602 2726">
     <span class='ocr_line' id='line_1_58' title="bbox 2009 2647 3602 2726; baseline -0.006 -16"><span class='ocrx_word' id='word_1_412' title='bbox 2009 2657 2145 2711; x_wconf 87' lang='grc' dir='ltr'>Θεοῦ</span> <span class='ocrx_word' id='word_1_413' title='bbox 2180 2659 2276 2710; x_wconf 81' lang='grc' dir='ltr'>καὶ</span> <span class='ocrx_word' id='word_1_414' title='bbox 2320 2658 2684 2726; x_wconf 82' lang='grc' dir='ltr'>προορισμδν,</span> <span class='ocrx_word' id='word_1_415' title='bbox 2725 2656 2971 2725; x_wconf 81' lang='grc' dir='ltr'>ἑκατέρῳ</span> <span class='ocrx_word' id='word_1_416' title='bbox 3001 2655 3109 2724; x_wconf 78' lang='grc' dir='ltr'>γὰρ</span> <span class='ocrx_word' id='word_1_417' title='bbox 3144 2655 3170 2705; x_wconf 86' lang='grc' dir='ltr'><strong>ὁ</strong></span> <span class='ocrx_word' id='word_1_418' title='bbox 3211 2652 3370 2719; x_wconf 86' lang='grc' dir='ltr'>λόγος</span> <span class='ocrx_word' id='word_1_419' title='bbox 3399 2647 3602 2720; x_wconf 81' lang='grc' dir='ltr'>δηλοῦ-</span> 
     </span>
    </p>
   </div>
   <div class='ocr_carea' id='block_1_59' title="bbox 2008 2740 3594 2817">
    <p class='ocr_par' dir='ltr' id='par_1_59' title="bbox 2008 2740 3594 2817">
     <span class='ocr_line' id='line_1_59' title="bbox 2008 2740 3594 2817; baseline -0.006 -16"><span class='ocrx_word' id='word_1_420' title='bbox 2008 2766 2096 2802; x_wconf 85' lang='grc' dir='ltr'><strong>ται</strong></span> <span class='ocrx_word' id='word_1_421' title='bbox 2143 2748 2240 2817; x_wconf 82' lang='grc' dir='ltr'>τῆς</span> <span class='ocrx_word' id='word_1_422' title='bbox 2268 2749 2346 2809; x_wconf 85' lang='grc' dir='ltr'><strong>είς</strong></span> <span class='ocrx_word' id='word_1_423' title='bbox 2381 2748 2442 2800; x_wconf 73' lang='grc' dir='ltr'>τὸ</span> <span class='ocrx_word' id='word_1_424' title='bbox 2488 2749 2688 2801; x_wconf 86' lang='grc' dir='ltr'>οἰκεῖον</span> <span class='ocrx_word' id='word_1_425' title='bbox 2722 2747 2928 2810; x_wconf 82' lang='grc' dir='ltr'>τάξεως</span> <span class='ocrx_word' id='word_1_426' title='bbox 2955 2746 3104 2807; x_wconf 83' lang='grc' dir='ltr'>τέλο,</span> <span class='ocrx_word' id='word_1_427' title='bbox 3129 2759 3144 2775; x_wconf 73' lang='grc'><strong>⁴</strong></span> <span class='ocrx_word' id='word_1_428' title='bbox 3179 2743 3362 2803; x_wconf 77' lang='grc' dir='ltr'>ἁπλῶς</span> <span class='ocrx_word' id='word_1_429' title='bbox 3408 2742 3488 2799; x_wconf 72' lang='grc' dir='ltr'><strong>δὲ.</strong></span> <span class='ocrx_word' id='word_1_430' title='bbox 3521 2740 3594 2792; x_wconf 71' lang='grc' dir='ltr'>οὗ</span> 
     </span>
    </p>
   </div>
   <div class='ocr_carea' id='block_1_60' title="bbox 2009 2833 3595 2910">
    <p class='ocr_par' dir='ltr' id='par_1_60' title="bbox 2009 2833 3595 2910">
     <span class='ocr_line' id='line_1_60' title="bbox 2009 2833 3595 2910; baseline -0.004 -17"><span class='ocrx_word' id='word_1_431' title='bbox 2009 2841 2227 2905; x_wconf 72' lang='grc' dir='ltr'>ταυτὸν,</span> <span class='ocrx_word' id='word_1_432' title='bbox 2271 2841 2409 2893; x_wconf 85' lang='grc' dir='ltr'>ἀλλὰ</span> <span class='ocrx_word' id='word_1_433' title='bbox 2450 2841 2614 2910; x_wconf 80' lang='grc' dir='ltr'>μέρος</span> <span class='ocrx_word' id='word_1_434' title='bbox 2665 2839 2763 2908; x_wconf 78' lang='grc' dir='ltr'>τῆς</span> <span class='ocrx_word' id='word_1_435' title='bbox 2809 2839 3065 2909; x_wconf 73' lang='grc' dir='ltr'>προνοίας</span> <span class='ocrx_word' id='word_1_436' title='bbox 3093 2837 3451 2909; x_wconf 78' lang='grc' dir='ltr'>ἐξῃρημένον.</span> <span class='ocrx_word' id='word_1_437' title='bbox 3503 2833 3595 2886; x_wconf 59' lang='grc' dir='ltr'><strong>Τὰ</strong></span> 
     </span>
    </p>
   </div>
   <div class='ocr_carea' id='block_1_61' title="bbox 2015 2925 3598 3001">
    <p class='ocr_par' dir='ltr' id='par_1_61' title="bbox 2015 2925 3598 3001">
     <span class='ocr_line' id='line_1_61' title="bbox 2015 2925 3598 3001; baseline -0.006 -17"><span class='ocrx_word' id='word_1_438' title='bbox 2015 2932 2112 3000; x_wconf 82' lang='grc' dir='ltr'><strong>μὲν</strong></span> <span class='ocrx_word' id='word_1_439' title='bbox 2147 2931 2255 3001; x_wconf 80' lang='grc' dir='ltr'><strong>γὰρ</strong></span> <span class='ocrx_word' id='word_1_440' title='bbox 2287 2930 2423 2983; x_wconf 80' lang='grc' dir='ltr'>ἄλλα</span> <span class='ocrx_word' id='word_1_441' title='bbox 2458 2931 2742 2984; x_wconf 79' lang='grc' dir='ltr'>τάττονται</span> <span class='ocrx_word' id='word_1_442' title='bbox 2770 2931 2903 2999; x_wconf 71' lang='grc' dir='ltr'>πρὸς</span> <span class='ocrx_word' id='word_1_443' title='bbox 2936 2929 3086 2992; x_wconf 79' lang='grc' dir='ltr'>τέλος</span> <span class='ocrx_word' id='word_1_444' title='bbox 3117 2932 3182 2997; x_wconf 79' lang='grc' dir='ltr'>τῇ</span> <span class='ocrx_word' id='word_1_445' title='bbox 3213 2927 3392 2981; x_wconf 77' lang='grc' dir='ltr'>αὐτῶν</span> <span class='ocrx_word' id='word_1_446' title='bbox 3427 2925 3598 2995; x_wconf 73' lang='grc' dir='ltr'>φύσει</span> 
     </span>
    </p>
   </div>
   <div class='ocr_carea' id='block_1_62' title="bbox 318 3014 1908 3102">
    <p class='ocr_par' dir='ltr' id='par_1_62' title="bbox 318 3014 1907 3088">
     <span class='ocr_line' id='line_1_62' title="bbox 318 3014 1907 3088; baseline -0.009 -8"><span class='ocrx_word' id='word_1_447' title='bbox 318 3027 464 3080; x_wconf 88' lang='lat' dir='ltr'><strong>idem</strong></span> <span class='ocrx_word' id='word_1_448' title='bbox 500 3024 569 3079; x_wconf 85' lang='lat' dir='ltr'><strong>sit</strong></span> <span class='ocrx_word' id='word_1_449' title='bbox 618 3022 669 3076; x_wconf 86' lang='lat' dir='ltr'><strong>in</strong></span> <span class='ocrx_word' id='word_1_450' title='bbox 727 3023 951 3077; x_wconf 83' lang='lat' dir='ltr'><strong>homine</strong></span> <span class='ocrx_word' id='word_1_451' title='bbox 990 3021 1290 3084; x_wconf 63' lang='lat' dir='ltr'><strong>duntaxat,</strong></span> <span class='ocrx_word' id='word_1_452' title='bbox 1349 3016 1690 3088; x_wconf 88' lang='lat' dir='ltr'><strong>providentia</strong></span> <span class='ocrx_word' id='word_1_453' title='bbox 1729 3014 1821 3068; x_wconf 88' lang='lat' dir='ltr'><strong>Dei</strong></span> <span class='ocrx_word' id='word_1_454' title='bbox 1853 3021 1907 3066; x_wconf 91' lang='lat' dir='ltr'><strong>et</strong></span> 
     </span>
    </p>
   </div>
   <div class='ocr_carea' id='block_1_63' title="bbox 2014 3014 3605 3102">
    <p class='ocr_par' dir='ltr' id='par_1_63' title="bbox 2014 3018 3605 3089">
     <span class='ocr_line' id='line_1_63' title="bbox 2014 3018 3605 3089; baseline -0.003 -15"><span class='ocrx_word' id='word_1_455' title='bbox 2014 3022 2321 3089; x_wconf 57' lang='lat' dir='ltr'><strong>a&#39;Jgtotxnv,</strong></span> <span class='ocrx_word' id='word_1_456' title='bbox 2369 3019 2466 3074; x_wconf 74' lang='grc' dir='ltr'>καὶ</span> <span class='ocrx_word' id='word_1_457' title='bbox 2504 3020 2729 3087; x_wconf 82' lang='grc' dir='ltr'>ἄγονται</span> <span class='ocrx_word' id='word_1_458' title='bbox 2784 3019 2945 3088; x_wconf 73' lang='grc' dir='ltr'>μόνον</span> <span class='ocrx_word' id='word_1_459' title='bbox 2986 3018 3061 3082; x_wconf 85' lang='grc' dir='ltr'><strong>ὡς</strong></span> <span class='ocrx_word' id='word_1_460' title='bbox 3111 3018 3416 3087; x_wconf 55' lang='grc' dir='ltr'>ὲτάλθησαν</span> <span class='ocrx_word' id='word_1_461' title='bbox 3459 3018 3605 3084; x_wconf 83' lang='grc' dir='ltr'>ἆγε-</span> 
     </span>
    </p>
   </div>
   <div class='ocr_carea' id='block_1_64' title="bbox 318 3106 1929 3188">
    <p class='ocr_par' dir='ltr' id='par_1_64' title="bbox 318 3106 1929 3188">
     <span class='ocr_line' id='line_1_64' title="bbox 318 3106 1929 3188; baseline -0.006 -18"><span class='ocrx_word' id='word_1_462' title='bbox 318 3114 722 3188; x_wconf 69' lang='lat' dir='ltr'><strong>praedestittatio</strong></span> <span class='ocrx_word' id='word_1_463' title='bbox 756 3130 769 3167; x_wconf 91' lang='lat'><strong>:</strong></span> <span class='ocrx_word' id='word_1_464' title='bbox 808 3123 1046 3183; x_wconf 86' lang='lat' dir='ltr'><strong>utroque</strong></span> <span class='ocrx_word' id='word_1_465' title='bbox 1077 3114 1219 3168; x_wconf 86' lang='lat' dir='ltr'><strong>enim</strong></span> <span class='ocrx_word' id='word_1_466' title='bbox 1251 3111 1563 3166; x_wconf 89' lang='lat' dir='ltr'><strong>declaratur</strong></span> <span class='ocrx_word' id='word_1_467' title='bbox 1589 3110 1727 3164; x_wconf 87' lang='lat' dir='ltr'><strong>ratio</strong></span> <span class='ocrx_word' id='word_1_468' title='bbox 1756 3106 1929 3163; x_wconf 70' lang='lat' dir='ltr'><strong>ordi-“</strong></span> 
     </span>
    </p>
   </div>
   <div class='ocr_carea' id='block_1_65' title="bbox 319 3203 1908 3278">
    <p class='ocr_par' dir='ltr' id='par_1_65' title="bbox 319 3203 1908 3278">
     <span class='ocr_line' id='line_1_65' title="bbox 319 3203 1908 3278; baseline -0.006 -16"><span class='ocrx_word' id='word_1_469' title='bbox 319 3211 404 3263; x_wconf 85' lang='lat' dir='ltr'><strong>nis</strong></span> <span class='ocrx_word' id='word_1_470' title='bbox 448 3214 512 3263; x_wconf 91' lang='lat' dir='ltr'><strong>ad</strong></span> <span class='ocrx_word' id='word_1_471' title='bbox 565 3207 839 3278; x_wconf 89' lang='lat' dir='ltr'><strong>proprium</strong></span> <span class='ocrx_word' id='word_1_472' title='bbox 894 3205 1056 3259; x_wconf 90' lang='lat' dir='ltr'><strong>linem</strong></span> <span class='ocrx_word' id='word_1_473' title='bbox 1102 3203 1426 3267; x_wconf 86' lang='lat' dir='ltr'><strong>accedendi;</strong></span> <span class='ocrx_word' id='word_1_474' title='bbox 1467 3203 1690 3256; x_wconf 90' lang='lat' dir='ltr'><strong>omnino</strong></span> <span class='ocrx_word' id='word_1_475' title='bbox 1725 3211 1908 3254; x_wconf 88' lang='lat' dir='ltr'><strong>autem</strong></span> 
     </span>
    </p>
   </div>
   <div class='ocr_carea' id='block_1_66' title="bbox 320 3292 1913 3363">
    <p class='ocr_par' dir='ltr' id='par_1_66' title="bbox 320 3292 1913 3363">
     <span class='ocr_line' id='line_1_66' title="bbox 320 3292 1913 3363; baseline -0.005 -10"><span class='ocrx_word' id='word_1_476' title='bbox 320 3311 372 3359; x_wconf 85' lang='lat' dir='ltr'><strong>et</strong></span> <span class='ocrx_word' id='word_1_477' title='bbox 406 3299 654 3352; x_wconf 78' lang='lat' dir='ltr'><strong>absolute</strong></span> <span class='ocrx_word' id='word_1_478' title='bbox 690 3312 796 3351; x_wconf 90' lang='lat' dir='ltr'><strong>non</strong></span> <span class='ocrx_word' id='word_1_479' title='bbox 829 3295 968 3349; x_wconf 90' lang='lat' dir='ltr'><strong>idem</strong></span> <span class='ocrx_word' id='word_1_480' title='bbox 997 3303 1098 3361; x_wconf 89' lang='lat' dir='ltr'><strong>est,</strong></span> <span class='ocrx_word' id='word_1_481' title='bbox 1134 3294 1227 3348; x_wconf 84' lang='lat' dir='ltr'><strong>sed</strong></span> <span class='ocrx_word' id='word_1_482' title='bbox 1262 3308 1388 3363; x_wconf 86' lang='lat' dir='ltr'><strong>pars</strong></span> <span class='ocrx_word' id='word_1_483' title='bbox 1424 3292 1776 3362; x_wconf 85' lang='lat' dir='ltr'><strong>providentiae</strong></span> <span class='ocrx_word' id='word_1_484' title='bbox 1823 3307 1913 3347; x_wconf 80' lang='lat' dir='ltr'><strong>cx-</strong></span> 
     </span>
    </p>
   </div>
   <div class='ocr_carea' id='block_1_67' title="bbox 320 3371 1914 3460">
    <p class='ocr_par' dir='ltr' id='par_1_67' title="bbox 320 3371 1914 3460">
     <span class='ocr_line' id='line_1_67' title="bbox 320 3371 1914 3460; baseline -0.005 -14"><span class='ocrx_word' id='word_1_485' title='bbox 320 3399 524 3460; x_wconf 82' lang='lat' dir='ltr'><strong>empta.</strong></span> <span class='ocrx_word' id='word_1_486' title='bbox 557 3388 762 3442; x_wconf 68' lang='lat' dir='ltr'><strong>Czetera</strong></span> <span class='ocrx_word' id='word_1_487' title='bbox 816 3387 1016 3456; x_wconf 85' lang='lat' dir='ltr'><strong>quippe</strong></span> <span class='ocrx_word' id='word_1_488' title='bbox 1062 3386 1245 3438; x_wconf 69' lang='lat' dir='ltr'><strong>nuntia</strong></span> <span class='ocrx_word' id='word_1_489' title='bbox 1291 3371 1355 3438; x_wconf 45' lang='lat' dir='ltr'><strong>a‘d</strong></span> <span class='ocrx_word' id='word_1_490' title='bbox 1396 3385 1554 3438; x_wconf 84' lang='lat' dir='ltr'><strong>linem</strong></span> <span class='ocrx_word' id='word_1_491' title='bbox 1588 3383 1914 3439; x_wconf 86' lang='lat' dir='ltr'><strong>ordinantur</strong></span> 
     </span>
    </p>
   </div>
   <div class='ocr_carea' id='block_1_68' title="bbox 324 3476 1915 3547">
    <p class='ocr_par' dir='ltr' id='par_1_68' title="bbox 324 3476 1915 3547">
     <span class='ocr_line' id='line_1_68' title="bbox 324 3476 1915 3547; baseline -0.004 -13"><span class='ocrx_word' id='word_1_492' title='bbox 324 3490 533 3534; x_wconf 69' lang='lat' dir='ltr'><strong>Italul‘zn</strong></span> <span class='ocrx_word' id='word_1_493' title='bbox 581 3493 695 3533; x_wconf 67' lang='lat' dir='ltr'><strong>suae</strong></span> <span class='ocrx_word' id='word_1_494' title='bbox 749 3486 1164 3547; x_wconf 76' lang='lat' dir='ltr'><strong>congruentem,</strong></span> <span class='ocrx_word' id='word_1_495' title='bbox 1216 3492 1280 3530; x_wconf 87' lang='lat' dir='ltr'><strong>ac</strong></span> <span class='ocrx_word' id='word_1_496' title='bbox 1334 3476 1605 3530; x_wconf 85' lang='lat' dir='ltr'><strong>ducuntur</strong></span> <span class='ocrx_word' id='word_1_497' title='bbox 1641 3476 1819 3530; x_wconf 89' lang='lat' dir='ltr'><strong>solum</strong></span> <span class='ocrx_word' id='word_1_498' title='bbox 1856 3492 1915 3542; x_wconf 74' lang='grc' dir='ltr'><strong>ιιι</strong></span> 
     </span>
    </p>
   </div>
   <div class='ocr_carea' id='block_1_69' title="bbox 306 3565 1916 3636">
    <p class='ocr_par' dir='ltr' id='par_1_69' title="bbox 306 3565 1916 3636">
     <span class='ocr_line' id='line_1_69' title="bbox 306 3565 1916 3636; baseline -0.002 -12"><span class='ocrx_word' id='word_1_499' title='bbox 306 3578 588 3624; x_wconf 74' lang='lat' dir='ltr'><strong>statutum</strong></span> <span class='ocrx_word' id='word_1_500' title='bbox 619 3568 752 3636; x_wconf 85' lang='lat' dir='ltr'><strong>ipsis</strong></span> <span class='ocrx_word' id='word_1_501' title='bbox 784 3576 867 3621; x_wconf 84' lang='lat' dir='ltr'><strong>est</strong></span> <span class='ocrx_word' id='word_1_502' title='bbox 895 3566 1046 3630; x_wconf 89' lang='lat' dir='ltr'><strong>duci,</strong></span> <span class='ocrx_word' id='word_1_503' title='bbox 1078 3581 1183 3619; x_wconf 83' lang='lat' dir='ltr'><strong>non</strong></span> <span class='ocrx_word' id='word_1_504' title='bbox 1221 3566 1430 3619; x_wconf 88' lang='lat' dir='ltr'><strong>ducunt</strong></span> <span class='ocrx_word' id='word_1_505' title='bbox 1458 3579 1557 3627; x_wconf 84' lang='lat' dir='ltr'><strong>se;</strong></span> <span class='ocrx_word' id='word_1_506' title='bbox 1593 3565 1754 3619; x_wconf 91' lang='lat' dir='ltr'><strong>homo</strong></span> <span class='ocrx_word' id='word_1_507' title='bbox 1789 3580 1916 3620; x_wconf 89' lang='lat' dir='ltr'><strong>vero</strong></span> 
     </span>
    </p>
   </div>
   <div class='ocr_carea' id='block_1_70' title="bbox 325 3653 1916 3719">
    <p class='ocr_par' dir='ltr' id='par_1_70' title="bbox 325 3653 1916 3719">
     <span class='ocr_line' id='line_1_70' title="bbox 325 3653 1916 3719; baseline 0.001 -11"><span class='ocrx_word' id='word_1_508' title='bbox 325 3672 449 3709; x_wconf 87' lang='lat' dir='ltr'><strong>cum</strong></span> <span class='ocrx_word' id='word_1_509' title='bbox 486 3656 552 3709; x_wconf 92' lang='lat' dir='ltr'><strong>ad</strong></span> <span class='ocrx_word' id='word_1_510' title='bbox 590 3656 752 3715; x_wconf 78' lang='lat' dir='ltr'><strong>ﬁnem</strong></span> <span class='ocrx_word' id='word_1_511' title='bbox 799 3654 1153 3709; x_wconf 82' lang='lat' dir='ltr'><strong>excellentem</strong></span> <span class='ocrx_word' id='word_1_512' title='bbox 1188 3653 1585 3708; x_wconf 85' lang='lat' dir='ltr'><strong>determinetur</strong></span> <span class='ocrx_word' id='word_1_513' title='bbox 1618 3670 1646 3707; x_wconf 87' lang='lat' dir='ltr'><strong>a</strong></span> <span class='ocrx_word' id='word_1_514' title='bbox 1684 3655 1819 3719; x_wconf 85' lang='lat' dir='ltr'><strong>Deo,</strong></span> <span class='ocrx_word' id='word_1_515' title='bbox 1862 3663 1916 3709; x_wconf 91' lang='lat' dir='ltr'><strong>et</strong></span> 
     </span>
    </p>
   </div>
   <div class='ocr_carea' id='block_1_71' title="bbox 326 3746 1918 3817">
    <p class='ocr_par' dir='ltr' id='par_1_71' title="bbox 326 3746 1918 3817">
     <span class='ocr_line' id='line_1_71' title="bbox 326 3746 1918 3817; baseline 0 -15"><span class='ocrx_word' id='word_1_516' title='bbox 326 3763 352 3802; x_wconf 90' lang='lat' dir='ltr'><strong>c</strong></span> <span class='ocrx_word' id='word_1_517' title='bbox 380 3747 541 3802; x_wconf 86' lang='lat' dir='ltr'><strong>domo</strong></span> <span class='ocrx_word' id='word_1_518' title='bbox 593 3747 824 3801; x_wconf 89' lang='lat' dir='ltr'><strong>ducatur</strong></span> <span class='ocrx_word' id='word_1_519' title='bbox 873 3747 1038 3800; x_wconf 84' lang='lat' dir='ltr'><strong>simul</strong></span> <span class='ocrx_word' id='word_1_520' title='bbox 1084 3754 1136 3799; x_wconf 87' lang='lat' dir='ltr'><strong>et</strong></span> <span class='ocrx_word' id='word_1_521' title='bbox 1182 3746 1466 3815; x_wconf 76' lang='lat' dir='ltr'><strong>adjuvetur</strong></span> <span class='ocrx_word' id='word_1_522' title='bbox 1495 3748 1561 3802; x_wconf 90' lang='lat' dir='ltr'><strong>ab</strong></span> <span class='ocrx_word' id='word_1_523' title='bbox 1594 3749 1785 3817; x_wconf 73' lang='lat' dir='ltr'><strong>angelo</strong></span> <span class='ocrx_word' id='word_1_524' title='bbox 1820 3763 1918 3802; x_wconf 89' lang='lat' dir='ltr'><strong>cu-</strong></span> 
     </span>
    </p>
   </div>
   <div class='ocr_carea' id='block_1_72' title="bbox 327 3839 1906 3909">
    <p class='ocr_par' dir='ltr' id='par_1_72' title="bbox 327 3839 1906 3909">
     <span class='ocr_line' id='line_1_72' title="bbox 327 3839 1906 3909; baseline 0 -14"><span class='ocrx_word' id='word_1_525' title='bbox 327 3840 498 3896; x_wconf 68' lang='lat' dir='ltr'><strong>stode.</strong></span> <span class='ocrx_word' id='word_1_526' title='bbox 526 3839 711 3908; x_wconf 81' lang='lat' dir='ltr'><strong>itaque</strong></span> <span class='ocrx_word' id='word_1_527' title='bbox 736 3839 877 3895; x_wconf 87' lang='lat' dir='ltr'><strong>sicut</strong></span> <span class='ocrx_word' id='word_1_528' title='bbox 906 3841 1020 3908; x_wconf 81' lang='lat' dir='ltr'><strong>ipse</strong></span> <span class='ocrx_word' id='word_1_529' title='bbox 1051 3840 1200 3893; x_wconf 89' lang='lat' dir='ltr'><strong>solus</strong></span> <span class='ocrx_word' id='word_1_530' title='bbox 1231 3840 1382 3894; x_wconf 79' lang='lat' dir='ltr'><strong>novit</strong></span> <span class='ocrx_word' id='word_1_531' title='bbox 1412 3840 1906 3909; x_wconf 66' lang='lat' dir='ltr'><strong>pra-destinandos,</strong></span> 
     </span>
    </p>
   </div>
   <div class='ocr_carea' id='block_1_73' title="bbox 327 3933 1915 4002">
    <p class='ocr_par' dir='ltr' id='par_1_73' title="bbox 327 3933 1915 4002">
     <span class='ocr_line' id='line_1_73' title="bbox 327 3933 1915 4002; baseline 0.002 -15"><span class='ocrx_word' id='word_1_532' title='bbox 327 3936 398 3987; x_wconf 87' lang='lat' dir='ltr'><strong>ita</strong></span> <span class='ocrx_word' id='word_1_533' title='bbox 437 3942 720 4002; x_wconf 75' lang='lat' dir='ltr'><strong>postquam</strong></span> <span class='ocrx_word' id='word_1_534' title='bbox 759 3949 787 3985; x_wconf 88' lang='lat' dir='ltr'><strong>a</strong></span> <span class='ocrx_word' id='word_1_535' title='bbox 832 3933 1138 4002; x_wconf 82' lang='lat' dir='ltr'><strong>semetipsis</strong></span> <span class='ocrx_word' id='word_1_536' title='bbox 1185 3935 1721 4002; x_wconf 79' lang='lat' dir='ltr'><strong>quoqueintulcrint</strong></span> <span class='ocrx_word' id='word_1_537' title='bbox 1753 3949 1915 3990; x_wconf 87' lang='lat' dir='ltr'><strong>omne</strong></span> 
     </span>
    </p>
   </div>
   <div class='ocr_carea' id='block_1_74' title="bbox 327 4024 1912 4096">
    <p class='ocr_par' dir='ltr' id='par_1_74' title="bbox 327 4024 1912 4096">
     <span class='ocr_line' id='line_1_74' title="bbox 327 4024 1912 4096; baseline -0.001 -17"><span class='ocrx_word' id='word_1_538' title='bbox 327 4028 467 4096; x_wconf 79' lang='lat' dir='ltr'><strong>quod</strong></span> <span class='ocrx_word' id='word_1_539' title='bbox 498 4027 564 4078; x_wconf 89' lang='lat' dir='ltr'><strong>ah</strong></span> <span class='ocrx_word' id='word_1_540' title='bbox 596 4027 795 4079; x_wconf 78' lang='lat' dir='ltr'><strong>eximia</strong></span> <span class='ocrx_word' id='word_1_541' title='bbox 822 4024 1111 4094; x_wconf 78' lang='lat' dir='ltr'><strong>divinaque</strong></span> <span class='ocrx_word' id='word_1_542' title='bbox 1138 4024 1190 4077; x_wconf 91' lang='lat' dir='ltr'><strong>in</strong></span> <span class='ocrx_word' id='word_1_543' title='bbox 1226 4025 1369 4094; x_wconf 86' lang='lat' dir='ltr'><strong>ipsos</strong></span> <span class='ocrx_word' id='word_1_544' title='bbox 1401 4025 1763 4079; x_wconf 86' lang='lat' dir='ltr'><strong>beneﬁcentia</strong></span> <span class='ocrx_word' id='word_1_545' title='bbox 1794 4041 1912 4078; x_wconf 85' lang='lat' dir='ltr'><strong>ma-</strong></span> 
     </span>
    </p>
   </div>
   <div class='ocr_carea' id='block_1_75' title="bbox 330 4117 1916 4186">
    <p class='ocr_par' dir='ltr' id='par_1_75' title="bbox 330 4117 1916 4186">
     <span class='ocr_line' id='line_1_75' title="bbox 330 4117 1916 4186; baseline 0.001 -15"><span class='ocrx_word' id='word_1_546' title='bbox 330 4119 559 4179; x_wconf 70' lang='lat' dir='ltr'><strong>naverit,</strong></span> <span class='ocrx_word' id='word_1_547' title='bbox 603 4133 838 4186; x_wconf 88' lang='lat' dir='ltr'><strong>cumque</strong></span> <span class='ocrx_word' id='word_1_548' title='bbox 875 4117 1011 4170; x_wconf 87' lang='lat' dir='ltr'><strong>sciat</strong></span> <span class='ocrx_word' id='word_1_549' title='bbox 1068 4125 1127 4169; x_wconf 90' lang='lat' dir='ltr'><strong>ut</strong></span> <span class='ocrx_word' id='word_1_550' title='bbox 1158 4118 1556 4172; x_wconf 85' lang='lat' dir='ltr'><strong>determinandi</strong></span> <span class='ocrx_word' id='word_1_551' title='bbox 1588 4120 1715 4185; x_wconf 81' lang='lat' dir='ltr'><strong>sint,</strong></span> <span class='ocrx_word' id='word_1_552' title='bbox 1747 4118 1916 4173; x_wconf 75' lang='lat' dir='ltr'><strong>etiam</strong></span> 
     </span>
    </p>
   </div>
   <div class='ocr_carea' id='block_1_76' title="bbox 333 4210 1920 4280">
    <p class='ocr_par' dir='ltr' id='par_1_76' title="bbox 333 4210 1920 4280">
     <span class='ocr_line' id='line_1_76' title="bbox 333 4210 1920 4280; baseline 0.001 -18"><span class='ocrx_word' id='word_1_553' title='bbox 333 4219 455 4262; x_wconf 88' lang='lat' dir='ltr'><strong>ante</strong></span> <span class='ocrx_word' id='word_1_554' title='bbox 498 4224 656 4277; x_wconf 89' lang='lat' dir='ltr'><strong>quam</strong></span> <span class='ocrx_word' id='word_1_555' title='bbox 709 4210 1094 4277; x_wconf 75' lang='lat' dir='ltr'><strong>destinentur;</strong></span> <span class='ocrx_word' id='word_1_556' title='bbox 1163 4224 1260 4263; x_wconf 87' lang='lat' dir='ltr'><strong>nec</strong></span> <span class='ocrx_word' id='word_1_557' title='bbox 1312 4211 1463 4279; x_wconf 77' lang='lat' dir='ltr'><strong>prius</strong></span> <span class='ocrx_word' id='word_1_558' title='bbox 1510 4218 1719 4264; x_wconf 86' lang='lat' dir='ltr'><strong>tantum</strong></span> <span class='ocrx_word' id='word_1_559' title='bbox 1756 4226 1920 4280; x_wconf 87' lang='lat' dir='ltr'><strong>quam</strong></span> 
     </span>
    </p>
   </div>
   <div class='ocr_carea' id='block_1_77' title="bbox 332 4302 1921 4372">
    <p class='ocr_par' dir='ltr' id='par_1_77' title="bbox 332 4302 1921 4372">
     <span class='ocr_line' id='line_1_77' title="bbox 332 4302 1921 4372; baseline -0.001 -16"><span class='ocrx_word' id='word_1_560' title='bbox 332 4303 745 4372; x_wconf 75' lang='lat' dir='ltr'><strong>puedestinati,</strong></span> <span class='ocrx_word' id='word_1_561' title='bbox 806 4310 859 4355; x_wconf 89' lang='lat' dir='ltr'><strong>et</strong></span> <span class='ocrx_word' id='word_1_562' title='bbox 914 4306 1077 4355; x_wconf 88' lang='lat' dir='ltr'><strong>linem</strong></span> <span class='ocrx_word' id='word_1_563' title='bbox 1143 4302 1381 4355; x_wconf 82' lang='lat' dir='ltr'><strong>assecuti</strong></span> <span class='ocrx_word' id='word_1_564' title='bbox 1432 4302 1672 4367; x_wconf 81' lang='lat' dir='ltr'><strong>fuerunt,</strong></span> <span class='ocrx_word' id='word_1_565' title='bbox 1734 4318 1921 4356; x_wconf 86' lang='lat' dir='ltr'><strong>verum</strong></span> 
     </span>
    </p>
   </div>
   <div class='ocr_carea' id='block_1_78' title="bbox 2018 3108 3601 3179">
    <p class='ocr_par' dir='ltr' id='par_1_78' title="bbox 2018 3108 3601 3179">
     <span class='ocr_line' id='line_1_78' title="bbox 2018 3108 3601 3179; baseline -0.004 -13"><span class='ocrx_word' id='word_1_566' title='bbox 2018 3112 2162 3178; x_wconf 83' lang='grc' dir='ltr'>σθαι,</span> <span class='ocrx_word' id='word_1_567' title='bbox 2200 3111 2300 3163; x_wconf 73' lang='grc' dir='ltr'><strong>οὐκ</strong></span> <span class='ocrx_word' id='word_1_568' title='bbox 2331 3111 2560 3179; x_wconf 78' lang='grc' dir='ltr'>ἄγουσιν</span> <span class='ocrx_word' id='word_1_569' title='bbox 2593 3109 2762 3163; x_wconf 81' lang='grc' dir='ltr'>ἑαυτά</span> <span class='ocrx_word' id='word_1_570' title='bbox 2787 3126 2800 3140; x_wconf 93' lang='grc'><strong>·</strong></span> <span class='ocrx_word' id='word_1_571' title='bbox 2837 3109 3122 3177; x_wconf 82' lang='grc' dir='ltr'>ἄνθρωπος</span> <span class='ocrx_word' id='word_1_572' title='bbox 3157 3108 3213 3161; x_wconf 83' lang='grc' dir='ltr'>δὲ</span> <span class='ocrx_word' id='word_1_573' title='bbox 3268 3108 3401 3177; x_wconf 72' lang='grc' dir='ltr'>πρὸς</span> <span class='ocrx_word' id='word_1_574' title='bbox 3436 3108 3601 3169; x_wconf 87' lang='grc' dir='ltr'>τέλος</span> 
     </span>
    </p>
   </div>
   <div class='ocr_carea' id='block_1_79' title="bbox 2016 3199 3606 3273">
    <p class='ocr_par' dir='ltr' id='par_1_79' title="bbox 2016 3199 3606 3273">
     <span class='ocr_line' id='line_1_79' title="bbox 2016 3199 3606 3273; baseline -0.002 -18"><span class='ocrx_word' id='word_1_575' title='bbox 2016 3202 2314 3273; x_wconf 76' lang='grc' dir='ltr'>ὑπερφυὲς,</span> <span class='ocrx_word' id='word_1_576' title='bbox 2346 3200 2660 3271; x_wconf 71' lang='grc' dir='ltr'>ὁριζόμενος</span> <span class='ocrx_word' id='word_1_577' title='bbox 2689 3200 2787 3270; x_wconf 79' lang='grc' dir='ltr'><strong>μὲν</strong></span> <span class='ocrx_word' id='word_1_578' title='bbox 2820 3202 2922 3253; x_wconf 78' lang='grc' dir='ltr'><strong>ὑπὸ</strong></span> <span class='ocrx_word' id='word_1_579' title='bbox 2949 3200 3084 3253; x_wconf 68' lang='grc' dir='ltr'>θεοῦ</span> <span class='ocrx_word' id='word_1_580' title='bbox 3119 3199 3255 3268; x_wconf 77' lang='grc' dir='ltr'>πρὸς</span> <span class='ocrx_word' id='word_1_581' title='bbox 3284 3200 3468 3261; x_wconf 70' lang='grc' dir='ltr'>αὑτὸν,</span> <span class='ocrx_word' id='word_1_582' title='bbox 3501 3200 3606 3252; x_wconf 72' lang='grc' dir='ltr'><strong>καὶ</strong></span> 
     </span>
    </p>
   </div>
   <div class='ocr_carea' id='block_1_80' title="bbox 2017 3277 3607 3364">
    <p class='ocr_par' dir='ltr' id='par_1_80' title="bbox 2017 3277 3607 3364">
     <span class='ocr_line' id='line_1_80' title="bbox 2017 3277 3607 3364; baseline -0.001 -16"><span class='ocrx_word' id='word_1_583' title='bbox 2017 3294 2228 3348; x_wconf 80' lang='grc' dir='ltr'>οἴκοθεν</span> <span class='ocrx_word' id='word_1_584' title='bbox 2274 3294 2330 3346; x_wconf 84' lang='grc' dir='ltr'>δὲ</span> <span class='ocrx_word' id='word_1_585' title='bbox 2364 3294 2631 3363; x_wconf 83' lang='grc' dir='ltr'>ἀγόμενος</span> <span class='ocrx_word' id='word_1_586' title='bbox 2663 3292 2798 3362; x_wconf 78' lang='grc' dir='ltr'>ἅμα,</span> <span class='ocrx_word' id='word_1_587' title='bbox 2835 3293 2928 3347; x_wconf 61' lang='grc' dir='ltr'><strong>καὶ¹</strong></span> <span class='ocrx_word' id='word_1_588' title='bbox 2976 3277 3198 3363; x_wconf 70' lang='grc' dir='ltr'>δγγέλῳ</span> <span class='ocrx_word' id='word_1_589' title='bbox 3232 3293 3434 3363; x_wconf 73' lang='grc' dir='ltr'>φύλακι</span> <span class='ocrx_word' id='word_1_590' title='bbox 3468 3293 3607 3364; x_wconf 79' lang='grc' dir='ltr'>βοη-</span> 
     </span>
    </p>
   </div>
   <div class='ocr_carea' id='block_1_81' title="bbox 2019 3387 3608 3457">
    <p class='ocr_par' dir='ltr' id='par_1_81' title="bbox 2019 3387 3608 3457">
     <span class='ocr_line' id='line_1_81' title="bbox 2019 3387 3608 3457; baseline -0.001 -16"><span class='ocrx_word' id='word_1_591' title='bbox 2019 3389 2315 3456; x_wconf 82' lang='grc' dir='ltr'>θοὺμενος·</span> <span class='ocrx_word' id='word_1_592' title='bbox 2346 3389 2422 3450; x_wconf 82' lang='grc' dir='ltr'>ὡς</span> <span class='ocrx_word' id='word_1_593' title='bbox 2464 3387 2556 3440; x_wconf 85' lang='grc' dir='ltr'><strong>οῦν</strong></span> <span class='ocrx_word' id='word_1_594' title='bbox 2611 3387 2772 3449; x_wconf 84' lang='grc' dir='ltr'>αὐτὸς</span> <span class='ocrx_word' id='word_1_595' title='bbox 2820 3389 2980 3457; x_wconf 84' lang='grc' dir='ltr'>μόνος</span> <span class='ocrx_word' id='word_1_596' title='bbox 3015 3387 3172 3449; x_wconf 76' lang='grc' dir='ltr'>εἰδὼς</span> <span class='ocrx_word' id='word_1_597' title='bbox 3218 3390 3347 3450; x_wconf 70' lang='grc' dir='ltr'>τοὺς</span> <span class='ocrx_word' id='word_1_598' title='bbox 3374 3389 3608 3457; x_wconf 81' lang='grc' dir='ltr'>ὁρισθη-</span> 
     </span>
    </p>
   </div>
   <div class='ocr_carea' id='block_1_82' title="bbox 2020 3473 3608 3551">
    <p class='ocr_par' dir='ltr' id='par_1_82' title="bbox 2020 3473 3608 3551">
     <span class='ocr_line' id='line_1_82' title="bbox 2020 3473 3608 3551; baseline -0.001 -16"><span class='ocrx_word' id='word_1_599' title='bbox 2020 3481 2305 3551; x_wconf 80' lang='grc' dir='ltr'>σομένους,</span> <span class='ocrx_word' id='word_1_600' title='bbox 2334 3479 2527 3543; x_wconf 72' lang='grc' dir='ltr'>οὕτως,</span> <span class='ocrx_word' id='word_1_601' title='bbox 2558 3479 2777 3533; x_wconf 70' lang='grc' dir='ltr'>ἐπειδὰν</span> <span class='ocrx_word' id='word_1_602' title='bbox 2825 3483 2919 3532; x_wconf 70' lang='grc' dir='ltr'><strong>καὶ</strong></span> <span class='ocrx_word' id='word_1_603' title='bbox 2953 3481 3012 3532; x_wconf 84' lang='grc' dir='ltr'><strong>τὸ</strong></span> <span class='ocrx_word' id='word_1_604' title='bbox 3057 3473 3187 3548; x_wconf 63' lang='grc' dir='ltr'>παρ’</span> <span class='ocrx_word' id='word_1_605' title='bbox 3211 3481 3423 3533; x_wconf 78' lang='grc' dir='ltr'>ἑαυτῶν</span> <span class='ocrx_word' id='word_1_606' title='bbox 3458 3482 3608 3533; x_wconf 81' lang='grc' dir='ltr'>είσε-</span> 
     </span>
    </p>
   </div>
   <div class='ocr_carea' id='block_1_83' title="bbox 2019 3574 3610 3645">
    <p class='ocr_par' dir='ltr' id='par_1_83' title="bbox 2019 3574 3610 3645">
     <span class='ocr_line' id='line_1_83' title="bbox 2019 3574 3610 3645; baseline -0.009 -15"><span class='ocrx_word' id='word_1_607' title='bbox 2019 3578 2290 3644; x_wconf 83' lang='grc' dir='ltr'>νέγκωσιν</span> <span class='ocrx_word' id='word_1_608' title='bbox 2319 3574 2487 3641; x_wconf 76' lang='grc' dir='ltr'>ἅπαν,</span> <span class='ocrx_word' id='word_1_609' title='bbox 2526 3577 2590 3644; x_wconf 82' lang='grc' dir='ltr'>τῇ</span> <span class='ocrx_word' id='word_1_610' title='bbox 2626 3574 2746 3644; x_wconf 75' lang='grc' dir='ltr'>θείᾳ</span> <span class='ocrx_word' id='word_1_611' title='bbox 2793 3574 2920 3644; x_wconf 71' lang='grc' dir='ltr'>περὶ</span> <span class='ocrx_word' id='word_1_612' title='bbox 2955 3574 3155 3637; x_wconf 77' lang='grc' dir='ltr'>αὐτοὺς</span> <span class='ocrx_word' id='word_1_613' title='bbox 3203 3574 3298 3627; x_wconf 70' lang='grc' dir='ltr'>καὶ</span> <span class='ocrx_word' id='word_1_614' title='bbox 3333 3574 3610 3645; x_wconf 65' lang='grc' dir='ltr'>ὑπερφυεῖ</span> 
     </span>
    </p>
   </div>
   <div class='ocr_carea' id='block_1_84' title="bbox 2019 3665 3609 3738">
    <p class='ocr_par' dir='ltr' id='par_1_84' title="bbox 2019 3665 3609 3738">
     <span class='ocr_line' id='line_1_84' title="bbox 2019 3665 3609 3738; baseline -0.004 -15"><span class='ocrx_word' id='word_1_615' title='bbox 2019 3670 2195 3738; x_wconf 72' lang='grc' dir='ltr'>δωρεᾷ.</span> <span class='ocrx_word' id='word_1_616' title='bbox 2223 3684 2235 3700; x_wconf 88' lang='grc'><strong>·</strong></span> <span class='ocrx_word' id='word_1_617' title='bbox 2290 3670 2385 3721; x_wconf 77' lang='grc' dir='ltr'>καὶ</span> <span class='ocrx_word' id='word_1_618' title='bbox 2420 3667 2598 3731; x_wconf 76' lang='grc' dir='ltr'>εἰδὼς,</span> <span class='ocrx_word' id='word_1_619' title='bbox 2631 3668 2708 3731; x_wconf 86' lang='grc' dir='ltr'><strong>ὡς</strong></span> <span class='ocrx_word' id='word_1_620' title='bbox 2748 3665 3155 3736; x_wconf 75' lang='grc' dir='ltr'>ὁρισθήσονται,</span> <span class='ocrx_word' id='word_1_621' title='bbox 3190 3668 3285 3720; x_wconf 69' lang='grc' dir='ltr'><strong>καὶ</strong></span> <span class='ocrx_word' id='word_1_622' title='bbox 3332 3668 3461 3735; x_wconf 69' lang='grc' dir='ltr'>πρὶν</span> <span class='ocrx_word' id='word_1_623' title='bbox 3489 3670 3609 3735; x_wconf 75' lang='grc' dir='ltr'>ὁριο</span> 
     </span>
    </p>
   </div>
   <div class='ocr_carea' id='block_1_85' title="bbox 2024 3755 3609 3827">
    <p class='ocr_par' dir='ltr' id='par_1_85' title="bbox 2024 3755 3609 3827">
     <span class='ocr_line' id='line_1_85' title="bbox 2024 3755 3609 3827; baseline -0.002 -17"><span class='ocrx_word' id='word_1_624' title='bbox 2024 3760 2236 3825; x_wconf 79' lang='grc' dir='ltr'>σθῆναι.</span> <span class='ocrx_word' id='word_1_625' title='bbox 2290 3759 2424 3811; x_wconf 73' lang='grc' dir='ltr'>Οὐδὲ</span> <span class='ocrx_word' id='word_1_626' title='bbox 2462 3760 2591 3826; x_wconf 74' lang='grc' dir='ltr'>πρὶν</span> <span class='ocrx_word' id='word_1_627' title='bbox 2622 3758 2906 3827; x_wconf 76' lang='grc' dir='ltr'>ὁρισθῆναι</span> <span class='ocrx_word' id='word_1_628' title='bbox 2939 3759 3121 3827; x_wconf 68' lang='grc' dir='ltr'>μόνον,</span> <span class='ocrx_word' id='word_1_629' title='bbox 3152 3759 3246 3810; x_wconf 73' lang='grc' dir='ltr'><strong>καὶ</strong></span> <span class='ocrx_word' id='word_1_630' title='bbox 3294 3755 3384 3809; x_wconf 87' lang='grc' dir='ltr'><strong>τοῦ</strong></span> <span class='ocrx_word' id='word_1_631' title='bbox 3417 3755 3609 3818; x_wconf 80' lang='grc' dir='ltr'>τέλους</span> 
     </span>
    </p>
   </div>
   <div class='ocr_carea' id='block_1_86' title="bbox 2023 3844 3605 3920">
    <p class='ocr_par' dir='ltr' id='par_1_86' title="bbox 2023 3844 3605 3920">
     <span class='ocr_line' id='line_1_86' title="bbox 2023 3844 3605 3920; baseline -0.003 -17"><span class='ocrx_word' id='word_1_632' title='bbox 2023 3856 2204 3920; x_wconf 80' lang='grc' dir='ltr'>τυχεῖν</span> <span class='ocrx_word' id='word_1_633' title='bbox 2227 3867 2243 3884; x_wconf 80' lang='grc' dir='ltr'><strong>ο</strong></span> <span class='ocrx_word' id='word_1_634' title='bbox 2276 3852 2410 3905; x_wconf 68' lang='grc' dir='ltr'>ἀλλὰ</span> <span class='ocrx_word' id='word_1_635' title='bbox 2456 3853 2550 3903; x_wconf 73' lang='grc' dir='ltr'><strong>καὶ</strong></span> <span class='ocrx_word' id='word_1_636' title='bbox 2586 3852 2717 3920; x_wconf 74' lang='grc' dir='ltr'>πρὶν</span> <span class='ocrx_word' id='word_1_637' title='bbox 2745 3852 2943 3912; x_wconf 69' lang='grc' dir='ltr'>αὐτοὺς</span> <span class='ocrx_word' id='word_1_638' title='bbox 2977 3849 3264 3918; x_wconf 85' lang='grc' dir='ltr'>γεγονέναι</span> <span class='ocrx_word' id='word_1_639' title='bbox 3313 3849 3408 3901; x_wconf 68' lang='grc' dir='ltr'><strong>καὶ</strong></span> <span class='ocrx_word' id='word_1_640' title='bbox 3436 3844 3605 3912; x_wconf 83' lang='grc' dir='ltr'>εἶναι,</span> 
     </span>
    </p>
   </div>
   <div class='ocr_carea' id='block_1_87' title="bbox 2024 3937 3611 4012">
    <p class='ocr_par' dir='ltr' id='par_1_87' title="bbox 2024 3937 3611 4012">
     <span class='ocr_line' id='line_1_87' title="bbox 2024 3937 3611 4012; baseline 0.004 -20"><span class='ocrx_word' id='word_1_641' title='bbox 2024 3942 2337 4010; x_wconf 75' lang='grc' dir='ltr'>προορέζειν</span> <span class='ocrx_word' id='word_1_642' title='bbox 2382 3943 2619 4009; x_wconf 85' lang='grc' dir='ltr'>λέγεται.</span> <span class='ocrx_word' id='word_1_643' title='bbox 2652 3944 2762 3996; x_wconf 76' lang='grc' dir='ltr'><strong>Καὶ</strong></span> <span class='ocrx_word' id='word_1_644' title='bbox 2807 3944 3218 4012; x_wconf 69' lang='grc' dir='ltr'>προωρισμένοι</span> <span class='ocrx_word' id='word_1_645' title='bbox 3252 3943 3413 3996; x_wconf 84' lang='grc' dir='ltr'>πάλιν</span> <span class='ocrx_word' id='word_1_646' title='bbox 3456 3937 3611 3998; x_wconf 78' lang='grc' dir='ltr'>οὗτοι</span> 
     </span>
    </p>
   </div>
   <div class='ocr_carea' id='block_1_88' title="bbox 2026 4032 3613 4103">
    <p class='ocr_par' dir='ltr' id='par_1_88' title="bbox 2026 4032 3613 4103">
     <span class='ocr_line' id='line_1_88' title="bbox 2026 4032 3613 4103; baseline -0.001 -18"><span class='ocrx_word' id='word_1_647' title='bbox 2026 4032 2337 4087; x_wconf 83' lang='grc' dir='ltr'>καλοῦνται.</span> <span class='ocrx_word' id='word_1_648' title='bbox 2380 4034 2489 4086; x_wconf 75' lang='grc' dir='ltr'><strong>Καὶ</strong></span> <span class='ocrx_word' id='word_1_649' title='bbox 2544 4033 2819 4101; x_wconf 80' lang='grc' dir='ltr'>προώρισε</span> <span class='ocrx_word' id='word_1_650' title='bbox 2859 4036 2957 4103; x_wconf 75' lang='grc' dir='ltr'>μὲν</span> <span class='ocrx_word' id='word_1_651' title='bbox 2990 4034 3230 4103; x_wconf 71' lang='grc' dir='ltr'>σωθῆναι</span> <span class='ocrx_word' id='word_1_652' title='bbox 3274 4035 3400 4098; x_wconf 76' lang='grc' dir='ltr'>τοὺς</span> <span class='ocrx_word' id='word_1_653' title='bbox 3430 4033 3613 4096; x_wconf 74' lang='grc' dir='ltr'>σωζο-</span> 
     </span>
    </p>
   </div>
   <div class='ocr_carea' id='block_1_89' title="bbox 2029 4122 3612 4193">
    <p class='ocr_par' dir='ltr' id='par_1_89' title="bbox 2029 4122 3612 4193">
     <span class='ocr_line' id='line_1_89' title="bbox 2029 4122 3612 4193; baseline 0.001 -19"><span class='ocrx_word' id='word_1_654' title='bbox 2029 4123 2243 4191; x_wconf 85' lang='grc' dir='ltr'>μένους,</span> <span class='ocrx_word' id='word_1_655' title='bbox 2275 4122 2591 4193; x_wconf 70' lang='grc' dir='ltr'>ὤσπερκαὶ</span> <span class='ocrx_word' id='word_1_656' title='bbox 2634 4124 2829 4188; x_wconf 67' lang='grc' dir='ltr'>σώζειο</span> <span class='ocrx_word' id='word_1_657' title='bbox 2881 4123 3044 4188; x_wconf 80' lang='grc' dir='ltr'>σώζει</span> <span class='ocrx_word' id='word_1_658' title='bbox 3078 4126 3157 4190; x_wconf 80' lang='grc' dir='ltr'>δὲ,</span> <span class='ocrx_word' id='word_1_659' title='bbox 3194 4126 3269 4188; x_wconf 85' lang='grc' dir='ltr'>ὡς</span> <span class='ocrx_word' id='word_1_660' title='bbox 3304 4125 3398 4177; x_wconf 74' lang='grc' dir='ltr'>καὶ</span> <span class='ocrx_word' id='word_1_661' title='bbox 3428 4124 3612 4192; x_wconf 76' lang='grc' dir='ltr'>σωθῆ-</span> 
     </span>
    </p>
   </div>
   <div class='ocr_carea' id='block_1_90' title="bbox 2024 4214 3613 4286">
    <p class='ocr_par' dir='ltr' id='par_1_90' title="bbox 2024 4214 3613 4286">
     <span class='ocr_line' id='line_1_90' title="bbox 2024 4214 3613 4286; baseline 0.001 -19"><span class='ocrx_word' id='word_1_662' title='bbox 2024 4232 2115 4267; x_wconf 88' lang='grc' dir='ltr'><strong>ναι</strong></span> <span class='ocrx_word' id='word_1_663' title='bbox 2140 4214 2447 4283; x_wconf 83' lang='grc' dir='ltr'>προώρισεν</span> <span class='ocrx_word' id='word_1_664' title='bbox 2476 4230 2489 4244; x_wconf 90' lang='grc'><strong>·</strong></span> <span class='ocrx_word' id='word_1_665' title='bbox 2531 4214 2719 4282; x_wconf 77' lang='grc' dir='ltr'>ὥσπερ</span> <span class='ocrx_word' id='word_1_666' title='bbox 2748 4214 2814 4270; x_wconf 80' lang='grc' dir='ltr'><strong>αὖ</strong></span> <span class='ocrx_word' id='word_1_667' title='bbox 2845 4216 2894 4268; x_wconf 74' lang='lat' dir='ltr'><strong>oi</strong></span> <span class='ocrx_word' id='word_1_668' title='bbox 2926 4215 3182 4282; x_wconf 71' lang='grc' dir='ltr'>καθάπαξ</span> <span class='ocrx_word' id='word_1_669' title='bbox 3211 4217 3613 4286; x_wconf 68' lang='grc' dir='ltr'>ἀφηνιάζοντες</span> 
     </span>
    </p>
   </div>
   <div class='ocr_carea' id='block_1_91' title="bbox 2025 4303 3616 4376">
    <p class='ocr_par' dir='ltr' id='par_1_91' title="bbox 2025 4303 3616 4376">
     <span class='ocr_line' id='line_1_91' title="bbox 2025 4303 3616 4376; baseline 0.002 -18"><span class='ocrx_word' id='word_1_670' title='bbox 2025 4309 2124 4376; x_wconf 74' lang='grc' dir='ltr'>τῆς</span> <span class='ocrx_word' id='word_1_671' title='bbox 2158 4304 2293 4375; x_wconf 79' lang='grc' dir='ltr'>πρὸς</span> <span class='ocrx_word' id='word_1_672' title='bbox 2326 4303 2417 4357; x_wconf 79' lang='grc' dir='ltr'><strong>τὸν</strong></span> <span class='ocrx_word' id='word_1_673' title='bbox 2466 4307 2592 4374; x_wconf 86' lang='grc' dir='ltr'>ὅρον</span> <span class='ocrx_word' id='word_1_674' title='bbox 2617 4306 2759 4370; x_wconf 85' lang='grc' dir='ltr'>ὁδοῦ,</span> <span class='ocrx_word' id='word_1_675' title='bbox 2796 4306 2829 4376; x_wconf 79' lang='grc' dir='ltr'><strong>ἢ</strong></span> <span class='ocrx_word' id='word_1_676' title='bbox 2880 4306 3281 4375; x_wconf 75' lang='grc' dir='ltr'>πλαγιάζοντες</span> <span class='ocrx_word' id='word_1_677' title='bbox 3326 4307 3475 4360; x_wconf 79' lang='grc' dir='ltr'>ἔνθεν</span> <span class='ocrx_word' id='word_1_678' title='bbox 3507 4309 3616 4361; x_wconf 75' lang='grc' dir='ltr'><strong>κὰ-</strong></span> 
     </span>
    </p>
   </div>
   <div class='ocr_carea' id='block_1_92' title="bbox 332 4391 1908 4470">
    <p class='ocr_par' dir='ltr' id='par_1_92' title="bbox 332 4391 1908 4463">
     <span class='ocr_line' id='line_1_92' title="bbox 332 4391 1908 4463; baseline 0.001 -17"><span class='ocrx_word' id='word_1_679' title='bbox 332 4395 493 4446; x_wconf 86' lang='lat' dir='ltr'><strong>ctiam</strong></span> <span class='ocrx_word' id='word_1_680' title='bbox 527 4394 843 4461; x_wconf 73' lang='lat' dir='ltr'><strong>priusquam</strong></span> <span class='ocrx_word' id='word_1_681' title='bbox 876 4393 978 4461; x_wconf 85' lang='lat' dir='ltr'><strong>ipsi</strong></span> <span class='ocrx_word' id='word_1_682' title='bbox 1014 4395 1124 4445; x_wconf 85' lang='lat' dir='ltr'><strong>nati</strong></span> <span class='ocrx_word' id='word_1_683' title='bbox 1160 4400 1286 4446; x_wconf 79' lang='lat' dir='ltr'><strong>sunt</strong></span> <span class='ocrx_word' id='word_1_684' title='bbox 1315 4391 1688 4461; x_wconf 70' lang='lat' dir='ltr'><strong>existuntque,</strong></span> <span class='ocrx_word' id='word_1_685' title='bbox 1715 4393 1908 4463; x_wconf 52' lang='lat' dir='ltr'><strong>praede</strong></span> 
     </span>
    </p>
   </div>
   <div class='ocr_carea' id='block_1_93' title="bbox 2014 4391 3688 4470">
    <p class='ocr_par' dir='ltr' id='par_1_93' title="bbox 2030 4396 3688 4470">
     <span class='ocr_line' id='line_1_93' title="bbox 2030 4396 3688 4470; baseline 0 -20"><span class='ocrx_word' id='word_1_686' title='bbox 2030 4398 2208 4467; x_wconf 82' lang='grc' dir='ltr'>κεῖθεν</span> <span class='ocrx_word' id='word_1_687' title='bbox 2236 4396 2476 4463; x_wconf 81' lang='grc' dir='ltr'>ἑκόντες,</span> <span class='ocrx_word' id='word_1_688' title='bbox 2507 4398 2603 4450; x_wconf 69' lang='grc' dir='ltr'><strong>καὶ</strong></span> <span class='ocrx_word' id='word_1_689' title='bbox 2631 4397 2732 4467; x_wconf 78' lang='grc' dir='ltr'>τὴν</span> <span class='ocrx_word' id='word_1_690' title='bbox 2767 4397 2860 4450; x_wconf 87' lang='grc' dir='ltr'><strong>τοῦ</strong></span> <span class='ocrx_word' id='word_1_691' title='bbox 2894 4398 3030 4451; x_wconf 81' lang='grc' dir='ltr'>Θεοῦ</span> <span class='ocrx_word' id='word_1_692' title='bbox 3073 4400 3202 4470; x_wconf 72' lang='grc' dir='ltr'>περὶ</span> <span class='ocrx_word' id='word_1_693' title='bbox 3236 4400 3433 4463; x_wconf 77' lang='grc' dir='ltr'>αὐτοὺς</span> <span class='ocrx_word' id='word_1_694' title='bbox 3467 4403 3614 4453; x_wconf 82' lang='grc' dir='ltr'>ἁκυ-</span> <span class='ocrx_word' id='word_1_695' title='bbox 3675 4441 3688 4450; x_wconf 89' lang='grc'><strong>.</strong></span> 
     </span>
    </p>
   </div>
   <div class='ocr_carea' id='block_1_94' title="bbox 344 4485 1922 4555">
    <p class='ocr_par' dir='ltr' id='par_1_94' title="bbox 344 4485 1922 4555">
     <span class='ocr_line' id='line_1_94' title="bbox 344 4485 1922 4555; baseline 0.001 -18"><span class='ocrx_word' id='word_1_696' title='bbox 344 4487 551 4539; x_wconf 85' lang='lat' dir='ltr'><strong>stinare</strong></span> <span class='ocrx_word' id='word_1_697' title='bbox 609 4485 828 4539; x_wconf 87' lang='lat' dir='ltr'><strong>dicitur.</strong></span> <span class='ocrx_word' id='word_1_698' title='bbox 880 4486 957 4539; x_wconf 84' lang='lat' dir='ltr'><strong>Ae</strong></span> <span class='ocrx_word' id='word_1_699' title='bbox 1016 4485 1383 4555; x_wconf 76' lang='lat' dir='ltr'><strong>praedestinati</strong></span> <span class='ocrx_word' id='word_1_700' title='bbox 1447 4502 1639 4540; x_wconf 89' lang='lat' dir='ltr'><strong>rursus</strong></span> <span class='ocrx_word' id='word_1_701' title='bbox 1706 4487 1761 4540; x_wconf 88' lang='lat' dir='ltr'><strong>hi</strong></span> <span class='ocrx_word' id='word_1_702' title='bbox 1827 4502 1922 4539; x_wconf 90' lang='lat' dir='ltr'><strong>vo-</strong></span> 
     </span>
    </p>
   </div>
   <div class='ocr_carea' id='block_1_95' title="bbox 339 4576 1927 4646">
    <p class='ocr_par' dir='ltr' id='par_1_95' title="bbox 339 4576 1927 4646">
     <span class='ocr_line' id='line_1_95' title="bbox 339 4576 1927 4646; baseline 0.001 -15"><span class='ocrx_word' id='word_1_703' title='bbox 339 4587 557 4631; x_wconf 83' lang='lat' dir='ltr'><strong>cantur.</strong></span> <span class='ocrx_word' id='word_1_704' title='bbox 620 4578 685 4630; x_wconf 77' lang='lat' dir='ltr'><strong>Et</strong></span> <span class='ocrx_word' id='word_1_705' title='bbox 722 4576 1134 4646; x_wconf 63' lang='lat' dir='ltr'><strong>praedestinavit</strong></span> <span class='ocrx_word' id='word_1_706' title='bbox 1165 4576 1381 4645; x_wconf 85' lang='lat' dir='ltr'><strong>quidem</strong></span> <span class='ocrx_word' id='word_1_707' title='bbox 1429 4591 1524 4632; x_wconf 88' lang='lat' dir='ltr'><strong>eos</strong></span> <span class='ocrx_word' id='word_1_708' title='bbox 1565 4577 1656 4645; x_wconf 88' lang='lat' dir='ltr'><strong>qui</strong></span> <span class='ocrx_word' id='word_1_709' title='bbox 1703 4592 1927 4632; x_wconf 86' lang='lat' dir='ltr'><strong>servan-</strong></span> 
     </span>
    </p>
   </div>
   <div class='ocr_carea' id='block_1_96' title="bbox 337 4667 1929 4736">
    <p class='ocr_par' dir='ltr' id='par_1_96' title="bbox 337 4667 1929 4736">
     <span class='ocr_line' id='line_1_96' title="bbox 337 4667 1929 4736; baseline 0 -15"><span class='ocrx_word' id='word_1_710' title='bbox 337 4677 424 4722; x_wconf 87' lang='lat' dir='ltr'><strong>tur</strong></span> <span class='ocrx_word' id='word_1_711' title='bbox 489 4668 786 4722; x_wconf 85' lang='lat' dir='ltr'><strong>servandos</strong></span> <span class='ocrx_word' id='word_1_712' title='bbox 840 4682 1006 4731; x_wconf 89' lang='lat' dir='ltr'><strong>esse,</strong></span> <span class='ocrx_word' id='word_1_713' title='bbox 1073 4667 1533 4736; x_wconf 84' lang='lat' dir='ltr'><strong>quemadmodum</strong></span> <span class='ocrx_word' id='word_1_714' title='bbox 1593 4669 1755 4721; x_wconf 87' lang='lat' dir='ltr'><strong>etiam</strong></span> <span class='ocrx_word' id='word_1_715' title='bbox 1809 4684 1929 4723; x_wconf 84' lang='lat' dir='ltr'><strong>ser-</strong></span> 
     </span>
    </p>
   </div>
   <div class='ocr_carea' id='block_1_97' title="bbox 293 4756 1929 4829">
    <p class='ocr_par' dir='ltr' id='par_1_97' title="bbox 293 4756 1929 4829">
     <span class='ocr_line' id='line_1_97' title="bbox 293 4756 1929 4829; baseline 0.002 -17"><span class='ocrx_word' id='word_1_716' title='bbox 293 4758 305 4767; x_wconf 63' lang='grc'><em>“</em></span> <span class='ocrx_word' id='word_1_717' title='bbox 340 4766 427 4813; x_wconf 85' lang='lat' dir='ltr'><strong>vat</strong></span> <span class='ocrx_word' id='word_1_718' title='bbox 464 4775 477 4811; x_wconf 90' lang='lat'><strong>:</strong></span> <span class='ocrx_word' id='word_1_719' title='bbox 515 4773 675 4828; x_wconf 85' lang='lat' dir='ltr'><strong>porro</strong></span> <span class='ocrx_word' id='word_1_720' title='bbox 700 4758 883 4814; x_wconf 87' lang='lat' dir='ltr'><strong>salvos</strong></span> <span class='ocrx_word' id='word_1_721' title='bbox 921 4756 1074 4821; x_wconf 81' lang='lat' dir='ltr'><strong>facit,</strong></span> <span class='ocrx_word' id='word_1_722' title='bbox 1114 4769 1173 4812; x_wconf 90' lang='lat' dir='ltr'><strong>ut</strong></span> <span class='ocrx_word' id='word_1_723' title='bbox 1208 4767 1262 4812; x_wconf 86' lang='lat' dir='ltr'><strong>et</strong></span> <span class='ocrx_word' id='word_1_724' title='bbox 1310 4761 1615 4814; x_wconf 83' lang='lat' dir='ltr'><strong>servandos</strong></span> <span class='ocrx_word' id='word_1_725' title='bbox 1647 4762 1929 4829; x_wconf 66' lang='lat' dir='ltr'><strong>prtedesti-</strong></span> 
     </span>
    </p>
   </div>
   <div class='ocr_carea' id='block_1_98' title="bbox 340 4848 1932 4918">
    <p class='ocr_par' dir='ltr' id='par_1_98' title="bbox 340 4848 1932 4918">
     <span class='ocr_line' id='line_1_98' title="bbox 340 4848 1932 4918; baseline 0.001 -14"><span class='ocrx_word' id='word_1_726' title='bbox 340 4860 505 4915; x_wconf 71' lang='lat' dir='ltr'><strong>nam,</strong></span> <span class='ocrx_word' id='word_1_727' title='bbox 538 4848 790 4915; x_wconf 77' lang='lat' dir='ltr'><strong>Proinde,</strong></span> <span class='ocrx_word' id='word_1_728' title='bbox 857 4860 915 4903; x_wconf 91' lang='lat' dir='ltr'><strong>ut</strong></span> <span class='ocrx_word' id='word_1_729' title='bbox 945 4849 1036 4918; x_wconf 87' lang='lat' dir='ltr'><strong>qui</strong></span> <span class='ocrx_word' id='word_1_730' title='bbox 1074 4865 1131 4903; x_wconf 88' lang='lat' dir='ltr'><strong>se</strong></span> <span class='ocrx_word' id='word_1_731' title='bbox 1179 4851 1486 4904; x_wconf 78' lang='lat' dir='ltr'><strong>exorbitant</strong></span> <span class='ocrx_word' id='word_1_732' title='bbox 1511 4889 1525 4913; x_wconf 76' lang='lat'><strong>,</strong></span> <span class='ocrx_word' id='word_1_733' title='bbox 1577 4851 1873 4906; x_wconf 67' lang='lat' dir='ltr'><strong>deﬂectunt</strong></span> <span class='ocrx_word' id='word_1_734' title='bbox 1902 4868 1932 4906; x_wconf 90' lang='lat' dir='ltr'><strong>a</strong></span> 
     </span>
    </p>
   </div>
   <div class='ocr_carea' id='block_1_99' title="bbox 341 4942 1935 5013">
    <p class='ocr_par' dir='ltr' id='par_1_99' title="bbox 341 4942 1935 5013">
     <span class='ocr_line' id='line_1_99' title="bbox 341 4942 1935 5013; baseline 0.004 -20"><span class='ocrx_word' id='word_1_735' title='bbox 341 4946 423 4994; x_wconf 88' lang='lat' dir='ltr'><strong>via</strong></span> <span class='ocrx_word' id='word_1_736' title='bbox 451 4942 513 4995; x_wconf 89' lang='lat' dir='ltr'><strong>ad</strong></span> <span class='ocrx_word' id='word_1_737' title='bbox 538 4942 829 4996; x_wconf 85' lang='lat' dir='ltr'><strong>terminum</strong></span> <span class='ocrx_word' id='word_1_738' title='bbox 850 4942 1103 5008; x_wconf 87' lang='lat' dir='ltr'><strong>ducente,</strong></span> <span class='ocrx_word' id='word_1_739' title='bbox 1131 4952 1223 4995; x_wconf 89' lang='lat' dir='ltr'><strong>aut</strong></span> <span class='ocrx_word' id='word_1_740' title='bbox 1245 4943 1576 5012; x_wconf 86' lang='lat' dir='ltr'><strong>obliquando</strong></span> <span class='ocrx_word' id='word_1_741' title='bbox 1594 4952 1786 5013; x_wconf 82' lang='lat' dir='ltr'><strong>sponte</strong></span> <span class='ocrx_word' id='word_1_742' title='bbox 1808 4945 1935 4999; x_wconf 91' lang='lat' dir='ltr'><strong>hinc</strong></span> 
     </span>
    </p>
   </div>
   <div class='ocr_carea' id='block_1_100' title="bbox 342 5033 1931 5104">
    <p class='ocr_par' dir='ltr' id='par_1_100' title="bbox 342 5033 1931 5104">
     <span class='ocr_line' id='line_1_100' title="bbox 342 5033 1931 5104; baseline 0.002 -17"><span class='ocrx_word' id='word_1_743' title='bbox 342 5034 485 5101; x_wconf 76' lang='lat' dir='ltr'><strong>inde,</strong></span> <span class='ocrx_word' id='word_1_744' title='bbox 528 5050 590 5088; x_wconf 74' lang='lat' dir='ltr'><strong>at:</strong></span> <span class='ocrx_word' id='word_1_745' title='bbox 626 5036 714 5088; x_wconf 87' lang='lat' dir='ltr'><strong>llei</strong></span> <span class='ocrx_word' id='word_1_746' title='bbox 759 5036 884 5104; x_wconf 71' lang='lat' dir='ltr'><strong>erga</strong></span> <span class='ocrx_word' id='word_1_747' title='bbox 920 5034 1065 5103; x_wconf 87' lang='lat' dir='ltr'><strong>ipsos</strong></span> <span class='ocrx_word' id='word_1_748' title='bbox 1098 5033 1335 5088; x_wconf 87' lang='lat' dir='ltr'><strong>studium</strong></span> <span class='ocrx_word' id='word_1_749' title='bbox 1377 5035 1592 5088; x_wconf 89' lang='lat' dir='ltr'><strong>irritum</strong></span> <span class='ocrx_word' id='word_1_750' title='bbox 1631 5036 1931 5102; x_wconf 85' lang='lat' dir='ltr'><strong>reddendo,</strong></span> 
     </span>
    </p>
   </div>
   <div class='ocr_carea' id='block_1_101' title="bbox 346 5126 1934 5197">
    <p class='ocr_par' dir='ltr' id='par_1_101' title="bbox 346 5126 1934 5197">
     <span class='ocr_line' id='line_1_101' title="bbox 346 5126 1934 5197; baseline 0.001 -17"><span class='ocrx_word' id='word_1_751' title='bbox 346 5129 512 5197; x_wconf 91' lang='lat' dir='ltr'><strong>quod,</strong></span> <span class='ocrx_word' id='word_1_752' title='bbox 543 5136 601 5179; x_wconf 93' lang='lat' dir='ltr'><strong>ut</strong></span> <span class='ocrx_word' id='word_1_753' title='bbox 630 5126 887 5180; x_wconf 81' lang='lat' dir='ltr'><strong>destinari</strong></span> <span class='ocrx_word' id='word_1_754' title='bbox 917 5136 1136 5196; x_wconf 89' lang='lat' dir='ltr'><strong>possent</strong></span> <span class='ocrx_word' id='word_1_755' title='bbox 1182 5142 1243 5181; x_wconf 85' lang='lat' dir='ltr'><strong>ac</strong></span> <span class='ocrx_word' id='word_1_756' title='bbox 1277 5126 1700 5194; x_wconf 84' lang='lat' dir='ltr'><strong>praedestinandi</strong></span> <span class='ocrx_word' id='word_1_757' title='bbox 1731 5136 1934 5194; x_wconf 75' lang='lat' dir='ltr'><strong>essent,</strong></span> 
     </span>
    </p>
   </div>
   <div class='ocr_carea' id='block_1_102' title="bbox 347 5219 1939 5291">
    <p class='ocr_par' dir='ltr' id='par_1_102' title="bbox 347 5219 1939 5291">
     <span class='ocr_line' id='line_1_102' title="bbox 347 5219 1939 5291; baseline 0.003 -19"><span class='ocrx_word' id='word_1_758' title='bbox 347 5222 519 5273; x_wconf 75' lang='lat' dir='ltr'><strong>modis</strong></span> <span class='ocrx_word' id='word_1_759' title='bbox 552 5219 811 5273; x_wconf 79' lang='lat' dir='ltr'><strong>ouinibus</strong></span> <span class='ocrx_word' id='word_1_760' title='bbox 845 5220 1161 5273; x_wconf 77' lang='lat' dir='ltr'><strong>ostendunt.</strong></span> <span class='ocrx_word' id='word_1_761' title='bbox 1239 5220 1429 5291; x_wconf 87' lang='lat' dir='ltr'><strong>Itaque</strong></span> <span class='ocrx_word' id='word_1_762' title='bbox 1480 5237 1509 5273; x_wconf 93' lang='lat' dir='ltr'><strong>a</strong></span> <span class='ocrx_word' id='word_1_763' title='bbox 1546 5221 1711 5274; x_wconf 83' lang='lat' dir='ltr'><strong>limite</strong></span> <span class='ocrx_word' id='word_1_764' title='bbox 1746 5221 1939 5276; x_wconf 88' lang='lat' dir='ltr'><strong>merito</strong></span> 
     </span>
    </p>
   </div>
   <div class='ocr_carea' id='block_1_103' title="bbox 347 5312 1941 5383">
    <p class='ocr_par' dir='ltr' id='par_1_103' title="bbox 347 5312 1941 5383">
     <span class='ocr_line' id='line_1_103' title="bbox 347 5312 1941 5383; baseline 0.001 -17"><span class='ocrx_word' id='word_1_765' title='bbox 347 5313 685 5376; x_wconf 78' lang='lat' dir='ltr'><strong>excidentes,</strong></span> <span class='ocrx_word' id='word_1_766' title='bbox 712 5313 1078 5382; x_wconf 71' lang='lat' dir='ltr'><strong>rvprohanlur</strong></span> <span class='ocrx_word' id='word_1_767' title='bbox 1102 5312 1287 5381; x_wconf 85' lang='lat' dir='ltr'><strong>utique</strong></span> <span class='ocrx_word' id='word_1_768' title='bbox 1311 5323 1530 5383; x_wconf 86' lang='lat' dir='ltr'><strong>propter</strong></span> <span class='ocrx_word' id='word_1_769' title='bbox 1555 5314 1789 5383; x_wconf 86' lang='lat' dir='ltr'><strong>seipsos,</strong></span> <span class='ocrx_word' id='word_1_770' title='bbox 1817 5330 1941 5368; x_wconf 87' lang='lat' dir='ltr'><strong>cum</strong></span> 
     </span>
    </p>
   </div>
   <div class='ocr_carea' id='block_1_104' title="bbox 349 5406 1940 5476">
    <p class='ocr_par' dir='ltr' id='par_1_104' title="bbox 349 5406 1940 5476">
     <span class='ocr_line' id='line_1_104' title="bbox 349 5406 1940 5476; baseline 0 -17"><span class='ocrx_word' id='word_1_771' title='bbox 349 5407 567 5459; x_wconf 76' lang='lat' dir='ltr'><strong>occasio</strong></span> <span class='ocrx_word' id='word_1_772' title='bbox 599 5407 732 5475; x_wconf 85' lang='lat' dir='ltr'><strong>ipsis</strong></span> <span class='ocrx_word' id='word_1_773' title='bbox 762 5422 821 5460; x_wconf 87' lang='lat' dir='ltr'><strong>se</strong></span> <span class='ocrx_word' id='word_1_774' title='bbox 850 5406 1113 5461; x_wconf 84' lang='lat' dir='ltr'><strong>obtulerit</strong></span> <span class='ocrx_word' id='word_1_775' title='bbox 1143 5406 1475 5474; x_wconf 80' lang='lat' dir='ltr'><strong>experientia</strong></span> <span class='ocrx_word' id='word_1_776' title='bbox 1507 5407 1630 5462; x_wconf 84' lang='lat' dir='ltr'><strong>linis</strong></span> <span class='ocrx_word' id='word_1_777' title='bbox 1661 5407 1940 5476; x_wconf 85' lang='lat' dir='ltr'><strong>repulsam</strong></span> 
     </span>
    </p>
   </div>
   <div class='ocr_carea' id='block_1_105' title="bbox 352 5494 1944 5567">
    <p class='ocr_par' dir='ltr' id='par_1_105' title="bbox 352 5494 1944 5567">
     <span class='ocr_line' id='line_1_105' title="bbox 352 5494 1944 5567; baseline 0.003 -20"><span class='ocrx_word' id='word_1_778' title='bbox 352 5496 739 5561; x_wconf 73' lang='lat' dir='ltr'><strong>ceguoscendi.</strong></span> <span class='ocrx_word' id='word_1_779' title='bbox 764 5494 883 5549; x_wconf 75' lang='lat' dir='ltr'><strong>Jam</strong></span> <span class='ocrx_word' id='word_1_780' title='bbox 917 5512 1043 5550; x_wconf 83' lang='lat' dir='ltr'><strong>vero</strong></span> <span class='ocrx_word' id='word_1_781' title='bbox 1068 5514 1095 5550; x_wconf 90' lang='lat' dir='ltr'><strong>a</strong></span> <span class='ocrx_word' id='word_1_782' title='bbox 1120 5495 1227 5550; x_wconf 84' lang='lat' dir='ltr'><strong>Deo</strong></span> <span class='ocrx_word' id='word_1_783' title='bbox 1254 5499 1550 5566; x_wconf 86' lang='lat' dir='ltr'><strong>reprobati,</strong></span> <span class='ocrx_word' id='word_1_784' title='bbox 1576 5500 1736 5552; x_wconf 86' lang='lat' dir='ltr'><strong>ctiam</strong></span> <span class='ocrx_word' id='word_1_785' title='bbox 1765 5500 1944 5567; x_wconf 88' lang='lat' dir='ltr'><strong>prius-</strong></span> 
     </span>
    </p>
   </div>
   <div class='ocr_carea' id='block_1_106' title="bbox 356 5586 1942 5662">
    <p class='ocr_par' dir='ltr' id='par_1_106' title="bbox 356 5586 1942 5662">
     <span class='ocr_line' id='line_1_106' title="bbox 356 5586 1942 5662; baseline 0.006 -26"><span class='ocrx_word' id='word_1_786' title='bbox 356 5602 518 5654; x_wconf 81' lang='lat' dir='ltr'><strong>quam</strong></span> <span class='ocrx_word' id='word_1_787' title='bbox 555 5586 772 5653; x_wconf 81' lang='lat' dir='ltr'><strong>iuerint,</strong></span> <span class='ocrx_word' id='word_1_788' title='bbox 798 5592 1105 5655; x_wconf 79' lang='lat' dir='ltr'><strong>exsistunt;</strong></span> <span class='ocrx_word' id='word_1_789' title='bbox 1133 5609 1237 5645; x_wconf 91' lang='lat' dir='ltr'><strong>non</strong></span> <span class='ocrx_word' id='word_1_790' title='bbox 1274 5590 1419 5660; x_wconf 85' lang='lat' dir='ltr'><strong>quod</strong></span> <span class='ocrx_word' id='word_1_791' title='bbox 1450 5593 1502 5644; x_wconf 91' lang='lat' dir='ltr'><strong>in</strong></span> <span class='ocrx_word' id='word_1_792' title='bbox 1545 5594 1942 5662; x_wconf 78' lang='lat' dir='ltr'><strong>sempiternum</strong></span> 
     </span>
    </p>
   </div>
   <div class='ocr_carea' id='block_1_107' title="bbox 358 5678 1945 5750">
    <p class='ocr_par' dir='ltr' id='par_1_107' title="bbox 358 5678 1945 5750">
     <span class='ocr_line' id='line_1_107' title="bbox 358 5678 1945 5750; baseline 0.006 -19"><span class='ocrx_word' id='word_1_793' title='bbox 358 5678 649 5736; x_wconf 76' lang='lat' dir='ltr'><strong>reprobate</strong></span> <span class='ocrx_word' id='word_1_794' title='bbox 703 5681 847 5742; x_wconf 81' lang='lat' dir='ltr'><strong>velit,</strong></span> <span class='ocrx_word' id='word_1_795' title='bbox 883 5682 974 5737; x_wconf 87' lang='lat' dir='ltr'><strong>sed</strong></span> <span class='ocrx_word' id='word_1_796' title='bbox 1019 5684 1160 5748; x_wconf 75' lang='lat' dir='ltr'><strong>quod</strong></span> <span class='ocrx_word' id='word_1_797' title='bbox 1212 5683 1549 5747; x_wconf 64' lang='lat' dir='ltr'><strong>prxscicntia</strong></span> <span class='ocrx_word' id='word_1_798' title='bbox 1608 5686 1847 5750; x_wconf 66' lang='lat' dir='ltr'><strong>Pl‘tl‘b&#39;tli&#39;dl</strong></span> <span class='ocrx_word' id='word_1_799' title='bbox 1889 5685 1945 5741; x_wconf 87' lang='lat' dir='ltr'><strong>iu</strong></span> 
     </span>
    </p>
   </div>
   <div class='ocr_carea' id='block_1_108' title="bbox 2030 4487 3614 4563">
    <p class='ocr_par' dir='ltr' id='par_1_108' title="bbox 2030 4487 3614 4563">
     <span class='ocr_line' id='line_1_108' title="bbox 2030 4487 3614 4563; baseline 0.003 -22"><span class='ocrx_word' id='word_1_800' title='bbox 2030 4487 2252 4559; x_wconf 86' lang='grc' dir='ltr'>ροῦντες</span> <span class='ocrx_word' id='word_1_801' title='bbox 2304 4489 2564 4559; x_wconf 79' lang='grc' dir='ltr'>σπουδὴν,</span> <span class='ocrx_word' id='word_1_802' title='bbox 2595 4489 2663 4560; x_wconf 81' lang='grc' dir='ltr'><strong>ἣν</strong></span> <span class='ocrx_word' id='word_1_803' title='bbox 2695 4490 2771 4553; x_wconf 86' lang='grc' dir='ltr'>ὡς</span> <span class='ocrx_word' id='word_1_804' title='bbox 2807 4492 2873 4545; x_wconf 87' lang='grc' dir='ltr'>ἂν</span> <span class='ocrx_word' id='word_1_805' title='bbox 2928 4492 3196 4563; x_wconf 71' lang='grc' dir='ltr'>ὁρίζοιντό</span> <span class='ocrx_word' id='word_1_806' title='bbox 3231 4509 3289 4545; x_wconf 85' lang='grc' dir='ltr'><strong>τε</strong></span> <span class='ocrx_word' id='word_1_807' title='bbox 3324 4494 3437 4547; x_wconf 72' lang='grc' dir='ltr'><strong>καὶ</strong></span> <span class='ocrx_word' id='word_1_808' title='bbox 3488 4495 3614 4562; x_wconf 83' lang='grc' dir='ltr'>ὁρι-</span> 
     </span>
    </p>
   </div>
   <div class='ocr_carea' id='block_1_109' title="bbox 2031 4580 3612 4650">
    <p class='ocr_par' dir='ltr' id='par_1_109' title="bbox 2031 4580 3612 4650">
     <span class='ocr_line' id='line_1_109' title="bbox 2031 4580 3612 4650; baseline 0.003 -16"><span class='ocrx_word' id='word_1_809' title='bbox 2031 4580 2229 4646; x_wconf 69' lang='grc' dir='ltr'>σθςῖεν,</span> <span class='ocrx_word' id='word_1_810' title='bbox 2257 4582 2391 4634; x_wconf 78' lang='grc' dir='ltr'>πᾶσι</span> <span class='ocrx_word' id='word_1_811' title='bbox 2442 4583 2668 4650; x_wconf 83' lang='grc' dir='ltr'>τρόποις</span> <span class='ocrx_word' id='word_1_812' title='bbox 2725 4584 3118 4642; x_wconf 77' lang='grc' dir='ltr'>ἐνδείκνυνται.</span> <span class='ocrx_word' id='word_1_813' title='bbox 3168 4586 3278 4639; x_wconf 75' lang='grc' dir='ltr'><strong>Καὶ</strong></span> <span class='ocrx_word' id='word_1_814' title='bbox 3308 4585 3450 4639; x_wconf 79' lang='grc' dir='ltr'>οὓτω</span> <span class='ocrx_word' id='word_1_815' title='bbox 3512 4585 3612 4639; x_wconf 64' lang='grc' dir='ltr'><strong>τοῦ</strong></span> 
     </span>
    </p>
   </div>
   <div class='ocr_carea' id='block_1_110' title="bbox 2031 4673 3611 4749">
    <p class='ocr_par' dir='ltr' id='par_1_110' title="bbox 2031 4673 3611 4749">
     <span class='ocr_line' id='line_1_110' title="bbox 2031 4673 3611 4749; baseline 0.004 -24"><span class='ocrx_word' id='word_1_816' title='bbox 2031 4673 2157 4742; x_wconf 84' lang='grc' dir='ltr'>ὅρου</span> <span class='ocrx_word' id='word_1_817' title='bbox 2198 4674 2425 4736; x_wconf 83' lang='grc' dir='ltr'>δικαίως</span> <span class='ocrx_word' id='word_1_818' title='bbox 2457 4674 2838 4740; x_wconf 80' lang='grc' dir='ltr'>ἐκπίπτοντες,</span> <span class='ocrx_word' id='word_1_819' title='bbox 2876 4678 3376 4747; x_wconf 79' lang='grc' dir='ltr'>ἀποδοκιμάζονται</span> <span class='ocrx_word' id='word_1_820' title='bbox 3411 4680 3507 4749; x_wconf 70' lang='grc' dir='ltr'>μὲν</span> <span class='ocrx_word' id='word_1_821' title='bbox 3542 4680 3611 4732; x_wconf 85' lang='grc' dir='ltr'>δι’</span> 
     </span>
    </p>
   </div>
   <div class='ocr_carea' id='block_1_111' title="bbox 2035 4766 3613 4845">
    <p class='ocr_par' dir='ltr' id='par_1_111' title="bbox 2035 4766 3613 4845">
     <span class='ocr_line' id='line_1_111' title="bbox 2035 4766 3613 4845; baseline 0.004 -28"><span class='ocrx_word' id='word_1_822' title='bbox 2035 4766 2283 4830; x_wconf 73' lang='grc' dir='ltr'>ἑαυτοὺς,</span> <span class='ocrx_word' id='word_1_823' title='bbox 2317 4767 2538 4836; x_wconf 72' lang='grc' dir='ltr'>ἐπειδὰν</span> <span class='ocrx_word' id='word_1_824' title='bbox 2583 4770 2611 4821; x_wconf 92' lang='grc' dir='ltr'><strong>ὁ</strong></span> <span class='ocrx_word' id='word_1_825' title='bbox 2642 4770 2837 4840; x_wconf 85' lang='grc' dir='ltr'>καιρὸς</span> <span class='ocrx_word' id='word_1_826' title='bbox 2864 4770 3047 4834; x_wconf 84' lang='grc' dir='ltr'>αὐτοῖς</span> <span class='ocrx_word' id='word_1_827' title='bbox 3080 4773 3273 4842; x_wconf 79' lang='grc' dir='ltr'>ἐπιστῇ</span> <span class='ocrx_word' id='word_1_828' title='bbox 3321 4772 3415 4826; x_wconf 86' lang='grc' dir='ltr'><strong>τοῦ</strong></span> <span class='ocrx_word' id='word_1_829' title='bbox 3451 4774 3613 4845; x_wconf 65' lang='grc' dir='ltr'>πείρᾳ</span> 
     </span>
    </p>
   </div>
   <div class='ocr_carea' id='block_1_112' title="bbox 2035 4857 3615 4938">
    <p class='ocr_par' dir='ltr' id='par_1_112' title="bbox 2035 4857 3615 4938">
     <span class='ocr_line' id='line_1_112' title="bbox 2035 4857 3615 4938; baseline 0.006 -29"><span class='ocrx_word' id='word_1_830' title='bbox 2035 4857 2238 4924; x_wconf 85' lang='grc' dir='ltr'>γνῶναι</span> <span class='ocrx_word' id='word_1_831' title='bbox 2269 4858 2367 4930; x_wconf 79' lang='grc' dir='ltr'>τὴν</span> <span class='ocrx_word' id='word_1_832' title='bbox 2399 4862 2492 4913; x_wconf 87' lang='grc' dir='ltr'><strong>τοῦ</strong></span> <span class='ocrx_word' id='word_1_833' title='bbox 2543 4862 2734 4925; x_wconf 84' lang='grc' dir='ltr'>τέλους</span> <span class='ocrx_word' id='word_1_834' title='bbox 2768 4863 3080 4930; x_wconf 77' lang='grc' dir='ltr'>ἀπότευξιν.</span> <span class='ocrx_word' id='word_1_835' title='bbox 3117 4866 3208 4933; x_wconf 83' lang='grc' dir='ltr'>Τῷ</span> <span class='ocrx_word' id='word_1_836' title='bbox 3241 4865 3297 4918; x_wconf 77' lang='grc' dir='ltr'>δὲ</span> <span class='ocrx_word' id='word_1_837' title='bbox 3325 4867 3441 4937; x_wconf 84' lang='grc' dir='ltr'>Θεῷ</span> <span class='ocrx_word' id='word_1_838' title='bbox 3472 4884 3615 4938; x_wconf 58' lang='lat'><strong>1:99.-</strong></span> 
     </span>
    </p>
   </div>
   <div class='ocr_carea' id='block_1_113' title="bbox 2036 4951 3616 5029">
    <p class='ocr_par' dir='ltr' id='par_1_113' title="bbox 2036 4951 3616 5029">
     <span class='ocr_line' id='line_1_113' title="bbox 2036 4951 3616 5029; baseline 0.006 -25"><span class='ocrx_word' id='word_1_839' title='bbox 2036 4951 2600 5022; x_wconf 81' lang='grc' dir='ltr'>αποδεδοκιμασμένοι</span> <span class='ocrx_word' id='word_1_840' title='bbox 2637 4955 2729 5009; x_wconf 56' lang='grc' dir='ltr'><strong>καὶ⁸</strong></span> <span class='ocrx_word' id='word_1_841' title='bbox 2763 4957 2893 5025; x_wconf 74' lang='grc' dir='ltr'>πρὶν</span> <span class='ocrx_word' id='word_1_842' title='bbox 2922 4959 3181 5023; x_wconf 87' lang='grc' dir='ltr'>γενέσθαι</span> <span class='ocrx_word' id='word_1_843' title='bbox 3232 4961 3616 5029; x_wconf 44' lang='grc' dir='ltr'>τυγχάνουσιν,</span> 
     </span>
    </p>
   </div>
   <div class='ocr_carea' id='block_1_114' title="bbox 2038 5041 3615 5115">
    <p class='ocr_par' dir='ltr' id='par_1_114' title="bbox 2038 5041 3615 5115">
     <span class='ocr_line' id='line_1_114' title="bbox 2038 5041 3615 5115; baseline 0.007 -22"><span class='ocrx_word' id='word_1_844' title='bbox 2038 5041 2136 5110; x_wconf 69' lang='grc' dir='ltr'><strong>οὐχ</strong></span> <span class='ocrx_word' id='word_1_845' title='bbox 2189 5041 2263 5105; x_wconf 81' lang='grc' dir='ltr'>ὡς</span> <span class='ocrx_word' id='word_1_846' title='bbox 2312 5043 2545 5107; x_wconf 81' lang='grc' dir='ltr'>αἱωνίως</span> <span class='ocrx_word' id='word_1_847' title='bbox 2595 5046 3026 5115; x_wconf 80' lang='grc' dir='ltr'>ἀποδοκιμάζειν</span> <span class='ocrx_word' id='word_1_848' title='bbox 3074 5048 3335 5113; x_wconf 80' lang='grc' dir='ltr'>ἐθέλοντι,</span> <span class='ocrx_word' id='word_1_849' title='bbox 3396 5050 3511 5102; x_wconf 73' lang='grc' dir='ltr'>ἀλλ’</span> <span class='ocrx_word' id='word_1_850' title='bbox 3541 5053 3615 5115; x_wconf 82' lang='grc' dir='ltr'>ὡς</span> 
     </span>
    </p>
   </div>
   <div class='ocr_carea' id='block_1_115' title="bbox 2039 5133 3615 5208">
    <p class='ocr_par' dir='ltr' id='par_1_115' title="bbox 2039 5133 3615 5208">
     <span class='ocr_line' id='line_1_115' title="bbox 2039 5133 3615 5208; baseline 0.006 -22"><span class='ocrx_word' id='word_1_851' title='bbox 2039 5133 2272 5196; x_wconf 80' lang='grc' dir='ltr'>αἱωνίως</span> <span class='ocrx_word' id='word_1_852' title='bbox 2330 5136 3017 5208; x_wconf 82' lang='grc' dir='ltr'>ἀποδοκιμασθησομένους</span> <span class='ocrx_word' id='word_1_853' title='bbox 3068 5141 3255 5206; x_wconf 81' lang='grc' dir='ltr'>είδὸτι,</span> <span class='ocrx_word' id='word_1_854' title='bbox 3305 5142 3400 5195; x_wconf 73' lang='grc' dir='ltr'>καὶ</span> <span class='ocrx_word' id='word_1_855' title='bbox 3438 5145 3615 5197; x_wconf 80' lang='grc' dir='ltr'>πᾶσαν</span> 
     </span>
    </p>
   </div>
   <div class='ocr_carea' id='block_1_116' title="bbox 2041 5225 3616 5304">
    <p class='ocr_par' dir='ltr' id='par_1_116' title="bbox 2041 5225 3616 5304">
     <span class='ocr_line' id='line_1_116' title="bbox 2041 5225 3616 5304; baseline 0.006 -27"><span class='ocrx_word' id='word_1_856' title='bbox 2041 5225 2139 5292; x_wconf 81' lang='grc' dir='ltr'>τὴν</span> <span class='ocrx_word' id='word_1_857' title='bbox 2168 5225 2293 5294; x_wconf 73' lang='grc' dir='ltr'>περὶ</span> <span class='ocrx_word' id='word_1_858' title='bbox 2324 5226 2521 5290; x_wconf 78' lang='grc' dir='ltr'>αὐτοὺς</span> <span class='ocrx_word' id='word_1_859' title='bbox 2547 5229 2942 5298; x_wconf 71' lang='grc' dir='ltr'>ἀκυρώσαντας</span> <span class='ocrx_word' id='word_1_860' title='bbox 2974 5230 3066 5283; x_wconf 83' lang='grc' dir='ltr'><strong>τοῦ</strong></span> <span class='ocrx_word' id='word_1_861' title='bbox 3100 5231 3235 5284; x_wconf 71' lang='grc' dir='ltr'>θεοῦ</span> <span class='ocrx_word' id='word_1_862' title='bbox 3282 5234 3376 5285; x_wconf 75' lang='grc' dir='ltr'><strong>καὶ</strong></span> <span class='ocrx_word' id='word_1_863' title='bbox 3408 5235 3616 5304; x_wconf 52' lang='lat' dir='ltr'><strong>unm</strong></span> 
     </span>
    </p>
   </div>
   <div class='ocr_carea' id='block_1_117' title="bbox 2047 5320 3617 5394">
    <p class='ocr_par' dir='ltr' id='par_1_117' title="bbox 2047 5320 3617 5394">
     <span class='ocr_line' id='line_1_117' title="bbox 2047 5320 3617 5394; baseline 0.005 -22"><span class='ocrx_word' id='word_1_864' title='bbox 2047 5320 2323 5390; x_wconf 68' lang='grc' dir='ltr'>πρὸνοιαν,</span> <span class='ocrx_word' id='word_1_865' title='bbox 2359 5321 2454 5372; x_wconf 77' lang='grc' dir='ltr'><strong>καὶ</strong></span> <span class='ocrx_word' id='word_1_866' title='bbox 2492 5320 2592 5391; x_wconf 77' lang='grc' dir='ltr'><strong>τὴν</strong></span> <span class='ocrx_word' id='word_1_867' title='bbox 2622 5321 2759 5391; x_wconf 78' lang='grc' dir='ltr'>πρὸς</span> <span class='ocrx_word' id='word_1_868' title='bbox 2793 5323 2852 5375; x_wconf 65' lang='grc' dir='ltr'><strong>τὸ</strong></span> <span class='ocrx_word' id='word_1_869' title='bbox 2884 5326 3067 5394; x_wconf 80' lang='grc' dir='ltr'>τυχεῖν</span> <span class='ocrx_word' id='word_1_870' title='bbox 3097 5324 3195 5378; x_wconf 88' lang='grc' dir='ltr'><strong>τοῦ</strong></span> <span class='ocrx_word' id='word_1_871' title='bbox 3229 5326 3422 5390; x_wconf 88' lang='grc' dir='ltr'>τέλους</span> <span class='ocrx_word' id='word_1_872' title='bbox 3456 5345 3617 5381; x_wconf 81' lang='grc' dir='ltr'>σπου-</span> 
     </span>
    </p>
   </div>
   <div class='ocr_carea' id='block_1_118' title="bbox 2047 5412 3620 5489">
    <p class='ocr_par' dir='ltr' id='par_1_118' title="bbox 2047 5412 3620 5489">
     <span class='ocr_line' id='line_1_118' title="bbox 2047 5412 3620 5489; baseline 0.004 -25"><span class='ocrx_word' id='word_1_873' title='bbox 2047 5412 2164 5481; x_wconf 78' lang='grc' dir='ltr'><strong>δήν.</strong></span> <span class='ocrx_word' id='word_1_874' title='bbox 2217 5412 2379 5466; x_wconf 74' lang='grc' dir='ltr'>Ἀλλὰ</span> <span class='ocrx_word' id='word_1_875' title='bbox 2408 5412 2580 5466; x_wconf 77' lang='grc' dir='ltr'>ταῦτα</span> <span class='ocrx_word' id='word_1_876' title='bbox 2611 5414 2711 5482; x_wconf 77' lang='grc' dir='ltr'><strong>μὲν</strong></span> <span class='ocrx_word' id='word_1_877' title='bbox 2742 5415 2878 5478; x_wconf 79' lang='grc' dir='ltr'>ἰδίας</span> <span class='ocrx_word' id='word_1_878' title='bbox 2915 5419 3009 5469; x_wconf 73' lang='grc' dir='ltr'><strong>καὶ</strong></span> <span class='ocrx_word' id='word_1_879' title='bbox 3042 5418 3290 5488; x_wconf 79' lang='grc' dir='ltr'>μεγάλης</span> <span class='ocrx_word' id='word_1_880' title='bbox 3330 5419 3498 5471; x_wconf 80' lang='grc' dir='ltr'>δεῖται</span> <span class='ocrx_word' id='word_1_881' title='bbox 3526 5420 3620 5489; x_wconf 69' lang='grc' dir='ltr'>τῆς</span> 
     </span>
    </p>
   </div>
   <div class='ocr_carea' id='block_1_119' title="bbox 2048 5503 3623 5579">
    <p class='ocr_par' dir='ltr' id='par_1_119' title="bbox 2048 5503 3623 5579">
     <span class='ocr_line' id='line_1_119' title="bbox 2048 5503 3623 5579; baseline 0.007 -26"><span class='ocrx_word' id='word_1_882' title='bbox 2048 5503 2453 5572; x_wconf 78' lang='grc' dir='ltr'>πραγματείας.</span> <span class='ocrx_word' id='word_1_883' title='bbox 2494 5505 2652 5556; x_wconf 75' lang='grc' dir='ltr'>Ίῖέον</span> <span class='ocrx_word' id='word_1_884' title='bbox 2684 5505 2741 5558; x_wconf 82' lang='grc' dir='ltr'><strong>δὲ</strong></span> <span class='ocrx_word' id='word_1_885' title='bbox 2787 5505 2883 5557; x_wconf 88' lang='grc' dir='ltr'>νῦν</span> <span class='ocrx_word' id='word_1_886' title='bbox 2920 5507 3010 5558; x_wconf 74' lang='grc' dir='ltr'>ἐπὶ</span> <span class='ocrx_word' id='word_1_887' title='bbox 3040 5508 3097 5559; x_wconf 83' lang='grc' dir='ltr'><strong>τὸ</strong></span> <span class='ocrx_word' id='word_1_888' title='bbox 3133 5510 3512 5579; x_wconf 80' lang='grc' dir='ltr'>προκείμενον.</span> <span class='ocrx_word' id='word_1_889' title='bbox 3545 5509 3623 5566; x_wconf 74' lang='grc' dir='ltr'><strong>Οὐ</strong></span> 
     </span>
    </p>
   </div>
   <div class='ocr_carea' id='block_1_120' title="bbox 2048 5595 3623 5669">
    <p class='ocr_par' dir='ltr' id='par_1_120' title="bbox 2048 5595 3623 5669">
     <span class='ocr_line' id='line_1_120' title="bbox 2048 5595 3623 5669; baseline 0.008 -26"><span class='ocrx_word' id='word_1_890' title='bbox 2048 5596 2156 5664; x_wconf 73' lang='grc' dir='ltr'><strong>γὰρ</strong></span> <span class='ocrx_word' id='word_1_891' title='bbox 2194 5595 2316 5663; x_wconf 70' lang='grc' dir='ltr'>περῖ</span> <span class='ocrx_word' id='word_1_892' title='bbox 2348 5595 2440 5647; x_wconf 73' lang='grc' dir='ltr'><strong>τοῦ</strong></span> <span class='ocrx_word' id='word_1_893' title='bbox 2490 5596 2636 5649; x_wconf 79' lang='grc' dir='ltr'>θείου</span> <span class='ocrx_word' id='word_1_894' title='bbox 2668 5598 3010 5669; x_wconf 82' lang='grc' dir='ltr'>προορισμοῦ</span> <span class='ocrx_word' id='word_1_895' title='bbox 3058 5601 3357 5665; x_wconf 73' lang='grc' dir='ltr'>διαλαϐεῖν,</span> <span class='ocrx_word' id='word_1_896' title='bbox 3398 5602 3531 5654; x_wconf 71' lang='grc' dir='ltr'>ἀλλὰ</span> <span class='ocrx_word' id='word_1_897' title='bbox 3568 5603 3623 5655; x_wconf 69' lang='lat' dir='ltr'><strong>:e</strong></span> 
     </span>
    </p>
   </div>
   <div class='ocr_carea' id='block_1_121' title="bbox 2053 5676 3649 5775">
    <p class='ocr_par' dir='ltr' id='par_1_121' title="bbox 2053 5676 3649 5755">
     <span class='ocr_line' id='line_1_121' title="bbox 2053 5676 3649 5755; baseline 0.007 -18"><span class='ocrx_word' id='word_1_898' title='bbox 2053 5686 2281 5752; x_wconf 64' lang='grc' dir='ltr'>κινῆσαν</span> <span class='ocrx_word' id='word_1_899' title='bbox 2314 5687 2399 5739; x_wconf 60' lang='grc' dir='ltr'>τὶν</span> <span class='ocrx_word' id='word_1_900' title='bbox 2439 5688 2614 5753; x_wconf 60' lang='grc' dir='ltr'>μέγαν</span> <span class='ocrx_word' id='word_1_901' title='bbox 2651 5690 2915 5754; x_wconf 67' lang='grc' dir='ltr'>φωετῆρα</span> <span class='ocrx_word' id='word_1_902' title='bbox 2956 5690 3123 5755; x_wconf 64' lang='grc' dir='ltr'>δεῖξαι</span> <span class='ocrx_word' id='word_1_903' title='bbox 3152 5690 3479 5755; x_wconf 69' lang='grc' dir='ltr'>βουλόμεθα.</span> <span class='ocrx_word' id='word_1_904' title='bbox 3646 5676 3649 5679; x_wconf 21' lang='grc' dir='ltr'><strong>Ι</strong></span> 
     </span>
    </p>
   </div>
  </div>
