3904 6134
380 264 485 330 553

1331 277 1699 339 EPISTULA
1744 279 1839 339 DE
1885 279 2649 345 PILEDESTINATlONE.

3509 288 3611 352 554

371 380 662 452 specialem
717 384 974 441 nimirum
1012 389 1156 444 circa
1208 390 1454 448 homines
1497 365 1917 462 providentiam.
1951 402 2005 448 et
2045 408 2383 464 quaecunque
2418 398 2543 453 huic
2585 400 2638 454 iu
2673 399 2950 455 hominum
2990 403 3214 473 negotiis
3240 412 3607 460 consentanea

370 484 498 533 sunt
540 493 553 529 :
585 490 652 530 an
692 477 968 534 incassum
1020 467 1133 537 haec
1167 483 1318 547 dicit,
1358 486 1441 539 vel
1477 486 1654 553 potius
1680 486 1909 541 dicunt?
1936 484 2075 540 absit
2107 487 2207 567 hoc
2242 489 2420 558 plane.

452 568 618 638 Ὁρᾷς
650 568 748 635 τῆς
779 570 1027 635 ἐναντίας
1051 574 1207 643 δόξης
1238 574 1489 642 τεθείσης
1520 576 1576 640 ἐξ
1612 576 1923 639 ὑποθέσεωςΤ

2115 574 2305 644 Viden,
2350 587 2407 632 ut
2458 580 2710 650 opinione
2740 584 3012 637 contraria
3045 587 3341 641 constituta
3379 603 3443 641 ex
3481 603 3613 644 con-

369 658 470 711 ὅσα
500 658 608 709 τῶν
644 657 862 727 ἀληθῶν
891 660 1232 731 ἀναιρεῖταις
1268 664 1466 732 μᾶλλον
1486 663 1540 716 δὲ
1572 663 1723 717 οὐδὲν
1755 665 1938 733 σχεδον

369 748 741 804 ὑπολείπεται.
791 750 872 804 Τὰ
926 752 1035 821 γὰρ
1077 754 1139 806 ἐκ
1190 754 1289 823 τῆς
1322 756 1472 826 ἱερᾶς
1518 755 1741 827 Γραφῆς
1790 771 1937 826 παρ-

366 844 582 911 ηγμένα
632 843 728 896 νῦν
781 843 909 899 ἄλλο
979 848 1076 915 μὲν
1139 848 1302 902 ἄλλου
1365 850 1665 919 μυστηρίου
1732 848 1937 918 πλῆρες

364 935 485 987 ἐστί
506 952 520 967 ·
554 936 729 990 πάντα
754 936 809 989 δὲ
846 938 985 991 αὐτὰ
1021 940 1117 991 σὺν
1147 940 1395 1003 ἐκείνοις,
1431 942 1560 1009 μιᾶς
1591 944 1685 1011 τῆς
1714 956 1934 1011 προκει-

366 1027 534 1095 μένης
566 1029 697 1097 ἡμῖν
724 1027 857 1100 ὕλης
885 1031 1189 1102 εὐρυτάτης
1234 1032 1417 1102 οὐσης,
1448 1033 1595 1088 ἔνδον
1628 1033 1794 1088 ἐστίν.
1824 1025 1933 1096 Ἦς

364 1117 731 1189 σαλευομένης
769 1104 869 1185 ἂν,
888 1120 1040 1174 οὐδὲν
1088 1122 1311 1175 ἐκείνων
1346 1124 1498 1193 μένει
1540 1123 1744 1179 λοιπόν.
1782 1125 1841 1176 ΕΞ
1873 1124 1929 1177 δὲ

364 1210 566 1267 πάσαις
602 1210 869 1277 ἀνάγκαις
896 1214 922 1265 ό
954 1214 1096 1275 θεῖος
1138 1214 1334 1283 κρατεῖ
1374 1214 1728 1283 προορισμδς,
1765 1214 1930 1284 μέρος

359 1295 435 1348 ὢν
466 1290 563 1365 τῆς
593 1297 743 1361 θείας
790 1300 1070 1368 Προνοίας,
1098 1301 1158 1352 τὸ
1205 1303 1460 1369 μέγιστον
1494 1303 1583 1355 καὶ
1622 1304 1796 1373 δόγμα
1827 1307 1927 1374 τῆς

360 1390 603 1452 πίστεως
640 1392 1053 1462 ἀναντίρρητον,
1081 1396 1172 1446 καὶ
1219 1393 1467 1465 καθάπερ
1501 1395 1799 1465 σύνδεσμος
1830 1396 1929 1467 τῆς

360 1481 598 1545 πίστεως
657 1482 805 1549 ὅλης.
863 1484 971 1537 Καὶ
1015 1485 1064 1537 οἱ
1124 1485 1220 1554 μὲν
1275 1486 1384 1539 τῶν
1430 1487 1733 1556 ἀνθρώπων
1791 1488 1927 1557 πρὸς

357 1573 460 1642 τὴν
484 1572 699 1625 αἰώνιόν
725 1574 833 1626 είσι
880 1575 1279 1645 προωρισμένοι
1310 1576 1475 1646 ζωὴν,
1502 1573 1581 1639 οἷς
1603 1578 1696 1631 καὶ
1728 1578 1776 1631 οἱ
1814 1578 1929 1631 ἑλε-

357 1661 579 1728 ούμενοι
631 1666 1172 1737 συναριθμείσθωσαν
1220 1666 1355 1723 νῦνο
1411 1670 1460 1722 oi
1512 1669 1567 1722 δὲ
1615 1669 1711 1723 ἀπ’
1756 1670 1927 1739 αὐτῆς

357 1755 918 1826 ἀποδεδοκιμασμένοι
973 1758 1209 1827 εὐλόγως
1251 1759 1344 1813 καὶ
1376 1759 1442 1813 τὰ
1472 1761 1613 1813 κατὰ
1646 1760 1748 1829 τὴν
1780 1760 1926 1831 ζωὴν

359 1847 589 1901 ἑκάστου
638 1848 735 1902 καὶ
784 1849 1141 1922 τελευτὴνὲτῇ
1193 1850 1465 1915 ἑπιτεύξει
1515 1852 1610 1904 τοῦ
1652 1852 1922 1922 τέλους,ἧ

359 1935 668 2001 ἀποτεύξει,
714 1937 929 2000 οίκείως
962 1920 1385 1993 συνδιατίθενται
1407 1956 1422 1971 ο
1462 1940 1537 2003 ὡς
1566 1942 1772 1994 ἐπίπαν
1806 1920 1925 2011 μὲν,

359 2028 577 2095 καὶτῆς
603 2030 831 2082 ἑκάστου
863 2030 1129 2099 πονηρίας
1158 2031 1191 2099 ἢ
1237 2031 1465 2101 ἀρετῆς,
1512 2033 1604 2085 καὶ
1643 2032 1928 2096 εὐϐουλίας

355 2121 389 2191 ῆ
416 2120 688 2185 ἀϐουλίας,
718 2122 785 2189 τῇ
818 2121 1043 2194 τοιαύτῃ
1075 2122 1443 2191 συνεργούσης
1467 2124 1663 2194 ἐφεξῆς
1688 2124 1927 2189 διατάξει

354 2213 448 2265 τοῦ
480 2213 651 2277 θείου,
675 2211 789 2265 ἔστι
830 2212 883 2266 δὲ
911 2213 999 2266 ὅτε
1049 2214 1142 2266 καὶ
1172 2215 1324 2281 παρὰ
1346 2216 1443 2284 τὴν
1465 2214 1739 2285 ἑκατέρων
1763 2218 1819 2270 ὲν
1849 2217 1927 2288 τῷ

355 2300 671 2369 παραυτίκα
702 2299 932 2370 μελέτην
963 2316 1022 2354 τε
1054 2301 1146 2354 καὶ
1172 2303 1431 2373 σπουδὴν,
1464 2304 1525 2357 τὸ
1552 2306 1764 2374 πρέπον
1795 2309 1919 2369 ταῖς

352 2390 538 2443 αὐτῶν
568 2389 714 2456 ἕξεσι
749 2390 845 2443 καὶ
878 2388 1077 2456 ἀξίαις,
1107 2393 1200 2444 καὶ
1230 2391 1364 2455 ζῶσι
1389 2394 1480 2447 καὶ
1506 2395 1827 2449 τελευτῶσιν
1851 2400 1927 2452 oi-

353 2482 732 2550 κονομοῦντος,
769 2483 842 2544 ὡς
890 2482 959 2535 ἂν
1012 2483 1285 2546 ποικίλαις
1332 2501 1390 2537 τε
1436 2486 1528 2540 καὶ
1564 2487 1925 2558 πολυτρόποις

359 2571 623 2635 μεθόδοις,
670 2572 762 2623 καὶ
796 2571 982 2634 ἄλλαις
1038 2573 1124 2625 ἐπ’
1171 2572 1348 2627 ἄλλων
1382 2576 1749 2646 κρινομέναις,
1783 2579 1923 2633 κατὰ

353 2664 453 2731 τὴν
482 2662 786 2735 εὐρυτάτην
810 2664 905 2716 καὶ
929 2664 1204 2735 πάνσοφον
1226 2666 1389 2719 αὐτοῦ
1412 2666 1699 2737 διοίκησιν,
1728 2671 1755 2721 ό
1782 2668 1924 2733 Θεῖος

354 2753 486 2823 περὶ
533 2754 732 2817 αὐτοὺς
763 2756 1094 2825 προορισμὸς
1137 2756 1433 2823 ὲξανύοιτο,
1474 2760 1506 2829 ἡ
1549 2759 1646 2813 τοῦ
1677 2762 1801 2831 ὅρου
1831 2761 1922 2831 δη-

353 2842 530 2896 λονότι
564 2847 661 2897 καὶ
702 2845 888 2909 τέλους
930 2846 1201 2911 ἑπίτευξις
1245 2847 1277 2918 ἢ
1327 2848 1634 2914 άπότευξις.
1670 2852 1921 2921 Εἰλήφθω

354 2934 466 3000 γὰρ
509 2931 605 2984 νῦν
632 2933 828 2997 κοινῶς
878 2936 1233 3005 προορισμός,
1262 2936 1337 3000 ὡς
1387 2941 1725 3009 προορισμοῦ
1769 2943 1921 3010 γένος

353 3024 449 3075 καὶ
478 3024 930 3095 ἀποδοκιμασίας.
957 3027 1067 3097 Τῆς
1095 3028 1153 3081 δὲ
1193 3028 1300 3081 τῶν
1324 3028 1627 3100 ἀνθρώπων
1657 3031 1823 3101 ζωῆς,
1851 3032 1920 3102 ῆν

352 3115 420 3167 ἂν
447 3115 659 3169 οίκοθιν
691 3118 1110 3190 προαιροίντο,ῆ
1148 3120 1645 3188 συμπροσαγούσης
1673 3121 1751 3190 τῷ
1776 3121 1919 3175 τέλει

356 3206 495 3271 μετὰ
528 3207 625 3275 τῆς
658 3206 865 3262 ἄνωθεν
914 3208 1255 3279 συνεργιίας,
1287 3209 1320 3280 ἢ
1349 3210 1663 3282 ἀφιστώσης
1699 3212 1790 3263 τοῦ
1829 3214 1915 3266 τέ·
1945 3237 1989 3295 c

354 3294 480 3359 λους
539 3298 678 3365 μετὰ
729 3300 829 3369 τῆς
880 3299 1087 3352 ἐκεῖθεν
1151 3299 1589 3370 ὲγκαταλείψεως
1618 3318 1633 3333 ο
1682 3301 1920 3369 εὐλόγως

354 3386 452 3439 καὶ
480 3388 513 3456 ἡ
550 3386 840 3455 μετάθεσις
879 3389 979 3458 μὲν
1008 3388 1115 3442 ἀπὸ
1137 3391 1233 3460 τῆς
1266 3389 1525 3460 τοιαύτης
1558 3391 1726 3461 ζωῆς,
1756 3395 1824 3461 τῇ
1858 3410 1919 3447 τε

354 3478 495 3547 πρὸς
523 3480 583 3531 τὸ
608 3478 762 3540 τέλος
789 3478 915 3549 ὀδῷ,
942 3478 1089 3533 τοῦτ’
1131 3480 1246 3533 ἔστι
1277 3481 1343 3551 τῇ
1375 3480 1628 3553 παρούσῃ
1658 3482 1793 3553 ζωῇ,
1826 3483 1922 3539 καὶ

353 3572 422 3639 τῇ
462 3569 581 3638 μετ’
619 3569 788 3640 αὐτὴν
820 3570 997 3642 οἰκείᾳ
1040 3568 1137 3623 τοῦ
1180 3570 1367 3634 τέλους
1403 3571 1673 3639 ὲπιτεύξει
1713 3575 1745 3643 ἢ
1783 3574 1922 3629 ἀπο-

352 3660 553 3725 τεύξει,
604 3659 925 3731 σύμμορφός
960 3664 1075 3714 ἑστι
1102 3661 1197 3715 καὶ
1222 3662 1542 3733 συνᾴδουσα,
1573 3664 1764 3736 ῶσπερ
1796 3665 1924 3734 μεθ-

354 3752 504 3822 όριον
527 3747 661 3806 οὖσα
688 3752 799 3806 τῶν
830 3750 985 3814 ζωῶν
1024 3754 1373 3825 ἀμφοτέρων,
1401 3756 1497 3809 καὶ
1521 3756 1622 3825 τῆς
1647 3756 1788 3823 ὁδοῦ,
1824 3759 1920 3812 καὶ

356 3842 452 3896 τοῦ
480 3844 667 3908 τέλους
697 3844 883 3915 ὥσπερ
931 3846 1195 3915 συνάφεια
1219 3861 1235 3879 ·
1273 3847 1389 3901 εστι
1438 3847 1537 3917 μὲν
1570 3847 1661 3900 ὅτε
1695 3848 1788 3900 καὶ
1815 3864 1921 3917 φα-

354 3937 519 4005 νερᾶς
550 3934 715 4004 οὔσης
742 3937 877 3990 πᾶσι
908 3935 1007 4006 τῆς
1031 3937 1309 4007 τελευτῆς,
1339 3938 1486 4001 ὅπως
1514 3938 1628 4008 ἔχει
1659 3938 1795 4007 πρὸς
1820 3940 1921 4010 τὴν

352 4028 517 4091 εὐθὺς
568 4026 949 4098 διαδεξαμένην
988 4027 1131 4099 ζωὴν
1179 4029 1392 4094 ἀθλίαν,
1442 4029 1475 4100 ἢ
1513 4030 1808 4099 μακαρίαν,
1845 4031 1922 4094 ὡς

353 4117 449 4169 ἐπὶ
476 4116 585 4171 τῶν
630 4116 975 4187 δικαιοσύνης
1023 4118 1207 4184 ἕνεκα,
1236 4119 1269 4187 ἢ
1316 4119 1622 4185 εὐσεϐείας,
1657 4120 1921 4190 αἱρουμέ-

352 4224 458 4261 νων
484 4208 741 4278 θνήσκειν
770 4207 1069 4279 προδήλως,
1096 4209 1194 4262 οὐκ
1220 4209 1347 4263 ἄνευ
1375 4210 1509 4263 Θεοῦ
1539 4211 1632 4265 καὶ
1657 4212 1757 4281 τῆς
1784 4212 1921 4266 άνω-

351 4298 445 4351 θεν
495 4299 803 4363 ιπιπνοίας,
834 4299 863 4353 δ
911 4300 1183 4370 προσήκει
1224 4303 1337 4365 τοῖς
1373 4301 1628 4371 μάρτυσι,
1661 4303 1755 4356 καὶ
1786 4305 1921 4358 πᾶσι

347 4392 464 4449 τοῖς
497 4392 615 4461 μετ’
650 4391 855 4463 ἀρετῆς
901 4394 996 4446 καὶ
1024 4392 1095 4445 δι’
1131 4390 1298 4461 αὐτὴν
1343 4393 1656 4458 τελευτῶσι,
1705 4394 1811 4450 κάν
1845 4397 1920 4467 μὴ

345 4482 600 4553 φανερῶς
636 4482 713 4554 τῷ
760 4485 1045 4555 μαρτυρίῳ
1094 4484 1503 4554 προσάγωνται,
1548 4486 1663 4540 ἀλλ’
1695 4488 1920 4542 ἐπιδου-

343 4572 632 4642 λευόμενοι
662 4574 850 4645 βιαίως
890 4575 1193 4645 ὲξάγωνται
1222 4576 1321 4644 τῆς
1352 4576 1499 4647 ζωῆς
1526 4579 1620 4633 καὶ
1648 4594 1918 4650 συκοφαν-
1948 4560 1996 4620 Ῑ)

344 4664 625 4733 τούμενοι,
674 4668 709 4738 ἢ
768 4668 858 4721 ἐπὶ
911 4667 1020 4722 τῶν
1074 4668 1354 4737 φυγόντων
1403 4670 1497 4723 τὸν
1546 4672 1771 4739 κόσμον,
1822 4675 1919 4727 καὶ

347 4754 575 4825 σταυρῷ
622 4756 939 4826 πρέπουσαν
984 4755 1267 4825 ζησάντων
1296 4755 1463 4826 ζωὴν,
1510 4758 1602 4812 καὶ
1632 4758 1823 4827 ὁμοίαν
1846 4761 1913 4831 τῇ

345 4840 466 4911 ζωῇ
519 4842 775 4911 τελευτὴν
825 4843 1240 4912 άπαράκλητον,
1292 4842 1449 4898 ἐνίων
1496 4843 1677 4900 δὲκαὶ
1730 4846 1914 4902 ἄδικον

346 4936 754 5004 ὑφισταμένων,
794 4933 827 5005 ἢ
860 4935 1166 4988 τούναντίον
1195 4936 1289 4989 ἐπὶ
1327 4936 1435 4988 τῶν
1463 4935 1549 4989 ἐπ’
1583 4938 1789 5002 ἀδίκοις
1821 4939 1914 4994 καὶ

345 5027 609 5096 πονηροῖς
635 5027 972 5096 τολμήμασι,
1011 5029 1105 5081 καὶ
1133 5030 1198 5097 τῇ
1228 5027 1325 5098 ὅλῃ
1365 5028 1711 5100 συμμόρφοις
1738 5030 1913 5085 αὐτῶν

342 5121 464 5188 ζωῇ
494 5118 591 5186 τὴν
619 5119 932 5189 πρέπουσαν
956 5119 1332 5188 ὑφισταμένων
1357 5120 1545 5189 βιαίως
1574 5120 1772 5186 ἔξοδον.

1954 1902 2003 1962 Β

2042 667 2274 732 ditione,
2306 680 2437 737 quo‘t
2467 689 2590 726 vera
2622 674 2834 729 decreta
2864 677 2929 729 de
2963 678 3141 732 medio
3170 679 3448 735 tollantur?
3476 684 3607 751 quin

2039 754 2146 811 imo
2179 758 2311 813 nihil
2360 764 2751 830 prepemodum
2804 764 2995 836 reliqui
3044 778 3145 823 est.
3185 770 3392 824 Etenim
3429 786 3493 826 ex
3524 773 3611 829 his

2036 856 2156 910 quae
2188 859 2248 897 ex
2284 860 2440 901 sacra
2494 849 2775 919 Scriptura
2811 853 2969 908 modo
3001 865 3131 910 sunt
3166 858 3422 924 abducta,
3460 862 3608 917 aliud

2035 934 2252 1002 quidem
2285 938 2393 991 alio
2439 943 2698 1009 mysterio
2730 942 2945 1011 plenum
2992 955 3094 1000 est.
3147 946 3249 1001 Sed
3285 950 3399 1004 haec
3424 955 3606 1009 omnia

2035 1038 2157 1079 cum
2194 1027 2301 1083 illis
2328 1030 2468 1085 intra
2497 1047 2659 1086 unam
2690 1049 2720 1088 e
2750 1036 3022 1105 proposita
3053 1039 3207 1093 nobis
3236 1044 3459 1095 materia
3488 1059 3609 1113 quae

2034 1113 2299 1174 latissime
2326 1131 2492 1188 patet,
2527 1126 2876 1181 continentur
2917 1143 2933 1182 :
2967 1144 3070 1198 qua
3114 1140 3358 1196 nutante,
3394 1135 3608 1188 illorum

2033 1206 2167 1261 nihil
2203 1210 2258 1264 in
2291 1222 2563 1279 posterum
2594 1228 2859 1273 remanet.
2889 1219 3041 1285 Quod
3072 1222 3115 1275 si
3147 1238 3300 1278 sacra
3335 1227 3611 1293 praedesti-

2031 1300 2179 1353 natio
2204 1302 2456 1357 omnibus
2480 1307 2755 1375 prmpullet
2787 1312 3223 1379 necessitatibus,
3253 1331 3377 1371 cum
3411 1321 3608 1377 divinae

2030 1387 2384 1448 Providentia:
2415 1410 2540 1463 pars
2564 1398 2635 1451 sit
2672 1402 2930 1467 maxima,
2962 1412 3015 1458 et
3041 1404 3161 1460 ﬁdei
3197 1408 3473 1465 decretum
3514 1415 3603 1467 cui

2030 1483 2309 1539 adversari
2338 1501 2441 1541 non
2468 1488 2619 1553 licet,
2647 1506 2712 1547 ac
2734 1494 2896 1550 veluti
2929 1495 3053 1552 fidei
3079 1500 3246 1555 totius
3269 1505 3603 1559 convinctio:

2028 1578 2081 1624 et
2116 1572 2362 1631 homines
2392 1579 2587 1647 partim
2621 1582 2689 1636 ad
2736 1594 2994 1640 aeternam
3031 1590 3192 1643 vitam
3228 1602 3355 1645 sunt
3398 1595 3606 1663 praede-

2028 1662 2237 1727 stinati,
2287 1682 2518 1735 quorum
2566 1688 2793 1732 numero
2830 1678 2991 1730 etiam
3041 1693 3187 1735 nunc
3236 1684 3601 1753 ascribantur,

2027 1754 2225 1821 quibus
2260 1758 2631 1817 misericordia
2664 1766 2724 1819 tit
2778 1782 2792 1819 :
2824 1768 3021 1835 partim
3074 1770 3141 1824 ab
3183 1771 3299 1839 ipsa
3334 1777 3604 1842 reprobati

2029 1850 2157 1896 sunt
2198 1860 2212 1897 :
2240 1843 2364 1913 jure
2387 1850 2581 1905 merito
2603 1853 2765 1908 etiam
2802 1871 2922 1925 quae
2951 1858 3016 1912 ad
3048 1859 3211 1914 vitam
3258 1864 3520 1932 cujusque
3550 1875 3605 1919 et

2028 1932 2236 1987 obitum
2288 1949 2585 2006 spectant,
2661 1945 2785 2001 linis
2837 1950 3227 2006 consecutione
3264 1955 3348 2007 vel
3392 1957 3603 2022 repulsa

2035 2025 2379 2091 peculiariter
2405 2046 2512 2085 una
2536 2032 2905 2102 disponuntur
2942 2053 2958 2092 :
2990 2042 3147 2109 quasi
3177 2044 3401 2099 omnino
3436 2049 3598 2102 unius

2028 2115 2293 2188 cujusque
2324 2121 2681 2191 improbitate
2712 2137 2767 2182 et
2796 2132 3016 2197 virtute,
3043 2142 3096 2187 et
3140 2134 3284 2189 bono
3324 2138 3407 2190 vel
3451 2139 3595 2194 malo

2027 2207 2254 2263 consilio
2288 2211 2415 2268 huic
2440 2215 2532 2268 Dei
2561 2219 2938 2275 constitutioni
2965 2224 3219 2295 deinceps
3249 2239 3598 2296 cooperante.

2028 2297 2305 2354 interdum
2358 2304 2523 2359 etiam
2564 2307 2720 2376 juxta
2768 2320 3127 2384 utrorumque
3173 2332 3358 2373 curam
3398 2331 3453 2374 et
3484 2330 3601 2376 stu-

2027 2389 2200 2451 dium,
2236 2405 2456 2461 repente
2496 2397 2741 2467 vestigio,
2777 2404 2919 2470 quod
2949 2404 3192 2473 ipsorum
3236 2409 3509 2465 habilibus
3546 2423 3603 2468 et

2027 2479 2239 2535 meritis
2290 2483 2548 2538 decorum
2594 2497 2702 2551 est,
2734 2497 2789 2543 et
2823 2486 3132 2551 ﬁventibus
3158 2505 3212 2552 et
3243 2502 3600 2560 morientibus

2024 2583 2226 2626 numen
2266 2574 2407 2643 regit
2440 2590 2502 2645 ac
2533 2580 2887 2636 moderatur:
2922 2586 3063 2641 sicut
3089 2590 3253 2646 variis
3282 2606 3346 2647 ac
3368 2595 3600 2652 diversis

2024 2659 2316 2714 admodum
2345 2663 2523 2720 modis
2556 2675 2610 2721 et
2641 2669 2948 2728 rationibus
2975 2689 3096 2745 quae
3120 2678 3239 2733 alite
3272 2680 3328 2735 in
3359 2684 3478 2740 aliis
3503 2687 3595 2753 ju-

2024 2749 2296 2819 dicantur,
2340 2756 2638 2811 secundum
2693 2759 3013 2817 latissimam
3049 2776 3102 2819 et
3135 2749 3593 2839 sapientissimam

2022 2842 2195 2912 ipsius
2238 2844 2767 2905 administrationem
2791 2890 2807 2917 ,
2845 2853 3031 2910 divina
3061 2859 3206 2914 circa
3236 2876 3330 2917 eos
3386 2869 3593 2933 praede-

2023 2934 2242 2988 stinatio
2270 2936 2529 3004 perlicere
2553 2947 2759 3007 posset,
2797 2942 3055 2999 nimirum
3081 2946 3266 3003 limitis
3287 2966 3350 3005 ac
3376 2957 3595 3012 termini

2022 3026 2336 3080 consecutio
2382 3027 2465 3080 vel
2503 3030 2738 3097 repulsa.
2767 3031 3025 3088 Sumatur
3050 3037 3194 3092 enim
3250 3055 3395 3097 nunc
3445 3059 3600 3102 com-

2021 3113 2257 3169 muniter
2283 3116 2686 3184 prmdestinatio
2706 3138 2722 3187 ;
2740 3122 2888 3178 velut
2910 3140 3080 3193 genus
3104 3131 3595 3197 prmdestinationis

2020 3209 2075 3256 et
2134 3206 2527 3273 reprdbationis
2576 3226 2591 3262 :
2639 3213 2858 3281 quando
2905 3215 3183 3273 hominum
3240 3223 3373 3291 vita,
3430 3242 3594 3294 quam

2022 3296 2165 3362 apud
2188 3311 2246 3350 se
2271 3298 2502 3368 quisque
2530 3301 2678 3365 domi
2710 3304 2933 3375 elegerit
2953 3346 2967 3370 ,
2999 3317 3093 3362 aut
3122 3309 3285 3366 simul
3324 3316 3392 3369 ad
3428 3316 3591 3374 .‘inem

2023 3385 2242 3442 adducit
2272 3404 2396 3443 cum
2439 3392 2753 3463 adiumento
2788 3402 3187 3468 eooperatiouis
3219 3405 3287 3458 ah
3317 3407 3424 3462 alto
3451 3425 3466 3475 ;
3495 3416 3592 3466 aut

2023 3490 2054 3530 a
2084 3476 2189 3531 [ine
2221 3479 2439 3534 abducit
2471 3495 2595 3537 cum
2632 3483 3008 3553 derelictione,
3048 3506 3167 3561 qua
3212 3493 3448 3553 indidem
3489 3502 3587 3568 tit;

2023 3580 2387 3628 consentanea
2417 3576 2578 3630 etiam
2604 3577 2903 3636 demutatio
2938 3582 3007 3639 ab
3032 3584 3295 3650 ejusmodi
3329 3590 3435 3645 vita
3464 3607 3595 3647 con-

2022 3674 2224 3727 gruens
2249 3662 2349 3717 vim
2372 3678 2491 3731 qua:
2519 3666 2585 3720 ad
2617 3667 2779 3724 linem
2809 3672 3088 3742 perducit;
3116 3677 3217 3732 hoc
3237 3689 3322 3733 est
3342 3687 3595 3750 praesenti

2022 3751 2166 3815 vita,
2198 3762 2252 3808 et
2282 3756 2540 3823 peculiari
2570 3767 2691 3828 post
2725 3776 2844 3818 eam
2891 3765 3014 3820 linis
3056 3768 3329 3838 adeptioni
3382 3783 3476 3830 aut
3508 3791 3593 3831 re-

2023 3843 2191 3911 pulsae
2222 3845 2517 3904 conformis
2545 3858 2626 3905 est
2660 3859 2823 3920 atque
2853 3870 3183 3927 consonans;
3212 3863 3436 3930 perinde
3459 3881 3525 3922 ac
3544 3868 3592 3923 si

2024 3936 2078 3990 in
2112 3940 2349 3994 contlnio
2390 3954 2535 3997 esset
2583 3946 2872 4018 utriusque
2900 3952 3046 4016 vitae,
3097 3963 3150 4008 et
3188 3965 3446 4026 tanquam
3487 3948 3597 4019 vim

2024 4037 2185 4097 atque
2216 4029 2338 4086 linis
2368 4034 2580 4102 copula.
2625 4037 2933 4107 Aliquando
2979 4043 3123 4097 enim
3170 4061 3292 4100 cum
3342 4050 3593 4107 interitus

2022 4116 2282 4173 omnibus
2296 4119 2367 4174 sit
2388 4122 2737 4191 conspicuus,
2761 4134 2819 4179 ut
2846 4129 3005 4184 habet
3027 4147 3086 4186 se
3105 4133 3171 4187 ad
3198 4136 3363 4190 vitam
3392 4155 3593 4194 terum-

2021 4221 2209 4263 nosam
2258 4218 2353 4264 aut
2401 4213 2610 4267 beatam
2666 4231 2787 4285 qua:
2842 4219 3027 4275 statim
3086 4234 3377 4295 exceptura
3433 4240 3517 4285 est
3569 4249 3585 4288 ε

2021 4301 2475 4370 quemadmodum
2518 4305 2569 4360 in
2598 4306 2665 4361 iis
2697 4310 2790 4378 qui
2810 4310 3038 4379 justitia:
3066 4329 3235 4372 causa
3266 4329 3359 4374 aut
3380 4322 3590 4390 pietatis

2022 4395 2196 4464 palam
2240 4397 2377 4452 mori
2408 4398 2645 4465 voluere,
2678 4416 2785 4457 non
2832 4404 3039 4474 absque
3087 4406 3217 4476 Deo,
3250 4422 3303 4466 et
3348 4412 3587 4483 inspira-

2025 4485 2173 4541 tione
2200 4500 2321 4555 qute
2362 4488 2647 4545 desursum
2688 4495 2870 4561 venit;
2902 4499 3048 4566 quod
3093 4502 3422 4571 martyribus
3452 4520 3587 4563 con-

2023 4580 2191 4644 venit,
2239 4586 2402 4648 atque
2449 4583 2707 4640 omnibus
2757 4587 2851 4655 qui
2893 4603 3015 4643 cum
3056 4591 3252 4648 virtute
3279 4604 3335 4650 et
3365 4608 3587 4668 propter

2025 4669 2198 4738 ipsam
2244 4671 2583 4739 moriuntur;
2620 4677 2833 4730 tametsi
2866 4677 3151 4737 manifeste
3184 4685 3442 4754 martyrio
3474 4703 3586 4745 non

2021 4761 2448 4828 admoveantur;
2488 4763 2583 4819 sed
2618 4764 2833 4821 insidiis
2880 4777 2933 4823 et
2981 4770 3271 4829 calumniis
3322 4778 3587 4845 appetiti,

2022 4852 2133 4907 vita
2167 4853 2466 4922 spolientur
2498 4871 2514 4908 :
2542 4865 2637 4909 aut
2684 4856 2754 4913 iis
2796 4859 2888 4928 qui
2938 4860 3123 4931 fugere
3173 4866 3457 4933 mundum,
3504 4870 3591 4923 vel

2022 4942 2171 4997 cruci
2200 4954 2585 5014 congruentem
2606 4946 2878 5017 agitarunt
2902 4952 3088 5020 vitam,
3115 4969 3179 5009 ac
3205 4956 3433 5011 similem
3468 4957 3589 5012 vita

2022 5034 2227 5088 obitum
2260 5036 2655 5093 consolationis
2696 5049 2974 5110 expertem
3006 5060 3021 5097 :
3056 5059 3178 5098 cum
3212 5045 3454 5100 nonnulli
3486 5047 3590 5101 ini-

2022 5138 2186 5194 quam
2217 5125 2339 5179 vitae
2367 5127 2624 5195 degendae
2654 5132 2948 5202 mortisque
2991 5135 3283 5191 subeunda:
3322 5137 3587 5191 rationem

343 5212 611 5268 insistunt
648 5226 665 5263 :
698 5220 791 5265 aut
822 5219 1029 5275 contra,
1065 5211 1135 5266 iis
1164 5212 1577 5267 convenientem
1596 5214 1699 5283 ‘qui
1739 5214 1811 5272 ob
1837 5214 2039 5287 iniusta
2072 5227 2127 5274 et
2174 5217 2442 5274 scelerata
2486 5218 2732 5278 facinora
2802 5225 2897 5279 toti
2970 5226 3212 5296 ipsorum
3276 5226 3399 5281 vita:
3449 5242 3587 5283 con-

339 5319 624 5372 sentanea,
668 5316 1060 5377 congruentem
1118 5309 1394 5365 interitum
1450 5312 1712 5366 violenter
1760 5312 2051 5370 sufferunt.

418 5404 494 5456 υὺ
523 5405 683 5472 μόνον
710 5402 766 5457 δὲ
795 5404 860 5472 τῇ
892 5403 1072 5472 κρίσει
1102 5403 1210 5456 τῶν
1233 5402 1536 5473 ἀνθρώπων
1562 5406 1739 5475 σαφής
1766 5407 1915 5459 ἐστιν

343 5498 381 5566 ἠ
412 5495 637 5564 τοιαύτη
664 5495 888 5564 τελευτὴ
916 5494 1017 5547 ποῦ
1035 5495 1210 5564 φέρει,
1238 5495 1375 5549 ἀλλὰ
1402 5497 1513 5559 τοῖς
1546 5495 1685 5565 ὑπὲρ
1712 5498 1917 5568 ἀρετῆς

343 5605 408 5642 τε
445 5588 540 5640 καὶ
570 5586 854 5651 εὐσεϐείας
898 5586 1154 5653 θνήσκειν
1186 5580 1641 5660 προαιρουμένοις
1688 5589 1917 5659 λαμπρὰ

346 5679 448 5734 καὶ
480 5678 697 5747 ποικίλη
733 5681 765 5747 ή
806 5679 1055 5747 οὐράνιος
1101 5678 1449 5746 ἐπιφαίνεται
1500 5679 1794 5752 μαρτυρία,
1825 5687 1917 5735 καὶ

704 5775 811 5833 l’A't
832 5790 972 5832 ιιοι..
1018 5775 1132 5833 Gn.
1186 5774 1365 5835 CLX.

2095 5407 2295 5464 Verum
2328 5426 2436 5466 non
2468 5411 2677 5479 judicio
2715 5421 2918 5467 tantum
2959 5412 3241 5468 hominum
3290 5413 3587 5470 dilucidum

2022 5510 2121 5563 est,
2148 5517 2257 5571 quo
2285 5504 2471 5559 tendat
2505 5520 2651 5560 mors
2681 5504 2944 5574 ejusmodi
2990 5518 3005 5557 :
3049 5507 3140 5559 sed
3172 5520 3270 5575 pro
3299 5506 3494 5561 virtute
3532 5514 3588 5560 ct

2026 5593 2221 5661 pietate
2252 5596 2387 5647 mori
2426 5595 2792 5664 cupientibus,
2818 5597 3026 5651 clarum
3050 5606 3102 5652 et
3125 5597 3332 5653 varium
3363 5608 3587 5669 apparet

2024 5682 2242 5738 cmleste
2308 5684 2705 5755 testimonium,
2767 5697 2820 5744 et
2880 5686 3234 5745 familiarium
3281 5692 3468 5747 oculos
3521 5702 3589 5748 ac

3112 5783 3188 5844 18
