3904 6134
343 279 451 340 ξοὃὸ

1441 275 1824 334 GENNADH
1864 275 1968 336 er.
2017 273 2539 332 PA'l‘lHAltfllI/E
2984 235 2988 237 i
3477 281 3574 344 556

336 406 547 454 mentes
577 393 835 461 percellit.
871 391 1149 445 Interdum
1184 389 1344 444 etiam
1382 389 1582 443 mullos
1611 387 1744 456 fugit
1775 401 1924 438 mor-

2038 383 2126 446 τὰς
2162 383 2274 436 τῶν
2301 384 2568 436 συνόντων
2599 383 2750 452 δζμιεις
2783 384 2878 437 καὶ
2905 384 3084 454 ψυχὰς
3134 387 3572 456 καταπλήττουσα,

335 491 405 544 tis
445 489 730 551 terminus,
774 495 967 552 prmter
1010 499 1103 537 eos
1141 489 1234 552 qui
1269 482 1544 536 sustinent
1577 498 1589 534 :
1633 479 1925 549 aliquando

333 598 401 636 ne
435 581 568 650 ipsis
599 579 816 647 quidem
853 579 941 630 hic
973 575 1316 652 conspiyitur
1349 575 1524 630 donec
1550 583 1680 628 sunt
1723 574 1773 627 in
1808 581 1928 626 eor-

334 686 488 740 pore,
519 669 601 724 vel
640 669 768 722 dum
807 669 970 721 etiam
1009 667 1195 735 expiat
1232 666 1488 720 interitus
1519 665 1704 719 divina
1736 664 1926 732 benig-

335 764 528 825 nitate,
588 760 632 814 si
686 760 961 812 violentus
1017 758 1118 822 sit;
1171 757 1370 827 quibus
1418 757 1698 810 decretum
1764 754 1929 808 fuerit

334 851 581 905 suflicere
617 865 789 917 usque
823 849 958 902 adeo
1003 849 1249 918 expiari,
1284 857 1340 900 ut
1371 845 1800 900 misericordiam
1834 843 1929 896 ob-

339 941 571 993 tinentes
601 941 761 991 liuent
796 938 1017 991 beatum
1053 937 1439 990 nanciscautur
1476 955 1488 990 :
1525 935 1610 988 vt-l
1639 935 1767 988 dum
1794 934 1928 987 alios

331 1029 504 1095 juvat,
538 1028 582 1082 si
613 1027 896 1081 exordium
934 1026 1003 1081 sit
1052 1025 1387 1080 infelicitatis
1434 1041 1552 1094 quae
1607 1025 1713 1078 illic
1738 1032 1842 1087 est,
1875 1032 1930 1077 et

341 1119 729 1189 improbitatis,
771 1134 892 1188 qua:
941 1119 1028 1172 hic
1083 1129 1387 1192 exercetur,
1451 1127 1614 1185 atque
1666 1114 1927 1170 indicium

337 1211 829 1264 animadversionis
859 1219 1080 1279 propter
1113 1211 1313 1278 ipsam,
1366 1209 1415 1262 vi
1469 1207 1802 1272 inducatur;
1836 1215 1931 1260 aut

338 1307 706 1361 additamento
734 1306 964 1358 miseria:
992 1320 1111 1372 quae
1141 1304 1214 1357 ibi
1244 1311 1347 1369 est,
1383 1301 1526 1356 facto
1557 1301 1606 1354 in
1642 1300 1926 1370 improbis,

339 1400 382 1451 si
416 1399 622 1466 absque
661 1397 904 1450 cruciatu
936 1411 1082 1449 mors
1122 1394 1284 1450 fuerit
1317 1413 1330 1449 :
1377 1404 1467 1448 aut
1501 1395 1568 1449 ad
1605 1409 1929 1464 centpeusa-

339 1493 544 1546 tionem
577 1490 814 1558 aliquam
841 1489 1065 1559 jnstitia:
1093 1490 1182 1544 hic
1223 1498 1378 1553 actae,
1413 1488 1570 1558 quasi
1602 1488 1705 1542 alia
1741 1489 1930 1558 pravi-

339 1593 423 1638 tas
457 1584 696 1653 ipsormn
741 1583 850 1637 illic
929 1583 1069 1649 quod
1108 1599 1206 1652 par
1250 1590 1304 1636 et
1357 1581 1636 1652 proprium
1667 1589 1751 1636 est
1779 1593 1932 1634 acce-

338 1677 476 1746 perit
499 1674 745 1744 ;justitia
773 1675 858 1728 hic
884 1674 1124 1728 exhibita
1154 1673 1460 1734 viventibus
1485 1683 1538 1728 et
1565 1672 1926 1727 morientibus

342 1783 449 1820 non
509 1781 738 1837 prorsus
795 1766 1041 1819 mercede
1106 1765 1353 1820 fraudata
1404 1765 1567 1820 fuerit
1601 1783 1613 1817 :
1647 1765 1920 1820 interdum

342 1860 506 1914 etiam
544 1858 927 1914 nonnullorum
961 1858 1214 1927 precibus
1259 1873 1458 1913 numen
1489 1857 1769 1924 elargitur.
1809 1856 1925 1911 Non

341 1953 485 2004 enim
513 1949 768 2004 omnibus
801 1965 976 2018 neque
1003 1950 1248 2003 omnium
1284 1951 1422 2004 votis
1459 1949 1816 2019 gratificatur;
1865 1962 1928 2002 ac

341 2045 609 2098 diversam
637 2042 692 2095 itt
727 2043 858 2106 ipsis
887 2042 1007 2094 vitae
1029 2053 1236 2095 sortem
1275 2040 1538 2096 decernit.
1570 2040 1782 2093 Etenim
1806 2039 1927 2106 qui-

342 2137 463 2189 dam
496 2133 617 2188 vitae
657 2135 862 2186 exitum
894 2133 1080 2186 dolore
1112 2142 1390 2186 carentem
1442 2141 1496 2186 et
1526 2141 1775 2201 pacatum
1823 2129 1928 2184 sibi

342 2236 710 2298 apprecantur
738 2243 750 2279 :
776 2225 863 2279 alii
890 2240 1210 2295 generosum
1239 2226 1419 2295 potius
1444 2235 1497 2279 et
1523 2226 1614 2294 qui
1646 2222 1930 2277 materiam

341 2324 477 2390 ipsis
501 2321 756 2376 exhibeat
787 2321 1069 2389 sapientia:
1102 2320 1306 2386 studii,
1337 2329 1390 2373 et
1431 2319 1587 2374 boum
1622 2319 1762 2388 spei.
1793 2316 1927 2371 Nam

344 2415 426 2468 sic
463 2431 492 2468 e
524 2415 633 2467 vita
666 2412 922 2481 migrare,
962 2411 1046 2464 vel
1086 2426 1413 2465 coronarum
1462 2421 1815 2478 augmentum
1867 2410 1932 2462 iis

351 2505 444 2576 qui
481 2507 730 2570 honeste,
768 2503 935 2572 probe
970 2504 1163 2571 pieque
1190 2502 1484 2557 admodum
1526 2501 1800 2567 vixerunt,
1833 2511 1926 2556 aut

343 2597 708 2668 expiationem
740 2594 1032 2665 perfectam
1064 2594 1577 2662 absolutionetnque
1601 2594 1779 2649 omnis
1807 2610 1928 2648 rea-

354 2701 442 2744 tus
477 2688 546 2743 iis
577 2687 668 2758 qui
706 2686 843 2756 lapsi
869 2696 1018 2751 sunt,
1048 2700 1368 2754 comparare
1396 2695 1603 2739 eertum
1633 2694 1740 2738 est.
1783 2685 1929 2738 Sub—

347 2784 624 2840 ruinistrat
655 2793 840 2837 autem
874 2782 1058 2836 divino
1082 2780 1227 2836 circa
1268 2781 1516 2849 quemvis
1549 2779 1776 2847 judicio,
1814 2789 1927 2834 tum

348 2873 602 2926 diversus
630 2871 754 2924 vitae
788 2879 984 2935 status,
1032 2871 1168 2924 ordo
1199 2878 1252 2922 et
1297 2871 1669 2940 propositum,
1706 2871 1758 2924 in
1797 2887 1932 2926 uno-

343 2978 584 3033 quoque,
616 2971 730 3016 tum
761 2961 1046 3017 electionis
1069 2961 1471 3029 voluntatisque
1501 2977 1692 3016 rursus
1723 2962 1776 3016 in
1811 2964 1929 3032 plu-

348 3060 531 3123 ribus,
557 3067 612 3112 et
628 3057 839 3112 ordinis
858 3057 1267 3122 communione,
1290 3057 1354 3110 ad
1374 3056 1645 3110 diversum
1673 3057 1724 3108 iu
1745 3056 1932 3124 singu-

343 3152 434 3213 lis,
459 3158 514 3201 et
544 3150 792 3205 eumdem
837 3152 889 3202 in
927 3148 1172 3217 pluribus
1205 3149 1324 3202 vitae
1353 3162 1636 3202 excessum
1671 3147 1935 3202 delinien-

346 3244 502 3298 dum.
538 3241 866 3310 Ecquaanam
903 3255 1067 3309 porro
1119 3254 1273 3294 meus
1321 3240 1455 3292 satis
1494 3241 1690 3293 virium
1723 3248 1777 3293 ct
1805 3254 1936 3293 aeu-

347 3336 510 3388 tniuis
564 3334 830 3396 haberet,
882 3332 948 3385 ad
1000 3330 1269 3384 infinitam
1325 3329 1413 3384 Dei
1467 3331 1932 3398 dispensationem

347 3425 782 3494 investigandam
816 3424 868 3478 iu
910 3423 1177 3490 ejusmodi
1220 3423 1382 3476 rebus
1413 3437 1442 3476 e
1477 3424 1651 3476 sacris
1679 3423 1934 3492 'elnqniis

347 3534 410 3573 ac
436 3516 637 3572 divinis
664 3516 802 3570 actis
851 3514 1207 3583 colligendam
1229 3514 1252 3566 ?
1271 3513 1735 3578 Quemadmodum
1770 3515 1936 3583 igitur

337 3609 770 3680 sapientissima
805 3616 859 3661 et
889 3605 1071 3660 divina
1105 3605 1512 3659 administratio
1559 3606 1705 3659 circa
1745 3607 1935 3659 mortis

288 3694 302 3713 ’
348 3700 570 3754 modum
603 3709 706 3762 est,
731 3699 880 3767 juxta
909 3696 1268 3752 Providentiae
1289 3697 1463 3764 ipsius
1490 3697 1932 3751 constitutionem

352 3793 406 3846 in
441 3805 770 3860 unoquoque
800 3788 1081 3844 hominum
1122 3803 1134 3840 :
1179 3787 1262 3842 sic
1301 3788 1466 3841 etiam
1508 3787 1652 3842 circa
1686 3803 1938 3842 commu-

347 3880 576 3933 tatiouis
607 3889 819 3948 tempus
845 3877 1118 3932 diversam
1144 3887 1198 3932 et
1227 3877 1432 3931 variam
1465 3877 1932 3954 dispensationem

346 3971 586 4024 divinam
620 3971 800 4025 videre
834 3977 935 4025 est.
977 3967 1110 4022 Nam
1143 3968 1210 4024 iis
1242 3969 1334 4039 qui
1369 3970 1420 4022 in
1445 3969 1732 4039 juventute
1765 3971 1934 4025 vitam

351 4079 476 4119 eum
509 4073 686 4119 morte
713 4071 1073 4126 commutant,
1108 4060 1218 4115 vita
1245 4062 1500 4131 eripitur,
1531 4076 1598 4116 eo
1631 4062 1773 4130 quod
1801 4071 1938 4115 tem-

350 4156 500 4226 poris
540 4154 858 4210 accessione
890 4154 1064 4209 virtus
1099 4163 1152 4208 et
1187 4154 1545 4224 intelligentia
1580 4155 1820 4224 ipsorum
1850 4156 1936 4210 in-

352 4259 695 4304 crementum
721 4255 1010 4316 acceptura
1042 4261 1148 4300 non
1187 4255 1369 4313 esset;
1415 4247 1509 4301 sed
1546 4247 1598 4301 in
1635 4232 1787 4316 pejus
1819 4263 1936 4300 mtt-

347 4349 552 4394 tatnra.
606 4340 742 4394 Aliis
787 4341 895 4393 vita
949 4349 1296 4408 prorogatur,
1351 4342 1444 4405 qui
1495 4353 1758 4394 concessa
1811 4339 1934 4392 vitae

2038 470 2193 522 Ἔστι
2238 471 2284 523 δ’
2314 471 2399 522 ὅτε
2445 471 2539 522 καὶ
2572 469 2826 524 λανθάνει
2863 471 2962 540 μὲν
3003 474 3129 535 τοὺς
3176 474 3390 538 πολλοὺς
3417 480 3470 531 τὸ
3495 481 3579 534 πέ-

2035 578 2134 631 ρας
2180 563 2279 631 τῆς
2314 563 2594 628 τελευτῆς,
2648 563 2786 634 πλὴν
2831 565 3010 618 αὐτῶν
3053 565 3157 618 τῶν
3205 566 3590 638 ὑφισταμένων,-

2033 656 2202 706 ὲνίοτε
2239 653 2374 724 μηδὲ
2410 655 2593 718 αὐτοῖς
2634 655 2868 710 ὲνταῦοα
2909 657 3304 727 συκορώμενον,
3335 660 3432 724 ἕως
3459 663 3581 716 εἰσὶν

2032 750 2089 800 ὲν
2117 748 2193 817 τῷ
2224 747 2459 817 σώματι,
2499 749 2592 801 καὶ
2638 749 2668 818 ἢ
2708 750 3078 821 καθαιρούσης
3125 752 3220 820 τῆς
3249 753 3489 824 τελευτῆς
3527 756 3583 809 ἐκ

2033 841 2183 905 Θείας
2212 840 2626 912 φιλανθρωπίας
2665 842 2731 896 ἂν
2764 842 2938 912 βίαιος
2980 839 3038 916 ᾖ,
3072 840 3151 908 οἷς
3183 846 3366 914 ἀρκεῖν
3398 847 3459 901 ἂν
3481 865 3588 912 κρι-

2034 932 2149 1001 θείη
2182 930 2433 985 τοσοῦτον
2483 932 2826 1002 καθήρασθαι
2858 935 2994 1003 πρὸς
3037 936 3099 987 τὸ
3133 939 3312 1005 τυχεῖν
3345 938 3584 1008 ἐλεουμέ-

2033 1040 2154 1083 νους
2190 1023 2378 1087 τέλους
2424 1024 2763 1091 εὐδαίμονος,
2809 1025 2841 1095 ῆ
2873 1027 2999 1089 τοὺς
3050 1025 3243 1089 ἄλλους
3271 1028 3584 1100 ὠφελούσης,

2034 1117 2101 1170 ἂν
2149 1116 2437 1187 προοίμιον
2475 1118 2572 1184 τῆς
2614 1119 2730 1169 ἐκεῖ
2773 1119 3224 1188 κακοδαιμονίας,
3271 1122 3362 1174 καὶ
3389 1121 3480 1190 τῆς
3512 1124 3588 1176 ὲν-

2034 1211 2207 1262 ταῦθα
2236 1210 2523 1278 πονηρίας,
2557 1210 2652 1262 καὶ
2684 1210 2754 1263 δι’
2779 1212 2949 1280 αὐτὴν
2985 1213 3330 1282 ἀποστροφῆς
3364 1213 3588 1278 ἔνδειξις,

2036 1300 2229 1370 βιαίως
2281 1301 2579 1368 ὲπάγηται,
2613 1300 2781 1371 καὶῆ
2816 1304 3134 1374 προσθήκης
3179 1305 3244 1372 τῇ
3287 1303 3398 1354 ἐκεῖ
3444 1320 3588 1354 κακο-

2034 1393 2289 1464 δαιμονία
2318 1390 2481 1462 οὔσης
2524 1393 2581 1445 ἐν
2611 1395 2722 1455 τοῖς
2759 1397 3038 1462 πονηροῖς,
3071 1393 3135 1446 ἂν
3169 1393 3424 1455 ἀνώδυνος
3506 1411 3517 1424 ·
3557 1393 3586 1462 ἢ

2036 1485 2171 1554 πρὸς
2207 1483 2444 1554 άμοιῦήν
2485 1502 2604 1537 τινα
2663 1485 3008 1555 δικαιοσύνης
3057 1484 3292 1538 ἐνταῦθά
3340 1501 3495 1549 τινος,
3523 1483 3589 1546 ὡς

2034 1575 2100 1629 ἂν
2132 1577 2232 1644 τῆς
2263 1575 2432 1644 ἄλλης
2485 1577 2753 1645 πονηρίας
2793 1578 2974 1630 αὐτῶν
3008 1579 3126 1629 ἐκεῖ
3175 1577 3236 1629 τὸ
3270 1577 3382 1628 δέον
3415 1574 3501 1628 καὶ
3524 1574 3590 1626 οἰ·

2036 1671 2180 1721 κεῖον
2232 1669 2711 1740 προσληψομένης,
2761 1672 2794 1740 η
2855 1671 3092 1724 ἐνταῦθα
3148 1670 3458 1736 δικαιοσύνη
3506 1667 3590 1720 καὶ

2036 1762 2169 1824 ζῶσι
2192 1764 2285 1816 καὶ
2321 1763 2631 1827 τελευτῶσι,
2665 1766 2740 1834 μὴ
2774 1764 3030 1829 καθάπαξ
3053 1765 3283 1835 ἄμισθος
3409 1764 3592 1817 Ἐνίοτε

2031 1855 2086 1906 δὲ
2125 1855 2219 1907 καί⁵
2251 1856 2438 1926 εὐχαῖς
2491 1874 2648 1921 τινων
2681 1859 3041 1927 χαριζόμενον
3086 1857 3146 1911 τὸ
3203 1858 3361 1919 θεῖον,
3414 1858 3470 1910 οὐ
3497 1836 3591 1925 γάρ

2033 1946 2235 2008 πάσαις
2265 1946 2387 1997 οὐδὲ
2419 1945 2637 1999 πάντων
2667 1949 2976 2016 χαρίζεται,
3006 1950 3105 2018 τὴν
3143 1950 3400 2018 διάφορον
3430 1951 3482 2001 ἐν
3508 1948 3592 2000 αὐ-

2033 2038 2144 2098 τοῖς
2175 2037 2266 2088 τοῦ
2305 2036 2422 2106 βίου
2449 2038 2748 2108 ψηφίζεται
2775 2040 2948 2110 λῆξιν.
2977 2043 3040 2094 Οἱ
3075 2043 3176 2112 μὲν
3215 2044 3319 2112 γὰρ
3346 2041 3594 2095 ἀνώδυνον

2034 2129 2128 2181 καὶ
2182 2130 2455 2199 εἰρηνικὸν
2504 2133 2687 2194 αὐτοῖς
2737 2132 2988 2202 εὔχονται
3037 2134 3098 2186 τὸ
3158 2135 3259 2188 τοῦ
3315 2134 3427 2204 βίον
3459 2133 3595 2196 τέλος

2035 2220 2302 2292 ὑπάρξειν
2328 2237 2342 2251 °
2374 2224 2422 2276 οἱ
2467 2223 2521 2276 δὲ
2559 2225 2805 2291 γενναῖον
2861 2226 3084 2294 μᾶλλον,
3123 2227 3226 2280 κσιὶ
3270 2225 3400 2296 ὕλην
3428 2225 3595 2287 αὐτοῖς

2038 2316 2276 2384 παρέχον
2304 2315 2619 2383 φιλοσοφίας
2654 2318 2748 2369 καὶ
2781 2315 2992 2372 εὔελπι.
3027 2319 3100 2371 Τὸ
3129 2319 3248 2390 γὰρ
3281 2319 3418 2373 οὕτω
3446 2335 3596 2388 μετα-

2037 2408 2229 2474 στῆναι
2275 2406 2368 2459 τοῦ
2415 2407 2532 2476 βίου
2569 2408 2600 2478 ἢ
2643 2410 2924 2478 στεφάνων
2960 2411 3288 2481 προσθήκην
3317 2413 3420 2473 τοῖς
3450 2412 3596 2478 ἀκρι-

2037 2496 2146 2558 6ῶς
2179 2495 2526 2566 βεϐιωκόσιν,
2563 2498 2594 2568 ἢ
2628 2499 2899 2568 κάθαρσιν
2931 2502 3148 2555 τελείαν
3192 2505 3284 2556 καὶ
3324 2501 3470 2554 λύσιν
3497 2501 3600 2552 ἐνο-

2035 2588 2137 2656 χῆς
2167 2589 2388 2659 ἁπάσης
2421 2593 2533 2653 τοῖς
2575 2593 2914 2658 ὲπςαικόσιν,
2945 2593 3150 2646 οἴδασιν
3202 2596 3282 2647 ὃν.
3321 2593 3600 2662 ’Υπουργεῖ

2035 2679 2093 2731 δὲ
2120 2683 2184 2748 τῇ
2225 2680 2345 2751 θείᾳ
2397 2683 2526 2750 περὶ
2561 2683 2793 2736 ἕκαστον
2846 2685 3026 2754 κρῗσει
3067 2688 3101 2756 ἦ
3133 2704 3203 2739 τε
3243 2687 3484 2756 διάφθροῖ
3519 2683 3600 2738 τ’θῦ

2038 2771 2156 2842 βίου
2192 2773 2342 2836 τάξις
2375 2787 2433 2825 τε
2462 2775 2554 2826 καὶ
2606 2775 2922 2844 προαίρεσις
2953 2779 3010 2831 ὲν
3055 2780 3304 2848 ἑκάστῳ,
3339 2782 3427 2832 καὶ
3457 2780 3487 2846 ἡ
3515 2777 3601 2843 τῆς

2037 2866 2410 2935 προαιρέσεως
2433 2861 2502 2920 αὖ
2535 2868 2592 2920 ἐν
2615 2869 2824 2922 πλείοσι
2852 2872 2941 2922 καὶ
2971 2873 3069 2941 τῆς
3101 2872 3319 2936 τάξεως
3350 2871 3602 2934 κοιυωνία,

2036 2957 2172 3026 πρδς
2203 2957 2263 3009 τὸ
2300 2957 2556 3027 διάφορον
2590 2962 2649 3012 ἐν
2690 2962 2964 3026 ἑκάστοις,
2998 2963 3030 3033 ἢ
3064 2963 3124 3016 τὸ
3149 2966 3297 3018 αὐτὸ
3324 2969 3380 3019 ὲν
3410 2963 3604 3023 πολλοῖς

2037 3049 2098 3101 τὸ
2126 3049 2224 3119 τῆς
2254 3048 2399 3120 ζωῆς
2432 3049 2712 3118 ὁρίζεσθαι
2747 3053 2920 3115 τέλος.
2972 3056 3082 3108 Καὶ
3112 3060 3281 3120 ποῖος
3311 3056 3376 3110 ἂν
3406 3053 3606 3122 ἐξαρκέ-

2043 3158 2155 3194 σειε
2186 3141 2309 3206 νοῦς
2357 3144 2457 3213 τὴν
2489 3144 2716 3213 ἄπειρον
2745 3147 3051 3214 ἀνιχνεύειν
3100 3149 3207 3201 τοῦ
3239 3148 3383 3200 θείου
3419 3150 3600 3199 οἰκονο-

2043 3234 2171 3302 μίαν
2200 3237 2259 3288 ὲν
2283 3236 2394 3298 τοῖς
2421 3235 2683 3297 τοιούτοις
2716 3236 2781 3289 ὲκ
2806 3237 2913 3289 τῶν
2935 3237 3096 3291 θείων
3114 3239 3371 3309 Γραφῶν,
3401 3240 3490 3292 καὶ
3509 3235 3601 3290 τῶν

2040 3323 2197 3377 θείων
2240 3325 2419 3395 ἔργων
2472 3326 2908 3396 συλλεγομένηνς
2967 3329 3188 3400 Ὥσπερ
3235 3331 3327 3385 οὖν
3372 3330 3494 3400 περὶ
3522 3328 3601 3380 τδν

2037 3418 2241 3486 τρόπον
2269 3417 2368 3480 τῆς
2417 3417 2673 3484 τελευτῆς
2707 3419 3076 3488 ποικιλωτάτη
3132 3426 3230 3474 καὶ
3274 3423 3534 3487 πάνσοφος
3574 3418 3602 3486 ἡ

2041 3510 2156 3561 θεία
2187 3509 2490 3578 οἰκονομία,
2522 3511 2664 3588 κατά
2692 3509 2789 3579 τὴν
2819 3513 2904 3581 ἐφ’
2936 3513 3159 3585 ἑκάστῳ
3182 3516 3292 3568 τῶν
3321 3513 3602 3584 ἀνθρώπων

2037 3601 2138 3669 τῆς
2185 3604 2351 3656 αὖτοῦ
2384 3603 2649 3672 Προνοίας
2707 3605 2953 3670 διάταξιν
2981 3623 2994 3636 ⁶
3033 3607 3183 3662 οὕτω
3231 3609 3324 3662 καὶ
3366 3609 3489 3676 περὶ
3525 3603 3604 3657 τὸν

2039 3692 2232 3760 χρόνον
2254 3691 2354 3760 τῆς
2390 3695 2779 3762 μεταστάσεως
2826 3696 3083 3765 διάφορον
3115 3699 3214 3752 καὶ
3245 3699 3491 3768 ποικίλην
3520 3696 3604 3764 τὴν

2040 3783 2192 3836 θείαν
2221 3785 2536 3854 οἰκονομίαν
2578 3786 2728 3841 ἔστιν
2761 3791 2916 3860 ὁρᾷν.
2947 3791 3011 3843 Οί
3051 3793 3156 3860 μὲν
3190 3793 3298 3862 γὰρ
3331 3796 3388 3846 ὲν
3411 3792 3632 3862 νεότητι

2045 3876 2402 3945 μεθίστανται
2431 3879 2530 3948 τῆς
2557 3880 2702 3949 ζωῆς
2732 3883 2933 3950 ταύτης
2965 3884 3368 3955 ἁρπαζόμενοι,
3401 3885 3469 3944 ῶς
3516 3882 3604 3944 τῆς

2039 3967 2148 4048 τῶν
2200 3969 2407 4036 χρόνων
2458 3970 2778 4040 προσθήκης
2821 3971 2882 4024 ού
2914 3972 3012 4041 τὴν
3059 3976 3268 4044 ἀρετὴν
3318 3968 3608 4028 αὐτῶνκαὶ

2039 4059 2137 4127 τὴν
2169 4058 2385 4113 σύνεσιν
2414 4059 2598 4123 αὔξειν
2629 4061 2952 4132 μελλούσης,
2977 4065 3114 4120 ἀλλὰ
3145 4066 3502 4137 μεταϐάλλειν
3528 4064 3609 4116 ἐπὶ

2039 4153 2099 4205 τὸ
2155 4153 2374 4220 χεῖρον·
2428 4155 2476 4204 οἱ
2511 4154 2567 4206 δὲ
2624 4156 3032 4224 συγχωροῦνται
3075 4160 3181 4229 ζῇν
3214 4164 3281 4230 τῇ
3334 4161 3427 4227 τῆς
3477 4154 3609 4221 ζωῆς

2042 4243 2350 4315 προσθήκῃ,
2414 4244 2780 4314 προκόψοντες
2827 4248 2918 4301 ἐπὶ
2969 4251 3237 4317 τάγαθὸν,
3287 4251 3380 4303 καὶ
3431 4248 3608 4306 ἄλλους

2039 4332 2414 4400 ὼφελήσοντες
2447 4334 2525 4404 τῷ
2563 4336 2684 4388 καθ’
2717 4337 2944 4400 ἑαυτοὺς
2975 4339 3369 4411 ὑποδείγματι,
3409 4341 3440 4410 ἢ
3470 4336 3611 4391 τούν-

349 4447 536 4496 nsuta,
579 4446 806 4499 magnos
851 4432 904 4483 in
951 4431 1092 4483 bono
1147 4430 1424 4497 profectus
1485 4430 1703 4496 facturi,
1761 4438 1929 4499 atque

2038 4425 2236 4489 αντίον,
2272 4423 2412 4477 ὥστε
2450 4426 2548 4495 τῆς
2579 4427 2688 4480 τῶν
2716 4429 2971 4499 πατέρων
3020 4432 3305 4503 ἁμαρτίας
3337 4430 3611 4502 μέλλοντας

347 4524 472 4576 aliis
502 4521 773 4590 profuturi
806 4528 934 4574 sunt
978 4520 1228 4588 exemplo
1279 4535 1382 4573 suo
1420 4537 1433 4574 :
1466 4520 1546 4574 vel
1581 4536 1644 4573 ex
1675 4519 1925 4582 adVersn,

347 4615 474 4680 quia
503 4611 742 4664 futurum
769 4619 913 4665 esset
945 4619 1004 4663 ut
1035 4618 1318 4678 parentum
1351 4611 1557 4678 peccati
1585 4610 1776 4664 fierent
1809 4626 1932 4678 par-

349 4703 562 4774 ticipes,
597 4716 661 4754 ac
687 4701 894 4770 ﬂagitii,
925 4715 1111 4755 eorum
1145 4715 1335 4769 paruas
1368 4700 1461 4754 hic
1493 4701 1723 4755 luerent.
1761 4702 1934 4756 Imbe-

348 4795 574 4850 cillitate
609 4807 736 4848 vero
771 4790 826 4846 et
851 4792 1103 4861 corporis
1140 4791 1343 4846 morbis
1372 4793 1549 4846 vexati
1596 4792 1929 4866 afﬂiguntur,

347 4895 403 4939 et
431 4893 660 4939 mortem
688 4884 912 4949 obeunt,
947 4883 1193 4952 plerique
1232 4883 1434 4950 quibus
1467 4897 1615 4937 mors
1640 4894 1764 4938 ante
1787 4885 1929 4937 diem

348 4975 690 5039 conceditur,
723 4985 781 5030 ut
813 4985 992 5030 errata
1024 4975 1228 5029 leviora
1267 4976 1487 5029 interitu
1517 4975 1928 5029 condonentur:

349 5082 404 5126 at
434 5072 622 5126 vivunt
647 5070 865 5139 quidam
903 5069 1092 5138 utique
1125 5066 1332 5122 diutius
1387 5077 1444 5122 ut
1489 5069 1819 5137 plurimum,
1865 5067 1931 5122 ad

349 5179 508 5218 usum
544 5171 598 5218 et
623 5165 825 5216 bonum
861 5160 1132 5231 publicum
1161 5159 1284 5213 :alii
1327 5169 1517 5214 contra
1541 5161 1603 5213 ad
1637 5160 1931 5230 perniciem

351 5254 580 5323 reipubl.
619 5269 742 5308 euut
778 5253 924 5321 digni
979 5252 1088 5306 sint
1139 5252 1357 5320 utrique
1415 5267 1427 5303 :
1479 5249 1532 5303 hi
1568 5252 1786 5318 quidem
1838 5251 1932 5320 qui

349 5346 787 5405 suluniniStrcnt,
821 5344 891 5398 illi
925 5353 1103 5396 autem
1135 5343 1223 5410 qui
1258 5342 1439 5396 divina
1466 5342 1805 5410 benignitate
1838 5358 1935 5410 po-

350 5441 575 5496 tiantur,
619 5445 709 5487 aut
739 5448 924 5488 aversa
949 5447 979 5486 a
1024 5434 1130 5487 Deo
1155 5439 1359 5487 mente.
1393 5431 1679 5485 Excedunt
1711 5447 1872 5499 porro
1903 5448 1932 5486 e

349 5526 455 5577 vita
483 5524 547 5578 ad
584 5527 870 5579 utilitatem
919 5533 1063 5580 certe
1113 5539 1268 5578 suam
1306 5523 1565 5586 celerius,
1615 5523 1710 5576 sed
1737 5540 1930 5579 eorum

351 5617 550 5668 damno
589 5615 787 5684 quibus
822 5617 1037 5670 illorum
1069 5616 1174 5668 vita
1203 5614 1575 5668 emolumento
1604 5626 1740 5678 erat,
1787 5627 1934 5684 post-

347 5723 513 5778 quam
561 5707 767 5776 indigni
808 5709 919 5776 ipsa
968 5707 1189 5764 iudaeati
1253 5707 1476 5762 fuerint.
1527 5707 1601 5761 Ex
1643 5708 1708 5764 iis
1740 5719 1922 5765 autem

2045 4517 2288 4601 γίνεσθαι
2342 4520 2656 4581 κοινωνοὺς,
2693 4520 2788 4572 καὶ
2817 4521 2918 4591 τὴν
2963 4525 3062 4592 τῆς
3090 4525 3376 4594 ἁμαρτίας
3406 4519 3610 4576 ἐκείνων

2041 4609 2196 4678 δίκην
2225 4611 2446 4680 ὑπέχειν
2475 4611 2729 4666 ἐνταῦθα.
2765 4615 2826 4667 Οἱ
2851 4615 2905 4667 δὲ
2939 4615 3298 4680 ἀσθενοῦντες
3326 4618 3417 4669 καὶ
3445 4615 3610 4684 ἀρῤω·

2045 4699 2294 4762 στοῦντες
2347 4701 2720 4778 κακοπαθοῦσι
2767 4705 2862 4757 καὶ
2897 4706 3231 4773 θνήσκουσιν
3263 4707 3460 4771 ἱκανοὶ,
3483 4697 3609 4769 eis“)

2042 4791 2267 4861 τελευτὴ
2301 4792 2394 4846 καὶ
2428 4796 2533 4864 πρὸ
2565 4794 2714 4864 ῶρας
2741 4801 3104 4867 συγχωρεῖται
3137 4819 3151 4832 ο
3183 4800 3328 4853 ὥστε
3359 4800 3426 4851 τὰ
3449 4798 3607 4863 ἀμαρ-

2042 4887 2260 4953 τήματα
2289 4886 2399 4938 τῶν
2449 4889 2792 4959 κουφοτέρων
2825 4889 2954 4944 ὄντα
2985 4894 3050 4962 τῇ
3090 4893 3322 4963 τελευτῇ
3374 4887 3606 4949 διαλύσαο

2045 4976 2194 5030 σθιι.
2247 4977 2354 5028 Καὶ
2403 4977 2536 5041 ζῶσι
2578 4981 2677 5048 μέν
2732 4998 2874 5042 τινες
2905 4983 2997 5034 ἐπὶ
3047 4984 3216 5036 πλέον
3263 4976 3603 5046 κοινωςελῶς.

2042 5067 2192 5121 ἄλλοι
2221 5069 2278 5120 δὲ
2307 5069 2618 5122 τούναντίον
2672 5072 3058 5137 κοινοὸλαϐῶς,
3089 5075 3259 5138 ἀξίων
3287 5076 3453 5128 ὅντων
3495 5072 3606 5123 ἐκα-

2042 5161 2216 5229 τέρων
2245 5161 2351 5213 τῶν
2404 5162 2503 5231 μὲν
2560 5164 2875 5231 ὑπουργεῖν.
2923 5167 3035 5219 τῶν
3094 5168 3152 5219 δὲ
3205 5167 3492 5220 ἀπολαύειν
3521 5162 3605 5224 τῆς

2043 5252 2193 5315 θείας
2245 5254 2617 5327 εὐμενείας,ἢ
2671 5258 2771 5326 τῆς
2824 5259 2976 5321 θείας
3025 5261 3410 5330 ἀποστροφῆς.
3459 5253 3606 5311 Μεθί·

2045 5361 2265 5397 στανται
2295 5345 2350 5398 δέ
2379 5364 2523 5410 τινες
2569 5349 2726 5413 αὖθις
2757 5351 2839 5403 ἐπ’
2877 5351 3256 5421 ὠφελείᾳ-μὲν
3291 5350 3492 5405 ἑαυτῶν
3522 5345 3607 5398 τά·

2045 5451 2181 5503 χιον,
2219 5437 2394 5507 ζημίᾳ
2440 5438 2496 5490 δὲ
2549 5441 2658 5492 τῶν
2692 5443 2754 5494 ὲκ
2807 5444 2905 5511 τῆς
2954 5443 3185 5495 ἐκείνων
3238 5438 3610 5512 ὠφελουμένων

2044 5524 2211 5593 ζωῆς,
2240 5529 2460 5583 ἐπειδὰν
2491 5532 2660 5601 αὐτῆς
2692 5535 2960 5602 κριθῶσιν
2994 5535 3240 5598 ἀνάξοι.
3277 5535 3396 5587 τῶν
3423 5531 3463 5583 δ’
3497 5529 3610 5580 hu-

2041 5621 2155 5682 τοῖς
2192 5621 2374 5688 μόνοις
2393 5623 2487 5675 καὶ
2508 5623 2626 5693 Θεῷ
2658 5625 2876 5688 ζώντων
2922 5622 3116 5690 ἄλλοις
3149 5628 3217 5680 δι’
3251 5628 3411 5688 ἄλλας
3438 5619 3569 5675 αἰτία
3587 5634 3615 5677 ὀ

2042 5711 2354 5783 ῶςελίμονς
2393 5717 2659 5788 αὐτοῖς,ή
2716 5719 2826 5790 ζωὴ
2874 5723 3237 5792 μακρύγετσιι
3273 5720 3307 5789 ἢ
3353 5713 3622 5781 συντέμνε’
