3904 6134
381 282 486 347 557

1351 278 1723 338 EPiSTOLA
1768 279 1867 339 DE
1915 268 2690 348 Fit-EDESTINATIONE.

2549 131 2582 156 νε

3541 287 3644 350 558

370 407 485 455 ται,
519 388 614 444 καὶ
664 388 1029 461 προδηλοῦταί
1064 408 1125 457 γε
1169 391 1384 452 πολλοῖς
1416 393 1613 458 αυτῶν,
1643 394 1739 446 καὶ
1782 393 1962 456 ἄλλοις

2069 395 2160 464 qui
2208 397 2446 465 sibiipsis
2478 407 2688 452 tantum
2739 408 2793 453 et
2827 400 2938 455 Deo
2971 401 3183 469 vivunt,
3215 401 3492 458 nonnullis
3521 416 3655 472 pro-

372 486 504 552 περὶ
555 483 735 536 αὐτῶν
771 483 1154 552 προδηλοῦται.
1187 485 1297 537 Καὶ
1339 482 1479 536 οὕτω
1527 487 1605 554 τῷ
1643 486 1830 556 τρόπῳ
1857 485 1956 554 τῆς

369 575 632 642 τελευτῆς
668 577 693 625 ὁ
721 574 917 642 χρόνος
948 575 1118 644 αὐτῆς
1144 576 1199 626 ὲν
1232 575 1308 645 τῷ
1339 576 1603 644 πανσόφῳ
1626 578 1752 645 περὶ
1777 577 1955 628 αὐτῶν

373 666 594 735 συνᾴδει
645 666 937 736 θελήματι,
1001 669 1076 730 ὡς
1128 669 1298 722 ἐνίοτε
1344 669 1442 737 μὲν
1496 671 1590 720 καὶ
1641 671 1750 730 τοῖς
1781 667 1964 732 καλῶς

373 759 870 826 ἐπισκεπτομένοις
901 760 1130 829 ὁρᾶσθαι
1157 761 1440 822 δύνασθαι,
1476 761 1572 811 καὶ
1599 759 1801 828 μᾶλλον
1829 762 1966 812 άποο

371 849 740 912 καλύπτοντος
795 850 888 902 τοῦ
923 850 1077 916 Θεοῦ,
1126 852 1185 904 τὸ
1215 853 1270 906 δὲ
1316 853 1564 904 πλεῖστον
1615 851 1689 922 τῷ
1720 850 1838 922 Θεῷ
1867 853 1967 922 μὲν

374 943 668 1008 ἐγνῶσθαι,
703 943 914 1005 πάντας
946 943 1002 994 δὲ
1040 944 1322 998 λανθάνειν
1353 943 1696 1014 ἀνθρώπους.

374 1035 644 1091 revelante
693 1035 855 1091 Deo:
898 1049 955 1090 ιιι
1003 1037 1296 1107 plurimum
1347 1048 1528 1091 autem
1587 1038 1696 1092 Deo
1744 1039 1965 1107 quidem

370 1128 520 1182 latet.
573 1125 578 1131 ’

449 1220 670 1274 Τούτων
706 1222 963 1275 ἁπάντων
993 1224 1050 1274 αἱ
1083 1224 1227 1291 ἱεραὶ
1262 1223 1495 1292 ἱστορίαι
1542 1225 1767 1294 πλήρεις
1799 1226 1956 1279 είσίν.

371 1315 438 1365 Δί
493 1315 601 1367 τῶν
652 1315 909 1384 Πατέρων
952 1316 1249 1385 διακρίσεις
1297 1315 1404 1368 τῶν
1463 1315 1647 1384 ἱερῶν,
1683 1319 1741 1368 ού
1782 1317 1961 1386 μάτην

373 1407 894 1476 συγγεγραμμέναι,
936 1407 996 1460 ού
1053 1409 1231 1476 μάτην
1280 1408 1813 1475 ἁναγινωσκόμεναι,
1844 1409 1961 1470 τοῖς

372 1502 512 1572 μετὰ
537 1502 635 1569 τῆς
657 1499 916 1567 ἀληθείας
941 1498 1076 1568 ὁμοῦ
1120 1501 1213 1551 καὶ
1241 1500 1341 1567 τῆς
1374 1499 1583 1551 ἑαυτῶν
1609 1500 1954 1568 φροντίζουσι

377 1593 676 1660 σωτηρίας.
726 1590 866 1642 Ἀλλ’
892 1589 940 1643 ’ὃ
975 1591 1164 1657 μεῖζόν
1216 1592 1356 1654 ἐστι,
1401 1591 1603 1644 τούτων
1638 1591 1894 1644 ἁπάντων
1919 1594 1952 1662 ἡ

380 1685 502 1737 θεία
529 1686 689 1753 γέμει
712 1685 926 1753 Γραφὴ,
958 1683 1168 1747 λέξεσιν
1189 1685 1400 1748 αὐταῖς,
1428 1681 1463 1736 ἃ
1489 1681 1584 1735 νῦν
1613 1699 1950 1752 γεγραπται,

379 1775 694 1842 βεϐαιοῦσα,
743 1777 791 1828 εί
841 1777 933 1828 καὶ
969 1779 1265 1844 συντομίας
1298 1775 1460 1846 χάριν
1495 1776 1594 1839 τὰς
1626 1777 1710 1844 ἐφ’
1740 1777 1956 1843 ἑκάστῳ

2069 1782 2229 1845 liunt,
2268 1799 2388 1850 qua:
2429 1799 2572 1838 nunc
2611 1785 2811 1853 scripta
2866 1795 2995 1839 sunt

376 1868 585 1921 τούτων
628 1869 688 1934 ἐξ
718 1868 887 1934 αὐτῆς
922 1869 1254 1938 παρήκαμεν
1291 1869 1619 1939 μαρτυρίας.
1654 1869 1777 1922 Οὐδ’
1821 1869 1958 1939 αὑτὴ

376 1962 584 2024 πάντας
617 1962 820 2029 ἱστορεῖ
864 1961 989 2020 τοὺς
1023 1959 1280 2030 τρόπους,
1333 1960 1618 2030 ἀμήχανον
1644 1961 1751 2029 γάρ
1777 1977 1791 1993 ο
1824 1961 1961 2013 ἀλλὰ

377 2052 596 2120 βραχεῖς
651 2069 801 2114 τινας
833 2050 1079 2116 τούτους,
1113 2053 1188 2113 ὡς
1239 2051 1304 2104 ἂν
1364 2049 1422 2114 ἐξ
1469 2051 1650 2102 αὐτῶν
1707 2052 1802 2104 καὶ
1836 2055 1964 2122 περὶ¹

373 2144 484 2195 τῶν
522 2142 925 2212 ἀγνοουμένων,
959 2142 1034 2204 ὡς
1087 2145 1487 2212 σιωπωμένων,
1522 2143 1747 2212 βεϐαἷαν
1799 2147 1959 2213 ἡμεῖς

376 2235 480 2304 τὴν
510 2237 637 2304 περὶ
664 2235 762 2303 τῆς
798 2234 1058 2304 Προνοίας
1092 2235 1307 2303 ἔχωμεν
1338 2236 1541 2302 πίστιν,
1575 2237 1640 2305 ἢν
1670 2237 1730 2288 οὖ
1762 2254 1964 2303 γεννω-

378 2325 558 2391 μένων
593 2325 759 2392 μόνον
802 2326 960 2393 ἡμῶν
991 2329 1086 2377 καὶ
1115 2324 1356 2388 ζώντων,
1389 2323 1527 2377 ἀλλὰ
1574 2327 1666 2377 καὶ
1698 2326 1958 2392 μεθιστα-

383 2417 564 2484 μένων
603 2416 850 2468 ἐντεῦθεν
889 2418 1148 2481 ποιεῖται,
1195 2416 1270 2478 ὠς
1299 2418 1364 2486 τῇ
1406 2415 1526 2486 θείᾳ
1582 2418 1792 2485 πρέπον
1819 2418 1965 2470 ἐστὶν

385 2506 514 2574 ἀξίᾳ.
561 2506 656 2558 καὶ
689 2506 987 2574 ἀγαθότητι
1029 2505 1126 2558 καὶ
1179 2504 1361 2574 σοφίᾳ..
1418 2505 1637 2558 Μᾶλλον
1669 2506 1724 2558 δὲ
1770 2507 1966 2559 ταυτόν

381 2599 500 2649 ἐστι
554 2597 614 2649 τὸ
667 2595 886 2657 ζώντων
937 2597 1094 2666 ἡμῶν
1140 2597 1412 2666 προνοεῖν,
1457 2596 1552 2648 καὶ
1601 2598 1658 2647 τὸ
1687 2597 1834 2659 τέλος
1868 2597 1966 2664 τῆς

383 2688 530 2756 ζωῆς
561 2691 745 2741 ὁποῖον
777 2689 929 2739 ἔσται
977 2689 1072 2740 καὶ
1119 2689 1202 2740 ὅτε
1261 2687 1338 2757 μὴ
1372 2687 1628 2753 καθάπαξ
1670 2689 1965 2759 ὑπερορᾷν.

388 2781 454 2832 .0
490 2781 584 2848 τῆς
635 2779 869 2832 ἐνταῦθα
908 2779 1054 2848 ζωῆς
1087 2779 1232 2848 ὅρος,
1261 2779 1357 2830 καὶ
1405 2776 1600 2848 πέρας,
1638 2780 1731 2832 καὶ
1785 2780 1967 2848 κρίσις

379 2873 500 2925 ἐστὶ
531 2873 622 2924 καὶ
653 2872 912 2941 σφραγὶς,
944 2870 1037 2922 καὶ
1078 2864 1137 2922 οὗ
1170 2868 1453 2940 προύργου
1492 2871 1696 2932 πάντες
1733 2872 1781 2922 οἱ
1827 2869 1966 2934 ζῶν-

382 2981 472 3026 τες
534 2964 936 3033 φροντίζουσιν,
994 2962 1050 3015 οἶ
1094 2957 1154 3012 τε
1201 2961 1564 3030 ἀπευχόμενοι
1595 2960 1684 3013 τὸν
1738 2960 1969 3012 θάνατον

381 3055 613 3122 ἐγγύθεν
647 3055 824 3124 ἦκειν,
857 3052 993 3104 οἵτε
1031 3051 1341 3119 εὐχόμενοι,
1381 3048 1655 3116 διαφόρως
1686 3048 1958 3115 ἑκάτεροι.

387 3147 546 3197 Ἐστι
563 3144 606 3196 δ’
631 3145 719 3196 ὅτε
748 3144 842 3196 καὶ
863 3144 973 3204 τοῖς
997 3141 1178 3203 αὐτοῖς
1197 3141 1454 3208 ἀγόμενοι
1479 3138 1780 3206 λογισμοῖς,
1808 3137 1968 3188 ἀκού-

385 3253 508 3305 ουσι
542 3237 650 3305 γὰρ
674 3236 750 3300 τὸ,
792 3235 882 3288 Ἐν
909 3227 950 3300 ᾧ
983 3231 1130 3303 εὕρω
1162 3248 1241 3292 σε,
1274 3232 1390 3282 ἐκεῖ
1416 3230 1510 3282 καὶ
1532 3227 1701 3298 κρινῶ
1728 3245 1806 3280 σε.
1833 3228 1967 3279 Τίνα

380 3304 437 3383 δὲ
466 3304 626 3397 λόγον
678 3322 799 3396 ἕχον
861 3327 980 3378 ἐστὶ
1027 3327 1127 3395 τῆς
1164 3325 1264 3394 μὲν
1312 3326 1418 3376 τῶν
1473 3320 1777 3392 ἀνθρώπων
1824 3320 1969 3392 ζωῆς

384 3422 530 3476 οὕτω
573 3421 856 3488 πατρικῶς
885 3420 973 3472 τὸν
1001 3417 1132 3470 Θεὸν
1176 3417 1426 3486 προνοεῖν
1454 3453 1469 3478 ,
1502 3414 1598 3482 τῆς
1634 3413 1689 3465 δὲ
1713 3411 1967 3481 τελευτῆς

391 3515 573 3568 αὐτῶν
606 3513 812 3583 μηδένα
841 3510 1111 3564 ποιεῖσθαι
1141 3508 1298 3576 λόγον
1326 3523 1341 3572 ;
1390 3507 1424 3574 ἡ
1458 3508 1556 3576 μὲν
1588 3506 1696 3574 γὰρ
1733 3504 1968 3556 ἐνταῦθα

387 3606 504 3677 ζωὴ
544 3607 821 3675 ὁδοιπορία
850 3605 933 3666 τίς
976 3605 1088 3655 ἐστι
1123 3601 1256 3672 πρὸς
1286 3603 1346 3652 τὸ
1376 3600 1740 3669 προκείμενον
1764 3597 1918 3660 τέλος
1949 3612 1963 3626 ·

384 3704 414 3753 ὁ
449 3700 505 3751 δὲ
536 3698 764 3760 θάνατος
814 3697 912 3767 τὴν
963 3695 1197 3748 ἐνταῦθα
1248 3692 1414 3745 παύει
1461 3691 1626 3759 ζωήν.
1671 3689 1782 3743 Καὶ
1811 3691 1961 3741 πᾶσα

389 3792 491 3864 μὲν
524 3791 752 3843 ἑκάστου
788 3786 1015 3855 σπουδὴ,
1049 3787 1201 3838 πᾶσα
1230 3784 1288 3836 δὲ
1325 3782 1508 3835 θεόθεν
1533 3781 1768 3850 χορηγία
1800 3797 1961 3831 συνα-

386 3883 719 3934 ποπαύεται.
742 3879 920 3932 Πολλὰ
941 3878 997 3930 δὲ
1026 3877 1095 3929 τὰ
1127 3875 1385 3928 ποιοῦντα
1421 3873 1514 3926 τὶν
1544 3873 1794 3926 θάνατον·
1825 3870 1965 3923 ὥστε

389 3975 484 4028 καὶ
513 3975 580 4026 τὰ
612 3973 709 4042 τὴν
754 3973 899 4040 ζωὴν
928 3969 1173 4022 παύοντα
1218 3965 1443 4034 ταύτην,
1481 3963 1580 4032 τὴν
1629 3962 1796 4031 μόνην
1835 3961 1966 4029 ὓλην

390 4069 501 4118 τῶν
537 4065 663 4133 περὶ
692 4065 840 4132 ἡμᾶς
869 4059 1134 4130 προνοιῶν
1165 4058 1257 4110 τοῦ
1292 4053 1450 4116 Θεοῦ,
1498 4055 1566 4106 δι’
1595 4048 1668 4106 ὧν
1698 4053 1832 4122 πρὸς
1869 4053 1966 4104 αύ-

391 4159 482 4209 τὺν
515 4154 831 4225 ὁριζόμεθα.
884 4151 1056 4211 Λύτδς
1082 4149 1191 4219 γάρ
1215 4152 1332 4201 ἐστι
1380 4146 1439 4199 τὺ
1467 4147 1620 4207 τέλος
1667 4145 1844 4215 ἡμῶν,
1879 4145 1966 4195 ού-

392 4249 436 4301 ὁ⁹
456 4250 534 4309 είς
563 4247 691 4300 ἄλλο
721 4245 872 4307 τέλος
901 4244 1046 4313 ἡμᾶς
1079 4240 1250 4309 ὁρίζει
1282 4238 1412 4310 παρ’
1443 4240 1653 4292 ἑαυτόν.
1695 4237 1902 4290 Οὐκοῦν
1931 4237 1962 4305 ἡ

387 4337 624 4406 τοσαύτη
683 4336 808 4405 περὶ
859 4336 1006 4404 ἡμᾶς
1059 4333 1154 4385 τοῦ
1207 4331 1344 4383 Θεοῦ
1399 4331 1624 4399 πρόνοια
1684 4329 1965 4398 πάρεργον

386 4432 540 4483 ἔσται
575 4430 684 4482 τῶν
719 4427 978 4480 ποικίλων
1005 4425 1098 4477 καὶ
1139 4424 1495 4491 πολυτρόπων
1528 4417 1714 4473 αἶτιῶν
1744 4421 1837 4475 τοῦ
1870 4421 1963 4472 θα-
1995 4456 2040 4513 υ

2070 497 2187 556 pter
2235 489 2370 544 alias
2412 505 2606 546 causas
2654 493 2785 560 ipsis
2835 495 2996 550 utiles
3029 495 3140 549 vita
3194 495 3536 564 producitur,
3570 496 3653 550 vel

2070 581 2363 648 corripitur
2403 598 2416 633 :
2460 598 2523 638 ac
2553 585 2874 653 prmsagitnr
2916 603 3047 641 sane
3081 588 3351 656 plerisque
3381 587 3649 658 ipsorum,

2071 680 2235 739 atque
2261 672 2380 725 aliis
2407 673 2472 726 de
2508 675 2640 743 ipsis
2672 679 3142 748 priesigniiicalur.
3175 677 3364 749 itaque
3394 680 3676 734 interitus'

2074 764 2281 831 generi,
2315 774 2528 834 tempus
2565 767 2740 836 ipsius
2776 769 2828 822 in
2864 770 3268 838 sapientissimo
3315 771 3382 826 de
3418 780 3652 840 utroque

2077 857 2350 910 voluntate
2381 859 2621 913 concinit
2651 876 2666 925 ;
2699 859 2836 916 adeo
2870 871 2928 915 ut
2976 862 3270 930 aliquando
3312 864 3477 917 etiam
3531 862 3656 932 pul-

2074 947 2204 1001 chre
2257 949 2693 1018 inspectantibus
2731 953 2898 1008 videri
2929 953 3120 1022 possit,
3148 953 3241 1008 sed
3283 957 3454 1008 multo
3481 954 3657 1023 magis

2018 1049 2310 1112 utrumque
2365 1057 2731 1117 perspectum‘
2799 1057 2917 1112 est,
2969 1063 3162 1104 omnes
3210 1063 3341 1103 vero
3397 1049 3649 1103 homines

2137 1223 2232 1279 llis
2266 1224 2524 1281 omnibus
2555 1226 2726 1296 plena:
2757 1237 2884 1282 sunt
2916 1229 3158 1282 historia:
3190 1229 3359 1283 sacrae
3385 1271 3400 1293 ,
3433 1238 3485 1283 et
3515 1245 3650 1285 sau-

2063 1326 2274 1371 ctorum
2324 1316 2545 1372 Patrum
2595 1320 3016 1387 dijudicationes
3059 1336 3164 1374 non
3211 1321 3410 1375 frustra
3460 1321 3655 1376 litteris

2063 1405 2413 1482 consignata,
2467 1430 2565 1468 nec
2612 1417 2847 1470 inaniter
2898 1419 3088 1483 lectze,
3129 1418 3193 1470 iis
3249 1419 3468 1486 quidem
3507 1428 3654 1474 certe

2067 1505 2292 1572 quibus,
2328 1518 2454 1558 cum
2496 1507 2763 1570 veritatis,
2803 1517 2915 1561 tum
2952 1510 3145 1564 salutis
3193 1525 3304 1564 suae
3339 1526 3467 1565 cura
3512 1527 3652 1579 prte-

2067 1599 2228 1666 cipna
2257 1607 2360 1652 est.
2402 1597 2505 1652 Sed
2537 1598 2681 1667 quod
2715 1599 2890 1668 majus
2933 1611 3038 1666 est,
3066 1602 3150 1655 Ιιίε
3180 1601 3436 1656 erunibus
3469 1603 3650 1655 divina

2066 1689 2280 1758 eloquia
2325 1691 2522 1746 referta
2564 1701 2714 1756 sunt,
2763 1709 2882 1760 quae
2921 1693 3103 1748 verbis
3129 1694 3350 1748 disertis
3385 1709 3446 1748 ca
3477 1696 3651 1749 stabi-

3042 1802 3055 1837 :
3103 1787 3322 1841 tametsi
3374 1789 3653 1843 brevitatis

2065 1875 2237 1944 gratia
2274 1875 2583 1929 testimonia
2616 1890 2776 1942 super
2809 1892 3141 1946 unoquoque
3183 1879 3383 1931 horum
3423 1888 3646 1946 praeter-

2067 1968 2352 2021 misimus:
2376 1984 2549 2036 neque
2583 1970 2698 2034 ipsa
2729 1969 3009 2038 Scriptura
3042 1986 3234 2026 omnes
3259 1979 3653 2025 commemorat

2065 2055 2256 2108 modos
2296 2055 2371 2122 (id
2424 2056 2568 2108 enim
2618 2073 2680 2108 ex
2717 2073 2780 2110 eo
2814 2074 3012 2128 genere
3050 2069 3132 2113 est
3187 2060 3330 2127 quod
3381 2059 3494 2112 ﬁeri
3544 2075 3650 2114 non

2065 2148 2288 2213 potest),
2322 2161 2506 2199 verum
2537 2163 2738 2215 paucos
2767 2157 2974 2202 tantum
3002 2149 3290 2218 quosdam,
3320 2157 3378 2203 ut
3403 2165 3468 2202 cx
3497 2149 3648 2218 ejus-

2067 2235 2210 2287 modi
2235 2237 2398 2288 etiam
2435 2239 2499 2290 de
2528 2239 2726 2303 ignotis
2759 2239 2922 2292 veluti
2952 2239 3168 2295 silentio
3200 2240 3517 2310 pra'teritis,
3549 2253 3648 2294 nos

2067 2323 2279 2379 ﬁrmam
2325 2329 2388 2380 de
2429 2327 2771 2382 Providentia
2803 2329 2960 2383 [idem
2989 2330 3318 2394 habeamus,
3342 2347 3503 2402 quam
3538 2346 3649 2385 non

2069 2421 2223 2474 nobis
2255 2422 2432 2475 solum
2464 2425 2555 2491 qui
2591 2425 2867 2478 nascimur
2894 2435 2949 2479 et
2980 2426 3232 2488 vivimus,
3261 2441 3449 2479 verum
3485 2427 3648 2479 etiam

2068 2514 2152 2567 his
2180 2515 2272 2584 qui
2309 2517 2579 2570 excedunt
2609 2517 2754 2582 hinc,
2784 2517 3026 2584 adhibet,
3066 2527 3122 2572 ut
3158 2519 3355 2573 divinae
3383 2519 3649 2573 decorum

2069 2617 2153 2659 est
2201 2606 2504 2675 dignationi
2553 2617 2605 2661 et
2647 2607 2872 2662 bonitati
2928 2623 2992 2662 ac
3029 2609 3309 2678 sapientiae
3340 2630 3354 2664 :
3386 2610 3496 2665 imo
3521 2625 3650 2665 vero

2075 2697 2217 2750 idem
2255 2709 2340 2751 est
2371 2697 2680 2752 viventibus
2714 2700 2871 2754 nobis
2902 2701 3210 2770 providere,
3246 2711 3298 2755 et
3330 2703 3455 2756 vitae
3486 2704 3651 2756 tinem

2071 2789 2252 2856 qualis
2288 2789 2357 2842 sit
2388 2788 2609 2844 futurus
2652 2800 2707 2844 et
2746 2793 2964 2860 quando
3015 2803 3301 2859 venturus,
3341 2809 3447 2848 non
3480 2795 3650 2848 semel

2073 2882 2402 2950 prospicere.
2438 2883 2502 2934 At
2537 2884 2801 2938 terminus
2834 2885 2957 2938 vita:
2985 2901 3106 2953 quae
3132 2886 3220 2938 hic
3257 2887 3437 2955 agitur
3467 2886 3648 2945 limes.

2068 2971 2355 3038 judicium,
2406 2974 2756 3042 sigillumqne
2808 2985 2892 3029 est
2928 2993 2942 3028 :
2973 2985 3027 3029 et
3078 2974 3130 3028 id
3180 2990 3361 3044 operae
3412 2979 3646 3046 pretium

2074 3062 2232 3130 cujus
2264 3078 2456 3118 omnes
2493 3065 2583 3132 qui
2615 3065 2806 3118 vivunt
2851 3080 3036 3120 curam
3070 3066 3268 3122 habent
3300 3085 3313 3123 :
3348 3078 3456 3123 tam
3488 3071 3523 3123 ii
3553 3073 3647 3140 qui

1997 3128 2039 3186 Ο
2071 3128 2412 3207 detestantur
2433 3128 2660 3208 mortem
2693 3170 2854 3224 prope
2873 3156 3431 3247 acccdere,quauhqui
3456 3128 3648 3229 optant.

2070 3245 2294 3313 propius
2329 3245 2562 3313 adesse;
2597 3246 2911 3325 diﬂ‘erenter
2953 3251 3170 3320 utrique
3202 3268 3215 3302 :
3251 3245 3647 3322 nonnunquam

2070 3338 2232 3390 etiam
2261 3336 2457 3391 iisdem
2515 3339 2822 3395 rationibus
2870 3342 3076 3396 inducti
3107 3359 3120 3396 :
3155 3345 3470 3400 auscultant
3502 3348 3644 3400 enim

2073 3425 2173 3478 hoc
2209 3443 2220 3478 :
2259 3445 2276 3477 ι
2312 3426 2365 3480 In
2398 3442 2506 3495 quo
2548 3439 2597 3483 te
2633 3438 2780 3484 statu
2815 3431 3101 3497 invenero,
3151 3435 3313 3488 etiam
3359 3445 3408 3490 te
3431 3437 3646 3506 judica—

2070 3519 2160 3571 bo.
2196 3536 2214 3569 ι
2254 3518 2422 3583 Quam
2457 3528 2638 3575 autem
2676 3521 2901 3578 haberet
2934 3525 3237 3592 rationem,
3271 3530 3395 3582 vita:
3426 3530 3645 3598 quidem

2071 3607 2354 3663 hominum
2391 3609 2463 3664 ita
2496 3623 2722 3680 paterne
2768 3613 3222 3686 indulgenterque
3250 3616 3420 3671 Deum
3449 3633 3650 3673 consu-

2070 3696 2201 3760 lere.
2239 3709 2467 3755 mortem
2509 3718 2639 3758 vero
2672 3705 2915 3774 ipsorum
2948 3706 3093 3760 nulla
3141 3709 3488 3777 providentia
3522 3727 3648 3779 pro-

2070 3788 2260 3872 sequi?
2291 3787 2422 3844 Nam
2454 3809 2573 3859 qua:
2601 3795 2687 3849 hic
2719 3796 2954 3864 agitatur
2988 3798 3116 3864 vita,
3142 3801 3227 3852 via
3252 3804 3498 3870 quedam
3524 3820 3646 3872 pro-

2070 3863 2398 3948 gressusque
2423 3890 2507 3934 est
2559 3884 2624 3935 ad
2668 3883 2826 3937 ﬁnem
2862 3888 3240 3955 propositum;
3273 3905 3419 3945 mors
3461 3901 3643 3946 autem

2070 3971 2234 4022 vitam
2267 3971 2406 4023 hanc
2435 3981 2589 4026 metu:
2616 3976 2867 4029 admovet
2899 3994 2913 4028 :
2943 3993 3005 4030 ac
3034 3993 3194 4032 omne
3218 3995 3351 4034 sane
3374 3982 3646 4049 cujuSque

2069 4059 2310 4111 studium
2364 4062 2652 4129 omnisque
2699 4063 2912 4134 largitio
2965 4065 3062 4119 Dei
3108 4082 3332 4122 munere
3383 4085 3644 4125 concessa

2069 4163 2175 4201 una
2197 4159 2396 4203 cessat.
2422 4150 2589 4205 Multa
2624 4169 2788 4222 porro
2810 4163 2936 4208 sunt
2967 4159 3086 4226 qua:
3113 4167 3343 4213 mortem
3373 4161 3638 4216 aﬂ‘erunt:

2068 4237 2142 4292 ita
2171 4249 2227 4291 ut
2256 4255 2376 4309 quae
2410 4243 2572 4293 vitam
2608 4244 2750 4296 hanc
2794 4248 3129 4314 opprimunt,
3158 4250 3273 4303 sola
3315 4252 3385 4306 sit
3416 4256 3642 4310 materia

2068 4333 2381 4402 multiplicis
2415 4332 2504 4386 Dei
2544 4335 2898 4402 providentia:
2932 4339 3079 4393 circa
3105 4356 3224 4402 nos,
3262 4359 3358 4412 per
3382 4361 3546 4413 quam
3575 4349 3642 4402 ad

2069 4421 2243 4491 ipsum
2283 4424 2640 4477 destinantur.
2682 4417 2976 4483 Enimvero
3010 4430 3124 4498 ipse
3158 4431 3280 4486 linis
3314 4445 3499 4489 noster
3531 4449 3638 4503 est,

387 4523 574 4584 νάτου,
626 4521 720 4574 καὶ
764 4521 934 4589 τύχης
993 4517 1088 4570 καὶ
1143 4517 1474 4584 αὐτομάτου,
1512 4514 1605 4566 καλ⁵
1654 4511 1785 4586 τῶν.
1822 4513 1962 4566 κατὰ

2069 4527 2242 4579 neque
2278 4512 2342 4564 ad
2387 4514 2550 4565 alium
2590 4529 2688 4567 nos
2737 4516 2895 4569 ﬁnem
2930 4518 3196 4586 destinat,
3249 4533 3444 4590 praeter
3479 4541 3640 4594 quain

390 4612 736 4683 συμϐεϐηκὸς
790 4610 1101 4678 λεγομένων
1141 4608 1232 4659 καὶ
1289 4607 1505 4657 πάντων
1556 4604 1664 4657 τῶν
1713 4603 1962 4656 ὁπωσοῦν

386 4705 579 4768 όντων,
617 4703 757 4756 κατὰ
793 4701 1049 4768 πρόνοιαν
1081 4698 1270 4761 ὄντων,
1305 4696 1336 4766 ἢ
1371 4693 1591 4764 μᾶλλον,
1620 4697 1647 4747 ὁ
1689 4689 1766 4763 μὴ
1803 4710 1966 4761 ⁴προν-

385 4796 551 4858 τίζων
578 4794 738 4845 ὁπότε
783 4789 879 4843 καὶ
914 4791 1060 4850 ὅπως
1095 4789 1120 4840 ὁ
1153 4787 1379 4846 θάνατος
1417 4786 1516 4853 τὴν
1562 4783 1709 4851 ζωὴν
1741 4782 1960 4844 παύσει,

389 4888 485 4940 καὶ
515 4886 613 4954 τ’ὴν
642 4883 849 4952 ταύτης
879 4867 1264 4950 καρτὲοφορίαν
1312 4876 1424 4937 τοῖς
1456 4874 1588 4938 ζῶσι
1635 4873 1961 4938 σπουδαίως,

385 4979 497 5032 οὐδ’
525 4978 672 5040 ὅπως
720 4976 996 5045 ζήσονται,
1031 4973 1125 5023 καὶ
1161 4970 1210 5021 τί
1246 4967 1448 5031 ζῶντες
1499 4965 1776 5028 ἀνύσουσε,
1824 4967 1962 5017 πάνυ

387 5069 443 5121 τί
478 5069 735 5139 φροντιεῖ.
772 5067 832 5119 Εἰ
862 5065 917 5118 δὲ
949 5063 1108 5116 τοῦτο
1136 5058 1326 5128 ψεῦδός
1351 5074 1407 5109 τε
1435 5057 1529 5109 καὶ
1557 5056 1840 5121 ἀδύνατον,
1870 5057 1964 5108 καὶ

387 5159 460 5212 δι’
495 5159 657 5211 αὑτοῦ
689 5157 855 5226 μόνου
893 5152 1306 5207 κατευοδοῠνται
1342 5148 1479 5218 πρὸς
1521 5148 1581 5198 τὸ
1608 5146 1760 5208 τέλος
1790 5146 1966 5214 ὁριζό-

393 5267 568 5319 μενοι,
596 5250 792 5302 ὁπόσον
821 5247 887 5301 ἂν
917 5247 1011 5298 καί
1045 5241 1256 5296 οἴκοθεν
1298 5239 1601 5292 σπεύδωσιν
1629 5237 1683 5290 οἵ
1708 5254 1771 5306 γε
1801 5253 1966 5288 σπου-

389 5345 527 5395 δαῖοι
557 5358 570 5371 ·
603 5341 841 5408 εὐλόγως
903 5339 998 5392 καὶ
1049 5338 1126 5405 τῷ
1163 5335 1260 5401 τῆς
1306 5331 1454 5400 ζωῆς
1509 5331 1692 5399 μέτρῳ
1739 5331 1872 5397 πρὸς
1903 5331 1964 5382 τὸ

392 5435 674 5501 συμφέρον
701 5433 965 5502 κέχρηται
996 5426 1102 5480 τῶν
1138 5423 1491 5494 ὁριζομένων,
1529 5424 1622 5474 καὶ
1655 5424 1844 5488 μετρεῖ
1866 5421 1962 5489 τὴν

389 5520 536 5591 ζωὴν
567 5524 595 5573 ὁ
630 5523 790 5592 μόνος
825 5522 1045 5591 μετρεῖν
1105 5519 1440 5587 δυνάμειιος;
1492 5519 1586 5570 καὶ
1616 5517 1681 5570 τά
1709 5517 1961 5569 ποιοῦντα

391 5618 490 5680 τὴν
535 5615 811 5682 τελευτὴν,
865 5611 1028 5663 αὑτοῦ
1083 5610 1414 5673 κελεύοντος,
1465 5611 1494 5679 ἢ
1553 5609 1960 5677 συγχωροῦντος

393 5710 480 5758 καὶ
516 5705 589 5774 μὴ
625 5705 941 5768 κί’)λίίίνιτοςο
971 5705 1173 5772 πέτην
1215 5704 1475 5756 ποιοῦσιν.
1511 5722 1525 5752 ‹
1563 5703 1825 5754 "Amata:
1854 5704 1957 5772 γὰρ

2069 4602 2326 4667 seipsum.
2371 4601 2625 4673 Nunquid
2663 4617 2793 4672 ergo
2824 4615 2974 4660 tanta
3009 4607 3098 4661 Dei
3135 4610 3187 4662 in
3217 4627 3317 4664 nos
3351 4617 3639 4680 providen-

2070 4694 2162 4756 tia,
2187 4694 2341 4761 qnasi
2361 4696 2706 4748 corollarium
2728 4697 2834 4750 erit
2855 4700 3122 4753 variarum
3151 4703 3644 4778 multipliciumque

2072 4783 2328 4839 interitus
2362 4801 2670 4850 causarum,
2705 4800 2758 4842 et
2790 4789 3022 4845 fortuna:
3050 4803 3103 4846 et
3151 4809 3314 4850 casus
3355 4809 3410 4850 et
3454 4815 3638 4853 eorum

2068 4890 2186 4944 qua:
2213 4891 2308 4944 per
2335 4878 2586 4931 accidens
2613 4879 2886 4945 dicuntur,
2915 4894 2966 4936 et
2991 4888 3234 4940 omnium
3267 4904 3386 4955 quae
3413 4905 3641 4959 quomo-

2067 4969 2350 5036 docunque
2391 4970 2660 5024 exsistunt
2686 4971 2838 5041 juxta
2872 4972 3312 5031 Providentiam?
3345 4994 3411 5031 an
3457 4983 3638 5048 potius

2069 5058 2258 5129 (Deus)
2295 5075 2401 5112 non
2435 5070 2612 5126 curat,
2645 5065 2862 5130 quando
2909 5074 2963 5119 et
3011 5082 3116 5134 quo
3151 5076 3306 5135 pacto
3349 5083 3498 5122 more
3544 5085 3636 5123 ex-

2056 5150 2226 5232 ‘pellet
2258 5152 2442 5216 vitam,
2477 5154 2705 5223 ejusque
2732 5153 2993 5222 fructum,
3022 5160 3088 5212 iis
3119 5161 3209 5228 qui
3245 5162 3468 5216 honeste
3489 5173 3540 5216 et
3569 5178 3636 5218 ex

2060 5241 2265 5295 'virtute
2312 5244 2500 5298 vivunt
2546 5264 2558 5298 :
2603 5264 2700 5302 nec
2751 5251 3025 5317 quomodo
3062 5250 3273 5325 ‘quique
3309 5255 3531 5318 vivent,
3581 5268 3636 5310 et

2065 5332 2195 5401 quid
2227 5335 2453 5390 vivendo
2479 5339 2782 5405 perﬁcient,
2803 5343 3026 5398 omnino
3052 5335 3322 5398 sollicrlus
3344 5344 3472 5398 erit?
3493 5351 3637 5416 quod

2065 5426 2108 5478 si
2145 5425 2243 5480 hoc
2275 5430 2618 5482 mendacium
2643 5442 2745 5491 est,
2773 5442 2824 5485 et
2858 5434 2969 5486 ﬁeri
2999 5437 3223 5501 nequit:
3249 5449 3310 5488 ac
3339 5451 3434 5503 per
3469 5439 3633 5494 Deum

2066 5524 2240 5572 solum
2275 5537 2532 5589 prospere
2561 5522 2838 5582 ducuntur
2889 5523 2954 5575 ad
3010 5524 3166 5577 linem
3222 5531 3311 5594 qui
3363 5532 3637 5595 praedesti-

2069 5624 2287 5673 namnr,
2345 5621 2828 5682 quzmtumcunque
2882 5630 2978 5667 sua
3031 5613 3212 5670 indole
3259 5618 3653 5685 industriaque

2069 5702 2400 5771 festinarint,
2425 5705 2648 5760 Virtutes
2682 5705 2868 5774 utiun
2902 5718 3152 5764 amantes
3193 5729 3206 5764 :
3244 5711 3402 5765 etiam
3442 5713 3634 5766 rationi
