3904 6134
359 311 465 374 559

1380 303 1752 365 GENNADII
1784 304 1894 365 CP.
1931 302 2449 367 PATRIARCH/E

3475 313 3571 375 5‘30

356 433 735 494 congruenter,
787 419 908 472 vita:
941 417 1162 471 modulo
1194 415 1260 470 ad
1298 429 1488 475 eorum
1520 418 1611 485 qui
1644 416 1918 473 destinan-

2035 418 2099 469 ἐκ
2128 415 2221 469 τοῦ
2273 414 2505 485 ἐσχάτου
2550 411 2709 485 μέχρι
2744 413 2837 467 καὶ
2885 412 2978 467 τοῦ
3023 414 3252 482 ἐσχάτω
3310 417 3526 490 ἰσχυρῶς
3553 429 3580 478 δ

356 530 442 572 ιιιι·
472 514 892 575 emolumentum
927 510 1131 576 utitur;
1164 518 1219 564 et
1255 510 1417 571 vitam
1454 510 1693 571 metitur,
1721 507 1813 576 qui
1843 520 1933 561 so-

355 608 438 660 lus
467 605 639 659 metiri
683 611 861 671 potest
892 618 906 655 :
940 610 991 654 et
1022 615 1143 670 quae
1177 608 1403 654 mortem
1435 599 1656 668 pariunt
1700 597 1819 667 ipso
1844 596 1933 663 ju-

355 696 537 753 bente,
578 702 669 745 aut
686 691 1041 753 concedente,
1077 690 1265 743 saltem
1304 704 1410 742 non
1443 698 1682 751 vetante,
1736 688 1931 741 interi-

351 795 460 839 ιιιιιι
497 782 754 839 cilicium.
792 801 809 832 ι
848 780 1076 850 Attingit
1105 779 1247 834 enim
1276 794 1307 833 a
1338 779 1442 832 line
1473 768 1647 845 usque
1674 777 1738 829 ad
1770 777 1930 831 tinent

351 875 563 933 fortiter
592 892 603 926 :
633 893 650 923 ι
682 882 739 926 ιιι
775 873 827 927 in
858 871 1133 939 Sapientia
1173 870 1392 933 dicitur.
1432 888 1450 920 ι
1476 867 1543 923 Ει
1578 852 1687 922 duo
1716 882 1931 937 passer-

352 968 458 1031 culi
488 982 608 1021 asse
638 980 809 1035 parvo
837 972 1126 1031 va‘neunt;
1159 971 1324 1034 atque
1361 976 1503 1017 unus
1534 976 1597 1015 ex
1646 961 1779 1031 ipsis
1819 974 1927 1019 non

353 1059 509 1120 cadet
535 1058 584 1108 in
616 1068 758 1110 terra
788 1056 992 1121 absque
1017 1056 1172 1109 Patre
1196 1068 1350 1108 meo:
1382 1071 1401 1105 ι
1435 1054 1511 1121 (ει
1533 1066 1651 1117 quae
1674 1052 1929 1122 deinceps

350 1147 677 1218 sequuntur)
705 1167 717 1202 :
750 1148 1007 1200 Dominus
1040 1146 1157 1214 ipse
1200 1156 1386 1201 noster
1418 1146 1517 1199 ait.
1560 1144 1714 1210 Quod
1748 1154 1927 1198 autem

352 1257 455 1293 non
482 1256 670 1293 omnes
701 1250 820 1291 sunt
850 1238 1101 1302 studiosi,
1130 1252 1308 1305 neque
1348 1236 1416 1290 ad
1446 1246 1703 1291 aeternam
1746 1236 1913 1289 vitam

352 1333 734 1398 praedestinati,
763 1333 863 1384 hoc
888 1330 1019 1389 nihil
1055 1328 1120 1382 ad
1150 1345 1282 1381 rem.
1310 1328 1517 1381 Etenim
1547 1326 1735 1380 squicit
1763 1327 1924 1380 etiam

350 1439 472 1477 cum
514 1439 709 1489 magno
734 1424 891 1478 Patre
918 1414 1141 1485 Basilio,
1175 1421 1317 1491 quod
1354 1420 1748 1490 praedestinatis
1784 1416 1925 1471 afﬁxi

350 1527 475 1573 sunt
510 1515 601 1568 Dei
636 1528 898 1568 concessu
942 1513 1067 1568 vita:
1096 1512 1335 1576 limites;
1363 1520 1412 1565 ct
1447 1511 1510 1568 ad
1537 1511 1924 1579 sempiternum

353 1609 552 1667 bonum
577 1606 711 1676 ipsis
743 1606 1113 1660 extenduntur
1142 1612 1235 1660 aut
1266 1602 1692 1663 contrahuntur,
1723 1602 1926 1671 pariter

351 1714 475 1752 cum
516 1699 697 1753 aureis
749 1706 911 1765 atque
952 1694 1225 1764 argenteis
1278 1708 1509 1763 qumque
1558 1693 1611 1746 in
1663 1692 1923 1745 honorem

2036 507 2186 569 Θεὸς,
2216 525 2235 557 ι
2262 508 2319 559 ὲν
2343 510 2408 575 τῇ
2433 506 2601 576 Σοφίᾳ
2621 506 2839 573 λέγεται
2865 522 2880 536 ο
2905 508 3000 561 καὶ
3031 524 3048 560 ι
3083 507 3185 560 Δύο
3215 512 3459 579 στρουθία
3488 516 3577 569 ἀσ..

2036 599 2225 670 σειρίου
2251 600 2533 665 πωλεῖται,
2560 601 2652 654 καὶ
2670 599 2725 652 ἓν
2747 598 2805 664 ἐξ
2836 599 3015 653 αὐτῶν
3039 600 3098 654 οὐ
3131 604 3371 656 πεσεῖται
3391 605 3465 667 είς
3492 608 3581 677 τὴν

2033 691 2136 760 γῆν
2162 690 2290 742 ἄνευ
2314 690 2407 743 τοῦ
2432 690 2640 759 Πατρός
2662 707 2785 758 μου,
2816 708 2835 741 ι
2863 691 2958 744 καὶ
2992 690 3059 744 τὰ
3088 690 3230 761 ἑξῆς,
3256 693 3411 756 αὐτὸς
3431 697 3458 748 ὁ
3481 697 3586 749 κύ..

2036 798 2150 851 ριος
2177 781 2334 851 ἡμῶν
2363 797 2519 850 φησι,
2555 781 2628 834 Τὸ
2660 780 2715 834 δὲ
2754 782 2829 852 μὴ
2854 781 3061 845 πάντας
3093 778 3230 836 εἶναι
3259 786 3583 852 σπουδαίους,

2035 873 2170 941 μηδὲ
2225 873 2361 943 πρὸς
2412 874 2513 944 τὴν
2551 874 2879 944 προαιώνιον
2926 876 3372 946 προωρισμένους
3414 877 3581 948 ζωὴν,

2030 962 2182 1016 οὐδὲν
2217 964 2351 1033 πρὸς
2402 964 2493 1016 τὸν
2543 964 2721 1031 λόγον.
2766 965 2953 1034 Ἀρκεῖ
2998 967 3105 1034 γὰρ
3154 968 3248 1020 καὶ
3294 969 3422 1036 ἡμῖν
3459 969 3585 1038 μετὰ

2029 1054 2123 1108 τοῦ
2161 1055 2398 1122 μεγάλου
2433 1056 2642 1126 Πατρδς
2681 1057 2962 1111 Βασιλείου
3008 1058 3068 1111 τὸ
3104 1060 3217 1123 τοῖς
3250 1062 3584 1131 προωριομέ-

2029 1164 2139 1209 νοις
2167 1147 2473 1216 πεπηγέναι
2502 1146 2687 1200 θεόθεν
2716 1149 2782 1202 τὰ
2811 1149 2913 1218 τῆς
2943 1148 3088 1218 ζωῆς
3122 1151 3313 1219 μέτρα,
3340 1151 3433 1202 καὶ
3460 1150 3583 1216 πρὸς

2027 1239 2088 1291 τὸ
2141 1238 2311 1291 ἀΐδιον
2348 1240 2625 1309 συμφέρον
2672 1242 2857 1302 αὐτοῖς
2905 1224 3260 1301 ἐκτείνεσθαι.
3300 1243 3331 1311 ἢ
3379 1243 3586 1295 συστέλ-

2028 1330 2216 1383 λεσθαι
2252 1333 2362 1394 τοῖς
2409 1334 2627 1401 χρυσοῖς
2664 1348 2721 1383 τε
2766 1333 2861 1385 καὶ
2900 1334 3161 1401 ἀργυροῖς
3204 1334 3296 1384 καὶ
3325 1334 3402 1395 εἰς
3430 1333 3583 1402 τιμὴν

2030 1420 2271 1486 σκεύεσι,
2311 1422 2452 1473 κατὰ
2486 1421 2575 1474 τὸν
2622 1422 2853 1488 Παῦλον,
2892 1423 3052 1493 οἷπερ
3100 1424 3460 1493 ἀναρίθμητοι
3494 1425 3585 1492 μέν

2028 1510 2157 1575 είσι,
2190 1512 2282 1563 καὶ
2314 1509 2506 1573 τούτου
2546 1511 2707 1581 χάρις
2737 1514 2770 1583 ἠ
2824 1515 3180 1581 γένεσις,ἐίς
3213 1514 3584 1583 ἀναπλήρωσιν

2027 1601 2135 1652 τῶν
2170 1601 2448 1654 πεσόντων
2477 1602 2772 1673 οὐρανόθεν
2802 1604 3069 1673 ἀγγέλων.
3101 1606 3222 1676 Θεῷ
3248 1606 3303 1660 δὲ
3335 1608 3587 1674 γινωσκό-

2032 1707 2185 1758 μενοι
2237 1692 2404 1769 paup,
2450 1694 2546 1757 καί
2599 1693 2690 1745 ὑπ’
2745 1695 2909 1749 αὑτοῦ
2960 1697 3322 1765 φανεροῦνταί
3363 1712 3501 1758 τινες
3529 1695 3585 1759 ἐξ

352 1795 479 1845 eunt
513 1788 683 1851 vasis,
716 1802 781 1840 ex
815 1786 876 1839 B.
906 1786 1106 1851 Paulo;
1147 1786 1238 1852 qui
1270 1784 1486 1850 quidem
1519 1791 1645 1837 sunt
1671 1786 1918 1837 innume-

2026 1778 2227 1843 αὐτῶν,
2255 1780 2347 1842 οὓς
2372 1782 2438 1834 ἂν
2467 1781 2737 1852 βούλοιντο
2768 1786 3136 1854 φανεροῦσθαι
3181 1786 3473 1847 κάνταῦθα,
3502 1787 3587 1840 καὶ

352 1880 399 1934 ri
430 1897 443 1933 :
475 1891 636 1949 atque
665 1887 949 1947 eapropter
978 1878 1257 1947 generatio
1284 1885 1368 1930 est
1398 1861 1462 1929 ad
1487 1876 1920 1945 supplementum

352 1973 669 2044 angelorum
702 1971 794 2040 qui
839 1986 868 2024 e
889 1968 1042 2031 cmlis
1071 1968 1411 2031 exciderunt.
1442 1964 1505 2018 lli
1533 1981 1653 2019 eum
1688 1965 1797 2020 Deo
1820 1966 1921 2021 soli

350 2072 768 2132 cognoscantur,
815 2070 869 2115 ει
907 2060 976 2116 ab
1014 2074 1079 2113 eo
1124 2057 1538 2112 manifestentur
1586 2056 1805 2125 quidam
1855 2073 1921 2111 ex

351 2156 505 2225 ipsis,
542 2167 681 2219 quos
715 2152 876 2207 etiam
914 2151 1001 2204 hic
1032 2147 1368 2207 ntanifestari
1406 2147 1653 2213 voluerit,
1686 2155 1741 2202 et
1782 2162 1921 2216 quos

351 2246 525 2301 latere
574 2243 725 2297 nefas
766 2249 868 2295 est.
920 2240 1140 2301 Deinde,
1189 2234 1646 2306 quemadmodum
1677 2237 1923 2305 providet

348 2339 567 2408 quidem
596 2335 848 2390 omnibus
884 2334 937 2386 in
971 2332 1078 2397 vita
1108 2330 1442 2391 hominibus,
1475 2330 1565 2383 sed
1593 2328 1918 2394 dilfercnter,

349 2439 405 2484 et
440 2442 537 2496 pro
566 2427 760 2480 merito
792 2439 856 2479 ac
885 2423 1147 2493 dignitate
1186 2422 1458 2490 cujusque
1500 2437 1513 2472 :
1556 2421 1633 2474 sic
1663 2421 1823 2473 etiam
1855 2421 1922 2475 de

347 2521 454 2577 line
504 2519 768 2585 ipsorum,
806 2529 902 2585 par
943 2522 1025 2569 est
1062 2512 1269 2565 varium
1321 2511 1519 2565 habere
1571 2511 1817 2581 ordinem
1870 2521 1923 2569 et

348 2619 654 2683 respectum
687 2607 826 2675 apud
851 2605 1090 2659 divinum
1113 2602 1404 2681 judicium.
1436 2601 1646 2655 Etenim
1670 2605 1922 2657 omnibus

346 2701 563 2772 quidem
602 2697 912 2753 hominibus
956 2694 1182 2771 prteficit
1235 2683 1506 2763 angelum.
1545 2693 1647 2747 Sed
1690 2709 1795 2748 non
1829 2708 1923 2747 ea-

346 2791 470 2853 dem
514 2786 690 2861 angeli
714 2784 1078 2845 sollicitudine
1103 2784 1313 2852 potitur
1335 2782 1568 2835 infidelis
1598 2791 1762 2851 atque
1796 2781 1923 2836 fide-

349 2883 415 2940 lis
453 2899 465 2934 :
498 2894 672 2949 neque
701 2878 980 2947 improbus
1007 2876 1213 2945 pariter
1252 2889 1315 2929 ea
1349 2874 1549 2929 fruitur
1586 2888 1649 2927 ac
1695 2874 1918 2944 probus,

348 2972 563 3031 tametsi
592 2971 751 3029 ambo
785 2970 894 3033 sint
926 2967 1129 3023 fideles.
1171 2966 1357 3037 Itaque
1385 2967 1475 3022 hic
1506 2982 1724 3037 quoque
1755 2966 1920 3021 vitam

349 3075 591 3119 nostram
640 3061 906 3125 omnium,
954 3067 1009 3113 et
1054 3058 1258 3113 exitum
1296 3058 1580 3112 definitum
1622 3073 1765 3125 esse,
1801 3074 1920 3112 om-

347 3158 477 3211 nino
517 3168 801 3209 necessum
830 3159 931 3205 est.
964 3149 1135 3204 Porro
1161 3148 1419 3204 differens
1449 3150 1597 3204 circa
1632 3150 1746 3205 haec
1772 3150 1921 3219 judi-

349 3252 495 3303 cium
524 3239 676 3315 juxtl
707 3258 896 3297 eorum
945 3242 1039 3309 qui
1082 3242 1274 3295 vivunt.
1318 3241 1654 3305 discrimina,
1686 3242 1792 3296 Deo
1819 3242 1918 3297 soli

350 3345 696 3407 perSpeetum
721 3343 821 3397 est,
848 3348 971 3385 cum
1000 3346 1171 3402 pauca
1203 3333 1361 3386 nobis
1383 3333 1491 3387 sint
1523 3333 1776 3397 revelata,
1805 3344 1919 3386 tum

347 3445 410 3482 ex
440 3426 641 3481 divinis
678 3423 898 3477 Litteris
928 3433 1039 3476 tum
1066 3438 1131 3477 ex
1166 3422 1404 3477 historiis
1443 3426 1640 3491 sacris,
1678 3435 1734 3478 ut
1764 3434 1921 3478 antea

348 3519 651 3572 luculenter
675 3513 1026 3585 exposuimus
1060 3531 1074 3568 :
1117 3527 1295 3582 neque
1341 3529 1555 3583 tequum
1591 3524 1673 3569 est
1704 3530 1802 3569 nos
1828 3530 1921 3584 ag-

346 3612 495 3680 gredi
545 3623 606 3662 ea
659 3623 780 3677 qua:
830 3621 1004 3674 neque
1055 3606 1440 3674 comprehendi
1489 3615 1697 3677 queunt
1749 3620 1920 3674 neque

346 3701 483 3755 tradi
516 3715 529 3752 :
559 3710 614 3753 ct
646 3699 714 3752 ab
748 3697 817 3751 iis
846 3712 967 3766 qua:
1012 3695 1385 3750 conceduntur
1430 3704 1484 3750 et
1531 3700 1730 3750 dantur
1764 3696 1920 3750 nobis

344 3789 412 3844 ad
444 3787 903 3859 cognoscendum,
930 3785 1246 3840 dissidendo
1278 3784 1595 3843 abscedere.
1641 3788 1706 3840 Et
1740 3795 1918 3841 tamen

343 3896 467 3935 eum
496 3877 905 3948 reprobatorum
936 3886 990 3930 et
1019 3874 1453 3929 misericordiam
1480 3876 1798 3944 adeptorum
1834 3875 1917 3930 vi-

348 3983 458 4024 tam
497 3969 683 4038 divino
710 3966 903 4037 subjici
953 3966 1118 4036 jugo;
1168 3974 1280 4020 tum
1327 3966 1427 4037 ipsi
1461 3967 1761 4035 placentem
1790 3971 1920 4021 edu-

345 4066 577 4118 ctionem
609 4076 639 4115 e
674 4059 783 4113 vita
808 4098 823 4124 ,
860 4060 959 4121 hos
990 4072 1204 4127 quoque
1234 4056 1504 4121 sustinere
1543 4057 1724 4111 divina
1756 4057 1916 4112 docet

345 4156 646 4224 Scriptura.
679 4150 982 4213 05lelld0lll
1012 4150 1175 4204 etiam
1202 4148 1448 4203 violentae
1475 4157 1675 4215 mortes
1703 4149 1916 4218 populis

352 4246 594 4299 inductae
645 4252 700 4296 ει
748 4238 1110 4315 principibus,
1149 4238 1359 4293 ardenti
1404 4239 1519 4293 zelo
1561 4239 1784 4308 justitiae
1818 4254 1915 4293 an-

346 4339 592 4406 gelorum
642 4330 1174 4388 snbtninistrantium
1220 4344 1284 4384 ac
1350 4329 1752 4399 prephctarum,
1804 4345 1913 4385 non

2024 1868 2118 1932 οὓς
2150 1869 2437 1931 λανθάνειν
2472 1872 2754 1927 ἀδύνατον.
2794 1875 3046 1941 Ἔπειτα,
3090 1877 3345 1945 καθάπερ
3377 1877 3586 1945 προνοεῖ

2026 1960 2126 2030 μὲν
2158 1962 2376 2015 πάντων
2409 1964 2465 2015 ἐν
2498 1967 2563 2035 τῇ
2599 1964 2710 2034 ζωῇ
2743 1966 2851 2019 τῶν
2888 1966 3212 2037 ἀνθρώπων,
3249 1968 3383 2025 ἀλλά
3413 1965 3586 2032 διαφό-

2027 2068 2133 2121 ρως
2161 2056 2256 2106 καὶ
2310 2056 2450 2109 κατὰ
2482 2056 2581 2125 τὴν
2631 2057 2786 2121 ἀξίαν
2840 2059 3121 2113 ἑκάστων·
3164 2058 3309 2112 οὕτω
3348 2059 3438 2111 καὶ
3466 2058 3585 2125 περὶ
3686 2098 3689 2109 .

2022 2144 2117 2196 τοῦ
2149 2145 2333 2209 τέλους
2369 2145 2549 2200 αὐτῶν
2577 2148 2830 2218 ποικίλην
2857 2149 3003 2213 είκδς
3023 2149 3168 2219 ἔχειν
3197 2150 3351 2221 παρά
3378 2152 3443 2219 τῇ
3471 2148 3580 2220 θείᾳ

2024 2235 2203 2305 κρίσει
2236 2236 2334 2305 τὴν
2370 2236 2520 2300 τάξιν
2552 2238 2645 2295 καὶ
2679 2238 2778 2311 τὴν
2818 2239 3143 2308 ἀπόϐλεψιν.
3191 2241 3301 2292 Καὶ
3329 2241 3459 2294 πᾶσι
3492 2237 3583 2308 μὲν

2022 2327 2129 2394 γὰρ
2158 2328 2465 2399 ἀνθρώποις
2495 2330 2780 2397 ἐφίστησιν
2807 2331 3079 2400 ἱᾰγγελον,
3113 2332 3241 2385 ἀλλ’
3284 2332 3346 2385 οῦ
3378 2332 3474 2400 τῆς
3503 2329 3591 2389 αὖ·

2022 2419 2120 2487 τῆς
2158 2419 2421 2473 ἀπολαύει
2458 2420 2553 2474 τοῦ
2588 2422 2817 2493 ἀγγέλου
2868 2424 3210 2494 κηδεμονίας
3249 2426 3277 2478 ὁ
3309 2424 3492 2483 πιστὸς
3519 2418 3589 2487 τῷ

2022 2510 2254 2579 ἀπίστῳ,
2299 2513 2409 2564 οὐδ’
2439 2512 2468 2565 ὁ
2506 2511 2706 2579 φαῦλος
2740 2514 2815 2583 τῷ
2848 2514 3059 2587 ἀγαθῷ,
3112 2515 3229 2573 xiv
3274 2508 3404 2567 ὦσιν
3437 2512 3592 2579 ἄμφω

2029 2602 2209 2654 πιστοί
2237 2619 2250 2632 ·
2283 2603 2425 2656 οὕτω
2455 2604 2733 2658 κάνταῦθα
2780 2605 2878 2677 τὴν
2912 2607 3009 2671 μὲν
3049 2606 3209 2677 ζωὴν
3239 2606 3394 2675 ἡμῶν
3432 2602 3593 2656 ἀπάν-

2024 2709 2129 2745 των
2161 2693 2257 2746 καὶ
2289 2694 2351 2746 τὸ
2376 2694 2527 2760 τέλος
2576 2695 2807 2764 ὡρίσθαι
2848 2698 2997 2749 πᾶσα
3043 2698 3274 2766 ἀνάγκη
3298 2710 3312 2724 ⁶
3345 2696 3379 2763 ἡ
3406 2693 3460 2747 δέ
3490 2692 3592 2746 διὰρ

2024 2800 2188 2853 φόρος
2221 2787 2348 2854 περὶ
2376 2785 2547 2839 ταῦτα
2584 2787 2764 2856 κρίσις
2799 2787 2940 2842 κατὰ
2974 2789 3071 2848 τὰς
3096 2787 3219 2840 τῶν
3252 2786 3463 2851 ζώντων
3489 2783 3593 2834 δια-

2025 2878 2195 2944 φορὰς
2219 2877 2294 2945 τῷ
2328 2876 2445 2946 Θεῷ
2499 2878 2768 2944 ἔγνωσται
2806 2880 2971 2949 μόνῳ,
2994 2879 3208 2946 ὀλίγων
3242 2879 3373 2947 ἡμῖν
3400 2877 3591 2929 ἀποκα-

2022 2968 2329 3035 λυφθέντων
2355 2967 2417 3021 ἔκ
2439 2986 2496 3021 τε
2524 2969 2630 3021 τῶν
2654 2968 2812 3023 θείων
2842 2967 3097 3039 Γραφῶν,
3125 2970 3205 3024 ἐκ
3230 2986 3285 3022 τε
3312 2968 3418 3020 τῶν
3443 2967 3590 3035 ίερῗιν

2028 3061 2294 3128 ἱστοριῶν,
2326 3059 2400 3123 ὡς
2440 3060 2739 3129 φθάσαντες
2771 3061 3142 3130 διεξήλθομεν.
3168 3062 3292 3114 Καὶ
3315 3063 3373 3114 οῦ
3399 3060 3591 3113 δίκαιον

2024 3152 2194 3222 ἡμᾶς.
2222 3151 2309 3211 διὰ
2339 3152 2397 3204 τὸ
2430 3152 2504 3223 μὴ
2537 3152 2799 3206 δύνασθαι
2842 3155 2951 3215 τοῖς
2982 3154 3404 3225 ἀκαταλήπτοις
3428 3168 3482 3207 τε
3508 3150 3592 3203 καὶ

2028 3242 2103 3312 μὴ
2133 3242 2438 3309 δεδομένοις
2487 3244 2808 3315 ἐπιχειρεῖν,
2856 3244 2951 3297 καὶ
2994 3244 3103 3298 τῶν
3144 3242 3593 3315 ὁμολογουμένων

2024 3334 2118 3386 καὶ
2145 3332 2450 3401 δεδομένων
2503 3336 2638 3403 ἡμῖν
2668 3335 2865 3389 είδέναι
2903 3335 3335 3401 διαπιστοῦντας
3371 3337 3591 3404 ἀφίστα·

2023 3424 2163 3476 σθαι.
2202 3424 2395 3476 Καίτοι
2432 3424 2492 3477 τὸ
2524 3426 2739 3488 καὶτὰς
2786 3414 2905 3479 τῶν
2943 3426 3169 3485 ἀποδεδο
3185 3423 3588 3497 κιμιισμένωνῆ

2018 3512 2333 3583 ἠλεημένων
2362 3515 2508 3577 ζωὰς
2538 3515 2613 3583 τῷ
2646 3515 2775 3588 θείῳ
2805 3514 3125 3570 ὑποκεῖσθαι
3157 3517 3353 3588 ζυγῷ,
3384 3517 3474 3571 καὶ
3499 3513 3590 3583 τὴν

2018 3604 2168 3674 αὐτῷ
2206 3606 2471 3667 δοκοῦσαν
2513 3607 2797 3679 ἐξαγωγὴν
2837 3610 2901 3662 ἐκ
2940 3609 3037 3663 τοῦ
3085 3609 3218 3677 βίου
3253 3612 3347 3663 καὶ
3378 3608 3591 3673 τούτους

2020 3694 2371 3762 ὑφίστασθαι,
2412 3699 2444 3768 ὴ
2501 3696 2621 3750 θεία
2671 3699 2912 3753 διδάσκει
2946 3700 3160 3769 Γραφή.
3220 3701 3332 3754 Καὶ
3382 3696 3589 3767 δηλοῦσι

2020 3788 2119 3860 μὲν
2154 3790 2201 3849 οί
2238 3788 2403 3859 βίαιοι
2448 3790 2669 3847 θάνατοι
2700 3791 2963 3863 πλήθεσιν
3013 3793 3351 3864 ἐπαχθέντες
3382 3793 3474 3844 καὶ
3495 3790 3588 3861 ἄρ·

2018 3895 2197 3949 χουσι,
2244 3880 2393 3950 ζήλῳ
2442 3880 2789 3951 δικαιοσύνης
2814 3883 3080 3952 -ἀγγέλων
3132 3866 3588 3954 ῦπηρετουμένων

2017 3971 2111 4022 καὶ
2142 3973 2457 4041 προφητῶν,
2489 3975 2587 4026 οὐκ
2608 3974 2734 4028 ἄνευ
2758 3974 2895 4028 Θεοῦ
2915 3991 2931 4006 ’
2956 3974 3186 4046 δηλοῦσι
3212 3976 3270 4030 δὲ
3299 3976 3356 4039 al
3382 3974 3468 4026 διὰ
3486 3970 3586 4024 τῶν

2018 4065 2315 4132 προφητῶν
2358 4066 2737 4139 ἀπειληθείσαι
2775 4068 2963 4120 πόλεσί
3008 4084 3067 4119 τι
3096 4069 3195 4121 καὶ
3238 4068 3447 4120 ἔθνεσιν
3474 4064 3587 4129 ἐξο-

2015 4155 2361 4222 λοθρεύσεις*
2403 4157 2498 4208 καὶ
2537 4156 2569 4227 ἢ
2608 4158 2867 4229 μετανοίᾳ
2911 4161 3349 4228 καταφυγόντων
3379 4157 3470 4210 ἐπὶ
3498 4154 3585 4208 τὸν

2014 4247 2149 4311 Θεὸν
2180 4248 2552 4316 πεπαυμέναι,
2588 4247 2620 4316 ἢ
2668 4247 3056 4318 ἀμετανοήτων
3098 4251 3409 4315 μεινάντων
3439 4244 3586 4313 γενό-

2018 4354 2176 4409 μεναι
2199 4352 2213 4367 '
2248 4339 2305 4392 αἱ
2342 4338 2651 4407 προσθῆκαι
2693 4341 2789 4404 τῆς
2820 4338 2965 4407 ζωῆς
2996 4340 3162 4403 ἐνίοις
3193 4341 3583 4411 μετανοήσασι,

345 4430 462 4495 sine
502 4426 746 4481 numine.
779 4423 835 4477 ld
858 4435 1070 4492 quoque
1096 4420 1371 4487 declagant
1400 4421 1571 4475 ruinze
1598 4429 1652 4475 et
1674 4420 1911 4490 depopu-

2022 4430 2157 4500 μετὰ
2180 4428 2277 4500 τὴν
2302 4429 2400 4499 τῆς
2443 4429 2591 4499 ζωῆς
2623 4430 3009 4500 ἀπαγόρευσιν,
3056 4431 3122 4484 ἐκ
3163 4431 3305 4486 Θεοῦ
3337 4427 3588 4500 μηνυθεί-

345 4520 593 4582 lationes,
615 4529 752 4587 quas
781 4524 931 4567 vates
953 4512 1177 4566 urbibus
1198 4519 1249 4566 et
1267 4512 1518 4583 gentibus
1540 4512 1913 4566 comminatim

348 4615 581 4674 fuerant,
628 4608 935 4675 eaedemque
974 4603 1055 4657 vel
1102 4590 1419 4672 pmnitentia
1469 4618 1656 4657 eorum
1707 4603 1799 4672 qui
1848 4603 1915 4657 ad

349 4703 516 4755 Deum
552 4698 932 4766 confugerant,
959 4701 1282 4761 cessarunt;
1312 4695 1396 4749 vel
1420 4695 1490 4750 ob
1520 4694 1913 4764 impmnitentia

344 4793 643 4848 obduratos
678 4795 1074 4857 remanserunt.
1098 4785 1433 4850 Incrementa
1462 4788 1583 4839 vita:
1607 4787 1913 4855 inquibus-

346 4888 468 4938 dam
502 4885 595 4961 qui
634 4881 1008 4953 resipuerant,
1038 4888 1324 4948 postquam
1351 4878 1417 4932 de
1455 4881 1561 4932 vita
1590 4878 1911 4946 despondis-

347 4985 491 5038 seut,
525 4968 746 5028 interitu
779 4987 807 5025 a
838 4971 946 5027 Deo
987 4972 1259 5027 declarato
1291 4978 1344 5023 et
1374 4968 1543 5039 signis
1572 4972 1913 5038 ostentisque

345 5068 600 5122 omnibus
631 5065 924 5133 conspicuo
960 5062 1127 5116 facto.
1150 5061 1386 5116 Ananias
1419 5075 1546 5114 vero
1572 5069 1626 5114 et
1648 5060 1908 5130 Sapphira

340 5158 629 5221 exanimati
661 5166 807 5227 sunt,
844 5169 951 5209 non
1003 5152 1177 5218 Petri,
1220 5152 1311 5207 sed
1346 5151 1439 5206 Dei
1486 5152 1702 5218 virtute,
1748 5166 1907 5220 quem

340 5254 654 5314 invocaret;
696 5262 758 5301 ac
803 5247 968 5300 Petro
1010 5260 1117 5299 non
1153 5252 1415 5313 praesente
1460 5251 1512 5296 ει
1562 5241 1907 5296 mendacium

341 5351 616 5410 arguente,
648 5338 1046 5407 exspirassent,
1072 5336 1148 5388 ita
1175 5336 1386 5389 volente
1413 5333 1542 5388 Deo.
1564 5334 1627 5387 Et
1654 5343 1783 5403 quot
1816 5337 1911 5388 ho-

342 5435 512 5486 mines
542 5434 732 5487 insane
765 5431 855 5499 jus
881 5429 1165 5492 violantes,
1195 5426 1457 5480 violenter
1496 5441 1526 5480 e
1550 5425 1703 5492 _vivis
1747 5440 1907 5480 exce-

339 5523 519 5577 dunt?
553 5526 678 5577 dum
711 5523 852 5576 alius
878 5522 1036 5573 aliam
1068 5519 1260 5573 sulIert
1291 5518 1625 5585 violentiam,
1650 5532 1712 5570 ac
1741 5519 1907 5573 latent

345 5615 611 5681 homines,
644 5616 772 5668 dum
803 5614 1071 5668 violentia:
1099 5613 1350 5665 effectum
1401 5621 1672 5680 patentem
1725 5612 1906 5664 consi-

337 5701 529 5757 derant
567 5718 580 5755 :
609 5716 794 5755 verum
829 5700 1047 5757 caeleste
1069 5701 1131 5755 ad
1156 5700 1211 5755 id
1235 5707 1567 5755 momentum
1599 5698 1902 5755 subducere

2019 4537 2118 4589 σης
2144 4523 2245 4590 τῆς
2270 4520 2550 4589 τελευτῆς,
2593 4522 2686 4574 καὶ
2722 4521 2972 4590 σημείοις
3000 4522 3136 4574 πᾶσι
3162 4523 3411 4591 φανερᾶς
3441 4532 3585 4585 γενο-

2019 4610 2211 4679 μένης.
2257 4609 2504 4671 ’Δνανίας
2547 4609 2603 4662 δὲ
2632 4612 2727 4662 καὶ
2756 4611 3040 4681 Σάπφειρα
3076 4611 3493 4687 ἀποψύξαντες,
3526 4604 3583 4657 οὐ

2015 4705 2082 4770 τῇ
2114 4701 2208 4753 τοῦ
2259 4701 2486 4771 Πέτρου,
2520 4703 2583 4771 τῇ
2618 4701 2673 4754 δὲ
2715 4701 2808 4755 τοῦ
2842 4702 2980 4755 Θεοῦ
3028 4702 3282 4769 δυνάμει,
3315 4703 3374 4754 ὃν
3418 4703 3445 4753 ό
3489 4697 3581 4750 Πέ-

2014 4806 2141 4858 τρος
2171 4789 2512 4852 ἐπεκαλεῖτο,
2546 4789 2638 4842 κτὶ
2669 4789 2764 4841 τοῦ
2813 4790 3018 4859 Πέτρου
3055 4790 3129 4860 μὴ
3162 4791 3466 4861 παρόντος,
3496 4786 3583 4837 καὶ

2016 4881 2072 4931 τὸ
2104 4880 2294 4948 ψεῦδος
2329 4880 2665 4949 ἐλέγχοντος,
2698 4881 2979 4946 ἀπέῲυξαν
3025 4881 3092 4934 ἄν
3124 4897 3138 4913 °
3160 4881 3312 4934 οὕτω
3336 4879 3431 4932 τοῦ
3455 4872 3581 4930 Θεοῦ

2014 4971 2361 5041 βουλομένου.
2401 4971 2512 5023 Καὶ
2558 4972 2716 5024 πόσοι
2763 4973 2873 5024 τῶν
2920 4971 3228 5040 ἀνθρώπων
3278 4973 3583 5040 ἀνηκέστως

2016 5061 2460 5128 παρανομοῦντες
2492 5059 2685 5129 βιαίως
2716 5061 3019 5129 ἐξάγονται,
3069 5062 3233 5124 ἄλλος
3262 5060 3432 5129 ἀλλην
3466 5060 3583 5122 69t-

2017 5153 2277 5221 στάμενοι
2338 5153 2497 5221 βίαν,
2551 5154 2796 5215 καὶτοὺς
2850 5152 3173 5221 ἀνθρώπους
3238 5150 3579 5204 λανθάνουσι.

2015 5242 2423 5311 σκοπουμένους
2473 5246 2571 5313 μὲν
2602 5246 2660 5298 τὸ
2707 5247 2803 5315 τῆς
2852 5243 2973 5315 βίας
3003 5243 3360 5313 φαινόμενον,
3396 5238 3491 5306 τὴν
3517 5233 3580 5287 δι’

2011 5336 2264 5404 οὐράνιον
2305 5336 2440 5406 πρὸς
2498 5337 2658 5393 τοῦτο
2709 5338 2880 5408 ῥοπὴν
2930 5336 3247 5405 λογίζεσθαι
3299 5332 3425 5404 μηδ’
3456 5330 3583 5388 ὅλως

2012 5428 2430 5497 ἐφικνουμένους
2450 5444 2465 5495 ;
2489 5430 2551 5481 Δί
2574 5430 2628 5483 δὲ
2650 5431 2905 5501 πρόδηλοι
2925 5431 3033 5484 τῶν
3053 5429 3305 5484 θανάτων
3323 5427 3416 5480 καὶ
3440 5420 3581 5491 παρά

2012 5520 2174 5587 φύσιν
2202 5520 2538 5587 ἀπαλλαγαὶ,
2586 5522 2684 5592 τῆς
2733 5525 2796 5575 ἑκ
2848 5524 3055 5593 νεκρῶν
3102 5520 3465 5579 ἀναστάσεως
3502 5513 3567 5565 οὐ

2009 5610 2096 5663 δὲν
2139 5610 2516 5680 διαφέρουσαι,
2570 5614 2954 5683 παρείσθωσαν
2985 5616 3039 5666 ἐν
3084 5614 3263 5680 τνύτῳ
3299 5610 3379 5680 τῷ
3413 5607 3579 5676 μέρει,

2008 5701 2083 5765 ὡς
2109 5705 2171 5773 τῇ
2209 5703 2315 5756 τῶν
2345 5706 2779 5776 προωρισμένων
2823 5706 2975 5771 τάξει
3010 5703 3435 5778 συμϐαίνουσαι,
3467 5699 3580 5751 τότε
