  <div class='ocr_page' id='page_1' title='image "/cluster/home/n/w/nwhite01/storage/ocr_20150623/160/hvd.32044073502692/289.png"; bbox 0 0 3904 6134; ppageno 0'>
   <div class='ocr_carea' id='block_1_1' title="bbox 226 278 332 348">
    <p class='ocr_par' dir='ltr' id='par_1_1' title="bbox 226 278 332 348">
     <span class='ocr_line' id='line_1_1' title="bbox 226 278 332 348; baseline 0.028 -6"><span class='ocrx_word' id='word_1_1' title='bbox 226 278 332 348; x_wconf 75' lang='lat'>563</span> 
     </span>
    </p>
   </div>
   <div class='ocr_carea' id='block_1_2' title="bbox 1306 275 2367 336">
    <p class='ocr_par' dir='ltr' id='par_1_2' title="bbox 1306 275 2367 336">
     <span class='ocr_line' id='line_1_2' title="bbox 1306 275 2367 336; baseline 0 -4"><span class='ocrx_word' id='word_1_2' title='bbox 1306 275 1679 336; x_wconf 74' lang='lat' dir='ltr'>GENNADH</span> <span class='ocrx_word' id='word_1_3' title='bbox 1722 278 1806 336; x_wconf 73' lang='grc' dir='ltr'>(ΣΡ</span> <span class='ocrx_word' id='word_1_4' title='bbox 1857 275 2367 335; x_wconf 67' lang='grc' dir='ltr'>ΡΑΤΙΗΑΗΟΠΕ</span> 
     </span>
    </p>
   </div>
   <div class='ocr_carea' id='block_1_3' title="bbox 3378 277 3492 342">
    <p class='ocr_par' dir='ltr' id='par_1_3' title="bbox 3378 277 3492 342">
     <span class='ocr_line' id='line_1_3' title="bbox 3378 277 3492 342; baseline 0.07 -8"><span class='ocrx_word' id='word_1_5' title='bbox 3378 277 3492 342; x_wconf 62' lang='grc'>561</span> 
     </span>
    </p>
   </div>
   <div class='ocr_carea' id='block_1_4' title="bbox 225 389 1830 460">
    <p class='ocr_par' dir='ltr' id='par_1_4' title="bbox 225 389 1813 458">
     <span class='ocr_line' id='line_1_4' title="bbox 225 389 1813 458; baseline -0.001 -10"><span class='ocrx_word' id='word_1_6' title='bbox 225 410 334 448; x_wconf 77' lang='lat' dir='ltr'>non</span> <span class='ocrx_word' id='word_1_7' title='bbox 358 393 629 458; x_wconf 64' lang='lat' dir='ltr'>quaerebat</span> <span class='ocrx_word' id='word_1_8' title='bbox 646 390 816 445; x_wconf 88' lang='lat' dir='ltr'>cm0ri</span> <span class='ocrx_word' id='word_1_9' title='bbox 837 389 1084 454; x_wconf 85' lang='lat' dir='ltr'>omnino,</span> <span class='ocrx_word' id='word_1_10' title='bbox 1102 390 1202 444; x_wconf 80' lang='lat' dir='ltr'>hoc</span> <span class='ocrx_word' id='word_1_11' title='bbox 1229 399 1333 454; x_wconf 90' lang='lat' dir='ltr'>est,</span> <span class='ocrx_word' id='word_1_12' title='bbox 1359 391 1634 446; x_wconf 71' lang='lat' dir='ltr'>discedere</span> <span class='ocrx_word' id='word_1_13' title='bbox 1654 407 1682 444; x_wconf 90' lang='lat' dir='ltr'>e</span> <span class='ocrx_word' id='word_1_14' title='bbox 1707 391 1813 445; x_wconf 79' lang='lat' dir='ltr'>vita</span> 
     </span>
    </p>
   </div>
   <div class='ocr_carea' id='block_1_5' title="bbox 1936 389 3490 460">
    <p class='ocr_par' dir='ltr' id='par_1_5' title="bbox 1936 389 3490 460">
     <span class='ocr_line' id='line_1_5' title="bbox 1936 389 3490 460; baseline 0.001 -18"><span class='ocrx_word' id='word_1_15' title='bbox 1936 391 2191 457; x_wconf 67' lang='grc' dir='ltr'>γίνεσθαι,</span> <span class='ocrx_word' id='word_1_16' title='bbox 2248 392 2381 443; x_wconf 73' lang='grc' dir='ltr'>ἀλλὰ</span> <span class='ocrx_word' id='word_1_17' title='bbox 2415 389 2542 460; x_wconf 63' lang='grc' dir='ltr'>θείῃ</span> <span class='ocrx_word' id='word_1_18' title='bbox 2581 390 2874 459; x_wconf 69' lang='grc' dir='ltr'>ἐξαχθῆναι</span> <span class='ocrx_word' id='word_1_19' title='bbox 2909 389 3191 458; x_wconf 77' lang='grc' dir='ltr'>θελήματι.</span> <span class='ocrx_word' id='word_1_20' title='bbox 3242 392 3332 442; x_wconf 73' lang='grc' dir='ltr'>καὶ</span> <span class='ocrx_word' id='word_1_21' title='bbox 3363 393 3490 459; x_wconf 68' lang='grc' dir='ltr'>πρὶν</span> 
     </span>
    </p>
   </div>
   <div class='ocr_carea' id='block_1_6' title="bbox 230 481 1804 549">
    <p class='ocr_par' dir='ltr' id='par_1_6' title="bbox 230 481 1804 549">
     <span class='ocr_line' id='line_1_6' title="bbox 230 481 1804 549; baseline -0.003 -11"><span class='ocrx_word' id='word_1_22' title='bbox 230 485 361 544; x_wconf 70' lang='lat' dir='ltr'>(hoc</span> <span class='ocrx_word' id='word_1_23' title='bbox 398 483 541 536; x_wconf 91' lang='lat' dir='ltr'>enim</span> <span class='ocrx_word' id='word_1_24' title='bbox 573 482 734 536; x_wconf 91' lang='lat' dir='ltr'>etiam</span> <span class='ocrx_word' id='word_1_25' title='bbox 764 497 870 534; x_wconf 90' lang='lat' dir='ltr'>non</span> <span class='ocrx_word' id='word_1_26' title='bbox 901 481 1162 549; x_wconf 67' lang='lat' dir='ltr'>quatrenti</span> <span class='ocrx_word' id='word_1_27' title='bbox 1191 492 1510 536; x_wconf 87' lang='lat' dir='ltr'>eventurum</span> <span class='ocrx_word' id='word_1_28' title='bbox 1559 493 1676 535; x_wconf 89' lang='lat' dir='ltr'>erat</span> <span class='ocrx_word' id='word_1_29' title='bbox 1709 482 1804 534; x_wconf 88' lang='lat' dir='ltr'>ali-</span> 
     </span>
    </p>
   </div>
   <div class='ocr_carea' id='block_1_7' title="bbox 230 573 1810 644">
    <p class='ocr_par' dir='ltr' id='par_1_7' title="bbox 230 573 1810 644">
     <span class='ocr_line' id='line_1_7' title="bbox 230 573 1810 644; baseline -0.001 -14"><span class='ocrx_word' id='word_1_30' title='bbox 230 574 490 644; x_wconf 81' lang='lat' dir='ltr'>quando),</span> <span class='ocrx_word' id='word_1_31' title='bbox 528 588 708 627; x_wconf 86' lang='lat' dir='ltr'>verum</span> <span class='ocrx_word' id='word_1_32' title='bbox 760 573 974 642; x_wconf 84' lang='lat' dir='ltr'>petebat</span> <span class='ocrx_word' id='word_1_33' title='bbox 1043 573 1224 627; x_wconf 85' lang='lat' dir='ltr'>divina</span> <span class='ocrx_word' id='word_1_34' title='bbox 1285 574 1441 627; x_wconf 88' lang='lat' dir='ltr'>educi</span> <span class='ocrx_word' id='word_1_35' title='bbox 1508 575 1810 638; x_wconf 73' lang='lat' dir='ltr'>voluntate,</span> 
     </span>
    </p>
   </div>
   <div class='ocr_carea' id='block_1_8' title="bbox 227 667 1807 737">
    <p class='ocr_par' dir='ltr' id='par_1_8' title="bbox 227 667 1807 737">
     <span class='ocr_line' id='line_1_8' title="bbox 227 667 1807 737; baseline -0.002 -13"><span class='ocrx_word' id='word_1_36' title='bbox 227 669 390 724; x_wconf 89' lang='lat' dir='ltr'>etiam</span> <span class='ocrx_word' id='word_1_37' title='bbox 426 667 741 737; x_wconf 84' lang='lat' dir='ltr'>priusquam</span> <span class='ocrx_word' id='word_1_38' title='bbox 790 667 852 720; x_wconf 90' lang='lat' dir='ltr'>ad</span> <span class='ocrx_word' id='word_1_39' title='bbox 903 675 1239 720; x_wconf 83' lang='lat' dir='ltr'>senectutem</span> <span class='ocrx_word' id='word_1_40' title='bbox 1281 667 1606 735; x_wconf 82' lang='lat' dir='ltr'>perveniret.</span> <span class='ocrx_word' id='word_1_41' title='bbox 1654 667 1807 722; x_wconf 86' lang='lat' dir='ltr'>Ideo-</span> 
     </span>
    </p>
   </div>
   <div class='ocr_carea' id='block_1_9' title="bbox 232 757 1809 832">
    <p class='ocr_par' dir='ltr' id='par_1_9' title="bbox 232 757 1809 832">
     <span class='ocr_line' id='line_1_9' title="bbox 232 757 1809 832; baseline 0.001 -17"><span class='ocrx_word' id='word_1_42' title='bbox 232 777 338 832; x_wconf 87' lang='lat' dir='ltr'>que</span> <span class='ocrx_word' id='word_1_43' title='bbox 396 761 505 815; x_wconf 88' lang='lat' dir='ltr'>alio</span> <span class='ocrx_word' id='word_1_44' title='bbox 555 760 676 814; x_wconf 89' lang='lat' dir='ltr'>loco</span> <span class='ocrx_word' id='word_1_45' title='bbox 723 759 888 824; x_wconf 89' lang='lat' dir='ltr'>dicit,</span> <span class='ocrx_word' id='word_1_46' title='bbox 934 777 952 810; x_wconf 75' lang='grc' dir='ltr'>ι</span> <span class='ocrx_word' id='word_1_47' title='bbox 1005 757 1081 813; x_wconf 89' lang='lat' dir='ltr'>Ne</span> <span class='ocrx_word' id='word_1_48' title='bbox 1114 774 1336 813; x_wconf 79' lang='lat' dir='ltr'>revoces</span> <span class='ocrx_word' id='word_1_49' title='bbox 1370 775 1455 812; x_wconf 92' lang='lat' dir='ltr'>me</span> <span class='ocrx_word' id='word_1_50' title='bbox 1490 761 1540 812; x_wconf 90' lang='lat' dir='ltr'>in</span> <span class='ocrx_word' id='word_1_51' title='bbox 1581 759 1809 816; x_wconf 91' lang='lat' dir='ltr'>dimidio</span> 
     </span>
    </p>
   </div>
   <div class='ocr_carea' id='block_1_10' title="bbox 142 850 1804 920">
    <p class='ocr_par' dir='ltr' id='par_1_10' title="bbox 142 850 1804 920">
     <span class='ocr_line' id='line_1_10' title="bbox 142 850 1804 920; baseline 0.001 -15"><span class='ocrx_word' id='word_1_52' title='bbox 142 883 144 885; x_wconf 95' lang='lat'><strong><em>-</em></strong></span> <span class='ocrx_word' id='word_1_53' title='bbox 230 853 442 907; x_wconf 87' lang='lat' dir='ltr'>dierum</span> <span class='ocrx_word' id='word_1_54' title='bbox 485 866 752 905; x_wconf 83' lang='lat' dir='ltr'>meorum.</span> <span class='ocrx_word' id='word_1_55' title='bbox 795 850 986 919; x_wconf 73' lang='lat' dir='ltr'>rAlqtti</span> <span class='ocrx_word' id='word_1_56' title='bbox 1020 865 1123 904; x_wconf 91' lang='lat' dir='ltr'>non</span> <span class='ocrx_word' id='word_1_57' title='bbox 1170 851 1442 918; x_wconf 63' lang='lat' dir='ltr'>quaerebat</span> <span class='ocrx_word' id='word_1_58' title='bbox 1473 851 1620 920; x_wconf 87' lang='lat' dir='ltr'>quod</span> <span class='ocrx_word' id='word_1_59' title='bbox 1658 852 1804 906; x_wconf 88' lang='lat' dir='ltr'>inso-</span> 
     </span>
    </p>
   </div>
   <div class='ocr_carea' id='block_1_11' title="bbox 232 941 1805 1007">
    <p class='ocr_par' dir='ltr' id='par_1_11' title="bbox 232 941 1805 1007">
     <span class='ocr_line' id='line_1_11' title="bbox 232 941 1805 1007; baseline 0.001 -12"><span class='ocrx_word' id='word_1_60' title='bbox 232 942 349 996; x_wconf 90' lang='lat' dir='ltr'>lens</span> <span class='ocrx_word' id='word_1_61' title='bbox 375 951 491 995; x_wconf 85' lang='lat' dir='ltr'>erat</span> <span class='ocrx_word' id='word_1_62' title='bbox 527 941 728 995; x_wconf 72' lang='lat' dir='ltr'>divina:</span> <span class='ocrx_word' id='word_1_63' title='bbox 761 941 1132 1007; x_wconf 64' lang='lat' dir='ltr'>providentiae,</span> <span class='ocrx_word' id='word_1_64' title='bbox 1165 941 1289 995; x_wconf 87' lang='lat' dir='ltr'>talis</span> <span class='ocrx_word' id='word_1_65' title='bbox 1329 955 1451 993; x_wconf 86' lang='lat' dir='ltr'>cum</span> <span class='ocrx_word' id='word_1_66' title='bbox 1486 949 1653 1004; x_wconf 84' lang='lat' dir='ltr'>esset,</span> <span class='ocrx_word' id='word_1_67' title='bbox 1689 951 1742 994; x_wconf 89' lang='lat' dir='ltr'>et</span> <span class='ocrx_word' id='word_1_68' title='bbox 1777 957 1805 996; x_wconf 87' lang='lat' dir='ltr'>a</span> 
     </span>
    </p>
   </div>
   <div class='ocr_carea' id='block_1_12' title="bbox 231 1031 1806 1100">
    <p class='ocr_par' dir='ltr' id='par_1_12' title="bbox 231 1031 1806 1100">
     <span class='ocr_line' id='line_1_12' title="bbox 231 1031 1806 1100; baseline -0.001 -14"><span class='ocrx_word' id='word_1_69' title='bbox 231 1031 436 1100; x_wconf 84' lang='lat' dir='ltr'>Spiritu</span> <span class='ocrx_word' id='word_1_70' title='bbox 493 1042 682 1086; x_wconf 83' lang='lat' dir='ltr'>sancto</span> <span class='ocrx_word' id='word_1_71' title='bbox 733 1032 980 1092; x_wconf 84' lang='lat' dir='ltr'>edoctus,</span> <span class='ocrx_word' id='word_1_72' title='bbox 1015 1046 1259 1099; x_wconf 66' lang='lat' dir='ltr'>quaenam</span> <span class='ocrx_word' id='word_1_73' title='bbox 1295 1043 1480 1097; x_wconf 88' lang='lat' dir='ltr'>petere</span> <span class='ocrx_word' id='word_1_74' title='bbox 1503 1041 1806 1099; x_wconf 86' lang='lat' dir='ltr'>oporteret.</span> 
     </span>
    </p>
   </div>
   <div class='ocr_carea' id='block_1_13' title="bbox 233 1123 1814 1190">
    <p class='ocr_par' dir='ltr' id='par_1_13' title="bbox 233 1123 1814 1190">
     <span class='ocr_line' id='line_1_13' title="bbox 233 1123 1814 1190; baseline 0.001 -14"><span class='ocrx_word' id='word_1_75' title='bbox 233 1124 596 1190; x_wconf 85' lang='lat' dir='ltr'>Quamobrem</span> <span class='ocrx_word' id='word_1_76' title='bbox 651 1123 833 1178; x_wconf 83' lang='lat' dir='ltr'>educit</span> <span class='ocrx_word' id='word_1_77' title='bbox 868 1123 1007 1176; x_wconf 89' lang='lat' dir='ltr'>Dens</span> <span class='ocrx_word' id='word_1_78' title='bbox 1056 1123 1292 1177; x_wconf 86' lang='lat' dir='ltr'>hominis</span> <span class='ocrx_word' id='word_1_79' title='bbox 1336 1124 1576 1177; x_wconf 87' lang='lat' dir='ltr'>animum</span> <span class='ocrx_word' id='word_1_80' title='bbox 1608 1138 1674 1177; x_wconf 81' lang='lat' dir='ltr'>ex</span> <span class='ocrx_word' id='word_1_81' title='bbox 1709 1125 1814 1178; x_wconf 85' lang='lat' dir='ltr'>hac</span> 
     </span>
    </p>
   </div>
   <div class='ocr_carea' id='block_1_14' title="bbox 232 1200 1812 1284">
    <p class='ocr_par' dir='ltr' id='par_1_14' title="bbox 232 1200 1812 1284">
     <span class='ocr_line' id='line_1_14' title="bbox 232 1200 1812 1284; baseline -0.001 -16"><span class='ocrx_word' id='word_1_82' title='bbox 232 1217 367 1277; x_wconf 79' lang='lat' dir='ltr'>vita,</span> <span class='ocrx_word' id='word_1_83' title='bbox 405 1232 525 1268; x_wconf 82' lang='lat' dir='ltr'>cum</span> <span class='ocrx_word' id='word_1_84' title='bbox 556 1217 627 1268; x_wconf 77' lang='lat' dir='ltr'>ita</span> <span class='ocrx_word' id='word_1_85' title='bbox 659 1215 1025 1275; x_wconf 79' lang='lat' dir='ltr'>constituetit,</span> <span class='ocrx_word' id='word_1_86' title='bbox 1055 1214 1135 1266; x_wconf 88' lang='lat' dir='ltr'>vel</span> <span class='ocrx_word' id='word_1_87' title='bbox 1170 1215 1220 1266; x_wconf 89' lang='lat' dir='ltr'>in</span> <span class='ocrx_word' id='word_1_88' title='bbox 1250 1200 1478 1268; x_wconf 72' lang='lat' dir='ltr'>dimidio</span> <span class='ocrx_word' id='word_1_89' title='bbox 1503 1231 1688 1275; x_wconf 77' lang='lat' dir='ltr'>cursu,</span> <span class='ocrx_word' id='word_1_90' title='bbox 1717 1223 1812 1284; x_wconf 83' lang='lat' dir='ltr'>aut</span> 
     </span>
    </p>
   </div>
   <div class='ocr_carea' id='block_1_15' title="bbox 233 1306 1810 1377">
    <p class='ocr_par' dir='ltr' id='par_1_15' title="bbox 233 1306 1810 1377">
     <span class='ocr_line' id='line_1_15' title="bbox 233 1306 1810 1377; baseline -0.001 -18"><span class='ocrx_word' id='word_1_91' title='bbox 233 1324 460 1377; x_wconf 76' lang='lat' dir='ltr'>prorsus</span> <span class='ocrx_word' id='word_1_92' title='bbox 495 1310 548 1362; x_wconf 93' lang='lat' dir='ltr'>in</span> <span class='ocrx_word' id='word_1_93' title='bbox 593 1319 744 1377; x_wconf 87' lang='lat' dir='ltr'>parte</span> <span class='ocrx_word' id='word_1_94' title='bbox 793 1308 1020 1375; x_wconf 82' lang='lat' dir='ltr'>quadam</span> <span class='ocrx_word' id='word_1_95' title='bbox 1079 1321 1347 1360; x_wconf 68' lang='lat' dir='ltr'>mensura:</span> <span class='ocrx_word' id='word_1_96' title='bbox 1397 1306 1810 1370; x_wconf 85' lang='lat' dir='ltr'>eommunioris,</span> 
     </span>
    </p>
   </div>
   <div class='ocr_carea' id='block_1_16' title="bbox 170 1392 1811 1469">
    <p class='ocr_par' dir='ltr' id='par_1_16' title="bbox 170 1392 1811 1469">
     <span class='ocr_line' id='line_1_16' title="bbox 170 1392 1811 1469; baseline -0.004 -14"><span class='ocrx_word' id='word_1_97' title='bbox 170 1392 172 1395; x_wconf 66' lang='grc'><em>’</em></span> <span class='ocrx_word' id='word_1_98' title='bbox 235 1402 488 1456; x_wconf 87' lang='lat' dir='ltr'>omnibus</span> <span class='ocrx_word' id='word_1_99' title='bbox 521 1401 612 1469; x_wconf 86' lang='lat' dir='ltr'>qui</span> <span class='ocrx_word' id='word_1_100' title='bbox 637 1403 688 1454; x_wconf 92' lang='lat' dir='ltr'>in</span> <span class='ocrx_word' id='word_1_101' title='bbox 721 1399 827 1452; x_wconf 87' lang='lat' dir='ltr'>vita</span> <span class='ocrx_word' id='word_1_102' title='bbox 869 1398 1182 1466; x_wconf 87' lang='lat' dir='ltr'>persistunt,</span> <span class='ocrx_word' id='word_1_103' title='bbox 1213 1407 1268 1451; x_wconf 89' lang='lat' dir='ltr'>et</span> <span class='ocrx_word' id='word_1_104' title='bbox 1294 1397 1436 1458; x_wconf 84' lang='lat' dir='ltr'>addit</span> <span class='ocrx_word' id='word_1_105' title='bbox 1479 1406 1530 1450; x_wconf 83' lang='lat' dir='ltr'>et</span> <span class='ocrx_word' id='word_1_106' title='bbox 1563 1397 1811 1451; x_wconf 83' lang='lat' dir='ltr'>conscin-</span> 
     </span>
    </p>
   </div>
   <div class='ocr_carea' id='block_1_17' title="bbox 237 1488 1806 1558">
    <p class='ocr_par' dir='ltr' id='par_1_17' title="bbox 237 1488 1806 1558">
     <span class='ocr_line' id='line_1_17' title="bbox 237 1488 1806 1558; baseline -0.001 -14"><span class='ocrx_word' id='word_1_107' title='bbox 237 1492 336 1554; x_wconf 88' lang='lat' dir='ltr'>dit,</span> <span class='ocrx_word' id='word_1_108' title='bbox 371 1493 513 1546; x_wconf 87' lang='lat' dir='ltr'>sicut</span> <span class='ocrx_word' id='word_1_109' title='bbox 544 1493 749 1545; x_wconf 89' lang='lat' dir='ltr'>dictum</span> <span class='ocrx_word' id='word_1_110' title='bbox 779 1499 862 1544; x_wconf 89' lang='lat' dir='ltr'>est</span> <span class='ocrx_word' id='word_1_111' title='bbox 889 1491 1058 1558; x_wconf 82' lang='lat' dir='ltr'>prius,</span> <span class='ocrx_word' id='word_1_112' title='bbox 1095 1489 1223 1543; x_wconf 91' lang='lat' dir='ltr'>dum</span> <span class='ocrx_word' id='word_1_113' title='bbox 1253 1500 1347 1542; x_wconf 89' lang='lat' dir='ltr'>aut</span> <span class='ocrx_word' id='word_1_114' title='bbox 1381 1490 1460 1543; x_wconf 89' lang='lat' dir='ltr'>sic</span> <span class='ocrx_word' id='word_1_115' title='bbox 1511 1489 1628 1558; x_wconf 89' lang='lat' dir='ltr'>ipse</span> <span class='ocrx_word' id='word_1_116' title='bbox 1664 1488 1806 1557; x_wconf 74' lang='lat' dir='ltr'>judi-</span> 
     </span>
    </p>
   </div>
   <div class='ocr_carea' id='block_1_18' title="bbox 1912 481 3490 551">
    <p class='ocr_par' dir='ltr' id='par_1_18' title="bbox 1912 481 3490 551">
     <span class='ocr_line' id='line_1_18' title="bbox 1912 481 3490 551; baseline 0 -17"><span class='ocrx_word' id='word_1_117' title='bbox 1912 486 1988 543; x_wconf 78' lang='grc' dir='ltr'>εἱς</span> <span class='ocrx_word' id='word_1_118' title='bbox 2016 484 2190 551; x_wconf 76' lang='grc' dir='ltr'>γῆρας</span> <span class='ocrx_word' id='word_1_119' title='bbox 2221 483 2414 536; x_wconf 76' lang='grc' dir='ltr'>ἐλθεῖν.</span> <span class='ocrx_word' id='word_1_120' title='bbox 2440 486 2545 536; x_wconf 67' lang='grc' dir='ltr'>Καὶ</span> <span class='ocrx_word' id='word_1_121' title='bbox 2581 482 2667 535; x_wconf 77' lang='grc' dir='ltr'>διὰ</span> <span class='ocrx_word' id='word_1_122' title='bbox 2690 482 2852 534; x_wconf 73' lang='grc' dir='ltr'>τοῦτο</span> <span class='ocrx_word' id='word_1_123' title='bbox 2872 500 3035 551; x_wconf 78' lang='grc' dir='ltr'>φησιν</span> <span class='ocrx_word' id='word_1_124' title='bbox 3061 481 3292 549; x_wconf 71' lang='grc' dir='ltr'>ἀλλαχοῦ</span> <span class='ocrx_word' id='word_1_125' title='bbox 3314 498 3326 512; x_wconf 83' lang='grc'><strong><em>⁸</em></strong></span> <span class='ocrx_word' id='word_1_126' title='bbox 3355 501 3373 533; x_wconf 89' lang='grc' dir='ltr'>ι</span> <span class='ocrx_word' id='word_1_127' title='bbox 3401 485 3490 550; x_wconf 76' lang='grc' dir='ltr'>Μὴ</span> 
     </span>
    </p>
   </div>
   <div class='ocr_carea' id='block_1_19' title="bbox 1909 573 3491 646">
    <p class='ocr_par' dir='ltr' id='par_1_19' title="bbox 1909 573 3491 646">
     <span class='ocr_line' id='line_1_19' title="bbox 1909 573 3491 646; baseline -0.001 -20"><span class='ocrx_word' id='word_1_128' title='bbox 1909 574 2192 646; x_wconf 73' lang='grc' dir='ltr'>ἀναγάγῃς</span> <span class='ocrx_word' id='word_1_129' title='bbox 2225 593 2287 640; x_wconf 86' lang='grc' dir='ltr'>με</span> <span class='ocrx_word' id='word_1_130' title='bbox 2327 577 2384 626; x_wconf 81' lang='grc' dir='ltr'>ἐν</span> <span class='ocrx_word' id='word_1_131' title='bbox 2413 574 2599 643; x_wconf 81' lang='grc' dir='ltr'>ἡμίσει</span> <span class='ocrx_word' id='word_1_132' title='bbox 2628 574 2847 641; x_wconf 81' lang='grc' dir='ltr'>ἡμερῶν</span> <span class='ocrx_word' id='word_1_133' title='bbox 2871 591 2994 640; x_wconf 87' lang='grc' dir='ltr'>μου.</span> <span class='ocrx_word' id='word_1_134' title='bbox 3023 592 3040 623; x_wconf 74' lang='grc' dir='ltr'>ι</span> <span class='ocrx_word' id='word_1_135' title='bbox 3072 573 3186 624; x_wconf 84' lang='grc' dir='ltr'>υύκ</span> <span class='ocrx_word' id='word_1_136' title='bbox 3218 574 3401 640; x_wconf 71' lang='grc' dir='ltr'>ἐζήτει</span> <span class='ocrx_word' id='word_1_137' title='bbox 3433 573 3491 624; x_wconf 78' lang='grc' dir='ltr'>δὲ</span> 
     </span>
    </p>
   </div>
   <div class='ocr_carea' id='block_1_20' title="bbox 1909 664 3494 734">
    <p class='ocr_par' dir='ltr' id='par_1_20' title="bbox 1909 664 3494 734">
     <span class='ocr_line' id='line_1_20' title="bbox 1909 664 3494 734; baseline -0.001 -16"><span class='ocrx_word' id='word_1_138' title='bbox 1909 667 1972 718; x_wconf 68' lang='lat' dir='ltr'>to</span> <span class='ocrx_word' id='word_1_139' title='bbox 2004 667 2169 732; x_wconf 79' lang='grc' dir='ltr'>ἄηθες</span> <span class='ocrx_word' id='word_1_140' title='bbox 2199 669 2266 734; x_wconf 78' lang='grc' dir='ltr'>τῇ</span> <span class='ocrx_word' id='word_1_141' title='bbox 2301 667 2420 733; x_wconf 70' lang='grc' dir='ltr'>θείᾳ</span> <span class='ocrx_word' id='word_1_142' title='bbox 2461 665 2688 734; x_wconf 71' lang='grc' dir='ltr'>προνοίᾳ</span> <span class='ocrx_word' id='word_1_143' title='bbox 2716 665 2960 728; x_wconf 74' lang='grc' dir='ltr'>τοιοῦτος</span> <span class='ocrx_word' id='word_1_144' title='bbox 2990 665 3083 727; x_wconf 84' lang='grc' dir='ltr'>ῶν,</span> <span class='ocrx_word' id='word_1_145' title='bbox 3121 667 3214 715; x_wconf 73' lang='grc' dir='ltr'>καὶ</span> <span class='ocrx_word' id='word_1_146' title='bbox 3243 664 3396 729; x_wconf 81' lang='grc' dir='ltr'>εἰδὼς</span> <span class='ocrx_word' id='word_1_147' title='bbox 3429 665 3494 716; x_wconf 77' lang='grc' dir='ltr'>ἐκ</span> 
     </span>
    </p>
   </div>
   <div class='ocr_carea' id='block_1_21' title="bbox 1911 757 3494 829">
    <p class='ocr_par' dir='ltr' id='par_1_21' title="bbox 1911 757 3494 829">
     <span class='ocr_line' id='line_1_21' title="bbox 1911 757 3494 829; baseline -0.001 -17"><span class='ocrx_word' id='word_1_148' title='bbox 1911 759 2004 812; x_wconf 80' lang='grc' dir='ltr'>τοῦ</span> <span class='ocrx_word' id='word_1_149' title='bbox 2036 759 2348 829; x_wconf 80' lang='grc' dir='ltr'>Πνεύματος</span> <span class='ocrx_word' id='word_1_150' title='bbox 2375 761 2409 815; x_wconf 78' lang='grc' dir='ltr'>ἃ</span> <span class='ocrx_word' id='word_1_151' title='bbox 2431 761 2509 813; x_wconf 85' lang='grc' dir='ltr'>δεῖ</span> <span class='ocrx_word' id='word_1_152' title='bbox 2537 757 2829 812; x_wconf 75' lang='grc' dir='ltr'>αἰτεῖσθαι.</span> <span class='ocrx_word' id='word_1_153' title='bbox 2861 757 3074 810; x_wconf 70' lang='grc' dir='ltr'>Οὐκοῦν</span> <span class='ocrx_word' id='word_1_154' title='bbox 3103 758 3286 825; x_wconf 78' lang='grc' dir='ltr'>ἐξάγει</span> <span class='ocrx_word' id='word_1_155' title='bbox 3305 760 3333 809; x_wconf 82' lang='grc' dir='ltr'><strong>ὁ</strong></span> <span class='ocrx_word' id='word_1_156' title='bbox 3361 758 3494 820; x_wconf 71' lang='grc' dir='ltr'>Θεὸς</span> 
     </span>
    </p>
   </div>
   <div class='ocr_carea' id='block_1_22' title="bbox 1910 848 3496 922">
    <p class='ocr_par' dir='ltr' id='par_1_22' title="bbox 1910 848 3496 922">
     <span class='ocr_line' id='line_1_22' title="bbox 1910 848 3496 922; baseline -0.003 -18"><span class='ocrx_word' id='word_1_157' title='bbox 1910 854 2009 922; x_wconf 83' lang='grc' dir='ltr'>τὴν</span> <span class='ocrx_word' id='word_1_158' title='bbox 2039 853 2133 904; x_wconf 80' lang='grc' dir='ltr'>τοῦ</span> <span class='ocrx_word' id='word_1_159' title='bbox 2181 852 2474 921; x_wconf 83' lang='grc' dir='ltr'>ἀνθρώπου</span> <span class='ocrx_word' id='word_1_160' title='bbox 2505 849 2684 919; x_wconf 75' lang='grc' dir='ltr'>ψυχὴν</span> <span class='ocrx_word' id='word_1_161' title='bbox 2725 850 2822 916; x_wconf 79' lang='grc' dir='ltr'>τῆς</span> <span class='ocrx_word' id='word_1_162' title='bbox 2865 848 3103 900; x_wconf 74' lang='grc' dir='ltr'>ἐνταῦθα</span> <span class='ocrx_word' id='word_1_163' title='bbox 3144 848 3311 915; x_wconf 74' lang='grc' dir='ltr'>ζωῆς,</span> <span class='ocrx_word' id='word_1_164' title='bbox 3345 851 3496 900; x_wconf 74' lang='grc' dir='ltr'>ἐττει-</span> 
     </span>
    </p>
   </div>
   <div class='ocr_carea' id='block_1_23' title="bbox 1912 937 3493 1012">
    <p class='ocr_par' dir='ltr' id='par_1_23' title="bbox 1912 937 3493 1012">
     <span class='ocr_line' id='line_1_23' title="bbox 1912 937 3493 1012; baseline -0.004 -16"><span class='ocrx_word' id='word_1_165' title='bbox 1912 943 2009 996; x_wconf 74' lang='grc' dir='ltr'>δὰν</span> <span class='ocrx_word' id='word_1_166' title='bbox 2040 943 2275 1012; x_wconf 74' lang='grc' dir='ltr'>βουληθῇ</span> <span class='ocrx_word' id='word_1_167' title='bbox 2313 945 2369 993; x_wconf 83' lang='grc' dir='ltr'>ἐν</span> <span class='ocrx_word' id='word_1_168' title='bbox 2406 944 2480 1010; x_wconf 79' lang='grc' dir='ltr'>τῷ</span> <span class='ocrx_word' id='word_1_169' title='bbox 2527 942 2741 1010; x_wconf 80' lang='grc' dir='ltr'>ἡμίσει,</span> <span class='ocrx_word' id='word_1_170' title='bbox 2793 940 2823 1008; x_wconf 79' lang='grc' dir='ltr'><strong>ἢ</strong></span> <span class='ocrx_word' id='word_1_171' title='bbox 2855 939 2992 1000; x_wconf 77' lang='grc' dir='ltr'>ὅλως</span> <span class='ocrx_word' id='word_1_172' title='bbox 3044 939 3201 1006; x_wconf 81' lang='grc' dir='ltr'>μέρει</span> <span class='ocrx_word' id='word_1_173' title='bbox 3237 940 3366 999; x_wconf 84' lang='grc' dir='ltr'>τινὶ,</span> <span class='ocrx_word' id='word_1_174' title='bbox 3396 937 3493 991; x_wconf 79' lang='grc' dir='ltr'>τοῦ</span> 
     </span>
    </p>
   </div>
   <div class='ocr_carea' id='block_1_24' title="bbox 1917 1029 3491 1102">
    <p class='ocr_par' dir='ltr' id='par_1_24' title="bbox 1917 1029 3491 1102">
     <span class='ocr_line' id='line_1_24' title="bbox 1917 1029 3491 1102; baseline -0.004 -15"><span class='ocrx_word' id='word_1_175' title='bbox 1917 1037 2051 1087; x_wconf 81' lang='grc' dir='ltr'>πᾶσι</span> <span class='ocrx_word' id='word_1_176' title='bbox 2081 1036 2401 1102; x_wconf 76' lang='grc' dir='ltr'>καινοτέρου</span> <span class='ocrx_word' id='word_1_177' title='bbox 2453 1035 2650 1102; x_wconf 83' lang='grc' dir='ltr'>μέτρου</span> <span class='ocrx_word' id='word_1_178' title='bbox 2698 1034 2810 1093; x_wconf 87' lang='grc' dir='ltr'>τοῖς</span> <span class='ocrx_word' id='word_1_179' title='bbox 2839 1033 2894 1082; x_wconf 82' lang='grc' dir='ltr'>ἐν</span> <span class='ocrx_word' id='word_1_180' title='bbox 2925 1033 2988 1098; x_wconf 81' lang='grc' dir='ltr'>τῇ</span> <span class='ocrx_word' id='word_1_181' title='bbox 3037 1030 3149 1098; x_wconf 80' lang='grc' dir='ltr'>ξωῇ</span> <span class='ocrx_word' id='word_1_182' title='bbox 3183 1029 3491 1099; x_wconf 70' lang='grc' dir='ltr'>διαρκι-ὖσι,</span> 
     </span>
    </p>
   </div>
   <div class='ocr_carea' id='block_1_25' title="bbox 1913 1121 3493 1194">
    <p class='ocr_par' dir='ltr' id='par_1_25' title="bbox 1913 1121 3493 1194">
     <span class='ocr_line' id='line_1_25' title="bbox 1913 1121 3493 1194; baseline -0.003 -17"><span class='ocrx_word' id='word_1_183' title='bbox 1913 1125 2009 1178; x_wconf 78' lang='grc' dir='ltr'>καὶ</span> <span class='ocrx_word' id='word_1_184' title='bbox 2070 1125 2399 1194; x_wconf 76' lang='grc' dir='ltr'>προστίθησι</span> <span class='ocrx_word' id='word_1_185' title='bbox 2455 1124 2546 1176; x_wconf 76' lang='grc' dir='ltr'>καὶ</span> <span class='ocrx_word' id='word_1_186' title='bbox 2596 1123 2904 1190; x_wconf 78' lang='grc' dir='ltr'>συντέμνει,</span> <span class='ocrx_word' id='word_1_187' title='bbox 2972 1123 3222 1188; x_wconf 80' lang='grc' dir='ltr'>καθάπερ</span> <span class='ocrx_word' id='word_1_188' title='bbox 3278 1121 3493 1190; x_wconf 82' lang='grc' dir='ltr'>εἴρηται</span> 
     </span>
    </p>
   </div>
   <div class='ocr_carea' id='block_1_26' title="bbox 1919 1214 3495 1287">
    <p class='ocr_par' dir='ltr' id='par_1_26' title="bbox 1919 1214 3495 1287">
     <span class='ocr_line' id='line_1_26' title="bbox 1919 1214 3495 1287; baseline -0.001 -19"><span class='ocrx_word' id='word_1_189' title='bbox 1919 1217 2207 1287; x_wconf 73' lang='grc' dir='ltr'>πρότερον,</span> <span class='ocrx_word' id='word_1_190' title='bbox 2238 1217 2271 1287; x_wconf 84' lang='grc' dir='ltr'>ἢ</span> <span class='ocrx_word' id='word_1_191' title='bbox 2310 1217 2456 1269; x_wconf 73' lang='grc' dir='ltr'>οὔταε)</span> <span class='ocrx_word' id='word_1_192' title='bbox 2488 1217 2692 1286; x_wconf 81' lang='grc' dir='ltr'>κρίνων</span> <span class='ocrx_word' id='word_1_193' title='bbox 2721 1216 2900 1277; x_wconf 61' lang='grc' dir='ltr'>αύτλς.</span> <span class='ocrx_word' id='word_1_194' title='bbox 2935 1214 2967 1284; x_wconf 80' lang='grc' dir='ltr'><strong>ἣ</strong></span> <span class='ocrx_word' id='word_1_195' title='bbox 3000 1216 3095 1266; x_wconf 62' lang='grc' dir='ltr'>καὶ⁸</span> <span class='ocrx_word' id='word_1_196' title='bbox 3137 1215 3250 1276; x_wconf 89' lang='grc' dir='ltr'>τοῖς</span> <span class='ocrx_word' id='word_1_197' title='bbox 3271 1215 3495 1282; x_wconf 69' lang='grc' dir='ltr'>εὖχομέ-</span> 
     </span>
    </p>
   </div>
   <div class='ocr_carea' id='block_1_27' title="bbox 1919 1307 3492 1378">
    <p class='ocr_par' dir='ltr' id='par_1_27' title="bbox 1919 1307 3492 1378">
     <span class='ocr_line' id='line_1_27' title="bbox 1919 1307 3492 1378; baseline -0.007 -11"><span class='ocrx_word' id='word_1_198' title='bbox 1919 1327 2028 1372; x_wconf 89' lang='grc' dir='ltr'>νοις</span> <span class='ocrx_word' id='word_1_199' title='bbox 2090 1311 2476 1378; x_wconf 71' lang='grc' dir='ltr'>χαριζόμενος,</span> <span class='ocrx_word' id='word_1_200' title='bbox 2541 1309 2735 1378; x_wconf 76' lang='grc' dir='ltr'>ἐκείνῳ</span> <span class='ocrx_word' id='word_1_201' title='bbox 2807 1307 2952 1376; x_wconf 85' lang='grc' dir='ltr'>μόνῳ</span> <span class='ocrx_word' id='word_1_202' title='bbox 3018 1309 3492 1373; x_wconf 83' lang='grc' dir='ltr'>προεγνωσμένον,</span> 
     </span>
    </p>
   </div>
   <div class='ocr_carea' id='block_1_28' title="bbox 1921 1396 3498 1471">
    <p class='ocr_par' dir='ltr' id='par_1_28' title="bbox 1921 1396 3498 1471">
     <span class='ocr_line' id='line_1_28' title="bbox 1921 1396 3498 1471; baseline -0.002 -18"><span class='ocrx_word' id='word_1_203' title='bbox 1921 1399 2172 1471; x_wconf 76' lang='grc' dir='ltr'>καθάπερ</span> <span class='ocrx_word' id='word_1_204' title='bbox 2205 1401 2332 1468; x_wconf 83' lang='grc' dir='ltr'>ὅρου</span> <span class='ocrx_word' id='word_1_205' title='bbox 2362 1402 2455 1454; x_wconf 81' lang='grc' dir='ltr'>καὶ</span> <span class='ocrx_word' id='word_1_206' title='bbox 2486 1401 2741 1469; x_wconf 82' lang='grc' dir='ltr'>πέρατος,</span> <span class='ocrx_word' id='word_1_207' title='bbox 2773 1399 2801 1452; x_wconf 87' lang='grc' dir='ltr'><strong>ὃ</strong></span> <span class='ocrx_word' id='word_1_208' title='bbox 2834 1399 2943 1460; x_wconf 78' lang='grc' dir='ltr'>τοῖς</span> <span class='ocrx_word' id='word_1_209' title='bbox 2974 1396 3154 1466; x_wconf 76' lang='grc' dir='ltr'>ἔργοις</span> <span class='ocrx_word' id='word_1_210' title='bbox 3189 1396 3498 1450; x_wconf 87' lang='grc' dir='ltr'>τελευταῖον</span> 
     </span>
    </p>
   </div>
   <div class='ocr_carea' id='block_1_29' title="bbox 1918 1491 2176 1546">
    <p class='ocr_par' dir='ltr' id='par_1_29' title="bbox 1918 1491 2176 1546">
     <span class='ocr_line' id='line_1_29' title="bbox 1918 1491 2176 1546; baseline 0.008 -2"><span class='ocrx_word' id='word_1_211' title='bbox 1918 1491 2176 1546; x_wconf 74' lang='grc' dir='ltr'>ἐκδαίνει.</span> 
     </span>
    </p>
   </div>
   <div class='ocr_carea' id='block_1_30' title="bbox 235 1585 3497 1660">
    <p class='ocr_par' dir='ltr' id='par_1_30' title="bbox 235 1585 3497 1660">
     <span class='ocr_line' id='line_1_30' title="bbox 235 1585 3497 1660; baseline -0.001 -16"><span class='ocrx_word' id='word_1_212' title='bbox 235 1599 343 1655; x_wconf 85' lang='lat' dir='ltr'>cat,</span> <span class='ocrx_word' id='word_1_213' title='bbox 377 1601 470 1644; x_wconf 88' lang='lat' dir='ltr'>aut</span> <span class='ocrx_word' id='word_1_214' title='bbox 505 1589 851 1659; x_wconf 72' lang='lat' dir='ltr'>precantibus</span> <span class='ocrx_word' id='word_1_215' title='bbox 881 1588 1237 1657; x_wconf 80' lang='lat' dir='ltr'>gratiliratur,</span> <span class='ocrx_word' id='word_1_216' title='bbox 1278 1587 1352 1641; x_wconf 78' lang='lat' dir='ltr'>illi</span> <span class='ocrx_word' id='word_1_217' title='bbox 1409 1589 1506 1643; x_wconf 89' lang='lat' dir='ltr'>soli</span> <span class='ocrx_word' id='word_1_218' title='bbox 1544 1590 1960 1658; x_wconf 66' lang='lat' dir='ltr'>prmcognitnm,</span> <span class='ocrx_word' id='word_1_219' title='bbox 1995 1603 2255 1660; x_wconf 86' lang='lat' dir='ltr'>tanquam</span> <span class='ocrx_word' id='word_1_220' title='bbox 2319 1591 2372 1645; x_wconf 90' lang='lat' dir='ltr'>in</span> <span class='ocrx_word' id='word_1_221' title='bbox 2433 1591 2666 1648; x_wconf 88' lang='lat' dir='ltr'>termino</span> <span class='ocrx_word' id='word_1_222' title='bbox 2721 1598 2775 1647; x_wconf 86' lang='lat' dir='ltr'>et</span> <span class='ocrx_word' id='word_1_223' title='bbox 2819 1589 2988 1644; x_wconf 91' lang='lat' dir='ltr'>limite</span> <span class='ocrx_word' id='word_1_224' title='bbox 3049 1595 3227 1654; x_wconf 87' lang='lat' dir='ltr'>esset,</span> <span class='ocrx_word' id='word_1_225' title='bbox 3267 1587 3408 1656; x_wconf 89' lang='lat' dir='ltr'>quod</span> <span class='ocrx_word' id='word_1_226' title='bbox 3441 1585 3497 1642; x_wconf 74' lang='lat' dir='ltr'>in</span> 
     </span>
    </p>
   </div>
   <div class='ocr_carea' id='block_1_31' title="bbox 235 1682 1087 1754">
    <p class='ocr_par' dir='ltr' id='par_1_31' title="bbox 235 1682 1087 1754">
     <span class='ocr_line' id='line_1_31' title="bbox 235 1682 1087 1754; baseline -0.004 -14"><span class='ocrx_word' id='word_1_227' title='bbox 235 1685 490 1754; x_wconf 86' lang='lat' dir='ltr'>cperibns</span> <span class='ocrx_word' id='word_1_228' title='bbox 527 1685 772 1738; x_wconf 88' lang='lat' dir='ltr'>ultimum</span> <span class='ocrx_word' id='word_1_229' title='bbox 811 1682 1087 1737; x_wconf 89' lang='lat' dir='ltr'>nsuvenit.</span> 
     </span>
    </p>
   </div>
   <div class='ocr_carea' id='block_1_32' title="bbox 311 1773 1900 1844">
    <p class='ocr_par' dir='ltr' id='par_1_32' title="bbox 311 1773 1900 1844">
     <span class='ocr_line' id='line_1_32' title="bbox 311 1773 1900 1844; baseline -0.001 -16"><span class='ocrx_word' id='word_1_230' title='bbox 311 1775 763 1844; x_wconf 85' lang='lat' dir='ltr'>Quandoquidem</span> <span class='ocrx_word' id='word_1_231' title='bbox 796 1789 926 1827; x_wconf 86' lang='lat' dir='ltr'>vero</span> <span class='ocrx_word' id='word_1_232' title='bbox 980 1775 1249 1836; x_wconf 87' lang='lat' dir='ltr'>nonnulli,</span> <span class='ocrx_word' id='word_1_233' title='bbox 1295 1783 1350 1828; x_wconf 93' lang='lat' dir='ltr'>ut</span> <span class='ocrx_word' id='word_1_234' title='bbox 1399 1773 1506 1843; x_wconf 88' lang='lat' dir='ltr'>ais,</span> <span class='ocrx_word' id='word_1_235' title='bbox 1566 1775 1822 1829; x_wconf 85' lang='lat' dir='ltr'>Basilium</span> <span class='ocrx_word' id='word_1_236' title='bbox 1858 1779 1900 1834; x_wconf 80' lang='grc' dir='ltr'><strong>Β</strong></span> 
     </span>
    </p>
   </div>
   <div class='ocr_carea' id='block_1_33' title="bbox 235 1864 1820 1934">
    <p class='ocr_par' dir='ltr' id='par_1_33' title="bbox 235 1864 1820 1934">
     <span class='ocr_line' id='line_1_33' title="bbox 235 1864 1820 1934; baseline 0 -16"><span class='ocrx_word' id='word_1_237' title='bbox 235 1865 490 1934; x_wconf 76' lang='lat' dir='ltr'>Magnum</span> <span class='ocrx_word' id='word_1_238' title='bbox 525 1873 871 1925; x_wconf 81' lang='lat' dir='ltr'>accusantes,</span> <span class='ocrx_word' id='word_1_239' title='bbox 901 1878 964 1916; x_wconf 88' lang='lat' dir='ltr'>ac</span> <span class='ocrx_word' id='word_1_240' title='bbox 996 1875 1275 1932; x_wconf 83' lang='lat' dir='ltr'>prepterea</span> <span class='ocrx_word' id='word_1_241' title='bbox 1310 1879 1418 1918; x_wconf 91' lang='lat' dir='ltr'>non</span> <span class='ocrx_word' id='word_1_242' title='bbox 1451 1864 1820 1928; x_wconf 84' lang='lat' dir='ltr'>admittentes,</span> 
     </span>
    </p>
   </div>
   <div class='ocr_carea' id='block_1_34' title="bbox 238 1953 1824 2023">
    <p class='ocr_par' dir='ltr' id='par_1_34' title="bbox 238 1953 1824 2023">
     <span class='ocr_line' id='line_1_34' title="bbox 238 1953 1824 2023; baseline 0.001 -16"><span class='ocrx_word' id='word_1_243' title='bbox 238 1971 432 2008; x_wconf 75' lang='lat' dir='ltr'>rursus</span> <span class='ocrx_word' id='word_1_244' title='bbox 463 1953 851 2023; x_wconf 72' lang='lat' dir='ltr'>expostulent;</span> <span class='ocrx_word' id='word_1_245' title='bbox 885 1964 937 2007; x_wconf 91' lang='lat' dir='ltr'>tu</span> <span class='ocrx_word' id='word_1_246' title='bbox 972 1969 1135 2019; x_wconf 88' lang='lat' dir='ltr'>nunc,</span> <span class='ocrx_word' id='word_1_247' title='bbox 1176 1957 1259 2007; x_wconf 87' lang='lat' dir='ltr'>vir</span> <span class='ocrx_word' id='word_1_248' title='bbox 1297 1954 1667 2017; x_wconf 76' lang='lat' dir='ltr'>sanctissime,</span> <span class='ocrx_word' id='word_1_249' title='bbox 1702 1970 1824 2023; x_wconf 83' lang='lat' dir='ltr'>per-</span> 
     </span>
    </p>
   </div>
   <div class='ocr_carea' id='block_1_35' title="bbox 237 2046 1826 2115">
    <p class='ocr_par' dir='ltr' id='par_1_35' title="bbox 237 2046 1826 2115">
     <span class='ocr_line' id='line_1_35' title="bbox 237 2046 1826 2115; baseline 0 -15"><span class='ocrx_word' id='word_1_250' title='bbox 237 2047 433 2115; x_wconf 81' lang='lat' dir='ltr'>cepisti</span> <span class='ocrx_word' id='word_1_251' title='bbox 469 2046 726 2115; x_wconf 64' lang='lat' dir='ltr'>praeclare</span> <span class='ocrx_word' id='word_1_252' title='bbox 754 2055 865 2098; x_wconf 88' lang='lat' dir='ltr'>tttm</span> <span class='ocrx_word' id='word_1_253' title='bbox 900 2046 1336 2108; x_wconf 85' lang='lat' dir='ltr'>accusationem,</span> <span class='ocrx_word' id='word_1_254' title='bbox 1371 2055 1480 2098; x_wconf 88' lang='lat' dir='ltr'>tum</span> <span class='ocrx_word' id='word_1_255' title='bbox 1515 2046 1826 2114; x_wconf 83' lang='lat' dir='ltr'>expostula-</span> 
     </span>
    </p>
   </div>
   <div class='ocr_carea' id='block_1_36' title="bbox 241 2136 1824 2209">
    <p class='ocr_par' dir='ltr' id='par_1_36' title="bbox 241 2136 1824 2209">
     <span class='ocr_line' id='line_1_36' title="bbox 241 2136 1824 2209; baseline -0.003 -16"><span class='ocrx_word' id='word_1_256' title='bbox 241 2141 466 2203; x_wconf 88' lang='lat' dir='ltr'>tionem,</span> <span class='ocrx_word' id='word_1_257' title='bbox 511 2145 772 2206; x_wconf 86' lang='lat' dir='ltr'>quantum</span> <span class='ocrx_word' id='word_1_258' title='bbox 829 2137 1133 2209; x_wconf 72' lang='lat' dir='ltr'>prudentiae</span> <span class='ocrx_word' id='word_1_259' title='bbox 1184 2151 1248 2190; x_wconf 88' lang='lat' dir='ltr'>ac</span> <span class='ocrx_word' id='word_1_260' title='bbox 1296 2136 1543 2190; x_wconf 83' lang='lat' dir='ltr'>veritatis</span> <span class='ocrx_word' id='word_1_261' title='bbox 1606 2137 1824 2192; x_wconf 84' lang='lat' dir='ltr'>habeat.</span> 
     </span>
    </p>
   </div>
   <div class='ocr_carea' id='block_1_37' title="bbox 237 2228 1828 2298">
    <p class='ocr_par' dir='ltr' id='par_1_37' title="bbox 237 2228 1828 2298">
     <span class='ocr_line' id='line_1_37' title="bbox 237 2228 1828 2298; baseline -0.003 -12"><span class='ocrx_word' id='word_1_262' title='bbox 237 2230 697 2286; x_wconf 77' lang='lat' dir='ltr'>Animadvertisti</span> <span class='ocrx_word' id='word_1_263' title='bbox 725 2244 892 2298; x_wconf 87' lang='lat' dir='ltr'>porro</span> <span class='ocrx_word' id='word_1_264' title='bbox 926 2245 1049 2283; x_wconf 91' lang='lat' dir='ltr'>eum</span> <span class='ocrx_word' id='word_1_265' title='bbox 1087 2245 1190 2282; x_wconf 90' lang='lat' dir='ltr'>non</span> <span class='ocrx_word' id='word_1_266' title='bbox 1225 2228 1596 2298; x_wconf 77' lang='lat' dir='ltr'>perfunctorie</span> <span class='ocrx_word' id='word_1_267' title='bbox 1621 2243 1828 2282; x_wconf 79' lang='lat' dir='ltr'>sermo-</span> 
     </span>
    </p>
   </div>
   <div class='ocr_carea' id='block_1_38' title="bbox 235 2321 1822 2390">
    <p class='ocr_par' dir='ltr' id='par_1_38' title="bbox 235 2321 1822 2390">
     <span class='ocr_line' id='line_1_38' title="bbox 235 2321 1822 2390; baseline -0.004 -12"><span class='ocrx_word' id='word_1_268' title='bbox 235 2339 363 2378; x_wconf 89' lang='lat' dir='ltr'>nem</span> <span class='ocrx_word' id='word_1_269' title='bbox 393 2323 543 2377; x_wconf 89' lang='lat' dir='ltr'>hunc</span> <span class='ocrx_word' id='word_1_270' title='bbox 572 2322 932 2390; x_wconf 77' lang='lat' dir='ltr'>tlteologicum</span> <span class='ocrx_word' id='word_1_271' title='bbox 964 2321 1289 2383; x_wconf 83' lang='lat' dir='ltr'>instituisse,</span> <span class='ocrx_word' id='word_1_272' title='bbox 1316 2321 1408 2374; x_wconf 90' lang='lat' dir='ltr'>sed</span> <span class='ocrx_word' id='word_1_273' title='bbox 1441 2322 1494 2374; x_wconf 90' lang='lat' dir='ltr'>in</span> <span class='ocrx_word' id='word_1_274' title='bbox 1529 2336 1639 2374; x_wconf 88' lang='lat' dir='ltr'>rem</span> <span class='ocrx_word' id='word_1_275' title='bbox 1678 2330 1731 2374; x_wconf 92' lang='lat' dir='ltr'>et</span> <span class='ocrx_word' id='word_1_276' title='bbox 1757 2336 1822 2374; x_wconf 78' lang='lat' dir='ltr'>ex</span> 
     </span>
    </p>
   </div>
   <div class='ocr_carea' id='block_1_39' title="bbox 235 2413 1824 2484">
    <p class='ocr_par' dir='ltr' id='par_1_39' title="bbox 235 2413 1824 2484">
     <span class='ocr_line' id='line_1_39' title="bbox 235 2413 1824 2484; baseline -0.003 -16"><span class='ocrx_word' id='word_1_277' title='bbox 235 2415 482 2484; x_wconf 73' lang='lat' dir='ltr'>professo</span> <span class='ocrx_word' id='word_1_278' title='bbox 511 2433 525 2469; x_wconf 89' lang='lat'><strong>:</strong></span> <span class='ocrx_word' id='word_1_279' title='bbox 564 2415 676 2468; x_wconf 66' lang='lat' dir='ltr'>haec</span> <span class='ocrx_word' id='word_1_280' title='bbox 703 2425 756 2468; x_wconf 90' lang='lat' dir='ltr'>et</span> <span class='ocrx_word' id='word_1_281' title='bbox 785 2414 961 2482; x_wconf 88' lang='lat' dir='ltr'>capita</span> <span class='ocrx_word' id='word_1_282' title='bbox 995 2423 1048 2464; x_wconf 92' lang='lat' dir='ltr'>ct</span> <span class='ocrx_word' id='word_1_283' title='bbox 1082 2423 1257 2466; x_wconf 86' lang='lat' dir='ltr'>metas</span> <span class='ocrx_word' id='word_1_284' title='bbox 1289 2414 1503 2481; x_wconf 87' lang='lat' dir='ltr'>pietatis</span> <span class='ocrx_word' id='word_1_285' title='bbox 1537 2413 1824 2466; x_wconf 59' lang='lat' dir='ltr'>nominati-</span> 
     </span>
    </p>
   </div>
   <div class='ocr_carea' id='block_1_40' title="bbox 242 2503 1819 2576">
    <p class='ocr_par' dir='ltr' id='par_1_40' title="bbox 242 2503 1819 2576">
     <span class='ocr_line' id='line_1_40' title="bbox 242 2503 1819 2576; baseline -0.003 -14"><span class='ocrx_word' id='word_1_286' title='bbox 242 2509 312 2562; x_wconf 88' lang='lat' dir='ltr'>do</span> <span class='ocrx_word' id='word_1_287' title='bbox 355 2522 429 2562; x_wconf 86' lang='lat' dir='ltr'>:a</span> <span class='ocrx_word' id='word_1_288' title='bbox 474 2509 674 2576; x_wconf 83' lang='lat' dir='ltr'>quibus</span> <span class='ocrx_word' id='word_1_289' title='bbox 708 2520 805 2573; x_wconf 89' lang='lat' dir='ltr'>par</span> <span class='ocrx_word' id='word_1_290' title='bbox 845 2521 952 2558; x_wconf 90' lang='lat' dir='ltr'>non</span> <span class='ocrx_word' id='word_1_291' title='bbox 1000 2520 1122 2559; x_wconf 89' lang='lat' dir='ltr'>esse</span> <span class='ocrx_word' id='word_1_292' title='bbox 1157 2519 1483 2572; x_wconf 89' lang='lat' dir='ltr'>quemquam</span> <span class='ocrx_word' id='word_1_293' title='bbox 1531 2503 1819 2558; x_wconf 81' lang='lat' dir='ltr'>deﬂectere</span> 
     </span>
    </p>
   </div>
   <div class='ocr_carea' id='block_1_41' title="bbox 241 2597 1824 2666">
    <p class='ocr_par' dir='ltr' id='par_1_41' title="bbox 241 2597 1824 2666">
     <span class='ocr_line' id='line_1_41' title="bbox 241 2597 1824 2666; baseline -0.004 -11"><span class='ocrx_word' id='word_1_294' title='bbox 241 2599 498 2655; x_wconf 83' lang='lat' dir='ltr'>audivisti</span> <span class='ocrx_word' id='word_1_295' title='bbox 530 2615 560 2653; x_wconf 86' lang='lat' dir='ltr'>a.</span> <span class='ocrx_word' id='word_1_296' title='bbox 596 2599 771 2657; x_wconf 87' lang='lat' dir='ltr'>nobis,</span> <span class='ocrx_word' id='word_1_297' title='bbox 808 2599 1009 2666; x_wconf 80' lang='lat' dir='ltr'>quippe</span> <span class='ocrx_word' id='word_1_298' title='bbox 1044 2611 1169 2650; x_wconf 91' lang='lat' dir='ltr'>cum</span> <span class='ocrx_word' id='word_1_299' title='bbox 1207 2598 1260 2649; x_wconf 90' lang='lat' dir='ltr'>in</span> <span class='ocrx_word' id='word_1_300' title='bbox 1298 2597 1362 2649; x_wconf 92' lang='lat' dir='ltr'>iis</span> <span class='ocrx_word' id='word_1_301' title='bbox 1395 2610 1586 2648; x_wconf 89' lang='lat' dir='ltr'>omnes</span> <span class='ocrx_word' id='word_1_302' title='bbox 1633 2597 1824 2650; x_wconf 82' lang='lat' dir='ltr'>docto—</span> 
     </span>
    </p>
   </div>
   <div class='ocr_carea' id='block_1_42' title="bbox 241 2685 1823 2755">
    <p class='ocr_par' dir='ltr' id='par_1_42' title="bbox 241 2685 1823 2755">
     <span class='ocr_line' id='line_1_42' title="bbox 241 2685 1823 2755; baseline -0.005 -11"><span class='ocrx_word' id='word_1_303' title='bbox 241 2705 333 2746; x_wconf 86' lang='lat' dir='ltr'>res</span> <span class='ocrx_word' id='word_1_304' title='bbox 375 2694 517 2744; x_wconf 88' lang='lat' dir='ltr'>inter</span> <span class='ocrx_word' id='word_1_305' title='bbox 555 2704 614 2744; x_wconf 90' lang='lat' dir='ltr'>se</span> <span class='ocrx_word' id='word_1_306' title='bbox 643 2686 1021 2752; x_wconf 84' lang='lat' dir='ltr'>consentiant;</span> <span class='ocrx_word' id='word_1_307' title='bbox 1080 2687 1188 2739; x_wconf 88' lang='lat' dir='ltr'>imo</span> <span class='ocrx_word' id='word_1_308' title='bbox 1221 2687 1382 2738; x_wconf 73' lang='lat' dir='ltr'>(.‘liatlt</span> <span class='ocrx_word' id='word_1_309' title='bbox 1440 2685 1620 2738; x_wconf 76' lang='lat' dir='ltr'>divina</span> <span class='ocrx_word' id='word_1_310' title='bbox 1661 2700 1823 2755; x_wconf 87' lang='lat' dir='ltr'>opera</span> 
     </span>
    </p>
   </div>
   <div class='ocr_carea' id='block_1_43' title="bbox 242 2779 1828 2853">
    <p class='ocr_par' dir='ltr' id='par_1_43' title="bbox 242 2779 1828 2853">
     <span class='ocr_line' id='line_1_43' title="bbox 242 2779 1828 2853; baseline -0.004 -16"><span class='ocrx_word' id='word_1_311' title='bbox 242 2781 532 2853; x_wconf 74' lang='lat' dir='ltr'>legumque</span> <span class='ocrx_word' id='word_1_312' title='bbox 550 2791 752 2836; x_wconf 86' lang='lat' dir='ltr'>statuta</span> <span class='ocrx_word' id='word_1_313' title='bbox 784 2781 1076 2834; x_wconf 88' lang='lat' dir='ltr'>conciuant</span> <span class='ocrx_word' id='word_1_314' title='bbox 1111 2795 1125 2833; x_wconf 89' lang='lat'><strong>:</strong></span> <span class='ocrx_word' id='word_1_315' title='bbox 1162 2788 1214 2832; x_wconf 91' lang='lat' dir='ltr'>tu</span> <span class='ocrx_word' id='word_1_316' title='bbox 1246 2779 1385 2846; x_wconf 87' lang='lat' dir='ltr'>a-qui</span> <span class='ocrx_word' id='word_1_317' title='bbox 1423 2780 1661 2848; x_wconf 83' lang='lat' dir='ltr'>bonique</span> <span class='ocrx_word' id='word_1_318' title='bbox 1698 2795 1828 2831; x_wconf 83' lang='lat' dir='ltr'>con-</span> 
     </span>
    </p>
   </div>
   <div class='ocr_carea' id='block_1_44' title="bbox 243 2871 1822 2944">
    <p class='ocr_par' dir='ltr' id='par_1_44' title="bbox 243 2871 1822 2944">
     <span class='ocr_line' id='line_1_44' title="bbox 243 2871 1822 2944; baseline -0.004 -14"><span class='ocrx_word' id='word_1_319' title='bbox 243 2876 413 2933; x_wconf 83' lang='lat' dir='ltr'>sules.</span> <span class='ocrx_word' id='word_1_320' title='bbox 453 2890 576 2944; x_wconf 73' lang='lat' dir='ltr'>qua:</span> <span class='ocrx_word' id='word_1_321' title='bbox 608 2888 674 2927; x_wconf 76' lang='lat' dir='ltr'>ex</span> <span class='ocrx_word' id='word_1_322' title='bbox 718 2873 901 2927; x_wconf 88' lang='lat' dir='ltr'>multis</span> <span class='ocrx_word' id='word_1_323' title='bbox 932 2888 1103 2941; x_wconf 85' lang='lat' dir='ltr'>pauca</span> <span class='ocrx_word' id='word_1_324' title='bbox 1150 2873 1244 2926; x_wconf 89' lang='lat' dir='ltr'>tibi</span> <span class='ocrx_word' id='word_1_325' title='bbox 1274 2887 1419 2925; x_wconf 91' lang='lat' dir='ltr'>nunc</span> <span class='ocrx_word' id='word_1_326' title='bbox 1443 2871 1822 2942; x_wconf 83' lang='lat' dir='ltr'>exposuimus,</span> 
     </span>
    </p>
   </div>
   <div class='ocr_carea' id='block_1_45' title="bbox 243 2964 1826 3036">
    <p class='ocr_par' dir='ltr' id='par_1_45' title="bbox 243 2964 1826 3036">
     <span class='ocr_line' id='line_1_45' title="bbox 243 2964 1826 3036; baseline -0.003 -13"><span class='ocrx_word' id='word_1_327' title='bbox 243 2978 507 3036; x_wconf 80' lang='lat' dir='ltr'>quantum</span> <span class='ocrx_word' id='word_1_328' title='bbox 543 2967 781 3022; x_wconf 79' lang='lat' dir='ltr'>enodare</span> <span class='ocrx_word' id='word_1_329' title='bbox 812 2967 965 3020; x_wconf 88' lang='lat' dir='ltr'>licuit</span> <span class='ocrx_word' id='word_1_330' title='bbox 997 2966 1238 3020; x_wconf 89' lang='lat' dir='ltr'>doctoris</span> <span class='ocrx_word' id='word_1_331' title='bbox 1265 2964 1448 3019; x_wconf 75' lang='lat' dir='ltr'>eximii</span> <span class='ocrx_word' id='word_1_332' title='bbox 1483 2979 1603 3017; x_wconf 89' lang='lat' dir='ltr'>cum</span> <span class='ocrx_word' id='word_1_333' title='bbox 1628 2964 1826 3018; x_wconf 87' lang='lat' dir='ltr'>divinis</span> 
     </span>
    </p>
   </div>
   <div class='ocr_carea' id='block_1_46' title="bbox 243 3053 1825 3127">
    <p class='ocr_par' dir='ltr' id='par_1_46' title="bbox 243 3053 1825 3127">
     <span class='ocr_line' id='line_1_46' title="bbox 243 3053 1825 3127; baseline -0.004 -16"><span class='ocrx_word' id='word_1_334' title='bbox 243 3059 551 3113; x_wconf 83' lang='lat' dir='ltr'>canonibtts</span> <span class='ocrx_word' id='word_1_335' title='bbox 579 3058 711 3127; x_wconf 88' lang='lat' dir='ltr'>ipsis</span> <span class='ocrx_word' id='word_1_336' title='bbox 746 3055 1158 3112; x_wconf 68' lang='lat' dir='ltr'>cohaerentiam.</span> <span class='ocrx_word' id='word_1_337' title='bbox 1189 3053 1417 3119; x_wconf 87' lang='lat' dir='ltr'>Quando</span> <span class='ocrx_word' id='word_1_338' title='bbox 1450 3061 1630 3105; x_wconf 87' lang='lat' dir='ltr'>autem</span> <span class='ocrx_word' id='word_1_339' title='bbox 1666 3068 1825 3120; x_wconf 82' lang='lat' dir='ltr'>argu-</span> 
     </span>
    </p>
   </div>
   <div class='ocr_carea' id='block_1_47' title="bbox 247 3144 1826 3214">
    <p class='ocr_par' dir='ltr' id='par_1_47' title="bbox 247 3144 1826 3214">
     <span class='ocr_line' id='line_1_47' title="bbox 247 3144 1826 3214; baseline -0.008 -6"><span class='ocrx_word' id='word_1_340' title='bbox 247 3163 430 3208; x_wconf 88' lang='lat' dir='ltr'>menta</span> <span class='ocrx_word' id='word_1_341' title='bbox 466 3153 520 3206; x_wconf 82' lang='lat' dir='ltr'>in</span> <span class='ocrx_word' id='word_1_342' title='bbox 557 3149 900 3205; x_wconf 86' lang='lat' dir='ltr'>contrarium</span> <span class='ocrx_word' id='word_1_343' title='bbox 933 3147 1150 3202; x_wconf 88' lang='lat' dir='ltr'>miseris</span> <span class='ocrx_word' id='word_1_344' title='bbox 1181 3147 1360 3209; x_wconf 85' lang='lat' dir='ltr'>nobis,</span> <span class='ocrx_word' id='word_1_345' title='bbox 1397 3160 1518 3214; x_wconf 77' lang='lat' dir='ltr'>qua:</span> <span class='ocrx_word' id='word_1_346' title='bbox 1549 3154 1597 3198; x_wconf 91' lang='lat' dir='ltr'>te</span> <span class='ocrx_word' id='word_1_347' title='bbox 1631 3158 1660 3196; x_wconf 87' lang='lat' dir='ltr'>a</span> <span class='ocrx_word' id='word_1_348' title='bbox 1691 3144 1826 3197; x_wconf 84' lang='lat' dir='ltr'>mul-</span> 
     </span>
    </p>
   </div>
   <div class='ocr_carea' id='block_1_48' title="bbox 245 3235 1825 3315">
    <p class='ocr_par' dir='ltr' id='par_1_48' title="bbox 245 3235 1825 3315">
     <span class='ocr_line' id='line_1_48' title="bbox 245 3235 1825 3315; baseline -0.009 -16"><span class='ocrx_word' id='word_1_349' title='bbox 245 3246 320 3300; x_wconf 83' lang='lat' dir='ltr'>tis</span> <span class='ocrx_word' id='word_1_350' title='bbox 369 3243 587 3315; x_wconf 84' lang='lat' dir='ltr'>audis-se</span> <span class='ocrx_word' id='word_1_351' title='bbox 636 3241 825 3295; x_wconf 86' lang='lat' dir='ltr'>dicis:</span> <span class='ocrx_word' id='word_1_352' title='bbox 863 3239 1148 3292; x_wconf 90' lang='lat' dir='ltr'>mittemus</span> <span class='ocrx_word' id='word_1_353' title='bbox 1180 3237 1344 3290; x_wconf 89' lang='lat' dir='ltr'>etiam</span> <span class='ocrx_word' id='word_1_354' title='bbox 1391 3237 1460 3315; x_wconf 68' lang='lat' dir='ltr'>ad</span> <span class='ocrx_word' id='word_1_355' title='bbox 1505 3244 1557 3289; x_wconf 89' lang='lat' dir='ltr'>te</span> <span class='ocrx_word' id='word_1_356' title='bbox 1609 3235 1825 3289; x_wconf 90' lang='lat' dir='ltr'>illorum</span> 
     </span>
    </p>
   </div>
   <div class='ocr_carea' id='block_1_49' title="bbox 247 3302 1828 3396">
    <p class='ocr_par' dir='ltr' id='par_1_49' title="bbox 247 3302 1828 3396">
     <span class='ocr_line' id='line_1_49' title="bbox 247 3302 1828 3396; baseline -0.006 -9"><span class='ocrx_word' id='word_1_357' title='bbox 247 3311 572 3390; x_wconf 82' lang='lat' dir='ltr'>solutiones.</span> <span class='ocrx_word' id='word_1_358' title='bbox 608 3330 875 3396; x_wconf 86' lang='lat' dir='ltr'>Quoniam</span> <span class='ocrx_word' id='word_1_359' title='bbox 915 3329 1190 3385; x_wconf 77' lang='lat' dir='ltr'>vero.|t:ec</span> <span class='ocrx_word' id='word_1_360' title='bbox 1224 3302 1421 3381; x_wconf 62' lang='lat' dir='ltr'>Basilii</span> <span class='ocrx_word' id='word_1_361' title='bbox 1442 3325 1614 3394; x_wconf 83' lang='lat' dir='ltr'>Magni</span> <span class='ocrx_word' id='word_1_362' title='bbox 1650 3341 1828 3379; x_wconf 86' lang='lat' dir='ltr'>asser-</span> 
     </span>
    </p>
   </div>
   <div class='ocr_carea' id='block_1_50' title="bbox 249 3419 1831 3490">
    <p class='ocr_par' dir='ltr' id='par_1_50' title="bbox 249 3419 1831 3490">
     <span class='ocr_line' id='line_1_50' title="bbox 249 3419 1831 3490; baseline -0.008 -10"><span class='ocrx_word' id='word_1_363' title='bbox 249 3428 324 3482; x_wconf 89' lang='lat' dir='ltr'>tio</span> <span class='ocrx_word' id='word_1_364' title='bbox 353 3427 420 3480; x_wconf 86' lang='lat' dir='ltr'>ad</span> <span class='ocrx_word' id='word_1_365' title='bbox 445 3425 683 3478; x_wconf 86' lang='lat' dir='ltr'>divin-am</span> <span class='ocrx_word' id='word_1_366' title='bbox 719 3420 1248 3490; x_wconf 62' lang='lat' dir='ltr'>prwdestinationem</span> <span class='ocrx_word' id='word_1_367' title='bbox 1289 3420 1482 3479; x_wconf 88' lang='lat' dir='ltr'>tendit,</span> <span class='ocrx_word' id='word_1_368' title='bbox 1522 3419 1687 3472; x_wconf 85' lang='lat' dir='ltr'>babes</span> <span class='ocrx_word' id='word_1_369' title='bbox 1713 3433 1831 3470; x_wconf 88' lang='lat' dir='ltr'>am-</span> 
     </span>
    </p>
   </div>
   <div class='ocr_carea' id='block_1_51' title="bbox 250 3510 1832 3589">
    <p class='ocr_par' dir='ltr' id='par_1_51' title="bbox 250 3510 1832 3589">
     <span class='ocr_line' id='line_1_51' title="bbox 250 3510 1832 3589; baseline -0.006 -17"><span class='ocrx_word' id='word_1_370' title='bbox 250 3518 401 3589; x_wconf 81' lang='lat' dir='ltr'>plum</span> <span class='ocrx_word' id='word_1_371' title='bbox 447 3525 501 3568; x_wconf 89' lang='lat' dir='ltr'>et</span> <span class='ocrx_word' id='word_1_372' title='bbox 545 3513 886 3568; x_wconf 82' lang='lat' dir='ltr'>luculentum</span> <span class='ocrx_word' id='word_1_373' title='bbox 924 3526 1232 3565; x_wconf 88' lang='lat' dir='ltr'>sermonem</span> <span class='ocrx_word' id='word_1_374' title='bbox 1267 3521 1512 3565; x_wconf 90' lang='lat' dir='ltr'>nostrum</span> <span class='ocrx_word' id='word_1_375' title='bbox 1547 3511 1614 3564; x_wconf 88' lang='lat' dir='ltr'>de</span> <span class='ocrx_word' id='word_1_376' title='bbox 1654 3510 1832 3578; x_wconf 80' lang='lat' dir='ltr'>provi-</span> 
     </span>
    </p>
   </div>
   <div class='ocr_carea' id='block_1_52' title="bbox 251 3603 1834 3673">
    <p class='ocr_par' dir='ltr' id='par_1_52' title="bbox 251 3603 1834 3673">
     <span class='ocr_line' id='line_1_52' title="bbox 251 3603 1834 3673; baseline -0.007 -8"><span class='ocrx_word' id='word_1_377' title='bbox 251 3611 438 3666; x_wconf 89' lang='lat' dir='ltr'>dentia</span> <span class='ocrx_word' id='word_1_378' title='bbox 474 3608 566 3661; x_wconf 92' lang='lat' dir='ltr'>Dei</span> <span class='ocrx_word' id='word_1_379' title='bbox 607 3619 661 3660; x_wconf 89' lang='lat' dir='ltr'>et</span> <span class='ocrx_word' id='word_1_380' title='bbox 687 3605 1162 3673; x_wconf 68' lang='lat' dir='ltr'>praedestinatione</span> <span class='ocrx_word' id='word_1_381' title='bbox 1198 3604 1310 3672; x_wconf 79' lang='lat' dir='ltr'>(l),</span> <span class='ocrx_word' id='word_1_382' title='bbox 1348 3603 1413 3656; x_wconf 87' lang='lat' dir='ltr'>ad</span> <span class='ocrx_word' id='word_1_383' title='bbox 1448 3619 1559 3656; x_wconf 92' lang='lat' dir='ltr'>rem</span> <span class='ocrx_word' id='word_1_384' title='bbox 1593 3613 1646 3656; x_wconf 89' lang='lat' dir='ltr'>et</span> <span class='ocrx_word' id='word_1_385' title='bbox 1676 3618 1834 3654; x_wconf 89' lang='lat' dir='ltr'>nsum</span> 
     </span>
    </p>
   </div>
   <div class='ocr_carea' id='block_1_53' title="bbox 252 3694 1836 3763">
    <p class='ocr_par' dir='ltr' id='par_1_53' title="bbox 252 3694 1836 3763">
     <span class='ocr_line' id='line_1_53' title="bbox 252 3694 1836 3763; baseline -0.006 -6"><span class='ocrx_word' id='word_1_386' title='bbox 252 3717 388 3757; x_wconf 88' lang='lat' dir='ltr'>tunc</span> <span class='ocrx_word' id='word_1_387' title='bbox 420 3711 474 3755; x_wconf 85' lang='lat' dir='ltr'>et</span> <span class='ocrx_word' id='word_1_388' title='bbox 519 3699 709 3753; x_wconf 91' lang='lat' dir='ltr'>sedulo</span> <span class='ocrx_word' id='word_1_389' title='bbox 740 3696 1032 3750; x_wconf 89' lang='lat' dir='ltr'>admodmn</span> <span class='ocrx_word' id='word_1_390' title='bbox 1073 3711 1100 3747; x_wconf 87' lang='lat' dir='ltr'><strong>a</strong></span> <span class='ocrx_word' id='word_1_391' title='bbox 1145 3694 1306 3748; x_wconf 87' lang='lat' dir='ltr'>nobis</span> <span class='ocrx_word' id='word_1_392' title='bbox 1345 3697 1737 3763; x_wconf 88' lang='lat' dir='ltr'>conscriptum.</span> <span class='ocrx_word' id='word_1_393' title='bbox 1771 3696 1836 3760; x_wconf 86' lang='grc'>(0</span> 
     </span>
    </p>
   </div>
   <div class='ocr_carea' id='block_1_54' title="bbox 251 3786 1834 3850">
    <p class='ocr_par' dir='ltr' id='par_1_54' title="bbox 251 3786 1834 3850">
     <span class='ocr_line' id='line_1_54' title="bbox 251 3786 1834 3850; baseline -0.006 0"><span class='ocrx_word' id='word_1_394' title='bbox 251 3807 554 3850; x_wconf 82' lang='lat' dir='ltr'>commune</span> <span class='ocrx_word' id='word_1_395' title='bbox 613 3789 1025 3845; x_wconf 79' lang='lat' dir='ltr'>infortunium!</span> <span class='ocrx_word' id='word_1_396' title='bbox 1089 3803 1122 3841; x_wconf 93' lang='lat' dir='ltr'>o</span> <span class='ocrx_word' id='word_1_397' title='bbox 1186 3786 1598 3841; x_wconf 74' lang='lat' dir='ltr'>llitBSliSSllllam</span> <span class='ocrx_word' id='word_1_398' title='bbox 1671 3789 1834 3840; x_wconf 84' lang='lat' dir='ltr'>vitam</span> 
     </span>
    </p>
   </div>
   <div class='ocr_carea' id='block_1_55' title="bbox 259 3879 1838 3952">
    <p class='ocr_par' dir='ltr' id='par_1_55' title="bbox 259 3879 1838 3952">
     <span class='ocr_line' id='line_1_55' title="bbox 259 3879 1838 3952; baseline -0.006 -10"><span class='ocrx_word' id='word_1_399' title='bbox 259 3902 438 3942; x_wconf 84' lang='lat' dir='ltr'>meam</span> <span class='ocrx_word' id='word_1_400' title='bbox 465 3886 503 3952; x_wconf 79' lang='grc' dir='ltr'>ί)</span> <span class='ocrx_word' id='word_1_401' title='bbox 538 3883 646 3939; x_wconf 91' lang='lat' dir='ltr'>illic</span> <span class='ocrx_word' id='word_1_402' title='bbox 675 3883 838 3938; x_wconf 89' lang='lat' dir='ltr'>etiam</span> <span class='ocrx_word' id='word_1_403' title='bbox 870 3895 1087 3935; x_wconf 91' lang='lat' dir='ltr'>omnem</span> <span class='ocrx_word' id='word_1_404' title='bbox 1125 3879 1293 3934; x_wconf 81' lang='lat' dir='ltr'>ferme</span> <span class='ocrx_word' id='word_1_405' title='bbox 1326 3880 1558 3934; x_wconf 77' lang='lat' dir='ltr'>solutam</span> <span class='ocrx_word' id='word_1_406' title='bbox 1594 3881 1838 3934; x_wconf 86' lang='lat' dir='ltr'>invenies</span> 
     </span>
    </p>
   </div>
   <div class='ocr_carea' id='block_1_56' title="bbox 251 3972 1837 4050">
    <p class='ocr_par' dir='ltr' id='par_1_56' title="bbox 251 3972 1837 4050">
     <span class='ocr_line' id='line_1_56' title="bbox 251 3972 1837 4050; baseline -0.007 -15"><span class='ocrx_word' id='word_1_407' title='bbox 251 3979 632 4050; x_wconf 69' lang='lat' dir='ltr'>quaestionem,</span> <span class='ocrx_word' id='word_1_408' title='bbox 683 3991 788 4029; x_wconf 92' lang='lat' dir='ltr'>non</span> <span class='ocrx_word' id='word_1_409' title='bbox 841 3988 934 4027; x_wconf 87' lang='lat' dir='ltr'>eos</span> <span class='ocrx_word' id='word_1_410' title='bbox 982 3973 1185 4034; x_wconf 86' lang='lat' dir='ltr'>solum,</span> <span class='ocrx_word' id='word_1_411' title='bbox 1225 3974 1278 4024; x_wconf 91' lang='lat' dir='ltr'>in</span> <span class='ocrx_word' id='word_1_412' title='bbox 1337 3972 1538 4041; x_wconf 88' lang='lat' dir='ltr'>quibus</span> <span class='ocrx_word' id='word_1_413' title='bbox 1595 3973 1837 4025; x_wconf 89' lang='lat' dir='ltr'>nonnulli</span> 
     </span>
    </p>
   </div>
   <div class='ocr_carea' id='block_1_57' title="bbox 252 4063 1835 4131">
    <p class='ocr_par' dir='ltr' id='par_1_57' title="bbox 252 4063 1835 4131">
     <span class='ocr_line' id='line_1_57' title="bbox 252 4063 1835 4131; baseline -0.007 -4"><span class='ocrx_word' id='word_1_414' title='bbox 252 4074 545 4127; x_wconf 84' lang='lat' dir='ltr'>ﬂuctuant.</span> <span class='ocrx_word' id='word_1_415' title='bbox 581 4068 792 4124; x_wconf 80' lang='lat' dir='ltr'>Etenim</span> <span class='ocrx_word' id='word_1_416' title='bbox 821 4067 1128 4121; x_wconf 83' lang='lat' dir='ltr'>dubitantes</span> <span class='ocrx_word' id='word_1_417' title='bbox 1154 4079 1222 4117; x_wconf 92' lang='lat' dir='ltr'>an</span> <span class='ocrx_word' id='word_1_418' title='bbox 1255 4063 1334 4118; x_wconf 81' lang='lat' dir='ltr'>fas</span> <span class='ocrx_word' id='word_1_419' title='bbox 1375 4073 1544 4124; x_wconf 89' lang='lat' dir='ltr'>esset.</span> <span class='ocrx_word' id='word_1_420' title='bbox 1581 4063 1690 4131; x_wconf 81' lang='lat' dir='ltr'>jam</span> <span class='ocrx_word' id='word_1_421' title='bbox 1731 4065 1835 4117; x_wconf 83' lang='lat' dir='ltr'>ltu-</span> 
     </span>
    </p>
   </div>
   <div class='ocr_carea' id='block_1_58' title="bbox 250 4157 1843 4232">
    <p class='ocr_par' dir='ltr' id='par_1_58' title="bbox 250 4157 1843 4232">
     <span class='ocr_line' id='line_1_58' title="bbox 250 4157 1843 4232; baseline -0.009 -12"><span class='ocrx_word' id='word_1_422' title='bbox 250 4180 474 4220; x_wconf 71' lang='lat' dir='ltr'>manem</span> <span class='ocrx_word' id='word_1_423' title='bbox 501 4161 735 4232; x_wconf 78' lang='lat' dir='ltr'>eligendi</span> <span class='ocrx_word' id='word_1_424' title='bbox 761 4159 1040 4229; x_wconf 91' lang='lat' dir='ltr'>optionem</span> <span class='ocrx_word' id='word_1_425' title='bbox 1067 4157 1338 4210; x_wconf 80' lang='lat' dir='ltr'>eliicacem</span> <span class='ocrx_word' id='word_1_426' title='bbox 1376 4171 1496 4208; x_wconf 90' lang='lat' dir='ltr'>esse</span> <span class='ocrx_word' id='word_1_427' title='bbox 1557 4164 1843 4208; x_wconf 87' lang='lat' dir='ltr'>autumant</span> 
     </span>
    </p>
   </div>
   <div class='ocr_carea' id='block_1_59' title="bbox 253 4246 1839 4323">
    <p class='ocr_par' dir='ltr' id='par_1_59' title="bbox 253 4246 1839 4323">
     <span class='ocr_line' id='line_1_59' title="bbox 253 4246 1839 4323; baseline -0.009 -13"><span class='ocrx_word' id='word_1_428' title='bbox 253 4257 311 4310; x_wconf 83' lang='lat' dir='ltr'>in</span> <span class='ocrx_word' id='word_1_429' title='bbox 340 4255 408 4310; x_wconf 87' lang='lat' dir='ltr'>iis</span> <span class='ocrx_word' id='word_1_430' title='bbox 438 4268 560 4323; x_wconf 66' lang='lat' dir='ltr'>qua:</span> <span class='ocrx_word' id='word_1_431' title='bbox 589 4252 692 4306; x_wconf 87' lang='lat' dir='ltr'>sub</span> <span class='ocrx_word' id='word_1_432' title='bbox 720 4250 1045 4304; x_wconf 86' lang='lat' dir='ltr'>electionem</span> <span class='ocrx_word' id='word_1_433' title='bbox 1075 4249 1298 4306; x_wconf 88' lang='lat' dir='ltr'>cadunt,</span> <span class='ocrx_word' id='word_1_434' title='bbox 1323 4256 1412 4299; x_wconf 90' lang='lat' dir='ltr'>aut</span> <span class='ocrx_word' id='word_1_435' title='bbox 1443 4246 1714 4308; x_wconf 85' lang='lat' dir='ltr'>coronari,</span> <span class='ocrx_word' id='word_1_436' title='bbox 1745 4253 1839 4298; x_wconf 87' lang='lat' dir='ltr'>aut</span> 
     </span>
    </p>
   </div>
   <div class='ocr_carea' id='block_1_60' title="bbox 253 4337 1839 4414">
    <p class='ocr_par' dir='ltr' id='par_1_60' title="bbox 253 4337 1839 4414">
     <span class='ocr_line' id='line_1_60' title="bbox 253 4337 1839 4414; baseline -0.008 -14"><span class='ocrx_word' id='word_1_437' title='bbox 253 4347 438 4414; x_wconf 87' lang='lat' dir='ltr'>puniri</span> <span class='ocrx_word' id='word_1_438' title='bbox 513 4343 868 4412; x_wconf 65' lang='lat' dir='ltr'>praepolleute</span> <span class='ocrx_word' id='word_1_439' title='bbox 929 4339 1113 4393; x_wconf 87' lang='lat' dir='ltr'>divina</span> <span class='ocrx_word' id='word_1_440' title='bbox 1186 4337 1685 4406; x_wconf 64' lang='lat' dir='ltr'>prmdestinatione.</span> <span class='ocrx_word' id='word_1_441' title='bbox 1758 4338 1839 4388; x_wconf 85' lang='lat' dir='ltr'>Att</span> 
     </span>
    </p>
   </div>
   <div class='ocr_carea' id='block_1_61' title="bbox 2011 1775 3504 1846">
    <p class='ocr_par' dir='ltr' id='par_1_61' title="bbox 2011 1775 3504 1846">
     <span class='ocr_line' id='line_1_61' title="bbox 2011 1775 3504 1846; baseline 0.001 -18"><span class='ocrx_word' id='word_1_442' title='bbox 2011 1776 2165 1829; x_wconf 73' lang='grc' dir='ltr'>Ἐπεὶ</span> <span class='ocrx_word' id='word_1_443' title='bbox 2198 1776 2254 1829; x_wconf 85' lang='grc' dir='ltr'>δέ</span> <span class='ocrx_word' id='word_1_444' title='bbox 2299 1793 2464 1840; x_wconf 87' lang='grc' dir='ltr'>τινες,</span> <span class='ocrx_word' id='word_1_445' title='bbox 2511 1775 2586 1838; x_wconf 82' lang='grc' dir='ltr'>ὡς</span> <span class='ocrx_word' id='word_1_446' title='bbox 2634 1775 2761 1846; x_wconf 77' lang='grc' dir='ltr'>φῂς,</span> <span class='ocrx_word' id='word_1_447' title='bbox 2822 1775 2984 1828; x_wconf 73' lang='grc' dir='ltr'>αὐτὸν</span> <span class='ocrx_word' id='word_1_448' title='bbox 3035 1775 3126 1828; x_wconf 75' lang='grc' dir='ltr'>τὸν</span> <span class='ocrx_word' id='word_1_449' title='bbox 3195 1776 3365 1844; x_wconf 79' lang='grc' dir='ltr'>μέγαν</span> <span class='ocrx_word' id='word_1_450' title='bbox 3399 1775 3504 1829; x_wconf 74' lang='grc' dir='ltr'>Βα·</span> 
     </span>
    </p>
   </div>
   <div class='ocr_carea' id='block_1_62' title="bbox 1929 1863 3504 1935">
    <p class='ocr_par' dir='ltr' id='par_1_62' title="bbox 1929 1863 3504 1935">
     <span class='ocr_line' id='line_1_62' title="bbox 1929 1863 3504 1935; baseline 0.002 -20"><span class='ocrx_word' id='word_1_451' title='bbox 1929 1864 2128 1918; x_wconf 88' lang='grc' dir='ltr'>σίλειον</span> <span class='ocrx_word' id='word_1_452' title='bbox 2186 1865 2538 1935; x_wconf 82' lang='grc' dir='ltr'>αίτιῶμενοι,</span> <span class='ocrx_word' id='word_1_453' title='bbox 2598 1867 2693 1918; x_wconf 82' lang='grc' dir='ltr'>καὶ</span> <span class='ocrx_word' id='word_1_454' title='bbox 2742 1866 2829 1918; x_wconf 82' lang='grc' dir='ltr'>διὰ</span> <span class='ocrx_word' id='word_1_455' title='bbox 2872 1863 3031 1918; x_wconf 82' lang='grc' dir='ltr'>τοῦτο</span> <span class='ocrx_word' id='word_1_456' title='bbox 3084 1866 3156 1934; x_wconf 81' lang='grc' dir='ltr'>μὴ</span> <span class='ocrx_word' id='word_1_457' title='bbox 3210 1866 3504 1935; x_wconf 83' lang='grc' dir='ltr'>προσιέμε-</span> 
     </span>
    </p>
   </div>
   <div class='ocr_carea' id='block_1_63' title="bbox 1926 1957 3500 2026">
    <p class='ocr_par' dir='ltr' id='par_1_63' title="bbox 1926 1957 3500 2026">
     <span class='ocr_line' id='line_1_63' title="bbox 1926 1957 3500 2026; baseline -0.001 -14"><span class='ocrx_word' id='word_1_458' title='bbox 1926 1976 2030 2024; x_wconf 90' lang='grc' dir='ltr'>νοι,</span> <span class='ocrx_word' id='word_1_459' title='bbox 2077 1959 2233 2022; x_wconf 88' lang='grc' dir='ltr'>αὖθις</span> <span class='ocrx_word' id='word_1_460' title='bbox 2263 1958 2644 2023; x_wconf 73' lang='grc' dir='ltr'>ὲξαιτιῶνταιο</span> <span class='ocrx_word' id='word_1_461' title='bbox 2690 1959 2755 2010; x_wconf 71' lang='grc' dir='ltr'>σὺ</span> <span class='ocrx_word' id='word_1_462' title='bbox 2792 1957 2906 2018; x_wconf 81' lang='grc' dir='ltr'>νῦν,</span> <span class='ocrx_word' id='word_1_463' title='bbox 2938 1957 3225 2020; x_wconf 82' lang='grc' dir='ltr'>ὁσιώτατε,</span> <span class='ocrx_word' id='word_1_464' title='bbox 3262 1957 3500 2026; x_wconf 83' lang='grc' dir='ltr'>συνῆκας</span> 
     </span>
    </p>
   </div>
   <div class='ocr_carea' id='block_1_64' title="bbox 1933 2049 3504 2120">
    <p class='ocr_par' dir='ltr' id='par_1_64' title="bbox 1933 2049 3504 2120">
     <span class='ocr_line' id='line_1_64' title="bbox 1933 2049 3504 2120; baseline -0.001 -17"><span class='ocrx_word' id='word_1_465' title='bbox 1933 2051 2033 2120; x_wconf 78' lang='grc' dir='ltr'>μὲν</span> <span class='ocrx_word' id='word_1_466' title='bbox 2063 2051 2162 2120; x_wconf 84' lang='grc' dir='ltr'>τὴν</span> <span class='ocrx_word' id='word_1_467' title='bbox 2203 2052 2444 2103; x_wconf 79' lang='grc' dir='ltr'>αἰτίασιν</span> <span class='ocrx_word' id='word_1_468' title='bbox 2477 2051 2570 2103; x_wconf 73' lang='grc' dir='ltr'>καὶ</span> <span class='ocrx_word' id='word_1_469' title='bbox 2615 2050 2714 2117; x_wconf 74' lang='grc' dir='ltr'>τὴν</span> <span class='ocrx_word' id='word_1_470' title='bbox 2743 2049 3044 2113; x_wconf 83' lang='grc' dir='ltr'>ὲξαιτίασιν</span> <span class='ocrx_word' id='word_1_471' title='bbox 3074 2050 3276 2114; x_wconf 84' lang='grc' dir='ltr'>καλῶς,</span> <span class='ocrx_word' id='word_1_472' title='bbox 3308 2051 3504 2103; x_wconf 74' lang='grc' dir='ltr'>ὁπόσον</span> 
     </span>
    </p>
   </div>
   <div class='ocr_carea' id='block_1_65' title="bbox 1929 2139 3505 2212">
    <p class='ocr_par' dir='ltr' id='par_1_65' title="bbox 1929 2139 3505 2212">
     <span class='ocr_line' id='line_1_65' title="bbox 1929 2139 3505 2212; baseline -0.002 -19"><span class='ocrx_word' id='word_1_473' title='bbox 1929 2141 2044 2211; x_wconf 79' lang='grc' dir='ltr'>ἔχει</span> <span class='ocrx_word' id='word_1_474' title='bbox 2075 2141 2391 2212; x_wconf 85' lang='grc' dir='ltr'>φρονήσεώς</span> <span class='ocrx_word' id='word_1_475' title='bbox 2433 2158 2493 2194; x_wconf 87' lang='grc' dir='ltr'>τε</span> <span class='ocrx_word' id='word_1_476' title='bbox 2538 2141 2634 2194; x_wconf 76' lang='grc' dir='ltr'>καὶ</span> <span class='ocrx_word' id='word_1_477' title='bbox 2678 2139 2936 2209; x_wconf 79' lang='grc' dir='ltr'>ἀληθείας</span> <span class='ocrx_word' id='word_1_478' title='bbox 2963 2155 2978 2169; x_wconf 84' lang='lat'><strong><em>°</em></strong></span> <span class='ocrx_word' id='word_1_479' title='bbox 3022 2139 3225 2208; x_wconf 82' lang='grc' dir='ltr'>ἔμαθες</span> <span class='ocrx_word' id='word_1_480' title='bbox 3255 2139 3311 2191; x_wconf 77' lang='grc' dir='ltr'>δὲ</span> <span class='ocrx_word' id='word_1_481' title='bbox 3343 2140 3505 2191; x_wconf 70' lang='grc' dir='ltr'>αὑτὸν</span> 
     </span>
    </p>
   </div>
   <div class='ocr_carea' id='block_1_66' title="bbox 1927 2229 3507 2302">
    <p class='ocr_par' dir='ltr' id='par_1_66' title="bbox 1927 2229 3507 2302">
     <span class='ocr_line' id='line_1_66' title="bbox 1927 2229 3507 2302; baseline -0.002 -17"><span class='ocrx_word' id='word_1_482' title='bbox 1927 2235 2028 2286; x_wconf 83' lang='grc' dir='ltr'>οὐκ</span> <span class='ocrx_word' id='word_1_483' title='bbox 2073 2235 2138 2286; x_wconf 83' lang='grc' dir='ltr'>ὲκ</span> <span class='ocrx_word' id='word_1_484' title='bbox 2190 2233 2284 2285; x_wconf 86' lang='grc' dir='ltr'>τοῦ</span> <span class='ocrx_word' id='word_1_485' title='bbox 2321 2233 2665 2302; x_wconf 80' lang='grc' dir='ltr'>παρήκοντος</span> <span class='ocrx_word' id='word_1_486' title='bbox 2724 2231 3079 2297; x_wconf 79' lang='grc' dir='ltr'>θεολογοῦντα</span> <span class='ocrx_word' id='word_1_487' title='bbox 3133 2229 3324 2294; x_wconf 77' lang='grc' dir='ltr'>ταῦτα,</span> <span class='ocrx_word' id='word_1_488' title='bbox 3371 2229 3507 2282; x_wconf 69' lang='grc' dir='ltr'>ἀλλὰ</span> 
     </span>
    </p>
   </div>
   <div class='ocr_carea' id='block_1_67' title="bbox 1929 2321 3506 2394">
    <p class='ocr_par' dir='ltr' id='par_1_67' title="bbox 1929 2321 3506 2394">
     <span class='ocr_line' id='line_1_67' title="bbox 1929 2321 3506 2394; baseline 0 -19"><span class='ocrx_word' id='word_1_489' title='bbox 1929 2323 2234 2394; x_wconf 77' lang='grc' dir='ltr'>προῦργου,</span> <span class='ocrx_word' id='word_1_490' title='bbox 2290 2325 2384 2376; x_wconf 78' lang='grc' dir='ltr'>καὶ</span> <span class='ocrx_word' id='word_1_491' title='bbox 2429 2323 2592 2391; x_wconf 84' lang='grc' dir='ltr'>ὅρους</span> <span class='ocrx_word' id='word_1_492' title='bbox 2635 2322 2921 2384; x_wconf 74' lang='grc' dir='ltr'>εὐσεϐείας</span> <span class='ocrx_word' id='word_1_493' title='bbox 2969 2321 3161 2384; x_wconf 80' lang='grc' dir='ltr'>ταῦτα,</span> <span class='ocrx_word' id='word_1_494' title='bbox 3207 2321 3302 2372; x_wconf 79' lang='grc' dir='ltr'>καὶ</span> <span class='ocrx_word' id='word_1_495' title='bbox 3335 2323 3506 2390; x_wconf 76' lang='grc' dir='ltr'>κεφά-</span> 
     </span>
    </p>
   </div>
   <div class='ocr_carea' id='block_1_68' title="bbox 1929 2409 3505 2485">
    <p class='ocr_par' dir='ltr' id='par_1_68' title="bbox 1929 2409 3505 2485">
     <span class='ocr_line' id='line_1_68' title="bbox 1929 2409 3505 2485; baseline 0 -19"><span class='ocrx_word' id='word_1_496' title='bbox 1929 2415 2053 2468; x_wconf 90' lang='grc' dir='ltr'>λαια</span> <span class='ocrx_word' id='word_1_497' title='bbox 2092 2415 2452 2485; x_wconf 80' lang='grc' dir='ltr'>ὀνομάζοντα,</span> <span class='ocrx_word' id='word_1_498' title='bbox 2491 2409 2568 2468; x_wconf 81' lang='grc' dir='ltr'>ὧν</span> <span class='ocrx_word' id='word_1_499' title='bbox 2600 2415 2675 2485; x_wconf 82' lang='grc' dir='ltr'>μὴ</span> <span class='ocrx_word' id='word_1_500' title='bbox 2721 2415 2922 2483; x_wconf 82' lang='grc' dir='ltr'>χρῆναι</span> <span class='ocrx_word' id='word_1_501' title='bbox 2954 2415 3158 2484; x_wconf 78' lang='grc' dir='ltr'>μηδένα</span> <span class='ocrx_word' id='word_1_502' title='bbox 3190 2413 3505 2484; x_wconf 79' lang='grc' dir='ltr'>παρεξιέναι</span> 
     </span>
    </p>
   </div>
   <div class='ocr_carea' id='block_1_69' title="bbox 1927 2506 3508 2578">
    <p class='ocr_par' dir='ltr' id='par_1_69' title="bbox 1927 2506 3508 2578">
     <span class='ocr_line' id='line_1_69' title="bbox 1927 2506 3508 2578; baseline -0.003 -17"><span class='ocrx_word' id='word_1_503' title='bbox 1927 2509 2169 2576; x_wconf 79' lang='grc' dir='ltr'>ήκουσας</span> <span class='ocrx_word' id='word_1_504' title='bbox 2203 2508 2330 2576; x_wconf 82' lang='grc' dir='ltr'>παρ’</span> <span class='ocrx_word' id='word_1_505' title='bbox 2369 2507 2548 2578; x_wconf 78' lang='grc' dir='ltr'>ἡμῶν,</span> <span class='ocrx_word' id='word_1_506' title='bbox 2577 2507 2674 2560; x_wconf 81' lang='grc' dir='ltr'>καὶ</span> <span class='ocrx_word' id='word_1_507' title='bbox 2704 2508 2838 2559; x_wconf 87' lang='grc' dir='ltr'>πᾶσι</span> <span class='ocrx_word' id='word_1_508' title='bbox 2867 2509 2973 2568; x_wconf 82' lang='grc' dir='ltr'>τοῖς</span> <span class='ocrx_word' id='word_1_509' title='bbox 3009 2506 3352 2567; x_wconf 67' lang='grc' dir='ltr'>διδασκάλοις</span> <span class='ocrx_word' id='word_1_510' title='bbox 3394 2508 3508 2568; x_wconf 85' lang='grc' dir='ltr'>τοῖς</span> 
     </span>
    </p>
   </div>
   <div class='ocr_carea' id='block_1_70' title="bbox 1927 2595 3509 2666">
    <p class='ocr_par' dir='ltr' id='par_1_70' title="bbox 1927 2595 3509 2666">
     <span class='ocr_line' id='line_1_70' title="bbox 1927 2595 3509 2666; baseline -0.001 -16"><span class='ocrx_word' id='word_1_511' title='bbox 1927 2599 2134 2664; x_wconf 77' lang='grc' dir='ltr'>ὁμοίοις</span> <span class='ocrx_word' id='word_1_512' title='bbox 2180 2598 2600 2665; x_wconf 77' lang='grc' dir='ltr'>συμφωνοῦντα,</span> <span class='ocrx_word' id='word_1_513' title='bbox 2647 2597 2848 2665; x_wconf 79' lang='grc' dir='ltr'>μᾶλλον</span> <span class='ocrx_word' id='word_1_514' title='bbox 2875 2596 2930 2648; x_wconf 79' lang='grc' dir='ltr'>δὲ</span> <span class='ocrx_word' id='word_1_515' title='bbox 2976 2599 3083 2657; x_wconf 85' lang='grc' dir='ltr'>τοῖς</span> <span class='ocrx_word' id='word_1_516' title='bbox 3126 2595 3290 2657; x_wconf 82' lang='grc' dir='ltr'>θείοις</span> <span class='ocrx_word' id='word_1_517' title='bbox 3323 2596 3509 2666; x_wconf 77' lang='grc' dir='ltr'>ἔργοις</span> 
     </span>
    </p>
   </div>
   <div class='ocr_carea' id='block_1_71' title="bbox 1929 2685 3505 2759">
    <p class='ocr_par' dir='ltr' id='par_1_71' title="bbox 1929 2685 3505 2759">
     <span class='ocr_line' id='line_1_71' title="bbox 1929 2685 3505 2759; baseline 0 -19"><span class='ocrx_word' id='word_1_518' title='bbox 1929 2690 2021 2741; x_wconf 79' lang='grc' dir='ltr'>καὶ</span> <span class='ocrx_word' id='word_1_519' title='bbox 2065 2689 2248 2758; x_wconf 80' lang='grc' dir='ltr'>νόμοις</span> <span class='ocrx_word' id='word_1_520' title='bbox 2282 2689 2597 2758; x_wconf 83' lang='grc' dir='ltr'>συνᾴδοντα,</span> <span class='ocrx_word' id='word_1_521' title='bbox 2643 2687 2753 2758; x_wconf 66' lang='lat' dir='ltr'>[Im</span> <span class='ocrx_word' id='word_1_522' title='bbox 2791 2687 2965 2740; x_wconf 84' lang='grc' dir='ltr'>ταῦτα</span> <span class='ocrx_word' id='word_1_523' title='bbox 3010 2689 3166 2756; x_wconf 77' lang='grc' dir='ltr'>δέχου</span> <span class='ocrx_word' id='word_1_524' title='bbox 3207 2690 3239 2759; x_wconf 68' lang='grc' dir='ltr'>ἢ</span> <span class='ocrx_word' id='word_1_525' title='bbox 3279 2687 3404 2740; x_wconf 77' lang='grc' dir='ltr'>ἄλλο</span> <span class='ocrx_word' id='word_1_526' title='bbox 3427 2685 3505 2756; x_wconf 69' lang='grc' dir='ltr'>τι]</span> 
     </span>
    </p>
   </div>
   <div class='ocr_carea' id='block_1_72' title="bbox 1930 2779 3514 2848">
    <p class='ocr_par' dir='ltr' id='par_1_72' title="bbox 1930 2779 3514 2848">
     <span class='ocr_line' id='line_1_72' title="bbox 1930 2779 3514 2848; baseline 0 -16"><span class='ocrx_word' id='word_1_527' title='bbox 1930 2781 2076 2847; x_wconf 80' lang='grc' dir='ltr'>ἅπερ</span> <span class='ocrx_word' id='word_1_528' title='bbox 2113 2781 2176 2832; x_wconf 81' lang='grc' dir='ltr'>ὲκ</span> <span class='ocrx_word' id='word_1_529' title='bbox 2205 2780 2417 2833; x_wconf 79' lang='grc' dir='ltr'>πολλῶν</span> <span class='ocrx_word' id='word_1_530' title='bbox 2452 2780 2610 2843; x_wconf 87' lang='grc' dir='ltr'>ὀλίγα</span> <span class='ocrx_word' id='word_1_531' title='bbox 2649 2797 2731 2833; x_wconf 87' lang='grc' dir='ltr'>σοι</span> <span class='ocrx_word' id='word_1_532' title='bbox 2781 2779 2875 2832; x_wconf 79' lang='grc' dir='ltr'>νῦν</span> <span class='ocrx_word' id='word_1_533' title='bbox 2906 2779 3225 2848; x_wconf 81' lang='grc' dir='ltr'>ἐξεθέμεθα,</span> <span class='ocrx_word' id='word_1_534' title='bbox 3273 2781 3398 2832; x_wconf 78' lang='grc' dir='ltr'>ὅσον</span> <span class='ocrx_word' id='word_1_535' title='bbox 3427 2780 3514 2832; x_wconf 76' lang='grc' dir='ltr'>αἰ-</span> 
     </span>
    </p>
   </div>
   <div class='ocr_carea' id='block_1_73' title="bbox 1931 2871 3512 2941">
    <p class='ocr_par' dir='ltr' id='par_1_73' title="bbox 1931 2871 3512 2941">
     <span class='ocr_line' id='line_1_73' title="bbox 1931 2871 3512 2941; baseline 0.001 -18"><span class='ocrx_word' id='word_1_536' title='bbox 1931 2871 2185 2936; x_wconf 74' lang='grc' dir='ltr'>νίξασθαι</span> <span class='ocrx_word' id='word_1_537' title='bbox 2216 2872 2315 2932; x_wconf 78' lang='grc' dir='ltr'>τὴν</span> <span class='ocrx_word' id='word_1_538' title='bbox 2343 2873 2438 2925; x_wconf 82' lang='grc' dir='ltr'>τοῦ</span> <span class='ocrx_word' id='word_1_539' title='bbox 2478 2872 2801 2926; x_wconf 86' lang='grc' dir='ltr'>διδασκάλου</span> <span class='ocrx_word' id='word_1_540' title='bbox 2833 2872 2964 2941; x_wconf 74' lang='grc' dir='ltr'>πρὸς</span> <span class='ocrx_word' id='word_1_541' title='bbox 2994 2875 3119 2934; x_wconf 67' lang='grc' dir='ltr'>τοὺς</span> <span class='ocrx_word' id='word_1_542' title='bbox 3145 2872 3323 2933; x_wconf 86' lang='grc' dir='ltr'>θείους</span> <span class='ocrx_word' id='word_1_543' title='bbox 3353 2871 3512 2924; x_wconf 80' lang='grc' dir='ltr'>κανό-</span> 
     </span>
    </p>
   </div>
   <div class='ocr_carea' id='block_1_74' title="bbox 1930 2965 3513 3036">
    <p class='ocr_par' dir='ltr' id='par_1_74' title="bbox 1930 2965 3513 3036">
     <span class='ocr_line' id='line_1_74' title="bbox 1930 2965 3513 3036; baseline 0.001 -20"><span class='ocrx_word' id='word_1_544' title='bbox 1930 2983 2025 3025; x_wconf 87' lang='grc' dir='ltr'>νας</span> <span class='ocrx_word' id='word_1_545' title='bbox 2070 2966 2419 3036; x_wconf 79' lang='grc' dir='ltr'>ὲφαρμογήν.</span> <span class='ocrx_word' id='word_1_546' title='bbox 2467 2966 2700 3018; x_wconf 77' lang='grc' dir='ltr'>ὐπόταν</span> <span class='ocrx_word' id='word_1_547' title='bbox 2733 2965 2789 3018; x_wconf 79' lang='grc' dir='ltr'>δὲ</span> <span class='ocrx_word' id='word_1_548' title='bbox 2819 2966 2911 3018; x_wconf 76' lang='grc' dir='ltr'>καὶ</span> <span class='ocrx_word' id='word_1_549' title='bbox 2943 2966 3039 3028; x_wconf 83' lang='grc' dir='ltr'>τὰς</span> <span class='ocrx_word' id='word_1_550' title='bbox 3089 2967 3169 3026; x_wconf 81' lang='grc' dir='ltr'>είς</span> <span class='ocrx_word' id='word_1_551' title='bbox 3203 2965 3513 3018; x_wconf 77' lang='grc' dir='ltr'>τούναντίον</span> 
     </span>
    </p>
   </div>
   <div class='ocr_carea' id='block_1_75' title="bbox 1933 3057 3514 3131">
    <p class='ocr_par' dir='ltr' id='par_1_75' title="bbox 1933 3057 3514 3131">
     <span class='ocr_line' id='line_1_75' title="bbox 1933 3057 3514 3131; baseline -0.001 -19"><span class='ocrx_word' id='word_1_552' title='bbox 1933 3061 2306 3130; x_wconf 76' lang='grc' dir='ltr'>ἐπιχειρήσεις</span> <span class='ocrx_word' id='word_1_553' title='bbox 2335 3060 2557 3131; x_wconf 70' lang='grc' dir='ltr'>πέμψῃς</span> <span class='ocrx_word' id='word_1_554' title='bbox 2585 3062 2739 3128; x_wconf 78' lang='grc' dir='ltr'>ἡμῖν,</span> <span class='ocrx_word' id='word_1_555' title='bbox 2767 3059 2831 3120; x_wconf 78' lang='grc' dir='ltr'>ἃς</span> <span class='ocrx_word' id='word_1_556' title='bbox 2860 3059 3156 3128; x_wconf 81' lang='grc' dir='ltr'>ἀκηκοέναι</span> <span class='ocrx_word' id='word_1_557' title='bbox 3180 3059 3360 3124; x_wconf 82' lang='grc' dir='ltr'>λέγεις</span> <span class='ocrx_word' id='word_1_558' title='bbox 3385 3057 3514 3110; x_wconf 85' lang='grc' dir='ltr'>πολ-</span> 
     </span>
    </p>
   </div>
   <div class='ocr_carea' id='block_1_76' title="bbox 1933 3151 3513 3222">
    <p class='ocr_par' dir='ltr' id='par_1_76' title="bbox 1933 3151 3513 3222">
     <span class='ocr_line' id='line_1_76' title="bbox 1933 3151 3513 3222; baseline 0 -20"><span class='ocrx_word' id='word_1_559' title='bbox 1933 3151 2040 3203; x_wconf 85' lang='grc' dir='ltr'>λῶν</span> <span class='ocrx_word' id='word_1_560' title='bbox 2066 3167 2080 3184; x_wconf 78' lang='grc' dir='ltr'>ο</span> <span class='ocrx_word' id='word_1_561' title='bbox 2113 3153 2405 3222; x_wconf 76' lang='grc' dir='ltr'>πέμψομέν</span> <span class='ocrx_word' id='word_1_562' title='bbox 2441 3171 2521 3206; x_wconf 88' lang='grc' dir='ltr'>σοι</span> <span class='ocrx_word' id='word_1_563' title='bbox 2578 3154 2846 3206; x_wconf 83' lang='grc' dir='ltr'>κάκείνων</span> <span class='ocrx_word' id='word_1_564' title='bbox 2877 3153 2975 3214; x_wconf 77' lang='grc' dir='ltr'>τὰς</span> <span class='ocrx_word' id='word_1_565' title='bbox 3021 3152 3226 3213; x_wconf 80' lang='grc' dir='ltr'>λύσεις.</span> <span class='ocrx_word' id='word_1_566' title='bbox 3270 3151 3424 3204; x_wconf 73' lang='grc' dir='ltr'>Ἐπεὶ</span> <span class='ocrx_word' id='word_1_567' title='bbox 3456 3151 3513 3203; x_wconf 74' lang='grc' dir='ltr'>δὲ</span> 
     </span>
    </p>
   </div>
   <div class='ocr_carea' id='block_1_77' title="bbox 1931 3242 3516 3314">
    <p class='ocr_par' dir='ltr' id='par_1_77' title="bbox 1931 3242 3516 3314">
     <span class='ocr_line' id='line_1_77' title="bbox 1931 3242 3516 3314; baseline -0.001 -17"><span class='ocrx_word' id='word_1_568' title='bbox 1931 3246 1964 3311; x_wconf 88' lang='grc' dir='ltr'>ή</span> <span class='ocrx_word' id='word_1_569' title='bbox 1993 3244 2087 3297; x_wconf 78' lang='grc' dir='ltr'>τοῦ</span> <span class='ocrx_word' id='word_1_570' title='bbox 2122 3246 2380 3312; x_wconf 79' lang='grc' dir='ltr'>Μεγάλου</span> <span class='ocrx_word' id='word_1_571' title='bbox 2430 3246 2716 3300; x_wconf 86' lang='grc' dir='ltr'>Βασιλείου</span> <span class='ocrx_word' id='word_1_572' title='bbox 2762 3247 3039 3314; x_wconf 75' lang='grc' dir='ltr'>ἀπόφασις</span> <span class='ocrx_word' id='word_1_573' title='bbox 3068 3244 3206 3314; x_wconf 71' lang='grc' dir='ltr'>αὕτη</span> <span class='ocrx_word' id='word_1_574' title='bbox 3253 3244 3389 3313; x_wconf 77' lang='grc' dir='ltr'>πρὸς</span> <span class='ocrx_word' id='word_1_575' title='bbox 3422 3242 3516 3296; x_wconf 72' lang='grc' dir='ltr'>τὸν</span> 
     </span>
    </p>
   </div>
   <div class='ocr_carea' id='block_1_78' title="bbox 1939 3332 3514 3406">
    <p class='ocr_par' dir='ltr' id='par_1_78' title="bbox 1939 3332 3514 3406">
     <span class='ocr_line' id='line_1_78' title="bbox 1939 3332 3514 3406; baseline -0.003 -16"><span class='ocrx_word' id='word_1_576' title='bbox 1939 3336 2084 3391; x_wconf 82' lang='grc' dir='ltr'>θεῖον</span> <span class='ocrx_word' id='word_1_577' title='bbox 2115 3337 2311 3405; x_wconf 79' lang='grc' dir='ltr'>ἀνήκει</span> <span class='ocrx_word' id='word_1_578' title='bbox 2343 3332 2698 3406; x_wconf 85' lang='grc' dir='ltr'>προορισμὸν,</span> <span class='ocrx_word' id='word_1_579' title='bbox 2723 3337 2868 3406; x_wconf 78' lang='grc' dir='ltr'>ἔχεις</span> <span class='ocrx_word' id='word_1_580' title='bbox 2894 3337 2986 3389; x_wconf 84' lang='grc' dir='ltr'>τὸν</span> <span class='ocrx_word' id='word_1_581' title='bbox 3014 3335 3182 3389; x_wconf 76' lang='grc' dir='ltr'>πολὺν</span> <span class='ocrx_word' id='word_1_582' title='bbox 3209 3335 3338 3400; x_wconf 74' lang='grc' dir='ltr'>περὶ</span> <span class='ocrx_word' id='word_1_583' title='bbox 3363 3334 3514 3397; x_wconf 82' lang='grc' dir='ltr'>Θείας</span> 
     </span>
    </p>
   </div>
   <div class='ocr_carea' id='block_1_79' title="bbox 1935 3427 3516 3499">
    <p class='ocr_par' dir='ltr' id='par_1_79' title="bbox 1935 3427 3516 3499">
     <span class='ocr_line' id='line_1_79' title="bbox 1935 3427 3516 3499; baseline -0.003 -17"><span class='ocrx_word' id='word_1_584' title='bbox 1935 3429 2194 3499; x_wconf 85' lang='grc' dir='ltr'>προνοίας</span> <span class='ocrx_word' id='word_1_585' title='bbox 2215 3429 2311 3481; x_wconf 72' lang='grc' dir='ltr'>καὶ</span> <span class='ocrx_word' id='word_1_586' title='bbox 2333 3428 2671 3498; x_wconf 81' lang='grc' dir='ltr'>προορισμοῦ</span> <span class='ocrx_word' id='word_1_587' title='bbox 2698 3429 2856 3495; x_wconf 88' lang='grc' dir='ltr'>λόγον</span> <span class='ocrx_word' id='word_1_588' title='bbox 2877 3428 3055 3497; x_wconf 88' lang='grc' dir='ltr'>ήμῶν,</span> <span class='ocrx_word' id='word_1_589' title='bbox 3091 3427 3368 3496; x_wconf 72' lang='grc' dir='ltr'>προῦργου</span> <span class='ocrx_word' id='word_1_590' title='bbox 3395 3427 3516 3478; x_wconf 85' lang='grc' dir='ltr'>τότε</span> 
     </span>
    </p>
   </div>
   <div class='ocr_carea' id='block_1_80' title="bbox 1936 3518 3518 3588">
    <p class='ocr_par' dir='ltr' id='par_1_80' title="bbox 1936 3518 3518 3588">
     <span class='ocr_line' id='line_1_80' title="bbox 1936 3518 3518 3588; baseline -0.002 -15"><span class='ocrx_word' id='word_1_591' title='bbox 1936 3522 2031 3574; x_wconf 80' lang='grc' dir='ltr'>καὶ</span> <span class='ocrx_word' id='word_1_592' title='bbox 2060 3520 2200 3573; x_wconf 81' lang='grc' dir='ltr'>πάνυ</span> <span class='ocrx_word' id='word_1_593' title='bbox 2235 3518 2540 3581; x_wconf 83' lang='grc' dir='ltr'>σπουδαίως</span> <span class='ocrx_word' id='word_1_594' title='bbox 2585 3519 3078 3588; x_wconf 81' lang='grc' dir='ltr'>συγγεγραμμένον</span> <span class='ocrx_word' id='word_1_595' title='bbox 3113 3520 3268 3587; x_wconf 81' lang='grc' dir='ltr'>ἡμῖν.</span> <span class='ocrx_word' id='word_1_596' title='bbox 3307 3518 3370 3568; x_wconf 84' lang='grc' dir='ltr'><strong>Ὢ</strong></span> <span class='ocrx_word' id='word_1_597' title='bbox 3415 3521 3518 3584; x_wconf 71' lang='grc' dir='ltr'>τῆς</span> 
     </span>
    </p>
   </div>
   <div class='ocr_carea' id='block_1_81' title="bbox 1936 3609 3512 3680">
    <p class='ocr_par' dir='ltr' id='par_1_81' title="bbox 1936 3609 3512 3680">
     <span class='ocr_line' id='line_1_81' title="bbox 1936 3609 3512 3680; baseline -0.003 -16"><span class='ocrx_word' id='word_1_598' title='bbox 1936 3614 2120 3677; x_wconf 67' lang='grc' dir='ltr'>κοινῆς</span> <span class='ocrx_word' id='word_1_599' title='bbox 2169 3611 2455 3680; x_wconf 86' lang='grc' dir='ltr'>δυστυχίας</span> <span class='ocrx_word' id='word_1_600' title='bbox 2489 3612 2501 3664; x_wconf 88' lang='lat'><strong>!</strong></span> <span class='ocrx_word' id='word_1_601' title='bbox 2549 3613 2610 3663; x_wconf 83' lang='grc' dir='ltr'>Ὢ</span> <span class='ocrx_word' id='word_1_602' title='bbox 2641 3611 2742 3680; x_wconf 81' lang='grc' dir='ltr'>τῆς</span> <span class='ocrx_word' id='word_1_603' title='bbox 2774 3611 2914 3680; x_wconf 84' lang='grc' dir='ltr'>ὲμῆς</span> <span class='ocrx_word' id='word_1_604' title='bbox 2965 3611 3303 3679; x_wconf 82' lang='grc' dir='ltr'>λυγροτάτης</span> <span class='ocrx_word' id='word_1_605' title='bbox 3332 3609 3512 3676; x_wconf 79' lang='grc' dir='ltr'>ζωῆςί</span> 
     </span>
    </p>
   </div>
   <div class='ocr_carea' id='block_1_82' title="bbox 1951 3699 3517 3770">
    <p class='ocr_par' dir='ltr' id='par_1_82' title="bbox 1951 3699 3517 3770">
     <span class='ocr_line' id='line_1_82' title="bbox 1951 3699 3517 3770; baseline -0.001 -17"><span class='ocrx_word' id='word_1_606' title='bbox 1951 3702 2101 3753; x_wconf 85' lang='grc' dir='ltr'>Ἐκεῖ</span> <span class='ocrx_word' id='word_1_607' title='bbox 2127 3701 2221 3754; x_wconf 68' lang='grc' dir='ltr'>καὶ</span> <span class='ocrx_word' id='word_1_608' title='bbox 2255 3704 2438 3754; x_wconf 81' lang='grc' dir='ltr'>πᾶσαν</span> <span class='ocrx_word' id='word_1_609' title='bbox 2464 3701 2649 3770; x_wconf 75' lang='grc' dir='ltr'>σχεδὸν</span> <span class='ocrx_word' id='word_1_610' title='bbox 2683 3701 2953 3768; x_wconf 83' lang='grc' dir='ltr'>λυομένην</span> <span class='ocrx_word' id='word_1_611' title='bbox 2984 3700 3215 3770; x_wconf 84' lang='grc' dir='ltr'>ἀπορίαν</span> <span class='ocrx_word' id='word_1_612' title='bbox 3240 3699 3517 3768; x_wconf 81' lang='grc' dir='ltr'>εὑρήσεις,</span> 
     </span>
    </p>
   </div>
   <div class='ocr_carea' id='block_1_83' title="bbox 1939 3785 3524 3862">
    <p class='ocr_par' dir='ltr' id='par_1_83' title="bbox 1939 3785 3524 3862">
     <span class='ocr_line' id='line_1_83' title="bbox 1939 3785 3524 3862; baseline -0.004 -17"><span class='ocrx_word' id='word_1_613' title='bbox 1939 3793 2000 3845; x_wconf 87' lang='grc' dir='ltr'>οὐ</span> <span class='ocrx_word' id='word_1_614' title='bbox 2038 3793 2197 3862; x_wconf 81' lang='grc' dir='ltr'>μόνον</span> <span class='ocrx_word' id='word_1_615' title='bbox 2227 3793 2417 3858; x_wconf 83' lang='grc' dir='ltr'>αὐτὰς,</span> <span class='ocrx_word' id='word_1_616' title='bbox 2450 3791 2540 3859; x_wconf 82' lang='grc' dir='ltr'>ὑφ’</span> <span class='ocrx_word' id='word_1_617' title='bbox 2566 3785 2640 3844; x_wconf 81' lang='grc' dir='ltr'>ὧν</span> <span class='ocrx_word' id='word_1_618' title='bbox 2666 3809 2812 3853; x_wconf 86' lang='grc' dir='ltr'>τινες</span> <span class='ocrx_word' id='word_1_619' title='bbox 2839 3791 3180 3846; x_wconf 86' lang='grc' dir='ltr'>σαλεύονται.</span> <span class='ocrx_word' id='word_1_620' title='bbox 3230 3789 3524 3859; x_wconf 73' lang='grc' dir='ltr'>Ἀποροῦν-</span> 
     </span>
    </p>
   </div>
   <div class='ocr_carea' id='block_1_84' title="bbox 1941 3881 3520 3951">
    <p class='ocr_par' dir='ltr' id='par_1_84' title="bbox 1941 3881 3520 3951">
     <span class='ocr_line' id='line_1_84' title="bbox 1941 3881 3520 3951; baseline -0.003 -15"><span class='ocrx_word' id='word_1_621' title='bbox 1941 3901 2030 3946; x_wconf 87' lang='grc' dir='ltr'>τες</span> <span class='ocrx_word' id='word_1_622' title='bbox 2062 3885 2190 3951; x_wconf 78' lang='grc' dir='ltr'>γὰρ,</span> <span class='ocrx_word' id='word_1_623' title='bbox 2229 3886 2276 3936; x_wconf 91' lang='grc' dir='ltr'>εί</span> <span class='ocrx_word' id='word_1_624' title='bbox 2327 3885 2554 3936; x_wconf 76' lang='grc' dir='ltr'>δυνατόν</span> <span class='ocrx_word' id='word_1_625' title='bbox 2611 3885 2750 3948; x_wconf 78' lang='grc' dir='ltr'>ἐστι,</span> <span class='ocrx_word' id='word_1_626' title='bbox 2803 3883 2990 3936; x_wconf 86' lang='grc' dir='ltr'>λοιπὸν</span> <span class='ocrx_word' id='word_1_627' title='bbox 3019 3882 3119 3951; x_wconf 80' lang='grc' dir='ltr'>τὴν</span> <span class='ocrx_word' id='word_1_628' title='bbox 3167 3881 3520 3951; x_wconf 75' lang='grc' dir='ltr'>ἀνθρωπίνην</span> 
     </span>
    </p>
   </div>
   <div class='ocr_carea' id='block_1_85' title="bbox 1945 3974 3523 4048">
    <p class='ocr_par' dir='ltr' id='par_1_85' title="bbox 1945 3974 3523 4048">
     <span class='ocr_line' id='line_1_85' title="bbox 1945 3974 3523 4048; baseline -0.003 -19"><span class='ocrx_word' id='word_1_629' title='bbox 1945 3978 2265 4044; x_wconf 84' lang='grc' dir='ltr'>προαίρεσιν</span> <span class='ocrx_word' id='word_1_630' title='bbox 2293 3978 2536 4045; x_wconf 75' lang='grc' dir='ltr'>ἐνεργεῖν</span> <span class='ocrx_word' id='word_1_631' title='bbox 2567 3977 2625 4028; x_wconf 84' lang='grc' dir='ltr'>ὲν</span> <span class='ocrx_word' id='word_1_632' title='bbox 2655 3979 2766 4037; x_wconf 91' lang='grc' dir='ltr'>τοῖς</span> <span class='ocrx_word' id='word_1_633' title='bbox 2807 3976 3172 4044; x_wconf 87' lang='grc' dir='ltr'>προαιρετοῖς,</span> <span class='ocrx_word' id='word_1_634' title='bbox 3212 3974 3363 4048; x_wconf 72' lang='grc' dir='ltr'>καὶῆ</span> <span class='ocrx_word' id='word_1_635' title='bbox 3394 3989 3523 4025; x_wconf 82' lang='grc' dir='ltr'>στε-</span> 
     </span>
    </p>
   </div>
   <div class='ocr_carea' id='block_1_86' title="bbox 1944 4063 3524 4137">
    <p class='ocr_par' dir='ltr' id='par_1_86' title="bbox 1944 4063 3524 4137">
     <span class='ocr_line' id='line_1_86' title="bbox 1944 4063 3524 4137; baseline -0.006 -15"><span class='ocrx_word' id='word_1_636' title='bbox 1944 4069 2243 4137; x_wconf 84' lang='grc' dir='ltr'>φανοῦσθαι</span> <span class='ocrx_word' id='word_1_637' title='bbox 2274 4069 2306 4137; x_wconf 82' lang='grc' dir='ltr'>ἢ</span> <span class='ocrx_word' id='word_1_638' title='bbox 2345 4067 2691 4132; x_wconf 83' lang='grc' dir='ltr'>κολάζεσθαι,</span> <span class='ocrx_word' id='word_1_639' title='bbox 2723 4065 2819 4117; x_wconf 82' lang='grc' dir='ltr'>τοῦ</span> <span class='ocrx_word' id='word_1_640' title='bbox 2849 4065 2997 4120; x_wconf 68' lang='grc' dir='ltr'>θείου</span> <span class='ocrx_word' id='word_1_641' title='bbox 3027 4063 3356 4132; x_wconf 75' lang='grc' dir='ltr'>κρατοῦντος</span> <span class='ocrx_word' id='word_1_642' title='bbox 3393 4081 3524 4132; x_wconf 78' lang='grc' dir='ltr'>προ-</span> 
     </span>
    </p>
   </div>
   <div class='ocr_carea' id='block_1_87' title="bbox 1945 4157 3524 4230">
    <p class='ocr_par' dir='ltr' id='par_1_87' title="bbox 1945 4157 3524 4230">
     <span class='ocr_line' id='line_1_87' title="bbox 1945 4157 3524 4230; baseline -0.003 -16"><span class='ocrx_word' id='word_1_643' title='bbox 1945 4161 2200 4230; x_wconf 81' lang='grc' dir='ltr'>ορισμοῦ,</span> <span class='ocrx_word' id='word_1_644' title='bbox 2237 4163 2330 4214; x_wconf 76' lang='grc' dir='ltr'>καὶ</span> <span class='ocrx_word' id='word_1_645' title='bbox 2376 4163 2424 4212; x_wconf 87' lang='grc' dir='ltr'>εί</span> <span class='ocrx_word' id='word_1_646' title='bbox 2457 4160 2685 4213; x_wconf 89' lang='grc' dir='ltr'>δυνατόν</span> <span class='ocrx_word' id='word_1_647' title='bbox 2721 4161 2837 4211; x_wconf 74' lang='grc' dir='ltr'>ἐστι</span> <span class='ocrx_word' id='word_1_648' title='bbox 2884 4157 3242 4227; x_wconf 77' lang='grc' dir='ltr'>χρησιμεύειν</span> <span class='ocrx_word' id='word_1_649' title='bbox 3277 4158 3405 4225; x_wconf 80' lang='grc' dir='ltr'>ἡμῖν</span> <span class='ocrx_word' id='word_1_650' title='bbox 3443 4157 3524 4209; x_wconf 81' lang='grc' dir='ltr'>ἔτι</span> 
     </span>
    </p>
   </div>
   <div class='ocr_carea' id='block_1_88' title="bbox 1945 4249 3524 4322">
    <p class='ocr_par' dir='ltr' id='par_1_88' title="bbox 1945 4249 3524 4322">
     <span class='ocr_line' id='line_1_88' title="bbox 1945 4249 3524 4322; baseline -0.003 -17"><span class='ocrx_word' id='word_1_651' title='bbox 1945 4254 2044 4315; x_wconf 76' lang='grc' dir='ltr'>τὰς</span> <span class='ocrx_word' id='word_1_652' title='bbox 2073 4256 2152 4313; x_wconf 85' lang='grc' dir='ltr'>είς</span> <span class='ocrx_word' id='word_1_653' title='bbox 2181 4255 2239 4304; x_wconf 66' lang='grc' dir='ltr'>τὺ</span> <span class='ocrx_word' id='word_1_654' title='bbox 2285 4251 2431 4311; x_wconf 89' lang='grc' dir='ltr'>θεῖον</span> <span class='ocrx_word' id='word_1_655' title='bbox 2466 4253 2652 4322; x_wconf 78' lang='grc' dir='ltr'>εὐχὰς,</span> <span class='ocrx_word' id='word_1_656' title='bbox 2691 4253 2786 4303; x_wconf 74' lang='grc' dir='ltr'>καὶ</span> <span class='ocrx_word' id='word_1_657' title='bbox 2821 4253 2947 4319; x_wconf 72' lang='grc' dir='ltr'>περὶ</span> <span class='ocrx_word' id='word_1_658' title='bbox 2980 4252 3088 4302; x_wconf 82' lang='grc' dir='ltr'>τῶν</span> <span class='ocrx_word' id='word_1_659' title='bbox 3135 4251 3199 4301; x_wconf 81' lang='grc' dir='ltr'>ὲκ</span> <span class='ocrx_word' id='word_1_660' title='bbox 3227 4249 3397 4316; x_wconf 81' lang='grc' dir='ltr'>τύχης</span> <span class='ocrx_word' id='word_1_661' title='bbox 3427 4250 3524 4301; x_wconf 69' lang='grc' dir='ltr'>καὶ</span> 
     </span>
    </p>
   </div>
   <div class='ocr_carea' id='block_1_89' title="bbox 1949 4342 3526 4415">
    <p class='ocr_par' dir='ltr' id='par_1_89' title="bbox 1949 4342 3526 4415">
     <span class='ocr_line' id='line_1_89' title="bbox 1949 4342 3526 4415; baseline -0.004 -16"><span class='ocrx_word' id='word_1_662' title='bbox 1949 4347 2260 4415; x_wconf 75' lang='grc' dir='ltr'>αὐτομάτου</span> <span class='ocrx_word' id='word_1_663' title='bbox 2313 4346 2621 4414; x_wconf 83' lang='grc' dir='ltr'>λεγομένων</span> <span class='ocrx_word' id='word_1_664' title='bbox 2670 4345 2938 4411; x_wconf 81' lang='grc' dir='ltr'>γίνεσθαι,</span> <span class='ocrx_word' id='word_1_665' title='bbox 2991 4344 3085 4395; x_wconf 88' lang='grc' dir='ltr'>καί</span> <span class='ocrx_word' id='word_1_666' title='bbox 3132 4360 3253 4394; x_wconf 84' lang='grc' dir='ltr'>τινα</span> <span class='ocrx_word' id='word_1_667' title='bbox 3299 4342 3526 4394; x_wconf 83' lang='grc' dir='ltr'>τοιαῦτα</span> 
     </span>
    </p>
   </div>
   <div class='ocr_carea' id='block_1_90' title="bbox 255 4428 1830 4513">
    <p class='ocr_par' dir='ltr' id='par_1_90' title="bbox 255 4428 1830 4504">
     <span class='ocr_line' id='line_1_90' title="bbox 255 4428 1830 4504; baseline -0.005 -15"><span class='ocrx_word' id='word_1_668' title='bbox 255 4436 424 4489; x_wconf 87' lang='lat' dir='ltr'>etiam</span> <span class='ocrx_word' id='word_1_669' title='bbox 478 4433 595 4489; x_wconf 83' lang='lat' dir='ltr'>lieri</span> <span class='ocrx_word' id='word_1_670' title='bbox 635 4433 809 4504; x_wconf 85' lang='lat' dir='ltr'>possit</span> <span class='ocrx_word' id='word_1_671' title='bbox 843 4441 899 4484; x_wconf 90' lang='lat' dir='ltr'>ut</span> <span class='ocrx_word' id='word_1_672' title='bbox 928 4444 1114 4498; x_wconf 90' lang='lat' dir='ltr'>preces</span> <span class='ocrx_word' id='word_1_673' title='bbox 1170 4431 1236 4483; x_wconf 88' lang='lat' dir='ltr'>ad</span> <span class='ocrx_word' id='word_1_674' title='bbox 1285 4428 1452 4483; x_wconf 85' lang='lat' dir='ltr'>Deum</span> <span class='ocrx_word' id='word_1_675' title='bbox 1501 4429 1632 4483; x_wconf 65' lang='lat' dir='ltr'>fusae</span> <span class='ocrx_word' id='word_1_676' title='bbox 1684 4429 1830 4481; x_wconf 77' lang='lat' dir='ltr'>utiles</span> 
     </span>
    </p>
   </div>
   <div class='ocr_carea' id='block_1_91' title="bbox 1936 4428 3528 4513">
    <p class='ocr_par' dir='ltr' id='par_1_91' title="bbox 1950 4434 3528 4507">
     <span class='ocr_line' id='line_1_91' title="bbox 1950 4434 3528 4507; baseline -0.001 -19"><span class='ocrx_word' id='word_1_677' title='bbox 1950 4437 2307 4507; x_wconf 80' lang='grc' dir='ltr'>ἀποροῦντες,</span> <span class='ocrx_word' id='word_1_678' title='bbox 2343 4438 2437 4489; x_wconf 77' lang='grc' dir='ltr'>καῖ</span> <span class='ocrx_word' id='word_1_679' title='bbox 2475 4437 2549 4504; x_wconf 82' lang='grc' dir='ltr'>μὴ</span> <span class='ocrx_word' id='word_1_680' title='bbox 2579 4437 2865 4506; x_wconf 82' lang='grc' dir='ltr'>δυνάμενοι</span> <span class='ocrx_word' id='word_1_681' title='bbox 2897 4434 3066 4500; x_wconf 83' lang='grc' dir='ltr'>λύειν,</span> <span class='ocrx_word' id='word_1_682' title='bbox 3095 4435 3188 4486; x_wconf 76' lang='grc' dir='ltr'>τὸν</span> <span class='ocrx_word' id='word_1_683' title='bbox 3217 4434 3359 4486; x_wconf 81' lang='grc' dir='ltr'>θεῖον</span> <span class='ocrx_word' id='word_1_684' title='bbox 3392 4434 3528 4486; x_wconf 85' lang='grc' dir='ltr'>ἀπο-</span> 
     </span>
    </p>
   </div>
   <div class='ocr_carea' id='block_1_92' title="bbox 260 4520 1844 4591">
    <p class='ocr_par' dir='ltr' id='par_1_92' title="bbox 260 4520 1844 4591">
     <span class='ocr_line' id='line_1_92' title="bbox 260 4520 1844 4591; baseline -0.006 -9"><span class='ocrx_word' id='word_1_685' title='bbox 260 4529 440 4583; x_wconf 80' lang='lat' dir='ltr'>adltuc</span> <span class='ocrx_word' id='word_1_686' title='bbox 465 4526 579 4580; x_wconf 89' lang='lat' dir='ltr'>sint</span> <span class='ocrx_word' id='word_1_687' title='bbox 615 4543 629 4578; x_wconf 90' lang='lat'><strong>:</strong></span> <span class='ocrx_word' id='word_1_688' title='bbox 659 4532 714 4579; x_wconf 81' lang='lat' dir='ltr'>et</span> <span class='ocrx_word' id='word_1_689' title='bbox 745 4523 812 4578; x_wconf 90' lang='lat' dir='ltr'>de</span> <span class='ocrx_word' id='word_1_690' title='bbox 848 4523 915 4576; x_wconf 89' lang='lat' dir='ltr'>iis</span> <span class='ocrx_word' id='word_1_691' title='bbox 941 4537 1062 4591; x_wconf 70' lang='lat' dir='ltr'>qum</span> <span class='ocrx_word' id='word_1_692' title='bbox 1095 4537 1225 4574; x_wconf 82' lang='lat' dir='ltr'>casu</span> <span class='ocrx_word' id='word_1_693' title='bbox 1259 4536 1323 4572; x_wconf 88' lang='lat' dir='ltr'>ac</span> <span class='ocrx_word' id='word_1_694' title='bbox 1354 4520 1578 4574; x_wconf 78' lang='lat' dir='ltr'>fortuito</span> <span class='ocrx_word' id='word_1_695' title='bbox 1615 4522 1726 4573; x_wconf 78' lang='lat' dir='ltr'>ﬁeri</span> <span class='ocrx_word' id='word_1_696' title='bbox 1757 4522 1844 4573; x_wconf 84' lang='lat' dir='ltr'>di-</span> 
     </span>
    </p>
   </div>
   <div class='ocr_carea' id='block_1_93' title="bbox 257 4611 1834 4679">
    <p class='ocr_par' dir='ltr' id='par_1_93' title="bbox 257 4611 1834 4679">
     <span class='ocr_line' id='line_1_93' title="bbox 257 4611 1834 4679; baseline -0.005 -7"><span class='ocrx_word' id='word_1_697' title='bbox 257 4628 478 4672; x_wconf 88' lang='lat' dir='ltr'>cuntur.</span> <span class='ocrx_word' id='word_1_698' title='bbox 517 4612 726 4668; x_wconf 58' lang='lat' dir='ltr'>llaee&#39;et</span> <span class='ocrx_word' id='word_1_699' title='bbox 754 4612 1022 4679; x_wconf 86' lang='lat' dir='ltr'>ejusmodi</span> <span class='ocrx_word' id='word_1_700' title='bbox 1054 4611 1217 4664; x_wconf 90' lang='lat' dir='ltr'>dubia</span> <span class='ocrx_word' id='word_1_701' title='bbox 1257 4611 1542 4673; x_wconf 78' lang='lat' dir='ltr'>habentes,</span> <span class='ocrx_word' id='word_1_702' title='bbox 1575 4626 1697 4678; x_wconf 76' lang='lat' dir='ltr'>qua:</span> <span class='ocrx_word' id='word_1_703' title='bbox 1729 4613 1834 4664; x_wconf 78' lang='lat' dir='ltr'>sol-</span> 
     </span>
    </p>
   </div>
   <div class='ocr_carea' id='block_1_94' title="bbox 254 4704 1844 4777">
    <p class='ocr_par' dir='ltr' id='par_1_94' title="bbox 254 4704 1844 4777">
     <span class='ocr_line' id='line_1_94' title="bbox 254 4704 1844 4777; baseline -0.004 -15"><span class='ocrx_word' id='word_1_704' title='bbox 254 4724 386 4764; x_wconf 81' lang='lat' dir='ltr'>vere</span> <span class='ocrx_word' id='word_1_705' title='bbox 425 4708 654 4762; x_wconf 90' lang='lat' dir='ltr'>minime</span> <span class='ocrx_word' id='word_1_706' title='bbox 692 4715 936 4777; x_wconf 86' lang='lat' dir='ltr'>possent,</span> <span class='ocrx_word' id='word_1_707' title='bbox 967 4704 1204 4759; x_wconf 85' lang='lat' dir='ltr'>divinam</span> <span class='ocrx_word' id='word_1_708' title='bbox 1234 4704 1525 4758; x_wconf 89' lang='lat' dir='ltr'>destruunt</span> <span class='ocrx_word' id='word_1_709' title='bbox 1555 4704 1844 4770; x_wconf 80' lang='lat' dir='ltr'>pra-desti-</span> 
     </span>
    </p>
   </div>
   <div class='ocr_carea' id='block_1_95' title="bbox 258 4794 1840 4866">
    <p class='ocr_par' dir='ltr' id='par_1_95' title="bbox 258 4794 1840 4866">
     <span class='ocr_line' id='line_1_95' title="bbox 258 4794 1840 4866; baseline -0.003 -14"><span class='ocrx_word' id='word_1_710' title='bbox 258 4798 562 4861; x_wconf 86' lang='lat' dir='ltr'>nationem,</span> <span class='ocrx_word' id='word_1_711' title='bbox 583 4803 643 4851; x_wconf 92' lang='lat' dir='ltr'>ut</span> <span class='ocrx_word' id='word_1_712' title='bbox 669 4795 1030 4866; x_wconf 73' lang='lat' dir='ltr'>qurestionum</span> <span class='ocrx_word' id='word_1_713' title='bbox 1054 4794 1569 4862; x_wconf 84' lang='lat' dir='ltr'>dubitationumque</span> <span class='ocrx_word' id='word_1_714' title='bbox 1595 4809 1840 4848; x_wconf 86' lang='lat' dir='ltr'>causam.</span> 
     </span>
    </p>
   </div>
   <div class='ocr_carea' id='block_1_96' title="bbox 258 4886 1841 4955">
    <p class='ocr_par' dir='ltr' id='par_1_96' title="bbox 258 4886 1841 4955">
     <span class='ocr_line' id='line_1_96' title="bbox 258 4886 1841 4955; baseline -0.002 -11"><span class='ocrx_word' id='word_1_715' title='bbox 258 4890 376 4945; x_wconf 86' lang='lat' dir='ltr'>lllic</span> <span class='ocrx_word' id='word_1_716' title='bbox 400 4890 514 4946; x_wconf 60' lang='lat' dir='ltr'>hac</span> <span class='ocrx_word' id='word_1_717' title='bbox 534 4888 716 4943; x_wconf 83' lang='lat' dir='ltr'>omnia</span> <span class='ocrx_word' id='word_1_718' title='bbox 734 4887 942 4942; x_wconf 80' lang='lat' dir='ltr'>videbis</span> <span class='ocrx_word' id='word_1_719' title='bbox 967 4886 1231 4940; x_wconf 88' lang='lat' dir='ltr'>medicata</span> <span class='ocrx_word' id='word_1_720' title='bbox 1257 4886 1498 4939; x_wconf 87' lang='lat' dir='ltr'>veritatis</span> <span class='ocrx_word' id='word_1_721' title='bbox 1525 4887 1841 4955; x_wconf 85' lang='lat' dir='ltr'>pltarntaco:</span> 
     </span>
    </p>
   </div>
   <div class='ocr_carea' id='block_1_97' title="bbox 262 4976 1846 5051">
    <p class='ocr_par' dir='ltr' id='par_1_97' title="bbox 262 4976 1846 5051">
     <span class='ocr_line' id='line_1_97' title="bbox 262 4976 1846 5051; baseline -0.002 -13"><span class='ocrx_word' id='word_1_722' title='bbox 262 4982 577 5051; x_wconf 82' lang='lat' dir='ltr'>ibidemque</span> <span class='ocrx_word' id='word_1_723' title='bbox 622 4980 786 5035; x_wconf 88' lang='lat' dir='ltr'>etiam</span> <span class='ocrx_word' id='word_1_724' title='bbox 842 4979 1234 5034; x_wconf 89' lang='lat' dir='ltr'>Damascenum</span> <span class='ocrx_word' id='word_1_725' title='bbox 1286 4976 1552 5033; x_wconf 83' lang='lat' dir='ltr'>Joannem</span> <span class='ocrx_word' id='word_1_726' title='bbox 1605 4981 1846 5035; x_wconf 79' lang='lat' dir='ltr'>invenies</span> 
     </span>
    </p>
   </div>
   <div class='ocr_carea' id='block_1_98' title="bbox 260 5070 1850 5144">
    <p class='ocr_par' dir='ltr' id='par_1_98' title="bbox 260 5070 1850 5144">
     <span class='ocr_line' id='line_1_98' title="bbox 260 5070 1850 5144; baseline -0.002 -16"><span class='ocrx_word' id='word_1_727' title='bbox 260 5073 629 5144; x_wconf 85' lang='lat' dir='ltr'>pulcherrime</span> <span class='ocrx_word' id='word_1_728' title='bbox 654 5071 1083 5126; x_wconf 89' lang='lat' dir='ltr'>consentientem</span> <span class='ocrx_word' id='word_1_729' title='bbox 1129 5070 1382 5134; x_wconf 77' lang='lat' dir='ltr'>antiStiti,</span> <span class='ocrx_word' id='word_1_730' title='bbox 1435 5081 1600 5140; x_wconf 89' lang='lat' dir='ltr'>atque</span> <span class='ocrx_word' id='word_1_731' title='bbox 1627 5081 1697 5126; x_wconf 91' lang='lat' dir='ltr'>.ut</span> <span class='ocrx_word' id='word_1_732' title='bbox 1733 5073 1850 5141; x_wconf 89' lang='lat' dir='ltr'>ipse</span> 
     </span>
    </p>
   </div>
   <div class='ocr_carea' id='block_1_99' title="bbox 261 5163 1850 5234">
    <p class='ocr_par' dir='ltr' id='par_1_99' title="bbox 261 5163 1850 5234">
     <span class='ocr_line' id='line_1_99' title="bbox 261 5163 1850 5234; baseline -0.001 -12"><span class='ocrx_word' id='word_1_733' title='bbox 261 5167 505 5223; x_wconf 76' lang='lat' dir='ltr'>Joannes</span> <span class='ocrx_word' id='word_1_734' title='bbox 539 5165 802 5219; x_wconf 82' lang='lat' dir='ltr'>voluisset</span> <span class='ocrx_word' id='word_1_735' title='bbox 850 5181 864 5216; x_wconf 88' lang='lat'><strong>:</strong></span> <span class='ocrx_word' id='word_1_736' title='bbox 911 5163 1167 5232; x_wconf 89' lang='lat' dir='ltr'>idemque</span> <span class='ocrx_word' id='word_1_737' title='bbox 1201 5164 1431 5230; x_wconf 78' lang='lat' dir='ltr'>gratiam</span> <span class='ocrx_word' id='word_1_738' title='bbox 1470 5166 1630 5217; x_wconf 79' lang='lat' dir='ltr'>habet</span> <span class='ocrx_word' id='word_1_739' title='bbox 1657 5167 1724 5221; x_wconf 84' lang='lat' dir='ltr'>iis</span> <span class='ocrx_word' id='word_1_740' title='bbox 1755 5167 1850 5234; x_wconf 88' lang='lat' dir='ltr'>qui</span> 
     </span>
    </p>
   </div>
   <div class='ocr_carea' id='block_1_100' title="bbox 265 5254 1851 5317">
    <p class='ocr_par' dir='ltr' id='par_1_100' title="bbox 265 5254 1851 5317">
     <span class='ocr_line' id='line_1_100' title="bbox 265 5254 1851 5317; baseline -0.001 -1"><span class='ocrx_word' id='word_1_741' title='bbox 265 5262 332 5316; x_wconf 80' lang='lat' dir='ltr'>ad</span> <span class='ocrx_word' id='word_1_742' title='bbox 360 5273 693 5317; x_wconf 86' lang='lat' dir='ltr'>consensum</span> <span class='ocrx_word' id='word_1_743' title='bbox 747 5254 1033 5311; x_wconf 86' lang='lat' dir='ltr'>inducunt.</span> <span class='ocrx_word' id='word_1_744' title='bbox 1067 5256 1269 5311; x_wconf 85' lang='lat' dir='ltr'>Ibidem</span> <span class='ocrx_word' id='word_1_745' title='bbox 1313 5257 1547 5312; x_wconf 89' lang='lat' dir='ltr'>divinam</span> <span class='ocrx_word' id='word_1_746' title='bbox 1586 5257 1851 5316; x_wconf 86' lang='lat' dir='ltr'>Providen</span> 
     </span>
    </p>
   </div>
   <div class='ocr_carea' id='block_1_101' title="bbox 342 5510 1844 5584">
    <p class='ocr_par' dir='ltr' id='par_1_101' title="bbox 342 5510 1844 5584">
     <span class='ocr_line' id='line_1_101' title="bbox 342 5510 1844 5584; baseline -0.002 -18"><span class='ocrx_word' id='word_1_747' title='bbox 342 5514 419 5584; x_wconf 76' lang='lat'><strong>(1)</strong></span> <span class='ocrx_word' id='word_1_748' title='bbox 452 5514 610 5568; x_wconf 86' lang='lat' dir='ltr'>llunc</span> <span class='ocrx_word' id='word_1_749' title='bbox 643 5523 934 5570; x_wconf 89' lang='lat' dir='ltr'>tractatum</span> <span class='ocrx_word' id='word_1_750' title='bbox 971 5524 1024 5569; x_wconf 91' lang='lat' dir='ltr'>et</span> <span class='ocrx_word' id='word_1_751' title='bbox 1082 5515 1222 5568; x_wconf 86' lang='lat' dir='ltr'>alios</span> <span class='ocrx_word' id='word_1_752' title='bbox 1246 5522 1354 5567; x_wconf 77' lang='lat' dir='ltr'>tres</span> <span class='ocrx_word' id='word_1_753' title='bbox 1387 5527 1524 5582; x_wconf 88' lang='lat' dir='ltr'>quos</span> <span class='ocrx_word' id='word_1_754' title='bbox 1555 5510 1622 5565; x_wconf 87' lang='lat' dir='ltr'>de</span> <span class='ocrx_word' id='word_1_755' title='bbox 1657 5511 1844 5584; x_wconf 75' lang='lat' dir='ltr'>eodem</span> 
     </span>
    </p>
   </div>
   <div class='ocr_carea' id='block_1_102' title="bbox 273 5583 1844 5650">
    <p class='ocr_par' dir='ltr' id='par_1_102' title="bbox 273 5583 1844 5650">
     <span class='ocr_line' id='line_1_102' title="bbox 273 5583 1844 5650; baseline -0.003 -12"><span class='ocrx_word' id='word_1_756' title='bbox 273 5583 593 5650; x_wconf 60' lang='lat' dir='ltr'>argumento</span> <span class='ocrx_word' id='word_1_757' title='bbox 631 5584 944 5639; x_wconf 82' lang='lat' dir='ltr'>Gennadius</span> <span class='ocrx_word' id='word_1_758' title='bbox 986 5585 1328 5637; x_wconf 76' lang='lat' dir='ltr'>elucubratit</span> <span class='ocrx_word' id='word_1_759' title='bbox 1354 5626 1366 5643; x_wconf 91' lang='lat'>,</span> <span class='ocrx_word' id='word_1_760' title='bbox 1421 5585 1523 5635; x_wconf 87' lang='lat' dir='ltr'>ltuc</span> <span class='ocrx_word' id='word_1_761' title='bbox 1568 5597 1735 5648; x_wconf 59' lang='lat' dir='ltr'>ttstlttt‘</span> <span class='ocrx_word' id='word_1_762' title='bbox 1767 5583 1844 5633; x_wconf 89' lang='lat' dir='ltr'>in-</span> 
     </span>
    </p>
   </div>
   <div class='ocr_carea' id='block_1_103' title="bbox 273 5653 1850 5718">
    <p class='ocr_par' dir='ltr' id='par_1_103' title="bbox 273 5653 1850 5718">
     <span class='ocr_line' id='line_1_103' title="bbox 273 5653 1850 5718; baseline -0.004 -9"><span class='ocrx_word' id='word_1_763' title='bbox 273 5656 475 5716; x_wconf 89' lang='lat' dir='ltr'>editos,</span> <span class='ocrx_word' id='word_1_764' title='bbox 502 5668 567 5706; x_wconf 76' lang='lat' dir='ltr'>ex</span> <span class='ocrx_word' id='word_1_765' title='bbox 593 5655 716 5707; x_wconf 90' lang='lat' dir='ltr'>cod.</span> <span class='ocrx_word' id='word_1_766' title='bbox 741 5655 916 5708; x_wconf 77' lang='lat' dir='ltr'>Grzec.</span> <span class='ocrx_word' id='word_1_767' title='bbox 951 5653 1148 5712; x_wconf 57' lang='lat' dir='ltr'>Paris,</span> <span class='ocrx_word' id='word_1_768' title='bbox 1177 5653 1442 5706; x_wconf 85' lang='lat' dir='ltr'>Gcnnadii</span> <span class='ocrx_word' id='word_1_769' title='bbox 1478 5654 1850 5718; x_wconf 67' lang='lat' dir='ltr'>altlugrnpltis,</span> 
     </span>
    </p>
   </div>
   <div class='ocr_carea' id='block_1_104' title="bbox 275 5721 1856 5802">
    <p class='ocr_par' dir='ltr' id='par_1_104' title="bbox 275 5721 1856 5802">
     <span class='ocr_line' id='line_1_104' title="bbox 275 5721 1856 5802; baseline -0.006 -20"><span class='ocrx_word' id='word_1_770' title='bbox 275 5721 667 5782; x_wconf 71' lang='lat' dir='ltr'>describendas</span> <span class='ocrx_word' id='word_1_771' title='bbox 687 5725 1000 5802; x_wconf 71' lang='lat' dir='ltr'>curavimus</span> <span class='ocrx_word' id='word_1_772' title='bbox 1025 5739 1144 5780; x_wconf 86' lang='lat' dir='ltr'>cum</span> <span class='ocrx_word' id='word_1_773' title='bbox 1169 5723 1290 5782; x_wconf 78' lang='lat' dir='ltr'>aliis</span> <span class='ocrx_word' id='word_1_774' title='bbox 1315 5722 1554 5792; x_wconf 75' lang='lat' dir='ltr'>ejusdem</span> <span class='ocrx_word' id='word_1_775' title='bbox 1576 5729 1856 5791; x_wconf 61' lang='lat' dir='ltr'>opust-nats</span> 
     </span>
    </p>
   </div>
   <div class='ocr_carea' id='block_1_105' title="bbox 1949 4528 3527 4600">
    <p class='ocr_par' dir='ltr' id='par_1_105' title="bbox 1949 4528 3527 4600">
     <span class='ocr_line' id='line_1_105' title="bbox 1949 4528 3527 4600; baseline -0.003 -19"><span class='ocrx_word' id='word_1_776' title='bbox 1949 4530 2306 4594; x_wconf 75' lang='grc' dir='ltr'>σκευάζονται</span> <span class='ocrx_word' id='word_1_777' title='bbox 2362 4529 2720 4600; x_wconf 78' lang='grc' dir='ltr'>προορισμδν,</span> <span class='ocrx_word' id='word_1_778' title='bbox 2767 4528 2842 4591; x_wconf 84' lang='grc' dir='ltr'>ὡς</span> <span class='ocrx_word' id='word_1_779' title='bbox 2889 4528 2996 4580; x_wconf 82' lang='grc' dir='ltr'>τῶν</span> <span class='ocrx_word' id='word_1_780' title='bbox 3044 4528 3292 4597; x_wconf 86' lang='grc' dir='ltr'>ἀποριῶν</span> <span class='ocrx_word' id='word_1_781' title='bbox 3341 4528 3527 4584; x_wconf 80' lang='grc' dir='ltr'>αὐτοῖς</span> 
     </span>
    </p>
   </div>
   <div class='ocr_carea' id='block_1_106' title="bbox 1949 4618 3529 4688">
    <p class='ocr_par' dir='ltr' id='par_1_106' title="bbox 1949 4618 3529 4688">
     <span class='ocr_line' id='line_1_106' title="bbox 1949 4618 3529 4688; baseline -0.004 -14"><span class='ocrx_word' id='word_1_782' title='bbox 1949 4623 2142 4674; x_wconf 70' lang='grc' dir='ltr'>αἴτιον.</span> <span class='ocrx_word' id='word_1_783' title='bbox 2203 4621 2353 4673; x_wconf 84' lang='grc' dir='ltr'>Ἐκεῖ</span> <span class='ocrx_word' id='word_1_784' title='bbox 2396 4621 2571 4673; x_wconf 73' lang='grc' dir='ltr'>ταῦτα</span> <span class='ocrx_word' id='word_1_785' title='bbox 2631 4622 2808 4674; x_wconf 83' lang='grc' dir='ltr'>πάντα</span> <span class='ocrx_word' id='word_1_786' title='bbox 2861 4620 2979 4688; x_wconf 73' lang='grc' dir='ltr'>ὄψει</span> <span class='ocrx_word' id='word_1_787' title='bbox 3039 4619 3396 4687; x_wconf 77' lang='grc' dir='ltr'>ίατρευόμενα</span> <span class='ocrx_word' id='word_1_788' title='bbox 3449 4618 3529 4686; x_wconf 84' lang='grc' dir='ltr'>τῷ</span> 
     </span>
    </p>
   </div>
   <div class='ocr_carea' id='block_1_107' title="bbox 1951 4709 3528 4782">
    <p class='ocr_par' dir='ltr' id='par_1_107' title="bbox 1951 4709 3528 4782">
     <span class='ocr_line' id='line_1_107' title="bbox 1951 4709 3528 4782; baseline -0.003 -18"><span class='ocrx_word' id='word_1_789' title='bbox 1951 4714 2229 4782; x_wconf 71' lang='grc' dir='ltr'>φαρμάκῳ</span> <span class='ocrx_word' id='word_1_790' title='bbox 2273 4713 2372 4781; x_wconf 74' lang='grc' dir='ltr'>τῆς</span> <span class='ocrx_word' id='word_1_791' title='bbox 2400 4712 2677 4780; x_wconf 84' lang='grc' dir='ltr'>ἀληθείας.</span> <span class='ocrx_word' id='word_1_792' title='bbox 2721 4713 2872 4764; x_wconf 82' lang='grc' dir='ltr'>Ἐκεῖ</span> <span class='ocrx_word' id='word_1_793' title='bbox 2905 4711 2998 4764; x_wconf 74' lang='grc' dir='ltr'>καὶ</span> <span class='ocrx_word' id='word_1_794' title='bbox 3040 4711 3132 4763; x_wconf 76' lang='grc' dir='ltr'>τὸν</span> <span class='ocrx_word' id='word_1_795' title='bbox 3168 4709 3528 4782; x_wconf 74' lang='grc' dir='ltr'>Δαμασκηνὸν</span> 
     </span>
    </p>
   </div>
   <div class='ocr_carea' id='block_1_108' title="bbox 1963 4781 3526 4872">
    <p class='ocr_par' dir='ltr' id='par_1_108' title="bbox 1963 4781 3526 4872">
     <span class='ocr_line' id='line_1_108' title="bbox 1963 4781 3526 4872; baseline -0.004 -16"><span class='ocrx_word' id='word_1_796' title='bbox 1963 4804 2218 4872; x_wconf 78' lang='grc' dir='ltr'>Ἰωάννην</span> <span class='ocrx_word' id='word_1_797' title='bbox 2254 4802 2726 4872; x_wconf 72' lang='grc' dir='ltr'>συμϐιϐαξόμενον</span> <span class='ocrx_word' id='word_1_798' title='bbox 2777 4802 3031 4870; x_wconf 79' lang='grc' dir='ltr'>εὑρήσεις</span> <span class='ocrx_word' id='word_1_799' title='bbox 3065 4802 3143 4870; x_wconf 84' lang='grc' dir='ltr'>τῷ</span> <span class='ocrx_word' id='word_1_800' title='bbox 3173 4781 3526 4869; x_wconf 68' lang='grc' dir='ltr'>’καθηγεμόνι</span> 
     </span>
    </p>
   </div>
   <div class='ocr_carea' id='block_1_109' title="bbox 1957 4891 3525 4961">
    <p class='ocr_par' dir='ltr' id='par_1_109' title="bbox 1957 4891 3525 4961">
     <span class='ocr_line' id='line_1_109' title="bbox 1957 4891 3525 4961; baseline -0.003 -13"><span class='ocrx_word' id='word_1_801' title='bbox 1957 4899 2098 4950; x_wconf 75' lang='grc' dir='ltr'>πάνυ</span> <span class='ocrx_word' id='word_1_802' title='bbox 2135 4897 2336 4960; x_wconf 89' lang='grc' dir='ltr'>καλῶς,</span> <span class='ocrx_word' id='word_1_803' title='bbox 2369 4897 2464 4949; x_wconf 76' lang='grc' dir='ltr'>καὶ</span> <span class='ocrx_word' id='word_1_804' title='bbox 2492 4897 2564 4958; x_wconf 83' lang='grc' dir='ltr'>ὡς</span> <span class='ocrx_word' id='word_1_805' title='bbox 2594 4895 2658 4948; x_wconf 76' lang='grc' dir='ltr'>ἂν</span> <span class='ocrx_word' id='word_1_806' title='bbox 2691 4896 2851 4957; x_wconf 70' lang='grc' dir='ltr'>αὐτὸς</span> <span class='ocrx_word' id='word_1_807' title='bbox 2882 4895 2909 4946; x_wconf 86' lang='grc' dir='ltr'>ὁ</span> <span class='ocrx_word' id='word_1_808' title='bbox 2941 4893 3080 4955; x_wconf 84' lang='grc' dir='ltr'>θεῖος</span> <span class='ocrx_word' id='word_1_809' title='bbox 3124 4893 3379 4960; x_wconf 77' lang='grc' dir='ltr'>Ἰωάννης</span> <span class='ocrx_word' id='word_1_810' title='bbox 3410 4891 3525 4961; x_wconf 83' lang='grc' dir='ltr'>βου-</span> 
     </span>
    </p>
   </div>
   <div class='ocr_carea' id='block_1_110' title="bbox 1954 4983 3531 5056">
    <p class='ocr_par' dir='ltr' id='par_1_110' title="bbox 1954 4983 3531 5056">
     <span class='ocr_line' id='line_1_110' title="bbox 1954 4983 3531 5056; baseline -0.004 -18"><span class='ocrx_word' id='word_1_811' title='bbox 1954 4987 2168 5056; x_wconf 88' lang='grc' dir='ltr'>ληθείη,</span> <span class='ocrx_word' id='word_1_812' title='bbox 2205 4989 2296 5040; x_wconf 69' lang='grc' dir='ltr'>καὶ</span> <span class='ocrx_word' id='word_1_813' title='bbox 2348 4987 2508 5056; x_wconf 84' lang='grc' dir='ltr'>χάριν</span> <span class='ocrx_word' id='word_1_814' title='bbox 2557 4987 2669 5055; x_wconf 76' lang='grc' dir='ltr'>ἔχει</span> <span class='ocrx_word' id='word_1_815' title='bbox 2713 4987 2824 5046; x_wconf 80' lang='grc' dir='ltr'>τοῖς</span> <span class='ocrx_word' id='word_1_816' title='bbox 2878 4984 3325 5052; x_wconf 77' lang='grc' dir='ltr'>συμδιὸἀζουσιν.</span> <span class='ocrx_word' id='word_1_817' title='bbox 3387 4983 3531 5034; x_wconf 81' lang='grc' dir='ltr'>Ἐκεῖ</span> 
     </span>
    </p>
   </div>
   <div class='ocr_carea' id='block_1_111' title="bbox 1953 5076 3531 5149">
    <p class='ocr_par' dir='ltr' id='par_1_111' title="bbox 1953 5076 3531 5149">
     <span class='ocr_line' id='line_1_111' title="bbox 1953 5076 3531 5149; baseline -0.004 -18"><span class='ocrx_word' id='word_1_818' title='bbox 1953 5081 2054 5149; x_wconf 84' lang='grc' dir='ltr'>τὴν</span> <span class='ocrx_word' id='word_1_819' title='bbox 2079 5079 2230 5131; x_wconf 84' lang='grc' dir='ltr'>θείαν</span> <span class='ocrx_word' id='word_1_820' title='bbox 2263 5081 2528 5149; x_wconf 86' lang='grc' dir='ltr'>Πρόνοιαν</span> <span class='ocrx_word' id='word_1_821' title='bbox 2557 5079 2616 5130; x_wconf 92' lang='grc' dir='ltr'>ού</span> <span class='ocrx_word' id='word_1_822' title='bbox 2649 5077 2922 5149; x_wconf 88' lang='grc' dir='ltr'>χωλεύων,</span> <span class='ocrx_word' id='word_1_823' title='bbox 2949 5079 3041 5130; x_wconf 74' lang='grc' dir='ltr'>καὶ</span> <span class='ocrx_word' id='word_1_824' title='bbox 3070 5077 3201 5145; x_wconf 76' lang='grc' dir='ltr'>πρὶν</span> <span class='ocrx_word' id='word_1_825' title='bbox 3228 5076 3531 5144; x_wconf 84' lang='grc' dir='ltr'>ὁμολογεῖν,</span> 
     </span>
    </p>
   </div>
   <div class='ocr_carea' id='block_1_112' title="bbox 1955 5164 3532 5239">
    <p class='ocr_par' dir='ltr' id='par_1_112' title="bbox 1955 5164 3532 5239">
     <span class='ocr_line' id='line_1_112' title="bbox 1955 5164 3532 5239; baseline -0.004 -16"><span class='ocrx_word' id='word_1_826' title='bbox 1955 5170 2215 5239; x_wconf 82' lang='grc' dir='ltr'>ἀναιρῶν,</span> <span class='ocrx_word' id='word_1_827' title='bbox 2245 5171 2320 5229; x_wconf 74' lang='grc' dir='ltr'>ῶς</span> <span class='ocrx_word' id='word_1_828' title='bbox 2359 5171 2407 5222; x_wconf 77' lang='grc' dir='ltr'>οἱ</span> <span class='ocrx_word' id='word_1_829' title='bbox 2460 5171 2646 5223; x_wconf 72' lang='grc' dir='ltr'>πολλοὶ</span> <span class='ocrx_word' id='word_1_830' title='bbox 2677 5171 2744 5223; x_wconf 87' lang='grc' dir='ltr'>δι’</span> <span class='ocrx_word' id='word_1_831' title='bbox 2779 5172 3001 5238; x_wconf 80' lang='grc' dir='ltr'>ἄγνοιαν</span> <span class='ocrx_word' id='word_1_832' title='bbox 3054 5170 3354 5236; x_wconf 78' lang='grc' dir='ltr'>πάσχουσιν</span> <span class='ocrx_word' id='word_1_833' title='bbox 3379 5180 3394 5195; x_wconf 82' lang='grc'><strong>⁸</strong></span> <span class='ocrx_word' id='word_1_834' title='bbox 3420 5164 3532 5217; x_wconf 77' lang='grc' dir='ltr'>ἀλλ’</span> 
     </span>
    </p>
   </div>
   <div class='ocr_carea' id='block_1_113' title="bbox 1959 5255 3535 5329">
    <p class='ocr_par' dir='ltr' id='par_1_113' title="bbox 1959 5255 3535 5329">
     <span class='ocr_line' id='line_1_113' title="bbox 1959 5255 3535 5329; baseline -0.004 -17"><span class='ocrx_word' id='word_1_835' title='bbox 1959 5260 2034 5323; x_wconf 79' lang='grc' dir='ltr'>ὡς</span> <span class='ocrx_word' id='word_1_836' title='bbox 2066 5260 2230 5324; x_wconf 74' lang='grc' dir='ltr'>αὐτὸς</span> <span class='ocrx_word' id='word_1_837' title='bbox 2263 5259 2516 5329; x_wconf 75' lang='grc' dir='ltr'>βούλεται</span> <span class='ocrx_word' id='word_1_838' title='bbox 2567 5261 2767 5322; x_wconf 54' lang='lat' dir='ltr'>mea;</span> <span class='ocrx_word' id='word_1_839' title='bbox 2797 5259 3122 5321; x_wconf 75' lang='grc' dir='ltr'>ὲκθειάσεις,</span> <span class='ocrx_word' id='word_1_840' title='bbox 3161 5259 3255 5310; x_wconf 62' lang='grc' dir='ltr'>καὶ⁹</span> <span class='ocrx_word' id='word_1_841' title='bbox 3293 5255 3368 5318; x_wconf 82' lang='grc' dir='ltr'>ὡς</span> <span class='ocrx_word' id='word_1_842' title='bbox 3405 5255 3535 5307; x_wconf 81' lang='grc' dir='ltr'>ἀπο-</span> 
     </span>
    </p>
   </div>
   <div class='ocr_carea' id='block_1_114' title="bbox 1964 5502 3540 5579">
    <p class='ocr_par' dir='ltr' id='par_1_114' title="bbox 1964 5502 3540 5579">
     <span class='ocr_line' id='line_1_114' title="bbox 1964 5502 3540 5579; baseline -0.004 -15"><span class='ocrx_word' id='word_1_843' title='bbox 1964 5511 2263 5579; x_wconf 69' lang='grc' dir='ltr'>οιιροιῐοιίδ;</span> <span class='ocrx_word' id='word_1_844' title='bbox 2291 5519 2366 5575; x_wconf 89' lang='lat' dir='ltr'>at,</span> <span class='ocrx_word' id='word_1_845' title='bbox 2399 5509 3159 5579; x_wconf 47' lang='lat' dir='ltr'>tttjam‘momtimus,moras</span> <span class='ocrx_word' id='word_1_846' title='bbox 3191 5502 3540 5579; x_wconf 79' lang='lat' dir='ltr'>trahentibus</span> 
     </span>
    </p>
   </div>
   <div class='ocr_carea' id='block_1_115' title="bbox 1965 5574 3543 5650">
    <p class='ocr_par' dir='ltr' id='par_1_115' title="bbox 1965 5574 3543 5650">
     <span class='ocr_line' id='line_1_115' title="bbox 1965 5574 3543 5650; baseline -0.004 -15"><span class='ocrx_word' id='word_1_847' title='bbox 1965 5574 2394 5650; x_wconf 72' lang='lat' dir='ltr'>descriptorilnts</span> <span class='ocrx_word' id='word_1_848' title='bbox 2426 5574 2650 5641; x_wconf 81' lang='lat' dir='ltr'>nostris,</span> <span class='ocrx_word' id='word_1_849' title='bbox 2689 5581 2872 5634; x_wconf 85' lang='lat' dir='ltr'>omnia</span> <span class='ocrx_word' id='word_1_850' title='bbox 2904 5578 2971 5632; x_wconf 79' lang='lat' dir='ltr'>ad</span> <span class='ocrx_word' id='word_1_851' title='bbox 2997 5580 3202 5634; x_wconf 82' lang='lat' dir='ltr'>calcem</span> <span class='ocrx_word' id='word_1_852' title='bbox 3252 5574 3543 5632; x_wconf 83' lang='lat' dir='ltr'>voluminis</span> 
     </span>
    </p>
   </div>
   <div class='ocr_carea' id='block_1_116' title="bbox 1963 5652 2737 5722">
    <p class='ocr_par' dir='ltr' id='par_1_116' title="bbox 1963 5652 2737 5722">
     <span class='ocr_line' id='line_1_116' title="bbox 1963 5652 2737 5722; baseline -0.001 -18"><span class='ocrx_word' id='word_1_853' title='bbox 1963 5654 2254 5707; x_wconf 75' lang='lat' dir='ltr'>amandare</span> <span class='ocrx_word' id='word_1_854' title='bbox 2287 5655 2550 5722; x_wconf 62' lang='lat' dir='ltr'>cs&#39;giutnr.</span> <span class='ocrx_word' id='word_1_855' title='bbox 2587 5652 2737 5705; x_wconf 67' lang='lat' dir='ltr'>Furr.</span> 
     </span>
    </p>
   </div>
  </div>
