3920 6140
392 213 495 276 565

393 418 772 486 ἁρμόττουσαν
819 425 1003 489 αὐτοῖς
1050 429 1113 482 ὲκ
1165 431 1484 502 φιλοσοφίας
1533 438 1694 491 δοῦσα
1748 418 1963 509 πρῶτον

395 514 774 583 παρασκευήν.
819 514 908 579 Ὦς
942 514 1038 571 οὖν
1099 521 1310 576 ἐκείνου
1356 543 1438 579 σοι
1491 528 1584 581 τοῦ
1616 531 1774 598 λόγου
1828 536 1963 603 προς

396 603 574 656 πάντα
603 604 962 674 ἀρκέσαντος,
1009 612 1159 665 οὐδὲν
1193 615 1286 666 νῦν
1317 621 1438 686 περὶ
1482 621 1672 673 τούτου
1704 641 1964 694 πραγμα-

395 696 682 764 τευόμεθα.
719 700 809 751 Σοὶ
849 703 926 768 δὲ,
975 705 1218 771 φίλτατε,
1253 711 1380 779 περὶ
1415 712 1514 779 μὲν
1544 714 1652 764 τῶν
1691 716 1831 784 ὅρων
1864 721 1964 785 τῆς

397 785 742 858 ἀνθρωπίνης
777 790 920 859 ζωῆς
971 797 1209 863 ἀρκείτω
1251 803 1385 870 πρὸς
1416 805 1540 864 τοὺς
1588 807 1860 871 ἐναντίους
1903 811 1962 862 τὸ

399 877 488 928 τοῦ
525 878 807 952 Βασιλείου
849 885 1012 950 μόνον
1033 887 1272 958 ἀξίωμα,
1300 894 1347 944 εί
1384 894 1456 963 μὴ
1482 894 1706 950 δύνασαι
1739 899 1957 954 ἀντεπι-

396 968 598 1033 χειρεῖν
645 968 828 1031 αὐτοῖς
860 972 954 1026 κα)⁵
1000 971 1148 1028 λύειν
1191 981 1291 1042 τὰς
1331 979 1565 1052 ἀπορίας
1601 1000 1614 1013 ’
1663 987 1812 1039 τουτὶ
1852 990 1960 1057 γὰρ

395 1059 566 1108 ποιεῖν
611 1061 670 1112 ὲν
721 1065 829 1125 τοῖς
873 1067 1136 1131 τοιούτοις
1178 1074 1456 1142 φρονίμων
1507 1076 1689 1130 ἐστίν’
1741 1078 1854 1148 ἅμα
1903 1080 1959 1132 δὲ

393 1149 485 1200 καὶ
533 1150 638 1204 ὑπὸ
687 1154 796 1207 τῶν
850 1161 1245 1229 καθηγεμόνων
1282 1166 1385 1232 τῆς
1443 1169 1769 1238 Ἐκκλησίας
1818 1173 1961 1225 οὕτω

395 1245 566 1294 ποιεῖν
605 1252 1059 1320 κεκανονισμένον
1093 1256 1206 1307 ἐστι
1239 1261 1330 1311 καὶ
1357 1259 1789 1332 προωρισμένον.
1824 1265 1959 1335 Περὶ

391 1332 445 1384 δὲ
478 1332 570 1385 τοῦ
610 1335 757 1390 θείου
789 1345 1123 1411 προορισμοῦ
1155 1347 1397 1417 ἀρκείτω
1426 1368 1508 1404 σοι
1537 1354 1596 1406 τὸ
1625 1354 1718 1408 τοῦ
1749 1332 1958 1410 Παύλου

393 1423 628 1519 (ignaua,
685 1428 772 1481 ἵνα
820 1431 894 1502 μὴ
935 1433 1076 1502 λέγω
1127 1439 1224 1506 τῆς
1269 1441 1418 1510 ἱερᾶς
1453 1445 1668 1515 ἁπάσης
1718 1448 1957 1519 Γραφῆς.

405 1515 498 1620 Ἐκ
533 1523 854 1620 περιουσίας
883 1525 936 1578 δέ
962 1544 1021 1580 σε
1048 1531 1112 1598 τῇ
1148 1530 1272 1603 δόξῃ
1295 1535 1396 1604 τῆς
1426 1537 1678 1606 ἀληθείας
1704 1515 1957 1609 ἐνιδρύων

391 1611 561 1704 ταύτῃ
597 1611 800 1704 καλῶς,
832 1617 922 1668 τὸν
951 1620 1124 1687 μέγαν
1152 1625 1449 1697 προτίθημι
1471 1628 1740 1699 Μάξιμον,
1771 1632 1956 1704 ὥσπερ

392 1697 810 1772 ὲπισφράγισμα
849 1711 914 1778 τῇ
946 1710 1054 1762 τῶν
1093 1714 1265 1780 ἁγίων
1299 1718 1392 1771 κοιλ⁸
1442 1697 1630 1788 σοφῶν
1655 1725 1748 1777 καὶ
1781 1697 1957 1778 θεολο-

393 1803 504 1854 γων
531 1794 809 1861 σφραγῖδι.
840 1796 899 1848 ὃν
923 1801 1121 1854 ταυτόν
1151 1804 1263 1856 ἐστι
1300 1806 1385 1860 διὰ
1431 1809 1590 1863 τοῦτο
1626 1815 1720 1867 καὶ
1749 1814 1957 1879 πάντας

394 1879 708 1942 προσθεῖναι
759 1886 882 1948 τοὺς
918 1889 1022 1957 πρὸ
1067 1893 1249 1950 αὐτοῦ.
1298 1897 1535 1963 Ἐκεῖνος
1587 1905 1693 1973 γὰρ
1742 1905 1958 1969 πλείους

407 1969 795 2039 Ἐκατοντάδας
821 1981 1130 2048 κεφαλαίων
1184 1987 1417 2054 ἐξέθετο,
1456 1992 1489 2044 ἂ
1521 1969 1833 2050 Γνωστικὰ
1866 1999 1957 2051 καὶ

395 2065 720 2134 Θεολογικὰ
741 2071 1058 2141 ἐπιγράφει,
1093 2077 1251 2131 ἄλλου
1294 2082 1583 2149 κεφαλαίου
1615 2088 1957 2142 παντάπασιν

391 2154 559 2248 ἄλλην
587 2159 844 2245 ὑπόθεσιν
870 2163 1246 2234 διοριζομένου
1273 2188 1285 2202 ⁸
1319 2174 1413 2226 καὶ
1442 2174 1628 2246 ὥσπερ
1657 2179 1957 2248 ἀποφάσεις

394 2247 488 2301 καὶ
515 2249 672 2318 ὅρους
699 2252 867 2306 ταῦτα
895 2258 1166 2322 συνέθετο,
1200 2260 1273 2324 ὡς
1302 2264 1666 2338 Ἱπποκράτης
1697 2247 1794 2335 μέν
1830 2290 1957 2326 ποτε

389 2341 514 2402 τοὺς
536 2342 858 2412 λεγομένους
883 2349 1429 2421 Ἀφορισμοὺς,τοὺς
1448 2359 1501 2410 δὲ
1529 2362 1804 2428 Καρποὺς
1827 2365 1957 2416 Πτο-

389 2429 629 2499 λεμαῖος.
661 2436 733 2488 Τὸ
762 2439 938 2493 τοίνυν
975 2448 1024 2494 κ’
1058 2446 1353 2512 κεφάλαιον
1388 2449 1551 2502 αὑτοῦ
1579 2451 1679 2520 τῆς
1721 2453 1761 2507 δ’
1798 2455 1958 2507 Ἐκα-

393 2524 642 2618 τοντάδος
671 2529 871 2583 οὑτωσὶ
897 2532 1189 2604 διορίζεται
1210 2555 1224 2570 ο
1250 2535 1320 2612 1Γῼ
1344 2545 1530 2613 τρόπῳ
1550 2544 1794 2613 βούλεται
1814 2551 1841 2601 ὁ
1858 2549 1956 2618 τὴν

395 2615 624 2710 εκάστου
679 2623 784 2692 πρὸ
832 2626 940 2679 τῶν
984 2628 1197 2684 αίὼνων
1248 2633 1490 2702 διορίσας
1546 2639 1690 2710 ζωὴν
1739 2643 1764 2694 ὗ
1801 2615 1952 2707 Θεὸς,

392 2706 615 2799 ἕκαστον
655 2717 791 2783 πρὸς
827 2720 887 2771 τὸ
917 2722 1113 2774 οίκεῖον
1143 2727 1238 2794 τῆς
1271 2726 1417 2798 ζωῆς
1454 2731 1578 2799 ἄγει.
1632 2706 1803 2799 τέλος,
1844 2706 1953 2791 εἴτε

388 2798 617 2868 δίκαιον,
651 2806 757 2858 εἴτε
797 2807 999 2865 ἄδικον.
1035 2815 1141 2866 Καὶ
1175 2817 1331 2870 τοῦτο
1377 2821 1496 2873 ὅλον
1530 2824 1623 2875 κοιί
1661 2827 1822 2894 μόνον
1859 2828 1953 2881 aa-

388 2889 481 2986 τοιῦ
507 2891 566 2943 τὸ
595 2899 642 2946 κ’
670 2897 785 2949 ἐστι
815 2902 1128 2968 κεφάλαιον.
1169 2905 1259 2970 Ὠς
1288 2908 1382 2962 οὖν
1417 2889 1950 2986 προωμολογημένου

390 2984 522 3076 πᾶσι
549 2987 641 3039 τοῦ
674 2993 763 3042 καὶ
812 2994 910 3062 τὴν
940 2995 1085 3066 ζωὴν
1131 3000 1360 3056 ἑκάστου
1391 3005 1752 3076 διωρισμένην
1788 3004 1948 3075 εἶναι,

388 3074 526 3127 κατὰ
554 3077 647 3130 τὸν
695 3082 906 3148 χρόνον,
942 3086 1037 3139 καὶ
1084 3089 1154 3140 τδ
1175 3091 1348 3160 πέρας
1403 3095 1596 3164 αὐτῆς,
1645 3098 1951 3163 ἀκολούθως

388 3166 478 3217 καὶ
518 3167 607 3221 τὸν
659 3172 755 3240 τῆς
793 3174 1050 3244 τελευτῆς
1100 3183 1322 3250 τρόπον,
1373 3184 1452 3253 τῷ
1499 3185 1628 3255 θείῳ
1686 3187 1950 3258 θελήματι

391 3259 756 3326 παραδίδωσιο
786 3265 859 3325 ὼς
899 3264 964 3318 ἂν
1015 3270 1108 3321 καὶ
1141 3273 1168 3322 ὁ
1198 3273 1401 3340 τρόπος
1433 3276 1532 3343 τῆς
1577 3277 1832 3346 τελευτῆς
1875 3279 1950 3348 τῷ

392 3349 574 3420 μέτρῳ
608 3353 705 3421 τῆς
747 3356 892 3423 ζωῆς
930 3365 1452 3432 συμπροωρισμὲνος
1581 3368 1686 3437 πρὸ
1715 3370 1949 3433 αίὼνων,

388 3439 477 3492 καὶ
505 3441 734 3507 ἕκαστος
758 3446 866 3498 τῶν
896 3449 1201 3519 ἀνθρώπων
1222 3454 1355 3523 πρὸς
1386 3456 1445 3509 τὸ
1469 3459 1566 3526 τῆς
1589 3458 1734 3529 ζωῆς
1765 3460 1951 3528 ἄγοιτο

389 3532 562 3625 τέλος,
601 3536 782 3600 καθὼς
833 3539 901 3592 ἂν
933 3541 1010 3611 τῷ
1059 3543 1178 3614 Θεῷ
1221 3545 1423 3612 δόξειεν
1466 3551 1666 3603 οἰκεῖον
1714 3550 1850 3606 εἶναι
1884 3556 1948 3625 τῇ

387 3623 617 3680 ἐνταῦθα
649 3629 840 3682 τούτου
869 3633 1002 3701 ζωῇ,
1036 3637 1129 3689 καὶ
1155 3641 1218 3707 τῇ
1261 3639 1378 3706 μετ’
1403 3640 1572 3712 αὐτὴν
1602 3623 1950 3718 διαδεξομένῄ

389 3722 740 3778 καταστάσει.
787 3727 882 3778 καὶ
910 3727 968 3778 τὸ
1016 3728 1238 3792 δικαίως
1283 3732 1669 3803 ἀποθνήσκειν,
1699 3739 1807 3788 εἴτε
1840 3740 1953 3791 ἁδί-

393 3826 519 3871 κως,
553 3813 645 3864 καὶ
697 3815 805 3867 εἴτε
852 3820 973 3880 τοὺς
1007 3820 1229 3885 δικαίως
1271 3823 1539 3893 βιοῦντας,
1581 3827 1691 3879 εἴτε
1729 3829 1948 3895 ἀδίκως,

390 3899 463 3968 τῷ
505 3903 727 3975 ποικίλῃ
765 3923 820 3957 τε
852 3909 941 3960 καὶ
974 3913 1234 3980 πανσὸφῳ
1274 3913 1366 3966 τοῦ
1415 3914 1548 3968 Θεοῦ
1598 3917 1724 3986 περὶ
1759 3918 1952 3971 ἐκατέ-

389 4010 514 4062 pou;
547 3995 726 4064 κρίσει
764 3997 896 4068 μόνῃ
942 4003 1230 4070 προσήκει.
1275 4005 1456 4058 Ταῦτα
1489 4007 1545 4059 δὲ
1585 4009 1757 4082 ,ἡμεῖς
1790 4011 1948 4082 εὐρύ·

388 4099 541 4148 τερον
573 4085 883 4153 διειλόμεθα
913 4090 1012 4142 οὐκ
1040 4069 1280 4164 οἴκοθεν,
1301 4095 1437 4148 ἀλλὰ
1466 4069 1788 4166 ταῖςιίεραῖς
1819 4069 1950 4152 ἀκο-

387 4172 700 4240 λουθοῦντες
746 4180 1006 4249 Γραφαῖς.
1083 4183 1142 4236 '0
1185 4185 1240 4239 δὲ
1301 4189 1640 4261 φερωνύμως
1696 4190 1951 4259 μέγιστος

388 4262 538 4330 οὗτος
573 4269 673 4337 τῆς
713 4271 1038 4343 Ἐκκλητίας
1092 4277 1408 4346 διδάσκαλος
1462 4283 1522 4335 το
1573 4285 1950 4354 συμπέρασμα

389 4360 710 4428 προστίθησι
767 4363 924 4428 μόνον
949 4380 964 4395 ’
996 4365 1184 4438 ὥσπερ
1227 4372 1529 4438 νομοθετῶν
1561 4375 1721 4446 ἔχεις,
1755 4371 1799 4430 ὦ
1831 4378 1951 4446 φίλ-

389 4467 534 4524 τατε,
586 4455 682 4507 καὶ
713 4455 904 4510 τοῦτον
937 4459 1093 4528 ἡμῶν
1133 4463 1196 4514 ἐκ
1241 4465 1338 4531 τῆς
1381 4467 1609 4536 ἡσυχίας
1652 4469 1743 4522 τὸν
1769 4467 1946 4537 λόγον.

386 4539 599 4597 Μᾶλλον
631 4544 687 4597 δὲ
716 4548 742 4599 ὁ
783 4549 956 4616 μέγας
983 4551 1092 4620 ἔχει
1124 4552 1425 4622 Βασίλειος,
1458 4558 1552 4611 καὶ
1581 4561 1606 4612 ὁ
1639 4560 1738 4630 τὴν
1769 4560 1950 4631 ψυχὴν

384 4631 594 4705 ἐκείνην
631 4637 894 4706 φωτίσας,
926 4633 969 4708 ᾧ
1009 4644 1042 4712 ἡ
1073 4643 1198 4711 δόξα
1225 4647 1305 4710 είς
1336 4649 1461 4713 τοὺς
1489 4650 1706 4715 αἰῶνας.
1751 4653 1944 4725 Ἀμήν.

1342 229 1706 295 EPISTOLA
1731 236 1843 296 -ΒΕ
1873 211 2644 310 ΡΒιἙῡΕΞΤΙΝΛΤιΟΝΕ.

393 325 734 430 καλυφθῆναι
763 332 875 388 τοῖς
898 331 1105 398 τέκνοις
1140 337 1425 408 ἠθέλησεν,
1454 340 1536 407 οἷς
1559 348 1839 418 εὐδόκησε,
1867 351 1954 421 τὴν.

2071 350 2222 418 tiam,
2257 370 2362 410 non
2400 358 2736 424 claudicans,
2769 367 2818 412 ct
2853 360 3172 430 priusquam
3204 363 3489 416 confessus
3525 371 3597 417 5::

3534 259 3552 314 ἷ
3569 259 3636 314 ιιιῑ

2068 443 2290 506 tollens,
2328 454 2385 498 ιιι
2426 448 2609 500 multis
2644 464 2750 516 prie
2794 450 3095 518 ignorantia
3137 455 3413 515 usuvenit,
3452 468 3638 506 verum

2066 543 2123 585 ut
2155 533 2268 601 ipse
2300 536 2434 598 vult,
2473 547 2526 590 ut
2570 537 2818 603 ipsemet,
2859 539 3097 609 inquam,
3131 541 3340 595 amatus
3395 544 3638 605 numine,

2065 627 2253 694 utique
2288 629 2456 680 voluit
2491 631 2717 683 revelari
2750 630 2954 696 liberis,
2990 634 3042 686 in
3095 635 3295 702 quibus
3345 634 3445 687 sibi
3492 649 3637 688 cmu-

2063 716 2288 784 placuit,
2321 732 2442 770 cum
2478 718 2611 788 ipsis
2641 705 3028 790 congruente")
3061 740 3123 776 ex
3159 725 3500 793 philosophia
3531 726 3636 793 pri-

2065 821 2211 858 mum
2280 807 2490 861 dederit
2551 821 2896 878 apparatum.
2953 815 3316 876 Quamobrem
3377 825 3632 883 tanquam

2064 890 2330 952 tractatus
2358 899 2449 954 ille
2477 899 2569 978 tibi
2611 903 2682 955 ad
2727 903 2908 957 omnia
2941 903 3230 968 sutfccerit,
3262 906 3396 959 nihil
3423 905 3531 972 jam
3564 922 3630 961 ea

2064 994 2128 1046 de
2165 1008 2220 1045 rc
2253 1002 2708 1049 commentamnr.
2757 994 2877 1047 Tibi
2929 1004 3133 1060 autem,
3172 995 3515 1056 charissime,
3569 998 3634 1051 de

2061 1084 2184 1135 vitae
2226 1083 2476 1138 humanae
2513 1084 2797 1149 limitibus,
2839 1085 2971 1138 satis
3023 1085 3091 1138 sit
3149 1095 3338 1138 contra
3385 1087 3633 1138 adversa.

2063 1174 2174 1228 rios
2205 1173 2390 1228 Basilii
2440 1175 2554 1229 sola
2593 1176 2890 1230 auctoritas
2918 1193 2931 1228 :
2959 1176 3061 1229 nisi
3103 1177 3276 1245 possis
3303 1177 3634 1244 argumentis

2061 1263 2181 1317 aliis
2221 1268 2454 1330 vincere,
2487 1269 2539 1319 et
2571 1266 2902 1333 qumstioncs
2948 1265 3158 1318 solvere
3192 1281 3205 1318 :
3248 1278 3369 1316 nam
3410 1264 3461 1316 id
3498 1278 3636 1330 pra:-

2062 1361 2208 1406 stare
2237 1352 2338 1415 bac
2367 1353 2422 1407 in
2475 1368 2530 1406 re
2571 1354 2916 1421 prudentium
2952 1363 3036 1407 est
3069 1371 3082 1407 :
3119 1353 3184 1407 ad
3221 1355 3334 1407 haec
3363 1356 3526 1408 etiam
3563 1353 3630 1404 ab

2064 1442 2468 1498 institutoribus
2499 1444 2756 1499 Ecclesiae
2800 1445 2881 1500 sic
2916 1445 3092 1499 facere
3138 1447 3321 1515 regula
3364 1446 3633 1498 constitu-

2066 1546 2177 1589 tum
2211 1552 2271 1589 ac
2305 1538 2678 1605 prtescriptum
2713 1546 2818 1592 est.
2863 1537 3032 1590 Porro
3063 1539 3127 1592 de
3157 1537 3634 1606 praedestinationc

2063 1629 2289 1682 sutliciet
2317 1629 2413 1681 tibi
2440 1629 2497 1682 Β.
2527 1628 2676 1681 Pauii
2708 1630 3028 1694 auctoritas,
3058 1646 3122 1684 ne
3153 1630 3325 1684 dicam
3361 1629 3526 1683 totius
3548 1643 3632 1681 sa-

2061 1735 2166 1774 crte
2196 1721 2480 1774 doctrinae.
2533 1719 2636 1773 Sed
2685 1721 2886 1774 addens
2933 1719 3178 1780 cumulo,
3219 1728 3378 1786 teque
3424 1719 3477 1770 in
3529 1717 3633 1769 hac

2062 1812 2338 1884 agnitione
2397 1811 2642 1866 veritatis
2686 1813 2948 1882 praeclare
3007 1811 3330 1875 stabilicns,
3387 1819 3632 1879 propono

2060 1919 2313 1972 magnum
2370 1902 2688 1968 Maximum,
2740 1911 2996 1972 tanquam
3050 1903 3400 1956 corollarium
3458 1902 3631 1970 sigillo

2059 2003 2370 2047 sanctorum
2415 2003 2467 2046 ct
2507 1995 2841 2047 eruditorum
2876 1995 3248 2062 theologorum
3277 2033 3291 2054 ,
3349 2008 3508 2061 quem
3546 1992 3632 2045 hic

2059 2085 2198 2138 idem
2229 2100 2397 2153 prope
2441 2091 2523 2139 est
2564 2094 2724 2152 atque
2767 2099 2957 2137 omnes
3003 2084 3315 2152 adjungere,
3350 2083 3444 2151 qui
3502 2096 3629 2135 eum

2059 2184 2468 2246 praecesserunt.
2506 2175 2718 2230 Etenim
2747 2176 2928 2244 plures
2959 2177 3048 2230 ille
3075 2176 3362 2230 Ccnturias
3391 2175 3628 2242 capitum

2059 2266 2307 2336 exposuit
2332 2306 2344 2330 ,
2372 2281 2491 2334 qua:
2523 2265 2776 2322 Gnostica
2801 2275 2852 2322 et
2879 2266 3203 2336 Thcologica
3236 2264 3504 2324 inscribit,
3525 2263 3630 2315 alio

2059 2358 2240 2428 capite
2265 2358 2403 2410 aliud
2434 2359 2656 2412 omnino
2682 2367 3063 2427 argumentum
3089 2357 3383 2412 deﬁniente
3411 2373 3425 2420 ;
3458 2357 3629 2424 siqui-

2059 2451 2178 2503 dem
2216 2450 2384 2504 veluti
2417 2451 2824 2504 enuntiationes
2868 2464 2929 2503 ac
2961 2449 3221 2503 terminos
3265 2449 3378 2502 luce
3406 2461 3628 2516 compo-

2058 2541 2188 2602 suit,
2217 2551 2271 2594 ut
2305 2542 2432 2595 olim
2480 2540 2835 2610 Hippocrates
2880 2541 3123 2595 celebres
3158 2539 3538 2610 Apltorismos,
3572 2546 3630 2591 et

2055 2631 2382 2686 Ptolemzcus
2415 2633 2639 2700 Carpos.
2676 2629 2841 2701 Igitur
2876 2631 3202 2685 vicesimum
3239 2639 3400 2697 caput
3431 2616 3629 2682 Centu-

2058 2725 2146 2776 ria:
2169 2741 2216 2777 IV
2244 2723 2455 2777 Maximi
2483 2723 2561 2778 sic
2586 2723 2906 2778 determinat
2939 2742 2953 2779 :
2987 2723 3107 2789 Quo
3151 2732 3310 2792 pacto
3331 2722 3444 2775 vult
3468 2721 3628 2782 Deus,

2055 2816 2146 2886 qui
2183 2825 2305 2869 ante
2327 2831 2489 2870 omne
2515 2831 2687 2869 azvum
2717 2815 2983 2884 cujusque
3003 2817 3166 2870 vitam
3195 2814 3403 2878 deﬁnit,
3436 2826 3628 2866 unum-

2053 2923 2324 2978 quemque
2357 2910 2422 2962 ad
2472 2909 2750 2977 proprium
2805 2909 2932 2960 vita:
2984 2907 3140 2960 linem
3192 2907 3340 2960 ducit
3380 2905 3496 2959 sive
3541 2901 3628 2970 ju-

1976 3007 2020 3066 ο
2052 3009 2218 3064 stum,
2259 3000 2370 3052 sive
2399 2998 2683 3067 injustam.
2714 2997 2777 3049 Et
2809 2996 2912 3049 hoc
2944 2997 3117 3049 solum
3145 3009 3238 3064 per
3262 3002 3432 3048 totum
3466 2997 3627 3058 caput

2053 3111 2121 3150 xx
2155 3102 2433 3146 tractatur.
2461 3092 2664 3160 Itaque,
2688 3093 2866 3161 posito
2901 3088 3041 3156 quod
3080 3087 3132 3140 in
3160 3084 3408 3139 confesso
3437 3073 3538 3138 est.
3576 3095 3624 3140 et

2057 3189 2121 3243 ab
2145 3188 2398 3243 omnibus
2425 3198 2550 3241 ante
2579 3200 2927 3246 concessum,
2961 3183 3125 3236 vitam
3158 3181 3419 3234 nimirum
3442 3178 3625 3248 cujus-

2054 3295 2158 3348 que
2198 3279 2611 3334 determinatam
2645 3276 3131 3345 prtescriptamque
3162 3287 3282 3326 esse
3315 3270 3620 3324 secundum

2055 3378 2266 3439 tempus
2298 3377 2354 3423 et
2417 3370 2573 3422 tinem
2607 3368 2724 3436 ejus
2755 3383 2768 3431 ;
2805 3371 3200 3432 consequenter
3233 3361 3395 3415 etiam
3436 3359 3626 3412 interi-

2055 3471 2141 3516 tus
2176 3461 2391 3514 modum
2431 3459 2630 3514 divina:
2663 3455 2924 3511 voluntati
2968 3455 3167 3518 tradit;
3219 3462 3273 3504 ut
3319 3450 3514 3503 modus
3545 3450 3624 3504 in-

2056 3553 2248 3607 teritus
2296 3551 2458 3607 simul
2503 3566 2624 3605 cum
2665 3550 2786 3602 vitze
2835 3546 3054 3600 modulo
3091 3543 3504 3613 przcdestinatus
3555 3543 3624 3594 sit

2053 3656 2180 3700 ante
2226 3645 2444 3706 szccula,
2478 3652 2532 3696 et
2566 3643 2797 3711 quisque
2841 3637 3116 3693 hominum
3157 3636 3219 3689 ad
3267 3635 3389 3687 vitae
3418 3633 3624 3688 exitum

2053 3738 2175 3792 duci
2204 3738 2408 3804 possit;
2429 3733 2889 3804 quemadmodum
2919 3731 3024 3784 Deo
3049 3728 3322 3783 videretur
3346 3726 3622 3794 proprium

2051 3846 2171 3884 esse
2201 3829 2317 3896 ejus
2347 3828 2471 3882 vitae
2517 3842 2634 3895 qua:
2682 3827 2770 3878 hic
2820 3823 3050 3892 degitur,
3087 3829 3140 3874 et
3174 3818 3341 3874 statui
3380 3817 3471 3888 qni
3506 3825 3626 3885 post

2054 3919 2200 3971 illam
2236 3915 2488 3972 succedet
2517 3933 2531 3968 :
2563 3923 2617 3967 et
2645 3915 2792 3983 juste
2842 3913 2979 3965 mori
3039 3912 3155 3966 sive
3207 3911 3411 3977 injuste
3441 3923 3455 3957 :
3494 3905 3621 3956 item

2053 4025 2146 4063 seu
2170 4008 2314 4074 juste
2342 4008 2607 4070 viventes,
2639 4021 2732 4059 seu
2761 4003 2966 4071 inique,
3021 3999 3302 4066 multiplici
3333 4006 3383 4049 et
3409 3993 3623 4062 sapien-

2054 4097 2264 4151 tissimo
2301 4095 2388 4149 Dei
2421 4094 2625 4164 judicio
2657 4092 2755 4147 soli
2796 4090 3067 4160 congruit.
3119 4087 3243 4140 iltce
3295 4093 3475 4138 autem
3527 4096 3624 4134 nos

2051 4187 2217 4241 latius
2242 4184 2637 4245 euarravimns,
2668 4195 2772 4234 non
2806 4196 2869 4234 ex
2897 4178 3138 4247 ingenio,
3165 4179 3256 4230 sed
3287 4173 3624 4229 convenien-

2056 4287 2135 4361 ter
2184 4277 2402 4332 Litteris
2437 4274 2626 4329 sacris.
2683 4272 2876 4327 Verum
2913 4271 3183 4325 niaxinms
3221 4270 3310 4321 hic
3360 4265 3621 4319 Ecclesia:

1981 4337 2025 4395 υ
2053 4345 2242 4424 doctor
2275 4377 2424 4421 tanto
2456 4367 2669 4420 nomine
2716 4365 2934 4433 dignus,
2972 4361 3374 4415 conclusionem
3409 4365 3618 4409 tantum

2050 4461 2312 4530 adjungit,
2357 4457 2514 4528 quasi
2571 4457 2741 4526 legem
2804 4454 3076 4508 sanciens.
3117 4450 3224 4516 Tu,
3266 4447 3616 4511 cltarissimc,

2048 4557 2206 4610 etiam
2241 4554 2385 4606 lnmc
2409 4568 2438 4606 a
2475 4550 2628 4604 nobis
2655 4565 2717 4604 ex
2747 4549 2856 4602 otio
2890 4560 3197 4601 sermonem
3236 4543 3406 4596 babes
3436 4557 3450 4595 :
3491 4541 3621 4606 quin

2046 4650 2227 4716 potius
2269 4659 2495 4713 magnus
2525 4641 2682 4694 habet
2717 4639 2968 4703 Basilius,
2992 4643 3044 4690 ct
3076 4636 3165 4703 qui
3204 4641 3437 4688 mentem
3475 4633 3620 4686 illam

2047 4735 2360 4799 illustravit,
2392 4735 2480 4790 cui
2510 4733 2678 4803 gloria
2716 4731 2770 4786 in
2807 4743 2966 4785 oume
2998 4743 3193 4782 :evum.
3269 4729 3464 4780 Amen.
