  <div class='ocr_page' id='page_1' title='image "/cluster/home/n/w/nwhite01/storage/ocr_20150623/160/hvd.32044073502692/291.png"; bbox 0 0 3904 6134; ppageno 0'>
   <div class='ocr_carea' id='block_1_1' title="bbox 1295 173 2383 249">
    <p class='ocr_par' dir='ltr' id='par_1_1' title="bbox 1295 173 2383 249">
     <span class='ocr_line' id='line_1_1' title="bbox 1295 173 2383 249; baseline 0.01 -19"><span class='ocrx_word' id='word_1_1' title='bbox 1295 173 1675 234; x_wconf 74' lang='lat' dir='ltr'><strong>GENNADII</strong></span> <span class='ocrx_word' id='word_1_2' title='bbox 1719 178 1823 237; x_wconf 60' lang='grc' dir='ltr'><strong>(ΣΡ,</strong></span> <span class='ocrx_word' id='word_1_3' title='bbox 1869 180 2383 249; x_wconf 69' lang='lat' dir='ltr'><strong>l’ATRIARClUE</strong></span> 
     </span>
    </p>
   </div>
   <div class='ocr_carea' id='block_1_2' title="bbox 1179 331 1257 339">
    <p class='ocr_par' dir='ltr' id='par_1_2' title="bbox 1179 331 1257 339">
     <span class='ocr_line' id='line_1_2' title="bbox 1179 331 1257 339; baseline 0.026 -2"><span class='ocrx_word' id='word_1_4' title='bbox 1179 331 1257 339; x_wconf 79' lang='lat'><strong>_.</strong></span> 
     </span>
    </p>
   </div>
   <div class='ocr_carea' id='block_1_3' title="bbox 959 490 2684 621">
    <p class='ocr_par' dir='ltr' id='par_1_3' title="bbox 959 490 2684 621">
     <span class='ocr_line' id='line_1_3' title="bbox 959 490 2684 621; baseline 0.011 -21"><span class='ocrx_word' id='word_1_5' title='bbox 959 490 1707 615; x_wconf 85' lang='grc' dir='ltr'><strong>ΓΕΩΡΓΙΟΥ</strong></span> <span class='ocrx_word' id='word_1_6' title='bbox 1791 502 1984 613; x_wconf 89' lang='grc' dir='ltr'><strong>ΣΧ</strong></span> <span class='ocrx_word' id='word_1_7' title='bbox 2004 498 2207 617; x_wconf 88' lang='grc' dir='ltr'><strong>ΟΛ</strong></span> <span class='ocrx_word' id='word_1_8' title='bbox 2226 503 2684 621; x_wconf 86' lang='grc' dir='ltr'>ΑΡΙΟΥ</span> 
     </span>
    </p>
   </div>
   <div class='ocr_carea' id='block_1_4' title="bbox 399 873 3235 1066">
    <p class='ocr_par' dir='ltr' id='par_1_4' title="bbox 399 873 3235 1066">
     <span class='ocr_line' id='line_1_4' title="bbox 399 873 3235 1066; baseline 0.008 -28"><span class='ocrx_word' id='word_1_9' title='bbox 399 873 1694 1061; x_wconf 80' lang='grc' dir='ltr'><strong>ΓΕΝΝΑΔΙΟΥ</strong></span> <span class='ocrx_word' id='word_1_10' title='bbox 1788 884 3235 1066; x_wconf 86' lang='grc' dir='ltr'><strong>ΠΑΤΡΙΑΡΧΟΥ</strong></span> 
     </span>
    </p>
   </div>
   <div class='ocr_carea' id='block_1_5' title="bbox 661 1153 2945 1261">
    <p class='ocr_par' dir='ltr' id='par_1_5' title="bbox 661 1153 2945 1261">
     <span class='ocr_line' id='line_1_5' title="bbox 661 1153 2945 1261; baseline 0.008 -22"><span class='ocrx_word' id='word_1_11' title='bbox 661 1153 925 1239; x_wconf 86' lang='grc' dir='ltr'><strong>ΠΕΡΙ</strong></span> <span class='ocrx_word' id='word_1_12' title='bbox 1000 1156 1231 1245; x_wconf 88' lang='grc' dir='ltr'><strong>ΤΟΥ</strong></span> <span class='ocrx_word' id='word_1_13' title='bbox 1286 1159 1575 1251; x_wconf 90' lang='grc' dir='ltr'><strong>ΕΝΟΣ</strong></span> <span class='ocrx_word' id='word_1_14' title='bbox 1624 1162 1770 1249; x_wconf 92' lang='grc' dir='ltr'><strong>ΕΝ</strong></span> <span class='ocrx_word' id='word_1_15' title='bbox 1822 1159 2184 1261; x_wconf 87' lang='grc' dir='ltr'><strong>ΤΡΙΑΔΙ</strong></span> <span class='ocrx_word' id='word_1_16' title='bbox 2249 1165 2561 1258; x_wconf 85' lang='grc' dir='ltr'><strong>ΘΕΟΥ</strong></span> <span class='ocrx_word' id='word_1_17' title='bbox 2611 1166 2945 1259; x_wconf 86' lang='grc' dir='ltr'><strong>ΗΜΩΝ</strong></span> 
     </span>
    </p>
   </div>
   <div class='ocr_carea' id='block_1_6' title="bbox 1341 1343 2266 1404">
    <p class='ocr_par' dir='ltr' id='par_1_6' title="bbox 1341 1343 2266 1404">
     <span class='ocr_line' id='line_1_6' title="bbox 1341 1343 2266 1404; baseline 0.009 -8"><span class='ocrx_word' id='word_1_18' title='bbox 1341 1343 1465 1399; x_wconf 81' lang='grc' dir='ltr'>ΚΑΙ</span> <span class='ocrx_word' id='word_1_19' title='bbox 1512 1343 1797 1401; x_wconf 81' lang='grc' dir='ltr'><strong>ΠΔΝΤΩΝ</strong></span> <span class='ocrx_word' id='word_1_20' title='bbox 1837 1345 1976 1400; x_wconf 81' lang='grc' dir='ltr'><strong>ΤΩΝ</strong></span> <span class='ocrx_word' id='word_1_21' title='bbox 2033 1348 2266 1404; x_wconf 82' lang='grc' dir='ltr'><strong>ΟΝΤΩΝ</strong></span> 
     </span>
    </p>
   </div>
   <div class='ocr_carea' id='block_1_7' title="bbox 3344 188 3451 255">
    <p class='ocr_par' dir='ltr' id='par_1_7' title="bbox 3344 188 3451 255">
     <span class='ocr_line' id='line_1_7' title="bbox 3344 188 3451 255; baseline 0 0"><span class='ocrx_word' id='word_1_22' title='bbox 3344 188 3451 255; x_wconf 69' lang='lat'><strong>5.68.</strong></span> 
     </span>
    </p>
   </div>
   <div class='ocr_carea' id='block_1_8' title="bbox 2984 346 3423 368">
    <p class='ocr_par' dir='ltr' id='par_1_8' title="bbox 2984 346 3423 368">
     <span class='ocr_line' id='line_1_8' title="bbox 2984 346 3423 368; baseline 0.009 -9"><span class='ocrx_word' id='word_1_23' title='bbox 2984 346 3423 368; x_wconf 44' lang='lat' dir='ltr'><em>m</em></span> 
     </span>
    </p>
   </div>
   <div class='ocr_carea' id='block_1_9' title="bbox 571 1467 1763 1581">
    <p class='ocr_par' dir='ltr' id='par_1_9' title="bbox 571 1494 1763 1559">
     <span class='ocr_line' id='line_1_9' title="bbox 571 1494 1763 1559; baseline 0.002 -5"><span class='ocrx_word' id='word_1_24' title='bbox 571 1494 704 1554; x_wconf 77' lang='grc' dir='ltr'><strong>ΚΑΙ</strong></span> <span class='ocrx_word' id='word_1_25' title='bbox 730 1500 914 1553; x_wconf 65' lang='grc' dir='ltr'><strong>ΚΠᾺ</strong></span> <span class='ocrx_word' id='word_1_26' title='bbox 970 1500 1220 1558; x_wconf 79' lang='grc' dir='ltr'><strong>ΑΘΕΩΝ</strong></span> <span class='ocrx_word' id='word_1_27' title='bbox 1268 1503 1447 1557; x_wconf 81' lang='lat' dir='ltr'><strong>HTOI</strong></span> <span class='ocrx_word' id='word_1_28' title='bbox 1501 1503 1763 1559; x_wconf 44' lang='grc' dir='ltr'><strong>ΑΥΤΟΜΑ</strong></span> 
     </span>
    </p>
   </div>
   <div class='ocr_carea' id='block_1_10' title="bbox 1865 1467 3136 1581">
    <p class='ocr_par' dir='ltr' id='par_1_10' title="bbox 1865 1467 3136 1581">
     <span class='ocr_line' id='line_1_10' title="bbox 1865 1467 3136 1581; baseline 0.006 -23"><span class='ocrx_word' id='word_1_29' title='bbox 1865 1506 2085 1571; x_wconf 70' lang='grc' dir='ltr'><strong>ΓΣΤΩΝ,</strong></span> <span class='ocrx_word' id='word_1_30' title='bbox 2128 1505 2259 1561; x_wconf 80' lang='grc' dir='ltr'><strong>ΚΑΙ</strong></span> <span class='ocrx_word' id='word_1_31' title='bbox 2296 1508 2475 1563; x_wconf 78' lang='grc' dir='ltr'><strong>ΚΑΤΑ</strong></span> <span class='ocrx_word' id='word_1_32' title='bbox 2516 1511 2663 1565; x_wconf 66' lang='lat' dir='ltr'><strong>non</strong></span> <span class='ocrx_word' id='word_1_33' title='bbox 2679 1509 3041 1581; x_wconf 68' lang='grc' dir='ltr'><strong>ΥΘΕοΝμ).</strong></span> <span class='ocrx_word' id='word_1_34' title='bbox 3133 1467 3136 1471; x_wconf 48' lang='grc'><strong>’</strong></span> 
     </span>
    </p>
   </div>
   <div class='ocr_carea' id='block_1_11' title="bbox 1768 1688 1841 1702">
    <p class='ocr_par' dir='ltr' id='par_1_11' title="bbox 1768 1688 1841 1702">
     <span class='ocr_line' id='line_1_11' title="bbox 1768 1688 1841 1702; baseline 0.014 -1"><span class='ocrx_word' id='word_1_35' title='bbox 1768 1688 1841 1702; x_wconf 45' lang='lat' dir='ltr'><strong>ﬂ</strong></span> 
     </span>
    </p>
   </div>
   <div class='ocr_carea' id='block_1_12' title="bbox 1084 1809 2537 1985">
    <p class='ocr_par' dir='ltr' id='par_1_12' title="bbox 1084 1809 2537 1985">
     <span class='ocr_line' id='line_1_12' title="bbox 1084 1809 2537 1985; baseline 0.001 -40"><span class='ocrx_word' id='word_1_36' title='bbox 1084 1809 1673 1949; x_wconf 81' lang='lat' dir='ltr'><strong>GEORGII</strong></span> <span class='ocrx_word' id='word_1_37' title='bbox 1767 1833 2537 1985; x_wconf 72' lang='lat' dir='ltr'><strong>SCHOLAnu</strong></span> 
     </span>
    </p>
   </div>
   <div class='ocr_carea' id='block_1_13' title="bbox 1768 2093 1907 2137">
    <p class='ocr_par' dir='ltr' id='par_1_13' title="bbox 1768 2093 1907 2137">
     <span class='ocr_line' id='line_1_13' title="bbox 1768 2093 1907 2137; baseline 0.014 -2"><span class='ocrx_word' id='word_1_38' title='bbox 1768 2093 1907 2137; x_wconf 70' lang='lat' dir='ltr'><strong>SIVE</strong></span> 
     </span>
    </p>
   </div>
   <div class='ocr_carea' id='block_1_14' title="bbox 458 2274 1763 2571">
    <p class='ocr_par' dir='ltr' id='par_1_14' title="bbox 458 2274 1763 2571">
     <span class='ocr_line' id='line_1_14' title="bbox 458 2274 1763 2571; baseline 0 -114"><span class='ocrx_word' id='word_1_39' title='bbox 458 2274 1509 2571; x_wconf 58' lang='lat' dir='ltr'><strong>GENNADII</strong></span> <span class='ocrx_word' id='word_1_40' title='bbox 1661 2290 1763 2457; x_wconf 74' lang='grc' dir='ltr'>Ρ</span> 
     </span>
    </p>
   </div>
   <div class='ocr_carea' id='block_1_15' title="bbox 1865 2274 3169 2571">
    <p class='ocr_par' dir='ltr' id='par_1_15' title="bbox 1865 2277 3169 2471">
     <span class='ocr_line' id='line_1_15' title="bbox 1865 2277 3169 2471; baseline 0.008 -12"><span class='ocrx_word' id='word_1_41' title='bbox 1865 2277 3169 2471; x_wconf 54' lang='grc' dir='ltr'><strong>ΧΤΒΙΑΒΟΗλίΕ</strong></span> 
     </span>
    </p>
   </div>
   <div class='ocr_carea' id='block_1_16' title="bbox 722 2612 2909 2751">
    <p class='ocr_par' dir='ltr' id='par_1_16' title="bbox 722 2612 2909 2751">
     <span class='ocr_line' id='line_1_16' title="bbox 722 2612 2909 2751; baseline 0.007 -16"><span class='ocrx_word' id='word_1_42' title='bbox 722 2612 919 2739; x_wconf 87' lang='lat' dir='ltr'><strong>DE</strong></span> <span class='ocrx_word' id='word_1_43' title='bbox 984 2613 1293 2741; x_wconf 85' lang='grc' dir='ltr'><strong>Ι)Εο</strong></span> <span class='ocrx_word' id='word_1_44' title='bbox 1356 2614 1515 2741; x_wconf 84' lang='grc' dir='ltr'>ΙΝ</span> <span class='ocrx_word' id='word_1_45' title='bbox 1597 2614 2475 2743; x_wconf 79' lang='grc' dir='ltr'><strong>ΤΒΙΝΙΤΑΤἘ</strong></span> <span class='ocrx_word' id='word_1_46' title='bbox 2587 2619 2909 2751; x_wconf 84' lang='lat' dir='ltr'><strong>UNO</strong></span> 
     </span>
    </p>
   </div>
   <div class='ocr_carea' id='block_1_17' title="bbox 944 2852 2682 2928">
    <p class='ocr_par' dir='ltr' id='par_1_17' title="bbox 944 2852 2682 2928">
     <span class='ocr_line' id='line_1_17' title="bbox 944 2852 2682 2928; baseline 0 -11"><span class='ocrx_word' id='word_1_47' title='bbox 944 2854 1230 2917; x_wconf 80' lang='lat' dir='ltr'><strong>NOSTRI</strong></span> <span class='ocrx_word' id='word_1_48' title='bbox 1320 2852 1814 2928; x_wconf 67' lang='lat' dir='ltr'><strong>OMNIUMQUE</strong></span> <span class='ocrx_word' id='word_1_49' title='bbox 1888 2854 2164 2919; x_wconf 77' lang='lat' dir='ltr'><strong>RERUM</strong></span> <span class='ocrx_word' id='word_1_50' title='bbox 2231 2855 2682 2919; x_wconf 73' lang='lat' dir='ltr'><strong>CONDITOBE</strong></span> 
     </span>
    </p>
   </div>
   <div class='ocr_carea' id='block_1_18' title="bbox 196 3014 3444 3100">
    <p class='ocr_par' dir='ltr' id='par_1_18' title="bbox 196 3014 3444 3100">
     <span class='ocr_line' id='line_1_18' title="bbox 196 3014 3444 3100; baseline 0.002 -17"><span class='ocrx_word' id='word_1_51' title='bbox 196 3022 387 3087; x_wconf 71' lang='lat' dir='ltr'><strong><em>TUM</em></strong></span> <span class='ocrx_word' id='word_1_52' title='bbox 438 3020 880 3087; x_wconf 66' lang='lat' dir='ltr'><strong>AMERSUS</strong></span> <span class='ocrx_word' id='word_1_53' title='bbox 910 3014 1250 3080; x_wconf 80' lang='lat' dir='ltr'><strong>ATHEOS</strong></span> <span class='ocrx_word' id='word_1_54' title='bbox 1305 3018 1454 3095; x_wconf 82' lang='lat' dir='ltr'><strong>QUI</strong></span> <span class='ocrx_word' id='word_1_55' title='bbox 1484 3019 1596 3080; x_wconf 86' lang='lat' dir='ltr'><strong><em>AD</em></strong></span> <span class='ocrx_word' id='word_1_56' title='bbox 1625 3018 1919 3081; x_wconf 84' lang='lat' dir='ltr'><strong><em>CASUM</em></strong></span> <span class='ocrx_word' id='word_1_57' title='bbox 1962 3017 2297 3084; x_wconf 80' lang='lat' dir='ltr'><strong>CUNCTA</strong></span> <span class='ocrx_word' id='word_1_58' title='bbox 2328 3022 2821 3100; x_wconf 82' lang='lat' dir='ltr'><strong><em>REFERUNT,</em></strong></span> <span class='ocrx_word' id='word_1_59' title='bbox 2869 3025 3058 3091; x_wconf 87' lang='lat' dir='ltr'><strong><em>TUM</em></strong></span> <span class='ocrx_word' id='word_1_60' title='bbox 3106 3026 3444 3099; x_wconf 77' lang='lat' dir='ltr'><strong>CONTRA</strong></span> 
     </span>
    </p>
   </div>
   <div class='ocr_carea' id='block_1_19' title="bbox 1472 3144 2129 3210">
    <p class='ocr_par' dir='ltr' id='par_1_19' title="bbox 1472 3144 2129 3210">
     <span class='ocr_line' id='line_1_19' title="bbox 1472 3144 2129 3210; baseline 0.002 -4"><span class='ocrx_word' id='word_1_61' title='bbox 1472 3144 1953 3209; x_wconf 71' lang='lat' dir='ltr'><strong>POLYTHEIS</strong></span> <span class='ocrx_word' id='word_1_62' title='bbox 1965 3149 2013 3207; x_wconf 90' lang='lat' dir='ltr'><em>T</em></span> <span class='ocrx_word' id='word_1_63' title='bbox 2010 3147 2129 3210; x_wconf 86' lang='lat' dir='ltr'><strong>AS.</strong></span> 
     </span>
    </p>
   </div>
   <div class='ocr_carea' id='block_1_20' title="bbox 1762 3334 1837 3346">
    <p class='ocr_par' dir='ltr' id='par_1_20' title="bbox 1762 3334 1837 3346">
     <span class='ocr_line' id='line_1_20' title="bbox 1762 3334 1837 3346; baseline -0.013 -2"><span class='ocrx_word' id='word_1_64' title='bbox 1762 3334 1837 3346; x_wconf 70' lang='grc'><strong>..-</strong></span> 
     </span>
    </p>
   </div>
   <div class='ocr_carea' id='block_1_21' title="bbox 256 3456 1763 3539">
    <p class='ocr_par' dir='ltr' id='par_1_21' title="bbox 256 3456 1759 3531">
     <span class='ocr_line' id='line_1_21' title="bbox 256 3456 1759 3531; baseline -0.005 -14"><span class='ocrx_word' id='word_1_65' title='bbox 256 3461 483 3531; x_wconf 85' lang='lat' dir='ltr'><strong>Opinari</strong></span> <span class='ocrx_word' id='word_1_66' title='bbox 544 3476 651 3516; x_wconf 91' lang='lat' dir='ltr'><strong>non</strong></span> <span class='ocrx_word' id='word_1_67' title='bbox 709 3474 831 3516; x_wconf 86' lang='lat' dir='ltr'><strong>esse</strong></span> <span class='ocrx_word' id='word_1_68' title='bbox 864 3460 1031 3514; x_wconf 89' lang='lat' dir='ltr'><strong>Deum</strong></span> <span class='ocrx_word' id='word_1_69' title='bbox 1092 3472 1322 3513; x_wconf 65' lang='lat' dir='ltr'><strong>summa:</strong></span> <span class='ocrx_word' id='word_1_70' title='bbox 1357 3466 1439 3512; x_wconf 91' lang='lat' dir='ltr'><strong>est</strong></span> <span class='ocrx_word' id='word_1_71' title='bbox 1495 3456 1759 3522; x_wconf 72' lang='lat' dir='ltr'><strong>insaniae,</strong></span> 
     </span>
    </p>
   </div>
   <div class='ocr_carea' id='block_1_22' title="bbox 1865 3456 3440 3539">
    <p class='ocr_par' dir='ltr' id='par_1_22' title="bbox 1937 3458 3440 3530">
     <span class='ocr_line' id='line_1_22' title="bbox 1937 3458 3440 3530; baseline 0.003 -19"><span class='ocrx_word' id='word_1_72' title='bbox 1937 3458 2159 3511; x_wconf 82' lang='grc' dir='ltr'>Οἴεσθαι</span> <span class='ocrx_word' id='word_1_73' title='bbox 2193 3458 2293 3527; x_wconf 84' lang='grc' dir='ltr'>μὲν</span> <span class='ocrx_word' id='word_1_74' title='bbox 2326 3461 2401 3530; x_wconf 86' lang='grc' dir='ltr'><strong>μὴ</strong></span> <span class='ocrx_word' id='word_1_75' title='bbox 2428 3459 2565 3513; x_wconf 76' lang='grc' dir='ltr'>εἶναι</span> <span class='ocrx_word' id='word_1_76' title='bbox 2595 3459 2728 3512; x_wconf 79' lang='grc' dir='ltr'>Θεὸν</span> <span class='ocrx_word' id='word_1_77' title='bbox 2751 3460 2987 3529; x_wconf 79' lang='grc' dir='ltr'><strong>ἐσχάτης</strong></span> <span class='ocrx_word' id='word_1_78' title='bbox 3019 3462 3167 3515; x_wconf 73' lang='grc' dir='ltr'>ἐστὶν</span> <span class='ocrx_word' id='word_1_79' title='bbox 3195 3462 3440 3530; x_wconf 78' lang='grc' dir='ltr'>ἀφροσύο</span> 
     </span>
    </p>
   </div>
   <div class='ocr_carea' id='block_1_23' title="bbox 189 3547 1761 3625">
    <p class='ocr_par' dir='ltr' id='par_1_23' title="bbox 189 3547 1761 3625">
     <span class='ocr_line' id='line_1_23' title="bbox 189 3547 1761 3625; baseline -0.004 -18"><span class='ocrx_word' id='word_1_80' title='bbox 189 3552 646 3625; x_wconf 85' lang='lat' dir='ltr'><strong>quemadmodum</strong></span> <span class='ocrx_word' id='word_1_81' title='bbox 693 3550 855 3606; x_wconf 87' lang='lat' dir='ltr'><strong>divus</strong></span> <span class='ocrx_word' id='word_1_82' title='bbox 896 3552 971 3604; x_wconf 93' lang='lat' dir='ltr'><strong>ait</strong></span> <span class='ocrx_word' id='word_1_83' title='bbox 1025 3547 1247 3603; x_wconf 84' lang='lat' dir='ltr'><strong>David:</strong></span> <span class='ocrx_word' id='word_1_84' title='bbox 1302 3547 1448 3602; x_wconf 76' lang='lat' dir='ltr'><strong><em>Dixit</em></strong></span> <span class='ocrx_word' id='word_1_85' title='bbox 1507 3548 1761 3617; x_wconf 77' lang='lat' dir='ltr'><strong>insipiens</strong></span> 
     </span>
    </p>
   </div>
   <div class='ocr_carea' id='block_1_24' title="bbox 186 3640 1763 3710">
    <p class='ocr_par' dir='ltr' id='par_1_24' title="bbox 186 3640 1763 3710">
     <span class='ocr_line' id='line_1_24' title="bbox 186 3640 1763 3710; baseline -0.003 -11"><span class='ocrx_word' id='word_1_86' title='bbox 186 3648 242 3699; x_wconf 83' lang='lat' dir='ltr'><strong><em>in</em></strong></span> <span class='ocrx_word' id='word_1_87' title='bbox 276 3645 433 3700; x_wconf 83' lang='lat' dir='ltr'><strong>corde</strong></span> <span class='ocrx_word' id='word_1_88' title='bbox 461 3657 591 3697; x_wconf 75' lang='lat' dir='ltr'><strong>suo:</strong></span> <span class='ocrx_word' id='word_1_89' title='bbox 630 3641 755 3697; x_wconf 88' lang='lat' dir='ltr'><strong>Non</strong></span> <span class='ocrx_word' id='word_1_90' title='bbox 785 3649 860 3696; x_wconf 77' lang='lat' dir='ltr'><strong>est</strong></span> <span class='ocrx_word' id='word_1_91' title='bbox 894 3641 1069 3707; x_wconf 78' lang='lat' dir='ltr'><strong>Deus;</strong></span> <span class='ocrx_word' id='word_1_92' title='bbox 1095 3640 1203 3697; x_wconf 91' lang='lat' dir='ltr'><strong>imo</strong></span> <span class='ocrx_word' id='word_1_93' title='bbox 1231 3640 1276 3695; x_wconf 88' lang='lat' dir='ltr'><strong>si</strong></span> <span class='ocrx_word' id='word_1_94' title='bbox 1311 3656 1416 3710; x_wconf 87' lang='lat' dir='ltr'><strong>qua</strong></span> <span class='ocrx_word' id='word_1_95' title='bbox 1451 3640 1763 3695; x_wconf 86' lang='lat' dir='ltr'><strong>hominibus</strong></span> 
     </span>
    </p>
   </div>
   <div class='ocr_carea' id='block_1_25' title="bbox 191 3729 1766 3803">
    <p class='ocr_par' dir='ltr' id='par_1_25' title="bbox 191 3729 1766 3803">
     <span class='ocr_line' id='line_1_25' title="bbox 191 3729 1766 3803; baseline -0.004 -14"><span class='ocrx_word' id='word_1_96' title='bbox 191 3737 336 3790; x_wconf 88' lang='lat' dir='ltr'><strong>inest</strong></span> <span class='ocrx_word' id='word_1_97' title='bbox 364 3732 628 3803; x_wconf 87' lang='lat' dir='ltr'><strong>nequitia,</strong></span> <span class='ocrx_word' id='word_1_98' title='bbox 661 3732 715 3786; x_wconf 89' lang='lat' dir='ltr'><strong>id</strong></span> <span class='ocrx_word' id='word_1_99' title='bbox 749 3731 978 3787; x_wconf 70' lang='lat' dir='ltr'><strong>insania:</strong></span> <span class='ocrx_word' id='word_1_100' title='bbox 1006 3745 1143 3800; x_wconf 90' lang='lat' dir='ltr'><strong>opus</strong></span> <span class='ocrx_word' id='word_1_101' title='bbox 1171 3749 1184 3795; x_wconf 91' lang='lat'>;</span> <span class='ocrx_word' id='word_1_102' title='bbox 1229 3729 1365 3784; x_wconf 87' lang='lat' dir='ltr'><strong>adeo</strong></span> <span class='ocrx_word' id='word_1_103' title='bbox 1394 3738 1449 3784; x_wconf 92' lang='lat' dir='ltr'><strong>ut</strong></span> <span class='ocrx_word' id='word_1_104' title='bbox 1478 3729 1618 3783; x_wconf 89' lang='lat' dir='ltr'><strong>idem</strong></span> <span class='ocrx_word' id='word_1_105' title='bbox 1656 3732 1766 3784; x_wconf 83' lang='lat' dir='ltr'><strong>fer-</strong></span> 
     </span>
    </p>
   </div>
   <div class='ocr_carea' id='block_1_26' title="bbox 189 3825 1765 3891">
    <p class='ocr_par' dir='ltr' id='par_1_26' title="bbox 189 3825 1765 3891">
     <span class='ocr_line' id='line_1_26' title="bbox 189 3825 1765 3891; baseline -0.002 -10"><span class='ocrx_word' id='word_1_106' title='bbox 189 3844 277 3882; x_wconf 88' lang='lat' dir='ltr'><strong>me</strong></span> <span class='ocrx_word' id='word_1_107' title='bbox 312 3828 382 3881; x_wconf 82' lang='lat' dir='ltr'><strong>sit</strong></span> <span class='ocrx_word' id='word_1_108' title='bbox 428 3825 643 3891; x_wconf 71' lang='lat' dir='ltr'><strong>bonum</strong></span> <span class='ocrx_word' id='word_1_109' title='bbox 693 3838 813 3879; x_wconf 88' lang='lat' dir='ltr'><strong>esse</strong></span> <span class='ocrx_word' id='word_1_110' title='bbox 845 3839 908 3878; x_wconf 89' lang='lat' dir='ltr'><strong>ac</strong></span> <span class='ocrx_word' id='word_1_111' title='bbox 942 3833 1125 3877; x_wconf 89' lang='lat' dir='ltr'><strong>mente</strong></span> <span class='ocrx_word' id='word_1_112' title='bbox 1176 3838 1398 3888; x_wconf 90' lang='lat' dir='ltr'><strong>sanum,</strong></span> <span class='ocrx_word' id='word_1_113' title='bbox 1431 3832 1488 3878; x_wconf 88' lang='lat' dir='ltr'><strong>et</strong></span> <span class='ocrx_word' id='word_1_114' title='bbox 1536 3838 1765 3879; x_wconf 73' lang='lat' dir='ltr'><strong>summa:</strong></span> 
     </span>
    </p>
   </div>
   <div class='ocr_carea' id='block_1_27' title="bbox 191 3916 1765 3989">
    <p class='ocr_par' dir='ltr' id='par_1_27' title="bbox 191 3916 1765 3989">
     <span class='ocr_line' id='line_1_27' title="bbox 191 3916 1765 3989; baseline -0.001 -16"><span class='ocrx_word' id='word_1_115' title='bbox 191 3919 444 3989; x_wconf 73' lang='lat' dir='ltr'><strong>nequitia:</strong></span> <span class='ocrx_word' id='word_1_116' title='bbox 476 3918 555 3972; x_wconf 88' lang='lat' dir='ltr'><strong>sic</strong></span> <span class='ocrx_word' id='word_1_117' title='bbox 584 3917 818 3987; x_wconf 84' lang='lat' dir='ltr'><strong>Opiuari.</strong></span> <span class='ocrx_word' id='word_1_118' title='bbox 857 3917 1085 3986; x_wconf 83' lang='lat' dir='ltr'><strong>Quidam</strong></span> <span class='ocrx_word' id='word_1_119' title='bbox 1118 3916 1262 3971; x_wconf 90' lang='lat' dir='ltr'><strong>enim</strong></span> <span class='ocrx_word' id='word_1_120' title='bbox 1298 3917 1555 3972; x_wconf 86' lang='lat' dir='ltr'><strong>sensibus</strong></span> <span class='ocrx_word' id='word_1_121' title='bbox 1602 3925 1765 3988; x_wconf 89' lang='lat' dir='ltr'><strong>atque</strong></span> 
     </span>
    </p>
   </div>
   <div class='ocr_carea' id='block_1_28' title="bbox 191 4007 1763 4079">
    <p class='ocr_par' dir='ltr' id='par_1_28' title="bbox 191 4007 1763 4079">
     <span class='ocr_line' id='line_1_28' title="bbox 191 4007 1763 4079; baseline -0.001 -13"><span class='ocrx_word' id='word_1_122' title='bbox 191 4013 277 4067; x_wconf 89' lang='lat' dir='ltr'><strong>bis</strong></span> <span class='ocrx_word' id='word_1_123' title='bbox 317 4012 494 4066; x_wconf 78' lang='lat' dir='ltr'><strong>insita:</strong></span> <span class='ocrx_word' id='word_1_124' title='bbox 521 4009 791 4079; x_wconf 73' lang='lat' dir='ltr'><strong>voluptati</strong></span> <span class='ocrx_word' id='word_1_125' title='bbox 827 4009 997 4064; x_wconf 87' lang='lat' dir='ltr'><strong>semel</strong></span> <span class='ocrx_word' id='word_1_126' title='bbox 1029 4007 1170 4062; x_wconf 80' lang='lat' dir='ltr'><strong>aﬂixi</strong></span> <span class='ocrx_word' id='word_1_127' title='bbox 1208 4008 1347 4063; x_wconf 85' lang='lat' dir='ltr'><strong>hanc</strong></span> <span class='ocrx_word' id='word_1_128' title='bbox 1372 4009 1423 4063; x_wconf 92' lang='lat' dir='ltr'><strong>in</strong></span> <span class='ocrx_word' id='word_1_129' title='bbox 1455 4009 1763 4079; x_wconf 85' lang='lat' dir='ltr'><strong>semetipsis</strong></span> 
     </span>
    </p>
   </div>
   <div class='ocr_carea' id='block_1_29' title="bbox 188 4100 1763 4174">
    <p class='ocr_par' dir='ltr' id='par_1_29' title="bbox 188 4100 1763 4174">
     <span class='ocr_line' id='line_1_29' title="bbox 188 4100 1763 4174; baseline -0.001 -17"><span class='ocrx_word' id='word_1_130' title='bbox 188 4106 410 4174; x_wconf 85' lang='lat' dir='ltr'><strong>pariunt</strong></span> <span class='ocrx_word' id='word_1_131' title='bbox 446 4103 639 4157; x_wconf 81' lang='lat' dir='ltr'><strong>malum</strong></span> <span class='ocrx_word' id='word_1_132' title='bbox 686 4102 954 4157; x_wconf 82' lang='lat' dir='ltr'><strong>insaniam</strong></span> <span class='ocrx_word' id='word_1_133' title='bbox 978 4142 994 4167; x_wconf 88' lang='lat'><strong>,</strong></span> <span class='ocrx_word' id='word_1_134' title='bbox 1028 4115 1327 4169; x_wconf 86' lang='lat' dir='ltr'><strong>rursusque</strong></span> <span class='ocrx_word' id='word_1_135' title='bbox 1356 4114 1420 4155; x_wconf 81' lang='lat' dir='ltr'><strong>ex</strong></span> <span class='ocrx_word' id='word_1_136' title='bbox 1453 4100 1763 4170; x_wconf 86' lang='lat' dir='ltr'><strong>hujusmodi</strong></span> 
     </span>
    </p>
   </div>
   <div class='ocr_carea' id='block_1_30' title="bbox 189 4191 1761 4265">
    <p class='ocr_par' dir='ltr' id='par_1_30' title="bbox 189 4191 1761 4265">
     <span class='ocr_line' id='line_1_30' title="bbox 189 4191 1761 4265; baseline -0.003 -14"><span class='ocrx_word' id='word_1_137' title='bbox 189 4196 484 4259; x_wconf 84' lang='lat' dir='ltr'><strong>sententia,</strong></span> <span class='ocrx_word' id='word_1_138' title='bbox 512 4194 744 4265; x_wconf 86' lang='lat' dir='ltr'><strong>abjectis</strong></span> <span class='ocrx_word' id='word_1_139' title='bbox 780 4195 1059 4248; x_wconf 86' lang='lat' dir='ltr'><strong>hominum</strong></span> <span class='ocrx_word' id='word_1_140' title='bbox 1096 4193 1362 4255; x_wconf 85' lang='lat' dir='ltr'><strong>moribus,</strong></span> <span class='ocrx_word' id='word_1_141' title='bbox 1390 4193 1443 4245; x_wconf 93' lang='lat' dir='ltr'><strong>in</strong></span> <span class='ocrx_word' id='word_1_142' title='bbox 1478 4191 1761 4247; x_wconf 90' lang='lat' dir='ltr'><strong>brutorum</strong></span> 
     </span>
    </p>
   </div>
   <div class='ocr_carea' id='block_1_31' title="bbox 187 4282 1761 4356">
    <p class='ocr_par' dir='ltr' id='par_1_31' title="bbox 187 4282 1761 4356">
     <span class='ocr_line' id='line_1_31' title="bbox 187 4282 1761 4356; baseline -0.002 -17"><span class='ocrx_word' id='word_1_143' title='bbox 187 4288 354 4340; x_wconf 83' lang='lat' dir='ltr'><strong>vitam</strong></span> <span class='ocrx_word' id='word_1_144' title='bbox 394 4296 507 4340; x_wconf 88' lang='lat' dir='ltr'><strong>toto</strong></span> <span class='ocrx_word' id='word_1_145' title='bbox 543 4285 783 4356; x_wconf 81' lang='lat' dir='ltr'><strong>pondere</strong></span> <span class='ocrx_word' id='word_1_146' title='bbox 832 4297 1015 4339; x_wconf 86' lang='lat' dir='ltr'><strong>ruunt.</strong></span> <span class='ocrx_word' id='word_1_147' title='bbox 1066 4285 1206 4339; x_wconf 89' lang='lat' dir='ltr'><strong>Sunt</strong></span> <span class='ocrx_word' id='word_1_148' title='bbox 1243 4293 1423 4337; x_wconf 88' lang='lat' dir='ltr'><strong>autem</strong></span> <span class='ocrx_word' id='word_1_149' title='bbox 1469 4282 1761 4337; x_wconf 88' lang='lat' dir='ltr'><strong>admodum</strong></span> 
     </span>
    </p>
   </div>
   <div class='ocr_carea' id='block_1_32' title="bbox 188 4374 1765 4452">
    <p class='ocr_par' dir='ltr' id='par_1_32' title="bbox 188 4374 1765 4452">
     <span class='ocr_line' id='line_1_32' title="bbox 188 4374 1765 4452; baseline -0.002 -22"><span class='ocrx_word' id='word_1_150' title='bbox 188 4377 346 4441; x_wconf 80' lang='lat' dir='ltr'><strong>pauci</strong></span> <span class='ocrx_word' id='word_1_151' title='bbox 377 4377 467 4443; x_wconf 90' lang='lat' dir='ltr'><strong>qui</strong></span> <span class='ocrx_word' id='word_1_152' title='bbox 508 4392 620 4430; x_wconf 71' lang='lat' dir='ltr'><strong>sane</strong></span> <span class='ocrx_word' id='word_1_153' title='bbox 664 4376 901 4429; x_wconf 78' lang='lat' dir='ltr'><strong>audeant.</strong></span> <span class='ocrx_word' id='word_1_154' title='bbox 933 4376 1220 4452; x_wconf 56' lang='lat' dir='ltr'><strong>pravitatis</strong></span> <span class='ocrx_word' id='word_1_155' title='bbox 1253 4374 1628 4431; x_wconf 80' lang='lat' dir='ltr'><strong>defensionem</strong></span> <span class='ocrx_word' id='word_1_156' title='bbox 1666 4390 1765 4428; x_wconf 89' lang='lat' dir='ltr'><strong>su-</strong></span> 
     </span>
    </p>
   </div>
   <div class='ocr_carea' id='block_1_33' title="bbox 126 4458 1760 4537">
    <p class='ocr_par' dir='ltr' id='par_1_33' title="bbox 126 4458 1760 4537">
     <span class='ocr_line' id='line_1_33' title="bbox 126 4458 1760 4537; baseline -0.002 -16"><span class='ocrx_word' id='word_1_157' title='bbox 126 4458 135 4503; x_wconf 62' lang='grc' dir='ltr'><em>έ</em></span> <span class='ocrx_word' id='word_1_158' title='bbox 190 4468 439 4537; x_wconf 85' lang='lat' dir='ltr'><strong>scipere;</strong></span> <span class='ocrx_word' id='word_1_159' title='bbox 488 4482 555 4521; x_wconf 88' lang='lat' dir='ltr'><strong>eo</strong></span> <span class='ocrx_word' id='word_1_160' title='bbox 605 4468 751 4537; x_wconf 86' lang='lat' dir='ltr'><strong>quod</strong></span> <span class='ocrx_word' id='word_1_161' title='bbox 792 4481 981 4522; x_wconf 83' lang='lat' dir='ltr'><strong>omnes</strong></span> <span class='ocrx_word' id='word_1_162' title='bbox 1033 4468 1281 4521; x_wconf 83' lang='lat' dir='ltr'><strong>homines</strong></span> <span class='ocrx_word' id='word_1_163' title='bbox 1322 4475 1435 4519; x_wconf 90' lang='lat' dir='ltr'><strong>tum</strong></span> <span class='ocrx_word' id='word_1_164' title='bbox 1481 4465 1608 4520; x_wconf 86' lang='lat' dir='ltr'><strong>boni</strong></span> <span class='ocrx_word' id='word_1_165' title='bbox 1648 4474 1760 4519; x_wconf 90' lang='lat' dir='ltr'><strong>tum</strong></span> 
     </span>
    </p>
   </div>
   <div class='ocr_carea' id='block_1_34' title="bbox 190 4558 1763 4630">
    <p class='ocr_par' dir='ltr' id='par_1_34' title="bbox 190 4558 1763 4630">
     <span class='ocr_line' id='line_1_34' title="bbox 190 4558 1763 4630; baseline 0.001 -18"><span class='ocrx_word' id='word_1_166' title='bbox 190 4561 444 4628; x_wconf 89' lang='lat' dir='ltr'><strong>improbi,</strong></span> <span class='ocrx_word' id='word_1_167' title='bbox 464 4560 715 4614; x_wconf 85' lang='lat' dir='ltr'><strong>rudiores</strong></span> <span class='ocrx_word' id='word_1_168' title='bbox 743 4561 901 4613; x_wconf 88' lang='lat' dir='ltr'><strong>simul</strong></span> <span class='ocrx_word' id='word_1_169' title='bbox 932 4568 1095 4630; x_wconf 85' lang='lat' dir='ltr'><strong>atque</strong></span> <span class='ocrx_word' id='word_1_170' title='bbox 1119 4559 1264 4613; x_wconf 82' lang='lat' dir='ltr'><strong>docti</strong></span> <span class='ocrx_word' id='word_1_171' title='bbox 1289 4558 1455 4613; x_wconf 85' lang='lat' dir='ltr'><strong>Deum</strong></span> <span class='ocrx_word' id='word_1_172' title='bbox 1490 4559 1763 4614; x_wconf 82' lang='lat' dir='ltr'><strong>exsistere</strong></span> 
     </span>
    </p>
   </div>
   <div class='ocr_carea' id='block_1_35' title="bbox 189 4651 1764 4720">
    <p class='ocr_par' dir='ltr' id='par_1_35' title="bbox 189 4651 1764 4720">
     <span class='ocr_line' id='line_1_35' title="bbox 189 4651 1764 4720; baseline 0.001 -17"><span class='ocrx_word' id='word_1_173' title='bbox 189 4651 417 4706; x_wconf 87' lang='lat' dir='ltr'><strong>omnino</strong></span> <span class='ocrx_word' id='word_1_174' title='bbox 448 4665 771 4720; x_wconf 83' lang='lat' dir='ltr'><strong>persuasum</strong></span> <span class='ocrx_word' id='word_1_175' title='bbox 804 4651 1089 4714; x_wconf 81' lang='lat' dir='ltr'><strong>habentes,</strong></span> <span class='ocrx_word' id='word_1_176' title='bbox 1127 4666 1251 4704; x_wconf 87' lang='lat' dir='ltr'><strong>eum</strong></span> <span class='ocrx_word' id='word_1_177' title='bbox 1287 4652 1387 4706; x_wconf 85' lang='lat' dir='ltr'><strong>sibi</strong></span> <span class='ocrx_word' id='word_1_178' title='bbox 1424 4652 1557 4720; x_wconf 88' lang='lat' dir='ltr'><strong>ipsis</strong></span> <span class='ocrx_word' id='word_1_179' title='bbox 1591 4651 1764 4705; x_wconf 85' lang='lat' dir='ltr'><strong>bono-</strong></span> 
     </span>
    </p>
   </div>
   <div class='ocr_carea' id='block_1_36' title="bbox 188 4740 1763 4810">
    <p class='ocr_par' dir='ltr' id='par_1_36' title="bbox 188 4740 1763 4810">
     <span class='ocr_line' id='line_1_36' title="bbox 188 4740 1763 4810; baseline -0.001 -16"><span class='ocrx_word' id='word_1_180' title='bbox 188 4756 309 4794; x_wconf 85' lang='lat' dir='ltr'><strong>rum</strong></span> <span class='ocrx_word' id='word_1_181' title='bbox 337 4756 459 4794; x_wconf 83' lang='lat' dir='ltr'><strong>esse</strong></span> <span class='ocrx_word' id='word_1_182' title='bbox 487 4755 705 4795; x_wconf 82' lang='lat' dir='ltr'><strong>causam</strong></span> <span class='ocrx_word' id='word_1_183' title='bbox 731 4740 972 4795; x_wconf 88' lang='lat' dir='ltr'><strong>sentiunt</strong></span> <span class='ocrx_word' id='word_1_184' title='bbox 1004 4756 1067 4795; x_wconf 89' lang='lat' dir='ltr'><strong>ac</strong></span> <span class='ocrx_word' id='word_1_185' title='bbox 1096 4750 1296 4807; x_wconf 86' lang='lat' dir='ltr'><strong>tenent,</strong></span> <span class='ocrx_word' id='word_1_186' title='bbox 1317 4741 1600 4810; x_wconf 83' lang='lat' dir='ltr'><strong>pravitatis</strong></span> <span class='ocrx_word' id='word_1_187' title='bbox 1633 4754 1763 4795; x_wconf 83' lang='lat' dir='ltr'><strong>vero</strong></span> 
     </span>
    </p>
   </div>
   <div class='ocr_carea' id='block_1_37' title="bbox 1866 3544 3444 3627">
    <p class='ocr_par' dir='ltr' id='par_1_37' title="bbox 1866 3544 3444 3627">
     <span class='ocr_line' id='line_1_37' title="bbox 1866 3544 3444 3627; baseline 0.006 -26"><span class='ocrx_word' id='word_1_188' title='bbox 1866 3564 1984 3619; x_wconf 82' lang='grc' dir='ltr'>νης,</span> <span class='ocrx_word' id='word_1_189' title='bbox 2088 3566 2256 3619; x_wconf 78' lang='grc' dir='ltr'>φησιν</span> <span class='ocrx_word' id='word_1_190' title='bbox 2282 3552 2310 3604; x_wconf 88' lang='grc' dir='ltr'>ὁ</span> <span class='ocrx_word' id='word_1_191' title='bbox 2346 3551 2490 3614; x_wconf 86' lang='grc' dir='ltr'>θεῖος</span> <span class='ocrx_word' id='word_1_192' title='bbox 2520 3552 2713 3627; x_wconf 56' lang='grc' dir='ltr'><strong>Δαὸὶδ,</strong></span> <span class='ocrx_word' id='word_1_193' title='bbox 2754 3549 2942 3606; x_wconf 75' lang='grc' dir='ltr'>Εἶπεν</span> <span class='ocrx_word' id='word_1_194' title='bbox 2968 3554 3174 3621; x_wconf 74' lang='grc' dir='ltr'>ἇςρρων</span> <span class='ocrx_word' id='word_1_195' title='bbox 3206 3557 3276 3608; x_wconf 76' lang='grc' dir='ltr'>ἐν</span> <span class='ocrx_word' id='word_1_196' title='bbox 3304 3574 3444 3623; x_wconf 67' lang='lat' dir='ltr'><strong>acap-</strong></span> 
     </span>
    </p>
   </div>
   <div class='ocr_carea' id='block_1_38' title="bbox 1864 3639 3444 3715">
    <p class='ocr_par' dir='ltr' id='par_1_38' title="bbox 1864 3639 3444 3715">
     <span class='ocr_line' id='line_1_38' title="bbox 1864 3639 3444 3715; baseline 0.005 -23"><span class='ocrx_word' id='word_1_197' title='bbox 1864 3639 1961 3707; x_wconf 72' lang='grc' dir='ltr'><strong>δίᾳ</strong></span> <span class='ocrx_word' id='word_1_198' title='bbox 1992 3641 2202 3707; x_wconf 84' lang='grc' dir='ltr'>αὐτοῦ,</span> <span class='ocrx_word' id='word_1_199' title='bbox 2239 3643 2361 3696; x_wconf 81' lang='grc' dir='ltr'><strong>Οὐκ</strong></span> <span class='ocrx_word' id='word_1_200' title='bbox 2391 3642 2524 3696; x_wconf 75' lang='grc' dir='ltr'>ἐστι</span> <span class='ocrx_word' id='word_1_201' title='bbox 2558 3644 2703 3707; x_wconf 83' lang='grc' dir='ltr'><strong>Θεός</strong></span> <span class='ocrx_word' id='word_1_202' title='bbox 2726 3659 2739 3673; x_wconf 89' lang='grc'><strong>·</strong></span> <span class='ocrx_word' id='word_1_203' title='bbox 2778 3644 2827 3696; x_wconf 78' lang='grc' dir='ltr'>εί</span> <span class='ocrx_word' id='word_1_204' title='bbox 2873 3643 2929 3696; x_wconf 89' lang='grc' dir='ltr'><strong>δὲ</strong></span> <span class='ocrx_word' id='word_1_205' title='bbox 2979 3647 3071 3697; x_wconf 80' lang='grc' dir='ltr'><strong>καὶ</strong></span> <span class='ocrx_word' id='word_1_206' title='bbox 3102 3648 3335 3715; x_wconf 83' lang='grc' dir='ltr'>πονηρία</span> <span class='ocrx_word' id='word_1_207' title='bbox 3384 3650 3444 3701; x_wconf 83' lang='grc' dir='ltr'>ἐν</span> 
     </span>
    </p>
   </div>
   <div class='ocr_carea' id='block_1_39' title="bbox 1864 3734 3444 3805">
    <p class='ocr_par' dir='ltr' id='par_1_39' title="bbox 1864 3734 3444 3805">
     <span class='ocr_line' id='line_1_39' title="bbox 1864 3734 3444 3805; baseline 0.003 -18"><span class='ocrx_word' id='word_1_208' title='bbox 1864 3734 2172 3804; x_wconf 80' lang='grc' dir='ltr'>ἀνθρώποις</span> <span class='ocrx_word' id='word_1_209' title='bbox 2218 3734 2533 3805; x_wconf 78' lang='grc' dir='ltr'><strong>ἀφροσύνης</strong></span> <span class='ocrx_word' id='word_1_210' title='bbox 2567 3734 2729 3803; x_wconf 78' lang='grc' dir='ltr'>ἔργον</span> <span class='ocrx_word' id='word_1_211' title='bbox 2777 3734 2894 3787; x_wconf 73' lang='grc' dir='ltr'>ἐστι</span> <span class='ocrx_word' id='word_1_212' title='bbox 2920 3750 2934 3766; x_wconf 78' lang='grc' dir='ltr'><strong>ο</strong></span> <span class='ocrx_word' id='word_1_213' title='bbox 2982 3735 3063 3789; x_wconf 78' lang='grc' dir='ltr'><strong>διὸ</strong></span> <span class='ocrx_word' id='word_1_214' title='bbox 3106 3736 3199 3789; x_wconf 77' lang='grc' dir='ltr'>καὶ</span> <span class='ocrx_word' id='word_1_215' title='bbox 3244 3735 3444 3791; x_wconf 73' lang='grc' dir='ltr'>ταυτὸν</span> 
     </span>
    </p>
   </div>
   <div class='ocr_carea' id='block_1_40' title="bbox 1865 3818 3440 3899">
    <p class='ocr_par' dir='ltr' id='par_1_40' title="bbox 1865 3818 3440 3899">
     <span class='ocr_line' id='line_1_40' title="bbox 1865 3818 3440 3899; baseline 0.004 -22"><span class='ocrx_word' id='word_1_216' title='bbox 1865 3825 1980 3878; x_wconf 76' lang='grc' dir='ltr'>ἐστί</span> <span class='ocrx_word' id='word_1_217' title='bbox 2012 3842 2129 3888; x_wconf 87' lang='grc' dir='ltr'>πως</span> <span class='ocrx_word' id='word_1_218' title='bbox 2161 3826 2368 3894; x_wconf 80' lang='grc' dir='ltr'>ἀγαθὸν</span> <span class='ocrx_word' id='word_1_219' title='bbox 2398 3823 2549 3880; x_wconf 78' lang='grc' dir='ltr'>εἶναι</span> <span class='ocrx_word' id='word_1_220' title='bbox 2588 3827 2682 3881; x_wconf 80' lang='grc' dir='ltr'>καὶ</span> <span class='ocrx_word' id='word_1_221' title='bbox 2716 3827 2987 3897; x_wconf 76' lang='grc' dir='ltr'>ἔμφρονα,</span> <span class='ocrx_word' id='word_1_222' title='bbox 3035 3818 3130 3881; x_wconf 61' lang='grc' dir='ltr'><strong>καὶ</strong></span> <span class='ocrx_word' id='word_1_223' title='bbox 3174 3830 3440 3899; x_wconf 76' lang='grc' dir='ltr'><strong>πονηρίας</strong></span> 
     </span>
    </p>
   </div>
   <div class='ocr_carea' id='block_1_41' title="bbox 1864 3916 3441 3993">
    <p class='ocr_par' dir='ltr' id='par_1_41' title="bbox 1864 3916 3441 3993">
     <span class='ocr_line' id='line_1_41' title="bbox 1864 3916 3441 3993; baseline 0.003 -24"><span class='ocrx_word' id='word_1_224' title='bbox 1864 3916 1982 3969; x_wconf 76' lang='grc' dir='ltr'>ἐστὶ</span> <span class='ocrx_word' id='word_1_225' title='bbox 2026 3919 2127 3984; x_wconf 81' lang='grc' dir='ltr'>τῆς</span> <span class='ocrx_word' id='word_1_226' title='bbox 2180 3918 2417 3987; x_wconf 72' lang='grc' dir='ltr'>ἐσχάτης</span> <span class='ocrx_word' id='word_1_227' title='bbox 2447 3917 2506 3971; x_wconf 84' lang='grc' dir='ltr'>τὸ</span> <span class='ocrx_word' id='word_1_228' title='bbox 2538 3916 2712 3980; x_wconf 72' lang='grc' dir='ltr'>οὕτως</span> <span class='ocrx_word' id='word_1_229' title='bbox 2758 3918 2989 3973; x_wconf 73' lang='grc' dir='ltr'><strong>οἴεσθαι.</strong></span> <span class='ocrx_word' id='word_1_230' title='bbox 3040 3920 3301 3991; x_wconf 75' lang='grc' dir='ltr'>Αίσθήσει</span> <span class='ocrx_word' id='word_1_231' title='bbox 3332 3924 3441 3993; x_wconf 82' lang='grc' dir='ltr'><strong>γάρ</strong></span> 
     </span>
    </p>
   </div>
   <div class='ocr_carea' id='block_1_42' title="bbox 1864 4009 3443 4083">
    <p class='ocr_par' dir='ltr' id='par_1_42' title="bbox 1864 4009 3443 4083">
     <span class='ocr_line' id='line_1_42' title="bbox 1864 4009 3443 4083; baseline 0.004 -24"><span class='ocrx_word' id='word_1_232' title='bbox 1864 4023 2012 4070; x_wconf 84' lang='grc' dir='ltr'>τινες</span> <span class='ocrx_word' id='word_1_233' title='bbox 2040 4009 2133 4061; x_wconf 74' lang='grc' dir='ltr'><strong>καὶ</strong></span> <span class='ocrx_word' id='word_1_234' title='bbox 2162 4010 2229 4078; x_wconf 80' lang='grc' dir='ltr'>τῇ</span> <span class='ocrx_word' id='word_1_235' title='bbox 2278 4009 2400 4063; x_wconf 86' lang='grc' dir='ltr'>κατ’</span> <span class='ocrx_word' id='word_1_236' title='bbox 2419 4009 2595 4077; x_wconf 80' lang='grc' dir='ltr'>αὐτὴν</span> <span class='ocrx_word' id='word_1_237' title='bbox 2640 4010 2800 4081; x_wconf 73' lang='grc' dir='ltr'><strong>ἠδονῇ</strong></span> <span class='ocrx_word' id='word_1_238' title='bbox 2851 4010 3109 4076; x_wconf 80' lang='grc' dir='ltr'><strong>καθάπαξ</strong></span> <span class='ocrx_word' id='word_1_239' title='bbox 3136 4013 3443 4083; x_wconf 52' lang='lat' dir='ltr'><strong>{apoculo}-</strong></span> 
     </span>
    </p>
   </div>
   <div class='ocr_carea' id='block_1_43' title="bbox 1870 4100 3442 4172">
    <p class='ocr_par' dir='ltr' id='par_1_43' title="bbox 1870 4100 3442 4172">
     <span class='ocr_line' id='line_1_43' title="bbox 1870 4100 3442 4172; baseline 0.003 -20"><span class='ocrx_word' id='word_1_240' title='bbox 1870 4100 2019 4169; x_wconf 80' lang='grc' dir='ltr'>μένοι</span> <span class='ocrx_word' id='word_1_241' title='bbox 2042 4100 2142 4169; x_wconf 83' lang='grc' dir='ltr'><strong>τὴν</strong></span> <span class='ocrx_word' id='word_1_242' title='bbox 2169 4101 2415 4170; x_wconf 83' lang='grc' dir='ltr'>πονηρὰν</span> <span class='ocrx_word' id='word_1_243' title='bbox 2445 4101 2648 4172; x_wconf 83' lang='grc' dir='ltr'>ταύτην</span> <span class='ocrx_word' id='word_1_244' title='bbox 2682 4103 2739 4154; x_wconf 81' lang='grc' dir='ltr'>ἐν</span> <span class='ocrx_word' id='word_1_245' title='bbox 2782 4102 2966 4169; x_wconf 86' lang='grc' dir='ltr'>σφίσιν</span> <span class='ocrx_word' id='word_1_246' title='bbox 2996 4104 3181 4167; x_wconf 76' lang='grc' dir='ltr'>αὐτοῖς</span> <span class='ocrx_word' id='word_1_247' title='bbox 3218 4103 3442 4169; x_wconf 72' lang='grc' dir='ltr'>ῴδὶνου-</span> 
     </span>
    </p>
   </div>
   <div class='ocr_carea' id='block_1_44' title="bbox 1867 4192 3441 4261">
    <p class='ocr_par' dir='ltr' id='par_1_44' title="bbox 1867 4192 3441 4261">
     <span class='ocr_line' id='line_1_44' title="bbox 1867 4192 3441 4261; baseline 0.003 -16"><span class='ocrx_word' id='word_1_248' title='bbox 1867 4209 1952 4245; x_wconf 92' lang='grc' dir='ltr'>σιν</span> <span class='ocrx_word' id='word_1_249' title='bbox 1981 4192 2293 4261; x_wconf 82' lang='grc' dir='ltr'><strong>ἀφροσύνην</strong></span> <span class='ocrx_word' id='word_1_250' title='bbox 2325 4192 2424 4246; x_wconf 84' lang='grc' dir='ltr'><strong>καὶ</strong></span> <span class='ocrx_word' id='word_1_251' title='bbox 2456 4193 2518 4245; x_wconf 84' lang='grc' dir='ltr'>ἐκ</span> <span class='ocrx_word' id='word_1_252' title='bbox 2563 4192 2658 4245; x_wconf 78' lang='grc' dir='ltr'>τοῦ</span> <span class='ocrx_word' id='word_1_253' title='bbox 2688 4194 2915 4247; x_wconf 82' lang='grc' dir='ltr'>τοιαῦτα</span> <span class='ocrx_word' id='word_1_254' title='bbox 2941 4194 3188 4259; x_wconf 80' lang='grc' dir='ltr'><strong>δοξάζειν</strong></span> <span class='ocrx_word' id='word_1_255' title='bbox 3222 4192 3289 4250; x_wconf 80' lang='grc' dir='ltr'>αὖ</span> <span class='ocrx_word' id='word_1_256' title='bbox 3320 4197 3441 4250; x_wconf 81' lang='grc' dir='ltr'>ἀντὶ</span> 
     </span>
    </p>
   </div>
   <div class='ocr_carea' id='block_1_45' title="bbox 1863 4279 3441 4356">
    <p class='ocr_par' dir='ltr' id='par_1_45' title="bbox 1863 4279 3441 4356">
     <span class='ocr_line' id='line_1_45' title="bbox 1863 4279 3441 4356; baseline 0.004 -23"><span class='ocrx_word' id='word_1_257' title='bbox 1863 4280 1957 4333; x_wconf 79' lang='grc' dir='ltr'><strong>τοῦ</strong></span> <span class='ocrx_word' id='word_1_258' title='bbox 1990 4280 2112 4333; x_wconf 85' lang='grc' dir='ltr'>κατ’</span> <span class='ocrx_word' id='word_1_259' title='bbox 2137 4279 2459 4350; x_wconf 81' lang='grc' dir='ltr'><strong>ἀνθρώπους</strong></span> <span class='ocrx_word' id='word_1_260' title='bbox 2483 4280 2584 4351; x_wconf 74' lang='grc' dir='ltr'><strong>ζῇν</strong></span> <span class='ocrx_word' id='word_1_261' title='bbox 2619 4282 2847 4350; x_wconf 73' lang='grc' dir='ltr'>ἐθέλειν,</span> <span class='ocrx_word' id='word_1_262' title='bbox 2881 4284 3023 4353; x_wconf 72' lang='grc' dir='ltr'>πρὸς</span> <span class='ocrx_word' id='word_1_263' title='bbox 3048 4285 3139 4337; x_wconf 61' lang='grc' dir='ltr'><strong>τὸν</strong></span> <span class='ocrx_word' id='word_1_264' title='bbox 3166 4285 3441 4356; x_wconf 85' lang='grc' dir='ltr'>βοσκημα-</span> 
     </span>
    </p>
   </div>
   <div class='ocr_carea' id='block_1_46' title="bbox 1862 4370 3439 4446">
    <p class='ocr_par' dir='ltr' id='par_1_46' title="bbox 1862 4370 3439 4446">
     <span class='ocr_line' id='line_1_46' title="bbox 1862 4370 3439 4446; baseline 0.004 -24"><span class='ocrx_word' id='word_1_265' title='bbox 1862 4370 2005 4441; x_wconf 86' lang='grc' dir='ltr'>τώδη</span> <span class='ocrx_word' id='word_1_266' title='bbox 2039 4371 2153 4441; x_wconf 83' lang='grc' dir='ltr'>βίον</span> <span class='ocrx_word' id='word_1_267' title='bbox 2190 4372 2289 4443; x_wconf 83' lang='grc' dir='ltr'><strong>ὅλῃ</strong></span> <span class='ocrx_word' id='word_1_268' title='bbox 2322 4373 2463 4442; x_wconf 75' lang='grc' dir='ltr'>ῥοπῇ</span> <span class='ocrx_word' id='word_1_269' title='bbox 2516 4373 2813 4442; x_wconf 80' lang='grc' dir='ltr'>φέρονται’</span> <span class='ocrx_word' id='word_1_270' title='bbox 2871 4375 3042 4442; x_wconf 79' lang='grc' dir='ltr'>ὀλίγοι</span> <span class='ocrx_word' id='word_1_271' title='bbox 3082 4376 3139 4429; x_wconf 76' lang='grc' dir='ltr'><strong>δὲ</strong></span> <span class='ocrx_word' id='word_1_272' title='bbox 3169 4380 3310 4430; x_wconf 81' lang='grc' dir='ltr'>πάνυ</span> <span class='ocrx_word' id='word_1_273' title='bbox 3338 4376 3439 4446; x_wconf 81' lang='grc' dir='ltr'><strong>τὴν</strong></span> 
     </span>
    </p>
   </div>
   <div class='ocr_carea' id='block_1_47' title="bbox 1863 4462 3441 4537">
    <p class='ocr_par' dir='ltr' id='par_1_47' title="bbox 1863 4462 3441 4537">
     <span class='ocr_line' id='line_1_47' title="bbox 1863 4462 3441 4537; baseline 0.003 -22"><span class='ocrx_word' id='word_1_274' title='bbox 1863 4462 1961 4532; x_wconf 79' lang='grc' dir='ltr'>τῆς</span> <span class='ocrx_word' id='word_1_275' title='bbox 1994 4463 2262 4533; x_wconf 78' lang='grc' dir='ltr'><strong>πονηρίας</strong></span> <span class='ocrx_word' id='word_1_276' title='bbox 2294 4464 2595 4530; x_wconf 81' lang='grc' dir='ltr'>ἀπολογίαν</span> <span class='ocrx_word' id='word_1_277' title='bbox 2618 4465 2841 4537; x_wconf 75' lang='grc' dir='ltr'>θαρρεῖν</span> <span class='ocrx_word' id='word_1_278' title='bbox 2865 4465 3072 4536; x_wconf 76' lang='grc' dir='ltr'><strong>ἔχουσι,</strong></span> <span class='ocrx_word' id='word_1_279' title='bbox 3099 4467 3189 4520; x_wconf 77' lang='grc' dir='ltr'>διὰ</span> <span class='ocrx_word' id='word_1_280' title='bbox 3214 4467 3273 4519; x_wconf 80' lang='grc' dir='ltr'><strong>τὸ</strong></span> <span class='ocrx_word' id='word_1_281' title='bbox 3306 4467 3441 4520; x_wconf 68' lang='grc' dir='ltr'>πάν-</span> 
     </span>
    </p>
   </div>
   <div class='ocr_carea' id='block_1_48' title="bbox 1862 4555 3439 4629">
    <p class='ocr_par' dir='ltr' id='par_1_48' title="bbox 1862 4555 3439 4629">
     <span class='ocr_line' id='line_1_48' title="bbox 1862 4555 3439 4629; baseline 0.003 -21"><span class='ocrx_word' id='word_1_282' title='bbox 1862 4573 1959 4618; x_wconf 80' lang='grc' dir='ltr'><strong>τας</strong></span> <span class='ocrx_word' id='word_1_283' title='bbox 2007 4556 2329 4626; x_wconf 70' lang='grc' dir='ltr'>ἀνθρώπους</span> <span class='ocrx_word' id='word_1_284' title='bbox 2377 4555 2617 4625; x_wconf 83' lang='grc' dir='ltr'>ἀγαθούς</span> <span class='ocrx_word' id='word_1_285' title='bbox 2669 4575 2728 4610; x_wconf 86' lang='grc' dir='ltr'>τε</span> <span class='ocrx_word' id='word_1_286' title='bbox 2778 4559 2980 4627; x_wconf 85' lang='grc' dir='ltr'>ὁμοίως</span> <span class='ocrx_word' id='word_1_287' title='bbox 3027 4561 3121 4612; x_wconf 79' lang='grc' dir='ltr'>καὶ</span> <span class='ocrx_word' id='word_1_288' title='bbox 3180 4560 3439 4629; x_wconf 76' lang='grc' dir='ltr'><strong>φαύλους,</strong></span> 
     </span>
    </p>
   </div>
   <div class='ocr_carea' id='block_1_49' title="bbox 1868 4642 3440 4718">
    <p class='ocr_par' dir='ltr' id='par_1_49' title="bbox 1868 4642 3440 4718">
     <span class='ocr_line' id='line_1_49' title="bbox 1868 4642 3440 4718; baseline 0.003 -20"><span class='ocrx_word' id='word_1_289' title='bbox 1868 4644 2081 4709; x_wconf 67' lang='grc' dir='ltr'>ἰδιώτας</span> <span class='ocrx_word' id='word_1_290' title='bbox 2125 4664 2184 4699; x_wconf 84' lang='grc' dir='ltr'>τε</span> <span class='ocrx_word' id='word_1_291' title='bbox 2220 4647 2315 4699; x_wconf 79' lang='grc' dir='ltr'><strong>καὶ</strong></span> <span class='ocrx_word' id='word_1_292' title='bbox 2351 4647 2583 4715; x_wconf 73' lang='grc' dir='ltr'>σοφοὺς,</span> <span class='ocrx_word' id='word_1_293' title='bbox 2638 4647 2785 4699; x_wconf 60' lang='grc' dir='ltr'>Θεὸν»</span> <span class='ocrx_word' id='word_1_294' title='bbox 2820 4642 2960 4701; x_wconf 69' lang='grc' dir='ltr'>εἶναι</span> <span class='ocrx_word' id='word_1_295' title='bbox 3013 4649 3243 4718; x_wconf 74' lang='grc' dir='ltr'>βεϐαίως</span> <span class='ocrx_word' id='word_1_296' title='bbox 3298 4650 3440 4702; x_wconf 76' lang='grc' dir='ltr'>πάνυ</span> 
     </span>
    </p>
   </div>
   <div class='ocr_carea' id='block_1_50' title="bbox 1867 4734 3441 4805">
    <p class='ocr_par' dir='ltr' id='par_1_50' title="bbox 1867 4734 3441 4805">
     <span class='ocr_line' id='line_1_50' title="bbox 1867 4734 3441 4805; baseline 0.002 -19"><span class='ocrx_word' id='word_1_297' title='bbox 1867 4734 2221 4804; x_wconf 71' lang='grc' dir='ltr'>φρονοῦντας,</span> <span class='ocrx_word' id='word_1_298' title='bbox 2256 4736 2363 4789; x_wconf 84' lang='grc' dir='ltr'><strong>τῶν</strong></span> <span class='ocrx_word' id='word_1_299' title='bbox 2397 4737 2496 4805; x_wconf 80' lang='grc' dir='ltr'><strong>μὲν</strong></span> <span class='ocrx_word' id='word_1_300' title='bbox 2532 4735 2755 4803; x_wconf 78' lang='grc' dir='ltr'>ἀγαθῶν</span> <span class='ocrx_word' id='word_1_301' title='bbox 2787 4738 2969 4805; x_wconf 89' lang='grc' dir='ltr'>σφίσιν</span> <span class='ocrx_word' id='word_1_302' title='bbox 3005 4740 3187 4801; x_wconf 86' lang='grc' dir='ltr'>αὐτοῖς</span> <span class='ocrx_word' id='word_1_303' title='bbox 3230 4741 3441 4791; x_wconf 71' lang='grc' dir='ltr'>ἐκεῖνον</span> 
     </span>
    </p>
   </div>
   <div class='ocr_carea' id='block_1_51' title="bbox 186 4821 1763 4903">
    <p class='ocr_par' dir='ltr' id='par_1_51' title="bbox 186 4833 1759 4903">
     <span class='ocr_line' id='line_1_51' title="bbox 186 4833 1759 4903; baseline -0.001 -15"><span class='ocrx_word' id='word_1_304' title='bbox 186 4850 301 4889; x_wconf 78' lang='lat' dir='ltr'><strong>sua:</strong></span> <span class='ocrx_word' id='word_1_305' title='bbox 330 4834 818 4903; x_wconf 87' lang='lat' dir='ltr'><strong>calamitatumque</strong></span> <span class='ocrx_word' id='word_1_306' title='bbox 847 4834 971 4889; x_wconf 86' lang='lat' dir='ltr'><strong>inde</strong></span> <span class='ocrx_word' id='word_1_307' title='bbox 1025 4834 1433 4888; x_wconf 86' lang='lat' dir='ltr'><strong>decurrentium</strong></span> <span class='ocrx_word' id='word_1_308' title='bbox 1465 4848 1586 4889; x_wconf 88' lang='lat' dir='ltr'><strong>sese</strong></span> <span class='ocrx_word' id='word_1_309' title='bbox 1627 4833 1759 4889; x_wconf 87' lang='lat' dir='ltr'><strong>sibi-</strong></span> 
     </span>
    </p>
   </div>
   <div class='ocr_carea' id='block_1_52' title="bbox 1865 4821 3439 4903">
    <p class='ocr_par' dir='ltr' id='par_1_52' title="bbox 1866 4827 3439 4899">
     <span class='ocr_line' id='line_1_52' title="bbox 1866 4827 3439 4899; baseline 0.002 -19"><span class='ocrx_word' id='word_1_310' title='bbox 1866 4828 2037 4880; x_wconf 82' lang='grc' dir='ltr'>αίτιον</span> <span class='ocrx_word' id='word_1_311' title='bbox 2066 4827 2319 4897; x_wconf 79' lang='grc' dir='ltr'>ἡγεῖσθαι</span> <span class='ocrx_word' id='word_1_312' title='bbox 2378 4830 2474 4880; x_wconf 72' lang='grc' dir='ltr'>καὶ</span> <span class='ocrx_word' id='word_1_313' title='bbox 2522 4828 2689 4898; x_wconf 76' lang='grc' dir='ltr'><strong>ἔχειν,</strong></span> <span class='ocrx_word' id='word_1_314' title='bbox 2737 4829 2839 4898; x_wconf 80' lang='grc' dir='ltr'>τῆς</span> <span class='ocrx_word' id='word_1_315' title='bbox 2894 4830 2949 4882; x_wconf 81' lang='grc' dir='ltr'><strong>δὲ</strong></span> <span class='ocrx_word' id='word_1_316' title='bbox 2999 4831 3265 4899; x_wconf 77' lang='grc' dir='ltr'>πονηρίας</span> <span class='ocrx_word' id='word_1_317' title='bbox 3298 4832 3439 4898; x_wconf 75' lang='grc' dir='ltr'>σφᾶς</span> 
     </span>
    </p>
   </div>
   <div class='ocr_carea' id='block_1_53' title="bbox 186 4926 1765 4997">
    <p class='ocr_par' dir='ltr' id='par_1_53' title="bbox 186 4926 1765 4997">
     <span class='ocr_line' id='line_1_53' title="bbox 186 4926 1765 4997; baseline -0.001 -14"><span class='ocrx_word' id='word_1_318' title='bbox 186 4935 299 4984; x_wconf 88' lang='lat' dir='ltr'><strong>met</strong></span> <span class='ocrx_word' id='word_1_319' title='bbox 328 4936 618 4993; x_wconf 80' lang='lat' dir='ltr'><strong>auctores;</strong></span> <span class='ocrx_word' id='word_1_320' title='bbox 652 4927 763 4981; x_wconf 84' lang='lat' dir='ltr'><strong>sive</strong></span> <span class='ocrx_word' id='word_1_321' title='bbox 790 4926 899 4997; x_wconf 84' lang='lat' dir='ltr'><strong>jam</strong></span> <span class='ocrx_word' id='word_1_322' title='bbox 935 4928 1048 4997; x_wconf 88' lang='lat' dir='ltr'><strong>ipsa</strong></span> <span class='ocrx_word' id='word_1_323' title='bbox 1094 4927 1195 4981; x_wconf 91' lang='lat' dir='ltr'><strong>bac</strong></span> <span class='ocrx_word' id='word_1_324' title='bbox 1220 4926 1287 4981; x_wconf 90' lang='lat' dir='ltr'><strong>de</strong></span> <span class='ocrx_word' id='word_1_325' title='bbox 1316 4940 1480 4981; x_wconf 88' lang='lat' dir='ltr'><strong>causa</strong></span> <span class='ocrx_word' id='word_1_326' title='bbox 1521 4926 1587 4979; x_wconf 88' lang='lat' dir='ltr'><strong>ad</strong></span> <span class='ocrx_word' id='word_1_327' title='bbox 1640 4942 1765 4995; x_wconf 90' lang='lat' dir='ltr'><strong>pro-</strong></span> 
     </span>
    </p>
   </div>
   <div class='ocr_carea' id='block_1_54' title="bbox 1865 4914 3441 4989">
    <p class='ocr_par' dir='ltr' id='par_1_54' title="bbox 1865 4914 3441 4989">
     <span class='ocr_line' id='line_1_54' title="bbox 1865 4914 3441 4989; baseline 0.001 -17"><span class='ocrx_word' id='word_1_328' title='bbox 1865 4918 2061 4981; x_wconf 82' lang='grc' dir='ltr'>αὐτοὺς</span> <span class='ocrx_word' id='word_1_329' title='bbox 2111 4914 2248 4972; x_wconf 78' lang='grc' dir='ltr'>εἶναι</span> <span class='ocrx_word' id='word_1_330' title='bbox 2303 4918 2545 4987; x_wconf 76' lang='grc' dir='ltr'><strong>νομίζειν</strong></span> <span class='ocrx_word' id='word_1_331' title='bbox 2601 4918 2807 4982; x_wconf 79' lang='grc' dir='ltr'><strong>αἰτίους</strong></span> <span class='ocrx_word' id='word_1_332' title='bbox 2864 4920 2960 4973; x_wconf 71' lang='grc' dir='ltr'>καὶ</span> <span class='ocrx_word' id='word_1_333' title='bbox 3005 4920 3114 4973; x_wconf 84' lang='grc' dir='ltr'><strong>τῶν</strong></span> <span class='ocrx_word' id='word_1_334' title='bbox 3154 4920 3441 4989; x_wconf 75' lang='grc' dir='ltr'><strong>ἑπομένων</strong></span> 
     </span>
    </p>
   </div>
   <div class='ocr_carea' id='block_1_55' title="bbox 188 5009 1763 5089">
    <p class='ocr_par' dir='ltr' id='par_1_55' title="bbox 188 5019 1763 5089">
     <span class='ocr_line' id='line_1_55' title="bbox 188 5019 1763 5089; baseline 0 -14"><span class='ocrx_word' id='word_1_335' title='bbox 188 5022 454 5077; x_wconf 86' lang='lat' dir='ltr'><strong>batiorem</strong></span> <span class='ocrx_word' id='word_1_336' title='bbox 516 5029 752 5076; x_wconf 83' lang='lat' dir='ltr'><strong>mentem</strong></span> <span class='ocrx_word' id='word_1_337' title='bbox 800 5020 909 5075; x_wconf 87' lang='lat' dir='ltr'><strong>sint</strong></span> <span class='ocrx_word' id='word_1_338' title='bbox 965 5019 1256 5089; x_wconf 88' lang='lat' dir='ltr'><strong>aliquando</strong></span> <span class='ocrx_word' id='word_1_339' title='bbox 1303 5020 1601 5083; x_wconf 83' lang='lat' dir='ltr'><strong>reversuri,</strong></span> <span class='ocrx_word' id='word_1_340' title='bbox 1653 5019 1763 5075; x_wconf 82' lang='lat' dir='ltr'><strong>sive</strong></span> 
     </span>
    </p>
   </div>
   <div class='ocr_carea' id='block_1_56' title="bbox 1865 5009 3440 5089">
    <p class='ocr_par' dir='ltr' id='par_1_56' title="bbox 1865 5009 3440 5085">
     <span class='ocr_line' id='line_1_56' title="bbox 1865 5009 3440 5085; baseline -0.001 -21"><span class='ocrx_word' id='word_1_341' title='bbox 1865 5011 2037 5085; x_wconf 81' lang='grc' dir='ltr'>ταύτῃ</span> <span class='ocrx_word' id='word_1_342' title='bbox 2074 5010 2287 5075; x_wconf 81' lang='grc' dir='ltr'><strong>δεινῶν,</strong></span> <span class='ocrx_word' id='word_1_343' title='bbox 2329 5012 2440 5063; x_wconf 78' lang='grc' dir='ltr'>εἴτε</span> <span class='ocrx_word' id='word_1_344' title='bbox 2470 5011 2563 5063; x_wconf 75' lang='grc' dir='ltr'><strong>καὶ</strong></span> <span class='ocrx_word' id='word_1_345' title='bbox 2591 5010 3025 5080; x_wconf 66' lang='grc' dir='ltr'>ἐπιστρέφοντας</span> <span class='ocrx_word' id='word_1_346' title='bbox 3047 5028 3176 5064; x_wconf 79' lang='grc' dir='ltr'>ποτε</span> <span class='ocrx_word' id='word_1_347' title='bbox 3210 5011 3279 5063; x_wconf 84' lang='grc' dir='ltr'><strong>δι’</strong></span> <span class='ocrx_word' id='word_1_348' title='bbox 3308 5009 3440 5063; x_wconf 76' lang='grc' dir='ltr'>αὐτὸ</span> 
     </span>
    </p>
   </div>
   <div class='ocr_carea' id='block_1_57' title="bbox 190 5110 1767 5184">
    <p class='ocr_par' dir='ltr' id='par_1_57' title="bbox 190 5110 1767 5184">
     <span class='ocr_line' id='line_1_57' title="bbox 190 5110 1767 5184; baseline -0.002 -16"><span class='ocrx_word' id='word_1_349' title='bbox 190 5116 354 5169; x_wconf 87' lang='lat' dir='ltr'><strong>etiam</strong></span> <span class='ocrx_word' id='word_1_350' title='bbox 388 5129 498 5184; x_wconf 72' lang='lat' dir='ltr'><strong>praa</strong></span> <span class='ocrx_word' id='word_1_351' title='bbox 535 5112 883 5169; x_wconf 82' lang='lat' dir='ltr'><strong>irrevocabili</strong></span> <span class='ocrx_word' id='word_1_352' title='bbox 914 5111 1153 5181; x_wconf 76' lang='lat' dir='ltr'><strong>nequitia</strong></span> <span class='ocrx_word' id='word_1_353' title='bbox 1187 5110 1553 5164; x_wconf 88' lang='lat' dir='ltr'><strong>voluntariam</strong></span> <span class='ocrx_word' id='word_1_354' title='bbox 1588 5110 1767 5165; x_wconf 89' lang='lat' dir='ltr'><strong>stulti-</strong></span> 
     </span>
    </p>
   </div>
   <div class='ocr_carea' id='block_1_58' title="bbox 195 5199 1762 5272">
    <p class='ocr_par' dir='ltr' id='par_1_58' title="bbox 195 5199 1762 5272">
     <span class='ocr_line' id='line_1_58' title="bbox 195 5199 1762 5272; baseline 0 -19"><span class='ocrx_word' id='word_1_355' title='bbox 195 5202 326 5255; x_wconf 89' lang='lat' dir='ltr'><strong>tiam</strong></span> <span class='ocrx_word' id='word_1_356' title='bbox 360 5218 468 5256; x_wconf 88' lang='lat' dir='ltr'><strong>non</strong></span> <span class='ocrx_word' id='word_1_357' title='bbox 501 5202 791 5272; x_wconf 74' lang='lat' dir='ltr'><strong>abnegent.</strong></span> <span class='ocrx_word' id='word_1_358' title='bbox 826 5200 1154 5255; x_wconf 89' lang='lat' dir='ltr'><strong>Paucissimi</strong></span> <span class='ocrx_word' id='word_1_359' title='bbox 1203 5199 1387 5269; x_wconf 83' lang='lat' dir='ltr'><strong>igitur,</strong></span> <span class='ocrx_word' id='word_1_360' title='bbox 1424 5210 1482 5252; x_wconf 88' lang='lat' dir='ltr'><strong>ut</strong></span> <span class='ocrx_word' id='word_1_361' title='bbox 1520 5214 1762 5255; x_wconf 90' lang='lat' dir='ltr'><strong>errorem</strong></span> 
     </span>
    </p>
   </div>
   <div class='ocr_carea' id='block_1_59' title="bbox 192 5291 1756 5363">
    <p class='ocr_par' dir='ltr' id='par_1_59' title="bbox 192 5291 1756 5363">
     <span class='ocr_line' id='line_1_59' title="bbox 192 5291 1756 5363; baseline -0.002 -16"><span class='ocrx_word' id='word_1_362' title='bbox 192 5310 353 5348; x_wconf 79' lang='lat' dir='ltr'><strong>suum</strong></span> <span class='ocrx_word' id='word_1_363' title='bbox 390 5294 457 5352; x_wconf 89' lang='lat' dir='ltr'><strong>iis</strong></span> <span class='ocrx_word' id='word_1_364' title='bbox 496 5295 879 5349; x_wconf 87' lang='lat' dir='ltr'><strong>connuendent</strong></span> <span class='ocrx_word' id='word_1_365' title='bbox 905 5306 1046 5363; x_wconf 90' lang='lat' dir='ltr'><strong>quos</strong></span> <span class='ocrx_word' id='word_1_366' title='bbox 1096 5291 1236 5346; x_wconf 78' lang='lat' dir='ltr'><strong>forte</strong></span> <span class='ocrx_word' id='word_1_367' title='bbox 1287 5291 1544 5345; x_wconf 89' lang='lat' dir='ltr'><strong>noverint</strong></span> <span class='ocrx_word' id='word_1_368' title='bbox 1596 5306 1756 5347; x_wconf 87' lang='lat' dir='ltr'><strong>suum</strong></span> 
     </span>
    </p>
   </div>
   <div class='ocr_carea' id='block_1_60' title="bbox 1862 5100 3439 5175">
    <p class='ocr_par' dir='ltr' id='par_1_60' title="bbox 1862 5100 3439 5175">
     <span class='ocr_line' id='line_1_60' title="bbox 1862 5100 3439 5175; baseline 0.002 -21"><span class='ocrx_word' id='word_1_369' title='bbox 1862 5101 2021 5154; x_wconf 82' lang='grc' dir='ltr'>τοῦτο</span> <span class='ocrx_word' id='word_1_370' title='bbox 2050 5100 2300 5171; x_wconf 81' lang='grc' dir='ltr'><strong>λογισμῷ</strong></span> <span class='ocrx_word' id='word_1_371' title='bbox 2339 5100 2631 5173; x_wconf 82' lang='grc' dir='ltr'>ὀρθοτέρῳ,</span> <span class='ocrx_word' id='word_1_372' title='bbox 2670 5103 2781 5155; x_wconf 84' lang='grc' dir='ltr'>είτε</span> <span class='ocrx_word' id='word_1_373' title='bbox 2812 5104 2905 5157; x_wconf 75' lang='grc' dir='ltr'>καὶ</span> <span class='ocrx_word' id='word_1_374' title='bbox 2946 5105 3003 5157; x_wconf 68' lang='grc' dir='ltr'>ἐν</span> <span class='ocrx_word' id='word_1_375' title='bbox 3053 5105 3439 5175; x_wconf 79' lang='grc' dir='ltr'>ἀνεπιστρόφῳ</span> 
     </span>
    </p>
   </div>
   <div class='ocr_carea' id='block_1_61' title="bbox 1863 5193 3437 5267">
    <p class='ocr_par' dir='ltr' id='par_1_61' title="bbox 1863 5193 3437 5267">
     <span class='ocr_line' id='line_1_61' title="bbox 1863 5193 3437 5267; baseline 0.002 -20"><span class='ocrx_word' id='word_1_376' title='bbox 1863 5198 1929 5265; x_wconf 84' lang='grc' dir='ltr'>τῇ</span> <span class='ocrx_word' id='word_1_377' title='bbox 1961 5194 2200 5264; x_wconf 79' lang='grc' dir='ltr'>πονηρίᾳ</span> <span class='ocrx_word' id='word_1_378' title='bbox 2233 5193 2329 5265; x_wconf 83' lang='grc' dir='ltr'>τὴν</span> <span class='ocrx_word' id='word_1_379' title='bbox 2364 5195 2613 5248; x_wconf 79' lang='grc' dir='ltr'><strong>ἑκούσιον</strong></span> <span class='ocrx_word' id='word_1_380' title='bbox 2661 5196 2978 5267; x_wconf 84' lang='grc' dir='ltr'><strong>ἀφροσύνην</strong></span> <span class='ocrx_word' id='word_1_381' title='bbox 3024 5197 3123 5249; x_wconf 82' lang='grc' dir='ltr'>οὐκ</span> <span class='ocrx_word' id='word_1_382' title='bbox 3167 5198 3437 5267; x_wconf 76' lang='grc' dir='ltr'>ἀρνουμέ-</span> 
     </span>
    </p>
   </div>
   <div class='ocr_carea' id='block_1_62' title="bbox 1874 5287 3437 5360">
    <p class='ocr_par' dir='ltr' id='par_1_62' title="bbox 1874 5287 3437 5360">
     <span class='ocr_line' id='line_1_62' title="bbox 1874 5287 3437 5360; baseline 0.001 -19"><span class='ocrx_word' id='word_1_383' title='bbox 1874 5305 2018 5352; x_wconf 89' lang='grc' dir='ltr'>νους.</span> <span class='ocrx_word' id='word_1_384' title='bbox 2065 5287 2295 5357; x_wconf 84' lang='grc' dir='ltr'>ὐλίγοις</span> <span class='ocrx_word' id='word_1_385' title='bbox 2348 5289 2528 5341; x_wconf 84' lang='grc' dir='ltr'>τοίνυν</span> <span class='ocrx_word' id='word_1_386' title='bbox 2588 5288 2732 5342; x_wconf 85' lang='grc' dir='ltr'>πάνυ</span> <span class='ocrx_word' id='word_1_387' title='bbox 2788 5289 2885 5360; x_wconf 81' lang='grc' dir='ltr'><strong>τὴν</strong></span> <span class='ocrx_word' id='word_1_388' title='bbox 2942 5290 3149 5343; x_wconf 80' lang='grc' dir='ltr'>ἑαυτῶν</span> <span class='ocrx_word' id='word_1_389' title='bbox 3200 5307 3437 5345; x_wconf 81' lang='grc' dir='ltr'>καταπι-</span> 
     </span>
    </p>
   </div>
   <div class='ocr_carea' id='block_1_63' title="bbox 264 5430 3431 5503">
    <p class='ocr_par' dir='ltr' id='par_1_63' title="bbox 264 5430 3431 5503">
     <span class='ocr_line' id='line_1_63' title="bbox 264 5430 3431 5503; baseline 0 -16"><span class='ocrx_word' id='word_1_390' title='bbox 264 5436 341 5501; x_wconf 82' lang='grc' dir='ltr'><strong>(ι)</strong></span> <span class='ocrx_word' id='word_1_391' title='bbox 380 5434 457 5490; x_wconf 76' lang='lat' dir='ltr'><strong>Ex</strong></span> <span class='ocrx_word' id='word_1_392' title='bbox 498 5440 619 5491; x_wconf 81' lang='lat' dir='ltr'><strong>cod.</strong></span> <span class='ocrx_word' id='word_1_393' title='bbox 655 5438 747 5493; x_wconf 87' lang='lat' dir='ltr'><strong>Gr.</strong></span> <span class='ocrx_word' id='word_1_394' title='bbox 779 5436 955 5491; x_wconf 85' lang='lat' dir='ltr'><strong>Paris.</strong></span> <span class='ocrx_word' id='word_1_395' title='bbox 996 5433 1149 5496; x_wconf 61' lang='lat'><strong>1291,</strong></span> <span class='ocrx_word' id='word_1_396' title='bbox 1194 5434 1375 5489; x_wconf 84' lang='lat' dir='ltr'><strong>addita</strong></span> <span class='ocrx_word' id='word_1_397' title='bbox 1412 5435 1863 5503; x_wconf 84' lang='lat' dir='ltr'><strong>interpretatione</strong></span> <span class='ocrx_word' id='word_1_398' title='bbox 1920 5438 2134 5503; x_wconf 88' lang='lat' dir='ltr'><strong>nostra.</strong></span> <span class='ocrx_word' id='word_1_399' title='bbox 2164 5430 2379 5503; x_wconf 84' lang='lat' dir='ltr'><strong>Titulus</strong></span> <span class='ocrx_word' id='word_1_400' title='bbox 2411 5430 2549 5503; x_wconf 84' lang='lat' dir='ltr'><strong>apud</strong></span> <span class='ocrx_word' id='word_1_401' title='bbox 2595 5430 2905 5503; x_wconf 78' lang='lat' dir='ltr'><strong>Fabricium</strong></span> <span class='ocrx_word' id='word_1_402' title='bbox 2968 5433 3107 5489; x_wconf 84' lang='lat' dir='ltr'><strong>Bibl.</strong></span> <span class='ocrx_word' id='word_1_403' title='bbox 3170 5434 3265 5490; x_wconf 85' lang='lat' dir='ltr'><strong>Gr.</strong></span> <span class='ocrx_word' id='word_1_404' title='bbox 3338 5432 3431 5498; x_wconf 82' lang='lat' dir='ltr'><strong>XI,</strong></span> 
     </span>
    </p>
   </div>
   <div class='ocr_carea' id='block_1_64' title="bbox 194 5502 2870 5573">
    <p class='ocr_par' dir='ltr' id='par_1_64' title="bbox 194 5502 2870 5573">
     <span class='ocr_line' id='line_1_64' title="bbox 194 5502 2870 5573; baseline -0.001 -16"><span class='ocrx_word' id='word_1_405' title='bbox 194 5505 321 5565; x_wconf 85' lang='lat'><strong>878,</strong></span> <span class='ocrx_word' id='word_1_406' title='bbox 359 5515 412 5558; x_wconf 87' lang='lat' dir='ltr'><strong>et</strong></span> <span class='ocrx_word' id='word_1_407' title='bbox 451 5510 589 5573; x_wconf 83' lang='lat' dir='ltr'><strong>apud</strong></span> <span class='ocrx_word' id='word_1_408' title='bbox 617 5510 988 5562; x_wconf 78' lang='lat' dir='ltr'><strong>Alexandrum</strong></span> <span class='ocrx_word' id='word_1_409' title='bbox 1027 5508 1078 5559; x_wconf 95' lang='lat' dir='ltr'><strong>in</strong></span> <span class='ocrx_word' id='word_1_410' title='bbox 1112 5506 1359 5573; x_wconf 67' lang='grc' dir='ltr'><strong>Ᾱριὶριιιῖ.</strong></span> <span class='ocrx_word' id='word_1_411' title='bbox 1398 5505 1462 5558; x_wconf 87' lang='lat' dir='ltr'><strong>ad</strong></span> <span class='ocrx_word' id='word_1_412' title='bbox 1494 5502 1815 5559; x_wconf 79' lang='lat' dir='ltr'><strong>Pletbouem</strong></span> <span class='ocrx_word' id='word_1_413' title='bbox 1847 5504 1934 5573; x_wconf 85' lang='lat' dir='ltr'><strong>_De</strong></span> <span class='ocrx_word' id='word_1_414' title='bbox 1977 5502 2197 5571; x_wconf 78' lang='lat' dir='ltr'><strong>legibus.</strong></span> <span class='ocrx_word' id='word_1_415' title='bbox 2234 5518 2287 5570; x_wconf 84' lang='lat' dir='ltr'><strong>p.</strong></span> <span class='ocrx_word' id='word_1_416' title='bbox 2325 5502 2449 5563; x_wconf 68' lang='lat' dir='ltr'><strong>HI,</strong></span> <span class='ocrx_word' id='word_1_417' title='bbox 2492 5502 2571 5573; x_wconf 86' lang='lat' dir='ltr'><strong>sic</strong></span> <span class='ocrx_word' id='word_1_418' title='bbox 2595 5502 2817 5573; x_wconf 62' lang='lat' dir='ltr'><strong>eﬂ&#39;etztur</strong></span> <span class='ocrx_word' id='word_1_419' title='bbox 2856 5520 2870 5555; x_wconf 89' lang='lat'>:</span> 
     </span>
    </p>
   </div>
   <div class='ocr_carea' id='block_1_65' title="bbox 2937 5504 3435 5573">
    <p class='ocr_par' dir='ltr' id='par_1_65' title="bbox 2937 5504 3435 5573">
     <span class='ocr_line' id='line_1_65' title="bbox 2937 5504 3435 5573; baseline -0.002 -18"><span class='ocrx_word' id='word_1_420' title='bbox 2937 5504 3094 5559; x_wconf 75' lang='grc' dir='ltr'>Κατὰ</span> <span class='ocrx_word' id='word_1_421' title='bbox 3128 5507 3435 5573; x_wconf 75' lang='grc' dir='ltr'>Αὐτοματι-</span> 
     </span>
    </p>
   </div>
   <div class='ocr_carea' id='block_1_66' title="bbox 198 5568 3435 5647">
    <p class='ocr_par' dir='ltr' id='par_1_66' title="bbox 198 5568 3435 5647">
     <span class='ocr_line' id='line_1_66' title="bbox 198 5568 3435 5647; baseline 0 -22"><span class='ocrx_word' id='word_1_422' title='bbox 198 5575 340 5647; x_wconf 80' lang='grc' dir='ltr'>στῷν</span> <span class='ocrx_word' id='word_1_423' title='bbox 372 5577 464 5627; x_wconf 67' lang='grc' dir='ltr'><strong>καὶ</strong></span> <span class='ocrx_word' id='word_1_424' title='bbox 487 5568 854 5647; x_wconf 71' lang='grc' dir='ltr'>’Ἑλληνιστῶν</span> <span class='ocrx_word' id='word_1_425' title='bbox 902 5578 1019 5647; x_wconf 68' lang='grc' dir='ltr'>ἤτοι</span> <span class='ocrx_word' id='word_1_426' title='bbox 1053 5568 1349 5645; x_wconf 66' lang='grc' dir='ltr'>πολυθέιυν,</span> <span class='ocrx_word' id='word_1_427' title='bbox 1386 5577 1476 5629; x_wconf 68' lang='grc' dir='ltr'>καὶ</span> <span class='ocrx_word' id='word_1_428' title='bbox 1507 5579 1587 5631; x_wconf 82' lang='grc' dir='ltr'><strong>ὅτι</strong></span> <span class='ocrx_word' id='word_1_429' title='bbox 1636 5576 1766 5640; x_wconf 73' lang='grc' dir='ltr'>Θεὸς</span> <span class='ocrx_word' id='word_1_430' title='bbox 1817 5568 1894 5639; x_wconf 70' lang='grc' dir='ltr'><strong>εἷς</strong></span> <span class='ocrx_word' id='word_1_431' title='bbox 1953 5568 2066 5627; x_wconf 76' lang='grc' dir='ltr'>ἐστι</span> <span class='ocrx_word' id='word_1_432' title='bbox 2120 5573 2211 5624; x_wconf 73' lang='grc' dir='ltr'>καὶ</span> <span class='ocrx_word' id='word_1_433' title='bbox 2240 5568 2593 5642; x_wconf 64' lang='grc' dir='ltr'>δημιουργὸς</span> <span class='ocrx_word' id='word_1_434' title='bbox 2629 5572 2719 5628; x_wconf 78' lang='grc' dir='ltr'>τοῦ</span> <span class='ocrx_word' id='word_1_435' title='bbox 2755 5572 2953 5638; x_wconf 67' lang='grc' dir='ltr'>παντὸς</span> <span class='ocrx_word' id='word_1_436' title='bbox 2981 5578 3039 5630; x_wconf 83' lang='grc' dir='ltr'>ὲν</span> <span class='ocrx_word' id='word_1_437' title='bbox 3074 5568 3435 5646; x_wconf 49' lang='grc' dir='ltr'>τριάδίύπο-</span> 
     </span>
    </p>
   </div>
   <div class='ocr_carea' id='block_1_67' title="bbox 198 5645 462 5700">
    <p class='ocr_par' dir='ltr' id='par_1_67' title="bbox 198 5645 462 5700">
     <span class='ocr_line' id='line_1_67' title="bbox 198 5645 462 5700; baseline 0.004 -1"><span class='ocrx_word' id='word_1_438' title='bbox 198 5645 462 5700; x_wconf 72' lang='grc' dir='ltr'>στάσεων.</span> 
     </span>
    </p>
   </div>
  </div>
