3904 6134
376 196 484 264 559

1436 193 1534 255 DE
1568 195 1723 259 DEO
1774 196 1855 257 IN
1889 194 2319 258 TRINITATE
2353 200 2527 261 UNO.

3504 208 3610 272 576

378 316 667 376 ατεύοντας
699 311 928 381 πλάνην,
958 310 1053 373 οὓς
1082 310 1153 364 ἂν
1189 310 1459 367 αἴσθοιντο
1498 315 1633 384 πρὸς
1659 314 1751 368 τὸν
1780 315 1943 369 αὐτὸν

2050 320 2103 369 In
2153 314 2295 371 idem
2349 316 2479 373 ferri
2518 317 2910 389 praecipitium,
2942 320 3084 391 apud
3128 335 3323 379 omnes
3352 321 3611 393 pietatem

372 408 553 469 αὐτοῖς
604 403 851 475 κρημνὸν
894 402 1182 473 φύρεσθαι,
1235 403 1378 474 πρὸς
1409 404 1656 468 ἅπαντας
1690 406 1934 460 εὐσεϐεῖν

370 495 842 567 προσποιοῦνται,
892 493 985 546 καὶ
1040 492 1256 565 γλώττῃ
1309 496 1412 563 μὲν
1452 496 1773 566 ὁμολογοῦσι
1821 499 1934 562 τοῖς

369 589 552 651 ἄλλοις
593 589 730 639 πᾶσι
755 584 888 637 Θεὸν
919 579 1097 647 εἶναι,
1150 587 1213 654 τῇ
1259 585 1315 638 δὲ
1366 587 1564 657 καρδία
1604 588 1697 641 τὸν
1726 587 1800 640 ίὺν
1834 588 1931 657 τῆς

368 678 685 749 ἀφροσύνης
716 676 1108 746 ἑγκρύπτσυσι,
1138 676 1219 730 διδ
1248 677 1342 732 καὶ
1368 678 1619 748 μένουσιν
1650 682 1941 752 ἀνιάτρευ-

367 786 483 825 τοι*
525 769 634 825 οὐδ’
667 769 727 820 ὲν
759 769 822 837 τῇ
862 765 1072 835 διανοίᾳ
1118 766 1210 819 τὸν
1251 768 1501 822 τοιοῦτον
1548 770 1653 840 τῆς
1677 771 1931 835 ἀσεϐείας

368 859 681 931 ἀθροίζουσι
714 857 993 926 λογισμὸν,
1044 857 1231 928 πόῤῥω
1265 860 1374 927 γὰρ
1407 858 1644 923 διανοίας
1691 858 1867 924 οὕτως
1903 863 1932 915 ό

369 955 547 1015 τόκος,
580 949 694 1005 ἀλλ’
726 950 786 1002 ἐν
830 952 895 1018 τῇ
927 948 1121 1020 καρδίᾳ
1156 951 1255 1017 τὴν
1299 949 1491 1004 ἁθεῖαν
1520 949 1795 1015 ὠδίνουσι,
1837 954 1932 1023 τῆς

372 1044 510 1113 πρὸς
541 1043 640 1112 τὴν
674 1040 929 1110 αἴσθησιν
962 1041 1056 1093 καὶ
1086 1040 1184 1110 τὴν
1217 1040 1348 1110 ὓλην
1380 1042 1727 1113 ἀλογωτάτης
1761 1044 1935 1114 ῥοπῆς

369 1133 539 1198 αὐτὴν
569 1129 987 1201 ὲνσπειρούσης.
1031 1130 1094 1183 Εἰ
1118 1130 1226 1199 γὰρ
1250 1130 1464 1203 διανοίᾳ
1492 1133 1586 1185 καὶ
1611 1132 1754 1201 λόγῳ
1784 1134 1934 1204 χρῆ-

371 1224 496 1276 σθαι
518 1220 803 1291 ἠδύναντο,
834 1218 1151 1291 δυνηθὲντες
1178 1219 1245 1273 ἂν
1290 1221 1472 1285 εὐθὺς,
1508 1222 1627 1291 εῑγε
1678 1224 1772 1278 καὶ
1806 1225 1935 1294 βου·-

368 1314 618 1382 λομένοις
644 1306 713 1382 ἦν
739 1310 929 1383 ἁπάσῃ
958 1311 1160 1381 σπουδῇ
1189 1310 1250 1365 τὸ
1281 1310 1421 1366 Θεὸν
1443 1307 1606 1379 εἶναι,
1632 1316 1725 1368 καὶ
1757 1314 1935 1384 φωτὸς

367 1400 441 1474 ἦν
462 1403 530 1457 ἂν
553 1403 735 1467 αὐτοῖς
761 1402 1178 1471 ἐναργέστερον,
1223 1402 1319 1456 καὶ
1363 1403 1464 1456 ὅσα
1511 1404 1610 1474 τῆς
1646 1406 1933 1471 εὐσεϐείας

368 1493 623 1548 ἐντεῦθεν
653 1492 864 1562 ἀνίσχει
892 1492 1142 1561 δόγματα
1162 1504 1176 1522 ⁸
1229 1495 1325 1548 καὶ
1352 1492 1388 1547 ἃ.
1440 1494 1539 1564 μὲν
1567 1495 1664 1558 τὰς
1701 1496 1809 1551 τῶν
1841 1513 1934 1551 σο-

370 1587 489 1655 φῶν
540 1583 780 1647 διανοίας
828 1582 1246 1653 καταλάμπουσι
1291 1582 1387 1637 τοῦ
1432 1584 1568 1638 Θεοῦ
1611 1584 1771 1655 ἔργα,
1820 1590 1935 1651 τοῖς

2048 404 2321 461 simulant
2344 414 2400 461 et
2424 407 2605 479 lingua
2637 408 2861 478 quidem
2891 425 2997 465 una
3024 425 3155 465 cum
3191 414 3410 468 caeteris
3432 414 3612 468 omni-

2047 494 2153 554 hus
2175 496 2341 552 Deum
2367 512 2493 554 esse
2522 498 2872 567 conﬁtentur,
2931 502 2989 556 in
3026 502 3192 558 corde
3224 515 3355 559 vero
3382 504 3613 560 insaniae

2046 602 2316 641 venenum
2350 590 2660 647 abstrusum
2699 593 2971 661 retinent;
3018 602 3181 663 atque
3215 596 3340 651 ideo
3388 604 3616 652 manent
3680 619 3684 637 ι

2055 678 2411 737 insanabiles.
2456 681 2527 736 At
2558 698 2731 751 neque
2752 692 2937 749 mente
2968 693 3125 741 tenus
3150 686 3282 742 illud
3315 688 3611 757 impietatis

2046 770 2339 841 cogitatum
2394 772 2497 828 sibi
2554 775 2865 839 conferunt,
2925 777 3123 847 quippe
3178 780 3269 847 qui
3315 779 3531 836 alienus
3577 796 3609 835 a

2056 870 2239 917 mente
2275 861 2440 920 ftetns
2474 864 2615 932 iste;
2657 866 2750 920 sed
2800 868 2853 921 in
2896 868 3060 922 corde
3086 869 3417 925 atheismum
3444 887 3615 941 gene-

2046 960 2194 1012 rant.
2230 964 2557 1024 conceptum
2608 957 2817 1012 scilicet
2859 974 2921 1012 ex
2974 959 3352 1015 amentissimo
3398 962 3490 1015 illo
3538 962 3607 1016 ad

2047 1042 2333 1099 seusibiles
2362 1053 2712 1117 terrenasque
2755 1062 2842 1103 res
2881 1049 3109 1120 impetu.
3143 1048 3289 1103 Nam.
3345 1050 3393 1105 si
3426 1059 3611 1106 mente

2046 1133 2259 1203 possint
2299 1149 2363 1191 ac
2401 1137 2616 1193 ratione
2674 1139 2781 1204 uti,
2829 1141 2979 1211 quod
3006 1148 3156 1197 certe
3187 1140 3348 1197 facile
3388 1148 3612 1211 possent

2044 1220 2174 1277 dum
2216 1222 2364 1278 omni
2413 1225 2594 1281 studio
2622 1225 2796 1281 Deum
2821 1243 2941 1284 esse
2968 1229 3163 1293 velint,
3192 1230 3313 1299 ipsa
3338 1230 3462 1285 luce
3487 1230 3605 1284 cia-

2043 1312 2269 1371 rius'et
2308 1316 2495 1372 divina
2530 1318 2729 1373 veritas
2771 1329 2827 1374 et
2857 1328 3212 1390 quotcunque
3251 1322 3317 1375 ad
3350 1322 3607 1391 pietatem

2054 1407 2185 1462 inde
2227 1407 2497 1478 prodeunt
2523 1409 2773 1480 dogmata
2808 1411 2919 1467 illis
2960 1411 3308 1483 ell'ulgcrent.
3342 1414 3517 1467 Porro
3542 1426 3608 1467 ea

2045 1497 2264 1568 quidem
2315 1498 2411 1555 Dei
2439 1513 2604 1569 opera
2644 1514 2765 1569 quae
2795 1501 3104 1558 doctiorum
3163 1509 3378 1559 mentes
3406 1503 3612 1557 illumi-

2045 1599 2200 1654 nant,
2225 1589 2373 1660 vulgi
2404 1606 2532 1646 vero
2570 1592 2746 1648 oculis
2778 1602 2909 1648 sunt.
2939 1593 3249 1659 inaccessa,
3272 1594 3419 1663 quod
3463 1607 3613 1649 nunc

370 1647 586 1739 πολλοῖς
635 1674 905 1743 ἀνέφικτα
954 1647 1314 1744 καθορᾶσθαι,
1363 1647 1657 1745 παρείσθω.
1844 1647 1935 1745 by;

2050 1688 2147 1743 est,
2199 1688 2619 1749 praetereamus;
2687 1683 2889 1737 ateuim
2944 1698 3067 1752 quae
3119 1685 3173 1738 in
3228 1647 3415 1738 eoi-um
3456 1672 3608 1738 libris

368 1769 600 1837 κείμενα
630 1766 688 1819 δὲ
715 1768 826 1829 τοῖς
852 1765 1029 1821 αὐτῶν
1056 1765 1302 1835 βιϐλίοις,
1334 1765 1514 1831 ἔξεστι
1551 1767 1628 1838 τῷ
1650 1769 1935 1841 δυναμένῳ

2050 1780 2415 1824 memorantur.
2436 1771 2612 1827 cuivis
2633 1772 2827 1828 idonee
2850 1787 2914 1828 ac
2936 1774 3137 1829 volenti
3160 1774 3288 1829 licet
3309 1774 3608 1843 inquirere,

370 1872 429 1908 τε
457 1855 554 1907 καὶ
582 1853 891 1923 βουλομένῳ
920 1851 1126 1923 ζητεῖν,
1156 1851 1214 1917 ἐξ
1242 1848 1318 1908 ὧν
1347 1855 1429 1909 ὅτι
1458 1873 1516 1909 τε
1544 1857 1754 1927 ἀνάγκη
1787 1861 1939 1914 πᾶσα

2050 1861 2187 1916 unde
2225 1860 2634 1920 demonstratur
2680 1871 2733 1917 et
2766 1878 2992 1921 necesse
3023 1866 3248 1919 omnino
3273 1880 3396 1920 esse
3438 1865 3609 1920 Deum

369 1946 463 2000 τὸν
497 1946 627 1999 Θεὸν
660 1939 824 2007 εἶναι,
872 1945 968 1998 καὶ
1018 1944 1095 2008 ὠς
1143 1944 1417 1999 ἀδύνατον·
1446 1946 1523 2000 ἂν·
1558 1947 1633 2018 μὴ
1663 1944 1803 2003 εἶναι
1841 1950 1935 2003 καὶ

2050 1952 2311 2009 exsistere
2328 1963 2563 2025 etsupra
2595 1972 2752 2025 quam
2779 1955 2887 2012 dici
2915 1964 3095 2026 potest
3119 1956 3455 2027 impossibile
3484 1962 3617 2011 cm.

373 2039 516 2108 πέρα
538 2036 739 2098 παντὸς
761 2036 1027 2090 ἀδυνάτου
1059 2075 1076 2099 ,
1109 2036 1405 2091 δείκνυται.
1446 2038 1727 2108 Παρίεμεν.
1751 2039 1807 2092 δὲ
1842 2043 1938 2099 καὶ

2050 2058 2158 2097 non
2189 2058 2334 2099 esse.
2388 2043 2493 2099 Sed
2528 2055 2584 2099 et
2634 2046 2778 2100 illam
2859 2049 3217 2113 praetermitto
3263 2060 3610 2102 communem

371 2130 471 2201 τὴν
502 2128 689 2199 κοινὴν
720 2127 976 2185 ἁπάντων
1012 2127 1319 2200 ἀνθρώπων
1348 2129 1527 2198 δόξαν,
1559 2130 1703 2201 μέγα
1728 2150 1779 2186 τι
1802 2136 1940 2205 πρὸς

371 2224 469 2291 τὴν
503 2222 765 2291 ἀλήθειαν
794 2221 1122 2292 δυναμένην,
1166 2223 1324 2293 είπερ
1362 2223 1515 2276 οὐδέν
1554 2226 1703 2278 ἐστιν
1745 2226 1939 2296 ἀληθέ-

374 2330 565 2383 στερον
591 2314 701 2371 τῶν
748 2313 911 2381 φύσει
954 2314 1123 2367 πᾶσιν
1153 2313 1511 2384 ἐγνωσμένων
1542 2315 1722 2385 ἀρχῶν
1742 2333 1757 2348 ·
1797 2316 1939 2386 πλὴν

328 2437 333 2442 .
373 2406 482 2475 γάρ
515 2404 817 2475 ἐλαχίστων
865 2404 1008 2456 πάνυ
1057 2404 1167 2457 τῶν
1219 2404 1341 2459 λίαν
1387 2405 1827 2473 ἀφρονεστάτων,
1862 2409 1939 2471 ὡς

377 2496 619 2565 εἰρηται,
653 2494 786 2547 Θεὸν
818 2495 1019 2557 πάντες
1041 2494 1280 2548 έτίθεντό
1300 2511 1360 2548 τε
1383 2497 1478 2549 καὶ
1509 2496 1766 2562 τίθενται,
1798 2496 1938 2551 ὥστε

376 2587 470 2640 καὶ
501 2588 563 2639 τὸ
592 2586 646 2639 τί
674 2580 744 2656 ἦν
776 2580 915 2639 εἶναι
951 2586 1047 2639 καὶ
1072 2584 1186 2647 πῶς
1219 2581 1360 2639 εἷναι
1389 2585 1579 2640 τοῦτον
1611 2587 1939 2656 ἐπιζητῆσαι

378 2678 704 2746 θελήσαντες
730 2675 820 2730 διὰ
858 2677 956 2744 τὴν
988 2678 1046 2729 ὲν
1081 2677 1288 2739 τούτοις
1314 2678 1663 2746 όυσχέρειαν,
1690 2678 1764 2740 ὡς
1791 2679 1933 2744 εἰκός

2043 2131 2293 2188 omnibus
2371 2133 2682 2189 hominibus
2732 2136 3256 2206 sententiam,quat
3321 2151 3430 2190 non
3490 2151 3613 2191 mo-

2046 2223 2225 2279 dicum
2262 2240 2358 2294 pro
2387 2228 2617 2280 veritate
2648 2227 2814 2292 valet;
2838 2227 3105 2296 siquidem
3145 2227 3427 2299 principiis
3449 2235 3612 2283 natu-

2048 2316 2234 2369 raliter
2262 2316 2405 2383 apud
2440 2331 2632 2372 onmes
2664 2317 2906 2386 acceptis
2958 2317 3094 2370 nihil
3133 2318 3432 2387 quidquam
3486 2333 3611 2373 cer-

2045 2406 2174 2459 tius.
2221 2402 2379 2472 Nam,
2428 2414 2490 2459 ut
2521 2404 2784 2473 diximus,
2821 2416 3013 2475 praeter
3047 2422 3209 2474 quam
3253 2410 3623 2478 paucissimos.

2043 2496 2333 2552 admodum
2366 2496 2736 2565 insanientes,
2775 2498 2942 2553 Deum
2974 2514 3166 2556 omnes
3195 2509 3536 2570 agnoverunt
3557 2508 3626 2554 et.

2041 2602 2369 2659 agnoscunt;
2390 2588 2464 2644 ita
2488 2603 2678 2658 nempe
2700 2596 2757 2643 ut
2777 2592 3334 2659 cumejusessentiam
3349 2603 3401 2645 et
3420 2590 3612 2645 modos

2042 2679 2323 2749 explorare
2345 2680 2691 2747 tentaverint,
2706 2688 2887 2736 rerum
2906 2681 3425 2752 dilﬁcultatepressi,
3443 2691 3499 2737 ut
3516 2697 3611 2750 par

377 2769 494 2825 tam
518 2768 649 2837 περὶ
672 2766 807 2820 Θεοῦ
838 2768 1252 2836 σκοπουμένοις,
1284 2770 1363 2832 είς
1392 2770 1682 2837 διαφόρους
1706 2787 1943 2840 κειτεμε⁴

2050 2769 2215 2825 estde
2238 2766 2347 2823 Deo
2380 2770 2816 2839 speculantibus,
2848 2770 2903 2825 in
2926 2786 3101 2828 vanas
3133 2772 3269 2827 varii
3306 2771 3613 2827 divisisnnt

380 2858 644 2929 ρίσθησαιν
674 2858 950 2929 ἄνθρωποι
996 2857 1155 2921 δόξας
1202 2860 1299 2913 καὶ
1344 2861 1443 2928 τῆς
1476 2861 1751 2930 προτέρας
1788 2861 1936 2931 ὅμως

2044 2861 2352 2928 opiniones;
2385 2875 2484 2915 nec
2509 2871 2687 2916 tamen
2712 2876 2743 2915 a
2763 2863 2929 2930 priori
2952 2862 3420 2931 communioriqne
3444 2876 3609 2915 sensu

378 2950 473 3003 καὶ
527 2950 840 3020 κοινοτέρας
890 2949 990 3003 οὐκ
1038 2952 1363 3019 ἀφίστανται
1416 2951 1641 3014 Θέσεως.
1689 2952 1937 3022 Θαύματι

2050 2950 2324 3020 hucusque
2358 2952 2639 3006 deﬁciunt.
2672 2952 2836 3021 Atqui
2869 2952 3215 3006 admirationi
3241 2951 3523 3019 indulgent
3553 2958 3609 3004 ct

380 3040 491 3110 μὲν
526 3036 621 3095 οῦν
673 3041 1033 3111 ἁσμενίζουσι
1086 3041 1181 3094 καὶ
1245 3043 1570 3112 κατέχουσι·
1621 3042 1682 3095 τὸ
1714 3044 1822 3112 γὰρ
1866 3042 1941 3112 μὴ

377 3133 637 3189 δύνασθαι
686 3133 763 3204 τῷ
810 3134 1042 3203 ὲμφύτῳ
1091 3133 1245 3202 λόγῳ
1284 3134 1581 3187 κατανοεῖν.
1606 3134 1779 3187 ταῦτα
1813 3134 1941 3205 περὶ

377 3222 537 3290 Θεοῦ,
590 3224 726 3294 μηδὲ
785 3226 898 3288 τοῖς
940 3224 1101 3292 φύσει
1157 3225 1579 3294 γινωσκομένοις
1628 3226 1722 3279 καὶ
1772 3224 1942 3279 ταῦτα

380 3316 643 3386 σύστοιχα
670 3312 831 3383 εἶναι,
863 3315 958 3371 τοῦ
996 3317 1129 3371 Θεὸν
1161 3314 1300 3372 εἶναι
1333 3317 1609 3372 ποιοῦνται
1646 3318 1787 3387 μέγα
1814 3334 1945 3371 τεκ-

382 3412 618 3479 μήριον,
674 3409 831 3481 εἴπερ
877 3413 941 3479 τῇ
992 3411 1087 3463 τοῦ
1134 3410 1266 3463 Θεὸν
1315 3406 1458 3463 εἶναι
1504 3410 1685 3479 ἐννοίᾳ
1734 3410 1795 3463 τὸ
1843 3410 1944 3479 τὴν

379 3503 570 3556 οὐσίαν
606 3503 775 3556 αὑτοῦ
824 3502 898 3572 νῷ
940 3519 1000 3555 τε
1030 3502 1267 3572 ἄληπτον
1298 3499 1435 3555 εῖναι
1476 3500 1571 3556 καὶ
1600 3501 1813 3571 γλώττῃ
1846 3502 1946 3571 ἄῤ-

382 3598 568 3666 ρητον,
599 3596 785 3664 σοφῶς,
811 3595 953 3649 πάνυ
985 3595 1079 3648 καὶ
1105 3595 1317 3657 οἰκείως
1352 3595 1637 3648 ἀκολουθεῖ
1655 3610 1671 3626 ο
1701 3594 1819 3647 οὐδὲ
1844 3594 1945 3657 τὰς

383 3686 566 3739 θεόθεν
598 3686 970 3755 ἀποκαλύψεις
1016 3687 1115 3755 τῆς
1162 3692 1289 3755 περὶ
1320 3686 1484 3738 αὑτὸν
1515 3686 1771 3753 ἀληθείας
1803 3686 1959 3738 τίθει

384 3794 488 3846 μεν
523 3776 639 3844 νῦν,
675 3793 812 3847 προς
840 3794 904 3845 γε
935 3778 1034 3847 τὴν
1076 3778 1266 3848 χρείαν
1297 3777 1391 3829 τοῦ
1432 3778 1541 3831 τῶν
1574 3776 1946 3845 ἀφρονευομέ-

382 3886 488 3922 νων
515 3870 759 3938 ἐλέγχου,
786 3869 905 3922 λίαν
929 3868 1144 3931 οίκεῖως
1174 3867 1455 3937 προϊόντος
1483 3865 1575 3919 τοῦ
1602 3867 1782 3934 λόγου,
1810 3868 1946 3934 πρὸς

385 3959 576 4030 ἑτέραν
627 3959 814 4029 χρείαν
864 3959 1328 4027 παραληψόμενοι.
1372 3956 1514 4010 Ἀλλ’
1553 3957 1678 4010 ἐπεὶ
1719 3956 1851 4009 Θεὸν
1883 3958 1943 4008 ού

386 4050 699 4119 νομίζοντες
731 4046 867 4103 εἶναι
901 4052 999 4120 τήν
1050 4067 1110 4103 τε
1143 4049 1252 4103 τῶν
1301 4049 1471 4101 ὄντων
1520 4046 1804 4117 ἀναιροῦσι
1856 4047 1949 4117 δη-

389 4142 678 4229 μιουργίαν
716 4144 807 4196 καὶ
853 4142 955 4212 τὴν
1001 4143 1080 4204 είς
1110 4141 1288 4201 πάντα
1336 4139 1507 4193 ταῦτα
1556 4138 1943 4209 διατρέχουσαν

382 4232 478 4285 τοῦ
517 4233 866 4303 Δημιουργοῦ
895 4236 1169 4307 πρόνοιαν,
1204 4232 1508 4295 ἀκολούθως
1538 4234 1603 4301 τῇ
1636 4232 1945 4301 ὲνταθείσῃ,

2037 3040 2311 3096 inhaerent
2354 3058 2368 3095 :
2434 3057 2555 3097 cum
2604 3042 2750 3097 enim
2797 3043 2913 3097 haec
2963 3044 3033 3098 de
3076 3041 3186 3098 Deo
3241 3040 3463 3110 praefata
3510 3055 3609 3094 nec

2042 3134 2212 3190 indita
2245 3135 2456 3199 ratione
2484 3136 2693 3204 possint
2724 3135 2948 3206 intelligi
2971 3150 3148 3206 neque
3182 3136 3347 3190 rebus
3374 3140 3605 3187 natura-

2047 3225 2167 3281 liter
2200 3226 2344 3281 notis
2376 3226 2485 3279 sint
2507 3241 2849 3297 congenerae,
2903 3226 3029 3281 binc
3077 3227 3246 3281 Deum
3280 3230 3414 3280 esse
3447 3239 3611 3294 arguo

2045 3324 2289 3371 mentum
2321 3331 2425 3370 non
2455 3317 2571 3371 leve
2602 3317 2701 3372 sibi
2742 3324 3060 3387 comparant
3093 3331 3107 3370 :
3139 3316 3404 3386 siquidem
3436 3315 3610 3385 posito

2046 3408 2198 3475 prius
2252 3407 2719 3470 illumexsistere.
2772 3418 2889 3463 tum
2918 3409 3038 3478 ejus
3088 3408 3381 3464 essentiam
3434 3421 3613 3475 neque

2047 3495 2323 3551 intellectu
2353 3498 2753 3563 comprehendi.
2779 3512 3157 3553 necsermonc
3189 3496 3457 3552 declarari
3492 3511 3615 3564 pos-

2049 3602 2128 3651 se,
2165 3602 2423 3657 perquam
2460 3588 2710 3659 apposite
2739 3604 2801 3643 ac
2850 3590 3085 3660 genuine
3126 3604 3475 3659 consequens-
3507 3594 3612 3642 est.

2046 3677 2233 3749 Neque
2274 3680 2487 3734 divinas
2520 3681 2585 3734 de
2617 3680 2858 3750 ejusdem
2913 3680 3006 3736 Dei
3037 3687 3264 3736 veritate
3315 3678 3609 3734 revelatio-

2048 3786 2144 3826 nes
2173 3772 2226 3825 in
2258 3774 2666 3840 prmsentiarutn
2710 3774 2974 3827 adducam
3002 3792 3016 3839 ;
3048 3788 3169 3827 cum
3196 3773 3261 3827 ad
3294 3787 3389 3827 eos
3420 3772 3616 3826 conlu-

2050 3863 2262 3928 tandos,
2294 3864 2386 3933 qui
2414 3864 2485 3917 ita
2521 3863 2862 3918 dementiunt
2911 3864 3193 3932 aptissime
3251 3863 3393 3916 ratio
3422 3878 3518 3930 per
3556 3878 3616 3917 se

2048 3954 2318 4024 proﬁciat,
2346 3964 2597 4009 cauerunt
2632 3956 2757 4010 illas
2796 3954 2960 4008 alium
3002 3954 3068 4007 ad
3128 3954 3284 4006 linem
3326 3954 3610 4005 allaturus.

2052 4043 2169 4100 Sed
2201 4045 2461 4113 quoniam
2492 4044 2659 4099 semel
2692 4044 2905 4111 abiecto
2941 4044 3052 4097 Deo
3073 4043 3278 4098 entium
3312 4051 3625 4095 creatorem.

2051 4136 2212 4191 simul
2266 4136 2523 4190 auferunt
2562 4144 2616 4190 et
2655 4135 2931 4191 Creatoris
2970 4150 3069 4203 per.
3117 4134 3231 4188 inec
3273 4135 3455 4188 omnia
3487 4149 3612 4202 per-

2054 4232 2325 4281 meantem
2364 4224 2795 4289 Providentiam,
2829 4225 3258 4279 Consentaneum
3295 4234 3400 4288 est,
3436 4240 3497 4278 ex
3535 4225 3616 4292 ip-

387 4295 660 4386 αὐτοῖς’έν
686 4295 762 4391 τῷ
780 4295 963 4376 -παντί
983 4323 1119 4392 τῷδε
1149 4295 1302 4388 τάξει
1328 4322 1421 4375 καὶ
1441 4295 1765 4392 αὐτομάτως
1796 4322 1865 4377 τά
1892 4295 1943 4374 τε

2056 4330 2240 4370 eorum
2266 4314 2331 4370 de
2366 4314 2451 4370 bis
2484 4314 2755 4370 universis
2792 4315 3019 4368 inducto
3048 4323 3362 4383 systematc,
3394 4322 3452 4367 ut
3482 4329 3613 4368 casu

385 4421 517 4475 ὄντα
552 4413 692 4469 εἶναι
742 4417 813 4469 τά
861 4432 918 4467 τε
972 4414 1235 4482 γινόμενα
1281 4412 1530 4481 γίνεσθαι
1578 4412 1802 4476 οίονταιι,
1856 4414 1952 4467 καὶ

390 4509 536 4571 ἄπας
566 4505 722 4568 ἄλλος
763 4504 935 4572 ἑσμὸς
972 4502 1065 4556 τοῦ
1095 4503 1324 4571 ψεύδους
1368 4502 1619 4555 ἐντεῦθεν
1645 4502 1964 4566 ἀκολουθεῖ,,

386 4602 549 4671 ἀρκεῖ
596 4598 732 4667 πρὸς
777 4598 877 4665 τὴν
931 4595 1213 4667 παροῦσαν
1265 4594 1454 4663 χρείαν
1507 4595 1776 4648 πυθέσθαι
1807 4594 1959 4657 τινος

384 4692 566 4749 αὐτῶν
592 4691 738 4744 ἀπλᾶ
759 4706 880 4741 τινα
901 4690 994 4742 καὶ
1024 4687 1162 4740 πάνυ
1195 4686 1401 4756 βραχέα
1431 4687 1561 4755 περὶ
1590 4685 1757 4740 αὐτοῦ
1791 4686 1961 4753 μόνου·

388 4784 481 4837 καὶ
542 4782 700 4850 μόνον
752 4780 913 4833 αὐτὸν
964 4778 1185 4847 ἔλεγχον
1234 4778 1331 4845 τῆς
1386 4777 1590 4839 οἰκείας
1637 4776 1963 4845 ἀφροσύνης,

389 4875 799 4945 προστήσασθαι
848 4872 939 4935 ὲξο
960 4871 1157 4939 ὀλίγων
1187 4888 1244 4923 τε
1284 4872 1375 4923 καὶ
1407 4869 1807 4940 φανερωτάτων
1843 4868 1965 4921 τῶν.

387 4982 456 5020 πε
465 4967 521 5036 pl.
548 4964 713 5019 αὐτὸν
748 4962 1113 5032 φαινομένων.

466 5140 751 5209 Ἄνθρωπε
772 5178 787 5202 ,
819 5139 881 5192 σὺ
913 5139 1020 5191 τῶν
1047 5139 1225 5194 ἄλλων.
1246 5140 1304 5192 ὲι
1348 5141 1433 5207 γῇ,
1453 5138 1793 5208 πραγμάτων
1822 5154 1953 5205 προ-

398 5235 543 5302 έχεις
577 5235 642 5301 τῇ
684 5230 843 5298 φύσει
876 5230 1165 5299 προδήλως,
1191 5233 1284 5283 καὶ
1314 5231 1411 5299 τῆς
1448 5229 1550 5299 γῆς
1598 5230 1796 5298 αὐτῆς·
1850 5229 1954 5297 γῆς

396 5324 498 5393 μὲν
529 5323 851 5393 ὑπέρκεισαι
887 5323 982 5376 καὶ
1030 5321 1175 5374 λίθου
1204 5324 1323 5385 τοῖς
1361 5323 1419 5374 ἐν
1467 5321 1553 5374 σοὶ
1597 5323 1730 5375 πᾶσι
1771 5321 1959 5384 καλοῖς

391 5410 494 5479 τῆς
531 5409 767 5478 φύσεως,
804 5410 1150 5481 σωματότητι
1186 5410 1323 5481 μόνῃ
1370 5410 1579 5474 τούτοις
1627 5411 1909 5480 ὲνούμενος
1935 5424 1950 5441 ο

392 5501 488 5552 καὶ
527 5500 593 5552 σὺ
628 5499 736 5569 γὰρ
772 5498 932 5568 σῶμα
966 5498 1301 5568 περίκεισαι,
1346 5499 1393 5550 ει
1422 5499 1476 5550 δὲ
1506 5497 1708 5567 βούλει,
1752 5496 1845 5549 καὶ
1875 5495 1953 5565 τῷ

396 5585 536 5643 εἶναι
564 5590 590 5643 ὃ
625 5590 802 5644 κοινόν
842 5592 955 5644 ἐστι
984 5580 1095 5653 τοῖς
1127 5591 1243 5645 οὖσι
1278 5593 1438 5645 πᾶσιν
1472 5589 1676 5652 ἁπλῶς.
1712 5587 1865 5658 Φυτῷ
1895 5587 1949 5641 δὲ

2054 4421 2175 4463 esse
2221 4422 2343 4476 quae
2394 4416 2526 4462 sunt
2575 4416 2628 4460 et
2673 4406 2788 4461 ﬁeri
2840 4421 2960 4475 quae
3016 4406 3150 4459 ﬁunt
3230 4406 3613 4471 arbitrentur,

2053 4495 2126 4549 ac
2152 4494 2391 4550 indidem
2424 4496 2776 4567 omnigenum
2815 4496 2959 4550 aliud
2997 4494 3201 4550 erroris
3230 4509 3421 4564 agmen
3457 4511 3619 4549 exse-

2055 4586 2258 4655 quitur.
2293 4586 2504 4642 Idcirco
2535 4596 2620 4642 sat
2655 4587 2859 4655 eritgad.
2882 4595 3204 4656 praesentem
3235 4602 3459 4656 scopum
3497 4588 3629 4643 cui-t

2054 4677 2197 4745 piant
2229 4692 2420 4731 eorum
2482 4677 2840 4733 brevissimas
2868 4676 3139 4745 quasdam
3178 4685 3233 4729 et
3272 4685 3488 4744 apertas
3537 4678 3619 4730 in-

2055 4770 2456 4838 terrogationes
2482 4769 2627 4823 circa
2660 4769 2838 4837 ipsum
2866 4769 3039 4823 solum
3066 4782 3372 4837 proponere
3417 4784 3615 4822 unum-

2055 4875 2161 4929 que
2220 4862 2392 4928 ipsum
2469 4860 2575 4915 sibi
2631 4861 2682 4913 in
2740 4861 2991 4914 amentiae
3061 4876 3175 4915 suae
3239 4870 3629 4929 argumentum,

2056 4948 2325 5019 proferre,
2355 4948 2568 5003 scilicet
2593 4964 2657 5002 ex
2696 4949 3047 5015 paucissimis
3080 4948 3633 5017 evidentissimisque.

2057 5056 2176 5111 qua:
2207 5039 2274 5095 ad
2302 5041 2485 5110 ipsum
2522 5038 2757 5093 attinent
2786 5039 3178 5108 pluenomenis.

2126 5131 2195 5185 Mi
2238 5132 2422 5194 homo,
2467 5139 2523 5185 tu
2568 5131 2854 5186 manifeste
2904 5131 3115 5186 caeteris
3164 5131 3396 5185 terrenis
3455 5128 3631 5186 rebus.

2054 5226 2268 5295 ipsique
2344 5232 2499 5280 teme
2554 5234 2745 5278 natura
2802 5235 3086 5293 praestas:
3158 5233 3357 5277 terram
3430 5237 3624 5290 nempe

2054 5323 2109 5369 et
2138 5315 2363 5384 lapidem
2401 5314 2629 5367 internis
2659 5312 2913 5367 omnibus
2948 5321 3153 5365 natura:
3198 5310 3429 5363 dotibus
3456 5324 3620 5378 supe-

2057 5420 2169 5468 ras,
2209 5419 2437 5472 corpore
2461 5413 2669 5458 tantum
2702 5418 2827 5458 cum
2858 5403 2965 5457 illis
2993 5401 3264 5455 adunatus
3297 5401 3443 5469 (nam
3477 5408 3531 5456 ct
3561 5412 3625 5456 tu

2059 5512 2288 5567 corpore
2314 5495 2796 5564 circumvestiris);
2826 5494 3133 5555 aut-ctiam,
3171 5495 3215 5547 si
3248 5493 3446 5561 placet,
3473 5494 3625 5562 ipso-

2058 5598 2167 5645 mct
2195 5602 2315 5645 csse
2345 5587 2491 5657 quod
2527 5586 2794 5643 universis
2832 5586 3052 5643 omnino
3098 5584 3312 5642 cutibus
3340 5586 3627 5642 convenit,
