3904 6134
186 176 193 183 ’
231 202 334 268 571

1289 205 1665 266 GENNADII
1707 204 1817 265 ΟΡ.
1858 201 2362 264 ΡΑΤΒῘΑΒΟΙΙΕ

3363 199 3464 260 572

229 315 362 372 Cum
390 315 570 386 planta
591 325 765 371 autem
788 316 961 386 magis
989 330 1049 371 ac
1076 314 1369 386 perfectius
1393 317 1560 393 vitam.
1579 314 1803 384 partici-

1910 313 2003 364 καὶ
2037 313 2117 364 ἔτι
2162 311 2401 372 πλείονος
2451 311 2726 371 κοινωνεῖς
2756 307 2848 360 καὶ
2888 308 3130 373 μείζονος
3176 307 3268 359 τοῦ
3298 307 3473 374 ἐμῷ-3-

229 420 350 472 pas,
383 419 486 473 qua
516 413 573 460 et
603 407 785 474 planta
819 408 978 461 etiam
1005 422 1035 461 a
1068 417 1206 462 terra
1238 417 1293 463 et
1320 409 1498 477 lapide
1525 423 1585 462 ac
1609 407 1803 477 quovis

236 494 536 548 inanimato
568 494 754 550 distat.
774 495 896 550 Jam
919 512 1047 551 vero
1077 513 1201 552 cum
1236 499 1521 568 zoophytis
1551 498 1802 553 ambula-

231 582 428 636 torium
457 589 659 637 motum
697 599 1043 640 communem
1078 588 1243 642 habes
1273 604 1382 657 quo
1425 597 1478 642 ct
1515 587 1605 640 illa
1650 587 1800 652 plan-

238 681 320 726 tas
361 683 712 741 exsuperant.
762 673 1111 748 llociterum
1158 679 1251 731 tibi
1297 692 1425 731 cum
1470 678 1800 732 animalilzus

231 764 641 834 eongruitquod
684 776 877 832 praeter
910 768 1085 821 omnia
1139 767 1354 836 praefata
1411 783 1571 822 sensu
1610 767 1797 836 pullos,

232 853 379 907 unde
415 865 466 908 et
500 855 755 908 animalia
785 859 997 911 cwleris
1029 860 1240 912 cunctis
1276 857 1643 923 przreminent.
1699 855 1808 912 Uni

233 944 450 998 tandem
481 944 596 998 'tibi
661 945 824 999 indita
882 948 1018 1001 ratio
1067 958 1150 1003 est
1197 963 1302 1016 qua
1353 965 1562 1004 summe
1609 961 1800 1004 eaétrra

234 1031 504 1097 praecellis
559 1033 831 1087 universa.
865 1035 1140 1090 Undenam
1171 1039 1336 1106 igitur
1373 1040 1640 1092 concinna
1689 1041 1801 1092 haec

237 1119 378 1176 inter
415 1135 467 1176 te
529 1124 759 1192 primum
793 1137 848 1182 et
891 1128 1122 1197 reliqua,
1169 1129 1362 1183 horum
1399 1130 1520 1183 dein
1557 1130 1696 1182 inter
1743 1145 1802 1183 se

235 1210 467 1265 imicem
501 1214 804 1279 distinctio,
851 1231 972 1284 qua:
1021 1233 1116 1286 per
1148 1233 1361 1273 omnem
1411 1221 1676 1289 cujusque
1713 1235 1805 1288 ge-

237 1302 381 1354 neris
409 1311 712 1359 atomorum
747 1306 1062 1362 infinitatem
1107 1310 1388 1378 pervadit?
1433 1310 1690 1380 Nunquid
1735 1311 1804 1367 ab

237 1393 404 1461 ipsis?
462 1397 531 1448 At
577 1398 622 1451 si
675 1398 810 1467 lapis
851 1400 1069 1468 quidem
1122 1403 1388 1470 petuisset
1428 1419 1548 1460 esse
1596 1406 1800 1474 planta,

238 1482 656 1540 humilioremne
711 1490 939 1557 gradum
975 1493 1224 1546 teneret?
1271 1493 1422 1548 Haud
1455 1503 1601 1550 certe
1631 1497 1804 1565 magis

239 1588 400 1644 quam
454 1584 508 1629 tu
559 1577 720 1647 regiae
756 1580 914 1634 malis
963 1596 1086 1636 esse
1129 1582 1336 1651 janitor
1365 1599 1548 1651 quam,
1581 1588 1802 1655 optione

1905 423 2025 475 χου,
2061 399 2104 472 ᾧ
2147 408 2240 460 καὶ
2278 404 2337 456 τὸ
2385 404 2547 471 φυτὸν
2596 403 2700 470 γῆς
2732 419 2789 453 τε
2835 402 2931 454 καὶ
2959 400 3104 452 λίθου
3137 399 3232 452 καὶ
3271 401 3470 462 παντὲς

1904 498 2113 567 ἀψύχου
2173 498 2474 550 διίσταταιο
2538 496 2673 561 προς
2733 494 2790 546 δέ
2851 511 2913 562 γε
2974 492 3041 546 τὰ
3107 492 3358 558 ζωόφυτα
3412 493 3471 543 τδ

1906 589 2172 640 κινεῖσθαι
2204 587 2584 655 μεταϐατικῶς
2628 586 2805 639 κοινὸν
2841 585 3004 654 ἔχεις,
3037 579 3080 652 ᾧ
3107 586 3336 637 κάκεῖνα
3362 583 3473 635 τῶν

1906 676 2191 744 φυομένων
2211 675 2623 729 πλεονεκτοῦσι.
2647 676 2772 734 Τοῖς
2795 675 2849 727 δὲ
2873 674 3029 735 ζώοις
3057 674 3134 725 ἔτι
3165 672 3474 741 περαιτέρω

1909 767 2292 834 συμπέπ).εξαι
2321 805 2334 825 ,
2391 765 2470 833 τῷ
2504 767 2639 834 προς
2689 767 2802 825 τοῖς
2853 764 3164 833 εἰρημένοις
3199 765 3330 816 πᾶσι
3379 762 3474 814 καὶ

1907 855 2284 919 αἰσθάνεσθαι,
2316 849 2358 922 ᾧ
2393 856 2485 907 καὶ
2509 861 2576 908 τὰ
2601 853 2716 916 ζῶα
2748 853 2855 904 τῶν
2885 853 3058 907 ἄλλων
3090 853 3305 906 πάντων
3337 869 3472 921 προ-

1905 947 2156 1016 έχουσιν·
2195 947 2279 1000 σοι
2307 947 2361 998 δὲ
2393 947 2538 1015 μόνῳ
2584 946 2642 998 τὸ
2676 944 2989 1012 λογίζεσθαι
3024 945 3183 1014 μόνον
3217 945 3384 1008 ἐστιν,
3427 938 3473 1010 ᾧ

1904 1040 2012 1090 τῶν
2051 1037 2226 1090 ἄλλων
2254 1040 2472 1090 πάντων
2502 1037 2703 1107 ἐξόχως
2739 1038 3086 1106 ὑπέρκεισαι.
3123 1036 3294 1088 Πόθεν
3319 1031 3412 1088 οὖν
3435 1037 3468 1103 ἡ

1906 1129 2162 1192 εὔτακτος
2209 1131 2348 1199 αὕτη
2396 1129 2667 1198 διάκρισίς
2701 1131 2814 1180 ἐστί
2855 1146 2936 1181 σοι
2967 1128 3106 1197 πρός
3136 1144 3198 1195 γε
3244 1127 3310 1178 τὰ
3338 1125 3473 1178 ἄλλα

1905 1218 2182 1281 κάκείνοις
2234 1220 2369 1290 πρὸς
2421 1218 2592 1271 ἑαυτὰ
2627 1222 2806 1271 πᾶσαν
2838 1219 3194 1287 διατρέχουσα
3236 1215 3345 1268 τῶν
3381 1214 3472 1282 ὑφ’

1906 1313 2124 1382 ἑκάστῳ
2175 1314 2319 1379 γένει
2361 1311 2460 1379 τὴν
2487 1311 2771 1381 ιάπειρίαν
2821 1310 3070 1377 ἀτόμωνς
3112 1307 3338 1375 πότερον
3377 1307 3472 1375 ἀφ’

1906 1402 2118 1470 αὑτῶν;
2172 1404 2268 1456 καὶ
2319 1403 2478 1472 εἴπερ
2524 1405 2551 1455 ὁ
2605 1401 2751 1462 λίθος
2807 1401 3039 1470 ἠδύνατο
3093 1399 3256 1467 φυτὸν
3303 1393 3468 1460 εἶναι,

1906 1497 2077 1550 εἵλετο
2105 1495 2170 1548 ἂν
2202 1495 2292 1547 τὸν
2315 1495 2484 1564 χείρω
2516 1492 2756 1563 βαθμὸν;
2787 1492 2860 1544 Οὐ
2888 1490 3110 1560 μᾶλλον,
3142 1490 3173 1558 ἢ
3203 1490 3272 1542 σὺ·
3296 1488 3474 1558 θυρω-

1909 1588 2000 1657 ρδς
2033 1588 2096 1641 ἂν
2132 1587 2276 1640 εἵλου
2308 1586 2415 1638 τῶν
2446 1585 2732 1654 βασιλείων
2760 1580 2898 1636 εῖναι
2933 1583 3052 1636 ἀντὶ
3087 1581 3178 1635 τοῦ
3206 1581 3282 1650 τῷ
3319 1581 3472 1650 βασι·

238 1664 334 1716 tibi
363 1664 510 1728 data,
531 1665 597 1718 ad
624 1668 803 1722 cubile
832 1671 1037 1739 regium
1066 1648 1344 1728 assistere.
1380 1648 1592 1730 Numvct
1617 1648 1800 1746 planta

1908 1679 2039 1747 λικῷ
2071 1679 2293 1732 κοιτῶνι
2343 1676 2737 1747 παρίστασθαι,
2788 1675 2881 1727 ἐπὶ
2926 1677 3009 1728 σοὶ
3061 1674 3321 1743 κειμένης
3371 1673 3476 1738 τῆς

241 1763 433 1823 sponte
461 1754 656 1811 fuisset
704 1759 923 1813 animali
961 1762 1350 1819 inferior?Aut
1389 1780 1562 1834 equus
1598 1784 1802 1834 nonne,

240 1847 288 1899 si
340 1862 504 1914 penes
547 1848 724 1917 ipsum
771 1851 968 1917 fuerit,
1035 1855 1322 1910 humanam
1403 1858 1504 1912 sibi
1555 1869 1804 1913 naturam

240 1937 599 1994 vindicasset?
631 1940 699 1994 At
730 1944 1068 2013 neutiquam,
1102 1947 1295 2016 inquit,
1329 1965 1355 2002 a
1383 1953 1689 2020 semetipsis
1719 1954 1805 2008 ilia

241 2025 541 2094 distinctio,
586 2031 679 2084 sed
726 2029 951 2087 fortuito
1000 2044 1054 2088 et
1104 2035 1233 2091 cash
1275 2039 1412 2093 facta
1465 2051 1568 2095 est.
1607 2040 1804 2095 Verum

237 2117 383 2176 enim.
421 2118 466 2171 si
498 2119 630 2186 quid
665 2121 932 2196 ejusmodi
961 2139 1086 2178 raro
1115 2126 1166 2180 in
1199 2128 1264 2182 iis
1293 2129 1432 2182 adsit
1454 2146 1574 2199 qua:
1601 2140 1806 2185 statuto

239 2217 293 2262 et
321 2208 544 2264 deﬁnito
569 2211 702 2265 tlunt
733 2215 949 2280 ordine,
986 2215 1065 2276 id,
1095 2224 1154 2270 ut
1182 2230 1377 2274 natura
1410 2221 1523 2273 vult
1563 2230 1617 2274 et
1645 2222 1804 2286 ratio,

240 2298 329 2355 his
357 2309 630 2370 quatenus
678 2316 805 2361 sunt
849 2323 914 2362 ex
949 2309 1216 2365 diametro
1255 2321 1356 2366 est.
1405 2313 1560 2368 Unde
1609 2313 1654 2367 si
1694 2314 1805 2368 haec

240 2406 348 2446 non
377 2394 722 2462 exsisterent,
770 2413 946 2468 neque
993 2400 1121 2455 illud
1169 2418 1406 2471 unquam
1451 2405 1626 2466 ﬁeret,
1665 2406 1806 2460 sicut

241 2485 468 2540 morbus
515 2502 622 2540 non
665 2491 976 2557 supervenit
1024 2492 1129 2546 nisi
1181 2496 1506 2562 praecedenti
1558 2496 1804 2550 sanitati.

242 2575 349 2630 Sed
383 2584 503 2631 esto
540 2593 688 2632 nunc
721 2594 884 2634 causa
917 2583 1029 2635 haec
1057 2583 1128 2636 sit
1153 2598 1252 2636 cur
1288 2585 1361 2638 ita
1393 2601 1477 2639 res
1507 2585 1646 2640 forte
1675 2602 1804 2641 eon-

240 2665 556 2735 tingat,non
587 2669 712 2722 ideo
734 2671 943 2725 steteris
968 2674 1224 2728 omnibus
1246 2675 1501 2729 similiter
1527 2691 1586 2731 se
1620 2678 1802 2732 habet.

240 2758 411 2813 Porro
440 2759 587 2815 nulla
622 2771 872 2816 movente
904 2777 1091 2829 causa,
1123 2765 1256 2819 nihil
1291 2783 1526 2836 unquam
1563 2768 1802 2822 futurum

237 2859 402 2915 esset,
441 2859 493 2902 at
532 2861 678 2906 certe
709 2861 1081 2920 portentosum
1116 2856 1321 2925 aliquid
1353 2859 1515 2913 semel
1548 2860 1802 2916 accidens

237 2955 335 3010 per
365 2942 562 2998 multas
593 2954 898 3013 tempOrum
931 2948 1185 3015 periodos
1213 2952 1491 3020 corruptio
1524 2959 1606 3006 est
1649 2962 1802 3007 natu—
1832 2966 1874 3024 ο

237 3031 368 3087 ralis
434 3033 641 3087 ordinis
696 3048 760 3087 ex
807 3036 1038 3102 quodam
1092 3029 1295 3092 naturae
1345 3039 1536 3094 morbo
1591 3051 1837 3096 exorta;

236 3124 501 3181 Praeterea
533 3143 708 3183 nonne
730 3137 784 3183 tu
815 3139 1008 3185 cuncta
1031 3132 1262 3195 moliris,
1293 3133 1492 3203 quippe
1519 3137 1608 3205 qui
1644 3138 1809 3192 ratio-

237 3232 304 3270 ne
329 3219 521 3284 polles,
539 3228 596 3271 ut
617 3234 858 3287 quaenam
878 3223 985 3274 sint
1003 3223 1207 3291 agenda
1226 3224 1420 3292 eligas?
1446 3226 1512 3280 Ut
1533 3227 1659 3295 quid
1679 3243 1808 3296 ergo

237 3307 474 3362 volatum
509 3310 714 3378 jamdiu
746 3327 849 3364 non
871 3315 1150 3380 usurpasti
1177 3329 1298 3368 eum
1327 3319 1524 3383 sacpius
1575 3318 1807 3374 fortasse

238 3401 442 3454 dixeris
466 3418 478 3452 :
515 3401 730 3455 Utinam
760 3403 920 3456 modo
944 3405 1132 3459 volare
1160 3406 1382 3474 queam?
1411 3407 1486 3460 Ex
1505 3423 1570 3462 eo
1591 3409 1809 3462 eviden-

237 3502 323 3547 ter
337 3491 502 3560 quod,
529 3495 594 3546 ad
614 3494 904 3547 volandmn
930 3511 1054 3550 cum
1078 3506 1238 3552 natus
1263 3513 1366 3552 non
1394 3502 1470 3554 sis
1495 3543 1509 3565 ,
1555 3499 1667 3553 ﬁeri
1700 3517 1804 3554 non

234 3590 415 3652 potest
439 3594 493 3637 ut
526 3586 686 3639 homo
711 3586 873 3640 simul
895 3587 1126 3642 exsistas
1142 3590 1649 3656 etvolalile.Quidui
1681 3608 1805 3648 vero

235 3674 517 3744 perimum
544 3692 690 3731 mare
714 3679 1058 3745 per-ambulas
1081 3695 1095 3744 ;
1117 3679 1292 3748 utjam
1321 3691 1391 3733 tot
1424 3692 1709 3751 tantosque
1729 3684 1803 3735 la-

239 3767 399 3820 bores
439 3781 502 3820 ac
535 3767 815 3822 discursus
839 3769 1010 3837 fugias
1031 3771 1230 3838 quibus
1258 3773 1540 3826 desursum
1576 3773 1804 3840 piseanti

237 3871 375 3925 opus
410 3856 534 3911 est?
584 3858 720 3924 Quia
756 3860 1012 3914 videlicet
1049 3876 1078 3914 a
1133 3872 1328 3916 natura
1387 3881 1492 3918 non
1553 3866 1718 3920 habes
1749 3875 1804 3918 ut

238 3949 292 4001 in
342 3950 498 4017 aquis
529 3950 724 4018 degere
759 3952 962 4016 valeas,
1011 3953 1154 4008 sicut
1185 3969 1284 4009 nec
1333 3955 1384 4008 in
1420 3965 1564 4010 terra
1607 3955 1798 4025 piscis,

238 4039 394 4095 Unde
441 4044 688 4111 quamvis
740 4053 928 4113 tuopte
993 4055 1313 4102 cancrorum
1365 4049 1577 4102 vivendi
1627 4065 1802 4113 genus

237 4131 477 4198 affectes,
520 4135 571 4189 id
621 4144 814 4190 natura
864 4137 961 4190 tibi
990 4139 1134 4192 circa
1163 4139 1425 4209 pleraque
1477 4141 1800 4205 prmﬁnitum

238 4234 340 4292 est,
387 4236 440 4281 et
471 4237 628 4280 natus
675 4243 782 4283 non
831 4229 907 4284 sis
936 4239 1146 4298 oportet
1177 4230 1240 4284 ad
1274 4231 1454 4286 omnia
1513 4247 1610 4300 pro
1652 4233 1802 4286 Iibilo

1907 1769 2158 1836 ἐκλογῆς.
2215 1769 2325 1820 Καὶ
2371 1767 2535 1835 φυτὸν
2583 1764 2652 1836 ἦν
2687 1767 2751 1820 ἂν
2785 1766 2909 1818 ἑκδν
2948 1767 3129 1835 χεῖρον
3165 1763 3255 1816 τοῦ
3290 1762 3473 1827 ζὼσυῖ

1908 1863 2002 1917 καὶ
2043 1863 2207 1923 ἵππος
2231 1859 2527 1926 δυνάμενος
2569 1858 2634 1911 ἂν
2668 1856 2956 1927 ἀνθρώπου
2993 1855 3343 1927 φύσινῠέχειν
3373 1854 3474 1906 οὐκ

1906 1953 1972 2006 ἂν
1995 1953 2292 2021 ὲ6ουλήθη;
2345 1951 2462 2018 Ἀφ’
2492 1949 2670 2002 αὐτῶν
2699 1947 2796 2016 μὲν
2827 1947 2917 2000 οὖν
2947 1946 3181 2016 οὐδαμῆ,
3216 1945 3331 1998 ἀλλ’
3373 1946 3474 1997 αὒ-

1906 2044 2155 2112 τομάτως
2189 2041 2282 2094 καὶ
2331 2041 2566 2111 τυχαίως
2601 2039 2699 2092 ὡδὶ
2731 2038 3100 2108 διακέκριται.
3147 2036 3290 2089 Ἀλλ’
3328 2038 3380 2089 εί
3422 2054 3474 2087 τι

1907 2134 2114 2187 τοιοῦτο
2147 2136 2202 2186 ὲν
2232 2133 2344 2195 τοῖς
2381 2130 2690 2199 γινομένοις
2723 2131 2967 2191 σπανίως
2995 2129 3110 2181 ἐστὶ
3137 2130 3250 2190 τοῖς
3279 2144 3476 2192 τεταγ-

1912 2221 2094 2292 μένοις
2120 2237 2179 2273 τε
2212 2221 2305 2272 καὶ
2331 2219 2680 2289 ὡρισμένοις,
2709 2220 2805 2270 καί⁹
2837 2217 2978 2270 κατὰ
3013 2215 3174 2284 φύσιν
3200 2216 3291 2268 καὶ
3315 2214 3476 2280 λόγον

1906 2307 2058 2363 οὖσιν
2117 2309 2493 2379 ἁντιδιῄρηται
2520 2346 2535 2371 ,
2591 2307 2714 2360 ὅθεν
2761 2307 2809 2358 εἰ
2847 2305 2921 2376 μὴ
2953 2305 3103 2358 ταῦτ’
3139 2301 3226 2375 ἦν,
3262 2304 3369 2357 οὐδ’
3406 2304 3474 2356 ἂν

1908 2400 2082 2453 ἐκεῖνό
2109 2416 2238 2452 ποτε
2274 2398 2516 2466 γίνεσθαι
2552 2397 2742 2466 ὥσπερ
2766 2396 2916 2459 νόσος
2951 2395 3355 2465 ἐπισυμδαίνει,
3385 2394 3476 2445 διὰ

1907 2492 1967 2545 τὸ
1997 2491 2176 2562 πολλῷ
2207 2491 2473 2561 πρότερον
2520 2490 2711 2556 ὑγείαν
2745 2484 2886 2543 εἶναι
2910 2503 2927 2520 ⁶
2979 2488 3152 2540 καίτοι
3197 2489 3288 2539 καὶ
3316 2486 3477 2539 τοῦτο

1909 2583 2152 2652 προσεχῆ
2203 2582 2301 2650 μὲν
2353 2582 2534 2633 αἰτίαν
2580 2579 2677 2633 τοῦ
2707 2580 2803 2632 ὡδί
2850 2596 2966 2640 πως
3011 2579 3324 2632 ἀποϐαίνειν
3370 2579 3474 2629 οὐκ

1909 2672 2022 2740 ἔχει
2055 2675 2167 2735 τοῖς
2195 2671 2375 2733 ἄλλοις
2420 2672 2586 2722 πᾶσιν
2621 2670 2858 2740 ὁμοίωςο
2896 2668 3074 2731 αἰτίας
3119 2668 3163 2721 δ’
3199 2667 3324 2721 ἄνευ
3374 2669 3475 2734 τῆς

1911 2761 2174 2826 ποιούσης
2205 2761 2301 2814 οὐκ
2332 2760 2396 2813 ἄν
2426 2777 2555 2814 ποτε
2601 2761 2831 2826 γένοιτο,
2865 2761 2960 2812 καὶ
2988 2759 3288 2830 τερατῶδες
3334 2758 3390 2810 δέ
3419 2775 3476 2810 τι

1908 2853 2194 2922 γινόμενον
2225 2850 2373 2916 ἅπαξ
2403 2851 2460 2904 ἐν
2489 2852 2761 2919 περιόδοις
2800 2852 3006 2921 χρόνων
3040 2850 3263 2912 πολλαῖς
3301 2850 3476 2918 φθορὰ

1906 2945 2006 3013 τῆς
2035 2945 2268 3013 φυσικῆς
2290 2945 2405 2996 ἐστι
2434 2944 2638 3005 τάξεως
2663 2943 2750 2996 διά
2780 2960 2834 2995 τι
2867 2942 3033 3005 πάθος
3057 2943 3152 3012 τῆς
3178 2942 3308 3010 ὕλης
3330 2941 3479 2995 οὕτω

1914 3038 2307 3106 συμϐαίνουσα.
2352 3036 2475 3088 Ἐπὶ
2526 3036 2735 3098 τούτοις
2785 3035 2844 3088 οὐ
2881 3035 2943 3087 σύ
2986 3053 3047 3103 γε
3078 3036 3251 3088 πάντα
3301 3035 3478 3096 ποιεῖς

1911 3128 2345 3198 προαιρούμενος
2375 3129 2490 3181 ἅττ’
2513 3129 2579 3181 ἂν
2601 3129 2835 3196 ποιοίης,
2861 3127 2942 3196 τῷ·
2965 3143 3026 3193 γε
3058 3126 3274 3194 λογικὸς
3303 3122 3473 3189 sint;

1910 3219 1998 3273 διὰ
2027 3221 2078 3272 τί
2107 3220 2180 3292 μὴ
2209 3222 2303 3273 καὶ
2337 3220 2594 3273 ίπτασθαί
2629 3237 2760 3272 ποτε
2790 3222 3029 3290 προαιρῇ
3064 3221 3242 3271 καίτοι
3273 3218 3478 3270 πολλάς-

1912 3328 1997 3373 κις
2033 3311 2162 3374 ἴσως
2210 3311 2398 3373 εἰπὼν,
2431 3311 2554 3386 Εἴθε
2587 3311 2680 3363 νῦν
2716 3312 2997 3381 ἠδυνάμην
3031 3311 3264 3378 πτῆναι;
3316 3309 3348 3378 ἢ
3382 3310 3478 3368 δῆ-

1908 3402 2019 3463 λον,
2058 3403 2138 3453 ὅτι
2174 3403 2248 3471 μὴ
2296 3391 2546 3471 πέφυκας
2595 3405 2875 3468 ἵπτασθαι,
2910 3404 3014 3456 οὐδ’
3059 3397 3172 3457 οἷον
3219 3405 3276 3456 τέ
3327 3405 3477 3455 ἔστιν

1908 3493 2194 3564 ἄνθρωπόν
2245 3511 2302 3546 σε
2349 3494 2465 3563 ἅμα
2510 3495 2601 3548 καὶ
2642 3496 2847 3564 πτηνὸν
2877 3493 3037 3549 εἶναι.
3099 3496 3196 3549 Διὰ
3228 3495 3364 3548 τίδὲ
3400 3494 3477 3564 μὴ
3517 3537 3522 3540 .

1908 3583 2118 3638 καὶ’τδν
2150 3587 2246 3655 τῆς
2277 3587 2544 3656 θαλάττης
2575 3588 2879 3658 διατρέχεις
2919 3587 3097 3658 βυθὸν,
3133 3589 3220 3642 ἵνα
3255 3589 3329 3659 μὴ
3355 3605 3479 3641 τοσ-

1907 3678 2089 3740 ούτοις
2149 3678 2330 3740 πόνοις
2381 3681 2473 3731 καὶ
2521 3679 2762 3747 μεθόδοις
2816 3681 2988 3748 τρέφῃ
3018 3680 3314 3743 τοιαύταις,
3350 3683 3478 3742 τοὺς

1913 3768 2065 3838 ἰχθῦς
2095 3770 2301 3823 ἄνωθεν
2335 3771 2594 3836 ἁλιεύωνς
2627 3772 2659 3840 ἢ
2700 3771 2878 3839 δῆλον,
2913 3773 2994 3824 ὅτι
3027 3773 3102 3841 μὴ
3143 3774 3392 3840 πῖφυκας
3418 3775 3477 3824 ὲν

1909 3862 2066 3916 ὕδασι
2098 3861 2362 3915 δύνασθαι
2393 3861 2514 3932 ζῇν,
2544 3861 2732 3931 ὥσπερ
2765 3861 2872 3914 οὐδ’
2906 3862 3057 3931 ἰχθὺς
3081 3863 3238 3916 τοῦτο
3270 3863 3476 3916 δύναιτ’

1907 3955 1973 4008 ἂν
2010 3956 2067 4006 ἐν
2101 3957 2165 4023 τῇ
2201 3957 2305 4024 γῇ’
2340 3954 2465 4006 ὅθεν
2511 3955 2558 4005 εἰ
2599 3956 2694 4007 καὶ⁸
2730 3954 2808 4022 τῷ
2858 3955 3176 4024 προαιρέσει
3225 3954 3324 4025 ζῇν
3366 3955 3478 4006 τῶν

1915 4044 2095 4097 ἄλλων
2127 4045 2491 4106 πλεονεκτεῖς,
2536 4042 2671 4095 ἀλλὰ
2706 4042 2864 4111 φύσει
2897 4043 2989 4095 καὶ
3025 4041 3183 4095 τοῦτό
3223 4060 3302 4095 σοι
3337 4045 3477 4112 προς

1906 4136 2136 4188 πλεῖστὰ
2186 4151 2248 4201 γε
2297 4134 2562 4204 ὥρισται,
2613 4136 2707 4186 καὶ
2751 4133 2831 4185 δεῖ
2865 4151 2924 4185 σε
2969 4133 3042 4202 μὴ
3079 4134 3257 4186 πάντα
3291 4151 3471 4210 πξφυο

1904 4226 2061 4279 κέναι
2095 4225 2356 4296 πράττειν
2407 4223 2817 4295 προῃρημένον,
2859 4224 2995 4293 πρὸς
3041 4224 3109 4277 τὰ
3139 4225 3364 4277 πλείστα
3413 4224 3474 4276 δὲ

244 4319 569 4386 peragenda,
609 4318 719 4371 imo
753 4320 930 4388 quoad
966 4321 1224 4389 pleraque
1255 4322 1332 4374 sis
1354 4323 1578 4375 omnino
1603 4322 1798 4390 impos.

1908 4317 2343 4384 ἀποπεφυκέναι.

314 4406 601 4474 lllaeigitur
631 4408 771 4462 inter
793 4413 1215 4480 unumquodque
1246 4427 1424 4466 rerum
1455 4429 1627 4482 genus
1653 4413 1806 4468 diﬂ'e-

241 4495 582 4565 rentize,quae
615 4498 680 4550 ad
709 4497 853 4567 ipsos
882 4516 1054 4568 usque
1083 4502 1299 4569 generis
1330 4512 1542 4558 atomos
1573 4504 1644 4557 ita
1677 4519 1803 4573 per-

237 4587 463 4639 veniunt
490 4595 548 4639 ut
580 4602 678 4642 nec
711 4589 832 4656 plus
883 4605 1059 4659 neque
1113 4591 1297 4646 minus
1339 4593 1542 4649 habere
1591 4596 1800 4663 possint

239 4676 362 4732 boni
413 4693 574 4747 quam
631 4681 826 4750 cuique
880 4691 1074 4736 natura
1143 4686 1472 4753 prmstituit,
1535 4688 1625 4756 qui
1689 4688 1800 4756 jam

237 4784 366 4824 casu
402 4780 586 4826 essent
615 4781 706 4827 aut
738 4773 984 4842 fortuito,
1015 4777 1058 4830 si
1091 4779 1307 4847 quidem
1342 4779 1482 4848 quod
1520 4779 1801 4832 fortuitum

237 4871 332 4916 aut
380 4863 594 4919 casuale
635 4873 718 4920 est
758 4881 880 4922 cum
911 4868 1176 4925 ordinatis
1224 4870 1574 4940 deiinitisque
1637 4873 1802 4928 rebus

237 4967 300 5007 cx
329 4953 555 5009 adverso
583 4954 808 5011 dissidet
840 4965 894 5012 et
915 4973 978 5013 ea
1011 4977 1132 5029 quae
1165 4961 1215 5014 in
1237 4962 1571 5014 contrarium
1594 4961 1804 5017 discre-

238 5056 366 5116 pant
397 5062 670 5118 nunquam
699 5049 910 5105 coalcrc
928 5063 1155 5119 possunt
1180 5052 1312 5105 ?llla
1338 5063 1512 5106 autem
1537 5069 1656 5122 quae
1676 5066 1802 5110 sunt

237 5153 332 5206 per
348 5139 595 5194 ordinem
617 5139 902 5208 disposita.
935 5143 1052 5198 sive
1081 5143 1132 5197 id
1161 5152 1352 5198 natura
1376 5145 1466 5199 ﬁat
1487 5147 1793 5201 sivehomi-

235 5230 320 5283 nis
335 5231 581 5295 arbitrio,
599 5232 869 5302 quomodo
885 5234 964 5288 sic
979 5236 1287 5301 evaderent,
1301 5237 1619 5305 diSpouente
1638 5239 1805 5292 nemio

237 5319 454 5374 tte‘lAut
488 5336 587 5375 nec
613 5334 643 5373 a
675 5322 977 5389 semetipsis
999 5325 1248 5378 ordinata
1277 5327 1543 5380 undenam
1585 5327 1799 5381 tandem

233 5408 619 5466 ordinarentur
645 5413 669 5466 τ
701 5413 756 5467 Si
788 5429 915 5468 vero
935 5415 1066 5469 mihi
1089 5416 1306 5471 dederis
1329 5432 1393 5470 ex
1427 5418 1802 5485 superioribus

237 5494 456 5560 quidem
493 5506 546 5550 et
571 5503 1042 5557 communioribus
1067 5505 1246 5558 causis
1298 5506 1401 5559 hoc
1452 5507 1686 5574 quodam
1738 5524 1803 5562 ex

238 5581 430 5638 ordine
463 5586 601 5650 ﬁeri,
633 5589 864 5652 primum
919 5606 946 5645 a
991 5599 1040 5647 te
1094 5592 1310 5657 iamiam
1371 5593 1536 5649 cilluit
1583 5599 1801 5652 casualc

1977 4403 2150 4462 Αὗται
2182 4408 2365 4460 τοίνυν
2393 4409 2446 4460 αἱ
2477 4408 2733 4478 διαφοραὶ
2756 4409 2895 4461 κατὰ
2923 4409 3077 4475 γένος
3116 4409 3214 4478 μὲν
3237 4408 3476 4462 ἕκαστον

1906 4497 2083 4562 οὖσαι,
2118 4500 2210 4552 ἐπὶ
2236 4501 2291 4554 δὲ
2320 4501 2386 4553 τὰ
2422 4501 2512 4554 τοῦ
2551 4500 2739 4567 γένους
2764 4499 2942 4567 ἄτομα
2973 4499 3365 4569 διατρέχουσαι,
3400 4499 3477 4555 ὡς

1909 4593 2047 4661 μήτε
2080 4591 2338 4645 δύνασθαι
2377 4592 2539 4644 πλέον
2572 4591 2713 4659 ἔχειν
2761 4591 2886 4659 μήτ’
2914 4591 3134 4642 ἔλαττον
3182 4588 3274 4642 τοῦ
3313 4589 3474 4659 φύσει

1905 4684 2156 4748 ἑκάστοις
2201 4685 2509 4754 ὡρισμένου
2543 4680 2729 4741 καλοῦ,
2764 4681 2881 4743 πῶς
2914 4680 2979 4733 ἃν
3023 4679 3260 4748 τυχαίως
3294 4677 3406 4732 εἷεν
3438 4679 3470 4748 ἦ

1906 4777 2254 4847 αὐτομάτως,
2303 4776 2461 4845 εἴπερ
2497 4774 2556 4826 τὸ
2591 4773 2811 4842 τυχαῖόν
2843 4789 2903 4823 τε
2935 4773 3029 4824 καὶ
3061 4771 3366 4841 αὐτόματον
3397 4772 3472 4839 τῷ

1905 4866 2225 4934 τεταγμένῳ
2281 4883 2349 4920 ,τε
2405 4864 2499 4916 καὶ
2546 4864 2840 4932 ὡρισμένῳ
2907 4862 3320 4931 ἁντιδιῄρηται,
3377 4865 3471 4914 xei.

1904 4955 2277 5024 ἁντιιρατικῶς
2305 4955 2822 5022 διακεκριμέναοοὺκ
2854 4953 2919 5007 ἂν
2937 4952 3152 5008 δύναιτο
3175 4951 3465 5014 συνελθεῖν,

1903 5049 2213 5116 τεταγμένα
2243 5047 2299 5099 δὲ
2329 5046 2457 5098 ὄντα
2492 5047 2559 5099 τὰ
2600 5046 2761 5113 φύσει
2797 5062 2852 5098 τε
2891 5045 3033 5097 οὕτω
3064 5046 3321 5112 γινόμενα
3376 5045 3468 5096 καὶ

1906 5140 2222 5209 προαιρέσει
2265 5138 2601 5210 ἀνθρωπίνῃ,
2635 5138 2750 5200 πῶς
2794 5135 2859 5189 ἂν
2891 5137 3018 5190 ἄνευ
3059 5131 3167 5187 εἷεν
3210 5135 3302 5188 τοῦ
3336 5133 3466 5188 τάτ-

1904 5249 2110 5295 τοντος,
2162 5231 2256 5282 καὶ
2289 5230 2379 5299 ὑφ’
2429 5231 2608 5282 αὐτῶν
2653 5229 2714 5280 οὐ
2745 5228 3057 5297 ταττόμενα
3105 5227 3371 5280 τάττοιντ¹
3401 5227 3468 5279 ἂν

1906 5322 2169 5390 ἑτέρωθεν
2201 5322 2405 5391 antron);
2449 5322 2507 5373 Εἰ
2533 5322 2712 5372 τοίνυν
2743 5319 2892 5387 δοίης
2914 5359 2928 5382 ,
2976 5319 3169 5382 αἰτίοις
3211 5317 3470 5387 ὑψηλοτέ-

1907 5415 2018 5484 ροις
2053 5430 2112 5464 τε
2144 5415 2236 5464 καὶ
2287 5411 2614 5480 κοινοτέροις
2641 5410 2793 5463 ταῦθ’
2842 5409 2982 5462 οὕτω
3034 5409 3278 5478 γίνεσθαι
3331 5410 3470 5477 μετὰ

1903 5521 2046 5567 τινος
2099 5505 2326 5569 τάξεως,
2375 5503 2590 5570 πρῶτον
2641 5503 2737 5571 μὲν
2785 5500 2991 5571 οἴχεταί
3044 5516 3126 5552 σοι
3181 5501 3364 5550 λοιπον
3408 5501 3467 5550 τὸ

1907 5596 2127 5654 τυγαῖὸν
2158 5612 2216 5647 τε
2255 5595 2345 5648 rati.
2380 5593 2682 5647 αὐτόματον
2707 5609 2719 5624 ο
2757 5587 2872 5644 εἶτα
2900 5591 2993 5643 καὶ
3032 5591 3159 5644 ττεοί
3184 5587 3404 5642 ἐκείνων
3433 5587 3468 5657 ἡ
