3904 6134
362 234 473 325 ἐπι

1459 241 1560 300 DE
1605 241 1752 301 Ι)Εο
1799 240 1876 299 IN
1913 240 2346 304 TRINITATE
2383 247 2564 307 ΗΝΘ.

3533 247 3635 310 574

365 352 503 424 αὑτὴ
534 353 601 409 ἂν
628 353 859 426 ζήτησις
890 357 997 427 είη,
1032 358 1143 421 τοῖς
1185 357 1445 412 ὑποκάτω
1479 359 1693 423 τούτοις
1741 359 1938 428 ὁμοίως

2049 358 2191 413 istud
2229 371 2281 415 et
2315 362 2628 426 fortuitum.
2663 364 2857 419 deinde
2900 373 2952 419 et
3007 363 3099 418 illa
3149 364 3288 433 ipsa,
3341 361 3528 417 eadem
3587 365 3631 417 si

365 449 526 520 φύσει
568 467 626 502 τε
672 451 764 503 καὶ
794 449 946 515 τάξει
980 451 1114 520 πρὸς
1147 451 1355 521 ἄλληλα
1395 451 1786 520 διαφερόντων.
1821 452 1944 506 Οὐδ’

362 544 548 596 ἐκεῖνα
591 541 704 609 γάρ
736 541 868 611 παρ’
911 541 1122 594 ἑαυτῶν
1168 543 1266 612 τὴν
1296 543 1390 595 τοῦ
1441 545 1616 595 ποιεῖν
1666 541 1809 594 οὕτω
1852 543 1944 595 καὶ

363 634 580 686 τάττειν
614 631 672 683 ὲν
718 633 831 694 τοῖς
875 631 1288 702 ὑποδεεστέροις
1324 632 1508 701 ἔχουσι
1543 631 1792 703 δύναμιν,
1819 632 1943 685 οὑτε

360 724 460 792 τὴν
492 724 631 791 πρὸς
677 723 883 792 ἄλληλα
914 723 1192 794 ὑπεροχήν
1241 744 1299 779 τε
1347 728 1440 780 καὶ
1479 728 1708 796 ὕφεσιν·
1745 725 1944 796 σελήνη

361 819 491 890 γάρ,
523 821 683 891 εἴπερ
719 820 846 886 ἐξῆν
895 821 1054 891 αὐτῇ,
1093 822 1254 874 ense
1283 821 1349 875 ἂν
1381 825 1584 891 μᾶλλον
1628 823 1777 892 ἥλιος
1804 816 1944 873 εἶναι

361 913 455 964 καὶ
509 912 654 981 ἅπερ
693 912 844 982 ἣλιος
899 914 955 965 ἐν
1014 915 1125 975 τοῖς
1180 914 1440 967 ὑποκάτω
1496 916 1710 977 τούτοις
1757 918 1942 980 ποιεῖ,

360 1002 531 1056 ταῦτα
558 1007 729 1056 ποιεῖν
758 1005 957 1070 μᾶλλον
980 1005 1136 1074 αὑτὴ,
1171 1006 1340 1058 πλείω
1365 1025 1420 1059 τε
1452 1008 1544 1074 καὶ
1577 1005 1769 1076 βελτίω
1793 1007 1941 1074 ὄντα,

361 1088 435 1147 ὧν
471 1094 607 1162 αὑτὴ
635 1097 808 1148 ποιεῖν
835 1094 1092 1148 δύναται·
1132 1099 1224 1148 καὶ
1250 1097 1401 1166 ἥλιος
1427 1099 1564 1169 πρός
1602 1115 1664 1166 γε
1699 1100 1766 1152 τὰ
1801 1100 1943 1170 ὑπὲρ

359 1185 523 1239 αὑτὸν
560 1184 790 1254 σώματα
823 1185 1063 1250 τοιοῦτος
1108 1187 1174 1240 ἂν
1204 1184 1292 1256 ἦν,
1327 1191 1420 1240 καὶ
1470 1180 1615 1259 μάῖχη
1651 1207 1734 1253 τις
1767 1192 1831 1244 ἂν
1876 1189 1944 1262 ἦν

360 1277 486 1340 ἀντὶ
511 1277 740 1342 τάξεως.
779 1277 992 1330 Οὐκοῦν
1037 1280 1129 1331 καὶ
1174 1281 1282 1340 τοῖς
1319 1280 1676 1350 ὑψηλοτέροις
1709 1284 1944 1346 ἐκείνοις

361 1367 754 1438 ἠναγκασμένη
786 1368 869 1430 τίς
905 1369 1052 1420 ἐστιν
1085 1371 1118 1436 ἡ
1164 1369 1385 1436 τοιαύτη
1427 1371 1615 1436 τάξις·
1649 1373 1772 1425 ὅθεν
1803 1373 1939 1442 αὑτῇ

362 1462 457 1512 καὶ
486 1460 546 1510 τὸ
572 1459 954 1528 ἀμετάϐλητον
1003 1459 1268 1530 διηνεκῶς
1301 1461 1475 1514 ἔνεστι
1498 1504 1513 1526 ,
1559 1465 1656 1517 καὶ
1708 1465 1944 1531 φυσικῆς

358 1551 528 1619 οὔσης
551 1552 651 1622 τῆς
677 1557 934 1622 τοιαύτης
962 1554 1019 1606 ἐν
1052 1554 1236 1616 αὑτοῖς
1268 1553 1476 1618 τάξεως
1520 1557 1616 1609 καὶ
1652 1557 1751 1625 τὴν
1779 1556 1947 1622 φύσιν·

361 1644 420 1697 ἐν
443 1643 625 1706 αὑτοῖς
651 1645 883 1714 ἐχούσης
915 1645 1111 1715 ἀρχὴν,
1136 1646 1234 1713 τὴν
1265 1646 1436 1715 αὐτὴν
1468 1647 1537 1700 ἂν
1562 1646 1738 1715 ἔχοιεν
1762 1647 1943 1700 αίτίαν

358 1735 556 1804 δήπου,
581 1735 673 1789 τοῦ
703 1754 760 1788 τε
794 1737 889 1790 ὡδὶ
920 1738 1220 1805 πεφυκέναι
1250 1735 1343 1790 τοῦ
1376 1755 1432 1789 τε
1459 1738 1655 1790 οὑτωσὶ
1683 1737 1939 1807 τετάχθαι

360 1828 455 1880 καὶ
507 1828 686 1881 τοιάδε
733 1828 866 1897 δρᾷν
923 1829 979 1879 ὲν
1030 1829 1143 1889 τοῖς
1196 1827 1456 1880 ὑποκάτω
1502 1831 1732 1889 τούτοις.
1777 1828 1941 1882 Ἀλλά

360 1921 454 1972 καὶ
473 1918 630 1982 αὖθις
661 1919 1006 1987 πυνθάνομαί
1035 1935 1132 1972 σου
1151 1934 1165 1949 ·
1204 1919 1486 1986 οίκοδὸμος
1510 1912 1556 1970 εἷ
1585 1917 1648 1970 σύ
1671 1936 1731 1985 γε
1753 1920 1936 1990 τυχὸν,

359 2011 454 2065 καὶ
485 2011 601 2072 πῶς
630 2010 727 2080 οὑχ
761 2010 876 2078 ἅμα
906 2010 1002 2062 καὶ
1034 2011 1317 2076 ναυπηγὸς
1349 2004 1431 2076 ei;
1468 2012 1515 2062 εί
1547 2010 1601 2063 δὲ
1635 2011 1728 2062 καὶ⁸
1757 2010 1935 2070 τοῦτο.

358 2101 450 2155 διὰ.
492 2103 545 2154 τί
580 2101 655 2172 μὴ
693 2102 786 2154 καὶ
819 2101 1010 2170 τρίτην
1044 2100 1140 2170 τὴν
1173 2101 1576 2168 σκυτοτομικὴν
1611 2101 1791 2170 ἓχεις;
1847 2101 1940 2154 καὶ

358 2192 435 2255 ὡς
467 2191 533 2246 ἂν
558 2191 796 2245 συνελὼν
824 2192 1013 2260 φαίην,
1043 2192 1130 2246 διὰ
1156 2192 1208 2244 τί
1233 2192 1309 2261 μὴ
1333 2192 1588 2260 καθάπερ
1619 2193 1770 2261 μιᾶς,
1795 2191 1939 2245 οὕτω

357 2287 453 2339 καὶ
482 2287 663 2354 πάσης
687 2285 882 2356 τέχνης
921 2285 1272 2355 προέστηκας
1296 2300 1312 2350 ;
1343 2284 1375 2354 ἢ
1412 2285 1593 2354 δῆλον,
1624 2287 1707 2338 ὅτι
1747 2285 1824 2355 τῷ
1862 2284 1937 2354 μὴ

356 2376 621 2430 δύνασθαι
653 2375 839 2437 ’πάσας
879 2371 1017 2442 ὁμοῦ
1057 2374 1321 2442 μετιέναι.
1361 2373 1452 2424 Δεῖ
1489 2371 1599 2439 γάρ
1643 2372 1780 2441 πρὸς
1809 2370 1938 2423 ἐκά-

357 2485 491 2537 στην
523 2469 717 2538 τέχνην
756 2465 929 2520 πολλὰ
965 2465 1066 2531 μὲν
1102 2463 1316 2531 μαθεῖν,
1349 2463 1520 2515 πλείω
1547 2464 1600 2516 δὲ
1633 2462 1934 2532 ἐνηργηκέ-

357 2577 445 2613 ναι
478 2560 573 2614 καὶ
602 2557 745 2611 οὑτω
772 2559 874 2628 τὴν
899 2557 1013 2621 ἕξιν
1039 2555 1208 2624 πείρᾳ
1230 2554 1414 2607 λαὸεῖν
1433 2571 1448 2586 ο
1474 2555 1646 2628 ταῦτα
1670 2556 1724 2608 δὲ
1757 2555 1935 2607 πλείο-

357 2669 445 2713 νος
478 2650 543 2704 ἂν
565 2650 738 2703 δέοιτο
781 2650 1002 2719 χρόνου,
1035 2647 1144 2700 οὐδ’
1177 2647 1240 2700 ἂν
1271 2649 1301 2699 ὁ
1344 2645 1575 2698 ἑκάστου
1622 2647 1736 2715 βίος
1772 2648 1934 2716 ἀρκε-

360 2759 471 2796 σειε
525 2742 662 2809 πρὸς
716 2741 779 2792 τὸ
826 2739 1044 2801 πλείους
1093 2736 1237 2792 οὕτω
1271 2739 1579 2806 κτήσασθαι
1614 2739 1794 2806 μόνον,
1841 2737 1936 2791 καὶ

358 2831 488 2903 πρίν
535 2847 655 2882 τινα
692 2830 883 2896 μαθεῖν
916 2827 1133 2889 ἁπάσας
1181 2828 1360 2889 καλῶς
1395 2827 1487 2880 τοῦ
1524 2828 1752 2880 Θανάτου
1802 2828 1937 2896 φθά-

359 2939 556 2986 σαντος
586 2924 686 2975 οὑκ
718 2920 787 2974 ἂν
833 2921 1063 2990 οὐδεμιᾷ
1111 2922 1402 2990 χρήσαιτο.
1450 2920 1557 2971 Τοῦ
1588 2919 1644 2971 δὲ
1675 2918 1935 2972 δύνασθαι

1970 1687 2016 1745 Β

2048 452 2360 521 disquisitio
2419 459 2590 521 fieret,
2641 466 2948 527 naturaque
3006 468 3060 511 et
3102 457 3312 521 ordine,
3357 458 3500 510 sicut
3548 469 3634 508 res

2047 545 2338 602 inferiores
2367 548 2684 602 abinvicem
2714 551 2905 604 dissita
2940 552 3268 619 comperias.
3305 547 3490 615 Neque
3528 547 3634 602 illis

2048 637 2191 692 enim
2220 653 2246 690 a
2281 639 2479 707 seipsis
2514 640 2746 695 facultas
2784 641 2926 695 inest
2964 641 3037 694 ita
3090 640 3380 709 peragendi
3438 640 3624 704 dispu-

2047 727 2280 781 nendive
2311 729 2455 782 circa
2487 744 2576 783 res
2611 728 2840 782 inferius
2895 729 3126 797 positas,
3155 744 3255 784 nec
3283 730 3442 782 etiam
3491 731 3634 783 inter

2048 830 2105 869 se
2148 818 2508 885 prmstantlive
2533 826 2627 870 aut
2647 817 2982 886 subjacendi.
3003 818 3213 871 Etenim
3238 818 3386 880 luna,
3407 819 3557 885 siper
3575 834 3638 873 se

2045 907 2227 970 liceat,
2260 908 2342 962 sol
2376 923 2496 963 esse
2531 908 2711 977 potius
2742 908 2967 962 haberet
3023 917 3076 961 et
3134 909 3322 961 eadem
3377 923 3499 976 qua:
3550 909 3631 962 sol

2047 1000 2188 1069 apud
2217 1000 2474 1055 inferiora
2506 983 2737 1070 ipsamet
2787 1015 2967 1068 agere,
3003 1008 3062 1052 ut
3091 1007 3218 1064 pote
3236 999 3390 1066 plura
3419 1008 3473 1052 et
3492 1015 3632 1067 pra:-

2046 1091 2310 1145 stantiora
2347 1106 2510 1158 quam
2546 1106 2664 1157 qum
2695 1091 2810 1160 ipsa
2841 1099 3038 1159 potest.
3067 1090 3142 1142 Ita
3194 1099 3244 1141 et
3289 1089 3370 1142 sol
3436 1090 3632 1144 eodem

2047 1184 2207 1237 modo
2265 1198 2323 1236 se
2375 1184 2598 1236 haberet
2651 1198 2778 1251 erga
2843 1181 3160 1236 sublimiora
3216 1181 3315 1235 sibi
3377 1196 3628 1248 corpora,

2046 1275 2282 1344 indeque
2315 1291 2490 1343 pugna
2515 1275 2758 1344 quaedam
2784 1288 2883 1342 pro
2911 1275 3101 1327 ordine
3132 1271 3394 1342 prodiret.
3420 1272 3628 1338 Quam-

2045 1353 2256 1422 obrem.
2304 1368 2411 1423 illis
2477 1368 2639 1421 etiam
2699 1365 3110 1420 sublimioribus
3183 1365 3348 1420 rebus
3425 1372 3628 1420 statuta

2046 1460 2290 1528 quaedam
2320 1461 2434 1514 haec
2463 1469 2546 1513 est
2571 1458 2865 1519 ordinatio,
2894 1457 3034 1511 unde
3064 1465 3113 1509 et
3147 1457 3261 1525 ipsa
3295 1456 3512 1524 quidem
3571 1455 3626 1510 in

2047 1561 2370 1620 perpetuum
2410 1558 2577 1605 staret
2633 1549 2924 1610 indefecta,
2978 1556 3032 1602 et
3079 1548 3132 1602 in
3191 1547 3298 1602 illis
3355 1547 3625 1616 ejusmodi

2046 1643 2392 1697 ordinatione
2427 1644 2591 1696 insita
2627 1658 2748 1712 quae
2778 1643 2949 1709 ipsam
2986 1641 3144 1694 habet
3167 1649 3444 1694 auctorem
3467 1649 3628 1694 natu-

2046 1749 2186 1799 ram,
2217 1735 2400 1789 eadem
2440 1736 2695 1788 omnibus
2728 1748 2892 1788 causa
2923 1741 3069 1787 esset
3100 1747 3196 1785 cur
3231 1732 3300 1785 ita
3335 1733 3447 1785 siut
3497 1739 3623 1785 nata
3699 1749 3708 1758 ·

2044 1827 2373 1898 definitaque
2403 1830 2468 1881 ad
2497 1826 2696 1880 similia
2742 1827 2845 1880 sibi
2906 1825 3171 1893 subjectis
3230 1823 3622 1893 impertienda.

2041 1920 2254 1973 Alenim
2284 1933 2310 1970 a
2348 1927 2399 1972 te
2430 1933 2644 1972 rursum
2671 1933 2887 1984 qumro:
2921 1917 2999 1970 'l'u
3031 1917 3167 1970 forte
3195 1917 3328 1969 artis
3363 1933 3421 1970 es
3445 1932 3626 1972 came-

2043 2013 2242 2073 rititite,
2285 2010 2470 2080 quidni
2500 2025 2624 2063 vero
2649 2010 2810 2062 simul
2843 2018 2895 2063 et
2930 2010 3204 2079 nanpegia:
3230 2009 3252 2062 ?
3282 2007 3452 2062 Porro
3473 2009 3516 2061 si
3539 2025 3625 2063 res

2044 2106 2117 2160 ita
2155 2121 2212 2159 se
2248 2105 2464 2169 habeat,
2493 2121 2592 2157 cur
2624 2119 2730 2157 non
2762 2111 2813 2157 et
2875 2103 3042 2156 lilium
3099 2112 3250 2156 tenes
3304 2101 3624 2156 sutorium?

2043 2197 2282 2268 Denique
2310 2205 2367 2249 ut
2397 2197 2708 2251 summatim
2743 2195 2954 2264 loquar,
2984 2209 3150 2263 quare
3185 2207 3240 2248 ut
3263 2203 3432 2247 artem
3456 2208 3620 2247 unam

2042 2289 2120 2344 sic
2141 2303 2329 2343 omnes
2358 2289 2585 2356 adeptus
2614 2303 2720 2340 non
2756 2286 2854 2339 es?
2883 2285 2956 2338 Ex
3017 2300 3083 2339 eo
3133 2285 3426 2338 manifeste
3473 2283 3618 2352 quod

2041 2379 2379 2448 impossibile
2393 2380 2463 2433 sit
2487 2386 2716 2431 cunctas
2739 2377 2900 2429 simul
2926 2377 3164 2444 assequi.
3189 2376 3321 2429 Nam
3341 2377 3404 2427 ad
3428 2391 3622 2443 quam-

2041 2471 2171 2525 libet
2200 2479 2370 2538 artqu
2407 2453 2570 2523 multa
2627 2469 2846 2538 quidem
2907 2467 3242 2531 ediscenda;
3282 2467 3434 2535 plura
3490 2477 3621 2521 sunt

2042 2563 2347 2618 exercenda
2377 2573 2434 2618 ut
2457 2563 2726 2631 quispiam
2761 2576 2862 2613 usu
2895 2560 3102 2628 peritus
3130 2558 3343 2612 evadat.
3377 2558 3457 2611 Ad
3507 2557 3621 2612 h:rc

2042 2662 2222 2709 autem
2255 2655 2426 2708 multo
2452 2661 2695 2722 tempore
2723 2667 2861 2720 opus
2884 2660 3030 2704 esset
3087 2664 3189 2703 nec
3239 2649 3470 2719 singulis
3512 2650 3620 2703 vita

2041 2746 2309 2802 Sulliceret
2339 2746 2403 2798 ad
2435 2746 2615 2813 plures
2644 2752 2849 2798 tantum
2881 2741 3266 2812 acquirendas,
3328 2751 3381 2796 et
3433 2743 3621 2810 prius-

2042 2853 2205 2907 quam
2261 2835 2396 2891 scite
2420 2851 2613 2890 omnes
2644 2835 2843 2904 aliquis
2873 2836 3192 2902 attingeret,
3250 2843 3424 2887 morte
3476 2849 3618 2901 prae-

2043 2933 2341 2993 occupatus
2374 2939 2631 2977 neunam
2679 2923 2896 2992 quidem
2949 2929 3248 2975 exerceret.
3299 2919 3406 2973 Sed
3457 2931 3614 2975 esto:

355 3014 593 3086 χρῆσθαι
623 3013 786 3084 χάριν
808 3013 1015 3074 ταύτας
1044 3012 1277 3064 κτᾶσθαι
1305 3009 1698 3072 σπουδάζουσιν
1720 3011 1930 3080 ἄνθρω-

2042 3016 2289 3069 homines
2321 3015 2440 3068 illas
2470 3023 2527 3068 ut
2557 3029 2814 3068 exercere
2843 3013 3056 3065 valeant
3083 3011 3366 3079 acquirere
3395 3018 3619 3063 conten-

357 3122 485 3160 που
519 3104 658 3158 ἀλλὰ
709 3105 806 3156 καὶ
856 3103 920 3155 τὸ
949 3102 1208 3154 δύνασθαι
1243 3101 1439 3170 τέχνην
1476 3101 1605 3168 μίαν
1634 3101 1666 3168 ἢ
1697 3101 1789 3153 δύο
1827 3118 1932 3169 μα-

358 3198 473 3252 θεῖν
506 3197 668 3250 πόθεν
720 3196 900 3265 ἐχεις;
951 3197 1103 3263 παρὰ
1154 3191 1388 3258 σαυτοῦ;
1425 3193 1517 3244 καὶ
1556 3193 1662 3259 μὴν
1694 3192 1853 3262 ἢρκει
1885 3190 1934 3258 γ’

357 3290 424 3344 ἂν
444 3289 507 3342 τὸ
535 3289 761 3358 θελῆσαι
787 3287 924 3357 πρὸς
953 3286 1012 3337 τὸ
1044 3285 1259 3355 μαθεῖν,
1281 3284 1376 3337 καὶ
1404 3283 1573 3347 οὕτως
1597 3284 1660 3336 ἂν
1690 3286 1744 3335 ἐν
1770 3284 1933 3350 ὀλίγῳ

356 3379 536 3450 χρόνῳ
565 3380 744 3439 πάσας
782 3377 846 3430 ἂν
879 3372 1025 3446 εἶχες
1061 3374 1296 3428 εἰδέναιο
1326 3375 1464 3427 ἀλλά
1503 3376 1600 3444 τῆς
1633 3374 1935 3444 είρημένης

357 3473 768 3544 1κιείιιχωρήσειιυς
798 3471 892 3540 δέῃ
942 3471 1036 3522 καὶ
1067 3468 1262 3537 χρόνου
1294 3468 1432 3538 πρὸς
1481 3468 1723 3534 εκάστην
1762 3467 1939 3519 πλείο-

359 3582 473 3628 νος.
504 3561 714 3618 οὐκοῦν
751 3559 979 3616 ἄλλοθέν
1017 3575 1100 3612 σοι
1146 3559 1206 3610 τὺ
1250 3557 1512 3610 δύνασθαι
1551 3557 1743 3624 μαθεῖν
1791 3559 1938 3611 ἐστιν

359 3654 542 3710 ὁτιοῦν
587 3656 653 3722 τῇ
712 3632 884 3720 φύσει
929 3649 1227 3718 σπινθῆρος
1273 3649 1427 3718 δίκην
1463 3633 1814 3716 ἐγκείμενον
1846 3649 1938 3702 καὶ

361 3748 551 3815 ὥσπερ
579 3745 680 3800 οὐκ
702 3744 894 3812 ἐγινου
923 3739 1000 3811 τῷ
1029 3739 1257 3810 θελῆσαι
1284 3739 1556 3806 γίνεσθαι,
1582 3740 1644 3791 ού
1668 3739 1775 3808 γὰρ
1797 3734 1940 3808 ἦσθα

361 3838 496 3908 πρὶν
543 3835 818 3905 γίνεσθαι,
870 3833 1047 3896 οὕτως
1098 3833 1219 3885 οὐδὲ
1274 3832 1367 3883 τὸν
1421 3831 1695 3900 σπινθῆρα
1752 3830 1939 3882 τοῦτον

361 3933 523 4000 ἔσχες
549 3929 628 3999 τῷ
668 3926 1020 3999 βουληθῆναι,
1073 3927 1168 3979 καὶ
1212 3923 1271 3974 τὸ
1308 3925 1382 3990 μὴ
1417 3925 1601 3981 πάσας
1645 3921 1760 3974 ἀλλ’
1793 3922 1940 3984 ὲνίας

359 4021 639 4085 δύνασθαι,
671 4022 768 4075 καὶ
813 4019 876 4074 τδ
906 4019 983 4087 μὴ
1016 4019 1152 4084 πρὸς
1185 4017 1366 4078 πάσας
1396 4014 1599 4084 ὁμοίως
1634 4013 1938 4068 ἀδυνατεῖν.

357 4112 503 4168 Οὔτε
537 4112 643 4182 μὴν
675 4111 998 4179 αὐτομάτως
1050 4108 1238 4175 ἔσχες·
1269 4099 1414 4174 εἶχες
1459 4105 1569 4174 γὰρ
1605 4102 1672 4158 ἂν
1710 4104 1870 4170 μόνος
1905 4103 1936 4172 ἢ

372 4203 486 4270 μετ’
514 4203 711 4272 ὀλίγων
742 4201 926 4263 αὐτὸς,
962 4198 1072 4251 τῶν
1102 4198 1276 4250 ἄλλων
1302 4197 1439 4267 πρὸς
1473 4195 1534 4248 τὸ
1573 4196 1764 4264 μαθεῖν
1794 4197 1932 4248 ἁπο-

372 4295 706 4364 πεφυκότων,
751 4293 964 4362 ὥσπερ.
991 4290 1125 4359 πρὸς
1169 4290 1238 4342 τὰ
1289 4288 1451 4356 φύσει
1493 4287 1754 4356 γινόμενα
1786 4284 1940 4338 οὐδέν

2035 3107 2168 3175 dant
2196 3108 2373 3174 ;atqui
2401 3106 2518 3174 ipsa
2539 3108 2651 3158 haec
2679 3112 2852 3158 artem
2885 3119 3045 3156 unam
3079 3113 3171 3156 aut
3223 3102 3332 3155 duo
3382 3103 3617 3156 callcudi

2034 3182 2265 3253 facultas
2296 3198 2566 3250 undenam
2601 3195 2694 3249 tibi
2727 3195 2749 3247 ‘?
2777 3194 2964 3247 Numa
3001 3194 3292 3262 temetipso
3316 3193 3338 3245 ?
3359 3191 3494 3245 Tum
3519 3194 3614 3262 igi-

2034 3299 2122 3343 tur
2150 3289 2284 3342 velle
2320 3289 2452 3342 satis
2478 3286 2668 3340 fuisset
2699 3285 2977 3340 ediscendi
3014 3285 3207 3353 grazia.
3261 3284 3448 3354 sicque
3499 3300 3617 3338 om-

2035 3395 2136 3434 nes
2168 3380 2316 3433 brevi
2352 3378 2624 3447 potuisses
2645 3376 2884 3430 edoceri.
2912 3375 3015 3429 Sed
3052 3376 3274 3444 przefato
3315 3390 3447 3428 sane
3495 3391 3618 3443 pro-

2037 3487 2230 3541 gressu
2259 3481 2312 3525 et
2339 3471 2508 3524 multo
2539 3479 2780 3537 tempore
2806 3468 2899 3520 tibi
2934 3468 2998 3520 ad
3030 3467 3274 3535 singulas
3327 3482 3464 3535 opus
3513 3479 3616 3522 est.

2039 3563 2179 3632 Ergo
2211 3563 2426 3617 aliunde
2459 3563 2626 3615 habes
2653 3570 2708 3614 ut
2734 3560 2946 3614 discere
2976 3560 3619 3629 valcnsquidquidinstar

2039 3656 2289 3710 scintillae
2324 3653 2486 3707 estin
2517 3661 2710 3707 natura
2757 3652 3085 3720 depositum.
3142 3651 3209 3703 At
3265 3654 3618 3721 quemadmo-

2038 3750 2166 3805 dum
2205 3764 2310 3801 uon
2337 3764 2400 3802 ex
2429 3761 2494 3800 eo
2521 3745 2695 3798 factus
2718 3760 2777 3798 es
2827 3745 2968 3812 quod
3031 3744 3143 3798 fieri
3202 3744 3439 3798 volueris
3497 3745 3620 3813 (uec

2039 3841 2182 3893 enim
2215 3840 2364 3906 prior
2406 3837 2552 3890 fuisti
2591 3851 2750 3904 quam
2779 3835 2979 3904 ﬁeres).
3017 3837 3089 3889 ita
3116 3851 3291 3905 neque
3325 3836 3618 3892 scintillam

2043 3933 2204 3986 istam
2236 3932 2470 3985 haberes
2498 3945 2559 3983 eo
2595 3930 2713 3997 ipso
2748 3928 2892 3996 quod
2927 3931 3111 3982 animo
3142 3933 3491 3998 proposueris
3506 3933 3620 3987 sive

2044 4037 2151 4077 non
2187 4022 2364 4075 dicam
2395 4034 2586 4073 omnes
2616 4019 2709 4073 sed
2743 4019 2950 4085 aliquot
2991 4020 3306 4085 percallere,
3339 4021 3451 4074 sive
3511 4037 3618 4075 non

2040 4127 2161 4166 esse
2193 4112 2434 4164 omnium
2469 4110 2628 4164 simul
2657 4117 2955 4178 expertem.
2985 4111 3251 4162 Craterum
3277 4125 3452 4177 neque
3475 4111 3620 4164 istud

2042 4218 2173 4256 casu
2221 4210 2414 4256 nactus
2461 4215 2633 4262 esses,
2682 4201 2910 4254 haberes
2959 4201 3102 4254 enim
3166 4215 3306 4253 unus
3357 4200 3474 4269 ipse
3526 4210 3621 4254 aut

2044 4303 2222 4346 tecum
2257 4291 2435 4360 pauci,
2468 4291 2674 4359 peritiae
2707 4290 2919 4344 caeteris
2976 4290 3286 4344 exsortibus
3319 4307 3333 4355 ;
3361 4291 3623 4359 quemad-

367 4403 478 4438 εστι
527 4386 718 4455 σχεδὸν
769 4384 840 4441 τά
882 4401 948 4453 γε
979 4383 1304 4452 αὐτομάτως
1351 4380 1622 4448 λεγόμενα
1667 4377 1932 4444 γίνεσθαι.

2043 4385 2258 4437 modum
2296 4399 2414 4450 qua:
2444 4381 2666 4436 fortuita
2691 4383 2972 4443 dicuntur,
3001 4396 3096 4449 pro
3141 4380 3464 4434 naturaliter
3486 4395 3620 4435 con-

362 4477 473 4529 N’w
503 4477 560 4530 δὲ
606 4476 805 4540 πάντες
837 4476 1117 4544 ἄνθρωποι
1152 4473 1252 4543 τὴν
1297 4473 1394 4525 τοῦ
1431 4469 1728 4539 μανθάνειν
1755 4468 1936 4536 ἔχουσι

357 4567 624 4635 δύναμιν,
683 4567 953 4637 ἀορίστως
1010 4566 1110 4635 μὲν
1153 4564 1252 4634 τὴν
1310 4563 1486 4634 ἀρχὴν
1535 4561 1670 4629 πρὸς
1721 4561 1936 4623 ἁπάσας

358 4655 593 4724 ἔχουσαν
618 4655 813 4724 τέχνας
869 4657 999 4723 πρὶν
1050 4651 1321 4721 ἄρξασθαι
1361 4649 1674 4718 μανθάνειν,
1716 4649 1854 4716 μετὰ
1881 4649 1936 4700 δὲ

359 4743 522 4798 τοῦτο
557 4745 692 4812 πρὸς
743 4745 871 4813 μίαν
914 4744 1110 4811 τέχνην
1141 4742 1501 4820 ,ὁριζομένηῃ
1546 4741 1611 4809 ἣν
1640 4741 1704 4792 ἄν
1731 4757 1812 4801 τις
1846 4739 1936 4790 καὶ

363 4835 660 4902 μανθάνειν
709 4834 957 4902 ἄρξαιτο,
989 4837 1037 4885 εί
1069 4832 1115 4884 δ’
1151 4832 1512 4900 εὐφυέστερος
1551 4848 1632 4891 τις
1666 4831 1771 4898 εἴη,
1805 4830 1938 4898 πρὸς

361 4923 457 4974 δύο
504 4923 600 4974 καὶ
651 4924 822 4990 τρεῖς,
877 4921 990 4972 ἀλλ’
1025 4919 1172 4972 οὗτοι
1227 4936 1291 4986 γε
1343 4919 1475 4987 πρὸς
1518 4920 1615 4980 τὰς
1656 4917 1936 4981 πλείστας,

361 5011 527 5080 σχολῄ
562 5028 626 5078 γε
659 5013 796 5078 πρὸς
823 5012 1004 5072 πάσας
1031 5011 1166 5080 ὁμοῦ
1193 5027 1205 5039 ·
1235 5010 1328 5061 καὶ
1350 5010 1447 5079 τὴν
1470 5009 1726 5076 τοιαύτην
1757 5009 1812 5060 δὲ
1839 5007 1938 5074 τῆς

361 5099 580 5165 φύσεως
612 5099 1032 5167 ἐπιτηδειότητα
1065 5099 1203 5168 πρὸς
1249 5103 1308 5150 τὸ
1341 5097 1557 5160 πλείους
1598 5099 1788 5166 μαθεῖν
1817 5097 1936 5149 ὲτέ-

366 5192 540 5256 ρωθεν
571 5191 735 5260 ἔχεις,
765 5189 888 5242 ὅθεν
909 5190 974 5258 δὴ
1003 5190 1100 5242 καὶ
1127 5188 1188 5240 τὸ
1220 5188 1414 5256 μαθεῖν
1443 5188 1631 5250 ἁπλῶς
1659 5188 1935 5240 δύνασθαιο

363 5280 508 5333 ὥστε
545 5283 638 5333 καὶ
675 5283 878 5350 σημεῖα.
929 5280 1028 5347 τῆς
1077 5278 1336 5348 τοιαύτης
1381 5279 1705 5347 δεινότητος,
1753 5278 1937 5346 ὥσπερ

364 5370 431 5427 αὖ
461 5375 772 5426 τούναντίον
801 5372 896 5425 τοῦ
953 5373 1029 5443 μὴ
1083 5371 1384 5440 πεφυκέναι
1428 5370 1564 5439 πρὸς
1605 5371 1842 5434 πλείους,
1883 5374 1940 5423 ἐν

363 5467 433 5534 τῇ
463 5462 562 5518 τοῦ
594 5464 848 5534 σώματος
882 5463 1116 5536 ὁρῶνται
1164 5465 1476 5532 κατασκευῇ
1528 5463 1625 5526 τὴν
1665 5461 1814 5514 ἔνδον
1847 5463 1941 5533 δη-

364 5556 563 5609 λοῦντα
591 5558 869 5624 διάθεσιν,
926 5556 963 5612 ὃ.
1011 5559 1119 5619 τοῖς
1157 5557 1285 5624 περὶ
1323 5555 1493 5609 ταῦτα
1539 5554 1730 5616 δεινοῖς
1764 5554 1942 5617 καλῶς

369 5645 665 5718 ιξητάσοη.

2040 4475 2373 4543 tingentibus
2409 4473 2540 4526 nihil
2568 4473 2677 4528 fere
2704 4481 2850 4526 sunt.
2883 4472 2999 4527 Jam
3035 4489 3164 4528 vero
3187 4473 3438 4527 omnibus
3479 4473 3620 4528 iucst

2041 4567 2355 4620 hominibus
2383 4567 2660 4620 ediscendi
2683 4564 2934 4629 facultas,
2963 4567 3242 4620 iudefinita
3267 4565 3481 4634 quidem
3519 4567 3622 4620 ini-

2042 4661 2116 4712 tio
2154 4659 2296 4712 circa
2326 4657 2467 4711 artes
2494 4672 2702 4720 omnes,
2733 4657 3048 4725 priusquam
3081 4656 3289 4711 discere
3319 4658 3614 4725 incipiant;

2039 4758 2223 4819 postea
2254 4765 2382 4801 vero
2410 4749 2498 4801 uni
2533 4757 2740 4799 tantum
2773 4747 2990 4800 addicta
3021 4763 3181 4814 quam
3215 4748 3396 4816 quivis
3420 4764 3611 4804 susce-

2038 4841 2177 4908 perit
2197 4838 2782 4908 assequeudant.Qu0d
2817 4839 2863 4892 si
2889 4840 3010 4906 quis
3026 4839 3251 4907 aptioris
3284 4839 3446 4894 fuerit
3469 4842 3619 4909 iuge-

2041 4931 2138 4993 nii,
2172 4932 2236 4984 ad
2272 4930 2380 4984 duo
2416 4930 2496 4984 vel
2530 4939 2643 4984 tres
2679 4944 2778 4983 nec
2816 4931 2880 4983 ad
2914 4931 3096 4998 plures
3134 4931 3420 4998 pertiuget,
3448 4933 3616 4983 multo

2043 5022 2222 5074 minus
2246 5023 2310 5074 ad
2344 5023 2647 5075 universas.
2680 5021 2878 5074 Verum
2911 5022 3022 5074 hasc
3057 5023 3220 5074 etiam
3254 5022 3518 5074 naturalis
3547 5025 3614 5074 ad

2041 5111 2225 5179 plures
2254 5123 2400 5166 artes
2431 5111 2676 5180 aptitudo
2700 5111 2919 5164 aliunde
2953 5112 3046 5164 tibi
3081 5110 3159 5173 fit,
3191 5111 3332 5164 unde
3353 5112 3609 5164 nimirum

2041 5203 2153 5270 ipsa
2184 5201 2427 5255 discendi
2460 5202 2713 5257 facultas.
2741 5202 2886 5255 Adeo
2912 5203 3138 5270 utsigua
3159 5201 3320 5252 etiam
3343 5201 3613 5267 ejusmodi

2041 5292 2341 5347 habilitatis
2383 5294 2523 5348 sicut
2571 5305 2626 5347 et
2684 5291 2912 5354 inertiae,
2967 5291 3020 5343 in
3061 5291 3308 5357 corporis
3348 5292 3614 5345 constitu-

2043 5387 2188 5439 tione
2218 5377 2514 5456 apparcant
2549 5401 2610 5438 ex
2647 5384 2846 5453 quibus
2876 5381 3166 5434 innotescit
3201 5381 3368 5434 animi
3400 5390 3616 5450 captus,

2043 5487 2202 5546 prout
2223 5485 2475 5532 accurate
2507 5477 2571 5531 de
2601 5475 2686 5530 his
2715 5473 2887 5544 perite
2943 5480 3276 5540 compertum
3319 5471 3543 5528 habent.
