3904 6134
281 198 391 263 575

275 404 513 459 materiae
538 400 841 469 sulijacent,
871 399 962 454 sed
992 400 1084 455 alii
1113 400 1217 454 alia
1244 400 1505 470 quaeritur
1529 402 1552 454 ?
1576 400 1681 455 Nec
1699 398 1849 453 enim

275 497 519 567 profecto
568 494 757 549 eadem
810 509 875 548 ex
899 497 1122 549 materia
1153 496 1249 550 tibi
1310 496 1738 550 calceamcntum
1795 500 1849 547 et

273 585 492 638 domum
524 598 705 646 erues,
731 593 782 636 et
809 583 854 636 si
886 598 992 638 non
1019 584 1180 637 modo
1209 583 1587 638 camentitiam
1646 582 1738 637 sed
1794 588 1848 635 et

274 672 539 729 satoriam
568 671 778 726 coleres
803 680 971 725 artem
1008 688 1023 738 ;
1077 687 1252 740 neque
1279 672 1424 727 ultro
1472 671 1752 726 laborares
1800 672 1846 725 si

274 778 339 817 ex
389 762 578 815 eadem
630 775 816 823 posses
867 770 1163 829 utrumque
1212 762 1504 816 conﬁcere.
1563 761 1845 816 Undenam

274 847 439 915 igitur
464 845 603 915 apud
632 846 871 901 artiﬁces
902 848 989 900 illa
1037 849 1185 903 circa
1238 850 1493 905 materias
1543 849 1848 904 discretio?

275 936 391 990 Non
422 939 569 989 enim
598 951 703 991 sua
751 947 943 1006 sponte
997 940 1047 993 id
1106 942 1291 1010 operis
1344 941 1647 1008 exhibent;
1682 952 1847 1011 tuque

276 1030 390 1097 ipse
422 1028 547 1082 licet
577 1029 832 1085 omnibus
857 1032 1105 1086 similiter
1130 1033 1194 1085 ad
1230 1042 1560 1088 structuram
1590 1044 1733 1089 tuam
1766 1034 1842 1089 uti

274 1120 482 1183 liceret,
514 1130 571 1172 at
605 1135 710 1173 non
740 1120 862 1175 ideo
887 1136 1096 1190 posses.
1155 1120 1343 1189 Viden,
1379 1124 1529 1192 quod-
1576 1124 1843 1193 ejusmodi

276 1210 571 1274 ordinatio,
599 1212 817 1265 tametsi
870 1212 923 1266 in
952 1213 1161 1267 artibus
1186 1222 1239 1268 et
1272 1215 1499 1283 opiﬁciis
1532 1230 1628 1285 per
1658 1231 1716 1271 se
1762 1215 1843 1269 vi-

275 1302 469 1356 deatur
497 1303 600 1356 arti
630 1304 892 1370 subjecta,
948 1306 1065 1373 ipsa
1126 1320 1310 1360 revera
1368 1308 1547 1374 pravsit
1592 1306 1844 1360 omnibus

276 1408 400 1459 qua:
427 1394 749 1449 naturaliter
779 1404 1051 1459 constant,
1082 1396 1175 1450 tibi
1206 1411 1336 1451 vero
1383 1406 1625 1466 potestas
1673 1398 1843 1454 indita

278 1484 351 1537 sit
389 1484 699 1539 inveniendi
729 1502 976 1554 quaenam
1012 1488 1238 1543 cuilibet
1266 1489 1368 1542 arti
1417 1506 1463 1541 ni
1508 1491 1679 1543 ateiia
1714 1504 1843 1542 con-

275 1583 473 1644 gruat;
506 1574 625 1644 ipsa
674 1574 908 1645 denique
944 1578 1183 1645 ratiolest
1216 1578 1381 1632 etiam
1403 1578 1503 1633 sibi
1529 1578 1839 1634 famulantis

197 1699 206 1707 .
273 1664 539 1719 exercitii.
565 1665 831 1721 Praeterea
851 1682 1020 1734 quare
1038 1684 1159 1723 cum
1179 1669 1414 1745 adiﬁcas
1436 1686 1465 1725 a
1484 1670 1838 1728 fundamento

272 1753 492 1823 incipis,
525 1770 712 1811 muros
740 1758 933 1813 deinde
960 1768 1326 1826 coagmentati,
1355 1765 1595 1831 posthaec
1634 1764 1842 1819 tabula-

273 1854 454 1900 menta
484 1851 849 1917 superaternis
868 1865 931 1904 ac
955 1852 1187 1920 parietes
1218 1868 1435 1907 rursum
1486 1855 1669 1924 erigis,
1725 1868 1840 1910 tum

273 1937 527 2006 deinceps
559 1947 764 1993 tectum
800 1941 1059 2010 imponis,
1114 1957 1177 1998 ac
1227 1945 1441 1999 tandem
1494 1946 1839 2003 distributam

273 2039 505 2080 exornas
524 2028 835 2085 interiorem
858 2031 1078 2086 domum
1108 2048 1123 2099 ;
1153 2035 1349 2088 atenim
1374 2051 1647 2105 nunquam
1674 2050 1841 2093 retro-

274 2132 467 2172 versus
500 2119 602 2173 ista
633 2122 887 2191 peragis?
910 2125 1102 2177 Annon
1144 2125 1368 2181 evidens
1427 2126 1567 2195 quod
1625 2129 1841 2184 etiamsi

276 2207 433 2262 aliter
454 2209 606 2275 velis,
630 2226 735 2265 non
752 2212 871 2267 ideo
892 2222 1147 2282 praestare
1170 2217 1381 2284 queas?
1406 2214 1498 2271 Vel
1532 2220 1691 2272 etiam
1718 2235 1841 2290 pro-

274 2296 417 2352 fecto
445 2299 669 2368 pedibus
705 2310 827 2357 utut
853 2305 1016 2374 capiti
1052 2305 1254 2361 innixis
1280 2308 1576 2376 ineederes,
1608 2312 1651 2366 si
1678 2310 1840 2365 modo

275 2388 478 2454 valeas,
512 2392 652 2459 quod
676 2402 729 2447 et
752 2394 959 2449 lusores
1010 2396 1231 2464 quidam
1262 2398 1570 2468 prodigiose
1597 2409 1843 2469 patrant',

276 2478 331 2530 bi
361 2494 487 2535 vero
520 2496 587 2535 ne
614 2497 721 2536 una
746 2485 962 2553 quidem
1001 2488 1115 2541 vice
1138 2488 1301 2556 capiti
1335 2504 1430 2556 pro
1454 2491 1679 2558 pedibus
1705 2492 1841 2546 insi-

277 2576 451 2632 stunt,
484 2570 821 2639 impossibile
845 2575 990 2629 enim
1023 2586 1139 2642 est;
1171 2579 1419 2633 manibus
1440 2590 1619 2635 autem
1651 2592 1840 2637 evecto

278 2662 457 2729 capite
480 2662 627 2715 humi
656 2663 871 2729 ludunt,
904 2667 1018 2721 vice
1044 2668 1241 2735 pedum
1288 2671 1542 2726 manibus
1599 2683 1838 2730 utentes.

278 2748 477 2820 thuid
511 2753 734 2822 insuper
759 2757 809 2808 in
841 2758 974 2810 mari
1003 2774 1108 2811 non
1139 2760 1396 2827 aediﬁcas,
1421 2774 1515 2816 aut
1542 2776 1707 2819 nauta
1732 2780 1837 2821 non

275 2843 409 2895 solet
448 2850 590 2897 terra
619 2849 896 2914 navigare,
948 2849 1051 2925 nisi
1096 2852 1236 2919 quod
1297 2868 1470 2920 neque
1528 2868 1625 2921 per
1676 2871 1837 2926 agt-os

1368 200 1521 259 GEN
1534 199 1625 258 NA
1640 199 1748 259 Dii
1794 198 1904 261 (ΣΡ.
1946 200 2461 259 ΡΑἸἭΙΛΠΕΙΙΣΕ

248 332 255 367 2
346 313 463 379 Qua
489 325 618 367 vero
644 310 711 365 de
740 324 911 364 causa.
936 324 1041 363 non
1093 310 1293 364 eaedem
1341 309 1597 364 omnibus
1642 309 1852 363 artibus
1881 311 1933 367 Α

3409 201 3519 265 5ἷῦ

2029 309 2195 362 ’Ύλαι
2232 309 2287 362 δὲ
2326 310 2439 371 πῶς
2492 309 2587 379 οὑχ
2640 313 2694 365 αἱ
2744 310 2906 363 αὑταὶ
2952 309 3155 372 πάσαις
3207 311 3521 365 ὑπὸκειντειι

1950 399 2204 472 τέχναις
2262 400 2396 468 πρὸς
2431 399 2476 452 δ’
2510 399 2678 470 ἄλλην
2732 398 2928 469 τέχνην
2961 398 3096 468 ἄλλη
3152 400 3426 471 ζητεῖται’
3459 405 3521 455 οὑ

1950 492 2057 560 γὰρ
2089 494 2155 560 τῇ
2209 491 2350 561 αὑτῇ
2396 508 2457 558 γε
2512 490 2615 564 ὕλῃ
2670 492 2922 561 ὑπόδημα
2974 491 3041 544 ἂν
3096 494 3385 562 τεχνάσαιο
3430 495 3522 545 καὶ

1948 581 2148 643 οἰκίαν,
2183 581 2363 651 ῗείπερ
2406 584 2501 636 καὶ
2552 582 2913 652 σκυτοτομεῖν
2964 580 3186 651 εἰδείης,
3242 583 3303 634 οὑ
3360 584 3520 650 μόνον

1948 672 2281 742 οἰκοδομεῖν·
2315 674 2415 727 οὑκ
2448 673 2514 728 ἂν
2541 674 2585 725 δ’
2637 669 2782 742 εἶχες
2816 672 3116 743 πράγματα
3162 668 3323 731 ἑκὼν,
3362 662 3523 739 είτὲερ

1949 760 2202 830 ἡδύνασο,
2238 758 2303 831 τῇ
2337 762 2479 833 αὑτῇ,
2507 758 2654 814 οἶκόν
2681 780 2740 814 τε
2776 763 2869 815 καὶ
2910 761 3163 830 ὑπόδημα
3194 762 3374 813 ποιεῖν
3397 759 3521 829 ὕλῃ.

1950 850 2121 905 Πόθεν
2159 850 2264 923 δή
2305 854 2446 906 κατὰ
2499 853 2597 924 τὴν
2630 853 2764 923 ὕλην
2798 853 2937 923 αὕτη
2990 852 3221 920 διαφορὰ
3275 853 3411 919 πρός
3456 869 3520 918 γε

1948 944 2048 1006 τὰς
2082 945 2275 1013 τέχνας
2308 948 2416 1008 τοῖς
2449 946 2757 1015 μετιοῦσινς
2787 945 2846 997 οὑ
2879 944 2985 1013 γὰρ
3026 942 3337 1013 βουλόμενοι
3366 942 3525 996 τοῦτο

1948 1035 2293 1105 πάσχουσιν,
2356 1038 2447 1091 καὶ
2510 1038 2573 1090 σὺ
2630 1036 2912 1106 βουληθεϊς
2970 1034 3271 1105 κεχρῆσθαι
3322 1035 3524 1095 πάσαις

1945 1128 2147 1197 ὁμοίως
2183 1130 2318 1197 πρὸς
2368 1129 2467 1199 τὴν
2520 1129 2619 1197 σὴν
2668 1127 3018 1198 οἰκοδομικὴν
3061 1127 3163 1179 οὑκ
3211 1124 3278 1179 ἂν
3315 1125 3521 1187 δύναιο,

1946 1219 2197 1287 καθάπερ
2251 1219 2425 1287 ἔφθην
2477 1220 2669 1274 εἰπών.
2738 1219 2904 1289 Ὁρᾷς
2936 1217 3036 1286 τὴν
3081 1216 3341 1284 τοιαύτην
3371 1214 3525 1279 τάξιν

1944 1311 2046 1364 κάν
2076 1308 2195 1373 ταῖς
2236 1310 2450 1379 τέχναις
2482 1328 2540 1362 τε
2566 1313 2659 1363 καὶ
2696 1312 2810 1373 τοῖς
2843 1324 3075 1379 τεχνητο
3087 1309 3139 1371 ῖς
3180 1307 3519 1377 φαινομένην

1942 1401 2020 1469 τῷ
2049 1400 2148 1472 τὴν
2183 1402 2283 1470 μὲν
2329 1401 2489 1469 φύσιν
2538 1402 2858 1455 ὑποκεῖσθαι
2901 1403 2968 1472 τῇ
3019 1401 3220 1469 τέχνῃ,
3265 1397 3522 1468 τετάχθαι

1943 1491 1999 1545 δὲ
2027 1492 2313 1561 προδήλως
2344 1492 2514 1560 αὑτὴν
2543 1494 2599 1545 ὲν
2628 1492 2742 1554 τοῖς
2778 1491 2940 1560 φύσει
2974 1490 3304 1545 συνεστῶσιν
3325 1489 3519 1554 ἅπασι,

1946 1582 2028 1633 σοὶ
2050 1580 2103 1633 δὲ
2120 1581 2348 1650 δύναμιν
2364 1580 2696 1634 ἐντεθεῖσθαι
2712 1581 2828 1646 τοῦ,
2848 1580 2977 1633 ποία
3000 1578 3065 1635 ἃν
3086 1579 3187 1649 ὑλη
3210 1580 3337 1649 ποίᾳ
3353 1580 3521 1650 τέχνῃ

1941 1670 2259 1739 ἁρμόσειεν,
2282 1670 2570 1740 εὑρετικὴν
2592 1687 2606 1702 ο
2636 1671 2853 1740 ταύτην
2880 1670 2927 1724 δ’
2963 1666 3103 1723 εἶναι
3134 1674 3226 1722 τὸν
3244 1670 3405 1736 λόγον
3423 1669 3520 1721 καὶ

1940 1762 2140 1831 πείρας
2168 1762 2551 1833 ὑπουργούσης
2582 1763 2750 1831 αὑτῷ.
2785 1761 2948 1817 Ἀλλὰ
2983 1762 3088 1832 μὴν
3114 1761 3209 1813 καὶ
3236 1759 3326 1813 διὰ
3361 1760 3414 1812 τί
3451 1760 3518 1812 ἐκ

1943 1851 2197 1922 θεμελίου
2217 1852 2516 1922 οἰκοδομῶν
2535 1852 2701 1923 ἄρχῃ,
2723 1844 2843 1905 εἷτα
2861 1852 3080 1920 τοίχους
3104 1850 3391 1919 συνείρεις,
3412 1838 3519 1903 εἴτ’

1941 1944 2201 2011 ἑφαπλοῖς
2234 1946 2669 2015 καταστρώματα
2695 1946 2795 1996 καῖ
2821 1943 3030 2012 τοίχους
3080 1937 3147 1995 αὖ
3186 1939 3516 2008 ἔπεγείρεις,

1940 2031 2058 2086 εἶτα
2084 2034 2394 2087 τελευταῖον
2447 2033 2709 2095 ἐπιτιθεῖς
2740 2034 2963 2103 ὀροφὴν,
3013 2028 3134 2086 εῐτα
3169 2031 3403 2100 μερίζων
3431 2028 3517 2081 εν-

1940 2124 2030 2175 δον
2056 2126 2446 2192 κατακοσμεῖς,
2478 2124 2596 2177 ἀλλ’
2618 2125 2873 2178 οὐδέποτε
2898 2124 2990 2178 καὶ
3023 2123 3517 2191 ἀντεστραμμένως

1941 2214 2117 2267 ταῦτα
2158 2218 2371 2280 ποιεῖς;
2426 2217 2669 2286 ἢδῆλον,
2725 2216 2799 2280 ὡς
2848 2218 2947 2271 οὑκ
2984 2216 3050 2271 ἂν
3108 2218 3281 2280 ἄλλως
3334 2216 3519 2269 δύναιο

1944 2308 2116 2358 ποιεῖν
2148 2306 2269 2359 οὑδὲ
2306 2306 2629 2377 βουληθείς;
2665 2303 2743 2360 Ἦ
2772 2308 2877 2378 γὰρ
2913 2308 2980 2363 ἃν
3027 2310 3121 2363 uel.
3164 2308 3521 2377 περιεπάτεις

1941 2397 2072 2449 ποτὲ
2099 2399 2165 2467 τῇ
2208 2398 2418 2469 κεφαλῇ
2461 2399 2587 2461 τοὺς
2638 2399 2800 2461 πόδας
2850 2396 3164 2468 ὲπερείδων,
3207 2399 3362 2469 εἴπερ
3391 2399 3519 2466 ἡδύ-

1940 2505 2092 2551 νασο,
2133 2488 2267 2558 ὅπερ
2298 2489 2428 2541 ἔνιοι
2462 2489 2746 2552 παίζοντες
2778 2488 3303 2558 παραδοξοποιοῦσιν
3326 2506 3341 2521 ·
3384 2488 3518 2541 2&0-

1939 2596 2098 2649 ηνται
2130 2578 2181 2630 δὲ
2212 2580 2327 2632 οὐδ’
2368 2571 2514 2632 οὗτοι
2541 2582 2607 2649 τῇ
2636 2579 2846 2649 κεφαλῇ
2876 2580 3131 2644 καθάπαξ
3165 2582 3283 2632 ἀντὶ
3313 2581 3513 2643 ποδῶν,

1941 2670 2221 2739 ἀμήχανον
2258 2671 2386 2740 γὰρ,
2418 2673 2539 2732 ταῖς
2572 2671 2628 2723 δὲ
2656 2672 2813 2741 χερσὶ
2837 2673 2933 2741 τῂν
2968 2671 3210 2742 κεφαλὴν
3246 2674 3512 2741 μετεωρί-

1941 2760 2129 2826 ζοντες
2175 2762 2269 2814 ἐπὶ
2323 2762 2427 2831 γῆς
2459 2764 2711 2829 παίζουσι
2758 2766 2879 2826 ταῖς
2929 2768 3117 2833 χερσὶν
3170 2764 3289 2818 ἀντὶ
3335 2764 3515 2816 ποδῶν

1940 2850 2238 2921 χρώμενοι.
2275 2852 2374 2905 Διὰ
2404 2854 2454 2904 τι
2485 2852 2543 2906 δὲ
2587 2854 2681 2906 καὶ
2714 2853 2788 2923 μὴ
2825 2854 3127 2923 οίκοδομεῖς
3162 2852 3511 2921 ενοθαλάσσῃ.

276 2930 569 3000 navigatio,
630 2950 731 2989 nec
780 2934 834 2990 in
885 2940 1018 2991 mari
1074 2943 1633 3011 unquamgaediﬁcatio
1684 2944 1836 3016 fungi

1945 2943 2057 2996 οὐδ’
2079 2945 2107 2996 ό
2143 2943 2467 3006 πλευστικὺς
2492 2943 2587 2995 ἐπὶ
2616 2944 2719 3015 γῆς
2759 2944 2915 2997 εἴωθε
2948 2944 3122 3007 πλεῖν,
3159 2944 3298 3014 ηὸτι
3348 2942 3511 2997 πλευ-

278 3030 441 3090 queat
470 3038 570 3079 suo
614 3026 888 3082 munere?
952 3025 1073 3082 Uno
1120 3033 1302 3096 verbo,
1344 3049 1408 3088 ex
1461 3046 1577 3091 arte
1617 3038 1835 3107 quidem

275 3114 547 3170 mdiﬁcare
605 3117 862 3183 didicisti,
925 3130 1119 3173 natura
1163 3133 1342 3178 autem
1386 3128 1839 3197 naturalibusque

276 3210 439 3261 rebus
478 3206 667 3261 uteris.
706 3210 811 3263 Aut
849 3211 893 3265 si
946 3226 1101 3266 esses
1156 3215 1421 3281 medicus,
1480 3218 1680 3274 herbas
1730 3221 1838 3275 uti-

274 3312 379 3364 que
405 3312 467 3351 ac
498 3297 702 3366 lapides
727 3300 779 3353 in
810 3301 949 3355 hanc
975 3312 1143 3356 artem
1165 3304 1472 3360 adhibercs.
1521 3309 1686 3380 Atqui
1735 3312 1838 3365 alia

274 3387 490 3455 quidem
522 3388 586 3441 ad
623 3390 767 3444 aliud
801 3391 968 3446 herba
1001 3405 1125 3447 nata
1155 3404 1262 3460 est,
1291 3413 1465 3466 neque
1497 3401 1562 3452 ad
1619 3402 1836 3458 morbos

275 3484 486 3530 tantum
506 3482 797 3545 sanandos,
822 3481 916 3536 sed
943 3492 994 3536 et
1018 3482 1324 3539 inducendo
1344 3495 1454 3541 tum
1478 3488 1684 3544 scilicet
1708 3491 1838 3559 ipsis

277 3570 577 3636 mentibus,
610 3580 722 3627 tum
749 3573 815 3628 iis
847 3575 939 3643 qui
973 3584 1115 3630 recte
1150 3579 1227 3632 uti
1250 3579 1504 3633 nesciunt
1530 3596 1547 3647 ;
1572 3582 1675 3634 alia
1709 3595 1838 3637 vero

272 3657 435 3710 etiam
468 3657 625 3724 plane
677 3662 971 3729 perimunt,
1033 3666 1227 3720 nedum
1278 3667 1564 3725 sanitatem
1623 3680 1842 3725 servent

275 3757 369 3801 aut
407 3760 681 3805 revocent.
718 3751 792 3806 Ita
818 3761 869 3807 et
897 3754 1101 3823 lapides
1134 3767 1448 3825 operantur,
1496 3774 1598 3814 nec
1645 3774 1835 3815 eorum

275 3850 469 3895 natura
500 3843 605 3896 ulla
644 3859 878 3913 unquam
914 3858 1094 3913 posset
1128 3848 1393 3903 industria
1441 3851 1661 3904 mtttari.
1724 3850 1839 3907 Hoc

272 3942 480 3986 tantum
513 3934 868 4002 prohibentur
894 3952 982 4002 ne,
1002 3939 1277 4007 proprium
1301 3946 1641 4009 asscquendo
1659 3940 1836 4009 ﬁnem,

271 4024 405 4078 alias
430 4025 530 4078 sibi
573 4029 875 4083 contrarias
924 4029 1069 4083 vires
1121 4038 1213 4083 aut
1251 4029 1583 4086 elIicaciores
1632 4047 1837 4102 praepe-

271 4120 422 4173 diant
449 4128 725 4172 necnonet
749 4120 987 4189 reliquas
1006 4120 1138 4175 artis
1158 4122 1469 4178 methodos.

1945 3033 2103 3101 στικὴ
2135 3034 2232 3103 μὲν
2264 3034 2356 3085 ἐπὶ
2386 3032 2511 3100 γῆς,
2543 3032 2861 3102 οἰκοδομικὴ
2902 3031 2957 3084 δὲ
2988 3032 3081 3083 ἐπὶ
3113 3031 3384 3099 θαλάττης
3414 3031 3516 3083 οὑκ

1942 3123 2280 3177 ἂνδόναιντό
2316 3141 2445 3177 ποτε
2497 3123 2565 3175 τὰ
2601 3122 2779 3175 αὑτῶν
2830 3122 3131 3191 πράττεινς
3183 3122 3277 3174 καὶ
3330 3121 3518 3181 ἁπλῶς

1941 3218 2138 3281 εἰπεῖν,
2171 3217 2335 3288 τέχνῃ
2388 3216 2484 3284 μὲν
2528 3216 2700 3285 δήπου
2736 3216 2793 3267 τδ
2826 3214 3127 3284 οἰκοδομεῖν
3176 3212 3320 3281 ἔχειν
3368 3212 3518 3281 εῖλη-

1945 3325 2072 3378 φας,
2106 3309 2373 3378 κέχρησαι
2404 3308 2458 3361 δὲ
2495 3308 2655 3376 φύσει
2682 3324 2738 3359 τε
2769 3308 2862 3360 καὶ
2890 3307 3004 3368 τοῖς
3052 3306 3150 3375 τῆς
3183 3305 3396 3374 φύσεως
3425 3303 3519 3372 ιρι

1944 3416 2081 3468 γοις.
2117 3401 2225 3452 Καὶ
2254 3401 2434 3471 ἰατρὸς
2457 3400 2615 3468 εἴπερ
2642 3395 2807 3470 ἦσθα,
2838 3398 3092 3468 βοτάναις
3118 3398 3186 3451 ἂν
3212 3400 3309 3451 καῖ
3346 3396 3519 3457 λίθοις

1944 3491 2082 3559 πρὸς
2111 3492 2210 3559 τὴν
2239 3492 2434 3560 τέχνην
2469 3491 2673 3560 ταύτην
2711 3491 3012 3561 ὲκέχρησο·⁶
3060 3488 3260 3558 βοτάνη
3287 3488 3343 3539 δὲ
3372 3487 3509 3555 άλλη

1944 3580 2077 3650 δρᾷν
2103 3577 2230 3632 ἄλλο
2259 3597 2317 3631 τιν
2342 3581 2611 3649 πέφυκεν,
2642 3580 2761 3632 οὑδὲ
2796 3579 3119 3648 νοσημάτων
3150 3578 3518 3631 ἀπαλλάττειν

1950 3670 2131 3740 μόνον,
2163 3669 2297 3723 ἀλλὰ
2330 3670 2422 3723 καὶ
2451 3675 2640 3734 νόσους
2688 3672 2861 3723 ποιεῖν
2908 3675 3020 3733 τοῖς
3051 3670 3187 3732 ὅλως
3215 3668 3517 3738 χρωμένοις

1945 3761 1977 3831 ἢ
2008 3763 2121 3825 τοῖς
2150 3762 2249 3815 οὐκ
2299 3761 2466 3814 εἰδόσι
2498 3761 2733 3832 χρῆσθαι
2780 3760 2981 3826 καλῶς,
3013 3761 3107 3814 καὶ
3146 3761 3420 3814 κτείνουσι
3457 3758 3515 3811 δι

1946 3850 2102 3904 ἄλλαι
2139 3851 2358 3914 τελείως
2408 3852 2526 3904 ἀντὶ
2555 3850 2649 3904 τοὺ
2687 3851 2969 3921 τρέφεινῆ
3013 3851 3114 3919 τὴν
3164 3849 3353 3917 ὑγείαν
3382 3850 3518 3900 ιπε-

1948 3942 2214 4007 νασώζειν
2240 3960 2253 3973 ·
2287 3944 2379 3996 καὶ
2412 3943 2549 3996 λίθοι
2579 3942 2636 3996 δὲ
2661 3941 2924 4003 ὡσαύτως
2951 3940 3129 3994 ταῦτα
3155 3938 3389 4000 πονοῦσι,
3417 3936 3516 3989 καὶ

1940 4037 2041 4103 τὴν
2072 4034 2251 4087 αὐτῶν
2309 4034 2471 4104 φύσιν
2510 4034 2688 4095 οὐδεὶς
2747 4034 2812 4087 ἂν
2858 4032 3082 4101 οὐδεμιᾷ
3122 4030 3513 4098 μεταποιήσειι

1940 4128 2137 4198 τέχνῃ·
2194 4126 2464 4197 εἴργονται
2507 4127 2666 4196 μόνον
2711 4128 2781 4180 τὰ
2824 4125 3017 4193 αὐτῶν,
3044 4125 3289 4190 ὲξανύειν
3330 4122 3512 4186 ἄλλοις

272 4209 527 4263 τάναντία
560 4227 619 4262 τε
646 4209 913 4278 πεφυκόσι
942 4208 1067 4263 ”καὶ
1134 4208 1589 4282 δραστικωτέροις
1620 4212 2091 4286 άντιπραττόμενα
2121 4217 2213 4269 καὶ
2244 4215 2488 4286 μεθόδοις
2517 4218 2709 4286 τέχνης
2742 4215 2975 4286 ἑτέραις.

346 4303 531 4371 Itaque
558 4318 623 4355 ex
655 4302 1064 4358 sublimioribus
1096 4302 1189 4358 Dei
1239 4304 1494 4372 operibus
1546 4314 1707 4373 atque
1762 4323 1841 4361 re-
1869 4309 1921 4368 D

274 4408 393 4445 rum
428 4401 482 4445 et
505 4391 698 4445 virium
722 4391 805 4445 his
834 4391 1118 4446 insitarum
1180 4401 1287 4446 tam
1316 4394 1584 4448 concinna
1638 4396 1837 4450 distin-

273 4484 471 4544 c.ione,
501 4498 565 4536 ex
591 4482 1033 4536 manifestissima
1075 4492 1128 4536 et
1163 4485 1427 4552 stupenda
1458 4486 1645 4539 mundi
1665 4487 1837 4556 hujus

278 4573 517 4628 universi
550 4573 1017 4628 administratione
1064 4576 1149 4629 cui
1198 4585 1382 4629 tantus
1411 4578 1570 4647 ,ordo
1616 4587 1830 4647 prmest,

275 4683 341 4721 ex
369 4667 549 4720 multis
577 4666 694 4721 aliis
729 4665 965 4735 denique
1002 4666 1052 4719 id
1080 4669 1295 4737 generis
1348 4670 1490 4723 unde
1538 4684 1727 4725 omnes
1767 4669 1833 4723 ad

275 4758 366 4811 Dei
398 4760 644 4829 notitiam
677 4758 991 4812 necessario
1022 4760 1285 4828 compulsi
1348 4769 1496 4823 sunt,
1542 4774 1732 4828 posses
1781 4773 1834 4813 et

273 4861 326 4903 tn
356 4851 677 4917 cumperire,
706 4850 749 4904 si
777 4848 961 4915 libeat,
982 4850 1252 4906 nihilesse
1284 4850 1363 4904 vel
1390 4850 1509 4905 ﬁeri
1530 4851 1671 4919 quod
1696 4866 1835 4920 pra:-

269 4951 353 4995 tcr
386 4940 631 4994 ordinem
661 4940 752 4995 ﬁat
779 4950 871 4993 aut
899 4941 990 5007 sit,
1022 4941 1381 5010 universaque
1406 4941 1550 4996 entia
1599 4943 1832 5010 quadam

268 5034 421 5103 quasi
457 5032 785 5102 permirabili
818 5042 1008 5087 catena
1042 5033 1289 5087 connecti
1315 5033 1474 5087 simul
1506 5048 1569 5089 ac
1598 5035 1830 5102 secerni,

268 5124 427 5197 cujus
458 5138 566 5177 non
598 5120 830 5178 fuissent
861 5121 961 5191 ipsi
996 5120 1213 5175 sibimet
1242 5130 1517 5176 auctores.
1545 5120 1728 5191 Neque
1755 5130 1834 5175 tot

270 5226 489 5285 tamque
516 5214 810 5270 dissimiles
839 5223 1043 5266 naturae
1069 5212 1121 5265 in
1152 5213 1311 5267 unius
1341 5214 1526 5267 mundi
1567 5214 1837 5269 constitu-

268 5309 469 5362 tionem
499 5308 639 5361 inter
671 5321 729 5361 se
752 5313 937 5361 essent
973 5304 1041 5359 ab
1076 5304 1232 5358 initio
1277 5314 1565 5372 consertze,
1618 5306 1835 5361 neruine

263 5398 375 5467 jam
410 5407 865 5453 tutnconserente
907 5395 1119 5465 illisque
1164 5394 1245 5448 sic
1299 5403 1555 5463 perpetuo
1589 5396 1833 5451 coalendi

268 5486 379 5537 vim
407 5486 780 5554 suppeditante
802 5500 963 5554 quam
995 5486 1111 5553 ipse
1135 5494 1317 5554 posset
1363 5485 1428 5538 ad
1477 5494 1666 5538 nutum
1720 5486 1831 5539 sol-

268 5590 415 5633 vcrc.
448 5578 615 5633 Porro
646 5578 933 5633 ordinatim
970 5578 1072 5635 ista
1121 5591 1406 5633 conserere
1459 5578 1595 5631 idem
1648 5586 1729 5632 est
1772 5592 1834 5634 ac

2030 4309 2126 4362 Ἐκ
2155 4308 2265 4362 τῶν
2299 4308 2647 4379 ὑψηλοτέρων
2688 4310 2867 4362 τοίνυν
2898 4308 2993 4362 τοῦ
3024 4309 3167 4362 Θεοῢι
3208 4311 3387 4377 ἔργων
3415 4312 3510 4365 καθ

1942 4398 2041 4466 τῆς
2088 4398 2351 4451 εὐτάκτου
2387 4398 2653 4468 διαφορᾶς
2703 4398 2813 4451 τῶν
2846 4400 2902 4451 ἓν
2936 4400 3122 4462 αὐτοῖς
3165 4399 3510 4468 φύσεωνκαὶ

1942 4487 2243 4556 δυνάμεων,
2297 4489 2391 4541 καὶ
2438 4489 2545 4556 τῆς
2596 4491 2988 4559 φανερωτάτης
3047 4490 3140 4542 καὶ
3195 4490 3507 4559 ξενιζούσης

1940 4575 2091 4630 τοῦδε
2121 4576 2216 4631 τοῦ
2262 4579 2457 4640 παντὸς
2499 4578 2816 4646 διοικήσεως
2863 4578 3006 4632 οὕτω
3054 4579 3173 4632 λίαν
3210 4578 3378 4647 οὔσης
3411 4580 3507 4632 εὑ-

1939 4667 2139 4720 τάκτου
2162 4670 2255 4720 καὶ
2272 4666 2677 4722 πολλῶνηάλλων
2697 4668 2977 4734 τοιούτων,
3009 4669 3078 4721 δι’
3100 4664 3176 4724 ὧν
3197 4670 3502 4735 ἀναγκαίως

1940 4758 2077 4827 πρὸς
2106 4758 2200 4830 τὴν
2231 4760 2363 4829 περὶ
2409 4758 2500 4811 τοῦ
2534 4758 2677 4811 θείου
2729 4759 2929 4820 πάντες
2968 4760 3213 4829 ἤχθησαν
3268 4759 3501 4823 ἔννοιαν,

1935 4841 2080 4915 εἶχες
2109 4848 2195 4915 ἂν,
2235 4852 2391 4918 εἰπερ
2420 4848 2639 4901 ἐϐούλου
2681 4849 3021 4919 καταμαθεῖν
3066 4850 3161 4905 καὶ
3212 4851 3393 4914 αὑτὸς,
3430 4849 3507 4911 ὡς

1934 4939 2088 4993 οὐδὲν
2120 4940 2267 4993 ἔστιν
2295 4942 2352 4993 ιν
2381 4941 2491 5001 τοῖς
2518 4936 2637 4992 οὖσι
2666 4940 2764 4992 καὶ
2793 4942 3103 5008 γινομένοις
3134 4940 3264 4993 ἄνευ
3294 4938 3504 5001 τάξεως

1934 5028 1994 5082 ὃν
2030 5031 2123 5082 καὶ
2172 5031 2472 5100 γινόμενον,
2509 5030 2609 5083 καὶ
2654 5032 2734 5084 ὅτι
2761 5030 3012 5102 καθάπερ
3060 5031 3504 5100 ὑπερθαυμσάτῳ

1935 5125 2043 5174 τινὶ
2078 5121 2236 5191 σειρᾷ
2284 5122 2350 5173 τὰ
2383 5121 2509 5174 ὄντα
2542 5121 2718 5175 πάντα
2767 5120 3069 5174 συνδέδεταί
3100 5138 3159 5173 τε
3191 5122 3283 5174 καὶ
3317 5120 3503 5171 duxt-

1933 5230 2139 5282 κριται,
2174 5212 2294 5282 ἥτις
2320 5213 2418 5265 οὑκ
2464 5213 2529 5266 ἂν
2563 5214 2657 5267 ἀπ’
2686 5212 2879 5267 αὑτῶν·
2915 5217 2973 5266 ὲν
3004 5214 3187 5274 αὑτοῖς
3230 5212 3317 5279 εῖη
3342 5227 3357 5241 ·
3393 5209 3505 5262 οὔδ’

1934 5305 2000 5359 ἂν
2057 5304 2470 5373 συνεπλάκησαν
2521 5304 2617 5375 τὴν
2663 5305 2842 5374 ἀρχὴν
2870 5304 3131 5357 τοσαῦται
3173 5301 3250 5372 τῷ
3309 5301 3502 5369 πλήθει

1936 5398 2128 5468 φύσεις
2155 5398 2245 5450 καὶ
2270 5396 2410 5450 οὑτω
2444 5397 2692 5467 διάφοροι
2724 5398 2861 5467 πρὸς
2893 5398 3010 5458 ἐνὸς
3058 5396 3263 5465 κόσμου
3300 5393 3500 5445 miuo-

1937 5506 2022 5541 σιν
2054 5489 2181 5542 ἄνευ
2212 5487 2306 5540 τοῦ
2336 5487 2738 5556 συμπλέξαντός
2758 5504 2814 5539 τε
2843 5490 2939 5559 τὴν
2965 5488 3141 5557 ἀρχὴν
3167 5486 3257 5538 καὶ
3286 5484 3383 5551 τὴν
3404 5480 3500 5535 τοῦ

1934 5582 2020 5634 διὰ
2054 5580 2251 5644 παντὸς
2300 5580 2439 5633 οὑτω
2474 5580 2901 5651 συμπεπλέχθαι
2923 5581 3153 5650 δύναμιν
3193 5578 3375 5639 αὑτοῖς
3404 5575 3500 5630 δν-
