3904 6134
388 262 488 324 577

1474 261 1574 320 DE
1614 259 1761 320 ι)Εο
1798 258 1881 318 ΙΝ
1921 256 2342 318 TBIMTATE
2374 258 2552 325 UNO.

3512 265 3614 327 578

381 381 638 448 θεμένου,
671 379 741 448 ἣν
769 378 927 441 αὐτὸς
965 379 1123 448 μόνος
1155 380 1221 434 ἂν
1256 379 1484 449 ἠδύνατο
1510 380 1604 432 καὶ
1634 376 1802 442 λύειν,
1836 376 1936 442 εἰγι

2061 378 2263 441 tacere,
2292 377 2431 430 idem
2467 376 2844 432 ctdissolverc
2903 387 3064 448 atque
3106 379 3307 436 delere.
3364 381 3445 436 Tn
3502 399 3632 440 vero

380 472 653 527 ἐϐούλετο,
687 469 761 522 Τὸ
791 471 848 522 δὲ
881 473 1213 541 συμπλέκειν
1244 471 1413 525 ταῦτα
1445 472 1724 532 εὐτάκτως
1755 470 1949 521 ταυτόν

378 565 501 616 ἐστι
534 562 611 631 τῷ
646 563 840 625 ποιεῖν,
883 564 978 615 καὶ
1022 563 1099 633 τῷ
1130 563 1376 633 φθείρειν
1405 562 1464 615 τὸ
1503 558 1741 614 διαλύειν
1765 573 1779 589 ⁸
1816 560 1864 610 εἰ
1893 558 1949 615 δὲ

378 652 719 721 συμπλέκεις
776 654 870 706 καὶ
923 654 986 705 σὺ
1043 654 1335 723 διαφόρους
1384 653 1572 720 φύσεις
1626 651 1945 717 οἰκοδομῶν,

377 743 498 797 ἀλλ’
524 743 619 812 οὐχ
649 743 725 807 ὡς
750 742 817 797 ἂν
857 744 1195 814 βουληθείης,
1225 744 1300 807 ὡς
1334 744 1400 797 ἂν
1430 742 1487 795 δὲ
1530 741 1946 810 συμπλέκοιντο,

380 832 475 884 καὶ
520 833 552 901 ἠ
598 832 695 900 τῆς
727 834 824 902 σῆς
852 834 1046 903 τέχνης
1077 832 1368 905 ἑφαρμογὴ
1416 836 1482 902 τῇ
1518 831 1805 900 συμπλοκῇ
1844 829 1952 882 τῶν

380 923 599 989 φύσεων
623 924 816 978 ἕπεται
836 941 851 956 ·
873 925 996 980 ὅθεν
1025 926 1362 996 συμπλέκεις
1396 925 1554 994 μόνον
1574 922 1668 976 καὶ
1686 922 1748 974 ού
1777 922 1950 982 ποιεῖς

381 1014 573 1075 αὑτάς.
630 1014 688 1067 '0
718 1016 773 1068 δὲ
801 1016 899 1079 τάς
942 1019 1177 1084 φυσικάς
1206 1016 1536 1086 συμπλέκων
1584 1014 1854 1081 ἰδιότητας
1891 1013 1949 1064 ἐν

380 1108 495 1168 τοῖς
527 1106 643 1159 οὖσι
677 1110 773 1160 καὶ
805 1110 1031 1178 ποιητὴς
1069 1109 1249 1161 αὐτῶν
1288 1110 1404 1160 ἐστι
1434 1107 1605 1176 δήπου
1630 1122 1643 1136 ’
1675 1105 1819 1157 ποιεῖ
1842 1101 1950 1170 γὰρ

382 1198 478 1248 καὶ
508 1198 797 1267 ύφίστησιν
836 1198 1029 1263 οῦτως,
1062 1199 1138 1261 ὡς
1185 1200 1252 1252 ἂν
1278 1199 1371 1252 καὶ
1416 1196 1831 1266 συμπλέκεσθαι
1858 1193 1953 1245 δυ-

2059 484 2182 522 cnnt
2220 470 2475 532 aediﬁcas,
2510 471 2617 524 etsi
2647 470 2826 525 varias
2861 474 3021 526 etiam
3061 474 3361 544 compingis
3384 487 3628 543 naturas,

2059 560 2107 613 id
2143 574 2248 613 non
2277 574 2373 627 pro
2404 569 2537 613 nuto
2572 560 2811 628 quidem,
2843 564 2935 617 sed
2970 575 3028 617 ut
3060 564 3200 620 forte
3246 566 3536 636 contigerit
3576 579 3632 623 et

2054 652 2189 703 artis
2225 657 2327 702 tute
2350 649 2635 716 dispositio
2677 655 2891 708 naturis
2942 653 3216 711 subditur.
3265 655 3418 712 Unde
3467 672 3632 727 coag-

2056 748 2270 794 mentas
2303 740 2484 804 modo,
2521 757 2627 794 non
2659 756 2785 795 vero
2807 758 2982 799 creas.
3029 745 3129 809 Qui
3182 757 3358 801 autem
3410 756 3629 804 entthus

2050 832 2332 886 naturales
2362 840 2510 899 aptat
2544 835 2918 900 proprietates,
2944 835 3032 889 ille
3052 837 3236 904 procul
3277 838 3443 891 dnhio
3468 828 3552 893 ἔδει
3574 848 3629 894 et

2050 936 2246 976 eurum
2294 920 2489 977 factor.
2546 923 2628 978 Ita
2706 939 2937 993 namque
3016 929 3189 994 ipsam
3265 929 3626 984 substantiam

2050 1011 2215 1066 eﬂicit
2245 1021 2302 1067 ut
2328 1013 2539 1080 possint
2570 1012 2637 1067 ad
2666 1014 2894 1081 hujusce
2940 1016 3102 1071 totius
3130 1017 3315 1070 mundi
3353 1021 3629 1087 composi-

2056 1103 2259 1156 tionem
2293 1102 2561 1171 adaptari,
2582 1113 2741 1173 prout
2771 1106 2842 1158 illi
2868 1107 3163 1174 profuerit;
3192 1123 3353 1175 quem
3385 1111 3450 1163 ad
3468 1110 3628 1164 linem

2060 1204 2251 1245 omnes
2280 1192 2518 1247 universi
2549 1202 2730 1261 partes
2752 1194 3396 1252 cmtl'ecitetconciliavit.

380 1288 592 1358 νηθεῖεν
623 1291 757 1359 πρὸς
798 1291 916 1354 ἑνὸς
948 1290 1040 1344 τοῦ
1074 1290 1269 1353 παντὸς
1314 1289 1469 1344 τοῦδε
1502 1288 1779 1354 σύστασιν,
1814 1286 1935 1355 ἥτις
1960 1278 2029 1354 ἦν
2063 1282 2214 1352 αύτῷ
2252 1282 2529 1354 προύργου
2558 1300 2572 1316 ’
2614 1287 2708 1339 καὶ⁸
2759 1287 2949 1341 τούτου
3000 1289 3161 1358 χάριν
3230 1290 3300 1342 τά
3334 1289 3426 1343 τοῦ
3490 1308 3629 1344 παν-

379 1380 472 1442 τὸς
501 1381 676 1434 ἐποίει
705 1397 764 1434 τε
794 1384 889 1435 καὶ
930 1383 1225 1437 συνέπλεκε
1256 1382 1417 1452 μέρη.

453 1473 516 1527 Εἰ
547 1474 592 1525 δ’
622 1473 687 1527 ὲκ
714 1474 943 1544 μηδενὸς
971 1473 1079 1528 τῶν
1116 1474 1396 1537 τοιούτων,
1437 1474 1542 1527 ἀπὸ
1583 1472 1782 1526 σαυτοῦ
1815 1468 1944 1540 γοῦν

385 1562 548 1631 μόνου
576 1563 669 1614 καὶ
699 1565 797 1632 τῆς
830 1564 929 1634 σῆς
963 1566 1177 1632 φύσεως
1222 1563 1448 1619 καὶτῶν
1494 1564 1603 1618 σῶν
1628 1565 1805 1632 ἔργων
1838 1563 1944 1615 ἔδει

383 1671 443 1706 σε
473 1657 566 1707 τὸν
596 1657 898 1724 ἐπιγνῶναι
928 1658 1277 1727 δημιουργὸν,
1322 1658 1381 1720 ὃς
1414 1675 1494 1711 σοι
1524 1658 1661 1724 μετὰ
1685 1656 1777 1713 τοῦ
1804 1650 1946 1713 εἶναι

2124 1460 2220 1519 Sin
2248 1474 2375 1515 vero
2399 1458 2666 1514 nihildum
2704 1462 2971 1519 movearis
2996 1463 3299 1532 hujusmodi
3333 1467 3624 1536 exemplis.

2052 1569 2116 1609 ex
2144 1552 2432 1621 temetipso
2452 1560 2596 1606 certe
2620 1553 2833 1621 quidem
2860 1564 3058 1625 tuaque
3079 1566 3269 1611 natura
3290 1568 3343 1613 et
3369 1560 3627 1628 operibus

2060 1646 2156 1700 tibi
2182 1651 2393 1700 creator
2430 1652 2546 1697 erat
2576 1645 2977 1712 agnoscendus,
3008 1662 3039 1699 a
3071 1663 3178 1714 quo
3223 1658 3330 1702 tum
3360 1665 3480 1705 esse
3515 1660 3626 1707 tum

380 1748 474 1799 καὶ
501 1748 600 1816 τὴν
633 1749 768 1819 πρὸς
800 1750 971 1803 τᾶλλα
1016 1751 1216 1803 δέδωκε
1247 1751 1400 1815 τάξιν
1423 1766 1435 1781 ο
1483 1752 1579 1805 καὶ
1616 1748 1822 1818 ταύτην
1858 1764 1936 1800 σοι

2044 1738 2111 1791 ad
2136 1736 2344 1805 reliqua
2362 1736 2605 1790 ordinari
2630 1746 2822 1793 nactus
2858 1749 2939 1792 es“.
2964 1739 3113 1792 Hauc
3133 1740 3294 1809 igitur
3312 1754 3432 1810 ego,
3449 1742 3627 1809 negle-

377 1837 477 1902 τὴν
506 1840 622 1892 όδδν
674 1840 770 1893 νῦν
800 1842 961 1910 ἡμεῖς
993 1842 1055 1894 ὲκ
1107 1842 1426 1911 περιουσίας
1475 1844 1593 1897 ἀντὶ
1627 1840 1839 1895 πολλῶν
1884 1857 1943 1892 τε

381 1928 558 1982 ἄλλων
588 1933 680 1984 καὶ
730 1935 1049 2001 σοφωτέρων
1096 1934 1231 1987 ὁδῶν
1261 1930 1669 2004 προύθηκαμεν,
1712 1933 1812 1987 οὐκ
1856 1930 1943 1985 ἔπ’

381 2020 589 2090 ἐλέγχῳ
622 2023 782 2091 μόνον
813 2024 912 2092 τῆς
943 2027 1040 2094 σῆς
1070 2024 1405 2094 ἀφροσύνης,
1439 2026 1573 2078 ἀλλὰ
1604 2026 1699 2083 καὶ
1750 2040 1945 2093 συνερ-

381 2113 478 2181 γοῦ
495 2130 628 2179 ηις,
672 2116 856 2169 εἴποτε
890 2116 1211 2187 βουληθείης
1237 2118 1485 2173 ἐντεῦθεν
1513 2117 1644 2186 γοῦν
1672 2117 1944 2186 ἠργμένος

374 2205 467 2258 τοῦ
503 2224 559 2259 σε
591 2209 683 2260 καὶ
713 2208 889 2264 πάντα
922 2212 1249 2280 ποιήσαντος
1279 2209 1655 2267 ωναισθὲσθαι
1682 2210 1842 2264 Θεοῦ.
1870 2210 1942 2265 Σὺ

373 2294 431 2345 δὲ
459 2295 560 2363 τῆς
589 2296 689 2362 μὲν
718 2297 895 2360 οἰκίας
924 2298 1258 2368 δημιουργὸν
1288 2299 1484 2352 σαυτὸν
1518 2294 1656 2352 εῖναι
1686 2299 1813 2369 φῂς,
1849 2297 1943 2351 καὶ

350 2382 519 2437 πάνυ
549 2383 743 2450 καλῶς,
792 2386 888 2438 καὶ
933 2389 1034 2451 τῆς
1065 2390 1123 2440 ὲν
1156 2389 1236 2441 σοὶ
1287 2388 1382 2441 τοῦ
1415 2388 1770 2458 δημιουργεῖν
1800 2385 1943 2439 οὕτω

376 2472 575 2541 τέχνης
607 2474 780 2528 αἴτιον
826 2477 918 2531 τὸν
953 2478 1242 2544 διδάξαντά
1277 2495 1335 2531 σε
1364 2481 1566 2549 ταύτην
1615 2481 1898 2549 ὁμολογεῖς
1923 2497 1940 2515 θ

378 2563 523 2633 ἅπερ
553 2567 664 2619 οὐδ’
693 2567 856 2630 εὐθὺς
904 2570 1240 2639 γεννηθέντι,
1279 2573 1414 2641 μετὰ
1444 2572 1501 2625 δὲ
1548 2571 1646 2642 τὴν
1679 2573 1942 2641 δευτέραν

375 2653 590 2720 ἠλικίαν
614 2657 817 2727 παρῆν,
862 2658 1067 2721 πάσαις
1102 2665 1476 2730 παρασκευαῖς
1509 2664 1572 2716 ὲκ
1598 2665 1698 2732 τῆς
1726 2666 1942 2735 φύσεως

376 2744 733 2817 ὲξηρτυμένῳ
780 2750 958 2817 καλῶς
987 2752 1121 2818 πρὸς
1152 2753 1213 2805 τὸ
1259 2754 1518 2807 δύνασθαι
1556 2756 1849 2823 μανθάνειν
1879 2775 1939 2811 τε

378 2836 471 2887 καὶ
498 2836 851 2905 ἐργάζεσθαι.
882 2842 991 2895 Καὶ
1014 2841 1138 2894 οῦτε
1166 2843 1341 2911 λέγεις
1374 2844 1471 2908 τὴν
1499 2847 1678 2898 οἰκίαν
1705 2847 1942 2917 αὐτόμα-

375 2939 466 2976 τον
482 2926 815 2996 ,ύποστῆναη
840 2926 874 2999 ἦ
906 2932 1013 3000 γὰρ
1041 2931 1108 2985 ἂν
1134 2934 1300 3002 αὐτῆς
1329 2935 1428 2986 οὐκ
1455 2935 1686 3005 ἀπῄτεις
1724 2939 1937 3006 μισθὸν,

371 3017 488 3071 οὔτ’
534 3020 859 3089 αὐτομάτως
889 3039 971 3076 σοι
1002 3022 1100 3093 τὴν
1150 3024 1347 3094 τέχνην
1377 3023 1555 3078 ἐλθεῖν
1583 3042 1598 3058 ο
1634 3028 1694 3080 ού
1739 3028 1844 3100 γὰρ
1872 3029 1939 3083 ἂν
1964 3057 2010 3115 c

372 3108 481 3163 ἔδει
516 3128 575 3162 σε
632 3112 1013 3182 προσεδρεύειν
1056 3116 1325 3181 φοιτῶντα
1354 3116 1472 3168 οῦδὲ
1513 3118 1737 3186 μισθοὺς
1772 3120 1937 3173 ὑπισ-

371 3200 617 3267 χνεῖσθαι
663 3218 722 3256 τε
774 3204 870 3255 xui.
926 3205 1188 3275 παρέχειν
1229 3207 1305 3275 τῷ
1347 3188 1620 3261 δεικνύναι
1664 3225 1746 3261 σοι
1775 3210 1939 3263 δυνα-

375 3290 523 3358 μένῳ
549 3308 563 3321 ·
593 3291 685 3345 τοῦ
714 3293 759 3346 δ’
786 3295 850 3347 ὲκ
888 3294 1062 3364 ψυχῆς
1102 3311 1161 3347 σε
1194 3297 1518 3350 συνεστάναι
1552 3299 1643 3351 καὶ
1684 3298 1937 3365 σώματος

370 3382 467 3433 καί
496 3382 594 3452 τὴν
620 3384 719 3452 μὲν
740 3383 916 3452 ψυχὴν
946 3386 1235 3449 τοσαύταις
1268 3388 1505 3440 συνεῖναι
1532 3390 1628 3441 καὶ
1653 3390 1935 3453 τοιαύταις

368 3472 659 3541 δυνάμεσι,
694 3475 754 3528 τὸ
798 3476 855 3529 δὲ
886 3476 1046 3545 σῶμα
1078 3477 1352 3540 τοσούτοις
1389 3480 1754 3534 συντεθεῖσθαι
1796 3498 1935 3537 στοι-

369 3563 558 3631 χείοις,
591 3563 627 3617 ά
658 3566 772 3628 τοῖς
797 3567 889 3620 τοῦ
928 3567 1133 3628 κόσμου
1182 3569 1463 3637 στοιχείοις
1506 3570 1775 3641 ᾠκείωταί
1820 3590 1936 3636 πως

368 3652 523 3713 τοῦδε
572 3654 665 3707 τοῦ
716 3655 852 3724 πρὸς
884 3657 1037 3724 ἡμῖν,
1089 3653 1207 3712 εἶτα
1240 3658 1514 3720 τοσούτοις
1567 3662 1699 3713 αὐτὸ
1742 3663 1932 3730 μέρεσι

369 3745 465 3796 καὶ
522 3746 733 3815 μορίοις
790 3745 1167 3816 διακεκρίσθαι
1220 3763 1279 3799 τε
1324 3748 1460 3816 ὁμοῦ
1505 3750 1598 3802 καὶ
1660 3751 1926 3819 ἡνῶσθαι,

369 3833 695 3905 ὁμοιομερές
722 3852 784 3891 τε
819 3836 910 3889 καί.
942 3837 1356 3907 άνομοιομερὲς,
1389 3840 1482 3892 καὶ
1513 3841 1810 3911 ὲνδοτέροις
1836 3844 1929 3896 καὶ

366 3930 645 3995 φανεροῖς,
695 3928 788 3982 καὶ
830 3929 984 3995 τάξιν
1037 3930 1215 3983 αἰτίου
1266 3947 1323 3983 τε
1377 3931 1471 3984 καὶ
1514 3932 1758 3985 αἰτιατοῦ
1792 3935 1930 4004 πρὸς

368 4018 575 4087 ἄλληλα
604 4019 810 4088 ἔχουσι,
856 4022 950 4074 καὶ
975 4019 1070 4076 τοῦ
1103 4021 1201 4090 τὴν
1238 4021 1416 4093 ψυχὴν
1446 4022 1787 4077 τελειοῦσθαι
1831 4024 1932 4093 μὲν

365 4109 447 4170 εἰς
471 4111 673 4179 ἀρετὴν
702 4111 964 4169 δύνασθαι
994 4113 1087 4165 καὶ
1118 4114 1307 4182 σοφίαν
1336 4116 1625 4185 χρωμένην
1644 4114 1823 4185 ὀρθῶς
1852 4116 1931 4186 τῷ

364 4198 606 4267 σώματι,
637 4199 858 4267 φαύλως
886 4199 944 4255 δὲ
977 4205 1325 4271 κεχρημένην
1348 4204 1673 4273 ἀμφοτέρων
1698 4205 1931 4274 διαμαρο

364 4288 545 4341 τάνειν
575 4293 669 4342 καὶ⁵
719 4290 856 4359 πρὸς
894 4291 995 4362 τὴν
1036 4293 1287 4347 ἐναντίαν
1332 4293 1490 4361 ἥκειν
1538 4293 1803 4361 διάθεσιν,
1836 4298 1929 4351 καὶ.

2046 1829 2148 1884 clis
2186 1827 2308 1883 aliis
2356 1827 2604 1896 pluribus
2650 1829 2824 1897 iisque
2849 1830 3332 1898 optimis,alteram
3366 1848 3432 1886 ex
3456 1834 3626 1886 abun-

2044 1921 2195 1979 danti
2219 1921 2358 1976 viam
2387 1936 2651 1990 propono,
2674 1938 2779 1977 non
2811 1932 2868 1975 ut
2890 1933 3031 1979 tuam
3065 1924 3221 1979 modo
3242 1924 3511 1979 conl‘utem
3540 1927 3621 1978 in-

2046 2012 2276 2075 saniam,
2304 2012 2397 2066 sed
2423 2012 2583 2066 etiam
2617 2013 2887 2081 adjuvem,
2921 2015 2962 2067 si
2989 2029 3092 2083 qua
3121 2016 3331 2069 tandem
3367 2018 3490 2070 hinc
3517 2032 3625 2071 coe-

2042 2107 2188 2173 pisse
2222 2105 2353 2159 velis
2394 2104 2470 2157 tui
2519 2103 2867 2173 omniumque
2930 2106 3263 2160 conditorem
3296 2106 3620 2176 intelligere

2042 2192 2238 2251 Deum.
2259 2194 2337 2253 Tu
2361 2209 2489 2263 ergo
2519 2193 2712 2249 domus
2745 2194 3129 2249 asiiﬁcatorem
3163 2195 3392 2265 teipsum
3424 2196 3529 2261 ais,
3567 2205 3621 2251 et

2044 2285 2203 2355 plane
2221 2286 2443 2350 merito;
2462 2294 2622 2355 atque
2647 2286 2806 2357 hujus
2830 2287 2964 2341 artis
2986 2300 3108 2341 eum
3136 2287 3231 2341 tibi
3253 2302 3474 2343 causam
3498 2302 3619 2342 esse

2044 2374 2233 2431 fateris
2258 2393 2286 2431 a
2312 2391 2420 2446 quo
2450 2377 2727 2444 didicisti;
2753 2378 2954 2448 quippe
2970 2380 3058 2448 qui
3084 2394 3180 2433 nec
3200 2380 3403 2433 dudum
3432 2390 3615 2445 natus,

2047 2467 2269 2523 nonnisi
2303 2469 2511 2523 (inuata
2542 2469 2652 2539 jam
2682 2476 2857 2531 mtate,
2890 2470 2953 2521 ad
2996 2469 3096 2524 hoc
3120 2485 3217 2539 par
3254 2471 3515 2534 evaseris,
3542 2470 3618 2524 in-

2055 2568 2301 2615 structus
2340 2561 2549 2613 scilicet
2576 2560 2829 2616 omnibus
2855 2568 3063 2615 naturae
3084 2561 3301 2616 dotibus
3320 2571 3377 2615 ut
3407 2564 3615 2617 discere

2044 2665 2233 2720 posses
2268 2660 2321 2705 et
2344 2650 2613 2707 exerceri.
2656 2651 2909 2708 Attamen
2950 2667 3124 2722 neque
3156 2653 3376 2708 domum
3410 2656 3612 2710 asseris

2044 2759 2174 2800 casu
2207 2746 2491 2812 exsistere,
2526 2761 2648 2799 nam
2680 2747 2981 2802 mercedem
3021 2747 3266 2817 profecto
3302 2764 3366 2803 ex
3395 2764 3459 2802 ea
3505 2764 3613 2805 non

2043 2843 2358 2904 expeteres;
2384 2850 2559 2906 neque
2598 2835 2820 2890 fortuito
2850 2835 2945 2891 tibi
2981 2836 3222 2891 innatam
3248 2850 3441 2901 artem,
3500 2847 3611 2891 tum

2043 2925 2187 2980 enim
2220 2940 2326 2979 non
2356 2926 2641 2994 oportebat
2692 2927 3006 2996 magistrum
3049 2929 3183 2981 adeo
3238 2929 3609 2996 frequentare,

2045 3030 2404 3084 nummosque
2430 3016 2697 3087 spondere
2720 3027 2775 3070 et
2826 3018 3058 3072 solvere.
3090 3016 3246 3071 Nunc
3262 3028 3437 3073 autem
3466 3021 3609 3086 quod

2042 3103 2220 3157 anima
2254 3112 2472 3158 constes
2502 3112 2557 3157 et
2578 3114 3003 3174 corpore,atque
3032 3115 3107 3160 tot
3134 3106 3407 3176 tantisque
3428 3110 3611 3163 anima

2039 3197 2110 3252 sit
2147 3197 2412 3251 instructa
2469 3199 2692 3261 viribus,
2725 3212 2920 3267 corpus
2966 3208 3146 3254 autem
3193 3206 3271 3253 tot
3328 3200 3609 3255 elementis

2038 3288 2417 3350 constitutum,
2445 3302 2565 3357 qua:
2596 3304 2718 3365 cum
2771 3289 2997 3358 hujusce
3059 3289 3204 3344 circa
3260 3305 3359 3346 nos
3419 3291 3606 3345 mundi

2036 3377 2318 3445 principiis
2350 3379 2461 3434 fere
2501 3381 2832 3447 coalescunt,
2859 3382 3003 3452 quod
3061 3394 3169 3437 tam
3212 3384 3399 3438 multis
3460 3385 3605 3441 istud

2035 3467 2283 3534 partibus
2329 3478 2381 3523 et
2422 3469 2700 3538 particulis
2731 3476 2802 3525 sit
2844 3473 3162 3528 distinctum
3194 3476 3354 3529 simul
3386 3484 3442 3530 et
3475 3476 3609 3532 adu-

2033 3568 2245 3623 natum,
2278 3558 2551 3618 similibus
2610 3577 2672 3617 ac
2717 3563 3099 3630 dissimilibus,
3155 3566 3492 3637 internisque
3549 3579 3607 3626 et

2035 3651 2423 3718 apparentibus
2472 3654 2854 3721 compositum,
2890 3670 3011 3724 qua:
3065 3656 3209 3712 inter
3260 3673 3320 3713 se
3375 3659 3605 3717 invicem

2033 3740 2245 3797 ratione
2278 3756 2455 3797 causa:
2484 3752 2537 3798 et
2560 3743 2784 3800 euectus
2829 3748 3173 3812 ordinantur,
3202 3750 3347 3818 quod
3383 3751 3607 3821 insuper

2033 3829 2214 3883 anima
2242 3830 2441 3888 virtute
2470 3836 2639 3901 possit
2670 3842 2724 3889 et
2744 3837 3006 3906 sapientia
3034 3839 3241 3908 perfici,
3270 3844 3431 3897 modo
3458 3853 3604 3899 recte

2033 3933 2261 3989 corpore
2292 3932 2494 3990 utatur,
2524 3924 2606 3979 sin
2644 3927 2825 3981 minus
2857 3929 2924 3983 ab
2969 3939 3204 3999 utroque
3249 3932 3459 3988 decidet
3488 3934 3603 4003 jam

2032 4008 2087 4063 in
2113 4014 2445 4067 contrarium
2487 4014 2823 4084 decessura;
2858 4028 2912 4071 et
2951 4033 3017 4073 ne
3049 4020 3223 4088 plura,
3249 4022 3394 4089 quod
3442 4023 3496 4079 in
3555 4034 3607 4078 te

2031 4098 2103 4154 sit
2128 4115 2383 4172 perquam
2417 4105 2599 4158 varius
2618 4106 2707 4159 ille
2726 4122 2790 4161 ac
2819 4110 3273 4176 stupendissimus
3302 4113 3598 4169 thesaurus

2030 4206 2207 4261 neque
2254 4192 2308 4245 in
2341 4202 2391 4247 te
2423 4208 2555 4259 uno,
2592 4195 2685 4251 sed
2736 4204 2790 4251 et
2844 4196 2985 4264 apud
3055 4199 3371 4256 innumeros
3403 4203 3605 4271 pariter

2030 4281 2271 4352 ejusdem
2304 4291 2513 4338 natura:
2540 4283 2633 4337 tibi
2664 4286 3102 4357 comparticipes,
3131 4298 3259 4343 tune
3292 4291 3373 4345 vis
3410 4300 3599 4346 aucto-

362 4376 549 4441 ἁπλῶς
578 4382 752 4433 εἰπεῖν
788 4380 883 4435 τοῦ
917 4384 975 4435 ιν
1006 4382 1090 4436 σοὶ
1140 4382 1533 4439 ποικιλωτάτου
1568 4389 1662 4437 καὶ
1692 4387 1929 4455 παραδο-

2041 4387 2147 4428 rem
2170 4387 2292 4428 esse
2316 4374 2545 4441 nullum,
2584 4384 2749 4447 atque
2785 4391 2922 4446 opus
2949 4386 3155 4433 tantum
3190 4381 3297 4437 tuis
3320 4379 3478 4438 factis
3506 4383 3597 4439 de-

364 4467 588 4531 ξοτάτου
630 4472 933 4540 χρήματος.
980 4471 1089 4527 οὐδ’
1128 4473 1189 4525 ιν
1220 4472 1301 4526 σοὶ
1341 4473 1526 4541 μόνον,
1560 4474 1697 4528 ἀλλὰ
1729 4477 1823 4529 καὶ
1868 4478 1930 4530 ἐν

362 4560 760 4630 ἀναριθμήτοις
805 4561 1006 4631 ὁμοίως
1056 4564 1166 4624 τοῖς
1214 4564 1310 4633 τῆς
1338 4563 1512 4632 αὑτῆς
1565 4568 1929 4636 μετεσχηκόσι

364 4668 448 4705 σοι
479 4652 715 4720 φύσεως,
747 4655 810 4706 ού
858 4654 1031 4717 θέλεις
1077 4650 1217 4708 εἶναι
1246 4656 1578 4725 δημιουργὸν
1628 4658 1723 4710 καὶ
1762 4659 1929 4730 χείρω

362 4741 506 4798 εἶναι
534 4745 786 4799 τοσοῦτον
829 4745 1003 4809 θέλεις
1030 4746 1141 4801 τῶν
1173 4746 1280 4802 σῶν
1312 4748 1671 4816 ποιημάτωνῐ
1706 4749 1817 4801 Καὶ
1861 4752 1925 4803 σὺ

366 4834 467 4902 μὲν
492 4832 557 4886 ἂν
583 4835 862 4903 οἰκοδόμος
893 4832 959 4906 ἧς
998 4836 1092 4892 καὶ
1124 4835 1389 4903 δεσπότης
1436 4834 1570 4905 ὁμοῦ
1601 4837 1700 4906 τῆς
1725 4837 1924 4905 οἰκίας,

360 4927 460 4996 οὐχ
489 4927 633 4988 ὅπως
675 4928 838 4995 μόνον
866 4929 1074 4994 γένοιτο
1115 4927 1215 4996 τὴν
1243 4926 1439 4996 ἀρχὴν,
1488 4925 1624 4979 ἀλλὰ
1652 4928 1747 4980 καὶ
1776 4929 1926 4991 ὅπως

359 5016 430 5071 ἂν
470 5018 780 5071 συνίσταιτο
831 5020 1100 5088 προνοεῖς,
1142 5018 1253 5071 τῶν
1282 5017 1418 5088 πρὸς
1449 5016 1604 5071 τοῦτο
1647 5018 1925 5088 φερόντων

360 5109 579 5161 πάντων
612 5108 1032 5178 ὲπιμελόμενοςυ
1064 5108 1159 5161 σοῦ
1187 5108 1242 5160 δὲ
1270 5109 1365 5161 καὶ
1392 5110 1491 5177 τῆς
1522 5105 1803 5179 σῆηςμζωῆς
1828 5108 1922 5162 οὐ..

358 5200 485 5255 δένα
522 5200 698 5268 βούλει
726 5198 1049 5272 φροντιστὴν
1080 5198 1216 5253 εἶναι
1247 5202 1341 5259 καὶ
1367 5200 1640 5268 κηδεμόνα
1667 5213 1680 5229 ’
1714 5203 1805 5257 καὶ
1831 5203 1925 5257 ἀν.

357 5289 581 5358 θρώπου
619 5291 717 5361 μὲν
775 5291 870 5362 δέῃ
905 5294 1040 5361 πρὸς
1075 5290 1249 5346 ταῦτά
1300 5308 1451 5357 ποτε,
1493 5289 1551 5352 ὃς
1603 5290 1724 5344 οὐδὲ
1772 5291 1922 5361 αὐτῷ

362 5380 579 5433 δύναται
610 5381 824 5451 βοηθεῖν
848 5398 859 5411 ’
893 5381 984 5435 τοῦ
1022 5382 1078 5434 δὲ
1119 5382 1282 5451 μόνου
1329 5380 1547 5451 βοηθεῖν
1581 5382 1798 5451 ἔχοντος
1828 5382 1921 5434 καὶ

356 5470 676 5541 βοηθοῦντος
704 5474 805 5525 οὐκ
849 5473 1060 5536 ἐπαϊεις
1084 5474 1175 5527 καὶ
1210 5473 1493 5542 βοηθοῦντι
1543 5474 1833 5543 προσέχειν
1858 5474 1918 5526 οὐ

354 5563 535 5632 βούλει
568 5563 699 5633 μηδὲ
726 5564 887 5634 χάριν
924 5566 1205 5633 ὁμολογεῖν
1232 5565 1245 5618 ε
1284 5566 1392 5617 Καὶ
1418 5566 1597 5618 οἰκίαν
1628 5566 1726 5635 μὲν
1760 5567 1921 5618 ἐπαι-

354 5655 467 5716 νεῖς
494 5652 570 5716 ὡς
594 5649 653 5707 εὖ
684 5655 1057 5727 εἰργασμένην
1087 5655 1351 5720 συντόνως
1383 5657 1620 5712 ἐπαινῶν
1647 5656 1741 5711 τὸν
1767 5656 1919 5727 δεδη-

2039 4462 2207 4519 terius
2240 4465 2254 4518 ι
2290 4463 2352 4517 Et
2404 4474 2458 4519 tu
2509 4465 2726 4533 quidem
2798 4466 2845 4521 si
2892 4466 3087 4523 domus
3142 4479 3382 4525 Structor
3438 4472 3603 4529 simul

2035 4554 2269 4610 exsistas
2299 4562 2353 4610 et
2384 4554 2662 4622 dominus,
2706 4572 2814 4611 non
2841 4557 3015 4614 solum
3044 4561 3316 4630 quomodo
3345 4564 3415 4618 sit
3443 4579 3605 4622 exse-

2033 4647 2247 4716 quenda
2278 4648 2527 4717 provides
2561 4652 2626 4703 ab
2660 4650 2839 4715 initio,
2863 4651 2958 4706 sed
2993 4653 3157 4706 etiam
3192 4656 3467 4722 quomodo
3491 4657 3604 4712 dis-

2034 4739 2303 4807 ponenda,
2332 4747 2386 4795 et
2413 4739 2678 4809 quidquid
2696 4741 2847 4810 operi
2872 4741 3117 4817 conferat
3146 4746 3392 4800 nonnihil
3415 4761 3602 4802 curas.

2034 4825 2110 4883 De
2136 4838 2186 4884 te
2209 4843 2336 4883 vero
2358 4843 2420 4883 ac
2442 4830 2549 4884 vita
2578 4842 2669 4884 tua
2695 4830 2967 4887 neminem
3002 4848 3122 4887 esse
3150 4834 3307 4890 ducis
3336 4837 3425 4904 qui
3446 4842 3596 4892 cure'

2033 4930 2126 4974 aut
2162 4920 2401 4992 cogitet!
2466 4921 2576 4976 imo
2618 4922 2718 4976 hoc
2746 4922 3039 4993 aliquando
3072 4925 3343 4980 hominem
3382 4926 3597 4993 rogabis

2032 5011 2125 5084 qui
2142 5024 2208 5066 ne
2220 5012 2561 5085 sesequidem
2578 5015 2712 5071 valet
2730 5014 3004 5084 adjuvare,
3018 5026 3177 5086 atque
3191 5017 3362 5072 solum
3384 5031 3503 5071 vere
3516 5016 3602 5087 ju-

2029 5116 2247 5161 vantem
2267 5107 2596 5177 juvandique
2613 5122 2860 5176 capacem
2878 5122 2987 5163 non
3018 5109 3226 5173 laudas,
3245 5124 3415 5177 neque
3431 5110 3595 5165 etiam

2025 5198 2235 5268 juvanti
2266 5199 2351 5252 vis
2371 5199 2650 5254 attendere
2675 5208 2765 5253 aut
2793 5200 2991 5269 gratias
3010 5199 3244 5254 referre!
3272 5198 3348 5253 Ac
3375 5200 3595 5254 domum

2030 5291 2247 5359 quidem
2277 5292 2485 5347 'laudas
2548 5300 2608 5348 ut
2658 5290 2860 5349 aﬂ‘abre
2909 5291 3104 5347 factam
3156 5300 3595 5360 structoremqne

2029 5378 2363 5434 incessanter
2410 5380 2672 5449 pradicas
2703 5397 2719 5446 ;
2752 5395 2873 5449 qua:
2896 5390 3076 5434 autem
3104 5380 3157 5433 in
3190 5389 3239 5433 te
3265 5388 3349 5435 est
3372 5389 3596 5449 stupen-

2028 5470 2153 5525 dam
2185 5469 2327 5524 hanc
2374 5480 2427 5525 et
2468 5471 2722 5525 eximiam
2785 5470 3206 5525 architecturam
3258 5470 3592 5526 dehonestas

2026 5562 2183 5631 cujus
2220 5572 2325 5616 tam
2357 5572 2607 5631 proterve
2652 5570 2973 5616 structorem
3024 5563 3300 5633 abnegas!
3360 5578 3594 5630 cultique

2028 5664 2359 5713 asserentem
2396 5654 2693 5725 quamlibet
2716 5668 2846 5710 casu
2878 5664 3130 5719 constare
3170 5656 3390 5713 domum
3445 5665 3591 5710 tuam
