3920 6140
316 244 382 306 79
1371 239 1749 300 GENNADII
1796 239 1903 300 CP.
1942 198 2458 302 nummatis

3409 244 3520 310 580

264 359 519 420 irrideas,
563 373 748 411 eorum
813 369 988 410 tamen
1039 358 1430 411 elementorum
1483 365 1630 409 tanto
1679 357 1850 424 magis

1961 361 2333 430 μιουργηκότα
2353 377 2366 390 ·
2395 359 2489 427 τὴν
2522 359 2563 410 δ’
2592 360 2649 410 ἐν
2681 363 2760 410 σο“;
2795 357 3111 424 ξενίζουσαν
3146 358 3234 412 γαλ
3279 365 3530 430 σοφωτά-

261 446 353 504 illa
408 449 765 517 pretiosorum
821 463 928 517 quo
979 449 1158 518 operis
1227 449 1302 501 tui
1376 447 1837 516 pulchritudinem

264 541 473 594 ratione
504 540 738 593 materiae
767 551 1049 609 superant,
1075 554 1307 608 quorum
1363 539 1563 592 eximia
1621 537 1844 592 concin-

263 630 407 684 nitas
436 641 486 685 et
517 647 612 699 per
637 646 756 699 qua:
779 631 1022 698 subjeCIa
1060 631 1295 684 materia
1338 638 1660 698 praestanter
1682 626 1845 682 clior-

267 733 470 788 matur,
503 723 696 775 horum
731 722 989 776 inliciaris
1019 737 1348 791 quemquam
1379 735 1500 776 csse
1529 734 1749 774 causam
1793 727 1848 772 et

264 800 554 876 lactol'em.
588 825 658 876 et,
684 815 827 882 quod
857 829 1079 867 summa;
1115 824 1193 867 est
1242 812 1512 875 amentiae,
1546 826 1722 881 neque
1770 810 1848 864 tui

266 921 443 974 neque
479 917 692 960 tuorum
723 908 774 958 in
823 914 874 958 te
904 907 1164 958 bonorum
1242 905 1526 973 opilicem!
1555 904 1692 970 Quid
1751 902 1850 972 igi-

263 1007 352 1048 tttr
395 996 591 1048 mirum
627 997 672 1048 si
701 1005 756 1050 et
796 996 1003 1067 reliqua
1063 1007 1264 1052 cuncta
1306 996 1544 1066 ignores,
1577 996 1850 1064 quomodo

271 1102 325 1140 et
359 1087 627 1139 undenatn
661 1087 792 1154 sint,
825 1089 918 1157 qui
961 1091 1013 1141 in
1044 1091 1330 1156 temetipso
1367 1088 1512 1156 prior
1545 1094 1723 1140 tantas
1754 1086 1841 1138 in-

269 1177 452 1232 stituis
489 1180 787 1234 tenebras?
817 1181 943 1246 Sed,
981 1189 1037 1233 ut
1061 1181 1170 1249 jam
1192 1180 1558 1249 promisimus,
1592 1178 1849 1246 quoniam

264 1285 428 1338 prave
479 1281 533 1325 et
590 1273 818 1341 turpiter
881 1273 1060 1326 vivere
1120 1272 1488 1342 preposueris,
1528 1271 1579 1323 in
1635 1269 1841 1322 hancce

265 1361 525 1416 tlercnisti
572 1364 870 1426 vesaniam,
931 1375 1092 1433 alque
1146 1365 1343 1418 iterum
1403 1362 1482 1416 sic
1532 1359 1854 1415 insaniendo

267 1454 422 1507 malis
455 1456 591 1508 mala
634 1471 859 1511 securus
902 1458 1170 1528 congeris,
1205 1457 1612 1524 humanamque
1675 1454 1853 1506 vitam

268 1548 436 1600 semel
487 1560 766 1614 aversatus
798 1563 938 1605 retro
974 1551 1205 1620 peragis.

1951 468 2051 517 την
2081 450 2390 518 οίκοξομίαν
2421 449 2712 518 ἀτιμάζεις
2758 451 2900 503 οὕτω
2930 451 3115 513 δεινῶς
3146 452 3234 504 τδν
3267 453 3528 523 δημιουρο

1949 539 2044 605 γδν
2075 539 2241 607 αὐτῆς
2272 538 2692 607 ἐξαρνούμενοςί
2723 541 2828 591 Καὶ
2851 539 3098 606 λεγοντος
3133 539 3234 609 μέν
3256 558 3398 601 τινος
3422 542 3520 612 τὴν

1951 630 2127 682 οἰκίαν
2159 629 2482 696 αὐτομάτως
2511 630 2772 698 συστῆναι
2802 633 3107 700 καταγελᾷς
3127 645 3141 658 °
3169 635 3278 684 τῶν
3304 633 3359 686 δὲ
3389 633 3516 688 πολί

1953 719 2157 789 ταύτης
2187 721 2534 790 τιμιωτέρων
2563 721 2721 784 ὑλῶν,
2754 721 2806 774 αἳ
2841 722 2974 789 πρδς
3017 722 3116 788 μὲν
3149 722 3209 774 τὸ
3243 726 3392 792 παρὰ
3425 741 3517 791 της

1958 811 2060 880 σῆς
2086 813 2282 882 τέχνης
2316 808 2455 874 εἶδος
2483 812 2574 864 τὸν
2605 812 2703 881 τῆς
2736 811 2864 880 ῦλης
2891 813 3074 881 ἔχουσι
3109 815 3288 882 λόγον,
3316 815 3432 884 εῐδη
3468 817 3516 870 δέ

1958 905 2096 956 εἰσιν
2127 903 2286 955 αὐταὶ
2321 903 2652 972 διαφέροντα
2685 907 2780 956 καὶ
2804 905 3077 975 διαφόρως
3107 909 3204 977 τὴν
3231 908 3517 975 ύποκειμὲι

1958 1011 2058 1064 νην
2089 993 2220 1064 ὓλην
2271 996 2601 1066 μορφοῦντα,
2648 999 2853 1050 τούτων
2884 999 2943 1050 ού
2973 1000 3149 1062 θέλεις
3191 1000 3360 1053 αἴτιον
3390 997 3516 1053 εῖνα-

1961 1088 2054 1140 καὶ
2098 1086 2452 1156 δημιουργὸν,
2492 1090 2584 1140 καὶ
2640 1088 2668 1140 ὃ
2723 1087 2908 1157 μεῖζον
2942 1091 3020 1151 εἰς
3077 1092 3354 1158 ἀπόνοιαν,
3407 1092 3515 1144 ούδί

1960 1181 2052 1232 σοῦ
2085 1183 2179 1234 καὶ
2207 1183 2313 1234 τῶν
2344 1184 2400 1234 ὲν
2439 1182 2523 1234 σοὶ
2557 1177 2738 1236 καλῶν
2769 1184 2972 1238 αίτιονι
3009 1183 3073 1237 Τί
3103 1186 3282 1238 τοίνυν
3314 1183 3513 1252 θαυμαρ

1962 1272 2105 1335 στὶν,
2139 1273 2188 1324 εί
2239 1274 2307 1324 τὰ
2364 1273 2500 1326 ἄλλα
2547 1274 2723 1327 πάντα
2771 1275 2917 1336 ὅπως
2951 1291 3010 1328 τε
3068 1276 3162 1328 καὶ
3200 1276 3320 1328 ὅθεν
3376 1277 3533 1328 ἐστὶν

1964 1364 2202 1431 ἀγνοεῖς,
2237 1365 2293 1416 ἐν
2325 1363 2508 1433 σαυτῷ
2536 1366 2737 1434 πρώτῳ
2775 1365 2868 1418 τδν
2891 1365 3132 1420 τοιοῦτον
3165 1367 3529 1437 ὑφιστάμενος

1961 1457 2178 1518 σκότον,
2229 1454 2342 1506 ἀλλ’
2367 1456 2510 1524 ,ὅπερ
2549 1456 2718 1524 ἔφθην
2760 1456 2929 1510 εἰπὼν
2969 1460 3030 1511 ὲκ
3056 1460 3317 1534 πονηρίας
3346 1478 3402 1512 τε
3433 1461 3528 1514 καὶ

1957 1543 2054 1594 τοῦ
2088 1543 2309 1610 φαύλως
2340 1545 2688 1616 προῃρῆσθαι
2717 1547 2865 1617 βιοῦν
2897 1550 2988 1602 ἐπὶ
3015 1550 3220 1618 ταύτην
3249 1551 3403 1621 ἥκεις
3430 1553 3528 1620 τὴν

266 1635 608 1708 ἀφροσύνην,
670 1642 762 1694 καὶ
819 1642 988 1705 οὕτως
1049 1643 1481 1712 ἀφρονευόμενος
1533 1635 1600 1693 αὖ
1669 1634 1840 1697 ἀδεῶς
1911 1634 2069 1704 κακῷ
2145 1635 2454 1705 προστιθεὶς
2531 1638 2700 1692 κακὸν
2741 1640 2834 1692 καλ⁵
2880 1641 2969 1693 τδν
3020 1639 3364 1712 ἀνθρωπικὸν
3413 1641 3526 1712 βίον

269 1732 528 1798 καθάπαξ
556 1736 863 1805 ὴρνημένος
894 1741 1232 1807 περινοστεῖς
1261 1738 1274 1792 l

344 1830 454 1883 I-loc
508 1832 686 1899 imque
728 1842 914 1884 contra
967 1847 1059 1886 eos
1117 1833 1206 1900 qui
1234 1846 1331 1901 pro
1397 1831 1566 1884 multa
1616 1825 1842 1883 stultitia

2018 1819 2161 1889 Πρδς
2211 1821 2308 1889 μὲν
2339 1820 2403 1890 δὴ
2451 1821 2576 1882 τοὺς
2607 1819 2694 1874 διά
2747 1821 2950 1892 πολλὴν
2997 1824 3310 1896 ἀφροσύνην
3360 1829 3418 1882 ἐν
3455 1815 3526 1886 τῇ

268 1923 473 1975 nullum
510 1938 627 1976 esse
657 1924 820 1976 Deum
861 1923 914 1976 iu
943 1925 1105 1978 corde
1148 1925 1427 1987 delirant,
1462 1921 1752 1991 perpaucis
1801 1926 1855 1972 et

269 2013 518 2080 expedite
564 2013 824 2079 diximus;
871 2025 923 2066 et
1001 2015 1176 2068 minus
1231 2015 1369 2068 forte
1416 2014 1697 2068 insaniunt
1750 2011 1841 2080 qui

270 2101 452 2170 plures
494 2103 646 2155 aiunt
682 2119 803 2157 esse
849 2104 979 2158 deos
1031 2120 1192 2173 quam
1249 2104 1342 2174 qui
1399 2103 1632 2157 divinam
1696 2091 1854 2172 pl'aize

276 2202 524 2247 naturam
561 2198 847 2265 denegant.
891 2197 1137 2249 Attamen
1189 2210 1252 2250 eo
1289 2197 1432 2264 quod
1470 2197 1612 2250 illam
1669 2194 1854 2248 multi-

273 2287 464 2353 plicem
509 2285 734 2349 faciunt,
768 2286 1000 2356 graviter
1035 2297 1088 2342 et
1141 2289 1243 2357 ipsi
1298 2288 1514 2341 unicum
1571 2287 1625 2340 in
1677 2287 1848 2340 Deum

271 2377 614 2446 delinquunt.
664 2379 812 2432 Adeo
881 2394 1116 2448 namque
1162 2378 1284 2432 illos
1349 2377 1483 2443 fugit
1538 2375 1854 2445 huiusmodi

271 2467 744 2536 phtenomenorum
779 2472 1121 2526 concinnitas
1165 2480 1218 2524 et
1263 2469 1564 2537 diligentia,
1605 2477 1663 2520 ut
1711 2467 1854 2520 divi-

273 2572 394 2609 nam
433 2570 679 2612 naturam
712 2562 762 2612 in
797 2563 1018 2615 totidem
1083 2573 1258 2629 partes
1317 2561 1556 2615 dividere
1599 2574 1856 2629 prtesutn-

275 2638 506 2715 pierinl,
531 2665 650 2700 cum
673 2650 867 2704 exhinc
899 2655 1099 2721 potius,
1118 2652 1324 2705 ratione
1348 2654 1502 2715 duce,
1525 2651 1588 2704 ad
1613 2651 1854 2704 omnium

277 2741 639 2794 accedendum
694 2741 883 2796 fuisset
936 2744 1285 2813 principium.
1323 2744 1504 2798 Latuit
1557 2745 1702 2796 enim
1760 2756 1855 2797 eos

275 2831 418 2899 quod
452 2831 554 2885 illis
586 2832 638 2886 in
682 2833 841 2887 rebus
882 2835 1143 2903 quidquid
1201 2835 1421 2888 causale
1476 2835 1722 2897 videtur,
1777 2835 1856 2886 iti-

281 2926 566 2978 strmnenti
587 2937 636 2979 et
662 2928 957 2994 jttvaminis
987 2928 1104 2981 loco
1136 2935 1240 2992 est,
1273 2943 1335 2980 ac
1365 2927 1535 2982 servis
1558 2936 1611 2982 et
1639 2939 1856 2981 creatu-

275 3015 350 3069 ris
381 3031 705 3085 congruum.
743 3035 848 3072 non
894 3029 1073 3072 autem
1127 3017 1234 3073 diis
1275 3017 1554 3085 dominis;
1597 3019 1852 3088 quodque

274 3113 423 3160 tanta
462 3110 514 3159 in
547 3109 680 3161 adeo
717 3109 898 3162 multis
931 3117 982 3162 et
1009 3108 1174 3161 variis
1203 3111 1414 3162 naturis
1440 3110 1719 3163 accuratio
1747 3125 1852 3162 non

273 3211 339 3248 ex
383 3198 516 3266 ipsis
585 3199 750 3263 inest,
782 3200 829 3252 id
860 3199 1002 3252 enim
1041 3200 1153 3253 lieri
1185 3200 1367 3267 nequit
1398 3216 1414 3266 ;
1456 3200 1547 3253 sed
1573 3200 1852 3268 aquodam

275 3287 577 3340 sublimiori
609 3296 661 3340 et
689 3289 864 3356 primo
893 3290 1109 3341 illarum
1129 3289 1413 3343 conditore
1435 3305 1497 3342 ac
1518 3298 1855 3358 praepotente

273 3376 501 3430 Domino
538 3379 684 3430 istud
720 3379 844 3431 boni
903 3389 984 3432 est
1010 3359 1115 3431 illis
1159 3380 1406 3432 insitum.
1444 3379 1654 3444 Quibus
1691 3381 1724 3432 ii
1763 3379 1854 3449 qui

274 3485 383 3538 prae
411 3471 626 3524 caeteris
657 3470 876 3524 fuerunt
906 3472 1108 3526 curiosi
1159 3472 1532 3540 incorporales
1593 3474 1853 3528 substan-

274 3559 380 3614 tias
426 3573 752 3626 astrtientes,
791 3562 1042 3631 illasque,
1079 3563 1265 3617 addito
1325 3564 1420 3618 Dei
1495 3567 1749 3631 nomine,-
1787 3565 1855 3620 ab

278 3650 510 3702 invicem
548 3659 862 3718 separantes
895 3666 999 3705 non
1051 3653 1314 3722 dignitate
1361 3654 1535 3708 solum
1563 3667 1615 3709 et
1644 3659 1852 3723 ordine,

272 3737 366 3790 sed
393 3747 446 3791 et
480 3753 674 3808 genere
709 3756 769 3794 ac
802 3742 1168 3810 prapensione
1211 3755 1323 3796 tum
1357 3745 1421 3797 ad
1455 3747 1595 3799 bona
1645 3755 1758 3799 tum
1789 3748 1854 3799 ad

285 3831 490 3896 turpia,
536 3831 664 3883 nihil
695 3843 745 3885 et
775 3834 876 3901 ipsi
910 3835 1100 3889 melius
1139 3838 1390 3892 invenere
1449 3852 1609 3907 quam
1673 3840 1852 3893 cmteri

275 3921 366 3988 qui
405 3936 430 3973 a
463 3936 591 3975 vero
623 3934 963 3980 erraverunt.
1018 3926 1149 3980 Nam
1181 3928 1255 3982 dii
1293 3930 1336 3983 si
1380 3939 1581 3993 essent,
1617 3945 1722 3983 non
1784 3933 1854 3985 ita

273 4009 749 4080 distribuerentur,
793 4033 967 4086 neque
1001 4019 1074 4072 ita
1110 4019 1388 4074 distributi
1421 4022 1495 4075 dii
1549 4032 1756 4077 essent.
1793 4022 1851 4076 Si

272 4117 404 4157 vero
466 4107 791 4177 Itomonyme
822 4111 901 4163 sic
955 4112 1321 4179 appellantur,
1373 4129 1509 4167 vana
1567 4115 1679 4184 jam
1737 4117 1851 4170 base

273 4195 563 4263 appellatio
591 4209 644 4251 et
682 4199 876 4253 exinde
903 4201 1072 4254 multa
1106 4201 1465 4270 impossibilia
1511 4213 1566 4258 et
1614 4206 1850 4259 absurda

276 4288 556 4342 turmatim
623 4290 1002 4358 insequuntur.
1069 4293 1279 4347 Etenim
1325 4295 1441 4350 sive
1499 4296 1743 4352 homines
1797 4299 1850 4352 in

1961 1911 2155 1980 καρδίᾳ
2181 1909 2481 1978 ληροῦντας
2529 1911 2602 1981 μὴ
2639 1908 2779 1965 εἶναι
2834 1915 2966 1969 Θεὸν
3013 1916 3070 1968 ἓν
3111 1933 3164 1968 τι
3199 1920 3354 1973 τοῦτο
3389 1937 3524 1990 προ-

1958 2005 2152 2074 χείρως
2176 2006 2386 2074 εἴρηται
2408 2022 2421 2036 ’
2458 2006 2549 2059 καὶ
2574 2001 2737 2079 ἦττον
2771 2009 2868 2078 μὲν
2895 2005 3034 2064 εἶναι
3065 2011 3296 2081 ἄφρονες
3324 2015 3375 2066 0i
3404 2013 3530 2065 πολ-

1957 2095 2082 2157 λοὺς
2112 2091 2253 2148 εἶναι
2280 2096 2434 2158 θεοὺς
2461 2096 2708 2164 λέγοντες
2731 2100 2840 2152 τῶν
2865 2101 3042 2169 πάντη
3065 2103 3161 2172 τὴν
3190 2103 3338 2156 θείαν
3365 2103 3526 2171 φύσιν

1959 2192 2372 2262 ὲξαρνουμένων
2397 2209 2412 2225 ·
2444 2193 2520 2263 τῷ
2555 2195 2736 2262 μέντοι
2769 2195 2970 2263 ταύτην
3001 2196 3293 2264 πληθύνειν
3324 2200 3402 2262 εἰς
3433 2201 3526 2251 τὸν

1957 2285 2052 2337 ἕνα
2085 2286 2178 2337 καὶ
2209 2285 2362 2336 αὐτοὶ
2394 2285 2583 2347 δεινῶς
2608 2286 2998 2356 ’παρανομοῦσι
3042 2289 3194 2343 Θεόν.
3233 2289 3390 2342 Οὕτω
3419 2292 3529 2360 γὰρ

1957 2375 2156 2437 αὐτοὺς
2184 2371 2322 2427 εἶδεν
2371 2376 2402 2444 ἡ
2433 2377 2490 2427 ὲν
2531 2379 2646 2440 τοῖς
2683 2378 3026 2448 φαινομένοις
3060 2380 3272 2441 τούτοις
3304 2382 3530 2447 εὐταξία

1959 2468 2054 2520 καὶ
2085 2466 2144 2517 τὸ
2189 2466 2252 2518 ἀν
2287 2467 2471 2529 αὐτοῖς
2503 2467 2814 2536 δραστικὸν,
2845 2468 2986 2522 ὥστε
3027 2470 3126 2541 τὴν
3171 2471 3322 2524 θείαν
3365 2471 3529 2540 φύσιν

1957 2555 2052 2608 καὶ
2089 2555 2254 2625 μέχρι
2283 2556 2488 2610 τούτων
2523 2557 2912 2628 καταμερίζειν
2951 2559 3248 2629 ἠθέλησαν,
3279 2562 3399 2615 ἀντὶ
3429 2562 3528 2615 τοῦ

1961 2645 2161 2713 μᾶλλον
2211 2645 2462 2698 ἐντεῦθεν
2518 2646 2653 2714 πρὸς
2684 2647 2784 2715 τὴν
2844 2647 2972 2716 μίαν
3015 2653 3110 2701 καὶ
3171 2650 3339 2720 μόνην
3392 2653 3530 2705 ἀνα·

1955 2736 2172 2805 τρέχειν
2201 2735 2276 2806 τῷ
2304 2737 2551 2806 λογισμῷ
2589 2737 2805 2792 πάντων
2841 2740 3038 2811 ἀρχὴν,
3069 2743 3172 2795 οὐκ
3209 2744 3424 2809 εἰδότες,
3451 2745 3530 2808 ὡς

1957 2826 2018 2878 τὸ
2057 2827 2112 2877 ὲν
2143 2827 2350 2888 τούτοις
2401 2827 2728 2898 φαινόμενον
2769 2831 3017 2893 αἰτιῶδες
3074 2834 3366 2903 ὀργανικόν
3410 2837 3529 2887 ἐστι

1959 2918 2050 2968 καῖ
2082 2915 2421 2985 ὑπουργικδν
2447 2918 2543 2971 καὶ
2575 2918 2780 2980 δούλοις
2815 2922 3023 2990 πρέπον
3069 2924 3162 2975 καὶ⁵
3207 2925 3527 2995 κτίσμασιν,

1958 3008 2020 3060 οὐ
2051 3008 2192 3069 θεοῖς
2217 3009 2274 3061 δὲ
2313 3009 2621 3073 δεσπόταις,
2651 3012 2762 3065 οὐδ’
2791 3013 2875 3066 ὅτι
2919 3013 3019 3082 τῆς
3045 3016 3104 3066 ὲν
3127 3015 3269 3068 οὕτω
3313 3015 3532 3079 πολλοῖς

1961 3117 2020 3151 τε
2049 3101 2142 3152 καὶ
2173 3100 2522 3170 διαφέρουσιν
2567 3102 2819 3168 εὐταξίας
2847 3103 2948 3157 υῦκ
2987 3105 3131 3158 αύτά
3180 3107 3320 3160 εἰσιν
3355 3107 3529 3172 αἴτια,

1882 3164 1924 3220 c
1957 3192 2244 3261 ἀμήχανον
2276 3164 2405 3263 γάρ,
2443 3174 2555 3256 ἀλλ’
2588 3195 2653 3248 ἐκ
2699 3164 2847 3257 τινος
2889 3196 3218 3267 ὑψηλοτέρου
3249 3200 3342 3251 καὶ
3375 3164 3532 3267 apto;

1955 3300 2048 3335 του
2082 3284 2214 3354 πρὸς
2244 3285 2413 3337 ταῦτα
2443 3285 2665 3355 ποιητοῦ
2696 3288 2790 3338 καὶ
2825 3287 3084 3341 δεσπότου
3115 3287 3344 3356 δύναμιν
3375 3290 3531 3360 ἔχον-

1955 3393 2045 3438 τος
2076 3377 2219 3428 τοῦτ’
2250 3376 2458 3430 ἔνεστιν
2491 3378 2675 3440 αὐτοῖς
2698 3379 2953 3446 τάγαθόν.
2985 3379 3184 3442 Οὐσίας
3218 3380 3272 3433 δὲ
3300 3382 3530 3449 ἀσωμάο

1956 3483 2084 3528 τους
2143 3467 2468 3532 ἐφιστῶντες
2497 3469 2680 3531 αὐτοῖς
2711 3467 2790 3532 ὡς
2834 3469 3048 3523 ἔνδοθεν
3083 3471 3336 3534 κινούσας
3375 3472 3429 3525 οῖ
3464 3488 3529 3539 γε

1955 3556 2061 3609 τῶν
2096 3556 2270 3610 ἄλλων
2316 3560 2723 3629 περιεργότεροι
2779 3562 2875 3615 καὶ
2924 3561 3080 3624 θεοὺς
3124 3558 3263 3616 εἶναι
3323 3563 3530 3627 ταύτας

1956 3648 2208 3716 λέγοντες
2241 3651 2334 3702 καὶ
2375 3649 2710 3720 διαιροῦντες
2739 3653 2841 3706 οὐκ
2869 3652 2997 3723 ἀξίᾳ
3031 3654 3192 3721 μόνον
3232 3656 3328 3708 καὶ
3355 3657 3530 3721 τάξει,

1957 3741 2089 3793 ἀλλά
2147 3741 2242 3792 καὶ
2273 3741 2418 3808 γένει
2470 3743 2563 3794 καὶ
2615 3744 2998 3812 προαιρέσεσιν
3055 3747 3285 3812 ἀγαθαῖς
3317 3763 3374 3799 τε
3433 3749 3530 3798 καὶ

1957 3828 2215 3896 φαύλαις,
2247 3830 2397 3884 οὐδὲν
2425 3826 2588 3903 ἦττον
2619 3831 2730 3884 τῶν
2756 3831 2932 3886 ἀλλων
2961 3836 3054 3884 καὶ
3083 3834 3239 3886 αὐτοὶ
3269 3835 3365 3902 τῆς
3393 3835 3532 3904 ἀλη-

1955 3919 2104 3981 θείας
2162 3922 2590 3992 διημαρτήκασι.
2624 3924 2749 3975 Θεοί
2794 3941 2854 3975 τε
2900 3924 3008 3993 γὰρ
3036 3923 3186 3986 ὄντες
3214 3923 3313 3976 οὐκ
3339 3923 3406 3977 ἂν
3431 3924 3533 3978 ὡδὶ

1954 4013 2327 4080 διακρίνοιντο,
2360 4013 2470 4066 θεοί
2493 4013 2542 4065 τ’
2563 4014 2661 4066 οῦκ
2696 4014 2762 4069 ἂν
2812 4009 2924 4069 εἷεν
2956 4015 3052 4068 ὡδὶ
3080 4016 3494 4086 διακεκριμένοι
3516 4034 3531 4048 ·

1954 4105 2002 4154 εἰ
2032 4103 2076 4154 δ’
2126 4103 2430 4171 ὁμωνύμως
2479 4102 2653 4167 οὕτως
2705 4105 2956 4168 ἐκάλουν,
2992 4105 3152 4159 τοῦτο
3206 4106 3359 4159 οὐδέν
3407 4110 3530 4160 ἐστι

1953 4189 2153 4257 λέγειν,
2191 4192 2285 4243 καὶ
2335 4191 2547 4260 πολλῶν
2571 4193 2850 4247 ἀδυνάτων
2877 4209 2936 4246 τε
2969 4195 3064 4247 καὶ
3093 4195 3309 4246 ἀτόπων
3354 4195 3530 4263 ἐσμὸς

1951 4283 2008 4346 cf
2073 4282 2210 4334 ἷιέσει
2237 4281 2410 4352 ταύτῃ
2449 4284 2761 4338 συνέπεται.
2791 4284 2914 4337 Ὀτι
2962 4285 3018 4338 δὲ
3066 4283 3162 4336 καὶ⁹
3204 4281 3533 4352 ἀνθρώπους

279 4381 408 4435 deos
438 4391 710 4436 mutarent
735 4384 870 4436 alios
903 4383 1120 4452 quidem
1148 4386 1218 4439 ob
1253 4387 1500 4442 virtutem
1527 4399 1620 4443 aut
1651 4391 1847 4445 artium

1956 4372 2288 4436 ὲθεοποίουν,
2339 4375 2468 4438 τοὺς
2527 4374 2625 4444 μὲν
2682 4375 2771 4428 ἐπ’
2803 4377 2972 4446 ἀρετῇ
3023 4376 3118 4428 καὶ
3177 4375 3534 4445 σεμνοτέροις

278 4473 440 4527 utiles
478 4475 752 4538 inventus,
790 4473 924 4529 alios
962 4485 1141 4529 autem
1173 4478 1242 4532 ob
1272 4481 1542 4534 contraria
1575 4489 1627 4534 et
1672 4481 1852 4549 pejora

276 4563 488 4624 merita,
521 4563 636 4615 sive
672 4563 724 4615 in
761 4563 890 4618 deos
922 4573 1264 4621 mutarentur
1290 4568 1380 4621 alii
1413 4570 1729 4638 plerumque
1758 4569 1853 4624 ad-

277 4652 383 4706 huc
413 4655 521 4706 vita
590 4662 889 4722 compotes,
927 4656 1017 4710 alii
1051 4673 1174 4713 vero
1231 4660 1450 4713 sibimet
1504 4660 1748 4728 vivisque
1799 4667 1854 4713 et

276 4744 507 4798 mortuis
587 4745 892 4801 istiusmodi
953 4750 1222 4804 vesaniam
1285 4751 1657 4818 concilianles,
1713 4753 1850 4806 ultra

273 4847 465 4889 Omnes
497 4835 786 4904 impietatis
816 4838 1015 4892 limites
1047 4848 1263 4893 ventum
1297 4849 1431 4906 erat,
1479 4843 1650 4895 donec
1701 4853 1849 4897 tanto

274 4927 447 4979 errori
474 4942 582 4994 quo
610 4935 780 4981 totum
816 4946 950 4999 pene
1001 4945 1171 4999 genus
1201 4931 1521 4985 humanum
1579 4933 1633 4985 in
1675 4948 1847 4987 aevum

271 5017 638 5085 detinebatur,
670 5020 828 5075 linem
867 5021 1008 5076 Deus
1037 5022 1282 5091 posuerit
1312 5023 1402 5090 qui
1436 5023 1584 5077 solus
1613 5033 1845 5092 poterat.

271 5109 390 5164 Jam
426 5125 570 5164 nunc
609 5124 789 5165 autem
845 5113 994 5167 orbis
1033 5113 1324 5168 universus
1355 5116 1408 5167 in
1469 5130 1634 5167 unum
1676 5116 1842 5168 Deum

272 5202 469 5265 credit,
501 5204 643 5257 haud
675 5204 846 5273 magis
886 5205 950 5257 de
1003 5206 1282 5258 atbeorum
1313 5207 1625 5274 stupiditate
1647 5207 1850 5261 sollici-

272 5297 361 5341 tus
390 5292 453 5343 tle
492 5307 597 5358 qua
633 5308 910 5362 nunquam
945 5303 1070 5348 ante
1100 5305 1415 5360 curaverat;
1454 5311 1515 5349 ac
1570 5299 1635 5348 de
1693 5296 1845 5365 poly-

279 5379 600 5433 tlteisiarum
631 5384 902 5451 impietate
938 5385 1039 5439 sub
1062 5385 1276 5453 pietatis
1315 5388 1514 5452 specie.
1553 5387 1758 5440 Etenim
1799 5387 1845 5440 si

276 5484 446 5530 nuper
476 5473 696 5540 quidam
727 5491 865 5528 ttnus
893 5478 1103 5530 exstitit
1126 5479 1216 5545 qui
1257 5477 1506 5546 gentilem
1567 5478 1843 5546 polythci-

276 5572 451 5610 smum
481 5563 708 5614 voluerit
741 5565 1065 5628 instaurare,
1087 5565 1138 5617 id
1160 5566 1260 5618 iste
1287 5580 1382 5632 pro
1407 5565 1598 5617 mentis
1630 5565 1846 5616 hebetu-

274 5650 397 5704 dine
431 5652 697 5708 tlelit'avit.
741 5655 812 5707 llli
871 5671 996 5712 vero
1060 5656 1363 5711 hebetiores
1426 5656 1611 5719 futuri,
1670 5654 1712 5710 si
1756 5657 1845 5720 qui

1957 4464 2232 4532 εὑρήμασι
2259 4467 2367 4518 τῶν
2401 4466 2535 4536 πρὸς
2577 4467 2674 4528 τὰς
2715 4466 3058 4532 ἀνθρωπίνας
3093 4467 3282 4537 χρείας
3315 4468 3534 4520 τεινόν-

1956 4572 2088 4619 των,
2125 4557 2252 4618 τοὺς
2286 4557 2330 4608 δ’
2361 4559 2457 4611 ἐπὶ
2489 4561 2599 4618 τοῖς
2628 4559 2894 4621 ἐναντίοις
2942 4560 3039 4612 καὶ
3074 4560 3304 4628 χείροσι,
3331 4560 3427 4610 καὶ
3450 4558 3534 4621 ὡς

1955 4647 2330 4700 ὲθεοποιοῦντο
2367 4651 2466 4716 μὲν
2509 4650 2560 4701 οι
2597 4649 2812 4710 πλείους
2847 4649 3072 4704 ἐκείνων
3118 4650 3318 4714 ζῶντες
3348 4651 3531 4714 αὐτοὶ,

1957 4739 2109 4791 ἄλλοι
2150 4739 2206 4791 δὲ
2244 4741 2338 4793 καὶ
2384 4740 2520 4804 ζῶσι
2551 4741 2647 4794 καὶ
2680 4742 3070 4812 τελευτήσασιν
3117 4744 3296 4805 αὐτοῖς
3346 4745 3534 4812 ἐχαρί-

1958 4826 2113 4891 ζοντο
2143 4829 2202 4880 τὸ
2233 4831 2330 4896 τὴν
2357 4831 2612 4899 τοιαύτην
2639 4832 2953 4902 ἀφροσύνην
2981 4832 3206 4900 κυροῦν,
3245 4833 3404 4884 τοῦτο
3433 4835 3533 4883 καὶ

1958 4920 2141 4972 πᾶσαν
2171 4921 2534 4991 παρεληλύθει
2570 4925 2693 4976 τότε
2737 4925 3078 4990 δυσσέϐειαν,
3114 4925 3212 4992 τῆς
3265 4923 3534 4990 τοιαύτης

1956 5013 2165 5080 πλάνης
2201 5014 2262 5066 τὸ
2289 5013 2397 5066 τῶν
2426 5014 2730 5085 ἀνθρώπων
2767 5016 3145 5083 κατασχούσης
3172 5017 3325 5083 γένος
3377 5014 3532 5065 ἅπαν

1959 5104 2148 5174 σχεδὸν
2179 5107 2237 5167 ἐς
2268 5105 2520 5159 πλεῖστον
2549 5107 2641 5159 τὸν
2668 5108 2881 5176 χρόνον,
2914 5110 2942 5160 ὁ
2965 5108 3096 5170 Θεὸς
3129 5108 3404 5174 ἀπήλλαξε
3437 5108 3532 5174 μορ

1955 5212 2043 5257 νος
2088 5195 2246 5249 τοῦτο
2288 5197 2608 5266 δυνάμενος.
2643 5199 2751 5250 Καὶ
2803 5197 2898 5250 νῦν
2943 5199 3087 5260 ἄπας
3129 5200 3156 5252 ὁ
3210 5200 3419 5264 κόσμος
3455 5202 3532 5260 εἰς

1954 5289 2049 5342 ’ἐνα
2083 5292 2330 5343 πιστεύει
2381 5292 2513 5343 Θεὸν
2561 5293 2702 5346 οὕτω
2739 5295 2836 5363 τῆς
2873 5296 2980 5347 τῶν
3021 5296 3194 5347 ἀθέων
3225 5293 3529 5362 φρσντίζωι

1952 5381 2332 5450 ἀναισθησίας,
2376 5378 2441 5453 ἧς
2467 5384 2586 5437 οὐδὲ
2633 5386 2723 5436 τὸν
2773 5387 3005 5453 πρόσθεν
3041 5388 3229 5454 χρόνον
3285 5386 3529 5450 ὲφῑόντι·

1953 5472 2064 5538 ξεν,
2097 5474 2217 5526 οὔτε
2259 5477 2354 5544 τῆς
2409 5477 2514 5527 τῶν
2558 5477 2831 5529 πολυθέων
2871 5478 3218 5538 ἀνευ).α6εία;
3269 5478 3324 5526 ἐν
3371 5477 3527 5527 εὐλαί

1959 5567 2112 5628 Gaia;
2150 5569 2521 5636 προσχήματι.
2571 5569 2630 5620 Εἰ
2666 5570 2772 5635 γάρ
2807 5570 2906 5621 πού
2945 5588 3024 5630 τις
3058 5572 3246 5637 γέγονε
3289 5570 3393 5635 πρὸ
3441 5588 3524 5638 yt-

1959 5659 2090 5720 κίοῦ
2125 5660 2221 5720 τὴν
2265 5660 2583 5722 Ἑλληνικὴν
2638 5661 2924 5714 πολυθεῖαν
2949 5658 3114 5722 αὖθις
3151 5662 3349 5714 ἐθέλων
3397 5661 3504 5716 ἀνα
