3904 6134
312 242 425 310 583

1409 232 1785 296 GENNADII
1817 232 1927 296 CP.
1969 232 2485 297 PATRIARCH/E

3456 226 3566 290 584

305 360 471 434 judaai
500 361 685 428 utpote
714 350 972 410 divinitus
1022 346 1277 404 traditam
1346 345 1595 401 absolute
1655 344 1861 415 comple

1967 350 2131 408 ,δαίοι
2167 348 2277 420 γὰρ
2323 348 2579 412 καθάπαξ
2620 345 2789 413 αὐτῆς
2836 342 3184 415 περιέχονται
3216 338 3289 401 ὡς
3321 338 3385 392 ὲκ
3421 339 3560 394 Θεοῦ

310 460 555 515 etuntur,
577 448 703 501 licet
720 459 838 500 eam
866 442 933 497 de
960 440 1142 495 divina
1165 437 1571 508 dispensatione
1592 444 1685 489 aut
1712 436 1883 489 simu-

310 544 421 599 late
452 538 603 595 surdi
633 544 728 591 aut
763 548 1018 606 perverse
1052 528 1394 600 interpretati
1426 526 1875 598 praetermittam,

310 634 471 690 nobis
490 634 555 687 ad
589 646 829 701 praesens
862 628 1060 684 sulIicit
1088 635 1147 681 ut
1173 641 1238 680 ex
1267 623 1435 699 Mosis
1454 623 1699 678 doctrina
1722 621 1880 691 quasi

310 741 375 781 ex
398 724 752 779 fundamento
777 719 1034 775 omnibus
1065 714 1514 771 communissimo
1562 712 1664 766 Dei
1692 712 1880 766 Trini-

310 824 478 871 tatem
535 814 643 869 illis
678 813 1125 865 demonstremus
1180 806 1273 877 qui
1310 813 1500 860 contra
1559 818 1658 857 nos
1695 803 1760 857 de
1786 801 1878 855 illa

312 907 615 975 disputant.
654 904 828 955 Porro
886 914 993 952 non
1052 896 1282 967 publicis
1330 901 1538 947 tantum
1603 892 1879 959 discepta-

309 997 573 1058 tionibus,
604 992 786 1049 sedet
843 991 997 1045 libris
1046 988 1272 1058 integris
1326 987 1466 1039 hanc
1500 984 1621 1038 fidei
1678 993 1878 1037 nostra:

308 1088 669 1144 clarissimam
719 1082 1007 1138 veritatem
1070 1076 1377 1147 explanavi.
1434 1074 1609 1130 Unum
1670 1075 1875 1144 itaque,

311 1180 457 1251 quod
486 1192 631 1232 nunc
666 1186 768 1239 est,
808 1176 972 1244 idque
999 1189 1064 1229 ex
1095 1173 1209 1242 ipso
1240 1171 1405 1225 Mosis
1457 1185 1551 1225 ore
1583 1170 1690 1225 illis
1717 1170 1875 1224 addi-

308 1283 420 1328 tum
477 1272 617 1325 volo.
656 1269 905 1338 Superne
963 1267 1171 1321 scilicet
1200 1263 1439 1329 adlatus,
1494 1261 1674 1317 Moses
1702 1262 1873 1317 Deum

305 1362 532 1427 inducit,
569 1374 691 1413 cum
720 1361 1037 1413 universum
1072 1357 1218 1410 hunc
1253 1354 1513 1407 mundum
1560 1354 1633 1407 ita
1685 1353 1874 1421 dispo-

306 1455 413 1509 site
449 1450 661 1507 crearet
690 1467 752 1523 ac
783 1451 1157 1513 distribueret,
1189 1448 1254 1501 ad
1302 1446 1655 1515 semetipsum
1688 1446 1875 1500 dicen-

302 1556 441 1601 lem:
480 1544 769 1598 Faciamus
800 1544 1056 1596 hominem
1085 1543 1152 1594 ad
1202 1539 1493 1608 imaginem
1528 1546 1578 1592 et
1621 1537 1873 1592 similitu-

297 1638 475 1691 dinem
507 1644 764 1688 nostram.
798 1632 856 1686 Si
884 1647 1055 1701 ergo,
1093 1631 1344 1699 ipsismet
1396 1628 1719 1693 fatentibus,
1773 1642 1868 1682 ve-

298 1744 396 1781 rax
437 1736 519 1782 est
552 1727 754 1789 Moses,
787 1725 832 1779 si
872 1724 1036 1789 Deus,
1059 1722 1302 1776 omnium
1338 1736 1629 1786 consensu,
1661 1720 1727 1773 ad
1757 1721 1866 1775 sei-

295 1835 455 1889 psum
487 1820 559 1872 ita
595 1818 811 1872 locutus
826 1795 911 1889 cs}
934 1823 987 1868 et
1012 1814 1195 1868 divina
1224 1822 1354 1868 sunt
1382 1814 1495 1867 hac
1525 1812 1714 1877 verba,
1747 1820 1861 1866 tum

296 1911 594 1965 manifesto
619 1909 776 1963 nobis
803 1874 979 1962 etillo
1009 1920 1262 1960 sermone
1286 1912 1497 1974 patetet
1531 1918 1699 1957 unum
1729 1918 1851 1958 esse

295 2001 501 2069 Deum;
536 2002 610 2055 ait
630 2000 797 2063 enim,
823 1998 971 2052 Dixit
994 1998 1176 2062 Deus;
1203 2004 1255 2050 et
1274 1996 1638 2064 pluralitatetn
1667 2008 1861 2064 quam-

293 2095 417 2149 dam
448 2108 510 2149 ac
532 2108 817 2147 numerum
846 2091 898 2144 in
928 2090 1037 2144 Deo
1062 2089 1334 2163 dignosci,
1363 2103 1510 2155 nam,
1554 2086 1860 2151 Faciamus,

297 2184 477 2254 inquit
526 2183 749 2240 sibimet
801 2180 982 2247 Deus,
1019 2181 1176 2250 quasi
1230 2180 1540 2248 multiplex,
1577 2186 1700 2232 utut
1769 2178 1862 2245 sit,

296 2279 349 2334 in
376 2282 675 2349 semetipso
712 2278 987 2333 exsistens
1013 2292 1029 2339 ;
1060 2285 1115 2330 et
1139 2276 1293 2345 juxta
1326 2273 1618 2343 imaginem
1647 2271 1741 2327 Dei
1766 2274 1864 2328 ho-

293 2372 492 2424 minem
518 2371 717 2425 factum
744 2384 866 2423 esse
895 2378 949 2422 et
972 2378 1245 2431 constare,
1280 2365 1552 2435 siquidem
1579 2363 1694 2417 :Ad
1724 2366 1863 2417 ima-

291 2464 461 2533 ginem
490 2471 745 2525 nostram,
778 2462 871 2514 ait.
909 2460 974 2512 Et
1006 2472 1193 2514 revera
1218 2473 1441 2527 prorsus
1468 2459 1713 2528 apposite
1737 2457 1858 2512 dic-

291 2566 407 2606 tum
447 2554 614 2617 istud,
642 2568 749 2607 non
783 2566 847 2606 eo
874 2552 1051 2606 solum
1085 2551 1229 2620 quod
1276 2550 1446 2604 libero
1486 2550 1717 2605 arbitrio
1746 2560 1861 2605 erat

293 2644 644 2699 honorandus
677 2644 858 2707 homo,
892 2643 1032 2696 unde
1066 2650 1118 2696 et
1150 2656 1331 2696 rerum
1384 2643 1626 2697 omnium
1653 2641 1856 2698 condi-

294 2746 470 2791 tarum
508 2736 725 2790 futurus
763 2744 879 2789 erat
911 2734 1166 2789 dominus
1192 2743 1245 2788 et
1278 2737 1541 2788 continuo
1575 2734 1859 2803 proximus

289 2843 318 2879 a
338 2825 469 2889 Deo,
489 2826 582 2881 sed
616 2826 778 2880 etiam
804 2824 948 2895 quod
973 2823 1212 2879 divinam
1243 2824 1502 2878 unitatem
1544 2839 1608 2879 ac
1639 2826 1866 2895 plurali-

1984 440 2295 509 δεδομένης,
2324 443 2373 493 εί
2396 440 2489 493 κα)⁴
2512 440 2579 492 τὰ
2604 437 2852 508 περὶτῆς
2871 435 3020 497 θείας
3043 432 3356 501 οἰκονομίας
3378 432 3562 484 ἐθελο-

1983 531 2295 598 κωφοῦντες
2328 530 2497 600 αὐτὴν
2525 528 2963 597 παρατρέχουσιν
2989 525 3021 593 ἢ
3054 523 3397 591 διαστρόφως
3422 538 3561 591 παρ-

1983 621 2426 693 ερμηνεύοντες),
2458 622 2619 690 ἀρκεῖ
2653 622 2746 672 καὶ
2774 612 3146 689 ήμῖνςνῦνδιὰ
3170 614 3339 667 ταῦτα
3367 614 3431 665 ἐκ
3462 614 3561 683 τῆς

1982 715 2225 775 Μωσέως
2257 712 2601 775 διδασκαλίας
2626 711 2700 774 ὡς
2724 708 3047 775 κοινοτάτης
3068 708 3234 760 πᾶσιν
3263 705 3439 775 ἀρχῆς
3460 706 3559 773 τὴν

1980 808 2041 859 ἐν
2061 806 2137 877 τῷ
2167 808 2287 875 Θεῷ
2304 806 2494 872 δείξαι,
2513 804 2723 875 Τριάδα
2746 803 2857 866 τοῖς
2880 803 3007 872 περ).
3026 801 3228 869 ταύτης
3249 801 3385 868 πρὸς
3408 798 3556 866 ἡμᾶς

1980 897 2506 967 διαμφισϐητοῦσιν*
2543 900 2634 949 καὶ
2672 895 2900 965 βιϐλίοις
2952 891 3049 961 μὲν
3101 891 3264 953 ὅλοις,
3296 890 3356 941 οὗ
3396 890 3557 957 μόνον

1978 992 2245 1058 διαλέξεσι
2268 992 2558 1061 δημοσίαις
2590 990 2725 1057 πρὸς
2763 987 3057 1055 ἑκατέρους
3084 983 3185 1052 τὴν
3230 981 3556 1051 λαμπροτά-

1978 1101 2079 1153 την
2103 1084 2363 1153 ἀλήθειαν
2392 1084 2491 1152 τῆς
2524 1084 2657 1155 παρ’
2689 1086 2822 1154 ἡμῖν
2875 1081 3247 1154 ἱστορήκαμεν
3293 1078 3553 1136 πίστεως.

1978 1176 2093 1230 Νῦν
2120 1178 2164 1231 δ’
2192 1177 2251 1231 ἓν
2279 1195 2333 1231 τι
2363 1180 2460 1232 καὶ
2490 1181 2556 1231 ἐκ
2592 1182 2719 1249 μιᾶς
2745 1178 2836 1231 τοῦ
2870 1176 3119 1237 Μωσέως
3150 1174 3337 1242 φωνῆς
3369 1172 3555 1228 αὐτοῖς

1976 1273 2388 1344 προθησὸμεθα.
2443 1272 2502 1325 'U
2534 1274 2713 1326 τοίνυν
2747 1272 2928 1334 ἔνθεος
2961 1270 3165 1339 Μωσῆς
3214 1269 3425 1334 εἰσάγει
3462 1266 3554 1319 τὸν

1975 1364 2107 1418 Θεὸν
2168 1366 2225 1419 ὲν
2274 1366 2351 1435 τῷ
2400 1366 2460 1418 τὸ
2508 1366 2732 1433 σύμπαν
2781 1372 2900 1419 τοδε
2962 1362 3439 1433 διανενεμημένως
3489 1376 3550 1413 τε

1972 1457 2359 1531 δημιοουργεῖν
2406 1460 2499 1512 καὶ
2552 1460 2827 1522 εὐτάκτως
2874 1458 3010 1529 πρὸς
3058 1456 3248 1510 ἑαυτὸν
3300 1454 3548 1521 λέγοντα,

1972 1548 2327 1617 Ποιήσωμεν
2354 1549 2675 1627 ρνθρωπον
2713 1550 2841 1603 κατ’
2884 1552 3091 1603 εἰκόνα
3123 1545 3421 1616 ἡμετέραν
3451 1543 3551 1601 καὶ

1972 1644 2105 1697 καθ’
2143 1644 2452 1712 ὁμοίωσιν.
2489 1645 2551 1697 Εἰ
2587 1644 2768 1697 τοίνυν
2818 1644 3026 1712 ἀληθής
3067 1646 3185 1697 ἐστι
3218 1641 3424 1711 Μωσῆς
3455 1642 3551 1696 καὶ

1971 1737 2094 1790 κατ’
2124 1739 2326 1803 αὐτοὺς
2377 1742 2468 1794 καὶ
2510 1741 2641 1804 Θεὸς
2671 1740 2843 1803 οὕτως
2890 1736 3043 1793 εἶπεν
3093 1738 3548 1807 ὁμολογουμένως

1969 1829 2105 1898 πρὸς
2134 1830 2322 1883 ἑαυτὸν
2352 1832 2447 1885 καὶ
2480 1831 2623 1895 θεῖος
2650 1832 2825 1886 ταῦτα
2853 1831 3009 1898 λόγος
3040 1832 3213 1891 ἐστὶν,
3257 1830 3450 1898 ἔχομεν
3485 1829 3549 1897 δή

1966 1921 2157 1975 ὲκιτοΰ
2188 1924 2343 1991 λόγου
2396 1924 2586 1977 τούτου
2637 1923 2940 1993 προδήλως,
2981 1923 3063 1976 ὅτι
3113 1939 3170 1974 τε
3209 1916 3289 1984 εἷς
3328 1923 3476 1974 ἐστιν
3520 1921 3548 1971 6

1967 2012 2099 2075 Θεὸς
2134 2011 2305 2082 (Eine
2328 2016 2455 2087 γὰρ,
2491 2016 2680 2085 φησὶν,
2711 2018 2743 2069 ό
2771 2015 2960 2081 Θεὸς),
3000 2015 3091 2067 καὶ
3123 2014 3208 2067 ὅτι
3247 2013 3450 2081 πλῆθός
3492 2030 3545 2064 τι

1968 2105 2063 2159 καὶ
2092 2106 2328 2176 ἀριθμός
2359 2124 2441 2171 τις
2472 2109 2530 2162 ὲν
2563 2109 2642 2176 τῷ
2670 2108 2750 2161 ἑνὶ
2780 2109 2983 2159 νοεῖται
3007 2104 3127 2174 Θεῷ
3168 2104 3547 2175 (Ποιήσωμεν

1966 2197 2100 2267 γὰρ,
2131 2196 2236 2267 ἔφη
2268 2199 2406 2265 πρὸς
2444 2199 2634 2253 ἑαυτὸν
2664 2201 2690 2252 6
2718 2198 2849 2261 Θεὸς
2878 2199 2953 2260 ὠς
2983 2198 3045 2267 δὴ
3086 2198 3272 2267 τρόπῳ
3312 2199 3419 2250 τινὶ
3450 2197 3547 2250 καὶ

1970 2287 2210 2357 πλήθους
2251 2289 2329 2340 ὲν-
2356 2288 2537 2359 ἑαυτῷ
2574 2286 2920 2359 μετέχοντα),
2949 2288 3041 2342 καὶ
3081 2288 3161 2340 ὅτι
3194 2287 3316 2340 κατ’
3357 2286 3544 2341 εἰκόνα

1966 2376 2101 2430 Θεοῦ
2134 2378 2354 2447 γέγονεν
2384 2378 2671 2449 ἄνθρωπος
2696 2381 2786 2432 καί
2822 2379 2937 2432 ἐστι
2968 2376 3132 2450 (Κατ’
3172 2377 3378 2431 εἰκόνα
3408 2377 3539 2445 γὰρ,

1967 2471 2150 2538 φησὶν,
2184 2470 2521 2540 ἡμετέραν),
2566 2472 2660 2526 καὶ
2705 2472 2942 2539 εὐλόγως
2988 2470 3130 2526 πάνυ
3178 2469 3303 2523 κατ’
3349 2470 3539 2521 εἰκόνα

1965 2561 2119 2615 θείαν
2152 2562 2346 2629 ἔμελλε
2386 2564 2654 2631 γίνεσθαι,
2690 2563 2750 2615 οὐ
2804 2562 2964 2632 μόνον
2996 2561 3071 2625 ὡς
3101 2558 3542 2628 αὐτεξουσιότητι

1963 2653 2423 2723 τιμηθησόμενος,
2461 2656 2530 2708 δι’
2570 2657 2637 2725 ἢν
2690 2656 2787 2708 καὶ
2830 2655 2942 2709 τῶν
2994 2654 3268 2724 γεννητῶν
3322 2653 3541 2707 πάντων

1965 2745 2150 2815 ἄρχων
2177 2746 2327 2801 ἔσται
2362 2748 2458 2799 καὶ
2503 2748 2660 2811 τέλος
2709 2748 2849 2811 μετὰ
2884 2748 3043 2814 Θεὸν,
3087 2746 3225 2800 ἀλλὰ
3249 2746 3313 2817 δὴ
3344 2747 3439 2799 καὶ
3464 2747 3541 2809 ὡς

1964 2837 2063 2905 τῆς
2095 2837 2245 2900 θείας
2272 2839 2519 2908 ἑνότητος
2548 2840 2641 2891 καὶ
2668 2839 2763 2893 τοῦ
2791 2841 2848 2893 ὲν
2878 2840 3018 2911 αὐτῇ
3056 2840 3269 2910 μέλλων
3299 2837 3539 2909 ἀριθμοῦ

302 2927 466 2974 tatem
495 2926 644 2973 esset
670 2918 1116 2987 participaturus.
1143 2915 1256 2969 lmo
1280 2915 1654 2985 bincquodam
1690 2918 1858 2971 modo

1968 2902 2239 2997 μετέχειν.
2291 2902 2454 2981 Ὅθεν
2496 2930 2562 3000 δὴ
2612 2930 2704 2983 καὶ
2748 2902 3017 2999 μετέσχεν.
3056 2902 3449 3001 δμηγέπηέἷς
3477 2947 3540 2984 τι

291 3011 565 3079 particeps
635 3007 885 3073 eifeetus,
946 3020 1068 3060 cum
1124 3015 1178 3059 et
1214 3020 1356 3060 unus
1398 3006 1470 3060 sit
1500 3015 1552 3059 et
1581 3004 1859 3075 pluribus,

289 3101 467 3171 quoad
499 3104 761 3168 animam,
787 3098 1138 3154 facultatibus
1158 3097 1388 3151 coaleat.
1417 3097 1574 3152 Hunc
1603 3098 1854 3153 divinum

289 3208 575 3247 numerum
610 3192 700 3246 ille
724 3192 880 3246 nobis
920 3191 1183 3244 reseravit
1226 3204 1387 3256 quem
1416 3199 1708 3243 venturum
1737 3189 1850 3243 Mo-

287 3294 375 3331 ses
406 3279 830 3346 prophetaverat
895 3276 1078 3332 Jesus.
1119 3275 1488 3340 Quamobrem
1537 3287 1591 3332 et
1634 3278 1699 3332 ad
1758 3292 1860 3333 no-

289 3376 459 3420 stram
493 3377 742 3439 canoram
779 3365 1160 3435 perfectionem
1199 3366 1492 3421 adveniens
1550 3367 1859 3433 iterumque

289 3464 554 3512 venturus
582 3456 751 3510 multo
781 3464 905 3510 ante
933 3456 1316 3525 pronuntiatus
1347 3457 1518 3511 edixit
1575 3458 1858 3526 baptizan-

287 3547 387 3603 dus
437 3563 532 3603 eos
560 3548 649 3617 qui
684 3547 1014 3601 crediderint
1044 3548 1097 3600 in
1129 3548 1351 3601 nomine
1385 3546 1579 3613 Patris,
1616 3559 1669 3603 et
1702 3547 1853 3614 Filii,

287 3647 343 3694 et
370 3640 606 3709 Spiritus
639 3640 834 3705 sancti,
857 3638 1077 3709 quibus,
1111 3638 1211 3692 etsi
1245 3648 1355 3693 tres
1378 3640 1487 3693 siut
1509 3680 1523 3704 ,
1568 3654 1737 3693 unum
1766 3654 1859 3693 no-

290 3747 413 3786 men
444 3739 613 3786 estet
665 3732 721 3785 in
765 3729 1045 3786 communi
1108 3732 1369 3799 competit
1430 3745 1591 3783 unam
1656 3730 1858 3787 habere

287 3823 545 3877 deitatem
585 3832 639 3879 et
671 3837 839 3876 unum
871 3821 1039 3875 Deum
1074 3820 1179 3873 tria
1209 3820 1311 3873 hoc
1328 3834 1471 3875 esse.
1506 3819 1648 3885 Quin
1683 3822 1848 3877 etiam

287 3916 606 3985 priusquam
638 3914 879 3968 venisset
915 3910 1097 3975 Jesus,
1121 3909 1288 3964 David
1316 3912 1456 3966 hanc
1487 3910 1540 3964 in
1576 3912 1687 3966 Deo
1731 3912 1857 3967 'l'ri-

286 4006 508 4059 nitatem
595 4003 862 4073 pellucide
907 4002 1283 4057 declaraverat
1333 4018 1349 4057 :
1418 4001 1583 4057 Verbo
1618 4004 1854 4072 Domini,

286 4096 561 4166 inquiens,
593 4096 707 4152 cali
734 4095 936 4164 ﬁrmati
972 4103 1095 4149 sunt
1130 4104 1178 4149 et
1208 4092 1411 4159 Spiritu
1463 4098 1569 4150 oris
1600 4096 1713 4162 eius
1748 4114 1858 4151 om-

1965 3018 2041 3073 ὣν
2102 3020 2198 3072 κα).
2256 3021 2321 3074 ix
2369 3021 2633 3077 πλειόνων
2684 3023 2784 3094 τήν
2847 3021 3030 3093 ψυχὴν
3090 3024 3541 3093 συνηρμοσμένος

1962 3110 2243 3181 δυνάμεων
2269 3127 2282 3140 ·
2314 3109 2502 3165 τοῦτον
2539 3112 2631 3165 τὸν
2667 3110 2808 3166 θεῖόν
2855 3112 3087 3182 ἀριθμὸν
3119 3114 3147 3165 6
3190 3115 3254 3165 ἐκ
3294 3114 3541 3175 Μωσέως

1960 3200 2112 3272 ἥξειν
2142 3202 2538 3272 προφητευθεὶς
2578 3200 2780 3271 Ἰησοῦς
2808 3201 2967 3271 ήμῶν
3008 3203 3275 3270 ἀνέπτυξε
3297 3220 3311 3233 ·
3343 3204 3536 3256 τούτου

1961 3295 2121 3366 χάριν
2152 3296 2247 3348 κα).
2296 3295 2393 3364 τῆς
2437 3294 2604 3363 ἄλλης
2650 3292 2812 3363 ήμῶν
2844 3292 3184 3363 βελτιώσεως
3229 3297 3539 3364 ἀφιγμένος

1960 3403 2020 3439 τε
2071 3386 2186 3439 ἀλλ’
2247 3385 2399 3454 ἥξειν
2474 3384 2758 3455 πόρρωθεν
2828 3388 3383 3458 προκατηγγελμένος
3442 3389 3538 3441 καὶ

1963 3472 2316 3545 βαπτίζεσθαι
2352 3477 2463 3528 δεῖν
2485 3474 2588 3545 ἔφη
2622 3476 2977 3539 πιστεύοντας
3010 3480 3090 3541 εἰς
3144 3478 3204 3530 τὸ
3232 3479 3404 3547 ὄνομα
3438 3478 3536 3533 τοῦ

1963 3564 2200 3633 [ἰατρὸς
2228 3567 2321 3619 καὶ
2348 3564 2445 3618 τοῦ
2474 3564 2746 3632 Υἰοῦ,⁸καὶ
2771 3569 2864 3622 τοῦ
2889 3571 3047 3638 ἁγίου
3083 3570 3418 3639 Πνεὺματος,
3453 3567 3537 3635 οἷς

1958 3656 2140 3725 τρισὶν
2185 3650 2338 3711 οὖσιν
2385 3656 2444 3710 ἓν
2472 3657 2645 3728 δνομα
2691 3660 2787 3712 καὶ
2818 3662 2996 3714 κοινόν
3023 3663 3169 3715 ἐστιν
3201 3664 3233 3733 ή
3286 3666 3387 3732 μία
3418 3666 3537 3717 θεό-

1956 3763 2057 3818 της
2091 3748 2185 3799 καὶ
2212 3748 2273 3800 τὸ
2302 3748 2434 3802 Θεὸν
2459 3749 2555 3802 ἕνα
2583 3750 2651 3803 τὰ
2681 3752 2805 3821 τρία
2851 3751 3007 3805 ταῦτ’
3041 3749 3203 3806 εἰναι.
3245 3754 3404 3807 Ἀλλὰ
3439 3756 3534 3807 καὶ

1960 3838 2087 3907 πρὶν
2134 3838 2292 3908 ήκειν
2344 3839 2440 3892 τὸν
2479 3839 2686 3909 Ἰησοῦν
2731 3842 2759 3893 6
2803 3842 2969 3894 Δαδίδ
3016 3845 3118 3911 τὴν
3171 3844 3230 3895 ὲν
3280 3845 3358 3911 τῷ
3409 3844 3529 3913 Θεῴ

1956 3928 2163 3999 Τριάδα
2214 3930 2419 4000 ταύτην
2466 3931 2654 4000 ἐδήλου
2706 3930 2904 3999 καλῶς,
2962 3931 3051 3998 Τῷ
3096 3934 3257 4000 λόγῳ
3305 3934 3532 4000 Κυρίου

1957 4026 2011 4077 οι
2053 4024 2299 4090 οὐρανοὶ
2339 4023 2812 4091 ἐστερεώθησαν,
2861 4023 3057 4093 λέγων,
3093 4027 3190 4081 καί
3230 4025 3309 4091 τῷ
3341 4026 3532 4080 [Irmi-

1954 4131 2096 4184 ματι
2118 4114 2224 4168 τοῦ
2247 4114 2543 4183 στόματος
2564 4115 2751 4170 αὑτοῦ
2774 4115 2944 4171 πᾶσα
2969 4116 3007 4182 ἠ
3032 4117 3285 4187 δύναμις
3305 4116 3531 4183 αὐτῶν,

289 4190 374 4245 nis
405 4191 570 4243 virtus
617 4204 821 4242 eorum.
876 4187 1042 4257 Atqui
1094 4200 1193 4242 nec
1240 4186 1433 4241 Davidi
1479 4188 1856 4244 contradicere

1967 4205 2267 4273 ἀντιλέγειν
2304 4206 2359 4259 δὲ
2391 4207 2513 4259 οὐδὲ
2552 4207 2629 4276 τῷ
2674 4208 2844 4261 Δασίδ
2873 4208 3091 4277 ἔχουσιν
3124 4186 3345 4280 οίίπρὸς
3379 4212 3529 4280 ἡμᾶς

289 4284 526 4337 audeant
558 4278 858 4334 adversarii
896 4278 1091 4333 nostri.
1120 4277 1198 4332 Ita
1231 4288 1286 4332 et
1323 4292 1391 4332 ex
1434 4278 1661 4348 reliquis
1720 4294 1850 4348 pro-

287 4375 465 4447 phetis
498 4374 664 4438 idem,
686 4368 755 4424 de
791 4383 899 4439 quo
937 4384 1106 4433 nunc,
1137 4368 1330 4438 dogma
1376 4369 1669 4439 colligitur,
1702 4370 1852 4439 quod

286 4483 409 4524 cum
442 4468 682 4537 ipsorum
706 4462 772 4517 de
797 4458 979 4515 divina
1028 4459 1435 4530 dispensatione
1464 4463 1737 4531 praedictis
1764 4478 1857 4534 ap-

285 4558 461 4630 prime
513 4564 807 4611 consonat.

278 4636 287 4641 ’
355 4650 630 4714 Attamen,
672 4661 985 4716 quanquam
1014 4646 1173 4702 modo
1203 4645 1440 4715 prtemisi
1482 4645 1752 4702 hominem
1789 4650 1856 4704 ad

286 4739 579 4809 imaginem
608 4736 702 4793 Dei
738 4737 1037 4808 factum,:id
1065 4752 1170 4792 non
1202 4752 1267 4791 ex
1320 4738 1464 4793 Mose
1494 4738 1673 4808 potius
1704 4749 1759 4793 et
1789 4754 1859 4794 cx

286 4846 351 4886 eo
381 4831 526 4900 quod
590 4831 903 4900 loquentem
960 4831 1122 4885 Deum
1184 4829 1414 4895 inducit,
1446 4845 1609 4901 quam
1645 4844 1709 4885 ex
1742 4832 1856 4901 ipsa

286 4922 432 4977 circa
494 4922 768 4977 hominem
812 4921 1053 4976 evidenti
1115 4922 1344 4978 veritate
1375 4938 1439 4978 ac
1490 4925 1609 4979 sola
1643 4924 1856 4980 ratione

287 5023 435 5069 stare
457 5026 617 5081 posse
647 5011 982 5067 monstrabo.
1013 5011 1264 5067 Profecto
1278 5013 1495 5083 quidem
1520 5029 1657 5085 opus
1680 5017 1849 5087 quod-

287 5102 417 5158 libet
450 5102 749 5156 intellectui
780 5103 1026 5173 operanti
1060 5103 1240 5173 aliqua
1265 5105 1439 5161 simile
1464 5114 1546 5162 est
1573 5123 1589 5173 ς
1620 5107 1676 5161 fit
1703 5108 1849 5162 enim

286 5189 435 5261 juxta
500 5192 739 5263 speciem
797 5191 850 5246 in
884 5192 1158 5247 intellectu
1209 5192 1434 5249 factoris
1496 5196 1766 5263 incusam,
1797 5202 1852 5250 et

287 5281 664 5339 immaterialis
685 5298 806 5354 qua:
849 5284 975 5339 huic
1006 5284 1149 5339 inest
1186 5286 1369 5355 operis
1401 5286 1578 5357 imago
1611 5302 1855 5342 commu-

289 5370 506 5423 nicatur
567 5372 805 5426 materiae
857 5371 1019 5426 modo
1050 5373 1149 5442 ipsi
1199 5374 1459 5443 proprio;
1492 5375 1635 5430 unde
1674 5378 1855 5431 tenuis

291 5457 591 5514 similitudo
614 5470 717 5515 est.
740 5461 876 5515 Nam
898 5461 1045 5516 sicut
1064 5478 1128 5515 es
1163 5464 1406 5534 vestigiis
1435 5466 1708 5520 hominem
1729 5482 1854 5523 esse

291 5548 545 5603 novimus
584 5550 678 5619 qui
714 5552 962 5617 incessit,
985 5553 1055 5607 ita
1095 5554 1313 5607 domum
1350 5555 1530 5609 intuiti
1565 5556 1709 5611 illam
1742 5560 1853 5615 sci-

292 5652 415 5695 mus
456 5653 594 5710 opus
626 5654 747 5698 esse
774 5643 1127 5713 caementarii,
1179 5659 1395 5717 unaque
1423 5649 1711 5706 structoris
1756 5650 1853 5706 ha-

1962 4295 2320 4365 διιστάμενοι.
2342 4297 2453 4350 Καὶ
2479 4298 2543 4350 ὲκ
2573 4296 2679 4351 τῶν
2705 4298 2882 4353 ἄλλων
2906 4301 2966 4354 δὲ
2996 4303 3294 4373 προφητῶν
3320 4304 3378 4356 τὸ
3400 4304 3530 4373 περὶ

1962 4386 2061 4456 τῆς
2107 4387 2165 4440 ἂν
2201 4386 2279 4457 τῷ
2320 4387 2440 4458 Θεῷ
2487 4388 2717 4459 Τριάδος
2770 4390 2949 4454 καλῶς
2991 4392 3302 4463 ἀθροίζεται
3351 4382 3529 4463 δόγμα

1962 4479 2082 4541 ταῖς
2116 4480 2243 4548 περὶ
2270 4482 2370 4548 τῆς
2405 4478 2557 4539 θείας
2601 4482 2912 4553 οἰκονομίας
2943 4487 3315 4556 προρρήσεσιν
3346 4489 3526 4541 αὐτῶν

1961 4570 2176 4634 οἰκείως
2205 4571 2655 4642 ιναρμοζόμενον.
2896 4588 2901 4591 ⁷
2956 4623 2978 4645 ,

2048 4664 2205 4718 Ἀλλὰ
2253 4664 2349 4718 νῦν
2393 4665 2453 4718 τὸ
2493 4665 2836 4737 ἀνθρώπειον
2867 4670 3302 4739 προστησάμενοι
3336 4671 3526 4740 χρῆμα

1959 4756 2079 4808 κατ’
2113 4757 2297 4810 εἰκόνα
2343 4757 2495 4811 θείαν
2544 4761 2960 4829 γεγεννημένον,
3017 4762 3125 4815 οὐδ’
3159 4764 3225 4815 ἐκ
3274 4762 3369 4816 τοῦ
3402 4764 3527 4817 Μω-

1960 4849 2095 4911 σέως
2127 4849 2348 4918 μᾶλλον,
2385 4850 2480 4905 καὶ
2516 4850 2576 4904 ὃν
2624 4851 2813 4919 ὲσάγει
2845 4852 3070 4921 λέγοντα
3114 4853 3271 4908 τοῦτο
3301 4855 3455 4922 Θεὸν,
3489 4859 3525 4930 ᾗ

1957 4941 2023 4994 ὲκ
2052 4942 2149 5011 τῆς
2198 4944 2530 5013 φαινομένης
2562 4945 2689 5014 περὶ
2719 4945 2809 4998 τὸν
2856 4944 3141 5015 ἄνθρωπον
3169 4947 3429 5018 ἀληθείας
3458 4950 3523 5003 τὸ

1956 5032 2131 5101 δόγμα
2160 5033 2319 5087 τοῦτο
2349 5037 2443 5090 καὶ
2474 5037 2616 5107 λόγῳ
2661 5038 2959 5107 δυνάμενον
2990 5042 3214 5108 κρατεῖν
3250 5041 3519 5112 δείξομεν.

1958 5124 2141 5179 Ἆπιν
2176 5128 2276 5195 μὲν
2298 5127 2362 5197 δὴ
2394 5130 2602 5199 ποίημα
2632 5129 2818 5200 ὅμοιόν
2848 5130 2966 5193 πώς
3000 5134 3117 5186 ἐστι
3153 5132 3228 5202 τῷ
3265 5136 3404 5202 μετὰ
3431 5134 3525 5187 τοῦ

1962 5213 2203 5268 ποιοῦντι
2225 5231 2239 5246 ο
2271 5219 2504 5271 ποιεῖται
2530 5219 2638 5288 γὰρ
2664 5223 2805 5273 κατὰ
2838 5220 2900 5273 τὸ
2932 5221 3239 5275 ἂντυπωθὲν
3268 5226 3400 5294 περὶ
3431 5224 3530 5277 αὒ-

1960 5307 2055 5359 τοῦ
2102 5305 2238 5372 εἶδος
2289 5310 2365 5377 τῷ
2417 5309 2491 5380 νῷ
2542 5310 2635 5364 τοῦ
2682 5311 3001 5377 ποιοῦντος·
3054 5318 3147 5368 καὶ
3194 5315 3228 5387 ή
3274 5315 3436 5380 ᾶῦλος
3470 5318 3531 5373 ιν

1962 5398 2110 5469 αὑτῷ
2139 5398 2232 5452 τοῦ
2268 5402 2573 5471 ποιήματος
2614 5403 2871 5475 ὁμοιότης
2904 5407 2963 5458 ὲν
3002 5408 3069 5477 τῇ
3119 5406 3221 5480 ὕλῃ
3253 5412 3528 5462 κοινωνεῖ-

1960 5506 2048 5542 ται
2093 5491 2311 5555 οἰκείως
2343 5495 2509 5566 αὐτῇ,
2549 5495 2629 5549 διὸ
2659 5497 2756 5551 καὶ
2802 5498 3038 5569 ἀσθενής
3070 5500 3218 5553 ἐστιν
3249 5501 3529 5571 ὁμοιότης.

1961 5579 2051 5645 Ὠς
2092 5586 2198 5654 γὰρ
2228 5584 2306 5655 τῷ
2345 5585 2484 5656 ίχνει
2534 5588 2876 5660 γινώσκομεν
2921 5592 3213 5665 ἄνθρωπον
3248 5593 3342 5647 τὸν
3377 5608 3536 5661 περι-

1956 5676 2274 5747 πατήσαντα
2326 5677 2489 5749 εἶναι,
2522 5680 2669 5740 οὕτω
2702 5686 2797 5739 καὶ
2830 5687 3009 5743 οἰκίαν
3046 5688 3250 5753 ἰδόντες
3296 5684 3526 5757 νοοῦμεν
