3904 6134
339 226 445 289 585

1409 235 1505 295 DE
1550 236 1694 299 ι)Εο
1734 236 1818 297 ΙΝ
1856 238 2288 298 TRINITATE
2330 238 2512 299 UNO.

3474 238 3587 296 διο

332 349 392 387 τε
424 332 585 402 ἔργον
619 333 900 402 οἰκοδόμου
932 336 1102 408 αὐτὴν
1133 334 1270 394 εἶναι
1306 344 1400 395 καὶ
1431 345 1531 414 τὴν
1565 346 1660 398 τοῦ
1688 347 1893 417 ᾠκοδο-

2008 347 2169 401 bitum
2189 356 2244 403 et
2262 356 2432 403 artem
2460 347 2828 414 intelligimus.
2853 348 2928 401 Ex
2955 362 3179 417 operum
3214 349 3414 417 quippe
3436 347 3586 401 διαε-

322 426 568 495 μηκότος
607 426 723 492 ἕξιν
760 426 854 479 καὶ
882 427 1113 499 δύναμιν
1142 433 1472 504 συννοοῦμεν
1498 454 1513 466 ·
1556 440 1623 508 τῇ
1654 440 1760 510 γὰρ
1800 442 1909 495 τῶν
1947 434 1965 455 ⁸

330 521 656 588 ποιημάτων
683 521 917 591 διαφορᾷ
958 523 1059 593 τὴν
1092 523 1350 595 διάφορον
1383 528 1492 581 τῶν
1519 536 1906 602 πεποιηκότων

328 609 443 673 ἕξιν
492 610 948 679 καταμετροῦμεν
993 611 1070 681 τῷ
1120 614 1389 685 λογισμῷ,
1432 620 1528 671 καὶ
1570 622 1601 690 ὴ
1653 622 1912 694 ὁμοιότης

330 699 472 768 αῦτη
504 701 681 769 ἴχνους
725 702 981 772 ὁμοιότης
1016 702 1131 756 ἔστι
1162 722 1220 757 τε
1267 707 1361 759 καὶ
1407 708 1672 766 καλεῖται.
1706 713 1767 765 Εἰ
1800 716 1912 766 τοί-

329 810 423 843 νυν
458 794 548 845 ἐπὶ
577 792 685 845 τῶν
717 795 856 847 κατὰ
888 797 1055 864 μέρος
1090 799 1387 852 ποιούντων
1415 800 1562 853 τοῦτ’
1596 806 1745 857 ἐστὶν
1777 806 1910 873 ἀλη-

329 881 442 943 Οὲς,
499 883 676 953 πολλῷ
728 885 931 953 μᾶλλον
980 888 1072 939 ἐπὶ
1154 890 1246 942 τοῦ
1311 893 1538 947 καθόλου
1606 897 1905 962 ποιοῦντος.

345 976 504 1027 Ἀ).λά
549 975 725 1030 ταῦτα
761 977 860 1045 μὲν
909 979 1165 1053 σύστοιχά
1217 1001 1333 1047 πως
1392 987 1506 1048 τοίς
1559 994 1909 1062 ποιουμένοις

330 1067 471 1119 εἰσὶν
499 1066 574 1129 ὡς
606 1070 799 1121 κτιστὰ
850 1070 1028 1126 πάντα
1059 1072 1139 1142 τῷ
1177 1074 1323 1139 γένει
1353 1090 1366 1105 ³
1394 1078 1426 1146 ἠ
1453 1078 1509 1132 δὲ
1544 1081 1735 1152 πρώτη
1774 1086 1909 1139 πάν-

329 1175 439 1209 των
474 1158 619 1211 αίτία
649 1160 757 1212 τῶν
793 1165 1111 1232 ποιημάτων
1140 1167 1312 1236 αὐτῆς
1335 1171 1632 1237 ἀπειράκις
1662 1175 1910 1246 ἀπείρως

330 1250 671 1320 ὑπέρκειται.
705 1252 796 1305 Διὸ
830 1255 922 1305 καὶ
956 1256 1299 1328 ἀμυδροτάτη
1344 1263 1494 1316 ἐστὶν
1544 1267 1576 1334 ἠ
1628 1267 1688 1319 ὲν
1726 1268 1909 1332 αὐτοῖς

327 1346 605 1413 ὁμοιότης,
637 1346 739 1415 τῆς
782 1347 1229 1422 ὑπερϐαλλούσης
1262 1356 1317 1405 έν
1358 1356 1432 1424 τῷ
1469 1360 1709 1413 ποιοῦντι
1746 1362 1906 1415 δυνά-

333 1453 482 1504 μεως
512 1438 610 1507 τὴν
638 1442 734 1505 τῆς
757 1440 1081 1511 ,ὁμοιότητος
1118 1444 1407 1500 ἀσθένειαν
1440 1451 1495 1501 ὲν
1530 1454 1640 1515 τοῖς
1687 1456 1907 1523 γινομέ-

328 1545 442 1591 νοις
479 1526 617 1580 οὖτω
652 1530 909 1599 ποιούσης
939 1548 951 1561 ο
998 1533 1132 1587 ἀλλὰ
1169 1539 1263 1587 καὶ
1306 1539 1537 1608 ἀσθενής
1584 1546 1732 1597 ἐστιν
1763 1545 1906 1600 οὓτω

328 1622 425 1672 καὶ
460 1619 697 1687 ἀμυδρὰ,
722 1620 925 1689 ἀληθὴς
968 1625 1149 1691 μέντοι
1185 1643 1272 1693 γε,
1308 1631 1385 1691 ὡς
1429 1632 1690 1687 ἀδύνατον
1718 1636 1778 1690 ὃν
1808 1639 1904 1691 ἄλ-

328 1708 436 1771 λως
468 1708 632 1778 ἔχειν.
671 1711 826 1763 Ἐστι
862 1714 960 1780 μὲν
996 1711 1087 1768 οῦν
1123 1718 1299 1771 πάντα
1334 1722 1398 1773 τά
1430 1722 1525 1775 τοῦ
1569 1724 1704 1779 Θεοῦ
1744 1733 1900 1800 ποιή-
1941 1693 1983 1749 Β

331 1817 480 1868 ματα
526 1803 686 1870 ὄμοιά
741 1821 857 1867 πως
898 1806 1047 1876 αὑτῷ
1088 1810 1225 1862 κατὰ
1264 1810 1452 1865 τοῦτον
1484 1815 1575 1868 τὸν
1617 1817 1795 1885 λόγον,
1822 1822 1898 1885 ὡς

327 1890 424 1959 τὴν
462 1891 552 1943 τοῦ
600 1895 960 1962 πεποιηκότος
1013 1901 1068 1949 ὲν
1107 1901 1290 1968 σφίσιν
1322 1904 1506 1967 αὐτοῖς
1561 1910 1897 1977 ἐμφαίνοντα

333 1983 524 2050 σοφίαν
574 1984 665 2036 καὶ
698 1986 944 2055 δύναμιν.
975 1990 1140 2041 Οὐδὲν
1193 1993 1299 2062 γάρ
1347 1997 1481 2059 ἐστι,
1511 1999 1615 2051 κᾶν
1661 2003 1723 2053 τὸ
1770 2020 1897 2071 σμι-

330 2074 590 2141 κρότατον
621 2072 677 2148 ᾗ,
708 2076 735 2129 δ
769 2078 842 2148 μὴ
880 2079 1212 2151 Θαυμάσειεν
1242 2085 1307 2138 ἄν
1343 2103 1426 2149 τις
1470 2090 1738 2157 ἐκτόπως,
1774 2096 1896 2147 ἀντὶ

326 2166 433 2219 τῶν
466 2170 528 2221 ὲκ
568 2169 661 2223 τοῦ
713 2174 979 2240 μεγέθους
1024 2175 1426 2249 ἐλαττωμάτων
1477 2182 1669 2248 σοφίας
1712 2187 1896 2249 αὐτοῖς

330 2260 423 2313 καὶ
450 2260 692 2330 μεθόδων
731 2264 898 2328 ξένων
942 2266 1438 2341 ὲγκατῳκισμένων
1475 2276 1683 2333 Οεόθεν.
1718 2281 1893 2349 Πρόσ-

321 2370 439 2406 εστι
499 2354 555 2406 δὲ
610 2357 792 2419 αὐτοῖς
827 2360 922 2412 καὶ
967 2362 1028 2413 τὸ
1073 2363 1362 2433 δραστικόν
1392 2386 1451 2421 τε
1493 2373 1587 2423 καὶ
1616 2372 1896 2444 ὠφέλιμον

325 2446 556 2512 πλείοσι,
586 2450 679 2501 καὶ
731 2451 904 2505 ταῦτα
948 2454 1125 2509 πάντα
1174 2459 1309 2527 πρὸς
1358 2463 1458 2530 τὴν
1508 2464 1762 2532 πρόνοιαν
1794 2467 1894 2535 τῆς

324 2538 670 2611 ἀνθρωπίνης
704 2546 979 2615 προῦργου
1011 2553 1377 2621 καταστρέφει
1414 2555 1579 2619 ζωῆς.
1634 2557 1774 2611 Ἀλλ’
1800 2561 1894 2611 οὐ·

323 2628 412 2681 δὲν
465 2630 667 2687 τούτων
715 2636 876 2689 εἰκὼν
909 2638 1002 2692 τοῦ
1050 2639 1185 2695 Θεοῦ
1241 2644 1497 2713 λέγεται⁹
1529 2651 1757 2718 οὐρανὸς
1792 2654 1891 2719 μὲν

328 2724 433 2791 γὰρ
462 2727 549 2776 καὶ
583 2728 648 2779 τὰ
670 2729 894 2798 οὐράνια
922 2733 1151 2802 σώματα
1193 2736 1295 2790 οὐκ
1335 2739 1462 2791 ἄνευ
1490 2740 1619 2810 ὕλης
1652 2743 1768 2795 ἐστὶ
1798 2746 1892 2796 καὶ

328 2815 554 2884 σώματα
616 2819 776 2887 μόνον
830 2823 968 2876 είσὶν
1020 2826 1146 2880 ἄνευ
1204 2829 1430 2899 ψυχῶν·
1494 2833 1781 2902 ἄνθρωπος
1834 2836 1892 2889 δὲ

328 2908 484 2975 μόνος
512 2909 671 2973 ἄῡλος
711 2912 805 2964 καὶ
837 2913 1124 2983 ἀσώματος
1159 2918 1235 2987 τῷ
1263 2921 1362 2988 τῆς
1402 2922 1599 2991 ψυχῆς,
1632 2924 1708 2983 ὡς
1738 2925 1894 2995 εἴρη-

2017 441 2188 493 rentia
2212 439 2394 495 varios
2413 440 2569 495 simul
2592 440 2849 509 opiﬁcum
2873 440 3088 494 habitus
3116 454 3211 508 per
3234 441 3578 495 ratiocinium

2014 532 2351 595 dimetimur,
2375 542 2430 585 et
2454 532 2755 586 similitudo
2790 534 2893 587 hoc
2930 534 3155 602 vestigio
3183 549 3278 601 par
3302 543 3385 586 est
3423 545 3474 587 et
3498 534 3581 587 di-

2015 621 2174 674 citur.
2213 620 2365 686 Quod
2405 630 2555 676 certe
2607 622 2653 676 si
2682 622 2750 676 de
2792 624 2876 677 his
2909 638 3095 676 verum
3138 632 3221 676 est
3256 624 3347 691 qui
3380 627 3574 693 partim

2015 724 2329 778 cperantur,
2368 713 2538 764 multo
2572 713 2740 781 magis
2768 712 2834 765 de
2859 728 2923 765 eo
2946 712 3037 779 qui
3079 726 3143 765 ex
3180 712 3407 779 integro.
3467 710 3572 763 Sed

2013 815 2315 869 Congenera
2354 800 2463 853 fere
2495 808 2620 853 sunt
2655 802 2769 853 haec
2799 816 2918 853 enm
2970 801 3290 862 factoribus,
3322 800 3458 852 sicut
3491 815 3583 865 ge-

2024 895 2139 946 neri
2168 906 2267 946 suo
2304 900 2483 945 creata
2514 891 2733 955 omnia;
2774 891 2946 959 prima
2980 905 3106 943 vero
3130 890 3378 942 omnium
3409 904 3572 942 caus:

2014 984 2132 1037 suis
2177 982 2437 1051 operibus
2470 982 2680 1036 infinite
2716 991 2771 1035 et
2810 996 2971 1048 supra
2999 980 3218 1033 modum
3248 981 3582 1047 praeeminet.

2031 1074 2265 1142 Ideoque
2304 1090 2397 1143 per
2425 1075 2657 1128 obscura
2693 1074 2746 1127 in
2785 1074 2890 1127 illis
2957 1083 3038 1126 est
3094 1072 3414 1130 similitudo,
3446 1086 3582 1140 prie-

2014 1167 2358 1220 stantissima
2387 1180 2577 1233 nempe
2608 1165 2849 1218 auctoris
2882 1165 3120 1229 potentia
3156 1166 3291 1214 hanc
3318 1162 3574 1215 similitu-

2014 1257 2159 1312 diuis
2190 1261 2504 1311 tenuitatem
2531 1258 2612 1311 sic
2638 1256 2925 1310 efﬁciente.
2976 1255 3185 1308 Etenim
3212 1253 3312 1309 etsi
3333 1253 3470 1307 adeo
3500 1262 3583 1305 te-

2018 1350 2141 1403 nuis
2163 1358 2244 1402 est
2269 1358 2323 1402 et
2354 1349 2610 1407 obseura,
2639 1349 2732 1400 sed
2771 1363 2892 1399 vera
2928 1356 3129 1408 tamen,
3156 1354 3425 1414 quatenus
3485 1344 3583 1397 ali-

2014 1452 2094 1497 ter
2115 1442 2230 1496 fieri
2261 1448 2511 1509 nequeat.
2539 1438 2594 1491 ln
2619 1440 2831 1492 cunctis
2860 1439 3019 1507 igitur
3048 1437 3139 1490 Dei
3164 1437 3416 1506 operibus
3438 1451 3587 1503 quae-

2013 1534 2134 1587 dam
2167 1549 2287 1586 cum
2325 1534 2442 1601 ipso
2471 1539 2553 1585 est
2578 1530 2892 1597 huiusmodi
2925 1530 3247 1589 similitudo,
3293 1530 3345 1581 in
3383 1530 3579 1597 seipsis

2012 1624 2226 1693 quidem
2262 1622 2483 1675 factoris
2509 1623 2592 1675 sui
2617 1622 2941 1689 sapientiam
2976 1620 3375 1674 declarantibus
3398 1630 3448 1672 et
3479 1635 3575 1686 po-

2018 1724 2291 1771 teStatem.
2347 1712 2496 1767 Nihil
2556 1726 2793 1781 namque
2840 1712 2922 1768 vel
2980 1710 3265 1766 minimum
3316 1719 3402 1766 est
3433 1711 3577 1780 quod

2015 1818 2296 1879 stuporem
2327 1808 2503 1863 cuivis
2541 1806 2686 1860 haud
2733 1805 2988 1870 incutiat,
3018 1819 3126 1857 non
3155 1814 3331 1857 autem
3364 1804 3579 1857 illormn

2011 1916 2109 1970 pro
2161 1900 2535 1968 magnitudine
2599 1914 2779 1953 rerum
2833 1897 3094 1952 deﬁciens
3154 1896 3421 1964 sapientia
3480 1902 3577 1947 aut

2013 1992 2201 2046 aliena:
2234 1991 2650 2059 disquisitiones
2687 1989 2870 2042 divino
2898 1996 3032 2040 nutu
3072 1984 3215 2054 apud
3247 1984 3373 2038 illos
3406 1985 3579 2035 intro-

2012 2088 2208 2138 ducta.
2246 2082 2391 2137 Inest
2429 2086 2596 2136 etiam
2625 2082 2727 2135 illis
2747 2080 2964 2133 entibus
2997 2075 3233 2132 efﬁcacia
3270 2085 3323 2131 et
3366 2076 3575 2130 utilitas

2012 2178 2200 2239 multa,
2232 2186 2284 2229 et
2318 2175 2499 2228 omnia
2538 2176 2651 2227 haec
2694 2173 2748 2226 in
2803 2169 3115 2239 praesidium
3182 2169 3435 2223 humana:
3504 2169 3581 2222 vit

2008 2266 2291 2321 commode
2345 2273 2760 2321 convertuntur.
2832 2262 3087 2316 Attamen
3161 2260 3299 2315 nihil
3380 2260 3577 2313 horum

2006 2358 2183 2427 imago
2207 2358 2297 2412 Dei
2322 2358 2553 2412 dicitur:
2602 2356 2800 2411 omium
2831 2355 3032 2425 quippe
3078 2364 3129 2408 et
3194 2368 3422 2422 corpora
3466 2369 3575 2409 caa—

2006 2450 2161 2507 lestia
2192 2466 2300 2505 non
2353 2452 2620 2506 exsistunt
2653 2451 2857 2520 absque
2885 2448 3131 2511 materia,
3162 2456 3216 2502 et
3243 2447 3378 2501 nihil
3428 2447 3577 2500 aliud

2008 2554 2321 2615 suntquam
2349 2543 2644 2599 inanimata
2674 2556 2920 2612 corpora.
2974 2538 3136 2594 Solus
3187 2540 3349 2592 homo
3377 2582 3390 2602 ,
3427 2539 3578 2607 quod

2005 2638 2243 2715 animam
2273 2646 2496 2708 spectat,
2530 2645 2589 2690 ut
2623 2640 3028 2706 proposuimus,
3066 2634 3442 2687 immaterialis
3492 2644 3577 2688 est

2005 2742 2059 2787 et
2088 2734 2463 2801 incorporeus,
2495 2730 2755 2797 solusque
2778 2728 3123 2796 intelligens;
3160 2726 3426 2795 siquidem
3480 2728 3572 2782 illa

2008 2826 2193 2881 omnia
2224 2838 2388 2877 unam
2444 2820 2953 2877 eommunissimam
2991 2819 3426 2880 similitudinem,
3461 2833 3572 2870 esse

2008 2921 2235 2983 scilicet,
2266 2933 2389 2972 cum
2420 2931 2520 2971 sua
2568 2930 2729 2969 causa
2764 2928 2872 2983 prae
2893 2927 2950 2966 se
2974 2911 3179 2967 ferunt.
3201 2911 3333 2964 Nam
3363 2920 3417 2963 et
3445 2910 3563 2978 ipsa

323 3016 434 3063 ται,
473 3001 648 3072 μέρει,
676 3005 771 3056 κλὶ
807 3006 966 3071 μόνος
998 3008 1181 3079 νοερδς
1212 3011 1339 3079 ἄρα,
1374 3014 1422 3065 εἰ
1454 3015 1682 3067 κάκεῖνα
1717 3016 1894 3070 πάντα

2008 3023 2130 3070 sunt
2158 3023 2211 3068 et
2240 3013 2384 3067 Deus
2414 3019 2515 3074 est,
2550 3008 2763 3063 tametsi
2789 3006 3032 3060 divinum
3088 3020 3198 3059 esse
3231 3018 3425 3059 eorum
3450 3018 3570 3056 om-

325 3096 458 3159 μίαν
509 3095 806 3163 ὁμοιότητα
854 3100 1176 3168 κοινοτάτην
1226 3101 1325 3172 τὴν
1382 3104 1519 3157 κατά
1553 3121 1617 3169 γε
1658 3105 1717 3157 τὸ
1759 3102 1898 3159 εἶναι

324 3186 459 3253 πρὸς
510 3185 603 3257 τὴν
634 3188 771 3240 ἰδίαν
820 3189 997 3243 αἰτίαν
1027 3192 1284 3261 ἔχουσιν·
1338 3195 1479 3247 αὐτά
1526 3213 1587 3248 τε
1642 3198 1748 3266 γάρ
1793 3199 1901 3251 εἱσι

324 3278 414 3329 καὶ
451 3277 584 3341 Θεός
614 3281 785 3343 ἐστιν,
814 3283 863 3333 εἰ
912 3284 1007 3335 καὶ
1036 3285 1095 3335 τὸ
1127 3284 1269 3337 θεῖον
1299 3283 1438 3340 εἶναι
1484 3287 1579 3341 τοῦ
1617 3290 1674 3341 έν
1715 3291 1903 3353 αὐτοῖς

324 3372 489 3425 πᾶσιν
534 3369 671 3426 εἶναι
704 3374 996 3444 ἀπειράκις
1044 3378 1287 3450 ἀπείρως
1337 3383 1681 3451 ὑπέρκειται.
1734 3384 1897 3437 Ἐνια

319 3466 376 3518 δὲ
410 3465 517 3518 τῶν
547 3467 800 3527 ὑποκάτω
841 3470 936 3521 καὶ
980 3470 1150 3540 μείζω
1178 3472 1275 3543 τὴν
1306 3476 1445 3528 κατά
1479 3477 1536 3527 τὸ
1582 3475 1683 3547 ζῇν
1715 3477 1901 3546 ὁμοιό-

324 3575 459 3627 τητα
515 3558 667 3628 ἔχει·
719 3558 834 3612 ἀλλ’
884 3562 917 3631 η
971 3563 1109 3614 κατὰ
1159 3563 1222 3615 τὸ
1265 3569 1405 3617 νοεῖν
1449 3568 1705 3637 ὁμοιότης
1757 3568 1899 3639 ὑπὲρ

324 3653 503 3713 πάσας
526 3652 731 3715 ταύτας
759 3652 904 3717 ίδίως
934 3654 1103 3716 ἐστιν,
1136 3655 1211 3719 ὡς
1241 3658 1351 3710 οὐδ’
1388 3659 1504 3712 ἔστι
1534 3662 1897 3729 παραϐαλεῖν,

328 3744 473 3807 ἰδίως
499 3744 773 3815 ἀνθρώπῳ
812 3750 957 3816 μόνῳ
1000 3752 1352 3818 προσήκουσα
1382 3750 1437 3802 ἕν
1462 3768 1527 3819 γε
1558 3755 1667 3813 τοῖς
1709 3769 1899 3820 φαινο-

325 3837 507 3905 μένοις
552 3839 781 3901 τούτοις.
832 3841 1086 3908 Ἄγγελοι
1142 3842 1220 3904 δὲ,
1277 3845 1359 3894 νοί
1420 3844 1517 3913 μὲν
1574 3845 1724 3907 ὄντες
1770 3846 1902 3897 εἱλι-

321 3930 549 3999 κρινεῖς,
576 3931 736 3994 εὐθὺς
770 3934 865 3984 ἀπ’
906 3932 1085 4003 ἀρχῆς
1133 3935 1229 4003 τῆς
1280 3936 1537 4003 τοιαύτης
1585 3938 1901 4005 ὁμοιότητος

321 4022 480 4093 ἡμῶν
507 4024 822 4093 μετέχουσιν
853 4024 1076 4093 ἄμεινον
1104 4040 1116 4055 ⁶
1155 4024 1335 4088 ἄλλοις
1361 4026 1417 4079 δὲ
1449 4027 1626 4094 λόγοις
1658 4028 1749 4079 καὶ
1790 4028 1899 4079 τῶν

320 4116 568 4183 ἀγγέλων
602 4114 739 4185 αὕτη
774 4114 975 4166 πλείων
1001 4116 1116 4175 τοῖς
1144 4116 1541 4169 ἐσπουδακόσιν
1584 4116 1639 4180 ἐξ
1680 4116 1897 4186 ἀνθρὼ-

322 4221 439 4257 πων
467 4205 749 4274 ἁρμόττει.
801 4204 975 4267 Μόνος
1032 4204 1212 4257 τοίνυν
1269 4206 1334 4257 ὲκ
1387 4205 1495 4257 τῶν
1549 4207 1896 4274 φαινομένων

325 4296 540 4349 πάντων
582 4298 609 4348 ὁ
655 4295 939 4364 ἅνθρωπος
989 4293 1151 4349 εἰκὼν
1185 4296 1277 4348 τοῦ
1324 4295 1458 4349 Θεοῦ
1506 4304 1599 4348 και
1644 4297 1760 4349 ἔστι
1808 4315 1900 4350 και

2008 3107 2156 3161 ηἰυηι
2190 3105 2399 3160 infinite
2429 3111 2665 3169 superet.
2708 3097 2977 3153 Nonnulla
3005 3112 3135 3150 vero
3174 3112 3239 3150 ex
3289 3096 3566 3151 inferiori-

2006 3202 2106 3255 bus
2136 3199 2326 3269 majori
2360 3196 2563 3267 pollent
2584 3192 2967 3256 similitudine,
2990 3207 3055 3247 eo
3082 3206 3275 3260 nempe
3299 3189 3447 3259 quod
3482 3190 3566 3242 vi-

2006 3300 2156 3346 vunt.
2198 3290 2305 3346 Sed
2334 3306 2396 3345 ea
2427 3304 2548 3360 qua
2578 3288 2642 3341 ad
2676 3288 3006 3342 intellectum
3040 3286 3232 3338 attinet
3263 3298 3455 3339 omnes
3488 3283 3571 3336 fa-

2003 3385 2107 3439 cile
2134 3384 2338 3448 vincit;
2372 3383 2505 3436 adeo
2538 3392 2597 3436 ut
2632 3383 2775 3435 nulla
2809 3381 2881 3434 sit
2904 3394 3029 3434 cum
3052 3380 3167 3447 ipsa
3190 3378 3567 3448 componenda

2004 3478 2245 3548 paritas;
2269 3492 2333 3530 ex
2370 3476 2436 3529 iis
2466 3477 2610 3528 cnim
2641 3473 2954 3528 visibilibus
2984 3472 3199 3526 cunctis
3230 3472 3322 3524 uni
3351 3469 3573 3540 proprie

2005 3571 2209 3623 homini
2238 3564 2519 3623 convenit:
2567 3566 2738 3635 angeli
2768 3564 2860 3634 qui
2886 3568 2987 3617 lein
3018 3570 3209 3631 utpote
3242 3562 3332 3630 qui
3366 3561 3576 3630 simpli-

2003 3675 2095 3715 ces
2126 3659 2451 3721 intellectus,
2481 3660 2594 3724 jam
2625 3656 2750 3709 inde
2782 3671 2809 3707 a
2837 3653 3105 3723 principio
3127 3653 3373 3705 eamdem
3396 3660 3450 3704 et
3482 3666 3578 3719 po-

2003 3751 2194 3803 tiorem
2229 3764 2293 3802 ac
2318 3762 2415 3801 nos
2438 3744 2845 3801 similitudinem
2882 3744 3235 3813 participant;
3264 3757 3371 3811 quo
3394 3753 3573 3795 tamen

2004 3841 2126 3894 aliis
2158 3842 2221 3893 de
2246 3838 2453 3900 causis,
2491 3838 2731 3891 strenuis
2793 3835 3101 3903 quibusque
3160 3848 3225 3887 ex
3256 3833 3570 3889 hominibus

2004 3944 2102 3999 pro
2138 3929 2341 3998 angelis
2370 3928 2645 3995 congruit.
2689 3926 2844 3980 Unus
2876 3926 3063 3993 itaque
3100 3928 3242 3977 inter
3278 3925 3391 3978 haec
3430 3924 3566 3977 visi-

2006 4022 2131 4075 bilia
2197 4028 2396 4074 cuncta
2460 4020 2639 4085 imago
2706 4019 2795 4070 Dei
2827 4025 2911 4069 est
2961 4027 3014 4069 et
3046 4017 3249 4068 dicitur
3289 4018 3488 4079 homo;
3520 4023 3577 4066 et

2004 4114 2223 4182 quidem
2289 4126 2395 4163 non
2432 4110 2731 4163 immerito.
2786 4105 2920 4159 Nam
2968 4123 3032 4161 ex
3060 4109 3237 4159 anima
3271 4109 3571 4174 praesertim

2005 4206 2169 4260 homo
2208 4210 2596 4269 nuncupatur;
2655 4203 2853 4268 quippe
2908 4202 2995 4252 cui
3049 4199 3164 4252 vice
3220 4198 3573 4252 instrumenti

2003 4308 2217 4368 aptatur
2238 4311 2457 4365 corpus.
2493 4293 2740 4348 Hominis
2771 4303 2951 4346 autem
2973 4295 3151 4345 anima
3180 4302 3275 4362 per
3304 4308 3362 4347 se
3396 4294 3575 4347 ineor-

318 4386 537 4453 λέγεται
564 4400 579 4415 ⁸
615 4386 709 4439 καὶ
752 4386 873 4437 λίαν
904 4385 1163 4454 εὐλόγως.
1193 4387 1429 4451 Λέγεται
1467 4389 1565 4454 μὲν
1612 4391 1720 4458 γὰρ
1754 4389 1896 4440 κατὰ

2008 4406 2167 4461 porca
2227 4398 2329 4453 est,
2375 4388 2778 4450 imniaterialis,
2825 4397 2879 4440 et
2932 4387 3260 4454 intelligens.
3313 4388 3406 4440 Illa
3442 4403 3569 4442 vero

318 4482 417 4550 τὴν
462 4478 641 4549 ψυχὴν
670 4478 903 4547 μάλιστα
949 4478 1257 4547 ἅνθρωπος,
1294 4478 1369 4540 ὡς
1411 4479 1456 4532 δ’
1487 4480 1718 4546 ὄργανον
1754 4482 1888 4549 αὐτῇ

317 4576 378 4625 τὸ
430 4572 590 4640 σῶμα
639 4572 941 4641 συνῆπται*
972 4569 1261 4639 ἀνθρώπου
1293 4571 1347 4623 δὲ
1378 4570 1522 4640 ψυχὴ
1560 4571 1680 4623 καθ’
1717 4572 1891 4641 αὐτὴν

317 4662 610 4732 ἀσώματός
641 4664 755 4713 ἐστι
799 4662 890 4713 καὶ
933 4661 1093 4719 ᾶῦλος
1127 4662 1221 4711 καὶ
1260 4662 1438 4729 νοερά.
1478 4661 1645 4712 Ταυτὶ
1678 4660 1734 4713 δὲ
1770 4660 1888 4713 θεῖα

322 4756 773 4823 πλεονεκτήματα
813 4753 906 4804 καὶ
954 4750 1047 4803 τοῦ
1097 4750 1233 4803 Θεοῦ
1286 4752 1644 4819 τελειότητες,
1698 4754 1748 4805 εί
1795 4752 1888 4803 καὶ

317 4847 533 4914 ἁπ;ίρῳ
562 4848 626 4914 τῇ
659 4845 899 4913 ὑπεροχῇ
928 4842 1313 4911 διενηνόχασιν,
1339 4843 1413 4905 ὡς
1456 4842 1622 4895 ἔνεισι
1651 4843 1731 4911 τῷ
1770 4843 1889 4910 Θεῷ

316 4949 346 5015 ἦ
387 4946 462 5008 ὡς
513 4947 569 4997 ὲν
606 4943 877 5013 ἀνθρώπῳ
909 4941 1045 4993 είσίν
1074 4957 1085 4969 ⁸
1131 4940 1495 5008 ἀσωματότης
1530 4940 1629 5009 μὲν
1672 4936 1765 4993 οὖν
1796 4944 1893 4995 καὶ

314 5037 480 5090 me
524 5038 797 5103 ἀπόφασις
849 5034 980 5103 ὕλης
1026 5032 1153 5086 ὄντα
1189 5032 1283 5084 καὶ
1326 5031 1575 5099 σώματος
1614 5032 1803 5095 ἁπλῶς
1830 5035 1887 5085 ἐν

312 5131 590 5201 ἀνθρώπῳ
641 5128 989 5198 Θεωροῦνται,
1036 5127 1289 5195 νοερότης
1329 5125 1385 5177 δὲ
1432 5126 1592 5191 φύσιν
1643 5128 1701 5178 ὲν
1749 5126 1885 5196 αὐτῇ

313 5226 523 5296 τιθεῖσα
574 5225 667 5274 καὶ
700 5225 916 5288 φύσεως
950 5220 1182 5289 δύναμιν
1223 5218 1283 5270 οὑ
1320 5218 1669 5271 παντάπασιν
1698 5218 1885 5280 ἁπλῶς

312 5316 623 5384 Θεωρεῖτει,
676 5314 790 5381 μετ’
844 5311 1148 5378 ἀναγκαίας
1194 5310 1251 5363 δέ
1325 5327 1469 5371 τινος
1536 5309 1881 5379 διακρίσεως.

312 5406 458 5467 Νοῦς
497 5405 676 5457 τοίνυν
726 5406 753 5456 ὁ
795 5403 1080 5473 ἄνθρωπος
1107 5401 1182 5454 ὢν
1215 5403 1357 5455 κατὰ
1386 5403 1484 5468 τὴν
1526 5401 1700 5469 ψυχὴν
1727 5401 1883 5470 ἐνέρ-

312 5499 467 5561 γειάν
505 5496 617 5564 ἔχει
663 5495 756 5564 τὴν
788 5496 991 5563 νόησιν,
1024 5493 1114 5544 νοῦ
1163 5493 1270 5561 γὰρ
1329 5494 1578 5560 ἐνέργεια
1634 5494 1695 5543 τὸ
1742 5496 1883 5543 νοεῖν

311 5590 384 5647 ὡς
417 5588 619 5656 Θερμοῦ
675 5588 734 5637 τὸ
783 5584 1118 5653 Θερμαίνειν.
1154 5584 1218 5635 Ἢ
1264 5583 1318 5634 δὲ
1362 5582 1584 5653 τοιαύτη
1633 5582 1881 5651 ἐνέργεια

318 5680 446 5748 πρός
496 5695 548 5730 τι
584 5678 808 5743 φέρεται
859 5677 1003 5738 τέλος
1034 5691 1049 5706 ο
1085 5675 1238 5726 τοῦτο
1268 5675 1310 5726 δ’
1361 5675 1424 5727 ἂν
1470 5675 1557 5744 εἴη
1604 5673 1663 5725 τὸ
1694 5674 1881 5743 νοητὸν

640 5776 906 5835 ΡΑτιιοῐι.
956 5776 1070 5835 Gn.
1108 5772 1293 5834 CLX.

2009 4483 2103 4538 Dei
2137 4483 2447 4551 praestantia
2488 4490 2545 4535 et
2620 4480 3002 4550 perfectiones,
3072 4481 3424 4548 quantumvis
3472 4480 3577 4533 im-

2008 4591 2194 4631 mensa
2233 4578 2431 4629 distent
2465 4572 3006 4644 przecellentia,haud
3039 4574 3196 4625 aliter
3232 4575 3281 4625 in
3319 4574 3427 4627 Deo
3453 4583 3577 4629 sunt

2007 4668 2163 4723 aliter
2203 4668 2256 4721 in
2289 4669 2530 4722 homine.
2570 4667 2675 4721 Sed
2704 4669 3100 4735 inrorporenas
3148 4676 3202 4719 et
3235 4669 3574 4721 immateria-

2008 4762 2153 4822 litas,
2189 4776 2313 4814 cum
2355 4762 2595 4816 materiae
2627 4770 2677 4814 et
2705 4761 2949 4829 corporis
2977 4761 3087 4815 sint
3134 4762 3371 4828 negatio,
3412 4760 3572 4817 facile

2004 4852 2060 4905 in
2095 4852 2312 4906 homine
2342 4860 2563 4921 patent;
2592 4852 3009 4920 intelligibilitas
3047 4868 3179 4905 vero
3214 4868 3336 4921 qua:
3401 4866 3563 4905 natu-

2007 4958 2118 4996 ram
2140 4952 2191 4995 et
2216 4951 2423 4998 natura:
2452 4943 2557 4995 vim
2588 4944 2641 4996 in
2668 4944 2847 4997 anima
2871 4945 3160 4998 constituit
3184 4959 3292 4997 non
3317 4944 3569 4998 omnibus

2004 5038 2079 5091 ita
2109 5036 2257 5089 ultro
2287 5035 2623 5099 declaratur,
2657 5035 2752 5089 sed
2787 5036 3121 5090 discretione
3156 5038 3390 5104 quadam
3422 5051 3563 5105 opus

2003 5136 2109 5182 est.
2143 5128 2330 5196 Itaque
2364 5126 2528 5181 homo
2560 5141 2682 5180 cum
2709 5128 2988 5183 intellectu
3016 5138 3228 5183 constet
3258 5129 3558 5182 secundum

2003 5222 2266 5282 animam,
2327 5229 2583 5289 tanquam
2642 5224 2823 5273 actum
2882 5221 3045 5274 hahet
3110 5221 3566 5290 intelligentiam;

2000 5315 2313 5368 intellectus
2356 5314 2498 5365 enim
2545 5321 2699 5366 actus
2728 5322 2811 5366 est
2844 5312 3161 5379 intelligere,
3196 5314 3341 5365 sicut
3371 5314 3567 5372 caloris

2002 5404 2319 5457 calefacere.
2349 5404 2418 5456 At
2463 5401 2729 5471 ejusmodi
2765 5410 2919 5454 actus
2951 5403 3015 5454 ad
3064 5404 3352 5468 quemdam
3404 5405 3561 5461 finem

2002 5496 2212 5560 tendit;
2245 5495 2453 5548 scilicet
2487 5495 2833 5562 itttclligibile
2861 5506 2917 5546 ut
2954 5494 3070 5546 finis
3093 5495 3410 5564 intelligenti
3433 5516 3562 5569 pro-

1997 5588 2252 5656 positum.
2276 5587 2630 5659 lntelligentia
2662 5602 2843 5641 verum
2869 5588 3092 5640 interest
3134 5590 3285 5655 quasi
3318 5596 3562 5660 quaedam

1997 5681 2305 5735 communis
2347 5694 2481 5734 ansa
2540 5686 2837 5747 utrumque
2885 5678 3263 5749 coniungens;
3300 5698 3419 5751 quae
3445 5690 3566 5755 qui-

3130 5778 3215 5839 .1!)
