3920 6140
356 267 457 329 587

1404 251 1777 317 GENNADII
1831 250 1939 311 ΟΡ.
2003 245 2515 310 PATRIARCH/E

3495 231 3606 298 588

354 367 472 431 “em
501 392 564 431 es
592 374 864 428 intellectu
898 368 1169 440 procedit,
1194 366 1613 436 adintelligibile
1634 363 1911 433 pertinens

2046 361 2399 427 ιντικείμενον
2452 356 2527 426 τῷ
2581 353 2787 408 νοοῦντι
2843 352 2919 414 ὡς
2965 349 3139 403 τέλος.
3194 348 3260 403 Ἦ
3314 347 3368 402 δὲ
3422 347 3606 416 νόησις

351 471 498 524 etin
531 468 619 520 illo
652 464 960 519 terminata.
988 462 1064 516 Ita
1102 469 1162 514 ut
1197 457 1567 526 intelligentia:
1615 457 1728 510 sint
1758 454 1913 523 quasi

354 559 572 615 termini
613 556 922 609 intellectus
958 561 1010 605 et
1039 549 1395 619 intelligiliile.
1449 547 1681 602 Necesse
1734 556 1911 599 autem

352 660 434 706 est
486 659 545 703 ιιι
596 646 933 715 intelligibile
969 645 1042 697 sit
1092 642 1302 712 species
1357 650 1414 694 et
1455 638 1760 694 similitmlo
1833 636 1915 688 in-

356 741 650 811 telligentia
681 736 994 792 intellectus
1018 744 1072 789 et
1102 733 1413 787 intellectus
1452 732 1522 786 sit
1556 730 1915 795 iutelligiliile,

356 837 501 888 sicut
525 828 894 898 intelligentia:
918 826 1250 897 principium
1278 830 1357 877 est
1384 822 1692 875 intellectus
1715 820 1920 873 intelli-

356 940 500 995 gens.
528 924 628 976 Aio
648 923 833 992 igitur,
864 915 1302 986 quandoquidem
1334 914 1646 967 intellectus
1680 911 1917 979 seipsum

356 1015 632 1084 intelligit,
670 1022 784 1066 erat
820 1010 935 1078 ejus
961 1023 1099 1078 opus
1133 1007 1457 1076 priusquam
1493 1002 1664 1056 ﬁeret.
1697 1001 1921 1070 Species

356 1110 499 1161 enim
533 1107 587 1159 in
630 1104 901 1155 abstracto
935 1106 1147 1165 sumpta
1180 1104 1262 1149 est
1327 1094 1595 1164 praecipue
1623 1092 1922 1146 similitudo

357 1196 568 1252 externi
602 1194 683 1248 sui
714 1192 894 1260 operis
922 1197 1197 1259 quatenus
1222 1200 1316 1253 per
1347 1186 1519 1253 ipsam
1547 1199 1681 1250 opus
1712 1183 1925 1235 innote-

360 1289 483 1343 srit.
514 1287 606 1341 Est
637 1288 797 1339 etiam
832 1282 1135 1335 intellectus
1164 1277 1465 1332 similitudo
1522 1283 1705 1344 utpote
1755 1273 1921 1328 intel-

360 1381 579 1449 ligibilis
606 1389 659 1433 et
680 1375 972 1430 intellectui
1014 1372 1207 1428 similis
1237 1368 1423 1425 effecta
1453 1386 1466 1434 ;
1516 1377 1571 1423 et
1594 1368 1809 1437 quidem
1869 1369 1922 1419 in

362 1474 635 1527 intellectu
661 1470 739 1524 sic
787 1476 870 1519 est
922 1463 1272 1531 intelligiliilis
1325 1461 1537 1530 Species
1575 1468 1633 1513 ut
1682 1459 1922 1528 quando-

362 1580 579 1635 cunque
601 1562 831 1617 voluerit
862 1558 1165 1612 intellectus
1198 1560 1312 1608 iure
1337 1555 1389 1606 in
1414 1554 1593 1618 seipso
1617 1562 1847 1613 maneat,
1882 1552 1924 1604 si

366 1674 474 1713 non
505 1657 576 1711 sit
626 1656 965 1714 immanens;
993 1649 1073 1702 sin
1107 1656 1305 1711 autem,
1343 1645 1488 1698 illam
1529 1644 1592 1695 ad
1643 1655 1791 1696 ('Xlt‘a
1835 1655 1930 1707 pro

2031 451 2231 523 μεταξύ
2290 453 2458 515 ἐστιν,
2503 450 2691 517 ὥσπερ
2748 444 2903 515 κοινὴ
2968 443 3152 513 σχέσις
3214 442 3382 510 ἄμφω
3435 440 3603 493 συνά-

2029 561 2260 609 πτουσα,
2298 544 2362 596 ὲκ
2411 539 2505 594 τοῦ
2556 539 2649 593 νοῦ
2704 538 2803 609 μὲν
2856 535 3143 607 προϊοῦσα,
3175 533 3270 586 τοῦ
3319 531 3511 600 νοητοῦ
3545 531 3603 584 δὲ

2027 631 2160 689 οὖσα
2225 636 2321 688 καὶ
2382 634 2463 695 εἰς
2516 629 2674 684 τοῦτο
2730 628 3064 699 ὁριζομένησ
3113 624 3247 678 ὥστ’
3309 618 3448 676 εἶναι
3503 622 3601 690 τῆς

2036 724 2274 792 νοήσεως
2306 721 2497 790 ὥσπερ
2526 720 2705 788 ὅρους,
2729 717 2821 770 τόν
2854 732 2912 767 τε
2953 712 3075 767 νοῦν
3110 713 3203 765 καὶ
3231 710 3292 763 τὸ
3315 707 3523 778 νοητόν·
3547 706 3609 758 τὸ

2030 815 2085 866 δὲ
2113 814 2301 882 νοητὸν
2330 808 2468 874 εἶδος
2499 804 2640 862 εἶναι
2672 808 2756 861 δεῖ
2786 807 2880 859 καὶ
2903 804 3198 874 ὁμοιότητα
3228 798 3322 852 τοῦ
3355 796 3605 855 νοοῦντος

2032 906 2123 959 νοῦ
2159 910 2252 960 καὶ
2302 904 2429 958 νοῦν
2464 902 2674 972 νοητὸν,
2717 900 2906 967 ὥσπερ
2952 898 2987 968 ή
3036 897 3134 964 τῆς
3184 893 3422 959 νοήσεως
3456 889 3608 959 ’ἀρχὴ

2032 999 2155 1060 νοῦς
2206 998 2325 1048 ἐστι
2374 992 2532 1048 νοῶν.
2585 993 2732 1062 Φημὶ
2774 991 2853 1054 δὲ,
2884 987 3100 1041 ἐπειδὰν
3148 986 3177 1039 δ
3232 984 3356 1046 νοῦς
3408 980 3605 1035 ἑαυτὸν

2033 1084 2209 1160 νοῇ,ᾗ
2264 1088 2322 1141 τὸ
2373 1082 2537 1139 αὑτοῦ
2591 1084 2751 1152 ἔργον
2798 1082 2930 1151 πρὶν
2963 1075 3339 1147 γενέτθαι.Τὺ
3392 1075 3501 1141 γὰρ
3534 1070 3596 1133 ἐξ

2034 1180 2380 1248 ἀφαιρέσεως
2421 1173 2560 1237 εἶδος
2598 1173 2833 1244 μάλιστα
2891 1172 2993 1242 μὶν
3043 1168 3301 1238 ὁμοιότης
3347 1166 3463 1218 ἑστὶ
3512 1162 3611 1216 τοῦ

2036 1270 2140 1335 ἔξω
2182 1270 2528 1340 πράγματος,
2559 1266 2635 1327 ὼς
2681 1265 2748 1319 ἂν
2798 1265 2866 1317 δι’
2914 1261 3081 1316 αὐτοῦ
3116 1261 3176 1313 τὺ
3201 1261 3438 1327 πρᾶγμα
3488 1257 3615 1325 νοῆ-

2033 1381 2125 1418 ται
2151 1379 2166 1392 ο
2198 1363 2313 1416 ἐστι
2359 1362 2416 1415 δὲ
2450 1362 2543 1414 καὶ
2596 1359 2689 1412 τοῦ
2723 1356 2814 1411 νοῦ
2864 1356 3139 1427 ὁμοιότης,
3169 1353 3245 1415 ὡς
3295 1351 3483 1420 νοητὸν
3516 1351 3613 1401 καὶ

2037 1454 2116 1523 τῷ
2159 1452 2238 1523 νῷ
2263 1452 2556 1521 γενόμενον
2589 1451 2775 1520 ὅμοιον
2804 1465 2818 1479 ο
2858 1448 2953 1501 καὶ
2987 1446 3104 1499 ἐστι
3133 1446 3231 1514 μὲν
3261 1445 3317 1496 ἐν
3348 1442 3425 1509 τῷ
3449 1441 3523 1510 νῷ
3548 1443 3613 1492 τδ

2037 1546 2227 1614 νοητὸν
2258 1541 2418 1609 εἶδος,
2443 1546 2575 1597 ὅταν
2602 1542 2733 1595 αὐτὸ
2767 1540 2949 1611 μένειν
2975 1541 3002 1592 ό
3026 1536 3151 1599 νοῦς
3192 1539 3248 1589 ἐν
3276 1533 3452 1603 ἑαυτῷ
3484 1533 3615 1602 βούο

2038 1637 2198 1705 ληται
2248 1636 2324 1705 μὴ
2358 1635 2596 1688 τοιοῦτον
2637 1632 2719 1695 ὃν,
2751 1630 2971 1685 ἐπειδὰν
3016 1629 3073 1681 δὲ
3104 1625 3343 1696 βουληθῇ
3377 1626 3468 1678 καὶ
3501 1624 3614 1690 ἔξω

366 1758 501 1805 nutu
531 1745 794 1817 producat
821 1742 934 1796 sive
964 1740 1174 1809 prolato
1213 1738 1377 1790 verbo
1429 1735 1781 1796 declaratam,
1814 1732 1929 1786 sive

2046 1730 2363 1799 προάγηται,
2389 1728 2423 1797 ἢ
2470 1724 2792 1797 προφορικῷ
2840 1721 3248 1792 φανερούμενον
3277 1720 3421 1787 λόγῳ
3448 1717 3480 1786 ἢ
3513 1717 3616 1769 καὶ

367 1843 421 1896 in
461 1814 687 1894 materia
719 1834 959 1889 exterius
980 1831 1302 1898 depositam.
1337 1828 1451 1880 Dixi
1476 1814 1928 1896 :quandocu'nque

366 1934 610 1997 voluerit,
646 1944 708 1984 eo
730 1926 872 1997 quod
901 1926 1175 1979 humanus
1230 1921 1535 1974 intellectus
1572 1917 1772 1986 duplici
1806 1924 1929 1970 actu

366 2027 651 2078 eonstatet
686 2017 820 2070 vivit
855 2031 869 2067 :
914 2010 1269 2079 intelligentia
1302 2007 1507 2063 scilicet
1538 2014 1589 2060 et
1621 2007 1925 2071 voluntate;

368 2112 636 2182 siquidem
662 2108 967 2175 intelligens
1020 2112 1103 2156 est
1129 2101 1403 2162 voluntas,
1435 2098 1578 2152 sicut
1622 2107 1673 2151 et
1721 2097 1930 2150 intelle-

367 2214 511 2272 ctus,
539 2218 662 2274 quae
683 2216 782 2271 pro
821 2200 1038 2254 diverso
1068 2200 1314 2263 respectu
1347 2192 1411 2245 ad
1448 2191 1659 2245 diversa
1688 2193 1741 2243 in
1779 2189 1934 2243 intel-

318 2308 323 2312 ‘
366 2298 510 2351 lectu
544 2293 889 2349 ordinantur.
922 2287 1061 2342 Nam
1131 2285 1476 2356 potissimum
1544 2284 1739 2337 rationi
1782 2282 1935 2351 przeit
1972 2302 1973 2305 η

367 2382 747 2454 intelligentia,
840 2380 1095 2434 voluntas
1202 2382 1381 2428 autem
1473 2370 1767 2440 sequitur;
1840 2373 1932 2423 sed

367 2486 421 2531 et
500 2485 887 2542 nonnunquam
945 2465 1355 2536 intelligentiam
1424 2463 1684 2531 prmedit
1742 2461 1930 2512 volun-

368 2576 469 2619 tas.
498 2565 604 2619 Nec
629 2563 772 2617 enim
805 2574 868 2615 ea
903 2572 1117 2625 semper
1152 2558 1265 2610 vult
1293 2569 1413 2623 qua:
1462 2553 1612 2606 novit
1663 2553 1935 2605 humanus

369 2656 696 2719 intellectus,
757 2659 813 2705 at
871 2647 1270 2719 quodammodo
1320 2658 1440 2713 quae
1489 2645 1607 2696 vult
1659 2643 1932 2712 intelligit.

371 2748 525 2813 Quod
576 2744 820 2815 pluribus
873 2741 1089 2811 quidem
1148 2746 1297 2792 esset
1360 2734 1777 2804 exponendum;
1837 2734 1932 2787 sed

370 2839 580 2909 potiora
619 2849 764 2891 nunc
785 2832 1026 2905 aggressi
1053 2830 1121 2885 ad
1149 2829 1493 2900 propositum
1561 2828 1937 2881 deveniamus.

370 2930 651 2985 Numanus
702 2926 863 2996 igitur
909 2923 1217 2978 intellectus
1303 2934 1427 2989 qua:
1492 2932 1655 2988 super
1700 2932 1760 2973 se
1812 2925 1941 2996 sinit

367 3022 643 3092 intelligit,
703 2994 937 3073 obscure
965 3015 1175 3071 scilicet
1233 3012 1407 3068 donec
1458 3020 1540 3065 est
1584 3012 1638 3065 in
1689 2994 1938 3080 corpore,

372 3129 556 3168 revera
592 3124 770 3165 tamen
805 3117 859 3165 et
895 3109 1056 3179 quasi
1096 3108 1157 3161 in.
1183 3108 1419 3173 quadam
1441 3119 1631 3161 eorum
1680 3104 1945 3159 realitatis

372 3207 627 3274 imagine,
692 3203 735 3256 si
791 3201 1024 3271 propriis
1082 3213 1146 3253 ac
1200 3198 1453 3268 genuinis
1502 3196 1727 3267 hujusce
1782 3196 1943 3249 intui-

372 3308 460 3352 tus
491 3294 773 3366 principiis
821 3293 1259 3361 obsequeretur;
1314 3290 1458 3359 quod
1508 3289 1684 3343 solum
1734 3288 1945 3355 piorum

372 3399 455 3444 εει
488 3389 634 3441 circa
659 3386 840 3440 divina
894 3384 1203 3443 hominum,
1236 3383 1328 3450 qui
1394 3394 1517 3433 vera
1581 3381 1847 3449 sapientia
1893 3388 1947 3433 et

378 3478 665 3547 prudentia
698 3476 1091 3544 gubernantur.
1127 3470 1232 3527 Sed
1267 3472 1575 3526 humaniori
1617 3488 1761 3525 nunc
1791 3471 1947 3523 adhi-

380 3571 491 3625 bito
513 3582 785 3635 sermone,
818 3569 1068 3621 notiones
1093 3565 1233 3635 apud
1265 3574 1485 3619 sanctos
1502 3579 1567 3617 ex
1592 3563 1773 3616 div’nia
1801 3578 1943 3617 reve-

379 3662 583 3715 latione
610 3665 955 3727 comparatos
1003 3657 1376 3725 prattermitto.
1401 3654 1533 3719 Quae
1595 3666 1772 3709 autem
1846 3654 1947 3723 ipsi
1980 3648 1981 3651 “

377 3760 500 3807 sunt
531 3764 837 3819 congenera
867 3756 1113 3817 prompte
1140 3744 1287 3800 novit
1319 3746 1432 3799 sive
1500 3744 1784 3812 disciplina
1834 3745 1949 3798 sive

378 3844 687 3899 inventione
747 3841 1007 3911 praestita,
1075 3852 1301 3893 accensa
1364 3852 1555 3905 nempe
1618 3838 1947 3906 cognitionis

378 3937 546 3990 indita
575 3934 676 3990 sibi
709 3932 967 3989 scintilla.
1025 3931 1196 3985 Porro
1227 3928 1520 3999 perfectius
1547 3927 1664 3983 hac
1699 3928 1949 3998 intelligit

376 4036 565 4096 utpote
596 4041 709 4079 sua:
741 4023 984 4100 facultati
1013 4021 1290 4087 consocia,
1322 4028 1375 4075 et
1397 4030 1603 4087 quanto
1625 4023 1945 4089 promptius,

276 4102 283 4106 ’
376 4129 530 4173 tanto
559 4127 613 4173 et
640 4116 953 4187 perfectius.
989 4115 1061 4170 At
1093 4113 1387 4183 perfectius
1445 4114 1640 4167 iterum
1695 4112 1947 4182 proprios

375 4223 533 4267 actus
565 4210 833 4278 intelligit,
868 4223 975 4263 non
1000 4216 1059 4262 ut
1110 4217 1327 4276 peracta
1381 4212 1589 4259 tantum
1624 4205 1947 4273 intelligens,

378 4305 471 4359 sed
511 4315 563 4357 et
612 4302 929 4370 priusquam
985 4302 1252 4355 exsistant
1293 4298 1475 4366 qualia
1496 4313 1552 4352 re
1580 4297 1763 4352 futura
1790 4297 1898 4351 sint
1926 4314 1942 4361 ;

1972 3059 2016 3121 C

2037 1826 2115 1885 εἰς
2161 1822 2256 1891 τὴν
2288 1821 2420 1891 ῦλην
2464 1820 2567 1886 ἔξω
2615 1818 2922 1888 τιθέμενον,
2951 1817 3017 1869 ἂν
3045 1813 3288 1867 τοιοῦτον
3425 1809 3617 1879 Φαμὲν

2036 1917 2093 1969 δὲ
2141 1916 2247 1976 ἕως
2304 1913 2371 1966 ἂν
2420 1912 2704 1984 βούληται,
2737 1911 2824 1965 διὰ
2878 1911 2940 1963 τὸ
2968 1908 3058 1989 τον
3089 1907 3432 1977 ἀνθρώπινον
3484 1903 3618 1958 νοῦν

2039 2009 2189 2062 δυσὶν
2219 2006 2519 2077 ἐνεργείαις
2565 2002 2705 2058 εἷναί
2735 2022 2794 2057 τε
2842 2008 2936 2057 καὶ
2971 2003 3091 2071 ζῇν,
3123 2003 3191 2070 τῇ
3239 2016 3298 2052 τε
3337 1998 3432 2051 τοῦ
3467 1998 3619 2050 νοεῖν

2042 2103 2135 2154 καὶ
2188 2102 2253 2169 τῇ
2301 2098 2394 2151 τοῦ
2449 2097 2662 2150 θέλειν
2699 2096 2845 2149 ἔνδον
2898 2094 3046 2164 αύτῷ
3110 2095 3208 2147 καὶ
3259 2093 3451 2159 νοερᾶς
3511 2092 3620 2157 τῆς

2043 2193 2310 2257 θελήσεως
2344 2188 2509 2257 ούσης
2541 2188 2737 2256 ὥσπερ
2764 2187 2937 2257 δήπου
2985 2185 3078 2239 καὶ
3108 2183 3208 2250 τῆς
3256 2182 3513 2255 νοήσεως,
3547 2181 3616 2233 αἳ

2044 2283 2185 2335 κατὰ
2236 2283 2492 2350 διάφορον
2551 2279 2849 2350 ἀπόδλεψιν
2880 2278 3136 2348 διάφορον
3191 2275 3346 2341 τάξιν
3395 2274 3617 2344 ἔχουσιν

2043 2376 2100 2426 ὲν
2134 2374 2211 2443 τῷ
2258 2373 2354 2442 νῷ.
2388 2373 2636 2443 Μάλιστα
2688 2373 2786 2439 μὲν
2834 2372 2944 2439 γὰρ
2998 2369 3238 2440 προτέρα
3297 2366 3374 2435 τῷ
3407 2365 3547 2434 λόγῳ
3580 2366 3619 2432 ἡ

2042 2442 2249 2536 νόησις,
2284 2468 2315 2535 ή
2346 2442 2415 2518 δέ
2446 2465 2662 2535 θέλησις
2691 2463 2907 2516 ἕπεται.
2944 2463 3098 2515 Ἔστι
3132 2461 3178 2513 δ’
3230 2460 3320 2514 ὅτε
3368 2458 3618 2528 προτέρα

2042 2559 2141 2624 τῆς
2174 2559 2412 2627 νοήσεως
2443 2558 2475 2627 ή
2524 2556 2743 2619 θέλησις
2770 2571 2786 2588 ο
2821 2556 2882 2607 οὗ
2916 2556 3025 2622 γὰρ
3072 2553 3215 2606 θίλει
3255 2553 3415 2621 μόνον
3451 2550 3486 2604 ἀ
3515 2550 3618 2618 δή·

2048 2667 2176 2703 ποτε
2221 2652 2387 2702 νοεῖὸ
2427 2650 2765 2719 ἀνθρώπινος
2801 2648 2945 2713 νοῦς,
2980 2648 3112 2700 ἀλλά
3153 2648 3248 2701 καὶ
3290 2650 3400 2700 νοεῖ
3430 2664 3544 2708 πως
3577 2646 3620 2699 δι

2048 2741 2191 2794 θέλει
2212 2757 2227 2772 °
2261 2741 2531 2795 καὶτοῦτο
2561 2742 2661 2812 μὲν
2702 2740 2970 2794 πλειόνων
2997 2738 3168 2792 δεῖται
3200 2740 3395 2805 λόγων,
3424 2739 3524 2807 τήν
3558 2738 3620 2790 δὲ

2047 2834 2144 2887 νῦν
2174 2832 2598 2901 ὑπερϐαίνοντος
2647 2832 2836 2904 χρείαν
2884 2832 2981 2885 ἐπὶ
3021 2831 3081 2884 τὸ
3111 2832 3468 2902 προκείμενον
3517 2831 3621 2900 βα-

2047 2926 2326 2997 διούμεθα.
2381 2927 2439 2982 Ὀ
2490 2928 2669 2980 τοίνυν
2720 2926 3067 2997 ἀνθρώπινος
3114 2924 3237 2989 νοῦς
3279 2927 3391 2978 νοεῖ
3422 2924 3523 2993 μὲν
3552 2925 3621 2975 τὰ

2049 3021 2188 3091 ὑπὲρ
2243 3020 2428 3084 αὐτὸν,
2470 3020 2577 3085 ἓως
2620 3020 2686 3074 ἂν
2729 3021 2788 3073 ὲν
2836 3019 2914 3088 τῷ
2974 3018 3187 3088 σώματι
3223 3015 3278 3092 ᾖ,
3326 3016 3613 3085 ἀμυδρῶς,

2047 3112 2263 3177 ἀληθῶς
2302 3113 2485 3181 μέντοι
2520 3113 2615 3165 καὶ
2649 3111 2725 3174 ὡς
2769 3111 2825 3164 ἐν
2875 3126 2984 3164 τινι
3032 3110 3129 3179 τῆς
3168 3109 3290 3164 κατ’
3319 3108 3461 3163 αύτά
3485 3108 3615 3179 ἀλη‹

2048 3206 2197 3268 θείας
2226 3206 2414 3269 εἰκόνι,
2441 3206 2489 3258 εί
2523 3207 2647 3267 ταῖς
2692 3206 2924 3267 οἰκείαις
2970 3203 3065 3257 καὶ
3101 3201 3391 3272 ἀληθεύειν
3420 3202 3614 3271 ἀρχαῖς

2046 3298 2143 3367 τῆς
2182 3296 2436 3367 τοιαύτης
2482 3298 2727 3365 σκέψεως
2777 3296 2983 3360 ἕποιτο,
3028 3294 3055 3348 ὁ
3102 3295 3208 3349 τῶν
3242 3293 3615 3347 εὐσεϐούντων

2049 3392 2179 3459 περὶ
2220 3389 2287 3442 τά
2337 3390 2452 3442 θεῖα
2510 3389 2688 3457 μόνων
2740 3390 2911 3451 ἐστὶν,
2954 3387 3114 3458 σοφίᾳ
3171 3405 3229 3441 τε
3286 3385 3480 3456 ἀληθεῖ
3526 3390 3616 3441 καὶ

2050 3484 2310 3551 φρονήσει
2356 3480 2791 3550 κυϐερνωμένων
2849 3480 3225 3548 Φυσικὼτερον
3256 3480 3332 3533 et
3374 3481 3614 3549 διαλεγὸ-

2053 3589 2204 3639 μενοι
2236 3572 2330 3625 νῦν
2359 3574 2419 3625 οὺ
2452 3573 2684 3643 λέγομεν
2732 3572 2861 3642 περὶ
2891 3572 2999 3625 τῶν
3040 3573 3180 3625 κατά
3219 3570 3371 3625 θείαν
3408 3573 3614 3625 ἀποκά-

2049 3666 2205 3733 λυψιν
2238 3665 2293 3717 ἐν
2319 3666 2431 3728 τοῖς
2465 3664 2642 3732 ἁγίοις
2679 3665 2921 3733 νοήσεων
2944 3678 2957 3693 ·
2992 3666 3103 3717 νοεῖ
3142 3664 3198 3717 δὲ
3229 3664 3322 3717 καὶ
3361 3663 3430 3716 τά
3464 3663 3614 3732 αὑτῷ

2052 3757 2311 3827 σύστοιχα
2351 3757 2553 3826 σπουδῇ
2597 3756 2692 3809 καὶ
2745 3756 2980 3826 μαθήσει
3018 3756 3113 3809 καὶ
3156 3756 3393 3827 εὑρέσει,
3425 3756 3520 3809 τὸν
3558 3757 3612 3807 ὲν

2049 3847 2198 3916 αὐτῷ
2240 3848 2341 3915 τῆς
2386 3847 2639 3914 γνώσεως
2683 3846 2930 3912 ἐξάπτων
2977 3846 3271 3917 σπινθῆρα,
3304 3847 3400 3899 καὶ
3443 3846 3613 3900 ταῦτα

2049 3940 2104 3991 δὲ
2139 3939 2484 4010 τελειοτέρως
2514 3940 2626 3990 νοεῖ
2648 3939 2721 3998 ὡς
2753 3941 2820 4009 τῇ
2856 3938 3021 3991 αὐτοῦ
3051 3941 3313 4009 σύστοιχα
3356 3940 3613 4009 δυνάμει·

2050 4036 2157 4101 ὅσῳ
2199 4034 2253 4085 δὲ
2309 4034 2747 4102 σπουδαιότερον,
2796 4032 3039 4104 τοσούτῳ
3098 4034 3192 4087 καὶ
3248 4034 3612 4104 τελεώτερον’

2050 4124 2374 4194 τελεώτερον
2416 4125 2461 4177 δ’
2502 4124 2582 4176 ἔτι
2617 4128 2729 4178 νοεῖ
2755 4125 2823 4178 τὰ
2863 4128 3039 4180 οίκεῖα
3067 4126 3224 4194 ἔργα,
3261 4126 3335 4188 ὡς
3363 4126 3422 4179 ού
3459 4128 3617 4197 μόνον

2052 4218 2423 4285 γεγεννημένα
2448 4215 2607 4282 νοῶν,
2636 4216 2771 4271 ἀλλά
2807 4218 2901 4269 καὶ
2936 4216 3079 4287 πρὶν,
3109 4216 3414 4285 ὑποστῆσαι
3444 4216 3616 4269 ταῦτα

2054 4307 2318 4377 νενοηκὼς
2351 4310 2426 4370 ὡς
2455 4311 2548 4361 καὶ
2578 4308 2723 4378 ἔργῳ
2749 4308 3188 4378 ύποστησόμενα,
3208 4307 3304 4359 καὶ
3335 4307 3422 4359 διὰ
3464 4306 3617 4359 τοῦτο

379 4398 607 4462 ideoque
665 4393 894 4447 ulterius
953 4406 1019 4446 ea
1074 4392 1299 4455 sistens,
1340 4390 1468 4458 quia
1535 4389 1686 4457 prius
1734 4388 1938 4442 noverit

2058 4400 2256 4467 μᾶλλον
2283 4399 2507 4469 ὕστερον
2537 4400 2870 4469 ὑποστήσας,
2900 4399 3036 4451 διότι
3081 4400 3304 4467 νενόηκε
3358 4398 3617 4468 πρότερον

383 4483 612 4553 qualiter
641 4482 711 4535 ita
742 4484 1029 4537 exstitura.
1065 4478 1262 4534 Verum
1309 4483 1361 4535 in
1409 4481 1645 4534 liuiuano
1676 4480 1951 4533 intellectu

383 4575 739 4645 iutelligibilis
767 4574 997 4643 species,
1024 4588 1143 4641 qua:
1170 4583 1254 4628 est
1281 4574 1647 4643 intelligentiae
1670 4588 1782 4627 sua:
1806 4573 1951 4640 prin-

385 4668 608 4736 cipium,
640 4682 746 4721 non
781 4682 887 4735 qua
911 4667 1121 4735 species
1160 4676 1262 4734 est,
1296 4668 1389 4723 sed
1412 4676 1679 4737 quatenus
1710 4680 1804 4734 per
1832 4680 1953 4733 spc-

384 4760 524 4812 ciem
551 4757 821 4827 intelligit,
849 4758 964 4812 sive
996 4758 1141 4813 intus
1173 4758 1516 4813 solummodo
1549 4758 1708 4812 sistat
1757 4755 1953 4810 intelli-

383 4851 562 4918 gentia
621 4863 729 4918 qua
786 4847 1114 4919 speculative
1161 4859 1378 4903 tantum,
1427 4848 1485 4902 fit
1541 4848 1795 4915 sapiens,
1842 4846 1955 4900 sive

383 4945 545 4997 etiam
574 4943 639 4997 ad
681 4953 833 4997 extra
877 4943 1102 5013 prodeat
1126 4944 1271 4999 unde
1322 4943 1595 5012 practieus
1658 4941 1749 4995 fiat
1781 4952 1834 4995 et
1860 4942 1949 5006 sit,

384 5034 717 5106 liujusniodi,
752 5036 996 5105 inquam,
1027 5035 1383 5099 intelligibilis
1445 5036 1655 5105 species
1718 5034 1955 5089 hominis

382 5139 468 5185 est
494 5128 842 5199 intelligibilis
873 5128 1012 5183 ratio
1040 5142 1135 5197 per
1158 5142 1323 5197 quam
1340 5143 1555 5191 secum,
1579 5135 1635 5181 nt
1667 5128 1737 5181 ita
1755 5127 1955 5191 dicam,

386 5224 707 5293 colloquitur
732 5222 1003 5275 humanus
1040 5221 1365 5283 intellectus,
1395 5227 1448 5274 et
1470 5234 1593 5288 qua:
1646 5219 1959 5273 intellectus

387 5315 605 5380 quidem
646 5323 732 5368 est
753 5313 1059 5383 progenies,
1085 5325 1179 5380 per
1213 5320 1395 5365 actum
1427 5311 1798 5380 intelligentiae
1827 5323 1958 5379 pro-

388 5408 586 5471 prium,
618 5406 845 5475 ejusque
869 5404 1103 5458 dixerim
1160 5403 1419 5471 perfectio
1473 5402 1848 5471 sapientiaque
1905 5409 1959 5454 et

387 5497 604 5550 veritas.
648 5494 764 5549 Jam
789 5512 919 5551 vero
975 5494 1284 5563 intelligens
1330 5496 1581 5548 voluntas
1635 5493 1879 5549 eﬂormat
1908 5497 1958 5547 in

391 5585 604 5636 homine
631 5585 904 5651 spiritum,
938 5586 1004 5639 de
1042 5601 1149 5654 quo
1179 5585 1380 5639 dicitur
1428 5586 1569 5653 quod
1614 5601 1760 5638 nemo
1810 5588 1946 5639 novit

388 5690 445 5725 ea
482 5688 598 5727 αιιαε
628 5684 745 5727 sunt
776 5679 996 5732 hominis
1028 5678 1131 5731 nisi
1154 5678 1364 5731 spiritus
1384 5676 1608 5730 hominis
1640 5678 1726 5743 qui
1758 5680 1807 5729 in
1833 5680 1944 5745 ipso

2055 4494 2126 4553 ὼς
2153 4491 2247 4543 ὡδί
2294 4508 2408 4553 πως
2449 4490 2888 4560 ὑποστησόμενοι.
2923 4489 2997 4541 Τὸ
3041 4488 3144 4559 μὲν
3175 4484 3267 4542 οῦν
3317 4492 3375 4540 ὲν
3418 4490 3495 4559 τῷ
3527 4491 3589 4541 ἀν

2057 4582 2310 4653 θρωπίνῳ
2351 4584 2425 4650 νῷ
2473 4582 2661 4653 νοητὸν
2706 4577 2865 4646 εἶδος,
2894 4581 2921 4634 δ
2950 4581 3045 4650 τῆς
3102 4580 3357 4650 ἐν,αὐτῷ
3388 4583 3620 4651 νοήσεως

2056 4680 2201 4728 ἐστιν
2235 4675 2397 4745 ἀρχὴ,
2427 4676 2523 4745 οὐχ
2647 4676 2707 4729 τὸ
2738 4670 2897 4740 εἶδος,
2931 4674 3049 4727 ἀλλ’
3181 4673 3259 4743 τῷ
3307 4673 3437 4727 εἴδει
3487 4676 3620 4737 νοεῖ,

2056 4767 2155 4818 εἴτ’
2196 4766 2343 4818 ἔνδον
2401 4766 2563 4835 μόνον
2592 4767 2690 4835 τῆς
2726 4765 2967 4835 νοήσεως
3017 4765 3203 4834 οῦσης,
3318 4762 3481 4832 σοφὸς
3531 4763 3624 4815 καὶ

2057 4857 2388 4926 θεωρητικδς
2421 4857 2629 4924 γίνεται
2662 4855 2841 4925 μόνον,
2875 4856 2986 4910 εἴτε
3030 4856 3129 4908 καὶ
3176 4855 3283 4920 ἔξω
3311 4854 3623 4925 προϊούσης,

2057 4949 2178 5000 καθ’
2204 4949 2272 5018 ήν
2318 4952 2413 5000 καὶ
2437 4950 2740 5017 πρακτικός
2769 4952 2883 5001 ἐστι
2909 4950 3003 5002 καὶ
3036 4949 3269 5015 γίνεται,
3292 4948 3354 5001 τὸ
3384 4947 3625 5000 τοιοῦτον

2056 5042 2203 5093 ἅπαν
2240 5041 2430 5110 νοητὸν
2481 5037 2621 5104 εἶδος
2671 5042 2701 5093 ὀ
2750 5042 2941 5113 νοητὸς
2994 5040 3088 5095 τοῦ
3146 5040 3434 5111 ἀνθρώπου
3472 5042 3626 5109 λόγος

2057 5136 2195 5198 ἐστὶ,
2242 5133 2309 5187 δι’
2356 5126 2416 5186 οῦ
2470 5134 2602 5205 πρὸς
2650 5134 2841 5187 ἑαυτὸν
2880 5135 2953 5197 ὼς
2992 5137 3169 5188 εἰπεῖν
3212 5135 3242 5187 ὁ
3290 5133 3629 5205 ἀνθρώπινος

2058 5226 2366 5292 διαλέγεται
2410 5225 2551 5291 νοῦς,
2585 5226 2829 5296 γέννημα
2881 5227 2978 5296 μὲν
3025 5225 3100 5278 ὣν
3132 5224 3235 5299 »τοῦ
3270 5225 3359 5278 νοῦ
3398 5226 3487 5278 διὰ
3528 5224 3629 5291 τῆς

2062 5320 2204 5371 κατὰ
2231 5319 2330 5388 τὴν
2361 5319 2550 5388 νόησιν
2594 5319 2893 5386 ἐνεργείας,
2928 5319 3209 5388 τελειότης
3236 5320 3292 5372 δὲ
3342 5316 3507 5371 αὑτοῦ
3538 5321 3632 5369 καὶ

2062 5413 2220 5477 σοφία
2253 5406 2364 5463 οἷον
2389 5412 2563 5463 εἰπεῖν
2598 5410 2687 5462 καὶ
2718 5410 2966 5480 ἀλήθεια.
3009 5410 3073 5463 Ἦ
3115 5410 3172 5462 δὲ
3212 5410 3373 5479 νοερὰ
3402 5408 3622 5478 θέλησις

2062 5503 2122 5554 τὸ
2146 5504 2201 5554 ὲν
2228 5500 2502 5572 ἀνθρώπῳ
2529 5486 2744 5570 πνεῦμα
2786 5504 3005 5571 μορφοί,
3038 5500 3163 5570 περὶ
3193 5494 3254 5553 οὗ
3288 5502 3524 5568 λέγεται,
3558 5499 3634 5557 ὼς

2063 5594 2238 5656 οὐδεὶς
2273 5591 2377 5645 οἶδε
2410 5596 2475 5646 τὰ
2509 5593 2601 5645 τοῦ
2628 5592 2941 5662 ἀνθρώπου,
2986 5594 3034 5646 εί
3085 5594 3158 5663 μή
3189 5592 3249 5645 τὸ
3282 5593 3496 5658 πνεῦμα
3537 5588 3634 5641 τιῦ

2067 5683 2353 5747 ἀνθρώπου
2391 5684 2445 5734 τὸ
2467 5682 2754 5735 xoret):on
2782 5684 2839 5734 έν
2883 5683 3031 5752 αύτῷ
3059 5699 3072 5710 '
3114 5684 3204 5735 xci
3231 5682 3379 5735 ἐστιν
3410 5681 3441 5749 ή
3472 5680 3636 5747 νοερὰ
