3904 6134
346 241 452 306 589

1399 233 1498 294 DE
1546 233 1692 294 Ι)Εο
1737 232 1816 291 ΙΝ
1859 229 2277 307 'LRINITATE
2315 231 2494 291 UNO.

3488 232 3596 296 59)

339 353 561 420 θέλησις
605 348 741 418 αὕτη
777 348 1116 403 διατείνουσα
1163 345 1264 414 μὲν
1310 352 1407 399 καὶ
1459 346 1596 416 πρδς
1623 343 1786 397 αῦτὺν
1819 342 1911 396 τὸν

2041 340 2265 406 Labitat;
2326 341 2445 410 ipsa
2496 348 2675 394 autem
2729 342 2981 398 voluntas
3053 342 3361 411 intelhgens
3421 346 3600 398 temit

339 446 488 500 νοῦν.
521 443 674 496 Θέλει
719 442 826 512 γὰρ
856 440 1048 494 ἑαυτὸν
1078 441 1106 493 6
1136 438 1281 504 νοῦς,
1317 438 1507 508 ὥσπερ
1554 437 1619 506 δὴ
1651 438 1746 490 καὶ
1776 439 1909 501 νοεῖ,

337 538 432 590 καὶ
470 535 531 588 τὸ
563 535 763 587 οἰκεῖον
789 531 991 600 ἀγαθὸν
1021 532 1188 596 θέλει,
1214 529 1340 583 ἐπεὶ
1365 528 1588 600 πρδςδδ
1622 529 1845 600 θελητὸν
1875 530 1908 599 ἡ

341 629 588 695 θέλησις,
620 625 696 686 ὡς
748 627 780 696 ἡ
824 623 1006 694 νόησις
1043 623 1178 691 πρὸς
1223 622 1283 674 τὸ
1306 623 1496 689 νοητὸν
1529 620 1785 688 φέρεται’
1819 619 1914 671 ml.

341 716 419 777 ὡς
447 717 563 767 ἐκεῖ
587 713 773 783 νοητόν
803 714 919 764 ἐστι
953 712 1203 782 τάληθὲς,
1241 711 1386 764 οὕτω
1425 711 1649 780 Θελητδν
1675 709 1911 762 ἐνταῦθα

343 807 405 858 τὸ
435 803 661 871 ἀγαθόν.
701 804 792 866 Ὠς
840 798 933 856 οῦν
958 804 1018 855 τὸ
1057 805 1256 857 οἰκεῖον
1283 802 1487 870 ἀγαθὸν
1535 803 1702 855 θέλων
1731 803 1758 854 6
1793 801 1916 863 νοῦς

345 893 456 950 νοεῖ
488 893 578 943 καὶ
610 890 797 953 θέλων,
832 895 907 953 ὡς
936 892 1171 962 εἴρηται,
1209 892 1488 945 τελείωσιν
1531 891 1688 955 εἰδὼς
1719 891 1914 945 ἑαυτοῦ

344 986 443 1051 τὴν
481 982 664 1050 νόησιν
694 977 893 1036 οὖσαν·
944 983 1198 1036 διατείνει
1256 983 1354 1052 μὲν
1410 980 1503 1036 οῦν
1551 984 1776 1054 ἡνοερὰ
1821 981 1916 1036 τοῦ

347 1070 634 1140 ἀνθρώπου
664 1069 881 1141 θέλησις
912 1072 1004 1124 καὶ
1043 1072 1179 1141 πρὸς
1202 1073 1366 1126 αὐτὸν
1396 1073 1488 1126 τὸν
1520 1072 1744 1126 νοοῦντα
1767 1071 1915 1137 νοῦν,

348 1163 487 1216 ἀλλὰ
523 1163 757 1232 μάλιστα
805 1165 942 1232 πρὸς
988 1163 1056 1217 τὰ
1087 1164 1221 1234 ἔργα
1270 1165 1434 1218 αὐτοῦ
1489 1164 1586 1217 καλ⁸
1637 1165 1917 1234 ποιήματα

346 1253 626 1319 διατείνει,
654 1256 753 1308 κάν
783 1253 990 1319 τούτοις
1021 1256 1260 1325 μάλιστα
1307 1258 1541 1328 ἐνεργεῖ,
1576 1258 1678 1311 κάν
1709 1257 1920 1320 τούτοις

355 1346 595 1415 μάλιστα
624 1345 983 1414 διαφαίνεται,

426 1438 502 1492 Τὸ
524 1440 622 1508 μὲν
655 1439 747 1492 οὖν
775 1440 1115 1509 ᾰίθρώπειον
1137 1443 1326 1510 χρῆμα
1353 1439 1594 1494 τοιοῦτον
1623 1441 1926 1513 συλλήϐδην

353 1532 571 1584 εἰπεῖν’
634 1532 826 1584 πολλοῦ
886 1531 994 1602 γὰρ
1053 1531 1222 1585 ταῦτα
1285 1536 1447 1600 γέμει
1517 1533 1611 1586 τοῦ
1687 1535 1930 1597 πλάτους

356 1621 638 1692 προῦργου
687 1622 1054 1692 σκοπούμενα,
1103 1626 1194 1677 καὶ
1231 1624 1470 1687 τοιοῦτος
1517 1626 1545 1677 6
1581 1626 1927 1695 ἀνθρώπινος

2017 433 2180 486 etiam
2242 431 2307 485 ad
2355 433 2604 486 eumdem
2659 432 3016 488 intellectum.
3051 431 3415 504 Semetipsum
3458 437 3602 491 enim

2018 523 2135 578 vult
2166 523 2474 579 intellectus
2507 526 2652 579 sicut
2699 534 2754 580 et
2800 527 2950 581 novit
3008 534 3062 581 et
3117 527 3421 596 proprium,
3489 529 3604 581 vult

2020 615 2258 681 bonum;
2288 615 2557 683 siquidem
2596 617 2846 670 voluntas
2897 617 2966 671 ad
3015 617 3380 672 voluntarium
3436 618 3606 675 fertur

2021 709 2162 762 sicut
2190 707 2508 761 intellectus
2536 711 2601 760 ad
2625 707 2989 776 intelligihile.
3023 707 3184 775 Atqui
3213 716 3268 760 ut
3299 693 3427 762 Iill-ic
3454 709 3609 762 intel-

2024 798 2233 867 ltgibile
2264 808 2350 851 cst
2389 814 2603 861 verum,
2637 799 2706 852 ita
2746 810 2800 851 et
2835 799 2922 851 hic
2987 799 3348 852 voluntarium
3403 802 3602 852 bonum

2025 898 2132 941 est.
2166 875 2449 956 Tanquam
2483 887 2648 955 igitur
2691 890 2965 956 pr0prium
2999 888 3200 941 bonum
3236 889 3422 942 volens
3455 890 3612 941 intel-

2021 977 2196 1034 lectus
2214 980 2410 1048 (sese?)
2435 980 2580 1033 novit
2596 991 2650 1033 et
2669 979 2802 1042 vult,
2820 980 2962 1032 sicut
2980 980 3183 1033 dictum
3206 991 3307 1040 est,
3327 981 3473 1035 scius
3494 995 3614 1049 per-

2026 1068 2483 1127 lectioncmlsuam
2497 1071 3064 1139 esseintelligentiam.
3084 1071 3251 1124 Porro
3265 1070 3613 1124 tenditetiam

2026 1161 2331 1232 intelligens
2362 1163 2597 1217 hominis
2629 1165 2881 1218 voluntas
2929 1162 2994 1216 ad
3050 1163 3228 1231 ipsum
3277 1177 3614 1232 cognoscen-

2030 1262 2133 1306 tem
2158 1255 2517 1320 intellectum,
2539 1255 2632 1309 sed
2655 1255 2952 1324 praesertim
2977 1254 3042 1306 ad
3070 1263 3222 1308 actus
3236 1265 3287 1307 et
3309 1269 3466 1323 opera
3489 1268 3611 1329 sua.

2029 1344 2260 1408 atquein
2278 1343 2381 1397 illis
2409 1343 2744 1410 potissimum
2770 1342 2878 1412 agit
2901 1352 2951 1395 et
2973 1343 3322 1411 potissimum
3359 1355 3608 1410 apparet.

2103 1434 2308 1487 Idcirco
2340 1435 2601 1503 quidquid
2634 1438 2702 1489 de
2761 1433 2983 1488 homine
3032 1444 3115 1488 est
3169 1434 3248 1488 sic
3296 1436 3610 1487 summatim

2031 1526 2338 1596 colligitur;
2370 1527 2473 1582 ista
2504 1529 2648 1582 enim
2695 1528 2832 1583 scite
2879 1529 3220 1583 considerata
3278 1528 3446 1582 multa
3501 1529 3614 1598 pol-

2035 1617 2148 1670 lent
2187 1619 2582 1687 aliiplitudine;
2637 1631 2691 1674 et
2748 1621 2997 1674 humana:
3055 1621 3254 1674 mentis
3314 1623 3450 1674 ratio
3503 1621 3614 1673 lure

353 1717 498 1778 νοῦς,
537 1715 612 1784 νῷ
641 1718 737 1769 καὶ
765 1717 940 1786 νοητῷ
965 1717 1110 1787 λόγῳ
1138 1718 1230 1770 καί
1263 1720 1425 1788 νοερᾷ
1455 1718 1668 1789 θελήσει
1699 1723 1732 1794 ἢ
1759 1721 1934 1792 νοητῷ

2041 1721 2124 1765 est
2164 1728 2178 1764 :
2217 1713 2516 1776 intellectu,
2563 1713 2884 1783 iutelligihili
2920 1714 3129 1767 ratione
3187 1724 3240 1767 et
3295 1712 3611 1781 ittlclligrnli

355 1811 560 1880 μᾶλλον
588 1810 754 1879 ἔρωτι
787 1811 884 1880 τὴν
921 1811 1059 1864 ἰδίαν
1087 1812 1404 1882 τελειότητα
1430 1814 1570 1885 ἔχων
1599 1815 1695 1869 καὶ¹
1720 1816 1934 1881 τούτοις

351 1899 822 1971 διαμορφούμενος
853 1902 1056 1971 νοητῶς
1081 1905 1196 1966 τοῖς
1233 1907 1414 1974 τρισὶν
1452 1906 1763 1975 ίδιὼμασιν.
1793 1909 1936 1961 Ταυ-

355 1989 447 2042 τδν
476 1989 531 2042 δέ
574 1992 688 2043 ἐστι
719 1989 843 2042 νοῦν
889 1991 1232 2062 ἀνθρώπινον
1265 1995 1442 2047 εἰπεῖν
1492 1997 1591 2049 καὶ
1631 1984 1935 2066 ψυχὴίάν-

355 2079 659 2149 θρωπίνην,
702 2081 1105 2152 ὲξηπλωμένως
1162 2083 1260 2154 μὲν
1315 2084 1408 2137 τοῦ
1465 2085 1580 2152 νοῦ,
1639 2089 1935 2141 συνεσταλ-

356 2173 534 2243 μένως
567 2172 622 2224 δὲ
656 2172 756 2237 τῆς
800 2171 979 2242 ψυχῆς
1028 2175 1372 2242 νοουμένων
1425 2177 1624 2229 ταυτόν
1674 2179 1736 2231 τό
1789 2181 1937 2234 ἐστιν

354 2265 706 2334 ἀνθρωπίνην
731 2265 910 2334 ψυχὴν
955 2266 1050 2318 καὶ
1090 2267 1381 2336 ἄνθρωπον
1411 2269 1576 2337 φάναι
1605 2272 1830 2340 κυρίως,
1861 2274 1937 2336 ὡς

357 2357 572 2424 εἴρηται
599 2356 885 2425 πρότερον.
924 2356 1083 2410 Ἀλλά
1117 2357 1223 2426 μὴν
1267 2359 1331 2410 ἐκ
1363 2360 1462 2426 τῆς
1493 2359 1718 2432 πρώτης
1754 2364 1935 2426 αίτὶας

355 2445 646 2515 ἄνθρωπος
694 2445 912 2500 ἅπαντα
956 2447 1132 2500 ταῦτα
1162 2448 1260 2502 καὶ
1288 2451 1382 2502 τοῦ
1420 2455 1789 2521 πεποιηκότος
1819 2455 1936 2524 ἔχει

312 2537 320 2543 ”
354 2534 516 2602 Θεοῦ,
547 2535 685 2589 ὥστε
731 2538 874 2590 κατὰ
904 2539 970 2591 τά
1000 2536 1058 2602 ἐξ
1086 2540 1260 2610 ἀρχῆς
1308 2541 1701 2613 ὑποτεθειμένι
1753 2549 1936 2618 πολλῷ

361 2629 560 2698 μᾶλλον
590 2632 616 2681 6
644 2630 773 2694 Θεὸς
822 2629 998 2685 ταῦτα
1043 2633 1228 2695 άῖδίως
1277 2634 1388 2703 ἔχει
1425 2640 1513 2688 καί
1564 2639 1826 2709 συμφυῶς
1859 2643 1937 2704 είς

358 2719 690 2787 ὑψηλότερον
743 2719 1035 2790 ἀπειράκις
1085 2724 1308 2792 τρόπον,
1345 2725 1421 2789 ὡς
1474 2728 1693 2800 εἴρηταί
1748 2748 1808 2783 τε
1843 2735 1938 2787 καὶ

358 2810 556 2862 αὐτίκα
591 2811 790 2880 μᾶλλον
832 2813 1201 2883 δειχθήσεται.
1249 2817 1561 2871 Κάντεῦθίν
1602 2823 1726 2874 ἐστι
1755 2821 1816 2874 τὸ
1845 2827 1935 2876 τὸν

359 2899 645 2968 ἄνθρωπον
684 2903 802 2955 κατ’
849 2905 1032 2957 εἰκόνα
1084 2906 1226 2958 Θεοῦ
1262 2909 1356 2960 καὶ
1394 2909 1656 2976 ὁμοίωσιν
1684 2911 1935 2979 λέγεσθαι

358 2994 740 3064 γεγεννῆσθαι,
770 2997 851 3050 ὅτι
896 3000 962 3066 τῇ
1011 2999 1070 3050 ὲν
1101 2999 1250 3068 αὐτῷ
1286 3001 1478 3070 Τριάδι
1515 3003 1703 3056 τοῦτον
1741 3006 1770 3058 6
1801 3006 1936 3069 Θεὸς
1966 3034 2006 3092 ε

359 3088 689 3156 ἀφωμοίωσε
715 3104 730 3119 ⁶
764 3088 856 3140 καὶ
901 3089 991 3144 διὰ
1037 3089 1195 3144 τοῦτο
1233 3092 1409 3155 καλῶς
1446 3094 1554 3148 ἀπὸ
1597 3096 1697 3164 τῆς
1729 3099 1936 3162 είκόνος

356 3180 450 3234 ἐπὶ
483 3180 547 3233 τὸ
577 3181 929 3251 παράδειγμα
960 3184 1028 3236 τά
1061 3184 1329 3254 εἰρημένα
1361 3187 1490 3258 περὶ
1529 3189 1701 3258 αὐτῆς
1727 3191 1809 3244 δεῖ
1839 3209 1933 3262 με·

357 3273 641 3341 ταφέρειν,
682 3275 1076 3346 ἐναργέστερον
1133 3277 1249 3328 ἐκεῖ
1300 3279 1396 3330 καὶ
1444 3281 1775 3350 οἰκειότερον
1823 3285 1940 3353 ἅμα

359 3363 779 3432 θεολογούμενα,
808 3367 884 3429 ὡς
937 3371 1052 3428 τοῖς
1083 3367 1426 3433 διδασκάλοις
1467 3373 1568 3440 τῆς
1613 3375 1940 3446 Ἑκκλησίας

357 3459 687 3526 κηρύττεται
751 3459 873 3512 καθ’
933 3461 1174 3530 ἡμέραν.
1241 3461 1400 3515 Ἐστι
1454 3467 1563 3536 γὰρ
1616 3467 1645 3518 ό
1695 3463 1776 3532 εἷς
1844 3475 1940 3524 καὶ

359 3551 733 3615 ἁπλούστατος
761 3553 902 3606 κατὰ
927 3554 1092 3623 φύσιν
1131 3556 1262 3619 Θεὸς
1292 3559 1389 3610 καὶ.
1418 3559 1513 3612 τοῦ
1549 3562 1750 3624 παντὸς
1783 3563 1934 3616 τοῦδε

363 3645 520 3711 μόνος
551 3644 876 3713 δημιουργὸς
918 3647 1062 3700 κατὰ
1091 3647 1186 3717 τὴν
1221 3649 1330 3700 τῶν
1364 3649 1525 3702 θείων
1572 3651 1768 3719 λογίων
1802 3654 1941 3723 ὑφή-

359 3751 522 3803 γησιν
573 3736 730 3803 τριὰς
783 3738 1062 3808 ίδιοτήτων
1115 3739 1212 3792 καὶ
1271 3741 1645 3806 ὐποστάσεων,
1678 3747 1839 3814 νοερὰ
1883 3747 1942 3799 δὲ

361 3827 519 3896 τριάς
544 3827 622 3897 τῷ
662 3828 862 3899 πρώτῳ
916 3830 991 3898 νῷ
1027 3831 1130 3884 καὶ.
1152 3832 1350 3894 παντὸς
1397 3834 1555 3900 αἰτίῳ
1591 3837 1813 3887 κτιστοῦ
1848 3837 1940 3889 νοῦ

363 3918 671 3987 πρέπουσαι,
700 3921 728 3972 6
761 3920 902 3982 θεῖος
937 3922 1062 3984 νοῦς
1104 3923 1370 3992 δηλονότι,
1403 3929 1498 3978 καὶ
1550 3929 1578 3979 6
1619 3929 1805 3994 νοητὸς
1841 3931 1942 3980 αὑ-

362 4008 456 4061 τοῦ
489 4010 644 4078 λόγος
684 4014 894 4082 κιρπὸς
944 4015 1186 4083 ἔμφυτος
1213 4017 1310 4086 τῆς
1357 4017 1452 4070 τοῦ
1487 4019 1786 4089 άγεννήτου
1822 4022 1944 4090 νοή-

367 4114 504 4160 σεως
534 4101 647 4165 νοῦ,
682 4107 776 4153 καὶ
802 4105 830 4156 6
864 4105 1053 4171 νοητὸς
1083 4104 1225 4176 ἔρως
1255 4111 1467 4176 καρπὸς
1497 4111 1598 4175 τῆς
1626 4113 1815 4178 νοερᾶς
1848 4110 1942 4163 τοῦ

365 4195 582 4258 πριοτου
626 4193 717 4244 νοῦ
769 4194 861 4247 καὶ
903 4194 1189 4266 ὲνδοτέρις
1217 4195 1510 4267 θελήσεως.
1551 4200 1695 4263 Νοῦς
1727 4202 1834 4270 γὰρ
1867 4201 1943 4252 ὢν

365 4283 392 4332 6
423 4282 557 4344 Θεὸς
588 4283 894 4350 σοφώτατός
923 4303 981 4338 τε
1011 4286 1104 4339 καὶ
1145 4287 1500 4354 άγαθὼτατος
1525 4292 1632 4343 οὐδ’
1663 4292 1726 4344 ἐκ
1759 4293 1856 4361 τῆς
1889 4294 1946 4345 ἐν

2036 1805 2316 1858 voluntate
2351 1819 2448 1859 seu
2485 1807 2664 1874 potius
2703 1805 3034 1876 intelligibili
3099 1821 3284 1860 amore
3339 1805 3612 1874 propriam

2043 1897 2432 1966 perfeCtionem
2465 1899 2777 1966 assequitur
2804 1909 2860 1952 et
2899 1899 3077 1952 tribus
3121 1899 3228 1952 illis
3263 1900 3614 1968 proprietati-

2041 1989 2142 2040 bus
2173 1988 2582 2056 intclligihiliter
2643 1989 2984 2042 elTormatar.
3032 1989 3150 2044 Jam
3193 2004 3323 2042 vero
3355 1989 3498 2042 idem
3529 1997 3615 2042 est

2040 2077 2222 2131 dicere
2254 2078 2552 2131 humanum
2593 2078 2926 2133 intellectum
2963 2093 3125 2149 atque
3156 2080 3447 2134 humanam
3498 2081 3616 2133 ani-

2040 2185 2206 2234 mam,
2235 2170 2491 2238 explicite
2520 2171 2739 2239 quidem
2760 2171 3034 2225 intellectu
3057 2173 3291 2241 cognito,
3343 2173 3612 2227 collectim

2041 2264 2446 2316 autemanima.
2480 2263 2624 2317 ldem
2659 2279 2856 2319 rursus
2904 2266 3081 2319 anima
3119 2265 3354 2319 humana
3400 2269 3617 2336 proprie

2043 2355 2241 2408 dicitur
2268 2363 2430 2424 atque
2476 2356 2657 2420 homo,
2711 2363 2770 2408 ut
2833 2356 2945 2425 jam
3005 2359 3280 2426 superius.
3318 2357 3530 2412 Atenim
3587 2374 3618 2410 a

2045 2443 2219 2514 prima
2249 2462 2417 2503 eausa
2447 2457 2504 2502 et
2549 2448 2831 2504 conditore
2873 2449 2981 2504 Deo
3021 2451 3133 2504 haec
3164 2453 3344 2505 omnia
3383 2452 3620 2520 po~sidet

2043 2539 2239 2602 homo;
2295 2539 2435 2593 adeo
2492 2547 2571 2604 ut,
2628 2539 2780 2608 juxta
2814 2555 2935 2610 quae
2991 2541 3150 2594 initio
3203 2557 3615 2611 proposueram,

2043 2630 2211 2682 multo
2235 2632 2405 2700 magis
2438 2632 2488 2685 in
2517 2631 2622 2685 Deo
2655 2633 2765 2686 sint
2826 2633 3176 2687 invisibiliter
3208 2645 3263 2687 et
3290 2649 3618 2705 congenere,

2043 2721 2203 2790 idque
2258 2723 2467 2776 inlinite
2533 2724 2841 2779 sublimiori
2883 2727 3066 2781 modo.
3129 2727 3285 2793 Quod
3335 2729 3622 2795 hucusque

2042 2808 2246 2864 dictum
2281 2819 2386 2878 est,
2413 2811 2586 2866 fusius
2620 2825 2881 2883 prmterea
2939 2817 3442 2873 detnonstraudut'n.
3480 2820 3617 2873 Hinc

2043 2900 2226 2969 itaque
2247 2905 2491 2957 exeritur
2517 2905 2789 2958 hominem
2823 2908 2890 2959 ad
2923 2907 3211 2977 imaginem
3267 2920 3320 2963 et
3367 2911 3620 2964 similitu-

2042 2992 2224 3048 dinem
2256 2994 2346 3049 Dei
2374 3010 2494 3050 esse
2516 2996 2743 3062 factum,
2779 2999 2922 3066 quod
2960 2999 3110 3052 illum
3174 2999 3315 3054 licus
3367 3000 3618 3054 Trinitati

2040 3099 2159 3153 quin
2187 3084 2242 3138 in
2268 3085 2386 3153 ipso
2413 3095 2495 3140 est
2514 3087 2749 3141 similem
2780 3089 3107 3144 ell’ormavit.
3135 3093 3371 3159 Ideoque
3401 3109 3461 3147 ex
3487 3095 3624 3148 ima-

2041 3175 2164 3243 gine
2193 3192 2536 3247 quaecunque
2570 3179 2637 3234 de
2668 3196 2728 3234 ea
2761 3181 3020 3238 dicuntur
3057 3186 3119 3236 ad
3191 3187 3468 3256 exemplar
3491 3198 3620 3242 sunt

2041 3266 2344 3334 referenda,
2374 3271 2680 3325 evidentius
2711 3287 2774 3328 ac
2800 3277 3058 3344 proprius
3093 3277 3160 3329 de
3187 3277 3296 3331 Deo
3324 3279 3624 3348 theologice

2045 3365 2181 3419 rata,
2216 3367 2272 3409 ut
2306 3361 2548 3427 quotidie
2600 3360 2799 3416 docent
2850 3362 3107 3419 Ecclesia:
3156 3368 3424 3437 magistri.
3485 3368 3619 3424 Nam

2043 3462 2184 3501 unus
2210 3448 2301 3502 ille
2329 3461 2381 3502 ct
2418 3451 2861 3518 simplicissimus
2889 3468 3081 3511 natura
3121 3459 3281 3524 Deus,
3349 3464 3624 3532 totiusque

2044 3538 2204 3607 hujus
2233 3541 2418 3595 mundi
2464 3545 2614 3598 solus
2673 3547 2963 3610 conditor.
3015 3550 3218 3604 divinis
3275 3560 3620 3616 monentibus

2043 3631 2299 3693 oraculis,
2330 3631 2569 3690 Trinitas
2599 3646 2680 3690 est
2706 3641 3103 3707 proprietatum
3135 3658 3187 3698 et
3240 3662 3620 3715 personarum,

2044 3722 2286 3780 Trinitas
2326 3726 2548 3794 quidem
2606 3728 2918 3800 intelligens
2976 3737 3158 3804 qualis
3211 3739 3366 3800 decet
3417 3742 3627 3796 intelle-

2043 3825 2192 3870 ctum
2223 3818 2457 3887 primum
2487 3819 2736 3888 cujusvis
2815 3827 2986 3879 creati
3067 3830 3374 3887 intellectus
3433 3845 3625 3888 aucto-

2045 3924 2181 3969 rem,
2213 3908 2430 3962 divinus
2461 3911 2708 3966 videlicet
2745 3915 3078 3980 intellectus,
3109 3917 3455 3991 Verlmmque
3505 3927 3625 3993 ejus

2046 4000 2383 4069 intelligihile
2455 4002 2669 4058 fructus
2727 4006 2922 4060 insitus
2988 4009 3360 4075 intelligentiae
3444 4017 3617 4070 innati

2047 4092 2353 4145 intellectus
2375 4096 2809 4164 etintelligibilis
2845 4114 2998 4154 amor
3043 4100 3252 4158 tractus
3312 4108 3619 4178 intelligen-

2049 4182 2118 4236 Iis
2141 4191 2194 4236 ct
2227 4186 2452 4237 internae
2486 4189 2778 4242 voluntatis
2817 4191 2975 4258 primi
3025 4191 3358 4252 intellectus.
3407 4202 3617 4255 Etenim

2049 4275 2191 4328 Deus
2229 4289 2350 4329 cum
2382 4277 2452 4330 sit
2488 4278 2795 4335 intellectus
2825 4287 3264 4352 sapientissimus
3286 4302 3337 4343 et
3359 4293 3618 4360 optimus,

365 4375 498 4445 ἡμῖν
543 4377 857 4445 ὁμοιότητος
915 4378 1081 4431 αὐτοῦ
1144 4382 1327 4449 μόνον,
1391 4381 1531 4434 ἀλλὰ
1590 4383 1684 4435 καὶ
1737 4386 1934 4447 πάσαις

2051 4379 2270 4422 utcerta
2297 4370 2430 4425 fides
2461 4383 2546 4426 est
2579 4389 2682 4426 non
2707 4390 2774 4427 ex
2805 4378 2919 4429 sola
2970 4380 3088 4447 ejus
3146 4380 3302 4436 nobis
3357 4385 3623 4454 impressa

363 4469 632 4534 ἀνάγκαις
687 4467 830 4521 οὕτω
881 4475 1339 4541 πεπιστευμένος,
1403 4477 1517 4526 νοεῖ
1581 4476 1680 4544 μὲν
1748 4478 1942 4530 ἑαυτὸν

363 4556 551 4618 ἀῖδίως
588 4559 766 4626 (αὐτὸς
816 4561 922 4629 γάρ
964 4562 1082 4612 ἐστι
1134 4562 1363 4633 τάληθὲς
1397 4565 1425 4616 6
1476 4565 1569 4617 νοῦ
1606 4583 1663 4618 τε
1700 4569 1793 4619 καὶ
1824 4572 1945 4636 νοή-

365 4663 508 4710 σεως
555 4649 748 4718 τέλος),
784 4653 883 4721 ἐρᾷ
930 4654 986 4706 δὲ
1038 4655 1133 4707 καὶ
1173 4655 1368 4708 ἑαυτοῦ
1397 4657 1584 4719 ἀϊδίως
1617 4658 1803 4728 (αὐτὸς
1835 4663 1942 4728 γάρ

365 4745 484 4795 ἐστι
517 4745 774 4809 τάγαθὸν,
800 4745 828 4797 6
866 4745 1094 4816 θελητόν
1127 4749 1242 4800 ἐστι
1283 4749 1358 4814 τῷ
1383 4747 1457 4818 νῷ
1492 4751 1588 4801 καὶ
1626 4751 1725 4817 τῆς
1757 4754 1945 4819 νοερᾶς

367 4833 643 4903 θελήσεως
690 4837 884 4899 τέλος).
919 4839 1028 4891 Καὶ
1059 4839 1193 4891 νοῶν
1232 4840 1330 4907 μὲν
1383 4842 1572 4893 ἑαυτὸν
1615 4843 1786 4895 ἀίδιον
1813 4844 1942 4894 συλ-

365 4922 635 4991 λαμϐᾀνει
678 4927 832 4992 λόγον
888 4930 946 4980 ὲν
1005 4928 1204 4998 ἑαυτῷ,
1238 4930 1411 4982 θέλων
1445 4932 1502 4984 δὲ
1536 4932 1724 4983 ἑαυτὸν
1772 4933 1944 4985 ἀΐδιον

367 5015 592 5085 ἀγάπην
653 5020 885 5085 προάγει
911 5035 925 5050 '
960 5019 1077 5089 ἅμα
1127 5037 1187 5072 τε
1243 5019 1336 5074 οὖν
1366 5022 1597 5090 προάγει
1625 5022 1782 5090 λόγον
1809 5022 1946 5075 νοῶν

367 5109 464 5158 καὶ
507 5109 695 5158 ἑαυτὸν
729 5111 841 5161 νοεῖ
864 5109 941 5179 τῷ
977 5111 1142 5180 λόγῳ,
1181 5111 1275 5164 καὶ
1313 5110 1484 5165 θέλων
1518 5113 1742 5183 ἀγάπην
1771 5115 1946 5180 προά-

370 5215 457 5265 γει
504 5202 596 5250 καὶ
643 5203 834 5270 ἀγαπᾷ.
879 5202 1052 5273 ταύτῃ
1096 5206 1188 5255 καὶ
1229 5203 1395 5267 θέλει,
1432 5204 1528 5256 καὶ
1573 5206 1622 5256 οἱ
1674 5209 1944 5275 συμφυεῖς
1981 5239 2012 5294 .

368 5291 514 5344 οῦτοι
549 5293 768 5362 βλαστοὶ
802 5295 894 5346 aut
923 5295 1070 5348 τόκοι
1095 5297 1193 5364 τῆς
1225 5298 1414 5361 νοερᾶς
1449 5298 1508 5349 ἐν
1538 5296 1613 5367 τῷ
1641 5297 1762 5367 Θεῷ
1795 5315 1947 5366 γονι-

376 5387 605 5453 μότητος
671 5388 771 5438 οὐκ
819 5387 984 5439 αὐτοῦ
1039 5389 1200 5456 μόνον
1242 5389 1316 5452 ὡς
1362 5389 1580 5459 ἀληθῶς
1609 5392 1946 5460 προάγοντος

373 5477 586 5544 ἀληθῶς
621 5479 1067 5546 προϊόντα,ἁ.λλὰ
1115 5481 1208 5532 καὶ
1258 5481 1506 5549 ἀλλήλων
1568 5481 1646 5550 τῷ
1704 5484 1945 5552 διαφόρῳ

374 5567 465 5632 τῆς
518 5567 745 5635 προόδου
781 5568 1145 5636 διακρίνονται
1179 5571 1388 5641 τρόπῳ,
1423 5572 1586 5639 φύσει
1621 5572 1678 5624 δὲ
1707 5573 1769 5624 ἓν
1807 5575 1945 5625 είσιν

373 5659 620 5724 ἀλλήλοις
649 5675 704 5710 τε
739 5663 829 5713 καὶ
870 5659 942 5729 τῷ
978 5665 1264 5731 προάγοντι
1299 5663 1395 5732 νῷ.
1426 5664 1534 5717 Καὶ
1583 5666 1611 5717 6
1666 5666 1763 5734 μὲν
1799 5666 1942 5728 θεῖος

2049 4460 2424 4526 similitudine,
2448 4465 2540 4517 sed
2596 4471 2650 4519 et
2681 4467 3009 4526 omnimodis
3056 4475 3390 4542 argun'tentis
3425 4489 3625 4532 aeterne

2048 4555 2559 4626 seipsumintelligit
2598 4559 2734 4629 (ipse
2759 4563 2904 4615 enim
2937 4573 3020 4617 est
3076 4580 3263 4619 verum
3317 4569 3625 4624 intellecms

2048 4658 2100 4703 et
2128 4649 2498 4718 intelligentiae
2528 4651 2672 4721 linis)
2699 4669 2716 4721 ;
2741 4654 2981 4723 seipsum
3003 4658 3162 4710 etiam
3195 4670 3452 4714 aeternum
3479 4673 3626 4729 amat

2047 4740 2194 4811 (nam
2237 4750 2291 4796 et
2354 4743 2471 4810 ipse
2515 4744 2715 4799 bonum
2764 4757 2846 4799 est
2891 4749 3200 4804 intellectura
3248 4755 3544 4820 appetihile
3572 4763 3624 4806 et

2048 4833 2402 4902 intelligentis
2451 4837 2746 4892 voluntatis
2824 4847 3092 4894 terminus
3127 4840 3188 4910 );
3248 4857 3367 4896 sese
3444 4854 3622 4898 autem

2049 4927 2403 4998 intelligendo
2439 4938 2702 4984 aeternum
2767 4932 2820 4985 in
2853 4936 3146 5004 semetipso
3177 4935 3408 4989 Verbum
3440 4937 3626 4988 conci-

2050 5021 2149 5089 pit,
2182 5031 2236 5076 et
2262 5024 2504 5090 seipsum
2535 5024 2766 5078 volendo
2790 5035 3045 5079 aeternam
3101 5026 3443 5081 dilectionem
3497 5043 3625 5095 pro-

2049 5117 2242 5182 ducit;
2273 5133 2490 5184 unaque
2513 5119 2678 5187 igitur
2714 5117 2952 5174 Verbum
2988 5121 3240 5190 producit
3273 5120 3622 5188 intelligendo

2049 5213 2104 5259 et
2151 5206 2393 5275 seipsum
2428 5223 2526 5276 per
2559 5206 2794 5262 Verbum
2825 5209 3097 5278 intelligit,
3130 5219 3185 5262 et
3238 5209 3465 5262 volendo
3496 5223 3625 5277 pro-

2049 5295 2200 5351 ducit
2225 5311 2467 5350 amorem
2497 5308 2550 5350 et
2579 5313 2672 5366 per
2730 5299 2882 5350 illum
2937 5310 3089 5350 amat
3136 5306 3189 5348 et
3257 5297 3406 5360 vult;
3463 5305 3624 5363 atque

2051 5404 2354 5458 congenera
2387 5390 2500 5443 hinc
2530 5390 2775 5460 germina
2812 5399 2863 5443 et
2895 5391 3215 5458 propagines
3275 5389 3628 5459 intelligentis

2053 5481 2105 5534 in
2128 5481 2233 5535 Deo
2256 5481 2614 5552 genitalilatis
2637 5497 2745 5535 non
2773 5481 2949 5534 solum
2978 5480 3046 5532 ab
3071 5483 3184 5547 ipso
3201 5489 3258 5532 ut
3280 5495 3404 5534 vere
3423 5482 3626 5550 produ-

2052 5584 2208 5627 cente
2235 5589 2420 5628 revera
2442 5572 2841 5642 producuntur,
2873 5573 2964 5624 sed
2997 5573 3158 5623 etiam
3198 5587 3291 5639 pro
3321 5574 3467 5624 vario
3496 5585 3624 5640 pro-

2055 5661 2322 5717 ccssionis
2345 5662 2508 5716 modo
2535 5660 2604 5715 ab
2667 5661 2896 5716 invicem
2962 5660 3402 5730 distinguuntur,
3432 5672 3623 5715 natura
