3904 6134
335 308 431 372 .591
1394 298 1776 362 GENNADII
1817 297 1925 362 CP.
1972 295 2489 357 PATRIARCH/E
3477 292 3583 355 592

336 438 466 478 vero
505 436 670 476 unum
713 429 840 476 sunt
867 426 922 472 et
960 416 1176 473 sibimet
1233 416 1463 470 invicem
1502 423 1556 470 et
1610 412 1907 469 intellectui

2039 413 2170 482 λόγος
2222 413 2313 468 νοῦ
2365 415 2456 468 καὶ
2489 412 2677 485 νοητοῦ
2730 413 2928 476 παντός
2977 413 3126 466 ἐστιν
3158 412 3328 473 αἴτιος
3370 411 3426 463 ἐν
3470 413 3583 472 τοῖς

339 516 680 585 producentt.
737 511 990 565 Divinum
1051 519 1232 564 autem
1288 508 1516 562 verbum
1573 508 1694 576 (seu
1742 503 1904 574 ratio)

2041 499 2128 556 ὖσι
2158 505 2252 558 καὶ
2289 505 2469 575 πάσης
2499 504 2687 567 ἁπλῶς
2734 503 2925 566 οὐσίας
2969 505 3065 556 καὶ
3099 501 3316 572 φύσεως
3339 516 3355 531 ·
3381 501 3442 554 οὐ
3477 499 3584 569 γάρ

337 607 576 678 cujusvis
624 604 928 658 intellectus
989 611 1042 656 et
1106 596 1459 671 intelligibilis
1512 613 1680 652 causa
1719 607 1798 651 est
1856 597 1930 648 in-

2044 590 2104 644 οῦ
2157 593 2487 661 προάγωνος
2531 593 2622 646 νοῖ
2676 594 2855 661 μόνον,
2891 593 3036 646 άλλέι
3053 592 3148 646 καὶ
3188 593 3296 645 τῶν
3325 591 3393 644 δι’
3424 589 3586 644 αὑτοῦ

337 699 572 760 cutibus,
601 696 890 762 omnisque
913 692 1232 748 substantiae
1266 689 1428 743 simul
1459 701 1513 743 et
1540 697 1768 741 naturae.
1793 684 1908 738 Non

338 790 481 845 enim
507 788 854 858 producentis
889 794 1096 840 tantum
1123 781 1455 842 intellectus,
1487 779 1581 833 sed
1607 785 1661 832 et
1686 791 1910 846 operum

338 897 460 952 (ιιιω
495 894 590 950 per
642 883 820 948 ipsum
883 883 1286 944 cognoscuntur
1337 871 1404 925 ad
1457 878 1608 925 extra
1650 867 1914 922 naturalis

340 981 425 1029 est
483 970 810 1026 similitudo.
869 967 1024 1021 Unde
1081 966 1268 1019 innata
1324 960 1628 1016 similitudo
1689 967 1915 1013 vocatur

342 1061 700 1137 generatricis
730 1059 1038 1114 intellectus
1063 1064 1116 1110 et
1143 1067 1358 1123 semper
1409 1049 1742 1122 generantia,
1794 1048 1916 1101 ideo

344 1136 475 1211 vero
524 1162 924 1208 creaturarum.
976 1147 1114 1202 Hinc
1171 1144 1314 1215 apud
1367 1141 1534 1196 Deum
1580 1149 1635 1194 et
1685 1153 1752 1193 ex
1807 1136 1918 1191 Deo

347 1248 479 1302 illud
515 1246 878 1310 dicituresse,
923 1255 1017 1311 per
1057 1240 1233 1308 ipsum
1283 1244 1464 1289 autem
1515 1232 1656 1287 facta
1711 1230 1914 1285 omnia.

346 1341 424 1394 lta
461 1349 514 1392 et
535 1337 715 1392 omnis
747 1337 873 1389 boni
901 1345 1067 1387 causa
1096 1328 1316 1384 entibus
1363 1324 1583 1379 divinus
1633 1331 1712 1376 est
1742 1334 1913 1385 amor,

349 1431 402 1485 id
429 1439 532 1494 est,
558 1427 796 1498 Spiritus
852 1432 1109 1489 sanctus;
1150 1420 1332 1475 omnia
1393 1429 1630 1484 namque
1679 1413 1920 1468 continet

348 1529 402 1574 et
431 1519 496 1573 ad
520 1520 721 1572 bonum
759 1515 1050 1568 convertit.
1087 1511 1395 1565 :Prteterea
1450 1523 1572 1560 cum
1629 1505 1734 1559 illis
1779 1518 1920 1557 unus

349 1623 433 1667 est
465 1613 602 1665 Deus
627 1618 678 1662 et
704 1617 1025 1662 cunctorum
1053 1604 1258 1659 entium
1279 1611 1526 1664 creator;
1556 1597 1921 1662 universaque

351 1720 376 1756 a
407 1701 685 1772 primariis
712 1699 1028 1752 ultimorum
1058 1703 1213 1748 tenus
1240 1705 1403 1762 opera
1457 1697 1584 1742 sunt
1627 1696 1681 1742 et
1715 1687 1919 1740 manci-

352 1791 438 1861 pia
467 1791 630 1844 unius
655 1788 747 1842 Dei
772 1802 836 1840 ac
867 1785 922 1839 in
955 1787 1073 1852 ipso
1103 1783 1405 1852 congenita:
1433 1777 1741 1832 Trinitatis.

425 1884 505 1938 Re
534 1883 700 1950 igitur
725 1881 844 1950 ipsa
871 1879 1027 1933 beata
1059 1884 1113 1930 et
1141 1875 1323 1929 divina
1370 1871 1612 1926 Trinitas
1674 1871 1926 1923 humana:

354 1977 617 2030 trinitatis
691 1987 856 2027 causa
939 1978 1070 2033 est;

353 2061 826 2136 cognitioniquasi
851 2076 1017 2115 causa
1045 2067 1130 2114 est
1185 2057 1404 2112 trinitas
1471 2054 1630 2109 nobis
1701 2051 1920 2122 propria

357 2175 457 2213 cur
490 2167 545 2213 et
578 2157 723 2210 illam
765 2155 948 2223 aliqua
987 2163 1416 2222 cognoscamus;
1449 2155 1510 2201 ut
1554 2146 1666 2215 jam
1734 2143 1931 2198 exinde

353 2251 537 2305 divina
568 2264 688 2318 qua:
723 2247 879 2302 nobis
937 2247 1076 2300 inest
1107 2243 1342 2313 imagine
1382 2238 1489 2293 l'rui
1539 2238 1816 2307 possimus
1878 2243 1930 2288 et

353 2357 450 2408 per
481 2342 626 2394 illam
659 2342 902 2394 omnium
933 2352 1156 2392 causam
1190 2347 1510 2405 agnoscere,
1565 2344 1746 2384 veram
1783 2344 1930 2382 neni-

357 2451 424 2504 pe
461 2445 518 2488 t-t
569 2430 926 2504 principalem
966 2428 1310 2484 Trinitatem.
1346 2424 1471 2480 Haec
1525 2424 1598 2478 ita
1659 2421 1934 2491 loquimur

357 2534 577 2596 propter
611 2541 704 2578 eos
737 2524 829 2592 qui
859 2521 1176 2590 imperfecte
1213 2519 1396 2572 adhuc
1426 2515 1671 2573 sentiunt
1709 2521 1764 2566 el.
1795 2529 1930 2582 qna-

358 2620 402 2672 si
443 2618 537 2686 qui
567 2617 788 2671 vixdum
823 2615 1136 2668 initiantur.
1179 2611 1287 2666 lllis
1325 2623 1458 2664 vero
1508 2608 1600 2677 qui
1637 2606 1934 2676 perlectins

359 2710 580 2763 novisse
597 2705 942 2760 contendunt
969 2712 1063 2757 aut
1087 2703 1269 2756 divina
1292 2706 1655 2770 perceperunt
1683 2710 1930 2761 munera,

357 2801 502 2870 quod
537 2798 764 2853 omnino
799 2803 1044 2867 prastat,
1069 2793 1382 2849 accuratius
1419 2790 1548 2844 inde
1586 2803 1708 2858 quae
1752 2787 1806 2840 in
1839 2799 1937 2838 no-

361 2893 445 2946 bis
470 2900 554 2945 est
579 2889 792 2943 trinitts
819 2886 1166 2942 innostescit.
1197 2885 1349 2940 Unde
1382 2884 1456 2938 nil
1487 2883 1688 2936 mirum
1722 2880 1768 2934 si
1801 2878 1938 2932 mul-

360 2993 445 3036 tos
469 2981 632 3035 lateat
663 2979 847 3033 divina
880 2975 1270 3039 Trinitas,cum
1307 2987 1480 3043 neque
1505 2972 1782 3042 propriam
1837 2983 1937 3022 na-

369 3085 548 3127 turam
575 3087 766 3126 omnes
785 3070 968 3124 norint
1015 3077 1107 3122 aut
1152 3080 1316 3121 nosse
1358 3063 1594 3119 valeant.
1631 3062 1740 3118 Nec
1772 3060 1936 3115 etiam

1131 1975 1333 2022 nostrae
1415 1973 1596 2019 autem
1681 1963 1970 2016 Luniaizae'

2015 684 2321 753 νοουμένων
2355 685 2533 755 ἔργων
2572 685 2677 751 ἔξω
2703 684 2867 738 αὐτοῦ
2897 686 3142 752 πέφυκεν
3163 683 3442 752 ὁμοιότηςο
3466 681 3585 755 ὅθεν
3606 719 3618 724 -

2017 774 2182 828 εἰκὼν
2224 777 2324 845 μὲν
2361 777 2599 845 ἔμφυτος
2651 777 2868 844 λέγεται
2927 776 3024 829 τοῦ
3085 775 3448 845 γεννήσαντος
3497 769 3593 825 νοῦ

2017 868 2109 919 καὶ
2133 866 2222 919 ἀεὶ
2256 867 2574 935 γεννῶντος,
2601 865 2712 920 ίδέα
2744 867 2800 919 δὲ
2830 867 2939 918 τῶν
2968 864 3306 931 κτισμάτων,
3337 864 3428 916 καὶ⁵
3456 859 3594 929 πρᾷς

2017 960 2110 1011 τὸν
2146 961 2278 1012 Θεὸν
2323 960 2420 1028 μὲν
2455 959 2618 1022 αὐτὸς
2674 956 2813 1012 εἶναι
2853 959 2948 1012 καὶ⁸
2994 958 3090 1011 τοῦ
3125 955 3284 1019 Θεοῦ,
3318 955 3493 1008 πάντα
3538 953 3598 1006 δέ

2017 1051 2083 1105 δι’
2130 1051 2293 1105 αὑτοῦ
2327 1052 2640 1120 γεγονέναι·
2677 1052 2848 1105 αἴτιον
2893 1051 2950 1105 δέ
3002 1049 3203 1113 παντὸς
3239 1047 3448 1117 ἀγαθοῦ
3483 1049 3598 1109 τοῖς

2019 1141 2174 1198 οὗσίν
2227 1146 2379 1198 ἐστιν
2417 1147 2450 1214 ἡ
2491 1144 2610 1199 θεία
2653 1143 2869 1213 ἀγάπη,
2894 1142 2954 1196 τὸ
2987 1142 3215 1212 Πνεῦμα
3259 1139 3506 1210 δηλονότι
3537 1138 3600 1193 τδ

2020 1238 2194 1305 ἆγιον,
2225 1238 2436 1308 συνέχει
2471 1239 2580 1306 γὰρ
2621 1236 2798 1290 πάντα
2829 1239 2925 1289 καὶ
2971 1235 3289 1303 ἐπιστρέφει
3321 1233 3458 1303 πρὸς
3501 1232 3602 1286 τά-

2020 1331 2205 1397 γαθόν.
2242 1331 2351 1382 Καὶ
2395 1329 2484 1384 διὰ
2511 1327 2670 1382 τοῦτο
2715 1329 2836 1398 μετ’
2864 1327 3044 1381 αὐτῶν
3077 1322 3156 1389 εἷς
3190 1328 3308 1378 ἐστι
3337 1325 3470 1386 Θεὸς
3502 1325 3601 1377 καὶ

2021 1424 2350 1495 δημιουργὸς
2381 1425 2408 1476 6
2438 1423 2622 1491 πατὴρ
2656 1422 2913 1475 ἁπάντων
2942 1419 3051 1474 τῶν
3072 1419 3264 1484 ὄντων,
3295 1420 3389 1471 καὶ
3421 1417 3598 1472 πάντα
3627 1463 3636 1470 .

2024 1515 2088 1565 ἐκ
2125 1513 2233 1565 τῶν
2274 1511 2506 1580 πρώτων
2531 1511 2660 1581 ἄχρι
2690 1512 2785 1563 καὶ
2817 1511 2926 1564 τῶν
2957 1509 3202 1580 ἐσχάτων
3235 1508 3373 1578 ἔργα
3405 1525 3465 1560 τε
3501 1507 3596 1560 καὶ

2021 1604 2186 1659 δοῦλα
2216 1603 2312 1656 τοῦ
2338 1605 2455 1667 ἑνός
2479 1605 2588 1658 είσι
2615 1601 2752 1656 Θεοῦ
2785 1601 2882 1656 καὶ
2915 1601 3014 1672 τῆς
3048 1602 3105 1656 ἐν
3135 1599 3283 1670 αὐτῷ
3314 1599 3601 1670 συμφύτου

2025 1700 2274 1769 Τριάδος.

2105 1866 2194 1934 Τῷ
2227 1866 2324 1934 μὲν
2358 1863 2452 1918 οῦν
2483 1864 2766 1933 πράγματι
2796 1860 2945 1916 αξτία
2983 1860 3131 1915 ἐστὶν
3161 1862 3194 1931 ἠ
3229 1859 3471 1931 μακαρία
3508 1858 3608 1912 καὶ

2034 1955 2149 2008 θεία
2184 1955 2350 2024 Τριὰς
2371 1953 2471 2023 τῆς
2502 1954 2558 2004 ἐν
2587 1951 2862 2024 ἀνθρώπῳ
2885 1951 3100 2022 τριάδος
3130 1966 3144 1980 ·
3173 1952 3239 2020 τῇ
3289 1949 3334 2003 δ’
3363 1951 3609 2022 ἡμετέρᾳ

2032 2047 2140 2099 τῶν
2168 2044 2469 2112 ἀνθρώπων
2498 2042 2694 2112 γνώσει
2717 2044 2749 2112 ὴ
2775 2042 2903 2113 παρ’
2927 2043 3055 2111 ἡμῖν
3084 2042 3240 2112 τριάς
3283 2041 3456 2094 αῐτιόν
3488 2057 3608 2104 πως

2033 2138 2124 2191 τοῦ
2177 2137 2436 2201 κάκείνην
2481 2137 2554 2198 ὡς
2615 2128 2725 2188 οἶόν
2783 2151 2842 2186 τε
2895 2131 3280 2202 γινώσκεσθαι,
3327 2133 3403 2196 ὡς
3449 2131 3612 2186 τοῦτο

2037 2231 2248 2302 πρῶτον
2278 2225 2574 2281 ἀπολαύειν
2609 2225 2754 2296 ἔχειν
2800 2227 2941 2296 ἡμᾶς
2977 2227 3075 2290 τῆς
3123 2224 3332 2278 ἐκεῖθεν
3367 2227 3423 2278 ἐν
3474 2226 3608 2295 ἡμῖν

2035 2322 2260 2383 εἰκόνος,
2282 2320 2343 2371 τὸ
2371 2317 2633 2372 δύνασθαι
2655 2317 2723 2370 δι’
2761 2316 2931 2386 αὐτῆς
2963 2315 3062 2385 τὴν
3086 2315 3259 2386 ἀληθῆ
3313 2317 3408 2370 καὶ
3460 2315 3614 2386 πρώ-

2034 2430 2134 2480 την
2165 2410 2368 2465 καὶτοῦ
2401 2409 2596 2470 παντὸς
2623 2409 2801 2463 αἰτίαν
2827 2409 3022 2462 ειδέναι
3056 2407 3282 2476 Τριάδα.
3338 2408 3502 2460 Τουτὶ
3553 2409 3611 2461 δέ

2038 2520 2214 2571 φαμεν
2271 2505 2398 2570 περὶ
2439 2500 2547 2553 τῶν
2602 2498 2808 2562 ἀτελῶς
2867 2497 2945 2551 ἔτι
2994 2498 3261 2551 νοούντων
3294 2499 3476 2568 κάντῇ
3501 2500 3612 2552 τῶν

2037 2594 2406 2662 εἰσαγομένων
2430 2590 2582 2656 τάξει
2602 2608 2616 2623 ·
2643 2593 2750 2653 τοῖς
2781 2591 2838 2644 δὲ
2865 2590 3191 2664 τελεώτερον
3215 2593 3612 2646 ἐσπουδακόσιν

2038 2684 2233 2737 εἰδέναι
2261 2682 2294 2753 ἢ
2329 2682 2475 2752 δῶρα
2505 2685 2570 2736 ἐκ
2596 2681 2730 2735 Θεοῦ
2762 2681 3060 2751 εἰληφόσιν,
3105 2681 3135 2735 δ
3165 2683 3256 2736 καὶ
3313 2683 3452 2738 πάνυ
3495 2685 3614 2755 μετ-

2039 2777 2128 2840 ζόν
2167 2777 2332 2841 ἐστιν,
2365 2774 2574 2828 ἐκεῖθεν
2597 2776 2630 2844 ἡ
2670 2776 2726 2827 ἐν
2754 2776 2886 2845 ήμῐν
2915 2775 3306 2846 ἀκριϐέστερον
3332 2780 3614 2831 κατανοεῖ-

2038 2889 2126 2924 ται
2153 2871 2350 2940 τριάς·
2382 2870 2504 2922 ὅθεν
2561 2868 2712 2922 οὐδὲν
2761 2868 3098 2939 θαυμαστὸν,
3166 2869 3216 2922 εί
3277 2870 3462 2924 πολλοὶ
3515 2869 3614 2942 τὴν

2040 2962 2190 3014 θείαν
2221 2959 2474 3027 ἀγνοοῦσι
2501 2958 2728 3028 Τριάδα,
2762 2959 2876 3027 εἴγε
2925 2958 3062 3030 μηδέ
3132 2962 3332 3024 πάντες
3381 2961 3480 3025 τὴν
3534 2963 3613 3015 oi-

2043 3054 2196 3106 κείαν
2229 3052 2458 3123 οίδασιῆ
2491 3051 2688 3105 ειδέναι
2731 3051 2913 3122 ἔχουσι
2953 3051 3136 3120 φύσιν.
3177 3053 3252 3107 Οὐ
3281 3053 3446 3106 δεῖδὲ
3477 3051 3611 3107 θαυ-

369 3165 680 3220 miranduni
742 3163 809 3216 de
834 3160 1063 3231 reliquis
1084 3158 1406 3213 d.ﬂ‘erentiis
1423 3154 1857 3226 exemplarinter
1889 3162 1935 3208 et

2051 3142 2242 3214 μάζειν
2270 3143 2528 3214 περὶτῶν
2565 3143 2738 3197 ἀλλων
2769 3141 3044 3211 διαφόρων
3063 3143 3163 3214 τῆς
3206 3145 3264 3196 ἐν
3295 3141 3373 3212 τῷ
3434 3159 3614 3215 παρα-

361 3259 660 3327 iinaginem
691 3252 1150 3319 trinitatis.Nam,
1173 3261 1232 3306 ut
1257 3253 1370 3321 jam
1404 3247 1820 3316 diximus,quod
1844 3246 1943 3300 lio-

362 3367 452 3404 mo
478 3358 548 3404 sit
580 3349 689 3402 Deo
715 3347 934 3411 similis,
955 3348 1006 3399 id
1035 3345 1173 3399 ratio
1198 3343 1434 3413 postulat
1464 3350 1519 3395 et
1541 3339 1715 3395 Moses
1741 3341 1945 3393 contir-

365 3452 477 3496 mat
501 3453 555 3496 et
578 3439 848 3511 quotlibet
876 3438 982 3491 alia
1016 3440 1067 3490 in
1097 3437 1236 3491 idem
1266 3443 1632 3499 conveniunt;
1663 3446 1726 3486 ac
1753 3431 1945 3484 similis

359 3535 577 3605 quidem
612 3532 840 3584 trinitati
861 3531 1198 3584 internorunt
1223 3537 1470 3590 actuum,
1502 3541 1598 3594 per
1625 3539 1762 3593 quos
1781 3522 1946 3576 bomo

360 3634 527 3682 estet
595 3623 724 3679 vivit
778 3624 1079 3676 secundum
1137 3613 1400 3680 animam,
1458 3627 1795 3684 czeterasque
1855 3613 1943 3666 Dei

365 3725 644 3772 creaturas
678 3720 919 3780 superat.
965 3711 1136 3764 Porro
1162 3710 1217 3762 in
1250 3708 1357 3762 Deo
1377 3706 1617 3761 Trinitas
1635 3720 1757 3760 esse
1786 3703 1946 3758 debet

363 3808 818 3876 supernaturalis,
879 3807 1112 3858 creatori
1141 3817 1383 3857 consona
1437 3816 1500 3853 ac
1556 3813 1782 3869 prorsus
1838 3795 1945 3850 Deo

362 3904 562 3973 digna;
595 3900 651 3954 in
688 3898 910 3953 homine
933 3910 1082 3962 vero,
1125 3902 1611 3963 proutcreaturam
1647 3895 1822 3956 decet,
1845 3890 1945 3944 in-

363 3996 553 4051 ferior.
581 3993 766 4048 Primo
826 3992 1032 4045 etenim
1069 3989 1288 4043 divinus
1334 3987 1650 4042 intellectus
1683 3993 1764 4040 est
1799 3997 1945 4038 sem-

367 4105 460 4159 per
491 4089 542 4144 in
570 4098 720 4149 actu,
751 4091 1025 4156 quatenus
1055 4092 1259 4136 aeterno
1297 4090 1350 4134 et
1399 4081 1610 4134 inﬁnito
1659 4074 1945 4147 congruit;

370 4186 643 4235 humanus
683 4194 713 4233 e
749 4185 941 4232 contra
971 4191 1000 4229 a
1034 4175 1142 4230 Deo
1171 4180 1389 4229 creatus
1429 4171 1740 4227 virtualiter
1768 4171 1949 4242 quoad

374 4272 591 4325 initium
636 4283 794 4338 aeque
818 4275 905 4321 est
938 4267 990 4320 in
1019 4265 1275 4319 omnibus
1311 4264 1376 4318 ad
1407 4279 1468 4318 ea
1502 4264 1787 4317 ordinatus
1831 4276 1951 4331 qua:

368 4371 602 4433 possunt
629 4362 855 4429 intelligi
885 4368 938 4414 et
967 4358 1032 4412 ad
1065 4357 1457 4424 intelligentem
1517 4368 1612 4422 per
1659 4368 1725 4406 ea
1786 4353 1950 4421 perii-

2045 3237 2297 3305 δείγματι
2324 3235 2418 3289 καὶ
2454 3237 2519 3305 τῇ
2557 3234 2724 3288 εἰκόνι
2782 3233 3018 3304 τριάδος.
3071 3235 3300 3303 Εἴρηται
3348 3237 3477 3304 γὰρ,
3541 3236 3618 3300 ὡς

2045 3328 2360 3396 ώμοιῶσθαι
2421 3327 2519 3396 μὲν
2573 3326 2647 3396 τῷ
2706 3325 2824 3396 Θεῷ
2871 3325 2963 3378 τὸν
3003 3324 3289 3392 ἄνθρωπον
3314 3327 3343 3380 ὅ
3375 3343 3434 3379 τε
3461 3327 3616 3395 λόγος

2047 3423 2268 3476 ἁπαιτεί
2297 3421 2391 3475 καὶ
2422 3421 2454 3489 ἡ
2485 3421 2578 3474 τοῦ
2615 3419 2857 3481 Μωσέως
2898 3417 3141 3484 ἀξίωσις,
3187 3419 3280 3472 καὶ
3333 3418 3434 3472 ὅσα
3485 3420 3617 3474 ἄλλα

2045 3514 2216 3582 ταύτῃ
2251 3512 2550 3582 συντρέχει,
2576 3513 2668 3564 καὶ
2693 3509 3012 3580 ὡμοιῶσθαι
3062 3513 3127 3581 τῇ
3163 3511 3340 3581 τριάδι
3371 3511 3479 3565 τῶν
3540 3513 3620 3564 ἐνι-

2045 3605 2276 3673 δοτέρων
2301 3602 2610 3673 ἐνεργειῶν,
2674 3596 2760 3666 αἷς
2805 3601 3091 3672 ἅνθρωπός
3138 3603 3254 3655 ἐστί
3307 3620 3366 3656 τε
3425 3606 3520 3658 καὶ
3551 3605 3615 3676 ζῇ

2049 3697 2190 3751 κατὰ
2217 3697 2316 3766 τὴν
2339 3695 2515 3766 ψυχὴν
2542 3696 2633 3748 καὶ
2663 3694 2770 3749 τῶν
2797 3695 2971 3748 ἄλλων
3001 3694 3095 3748 τοῦ
3126 3695 3262 3749 Θεοῦ
3302 3699 3618 3769 κτισμάτων

2049 3787 2291 3859 προέχει.
2323 3787 2414 3838 Δεῖ
2443 3786 2499 3839 δέ
2529 3788 2586 3838 ἐν
2615 3784 2713 3855 μὲν
2744 3785 2824 3855 τῷ
2851 3783 2970 3854 Θεῷ
2996 3785 3094 3856 τὴν
3124 3785 3332 3856 Τριάδα
3365 3787 3620 3857 ὑπερφυᾶ

2047 3896 2105 3934 τε
2136 3879 2230 3933 καὶ
2258 3877 2455 3948 ποιητῇ
2491 3876 2808 3948 πρέπουσαν
2833 3872 2973 3930 εἶναι
3008 3876 3101 3928 καὶ
3127 3877 3263 3940 ὅλως
3311 3877 3616 3949 θεοπρεπῆ,

2048 3974 2104 4025 ἐν
2131 3969 2402 4043 ἀνθρώπῳ
2427 3969 2483 4023 δὲ
2511 3970 2650 4037 μετὰ
2687 3970 2782 4038 τῆς
2811 3969 2890 4040 τῷ
2927 3969 3184 4039 κτίσματι
3235 3972 3619 4043 προσηκούσης

2050 4063 2312 4133 ὑφέσεως.
2375 4061 2583 4115 Λύτίκα
2617 4062 2726 4130 γὰρ
2777 4062 2806 4114 6
2869 4061 2969 4130 μὲν
3028 4063 3170 4126 θεῖος
3221 4063 3347 4127 νοῦς
3373 4065 3621 4137 ἐνεργείᾳ

2050 4155 2199 4207 ἐστὶν
2257 4153 2363 4218 ἀεὶ,
2402 4153 2476 4216 ὡς
2508 4153 2662 4226 ἀϊδίῳ
2679 4155 2774 4209 καὶ
2802 4155 3016 4227 ἀπείρῳ
3045 4157 3335 4229 προσήκει,
3380 4162 3407 4212 6
3455 4158 3511 4212 δέ
3557 4176 3655 4226 γε·

2049 4247 2386 4318 ἀνθρώπινος
2415 4247 2838 4318 δημιουργηθεδς
2858 4251 2922 4302 ἐκ
2951 4249 3086 4304 Θεοῦ
3113 4250 3340 4320 δυνάμει
3373 4253 3476 4319 μὲν
3504 4251 3621 4305 ἔστι

2049 4341 2148 4408 τὴν
2177 4339 2347 4410 ἀρχὴν
2370 4341 2426 4392 ἐν
2454 4341 2621 4394 πᾶσιν
2651 4339 2960 4410 ἀνθρώποις
2995 4343 3196 4412 ὁμοίως
3231 4343 3368 4412 πρὸς
3413 4344 3479 4396 τά
3529 4360 3619 4396 νο-

367 4455 660 4519 ciendum;
689 4468 753 4505 ac
801 4460 990 4520 postea
1025 4449 1076 4501 in
1107 4457 1231 4501 actu
1271 4447 1331 4498 lit
1379 4460 1444 4498 ex
1494 4459 1683 4497 eorum
1727 4443 1935 4506 notitia,

2052 4432 2225 4483 εἰσθαι
2253 4431 2522 4500 δυνάμενα
2548 4433 2640 4485 καὶ
2671 4432 2807 4501 πρὸς
2829 4432 2889 4485 τὸ
2904 4431 2979 4487 δι’
3008 4432 3236 4486 ἐκείνων
3279 4435 3620 4491 τελειοῦσθαι

371 4546 612 4601 collectis
676 4543 730 4596 in
766 4542 888 4610 ipso
946 4538 1232 4606 speciebus
1283 4534 1388 4588 alia
1429 4542 1553 4602 post
1609 4531 1792 4596 aliam,
1852 4547 1935 4600 per

2051 4522 2294 4585 νοοῦντα,
2325 4523 2574 4594 ἐνεργείᾳ
2599 4523 2658 4575 δ’
2692 4522 2920 4594 ὕστερον
2948 4524 3158 4591 γίνεται
3186 4529 3253 4596 τῇ
3284 4528 3413 4598 περὶ
3442 4529 3620 4582 αὐτῶν

374 4638 517 4692 viam
553 4635 765 4688 scilicet
829 4627 1237 4685 abstractionis.
1289 4625 1490 4679 lterum
1549 4624 1781 4677 humana
1812 4625 1948 4676 ratio

368 4727 512 4798 apud
543 4725 789 4794 singulos
827 4722 1017 4777 multis
1049 4719 1338 4789 speciebus
1407 4716 1684 4771 ell‘ormata
1710 4715 1949 4785 comple-

375 4832 486 4886 tur,
509 4835 652 4890 quae,
679 4825 735 4869 ut
763 4815 966 4870 dictum
993 4821 1096 4877 est,
1115 4811 1257 4881 apud
1283 4822 1725 4878 unumquemque
1751 4815 1950 4863 coeunt

375 4927 476 4985 pro
507 4906 836 4965 babitudinis
860 4903 1041 4959 modo.
1069 4901 1260 4956 Divina
1288 4908 1468 4954 autem
1501 4899 1644 4953 ratio
1663 4912 1769 4952 una
1795 4906 1876 4952 est
1898 4907 1952 4953 et

370 5004 778 5075 simplicissima
807 4997 1020 5068 species
1061 4991 1483 5062 simplicissima:
1515 4990 1568 5044 in
1593 4993 1770 5061 primo
1795 4990 1948 5045 intel-

370 5088 561 5170 ligibili
589 5091 983 5162 intelligentiae.
1017 5085 1149 5141 Nam
1180 5084 1399 5140 divinus
1436 5083 1769 5149 intellectus,
1793 5083 1952 5138 Pater

369 5195 596 5258 scilicet,
657 5194 764 5244 una
805 5184 1110 5251 eademque
1150 5177 1509 5249 intelligentia
1539 5178 1723 5233 omnia
1746 5186 1948 5233 aeterne

2050 4615 2352 4686 ἐπιστήμῃ,
2388 4615 2788 4686 ἀθροιζομένων
2825 4618 2882 4669 ἐν
2914 4617 3063 4687 αὐτῷ
3093 4618 3199 4672 τῶν
3245 4619 3401 4673 εἱδῶν
3458 4619 3617 4675 ἄλλου

2053 4709 2167 4776 μετ’
2201 4708 2326 4762 ἀλλο
2355 4710 2422 4778 τῇ
2453 4708 2558 4779 ὁδῷ
2584 4724 2646 4776 γε
2676 4709 2776 4778 τῆς
2804 4710 3167 4779 ἀφαιρέσεως.
3219 4712 3330 4766 Καὶ
3358 4712 3512 4780 λόγος
3554 4706 3620 4765 αὖ

2049 4805 2076 4855 6
2105 4803 2204 4871 μὲν
2232 4801 2568 4872 ἀνθρώπινος
2595 4804 2652 4854 ἐν
2692 4802 2908 4872 ἐκάστῳ
2936 4802 3150 4865 πολλοῖς
3183 4804 3350 4860 εῐδεσι
3385 4803 3624 4875 μορφοὺ·

2053 4911 2210 4964 μενος
2247 4892 2657 4964 συμπληροῦται
2676 4892 3085 4960 συναγομένοις,
3117 4893 3194 4957 ὡς
3222 4895 3460 4966 εἴρηται,
3486 4895 3620 4949 κατά

2056 4987 2250 5057 μικρὸν
2272 4988 2328 5039 ἐν
2360 4985 2509 5056 αὐτῷ
2549 4985 2642 5039 καὶ
2671 4984 2890 5038 συνοῦσι
2914 4985 3100 5039 λοιπδν
3147 4987 3224 5055 τῷ
3275 4987 3466 5058 τρόπῳ
3527 4986 3624 5056 τῆς

2051 5078 2219 5142 ἕξεως
2248 5093 2261 5108 ·
2299 5080 2326 5130 6
2346 5076 2402 5128 δέ
2428 5077 2569 5139 θεῖος
2597 5076 2752 5145 λόγος
2782 5075 2842 5129 ἐν
2875 5076 2990 5128 ἐστι
3024 5077 3118 5130 καὶ
3147 5077 3520 5132 ἁπλούστατον
3547 5072 3622 5130 εἷ-

2051 5168 2139 5231 δος
2167 5170 2268 5237 τῆς
2304 5168 2684 5238 ἀπλουσξτάτης
2716 5169 2773 5219 ἐν
2805 5167 2882 5237 τῷ
2916 5165 3120 5238 πρώτῳ
3150 5167 3323 5239 νοητῷ
3349 5171 3616 5240 νοήσεως·

371 5287 540 5349 novit,
582 5292 636 5337 et
669 5278 916 5348 seipsqu
947 5270 1302 5342 inteiligendo
1345 5268 1737 5339 intelligibilem
1785 5282 1935 5324 suam

2053 5263 2080 5314 6
2106 5263 2212 5332 γάρ
2241 5262 2381 5324 θεῖος
2407 5259 2554 5324 νοῦς,
2585 5261 2614 5312 ὁ
2642 5259 2833 5330 Πατὴρ
2857 5259 3122 5330 δηλονότι,
3143 5261 3244 5330 μιᾷ
3271 5261 3362 5313 καὶ
3386 5263 3453 5329 τῇ
3487 5259 3620 5328 αὐτῇ

370 5389 604 5446 speetem
639 5371 856 5426 sibimet
881 5362 1093 5434 objicit,
1153 5376 1349 5430 nempe
1387 5356 1652 5415 Verbum.
1705 5357 1942 5415 Verbum

370 5485 546 5524 autent
579 5471 728 5522 novit
752 5480 815 5519 ac
878 5462 1117 5531 seipsum
1142 5456 1326 5512 simul.
1387 5457 1455 5508 At
1511 5465 1707 5509 caetera
1781 5455 1945 5507 etiam

371 5572 522 5615 extra
568 5576 626 5614 se
663 5559 836 5620 novit,
895 5565 1156 5608 aeternum
1218 5549 1438 5621 quidem
1527 5547 1832 5617 intelligens
1889 5553 1950 5598 u-t

375 5658 554 5709 futura
631 5655 680 5704 vi
751 5652 1002 5720 potentiae
1081 5663 1234 5710 sum,
1309 5650 1362 5699 in
1438 5645 1675 5698 futurum
1763 5653 1820 5694 ut
1871 5640 1949 5694 ad

377 5757 614 5810 put-suns
650 5743 1005 5809 intelligentia
1039 5756 1097 5796 se
1134 5745 1416 5804 movente;
1458 5751 1666 5792 necnon
1715 5743 1772 5790 et
1805 5746 1949 5800 --ριοι

2056 5353 2238 5423 νοήσει
2267 5351 2446 5404 πάντα
2469 5348 2658 5410 ἀῖδίως
2687 5351 2815 5415 νοεῖ,
2844 5350 2939 5401 καὶ
2988 5349 3182 5403 ἑαυτὸν
3230 5349 3330 5418 μὲν
3386 5349 3521 5403 νοῶν
3568 5347 3622 5402 τὸ

2055 5444 2242 5512 νοητὸν
2274 5441 2562 5512 ὑφίστησιν
2585 5437 2723 5504 εἶδος
2761 5439 2956 5493 ἐαυτοῦ
2982 5432 3038 5492 δὲ
3061 5439 3218 5511 ’πρὸς
3251 5440 3465 5508 ἑαυτὸν,
3508 5454 3622 5493 του·

2054 5539 2202 5590 τέστι
2229 5536 2319 5590 τὸν
2353 5538 2546 5603 Λόγον,
2572 5537 2682 5590 νοεῖ
2715 5534 2771 5587 δέ
2805 5535 2894 5588 τὸν
2923 5534 3094 5598 Λόγον
3131 5535 3222 5586 καὶ
3267 5533 3461 5587 ἑαυτὸν
3515 5531 3622 5601 ἅμα

2003 5673 2006 5676 λ
2054 5635 2181 5686 νοεῖ.
2217 5631 2346 5682 Νοεῖ
2371 5629 2428 5682 δέ
2465 5628 2557 5680 καὶ
2590 5628 2658 5680 τά
2687 5628 2821 5681 ἄλλα
2879 5628 3008 5696 παρ’
3053 5629 3246 5681 ἑαυτὸν
3295 5627 3476 5688 ἀϊδίως
3535 5628 3623 5694 μὲν

2059 5726 2192 5782 ν’)ὦν
2226 5724 2300 5786 ὡς
2331 5721 2562 5790 ἐσόμενα
2596 5719 2882 5790 περιουσίᾳ
2907 5719 3211 5789 δυνάμεως,
3250 5721 3342 5772 ἐπὶ
3405 5719 3464 5771 τὸ
3513 5718 3618 5768 ἐσό-
