3904 6134
324 244 431 309 593

326 382 490 434 μενον
515 380 615 433 της
636 366 868 433 νοήσεως
922 370 995 433 ὡς
1046 372 1109 442 δὴ
1146 373 1319 445 παρὸν
1362 378 1667 447 φερομένης
1703 394 1715 407 ·

316 457 375 510 δὲ
409 460 492 510 ὅτε
528 459 758 530 ἠθέλησε
815 465 904 518 καὶ
965 471 1355 539 γεγεννημένα,
1412 472 1547 541 ἔργα
1599 474 1697 543 τῆς
1746 474 1892 537 Θείας

317 546 448 600 ὄντα
500 547 793 619 θελήσεως,
857 556 992 607 καθό
1026 558 1138 609 ἐστι
1190 559 1285 612 καὶ
1318 560 1491 613 ἄλλων
1545 562 1888 632 εὐποιητική.

332 638 444 720 ’ᾼεί
484 639 580 707 μὲν
627 642 737 712 γὰρ
778 644 1028 700 ἐϐούλετο
1076 649 1168 701 τὸν
1217 651 1422 720 κόσμον
1491 652 1729 719 ἔσεσθαι,
1794 656 1894 708 ούκ

322 716 573 783 ἐϐούλετο
592 732 646 785 δὲ
679 733 773 787 καὶ
802 735 889 790 ἀεὶ
911 738 1071 791 αὐτὸν
1094 716 1333 803 ἔσεσθαι,
1365 742 1427 795 οὐ
1463 745 1573 813 γὰρ
1600 716 1724 798 οίόνγ
1751 747 1798 799 τ’
1830 746 1895 799 ἂν

322 815 391 890 ἦν
418 822 577 874 αὐτὸν
610 824 695 877 ἀεὶ
726 822 865 879 εἶναι
888 828 998 882 οὔτ’
1032 830 1273 896 ἔσεσθαι,
1301 827 1375 887 ὧν
1401 835 1479 904 τῷ
1507 837 1604 905 μὲν
1630 837 1688 890 τὸ
1731 838 1897 907 μηδὲο

326 910 531 963 ποτ’ἂν
553 914 935 987 γενέσθαι,
963 918 1020 971 δὲ
1072 920 1133 973 τὸ
1189 918 1329 975 εἶναι
1394 928 1570 976 καίτοι
1631 926 1897 993 μηδέποτε

326 1004 722 1074 γεγεννημένον
754 1006 1037 1061 ἀκολουθεῖ
1064 1025 1078 1041 ⁶
1113 1013 1146 1081 ἠ
1176 1012 1353 1065 τοίνυν
1378 1015 1546 1079 ἀΐδιος
1582 1015 1725 1087 αῦτῃ
1772 1017 1863 1088 νόη
1888 1048 1896 1056 -

328 1110 410 1157 σις
469 1097 566 1165 μία
620 1097 875 1163 καθάπαξ
929 1102 1079 1154 ἐστιν
1107 1105 1162 1155 ἐν
1196 1105 1268 1175 τῷ
1292 1105 1489 1175 πρώτῳ
1540 1107 1614 1177 νῷ
1656 1107 1898 1176 σημείοις

332 1187 514 1254 μόνοις
545 1187 927 1261 διακρινομένη
961 1194 1219 1261 νοήσεως.
1285 1196 1411 1250 Ἐπὶ
1444 1197 1651 1261 τούτοις
1683 1200 1741 1250 ὲν
1802 1198 1900 1269 μὲν

326 1277 405 1345 τῷ
460 1279 785 1349 ἀνθρωπίνῳ
842 1282 915 1351 νῷ
947 1283 1074 1337 ἄλλο
1102 1286 1216 1339 ἐστὶ
1250 1287 1308 1339 τὸ
1333 1292 1473 1342 νοεῖν
1531 1292 1591 1342 τὸ
1643 1293 1897 1361 πρᾶγμα,

329 1368 425 1421 καὶ
453 1369 578 1423 ἄλλο
604 1372 664 1423 τὸ
711 1375 851 1426 νοεῖν
880 1376 938 1428 τὸ
968 1377 1256 1446 νοούμενον
1319 1381 1516 1448 νόημα,
1558 1382 1685 1432 ὅταν
1734 1385 1814 1444 είς
1842 1381 1902 1435 τὸ

330 1461 531 1513 οἰκεῖον
559 1460 716 1531 ἔργον
746 1467 773 1516 6
799 1464 923 1529 νοῦς
966 1468 1290 1541 ἐπιστρέφῃ,
1326 1471 1449 1523 ὅθεν
1496 1472 1681 1541 ἕτεραι
1713 1474 1812 1541 μὲν
1846 1474 1903 1527 αἰ

331 1550 439 1602 τῶν
469 1554 828 1622 πραγμάτων,
863 1556 1049 1625 ἕτεραι
1072 1558 1116 1610 δ’
1149 1560 1205 1611 αἰ
1237 1561 1346 1612 τῶν
1379 1562 1466 1613 ἐπ’
1491 1563 1672 1624 αὐτοῖς
1703 1566 1904 1636 νοημά-

331 1658 441 1694 των
470 1644 607 1696 εἰσὶν
636 1646 941 1716 ἐπιστῆμαι
968 1662 981 1677 °
1016 1650 1071 1699 ὲν
1093 1648 1149 1700 δὲ
1168 1650 1244 1718 τῷ
1276 1650 1394 1720 Θεῷ
1428 1652 1596 1705 ταῦτα
1641 1654 1700 1707 ού
1730 1655 1903 1723 διενή-

334 1752 475 1804 νοχε,
506 1737 598 1789 καὶ
622 1738 649 1791 6
681 1737 778 1806 μὲν
804 1740 859 1790 ἐν
888 1739 1158 1810 ἀνθρώπῳ
1184 1741 1339 1811 λόγος
1374 1744 1468 1799 καὶ
1512 1747 1544 1815 ἡ
1579 1746 1798 1813 θέλησις
1839 1722 1900 1801 οὐ
1932 1722 1977 1781 Β

335 1831 733 1898 πραγματικῶς
767 1832 902 1900 πρὸς
932 1834 1022 1887 τὸν
1048 1834 1269 1887 νοοῦντα
1298 1838 1391 1889 καὶ
1420 1837 1641 1892 θέλοντα
1692 1839 1902 1908 διακρί-

336 1936 515 1973 νονται
548 1920 673 1974 νοῦν
706 1938 721 1953 ο
754 1924 781 1975 6
827 1924 883 1976 δὲ
915 1923 1054 1986 θεῖος
1104 1928 1277 1994 Λόγος
1329 1930 1422 1981 καί
1466 1931 1525 1983 τὸ
1573 1931 1793 2001 Πνεῦμα
1841 1932 1904 1985 τὸ

335 2012 491 2077 ἅγιον
516 2016 911 2083 πραγματικῶς
956 2018 1049 2071 τοῦ
1091 2019 1301 2088 Πατρδς
1362 2022 1726 2091 διακρίνονται
1762 2039 1777 2053 ·
1825 2024 1905 2077 δεῖ

348 2104 446 2176 γὰρ
479 2108 594 2160 ἐκεῖ
620 2110 711 2162 καὶ
737 2107 834 2179 τὴν
858 2107 958 2179 τῆς
990 2110 1204 2178 φύσεως
1232 2111 1427 2165 ἕνωσιν
1470 2114 1647 2183 ἄκραν
1677 2110 1837 2179 εῖναι,

341 2198 604 2268 προσήκει
629 2200 769 2269 Θεῷ,
802 2201 896 2255 καὶ
934 2201 1031 2271 τὴν
1067 2203 1335 2273 διάκρισιν
1386 2200 1452 2258 αὖ
1497 2207 1669 2275 ἀληθῆ
1695 2224 1755 2259 τε
1811 2210 1905 2259 καὶ

336 2288 675 2359 ἔμπρακτον,
708 2293 771 2362 τῇ
805 2291 985 2361 μέντοι
1015 2295 1157 2347 κατὰ
1185 2294 1281 2365 τὴν
1325 2296 1486 2364 φύσιν
1516 2297 1707 2351 ἑνώσει
1741 2299 1905 2368 μηδό-

337 2378 444 2439 λως
472 2383 931 2453 προσισταμένην.
992 2383 1056 2436 Ἦ
1108 2384 1213 2455 γὰρ
1257 2386 1489 2456 ἀτομικὴ
1554 2388 1647 2440 καὶ
1689 2404 1905 2458 προσω-

340 2470 475 2539 πικὴ
506 2471 773 2541 διάκρισις
804 2474 859 2526 ὲν
899 2475 996 2543 μὲν
1038 2479 1149 2539 τοῖς
1176 2479 1441 2546 όμοφυέσι
1496 2478 1755 2548 κτίσμασι
1806 2481 1904 2550 τὴν

340 2559 394 2612 ὖ)
408 2579 472 2630 ην
494 2563 670 2615 αἰτίαν
700 2565 895 2632 ἔχουσα
922 2566 1158 2634 εὐλόγως
1187 2568 1243 2621 δὲ
1271 2569 1368 2637 τὴν
1391 2570 1549 2637 φύσιν
1578 2571 1634 2622 ὲν
1673 2573 1783 2633 τοῖς
1818 2572 1909 2624 οὓς

341 2668 417 2703 τω
442 2652 789 2721 διῃρημένοις
818 2655 1067 2722 ἀριθμοῖς
1090 2656 1322 2727 διαιρεῖ·
1373 2660 1430 2710 ὲν
1470 2659 1525 2711 δὲ
1576 2658 1654 2730 τῷ
1705 2661 1907 2713 ἁπλου-

344 2744 523 2813 στάτῳ
562 2745 655 2799 καί
692 2746 1008 2815 νοερωτάτῳ
1028 2747 1148 2817 Θεῷ
1172 2750 1269 2820 τὴν
1293 2751 1494 2821 νοητὴν
1521 2752 1794 2821 ἀναφορὰν
1824 2754 1909 2805 αἰ-

341 2832 462 2886 τίαν
486 2833 680 2902 ἐχουσα
712 2839 880 2906 μόνην
901 2836 961 2890 οὐ
990 2838 1185 2908 διαιρεῖ
1214 2840 1311 2910 τὴν
1342 2843 1480 2903 κατά
1530 2843 1692 2910 φύσιν
1726 2844 1909 2910 ἑνότηο

343 2939 435 2977 τα.
470 2926 579 2989 Καὶ
612 2927 807 2990 πολλὰς
854 2928 1016 2991 ἄλλας
1050 2932 1195 2993 εἰκὸς
1226 2927 1363 2987 εἶναι
1400 2933 1659 3003 διαφορὰς
1702 2934 1802 3002 τῆς
1851 2951 1909 2985 τε

1392 258 1489 315 DE
1536 260 1680 319 DEO
1724 258 1800 319 IN
1842 258 2261 321 TRINITATE
2299 261 2476 322 UNO.

3464 270 3563 324 bitt

1768 378 1903 430 νοῶν
1936 385 1977 439 Α
2009 379 2193 445 ducta,
2230 382 2452 449 quando
2482 380 2732 442 voluerit,
2770 380 3052 448 intelligit;
3092 394 3211 433 cum
3240 377 3432 432 divina:
3481 395 3568 429 ru-

1996 472 2220 524 luntatis
2248 472 2357 525 sint
2393 487 2579 541 opera,
2611 482 2881 540 quatenus
2915 480 2997 525 est
3037 480 3089 525 et
3139 472 3258 525 aliis
3295 472 3531 524 benelica
3554 512 3568 522 .

1998 559 2131 616 Nam
2168 579 2384 631 semper
2436 564 2655 617 Volebat
2708 563 2823 617 fore
2850 571 2907 617 ut
2943 565 3178 621 mundus
3242 572 3403 626 esset,
3466 580 3569 615 nou

1997 664 2174 707 autem
2209 664 2263 705 ut
2300 669 2514 723 semper
2546 654 2835 709 exsisteret
2870 671 2883 719 ;
2911 669 3008 707 nec
3036 654 3179 708 enim
3226 662 3347 721 pote
3379 654 3571 709 fuisset

1997 748 2147 799 illum
2170 760 2386 814 semper
2413 760 2536 800 esse
2558 754 2650 797 aut
2684 744 2823 808 fore,
2847 760 2911 799 ex
2932 759 3163 813 quorum
3194 745 3363 799 altero
3388 760 3575 799 consw

1996 838 2182 906 quitur
2203 847 2258 889 ιιι
2284 852 2560 907 nunquam
2583 838 2884 900 exsisteret,
2904 852 2968 891 ex
2998 838 3166 890 altero
3191 844 3247 889 ιιι
3269 838 3573 901 exsisteret,

1998 928 2212 983 tametsi
2260 943 2537 997 nunquam
2595 927 2847 982 eﬂ'ectns.
2907 927 3031 981 Haec
3075 928 3236 997 igitur
3264 939 3464 981 aeterna
3494 928 3577 980 in-

2000 1019 2302 1090 telligentia
2364 1036 2427 1074 ex
2475 1020 2684 1089 integro
2730 1035 2833 1072 una
2895 1027 2976 1073 est
3014 1020 3067 1071 in
3128 1019 3301 1085 primo
3368 1019 3575 1073 intelle.

2000 1120 2091 1164 ctu
2126 1113 2293 1182 signis
2322 1122 2531 1164 tantum
2563 1111 2631 1165 ab
2655 1110 3006 1180 intelligentia
3030 1111 3283 1163 discreta.
3309 1108 3572 1162 l‘razterea

2002 1204 2057 1257 in
2083 1204 2321 1259 humano
2348 1204 2622 1259 intellectu
2651 1204 2796 1258 aliud
2830 1212 2911 1257 est
2940 1218 3050 1256 rem
3086 1203 3407 1271 intelligere,
3434 1203 3579 1256 aliud

2005 1295 2428 1351 intellectionem
2462 1296 2812 1360 intellectam,
2841 1311 2963 1349 cum
2992 1295 3059 1349 ad
3084 1296 3358 1364 propriam
3385 1311 3576 1363 Opera-

2004 1386 2205 1439 tionem
2227 1386 2531 1442 intellectus
2548 1388 2917 1454 convertitur;
2939 1388 3079 1441 unde
3099 1388 3214 1440 alia:
3234 1400 3353 1439 sunt
3375 1402 3576 1448 rerum,

2003 1477 2121 1531 alia:
2149 1477 2214 1531 de
2245 1478 2411 1534 rebus
2444 1479 2869 1533 intelleCtionum
2896 1478 3121 1532 notitim.
3157 1476 3351 1530 Verum
3378 1478 3479 1529 hoc
3517 1478 3569 1529 in

2007 1573 2113 1628 Deo
2141 1587 2249 1626 non
2280 1572 2563 1628 diﬂerunt.
2585 1573 2814 1626 Aliunde
2839 1574 2977 1625 ratio
3002 1581 3055 1627 et
3086 1573 3336 1625 voluntas
3390 1573 3442 1624 in
3480 1572 3576 1623 ho-

2006 1668 2151 1723 mine
2169 1684 2275 1723 non
2304 1682 2487 1722 revera
2511 1668 2920 1738 distinguuntur
2946 1683 3069 1737 erga
3090 1677 3507 1736 "cognoscentem
3530 1678 3579 1718 vt

2005 1760 2275 1815 volentem
2313 1760 2669 1815 intellectum.
2691 1759 2940 1812 Divinum
2970 1774 3097 1813 vero
3119 1759 3354 1813 Verbum
3385 1767 3437 1812 et
3460 1758 3581 1827 Spi-

2004 1854 2144 1908 ritus
2169 1860 2396 1908 sanctus
2425 1852 2639 1907 realiter
2662 1867 2689 1903 a
2716 1852 2873 1905 Patre
2907 1852 3334 1917 distinguuntur.
3357 1848 3488 1903 Nam
3514 1852 3582 1903 il—

2002 1944 2077 1999 lic
2111 1953 2325 2013 oportet
2356 1954 2415 1997 ut
2454 1943 2525 1997 sit
2554 1953 2761 1997 natura:
2793 1957 3004 1997 summa
3034 1942 3235 2006 unitas,
3266 1950 3324 1994 ut
3351 1943 3455 1995 Deo
3488 1958 3584 2009 par

2004 2048 2107 2101 est,
2140 2045 2194 2092 et
2222 2051 2344 2090 vera
2385 2036 2638 2090 similiter
2676 2044 2729 2089 et.
2753 2035 2998 2089 eﬂ'ectiva
3035 2035 3342 2098 distinctio,
3386 2034 3579 2087 unitati

2005 2138 2181 2183 tamen
2240 2136 2448 2181 natura:
2503 2126 2728 2180 minime
2783 2126 3031 2179 obstans.
3067 2125 3278 2178 Etenim
3340 2123 3572 2175 indivisa

2004 2228 2056 2275 et
2087 2219 2699 2289 personalisdistinetio
2725 2234 2842 2286 qua:
2875 2220 2927 2271 in
2977 2220 3241 2272 creaturis
3300 2216 3580 2269 materiam

2006 2311 2168 2365 habet
2203 2324 2450 2372 causam,
2512 2309 2750 2377 approbe
2795 2323 2890 2376 per
2941 2306 3256 2376 hujusmocli
3326 2320 3583 2359 numerus

2006 2413 2256 2456 naturam
2288 2402 2499 2457 dividit.
2528 2400 2634 2454 Sed
2670 2400 2810 2470 apud
2842 2399 3304 2467 simplicissimum
3341 2407 3392 2450 et
3425 2398 3583 2450 intel-

2005 2495 2424 2559 ligentissimum
2464 2492 2653 2555 Deum,
2686 2507 2811 2545 cum
2844 2508 2909 2545 ex
2969 2490 3295 2558 intelligibili
3366 2498 3576 2542 tantum

2008 2586 2267 2639 relatione
2289 2599 2511 2639 causam
2547 2583 2767 2645 habeat,
2799 2592 3007 2636 natura:
3044 2597 3150 2636 non
3184 2580 3376 2633 dividit
3408 2580 3586 2633 unita-

2008 2687 2134 2734 tem.
2169 2678 2274 2731 Nec
2302 2677 2423 2731 aliis
2459 2676 2646 2746 paucis
2679 2676 3033 2745 probabiliter
3058 2676 3200 2728 inter
3236 2689 3295 2728 se
3320 2674 3579 2727 dill‘eruut

2008 2770 2249 2824 inrreata
2287 2769 2525 2824 Trinitas
2550 2770 2690 2838 apud
2752 2768 2943 2833 Deum,
2997 2778 3051 2822 et
3107 2768 3249 2837 apud
3312 2766 3583 2820 hominem

2009 2870 2210 2917 creata.
2246 2863 2312 2914 At
2364 2848 2932 2929 quantumvismultze
2960 2861 3069 2915 sint
3100 2861 3215 2913 hmc
3274 2858 3585 2912 dilicrcntim.

2010 2967 2116 3007 non
2158 2962 2337 3007 cessat
2375 2954 2426 3005 in
2447 2951 2713 3005 Triuitate
2745 2954 3134 3021 pr0prietatmn
3172 2966 3267 3004 seu
3328 2964 3586 3018 pet-sitna-

344 3015 597 3068 ἀκτίστου
632 3017 857 3086 Τριάδος
890 3020 946 3072 ὲν
980 3019 1057 3090 τῷ
1089 3020 1207 3092 Θεῷ
1239 3025 1331 3076 καὶ
1374 3026 1470 3092 τῆς
1533 3026 1592 3077 ἐν
1641 3024 1911 3095 ἀνθρώπῳ

2016 3058 2135 3097 rum
2164 3042 2510 3097 assimilatio.
2564 3040 2853 3095 Permanet
2898 3057 3027 3094 vero
3069 3041 3226 3107 juxta
3278 3039 3581 3108 processio-

344 3108 569 3175 κτιστῆς
602 3124 617 3133 ·
650 3110 784 3161 ἀλλά
815 3110 870 3164 δὲ
905 3113 1043 3181 μετά
1074 3115 1343 3169 τοσούτων
1370 3116 1477 3169 τῶν
1506 3117 1775 3188 διαφόρων
1819 3117 1905 3170 οὐ-

341 3198 432 3252 δὲν
458 3194 676 3271 ἧττονή
712 3202 849 3257 κατά
878 3205 978 3273 τὴν
1004 3206 1195 3276 τριάδα
1242 3207 1352 3260 τῶν
1385 3209 1688 3279 ἰδιωμάτων
1734 3212 1766 3281 ἢ
1799 3212 1909 3264 τῶν

344 3291 697 3346 ὑποστάσεων
726 3295 981 3364 ὁμοίωσις
1014 3298 1163 3366 μένει
1186 3314 1201 3329 ’
1226 3302 1317 3369 καὶ
1342 3300 1453 3355 ἔστι
1481 3302 1619 3356 κατά
1646 3304 1746 3373 τὴν
1777 3305 1908 3373 πρόο

342 3382 464 3434 οδον
490 3382 668 3435 αὐτῶν
702 3384 793 3437 καὶ
825 3385 923 3456 τὴν
956 3387 1109 3453 τάξιν
1142 3389 1235 3441 καὶ
1264 3389 1355 3443 τὸν
1381 3392 1477 3460 τῆς
1499 3391 1725 3462 προόδου
1756 3392 1910 3461 λόγον

345 3488 407 3526 τε
434 3472 649 3547 καὶτῆς
676 3474 880 3539 τάξεως
898 3476 992 3529 καὶ
1022 3477 1120 3546 τὴν
1152 3479 1209 3532 ὲν
1245 3479 1323 3550 τῷ
1349 3481 1543 3552 πλήθει
1594 3484 1753 3537 πάλιν
1799 3485 1911 3538 ἑνός

348 3584 488 3636 τητα
511 3567 609 3635 τῆς
642 3568 827 3632 οὐσίας
866 3575 960 3624 καὶ
998 3571 1226 3625 καθόλου
1257 3575 1414 3641 φάνει
1466 3575 1562 3645 τὴν
1595 3578 1907 3647 νοερότητα.

352 3659 417 3713 Εἰ
448 3660 502 3712 δὲ
536 3660 671 3729 μετά
702 3660 953 3731 πλείστης
982 3663 1099 3737 ἐκεῖ
1129 3664 1228 3733 μὲν
1257 3665 1354 3733 τῆς
1387 3665 1677 3736 ὑπεροχῆς,
1729 3668 1914 3721 ἐνταῦ-

350 3751 419 3805 θα
442 3751 499 3804 δὲ
530 3753 627 3821 τῆς
664 3753 926 3819 ὑφέσεως,
947 3756 1124 3808 καίτοι
1158 3756 1259 3809 κᾶν
1306 3756 1385 3825 τῷ
1439 3758 1695 3824 κτίσματι
1748 3760 1912 3825 πο)λὴ

350 3861 435 3906 τις
478 3846 668 3913 ὁρᾶται
701 3846 931 3915 διαιρορά
955 3847 1053 3913 τῆς
1075 3847 1278 3909 εἰκόνος
1303 3863 1318 3877 ο
1375 3848 1407 3917 ἠ
1436 3847 1531 3915 μὲν
1554 3851 1659 3917 γὰρ
1689 3851 1797 3909 τοῖς
1826 3849 1915 3901 ἀν-

351 3934 592 4004 θρώποις
619 3936 774 4001 ἐδόθη
806 3938 937 3989 πᾶσι
961 3938 1129 4007 δῶρον
1154 3938 1330 3990 κοινὸν
1363 3938 1605 4007 μείζονος
1634 3941 1916 4003 κοινωνίας

350 4028 495 4099 ἀρχὴ
521 4028 659 4081 κατὰ
688 4028 778 4081 τὸν
813 4028 1073 4098 μέλλοντα
1115 4028 1227 4098 βίον
1265 4032 1376 4092 τοῖς
1418 4029 1670 4083 ἐνταυθοῖ
1736 4031 1914 4095 καλῶς

353 4120 717 4191 κεχρημένοις
752 4136 767 4150 ο
794 4121 893 4189 οὐχ
926 4120 1123 4190 ὁμοίως
1151 4121 1206 4173 δὲ
1240 4122 1435 4184 πάντες
1465 4123 1633 4189 αὐτῆς
1680 4123 1916 4176 ἀπολαύ-

351 4230 526 4277 ουσιν,
557 4212 667 4266 ἀλλ’
692 4215 740 4265 οἰ
772 4212 871 4282 μὲν
906 4212 1173 4281 μορφοῦσι
1220 4216 1317 4282 τὴν
1348 4215 1737 4282 εὐγενεστάτην
1790 4233 1919 4268 ταυ-

354 4322 454 4374 την
484 4306 578 4373 τῆς
603 4306 815 4373 φύσεως
847 4304 1197 4375 παρασκευὴν
1248 4308 1340 4357 καὶ
1374 4307 1551 4374 οἰκείᾳ
1604 4308 1919 4377 προαιρέσει

354 4414 413 4451 τε
448 4400 541 4451 καὶ
570 4398 770 4468 σπουδῇ
804 4399 897 4450 καὶ
925 4397 984 4449 τὸ
1015 4397 1205 4457 κάλλος
1236 4396 1404 4466 αὐτῆς
1432 4397 1679 4460 ἐξάπτειν
1714 4399 1924 4453 ποιοῦσι

2019 3146 2139 3185 nem
2173 3146 2361 3185 earum
2391 3140 2443 3185 et
2468 3132 2737 3195 ordinem,
2770 3130 3254 3200 processionisque
3286 3138 3338 3183 et
3368 3128 3585 3182 ordinis

2013 3224 2230 3277 modum
2267 3232 2428 3291 atque
2450 3223 2609 3276 etiam
2648 3223 2801 3289 juxta
2840 3224 3166 3276 subStantize
3243 3221 3501 3274 unitatem
3533 3222 3586 3273 in

2012 3314 2340 3385 pluralitate,
2373 3330 2435 3370 ac
2466 3330 2573 3368 uno
2607 3314 2827 3369 tandem
2862 3314 3025 3370 verbo
3060 3314 3585 3383 intelligibilitatem.

2013 3404 2168 3470 Quod
2198 3408 2242 3458 si
2286 3421 2408 3459 cum
2474 3406 2646 3459 multa
2686 3405 2795 3459 illic
2850 3405 3229 3473 praecellentia,
3265 3404 3355 3457 hic
3411 3411 3588 3456 autem

2014 3494 2410 3563 imperfectius,
2452 3496 2624 3549 multa
2656 3495 2854 3549 iterum
2891 3496 2941 3569 in
2973 3504 3227 3551 creatura
3284 3493 3588 3547 dill‘erentia

2015 3584 2260 3636 cernitur
2291 3583 2357 3635 ab
2384 3583 2640 3652 imagine,
2664 3598 2787 3651 quae
2821 3582 3037 3651 quidem
3071 3583 3322 3636 omnibus
3351 3581 3475 3635 data
3508 3589 3591 3634 est

2014 3675 2327 3729 hominibus
2345 3684 2703 3729 utcommune
2734 3677 2936 3729 donum
2972 3676 3195 3742 majoris
3227 3674 3589 3729 communica-

2020 3765 2182 3820 tionis
2207 3766 2550 3832 principium,
2572 3781 2763 3835 nempe
2786 3767 2839 3819 in
2870 3766 3048 3819 futura
3080 3766 3186 3819 vita
3221 3767 3306 3820 his
3331 3768 3420 3835 qui
3457 3781 3595 3835 prte-

2018 3863 2156 3907 sentt
2179 3862 2321 3906 recte
2348 3853 2427 3904 usi
2455 3852 2652 3905 fuerint
2677 3867 2691 3905 :
2714 3869 2821 3906 non
2849 3862 3029 3906 autem
3059 3868 3249 3906 omnes
3276 3854 3478 3921 pariter
3501 3853 3589 3906 illa

2019 3942 2317 4008 fruuntur;
2350 3944 2443 3997 sed
2486 3944 2576 3996 alii
2628 3945 3108 4010 generosissimum
3171 3944 3323 3996 illtnn
3387 3955 3595 3997 natura:

2021 4046 2335 4105 apparatum
2397 4035 2670 4089 voluntate
2700 4045 2751 4087 et
2788 4037 3148 4089 contentione
3184 4038 3405 4103 propria
3434 4036 3595 4089 clior-

2023 4136 2192 4189 mant,
2244 4124 2472 4192 ejusque
2527 4123 2838 4176 accendunt
2898 4123 3361 4191 pulchritudinem
3419 4130 3472 4175 et
3526 4122 3590 4174 ad

2022 4218 2189 4271 caelos
2219 4231 2391 4285 usque
2442 4216 2746 4280 extollunt;
2781 4216 2869 4267 alii
2908 4224 3094 4269 centra
3163 4216 3309 4268 velut
3371 4214 3518 4268 iners
3543 4221 3597 4265 et.

2026 4312 2258 4366 informe
2291 4311 2567 4380 quidpiam
2604 4311 2752 4363 illum
2793 4310 3012 4365 inscitia
3048 4320 3140 4363 aut
3188 4310 3390 4363 malitia
3435 4311 3595 4363 obru-

2032 4413 2145 4457 tum
2182 4403 2407 4457 missum
2454 4403 2675 4457 faciunt.

352 4496 450 4547 καὶ
488 4497 677 4566 μέχρις
704 4494 945 4564 οὐρανῶν
974 4493 1201 4559 ἀνιέναι,
1228 4496 1335 4556 τοῖς
1365 4494 1418 4546 δὲ
1450 4493 1617 4566 ἀργόν
1650 4512 1701 4545 τι
1730 4498 1915 4565 χρῆμα
1956 4498 2048 4550 καὶ
2121 4499 2368 4568 ἄμορφον
2438 4497 2823 4550 καταλείπεται
2890 4497 3099 4568 ἀμαθίᾳ
3160 4494 3600 4564 συγκαλυπτόμε-

349 4608 439 4643 νον
474 4592 505 4661 ἢ
535 4592 785 4663 πονηρίᾳ.

426 4685 537 4736 Καὶ
592 4687 764 4738 ταῦτα
798 4685 897 4752 μὲν
953 4684 1130 4739 πάντα
1180 4683 1309 4755 περὶ
1340 4684 1438 4754 τῆς
1488 4684 1637 4749 θείας
1695 4686 1922 4752 Τριάδος
1956 4691 1999 4746 D

353 4780 492 4844 πρὸς
516 4777 641 4838 τοὺς
666 4776 769 4839 ἔξω
796 4776 887 4828 καὶ
920 4776 1137 4845 εἴρηται
1170 4776 1263 4827 καὶ
1310 4776 1562 4842 λέγεσθαι
1614 4779 1713 4841 δεῖ,
1742 4778 1813 4839 ὼς
1859 4777 1923 4829 ἐκ

354 4884 499 4930 τινος
531 4866 707 4935 ἀρχῆς
738 4868 871 4935 ἡμῖν
901 4884 960 4919 τε
1014 4869 1107 4919 καὶ
1164 4867 1389 4930 ἐκείνοις
1455 4870 1637 4937 κοινῆς
1677 4872 1773 4939 τῆς
1828 4868 1922 4921 τοῦ

352 4959 597 5020 Μωσέως
629 4958 974 5021 διδασκαλίας
1003 4976 1017 4991 ο
1057 4959 1188 5027 ἡμῖν
1232 4960 1288 5011 δὲ
1340 4960 1494 5026 λόγου
1558 4960 1754 5023 παντὸς
1804 4962 1924 5013 ἐπέ-

352 5065 511 5101 κεινα
535 5046 633 5118 τὴν
662 5050 789 5116 περί
823 5048 1026 5101 τούτων
1054 5050 1233 5101 πίστιν
1271 5049 1432 5113 αὐτὸς
1459 5051 1486 5102 6
1516 5050 1656 5112 θεῖος
1700 5051 1924 5121 ἐνέθηκε

353 5140 546 5206 Λόγος.
579 5137 782 5191 Τούτου
805 5139 963 5207 χάριν
987 5139 1084 5206 τὴν
1112 5140 1382 5209 ἡμετέραν
1413 5140 1627 5208 ἀληθῶς
1679 5140 1775 5209 μὲν
1806 5142 1926 5193 020-

353 5226 578 5299 πρεπῶ;
612 5228 668 5280 δὲ
696 5227 844 5297 ὅμως
872 5228 1306 5296 προσλαϐόμενος
1342 5229 1523 5296 φύσιν,
1545 5230 1637 5283 καί
1672 5230 1848 5293 δόξαις
1873 5248 1927 5284 τε

350 5323 473 5382 ταῖς
502 5320 725 5390 ἀληθέσι
750 5322 879 5387 περὶ
907 5319 1002 5372 τοῦ
1029 5321 1187 5388 μόνου
1216 5321 1349 5374 Θεοῦ
1384 5326 1478 5377 καὶ
1504 5325 1661 5391 μόνου
1694 5323 1804 5373 τῶν
1843 5323 1929 5374 δν-

352 5428 461 5462 των
496 5410 711 5463 πάντων
739 5410 912 5462 αἰτίου
963 5411 1053 5461 καὶ
1103 5410 1286 5477 νόμοις
1313 5413 1439 5480 περὶ
1474 5410 1568 5463 τοῦ
1603 5411 1752 5481 βιοῦν
1783 5413 1927 5482 ἔχειν

352 5502 531 5571 ὀρθῶς
560 5502 863 5570 ἐκόσμησεν
895 5502 1043 5569 ἡμᾶς
1072 5504 1134 5553 ἐκ
1174 5504 1271 5571 τῆς
1321 5504 1450 5571 πρὶν
1482 5505 1771 5570 ἀκοσμίας.
1803 5505 1866 5571 ἧν
1898 5503 1925 5552 6

354 5595 447 5646 τοῦ
467 5592 695 5660 ψεύδους
716 5592 896 5662 πατὴρ
914 5594 1045 5660 ἡμῖν
1067 5590 1440 5662 ὲπεςώρευσεν
1461 5594 1563 5646 οὑκ
1593 5594 1657 5646 ἂν
1679 5594 1930 5662 δυνηθεὶς

358 5694 410 5758 in
440 5683 515 5736 ὧν
540 5684 597 5735 τὸ
630 5682 744 5735 δέον
794 5684 939 5737 ἅπαν
968 5683 1295 5753 τηρούντων.
1328 5685 1461 5751 Δόξα
1493 5686 1667 5739 τοίνυν
1713 5686 1786 5754 τῷ
1828 5687 1931 5739 A6-

2116 4686 2238 4741 llazc
2270 4686 2454 4740 omnia
2485 4685 2550 4739 de
2582 4684 2768 4739 divina
2803 4681 3073 4737 'l‘rinitate
3103 4682 3168 4736 ad
3209 4696 3302 4735 eos
3342 4680 3433 4749 qui
3472 4679 3601 4735 foris

2038 4787 2167 4833 sunt
2214 4778 2421 4831 dictum
2470 4776 2870 4845 dicendumque
2914 4784 3018 4841 est,
3065 4788 3129 4827 ex
3169 4772 3407 4843 quodam
3443 4774 3597 4842 quasi

2031 4868 2303 4938 principio
2346 4868 2505 4921 nobis
2547 4875 2602 4920 et
2643 4866 2777 4935 ipsis
2808 4866 3119 4930 communi,
3178 4864 3347 4919 Mosis
3404 4877 3599 4931 nempe

2033 4959 2303 5013 doctrina.
2340 4957 2513 5013 Nobis
2569 4967 2749 5011 autem
2791 4968 2985 5026 praeter
3034 4971 3195 5010 omne
3247 4954 3594 5008 ratiocinium

2032 5050 2167 5104 ﬁdes
2198 5050 2267 5103 ab
2301 5050 2417 5119 ipso
2441 5049 2627 5103 divino
2660 5048 2834 5103 Verbo
2871 5049 2937 5102 de
2971 5048 3053 5101 his
3081 5047 3287 5100 inserta
3319 5051 3419 5098 est.
3455 5042 3595 5107 Qua-

2036 5147 2257 5209 propter
2286 5148 2537 5192 naturam
2574 5148 2812 5192 nostram
2848 5152 2973 5191 vere
2997 5181 3010 5200 ,
3047 5136 3157 5189 Deo
3195 5144 3372 5187 tamen
3408 5133 3595 5187 condi-

2034 5246 2134 5300 gne
2178 5231 2483 5299 suscipiens
2511 5241 2561 5283 et
2587 5230 2729 5284 veris
2768 5231 3060 5284 sententiis
3089 5230 3153 5281 de
3189 5242 3293 5280 uno
3330 5226 3436 5280 Deo
3475 5227 3593 5279 solo

2034 5333 2350 5375 cunctorum
2374 5322 2579 5375 entium
2618 5331 2841 5375 auctore
2872 5330 2926 5373 et
2954 5320 3156 5386 legibus
3181 5318 3246 5370 ad
3281 5317 3595 5385 dirigendos

2034 5427 2210 5467 mores
2243 5427 2342 5465 nos
2376 5413 2697 5477 exornavit,
2737 5410 2905 5479 priori
2941 5419 3120 5461 amoto
3153 5407 3421 5462 dedecore
3450 5407 3592 5477 quod

2035 5504 2085 5555 in
2136 5517 2234 5557 nos
2281 5502 2547 5557 mendacii
2595 5514 2751 5572 pater
2782 5509 3154 5570 congesserat,
3190 5516 3295 5554 non
3348 5501 3420 5554 ita
3449 5510 3596 5555 certe

2036 5596 2266 5647 lzesurus
2302 5594 2347 5648 si
2375 5610 2472 5649 nos
2507 5594 2749 5662 approbe
2777 5602 3122 5645 stetissemns
3159 5591 3385 5662 legibus.
3414 5592 3593 5649 GIOri-t

2040 5688 2205 5756 igitur
2238 5684 2410 5742 Verbo
2440 5686 2528 5741 Dei
2560 5696 2609 5741 et
2649 5685 2785 5739 Filio
2821 5685 2913 5750 qui
2947 5693 3094 5738 tanta
3126 5686 3280 5740 nobis
3313 5685 3446 5739 bona
3487 5684 3564 5737 lar
