3904 6134
229 255 336 319 595

1315 262 1357 319 G
1375 261 1694 320 ENNADII
1735 262 1843 321 CP.
1887 262 2404 327 ΡΑΤΒΙᾹΗΟΗίΕ

3366 276 3468 338 596

227 368 373 435 gitus
409 373 490 420 est
520 366 662 419 haud
692 366 873 434 qualia
926 376 1131 421 tantum
1188 370 1440 425 omnibus
1476 373 1700 426 eutibus
1746 376 1797 421 et

1920 391 1984 445 ra)
2014 376 2106 429 τού
2132 376 2265 430 Θεοῦ
2292 378 2385 431 καὶ
2439 377 2553 447 Υίῷ
2587 377 2858 433 τοσούτων
2892 380 3071 434 καλῶν
3120 382 3253 452 ἡμῖν
3300 383 3474 451 {map-

228 455 486 522 operibus
522 456 658 516 suis,
688 456 779 508 sed
810 457 971 508 etiam
1012 460 1224 511 cunctis
1272 464 1584 527 prastantia
1615 478 1792 531 eaque

228 556 512 611 perpetuo,
542 562 714 614 neque
747 547 921 599 solum
952 551 1208 605 omnibus
1235 569 1356 614 una,
1396 556 1489 607 sed
1524 566 1578 608 et
1606 556 1793 623 singu-

232 636 403 689 latim.
445 636 564 703 lpse
597 638 737 690 enim
774 640 841 691 ab
879 650 1082 695 aeterno
1115 658 1213 695 nos
1271 658 1326 696 et
1374 648 1633 700 mundum
1673 649 1796 701 titti-

231 744 445 781 versum
479 746 641 797 penes
664 746 723 785 se
750 731 941 785 babuit
976 734 1407 801 intelligibiliter,
1428 738 1491 790 ad
1523 748 1671 791 extra
1705 756 1801 791 au-

233 827 337 869 tem
367 822 736 888 tetnpnraliter
767 823 1044 891 produxit,
1067 825 1226 877 simul
1253 838 1307 879 et
1344 836 1560 897 tempus
1597 828 1800 884 faciens

232 926 369 979 Opus
397 921 633 979 paterna:
657 924 708 967 et
742 915 1001 984 sapientis
1037 918 1313 972 bonitatis.
1340 921 1455 987 Ipse
1495 921 1801 975 admirabili

236 1004 647 1071 dispensatione
699 1022 799 1060 nos
830 1009 1188 1075 spiritualiter
1223 1012 1546 1065 instauravit
1590 1023 1642 1066 et
1692 1029 1801 1067 una

236 1098 514 1151 curatione
561 1114 588 1150 a
636 1099 896 1153 diuturno
921 1112 971 1155 et
1023 1104 1310 1171 multiplici
1359 1106 1549 1159 mube
1594 1108 1804 1159 sanavit

238 1190 310 1242 ob
339 1192 584 1245 eamdem
616 1192 938 1256 bonitatem,
968 1204 1225 1263 tanquam
1260 1198 1508 1265 egregius
1560 1200 1805 1254 medicus

242 1299 456 1347 unaque
484 1294 635 1352 pater
657 1294 711 1338 et
741 1286 1023 1340 Dominus.
1051 1288 1169 1356 lpse
1208 1291 1450 1345 mut-ibus
1482 1307 1544 1344 ae
1573 1291 1675 1346 [ide
1706 1307 1805 1345 nos

242 1374 495 1437 instituit,
534 1376 695 1430 ﬁdem
729 1378 933 1431 scilicet
964 1380 1199 1435 edocens
1246 1392 1299 1435 et
1332 1383 1569 1438 caalestis
1609 1396 1809 1455 myste-

239 1465 379 1519 rium
400 1466 682 1522 Trinitatis
717 1468 945 1539 pulchre
974 1470 1132 1523 nobis
1168 1487 1446 1534 reserans,
1482 1488 1592 1541 quo
1631 1468 1804 1528 solum

242 1558 423 1626 agnito
459 1573 599 1611 unus
635 1559 774 1612 Deus
801 1561 905 1614 rite
939 1577 1002 1613 ac
1034 1563 1271 1629 legitime
1308 1564 1415 1617 coli
1451 1572 1662 1631 potest;
1696 1582 1808 1619 mo-

247 1664 366 1700 rum
415 1658 595 1703 autem
636 1650 763 1711 'dux
800 1652 1026 1707 cﬁ‘ectus
1080 1669 1186 1707 non
1236 1656 1516 1724 prmeeptis
1566 1666 1803 1711 tantum-

249 1740 427 1805 modo,
456 1742 548 1793 sed
580 1740 694 1795 suis
726 1743 890 1797 etiam
923 1746 1208 1814 exemplis.
1234 1745 1313 1800 Ad
1352 1759 1601 1801 neutrum
1630 1759 1805 1803 tamen

246 1831 559 1900 bujusmodi
599 1834 863 1888 bonorutn
918 1852 1018 1889 nos
1070 1838 1249 1905 adegit
1288 1840 1611 1906 (cavendum
1665 1840 1807 1893 enim

247 1936 314 1975 ne
347 1924 616 1991 perderet,
651 1939 775 1979 cum
814 1926 1025 1981 salvare
1052 1928 1277 1995 vellet);
1329 1930 1421 1984 sed
1459 1930 1813 2000 impedimen-

246 2021 358 2065 tum
390 2026 609 2068 αξιοι-ηαξ
633 2018 755 2069 vita:
782 2016 1060 2086 insperato
1092 2019 1273 2085 solvit,
1299 2020 1471 2075 labem
1504 2022 1713 2076 scilicet
1745 2038 1810 2077 ex

242 2104 610 2171 generationis
636 2106 846 2160 semine
873 2118 1223 2178 propagatam
1250 2125 1266 2174 ;
1303 2111 1657 2177 quamobrem
1688 2125 1809 2167 sese

256 2196 528 2264 spoliavit,
559 2206 631 2259 et,
663 2212 890 2267 corpore
916 2208 1196 2267 suscepto,
1232 2214 1444 2268 ptenam
1473 2203 1629 2256 nobis
1660 2202 1813 2258 debi-

257 2299 363 2343 tam
394 2288 448 2341 in
485 2304 650 2343 carne
688 2305 787 2344 sua
820 2291 919 2343 luit
947 2306 1066 2359 qua:
1103 2294 1235 2348 nibil
1277 2304 1626 2363 peccaverat;
1664 2296 1815 2349 ﬁlio-

249 2394 369 2434 rum
404 2388 583 2433 autem
611 2381 835 2435 arbitrio
869 2383 1141 2453 ﬁdemque
1175 2396 1229 2439 et
1254 2388 1392 2441 bona
1418 2404 1579 2456 opera
1614 2403 1815 2457 propo-

250 2474 383 2537 suit,
420 2489 563 2543 quos
591 2475 784 2537 etiam,
811 2485 1032 2544 propter
1055 2477 1422 2531 omnimodam
1448 2476 1814 2531 diﬁicultatem

252 2566 473 2635 utrique
505 2575 898 2635 repugnantem
925 2606 941 2631 ,
988 2568 1105 2623 suis
1146 2583 1253 2622 non
1284 2569 1529 2622 destituit
1575 2569 1817 2623 auxiliis.

254 2659 369 2729 Ipse
406 2658 564 2712 nobis
608 2659 775 2714 Deum
809 2670 866 2714 et
896 2658 1110 2713 Patrem
1144 2660 1510 2714 manifestavit
1533 2661 1601 2715 ab
1626 2662 1718 2714 illo
1745 2664 1822 2715 vi-

253 2752 439 2807 cissim
467 2751 722 2806 omnibus
758 2750 934 2805 modis
964 2750 1364 2805 manifestatus.
1392 2750 1513 2821 Ipse
1556 2761 1610 2806 ct
1644 2750 1820 2821 Spiri-

259 2854 373 2898 tum
401 2853 650 2900 sanclum
685 2844 843 2898 nobis
881 2842 1139 2897 revelavit
1191 2842 1254 2897 ad
1310 2842 1571 2912 majorem
1629 2857 1823 2911 nempe

262 2939 345 2991 sui
376 2938 788 3003 revelationem,
814 2938 940 2992 licet
972 2946 1130 2991 antea
1161 2952 1258 3006 pro
1288 2947 1593 3004 temporum
1626 2952 1821 3006 oppor-

1905 467 2055 530 ξαντι
2100 471 2211 531 τοῖς
2273 469 2601 541 ἀνθρώποις,
2647 473 2707 523 οὐ
2745 471 2881 540 μετὰ
2931 472 3151 525 πάντων
3185 474 3343 543 μόνον
3369 477 3477 528 τῶν

1900 562 2067 619 ὄντων
2099 578 2156 613 τε
2191 564 2286 615 καὶ
2317 562 2492 632 ἔργων
2536 563 2723 629 αὐτοῦ,
2777 565 2911 617 ἀλλὰ
2970 565 3062 617 καὶ
3113 566 3251 638 ὑπὲρ
3302 568 3478 622 πάντα

1900 651 1995 703 καὶ
2028 652 2157 721 πρὸς
2218 653 2393 723 τούτῳ
2422 653 2709 719 διηνεκῶς,
2745 655 2864 706 οὐδὲ
2891 656 3025 707 πᾶσι
3086 656 3244 722 μόνον
3282 658 3475 721 κοινῶς

1901 747 2033 798 ἀλλὰ
2063 748 2156 799 καὶ
2180 748 2343 817 χωρὶς
2378 748 2612 817 ἑκάστῳ.
2646 748 2817 811 Αὐτὸς
2853 749 2960 817 γὰρ
2983 749 3075 800 καὶ
3111 748 3297 812 ἀῖδίως
3329 751 3475 818 ἡμᾶς

1901 838 1993 891 τόν
2014 855 2073 890 τε
2107 837 2397 905 σύμπαντα
2425 839 2627 905 κόσμον
2670 835 2781 908 εἶχε
2844 839 2980 908 παρ’
3025 840 3203 909 ἐαυτῷ
3269 842 3476 911 νοητῶς

1903 930 1994 981 καὶ
2029 929 2295 996 χρονικῶς
2326 929 2429 993 ἔξω
2458 931 2805 999 παρήγαγεν,
2849 930 2966 996 ἅμα
2998 931 3092 982 καὶ
3138 930 3227 983 τὸν
3284 931 3475 1000 χρόνον

1905 1019 2135 1088 ποιήσοις
2172 1019 2333 1087 ἔργον
2368 1020 2467 1087 τῆς
2504 1021 2777 1088 πατρικῆς
2802 1020 2893 1072 καὶ
2924 1020 3091 1072 αὐτοῦ
3131 1020 3298 1089 σοφῆς
3340 1022 3477 1085 ἁγα-

1907 1108 2128 1178 θότητος
2158 1125 2170 1139 ·
2212 1110 2371 1172 αὐτὸς
2405 1110 2497 1161 καὶ
2529 1111 2795 1163 ἀνέπλασε
2846 1111 3232 1178 πνευματικῶς
3268 1111 3475 1163 οίκονο-

1909 1198 2035 1267 μίας
2065 1199 2249 1269 τρόπῳ
2278 1198 2531 1262 ξενίζοντι
2562 1202 2655 1251 καὶ
2692 1199 2893 1267 μεθόδῳ
2933 1200 3029 1268 μιᾷ
3067 1199 3165 1268 τὴν
3218 1196 3478 1266 πολυχρόο

1907 1308 2017 1343 νιον
2041 1292 2195 1360 ἡμῶν
2232 1292 2324 1344 καλ⁸
2352 1290 2603 1360 ποικίλην
2631 1290 2928 1360 ὲξηκέσατο
2967 1291 3119 1343 νόσον
3152 1292 3215 1342 ὲκ
3248 1290 3344 1358 τῆς
3379 1289 3479 1342 αὐ-

1908 1382 2007 1449 τῆς
2028 1382 2365 1450 άγαθότητος
2394 1382 2470 1443 ὡς
2520 1381 2740 1448 ἄριστος
2771 1382 2954 1450 ἰατρὸς
3002 1378 3139 1449 ὁμοῦ
3172 1379 3267 1433 καὶ
3299 1383 3481 1448 πατὴρ

1908 1472 2005 1523 καὶ
2044 1471 2332 1539 δεσπότης.
2358 1470 2524 1529 Αὐτὸς
2556 1472 2705 1539 ἡμᾶς
2736 1470 3020 1538 ἐμόρφωσε
3076 1469 3171 1519 καὶ
3227 1466 3326 1534 βίῳ
3390 1467 3482 1519 καὶ

1912 1562 2116 1625 πίστει,
2154 1562 2253 1627 τὴν
2288 1560 2383 1628 μὶν
2411 1560 2625 1624 διδάξας
2678 1558 2771 1611 καὶ
2796 1556 2858 1609 et
2880 1559 2980 1625 τῆς
3013 1554 3261 1627 οὐρανίου
3311 1556 3480 1624 Τριά-

1912 1653 1999 1715 δος
2037 1653 2218 1715 καλῶς
2262 1654 2395 1721 ἡμῖν
2427 1650 2739 1716 ἀναπτύξας
2769 1652 3085 1721 μυστήριον,
3142 1641 3185 1715 ᾧ
3218 1647 3363 1717 μόνῳ
3391 1646 3484 1699 τὸν

1913 1744 2008 1796 ἕνα
2037 1745 2217 1797 σέϐειν
2255 1744 2388 1797 Θεὸν
2411 1744 2589 1803 καλῶς
2618 1743 2791 1797 ἔνεστι
2824 1745 2917 1795 καὶ
2944 1743 3203 1811 γνησίως,
3261 1739 3354 1792 τοῦ
3425 1738 3481 1791 δὲ

1914 1836 2232 1905 καθηγητὴς
2267 1838 2398 1905 ἡμῖν
2422 1838 2659 1905 γεγονὼς
2697 1839 2756 1890 οὐ
2784 1836 3078 1907 διδάγμασι
3121 1836 3323 1898 μόνοις,
3349 1831 3484 1883 ἀλλὰ

1914 1929 2009 1979 καὶ
2049 1927 2126 1995 τῷ
2155 1927 2279 1981 καθ’
2307 1927 2466 1981 αὑτὸν
2483 1928 2842 1995 ὑποδείγματι
2863 1942 2877 1955 ·
2908 1926 2967 1978 οὐ
3001 1924 3324 1992 βιασάμενος
3348 1921 3483 1990 πρὶς

1917 2018 2197 2087 οὐδέτερον
2266 2021 2380 2070 τοῖν
2438 2020 2583 2073 δυοῖν
2642 2020 2849 2071 τούτοιν
2901 2017 3085 2089 καλοῖν
3116 2017 3196 2086 (οὐ
3241 2014 3347 2081 γὰρ
3378 2012 3484 2064 ἔδει

1917 2111 2157 2179 φθείρειν
2188 2111 2305 2163 ἀντὶ
2340 2110 2434 2163 τοῦ
2461 2110 2696 2175 σώζειν),
2739 2108 2873 2161 ἀλλὰ
2907 2108 2968 2161 τὸ
3006 2108 3102 2176 μὲν
3131 2105 3357 2172 κώλυμα
3390 2103 3486 2170 τῆς

1916 2201 2134 2255 αἰωνίου
2168 2199 2334 2262 λύσας
2369 2200 2702 2262 ἀνελπίστως
2734 2198 2879 2268 ζωῆς
2932 2199 3029 2269 τὴν
3057 2200 3117 2250 ὲκ
3171 2197 3275 2249 τῶν
3309 2209 3484 2260 σπερ-

1922 2293 2106 2361 μάτων
2130 2292 2225 2344 τοῦ
2254 2293 2446 2360 γένους
2477 2292 2855 2346 διαϐαίνουσαν
2882 2290 3080 2359 λύμην,
3110 2284 3189 2351 οἷς
3222 2288 3486 2340 ἐκένωσεν

1919 2386 2108 2438 ἑαυτὸν
2170 2389 2261 2438 xui.
2293 2385 2385 2448 οὓς
2412 2386 2617 2453 ὑπέστη
2643 2384 2737 2438 καὶ
2788 2383 2887 2451 τὴν
2944 2380 3297 2450 ὀφειλομένην
3350 2379 3484 2447 ἡμῖν

1919 2477 2076 2546 δίκην
2104 2476 2343 2541 ἐξέτισεν
2392 2479 2448 2530 ὲν
2479 2478 2640 2545 σαρκὶ
2695 2474 2860 2546 μηδὲν
2907 2473 3249 2543 ἁμαρτούσῃ,
3304 2473 3367 2539 τῇ
3424 2468 3481 2520 δὲ

1920 2569 2237 2638 προαιρέσει
2262 2569 2372 2622 τῶν
2393 2570 2596 2623 τέκνων
2634 2570 2695 2622 τό
2724 2586 2781 2620 τε
2810 2565 3086 2620 πιστεύειν
3118 2566 3179 2617 τό
3213 2578 3270 2614 τε
3333 2558 3485 2630 βιοῦν

1920 2659 2097 2731 ὀρθῶς
2126 2660 2446 2729 ἐπιτρέψας,
2478 2663 2577 2713 οὐκ
2607 2660 2735 2712 ἄνευ
2765 2659 2948 2729 μέντοι
2978 2656 3079 2722 τῆς
3126 2653 3259 2722 παρ’
3319 2648 3485 2705 αὐτοῦ

1923 2751 2238 2820 συμμαχίας
2262 2751 2348 2803 διὰ
2379 2752 2478 2821 τὴν
2506 2750 2751 2820 ἑκατέρῳ
2781 2748 2993 2810 πολλοῖς
3043 2747 3262 2816 τρόποις
3319 2746 3489 2796 ἀπαν-

1922 2842 2103 2895 τῶσαν
2131 2841 2476 2911 δυσχέρειαν,
2502 2842 2664 2905 αὐτὸς
2701 2836 2832 2913 ήμῖν
2854 2840 3167 2910 ὲιρανέρωσε
3210 2836 3301 2889 τὸν
3355 2834 3486 2886 Θεὸν

1924 2936 2017 2986 καὶ
2046 2935 2265 3003 Πατέρα
2286 2935 2419 2988 πᾶσι
2453 2934 2674 3003 τρόποις
2725 2934 2814 2986 ὑπ’
2870 2932 3076 2986 ἐκείνου
3129 2925 3487 2999 φανερωθείς.

264 3032 492 3085 tunitate
530 3030 597 3085 ab
630 3030 720 3085 illo
757 3030 1067 3096 revelatus;
1123 3028 1267 3085 bunc
1295 3029 1525 3099 denique
1582 3030 1815 3099 sigillum

1929 3027 2097 3090 Αὐτὸς
2135 3027 2267 3096 ἡμῖν
2308 3028 2400 3079 καὶ
2428 3027 2487 3079 τὸ
2517 3027 2741 3095 Πνεῦμα
2768 3026 2827 3079 τὸ
2859 3027 3011 3093 ἅγιον
3038 3023 3379 3093 ἐφανέρωσεν
3409 3020 3489 3083 εἰς

265 3139 489 3179 suorum
527 3124 579 3177 in
608 3138 707 3178 nos
742 3123 1153 3177 beneﬁciorum.
1187 3123 1309 3190 lpse
1352 3122 1693 3191 singulorum
1738 3121 1825 3175 vi-

258 3229 365 3271 tam
398 3217 631 3271 ﬁliorum
668 3216 759 3295 qui
798 3215 900 3269 ﬁde
929 3226 983 3269 et
1022 3213 1252 3268 arbitrio
1278 3223 1406 3269 sunt
1436 3214 1707 3269 eﬁ’ortuati
1736 3214 1823 3268 di-

260 3308 409 3377 rigit.
432 3305 645 3373 Optima
673 3321 908 3369 namque
931 3321 995 3358 ex
1016 3306 1197 3360 animo
1220 3319 1447 3372 prorsus
1472 3306 1644 3359 libero
1665 3320 1825 3373 opor-

260 3406 339 3451 tet
364 3397 511 3466 eligi,
542 3394 836 3465 statimque
866 3396 1036 3464 gratia
1070 3396 1139 3448 ita
1172 3394 1604 3464 proponentibus
1633 3410 1826 3448 occur-

264 3489 353 3541 rit.
388 3487 590 3557 Ecquid
625 3488 1055 3541 enumeraudum
1089 3496 1166 3541 tot
1192 3487 1492 3541 manifestae
1521 3486 1828 3540 beneﬁcen-

267 3582 353 3634 tia:
399 3580 540 3635 dona
587 3594 706 3649 quae
752 3594 850 3647 pro
899 3593 1127 3633 numero
1176 3587 1229 3633 et
1269 3579 1647 3647 magnitudine
1699 3588 1829 3634 sunt

261 3671 411 3725 omni
448 3686 699 3726 sermone
734 3671 959 3739 majora,
995 3670 1275 3739 soliusque
1303 3672 1591 3724 obcaecatte
1626 3670 1824 3725 anima:

261 3764 433 3818 oculis
463 3764 633 3817 invisa
668 3774 885 3817 manent
912 3772 963 3815 et
993 3762 1213 3841 ignota?
1241 3763 1508 3829 Quoniam
1543 3778 1693 3828 vero,
1723 3768 1837 3819 etsi-

265 3853 402 3908 forte
422 3853 678 3921 proprius
701 3855 765 3905 ad
795 3851 1037 3905 divinum
1073 3849 1329 3913 Verbum,
1360 3862 1610 3905 nostrum
1634 3867 1829 3922 nempe

263 3943 445 3999 Jesum
481 3945 581 4000 boc
608 3944 940 4001 referuntur.
975 3960 1079 3999 una
1115 3953 1291 4000 tamen
1331 3945 1490 3999 fuerit
1527 3961 1555 3998 a
1590 3944 1749 4000 Patre
1775 3954 1833 4001 et

264 4034 400 4090 Filio
435 4036 487 4090 in
521 4035 725 4106 Spiritu
757 4036 954 4092 divinae
987 4036 1415 4104 dispensationis
1443 4036 1827 4102 benelicentia,

263 4145 328 4183 ex
363 4144 577 4199 unaque
621 4131 893 4183 communi
930 4129 1284 4199 benignitate,
1317 4144 1381 4183 ac
1416 4129 1643 4198 proinde
1674 4131 1831 4185 nobis

264 4236 478 4290 semper
508 4223 733 4276 indivise
770 4225 1071 4287 omnigeuaa
1096 4222 1369 4276 felicitatis
1402 4232 1451 4275 et
1480 4222 1669 4275 salutis
1701 4237 1831 4291 pro-

267 4314 459 4368 dierint
490 4314 752 4377 remedia,
782 4314 927 4368 idem
955 4323 1036 4368 est
1062 4314 1307 4368 divinum
1340 4314 1565 4368 laudare
1589 4312 1827 4368 Verbum

268 4414 331 4454 ac
365 4410 529 4454 totam
557 4403 938 4457 concelebrare
967 4402 1314 4465 Trinitatem,
1342 4418 1436 4457 seu
1462 4403 1639 4472 potius
1664 4419 1831 4457 unum

266 4489 322 4545 in
357 4506 715 4557 personarum
748 4491 1018 4550 Trinitate
1057 4496 1246 4552 Deum.
1285 4495 1392 4566 Ipsi
1444 4497 1615 4566 gloria
1652 4496 1703 4550 iu
1733 4511 1833 4551 sae-

267 4583 412 4635 Cttla.
449 4584 642 4638 Amen.

1930 3117 2099 3187 μείζω
2134 3118 2235 3187 μὲν
2270 3119 2580 3187 φανέρωσιν
2622 3116 2839 3183 ἑαυτοῦ,
2888 3117 3068 3170 καίτοι
3116 3113 3351 3183 πρόσθεν
3401 3113 3492 3164 ὑπ’

1923 3212 2134 3264 ἐκείνου
2167 3211 2500 3279 φανερωθεὶς
2539 3210 2615 3280 τῷ
2644 3209 2821 3281 καιρῷ
2868 3208 3270 3279 προσηκόντως,
3326 3222 3494 3274 σφρα-

1923 3304 2049 3372 γῖδα
2078 3304 2133 3356 δὲ
2161 3304 2266 3357 τῶν
2313 3306 2391 3365 εἰς
2426 3304 2574 3375 ἡμᾶς
2635 3302 2981 3372 εὐεργεσιῶν.
3038 3300 3208 3361 Αὐτὸς
3255 3298 3345 3350 καὶ
3405 3298 3495 3350 τὸν

1926 3396 2158 3449 ἑκάστου
2184 3393 2293 3447 τῶν
2316 3394 2521 3447 τέκνων
2553 3395 2666 3464 βίον
2698 3395 2871 3447 ἰθύνει
2901 3392 3011 3445 τῶν
3056 3392 3234 3445 πίστει
3285 3406 3344 3441 τε
3400 3389 3494 3440 καὶ

1927 3488 2243 3557 προαιρέσει
2285 3488 2756 3557 μεμορφωμένων,
2781 3487 2861 3539 δεῖ
2908 3485 3016 3557 γὰρ
3054 3483 3378 3553 προελέσθαι
3427 3480 3495 3532 τὰ

1927 3580 2162 3650 κρείττω
2185 3580 2375 3651 γνώμη
2408 3580 2502 3653 ὅλῃ
2534 3582 2672 3651 ῥοπῇ
2706 3596 2719 3611 ·
2746 3581 2779 3650 ἡ
2806 3579 2861 3632 δὲ
2881 3581 3041 3649 χάρις
3067 3578 3225 3637 εὐθὺς
3255 3575 3492 3645 συναντᾷ

1926 3672 2040 3733 τοῖς
2079 3670 2219 3723 οὕτω
2284 3670 2729 3741 προῃρημένοις⁸
2786 3669 2840 3722 τί
2883 3670 2963 3722 δεῖ
3016 3669 3375 3738 καταριθμεῖν
3428 3669 3497 3719 τὰ

1930 3764 2105 3818 πάντα
2128 3764 2361 3817 νικῶντα
2392 3763 2547 3830 λόγον
2578 3764 2656 3829 τῷ
2690 3762 2884 3831 πλήθει
2918 3779 2975 3815 τε
3001 3763 3095 3814 καὶ
3136 3760 3356 3828 μεγέθει
3392 3760 3491 3827 τῆς

1932 3856 2169 3925 φανερᾶς
2219 3854 2481 3918 εὐποιίας,
2513 3856 2546 3924 ἢ
2579 3854 2757 3923 μόνοις
2786 3856 2895 3915 τοῖς
2920 3852 3342 3923 πεπηρωμένοις
3366 3854 3493 3913 τοὺς

1930 3950 2030 4018 τῆς
2070 3948 2245 4017 ψυχῆς
2272 3946 2581 4015 ὀφθαλμοὺς
2615 3947 2826 4015 ἀφανὴς
2867 3946 2945 3997 ἔτι
2982 3946 3130 4014 μένει
3185 3946 3277 3997 καὶ
3314 3945 3493 4011 ἄγνω-

1933 4059 2057 4103 στος
2089 4057 2104 4106 ;
2151 4039 2303 4093 Ἐπεὶ
2326 4039 2369 4091 δ’
2394 4040 2552 4091 είκαὶ
2593 4036 2875 4107 ἰδιαίτερόν
2908 4054 3020 4098 πως
3061 4038 3196 4105 πρδς
3231 4037 3323 4089 τὸν
3358 4036 3499 4088 θεῖον

1933 4132 2262 4201 ἀναφέρεται
2300 4132 2471 4196 Λόγον
2502 4128 2594 4181 τὸν
2639 4130 2905 4199 ἡμέτερον
2941 4129 3173 4198 Ἰησοῦν,
3222 4129 3355 4182 ἀλλὰ
3403 4131 3498 4199 μία

1931 4222 1998 4296 ἦν
2021 4228 2082 4278 ὲκ
2118 4225 2326 4294 Πατρδς
2355 4224 2447 4276 καὶ
2481 4221 2611 4275 Υἰοῦ
2640 4223 2697 4273 ἐν
2730 4222 3005 4291 Πνεύματι
3041 4223 3071 4290 ἡ
3104 4222 3204 4290 τῆς
3236 4222 3384 4283 Θείας
3421 4224 3501 4274 οί⁴

1936 4318 2197 4386 κονομίας
2232 4316 2515 4384 εὐεργεσία
2548 4316 2610 4366 ὲκ
2652 4315 2778 4383 μιᾶς
2808 4315 3044 4383 ὀμόπνου
3071 4313 3500 4384 φιλανθρωπίας,

1939 4410 2031 4460 καὶ
2061 4408 2379 4478 ἀχωρίστως
2406 4409 2537 4476 ἡμῖν
2564 4407 2771 4459 ἐκεῖθεν
2828 4406 2913 4459 ἀεὶ
2969 4410 3035 4459 τὰ
3102 4407 3199 4474 τῆς
3242 4406 3504 4468 παντοίας

1937 4500 2193 4568 εὐτυχίας
2227 4499 2323 4550 καὶ
2348 4498 2623 4568 σωτηρίας
2672 4500 2998 4568 ἐκεράννυτο
3043 4497 3331 4567 φάρμακα,
3376 4515 3505 4550 ταυ-

1938 4590 2030 4643 τόν
2083 4591 2201 4641 ἐστι
2247 4568 2336 4641 τίν
2397 4588 2538 4642 θεῖον
2587 4590 2760 4656 Λόγον
2816 4589 3003 4659 ὑμνεῖν
3059 4588 3153 4641 καὶ
3211 4588 3310 4657 τὴν
3375 4589 3502 4659 ὃλην

1940 4676 2244 4738 ὲκθειάξειν
2277 4676 2505 4746 Τριάδα,
2538 4677 2738 4745 μᾶλλον
2783 4675 2839 4727 δὲ
2872 4677 2962 4729 τὸν
3010 4681 3067 4729 ἐν
3116 4674 3307 4745 Τριὰδι
3343 4691 3506 4745 προσ-

1942 4770 2106 4825 ώπων
2139 4768 2239 4823 ἕνα
2267 4768 2417 4823 Θεόν.
2451 4767 2605 4838 Αὐτῷ
2626 4766 2750 4832 δόξα
2786 4771 2861 4831 εἰς
2889 4769 3015 4831 τοὺς
3044 4768 3265 4831 αίῶνας.
3308 4766 3504 4837 ’Λμήκη
