3904 6134
320 227 419 291 601

1430 242 1797 306 EPISTULA
1850 248 1892 304 A
1905 248 1950 306 D
1991 247 2392 311 PLETHONE
2402 252 2476 316 M.

3475 265 3581 327 602

318 353 574 449 Bsfag‘ceA
765 354 862 449 τῇς
914 355 970 408 ἐν
996 358 1105 419 τοῖς
1139 358 1419 449 τοιούτοις,
1471 360 1585 414 οὔθ’
1621 363 1781 429 ἡμεῖς
1807 376 1898 428 γε·
1922 358 1973 418 Δ
2004 360 2080 431 μὴ
2110 365 2240 432 ἡμῖν
2269 367 2520 438 ἐχαρίζου
2568 368 2871 443 προῦργου,
2908 375 2975 444 τῇ
3016 374 3063 428 δ’
3092 375 3341 448 ἀληθείᾳ,
3382 379 3475 432 καὶ
3503 381 3579 449 τῷ

325 446 519 515 θοίμςβ⁹
550 446 618 499 ἀν
655 446 906 514 ἀλλήλοις
938 451 1146 517 κριταὶ,
1208 451 1334 519 περὶ
1368 444 1443 505 ὧν
1498 452 1893 521 διενηνέγμεθα

316 540 439 607 ἤδη,
476 538 590 592 οὔτ’
619 541 800 601 ἀλλοις
829 540 1221 610 πιστεύσαιμεν
1254 544 1519 613 κρίνουσι,
1558 544 1635 614 τῷ
1659 544 1807 611 αὐτῷ
1832 544 1893 613 δὴ

318 632 413 685 καὶ
454 633 672 686 πάντων
706 633 871 687 πάθει
928 634 1325 703 ἐνεσχημένων,
1375 636 1467 689 καὶ
1516 636 1624 689 τῶν
1667 636 1767 705 μὲν
1816 636 1894 705 τῷ

318 724 493 794 ἑτέρῳ
524 725 964 794 προσκειμένων,
1001 727 1110 780 τῶν
1138 727 1196 779 δέ
1226 726 1305 797 τῷ
1336 728 1508 798 ἐτέρῳ
1537 731 1650 783 τοῖν
1681 730 1896 797 φιλοσό⁶

319 832 463 879 φοιν,
489 811 566 869 ὧν
598 816 872 884 οὐδέτεροι
916 820 1027 882 τοῖς
1075 819 1282 889 θάτερα
1311 821 1636 889 τετιμηκόσι
1664 821 1893 888 γένοιντ’

314 905 383 959 ἂν
405 906 672 979 ἀξιόχρεῳ
701 909 974 978 διαιτηταὶ
1007 911 1133 981 περὶ
1190 912 1299 966 τῶν
1341 912 1563 981 ἐτέρων.
1601 912 1894 981 Λοιῷριῶν

316 997 373 1051 δέ
396 997 522 1066 πέρι
554 1000 646 1051 καὶ
682 999 939 1069 τοιαύτης
968 1001 1355 1070 ἀσχημοσύνης
1380 1005 1462 1066 τίς
1482 1002 1546 1056 ἂν
1566 1004 1891 1075 ἁμιλληθείη

320 1088 413 1141 καὶ
442 1087 684 1157 ὁτῳοῦν;
722 1082 799 1144 ὧν
841 1108 904 1158 γε
937 1090 1057 1143 οὐδέ
1092 1094 1203 1155 τοῖς
1232 1093 1447 1163 ἐχθροῖς
1460 1086 1676 1158 ἐὔξαιτ’
1700 1095 1764 1150 ἄν
1807 1112 1892 1158 τις

317 1182 571 1247 τὺιπλέον
628 1183 794 1253 ἔχειν,
843 1184 917 1253 μή
951 1184 1004 1236 τί
1040 1200 1101 1251 γε
1159 1184 1359 1252 ἐαυτῷ,
1411 1186 1646 1255 σώφρων
1700 1204 1762 1238 τε
1797 1186 1892 1240 καὶ

319 1275 568 1344 ἐπιεικὴς
602 1275 699 1340 ῶν,
734 1276 870 1347 πλὴν
905 1278 958 1330 εῐ
978 1294 1101 1330 τινα
1132 1277 1227 1331 καὶ
1262 1277 1507 1333 τοιοῦτον
1531 1278 1779 1346 θειοτέρα
1808 1296 1893 1342 τις

317 1368 469 1422 αίτία
499 1374 593 1422 και
624 1370 861 1435 ἄφυκτος
887 1369 981 1421 καὶ
1012 1368 1282 1439 ἄρξασθαί
1316 1387 1445 1423 ποτε
1482 1371 1891 1440 κατηνάγκασε.

318 1459 544 1522 Τούτοις
578 1458 677 1528 μὲν
694 1460 757 1530 δὴ
776 1462 873 1515 καὶ
898 1458 1157 1524 τοιούτοις
1180 1461 1353 1531 ἔγωγε
1377 1462 1472 1515 νῦν
1496 1464 1698 1532 ἥκιστα
1726 1481 1895 1534 προσ-

318 1553 466 1623 έχειν
516 1553 682 1623 φημί.
714 1552 822 1607 Τοῦ
849 1554 908 1609 δέ
946 1553 1045 1623 τὴν
1080 1554 1309 1623 πάτριον
1348 1553 1505 1623 ήμῶν
1553 1553 1889 1620 θεοσέϐειαν,

1996 454 2213 527 δικαίῳ,
2252 462 2347 513 καὶ
2376 462 2592 527 πολλοῖς
2628 465 2808 529 ἄλλοις
2840 460 2915 522 ὧν
2948 470 3030 522 σοὶ
3056 470 3208 523 οὐδέν
3242 489 3292 523 τι
3321 474 3397 539 (Ι)
3420 468 3581 543 ἦττον

1994 548 2153 617 ἡμῶν
2182 551 2363 603 αὐτῶν
2400 554 2570 622 μέλει,
2606 559 2699 611 καὶ
2732 559 2907 623 οὕτως
2940 563 3086 631 ἡμᾶς
3129 562 3260 627 ἔδει,
3286 565 3347 617 τὸ
3378 568 3579 618 οἰκεῖον

1999 642 2074 710 μὴ
2113 643 2630 715 ὑπολογιζομένους,
2692 650 3017 719 ἀμείϐεσθαι
3063 653 3156 706 τὸν
3181 654 3261 716 είς
3311 656 3371 707 τὸ
3404 658 3583 709 κοινὸν

1996 733 2334 801 ὠφελοῦντα,
2367 738 2420 790 εῐ
2447 755 2499 790 τι
2531 739 2624 791 καὶ
2661 740 2768 811 ίδίᾳ
2808 741 2957 811 αύτῷ
2994 744 3307 812 μέμφεσθαι
3334 745 3576 815 ἔχοιμεν,

1994 825 2275 893 ἀφιέντας,
2308 830 2400 881 καὶ
2424 828 2544 893 ἐξὸν
2573 830 2837 901 ἐλέγχειν,
2874 834 2975 887 οὐκ
3006 834 3412 905 ἐξελέγχοντας.
3440 840 3580 891 Οὐκ-

1994 918 2088 972 οῦν
2132 920 2219 974 διὰ
2253 921 2426 976 ταῦτα
2469 924 2605 993 πρὸς
2644 924 2744 994 μὲν
2788 928 2856 980 τά
2887 926 2957 980 σά
2990 944 3051 994 γε
3088 914 3294 992 ἕκεῖνα,
3325 932 3478 983 ὁποῖ’
3514 932 3580 985 ἂν

1993 1012 2197 1078 δόξειεν
2250 1013 2485 1081 ὀφθέντα
2518 1016 2686 1081 ποτὲ,
2738 1018 2891 1071 οὐδέν
2949 1036 3040 1088 μοι
3092 1020 3578 1089 ἀντιγεγράψεται,

1994 1103 2108 1156 ἀλλ’
2150 1105 2294 1159 ἐάσω
2350 1122 2411 1159 σε
2468 1107 2766 1161 ἀπολαύειν
2816 1102 2892 1163 ὧν
2932 1113 2989 1171 ἐς
3035 1110 3383 1181 Ἀριστοτέλη
3409 1130 3467 1165 τε
3509 1110 3578 1167 αῦ

1995 1196 2089 1247 καὶ
2138 1197 2307 1266 ἡμᾶς,
2359 1197 2433 1260 ὡς
2456 1199 2505 1251 οἱ
2562 1199 2763 1263 ίδόντες
2798 1201 3072 1270 λέγουσιν,
3122 1203 3572 1273 αὐτοσχεδιάσας,

1994 1286 2102 1357 ᾤου
2146 1305 2199 1340 τι
2229 1288 2553 1358 ἀμυνεῖσθαι
2597 1291 2630 1362 ἢ
2679 1292 3067 1359 ἐπιδείξεσθαι,
3134 1292 3209 1358 ὠς
3264 1296 3330 1348 ἂν
3376 1294 3460 1365 εῖη
3496 1313 3581 1347 σοι

1997 1378 2093 1431 καὶ
2129 1378 2305 1433 ταῦτα
2329 1380 2579 1454 διατριϐὴ
2617 1381 2759 1455 [καὶ]
2789 1386 2901 1448 τοῖς
2949 1385 3125 1455 ἥδιστ’
3150 1386 3215 1440 ἂν
3262 1386 3431 1440 ίδοῦσι
3466 1386 3585 1455 μετ’

1995 1473 2166 1544 ὀργῆς
2196 1474 2558 1529 ἀναπαλαίειν
2616 1478 2959 1549 πειρώμενον
3011 1480 3108 1533 καὶ
3154 1482 3424 1550 κραυγῆς.
3459 1482 3583 1533 καί-

1996 1577 2078 1612 τοι
2135 1560 2321 1630 σχεδὸν
2354 1564 2827 1635 άποτριαχθέντα·
2860 1568 2923 1620 ού
2971 1568 3078 1637 γὰρ
3110 1571 3243 1641 ἡμῖν
3277 1587 3336 1638 γε
3383 1570 3583 1635 δόξειεν

317 1649 351 1716 ἦ
380 1648 747 1717 φυλάττοντας
807 1648 923 1718 ἅμα
966 1665 1026 1701 τε
1075 1648 1196 1718 Θεῷ
1243 1648 1340 1701 καλ.
1388 1648 1671 1718 φρονίμοις
1724 1650 1891 1702 πᾶσιν
1926 1688 1968 1744 Β
1999 1652 2086 1717 ἂν,
2118 1649 2205 1705 οἷα
2252 1654 2316 1724 δή
2370 1671 2503 1721 φασι
2534 1657 2629 1709 καὶ
2663 1658 2934 1727 Κυμαίοις
2963 1661 3069 1731 (2).
3106 1663 3213 1715 Καὶ
3246 1661 3275 1715 ὃ
3326 1662 3389 1731 δὴ
3424 1662 3585 1715 πλέον

316 1744 593 1811 ἀρέσκειν,
630 1743 686 1813 ἢ,
737 1742 813 1806 ὡς
842 1742 993 1795 οὐδὲν
1021 1742 1297 1811 διαφέρον,
1355 1742 1475 1794 ἀντὶ
1507 1741 1675 1806 δοξῶν
1703 1759 1761 1795 τε
1794 1742 1894 1794 ούκ

313 1834 536 1902 ἀληθῶν
572 1834 669 1886 καὶ
720 1834 1065 1903 πραγμάτων
1099 1834 1275 1887 ἀλλων
1309 1833 1667 1902 προϊεμένους
1707 1832 1893 1885 δυσσε-

317 1910 456 1993 ϐἒῖν,
482 1926 617 1980 πολύ
647 1945 699 1980 τι
724 1926 811 1996 δὴ,
838 1927 913 1990 ὡς
947 1921 1127 1991 οἶσθα,
1152 1928 1246 1981 καὶ
1278 1928 1409 1996 ἡμῖν
1440 1927 1502 1979 ἐκ
1533 1926 1732 1980 πολλοῦ
1759 1926 1889 1997 ἐμέ-

314 2019 446 2088 λησέ
479 2037 539 2073 τε
566 2018 679 2085 καὶ,
712 2020 808 2074 σὺν
830 2019 945 2089 Θεῷ
997 2021 1182 2088 φάναι,
1212 2021 1457 2090 μελήσει,
1492 2018 1619 2072 ὥσθ’
1643 2019 1791 2082 ὅπως
1820 2018 1894 2089 μὴ

315 2115 532 2178 πολλοῖς
562 2113 801 2183 συμϐαίη
857 2113 927 2167 τὰ
958 2114 1207 2182 δεύτερα.
1241 2114 1316 2167 Ού
1346 2113 1454 2183 γὰρ
1486 2114 1614 2184 περὶ
1645 2113 1802 2183 ήμῶν
1831 2131 1895 2181 γε

314 2206 518 2270 αὐτῶν,
552 2207 648 2260 σὺν
668 2205 818 2276 αύτῷ
840 2205 958 2274 Θεῷ
976 2205 1019 2257 δ’
1047 2206 1305 2277 εἰρήσθω,
1332 2207 1549 2260 τοιοῦτό
1580 2224 1632 2260 τι
1655 2207 1893 2275 δέδιμεν.

314 2294 421 2355 Ὠν
471 2301 635 2353 ἓνεκα
673 2299 905 2368 ζηλωτοὶ
953 2301 1063 2363 τοῖς
1096 2300 1312 2362 πολλοῖς
1345 2300 1660 2370 ἐδοκοῦμεν,
1688 2301 1897 2355 τούτων

313 2395 417 2448 οὐκ
455 2394 568 2448 ἐσθ’
595 2396 622 2449 ὅ
655 2412 705 2448 τι
733 2394 793 2447 ού
823 2394 1181 2465 προηκάμεθα
1213 2393 1514 2465 χαίροντες.
1548 2394 1622 2447 Ού
1654 2395 1760 2464 γάρ
1804 2390 1894 2466 ἦν,

314 2489 391 2550 ὡς
422 2488 633 2555 ἔοικεν,
682 2490 907 2542 ἐκείνων
944 2506 1002 2542 τε
1057 2487 1353 2542 ἀπολαύειν
1398 2488 1602 2551 καλῶς,
1638 2489 1733 2542 καὶ
1771 2489 1896 2553 τοῦς

316 2582 513 2644 ἄλλους
540 2581 683 2651 λόγῳ
728 2599 787 2634 τε
822 2584 915 2636 καὶ
960 2582 1107 2652 ἔργῳ
1142 2581 1370 2647 πείθειν,
1421 2581 1495 2643 ὡς
1546 2582 1893 2650 σωφρονοῖεν.

317 2677 441 2731 Εἰσὶ
471 2676 517 2730 δ’
542 2677 601 2728 ἐν
626 2676 704 2745 τῷ
728 2676 823 2728 νῦν
856 2661 1034 2746 χρόνῳ
1064 2675 1297 2729 τοιοῦτοι
1334 2674 1466 2744 παρ’
1502 2676 1632 2743 ἡμῖν
1667 2675 1767 2727 οὐκ
1789 2674 1900 2727 ὀλί-

316 2785 427 2837 γοι,
459 2767 551 2832 οὓς
584 2769 676 2822 καὶ
729 2768 887 2828 αὐτὸς
940 2767 1153 2837 ἔφησθα
1186 2766 1440 2830 δεδιέναι,
1466 2767 1527 2819 τὸ
1554 2766 1598 2819 δ’
1618 2766 1764 2827 ὅπως
1823 2765 1898 2837 μὴ

316 2859 561 2926 γένοιντό
616 2875 745 2911 ποτε
781 2858 942 2927 ήμῶν
996 2874 1057 2909 τε
1108 2857 1200 2910 καὶ
1248 2857 1356 2909 τῶν
1408 2857 1693 2927 ἡμετέρων
1723 2855 1899 2923 λόγων

316 2954 600 3022 κρείττους
623 2952 862 3014 Λατῖνοι,
899 2952 972 3022 μὴ
1014 2951 1268 3005 δεδιέναι.
1312 2950 1536 3003 Τοσοῦτ’
1572 2951 1892 3018 ἀπέσχομεν

1998 1746 2135 1808 ἐστὶ,
2163 1746 2577 1818 συγχωρήσαιμ⁹
2606 1749 2671 1803 ἄν
2724 1768 2806 1805 σοι
2861 1753 2956 1805 καὶ
2998 1753 3258 1807 Πλάτωνα
3295 1756 3389 1808 καὶ
3437 1755 3583 1821 Ἀρι-

1998 1837 2219 1907 στοτέλη
2254 1837 2443 1909 ληρεῖν
2471 1840 2696 1909 ὁμοίως.
2732 1841 2797 1895 Τί
2820 1845 2931 1914 γὰρ
2964 1843 3031 1897 ἂν
3058 1846 3153 1897 καὶ
3184 1844 3379 1913 θφελος
3406 1846 3581 1912 γένοι-

1996 1945 2077 1993 το,
2104 1928 2366 2000 ὁποτέρου
2398 1932 2614 1984 τούτοιν
2662 1934 2825 1987 πλέον
2869 1935 3288 2003 εὐδοκιμοῦντος
3319 1952 3334 2002 ;
3375 1936 3438 1987 υἱ
3482 1937 3582 2001 τῆς

1998 2021 2442 2091 κερδαλεωτάτης
2470 2024 2728 2093 ἀληθείας
2761 2027 2858 2097 οὑχ
2882 2022 2983 2080 οἷοί
3021 2044 3078 2079 τε
3109 2027 3359 2095 ἐγένοντο
3399 2028 3431 2097 ἦ
3483 2027 3584 2079 οὐκ

1997 2114 2227 2184 ὴξίωντο
2275 2119 2495 2188 τυχεῖνο
2542 2118 2571 2171 δ
2624 2119 2777 2187 σφίσι
2812 2137 2871 2172 τε
2906 2120 3089 2183 αὐτοῖς
3121 2121 3213 2174 καὶ
3244 2123 3357 2183 τοῖς
3401 2120 3586 2181 ἄλλοις

1999 2209 2171 2262 αῐτιον
2200 2208 2390 2277 γέγονε
2420 2209 2514 2262 τοῦ
2547 2210 2641 2263 καὶ
2670 2210 2798 2281 περὶ
2836 2211 2943 2264 τῶν
2972 2211 3173 2274 ἄλλων,
3227 2212 3327 2264 ὅσα
3375 2211 3583 2264 ἐλάττω

1996 2297 2256 2368 τυγχάνει
2296 2297 2375 2369 τῷ
2428 2298 2577 2365 γένει
2633 2298 2783 2362 ὄντα.
2819 2300 2979 2354 ἀλλον
3027 2302 3084 2354 ἐν
3116 2300 3262 2370 ἀλλῳ
3288 2300 3382 2353 τοῦ
3430 2301 3583 2363 ὄντος

1997 2390 2344 2462 διαμαρτεῖν.
2411 2390 2554 2444 Ἀλλ’
2584 2389 2639 2443 εἴ
2687 2392 2738 2443 τί
2794 2406 2859 2459 γε
2907 2393 3015 2461 ἀρα
3051 2392 3147 2447 καὶ
3183 2395 3447 2463 χρήσιμοι
3471 2395 3585 2455 τοῖς

1998 2484 2302 2553 χρωμένοις
2359 2482 2609 2537 δύναιντο
2661 2477 2823 2549 εἶναι,
2863 2483 3019 2538 τοῦτο
3072 2486 3167 2538 καὶ
3217 2485 3349 2556 παρ’
3380 2485 3585 2557 ἐτέρων

1999 2574 2184 2628 λαϐεῖν
2204 2574 2341 2641 ἐστι,
2395 2575 2718 2645 προαιρέσει
2769 2576 2870 2644 μὲν
2903 2576 3016 2638 τοῖς
3047 2576 3265 2641 πολλοῖς
3297 2577 3396 2630 οὐκ
3422 2578 3584 2629 εύπε-

2000 2668 2254 2737 τεστέρᾳ,
2307 2668 2513 2738 σπουδῇ
2560 2667 2616 2720 δέ
2646 2666 2909 2722 ἐλάττονι.
2942 2662 3103 2723 Οὗτοι
3143 2668 3189 2723 δ’
3224 2671 3386 2735 είσὶν,
3418 2670 3468 2723 οἳ
3507 2670 3587 2736 τῷ

2000 2763 2101 2831 τῆς
2145 2763 2299 2833 ἱερᾶς
2353 2764 2704 2827 διδασκαλίας
2754 2763 3162 2836 ἐλλαμφθέντες
3219 2769 3382 2835 φωτὶ,
3429 2771 3493 2839 τῇ
3528 2770 3585 2835 ἐξ

2004 2853 2229 2908 ἐκείνων
2291 2856 2453 2927 σοφία
2504 2854 2694 2925 ῶσπερ
2748 2857 2871 2910 τινὰ
2924 2859 3322 2929 ἐπιστήσαντες
3378 2861 3585 2931 ταύτην

2004 2945 2396 3013 παιδαγωγὸν,
2460 2947 2614 3000 αὐτοί
2656 2965 2716 3001 τε
2771 2948 2952 3018 πολλῷ
3025 2949 3433 3020 Ἀριστοτέλους
3492 2954 3585 3005 καὶ

317 3046 629 3099 θεοσέϐειάν
687 3062 745 3099 τε
777 3045 869 3098 καὶ
904 3043 1251 3115 ἀνθρωπίνην
1272 3043 1438 3114 τιμὴν
1469 3043 1897 3097 ἀντικαταλλάτ-
1925 3030 1970 3088 C
2006 3039 2295 3101 Πλάτωνος
2335 3040 2430 3091 καὶ
2462 3039 2572 3093 τῶν
2628 3041 2828 3109 ὁμοίων
2882 3040 3127 3110 βελτίους
3191 3043 3456 3109 ἐγένοντο,
3492 3047 3585 3098 καὶ

313 3140 524 3203 τεσθαι,
546 3139 575 3193 δ
616 3140 801 3209 ληρεῖν
825 3156 971 3203 τινες
1016 3138 1115 3191 οὐκ
1141 3135 1384 3203 ὀκνοῦσι,
1415 3137 1523 3190 τῶν
1553 3136 1898 3205 πραγμάτων

314 3232 497 3295 αὐτοῖς
527 3231 1038 3299 ἀντι-φθεγγομένων
1065 3271 1081 3296 ,
1128 3230 1380 3283 κυνιδίων
1410 3230 1486 3292 ὠς
1514 3228 1729 3297 ἀληθῶς
1779 3230 1901 3281 ἐπι-

210 3362 213 3365 -
313 3324 658 3391 δεικνύμενοι
706 3322 1030 3393 προαίρεσίν
1084 3338 1144 3374 τε
1176 3322 1271 3374 καὶ
1298 3320 1550 3389 δύναμιν,
1581 3319 1661 3373 ὅτι
1691 3320 1783 3372 τὸν
1809 3318 1901 3372 θυ-

318 3415 421 3484 μὸν
441 3417 499 3468 ἐν
523 3416 639 3477 ταῖς
667 3415 979 3482 λοιδορίαις,
1016 3413 1091 3474 ὡς
1130 3413 1313 3464 ἐκεῖνα
1349 3413 1470 3474 ταῖς
1495 3410 1743 3475 ὑλακαῖς,
1780 3409 1887 3474 ἐξε-

317 3509 571 3579 μοῦντες,
600 3507 735 3560 πολὺ
755 3507 914 3559 πλέον
938 3508 995 3559 ἐν
1030 3505 1139 3568 τοῖς
1167 3503 1485 3570 ἀναγκαίοις
1516 3501 1831 3555 ἀπαυδῶσιν
1865 3501 1898 3572 ﬁ

311 3601 439 3654 ὅσον
476 3600 531 3652 ἐν
554 3599 675 3662 ταῖς
705 3598 812 3650 τῶν
838 3598 1107 3667 περιττῶν
1153 3614 1212 3648 τε
1258 3598 1354 3648 καὶ
1384 3596 1645 3665 χειρόνων
1675 3595 1899 3649 νικῶσιν

314 3690 666 3760 ὑπερϐολαῖς.
703 3690 762 3742 El
793 3689 839 3742 δ’
866 3690 1224 3757 ἀγανακτοῖεν
1256 3688 1548 3757 πρεσϐείου
1583 3689 1727 3752 τινὸς
1755 3688 1896 3741 εῖνε-

315 3801 407 3847 κα,
444 3783 533 3835 καὶ
570 3783 811 3851 μείζοσιν
834 3782 934 3835 οὑκ
970 3782 1273 3849 όκνήσομεν
1309 3780 1508 3842 αὐτοὺς
1537 3779 1896 3848 παρεικάσαι,

312 3877 435 3937 ταῖς
464 3873 766 3928 ἀλωπεκίσι
824 3872 917 3925 καὶ
960 3874 1080 3933 ταῖς
1119 3870 1473 3933 Ἀκταίωνος.
1520 3870 1592 3922 Σὺ
1627 3870 1671 3921 δ’
1723 3870 1809 3921 ἀεί
1839 3888 1899 3922 τε

310 3963 460 4039 ἦσθα
494 3968 553 4020 ἐν
584 3968 696 4029 τοῖς
744 3965 873 4033 περὶ
910 3963 1003 4016 τοῦ
1033 3962 1559 4031 ἀμφισϐητουμένου
1588 3960 1783 4015 τούτου
1807 3960 1902 4014 λό-

312 4074 434 4126 γοις
461 4056 538 4127 τῷ
565 4056 709 4125 γένει
739 4072 799 4108 τε
836 4055 931 4107 καὶ
962 4056 1029 4123 τῇ
1053 4051 1353 4122 Ἐκκλησία
1380 4053 1574 4122 φίλιος,
1605 4053 1701 4105 καὶ
1726 4053 1900 4105 οὐδενὶ

313 4151 567 4206 οὐδέποτε
602 4148 789 4218 τρόπῳ
833 4144 1099 4215 ἐπαχθὴς,
1158 4144 1252 4197 καὶ
1287 4144 1382 4197 νῦν
1412 4142 1703 4213 τεκμηρίῳ
1738 4142 1899 4212 μεγί-

315 4262 429 4315 στῳ
458 4241 604 4296 τοῦτ’
636 4241 842 4304 ἔδειξας
872 4255 888 4272 ο
918 4238 1049 4292 ὥστ’
1081 4238 1132 4290 εί
1162 4237 1255 4290 καί
1288 4254 1437 4298 τινας
1464 4237 1700 4306 πρόσθεν
1723 4234 1901 4289 τοιοῦ-

312 4351 403 4396 τος
428 4333 501 4386 ὢν
532 4330 825 4401 ἐλελήθεις,
864 4330 1048 4391 αὑτοῖς
1073 4345 1129 4381 τε
1164 4329 1256 4379 καὶ
1288 4329 1402 4386 τοῖς
1430 4325 1744 4380 διαϐάλλειν
1775 4329 1899 4378 ἐπι-ο
1932 4366 1983 4426 D

224 4415 230 4429 τ
312 4424 559 4497 χειροῦσι
614 4424 807 4492 μηκέτ’
853 4423 919 4475 ἂν
969 4420 1170 4485 ἐξεῖναι
1218 4420 1286 4472 τὰ
1320 4420 1425 4472 τῶν
1477 4419 1817 4486 ἀγοούντων
1864 4418 1896 4488 ἢ

310 4514 782 4571 ἐθελοκακούντων
830 4512 1202 4566 ἐνδείκνυσθαι
1236 4512 1366 4580 περί
1400 4512 1477 4564 σέ.
1520 4512 1642 4573 Πῶς
1698 4510 1789 4563 οὖν
1818 4510 1901 4562 δί-

311 4627 468 4672 καιος
501 4609 566 4662 ἂν
594 4604 663 4677 ἦν
707 4606 1011 4673 ἀντιλέγειν
1053 4604 1351 4673 ἐπιχειρῶν
1408 4604 1441 4673 ἢ
1475 4604 1788 4672 βασκαίνων
1822 4606 1900 4673 τῷ

311 4704 368 4762 ἐς
394 4700 464 4751 τά
500 4696 737 4768 μέγιστά
762 4713 819 4748 τε
855 4696 950 4748 καὶ
980 4693 1289 4747 οίκειότατα
1335 4692 1720 4761 ξυμμαχοῦντι
1754 4692 1899 4746 οὕτω

311 4787 631 4858 χρησίμωςς
664 4786 727 4837 El
759 4785 869 4855 γάρ
904 4801 970 4854 με
1004 4782 1097 4836 δύο
1124 4782 1397 4850 φεύγοντα
1419 4782 1592 4846 δίκας,
1616 4784 1895 4852 ἀπήλλατο

311 4894 401 4942 τες
443 4878 543 4949 μὲν
580 4878 682 4947 τῆς
715 4878 978 4946 μεγίστης
1002 4874 1406 4944 συναγορεύων,
1460 4879 1555 4928 καὶ
1582 4878 1647 4945 ἣν
1680 4879 1901 4931 πάντων

313 4971 382 5023 ἀν
432 4969 541 5021 τῶν
577 4967 932 5037 ὑπαρχόντων
970 4966 1313 5035 ἠλλαττόμην
1369 4967 1565 5035 νικᾷν’
1603 4958 1664 5019 οῦ
1717 4966 1763 5019 δ’
1794 4968 1899 5021 ἔδει

313 5079 381 5131 με
414 5061 581 5130 μηδέν
614 5077 666 5112 τι
692 5059 880 5129 σχεδὸν
932 5057 1267 5127 βλάπτεσθαι
1294 5056 1677 5124 ἐπεϐούλευες,
1709 5059 1739 5129 ἢ
1772 5060 1899 5113 διώ-

310 5171 425 5206 κων
456 5152 488 5221 ἢ
526 5153 603 5222 τῷ
631 5152 884 5204 διώκοντι
925 5153 1319 5219 συνιστάμενος
1344 5167 1356 5181 ο
1388 5145 1477 5219 ἆρ’
1506 5152 1789 5219 εύγνῶμον
1834 5154 1900 5205 ἂν

308 5240 397 5315 ἦν,
430 5245 634 5312 ἀφέντα
666 5261 748 5296 σοι
803 5245 964 5313 χάριν
1020 5244 1221 5295 εἰδέναι
1256 5238 1331 5295 ὧν
1377 5242 1721 5305 ἐσπούδακας
1755 5244 1898 5313 ὠφε-

309 5336 443 5399 λεῖν,
472 5336 754 5407 ἐλαχίστου
786 5336 1123 5404 ἀδικήματος
1176 5338 1541 5405 μνησικακεῖν
1588 5354 1643 5389 τε
1677 5340 1767 5389 καὶ
1802 5342 1893 5391 ἁν-

310 5429 620 5494 τεπεξιέναι
667 5428 1001 5498 πειρᾶσθαι;
1050 5426 1251 5480 Πολλοῦ
1283 5444 1344 5495 γε
1380 5428 1469 5479 καὶ
1494 5427 1592 5482 δεῖ.
1626 5429 1693 5483 Εί
1719 5430 1772 5481 δὲ
1800 5433 1895 5485 καὶ

382 5629 459 5697 (ι)
503 5626 635 5679 ίῖιιιΙ.
678 5623 755 5688 οίς
816 5626 968 5677 οὐδέν
1022 5644 1092 5691 τι,
1166 5627 1305 5694 quod
1375 5642 1473 5683 nos
1528 5628 1887 5699 conjectum!"

312 5699 750 5756 mucndavimus.
792 5699 961 5750 Anax.

2001 3130 2129 3192 τοὺς
2161 3129 2587 3196 συγγινομένους
2641 3130 2823 3183 αὐτῶν
2872 3135 2994 3197 ταῖς
3057 3132 3260 3203 βίϐλοις
3309 3134 3587 3199 τοιούτους

2004 3221 2239 3277 ποιοῦσι.
2279 3224 2391 3276 Kal
2425 3222 2610 3276 πολλοί
2636 3240 2697 3291 γε
2729 3224 2796 3278 δι’
2837 3226 3020 3279 αὑτῶν
3068 3226 3301 3281 τοιοῦτοι
3334 3230 3590 3299 γεγένην-

2002 3332 2112 3380 ται,
2147 3310 2250 3367 οἷοι
2301 3316 2376 3383 μὴ
2406 3314 2490 3369 ὅτι
2545 3315 2657 3368 τῶν
2688 3316 3018 3387 είρημένων,
3080 3317 3215 3371 ἀλλά
3248 3321 3340 3373 καλ
3378 3319 3585 3389 Ἑρμοῦ

2002 3407 2165 3461 αὑτοῦ
2201 3408 2295 3461 καὶ
2339 3407 2675 3471 Ἀπόλλωνος
2702 3411 2795 3463 καὶ
2838 3411 3097 3476 Μουσῶν,
3124 3413 3217 3465 καὶ
3249 3414 3469 3466 πάντων
3503 3412 3589 3482 ἐφ’

2001 3500 2093 3561 ob;
2125 3502 2158 3569 ἡ
2216 3500 2505 3572 Ἑλληνικὴ
2538 3502 2801 3571 ἀναφέρει
2847 3503 3028 3569 σοφία,
3095 3505 3358 3573 πάμπολυ
3392 3506 3589 3573 ὑπερε-

2002 3595 2237 3661 νεγκεῖν,
2270 3594 2349 3647 Τά
2405 3594 2503 3658 μέν
2530 3594 2638 3663 γὰρ
2668 3595 2777 3647 τῶν
2816 3594 2948 3664 παρ’
2983 3595 3242 3665 Ἕλλησιν
3298 3599 3391 3649 ἐπὶ
3425 3597 3588 3666 σοφία

2003 3686 2234 3754 πρώτων
2268 3686 2404 3754 ἔργα
2429 3684 2538 3737 τῶν
2568 3702 2632 3753 γε
2676 3685 2957 3744 πλειόνων,
3015 3688 3109 3739 καὶ
3160 3688 3269 3739 τῶν
3302 3687 3410 3741 τῶν
3450 3707 3591 3755 φαυ-

2002 3776 2241 3829 λοτάτων
2302 3778 2527 3829 ίδιωτῶν
2590 3778 2757 3847 χείρω
2802 3774 2891 3849 ἦν,
2934 3779 3009 3848 τῷ
3049 3781 3146 3849 τὴν
3187 3781 3286 3848 μὲν
3352 3782 3483 3850 περὶ
3526 3782 3587 3834 τὸ

2003 3867 2259 3938 αἰσθητὸν
2289 3869 2436 3921 ἅπαν
2467 3869 2754 3940 διατριϐὴν
2799 3872 2875 3939 μὴ
2919 3871 3179 3924 δύνασθαι
3210 3875 3275 3942 τῇ
3317 3874 3586 3943 μετουσία

2002 3958 2097 4012 τοῦ
2128 3961 2445 4029 κρείττονος
2471 3962 2563 4012 καὶ
2602 3963 2666 4029 τῇ
2693 3961 2786 4013 τοῦ
2820 3962 2975 4024 ὄντος
3004 3962 3171 4015 καλοῦ
3198 3964 3341 4034 θήρᾳ
3373 3966 3463 4016 τὶν
3490 3966 3583 4018 ἀν-

2006 4051 2228 4121 θρωπον
2261 4053 2657 4121 προσαγαγεῖν,
2696 4054 2789 4105 καὶ
2821 4056 2868 4105 εἰ
2903 4052 3257 4123 θεωρητικῶς
3290 4056 3417 4124 περὶ
3447 4056 3586 4109 αὐτὰ

2008 4144 2171 4213 μόνον
2208 4146 2497 4214 στρέφοιτο
2524 4146 2651 4199 ἄνευ
2688 4145 2782 4196 τοῦ
2811 4146 3011 4215 ἥκιστα
3041 4146 3220 4200 αὐτῶν
3244 4147 3589 4214 ἐφάπτεσθαι

2006 4236 2103 4288 καὶ
2138 4238 2204 4305 τῇ
2234 4235 2522 4294 αἰσθήσει·
2561 4236 2689 4307 περὶ
2722 4237 2779 4289 δέ
2809 4255 2872 4306 γε
2907 4238 3016 4290 τῶν
3055 4240 3261 4307 νοητῶν
3299 4239 3465 4310 μηδὲν
3489 4241 3589 4292 αύ-

2008 4331 2120 4392 τοίς
2162 4330 2333 4397 σαφὲς
2353 4325 2497 4382 εἶναι
2530 4333 2660 4399 περὶ
2687 4331 2811 4383 ὅτου
2840 4330 2906 4383 ἂν
2934 4332 3024 4384 καὶ
3069 4330 3225 4396 ἐλπίς
3251 4351 3337 4396 τις
3381 4335 3463 4403 είη
3500 4335 3591 4403 pa-

2012 4424 2141 4475 ϐαία
2185 4422 2329 4475 οὕτω
2362 4423 2455 4475 καὶ
2504 4422 2651 4493 ἔχειν
2697 4423 2772 4486 ὡς
2820 4425 2914 4478 ὑπ’
2951 4425 3134 4479 αὑτῶν
3186 4428 3449 4494 ἔγνωστο,
3478 4427 3591 4479 ἀλλ’

2011 4513 2199 4583 ὥσπερ
2230 4514 2394 4584 ἀλλην
2421 4515 2551 4567 τινόι⁴
2573 4516 2682 4569 τῶν
2717 4517 3064 4587 ἐπιστημῶν,
3098 4516 3244 4571 οὕτω
3279 4518 3343 4590 δὴ
3373 4519 3466 4571 καὶ
3496 4518 3594 4589 τὴν

2010 4609 2136 4675 περὶ
2173 4606 2281 4658 τῶν
2314 4604 2477 4657 θείων
2518 4606 2779 4676 ἀσκῆσαι,
2814 4608 2909 4660 καὶ
2940 4608 3126 4679 πολλῷ
3157 4610 3361 4678 χεῖρον,
3396 4611 3506 4680 ὅσῳ
3529 4610 3594 4679 δὴ

2010 4700 2103 4750 καὶ
2148 4698 2336 4767 ἥττονι
2373 4697 2733 4768 βεϐαιότητι·
2768 4694 2909 4751 εἶναι
2955 4699 3053 4769 μέν
3104 4717 3228 4753 τινα
3256 4702 3365 4754 τῶν
3409 4719 3596 4771 φαινο-

2013 4792 2196 4860 μένων
2232 4789 2414 4859 πολλῷ
2469 4791 2706 4861 κρείττω
2748 4792 2843 4844 καὶ
2877 4793 3057 4846 αὐτῶν
3090 4794 3267 4856 ἐνίους
3301 4795 3595 4863 ὑπειληφό-

2009 4902 2129 4949 τας,
2167 4883 2393 4938 τοιαῦτα
2424 4884 2489 4948 δ’,
2520 4877 2608 4936 οἷα
2636 4883 2800 4948 αὐτὸς
2842 4884 3073 4948 ἕκαστος
3103 4887 3406 4957 ὑπείληφεν
3431 4882 3591 4948 εἶναι,

2010 4977 2072 5027 ἔκ
2101 4994 2261 5028 τινων
2296 4975 2483 5045 μύθων
2513 4975 2545 5041 ἢ
2583 4975 2693 5027 τῶν
2733 4977 2952 5029 οίκείων
2990 4977 3334 5047 προλήψεων,
3376 4978 3469 5027 καὶ
3498 4979 3595 5045 ἀρ-

2008 5069 2140 5139 χῶν,
2185 5067 2249 5130 ἃς
2299 5084 2427 5120 ποτε
2488 5068 2865 5137 ἀληθεστέρας
2913 5068 3022 5121 τῶν
3067 5068 3244 5121 ἄλλων
3301 5066 3594 5134 τυγχάνειν

2010 5159 2170 5231 ᾤετο,
2199 5158 2560 5230 ὡρμημένος.
2591 5160 2788 5211 Λαθεῖν
2822 5160 2877 5211 δέ
2901 5159 3009 5212 οὐδ’
3040 5158 3237 5220 αὐτοὺς
3268 5158 3510 5218 ἐκείνους
3535 5158 3605 5208 τὸν

2011 5254 2178 5322 μηδὲν
2221 5252 2411 5304 πιστὸν
2459 5251 2603 5321 ἔχειν
2639 5252 2765 5321 περὶ⁵
2814 5250 3017 5315 αὐτῶν,
3049 5252 3095 5302 εί
3129 5251 3203 5319 μὴ
3248 5252 3306 5312 ἐς
3339 5250 3463 5301 ὅσον
3499 5245 3596 5301 xu".

2005 5347 2070 5414 τῇ
2099 5346 2207 5395 τῶν
2240 5343 2466 5395 ἰδιωτῶν
2500 5344 2679 5415 πλάνῃ
2711 5342 3033 5413 ἐκέχρηντο,
3092 5340 3459 5411 χρηστηρίοις
3498 5343 3593 5393 καὶ

2008 5438 2125 5499 τ;.ῖς
2163 5438 2376 5488 ἐκεῖθεν
2425 5434 2787 5505 προσέχοντες
2836 5434 3140 5502 ἀφορμαῖς,
3174 5431 3274 5483 οῦκ
3316 5430 3593 5500 ἐξηπατη-

2071 5634 2145 5701 (‘2)
2208 5632 2344 5697 Quia
2400 5645 2591 5696 ncnvpe
2641 5633 2945 5682 σκώπτεται
3006 5626 3084 5690 είς
3136 5624 3493 5695 ἀναισθησίαν
3558 5625 3603 5691 ἦ·

2002 5700 2181 5765 Κύμη
2227 5702 2457 5764 (καλώ.)
2492 5700 2663 5755 ALLX.
