3904 6134
297 264 405 326 605

1400 266 1769 327 EPISTOLA
1811 267 1911 327 AD
1954 268 2450 331 PLETHONEM.

3394 238 3537 338 ὀοδ

295 397 419 452 χετο
448 375 674 447 δυνάμει
709 377 917 445 μείζονι
964 383 1243 454 νικωμένη
1267 399 1281 415 ο
1313 385 1341 437 ὁ
1371 384 1425 437 δέ
1473 383 1700 453 φυσικὸς
1736 385 1866 437 ὐπε-
1898 393 1938 447 Α
1967 400 2142 449 τινας,
2166 386 2260 438 καί
2281 404 2433 449 τινας
2457 385 2650 445 ἄλλους
2674 387 2887 457 χαίρειν
2911 386 3120 451 αὐτοῖς,
3139 385 3233 440 νῦν
3260 388 3360 456 μὲν
3383 388 3539 442 αὐτοί

292 472 460 542 χώρει
489 471 645 537 λόγος
680 472 795 532 τοῖς
830 472 969 525 κατὰ
1018 473 1179 542 φύσιν
1212 476 1516 541 ἀπιθάνοις,
1569 478 1860 542 πειστικῆς

289 581 437 625 τινος
485 562 707 633 χάριτος
760 562 947 617 θεόθεν
998 567 1427 637 συνεγχεομένης
1482 568 1561 629 είς
1612 566 1708 628 τάς
1753 565 1862 618 τῶν

290 653 475 725 ἀνθρώ
486 671 597 707 πων
620 654 818 723 ψυχάς.

363 745 633 798 Τοιούτων
662 748 718 798 αί
750 746 894 814 ίεραὶ
932 746 1106 816 βίϐλοι
1131 748 1487 817 διηγημάτων
1527 748 1621 801 καὶ
1650 747 1854 817 δογμά-

290 855 398 890 των
424 838 742 905 ἀνάμεστοι,
777 838 913 907 μηδὲ
942 840 1041 908 τῆς
1071 840 1127 891 ὲν
1157 840 1236 909 τῷ
1270 840 1411 907 λόγῳ
1439 841 1663 910 χάριτος
1700 842 1858 910 ἀμοι-

292 929 481 998 ροῦσαι
512 928 717 981 τούτων
755 930 810 982 αἱ
838 929 1079 996 πλείους,
1120 932 1214 984 καὶ
1242 930 1302 984 τὸ
1336 932 1433 1001 μὲν
1454 932 1858 1003 δηλητηριῶδες

299 1020 709 1090 Ἀριστοτέλους
774 1022 869 1074 καὶ
902 1021 1187 1086 Πλάτωνος
1237 1024 1653 1092 διαπεφευγυῖαι
1688 1026 1747 1077 τὸ
1802 1025 1859 1078 δέ

285 1113 488 1181 τέρπον
517 1113 840 1183 ἀνεπαχθῶς
869 1131 928 1166 τε
984 1116 1076 1168 καὶ
1119 1116 1415 1180 ἀκινδύνως
1451 1120 1560 1179 τοῖς
1602 1134 1857 1186 μεταχει-

291 1202 539 1270 ρίζουσιν
589 1204 687 1274 οὐχ
739 1201 901 1276 ἦττον
930 1206 1159 1259 ἐκείνων
1199 1207 1571 1264 ἀποδιδοῦσαι.
1599 1202 1699 1261 Ὧν
1746 1210 1857 1271 τοῖς

288 1295 565 1363 Πατράσιν
587 1295 774 1367 ὥσπερ
796 1297 907 1349 τισὶ
932 1299 1024 1351 καὶ
1055 1298 1415 1370 δποδείγμασι
1444 1299 1723 1369 χρώμεθα,
1745 1301 1853 1354 τῶν

286 1386 510 1453 ἀγαθῶν
541 1382 782 1442 ’ἐκείνων
826 1389 924 1460 τῆς
946 1392 1256 1459 οἰκονομίας
1311 1392 1595 1461 ἐγγυτέρω
1627 1409 1855 1461 γεγενη-

288 1478 473 1545 μένοις
494 1494 507 1506 ·
538 1480 624 1531 ὅτε
656 1479 720 1551 δὴ
770 1483 864 1533 καὶ
923 1482 1285 1554 πιθανότητος
1316 1484 1416 1553 μέν
1449 1502 1501 1537 τι
1537 1488 1749 1554 προσῆν
1773 1485 1854 1539 ἐτι

285 1572 397 1633 τοῖς
432 1569 719 1636 Πλάτωνος
759 1572 970 1642 μύθοις,
1005 1576 1054 1627 εἰ
1102 1574 1159 1628 δὲ
1196 1575 1394 1645 βούλει,
1430 1578 1659 1631 καὶτῶν
1686 1577 1851 1632 αὐτοῦ

284 1663 505 1717 πάντων
559 1664 832 1733 ὀμιλητῶν
889 1666 1009 1736 μετ’
1051 1667 1475 1737 Ἀριστοτέλους,
1510 1670 1573 1722 ἐκ
1613 1670 1710 1739 τῆς
1759 1686 1852 1722 σα-

1965 489 2023 522 τε
2062 473 2334 526 συνοίδασι
2363 476 2457 527 καὶ
2510 475 2695 528 ποῖ-λον⁸
2736 476 2857 546 μετ’
2903 477 3085 529 αὐτῶν
3110 492 3124 508 ο
3157 476 3323 540 δείξει
3351 477 3407 531 δέ
3439 479 3536 532 καῖι

1971 565 2139 616 πᾶσιν
2172 566 2200 616 ὁ
2234 565 2423 633 χρόνος
2454 569 2483 618 δ
2517 583 2648 632 φανε
2662 585 2768 635 ρων
2791 568 2857 620 τὰ
2886 568 3027 629 τέως
3055 569 3432 637 κρυπτόμενα.

2052 655 2213 708 ’Λλλά
2246 656 2310 708 σύ
2342 673 2406 724 γε
2441 658 2503 710 οὐ
2539 660 2787 728 σμικρῶς
2811 660 2955 729 ἡμᾶς
2987 659 3281 728 εὐφρανας,
3311 661 3402 713 τὸν
3441 661 3540 730 μὲν

1968 742 2078 797 τῶν
2112 744 2383 814 Ἐλλήνων
2412 747 2589 808 ἐκθεὶς
2614 748 2777 817 λῆρον
2806 749 2907 818 (2),
2931 749 3039 802 οὐδ’
3068 750 3197 812 ἴσως
3224 752 3538 819 παρέργως,

1968 836 2043 897 ὡς
2074 836 2161 901 ἂν,
2207 836 2263 888 εἴ
2286 854 2430 899 τινες
2468 838 2629 890 αὐτὸν
2661 838 2981 906 ἀγνοοῦντες
3024 840 3117 893 ὐπ’
3142 842 3300 893 ἐνίων
3339 840 3543 905 ἐξαπα-

1966 926 2160 997 τῷντο,
2195 927 2418 996 μάθοιέν
2440 946 2499 982 τε
2528 929 2619 982 καὶ
2648 934 2968 997 καταγνοῖεν
2992 946 3005 962 ·
3041 930 3150 984 ἀπὸ
3172 931 3264 1000 τῆς
3288 932 3460 1000 αὐτῆς
3484 932 3540 985 δὲ

1965 1022 2347 1090 ὁρμωμένους,
2372 1023 2447 1087 ὡς
2475 1023 2707 1093 ἔφησθα,
2731 1025 2825 1079 καὶ
2846 1025 3106 1086 Λατίνους
3123 1025 3304 1087 αὐτοῖς
3332 1024 3501 1077 ὑποθέ
3526 1054 3541 1066 -

1969 1128 2108 1174 σεως
2153 1114 2211 1166 ἐν
2256 1112 2333 1182 τῷ
2365 1114 2497 1185 παρ’
2525 1115 2708 1170 αὐτῶν
2763 1117 3069 1185 πεμφθέντι
3113 1132 3194 1168 σοι
3229 1117 3537 1186 γράμματι,

1966 1204 2144 1271 δείξας
2195 1208 2226 1276 ἢ
2275 1208 2453 1278 μάτην
2495 1208 2765 1279 Ἐλλήνων
2815 1211 3160 1278 κατηγορεῖν,
3192 1207 3226 1276 ἢ
3285 1211 3397 1269 τοῖς
3444 1209 3543 1260 αὐ-

1966 1297 2082 1360 τοῖς
2130 1300 2529 1371 ὲνεσχημένους
2575 1301 2672 1353 καὶ
2719 1303 2859 1369 σφᾶς
2908 1303 3147 1368 ἀγνοεῖν.
3186 1300 3260 1353 Οὐ
3308 1303 3415 1369 γάρ
3459 1302 3538 1353 ἔτι

1963 1388 2152 1440 λοιπὸν
2193 1390 2343 1458 χώρα
2395 1392 2507 1451 τοῖς
2548 1392 2648 1462 τὴν
2681 1391 2777 1463 σὴν
2807 1391 2987 1461 ψυχὴν
3018 1392 3389 1455 διαϐάλλουσι,
3438 1393 3537 1444 καὶ

1964 1479 2180 1548 φρονεῖν
2235 1494 2295 1530 σε
2346 1479 2799 1550 ίσχυριζομένοις,
2848 1476 2923 1535 ὧν
2977 1482 3043 1551 δὴ
3100 1482 3193 1534 καὶ
3251 1480 3539 1550 προδήλως

1961 1569 2121 1638 φαίνῃ
2152 1572 2513 1643 καταφρονῶν
2533 1588 2546 1600 ’
2580 1574 2701 1627 οὐδέ
2754 1572 3035 1626 πιστεύσει
3083 1590 3168 1637 τις
3201 1573 3391 1633 αὐτοῖς
3421 1572 3535 1624 τῶν

1960 1662 2181 1716 εἰδότων
2203 1662 2371 1715 ταῦτα
2397 1664 2460 1733 δή
2494 1664 2558 1717 τὰ
2593 1666 2730 1733 πρὸς
2752 1665 3017 1729 Λατίνους
3044 1681 3126 1719 σοι
3148 1666 3532 1733 γεγραμμένα.

285 1756 433 1827 πρᾶς
461 1732 676 1827 ἐκείνης
712 1732 808 1811 καὶ
844 1732 1127 1823 σκιώδουςί
1166 1732 1497 1830 σεμνότητος
1522 1779 1534 1792 ·
1584 1732 1739 1816 αὑέοὶ
1794 1762 1852 1816 δὲ,
1886 1732 1925 1786 Β
1960 1756 2068 1808 Καὶ
2103 1753 2300 1822 ἔγωγε,
2345 1756 2409 1825 νὴ
2448 1732 2547 1827 τὴν
2578 1732 2731 1827 ίεράν
2764 1758 3062 1827 ἀλήθειαν,
3091 1758 3310 1811 ἐδόκουν
3334 1758 3397 1825 δὴ
3436 1758 3536 1811 καὶ

282 1849 361 1917 τῷ
387 1850 525 1918 φωτὶ
564 1852 661 1919 τῆς
708 1853 853 1905 κατά
899 1853 1138 1918 Χριστὸν
1176 1853 1455 1923 ἀληθείας,
1490 1854 1855 1923 ὑπερνικῶντι

1959 1846 2244 1909 Πλάτωνος
2269 1848 2490 1901 ἀκούειν
2517 1850 2684 1902 αὐτοῦ
2710 1851 2804 1903 καὶ
2841 1850 3249 1921 Ἀριστοτέλους
3274 1851 3445 1905 πολλὰ
3474 1867 3533 1903 τε

285 1942 376 1993 καὶ
405 1941 682 1996 σϐεννύντι
716 1943 814 2012 τὴν
838 1943 1260 2015 δεισιδαιμονίαν
1286 1946 1502 2014 ἐκείνην
1534 1947 1626 1997 καὶ
1657 1945 1860 2016 ύπερο-
1960 1937 2332 2006 μεμφομένων
2359 1939 2455 1991 καὶ
2488 1938 2735 2008 βοώντων
2767 1938 2870 1993 δπδ
2913 1939 3007 1993 σοῦ
3044 1941 3112 1993 τά
3149 1941 3380 2008 μέγιστα
3420 1941 3537 2010 ἣδι-

288 2030 509 2101 ρίζοντι,
546 2033 620 2103 μὴ
668 2035 787 2097 ταῖς
823 2035 886 2087 ἐκ
931 2035 1039 2088 τῶν
1080 2036 1426 2105 πραγμάτων
1482 2036 1641 2104 μόνον
1686 2037 1855 2104 ἀνάγο

284 2140 410 2186 καις
440 2126 535 2177 καὶ
574 2128 686 2187 ταῖς
712 2125 917 2179 ἀνωθεν
950 2130 1231 2197 κατοχαῖς,
1265 2126 1398 2181 ἀλλά
1445 2128 1540 2180 καὶ
1575 2128 1853 2197 λογισμῶν

280 2219 463 2289 κρίσει
490 2221 598 2273 δεῖν
626 2218 794 2291 ᾤοντο
842 2221 1111 2287 σώζεσθαι
1147 2224 1473 2291 τεθειμένοι.
1502 2223 1609 2277 Καὶ
1639 2224 1713 2285 ὡς
1746 2240 1854 2275 πα-

282 2307 644 2378 ραδείγμασιν
704 2305 798 2362 οῦν
847 2312 1032 2374 αὐτοῖς
1077 2314 1415 2381 κεχρημένοι
1475 2315 1570 2367 καὶ
1631 2313 1852 2366 κανόσιν

278 2396 664 2466 ἀδιαψεύστοις
691 2399 800 2453 τῶν
851 2405 1310 2471 σωφρονεστέρων
1344 2404 1475 2471 περὶ
1528 2403 1625 2471 τῆς
1654 2404 1851 2473 ἡμετέ-

283 2506 383 2557 ρας
429 2490 661 2553 εὐζωϊας
719 2492 966 2558 ἐλπίδων,
1022 2493 1121 2547 οὐκ
1177 2494 1243 2547 ἂν
1303 2494 1703 2562 Ἀριστοτέλους
1756 2497 1851 2548 καὶ

280 2577 569 2642 Πλάτωνος
598 2582 697 2633 ὐπε
708 2582 895 2650 ραλγοὶ¹
900 2598 999 2651 μεν
1025 2584 1120 2638 ὑπ’
1142 2584 1387 2653 ἀλλήλων
1408 2586 1813 2655 ἀναιρουμένων
1834 2601 1851 2618 ’

278 2672 562 2740 χαίροιμεν
596 2673 639 2725 δ’
662 2672 727 2727 ἂν
754 2674 964 2744 καὶτῆς
996 2677 1053 2738 ἐς
1080 2676 1147 2729 τὰ
1181 2676 1416 2746 κρείττω
1448 2677 1558 2730 τῶν
1593 2678 1851 2749 μαθημά-

279 2781 390 2818 των
419 2765 763 2834 ἀμϐλύτητος
797 2768 982 2835 σφίσιν
1015 2768 1118 2820 ὐπὸ
1152 2768 1261 2821 τῶν
1311 2771 1370 2822 ἐκ
1398 2769 1638 2841 Χριστοῦ
1676 2788 1848 2840 φωτι-

286 2856 519 2911 σθέντων
553 2859 943 2929 ἐλεγχομένης.
979 2862 1177 2915 Καίτοι
1211 2863 1305 2916 καὶ
1365 2863 1699 2934 συγγνώμην
1750 2865 1848 2918 αὐ-

278 2952 389 3010 τοῖς
419 2968 539 3003 τινα
588 2953 867 3022 νεμόντων
898 2954 1111 3025 ἀκήκοα
1143 2954 1319 3023 λόγων
1374 2955 1680 3025 ἱερωτέρων
1710 2954 1843 3023 ἐγώ.

290 3041 434 3095 Ἀλλ’
485 3038 543 3097 εἴ
561 3062 705 3107 τινες
759 3044 854 3098 νῦν
901 3046 970 3099 τά
1024 3049 1208 3117 σαπρὰ
1243 3047 1516 3118 Ἑλλήνων
1565 3050 1922 3142 ἀνανεοϊενο

277 3132 593 3202 ληρήματα,
620 3135 850 3197 τούτους
879 3138 1047 3206 φασὶν
1077 3139 1135 3191 ἐν
1183 3138 1553 3209 ἀσυγγνώστῳ
1584 3141 1851 3194 καλινδεῖ-

280 3225 404 3278 σθαι
437 3225 513 3295 τῷ
536 3228 742 3294 ψεύδει.
771 3230 926 3283 Μετά
960 3230 1069 3300 γὰρ
1099 3231 1195 3301 τὴν
1222 3232 1482 3303 λαμπρὰν
1511 3232 1605 3301 τῆς
1649 3250 1851 3303 μοναρ-

278 3319 404 3389 χίας
454 3320 751 3385 ἀπόδειξιν,
776 3322 841 3392 ἢν
897 3324 1095 3376 ἐκεῖνοι
1129 3325 1249 3394 μὲν,
1284 3327 1404 3389 ταῖς
1437 3327 1850 3394 ἐπεισαγωγαῖς

276 3412 385 3466 τῶν
408 3412 773 3482 ψευδωνύμων
805 3415 1158 3483 ἀναιροῦντες
1189 3416 1348 3480 θεῶν,
1392 3421 1503 3480 τοῖς
1537 3418 1720 3486 λόγοις
1752 3420 1848 3489 μό-

274 3521 387 3568 νοις
417 3505 640 3572 ἐτίμων,
678 3507 704 3559 δ
739 3506 793 3559 δὲ
839 3506 933 3559 τοῦ
978 3508 1114 3560 Θεοῦ
1154 3512 1410 3580 συμφυὴς
1452 3512 1548 3565 καὶ
1579 3512 1849 3583 οὐσιώδης

276 3596 471 3660 Λόγος,
504 3597 643 3666 μετά
679 3598 784 3650 τῶν
815 3598 1119 3667 ἀνθρώπων
1162 3603 1550 3670 γεγενημένος,
1575 3604 1849 3672 ἀναμφισ-

276 3688 528 3759 ϐητήτως
581 3689 676 3744 καὶ
713 3692 966 3762 καθαρῶς
1008 3694 1287 3745 πιστεύειν
1334 3693 1562 3758 ἐδίδαξε,
1596 3694 1701 3746 ποῦ
1751 3694 1846 3747 νῦν

276 3782 428 3833 ὅσιον
458 3782 613 3847 αὖθις
653 3781 939 3845 θεοποιεῖν,
977 3783 1072 3835 καὶ
1126 3783 1225 3852 τὴν
1280 3784 1568 3852 ἀλόγιστον
1627 3786 1848 3854 ἐκείνην

276 3872 556 3926 θεοποιῖαν
603 3875 987 3943 ἀναζωπυρεῖν
1038 3874 1460 3943 ἀπεσϐεσμένην
1516 3876 1847 3943 πειρᾶσθαι,

278 3966 374 4017 καὶ
412 3963 548 4016 θεῶν
581 3983 743 4017 τινων
797 3967 1256 4035 ἀναγνωρισμοϋς
1296 3968 1358 4020 ἐκ
1411 3968 1737 4036 φιλοσοφίας
1770 3968 1848 4037 (1)

279 4057 424 4126 ὑπὲρ
488 4056 586 4126 τὴν
641 4058 881 4127 ποιητῶν
932 4058 1263 4127 διάστροφον
1322 4058 1575 4128 γνώμην,
1609 4060 1850 4128 καὶάγι-

279 4148 463 4210 στείας
511 4148 812 4212 εὐσταλεῖς,
854 4150 926 4211 ὡς
960 4150 1111 4202 αὐτοί
1146 4168 1300 4218 φασι,
1329 4150 1425 4203 καὶ
1476 4150 1672 4219 νόμους
1703 4151 1848 4219 ἠθῶν

276 4242 372 4295 καὶ
410 4240 624 4311 διαίτης
673 4241 761 4308 ὐφ’
798 4241 1030 4311 ⁴ὴγεμόνι
1089 4242 1426 4314 Ζωροάστρῃ
1458 4243 1552 4296 καὶ
1600 4244 1849 4297 Πλάτωνι

280 4334 375 4386 καὶ
409 4336 519 4397 τοῖς
549 4320 613 4385 ἐκ
638 4334 820 4397 στοᾶς,
858 4334 950 4385 καὶ
983 4334 1237 4403 τοιαύτην
1264 4336 1387 4386 τινα
1416 4335 1592 4403 λόγων
1618 4335 1849 4406 ὁμίχλην

1959 2030 2183 2098 κῆσθαι,
2222 2030 2483 2099 μαθόντος
2520 2032 2620 2100 μὲν
2637 2032 2814 2086 αὐτῶν
2837 2032 2906 2085 τά
2931 2032 3126 2102 σεμνά,
3161 2032 3351 2086 ἔπειτα
3377 2032 3530 2101 ἐξορο

1956 2125 2269 2193 χησαμένου
2293 2142 2306 2157 ο
2335 2125 2362 2178 ὂ
2390 2125 2454 2196 δὴ
2506 2128 2599 2180 καὶ
2631 2129 2743 2189 τοῖς
2774 2126 2879 2181 ὐπὸ
2913 2127 3015 2197 τῆς
3046 2126 3305 2196 ἀληθείας
3347 2142 3534 2193 πεφωο

1955 2215 2231 2282 τισμένοις
2284 2216 2452 2269 πᾶσιν
2509 2218 2641 2285 ἡμῖν
2688 2217 2997 2287 ἐμέμψαντ’
3030 2218 3118 2283 ἀν,
3163 2219 3211 2269 εί
3253 2217 3528 2287 παρῆσαν.

1953 2306 2170 2360 Μᾶλλον
2202 2306 2249 2359 δ’
2274 2308 2323 2361 ot
2357 2308 2458 2376 μὲν
2500 2309 2604 2363 κᾶν
2653 2311 2925 2381 ἐπῄνεσαν
2960 2312 3110 2380 ἡμᾶς
3147 2309 3293 2363 οὕτω
3343 2312 3532 2363 τάκεί-

1956 2415 2062 2450 νων
2096 2398 2475 2465 φαυλίζοντας,
2510 2402 2677 2473 πείρᾳ
2712 2401 3121 2472 μεμαθηκότες,
3154 2401 3228 2464 ὡς
3256 2401 3409 2454 οὐδὲν
3431 2403 3533 2455 αὐε-

1954 2491 2079 2555 τοὺς
2112 2489 2322 2561 ὤνησεν
2373 2494 2405 2561 ή
2457 2492 2595 2563 πρὸς
2643 2495 2743 2563 τὴν
2795 2493 2945 2549 θείαν
2979 2494 3144 2563 φύσιν
3194 2493 3528 2563 παρανομία,

1953 2580 2073 2633 οὐδὲ
2101 2581 2203 2649 τῆς
2234 2582 2513 2646 θεοποιῖας
2558 2584 2802 2654 εὐτυχῶς
2835 2585 3051 2655 ἐκείνης
3083 2586 3402 2656 ἀπήλλαξαν
3424 2601 3437 2615 '
3477 2586 3530 2638 οῖ

1952 2670 2009 2723 δὲ
2039 2671 2277 2739 ζηλωταὶ
2308 2672 2403 2725 νῦν
2441 2672 2686 2738 ἐκείνων,
2722 2674 2814 2725 ὐπ’
2860 2675 3138 2739 ἀπειρίας,
3177 2674 3415 2735 ἐγένοντ’
3465 2674 3533 2727 ἀν

1956 2776 2037 2817 σοι
2072 2766 2166 2819 καὶ
2204 2764 2384 2834 πολλῷ
2409 2765 2801 2837 χαλεπώτεροι,
2833 2768 2992 2838 είπερ
3017 2762 3129 2820 οἷόν
3167 2767 3215 2820 τ’
3240 2766 3327 2838 ἦν,
3364 2769 3531 2839 ἀπορσ

1954 2855 2219 2925 ῥίψαντας
2266 2856 2366 2926 τήν
2417 2856 2493 2920 ὡς
2547 2859 2639 2911 ἐπὶ
2683 2859 3039 2927 φαυλοτάτοις
3091 2860 3310 2921 πάντως
3373 2857 3527 2922 αίδὼ,

1954 2948 2237 3018 παρρησία
2268 2949 2362 3001 σοῦ
2393 2951 2687 3021 καταϐοᾷν,
2711 2952 2785 3014 ὡς
2815 2951 3154 3020 ἠδικηκότος.
3187 2951 3262 3002 Οὐ
3294 2951 3401 3020 γὰρ
3438 2967 3530 3018 μι-

1954 3035 2086 3104 κρὸν
2120 3038 2152 3107 ἢ
2200 3036 2267 3107 σὴ
2292 3038 2469 3107 ψῆφος
2495 3039 2738 3107 δύναται,
2775 3042 2912 3110 πρὸς
2963 3042 3062 3109 μὲν
3122 3041 3222 3110 τήν
3260 3042 3357 3108 τῆς
3397 3041 3530 3108 ἀλη-

1954 3127 2103 3189 Θείας
2136 3131 2482 3198 κατασκευὴν
2520 3131 2687 3203 αὐτῆς
2714 3133 2813 3202 τῆς
2839 3133 3096 3201 ἀληθείας
3142 3135 3236 3187 καὶ
3265 3136 3371 3187 τῶν
3393 3134 3528 3186 ταύ-

1952 3234 2049 3287 της
2083 3218 2260 3289 ἔργων
2297 3222 2631 3291 ἀρκούντων.
2666 3225 2757 3277 καὶ
2785 3224 2880 3278 τοῦ
2923 3225 3162 3295 πλήθους
3202 3226 3314 3279 τῶν
3341 3227 3524 3297 ἐκείνῃ

1955 3309 2092 3377 μετὰ
2146 3310 2307 3377 λόγου
2360 3329 2418 3364 τε
2476 3313 2572 3365 καὶ
2626 3314 2828 3383 ἀρετῆς
2873 3316 3222 3384 τεθειμένων,
3262 3310 3336 3369 ὧν
3358 3316 3411 3367 εί
3442 3334 3528 3379 τις

1952 3401 2237 3472 ὑπερορῶν
2276 3403 2453 3473 ἐαυτῷ
2505 3402 2613 3473 πρὸ
2658 3404 2884 3458 ἐκείνων
2932 3405 3079 3459 θέλει
3127 3409 3424 3471 πιστεύειν,
3459 3411 3527 3462 τά

1950 3494 2057 3546 τῶν
2089 3497 2433 3564 μαινομένων
2465 3498 2557 3565 ὅγε
2603 3498 2841 3561 τοιοῦτος
2880 3500 3104 3562 δικαίως
3150 3501 3216 3553 ἂν
3254 3502 3529 3570 νομίζοιτο

1951 3586 2217 3655 πάσχεινο
2251 3588 2345 3642 τοῦ
2377 3588 2434 3642 δὲ
2469 3591 2531 3642 τὸ
2562 3589 2779 3659 ψεῦδος,
2813 3591 3253 3645 ἀναϐιώσκεσθαι
3288 3594 3527 3663 τολμῶν,

1952 3682 2359 3751 συμπατεῖσθαί
2395 3700 2453 3735 τε
2488 3684 2583 3739 καὶ
2613 3686 3053 3755 συμπνίγεσθαι,“
3078 3687 3146 3739 δι’
3177 3688 3386 3740 ἐκείνου
3422 3689 3525 3757 μά-

1948 3769 2108 3824 λιστά
2165 3788 2229 3839 γε
2284 3773 2704 3845 συμϐησομένου
2743 3776 2942 3837 καλῶς.
2972 3777 3032 3828 δν
3079 3778 3232 3830 οὐδὲν
3278 3780 3535 3846 λέληθεν,

1949 3860 2037 3927 ἐφ’
2057 3858 2136 3924 οἷς
2168 3864 2344 3915 ἐκεῖνο
2373 3866 2716 3935 πεφρονηλὸς
2748 3867 3115 3931 αὐθαδίξεται.
3155 3870 3316 3922 Ἀλλὰ
3344 3872 3406 3923 σύ
3436 3889 3522 3937 γε,

1949 3951 2139 4021 ὥσπερ
2197 3956 2691 4025 ἐπισκηπτόμενος,
2724 3960 2889 4028 τιμᾷν
2942 3960 3042 4026 μὲν
3092 3962 3286 4029 φήσεις
3338 3964 3522 4035 αὐτοῖς

1949 4044 2044 4096 καὶ
2077 4044 2443 4115 Ἀριστοτέλη,
2474 4049 2531 4099 ἐν
2563 4044 2645 4109 οἷς
2674 4047 2740 4100 ἂν
2769 4049 2897 4113 δέοι,
2927 4050 3019 4100 καὶ
3049 4050 3329 4111 Πλάτωνα,
3357 4069 3523 4103 καταο

1948 4132 2238 4200 γινώσκειν
2267 4134 2310 4185 δ’
2338 4134 2538 4195 αὐτῶν,
2575 4134 2636 4188 οῦ
2670 4154 2722 4187 τι
2749 4136 2842 4187 καὶ
2875 4137 3027 4205 παρά
3057 4140 3220 4205 νόμον
3261 4138 3522 4205 φθέγγον-

1947 4241 2075 4279 ται·
2104 4225 2262 4278 τοῦτο
2303 4226 2349 4278 δ’
2375 4228 2432 4279 ἐν
2466 4230 2580 4287 τοῖς
2614 4229 2851 4295 καιρίοις
2896 4229 3141 4281 ἑάλωσαν
3169 4230 3521 4291 πεπονθότες.

1950 4319 2020 4371 Ἣ
2073 4317 2190 4380 πῶς
2238 4318 2305 4371 ἂν
2356 4319 2469 4389 έχοι
2499 4319 2676 4387 λόγον,
2716 4320 2878 4390 ἢτὴν
2912 4321 3102 4373 οὐσίαν
3145 4322 3237 4374 τοῦ
3272 4322 3407 4375 Θεοῦ
3448 4324 3524 4393 μὴ

280 4419 437 4485 αῦθις
492 4424 785 4491 συνάγεινς
840 4420 905 4495 ἧς
968 4427 1086 4488 ταῖς
1151 4426 1246 4495 τῆς
1296 4426 1446 4496 ἱερᾶς
1500 4426 1847 4491 διδασκαλίας
1882 4425 1925 4480 D
1952 4410 2251 4479 διακρίνειν
2293 4411 2389 4479 τῆς
2430 4413 2709 4480 ἐνεργείας
2742 4412 2818 4481 (δ)
2850 4412 2961 4466 οὐδ’
2992 4415 3238 4467 ὀπωδοδν
3285 4415 3521 4486 ἀληθῶς,

278 4514 463 4568 ἀκτῖσι
489 4515 646 4575 θείως
670 4514 1091 4584 ἐσκεδασμένης,
1122 4515 1256 4581 πρὸς
1278 4516 1374 4580 τὰς
1400 4516 1498 4586 τῆς
1532 4517 1846 4586 ὑπερφυοῦς

274 4605 536 4674 ἀληθείας
567 4607 797 4678 αὐγάςή
842 4604 951 4658 τῶν
990 4605 1296 4675 ἀνθρώπων
1335 4607 1497 4674 φύσις
1533 4608 1847 4678 ἀνέϐλεψεν.

285 4698 506 4752 Ἐκεῖνα
543 4699 640 4768 μὲν
690 4698 781 4752 οὐν
814 4699 862 4751 εί
925 4699 1168 4771 συμϐαίη
1203 4717 1296 4768 μοι
1332 4700 1388 4762 ἐς
1446 4703 1633 4770 χεῖρας
1681 4703 1849 4756 πάντα

274 4792 471 4857 ἐλθεῖν,
503 4793 772 4863 φλυαρίαν
825 4791 955 4845 ὄντα
991 4792 1149 4856 δείξω
1204 4794 1445 4863 μακρὰν,
1498 4794 1593 4846 καὶ
1660 4795 1849 4848 πολλοὶ

271 4886 542 4950 δείξουσιν
569 4898 584 4915 ο
621 4885 756 4937 ἀλλά
788 4884 999 4951 γένοιτο
1035 4885 1426 4951 κάμοὶ-τοῦτον
1477 4886 1847 4954 ἐνστήσασθαι

272 4977 364 5030 τὸν
386 4976 701 5043 ἀγῶνα,καῖ
730 4976 803 5046 μὴ
827 4974 960 5046 πῦρ,
986 4976 1117 5028 ἀλλὰ
1146 4975 1336 5042 λόγους
1360 4976 1563 5044 μᾶλλον
1585 4977 1846 5045 ἀληθείας

271 5068 565 5133 ἐπαφεῖναι
592 5066 704 5127 τοῖς
740 5066 1084 5134 γράμμασιν,
1117 5066 1190 5128 ὠς
1222 5068 1330 5141 τοῖς
1360 5065 1604 5134 γράψασι
1644 5069 1845 5136 μᾶλλον

271 5157 579 5225 πρέποντος
604 5156 695 5209 τοῦ
729 5158 997 5227 πυρός.ΕΞ
1021 5157 1062 5208 δ’
1096 5156 1225 5210 ἄλλο
1253 5175 1303 5210 τι
1328 5158 1454 5227 περὶ
1479 5160 1630 5229 ήμῶν
1660 5160 1844 5230 δοκοίη

272 5250 348 5317 σῖ)
381 5248 719 5319 κρείττονι,ἥ
748 5266 811 5316 γε
842 5249 1094 5316 πρόθεσις
1126 5250 1260 5319 πρὸς
1295 5250 1577 5303 εὐσέϐειαν
1613 5251 1841 5319 ἐξαρκὲ-

273 5339 513 5392 σει.”Οτι
537 5338 592 5391 δὲ
619 5339 695 5408 μὴ
722 5338 1041 5407 συκοφαντῶ
1077 5338 1467 5409 τετολμηκέναι
1498 5341 1564 5392 τέι
1596 5342 1844 5395 τοιαῦτὰ

344 5494 421 5563 (ι)
449 5494 574 5567 _Cfr.
618 5496 887 5567 librorum
917 5496 984 5548 de
1025 5496 1256 5565 Legibus
1294 5497 1643 5565 prommium,
1716 5512 1837 5567 pag.

272 5563 308 5619 2
343 5573 398 5617 et
435 5564 489 5625 4.
522 5565 666 5631 quod
730 5566 1016 5620 Scholario
1045 5563 1155 5633 jain
1195 5563 1329 5631 Iuni,
1361 5583 1482 5621 cum
1527 5569 1641 5621 hmc
1702 5563 1840 5621 €ch-

274 5635 446 5707 θοι-αι,
483 5634 785 5689 inuoluiSsc
818 5636 1140 5707 l!|il‘Uﬂl_(‘Sl,
1184 5638 1286 5691 nisi
1365 5637 1593 5707 alicujus
1626 5653 1652 5692 a
1722 5638 1836 5692 Ηρ-

278 5704 460 5765 ιίιυηὶδ
488 5715 635 5759 secta
676 5704 963 5776 transfugae
1008 5705 1225 5763 inllicio.
1261 5710 1428 5761 ALEX.

1954 4504 2012 4567 ἐξ
2045 4505 2215 4571 αὐτῆς
2247 4503 2337 4555 τοῦ
2373 4505 2698 4573 πράγματος
2741 4507 3113 4577 διενηνοχότος
3156 4508 3256 4577 τῆς
3284 4509 3521 4576 φύσεως,

1953 4595 2048 4645 καὶ
2079 4595 2138 4646 τὸ
2171 4596 2222 4646 τί
2251 4590 2318 4664 ἦν
2352 4591 2492 4648 εἶναι
2521 4597 2779 4667 διάφορον
2808 4598 3020 4667 ἔχοντος
3055 4600 3147 4651 καὶ
3182 4601 3241 4653 ἐν
3269 4602 3419 4670 αὐτῷ
3447 4602 3539 4672 τῷ.

1952 4683 2091 4751 Θεῷ,
2121 4684 2177 4755 εί
2198 4702 2259 4751 γε
2295 4686 2477 4755 μέλλοι
2511 4704 2595 4751 τις
2638 4688 2712 4757 μὴ
2741 4689 2861 4758 είκῆ
2888 4689 3065 4743 ταῦτα
3089 4691 3282 4760 ψοφεῖν
3312 4694 3378 4745 τὰ
3409 4694 3529 4746 όνό·

1955 4792 2122 4844 ματα,
2150 4777 2244 4831 καὶ
2281 4780 2418 4846 μήτε
2455 4780 2574 4849 τῆς,
2610 4781 2683 4843 ὡς
2710 4782 2776 4833 ἂν
2808 4783 3005 4836 ἐκεῖνοι
3044 4787 3221 4852 φαῖεν,
3275 4787 3526 4857 ἐνότητος

1953 4868 2152 4931 αὐτῶν,
2184 4872 2321 4939 μήτε
2368 4872 2468 4941 τῆς
2509 4872 2834 4941 διακρίσεως
2868 4876 2948 4937 είς
2982 4877 3135 4929 οὐδὲν
3184 4879 3478 4931 ἀπολαύειν
3506 4895 3519 4908 ⁸

1953 4960 1985 5029 ἢ
2040 4962 2234 5025 παῖδας
2271 4964 2370 5030 μέν
2412 4980 2564 5027 τινας
2594 4966 2688 5019 τοῦ
2718 4966 2855 5019 Θεοῦ
2897 4968 3077 5036 λέγειν
3116 4972 3179 5023 ἐκ
3209 4971 3307 5037 τῆς
3336 4971 3531 5031 οὐσίας

1954 5054 2120 5107 αὐτοῦ
2144 5058 2547 5126 προηγμένους,
2577 5060 2734 5129 εἴπερ
2763 5062 2826 5126 δὴ
2860 5065 2951 5115 καὶ
2977 5065 3074 5132 τῆς
3096 5064 3395 5132 ἐνεργείας,
3423 5066 3522 5131 τῆς

1953 5148 2122 5216 αὐτῆς
2153 5150 2218 5203 ἂν
2246 5149 2413 5219 οὔσης
2452 5153 2518 5221 τῇ
2549 5152 2709 5220 φύσει
2736 5152 3009 5220 καθάπαξ,
3040 5152 3158 5208 εἶτα
3192 5156 3265 5225 μὴ
3298 5158 3407 5207 δεῖν
3430 5155 3533 5208 τὸν.

1953 5242 2085 5294 Θεὸν
2116 5243 2297 5307 ἀξιοῦν
2324 5246 2445 5305 τοὺς
2470 5245 2666 5308 αὐτοὺς
2695 5248 2760 5315 τῇ
2790 5245 2969 5315 φύσει,
2992 5246 3109 5299 ἀλλ’
3138 5247 3325 5315 ἐτέρας
3347 5247 3523 5300 ἄπαν-

1950 5358 2044 5403 τας
2075 5342 2258 5402 οὐσίας
2280 5344 2370 5395 καὶ
2397 5344 2531 5397 πολὺ
2565 5346 2959 5414 ὑποδεεστέρας
2990 5344 3284 5414 προάγειν;
3317 5347 3385 5398 Ἢ
3413 5345 3523 5415 γὰρ

2021 5504 2096 5577 (2.)
2138 5504 2356 5577 confer.
2415 5521 2536 5577 qua:
2598 5506 2683 5560 hic
2725 5504 2927 5575 optimc
2981 5504 3367 5573 discutiuntur,
3403 5507 3527 5577 ipsa,

1949 5573 2229 5630 Plellumis
2254 5573 2443 5629 verba;
2467 5576 2634 5630 ALEX.

2019 5644 2093 5713 (5)
2136 5644 2256 5699 Haec
2297 5657 2348 5702 Cl
2379 5661 2528 5715 seqq.
2565 5662 2627 5699 ex
2676 5646 2791 5715 ipso
2818 5644 3101 5705 Plcthonc.
