3904 6134
353 225 459 285 607

1446 235 1828 295 GENNADII
1861 234 1975 295 ΒΡ.
2022 235 2541 305 ΡΑΤΒΙΑΒΟΗΕ

3492 241 3601 303 €08

350 331 518 401 ἐχρῆν
551 335 751 402 μηδένα
785 336 848 390 ἐκ
886 340 983 402 τῆς
1015 341 1203 404 οὐσίας
1227 342 1320 397 τοῦ
1354 344 1512 411 Θεοῦ,
1547 347 1744 400 ταυτὸν
1775 347 1819 399 δ’
1848 348 1926 399 εί-
1957 357 2001 410 Α
2030 349 2126 401 καὶ
2158 351 2305 417 τρεῖς
2335 349 2532 411 παῖδας
2578 348 2967 420 γεγεννηκέναι
2996 352 3061 421 τῇ
3097 351 3256 419 φύσει
3302 353 3537 421 ὁμοίους,
3568 355 3601 422 ἦ

349 427 471 475 πεῖν
491 425 590 494 τῆς
618 428 899 496 ἐνεργείας
938 432 1057 483 κατ’
1090 435 1311 499 αὐτοὺς,
1340 439 1681 507 προαχθῆναι
1714 439 1914 507 λέγειν,

350 516 466 567 ἀλλ’
487 518 688 572 ἄπαιδα
718 516 859 574 εἴναι
886 524 1141 591 καθάπαξ
1164 530 1254 580 τὸν
1279 530 1411 582 Θεὸν
1429 534 1525 584 καὶ
1544 534 1756 600 ἄγονον.
1786 536 1921 587 Καί-

346 623 429 659 τοι
477 608 620 662 οὓτω
672 612 834 676 αὐτὸς
880 616 979 685 μὲν
1013 618 1247 685 μάλιστα
1284 621 1347 674 ἂν
1372 620 1447 685 είς
1480 618 1547 694 ἦν
1578 627 1673 678 κοιλ⁸
1708 625 1764 677 ἓν
1792 627 1915 678 ἄτο-

351 713 470 765 μον,
498 697 574 761 ὦς
604 718 789 769 φασιν,
833 705 860 757 ὃ
893 708 1025 761 πολὺ
1067 709 1276 779 βέλτιον
1320 715 1387 766 ἂν
1421 717 1503 785 εἴη
1542 718 1634 770 τοῦ
1663 718 1720 778 ἐς
1748 717 1918 769 πολλά

347 791 444 857 τὴν
482 791 709 860 θεότητα
746 800 1141 868 κατατέμνειν*
1185 807 1215 873 ἡ
1251 805 1305 857 δὲ
1334 810 1512 869 κτίσις
1560 811 1661 862 οὐκ
1691 810 1756 863 ἂν
1799 811 1916 877 ἐγί-

347 897 468 932 νετο
495 885 557 935 ἐκ
585 885 741 952 Θεοῦ,
773 890 887 941 ἀλλ’
921 892 952 960 ἢ
996 894 1059 945 ἐκ
1086 899 1429 964 ταυτομάτου
1461 898 1512 965 γ’
1544 899 1609 952 ἂν
1635 896 1722 969 ἦν,
1746 901 1776 967 ἦ
1803 899 1915 952 οὐδ’

348 972 412 1023 ἂν
437 969 503 1044 ἦν
532 976 689 1037 ὄλως’
709 981 805 1050 οὐχ
834 984 915 1035 ὅτι
946 985 1105 1051 μόνον
1125 989 1227 1040 οὐκ
1258 988 1322 1041 ἂν
1340 982 1452 1042 οἷόν
1477 991 1524 1044 τ’
1544 987 1630 1061 ἦν,
1657 991 1731 1062 μὴ
1751 992 1919 1044 ὄντων

346 1064 457 1117 τῶν
509 1068 1084 1143 συνδημιουργούντων
1128 1096 1186 1131 τε
1244 1081 1413 1150 αὐτὴν
1455 1084 1549 1136 καὶ
1603 1101 1920 1154 συνεπιτρο-

350 1157 624 1212 πευόντων
669 1164 874 1217 παίδων
909 1168 1115 1223 ἐκείνου
1171 1173 1296 1239 (δέοι
1346 1175 1453 1240 γὰρ
1481 1176 1546 1229 ἂν
1590 1177 1771 1239 αὐτοῖς
1826 1180 1920 1232 καὶ

348 1248 515 1317 ἀμφω
569 1253 1043 1327 ὐπάρχειν),ἀλλά
1072 1264 1148 1332 τῷ
1197 1264 1288 1317 καὶ
1336 1266 1439 1336 τὴν
1493 1268 1772 1335 ἐνέργειαν
1824 1270 1921 1323 αύ-

347 1342 443 1394 τοῦ
478 1345 671 1411 ἄγονον
711 1345 873 1416 εἶναι,
907 1352 1007 1423 τὴν
1034 1356 1203 1425 αὐτὴν
1249 1352 1414 1412 οὖσαν
1456 1362 1521 1429 τῇ
1550 1360 1709 1431 οὐσίᾳ
1754 1362 1921 1415 καθά-

349 1434 478 1497 παξ.
516 1437 584 1488 Ἢ
615 1438 797 1493 τοίνυν
830 1441 977 1497 οὐτω
1025 1446 1336 1515 νομοθετεῖν
1368 1449 1565 1512 αὐτοὺς
1611 1452 1740 1519 ἔδει,
1778 1454 1810 1523 ἢ
1856 1455 1920 1506 ἐκ

349 1524 447 1593 τῆς
475 1528 665 1590 οὐσίας
686 1530 783 1585 τοῦ
811 1533 943 1587 Θεοῦ
974 1534 1230 1603 λέγοντας
1246 1540 1602 1611 γεγεννῆσθαι
1628 1543 1823 1606 παῖδάς
1843 1562 1921 1597 τι·-

351 1634 445 1678 νας
479 1619 574 1672 καὶ
604 1621 835 1686 πολλούς
862 1642 946 1692 γε,
998 1628 1092 1679 καὶ
1139 1629 1239 1698 τῆς
1296 1632 1467 1701 αὐτῆς
1517 1633 1701 1696 οὐσίας
1737 1635 1919 1699 ἀξιοῦν

2026 437 2092 490 ὲκ
2119 438 2211 491 τοῦ
2253 439 2515 502 πολλάκις
2545 440 2814 503 τοσαύτας
2860 440 3047 504 κλίνας
3082 444 3460 510 πεποιηκέναι,
3490 448 3521 512 ἦ
3575 447 3603 495 ὅ

2026 546 2079 581 τι
2116 531 2179 583 ἄν
2233 547 2315 589 τις
2369 533 2505 598 φαίη
2567 532 2674 583 τῶν
2726 532 2888 602 τέχνῃ
2950 533 3267 601 γινομένων,
3303 535 3336 587 ἆ
3382 537 3446 604 τῇ
3504 536 3602 601 μὲν

2028 622 2186 690 φύσει
2209 622 2459 691 ἀνόμοια,
2486 621 2562 692 τῷ
2583 623 2639 675 δὲ
2670 626 2974 694 προαιρετῷ
3006 626 3155 679 ένδον
3179 629 3305 680 εῖδει
3335 628 3600 696 ἀμηγέπη

2026 713 2377 784 ὡμοιωμένα.
2415 716 2521 767 Καὶ
2575 717 2622 768 εί
2683 716 2755 784 μὴ
2805 719 2859 769 αἱ
2907 718 2994 769 διὰ
3048 718 3146 787 τὴν
3208 720 3601 789 παιδοτροφίαν

2030 806 2337 873 φροντίδες,
2467 807 2691 873 θεωρεῖν
2721 811 3178 877 προσιστάμεναι,
3218 811 3441 878 ἀγόνους
3476 812 3601 879 βού-

2028 898 2217 950 λεσθαι
2274 894 2415 951 εἶναι
2456 900 2582 958 τοὺς
2635 902 2776 954 πάνυ
2822 918 2907 954 τοι
2954 903 3197 972 ἐρῶντας
3243 904 3335 955 τοῦ
3376 905 3602 973 θεωρεῖν

2026 990 2263 1051 ἔπειθον,
2298 991 2414 1057 ἅμα
2436 991 2490 1042 δὲ
2523 994 2617 1061 καὶ
2644 993 2743 1045 ὅσα
2772 994 2908 1047 ἄλλα
2936 992 3295 1057 συνέζευκται
3325 999 3389 1064 τῇ
3420 998 3604 1048 παιδο-

2028 1082 2198 1152 κορίᾳ
2226 1084 2493 1153 πρότερόν
2516 1101 2575 1136 τε
2602 1084 2695 1137 καὶ
2724 1083 2954 1153 ὕστερον
2983 1085 3238 1155 δυσχερῆ,
3275 1088 3378 1140 κᾶν
3408 1088 3604 1139 ἀθλιώ-

2026 1190 2185 1233 τατος
2218 1167 2286 1241 ἧν
2324 1174 2351 1226 6
2389 1173 2546 1226 τοῦτο
2593 1173 2813 1242 φεύγων
2852 1175 2941 1228 διὰ
2975 1176 3035 1227 τὸ
3073 1174 3279 1227 οἴεσθαι
3316 1177 3503 1242 ἀρκεῖν
3536 1176 3601 1225 ἂν

2027 1264 2178 1334 αὐτῷ
2212 1265 2348 1334 πρὸς
2372 1265 2717 1336 εὐδαιμονίαν
2742 1268 2803 1320 τὸ
2829 1270 3169 1337 προαγαγεῖν
3196 1284 3248 1318 τι
3274 1266 3380 1319 τῶν
3410 1283 3603 1337 τεχνη-

2025 1355 2155 1420 τῶν,
2191 1356 2282 1408 καὶ
2317 1355 2550 1426 ἀληθοῦς
2578 1357 2767 1426 ἡδονῆς
2794 1357 3210 1427 ἀνεπίστροφος,
3242 1358 3373 1410 ὅπου
3410 1373 3471 1423 γε
3500 1357 3594 1408 καὶ

2025 1450 2198 1500 ταῦτα
2240 1448 2404 1501 ἕνεκά
2444 1465 2503 1500 τε
2546 1448 2639 1500 τοῦ
2678 1446 2965 1519 ἀνθρώπου
3001 1448 3161 1516 ἴσμεν
3187 1450 3469 1517 γινόμενα,
3502 1448 3599 1499 καὶ

2026 1537 2116 1592 διὰ
2147 1538 2243 1607 τὴν
2267 1539 2455 1609 χρείαν
2491 1538 2799 1607 τιμώμενα,
2826 1540 2885 1593 οὐ
2917 1540 2983 1593 δι’
3016 1539 3207 1592 ἑαυτά.
3241 1539 3389 1609 Ὅσῳ
3416 1540 3596 1590 τοίνυν

2030 1626 2256 1695 βελτίων
2311 1628 2598 1698 ἄνθρωπος
2650 1630 2840 1701 κλίνης
2894 1629 2926 1700 ἢ
2979 1628 3299 1698 σκίμποδος,
3356 1628 3598 1694 τοσούτῳ

351 1702 511 1777 εἶναι,
548 1712 640 1765 καὶ
684 1716 892 1780 πάντας
938 1719 1278 1788 όμοουσίους,
1313 1725 1408 1776 καὶ
1440 1725 1554 1777 ίσον
1594 1725 1924 1796 δυναμένους
1957 1716 1997 1770 Β
2029 1718 2237 1788 βέλτιον
2281 1720 2347 1774 ἂν
2394 1722 2478 1792 εἴη
2525 1722 2812 1792 ἄνθρωπον
2861 1725 3056 1791 γεννᾷν
3087 1724 3120 1792 ἦ
3153 1741 3205 1775 τι
3239 1723 3463 1775 ἐκείνων
3502 1721 3599 1790 δη-

353 1801 544 1866 ἀπλῶς
569 1821 629 1857 τε
662 1807 765 1859 κάν
790 1807 869 1877 τῷ
903 1812 1066 1863 παντὶ
1094 1812 1228 1881 τῷδε
1254 1814 1347 1866 καὶ
1375 1818 1486 1877 τοῖς
1514 1816 1676 1870 αὐτοῦ
1704 1819 1915 1890 μέρεσι.

352 1893 546 1946 Καίτοι
579 1894 721 1950 οὕτω
749 1897 780 1967 ἢ
827 1901 1026 1965 αὐτοὺς
1058 1902 1166 1957 ἔδει
1200 1908 1358 1975 μόνον
1386 1903 1452 1961 αὖ
1485 1906 1645 1972 εἶναι,
1681 1913 1776 1963 καὶ
1814 1912 1923 1966 τῶν

350 1983 856 2058 δημιουργημάτων
897 1993 1047 2047 οὐδέν
1069 2009 1082 2024 ⁸
1118 1997 1178 2049 οὐ
1233 1998 1341 2068 γὰρ
1372 2000 1441 2053 ἂν
1479 2000 1701 2069 ἔμελλεν
1738 2006 1765 2057 6
1791 2003 1924 2067 Θεὶς

353 2074 526 2144 δήπου
557 2078 703 2149 ἕτερ’
736 2082 872 2137 ἄττα
906 2087 1170 2155 προάγειν
1192 2092 1257 2159 τῇ
1290 2092 1560 2162 ἐνεργείᾳ,
1599 2094 1686 2147 ἵνα
1716 2095 1790 2165 μὴ
1821 2097 1923 2149 κά-

353 2171 509 2223 κεῖνα
556 2171 668 2226 θεοὶ
726 2170 858 2242 εἷεν,
907 2181 972 2249 τῇ
1027 2180 1161 2250 αὐτῇ
1189 2182 1361 2251 δήπου
1408 2188 1728 2255 προηγμένα
1758 2188 1923 2259 ἀρχῇ,

353 2261 451 2326 τῆς
495 2263 665 2332 αὐτῆς
710 2266 777 2320 ἂν
806 2267 974 2340 οὐσης
1002 2273 1284 2341 ἐνεργείας
1319 2293 1377 2329 τε
1415 2279 1509 2331 καὶ
1540 2280 1727 2343 οὐσίας
1751 2280 1924 2334 καθά-

354 2351 496 2416 παξ·
529 2354 699 2423 ἣσιαλ
741 2360 810 2413 τά
847 2361 977 2416 ὅντα
1015 2365 1189 2419 πάντα
1221 2368 1373 2431 θεοὺς
1402 2365 1564 2435 εἶναι,
1595 2372 1695 2426 εἴθ’
1723 2373 1926 2441 ὁμοίως

355 2443 419 2495 ἐκ
452 2443 588 2499 Θεοῦ
627 2451 692 2517 τῇ
725 2450 882 2523 οὐσίᾳ
913 2458 1274 2526 γεγενημένα,
1308 2460 1419 2513 εἴτε
1460 2464 1551 2514 καὶ
1580 2464 1645 2516 ἐκ
1687 2465 1795 2517 τῶν
1833 2466 1925 2519 τοῦ

354 2531 494 2587 Θεοῦ
530 2538 756 2604 παίδων,
792 2543 865 2606 ώς
895 2546 1049 2599 αὐτοὶ
1094 2548 1152 2613 ἐξ
1185 2550 1393 2605 ἐκείνου
1427 2557 1756 2626 τυγχάνουσι
1793 2577 1926 2631 προ-

359 2627 612 2717 ηγ-μέᾼνοι.
641 2632 831 2696 Οὐδεὶς
885 2639 994 2706 γάρ
1052 2638 1120 2691 ἂν
1176 2640 1330 2708 λόγος
1366 2644 1541 2714 δοθείη
1587 2627 1926 2717 ἀνθρώπινος

354 2713 450 2765 τοῦ
492 2715 523 2784 ἢ
553 2718 643 2770 τὸν
678 2720 810 2774 Θεὸν
840 2725 904 2778 ἐκ
933 2727 1032 2798 τῆς
1064 2728 1252 2793 οὐσίας
1299 2732 1398 2800 μὲν
1429 2713 1594 2788 αὐτοῦ
1639 2713 1921 2807 προάγειν,

359 2807 536 2859 εῖτουν
567 2807 668 2877 τῆς
699 2811 1002 2882 ἐνεργείας,
1051 2819 1227 2874 πάντα
1274 2824 1342 2876 τά
1390 2824 1541 2889 ὄντα,
1579 2827 1652 2895 μὴ
1697 2824 1836 2881 εἶναι
1869 2830 1924 2883 δέ

356 2897 536 2951 πάντα
573 2897 750 2967 θεοὺς,
786 2904 943 2975 εἰπερ
978 2907 1093 2960 ἔνια
1140 2910 1318 2964 αὐτῶν
1368 2913 1480 2967 θεοί
1523 2916 1629 2967 είσι
1664 2915 1751 2971 διὰ
1780 2919 1925 2973 τοῦτ’

356 2989 489 3044 αὐτὸ
509 2991 571 3045 τὸ
599 2994 663 3048 ἐκ
687 2995 790 3065 τῆς
825 2998 1012 3063 οὐσίας
1038 3001 1201 3056 αὐτοῦ
1231 3006 1534 3074 προελθεῖν,
1569 3008 1600 3077 ἢ
1639 3011 1765 3075 τοὺς
1790 3012 1924 3064 Θεοῦ

358 3083 575 3176 Ἰταζδας,
620 3087 684 3140 ἐκ
733 3090 831 3159 τῆς
878 3092 1068 3153 οὐσίας
1114 3070 1287 3148 αὐτοῦ
1339 3070 1798 3170 προεληλυθότας,
1849 3104 1925 3176 μὴ
1952 3070 1995 3129 C

359 3171 516 3237 θεοὺς
569 3177 852 3245 προάγειν,
884 3181 1002 3234 ἃττ’
1051 3184 1117 3236 ἂν
1160 3187 1222 3238 ἐκ
1251 3187 1351 3257 τῆς
1378 3190 1528 3256 σφῶν
1572 3193 1762 3256 οὐσίας
1793 3215 1927 3267 προσ

360 3263 569 3333 ἀγοιεν.
603 3269 675 3321 Τὸ
706 3270 752 3322 δ’
776 3272 840 3324 ἐκ
861 3273 960 3340 τῆς
988 3274 1175 3339 οὐσίας
1206 3278 1299 3331 τοῦ
1331 3280 1464 3333 Θεοῦ
1503 3284 1784 3352 προελθεῖν
1808 3263 1928 3342 τινα

364 3359 438 3426 μὴ
470 3359 569 3429 τὴν
598 3361 785 3414 οὐσίαν
815 3363 1006 3433 ἔχοντα
1038 3366 1132 3421 τοῦ
1164 3371 1318 3437 Θεοῦ,
1357 3373 1555 3443 ἐπίσης
1586 3376 1788 3443 φαῦλόν
1812 3381 1927 3433 ἐστι

362 3450 439 3518 τῷ
462 3452 556 3504 καὶ
583 3452 760 3506 πάντα
786 3456 852 3508 τὰ
879 3456 941 3507 ἐκ
966 3456 1060 3519 τοῦ
1087 3458 1223 3511 Θεοῦ
1254 3462 1659 3533 προεληλυθότα
1684 3467 1929 3524 ὁπωσοῦν

362 3542 462 3610 τῆς
491 3543 656 3596 αὐτοῦ
705 3547 1091 3616 μετειληφέναι
1156 3552 1363 3616 οὐσίας.
1410 3554 1495 3617 Ὠς
1532 3556 1640 3626 γάρ
1689 3559 1806 3611 ἐκεῖ
1838 3561 1928 3614 ῖσα

363 3633 440 3699 τῷ
473 3633 590 3703 Θεῷ
614 3635 765 3689 ἔσται
794 3639 828 3692 ἃ
866 3640 946 3692 δεῖ
984 3641 1150 3696 αὐτοῦ
1180 3645 1439 3714 πάμπολυ
1476 3647 1637 3717 ἕτερα
1672 3648 1809 3704 εἶναι
1837 3653 1930 3706 καὶ

367 3725 503 3794 μηδέ
533 3727 940 3798 ξυμὸεσλῆσθαι
981 3732 1129 3799 ἀξια,
1163 3733 1306 3788 οὓτω
1347 3737 1623 3793 κάνταῦθα
1655 3740 1803 3795 ἔσται
1836 3745 1931 3797 ἀν-

366 3816 526 3884 όμοια
553 3817 588 3871 ἃ
614 3820 723 3873 δέοι
744 3822 796 3888 γ’
828 3821 894 3876 ἂν
921 3823 1089 3892 μηδὲν
1118 3825 1501 3898 διενηνοχέναι.
1542 3830 1601 3885 Εί
1634 3832 1691 3885 δὲ
1724 3838 1814 3888 καὶ
1842 3837 1933 3905 γό-

367 3926 526 3995 νιμος
582 3910 720 3974 ὅλως
766 3911 841 3965 ὢν
892 3918 986 3968 καὶ
1045 3920 1375 3988 παραγωγδς
1418 3921 1703 3987 πλειόνων,
1734 3927 1801 3978 τά
1833 3928 1931 3995 μὲν

364 3994 528 4063 ἕτερα
572 3998 739 4052 αὐτοῦ
785 4001 1081 4072 ὐποστήσει
1119 4006 1199 4075 (τὸ
1230 4007 1274 4058 δ’
1307 4009 1455 4071 ὅπως
1504 4012 1566 4063 ἐκ
1616 4012 1717 4080 τῆς
1748 3994 1932 4079 οὐσίας

364 4089 533 4143 αὐτοῦ
571 4092 834 4161 γινόμενα
857 4095 1064 4148 τοιαῦτ⁹
1089 4096 1155 4149 ἂν
1185 4099 1291 4167 εἴη,
1319 4100 1590 4171 ἠπόρηται
1621 4107 1929 4176 πρότερον),

364 4183 420 4233 ἐν
449 4182 629 4253 ἐαυτῷ
684 4185 738 4237 δὲ
780 4186 876 4239 καὶ
904 4189 969 4257 τῇ
1005 4188 1182 4259 οἰκείᾳ
1210 4190 1425 4259 ἐνότητι
1456 4193 1583 4246 ἀνευ
1620 4199 1765 4259 τινὸς
1801 4217 1933 4269 προ-

363 4277 484 4329 όδου
521 4281 694 4345 μενεῖ,
726 4279 821 4332 καὶ
847 4275 927 4342 εἷς
953 4281 1129 4345 ἔσται,
1167 4282 1357 4353 ὥσπερ
1396 4284 1454 4338 ἓν
1491 4285 1676 4348 ἁπλῶς
1707 4288 1928 4357 ἄτομον,

2029 1815 2335 1882 μιουργεῖν.
2376 1813 2483 1867 Καὶ
2522 1814 2632 1881 ὅσῳ
2662 1814 3013 1885 τιμιώτερον,
3057 1814 3119 1868 οὗ
3165 1815 3327 1868 ἕνεκά
3362 1832 3411 1866 τι
3454 1831 3599 1882 παρ-

2025 1902 2210 1971 ῆκται,
2242 1903 2459 1969 τούτου,
2492 1905 2525 1974 ἢ
2555 1904 2623 1957 αὖ
2660 1904 2751 1957 τοῦ
2801 1904 3157 1975 παρηγμένον
3192 1906 3400 1957 ἐκείνου
3432 1904 3600 1958 ἕνεκα

2026 1994 2199 2046 αίτιον
2226 1990 2391 2059 εἶναι,
2419 1994 2657 2066 τοσούτῳ
2692 1997 2786 2050 καὶ
2817 1996 3102 2067 ἄνθρωπον
3127 1998 3321 2067 γεννᾷν
3350 1995 3380 2065 ἢ
3412 1996 3593 2047 οίκίαν

2027 2089 2201 2142 ποιεῖν
2231 2089 2503 2160 ἀνθρώπῳ
2528 2091 2741 2159 πέφυκε
2780 2091 3129 2161 τιμιώτερον,
3174 2091 3228 2143 εί
3252 2109 3334 2152 τις
3373 2089 3599 2158 ἔμελλεν

2026 2179 2166 2233 αὐτά
2195 2180 2290 2250 τῆς
2317 2181 2549 2249 ἀληθοῦς
2579 2183 2755 2247 ἀξίας,
2779 2183 2914 2235 άλλά
2944 2182 3020 2252 μὴ
3052 2182 3241 2251 χρείας
3266 2181 3407 2243 τινὸς
3440 2180 3597 2232 ὠνεῖ-

2028 2272 2153 2326 σθαί
2182 2291 2242 2325 τε
2269 2272 2365 2327 καὶ
2385 2274 2991 2327 ἀντικαταλλάττεσθαι.
3029 2273 3170 2326 Ἀλλ’
3199 2275 3399 2325 ἐκεῖνοι
3426 2271 3599 2340 μηδέν

2027 2383 2079 2418 τι
2103 2365 2419 2435 βουλόμενοι
2447 2366 2710 2436 προάγειν
2732 2366 2791 2432 ἐξ
2816 2367 2981 2420 αὐτοῦ
2999 2366 3089 2420 τὸν
3110 2366 3242 2419 Θεὸν
3266 2364 3389 2418 καθ’
3411 2365 3595 2432 ὁμοιόο

2026 2474 2165 2528 τητα
2197 2459 2429 2526 φύσεως,
2466 2458 2598 2512 ἀλλὰ
2630 2459 2792 2528 μόνον
2832 2460 2899 2514 τὰ
2942 2458 3105 2525 ἕτερα
3140 2455 3358 2519 ἑαυτοῦ,
3404 2456 3598 2523 ἄγονον

2028 2550 2271 2619 ἀτεχνῶς
2302 2549 2465 2603 αὐτὸν
2507 2550 2873 2619 ἀποφαίνουσι
2922 2555 3019 2607 καὶ
3064 2550 3143 2621 τῷ
3178 2550 3447 2617 καλλίστῳ
3496 2547 3597 2615 τῆς

2031 2641 2361 2709 προαγωγῆς
2392 2641 2699 2711 χωλεύοντα
2743 2644 2931 2713 μέρει·
2975 2639 3057 2706 οἷς
3085 2642 3148 2710 δὴ
3193 2640 3377 2693 καὶτὸ
3418 2638 3599 2693 εὐδαι-

2033 2748 2131 2799 μον
2160 2731 2325 2785 αὐτοῦ
2357 2731 2452 2786 καὶ
2487 2736 2758 2803 μακάριον
2793 2730 3285 2804 συνεξαμαυροῦσι.
3320 2730 3442 2793 Πῶς
3488 2730 3597 2796 γὰρ

2032 2821 2098 2874 ἂν
2129 2819 2217 2888 εἴη
2251 2822 2653 2893 μακαριότητος
2683 2825 2740 2877 ἐν
2768 2824 3029 2894 ἀκρότητι
3063 2821 3417 2889 τεταγμένος,
3443 2821 3492 2871 εί
3521 2819 3600 2886 μὴ

2031 2911 2283 2982 αὐτάρκη
2317 2913 2461 2985 ζωὴν
2495 2915 2631 2984 ἔχοι,
2664 2916 2722 2968 ἐν
2751 2916 2903 2987 αὐτῷ
2935 2933 2991 2970 τε
3025 2915 3279 2984 καὶπρὸς
3314 2911 3474 2966 αὐτὸν
3503 2912 3600 2963 καὶ

2032 3004 2199 3058 αὐτοῦ
2231 3006 2391 3058 ἕνεκα
2430 3007 2689 3074 ἐνεργῶν,
2715 3008 2851 3061 ἀλλὰ
2880 3008 2987 3061 τῶν
3020 3008 3152 3061 πολὺ
3198 3005 3459 3076 χειρόνων
3502 3004 3602 3056 αὐ-

2030 3096 2124 3151 τοῦ
2159 3097 2353 3163 δέοιτο,
2388 3098 2495 3152 εἴτε
2544 3098 2607 3153 ἐκ
2631 3117 2775 3164 τινος
2804 3100 2997 3171 χρόνου
3027 3098 3432 3169 γεγενημένων,
3467 3095 3544 3159 ὡς
3572 3096 3602 3147 ὁ

2033 3190 2177 3262 ἱερὸς
2204 3191 2443 3245 διδάσκει
2476 3191 2656 3258 λόγος,
2682 3193 2791 3244 εἴτε
2824 3192 2917 3245 καλ⁸
2941 3194 3003 3244 ἐκ
3031 3191 3123 3244 τοῦ
3152 3189 3351 3252 παντὸς
3380 3187 3600 3250 αἰῶνος,

2028 3282 2102 3346 ὡς
2126 3284 2324 3336 ἐκεῖνοι
2355 3283 2659 3346 ἐϐούλοντο,
2693 3283 2768 3347 ώς
2805 3281 2872 3337 ἂν
2901 3283 3039 3336 αύτά
3072 3300 3129 3336 τε
3163 3283 3256 3335 καὶ
3300 3280 3431 3350 περὶ
3463 3279 3603 3332 αὐτά

2031 3375 2292 3445 ἐνεργῶν,
2327 3376 2424 3428 καὶ
2464 3377 2601 3445 πρὸς
2630 3376 2821 3431 ἑαυτὸν
2850 3377 3000 3429 ταῦτ’
3029 3374 3396 3444 ἐπιστρέφων,
3428 3371 3605 3433 οὕτως

2030 3463 2254 3533 ἐνεργὸν
2288 3465 2401 3534 ἔχοι
2444 3466 2534 3518 καὶ
2565 3465 2662 3536 τὴν
2693 3465 2904 3529 οὐσίαν,
2938 3466 3032 3518 καὶ
3070 3465 3179 3516 τῶν
3206 3463 3465 3531 χειρόνων
3502 3460 3606 3513 αὐο

2030 3553 2122 3605 τοῦ
2158 3555 2468 3623 ἠρτημένον
2510 3556 2594 3623 εἴη
2625 3556 2685 3608 τὸ
2722 3557 2989 3626 μακάριον
3034 3552 3183 3624 αὐτῷ
3209 3554 3301 3607 καὶ
3329 3553 3361 3620 ἡ
3395 3549 3602 3602 τελειό-

2029 3660 2129 3712 της
2163 3660 2179 3710 ;
2215 3646 2304 3696 Δεῖ
2356 3644 2463 3714 γὰρ
2490 3647 2581 3698 τὸν
2621 3644 2753 3697 Θεδν
2789 3643 3043 3697 τοιούτων
3077 3642 3247 3695 ὅντων
3280 3639 3386 3693 τῶν
3426 3636 3597 3692 αὐτοῦ

2031 3736 2533 3809 δημιουργημάτων
2569 3737 2834 3807 πρότερον
2869 3730 3009 3788 εἶναι
3056 3737 3121 3805 τῇ
3158 3734 3341 3803 φύσει,
3366 3732 3440 3793 ὡς
3468 3730 3601 3798 γοῦν

2032 3823 2094 3883 υἷι
2134 3847 2186 3883 τι
2227 3830 2371 3900 ίχνος
2410 3831 2548 3895 ἐστὶ,
2582 3829 2741 3880 τοῦτο
2785 3827 2879 3881 τοῦ
2920 3828 3097 3896 ίχνους
3138 3825 3403 3895 πρότερον
3460 3819 3601 3877 εἶναι

2032 3918 2149 3971 δέον
2200 3923 2268 3989 τῇ
2314 3919 2472 3987 φύσει
2498 3934 2512 3947 ο
2567 3917 2659 3970 τοῦ
2691 3919 2799 3986 γὰρ
2828 3917 2957 3970 Θεοῦ
2993 3916 3178 3985 ὥσπερ
3221 3917 3343 3985 ίχνη
3378 3916 3445 3968 τὰ
3473 3915 3603 3967 ὄντα

2032 4011 2299 4077 λέγουσιν.
2348 4011 2433 4063 Ἐν
2458 4010 2522 4078 δὴ
2549 4010 2695 4079 αὐτῷ
2721 4009 2797 4075 τῷ
2833 4009 3079 4078 προτέρῳ
3106 4008 3334 4075 ἀνόητόν
3359 4022 3417 4057 τε
3447 4006 3601 4057 ἔσται

2033 4103 2093 4155 τὸ
2129 4104 2269 4154 θεῖον
2300 4104 2392 4154 καὶ
2422 4101 2739 4171 ἀνέραστον,
2772 4100 2891 4153 κατ’
2926 4101 3145 4162 αὐτοὺς,
3170 4100 3304 4162 ὅλως
3334 4098 3377 4150 δ’
3398 4099 3597 4159 είπεῖν,

2034 4190 2141 4241 οὐδ’
2174 4190 2475 4242 ὁπωστιοῦν
2513 4193 2755 4261 ἐνεργόν.
2783 4193 2857 4244 Οὐ
2889 4192 2994 4260 γὰρ
3026 4192 3187 4261 ἀρκεῖ
3217 4192 3275 4241 τὸ
3300 4189 3375 4253 ώς
3399 4189 3595 4241 αὐτίκα

2038 4281 2180 4349 μάλα
2230 4282 2464 4351 ἐσόμενα
2514 4282 2915 4351 προγινώσκειν
2967 4284 3033 4336 τὰ
3086 4282 3235 4345 ὄντα,
3272 4281 3386 4333 οὐθ’
3424 4283 3458 4351 ἡ
3504 4280 3599 4333 τοῦ

367 4371 459 4420 καὶ
489 4370 677 4439 ὥσπερ
705 4388 790 4432 τις
818 4372 1067 4443 μονώτης
1090 4373 1165 4434 ὡς
1192 4374 1429 4443 ἀληθῶς,
1456 4377 1570 4439 πῶς
1595 4379 1653 4430 οὐ
1681 4379 1773 4431 καὶ
1798 4380 1930 4433 πολὺ
1965 4400 2008 4454 D
2036 4372 2242 4440 κόσμου
2278 4373 2393 4425 ἰδέα
2430 4372 2537 4443 πρὸ
2568 4374 2662 4426 τοῦ
2695 4374 2902 4443 κόσμου
2935 4376 3277 4445 γεγενημένη
3302 4392 3315 4403 ·
3349 4378 3446 4429 καὶ
3475 4375 3599 4428 ταύ-

366 4459 563 4528 βελτίω
595 4460 760 4514 αὐτοῦ
796 4461 949 4514 ἐσται
990 4463 1059 4514 τὰ
1089 4462 1266 4531 ἔργας
1300 4465 1512 4519 Τούτων
1561 4469 1670 4538 γὰρ
1709 4469 1824 4522 ἔνια
1869 4469 1929 4522 ού

366 4551 485 4605 κατ’
521 4553 804 4621 ἐνέργειαν
840 4552 1020 4620 μόνον,
1046 4553 1182 4607 ἀλλά
1219 4554 1282 4624 δὴ
1329 4557 1423 4609 καὶ
1458 4560 1523 4628 τῇ
1570 4560 1727 4631 οὐσίᾳ
1770 4561 1933 4614 τινῶν

366 4645 515 4699 αίτια
546 4647 809 4714 γίνονται,
854 4646 948 4700 καὶ⁵
979 4647 1039 4699 οὐ
1071 4646 1232 4719 τέχνῃ
1278 4647 1439 4716 μόνον
1484 4651 1748 4717 ποιοῦσιν,
1798 4652 1933 4704 ἀλλά

365 4738 462 4793 καὶ
490 4737 650 4806 φύσει
684 4737 1039 4804 προάγουσιν.
1070 4733 1166 4801 Οἷς
1216 4740 1350 4794 πολύ
1391 4740 1540 4812 γ’,ἆν
1588 4743 1673 4813 εἴη
1727 4742 1933 4811 βέλτιον

364 4828 462 4882 τοῦ
494 4829 668 4890 εἴδους
701 4828 1023 4897 μεταδοῦναι
1050 4830 1149 4900 τῆς
1183 4833 1397 4900 φύσεως
1428 4834 1521 4887 καὶ
1552 4835 1855 4903 ἐλάττοσιν,
1895 4838 1928 4909 ἢ

366 4922 529 4990 ὃμοια
570 4923 635 4990 τῇ
670 4920 920 4989 βουλήσει
957 4924 1252 4988 πάμπολλα
1300 4928 1668 4993 παραγαγεῖν,
1711 4926 1808 4980 οὐκ
1841 4930 1934 4982 ἐπὶ

365 5015 431 5083 τῇ
479 5011 573 5065 τοῦ
608 5013 782 5075 εἴδους
810 5014 1036 5082 διαμονῇ
1082 5015 1264 5084 μόνον,
1291 5015 1427 5068 ἀλλά
1468 5018 1559 5069 καὶ
1589 5018 1797 5081 ἁπλῶς.
1824 5021 1935 5075 Καὶ

372 5106 579 5176 βέλτιον
609 5107 707 5177 μὲν
733 5106 878 5176 ἔχειν
903 5107 1011 5159 τῶν
1042 5106 1183 5159 κατά
1212 5107 1374 5172 φύσιν
1399 5107 1559 5175 μόνον
1588 5109 1936 5179 προαγόντων

368 5199 439 5253 τά
468 5200 604 5269 πρὸς
632 5200 809 5269 τούτῳ
839 5199 916 5251 ἔτι
969 5201 1062 5252 καὶ
1091 5199 1231 5252 κατά
1256 5201 1451 5270 τέχνην
1498 5201 1777 5264 ποιοῦντα,
1829 5205 1936 5266 πᾶς

369 5310 452 5357 τις
495 5292 561 5346 ἂν
594 5293 750 5362 φαίη.
778 5290 841 5344 Εἰ
870 5292 915 5345 δ’
938 5284 1048 5344 οἷόν
1076 5292 1122 5345 τ’
1146 5286 1213 5361 ἦν
1248 5293 1342 5345 καὶ
1387 5292 1563 5355 ἄλλως
1597 5294 1938 5364 διελομένους

371 5383 446 5446 ὡς
489 5385 547 5435 ἐν
587 5383 844 5437 ὑποθέσει
890 5386 1136 5449 σκοπεῖν,
1171 5384 1277 5436 τῶν
1310 5383 1404 5436 καὶ
1437 5383 1597 5451 φύσει
1639 5387 1731 5439 καὶ
1778 5388 1938 5457 τέχνῃ

375 5474 675 5541 γινομένων
710 5476 900 5529 αίτίων
945 5475 1109 5528 τινῶν
1149 5470 1312 5548 ἦττον
1344 5475 1412 5529 ἂν
1446 5475 1578 5529 ἐϐίω
1610 5476 1937 5545 εὐδαιμόνως

377 5566 444 5617 τα
504 5566 665 5637 τέχνῃ
716 5569 874 5636 μόνον
924 5568 1201 5622 ποιοῦντα.
1241 5568 1350 5621 Καὶ
1394 5567 1487 5621 νῦν
1524 5570 1581 5621 ἐν
1629 5568 1938 5638 ἀνθρώποις

380 5656 559 5725 πολλῴ
592 5674 671 5721 τις
703 5661 846 5728 ἣδιον
880 5661 983 5730 βιοῖ
1005 5664 1094 5715 καὶ
1130 5662 1608 5733 εὐδαιμονέστερον
1642 5664 1702 5715 ἐκ
1728 5661 1819 5714 τοῦ
1847 5662 1937 5716 δύο

2036 4480 2133 4531 την
2163 4463 2274 4534 γὰρ
2304 4463 2397 4516 τοῦ
2425 4464 2559 4516 Θεοῦ
2585 4465 2980 4534 ὑποδεεστέραν
3007 4465 3234 4518 τιθεῖσιν
3254 4466 3301 4516 οί
3330 4465 3597 4532 λέγοντες,

2036 4556 2132 4610 ἆτε
2166 4557 2302 4625 μηδέ
2334 4556 2538 4626 ταύτης
2573 4558 2637 4609 ἐκ
2678 4557 2776 4625 τῆς
2813 4558 3057 4627 ἀνάγκης
3090 4557 3464 4627 γεγενημένης
3507 4559 3601 4623 τῆς

2037 4649 2273 4718 φύσεως.
2309 4651 2467 4702 Ἤτοι
2502 4648 2597 4703 νῦν
2632 4651 2793 4720 μόνος
2852 4653 2879 4704 6
2911 4651 3041 4715 Θεὸς
3076 4652 3268 4704 ἑαυτὸν
3300 4652 3361 4705 οὐ
3394 4651 3598 4717 νοήσει,

2036 4740 2159 4804 νοῦς
2192 4739 2287 4804 ὢν,
2318 4740 2351 4810 ἢ
2382 4740 2457 4809 ’τῷ
2488 4742 2555 4794 τὰ
2576 4742 2709 4797 ἄλλα
2743 4745 2882 4795 νοεῖν
2906 4758 2918 4773 ·
2950 4738 3025 4795 ὧν
3053 4741 3106 4794 τί
3147 4741 3341 4809 γένοιτ’
3379 4739 3446 4792 ἂν
3483 4741 3600 4791 ἀτο-

2038 4833 2306 4901 πώτερον,
2338 4836 2386 4887 εί
2410 4833 2472 4905 δὴ
2513 4834 2686 4888 ταῦτα
2720 4834 2821 4904 μὲν
2846 4834 3202 4897 ἀνακόλουθα,
3227 4835 3253 4885 6
3285 4832 3340 4885 δὲ
3380 4833 3514 4896 Θεός
3542 4831 3599 4883 δν

2037 4928 2153 4981 ἐστι
2198 4929 2292 4980 καὶ
2341 4927 2548 4995 ἀγαθόν
2593 4944 2653 4980 τε
2697 4926 2792 4981 καὶ
2828 4926 3047 4997 ἀληθὲς,
3082 4928 3136 4978 ἐν
3166 4926 3241 4995 τῷ
3267 4926 3479 4995 ἐσχάτῳ
3506 4928 3597 4978 καὶ

2037 5021 2332 5088 ἀκραιφνεῖ
2372 5020 2471 5089 τῆς
2514 5036 2575 5071 τε
2628 5018 2817 5080 οὐσίας
2860 5019 2953 5072 καὶ
2980 5018 3314 5088 ἀγαθότητος
3345 5018 3441 5070 καὶ
3473 5018 3599 5086 ἀλη-

2039 5111 2218 5179 θείας;
2250 5112 2425 5165 ταῦτα
2450 5112 2557 5181 γὰρ
2582 5113 2674 5165 καὶ
2704 5112 2884 5164 αὐτῶν
2930 5112 3194 5179 Ἑλλήνων
3224 5111 3272 5163 οἱ
3301 5111 3599 5180 δοκιμώτε-

2042 5222 2126 5275 ροι
2166 5205 2407 5273 ἠξίωσαν
2430 5205 2831 5273 ἀντιστρέφειν.
2866 5203 2972 5255 Καὶ
2998 5206 3025 5255 6
3055 5203 3198 5272 ίερδς
3231 5202 3286 5255 δὲ
3318 5202 3479 5269 λόγος
3509 5203 3601 5254 αὐ-

2037 5298 2129 5350 τὸν
2173 5298 2270 5367 μὲν
2306 5293 2443 5349 εἶναι
2485 5295 2578 5347 τὸν
2611 5294 2743 5346 Θεὸν
2793 5294 2890 5363 τὴν
2921 5294 3175 5363 ἀλήθειαν
3212 5292 3372 5357 ἀξιοῖ,
3412 5294 3597 5346 οὐδένα

2040 5386 2101 5440 δὲ
2123 5387 2346 5455 ἀγαθὸν,
2376 5387 2423 5437 εἰ
2457 5386 2532 5454 μὴ
2563 5384 2660 5437 ἕνα
2681 5383 2767 5435 τὸν
2792 5383 2945 5449 Θεὸν,
2975 5378 3113 5435 εἶναι
3142 5401 3154 5413 ο
3185 5385 3280 5436 καὶ
3307 5382 3473 5436 αὐτὸν
3502 5384 3601 5435 ὐπ-

2042 5481 2228 5551 ἀρχειν
2265 5478 2331 5531 τὰ
2366 5478 2495 5530 δντα
2540 5494 2603 5544 γε
2636 5477 2815 5530 καὶτὸ
2842 5478 2924 5541 ὂν,
2963 5478 3056 5528 καὶ
3088 5476 3208 5529 νοῦν
3261 5476 3317 5527 δέ
3362 5477 3453 5527 τὸν
3484 5478 3602 5544 ἄρι-

2046 5574 2167 5626 στόν
2195 5590 2253 5624 τε
2301 5573 2394 5624 καὶ
2434 5570 2864 5641 φρονιμώτατον,
2897 5571 2993 5639 οὐχ
3041 5571 3199 5638 ἡμεῖς
3248 5570 3425 5636 μόνον,
3472 5569 3605 5620 ἀλλὰ

2048 5663 2137 5713 καὶ
2186 5660 2455 5731 Ἑλλήνων
2500 5662 2543 5713 οἱ
2592 5661 2743 5714 αὐτοὶ
2785 5652 2927 5712 οὗτοι
2951 5658 3219 5727 λέγουσιν.
3265 5657 3474 5725 Ἑαυτῷ
3511 5658 3605 5725 μὲν
