3904 6134
354 248 459 313 613
1455 235 1817 298 EPISTOLA
1866 239 1964 298 AD
2005 235 2513 298 PLE'PHONEM.
3504 232 3610 296 614

358 360 526 412 πᾶσιν
558 354 833 424 ὠφέλιμα.
869 352 935 404 Ἢ
974 353 1065 405 ἐπὶ
1115 351 1293 405 πάντα
1332 350 1384 418 γ’
1425 350 1492 405 ἀν
1520 350 1631 405 ἔδει
1660 348 1719 403 τὸ
1750 349 1925 404 τοιοῦ-
1958 354 2007 414 Α
2034 352 2389 422 ἐκπλήρωσιν
2416 345 2555 422 ἧκον
2591 350 2686 420 τῆς
2715 349 2779 401 ἐκ
2812 348 2946 401 Θεοῦ
2992 352 3248 419 προνοίας
3289 349 3383 401 καὶ
3410 349 3609 419 κυϐερ-

352 467 417 503 το
469 447 632 509 σέϐας
691 444 995 507 ἐκτείνειν,
1045 442 1080 496 ἀ
1130 459 1185 495 τι
1238 442 1519 509 θαύματος
1563 442 1714 508 ἀξιον
1754 441 1937 511 ἔχουσι
2038 444 2274 511 νὴσεως,
2309 441 2505 511 ἀληθές
2537 441 2711 495 ἐστιν.
2750 441 2898 493 Ἐδει
2932 442 3040 510 γάρ
3067 457 3118 493 τι
3160 442 3254 494 καὶ
3286 441 3467 502 αὐτοῖς
3499 447 3611 507 τοῖς

355 543 455 595 καὶ
499 539 535 592 ἀ
565 536 749 591 θεόθεν
782 535 940 588 είσίν.
971 533 1133 588 Οὐδὲν
1166 534 1223 589 δέ
1261 534 1413 588 ἐστιν
1452 534 1614 604 ἔργον
1638 533 1772 587 Θεοῦ
1793 574 1807 597 ,
1836 533 1938 587 κᾶν

359 633 422 686 τὸ
450 627 811 701 σμικρότατον
938 626 965 679 δ
1000 626 1073 697 μὴ
1106 625 1437 694 θαυμάσειεν
1468 626 1532 679 ἀν
1554 642 1640 687 τις
1669 625 1937 688 ἐκτόπως.

362 726 477 777 Καὶ
512 721 655 773 πολὺ
680 716 865 790 μεῖζόν
900 720 1046 772 ἐστιν
1074 719 1132 772 ἐν
1161 720 1276 779 τοῖς
1303 716 1613 787 ἐλαχίστοις
1642 716 1703 769 τὸ
1732 717 1935 786 θαῦμα,

357 817 453 871 τοῦ
502 813 640 868 Θεοῦ
698 813 903 882 σφίσιν,
941 812 1061 864 ἀντὶ
1089 812 1197 865 τῶν
1244 812 1307 865 ἐκ
1349 809 1445 863 τοῦ
1482 810 1750 879 μεγέθους
1780 809 1939 862 ἐλατ-

358 908 653 977 τωμάτων,
698 904 894 971 σοφίαν
941 902 1064 956 τινά
1107 900 1205 955 καὶ
1240 902 1497 971 μεθόδους
1544 900 1702 965 ξένας
1744 902 1943 967 ἐγκατ-

358 997 689 1057 οικίσαντος,
718 995 798 1057 είς
829 992 1055 1057 ἔνδειξιν
1110 993 1209 1061 τῆς
1238 994 1548 1058 δυνάμεως.
1576 992 1664 1045 Διὸ
1688 993 1784 1045 καὶ
1815 994 1941 1054 τούς

359 1088 589 1149 πολλοὺς
622 1088 655 1152 ή
704 1086 814 1137 τῶν
851 1085 1179 1153 σοφωτέρων
1235 1084 1487 1153 σφήλασα
1528 1084 1842 1153 περιεργία,
1874 1084 1941 1155 ἢν

361 1182 559 1232 ἐκεῖνοι
592 1195 656 1231 πε
666 1176 723 1242 pl
747 1178 815 1229 τά
841 1175 1012 1246 μείζω
1036 1176 1145 1229 τῶν
1169 1178 1227 1229 ἐν
1249 1176 1328 1245 τῷ
1361 1176 1553 1244 κόσμῳ
1594 1175 1941 1243 φαινομένων

361 1270 564 1325 ἔπαθον
614 1269 917 1339 τεθηπότες
968 1270 1147 1335 αὐτὰ,
1197 1268 1496 1322 καὶταῦτα
1538 1268 1604 1337 δὴ
1651 1271 1942 1337 προήγαγε

361 1365 636 1417 θεοποιεῖν
686 1377 747 1414 τε
802 1362 895 1414 καὶ
950 1362 1150 1415 σέδειν⁶
1188 1361 1427 1429 εὐλόγως
1487 1360 1588 1431 μὲν
1643 1361 1944 1430 οὐδετέρων

364 1456 765 1525 πεποιηκότων,
801 1455 907 1506 τῶν
943 1454 1000 1508 δέ
1047 1454 1259 1507 πολλῶν
1291 1453 1696 1523 εὐλογώτερον,
1742 1456 1824 1507 ὅτι
1855 1470 1943 1520 γε,

362 1549 480 1601 δέον
501 1548 659 1614 δόξαν
682 1548 798 1609 τοῖς
832 1546 1101 1615 ἡγεμόσιν
1148 1546 1329 1600 αὐτῶν
1371 1546 1432 1598 τδ
1463 1547 1606 1598 θεῖον
1655 1545 1821 1609 σέϐας
1852 1546 1946 1598 ἐπὶ

361 1642 428 1693 τά
456 1641 594 1710 ἔργα
642 1640 738 1694 τοῦ
780 1639 917 1694 Θεοῦ
954 1641 1312 1709 καταφέρειν,
1352 1640 1450 1709 τῆς
1480 1640 1740 1707 τοιαύτης
1790 1637 1946 1691 αὐτοὶ

2039 533 2482 602 κυδερνωμένοις
2531 529 2671 586 εἶναι
2702 532 2865 585 καλὸν
2900 535 2958 585 ἐν
2989 530 3083 602 έςῷ
3128 533 3409 597 λυσιτελές
3437 553 3488 587 τι
3514 537 3611 588 καὶ

2040 627 2247 680 τούτων
2274 626 2507 679 ἕκαστον
2538 623 2703 679 εἶναι·
2736 625 2879 679 οῦτω
2903 627 3011 694 γὰρ
3048 628 3111 679 ὃν
3136 630 3225 678 καὶ
3252 630 3282 695 ἡ
3314 628 3404 679 τοῦ
3449 629 3610 697 μόνου

2044 717 2381 786 κυϐερνήτου
2428 718 2539 769 τῶν
2591 720 2757 771 δντων
2811 718 3027 781 ἐξουσία
3066 718 3447 789 λαμπρότερον
3496 721 3614 773 δια-

2043 809 2289 877 φαίνοιτο
2323 848 2337 871 ,
2398 810 2608 862 πολλῶν
2678 827 2734 861 τε
2794 810 3229 877 διακονουμένων
3273 812 3410 879 αὐτῇ
3447 854 3461 876 ,
3517 814 3614 865 καὶ

2044 900 2261 954 πάντων
2316 904 2630 966 εὐτάκτως,
2778 900 2905 955 ἀλλο
2968 902 3129 955 ἄλλου
3183 902 3421 972 ἤρτηται
3487 904 3617 956 θαυ-

2047 993 2277 1062 μασίως,
2309 993 2497 1063 ῶσπερ
2554 995 2611 1044 ἐν
2654 996 2717 1063 τῇ
2754 994 2900 1058 τάξει
2952 994 3048 1060 τῆς
3102 994 3342 1061 φύσεως,
3379 995 3523 1047 οὕτω
3552 975 3617 1065 δὴ

2040 1088 2137 1139 καὶ
2167 1087 2263 1153 τῆς
2294 1086 2634 1156 λειτουργίας
2661 1101 2675 1116 °
2710 1088 2834 1139 ὅσον
2865 1087 2911 1139 δ’
2938 1088 3017 1149 εἰς
3064 1086 3154 1139 τὸν
3201 1086 3301 1155 τῆς
3350 1088 3618 1157 κυϐερνή-

2047 1195 2183 1236 σεως
2214 1179 2339 1247 ἥκει
2390 1179 2568 1244 ὶόγον,
2629 1178 2849 1245 ἀμέσως
2893 1178 3073 1231 πάντα
3122 1180 3185 1230 ἐκ
3233 1178 3367 1231 Θεοῦ
3417 1181 3616 1251 κυὸερ-

2046 1270 2235 1322 νᾶσθαι
2269 1271 2599 1339 πιστεύομεν
2656 1272 2758 1323 ὐπὸ
2810 1272 2904 1340 τῆς
2944 1270 3094 1334 θείας
3156 1276 3353 1341 σοφίας
3404 1290 3463 1326 τε
3522 1277 3619 1328 καὶ

2044 1362 2347 1430 δυνάμεως·
2384 1364 2793 1430 ἐφαρμόττουσι
2823 1366 2932 1434 γὰρ
2964 1368 3022 1418 ἐν
3049 1366 3124 1435 τῷ
3152 1367 3299 1438 λόγῳ
3326 1368 3424 1437 τῆς
3454 1369 3614 1421 ἀπει-

2050 1452 2193 1521 ρίας,
2255 1454 2423 1521 μέχρι
2476 1454 2571 1503 καὶ
2619 1454 2727 1505 τῶν
2773 1455 3017 1523 ἐσχάτων
3071 1458 3450 1525 ἐκτεινομένῳ.
3483 1458 3619 1510 Οὐδέ

2046 1545 2155 1610 γὰρ
2205 1539 2315 1595 οἷόν
2364 1544 2411 1595 τ’
2450 1538 2520 1612 ἦν
2567 1543 2632 1595 δι’
2693 1544 2862 1596 αὐτοῦ
2915 1546 3013 1614 μέν
3065 1548 3479 1601 κατασκευάσαι
3528 1549 3618 1601 τὸν

2048 1633 2276 1701 κόσμον,
2321 1633 2394 1703 μὴ
2422 1634 2649 1687 διοικεῖν
2690 1634 2747 1687 δέ
2794 1635 2987 1689 τοῦτον
3031 1636 3099 1689 δι’
3141 1639 3307 1691 αὐτοῦ
3333 1640 3422 1691 τὸν
3462 1640 3616 1703 Θεὸν,

359 1733 525 1802 τιμῆς
577 1732 751 1786 οὐδενὶ
798 1732 907 1785 τῶν
987 1732 1167 1801 ἔργων
1215 1731 1524 1801 ἐφθόνησαν
1548 1770 1561 1793 ,
1618 1730 1714 1784 an
1773 1731 1943 1783 πᾶσιν
1977 1710 2017 1765 Β
2051 1727 2173 1795 μηδ’
2194 1727 2253 1790 ἐξ
2284 1725 2447 1778 αὐτοῦ
2478 1728 2571 1780 τὸν
2604 1727 2704 1797 τῆς
2725 1729 2931 1792 τάξεως
2960 1729 3221 1799 λογισμὸν
3243 1732 3618 1787 ἐπιτεθεῖσθαί

362 1823 643 1893 ἐξαιρέτου
677 1823 828 1887 τινδς
858 1825 959 1893 τῆς
986 1824 1080 1876 τοῦ
1115 1822 1251 1877 Θεοῦ
1288 1823 1483 1892 σοφίας
1509 1820 1939 1891 ἐμφαινομένης,

362 1917 455 1968 καὶ
491 1917 626 1988 πρὸς
670 1918 857 1987 μεῖζον
889 1916 1076 1984 θαῦμα
1106 1915 1427 1984 δυναμένων
1478 1916 1697 1982 ἐνάγειν
1730 1914 1837 1967 τῶν
1860 1914 1943 1967 δο-

363 2006 603 2061 κούντων
638 2008 982 2077 ὴλαττῶσθαι
1040 2008 1333 2078 ποσότητι,
1375 2006 1471 2061 zal
1507 2006 1733 2077 μηδενὸς
1764 2006 1943 2058 αὐτῶν

362 2100 535 2165 ὄντος,
571 2093 616 2168 ᾧ
645 2101 719 2171 μὴ
745 2102 803 2153 τὸ
830 2101 1078 2165 αίτιῶδὲς
1113 2117 1171 2154 τε
1215 2099 1425 2168 ὀπηοῦν
1459 2099 1637 2153 ἔνεστι
1676 2101 1770 2152 καὶ
1800 2098 1944 2166 ὠφέ-

362 2191 540 2260 λιμον.
577 2192 642 2242 Τί
675 2192 731 2243 δέ
773 2192 805 2261 ή
838 2191 1156 2261 πατουμένη
1189 2193 1479 2262 Δημήτηρ,
1511 2191 1604 2244 καὶ
1652 2195 1679 2244 ό
1717 2192 1943 2245 σϐεννύ-

365 2299 526 2349 μενος
554 2283 885 2350 ’Πφαιστος,
919 2288 1015 2335 καὶ
1064 2285 1092 2335 δ
1143 2283 1341 2351 πικρὸς
1371 2284 1467 2335 καὶ
1500 2284 1799 2354 φθαρτικδς
1836 2286 1939 2338 Πο-

364 2374 556 2426 σειδῶν
585 2390 599 2438 ;
633 2373 698 2423 Τί
732 2373 788 2426 δέ
820 2373 879 2425 τὸ
910 2374 1078 2443 ἄρρεν
1113 2374 1172 2426 ἐν
1209 2376 1322 2436 τοῖς
1366 2373 1506 2438 θεοῖς
1541 2376 1636 2429 καὶ
1667 2376 1841 2446 θῆλυς
1879 2378 1944 2431 Τί

363 2464 420 2518 δὲ
465 2464 523 2516 τὸ
565 2466 692 2526 τοὺς
749 2463 851 2532 μὲν
910 2464 1207 2531 ἐφεστάναι
1272 2467 1383 2528 τοῖς
1426 2467 1692 2533 ἀγαθοῖς,
1726 2469 1848 2531 τοὺς
1890 2468 1945 2522 δέ

364 2557 479 2618 τοῖς
528 2558 741 2625 χείροσι
780 2554 892 2611 τῶν
942 2555 998 2607 ἔν
1030 2573 1088 2608 τε
1129 2559 1194 2626 τῇ
1227 2556 1385 2625 φύσει
1411 2561 1503 2610 καὶ
1534 2558 1626 2611 ὑπ’
1651 2560 1829 2614 αὐτῶν
1858 2562 1947 2614 ἀν-

367 2646 599 2715 θρώπων
625 2648 939 2715 γενομένων
968 2663 984 2713 ;
1040 2647 1150 2701 Kal
1181 2647 1501 2718 ἀνθρώπους
1531 2651 1587 2703 δέ
1625 2669 1780 2715 τινας
1816 2655 1949 2707 ἀπο.

368 2738 574 2803 θεοῦσι,
612 2741 710 2793 καὶ
756 2740 947 2802 ἄλλους
976 2734 1132 2803 αὖθις
1162 2742 1645 2812 καταστερίζουσι,
1673 2747 1768 2798 καὶ
1793 2747 1948 2799 οὐδὲν

374 2831 404 2885 δ
434 2848 488 2883 τι
535 2832 596 2885 οὐ
648 2831 946 2886 πλάττουσι
989 2832 1098 2884 τῶν
1132 2834 1368 2899 ἀτόπων,
1415 2835 1604 2907 ὥσπερ
1637 2836 1949 2907 ἐξεπίτηδες

368 2922 467 2991 τὴν
491 2924 810 2993 τελειότητα
862 2924 955 2976 καὶ
992 2924 1273 2995 ἁπλότητα
1321 2926 1419 2979 καὶ
1467 2926 1528 2979 τό
1572 2930 1826 2992 ἀνενδεές
1853 2931 1945 2984 τοῦ

369 3012 509 3067 Θεοῦ
551 3014 646 3066 καὶ
698 3016 798 3085 τὴν
850 3013 1109 3080 ἀπειρίαν
1159 3016 1252 3067 καὶ
1284 3015 1384 3087 τὴν
1421 3016 1695 3070 ἀπάθειαν
1749 3021 1843 3071 καὶ
1888 3019 1948 3071 τὸ

368 3104 789 3174 παντοδύναμον
822 3108 919 3157 καί⁵
947 3106 1048 3177 τὴν
1084 3107 1348 3176 πρόνοιαν
1400 3107 1705 3172 ἐξελαύνειν
1762 3110 1945 3177 βουλό-

371 3214 547 3267 μενοι.
588 3198 666 3250 Δι’
718 3193 794 3252 ὧν
845 3200 923 3262 είς
975 3198 1203 3252 τοιαῦτα
1255 3200 1611 3253 κατασπῶσιν
1662 3203 1823 3272 αῐσχη
1854 3203 1946 3255 καί

369 3291 543 3359 πάθη,
567 3291 704 3345 πολὺ
736 3293 1012 3363 ἀπᾴδοντα
1041 3294 1140 3361 τῆς
1173 3292 1456 3363 βελτίστης
1496 3294 1592 3348 καὶ.
1615 3296 1946 3367 σεμνοτάτης

369 3385 752 3454 προσηγορίας
796 3403 855 3439 τε
898 3384 1118 3437 καὶτοῦ
1172 3384 1517 3455 πράγματος.
1557 3386 1748 3440 Καίτοι
1784 3406 1947 3459 χωρι-

376 3475 510 3538 στὰς
542 3476 639 3544 μέν
683 3476 871 3538 οὐσίας
920 3476 1129 3529 τιθέναι
1176 3477 1331 3539 τινας
1368 3476 1587 3544 εῦλογόν
1634 3479 1749 3531 ἐστι
1782 3479 1944 3530 ποὶνυ⁸

369 3566 490 3621 ἀλλ’
508 3567 631 3637 οὐχὶ
668 3568 765 3621 καὶ
800 3569 909 3620 τῶν
936 3567 1105 3620 ὄντων
1132 3568 1506 3637 δημιουργοὺς
1531 3568 1708 3622 οὐδενὶ
1736 3569 1943 3640 τρόπῳ,

370 3656 496 3710 οῦτε
549 3658 1032 3728 συμμεριζομένας
1089 3657 1187 3728 τὴν
1241 3658 1337 3712 τοῦ
1390 3660 1596 3724 παντὸς
1645 3662 1821 3733 ἀρχὴν
1870 3662 1948 3733 τῷ

374 3747 519 3817 Θεῷ,
561 3749 749 3818 ἀρκεῖν
798 3749 1139 3820 ἡγουμένους
1190 3751 1290 3819 τῆς
1346 3754 1571 3821 πρώτης
1624 3753 1806 3814 αἰτίας
1851 3754 1949 3823 τὴν

373 3838 604 3909 δύναμιν
642 3840 709 3893 δι’
738 3840 994 3910 ἀπειρίαν
1025 3841 1163 3912 πρὸς
1198 3841 1376 3894 πάντα
1428 3843 1816 3910 ἐκτεινομένην
1849 3844 1949 3907 τὰς

375 3932 486 3982 τῶν
511 3932 679 3983 ὄντων
714 3932 907 4000 φύσεις
944 3932 1248 4002 παράγειν.
1286 3933 1396 3985 Kal
1426 3933 1792 3986 διακονεῖσθαι
1821 3935 1948 4004 μέν·

376 4047 459 4082 τοι
501 4029 597 4092 τάς
641 4030 915 4099 χωριστὰς
968 4030 1157 4093 οὐσίας
1190 4030 1402 4093 ἐκείνας
1434 4033 1498 4101 τῇ
1532 4028 1625 4082 τοῦ
1656 4030 1791 4083 Θεοῦ
1823 4032 1950 4101 περὶ

372 4121 522 4190 ἡμᾶς
568 4122 796 4190 προνοίᾳ
852 4122 1184 4188 πιστεύομεν
1216 4163 1232 4188 ,
1263 4122 1380 4175 ἀλλ’
1410 4123 1506 4191 οὐχ
1555 4116 1667 4175 οἷον
1693 4123 1949 4193 Ἕλληνες

373 4210 637 4264 ἔπλαττον
662 4228 677 4242 ·
713 4212 809 4298 καὶ
841 4211 1104 4278 δαίμονας
1158 4212 1227 4265 αῦ
1262 4210 1398 4265 εἷναί
1424 4230 1574 4274 τινας
1618 4212 1951 4283 βλαπτικοῦς

373 4303 479 4356 ὐπὸ
505 4303 701 4372 φθόνου
739 4305 836 4357 καὶ
870 4306 1351 4374 ἐπιχαιρεκακίας,
1383 4306 1590 4375 πλάνης
1620 4306 1712 4359 καὶ
1741 4309 1949 4377 μυρίων

374 4394 565 4449 δεινῶν
596 4394 904 4466 ἀνθρώποις
936 4397 1251 4466 προξένους,
1278 4398 1390 4450 ὅσοι
1428 4398 1665 4466 μάλιστα
1727 4398 1792 4450 δι’
1824 4402 1953 4453 ἀνα·
1985 4396 2028 4452 D
2061 4417 2199 4451 σεων
2248 4400 2545 4469 ἐκέχρηντο
2578 4397 2808 4466 ψεύδους
2835 4413 2849 4428 ·

372 4486 582 4555 ⁴ινωγίαν
607 4486 923 4557 εὐχείρωτοί
956 4488 1058 4539 εισι
1090 4490 1209 4550 ταῖς
1240 4487 1299 4551 ἐξ
1335 4488 1559 4541 ἐκείνων
1586 4488 1903 4551 ἐπιϐουλαῖς
1926 4532 1940 4555 ,

372 4580 434 4631 οὐ
484 4580 760 4642 τοιούτους
799 4580 898 4649 τὴν
940 4580 1114 4648 ἀρχὴν
1163 4582 1258 4632 καὶ
1291 4580 1586 4647 γεγονότας
1654 4582 1758 4634 ὑπὸ
1787 4584 1943 4649 Θεοῦ,

372 4670 600 4749 ἀλλ’ὐπδ
629 4658 832 4741 τόλμης
867 4673 961 4723 καὶ
988 4670 1252 4733 αὐθαδίας
1279 4672 1374 4724 καὶ
1400 4674 1603 4741 χείρονι
1630 4676 1948 4745 προαιρέσει

372 4764 468 4815 ἐπὶ
492 4765 559 4815 τά
585 4762 809 4817 τοιαῦτα
831 4762 1256 4828 ἀποκλίναντας,
1287 4764 1381 4816 καὶ
1411 4764 1514 4817 ὐπὸ
1537 4765 1673 4818 Θεοῦ
1708 4768 1944 4833 ἐγκατα-

372 4854 738 4921 λειφθέντας,
772 4854 929 4924 ἴσμεν
986 4872 1045 4907 τε
1109 4858 1206 4907 καὶ
1260 4856 1723 4927 ἀποστρεφόμεθα
1776 4858 1950 4922 οὕτως

373 4946 622 5015 ἔχοντας,
666 4947 763 4999 xal
802 4948 919 5009 ταῖς
954 4947 1061 4998 τῶν
1113 4948 1332 5015 ἀγαθῶν
1375 4949 1467 5001 τοῦ
1503 4948 1639 5002 Θεοῦ
1685 4951 1951 5003 διακόνων

374 5038 721 5101 ἐπιστασίαις
770 5038 1005 5101 ἀπαθεῖς
1040 5039 1453 5108 διατηρούμεθα
1480 5040 1574 5092 ἀπ’
1601 5042 1804 5094 αὐτῶν·
1836 5043 1950 5095 θεό-

373 5146 541 5197 τητος
596 5131 654 5182 δέ
708 5147 759 5183 τι
816 5131 1000 5193 αὐτοῖς
1067 5134 1309 5199 μετεῖναι
1358 5130 1476 5194 πῶς
1524 5132 1589 5184 ἂν
1640 5136 1862 5202 φαῖμεν,
1902 5137 1950 5187 οἱ

379 5222 519 5290 μηδέ
548 5223 659 5283 τοῖς
705 5221 935 5289 ἀγαθοῖς
966 5224 1126 5274 τοῦτο
1168 5222 1440 5289 διδόντες;
1489 5224 1597 5276 Kal
1648 5226 1956 5293 μακαρίους

378 5313 481 5383 μέν
512 5329 666 5377 τινας
708 5314 767 5381 ἐξ
822 5314 1128 5382 ἀνθρώπων
1180 5316 1427 5382 γίνεσθαι
1482 5315 1591 5367 τῶν
1643 5317 1956 5384 ἀναγκαίων

376 5408 548 5468 ἐστὶν,
600 5406 736 5458 ἀλλά
792 5406 1097 5475 μακαρίους
1131 5406 1476 5476 ἀνθρώπους.
1511 5407 1623 5460 Kal
1674 5408 1744 5460 δι’
1780 5408 1955 5462 ἀλλων

380 5494 487 5565 μὲν
539 5494 671 5548 ἄλλα
722 5494 1090 5566 κυῦερνᾶσθαι
1144 5496 1244 5549 τῶν
1278 5496 1468 5561 ὄντων,
1502 5496 1563 5548 τό
1612 5513 1677 5565 γε
1729 5501 1808 5562 εἰς
1855 5501 1953 5569 τήν

455 5676 529 5741 (l)
566 5674 708 5731 Cave
748 5676 808 5730 τὸ
842 5691 941 5745 pro
982 5693 1034 5729 τι
1072 5674 1175 5745 legi
1213 5673 1372 5730 velis.
1418 5674 1588 5730 Auzx.

2044 1838 2101 1873 τε
2125 1821 2224 1891 τὴν
2262 1822 2437 1891 ἀρχὴν
2480 1824 2592 1886 τοῖς
2625 1823 2717 1876 ὐπ’
2747 1824 2916 1877 αὐτοῦ
2941 1827 3212 1893 γεγονόσι,
3241 1833 3335 1880 καὶ
3372 1828 3467 1883 νῦν
3492 1830 3615 1882 ἐπι-

2046 1914 2315 1978 τίθεσθαι,
2351 1916 2505 1985 εἰμὴ
2540 1915 2608 1968 δι’
2642 1917 2852 1971 ἔνδειαν
2902 1919 3083 1989 ἰσχύος
3116 1921 3148 1989 ἥ
3182 1922 3363 1988 λόγον’
3402 1917 3477 1975 ῶν
3511 1923 3617 1992 ἄρα

2046 2011 2140 2063 καὶ
2169 2011 2279 2063 τῶν
2332 2011 2589 2063 τοιούτων
2631 2012 2783 2064 οὐδὲν
2823 2012 3083 2080 ἁρμόττει
3116 2011 3254 2082 Θεῷ·
3286 2012 3410 2065 οὔτε
3460 2014 3617 2082 λόγον

2046 2102 2111 2156 ἂν
2170 2104 2284 2173 ἔχοι
2338 2104 2640 2173 δυνάμενον
2682 2105 2777 2156 καὶ
2808 2104 2988 2157 εἰδότα
3045 2106 3429 2175 καταφρονεῖν,
3466 2107 3619 2157 ἐλατ-

2047 2192 2265 2245 τοῦσθαί
2318 2210 2373 2247 τι
2423 2196 2488 2263 τῇ
2535 2192 2642 2245 τῶν
2678 2193 2922 2261 μερικῶν
2955 2191 3163 2246 τούτων
3215 2193 3309 2246 καὶ
3340 2192 3617 2246 ταπεινῶν

2048 2286 2273 2356 προνοίᾳ
2305 2286 2611 2355 νομίζοντα.
2652 2287 2716 2340 EE
2751 2286 2860 2354 γὰρ
2900 2286 3026 2355 μηδ’
3078 2286 3134 2337 ἐν
3164 2286 3347 2347 αὐτοῖς
3378 2284 3618 2353 ἐνεργῶν

2048 2379 2201 2429 ἔσται
2232 2395 2283 2431 τι
2307 2378 2528 2447 χείρων,
2558 2379 2772 2448 ἐνεργεῖ
2827 2379 2881 2430 δὲ
2923 2378 3094 2443 δήπου
3122 2378 3300 2430 πάντα
3342 2379 3398 2429 ἐν
3428 2377 3616 2441 πᾶσιν,

2048 2469 2131 2522 ἆτ’
2182 2470 2241 2534 ἐξ
2297 2469 2464 2523 αὐτοῦ
2519 2473 2685 2522 π’ῑσιν
2737 2469 3101 2541 ἐπιρρεούσης
3138 2470 3354 2531 οἰκείως
3399 2468 3497 2535 τῆς
3526 2464 3619 2519 τοῦ

2048 2562 2308 2615 δύνασθαι
2342 2566 2480 2632 πρὸς
2513 2563 2570 2615 τὸ
2609 2563 2873 2632 πράττειν
2904 2561 3295 2631 προσαγωγῆς,
3345 2559 3508 2628 σχολῄ
3556 2574 3620 2625 γε

2050 2653 2146 2718 τὴν
2174 2652 2334 2715 ἀξίαν
2373 2651 2539 2704 αὐτοῦ
2570 2652 2892 2721 λυμανεῖται
2924 2651 2983 2703 τὸ
3030 2651 3127 2723 τῆς
3161 2650 3218 2703 ἐν
3252 2649 3435 2717 σφίσιν
3464 2649 3623 2715 εὐτα-

2052 2744 2166 2811 ξίας
2199 2744 2529 2814 φροντίζειν,
2575 2744 2711 2813 ὅπερ
2759 2744 2859 2813 οὐχ
2900 2738 3065 2815 ἦττόν
3112 2759 3177 2811 γε
3211 2741 3306 2795 τοῦ
3349 2741 3617 2811 προτέρου

2050 2838 2151 2906 τὴν
2178 2837 2578 2907 ὑπερκειμένην
2609 2838 2674 2891 ἂν
2704 2836 2876 2900 δείξαι
2910 2836 3159 2905 δύναμιν.

2124 3015 2310 3070 Ταῦτά
2342 3031 2397 3067 τε
2431 3013 2615 3067 τοίνυν
2654 3013 2833 3075 εἴποις
2864 3013 2931 3067 ἂν
2978 3014 3115 3083 πρὸς
3155 3014 3374 3079 αὐτοὺς,
3407 3016 3619 3084 ἀνδρῶν

2048 3110 2283 3181 ἄριστε,
2311 3108 2404 3160 καὶ
2451 3106 2587 3161 ἀλλα
2644 3108 2777 3158 πολύ
2826 3107 2925 3174 μὲν
2958 3108 3165 3158 τούτων
3200 3105 3417 3175 βελτίω,
3453 3106 3531 3176 τῷ
3563 3108 3621 3159 δὲ

2050 3198 2238 3268 σκοπῷ
2287 3199 2669 3269 παραπλήσια,
2703 3198 2921 3260 δεικνὺς
2953 3199 3149 3251 ὁπόσον
3177 3216 3229 3251 τι
3264 3199 3324 3250 τὸ
3359 3199 3621 3270 διάφορον

2046 3292 2145 3361 τῆς
2194 3291 2509 3361 Ἑλληνικῆς
2564 3290 2989 3360 δεισιδαιμονίας
3040 3294 3134 3343 καὶ
3190 3290 3290 3361 τῆς
3338 3293 3618 3361 ἡμετέρας

2048 3383 2347 3452 θεολογίας
2380 3384 2474 3435 καὶ
2508 3385 2642 3452 πρὸς
2694 3382 2932 3447 τούτοις,
2962 3381 3035 3444 ὡς
3077 3382 3199 3434 οὐδέ
3227 3382 3308 3434 δεῖ
3360 3383 3455 3452 τῆς
3491 3382 3621 3435 Ἐκο

2048 3478 2280 3545 κλησίας
2312 3473 2537 3543 ἄγνοιάν
2570 3490 2695 3526 τινα
2726 3470 3169 3541 καταγινώσκειν
3197 3472 3393 3537 αὐτοὺς
3416 3513 3432 3539 ,
3465 3472 3515 3525 εί
3560 3474 3622 3525 τὺ

2059 3568 2375 3638 Ἑλληνικὸν
2407 3566 2627 3637 ἀξίωμα
2668 3564 2743 3635 μὴ
2801 3569 3137 3633 προσήκατο.
3187 3566 3353 3617 Ἀνευ
3384 3563 3492 3633 γὰρ
3525 3562 3621 3617 τοῦ

2052 3661 2262 3732 μείζονι
2309 3658 2582 3729 ἀξιώματι
2620 3658 2960 3728 πειθομένην
2989 3657 3161 3725 αὐτὴν
3186 3658 3295 3709 δεῖν
3327 3657 3393 3710 ἀν
3426 3655 3620 3709 τούτου

2048 3769 2107 3805 τε
2160 3753 2256 3806 καὶ
2289 3751 2493 3813 παντὸς
2523 3750 2685 3804 άλλου
2726 3752 3115 3819 καταφρονεῖν,
3154 3749 3325 3802 πολλὰ
3363 3748 3623 3810 πολλάκις

2049 3848 2108 3898 ἐν
2156 3848 2268 3908 τοῖς
2327 3845 2471 3898 κατά
2522 3844 2633 3895 τῶν
2692 3844 2990 3912 αίρετικῶν
3023 3842 3232 3909 ἀγῶσιν
3270 3842 3510 3911 ἐξεῦρεν,
3540 3835 3623 3902 οἷς

2048 3940 2149 3992 οὐκ
2190 3938 2407 4007 ἀνάγκη
2436 3936 2525 3989 διά
2554 3953 2617 4003 γε
2645 3935 2855 4003 ταύτην
2889 3940 2986 4002 τὴν
3026 3935 3291 4003 πρότασιν
3315 3933 3346 4002 ἢ
3382 3935 3474 3985 τὸν
3496 3934 3624 3984 Υἱδν

2050 4032 2144 4085 τοῦ
2193 4030 2328 4083 Θεοῦ
2388 4028 2578 4098 ἐτέρας
2608 4029 2796 4090 οὐσίας
2828 4030 2979 4096 παρὰ
3009 4028 3101 4078 τὸν
3133 4027 3354 4095 Πατέρα
3386 4024 3620 4086 τιθέναι,

2054 4123 2175 4192 ἢτδ
2210 4121 2434 4191 Πνεῦμα
2490 4122 2550 4173 τὸ
2590 4120 2743 4189 ἀγιον
2774 4137 2786 4151 ·
2821 4120 3020 4181 πάντες
3050 4120 3154 4186 γὰρ
3192 4118 3241 4169 οἱ
3271 4117 3327 4183 ἐξ
3376 4116 3616 4187 ’Δρείου,

2052 4214 2120 4265 τὰ
2159 4211 2428 4283 Ἐλλήνων
2466 4210 2640 4281 δήπου
2671 4210 3048 4279 νενοσηκότες,
3081 4214 3144 4278 τῇ
3180 4208 3405 4260 ἐκείνων
3447 4205 3625 4278 ταύτῃ

2056 4306 2321 4379 προτάσει
2371 4307 2513 4376 ἀρχῇ
2548 4323 2655 4361 τινι
2699 4301 2794 4358 τοῦ
2848 4302 2990 4356 κατά
3040 4302 3147 4354 τῶν
3188 4302 3344 4354 θείων
3382 4300 3622 4354 ὐποστάο

2902 4394 3138 4463 εὑροῦσα
3188 4394 3266 4455 δὲ,
3326 4394 3419 4445 καὶ
3460 4394 3627 4445 πᾶσιν

2056 4492 2225 4557 ἔδειξε
2277 4492 2532 4560 φανερῶς
2562 4529 2577 4554 ,
2610 4490 2705 4541 καὶ
2754 4488 2934 4556 ψῆφον
2960 4480 3233 4555 τοιαύτην
3264 4485 3481 4555 ἤνεγκε.
3514 4485 3625 4537 Kal

2057 4582 2188 4644 Θεὸς
2218 4582 2425 4633 ἄνωθεν
2475 4580 2776 4651 ἐμαρτύρει
2832 4582 2899 4648 τῇ
2927 4578 3113 4649 ψήφῳ,
3143 4576 3315 4630 πολλά
3354 4576 3625 4645 ἐκφαίνων

2061 4678 2263 4742 σημεῖα
2299 4674 2393 4727 τοῦ
2429 4673 2740 4740 θεοστυγεῖς
2770 4672 3057 4741 γεγονέναι
3093 4671 3218 4731 τοὺς
3246 4667 3367 4722 ἀντὶ
3408 4666 3502 4720 τοῦ
3530 4669 3629 4735 τῆς

2068 4767 2395 4835 Ἐκκλησίας
2446 4765 2758 4837 ἀξιώματος
2816 4766 2893 4832 τῷ
2955 4762 3256 4832 Ἐλληνικῷ
3308 4761 3628 4831 φιλονείκως

2062 4858 2535 4927 ἰσχυριζομένους,
2586 4859 2682 4910 καὶ
2721 4858 2795 4926 μὴ
2845 4855 3252 4924 ἀφισταμένους
3288 4850 3453 4905 αὐτοῦ
3491 4852 3628 4913 μετὰ

2057 4949 2154 5017 τὴν
2188 4952 2283 5014 τῆς
2318 4949 2649 5017 Ἐκκλησίας
2699 4952 2758 5001 ἐν
2792 4952 2907 5010 τοῖς
2941 4947 3179 5016 βελτίοσί
3232 4963 3291 4997 τε
3342 4948 3435 4997 καὶ
3472 4946 3628 5012 ἀκριο

2059 5038 2339 5107 ϐεστέροις
2390 5040 2705 5108 ὁμολογίαν.
2748 5040 2820 5090 Τὸ
2862 5038 2966 5107 μὲν
3002 5039 3109 5107 γὰρ
3153 5036 3222 5087 δι’
3264 5035 3399 5088 αὐτὸ
3426 5033 3483 5085 ὃν
3516 5036 3628 5085 δια-

2061 5131 2248 5200 φέρειν
2298 5132 2399 5200 μέν
2453 5148 2553 5183 που
2600 5131 2692 5183 τοῦ
2750 5132 2816 5183 δι’
2868 5132 3045 5183 ἐκεῖνό
3082 5147 3143 5197 γε
3190 5131 3382 5190 ὄντος,
3415 5125 3530 5180 ἀλλ’
3566 5130 3624 5177 οὐ

2056 5224 2230 5292 δήπου
2276 5223 2372 5275 καὶ
2408 5225 2569 5290 φύσει
2600 5223 2883 5293 διαφέρειν
2930 5226 3167 5289 ἀνάγκη.
3198 5217 3274 5271 Ἦ
3309 5223 3416 5288 γαρ
3446 5218 3510 5270 ἂν
3536 5222 3631 5270 καὶ

2058 5318 2115 5368 τὸ
2150 5317 2211 5368 ἐκ
2235 5332 2375 5376 τινος
2404 5315 2463 5368 ὃν
2493 5316 2641 5368 ἆπαν
2671 5316 2967 5385 διενηνόχει
2995 5312 3088 5365 τοῦ
3123 5312 3180 5376 ἐξ
3208 5305 3268 5363 οὗ
3298 5314 3416 5363 ἐστι
3449 5310 3631 5379 φύσει.

2060 5406 2215 5456 Ἐστι
2251 5404 2305 5457 δέ
2348 5423 2397 5457 τι
2426 5404 2502 5476 (1)
2549 5408 2639 5458 καὶ
2664 5405 2731 5457 δι’
2780 5404 2987 5474 ἕτερον,
3026 5404 3187 5470 φύσει
3220 5390 3417 5454 ταυτὸν
3461 5401 3537 5470 τῷ
3564 5399 3635 5455 δι’

2055 5499 2079 5548 δ
2121 5501 2287 5551 ἐστιν.
2333 5497 2390 5551 ὐ
2425 5498 2532 5571 γὰρ
2566 5500 2768 5568 Πέτρος
2798 5500 2885 5551 διὰ
2921 5499 3006 5550 τὶν
3048 5496 3330 5549 Ζεϐεδαῖον
3355 5496 3452 5566 μὲν
3489 5494 3632 5565 ἔστι,
