3904 6134
332 281 436 342 615

1431 266 1690 327 GENNA
1705 264 1814 324 Ι)ιί
1858 263 1968 326 CP.
2005 263 2526 324 PATRIARCILE

3351 229 3358 250 ‘
3454 255 3563 316 διο

332 390 492 458 φύσει
519 386 573 439 δέ
605 387 662 438 οὐ
697 382 1089 452 διενηνόχατον.
1125 379 1188 432 El
1221 379 1322 448 6'_6
1355 378 1637 440 Ζεϐεδαῖος
1687 377 1752 428 δι’
1781 375 1897 428 ’ἐτε-
1924 377 1974 436 Α
2001 377 2149 448 αὐτῷ
2179 380 2358 449 νόημα
2389 379 2482 431 καὶ
2513 377 2684 444 Λόγος
2805 371 2899 426 τοῦ
2936 368 3096 437 Θεοῦ⁹
3132 368 3226 422 καὶ
3259 366 3421 421 εἰκὼν
3463 369 3566 422 αὐ-

338 480 427 548 ρὸν
447 481 562 530 ἐστι
591 474 686 528 καὶ
710 473 890 539 αὐτὸς,
931 471 1067 542 πρός
1097 488 1161 538 γε
1193 471 1285 523 τὸν
1323 469 1486 538 λόγον
1514 469 1575 522 οὐ
1607 466 1892 537 διαφέρει·

329 569 390 620 οὐ
422 569 528 633 γὰρ
629 562 695 615 δι’
735 562 919 631 ἕτερον
951 562 1097 614 ἐστιν
1126 561 1154 612 ὁ
1182 558 1485 623 Ζεϐεδαῖος,
1517 557 1692 628 ταύτῃ
1739 573 1801 624 γε
1840 554 1898 622 ἐξ

329 659 494 711 αὐτοῦ
527 657 731 724 Πέτρος
758 654 902 706 ἐστίν
924 669 936 682 ·
977 653 1092 720 ἅμα
1115 669 1174 704 τε
1204 652 1314 721 γὰρ
1341 651 1407 702 ἂν
1428 644 1496 719 ἦν
1527 648 1810 708 Ζεϐεδαῖος
1837 647 1898 699 ἐκ

329 747 421 800 τοῦ
453 746 618 798 αὐτοῦ
655 745 883 813 πατρὸς,
919 743 1012 794 καὶ
1045 745 1250 810 Πέτρος
1297 742 1361 792 ἐκ
1405 739 1711 792 Ζεϐεδαίου.
1755 737 1897 790 Ἀλλ’

330 835 686 896 ὐποτεθέντος
722 833 816 884 καὶ
846 831 920 901 μὴ
948 830 1077 899 παρ’
1099 830 1259 883 άλλου
1290 823 1430 881 εἶναι
1461 829 1551 880 τὸν
1585 827 1896 892 Ζεϐεδαῖον,

331 932 381 981 εί
413 929 648 996 προάγοι
681 926 888 994 Πέτρον
927 923 1000 984 ὡς
1033 922 1124 974 νῦν
1157 924 1222 992 τῇ
1253 920 1418 974 αὐτοῦ
1450 919 1637 988 φύσει,
1666 919 1759 971 τὸν
1803 918 1899 971 αὐ-

272 1012 282 1082 }
330 1021 420 1074 τὸν
454 1022 519 1073 ἀν
549 1023 611 1088 τῇ
643 1017 811 1070 αὐτοῦ
845 1017 1005 1085 φύσει
1030 1016 1360 1084 προενέγκαι
1391 1014 1601 1066 τοῦτον.
1635 1012 1745 1064 Οὐκ
1773 1011 1900 1064 ἁδύ-

332 1129 490 1173 νατος
539 1110 582 1163 δ’
615 1112 647 1179 ἡ
683 1108 1016 1176 ὑπόθεσιςοὴ
1048 1109 1154 1175 γάρ
1205 1105 1327 1175 ἱερά
1383 1102 1700 1157 διδασκαλία
1748 1102 1898 1170 πρῶ.

329 1205 420 1257 τόν
453 1220 570 1255 τινα
611 1201 895 1270 ἄνθρωπον
945 1198 1230 1266 γεγονέναι
1280 1195 1548 1264 βούλεται.
1590 1196 1650 1247 EE
1707 1195 1762 1248 δὲ
1795 1195 1902 1248 κάο

331 1299 506 1356 κεῖνος
535 1296 620 1348 διὰ
653 1294 744 1346 τὸν
774 1293 927 1354 Θεὸν,
955 1293 1055 1343 οὐκ
1098 1288 1330 1342 ἐνταῦθα
1373 1289 1453 1341 δεῖ
1479 1289 1636 1342 τοῦτὸ
1667 1305 1729 1356 γε
1780 1303 1902 1339 σκο-

331 1391 476 1440 πεῖνο
519 1388 580 1439 οὐ
617 1389 725 1454 γάρ
756 1384 1004 1454 ὁμοειδὴς
1054 1385 1086 1447 ἡ
1139 1382 1311 1435 αἰτία.
1363 1381 1487 1433 Ἐπὶ
1534 1381 1589 1433 δὲ
1635 1379 1730 1432 τοῦ
1763 1379 1899 1432 Θεοῦ

332 1480 427 1530 καὶ
453 1479 800 1531 παντάπασιν
831 1475 1036 1544 ἀληθής
1059 1475 1197 1536 ἐστι,
1231 1473 1300 1526 δι’
1325 1472 1475 1525 οὐδὲν
1503 1472 1690 1541 ἕτερον
1721 1471 1898 1535 δντος,

332 1571 468 1622 ἀλλά
507 1571 644 1624 πάνυ
673 1570 738 1621 δι’
782 1567 998 1620 ἐαυτὸν.
1029 1566 1090 1616 Εἰ
1114 1564 1243 1632 γοῦν
1278 1563 1431 1618 οὐδέν
1467 1581 1518 1615 τι
1550 1561 1752 1615 κωλύει
1779 1559 1903 1613 ἄτο-

335 1663 436 1731 μόν
463 1681 515 1714 τι
565 1662 623 1726 ἐξ
657 1662 842 1730 ἐτέρου
874 1660 1248 1728 γεγενημένον
1278 1658 1372 1709 καὶ
1407 1656 1538 1708 αὐτὸ
1568 1653 1694 1708 ἄλλο
1727 1670 1896 1724 προα-

332 1757 523 1824 γαγεῖν
566 1753 708 1827 κατὰ
759 1753 816 1803 τὸ
860 1753 956 1820 τῆς
1006 1750 1219 1817 φύσεως
1261 1745 1442 1811 εἶδος,
1493 1744 1545 1797 τί
1580 1743 1780 1796 κωλύει
1805 1744 1896 1796 τὸν

333 1849 465 1900 Θεὸν
507 1848 600 1899 καὶ
629 1846 773 1913 ἡμᾶς
820 1842 1027 1895 οἴεσθαι
1063 1841 1262 1910 ἄτομὸν
1315 1857 1368 1892 τι
1448 1838 1793 1908 προαγαγεῖν
1841 1835 1897 1900 ἐξ

235 1933 280 1983 ἰ
333 1938 530 1992 ἐαυτοῦ
571 1938 644 2006 τῷ
703 1937 835 1988 εἴδει
883 1936 982 2003 τῆς
1035 1934 1283 2001 φύσεωςς
1343 1933 1404 1984 El
1457 1932 1566 1999 γὰρ
1623 1929 1755 1999 μηδὲ
1807 1928 1900 1980 τὸν

337 2031 615 2084 Ζεϐεδαῖον
649 2027 713 2080 ἂν
740 2026 1036 2087 ἐκώλυσεν,
1059 2024 1219 2093 εἴπερ
1259 2017 1366 2075 οἷον
1396 2016 1526 2092 τ’ἦν
1560 2021 1721 2073 αὐτὸν
1752 2019 1902 2088 πρῶ-

333 2138 424 2172 τον
472 2120 765 2185 ἄνθρωπον
815 2118 1120 2184 γεγονέναι,
1157 2113 1248 2167 τὸν
1305 2113 1510 2183 Πέτρον
1559 2111 1901 2180 προαγαγεῖν

333 2211 479 2264 τοῦτ’
513 2211 642 2264 αὐτὸ
677 2209 737 2262 τὸ
768 2211 831 2260 ἐκ
876 2206 1104 2276 μηδενὸς
1135 2205 1488 2274 γεγενῆσθαι,
1520 2203 1626 2265 ἕως
1658 2201 1901 2264 τοιοῦτός

334 2319 398 2370 γε
435 2297 503 2372 ἦν
549 2301 643 2352 καὶ
684 2297 913 2351 τοιαῦτα
963 2297 1216 2364 ἠδύνατο,
1251 2296 1365 2358 πῶς
1397 2296 1462 2347 ἀν
1484 2294 1546 2346 τὸ
1571 2295 1634 2345 ἐκ
1674 2291 1902 2363 μηδενὸς

333 2389 473 2447 εἶναι
524 2393 788 2444 κωλύσειε
835 2391 926 2442 τὸν
982 2388 1115 2441 Θεὸν
1159 2389 1425 2459 προάγειν
1479 2402 1533 2438 τι
1573 2384 1630 2451 ἐξ
1679 2383 1898 2450 ἐαυτοῦ,

332 2486 436 2546 ἕως
472 2484 535 2537 ἂν
574 2483 608 2552 ᾗ
655 2481 1084 2548 παντοδύναμος,
1120 2481 1212 2532 καὶ
1242 2479 1400 2546 φύσει
1429 2495 1487 2531 τε
1518 2479 1612 2530 καὶ
1649 2477 1896 2547 βουλήσει

331 2573 661 2634 τελεώτατός
711 2589 772 2622 τε
820 2573 915 2622 καὶ
949 2570 1211 2640 ἄριστος;
1247 2569 1345 2638 Εἴη
1381 2569 1479 2639 μὲν
1501 2567 1593 2622 οὖν
1622 2568 1715 2620 καὶ
1745 2566 1900 2619 τοῦτο

333 2665 426 2717 τοῦ
460 2667 638 2716 πάντα
667 2661 928 2716 δύνασθαι
959 2661 1050 2713 τὸν
1087 2661 1240 2728 Θεὸν,
1271 2661 1330 2713 τὸ
1352 2659 1614 2713 δύνασθαι
1638 2658 1900 2726 γεννῆσαι

334 2754 514 2824 ἐαυτῷ
543 2756 661 2810 ἴσον
689 2754 844 2806 Υἰὸν·
874 2754 968 2805 καὶ
990 2751 1291 2822 ἀδυναμίας
1317 2753 1383 2805 ἀν
1412 2747 1480 2822 ἦν
1511 2749 1578 2802 αὐ
1613 2751 1673 2803 τὸ
1704 2749 1778 2820 μὴ
1810 2748 1901 2802 δύ-

334 2843 550 2900 νασθαι.
606 2843 792 2907 Οὕτως
845 2835 940 2896 οὐν
987 2842 1099 2896 οὐτ’
1132 2842 1344 2912 ἀνάγκη
1396 2844 1457 2894 τὸ
1499 2841 1566 2894 δι’
1604 2841 1795 2912 ἕτερον
1839 2839 1898 2894 ὃν

1996 472 2089 524 τοῦ
2121 470 2381 540 ἔμφυτος.
2423 469 2559 525 Οὐδέ
2599 468 2667 520 τά
2725 468 2823 536 μὲν
2858 460 3022 536 ἕτερα
3053 463 3144 517 τοῦ
3180 461 3340 524 Θεοῦ,
3369 459 3458 515 διά
3503 459 3567 514 τὸ

1999 562 2163 616 αὐτὸν
2205 563 2267 613 ἐκ
2301 561 2528 630 μηδενὸς
2556 552 2721 619 εἶναι,
2757 556 2816 621 ἐξ
2848 554 3014 608 αὐτοῦ
3052 555 3226 618 ἔσται,
3259 555 3288 604 ὁ
3317 553 3372 605 δὲ
3397 555 3568 620 Λόγος

1999 652 2164 707 αὐτοῦ
2195 653 2280 704 διὰ
2325 650 2472 704 τοῦτ’
2503 651 2635 703 αὐτὸ
2666 646 2733 703 αὖ
2767 649 2867 701 οὐκ
2912 647 3086 710 ἔσται,
3121 647 3218 700 καὶ
3259 646 3319 698 τὸ
3350 646 3570 713 Πνεῦμα

1998 745 2057 799 τὸ
2112 743 2288 810 ἅγιον.
2326 744 2470 806 Ἕως
2511 744 2555 796 δ’
2583 743 2648 796 ἂν
2697 740 2925 810 οὐδεμία
2976 741 3188 808 ἀνάγκη
3317 737 3406 790 τὸν
3439 738 3570 790 Θεὸν

1998 840 2191 906 ἄγονον
2237 835 2377 891 εἶναι
2423 837 2511 890 διά
2556 835 2616 888 τὸ
2657 832 2799 888 εἶναι
2849 832 3168 902 ἀγέννητον,
3207 831 3240 900 ἢ
3285 831 3465 903 ,μηδέν
3518 846 3573 881 τι

2000 925 2138 982 εἶναι
2171 929 2240 981 δι’
2275 929 2437 980 αὐτὸν
2485 928 2574 980 διά
2603 926 2664 979 τὸ
2696 925 2858 981 αὐτὸν
2889 919 3031 977 εἶναι
3057 922 3123 976 δι’
3155 920 3368 986 ἐαυτὸν,
3419 919 3572 973 0665-

2002 1022 2131 1092 μίαν
2161 1021 2311 1089 ίσχύν
2345 1022 2376 1090 ἡ
2408 1018 2518 1072 τῶν
2560 1017 2833 1086 Ἐλλήνων
2858 1016 2954 1069 καὶ
2980 1015 3088 1070 τῶν
3131 1012 3426 1088 Ἀρειανῶν
3453 1010 3570 1076 ἕξει

2001 1113 2284 1180 πρότασις·
2321 1109 2440 1164 ἀλλ’
2478 1109 2631 1163 ἔσται
2670 1109 2769 1180 μὲν
2795 1108 2855 1161 τὸ
2891 1107 2959 1160 δι’
2998 1106 3134 1159 αὐτὸ
3162 1105 3245 1168 ὃν,
3285 1104 3379 1157 καὶ
3410 1101 3470 1155 τὸ
3501 1102 3569 1154 δι’

2001 1207 2209 1274 ἕτερον,
2239 1206 2298 1257 οὐ
2333 1204 2526 1257 ταυτὸν
2560 1218 2699 1266 πωςο
2741 1201 3001 1255 διοίσουσι
3048 1199 3104 1253 δὲ
3147 1198 3208 1250 οὐ
3239 1200 3302 1267 τῇ
3334 1195 3472 1264 αὐτῇ
3501 1208 3567 1263 γε

2003 1300 2221 1362 πάντως
2249 1297 2506 1366 διαφορᾷ,
2547 1295 2662 1350 ἀλλ’
2699 1292 2919 1365 ἀριθμῷ
2954 1291 3072 1361 μὲν,
3114 1291 3207 1344 ἐάν
3255 1306 3308 1340 τι
3357 1285 3446 1340 διά
3472 1284 3569 1353 τὴν

2002 1389 2165 1445 αὐτοῦ
2191 1389 2351 1458 φύσιν
2446 1387 2504 1452 ἐξ
2532 1386 2720 1448 αὐτοῦ,
2752 1385 2846 1436 καὶ
2873 1382 3003 1435 εῖδει
3049 1378 3105 1432 δὲ
3132 1377 3225 1431 καὶ
3257 1374 3435 1445 οὐσίᾳ,
3471 1371 3568 1425 ἐὰν

2002 1483 2089 1536 διὰ
2115 1483 2214 1549 τὴν
2240 1479 2512 1549 βούλησιν.
2545 1476 2652 1530 Καὶ
2685 1475 2967 1543 δυνάμεων
2993 1471 3224 1541 διαφορά
3253 1467 3354 1536 οὐχ
3389 1467 3423 1535 ἡ
3468 1481 3567 1533 με·

2003 1573 2164 1640 γίστη
2195 1568 2394 1639 ὁμοίως
2426 1570 2482 1620 ἐν
2513 1566 2738 1629 ἅπασιν,
2790 1563 2904 1616 ἀλλ’
2946 1562 3012 1616 ἂν
3046 1561 3143 1630 μέν
3173 1577 3225 1612 τι
3271 1556 3566 1624 ἀγέννητον

2006 1661 2086 1727 ὃν,
2119 1661 2211 1713 καὶ
2238 1660 2396 1728 φύσει
2429 1659 2493 1727 δὴ
2517 1661 2611 1709 καὶ
2639 1654 2892 1725 βουλήσει
2919 1651 3141 1722 άριστὸν
3167 1666 3230 1718 γε
3257 1648 3352 1700 καὶ
3377 1642 3571 1698 τελεώ-

2001 1770 2183 1818 τατον,
2219 1752 2602 1823 δημιουργήσῃ
2651 1750 2881 1818 θελῆσαν
2926 1747 3002 1810 ὡς
3054 1744 3122 1798 τά
3169 1743 3334 1815 τέχνῃ
3383 1739 3571 1792 ποιού-

2005 1863 2160 1914 μενα,
2200 1843 2293 1896 καὶ
2333 1843 2561 1912 δυνάμει
2609 1841 2672 1911 δὴ
2713 1840 2949 1910 μάλιστά
2991 1829 3074 1905 γε’
3107 1836 3300 1888 διοίσει
3334 1833 3443 1886 τῶν
3475 1831 3570 1884 ὐπ’

2003 1935 2169 1990 αὐτοῦ
2201 1935 2501 2002 γεγονότων
2530 1935 2596 2002 τῇ
2627 1935 2854 2000 φυσικῇ·
2891 1929 3089 2001 μᾶλλον
3121 1927 3163 1980 δ’
3188 1926 3326 1980 αὐτά
3353 1924 3570 1976 ἐκείνου

2003 2027 2284 2082 διοίσουσι·
2319 2026 2521 2093 φυσικῇ
2555 2024 2609 2076 δέ
2637 2022 2845 2092 προόδῳ
2867 2021 2925 2085 ἐξ
2951 2019 3115 2074 αὐτοῦ
3146 2035 3308 2071 τιιων
3339 2015 3574 2085 προελη-

2003 2115 2260 2180 λυθότων,
2299 2115 2376 2184 τῷ
2409 2116 2690 2184 ἀγεννήτῳ
2743 2112 2903 2182 μόνον
2940 2111 3032 2164 καὶ
3078 2109 3155 2179 τῷ
3187 2108 3244 2174 ἐξ
3273 2108 3572 2177 ἀγεννὴτου

2005 2203 2270 2261 εἶναικαὶ
2315 2206 2449 2266 ὅλως
2495 2208 2562 2276 τῇ
2592 2204 2712 2258 κατ’
2755 2203 2988 2274 ἀριθμὸν
3026 2201 3258 2270 διαφορᾷ
3298 2199 3575 2270 χωρισθῆ-

2006 2315 2210 2362 σονται,
2238 2300 2336 2368 τῆς
2373 2297 2586 2365 φύσεως
2618 2297 2715 2366 τῆς
2746 2295 2914 2364 αὐτῆς
2965 2292 3137 2361 οὐσης
3163 2293 3440 2358 καθάπαξ
3474 2291 3572 2343 καὶ

2006 2390 2148 2444 οὕτω
2182 2390 2382 2459 μᾶλλον
2412 2392 2509 2457 τῆς
2543 2389 2716 2455 αὐτῆς
2755 2388 2788 2457 ἦ
2829 2389 2887 2442 ὲν
2926 2385 3192 2455 Ζεϐεδαίῳ
3225 2387 3321 2440 καὶ
3357 2385 3570 2464 Πέτρῳ,

2002 2485 2112 2554 ὅσῳ
2157 2485 2270 2536 ἐκεῖ
2308 2482 2405 2552 μὲν
2441 2483 2530 2536 διά
2581 2481 2680 2552 τὴν
2727 2481 2860 2551 ὕλην
2905 2480 3126 2552 ἀριθμῷ
3174 2480 3467 2550 διενηνὸχει
3511 2479 3574 2532 τδ

2003 2572 2141 2638 εἶδος
2169 2575 2265 2644 τῆς
2310 2573 2525 2644 φύσεως
2577 2574 2634 2626 ἐν
2679 2573 2915 2642 ἀμφοῖνο
2947 2571 3184 2626 ἐνταῦθα⁸
3231 2571 3286 2624 δέ
3331 2571 3420 2626 διά
3470 2571 3573 2643 τὴν

2003 2668 2195 2720 ἀῦλίαν
2229 2683 2290 2718 τε
2321 2666 2417 2719 καὶ
2451 2663 2548 2734 τὴν
2598 2664 2879 2734 ἀπειρίαν,
2923 2662 3142 2732 ἀριθμῷ
3194 2663 3351 2732 μίαή
3386 2661 3570 2730 φύσις,

2005 2759 2200 2813 ταυτὸν
2229 2758 2272 2810 δ’
2305 2759 2478 2811 εἰπεῖν
2503 2761 2536 2826 ἡ
2571 2758 2784 2826 θεότης,
2813 2757 2868 2810 ἐν
2894 2773 2954 2810 τε
2981 2756 3059 2826 τῷ
3083 2756 3151 2809 δι’
3180 2754 3311 2809 αὐτὸ
3340 2754 3451 2808 ὁντι
3475 2755 3572 2808 xz:

2003 2849 2115 2910 τοῖς
2150 2846 2207 2914 ἐξ
2243 2847 2409 2901 αὐτοῦ
2446 2847 2572 2918 τῇδε
2607 2848 2979 2918 προηγμένοις
3008 2846 3251 2915 πέφυκεν
3280 2843 3439 2900 οὖσι.
3466 2846 3572 2897 Καὶ

334 2938 480 2990 ἅπαν
504 2935 594 2987 τοῦ
638 2935 704 2987 δι’
737 2936 764 2987 ὅ
798 2937 914 2986 ἐστι
951 2935 1108 3002 φύσει
1140 2933 1562 3004 διακεκρίσθαι,
1602 2933 1663 2986 οὐ
1699 2931 1900 3002 μᾶλλον
1933 2995 1970 3010 Α
2007 2939 2148 3008 εἴγε
2175 2940 2255 2992 δεῖ
2285 2939 2487 3010 μᾶλλον
2517 2939 2856 3008 ἐξακριϐοῦν,
2883 2941 3070 3003 ἁπλῶς
3101 2941 3200 3010 μὲν
3240 2941 3352 2994 ἐστι
3379 2942 3446 2995 δι’
3476 2942 3575 2994 αὐ-

333 3027 366 3097 ἤ
399 3028 610 3094 ἀνάγκη
651 3025 818 3095 μηδὲν
853 3043 906 3077 τι
942 2995 1078 3078 εἷναι
1120 2995 1366 3078 ὁπωσοῦν
1417 3025 1477 3076 ἐκ
1524 2995 1618 3077 τοῦ
1653 2995 1901 3095 μηδαμό-
1931 2995 1973 3054 c
2005 2995 2148 3084 :6v'6
2173 2995 2325 3097 Θεὸς,
2357 3031 2454 3084 καὶ
2493 2995 2574 3084 δι’.
2592 2995 2742 3084 οὐδὲν
2774 2995 2923 3086 ἄλλο·
2970 2995 3150 3102 οὐῠδὴ
3184 3034 3218 3103 ἡ
3253 3034 3430 3098 κτίσις
3476 3051 3572 3103 με·

334 3118 425 3168 θεν
456 3116 606 3178 ὄντος
645 3117 764 3185 μηδ’
794 3115 1068 3182 ὁπωσοῦν,
1110 3115 1222 3168 οὐτ’
1249 3115 1465 3185 ἀνάγκη
1495 3116 1588 3169 τὸν
1636 3116 1767 3169 Υἱὸν
1804 3116 1898 3170 τοῦ

332 3208 468 3262 Θεοῦ
511 3207 696 3274 ἕτερον
728 3203 871 3261 εἶναι
910 3209 1006 3262 τοῦ
1039 3209 1432 3277 γεγεννηκότος
1463 3210 1528 3278 τῇ
1560 3207 1742 3276 φύᾶει,
1775 3203 1807 3282 ᾖ
1838 3208 1900 3278 δὴ

333 3300 611 3352 ἐϐούλοντο
641 3301 688 3351 οἱ
721 3302 852 3369 περὶ
884 3301 974 3351 τὸν
1013 3301 1254 3369 Ἀρειον,
1303 3303 1392 3354 καὶ
1446 3303 1495 3354 εί
1540 3301 1614 3370 μὴ
1659 3302 1899 3363 τοιοῦτος

339 3393 447 3460 εἴη,
485 3391 606 3462 μηδ’
636 3391 702 3444 ἂν
730 3391 889 3443 αὐτὸν
935 3391 1073 3443 εἶναι
1121 3391 1256 3454 ὂλως
1309 3395 1370 3442 ἐκ
1416 3392 1509 3444 τοῦ
1551 3392 1706 3455 Θεοῦ,
1739 3393 1812 3455 ὼς
1841 3393 1901 3445 τὸ

350 3483 663 3552 ⁹Ελληνικὸν
721 3485 812 3535 καὶ
873 3483 1097 3535 ἐκείνων
1148 3484 1400 3535 ἀπαιτεῖν
1439 3482 1612 3534 ἐδόκει
1658 3481 1898 3550 ἀξίωμα.

338 3575 515 3636 Ὂλως
543 3574 621 3635 δὲ,
652 3573 700 3624 εί
738 3573 836 3641 μὲν
883 3574 941 3625 τὸ
971 3572 1034 3624 ἐκ
1079 3572 1326 3642 μηδενὸς,
1362 3571 1480 3624 ἀλλ’
1507 3572 1804 3641 άγέννητὸν
1839 3589 1898 3624 τε

332 3667 428 3719 καὶ
463 3666 705 3719 ἀναίτιον
737 3664 817 3728 ὃν,
849 3665 980 3717 αὐτὸ
1016 3666 1178 3733 μόνον
1205 3663 1312 3716 ἔδει
1344 3658 1505 3727 εἶναι,
1541 3665 1639 3717 καὶ
1669 3665 1743 3727 ὠς
1770 3663 1902 3716 αὐτὸ

335 3755 410 3825 μὴ
463 3754 610 3808 ἔστιν
655 3755 718 3809 ἐκ
765 3773 908 3818 τινος
952 3755 1131 3808 οὐδενὶ
1190 3755 1402 3824 τρόπῳ,
1445 3755 1552 3809 οὐδ’
1591 3755 1718 3809 ἄλλο
1755 3773 1807 3809 τι
1844 3755 1901 3820 ἐξ

334 3846 500 3900 αὐτοῦ
531 3848 718 3917 τρόπῳ
754 3847 945 3917 μηδενὶ
977 3845 1433 3916 προεληλυθέναι,
1467 3845 1578 3900 οὐδ’
1611 3849 1658 3899 cl
1688 3846 1898 3916 ψευδώ-

333 3957 494 4008 νυμοι
526 3941 726 3993 ἐκεῖνοι
755 3938 867 3991 θεοὶ
897 3938 991 3990 καὶ
1021 3938 1155 3990 Θεοῦ
1183 3940 1391 4002 παῖδες,
1417 3939 1526 3991 οὐδ’
1557 3938 1684 3993 ἄλλο
1709 3957 1763 3992 τι
1790 3939 1900 3992 τῶν

330 4030 501 4084 ὅντων
551 4029 750 4098 ἐγίνετ’
808 4030 873 4082 ἀν
931 4027 993 4093 ἐξ
1059 4029 1248 4084 αὐτοῦ.
1304 4029 1367 4082 El
1423 4030 1478 4083 δὲ
1521 4029 1680 4084 τοῦτὸ
1710 4047 1771 4099 γε
1799 4033 1900 4085 οὐκ

331 4124 567 4193 ἀνάγκη,
619 4121 791 4175 πολλὰ
825 4120 934 4191 γάρ
986 4120 1090 4172 ὐπὸ
1139 4120 1233 4173 τοῦ
1295 4122 1594 4192 άγεννήτου
1643 4122 1898 4193 παρήχθη

330 4215 423 4268 καὶ
479 4216 704 4283 γέγονεν
742 4212 1015 4278 ὁπωσοῦν,
1070 4213 1151 4276 τίς
1207 4214 1238 4282 ή
1272 4214 1483 4282 ἀνάγκη
1519 4214 1578 4265 τὸ
1609 4214 1900 4284 ἀγέννητον

2002 3125 2168 3194 γίστῃ
2197 3123 2483 3192 δυνάμεων
2535 3123 2728 3193 ἐκρίθη
2778 3123 3030 3194 διαφορᾷ,
3082 3124 3157 3188 ὡς
3212 3126 3366 3178 αὐτοί
3412 3143 3569 3194 φασι,

2001 3217 2069 3270 δι’
2105 3215 2234 3269 ἄλλο
2278 3215 2536 3284 γεγονυῖά
2581 3232 2640 3268 τε
2673 3216 2770 3269 καὶ
2797 3212 2954 3283 οὖσα,
2995 3217 3231 3287 δηλονότι
3277 3218 3366 3272 διά
3411 3220 3570 3276 Θεόν.

2013 3309 2072 3363 '0
2100 3309 2155 3363 δὲ
2180 3309 2326 3372 θεῖος
2358 3309 2536 3376 Λόγος
2563 3307 2624 3360 οὐ
2654 3307 2720 3362 δι’
2749 3307 2877 3362 ἄλλο
2894 3311 3063 3376 ἐστὶν,
3097 3308 3220 3364 οὐτε
3243 3312 3302 3364 τὸ
3323 3313 3570 3381 Πνεῦμα,

2001 3403 2125 3456 οὐτε
2176 3403 2254 3472 τῷ
2305 3404 2372 3456 δι’
2421 3403 2548 3457 ἀλλο
2600 3405 2694 3458 καὶ
2747 3403 2824 3475 τῷ
2869 3404 2936 3458 δι’
2979 3405 3279 3474 αὐτδζαύτά
3311 3424 3370 3460 τε
3417 3411 3511 3460 καὶ
3542 3409 3574 3458 ὁ

2004 3492 2335 3563 προαγαγὼν
2365 3493 2496 3556 Θεὸς
2546 3493 2843 3564 διενήνοχε·
2873 3495 2989 3559 πῶς
3018 3496 3126 3565 γάρ
3156 3497 3224 3550 τά
3258 3495 3355 3566 τὴν
3399 3497 3574 3566 αὐτὴν

2001 3585 2221 3656 ἀριθμῷ
2251 3583 2415 3654 φύσιν
2463 3582 2694 3654 ἐχοντα;
2742 3586 2880 3639 ἀλλά
2933 3586 3011 3656 τῷ
3058 3587 3126 3641 δι’
3171 3587 3334 3640 αὐτὸν
3369 3588 3575 3657 μᾶλλον

2001 3676 2198 3744 καὶτῷ
2234 3675 2304 3728 δι’
2336 3675 2548 3744 ἕτερον,
2583 3676 2657 3737 ὡς
2689 3675 2755 3728 ἂν
2791 3677 2824 3747 ἠ
2853 3676 3091 3748 διαφορὰ
3126 3679 3261 3748 πρὸς
3308 3678 3407 3743 τὰς
3439 3680 3575 3733 ὐπο-

2005 3767 2219 3830 στάσεις
2253 3767 2447 3834 αὐτάς,
2484 3767 2560 3838 μὴ
2610 3767 2744 3839 πρὸς
2791 3769 2887 3839 τὴν
2926 3769 3089 3838 φύσιν
3118 3759 3449 3841 ἀνιέναι.τῴ
3475 3771 3570 3826 60'-

2004 3859 2165 3922 ξειεν.
2214 3858 2302 3911 Ἐν
2334 3850 2413 3920 οἷς
2447 3857 2501 3910 δέ
2535 3861 2681 3912 ἐστιν
2726 3860 2758 3928 ἠ
2811 3859 2953 3913 κατά
2985 3859 3148 3929 φύσιν
3196 3861 3381 3932 ἑνότης
3425 3863 3569 3916 οὕτω

1999 3949 2286 4019 λαμπρῶς,
2327 3950 2387 4002 τὸ
2413 3947 2482 4002 δι’
2519 3950 2681 4002 αὐτόν
2713 3967 2772 4002 τε
2809 3946 2949 4005 εἶναι
2998 3952 3091 4004 καὶ
3121 3952 3191 4006 δι’
3218 3955 3428 4007 ἐκεῖνον
3472 3956 3568 4008 οὐ-

2000 4041 2191 4109 δεμίαν
2220 4040 2481 4110 διαφορὰν
2508 4041 2717 4108 εἰσάγει
2748 4041 3034 4112 δυνάμεων
3057 4060 3070 4074 ·
3115 4043 3147 4112 ἢ
3174 4043 3435 4112 διαφορὰν
3469 4045 3571 4112 μὲν

2001 4135 2097 4186 καὶ
2127 4133 2369 4204 μεγάλην
2399 4133 2570 4203 δήπου
2613 4137 2773 4199 ποιεῖ,
2804 4136 2904 4191 ηὸτι
2938 4133 3111 4204 ταύτῃ
3142 4135 3304 4202 μόνον
3335 4137 3571 4207 διενηνο-

2001 4227 2154 4296 χότα,
2179 4225 2274 4295 τὴν
2296 4225 2573 4294 διάκρισιν
2603 4226 2961 4296 ἀνεπίμικτον
2984 4227 3240 4291 σώζουσι,
3261 4229 3357 4282 καὶ
3378 4227 3571 4300 ὥσπερ

333 4308 406 4378 μὴ
439 4309 534 4360 καὶ
565 4304 892 4375 συνωνύμως
919 4306 1155 4376 γεννᾷν;
1197 4306 1269 4358 οὗ
1301 4305 1408 4375 γὰρ
1440 4305 1503 4374 δὴ
1537 4305 1763 4374 ἀνόμοια
1801 4305 1899 4374 μὲν
1926 4323 1979 4383 1)
2004 4319 2103 4371 οὐκ
2138 4319 2202 4371 ἀν
2241 4318 2381 4372 αὐτά
2430 4334 2493 4386 γε
2541 4316 2635 4382 τὴν
2687 4316 2781 4370 τοῦ
2820 4319 2888 4369 δι’
2920 4318 3082 4372 αὐτὸν
3129 4317 3282 4384 ὄντος
3327 4319 3570 4391 ἰδιότητα

329 4401 638 4470 δυνήσεται,
664 4401 824 4466 ὅμοια
853 4397 908 4448 δὲ
931 4401 1127 4467 γεννᾷν
1165 4397 1239 4468 μὴ
1264 4397 1573 4466 δυνήσεται,
1607 4397 1634 4449 ὃ
1667 4398 1729 4465 δὴ
1755 4397 1894 4466 ἔφθη

330 4491 723 4559 ἐληλεγμένον,
759 4488 832 4551 ὡς
862 4489 926 4542 ἄν
957 4505 1100 4551 τινος
1158 4489 1265 4540 τῶν
1309 4487 1550 4558 γονίμων
1607 4489 1736 4541 νόθα
1793 4489 1892 4557 μὲν

329 4583 440 4634 οἴου
475 4599 533 4633 τε
565 4581 718 4642 ὁντος
758 4581 975 4650 γεννᾷν,
1022 4583 1220 4649 γνήσια
1251 4579 1307 4630 δὲ
1354 4582 1614 4650 προάγειν
1646 4581 1704 4632 οὐ
1740 4581 1896 4631 δυνα-

335 4674 518 4743 μένου.
579 4670 711 4722 υύδέ
761 4673 900 4724 κατά
957 4671 1054 4739 μὲν
1085 4673 1182 4741 τὴν
1219 4671 1472 4741 βούλησιν
1525 4673 1665 4740 ἀρχή
1713 4688 1892 4734 τινων,

337 4765 472 4816 κατὰ
494 4762 549 4814 δέ
579 4763 675 4830 τὴν
703 4762 864 4830 φύσιν
895 4761 1105 4824 οὐδενὸς
1142 4762 1315 4814 ἔσται·
1352 4764 1411 4814 οὐ
1443 4762 1550 4831 γάρ
1581 4763 1688 4813 τῶν
1715 4762 1899 4819 αὐτῶν

333 4870 396 4922 γε
430 4854 550 4905 κατ’
591 4853 781 4922 ἄμφω,
829 4846 907 4915 οἷς
957 4853 1018 4904 τὸ
1050 4852 1101 4904 τί
1152 4855 1297 4904 ἐστιν
1329 4855 1388 4904 οὐ
1425 4855 1641 4905 ταυτὸν·
1679 4852 1798 4904 οὐδὲ
1831 4856 1894 4922 τῇ

336 4947 431 5018 μὲν
466 4946 618 4999 ἔσται
646 4946 890 5014 γόνιμος,
937 4949 1001 5016 τῇ
1050 4945 1105 4997 δὲ
1150 4945 1363 5012 ἄγονος.
1412 4945 1536 4997 Οὐδ’
1576 4946 1623 4995 εί
1671 4947 1768 5013 τὴν
1799 4945 1895 5012 μὲν

332 5039 494 5111 φύσιν
523 5038 619 5109 τὴν
653 5037 822 5108 αὐτὴν
856 5038 974 5107 ἔχοι
1027 5040 1092 5107 τῇ
1148 5038 1397 5108 ἐνεργείᾳ
1433 5037 1708 5102 καθάπαξ,
1746 5039 1896 5090 ἔσται

330 5136 492 5188 τινῶν
532 5134 703 5196 αἴτιος
734 5136 829 5186 καὶ
863 5132 1005 5186 κατά
1030 5135 1127 5200 την
1169 5133 1331 5200 φύσιν
1361 5131 1467 5184 τῶν
1493 5131 1696 5196 αὐτῶν,
1738 5130 1772 5184 6:
1802 5131 1896 5182 καὶ

331 5232 396 5300 τῇ
453 5229 704 5298 ἐνεργείᾳ
751 5228 1028 5299 προάγοι,
1101 5226 1196 5278 κοιλ⁵
1258 5227 1408 5279 οὐδὲν
1478 5225 1730 5279 ἐντεῦθεν
1773 5226 1896 5292 ἐψε-

331 5339 441 5384 ται,
489 5321 568 5388 τῷ
599 5322 692 5374 καὶ
745 5322 902 5390 φύσει
954 5319 1095 5373 εἶναι
1156 5319 1496 5388 προαγωγὸν.
1536 5319 1596 5370 El
1641 5317 1695 5369 δὲ
1725 5317 1897 5386 διενη-

332 5413 517 5482 νέχθαι
547 5430 666 5475 πως
689 5411 900 5479 ἀληθῶς
950 5413 1008 5463 ἐν
1064 5411 1210 5480 αὐτῷ
1260 5411 1421 5478 φύσις
1469 5412 1564 5462 καὶ
1599 5409 1755 5460 οὐσία
1789 5408 1895 5460 δει-

333 5505 566 5571 κνύοιτο,
594 5507 659 5573 τῇ
697 5506 947 5574 ἐνεργείᾳ
977 5504 1201 5573 προάξει
1230 5506 1321 5556 καὶ
1364 5503 1421 5554 οὐ
1456 5505 1520 5569 τῇ
1555 5501 1737 5568 ςύσει.
1764 5498 1895 5551 Οὐδέ

332 5596 532 5663 τὰμὲν
563 5596 700 5649 ἄλλα
750 5595 967 5664 ποιήσει
1019 5595 1152 5647 νοῶν
1182 5634 1195 5660 ,
1249 5593 1444 5646 ἐαυτὸν
1489 5593 1546 5644 δὲ
1598 5591 1657 5643 οὐ
1711 5593 1893 5660 νοήσει

333 5688 509 5740 ποιεῖν
541 5687 608 5739 τά
635 5688 770 5742 ἀλλα
803 5686 1119 5754 δυνάμενον,
1158 5688 1242 5740 ἵνα
1278 5686 1354 5756 μὴ
1398 5685 1458 5738 τὸ
1491 5682 1792 5753 συλληφθέν
1835 5686 1892 5736 ἐν

2005 4410 2317 4480 μεταλάϐοι,
2353 4409 2523 4472 οὕτως
2554 4411 2659 4462 οὐδ’
2702 4410 2767 4463 ἂν
2798 4411 2927 4463 αὐτό
2974 4427 3107 4464 ποτε
3141 4411 3276 4482 πρὸς
3326 4413 3427 4483 τὴν
3458 4413 3571 4467 τῶν

2000 4503 2258 4557 αἰτιατῶν
2319 4505 2660 4572 μετασταίη·
2720 4504 2984 4574 διαφοράν
3039 4504 3097 4558 δέ
3149 4506 3418 4574 ἀτομικὴν
3472 4509 3570 4560 καὶ

2000 4596 2380 4664 προσωπικὴν,
2439 4595 2472 4664 ἢ
2527 4595 2624 4663 τὴν
2677 4594 2773 4664 τῆς
2831 4595 3048 4664 φύσεως
3093 4594 3192 4648 οὐκ
3246 4595 3312 4648 ἀν
3351 4595 3569 4649 δύναιτο

2000 4686 2262 4758 βλάπτειν
2289 4687 2541 4755 ἐνὸτητα,
2574 4685 2698 4740 οὔτε
2748 4687 2842 4740 τοῦ
2873 4688 3085 4757 Πατρὸς
3113 4689 3181 4741 τά
3221 4687 3280 4753 ἐξ
3309 4688 3470 4741 αὐτοῦ
3503 4705 3563 4740 τε

1999 4778 2090 4830 καὶ
2125 4778 2181 4830 ἐν
2213 4777 2361 4847 αὐτῷ
2391 4777 2556 4846 χείρω
2594 4780 2768 4829 ποιεῖν
2800 4776 2856 4828 ἐν
2885 4794 2987 4830 τινι
3014 4778 3123 4832 τῶν
3159 4781 3215 4840 ἐς
3254 4777 3352 4849 τὴν
3377 4778 3565 4831 οὐσίαν

1997 4867 2236 4937 ηκὸντων
2260 4867 2354 4919 καὶ
2388 4867 2770 4937 ἀσθενέστερα.
2808 4867 2867 4920 El
2897 4867 3008 4936 γὰρ
3057 4867 3133 4936 τῷ
3181 4872 3255 4938 μὴ
3304 4869 3564 4924 δύνασθαι

1999 4959 2077 5020 είς
2129 4959 2224 5018 τὰς
2274 4959 2523 5024 ἀλλήλων
2592 4959 2876 5028 ἰδιότητας
2921 4959 3201 5027 μετελθεῖν
3257 4962 3349 5013 καὶ
3402 4960 3564 5028 φύσει

1995 5049 2310 5113 διοίσουσιν,
2353 5049 2504 5102 οὐδὲν
2550 5049 2750 5118 μᾶλλον
2798 5050 2935 5102 αὐτά
2971 5050 3061 5102 τοῦ
3097 5052 3310 5122 Πατρδς
3355 5053 3563 5106 ἐλάττω

1998 5139 2146 5192 ἔσται
2193 5143 2256 5209 τῇ
2295 5141 2474 5207 φύσει,
2517 5142 2597 5192 ὅτι
2635 5140 2709 5210 μὴ
2759 5144 2849 5194 καὶ
2883 5143 3069 5212 Πατήρ
3101 5144 3250 5195 ἐστιν
3281 5143 3559 5214 ἑκάτερον,

2000 5229 2173 5309 καίτοι
2199 5248 2261 5296 γε
2291 5231 2423 5299 ὅπερ
2455 5232 2481 5282 ὁ
2532 5233 2719 5303 Πατὴρ
2763 5234 2913 5297 ὄντα,
2946 5236 2977 5304 ἢ
3026 5238 3120 5288 καὶ
3153 5238 3178 5288 ὁ
3219 5238 3405 5308 Πατὴρ
3432 5240 3564 5291 αὐτὸ

1996 5321 2156 5373 τοῦτο
2188 5322 2434 5374 πείσεται
2466 5322 2541 5392 τῷ
2574 5325 2700 5392 μηδ’
2732 5325 2892 5387 αὐτὸς
2921 5325 3180 5380 δύνασθαι
3211 5323 3349 5381 εἶναι
3397 5329 3561 5394 αὐτὰ,

1999 5412 2173 5464 καίτοι
2203 5429 2262 5480 γε
2295 5413 2432 5483 ὅπερ
2459 5417 2593 5467 αὐτὰ
2625 5416 2735 5477 (Iw;
2752 5419 2866 5470 ἀλλ’
2893 5423 3014 5474 οὐτε
3057 5418 3218 5494 ἦτῖόν
3250 5444 3298 5477 τι
3333 5426 3439 5488 ἕξει
3468 5429 3562 5479 δυ-

1997 5507 2210 5572 νάμεως
2237 5507 2290 5556 ἐν
2322 5507 2503 5568 αὐτοῖς
2535 5509 2686 5576 οὐδὲν
2711 5511 2797 5562 διὰ
2841 5513 2939 5580 τὴν
2970 5517 3224 5584 τοιαύτην
3256 5519 3560 5588 ἀμεταὸληο

2001 5597 2144 5661 σίαν,
2177 5595 2297 5650 οὐτε
2332 5598 2541 5668 βέλτιον
2588 5602 2740 5655 ἐσται
2786 5604 2843 5666 ἐς
2878 5605 3065 5658 οὐσίαν
3098 5607 3128 5677 ἢ
3166 5611 3364 5678 χεῖρον·
3397 5611 3562 5663 δυνα-

2002 5705 2145 5755 μεως
2169 5689 2275 5756 γὰρ
2315 5689 2516 5755 μᾶλλον
2568 5691 2600 5755 ἦ
2650 5692 2928 5756 ἀσθενείας
2979 5695 3040 5748 τὸ
3085 5699 3319 5752 τοιοῦτον
3349 5699 3412 5752 ἂν
3443 5702 3552 5756 εἴη.
