3904 6134
153 139 334 242 ἰρι

1330 158 1701 223 GENNADU
1724 156 1831 217 CP.
1872 156 2380 218 ΡΑτῑιιΑιιαΗρ-ιι

3359 154 3453 220 θὶί

232 290 472 359 νομίζειν
502 284 838 357 ἰσχυρίζοντο
863 284 1045 354 μόνον,
1076 281 1167 334 καὶ
1197 278 1392 348 λόγους
1421 276 1574 340 τινάς
1606 275 1810 345 εῦπρε·
1840 276 1887 332 Δ
1916 276 1973 330 τὸ
2002 276 2460 346 ἐκκλησιαστικὺν
2486 275 2731 342 ἐξιᾶσθαι
2768 275 2917 328 τουτὶ
2948 272 3193 346 τραῦμα,
3223 272 3294 337 ὡς
3323 276 3460 329 αὐτοί

235 385 355 443 πεῖς
394 397 503 434 τισι
556 378 848 438 δοκοῦντας
897 377 994 443 τῆς
1045 371 1203 442 δόξης
1256 372 1470 440 ταύτης¹
1516 367 1803 437 ἐκόμιζονο

231 473 417 525 ἐκεῖνα
440 470 496 522 δέ
537 468 713 521 πάντα
745 465 839 518 καὶ
870 465 996 527 τοὺς
1029 461 1263 520 ἐκείνοις
1293 460 1425 513 ποτὲ
1458 457 1807 526 τεθειμένους

231 565 341 617 τῶν
374 558 818 615 δυσσεϐεστάτων
849 551 993 609 ε’ίναι
1014 552 1259 623 νομίζειν
1290 551 1481 604 ἐϐόων.
1512 551 1577 602 Oi
1599 550 1653 602 δέ
1681 549 1809 618 περὶ

231 656 322 708 τὸν
372 653 586 723 Πύρρον
617 650 820 720 ὁμοίως
867 647 1131 719 ἠρνοῦντο
1184 645 1283 715 μὲν
1332 644 1429 714 τὴν
1472 646 1600 715 μίαν
1648 643 1810 711 φύσιν

170 762 173 805 ζ
232 749 323 799 καὶ
356 748 460 815 τὴν
488 744 770 814 ἐνέργειαν
819 744 875 797 ἐν
914 739 1159 811 Χριστῷ,
1194 738 1415 806 θέλησιν
1457 737 1640 805 μέντοι
1683 736 1812 804 μίαν

231 837 495 899 τιθέντες,
545 835 696 887 οὐδὲν
728 832 957 903 ἡγοῦντο
986 831 1165 899 λέγειν
1196 827 1369 881 δεινὸν
1393 868 1407 893 ,
1443 826 1537 880 ἆτε
1567 825 1663 895 τῆς
1693 824 1811 877 κατ’

234 928 524 996 ἄνθρωπον
566 925 837 994 θελήσεως
870 925 936 990 τῇ
971 923 1092 993 θεία
1138 918 1395 989 καθαρῶς
1434 916 1813 984 ὑποτεταγμέ-

234 1038 333 1090 νης
362 1022 421 1073 ἐν
451 1018 528 1089 τῷ
559 1017 815 1089 ἡμετέρῳ
842 1015 1075 1085 δεσπότῃ
1096 1030 1109 1045 ·
1142 1014 1235 1067 καὶ
1257 1012 1476 1065 ἐδόκουν
1507 1009 1570 1077 δὴ
1601 1006 1815 1070 πολλοῖς

236 1112 611 1182 προσδεκτέοι,
648 1109 823 1163 ταῦτα
859 1107 1111 1175 λέγοντες
1136 1144 1151 1170 ,
1201 1104 1296 1156 καὶ
1350 1102 1583 1172 βοῶντες
1627 1098 1817 1167 μηδενί⁵

236 1206 346 1257 τῶν
371 1201 733 1271 ἐπαγομένων
768 1200 1072 1271 συγχωρεῖν
1101 1198 1288 1267 σφίσιν
1316 1195 1555 1249 ἀτόπων.
1594 1192 1736 1245 Ἀλλ’
1767 1192 1817 1242 οῖ

241 1297 394 1365 σοφοὶ
425 1294 666 1366 Πατέρες
723 1295 920 1347 ἐκεῖνοι
968 1291 1069 1360 τὴν
1118 1290 1266 1342 θέσιν
1318 1287 1518 1358 μᾶλλον
1566 1285 1818 1339 ἐκέλευον

238 1390 619 1461 ἀπορρίπτειν,
649 1388 740 1439 καὶ
773 1384 1054 1456 ἀρνεῖσθαι
1086 1384 1183 1453 μὲν
1206 1380 1306 1451 τὴν
1340 1380 1467 1450 μίαν
1499 1378 1664 1447 φύσιν
1690 1378 1817 1438 τοὶις

237 1483 569 1551 δεινοτέρους
602 1479 845 1541 ἐκείνους
869 1478 967 1547 τῆς
999 1474 1315 1544 οἰκονομίας
1355 1471 1608 1541 ἐχθροὺς,
1640 1470 1734 1521 δύο
1760 1466 1818 1521 δέ

239 1576 445 1629 τιθέναι
477 1574 724 1641 θελήσεις
762 1571 891 1633 τοὺς
922 1570 1181 1639 ὑστέρους
1217 1565 1335 1619 ἀντὶ
1368 1564 1495 1634 μιᾶς
1528 1564 1585 1614 ἐν
1612 1561 1690 1630 τῷ
1718 1560 1816 1629 τῆς

239 1672 587 1742 ἀνθρωπίνης
657 1669 933 1739 σωτηρίας
992 1664 1327 1735 καθηγεμόνι
1384 1660 1643 1734 Χριστῷ,
1705 1660 1819 1727 εἴγε

242 1765 493 1835 μέλλοιεν
529 1764 605 1833 μὴ
628 1763 816 1833 πόρρω
840 1762 949 1813 τῶν
984 1760 1151 1828 ἱερῶν
1182 1755 1592 1822 ἐξελαύνεσθαι,
1626 1754 1818 1826 ὥσπερ

240 1858 305 1911 δία
336 1862 428 1910 καὶ
468 1856 765 1928 ἡλαύνοντο
790 1855 855 1921 τῇ
898 1850 1081 1920 κρίσει
1126 1851 1229 1919 τῆς
1273 1848 1601 1918 Ἐκκλησίας
1628 1848 1689 1899 οῦ
1726 1863 1819 1899 πε-

242 1948 549 2016 πεισμένοι.
602 1946 710 1999 Καὶ
756 1945 906 2013 ἡμᾶς
953 1938 1045 1996 οῦν
1097 1943 1209 2005 τοῖς
1263 1940 1539 2010 Πατράσιν
1593 1939 1821 2001 ἐκείνοις

242 2041 473 2093 ἕπεσθαι
509 2038 639 2108 χρὴ,
678 2037 773 2089 καὶ
807 2035 882 2106 μὴ
927 2032 1285 2101 καινοτομίαν
1316 2031 1465 2084 λύειν
1502 2028 1823 2099 καινοτομία

242 2136 446 2204 χείρονι
501 2130 809 2201 βούλεσθαι,
866 2127 1070 2196 μᾶλλον
1102 2125 1157 2179 δὲ
1202 2122 1456 2194 βεϐαιοῦν
1490 2121 1588 2193 τὴν
1619 2122 1822 2192 ἐτέρων

244 2226 594 2293 καινοτομίαν
630 2224 686 2274 ἐν
715 2222 1066 2291 προσχήματι
1118 2218 1352 2278 λύσεως,
1388 2216 1483 2269 καὶ
1537 2230 1821 2281 συγκαινο-

242 2318 430 2385 τομεῖν
463 2314 668 2378 αὐτοῖς,
702 2312 827 2373 τοὺς
859 2309 1111 2363 τοσοῦτον
1160 2309 1353 2379 χρόνον
1401 2306 1643 2373 εὐλόγως
1676 2304 1820 2374 ὺπέρ

244 2411 353 2463 τῶν
385 2407 632 2477 πατρίων
662 2403 1008 2464 ἀνθεστῶτας
1040 2402 1177 2469 αὐτῇ
1198 2418 1213 2433 ο
1244 2401 1293 2453 εί
1336 2399 1410 2469 μή
1440 2416 1525 2461 τις
1566 2398 1699 2468 φαίη
1733 2397 1826 2449 καὶ

245 2503 344 2572 τὴν
380 2500 708 2567 Ἐκκλησίαν
740 2494 1003 2557 πολλάκις
1033 2493 1384 2562 ἐξαμαρτεῖν,
1428 2490 1574 2543 οῦτω
1608 2507 1671 2558 γε
1705 2489 1824 2560 κρί-

248 2610 420 2646 νασαν
442 2610 455 2622 ’
490 2584 552 2644 οὗ
588 2590 640 2641 τί
675 2588 743 2641 ἂν
774 2587 1057 2641 εύσεϐέσιν
1086 2586 1277 2647 ἀκοαῖς
1311 2582 1695 2652 ἀπηχέστερον
1730 2583 1827 2649 ἐμ-

248 2687 406 2739 πέσοι
439 2683 590 2754 ρῆμά
626 2696 797 2745 ποτες
850 2678 1008 2733 Οῦτω
1052 2677 1109 2730 δέ
1141 2679 1234 2731 καὶ
1278 2676 1436 2730 αὐτοὶ
1479 2677 1700 2729 Λατῖνοι
1728 2673 1828 2743 τὴν

248 2774 527 2845 ἡμετέραν
577 2771 880 2835 ἀνάπτυξιν
912 2770 1017 2839 (ἥδ’
1066 2769 1222 2833 ἐστὶ,
1285 2768 1341 2820 τὸ
1381 2767 1456 2837 μὴ
1510 2766 1602 2820 καὶ
1639 2767 1701 2817 ἐκ
1734 2763 1827 2817 τοῦ

251 2870 382 2923 Υίοῦ
410 2870 468 2921 τὸ
502 2867 725 2936 Πνεῦμα
777 2865 835 2918 τι
882 2864 1035 2932 ἀγιον
1085 2859 1481 2931 ἐκπορεύεσθαι
1557 2857 1659 2911 εἴτ’
1736 2854 1831 2911 οῦν

1914 386 1974 435 γε
2001 368 2151 431 ὄντες
2180 371 2228 421 οί
2279 369 2605 439 πλήξαντες.
2650 369 2960 438 ιῐειρῶνται
2994 367 3095 437 μὲν
3132 364 3222 420 οῦν
3261 368 3352 419 καὶ
3380 367 3461 420 τδν

1912 460 2019 513 τῶν
2070 461 2287 513 ἀτόπων
2345 461 2573 513 ἐκείνων
2622 460 2759 531 πρὸς
2794 460 2891 529 τὴν
2938 458 3176 528 ἐξαρχῆς
3225 457 3465 511 ὑπόθεσιν

1914 552 2213 621 σύνδεσμον
2267 550 2454 606 λύεινο
2501 551 2638 606 ἀλλά
2687 550 2943 604 τοσοῦτον
2988 550 3134 603 λύειν
3166 550 3479 620 ἀπέχουσιν,

1913 643 2071 713 ὥστε⁸
2085 643 2153 697 δι’
2182 644 2323 697 αὺτά
2354 660 2417 712 γε
2449 641 2843 715 φορτικώτεροι
2876 643 2987 704 τοῖς
3021 640 3184 694 εἰδόσι
3212 640 3470 707 δοκοῦσιν,

1915 736 2211 807 ἀδοξότερα
2246 736 2425 807 πολλῷ
2452 737 2696 798 τιθέντες
2735 735 2846 789 τῶν
2875 733 2935 799 ἐξ
2980 735 3175 804 ἀρχῆς,
3204 734 3289 785 ἵνα
3322 734 3474 801 μόνον

1915 830 2184 901 δυνηθῶσι
2214 830 2361 897 δόξαι
2396 849 2449 883 τι
2497 831 2700 899 λέγειν,
2750 830 2841 883 καὶ
2889 830 2977 882 ἵνα
3001 826 3190 892 δόξωσι
3231 825 3377 881 λύειν
3409 826 3476 893 ,οὐ

1916 928 2157 988 λύοντες.
2194 927 2384 997 Ἡμεῖς
2413 926 2469 978 δέ
2504 926 2605 978 σὺν
2631 927 2743 981 τοῖς
2772 923 3053 993 Πατράσιν
3079 920 3235 991 ἡμῶν
3261 920 3354 988 τὴν
3378 920 3479 973 τῶν

1920 1021 2139 1075 ἀτόπων
2200 1020 2425 1073 ἐκείνων
2472 1017 2800 1072 ἀκολουθίαν
2854 1017 2920 1068 ἐκ
2964 1014 3073 1068 τῶν
3122 1013 3220 1081 τῆς
3252 1011 3479 1074 πίστεως

1921 1110 2234 1165 ὑποθέσεων
2282 1110 2574 1180 δείκνυμεν
2625 1108 2822 1171 οὕτως,
2872 1107 2947 1171 ώς
2976 1108 3041 1160 ἄν
3088 1122 3141 1157 τι
3170 1104 3338 1168 δόξειε
3384 1102 3486 1155 τῶν

1919 1203 2181 1259 ἁπάντων
2235 1204 2409 1272 ἐτέρῳ
2455 1220 2533 1272 τῳ
2586 1202 2725 1255 κατά
2758 1200 2885 1263 τοὺς
2930 1198 3039 1252 τῶν
3092 1196 3267 1263 λόγων
3299 1194 3487 1262 νόμους

1921 1295 2261 1351 ἀκολουθεῖν.
2295 1295 2386 1348 Διὸ
2413 1295 2476 1365 δὴ
2512 1295 2605 1348 καὶ
2636 1312 2742 1348 των
2772 1290 3056 1361 ἑπομένων
3086 1291 3184 1358 οὐχ
3211 1284 3371 1360 ἧττον
3396 1286 3489 1355 τὴν

1922 1388 2164 1459 ἐξαρχῆς
2196 1388 2453 1442 ὑπόθεσιν
2481 1386 2847 1456 διωθούμεθα,
2880 1384 2995 1437 ἴσον
3034 1381 3296 1436 δύνασθαι
3326 1380 3490 1449 ταύτῃ

1923 1499 1982 1535 τε
2021 1482 2297 1544 κάκείνοις
2324 1482 2543 1550 χαίρειν
2571 1498 2629 1533 τε
2658 1480 2756 1532 καὶ
2787 1476 3141 1547 ἀπηχθῆσθαι
3180 1470 3245 1528 αὖ
3279 1473 3493 1542 πρόςτε

1922 1574 1983 1627 τὸ
2024 1574 2163 1643 μετά
2199 1572 2299 1642 τῆς
2351 1572 2609 1642 ἀληθείας
2664 1572 2761 1625 καὶ
2813 1570 3127 1624 τούναντίον
3172 1564 3313 1623 εἶναι
3346 1566 3491 1637 νομίο

1926 1670 2129 1735 ζοντες.

1994 1763 2182 1817 Ταῦτα
2208 1764 2385 1817 τοίνυν
2415 1762 2511 1815 καὶ
2543 1762 2809 1823 πολλάκις
2852 1758 3095 1820 εἰπόντες
3129 1757 3241 1818 τοῖς
3271 1770 3400 1807 ποτε
3426 1752 3496 1823 (ι)

1925 1855 2240 1925 ἡμετέροις,
2269 1854 2363 1907 καὶ
2385 1854 2446 1906 ἐν
2468 1852 2696 1922 βιϐλίοις
2716 1848 3115 1918 συνταξάμενοι
3140 1846 3494 1915 πολυστίχοις.

1925 1947 2024 2000 ούκ
2076 1947 2240 2016 ἔρωτι
2288 1944 2383 1999 τοῦ
2419 1944 2590 1998 πολλά
2641 1941 2984 2011 συγγράφειν
3012 1940 3217 2010 βιϐλία,
3260 1939 3403 2008 ζήλῳ
3446 1938 3498 1990 δὲ

1926 2036 2221 2104 ὠφελείας,
2256 2035 2356 2088 καὶ
2387 2034 2538 2104 πόθῳ
2576 2033 2672 2100 τῆς
2703 2033 2902 2096 αὐτῶν,
2942 2031 3016 2093 ὡς
3050 2031 3332 2101 ᾠήθημεν,
3362 2028 3499 2098 ώφε-

1926 2127 2097 2192 λείας,
2154 2126 2340 2180 οὐκέτι
2392 2130 2694 2196 σωφρονεῖν
2741 2123 2869 2186 τοὺς
2919 2125 3123 2194 ἄνδρας
3184 2123 3497 2191 ἐπείσαμεν.

1940 2218 2079 2270 Ἀλλ’
2112 2217 2244 2281 ἴσως
2275 2217 2369 2271 νῦν
2407 2218 2601 2279 αὐτοὺς
2639 2219 2672 2286 ἠ
2715 2216 2781 2285 σὴ
2824 2216 3070 2285 βιάσεται
3119 2214 3322 2284 ψῆφος,
3352 2214 3397 2265 εί
3435 2212 3503 2281 μὴ

1931 2311 2117 2379 μάτην
2154 2310 2358 2380 ταύτην
2385 2309 2651 2379 ἀπῄτουν.
2688 2309 2763 2362 Τδ
2808 2309 2865 2363 δέ
2912 2309 2987 2377 (‘2)
3025 2309 3102 2379 μὴ
3137 2308 3203 2363 ἀν
3230 2305 3349 2361 ποθ’
3380 2308 3503 2377 ἡμῖν

1928 2402 2216 2471 εύσέϐημα
2253 2401 2334 2454 ἐνί
2367 2418 2428 2470 γε
2474 2402 2650 2470 τούτῳ
2677 2401 3040 2470 ἀντισωθῆναι
3074 2400 3159 2470 τῷ
3186 2399 3502 2469 ἀσεϐήματι,

1929 2494 2011 2547 ὃτι
2039 2494 2129 2545 τὸν
2159 2493 2312 2558 Θεὸν,
2347 2490 2428 2556 οἷς
2473 2492 2759 2561 ποιοῦμεν,
2788 2492 2886 2559 τῆς
2924 2491 3083 2562 ἡμῶν
3116 2493 3221 2545 αὐτ
3238 2494 3297 2543 ὒν
3338 2489 3504 2559 ἀρχῆς

1930 2584 2332 2653 ἐξελαύνομεν,
2390 2581 2471 2647 οἷς
2530 2584 2629 2654 μὲν
2678 2586 2733 2637 αἱ
2786 2582 2945 2637 ἄλλαι
2993 2580 3267 2647 σώζονται
3312 2581 3501 2644 πόλεις,

1932 2675 2139 2731 τούτων
2166 2678 2421 2732 ἁπάντων
2440 2676 2852 2749 ὀλιγωροῦντες,
2878 2679 2971 2731 καὶ
2992 2672 3072 2740 οἷς
3104 2678 3169 2730 τὸ
3194 2674 3507 2731 θεῖονεῖωθε

1932 2771 2147 2841 χαίρειν
2181 2774 2292 2825 τῶν
2320 2772 2682 2840 ἀνθρωπίνων
2719 2770 3195 2841 ἐπιτηδευμάτων,
3227 2769 3511 2829 ἀσκοῦντες

1933 2865 2140 2918 τούτων
2175 2864 2329 2917 οὐδὲν
2350 2904 2367 2929 ,
2400 2865 2514 2916 ἀλλ’
2544 2864 2850 2932 ἁγιστείαις
2878 2866 3085 2934 μόναις,
3121 2870 3219 2917 καὶ
3251 2864 3510 2932 θυώμασι,

249 2958 599 3029 ὑφίστασθαι)
658 2957 719 3010 οὗ
771 2955 1109 3027 προσίενται.
1158 2954 1335 3006 καίτοι
1384 2949 1543 3018 ἡμῶν
1589 2948 1689 3018 μὲν
1736 2949 1834 3016 τὴν
1861 2950 1905 3011 C
1938 2957 2035 3012 καὶ
2064 2957 2260 3026 φωνῶν
2292 2958 2546 3025 ἐπάρσει,
2576 2957 2670 3010 καὶ
2698 2958 2877 3019 σκιαῖς
2909 2973 3020 3008 τισι
3068 2956 3314 3024 κούφαις
3345 2956 3515 3008 θεοσε-

261 3052 554 3121 Ἀρειανὴν
592 3050 681 3100 καὶ
717 3044 1087 3114 Νεστοριανὴν
1133 3042 1345 3111 αἵρεσιν
1388 3039 1447 3092 ἐν
1502 3056 1559 3092 τε
1604 3042 1670 3106 τῇ
1705 3037 1829 3091 καθ’

252 3143 496 3211 ἐκσὶστην
526 3139 791 3209 ὁμολογίᾳ
824 3138 918 3191 καὶ
948 3138 1081 3187 πᾶσι
1123 3135 1348 3203 τρόποις
1393 3131 1828 3199 ἐξαρνουμένων,

250 3234 315 3297 ἃς
345 3236 480 3301 ἡμῖν
507 3230 861 3284 ἐπισείουσιν.
894 3228 1071 3293 Αὐτῆς
1100 3226 1156 3280 δέ
1185 3226 1353 3294 οὔσης
1382 3223 1829 3293 ἀσφαλεστάτης,

251 3328 333 3378 ὅτι
364 3341 421 3376 τε
451 3321 882 3391 γνωριμωτάτη,
912 3319 1005 3370 καὶ
1038 3318 1118 3370 ὅτι
1162 3317 1269 3369 δέει
1303 3316 1402 3385 μὲν
1444 3316 1554 3369 τῶν
1587 3314 1833 3368 ἀπειλῶν

254 3416 351 3484 τῆς
385 3414 572 3483 τρίτης
602 3411 844 3476 συνόδου,
877 3408 1099 3462 αἰδοῖδέ
1129 3406 1238 3459 τῶν
1291 3406 1411 3475 μετ’
1449 3405 1665 3474 ἐκείνην
1712 3420 1833 3456 τετ-

254 3505 457 3572 τάρων,
499 3502 556 3555 αἳ
591 3501 715 3563 τοὺς
749 3498 846 3570 τῆς
896 3499 1086 3567 τρίτης
1134 3496 1331 3563 νόμους
1384 3492 1711 3564 ᾐδέσθησαν,
1772 3492 1831 3543 ού

254 3598 349 3649 καὶ
380 3596 458 3664 τῷ
494 3590 753 3663 συμϐόλῳ
787 3608 848 3659 γε
892 3589 1063 3658 αὐτὴν
1105 3584 1425 3654 ἐνεθέμεθα.
1461 3582 1649 3653 Πολλῴ
1690 3582 1736 3637 δ’
1769 3584 1835 3635 ἂν

255 3688 594 3756 δικαιότερον
628 3682 973 3763 συμφωνοῖεν
1017 3681 1152 3749 ἡμῖν
1208 3677 1362 3730 αὐτοὶ
1409 3676 1508 3746 τὴν
1559 3675 1834 3744 ἀπόφασιν

255 3781 342 3833 διὰ
373 3780 475 3842 τὰς
521 3780 797 3847 ἡμετέρας
853 3772 1134 3842 ἀρνήσεις,
1165 3770 1198 3840 ἢ
1228 3806 1242 3833 ,
1277 3768 1351 3832 ὡς
1396 3770 1525 3836 ἡμῖν
1570 3767 1833 3837 ἐξαρκοῦν

258 3873 441 3924 ἐκεῖνα
472 3871 615 3938 σφᾶς
662 3865 1035 3937 ἐξαρνεῖσθαι,
1065 3863 1202 3934 πρὸς
1242 3863 1340 3924 τὴν
1376 3862 1688 3932 κατάφασιν
1721 3861 1835 3931 βιά-

260 3964 422 4028 ζοιντ’
455 3962 520 4016 ἂν
568 3962 667 4031 τὴν
698 3958 901 4023 αὐτῶν,
932 3959 1051 4019 ταῖς
1084 3973 1143 4009 τε
1184 3956 1379 4024 ἀρχαῖς
1430 3954 1491 4007 ού
1530 3954 1671 4007 πάνυ
1714 3971 1838 4005 συν-

258 4056 389 4126 ῳδὸν
422 4056 545 4117 ταῖς
575 4054 805 4116 κοιναῖς,
830 4051 943 4116 καὶ,
978 4046 1150 4119 οῦπερ
1178 4048 1278 4100 οὐκ
1299 4043 1367 4118 ἦν
1394 4046 1573 4115 θέμις,
1609 4061 1838 4115 προστε-

258 4150 537 4219 θειμένην.
587 4148 777 4215 Ἡμεῖς
803 4162 862 4197 τε
894 4146 953 4213 τῇ
990 4142 1241 4194 Λατίνων
1278 4140 1344 4193 ἂν
1378 4139 1682 4209 τεθειμένοι
1713 4140 1839 4211 δόξῃ

261 4242 469 4306 ἁπλῶς,
504 4242 683 4310 χεῖρον
716 4238 780 4291 ἂν
826 4236 1004 4289 αὐτῶν
1038 4234 1474 4303 ἁμαρτάνοιμεν.
1520 4232 1687 4285 Αὐτοὶ
1737 4232 1840 4301 μὲν

259 4337 368 4405 γὰρ
403 4334 498 4387 καὶ
526 4333 766 4401 οἰόμενοι
804 4329 972 4400 μηδὲν
1018 4327 1126 4379 τῶν
1171 4325 1391 4394 φαύλων
1419 4325 1592 4397 ταύτῃ
1623 4323 1842 4377 ἀκολου-
1875 4311 1921 4369 Ι)

260 4430 391 4480 θεῖ).
434 4428 533 4479 οὐκ
586 4426 652 4479 ἂν
706 4423 920 4484 ἑκόντες
979 4414 1113 4482 εἷεν,
1166 4419 1312 4481 οἴους
1367 4419 1405 4487 ἡ
1458 4418 1608 4480 θέσις
1676 4418 1841 4471 ποιεῖ.

275 4521 467 4587 Ἡμεῖς
496 4517 574 4581 δὲ,
602 4516 675 4576 ὡς
703 4515 770 4567 ἀν
813 4512 1050 4583 βεϐαίως
1084 4510 1349 4580 ἡγώμεθα
1380 4509 1439 4561 ἐν
1474 4524 1526 4561 τι
1565 4508 1629 4560 ἐκ
1664 4507 1843 4559 πλειό-

261 4628 367 4663 νων
401 4607 760 4676 συνεζεῦχθαι
790 4604 965 4674 ταύτῃ
994 4602 1187 4667 κακὸν,
1216 4601 1293 4653 δεῖ
1320 4601 1395 4663 ώς
1425 4600 1591 4652 πᾶσιν
1624 4600 1847 4661 ἑκόντας

262 4703 611 4771 ἐνεχομένους
664 4694 1012 4759 εὐθύνεσθαι,
1053 4695 1103 4748 εί
1130 4710 1192 4761 γε
1241 4693 1315 4755 ώς
1371 4689 1539 4761 μηδὲν
1590 4689 1845 4759 διαφέρον

261 4795 645 4865 ὀλιγωροῖμεν.
691 4788 857 4844 Ὅθεν
884 4787 1007 4840 οὐδὲ
1036 4784 1345 4855 νιμεσητέα
1379 4782 1581 4849 μᾶλλον
1612 4783 1744 4851 ἡμῖν
1778 4779 1845 4833 ἂν

263 4889 347 4959 εἴη
383 4886 640 4948 Λατίνοις
673 4884 705 4955 ἢ
739 4880 993 4935 διοακτέα
1045 4879 1170 4951 μὲν,
1207 4879 1257 4931 εί
1298 4876 1551 4929 δύναιντο
1599 4876 1843 4928 πείθειν⁴

263 4986 309 5035 εί
344 4981 517 5050 δ”οὑχ
545 4973 648 5030 οἶοί
682 4977 742 5032 τέ
777 4978 945 5045 ἐσμεν
991 4973 1232 5039 ἐπαΐειν,
1271 4970 1389 5040 ἅμα
1442 4968 1536 5021 καὶ
1572 4968 1846 5032 πλείστοις

266 5076 598 5145 σοφωτέροις
632 5070 730 5141 μὲν
772 5067 955 5138 ἡμῶν,
988 5064 1382 5132 πιθανωτέροις
1409 5061 1465 5114 δὲ
1496 5062 1628 5131 ἡμῖν
1680 5060 1846 5114 Λατί-

262 5188 387 5233 νων,
422 5168 704 5235 ἐπόμενοι,
742 5161 878 5230 μετά
928 5162 1025 5229 τῆς
1061 5157 1153 5211 ἐπὶ
1193 5157 1269 5225 τῷ
1304 5156 1405 5208 οὐκ
1437 5152 1848 5224 εὐπαρακολου⁶

264 5267 411 5333 θητῳ
440 5258 798 5330 συγγνώμης,
824 5257 918 5312 καὶ
938 5255 1039 5325 τῆς
1067 5250 1331 5314 εὐλαϐοῦς
1362 5250 1663 5317 ἀσφαλείας
1689 5249 1850 5302 ἐπαι-

266 5361 441 5420 νετέα,
474 5357 577 5419 ἕως
634 5356 709 5424 μὴ
744 5351 1047 5422 βούλωνται
1080 5351 1146 5419 τῇ
1198 5347 1333 5417 μόνῃ
1369 5344 1686 5413 δικαιοτάτῃ
1742 5340 1847 5411 ὁδῷ

337 5489 411 5558 (ι)
439 5483 550 5541 llac
580 5486 840 5555 particula
860 5503 1000 5558 ποτε
1047 5483 1286 5539 secernit
1321 5488 1485 5548 atque
1517 5488 1768 5546 segregat
1806 5494 1835 5531 ει

267 5556 381 5615 διεὶς
442 5575 535 5611 cos
576 5574 669 5627 qut
726 5559 793 5611 ad
856 5556 1174 5610 Latinorum
1242 5562 1425 5622 parte:
1481 5558 1832 5602 translcmnt.

267 5637 442 5688 Mm.

1941 3049 2093 3112 ϐείας
2123 3048 2246 3103 ἀντὶ
2280 3049 2387 3101 τῶν
2421 3048 2621 3119 ἔργων,
2656 3048 2751 3101 καὶ
2802 3047 3141 3118 ὑποκρίσεσι
3188 3048 3300 3100 τῶν
3348 3047 3515 3099 καλῶν

1940 3143 2179 3211 οἰόμενοι
2226 3141 2322 3195 τὸν
2355 3141 2498 3196 Θεὸν
2552 3141 2909 3214 θεραπεύεινο
2959 3135 3079 3196 εἶτα
3139 3143 3235 3196 καὶ
3271 3139 3518 3211 προδοσία

1941 3234 2102 3305 δόξης
2134 3234 2309 3300 τινος,
2348 3236 2414 3306 ἢν
2456 3234 2589 3305 περὶ
2637 3233 2731 3287 τοῦ
2778 3234 2923 3287 θείου
2971 3235 3068 3287 καὶ
3113 3236 3250 3305 παρ’
3276 3232 3435 3286 αὐτοῦ
3460 3248 3517 3298 γε

1944 3324 2038 3379 τοῦ
2075 3326 2222 3379 θείου
2274 3325 2534 3387 λαϐόντες
2566 3325 2787 3395 ἔχομεν,
2818 3324 3126 3395 ὠνούμενοι
3180 3326 3280 3394 τὴν
3311 3328 3372 3376 ἐκ
3417 3322 3518 3374 τῶν

1942 3417 2155 3488 ἐχθρῶν
2210 3416 2487 3486 σωτηρίαν
2544 3417 2608 3469 ἐκ
2661 3416 2770 3469 τῶν
2826 3417 2965 3485 μήτε
3021 3417 3348 3488 δυναμένων
3391 3416 3518 3485 μήτε

1946 3508 2284 3578 βουλομένων
2336 3507 2466 3569 ἴσως
2499 3506 2705 3576 ταύτην
2738 3507 3023 3577 παρέχειν,
3063 3506 3211 3561 ἀλλά
3238 3507 3520 3577 γράμμασι

1944 3601 2128 3671 μόνοις
2164 3601 2285 3653 ἀντὶ
2315 3600 2426 3652 τῶν
2461 3600 2642 3669 ἔργων
2676 3601 2771 3652 καὶ⁵
2810 3603 2993 3662 κεναῖς
3035 3599 3225 3654 ἐλπίσι
3274 3600 3522 3669 ψυχαγω-

1945 3692 2188 3759 γούντων
2218 3692 2377 3762 ἡμῶν
2415 3694 2476 3744 τὸ
2513 3691 2872 3762 μικρόψυχον.
2915 3693 2978 3744 El
3007 3691 3065 3751 δὲ
3097 3692 3366 3762 ἠδύναντο
3400 3688 3520 3759 βοη-

1946 3785 2060 3837 θεῖν
2109 3784 2204 3837 καὶ
2263 3783 2668 3855 προῃρημένοι,
2723 3782 2860 3835 πολὺ
2914 3782 3100 3852 μεῖζον
3157 3784 3520 3855 δυνησομένης

1945 3877 2170 3930 ἐκείνων
2200 3877 2280 3939 είς
2308 3876 2641 3937 τούναντίον,
2672 3893 2746 3945 φη
2758 3877 2819 3944 μὶ
2839 3875 2904 3946 δὴ
2936 3876 3034 3943 τὴν
3062 3876 3364 3946 ἡμετέραν,
3392 3879 3518 3944 ὅπερ

1946 3969 2133 4039 ἀπείη.
2155 3968 2368 4036 φθορὰν
2399 3968 2501 4037 τῆς
2534 3967 2830 4037 ὀλιγωρίας
2850 3965 2945 4020 τοῦ
2989 3965 3142 4020 θείου
3161 3985 3175 3999 ’
3198 3964 3265 4040 ἧς
3287 3969 3437 4021 οὐδὲν
3463 3964 3524 4020 ἂν

1946 4064 2154 4132 γένοιτο
2168 4060 2473 4131 τεκμήριον
2523 4059 2711 4129 μεῖζον
2760 4058 2855 4112 τοῦ
2895 4060 2969 4129 μὴ
2997 4059 3164 4129 μόνον
3189 4064 3304 4125 τοῖς
3332 4061 3522 4128 ἄλλοις,

1947 4151 2083 4205 ἀλλά
2112 4152 2207 4203 καὶ
2231 4150 2515 4218 δογμάτων
2545 4150 2654 4201 τῶν
2686 4148 2899 4202 ἐκεῖθεν
2955 4149 3088 4217 ἡμῖν
3136 4150 3385 4220 ἡκόντων
3429 4149 3520 4217 ἀρε

1949 4243 2123 4312 νήσει,
2162 4239 2491 4310 παροξύνειν
2517 4239 2770 4309 ἑτοίμους
2806 4235 2967 4294 εἶναι.
3006 4240 3184 4294 Τοῦτο
3234 4241 3330 4293 καὶ
3395 4237 3521 4291 Θεοῦ

1948 4336 2130 4403 φωνήν
2187 4349 2267 4394 τις
2320 4331 2514 4396 εἰπὼν,
2578 4333 2678 4385 οὐκ
2739 4334 2805 4385 ἂν
2854 4331 3092 4402 ἁμάρτοι
3122 4332 3223 4402 τῆς
3250 4330 3521 4401 ἀληθείας.

1948 4426 2083 4481 Θεοῦ
2118 4426 2227 4495 γάρ
2262 4424 2433 4487 όντως
2456 4418 2529 4477 τά
2551 4422 2777 4478 τοιαῦτα
2800 4427 3003 4492 φωναὶ,
3026 4423 3327 4495 προφητῶν
3361 4424 3524 4491 ἱεραῖς

1950 4516 2156 4586 βίϐλοις
2197 4515 2515 4588 ἐγκείμενα,
2541 4520 2635 4570 καὶ
2660 4516 2740 4579 εἰς
2769 4516 2930 4585 ἔργον
2962 4518 3305 4586 ἐνηνεγμένα
3333 4515 3519 4567 πολλάι

1950 4625 2061 4673 κις,
2110 4603 2196 4663 οἷς
2261 4608 2327 4679 δὴ
2381 4610 2476 4662 καὶ
2517 4609 2840 4679 προείρητο.
2879 4609 2990 4662 Καὶ
3018 4608 3079 4659 τὸ
3106 4608 3255 4671 είκος
3291 4607 3344 4660 δὲ
3381 4604 3543 4697 σφίσιι

1955 4704 2366 4773 συμμαρτυρεῖ,
2403 4701 2583 4754 καὶτὸ
2618 4701 2961 4769 ἀνθρώπινον
2982 4701 3214 4765 δίκαιον,
3254 4701 3425 4761 τύπος
3470 4697 3524 4747 ὃν

1951 4810 2015 4863 γε
2030 4793 2123 4848 τοῦ
2152 4793 2321 4859 θείου,
2346 4796 2438 4848 καὶ
2458 4795 2514 4849 αί
2544 4795 2693 4862 κοινῇ
2720 4798 2829 4857 τοῖς
2848 4793 3030 4864 ἔχουσι
3052 4793 3175 4846 νοῦν
3204 4792 3422 4846 ἐνοῦσαι
3448 4788 3529 4843 δό-

1958 4888 2046 4951 ξαι
2076 4889 2205 4957 περὶ
2238 4887 2349 4941 τῶν
2374 4887 2555 4941 θείων.
2599 4886 2793 4956 Ἡμεῖς
2816 4887 2870 4939 δέ
2895 4887 2988 4940 καὶ
3011 4886 3150 4955 ὑπὲρ
3186 4886 3391 4939 τούτων
3423 4884 3527 4943 τοῖς

1956 4976 2171 5040 πολλοῖς
2194 4977 2749 5048 ἀπηχθημεθα,τάσά
2766 4992 2824 5028 τε
2855 4975 2918 5046 δὴ
2941 4974 3111 5030 ταῦτα
3134 4974 3381 5043 λέγοντες
3402 4968 3529 5040 πρὸς

1958 5070 2176 5135 αὐτοὺς,
2197 5070 2443 5139 καὶπρὸς
2469 5071 2683 5133 τούτοις
2705 5068 2802 5135 ὡς,
2828 5070 2875 5121 εί
2899 5068 2998 5138 μὲν
3016 5068 3415 5135 κατεγνωκότες
3433 5064 3525 5114 αὑ·

1958 5162 2069 5216 τῶν
2092 5162 2189 5232 τῆς
2214 5163 2474 5229 πίστεως,
2498 5162 2673 5225 οῦτως
2695 5164 2879 5233 ἔχουσι
2899 5162 3107 5231 περὶτὰ
3123 5162 3299 5214 οἰκεῖα
3315 5154 3529 5228 ψυχρῶς

1968 5253 2147 5322 ¹ὥστε)
2183 5254 2279 5306 καὶ
2314 5255 2667 5325 συγχωρῆσαί
2697 5272 2840 5309 τισιν
2875 5255 2911 5309 ἃ
2947 5257 3113 5326 μήπω
3147 5254 3408 5324 πρότερον
3428 5248 3528 5318 ὦρ-

1967 5361 2190 5416 μηνται,
2224 5346 2322 5416 οὐχ
2351 5346 2518 5399 ἕνεκά
2538 5364 2601 5413 γε
2635 5347 2734 5417 τῆς
2760 5348 2891 5420 παρ’
2926 5351 3149 5402 ἐκείνων
3177 5342 3529 5413 ἐλπιζομένης

2033 5480 2126 5566 (Ξ),
2155 5479 2591 5566 ΕΗῘΡη-ίὲΛΑίιίίᾯ
2632 5502 2645 5549 ;
2686 5485 2843 5566 quasi
2878 5487 3321 5566 Sl'l‘ipllllﬁne.9§81
3355 5496 3367 5531 :
3405 5474 3528 5556 Τοῦτ

1961 5546 2585 5624 τοσιττιείδδέδιι,
2634 5546 2714 5624 gn;
2766 5556 2853 5621 av,
2904 5546 3103 5611 x.—£.>..
3152 5552 3257 5605 SA
3310 5562 3405 5620 ρτο
3458 5546 3526 5614 μὴ

1965 5622 2030 5675 ἂν
2065 5622 2287 5676 velimus
2320 5626 2486 5693 μηδεν
2522 5626 2603 5678 ἄν.
2641 5622 2811 5680 Atax.
