3904 6134
289 298 394 360 H7

1345 285 1719 357 GENNM)”
1767 283 1874 350 (ΖΡ,
1921 281 2436 342 ΡΑΤΠΙᾹΗΟΠΈ

3432 271 3535 333 038

293 421 512 482 θέσεων,
546 418 638 473 καὶ
688 414 918 467 κτείνειν
975 411 1286 480 νομοθετεῖς
1345 416 1454 461 τοῡῖ
1508 416 1622 470 “mi
1675 396 1861 473 νδμοῑς
1891 417 1936 462 Α
1967 417 2105 459 cum;
2138 405 2232 457 καὶ
2281 403 2491 472 γοήτων
2547 396 2845 466 κατηγορεῖ
2879 396 2968 448 καὶ
3021 393 3294 463 ἀφρόνων,
3345 391 3452 441 τῶν
3479 407 3539 443 τε

290 511 498 570 τούτοις
537 504 838 573 ἀντιλέγειν
896 502 1332 574 βουλησομένους
1355 518 1370 531 ·
1401 501 1463 553 οὑ
1508 497 1668 551 τοῦτο
1703 495 1862 564 μόνον

290 599 573 672 ὁμοιωθε“ις
603 598 680 668 τῷ
734 596 831 666 τὴν
873 595 1167 665 προφητῶν
1219 593 1314 645 καὶ
1343 589 1648 661 νομοθετῶν
1682 585 1862 655 ἁρπά·

295 701 447 744 σαντι
481 688 632 752 τάξιν
682 688 779 756 (Ι),
812 685 1207 756 παραχωρήσει
1238 681 1397 743 Θεοῦ,
1430 679 1566 734 ἀλλὰ
1619 679 1720 730 κάν
1751 677 1864 740 τοῖς

293 783 550 855 περὶτῶν
577 783 770 851 γάμων
795 780 996 848 λόγοις,
1027 778 1120 831 καὶ
1154 775 1477 845 στρατειῶν,
1513 772 1605 825 καὶ
1638 770 1862 834 θυσιῶν,

285 859 387 930 ’καὶ
411 875 648 945 τροφῶν,
699 872 795 925 καὶ
834 869 1034 931 ποτῶν,
1063 869 1159 922 καὶ
1187 867 1382 937 εὐχῶν,
1417 865 1511 917 καὶ
1535 862 1746 916 πολλῶν
1776 859 1870 914 άλ-

293 966 421 1028 λων,
456 965 550 1016 καὶ
580 960 656 1030 τῷ
692 957 878 1028 σκοπῷ
912 958 1022 1026 πρὸ
1069 956 1289 1009 πάντων
1318 953 1412 1006 τοῦ
1443 951 1864 1021 ἐγχειρήματος.

295 1058 486 1112 Καίτοι
512 1056 632 1109 δυσὶ
655 1055 768 1116 τοῖς
795 1051 1074 1122 μεγίστοις
1102 1049 1351 1110 κάκεῖνός
1376 1063 1470 1099 σου
1493 1047 1633 1100 πάνυ
1657 1042 1870 1095 πλεονε⁴

294 1149 433 1202 κτεῖ.
465 1146 594 1199 Θεόν
620 1161 679 1197 τε
713 1144 823 1214 γάρ
859 1143 954 1194 ἕνα
987 1141 1145 1211 μόνον
1178 1140 1438 1203 διδάσκει,
1478 1135 1604 1189 οὐτε
1633 1137 1742 1197 τοῖς
1775 1133 1870 1188 ἄλ·-

295 1230 408 1302 λοις
437 1238 593 1307 ἡμῶν
625 1237 858 1304 δόγμασι
888 1233 1028 1286 πάνυ
1061 1249 1144 1283 τοι
1175 1230 1432 1299 μάχεται,
1458 1228 1556 1281 καὶ
1575 1225 1674 1295 τὴν
1697 1223 1869 1294 ἀρχὴν

297 1327 409 1400 εἶχε
448 1326 907 1398 συμπράττουσαν
935 1323 1013 1393 τῷ
1065 1322 1400 1390 τολμήματι,
1433 1321 1528 1372 καὶ
1578 1316 1676 1386 τὴν
1715 1314 1869 1383 ίσχύν

296 1422 390 1476 τοῦ
423 1419 657 1489 χρῆσθαι
689 1417 764 1486 τῷ
798 1415 963 1483 ξίφει,
1017 1414 1111 1467 καὶ
1154 1414 1251 1483 τὴν
1285 1411 1516 1478 δύναμιν
1543 1407 1638 1460 τοῦ
1671 1422 1872 1475 κατορ-

299 1513 492 1565 θώσειν
528 1509 742 1580 πρῶτον
788 1505 992 1572 λαϐὼν,
1029 1504 1202 1567 οὑτως
1237 1503 1469 1571 ἤλπισεν
1516 1499 1738 1553 ἀνύσειν
1794 1492 1871 1550 ὧν

300 1601 599 1670 ἐπεθύμει·
636 1597 777 1652 ὥστε
833 1597 926 1649 σοῦ
954 1597 1127 1666 ταύτῃ
1185 1594 1281 1646 καὶ
1342 1590 1748 1661 φρονιμώτερος
1776 1584 1869 1658 ἦν.

302 1699 373 1750 Σὺ
409 1694 507 1761 μέν
535 1693 645 1760 ἄρα
688 1690 904 1762 θρήνων
963 1687 1115 1753 ἄξιος
1148 1686 1283 1738 πᾶσι
1331 1686 1443 1746 τοῖς
1479 1679 1644 1734 εἰδόσι
1676 1698 1737 1733 τε
1774 1683 1871 1733 καὶ

221 1777 224 1782 λ
304 1783 762 1854 πεφιληκόσιν,ἐν
797 1773 878 1840 οἷς
911 1780 1007 1830 καὶ
1038 1778 1202 1846 ἡμεῖς
1240 1777 1428 1842 ἐσμεν,
1469 1771 1875 1842 μαρτυροῦντος

305 1879 434 1946 ἡμῖν
463 1873 555 1927 τοῦ
586 1869 744 1934 Θεοῦ,
781 1869 846 1922 δι’
867 1869 924 1922 ὃν
949 1885 1031 1920 σοι
1071 1867 1230 1935 μόνον
1264 1863 1508 1925 εὐλαϐῶς
1542 1860 1877 1931 προσεκρού-

307 1984 500 2037 σαμεν,
552 1963 727 2024 ἄλλως
761 1958 1115 2021 ἐπαινοῦντές
1164 1973 1224 2009 τε
1258 1957 1353 2008 καὶ
1396 1955 1688 2024 τιμῶντες.
1719 1950 1792 2005 Τὸ
1822 1951 1879 2005 δὲ

308 2061 398 2110 σὸν
433 2055 634 2126 βιδλίον
663 2051 1008 2121 ἀφανιστέον,
1034 2049 1108 2119 μὴ
1131 2051 1226 2102 καὶ
1255 2048 1434 2108 ἄλλοις
1461 2046 1592 2110 ἴσως
1624 2045 1717 2097 τοῦ
1745 2044 1879 2114 θρη-

314 2151 523 2206 νεῖσθαι
573 2151 848 2220 πρόφασις
897 2138 1145 2213 γένηται,
1203 2144 1297 2195 καὶ
1355 2141 1434 2212 τῷ
1468 2139 1880 2210 συγγεγραφότι

313 2242 592 2311 διηνεκοῦς
615 2238 848 2302 ἀδοξίας,
885 2237 1072 2307 χερσὶν
1097 2235 1317 2288 εἰδότων
1351 2233 1646 2303 ἐμπίπτον.

387 2337 574 2392 Ταῦτα
609 2335 742 2400 πρὸς
769 2334 996 2396 ἐκεῖνον,
1046 2329 1236 2400 ὥσπερ
1275 2329 1340 2400 δὴ
1389 2328 1656 2396 παρόντα,
1690 2326 1880 2390 εἰπὼν,

314 2429 406 2482 καὶ
436 2429 495 2480 τὸ
524 2426 729 2496 βιϐλίον
764 2423 919 2485 αὖθις
961 2421 1301 2490 συμπτύξοις,
1322 2406 1629 2488 ’ἀνέπεμψα
1659 2420 1724 2486 τῇ
1758 2417 1885 2470 θαυ-

320 2521 498 2586 μαστῇ
534 2515 841 2587 βασιλίσσῃ,
872 2511 1185 2572 ἐπιστείλας
1232 2510 1370 2578 αὐτῇ
1395 2508 1594 2562 διδόναι
1623 2506 1776 2576 πυρί.
1821 2506 1885 2558 Ἢ

317 2611 370 2663 δέ
401 2603 467 2660 αὖ
505 2605 637 2677 πρὸς
672 2605 820 2675 ἡμᾶς
877 2600 1271 2670 ἀναπέμψασα,
1307 2599 1466 2686 ἱἡμῖν
1519 2598 1621 2666 ἔφη
1684 2594 1887 2666 μᾶλλον

322 2697 650 2766 πολλαχόθεν
705 2693 1004 2762 προσήκειν
1061 2689 1160 2757 τὴν
1196 2690 1275 2751 είς
1304 2682 1404 2748 τὰς
1434 2686 1541 2738 τῶν
1571 2682 1889 2738 ἀποστατῶν

323 2788 644 2858 συγγραφὰς
676 2784 867 2853 ποινὴν
895 2780 1352 2851 κατεργάζεσθαι.
1388 2777 1756 2841 Ἐθουλόμεθα
1791 2775 1890 2844 μὲν

323 2882 415 2935 οὐν
448 2878 608 2940 εὐθὺς
639 2876 754 2930 ἔνια
776 2873 870 2928 τοῦ
918 2872 1123 2942 βιϐλίου
1159 2871 1298 2940 μέρη
1321 2867 1578 2936 φυλάξαι,
1615 2868 1715 2919 ὅσα
1740 2881 1893 2933 φυσι-

323 2976 392 3041 κῇ
426 2987 485 3022 τε
517 2967 612 3021 καὶ⁹
657 2965 848 3034 λογικῇ
881 2963 974 3015 καὶ
1004 2962 1123 3022 ταῖς
1154 2958 1430 3018 τοιαύταις
1466 2955 1619 3017 ὑλαις
1659 2953 1852 3022 ἀνήκει
1876 2967 1890 2981 ο

325 3062 460 3116 ἀλλὰ
493 3061 586 3112 καὶ
610 3057 862 3126 δεύτερον
893 3052 1084 3106 τούτου
1110 3051 1270 3121 χάριν
1304 3046 1717 3120 ἐπιδραμόντες,
1749 3045 1897 3096 οὐδε-
1923 3079 1969 3140 ς

329 3155 454 3224 μίαν
481 3151 587 3205 τῶν
620 3149 926 3202 ὑποθέσεων
958 3145 1193 3215 εὕρομεν
1222 3139 1652 3210 ἀπηλλαγμένην
1683 3135 1856 3190 κακοῦ
1881 3151 1894 3166 ο

326 3247 386 3297 οὐ
418 3245 577 3314 μόνον
605 3240 684 3310 τῷ
713 3239 891 3291 πάντα
935 3237 1069 3305 πρὸς
1122 3233 1220 3300 τὴν
1251 3231 1548 3284 πολυθιῒαν
1582 3228 1898 3296 ἐξεπίτηδες

325 3334 638 3403 ἀναφέρειν,
664 3330 778 3383 ἀλλ’
806 3329 890 3380 ὃτι
927 3325 1022 3379 καὶ
1055 3324 1246 3393 ψεῦδός
1287 3339 1341 3375 τι
1370 3323 1483 3383 τοῖς
1520 3318 1652 3389 περὶ
1677 3319 1896 3371 πάντων

326 3426 502 3492 λόγοις
531 3418 993 3489 ἐγκατεμέμικτο.
1045 3415 1177 3484 Περὶ
1205 3413 1383 3481 ψυχῆς
1421 3412 1530 3480 γάρ
1565 3410 1740 3475 λέγων
1769 3409 1901 3460 ἀθα-

330 3515 541 3578 νασίας,
567 3511 664 3572 τὰς
697 3511 774 3572 είς
809 3508 867 3560 τὸ
896 3506 1054 3574 σῶμα
1080 3506 1171 3557 καί
1219 3504 1308 3554 τὸν
1343 3501 1455 3570 βίον
1501 3500 1797 3561 ἐπανόδους
1833 3496 1900 3550 αὐ

330 3607 438 3661 τῶν
462 3601 647 3675 ψυχῶν
676 3602 732 3654 ἐν
753 3600 962 3671 χρόνων
985 3596 1211 3658 τακταῖς
1239 3593 1528 3662 περιόδοις,
1556 3589 1631 3652 ῶς
1661 3587 1902 3653 δύναται,

332 3693 620 3764 κρατύνειν
671 3689 965 3758 πειρᾶται,
1021 3683 1087 3746 ἃς
1120 3685 1167 3736 οί
1212 3681 1400 3735 πολλοὶ
1453 3677 1907 3752 μετεμψυχώσεις

335 3787 490 3854 φασὶ,
525 3782 617 3834 καὶ
660 3781 738 3842 είς
766 3779 858 3831 τὸν
909 3777 1161 3846 οὐράνιον
1203 3775 1368 3829 τόπον
1412 3773 1668 3826 οὐδέποτε
1701 3769 1908 3833 ταύτας

332 3874 631 3940 ἀνάγεσθαι
663 3870 825 3937 ἀξιοῖ,
849 3871 944 3924 καὶ
973 3868 1141 3940 χείρω
1167 3867 1302 3921 ἄλλα
1334 3864 1717 3935 προστίθησινδ
1750 3863 1909 3914 Οἰκο-

267 3989 271 3993 ·
335 3967 526 4036 νομίας
557 3965 612 4018 δέ
641 3965 768 4034 πέρι
820 3963 1367 4033 πραγματευῦμενος,
1397 3958 1478 4011 ἐνὶ
1509 3957 1662 4027 ἀνδρὶ⁵
1691 3955 1909 4018 πλείους

335 4059 599 4124 γυναῖκας
646 4055 787 4120 ἀξιοῖ
829 4052 1202 4107 συνάπτεσθαί
1237 4068 1295 4106 τε
1351 4050 1446 4102 καὶ
1480 4048 1772 4104 συνοικεῖν.
1803 4046 1912 4098 Καὶ

336 4149 490 4200 οὐδὲν
541 4148 570 4200 δ
601 4165 655 4199 τι
683 4147 745 4198 οὐ
782 4147 1120 4215 φαυλότητος
1151 4145 1229 4207 είς
1263 4143 1352 4196 τὸν
1386 4139 1730 4210 ἀνθρώπινον
1762 4138 1912 4192 εἰσά-

337 4253 424 4309 γει
460 4241 593 4310 βίον.
641 4237 819 4294 Ὀπου
853 4237 913 4290 τέ
951 4253 1095 4299 τινος
1123 4236 1231 4293 τῶν
1260 4235 1545 4305 ἡμετέρων
1599 4230 1739 4284 ἐθῶν
1769 4231 1801 4299 ἢ
1831 4230 1916 4282 νό-

351 4349 465 4401 μων
500 4332 952 4402 ἀντιπράττοντος
988 4327 1229 4382 αἴσθοιτο
1259 4329 1370 4389 τοῖς
1401 4324 1588 4393 αὑτοῦ,
1617 4323 1696 4386 ὡς
1751 4337 1873 4391 σοφι

409 4509 484 4578 (ι)
528 4508 854 4563 Nantuates
888 4509 1150 4562 innuilur.
1201 4506 1383 4562 Anax.

1965 499 2234 568 θεμένων,
2263 497 2376 548 τῶν
2424 511 2492 546 τε·
2538 491 2918 562 προσεχόντων
2951 488 3152 548 αὐτοῖς.
3210 486 3314 538 Καὶ
3363 485 3540 546 πάσας

1965 587 2114 657 αὑτῷ
2143 587 2238 640 τοῦ
2287 585 2494 655 βιϐλίου
2521 583 2617 645 τὰς
2649 580 2936 641 ὑποθέσεις
2987 577 3191 645 πολλῆς
3245 574 3385 628 κατά
3411 575 3544 641 Χρι-

1969 679 2200 732 στιανῶν
2232 677 2456 746 πικρίας
2515 671 2775 739 ἐνέπλησε
2806 713 2820 736 ,
2849 667 3134 737 ’λοιδορῶν
3167 666 3235 719 τὰ
3276 665 3544 734 ἡμέτερα,

1967 773 2067 824 οὑκ
2093 769 2411 833 ἀντιλέγων,
2456 766 2645 834 ὥσπερ
2673 763 2741 816 τὰ
2767 763 2941 814 οἰκεῖα
2971 758 3163 821 τιθεὶς,
3195 757 3294 810 οὑκ
3322 757 3548 810 ἀποδει-

1969 863 2164 917 κνύων.
2203 859 2364 912 Ὅθεν
2391 857 2545 910 οὐδὲν
2592 856 2684 907 τοῦ
2719 852 2924 921 βιϐλίου
2955 852 3121 919 μέρος
3148 849 3370 917 ὕστερον
3400 845 3551 910 ἐδοξέ

1973 969 2063 1022 μοι
2095 947 2484 1004 καταλειπτέον
2516 943 2756 998 εὐσεδῶν
2795 941 3004 1010 ὄψεσιν,
3032 936 3302 1007 ὠφέλειαν
3327 936 3425 1007 μέν
3454 936 3551 987 οὑ-

1969 1044 2182 1113 δεμίαν,
2217 1040 2510 1094 σκάνδαλον
2561 1037 2619 1090 δὲ
2667 1038 2788 1098 ταῖς
2822 1032 3002 1087 αὐτῶν
3056 1032 3257 1099 ψυχαῖς
3312 1029 3552 1080 ἐνθεῖναι

1970 1135 2290 1204 δυνάμενον.
2323 1133 2398 1186 Τὸ
2447 1131 2502 1183 δέ
2557 1131 2652 1184 καὶ
2703 1127 2870 1197 χωρὶς
2923 1125 3034 1177 τῶν
3079 1122 3296 1176 ἀτόπων
3340 1120 3552 1173 τούτων

1971 1224 2334 1299 παρενθηκῶν
2392 1223 2558 1292 μηδὲν
2622 1221 2817 1282 ἀκοαῖς
2866 1218 3058 1285 σοφαῖς
3110 1212 3319 1284 πρέπον
3349 1212 3552 1264 ἐνεῖναι

1971 1324 2090 1384 ταῖς
2112 1319 2459 1380 ὑποθέσεσιν,
2503 1308 2640 1367 ἀλλὰ
2664 1311 2984 1382 παχυτάτης
3015 1305 3213 1377 φρενὸς
3257 1301 3554 1370 τυγχάνειν

1973 1415 2193 1468 ἅπαντα
2224 1410 2440 1472 τόκους,
2474 1405 2599 1458 ὅθεν
2635 1403 2858 1474 μηδενός
2886 1418 3027 1463 τινος
3055 1395 3262 1465 ἀγαθοῦ
3295 1394 3553 1462 στέρησιν

1976 1501 2293 1568 ἐπενεγκεῖν
2330 1499 2395 1551 ἂν
2442 1493 2751 1564 ἀνθρώποις
2781 1493 2880 1562 τὴν
2933 1491 3027 1544 τοῦ
3078 1488 3286 1560 βιϐλίου
3314 1483 3550 1552 φθορὰν,

1974 1593 2132 1648 τοῦτο
2159 1591 2334 1661 φειδοῖ
2355 1590 2466 1642 τῶν
2499 1589 2745 1656 ἀνοήτων
2773 1586 2954 1653 λέγειν
2998 1583 3058 1635 οὐ
3090 1583 3217 1650 χρή.
3252 1579 3351 1631 Διὰ
3380 1575 3552 1628 ταῦτα

1974 1687 2175 1748 τοίνυν,
2213 1684 2308 1738 καὶ
2337 1684 2422 1736 δτι
2463 1681 2524 1734 οὑ
2562 1678 2832 1748 πατρὸθεν
2866 1674 3105 1737 τοιοῦτος
3142 1669 3230 1742 ἦν,
3267 1670 3381 1723 ἀλλ’
3415 1669 3556 1721 ἀπο-

1984 1775 2206 1842 στάτης,
2237 1773 2329 1825 καὶ
2365 1772 2447 1824 ὅτι
2474 1771 2753 1829 πάνδεινος
2785 1765 3044 1836 ἀγροικία
3074 1763 3134 1816 τὸ
3159 1762 3428 1833 ἡμέτερον
3458 1757 3557 1812 νῦν

1982 1867 2093 1938 ἔχει
2123 1867 2299 1934 γένος,
2329 1865 2429 1916 οὐκ
2451 1860 2763 1929 ἀφανισμοῦ
2790 1860 2951 1930 μόνου
2985 1858 3168 1926 χάριν,
3199 1853 3334 1908 ἀλλὰ
3362 1850 3562 1916 ποινῆς

1984 1955 2165 2007 εἵνεκα
2221 1953 2480 2023 μάλιστα,
2533 1949 2754 2018 δοθῆναι
2789 1949 2924 2016 πυρὶ
2978 1947 3354 2013 πεποιήκαμεν
3384 1943 3444 1994 το
3478 1940 3563 2010 βι-

1988 2045 2150 2097 ϐλίον.
2171 2040 2280 2096 Ἶὶν
2309 2038 2352 2095 δ’
2385 2043 2529 2096 ἅπαν
2561 2040 2704 2108 χειρὶ
2728 2037 3114 2108 γεγραμμένον
3144 2036 3378 2088 ἐκείνου.»
3406 2031 3566 2085 Ἐπεὶ

1987 2136 2043 2189 δέ
2072 2135 2165 2192 καὶ
2199 2134 2318 2187 λίαν
2365 2133 2511 2196 εἰκὸς
2539 2130 2723 2184 ἄλλοθί
2787 2145 2891 2182 που
2925 2127 2986 2180 τὸ
3019 2127 3136 2180 ἴσον
3168 2126 3433 2194 ὑπάρχειν
3459 2122 3568 2174 ὑπό

1921 2263 1930 2268 ι
1989 2243 2080 2277 του
2135 2222 2242 2277 τῶν
2275 2221 2468 2290 ἐκείνῳ
2515 2219 2894 2289 φοιτησάντων
2923 2219 2955 2284 ἢ
2986 2216 3187 2280 ζῶντος
3221 2214 3254 2284 ἢ
3304 2213 3570 2279 τελευτή-

1995 2335 2184 2378 σαντος
2236 2315 2534 2385 ἐκγραφέν,
2588 2310 3082 2382 παρακελευόμεθα
3139 2309 3302 2360 πᾶσιν
3332 2308 3408 2370 ὠς
3458 2307 3571 2360 ἀπὺ

1993 2410 2147 2472 Θεοῦ,
2179 2409 2362 2461 εἴποτε
2397 2409 2490 2459 καὶ
2533 2405 2873 2470 ὁπουδήποτε
2909 2402 3219 2472 εὑρίσκοιτο
3252 2401 3285 2471 ἢ
3334 2401 3455 2453 δλον
3509 2401 3574 2454 τὸ

1995 2501 2196 2572 βιϐλίον
2227 2500 2262 2570 ἢ
2295 2499 2458 2568 μέρος
2489 2495 2944 2565 ἐκγεγραμμένον
2963 2494 3020 2546 ἐν
3047 2511 3154 2548 τινι
3175 2493 3284 2546 τῶν
3305 2493 3572 2560 Χριστια-

1999 2592 2133 2657 νῶν,
2164 2592 2302 2662 πυρὶ
2335 2591 2434 2659 μὲν
2459 2589 2705 2657 φθείρειν
2735 2587 2867 2640 αὐτὸ
2896 2586 2988 2639 τὸν
3016 2587 3204 2655 ἔχοντα
3223 2601 3236 2616 ο
3263 2584 3574 2652 κρύπτοντα

1996 2685 2052 2738 δὲ
2087 2685 2176 2736 καὶ
2209 2681 2505 2745 ἑαλωκότα,
2540 2679 2680 2749 μετὰ
2710 2680 2842 2748 μίαν
2873 2679 2967 2731 καὶ
2991 2678 3256 2746 δευτέραν
3309 2675 3574 2743 παραίνε-

2002 2794 2106 2838 σιν,
2157 2777 2207 2828 εί
2247 2774 2322 2844 μὴ
2351 2773 2632 2844 παρρησίᾳ⁵
2691 2772 2937 2841 βούλοιτο
2992 2769 3194 2833 καίειν,
3227 2770 3434 2837 εἵργειν
3480 2768 3577 2820 τὸν

2000 2867 2239 2918 τοιοῦτον
2262 2865 2480 2935 ἀπάσης
2504 2863 2612 2916 τῶν
2643 2861 2987 2932 Χριστιανῶν
3014 2861 3316 2922 κοινωνίας.
3350 2857 3579 2926 Ἐκείνῳ

2005 2958 2102 3025 μὲν
2147 2956 2239 3008 οὑν
2269 2955 2347 3024 τῷ
2383 2955 2574 3022 πένητι
2609 2952 2861 3022 δακρύων
2892 2953 3256 3021 ἐπαφήκαμεν
3297 2950 3578 3020 ῥεύματα,

2003 3048 2094 3100 καὶ
2128 3045 2297 3100 πολλὰ
2348 3045 2782 3116 κατηρασάμεθα
2813 3045 2909 3114 τῆς
2948 3045 3182 3114 ἡμέρας,
3217 3043 3273 3096 ἐν
3390 3040 3450 3093 τὸ
3490 3038 3579 3108 βι-

2003 3139 2149 3194 ϐλίον
2197 3135 2358 3210 ἦλθεν
2390 3138 2540 3207 ἡμῖν.
2577 3135 2642 3189 Τί
2671 3136 2780 3207 γὰρ
2813 3138 2950 3206 ἡμῖν
2977 3134 3226 3202 προσέδει
3285 3131 3380 3186 νῦν
3404 3131 3584 3184 τοιούσ-

2001 3248 2094 3285 του
2122 3231 2353 3300 θορύϐου
2379 3247 2395 3296 ;
2437 3229 2589 3282 Ὠσθ⁹
2636 3229 2739 3282 ὑπὸ
2768 3229 2865 3298 τῆς
2891 3227 3032 3294 ἄγαν
3060 3225 3483 3294 εὐγνωμοσύνης
3513 3224 3587 3292 ἢν

2002 3325 2030 3376 ὁ
2061 3315 2404 3385 Θεὸςέδωκε,
2441 3320 2540 3373 κᾶν
2567 3319 2868 3389 ἐδεήθημεν
2895 3318 3062 3373 αὑτοῦ
3087 3316 3378 3383 ταπεινῶς,
3409 3318 3488 3379 εἰς
3522 3314 3587 3368 ὃν

2003 3415 2032 3467 ὁ
2059 3416 2222 3482 πένης
2254 3411 2556 3481 ἐξύϐρισεν,
2587 3413 2635 3464 εἱ
2666 3407 2777 3464 οἷόν
2825 3428 2882 3462 τε
2912 3405 3002 3479 ἦν,
3027 3409 3297 3478 ἀφεθῆναι
3322 3409 3417 3468 τὰς
3458 3424 3588 3460 ποι-

2005 3508 2097 3567 νάς
2123 3504 2218 3572 τῆς
2247 3504 2594 3573 βλασφημίας
2623 3500 2792 3571 αὐτῷ.
2817 3503 2906 3554 Σοὶ
2932 3500 3010 3565 δὲ,
3039 3500 3270 3570 εὐσεϐὴς
3301 3497 3396 3556 καὶ
3424 3497 3588 3564 λογία

2006 3595 2176 3666 ψυχὴ,
2207 3596 2304 3648 καὶ
2335 3596 2466 3664 ἡμῖν
2498 3593 2749 3646 πλείστου
2781 3590 2928 3657 ἀξία,
2953 3593 3115 3662 χάριν
3143 3591 3366 3654 εἰδότες,
3394 3587 3492 3652 ὡς,
3515 3585 3588 3641 δι’

2010 3683 2086 3742 ὧν
2129 3686 2470 3752 ἐπέστειλας,
2528 3683 2662 3754 πρὸς
2701 3686 2792 3737 τὸν
2841 3683 2984 3753 ὑπὲρ
3013 3683 3217 3735 τούτων
3247 3681 3405 3748 λόγον
3436 3683 3592 3748 κινή-

2013 3791 2184 3837 σαντι,
2211 3774 2388 3827 καίτοι
2420 3773 2641 3836 πολλαῖς
2670 3773 2846 3835 νόσοις
2879 3778 2972 3824 καὶ
2997 3770 3246 3840 φροντίσι
3285 3769 3587 3838 συνεχομέ-

2013 3882 2154 3928 νους,
2193 3863 2464 3932 εὐχόμεθα
2493 3863 2584 3915 καὶ
2629 3863 2779 3932 παρὰ
2811 3861 2945 3914 Θεοῦ
2989 3846 3225 3925 εὐζωῖαν
3261 3858 3362 3928 μὲν
3400 3857 3594 3909 ἐνταῦο

2014 3953 2100 4020 θα,
2160 3953 2507 4023 εὐδαιμονίαν
2545 3955 2602 4007 δὲ
2663 3953 2800 4022 μετᾶ
2829 3951 3022 4019 ταῦτα,
3084 3950 3212 4017 πρὸς
3239 3950 3304 4020 ήν
3352 3949 3442 4002 τὸν
3474 3947 3590 4016 βίον

2017 4045 2308 4109 συντείνεις
2346 4045 2522 4098 πάντα
2552 4046 2749 4113 σοφῶς.
2785 4045 2899 4097 Καὶ.
2937 4045 2999 4096 σὺ
3051 4043 3109 4096 δὲ
3145 4040 3307 4112 εὔχου
3335 4041 3465 4108 ἡμῖν
3489 4054 3591 4090 τα-

2016 4137 2208 4208 χίστην
2233 4135 2552 4206 ἀπαλλαγήν
2575 4139 2681 4189 τῶν
2715 4137 2810 4205 τῆς
2849 4136 2994 4206 ζωῆς
3018 4134 3219 4203 ταύτης
3255 4133 3462 4197 κακῶν,
3499 4129 3587 4180 καὶ

2022 4229 2119 4282 σὺν
2153 4231 2343 4300 ἀρετῇ.
2381 4228 2576 4300 Ἀμήν.
2608 4228 2883 4300 Ἐρρωσο.
