3904 6134
284 218 386 280 651

1340 215 1715 278 GENNADH
1753 215 1860 280 (ΣΡ.
1906 215 2420 278 ΡΑΤΠΙΑΒΟΗΕ

3432 220 3550 286 οδε

283 329 564 400 δευμένων
600 328 753 399 ὑμῶν
780 328 932 382 οὐδὲν
969 329 1145 399 ἔχοντι
1187 329 1372 394 πλέον,
1418 330 1448 383 6
1488 331 1554 401 δὴ
1599 339 1694 386 καὶ
1731 332 1858 394 τούς
1889 337 1934 393 Α
1963 330 2025 384 οὐ
2063 330 2174 401 γὰρ
2205 330 2272 399 δὴ
2307 331 2488 402 μάτην
2517 330 2662 386 οὑτω
2701 331 2995 387 διέστελλε.
3027 333 3142 402 Τῆς
3191 333 3413 405 Γραφῆς
3433 335 3548 388 τοί-

284 425 594 485 ἀντιθέτους
614 419 731 476 οίδα
759 420 1171 493 ψηφιζομένους
1200 424 1332 494 περὶ
1365 427 1525 495 ἐμοῦ,
1555 421 1632 478 ὧν
1657 427 1862 495 ἀμφοῖν

283 517 449 570 ἕνεκα
502 518 682 585 σιωπῇ
719 515 1001 585 παρῆλθον
1030 516 1098 569 ἄν
1155 532 1249 569 σου
1305 517 1406 588 τὴν
1448 515 1666 570 πεῦσιν.
1719 519 1864 587 Πρὸς

283 611 352 677 ἣν
392 626 455 675 γε
512 609 819 679 μηδετέραν
871 609 1100 664 τουτωνὶ
1163 609 1272 662 τῶν
1326 609 1656 678 προφάσεων
1709 610 1864 680 ίσχύν

283 702 430 771 ἔχειν
461 700 713 768 ἐνόμισα,
748 702 903 770 φίλος
935 703 1046 773 γὰρ
1072 696 1122 754 εἴ
1149 703 1328 772 σαφὴς
1355 703 1413 754 ἐν
1445 706 1558 766 τοῖς
1586 702 1828 773 πρώτοις
1850 719 1865 734 ·

281 793 404 846 ὅθεν
441 791 568 846 οὔτε
613 794 926 864 μέμψεσθαι
960 797 1156 863 φήσεις
1205 793 1456 858 τοιοῦτος
1486 794 1584 860 ὢν,
1622 797 1676 850 ετ
1696 797 1750 847 τί
1778 814 1865 850 σοι

281 887 383 957 τῆς
417 887 731 949 ὑποθέσεως
768 887 863 938 καὶ
892 886 1000 940 τῶν
1045 887 1280 940 ἐλπίδων
1327 888 1552 941 ἔλαττον
1586 891 1764 958 εἰπεῖν
1798 907 1863 951 με

284 980 556 1048 συμϐαίη,
587 982 684 1033 καὶ
713 980 774 1032 τὸ
811 979 1050 1033 κίνδυνόν
1081 998 1203 1034 τινα
1227 981 1484 1034 ὑπελθεῖν
1510 981 1586 1044 ὡς
1622 982 1689 1036 ἄν
1712 983 1764 1034 τί
1782 999 1864 1034 σοι

283 1071 626 1141 χαρισαίμην
674 1068 782 1122 τῶν
821 1070 1160 1136 ἀναγκαίων,
1189 1071 1264 1134 ὡς
1316 1072 1475 1140 χρέος
1510 1072 1576 1125 ἂν
1627 1073 1866 1142 ἀπαιτή-

291 1177 462 1222 σειας.
493 1162 623 1214 Οὐδὲ
657 1162 786 1231 μιᾶς
829 1180 918 1230 μοι
951 1162 1135 1214 τοίνυν
1169 1163 1484 1232 ἀποφυγῆς,
1517 1162 1662 1218 ἑκὼν
1713 1165 1866 1218 ἄκων

291 1253 596 1322 ὑφίσταμαι
629 1269 711 1305 σοι
740 1253 801 1305 τὸ
834 1253 1016 1322 ἔργον.
1057 1248 1153 1316 Οἷς
1179 1254 1278 1306 οὐκ
1307 1255 1534 1324 ἀρέσκει
1570 1255 1598 1306 ὃ
1625 1273 1683 1307 τε
1707 1255 1864 1324 λόγος

290 1344 385 1397 καὶ
415 1346 482 1397 τά
517 1346 575 1398 ἐν
605 1343 753 1413 αὐτῷ
787 1347 963 1398 πάντα
999 1345 1176 1413 μέλει,
1218 1349 1266 1400 εί
1301 1345 1530 1416 μελήσει
1560 1364 1623 1414 γε
1653 1347 1866 1410 τούτοις

287 1439 612 1492 καὶτούτων
632 1440 792 1491 ’ένεκα
817 1439 1034 1492 διώκειν
1060 1442 1228 1509 ἡμᾶς,
1261 1441 1352 1494 καὶ
1379 1440 1568 1503 κακῶς
1594 1457 1648 1492 τι
1667 1445 1865 1504 ποιεῖν,

289 1531 401 1583 ἀλλ’
431 1533 564 1602 ἡμῖν
597 1533 694 1602 μὲν
724 1533 819 1586 καὶ
849 1525 923 1586 ὧν
945 1537 1208 1599 πράττειν
1243 1533 1560 1602 μέλλουσιν,
1584 1535 1863 1603 οὐδαμῶς,

285 1625 380 1677 τοῦ
411 1625 491 1690 δὲ,
522 1626 583 1678 τὸ
612 1626 729 1679 δέον
771 1625 919 1680 ἀπαν
955 1629 1152 1691 ποιεῖν,
1192 1627 1293 1679 κᾶν
1331 1628 1441 1696 ἐπῇ
1476 1645 1559 1690 τις
1595 1627 1864 1692 κίνδυνος,

289 1717 462 1787 μέλει.
495 1719 617 1770 Δεῖν
668 1718 724 1771 δὲ
761 1719 818 1770 ἐν
851 1717 928 1788 τῷ
979 1718 1122 1786 φωτὶ⁸
1175 1719 1594 1787 καταγγέλλειν,
1643 1720 1736 1778 καὶ
1771 1721 1868 1774 ἐπὶ

284 1809 396 1860 τῶν
427 1809 698 1878 δωμάτων
729 1812 874 1880 διπερ
925 1812 1110 1880 ἡρέμα
1137 1829 1197 1863 τε
1247 1813 1344 1864 καὶ
1381 1811 1664 1880 μυστικῶς
1693 1814 1869 1867 ἐδιδά-

285 1903 520 1971 χθημεν,
551 1902 702 1956 οὐδὲν
735 1903 790 1955 δὲ
820 1903 1064 1967 δεδιότας
1111 1904 1220 1956 ἀπὸ
1248 1904 1358 1956 τῶν
1387 1905 1447 1956 τὸ
1483 1903 1644 1974 σῶμα
1669 1904 1868 1974 λυμαι-

283 1994 554 2062 νομένων,
587 1993 686 2062 τῆς
724 1992 780 2045 δέ
815 1994 994 2064 ψυχῆς
1041 1993 1303 2062 οὐδεμίαν
1350 1993 1584 2065 ἐχόντων
1632 1994 1869 2064 δύναμιν

284 2086 579 2146 ἅπτεσθαι,
613 2085 858 2139 διδάσκει
894 2086 992 2156 μὲν
1022 2090 1050 2140 6
1079 2087 1362 2156 Δεσπότης
1393 2087 1570 2157 ἡμῶν,
1590 2088 1774 2156 ἐνάγει
1807 2089 1864 2142 δὲ

285 2181 313 2231 ὁ
341 2179 552 2242 Παῦλος
579 2179 658 2248 τῷ
684 2181 807 2233 καθ’
841 2181 1038 2234 ἑαυτὸν
1070 2181 1459 2248 ὑποδείγματι,
1493 2173 1536 2247 ᾧ
1571 2179 1867 2251 διεμαρτύ-

287 2289 412 2341 ρετο
467 2273 566 2342 μὲν
605 2272 665 2324 τὸ
718 2273 945 2342 Πνεῦμα
976 2275 1156 2340 λέγον,
1189 2274 1272 2326 ὅτι
1305 2273 1483 2342 δεσμά
1517 2275 1609 2326 καὶ
1656 2275 1866 2344 θλίψεις

283 2365 446 2417 αὐτὸν
479 2366 702 2435 μένουσι
748 2369 891 2420 κατά
940 2367 1118 2429 πόλιν,
1151 2367 1340 2420 Πάντα
1384 2367 1442 2422 δὲ
1471 2366 1650 2420 ταῦτα
1683 2367 1865 2436 κοῦφα

284 2457 462 2510 ἐδόκει
493 2475 506 2490 ο
544 2458 771 2522 Οὐδενὸς
801 2459 937 2528 γάρ,
963 2460 1120 2529 φησὶ,
1151 2460 1307 2529 λόγον
1361 2461 1541 2514 αὐτῶν
1575 2460 1860 2530 ποιοῦμαι.

252 2549 492 2616 ’Μηδενὶ
556 2550 690 2618 γοῦν
757 2551 868 2604 τῶν
918 2553 1131 2622 ἐχθρῶν
1180 2553 1440 2622 φορτικὸν
1483 2552 1733 2616 δοκείτω,
1786 2554 1866 2624 τῷ

283 2641 536 2709 ἡμετέρῳ
566 2642 813 2712 Δεσπότῃ
847 2647 940 2697 καὶ
967 2643 1043 2711 τῷ
1067 2646 1354 2714 κορυφαίῳ
1385 2647 1496 2698 τῶν
1525 2647 1864 2713 ἀποστόλων,

283 2732 382 2786 καὶ
419 2734 568 2802 ἡμᾶς
617 2732 796 2787 θέλειν
831 2751 885 2786 τι
936 2734 1246 2802 πείθεσθαι,
1277 2735 1392 2789 ἀλλ’
1427 2737 1655 2790 ἐκείνων
1708 2737 1864 2808 ὀλίγη

361 2842 452 2879 οντ
462 2825 532 2880 Kc.

361 2842 477 2879 οντι
515 2864 532 2880 .

283 2844 460 2970 φρΔύο
481 2842 662 2971 ξοίνυν
687 2918 981 2990 ἐζήτησας,
1018 2911 1095 2971 ὧν
1130 2919 1360 2989 θάτερον
1393 2919 1494 2989 μέν
1526 2921 1613 2992 ἦν,
1655 2923 1702 2976 τί
1727 2923 1863 2994 πρὸς

1966 438 2063 474 νυν
2089 421 2231 474 οὑτω
2258 421 2700 493 διαστελλούσης,
2743 423 3018 494 τολμηρόν
3045 425 3195 477 ἐστιν
3235 426 3381 495 ἡμᾶς
3437 443 3548 497 μη-

1965 512 2054 564 δὲν
2079 511 2361 582 διαφέρειν
2394 512 2604 568 οἴεσθαι
2633 513 2695 566 τὸ
2721 513 2947 585 Πνεῦμά
2967 532 3028 567 τε
3061 515 3198 568 Υίοῦ
3229 518 3426 584 εἰπεῖν,
3450 520 3549 571 καὶ

1970 604 2195 674 Πνεῦμα
2227 606 2292 658 ἐκ
2322 605 2416 658 τοῦ
2447 604 2599 668 Υίοῦ,
2629 605 2768 659 ἀλλὰ
2792 607 2875 660 δεῖ
2891 607 3000 660 τῶν
3030 608 3322 678 γραφικῶν
3350 608 3554 673 λέξεων

1967 697 2264 766 ἐχομένους
2293 698 2384 750 ἐπ’
2413 699 2606 759 αὐταῖς
2637 700 2732 752 τὸν
2765 701 2864 769 τῆς
2913 701 3151 763 πίστεως
3187 701 3378 756 τοῦτον
3429 702 3553 773 δρό-

1971 804 2070 856 μον
2095 788 2301 851 ἀνύειν,
2332 789 2438 851 ἕως
2465 788 2531 842 ἂν
2557 790 2694 859 ἡμῖν
2725 794 2790 842 τὸ
2815 788 3025 843 τέλειον
3051 791 3441 862 ἀποκαλυφθῇ.
3473 793 3553 845 Οὐ

1969 881 2078 949 γὰρ
2115 880 2280 948 ἡμεῖς
2311 880 2405 933 τοῦ
2439 898 2500 949 γε
2525 881 2835 950 ’Δγάθωνος
2858 885 3060 938 πάππα
3083 883 3482 955 εὐσεϐέστεροι,
3516 884 3550 952 ἦ

1968 972 2069 1040 τῆς
2098 975 2378 1044 γραφικῆς
2417 973 2655 1038 διανοίας
2691 974 3105 1046 ἐπιϐολώτεροι,
3138 975 3196 1039 ὃς
3221 977 3276 1028 ἐν
3306 979 3372 1047 τῇ
3411 976 3552 1046 πρὸς

1971 1063 2229 1134 βασιλέας
2262 1065 2451 1132 ἔλεγεν
2482 1067 2766 1138 ἐπιστολῇ,
2807 1068 2920 1130 τοῖς
2957 1067 3053 1119 ἐπὶ
3081 1067 3178 1136 τῆς
3222 1066 3389 1136 ἕκτης
3426 1086 3559 1121 συν-

1969 1157 2088 1210 όδου
2116 1159 2362 1228 Πατράσι
2399 1159 2698 1229 σύγχρονος
2747 1156 2846 1221 ὢν,
2887 1158 2946 1211 ἓν
2982 1159 3260 1228 ἐξαίρετον
3303 1158 3389 1212 διὰ
3417 1177 3557 1214 παν-

1969 1252 2060 1311 τδς
2088 1252 2232 1321 ἔχειν
2289 1251 2572 1321 εὐχόμενοι
2623 1253 2714 1304 καὶ
2773 1251 3192 1318 σπουδάζοντες,
3235 1252 3322 1304 ἵνα
3384 1252 3553 1323 μηδὲν

1971 1342 2124 1413 παρά
2173 1342 2239 1395 τά
2271 1343 2573 1405 κανονικῶς
2608 1343 2893 1413 ὡρισμένα
2964 1343 3196 1413 μειωθῇ,
3231 1343 3401 1413 μηδὲν
3455 1343 3553 1396 ἀλ-

1971 1437 2134 1507 λαγῇ,
2170 1438 2203 1506 ἣ
2239 1438 2532 1508 προστεθῇ,
2569 1439 2704 1492 ἀλλά
2725 1439 2895 1492 ταῦτα
2928 1443 3023 1492 καὶ
3059 1442 3267 1509 ῥήμασι
3294 1437 3390 1491 καὶ
3422 1439 3556 1508 νοή-

1974 1547 2140 1598 μασιν
2171 1531 2544 1601 ἀπαράτρωτα
2576 1531 2948 1602 φυλαχθῶσιν.

2055 1620 2112 1674 Ὀ
2142 1622 2198 1674 δὲ
2241 1622 2412 1690 μέγας
2452 1621 2752 1688 Βασίλειος,
2808 1641 2828 1674 ι
2886 1622 3164 1686 Εὐσεϐοῦς
3205 1624 3343 1685 ἐστι,
3392 1621 3551 1689 φησὶ,

1969 1713 2206 1778 διανοίας
2252 1717 2322 1769 τά
2367 1715 2832 1786 ἀποσιωπηθέντα
2861 1717 2918 1767 ἐν
2950 1718 3072 1778 ταῖς
3107 1717 3352 1786 Γραφαῖς
3392 1713 3555 1768 εὐλα-

1971 1803 2186 1857 δεῖσθαι
2219 1805 2314 1857 καὶ
2362 1805 2721 1875 ἐπιφημίζειν
2749 1805 2827 1875 τῷ
2863 1805 3010 1874 ἁγίῳ
3040 1805 3342 1874 Πνεύματι.
3384 1825 3404 1858 ι
3444 1807 3557 1858 Καὶ

1972 1895 2134 1950 πάλιν
2167 1898 2199 1949 6
2226 1896 2408 1973 αὐτὸς,
2445 1915 2465 1948 ι
2500 1898 2574 1950 Οὐ
2608 1896 2718 1968 γὰρ
2750 1898 2926 1951 ἐκεῖνό
2965 1899 3017 1966 γ’
3047 1898 3116 1950 ἂν
3149 1897 3314 1961 εἴποι,
3359 1899 3554 1966 φησὶν.

1970 1988 2238 2059 Εὐνόμιος
2291 1989 2556 2058 δηλονότι,
2603 1990 2684 2043 ὅτι
2735 1989 2944 2054 ἔξεστιν
2984 1990 3134 2059 αὐτῷ
3178 1993 3236 2043 ἐν
3262 1992 3373 2052 τοῖς
3420 1990 3555 2058 περί

1969 2083 2310 2152 τηλικούτων
2334 2082 2518 2150 λόγοις
2563 2085 2910 2153 παραγωγάς
2937 2101 3092 2149 τινας
3133 2086 3229 2138 καὶ
3259 2101 3557 2154 παρασχη-

1973 2175 2284 2246 ματισμούς
2319 2177 2428 2228 τῶν
2464 2177 2742 2245 ὀνομάτων
2791 2179 3050 2232 ἐπινοεῖν.
3085 2178 3145 2230 EE
3170 2178 3279 2247 γὰρ
3309 2179 3406 2230 καὶ
3445 2179 3554 2249 ἀρο

1969 2267 2070 2335 γοῦ
2125 2268 2288 2337 λόγου
2340 2268 2573 2332 εὐθύνας
2621 2269 2894 2339 ὐφέξομεν
2931 2270 2994 2322 ἐν
3045 2269 3228 2340 ἡμέρα
3289 2271 3553 2341 κρίσεως,

1966 2359 2108 2431 ἦπού
2147 2378 2210 2429 γε
2251 2362 2310 2414 τὸ
2340 2362 2470 2432 περὶ
2501 2362 2838 2432 τηλικούτων
2871 2365 3220 2438 καινοτομεῖν
3253 2361 3556 2416 ἀνεύθυνον

1967 2456 2102 2523 ἡμῖν
2151 2455 2507 2524 ἀφεθήσεται,
2543 2455 2685 2526 τάχα
2723 2455 2832 2527 γὰρ
2859 2455 2920 2508 τδ
2965 2457 3065 2526 μὲν
3099 2455 3174 2518 ὠς
3208 2456 3419 2528 πρέπον
3454 2457 3552 2509 ἐπὶ

1967 2547 2104 2600 Θεοῦ
2137 2550 2230 2600 καὶ
2267 2547 2479 2617 Πατρδς
2511 2548 2765 2616 λέγεσθαι
2796 2549 2948 2619 παρὰ
2999 2549 3096 2602 τοῦ
3127 2549 3277 2602 θείου
3303 2549 3552 2616 δεδιδὰγο

1971 2639 2111 2708 μεθα
2134 2639 2319 2705 λόγου,
2344 2639 2500 2690 τοῦτο
2536 2638 2591 2691 δὲ
2618 2639 2718 2708 οὐχ
2745 2640 2994 2708 ἁρμόζον
3019 2638 3104 2710 τῷ
3136 2641 3456 2710 Μονογενεῖ,
3482 2638 3556 2693 δι’

1965 2726 2040 2784 ῶν
2070 2732 2432 2802 ἀπεσιώπησε
2474 2733 2534 2785 τὺ
2585 2732 2808 2802 Πνεῦμα
2837 2734 2898 2785 τὸ
2949 2733 3104 2801 ἀγιον
3151 2733 3477 2800 ἐνεδείξατο.
3527 2752 3545 2784 ι

2049 2823 2106 2874 ’0
2137 2824 2194 2876 δὲ
2228 2823 2404 2892 μέγας
2447 2824 2769 2888 Ἀθανάσιος
2797 2825 2934 2896 πρὸς
2963 2825 3146 2889 αὐτὸν,
3186 2844 3203 2876 ι
3232 2825 3391 2896 Ὑμῖν
3411 2843 3557 2894 παρ-

1969 2914 2247 2986 αινοῦμεν,
2295 2917 2430 2985 φησὶ
2461 2957 2474 2978 ,
2519 2917 2657 2985 ὅπερ
2733 2919 2828 2970 καὶ
2879 2918 3092 2980 ἑαυτοῖς
3147 2917 3550 2989 παραινοῦμεν,

280 3010 407 3073 τοὺς
466 3010 849 3082 ἐκκηρύκτους
912 3011 1136 3075 τούτους
1185 3011 1602 3079 Ἀκινδυνείους,
1663 3015 1864 3082 μᾶλλον
1895 3044 1938 3103 C
1972 3005 2071 3076 τὴν
2101 3007 2551 3078 παραδεδομένην
2593 3008 2783 3062 πίστιν
2832 3008 3553 3079 φυλάττεινςέκτρέπεσθαι

280 3101 336 3153 δὲ
378 3101 810 3168 ’Ᾱκινδυνιστάς,
847 3103 990 3171 ἡμᾶς
1018 3102 1085 3155 ἂν
1117 3104 1518 3173 ἀποκρίνεσθαι
1547 3106 1682 3168 δέοι,
1715 3107 1868 3159 ἐπει-
1906 3098 1937 3103 ’Ἵ
1970 3098 2027 3151 δὲ
2054 3099 2152 3163 τὰς
2185 3100 2445 3172 βεϐήλους
2479 3102 2865 3172 καινοφωνίαςο
2907 3103 2968 3156 Ὃ
3000 3103 3100 3173 μὲν
3127 3105 3237 3174 γὰρ
3268 3100 3451 3172 ζητῶν
3486 3104 3561 3156 τά

279 3190 376 3243 δάν
411 3193 546 3262 ἡμῖν
579 3190 676 3264 τὴν
708 3190 800 3244 τοῦ
840 3192 1115 3263 μακαρίου
1152 3194 1431 3264 Θεοδώρου
1481 3196 1575 3250 τοῦ
1613 3197 1864 3268 Γραπτοῦ

282 3285 443 3353 ῥῆσιν
472 3284 884 3354 προσφέρωσιν,
917 3287 975 3338 ἐν
1069 3285 1219 3340 δοκεῖ
1253 3287 1314 3340 τὸ
1336 3288 1619 3358 διαφέρειν
1653 3290 1866 3349 οίεσθαι

277 3375 376 3445 τὴν
407 3375 597 3429 οὐσίαν
631 3377 726 3430 καὶ
752 3377 853 3448 τὴν
890 3378 1178 3448 ἐνέργειαν
1211 3381 1304 3433 ἐπὶ
1337 3379 1434 3433 τοῦ
1463 3381 1599 3434 Θεοῦ
1636 3383 1716 3444 είς
1738 3383 1866 3446 τούς

279 3468 593 3539 αἱρετικούς
623 3470 1009 3541 ἀπορρίπτειν,
1045 3470 1120 3534 ὡς
1157 3473 1318 3536 αὐτὸς
1347 3474 1521 3544 δήπου
1563 3475 1757 3527 ταυτὸν
1786 3467 1866 3527 εἷ-

279 3577 370 3614 ναι
394 3561 641 3632 οἰόμενος
665 3562 840 3616 ταῦτα
859 3579 875 3594 ο
905 3563 1134 3632 θάτερον
1160 3564 1217 3617 δέ
1251 3565 1378 3628 τούς
1409 3565 1604 3628 αὐτοὺς
1631 3566 1862 3630 τούτους

277 3653 492 3724 ἔφησθα
538 3656 667 3726 περὶ
725 3654 819 3708 τοῦ
864 3655 1134 3723 παναγίου
1183 3657 1503 3729 Πνεύματος
1558 3660 1860 3731 διαπορεῖν,

275 3747 418 3802 διατί
471 3747 686 3818 Πατρὸς
737 3749 840 3817 μὲν
898 3747 1143 3802 ἐστικαὶ
1197 3749 1329 3803 Υίοῦ
1381 3751 1443 3804 τὸ
1494 3752 1624 3805 αὐτὸ
1670 3752 1767 3806 καὶ
1801 3752 1861 3807 ἓν

277 3838 505 3910 Πνεῦμα
542 3840 725 3907 ἅγιον,
747 3840 892 3894 οὕτω
915 3840 1013 3910 τῆς
1042 3841 1265 3912 Γραφῆς
1294 3843 1672 3916 διδασκούσης,
1697 3847 1859 3917 ἡμεῖς

273 3931 319 3984 δ’
353 3933 418 3985 ἐκ
448 3931 550 4001 μὲν
579 3934 671 3986 τοῦ
704 3933 918 4002 Πατρὶς
941 3932 1271 4002 ὑφίστασθαι
1305 3936 1678 4007 ὁμολογοῦμεν
1700 3938 1854 4005 αὐτὸ,

272 4028 335 4080 ἐκ
368 4025 424 4078 δὲ
460 4025 552 4079 τοῦ
591 4025 719 4086 Υίοῦ
769 4025 872 4098 τὴν
924 4027 1103 4082 αἰτίαν
1148 4027 1293 4100 ἔχειν
1325 4028 1659 4100 ἀρνούμεθα.
1699 4032 1858 4085 Ax.er

270 4121 377 4189 γὰρ
410 4121 568 4188 είπερ
601 4117 662 4173 ἐν
695 4121 812 4172 ἐστι
839 4120 933 4172 καὶ
959 4119 1154 4174 ταυτὸν
1197 4120 1256 4172 ἐν
1297 4120 1501 4190 ἀμφοῖν
1531 4122 1625 4177 καὶ
1677 4121 1859 4175 ὡσαύ-

269 4224 398 4271 τως,
427 4207 537 4260 δεῖν
565 4210 631 4261 ἀν
659 4207 790 4262 αὐτό
819 4216 912 4262 καὶ
935 4209 992 4277 ἐξ
1022 4211 1225 4279 ἀμφοῖν
1257 4213 1506 4281 προϊέναι
1533 4213 1716 4266 εἵτουν
1738 4211 1860 4281 ὑφί-

273 4299 527 4352 στασθαι.
554 4296 657 4353 Ὧν
694 4304 824 4371 περὶ
855 4300 948 4354 τοῦ
994 4304 1253 4372 δευτέρου
1284 4303 1352 4356 δι’
1381 4303 1680 4357 ἐλαττόνων
1707 4304 1860 4376 πρῶο

1971 3192 2112 3264 ὑπὲρ
2149 3194 2370 3260 ἑαυτὸν,
2402 3196 2591 3266 φησὶν,
2623 3196 2994 3260 ἐπικίνδυνος,
3025 3197 3054 3249 6
3081 3195 3137 3248 δέ
3164 3197 3276 3259 τοῖς
3314 3197 3560 3264 παραδο-

1969 3282 2140 3338 θεῖσιν
2167 3285 2425 3356 ἐμμένων
2454 3286 2758 3351 ἀκίνδυνος.
2802 3306 2824 3341 ι
2872 3286 3162 3360 Ἀρκοῦσιν
3197 3287 3248 3340 οἱ
3286 3290 3438 3355 τρεῖς
3460 3282 3554 3342 οῦ-

1966 3391 2050 3428 τοι
2081 3376 2365 3448 μάρτυρες
2387 3377 2582 3444 δεῖξαι,
2605 3380 2689 3433 ὄτι
2728 3381 2824 3434 καὶ
2865 3379 3092 3450 μηδενὸς
3125 3381 3256 3451 ἡμῖν
3295 3379 3558 3434 διδασκά-

1966 3469 2060 3522 λου
2120 3469 2218 3540 τὴν
2281 3471 2561 3542 γραφικὴν
2605 3471 2812 3543 ταύτην
2870 3473 3134 3539 διάστιξιν
3180 3473 3558 3528 ἀναπτύσσον-

1965 3578 2080 3624 τος,
2119 3561 2286 3632 ἐχρῆν
2312 3563 2479 3633 ἡμᾶς,
2513 3564 2549 3618 ἃ
2575 3564 2673 3634 μὲν
2699 3565 2733 3635 ἡ
2762 3565 2955 3636 Γραφὴ
2989 3566 3137 3634 λέγει
3165 3567 3481 3636 κηρύττειν,
3515 3565 3555 3620 ἃ

1963 3651 2022 3706 δέ
2078 3654 2413 3726 σεσιώπηκε,
2443 3657 2537 3709 καὶ
2571 3657 2771 3722 αὐτοὺς
2821 3660 3053 3730 σιωπᾷν,
3109 3659 3205 3711 καὶ
3253 3655 3333 3725 οἷς
3364 3662 3552 3730 ἐκείνη

1963 3744 2217 3814 διώρισεν
2242 3748 2612 3818 ἐφησυχάζειν
2634 3763 2649 3779 “
2675 3751 2924 3804 τουτέστι
2951 3752 3012 3804 τὸ
3038 3753 3262 3822 Πνεῦμα
3297 3755 3357 3806 τὸ
3391 3755 3558 3822 ἀγιον

1961 3835 2054 3889 τοῦ
2081 3838 2296 3909 Πατρὸς
2325 3839 2424 3909 μὲν
2457 3842 2552 3894 καὶ
2602 3842 2666 3894 ἐκ
2689 3841 2781 3895 τοῦ
2810 3844 3017 3912 Πατρδς
3033 3845 3337 3913 ὁμολογεῖν,
3368 3846 3432 3898 ἐκ
3455 3847 3556 3900 τοῦ

1963 3929 2094 3982 Υξοῦ
2118 3930 2172 3983 δὲ
2193 3930 2268 4001 μὴ
2285 3931 2486 4000 λέγειν,
2505 3933 2640 3988 ἀλλά
2657 3935 2818 4005 μόνον
2831 3935 2926 3990 τοῦ
2945 3937 3096 3994 Υίοῦ.
3119 3938 3192 3993 Οῦ
3203 3957 3274 3992 τω
3293 3939 3398 4010 γὰρ
3414 3941 3563 3993 ἐκεί-

1961 4039 2025 4092 νη
2045 4022 2326 4086 διέστιξεν.

2044 4115 2207 4169 Ἀλλὰ
2230 4118 2346 4185 νῦν,
2374 4119 2401 4173 δ
2432 4121 2597 4176 πλέον
2625 4123 2843 4194 ἐστίν,ὁ
2877 4126 3053 4197 μέγας
3087 4127 3363 4194 Βασίλειος
3392 4123 3555 4194 οὗτος

1960 4205 2024 4277 δὴ
2045 4208 2152 4260 τῶν
2200 4210 2382 4262 καλῶν
2436 4215 2734 4288 μαρτύρων
2782 4220 2967 4289 ἡμῖνὸ
3011 4218 3198 4291 μέσος,
3223 4223 3281 4274 ἐν
3311 4223 3375 4296 τῇ
3405 4225 3554 4294 πρὸς

1960 4299 2052 4352 τὸν
2073 4300 2300 4372 ἀδελφὺν
2326 4304 2605 4378 ἐπιστολῇ,
2636 4313 2700 4380 τῇ
2734 4311 2992 4380 διαστίξει
3025 4315 3128 4385 τῆς
3158 4316 3383 4387 Γραφῆς
3413 4318 3556 4370 ταύ-

268 4408 362 4444 τον
389 4393 663 4457 εἰπόντες,
696 4395 789 4448 ἐπί
823 4396 1077 4466 θάτερον,
1102 4396 1130 4448 6
1153 4397 1218 4468 δὴ
1248 4397 1342 4448 καὶ
1371 4398 1650 4467 προύργου
1687 4401 1853 4464 ποιεῖ,
1889 4407 1934 4465 ι)
1961 4409 2058 4462 της
2087 4395 2463 4464 ἐφαπτόμενος
2499 4403 2769 4470 φαίνεται.
2809 4408 3062 4481 καθάπερ
3093 4427 3178 4474 τις
3208 4411 3412 4480 ἀγαθὸς
3447 4414 3554 4467 καὶ

269 4481 329 4532 τὸ
360 4481 521 4534 πλέον
549 4483 821 4553 τρέψομεν
847 4483 942 4536 τοῦ
970 4485 1154 4553 λόγον.

352 4569 542 4640 Ἀρκεῖ
576 4572 677 4642 μὲν
722 4568 818 4627 οὖν
852 4575 933 4636 είς
967 4574 1122 4628 λύσιν
1177 4575 1278 4645 τῆς
1320 4577 1604 4647 ζητήσεως
1651 4576 1852 4646 ταύτης

268 4660 570 4734 εὐσεϐούσῃ
600 4662 769 4735 ψυχῇ,
792 4667 850 4716 τδ
876 4665 974 4733 τὴν
1007 4659 1239 4736 Γραφὴν
1271 4667 1335 4719 ἐκ
1377 4666 1470 4718 τοῦ
1505 4666 1716 4738 Πατρδς
1755 4668 1855 4736 μὲν

269 4756 330 4805 τδ
363 4754 586 4824 Πνεῦμα
609 4756 923 4827 κηρύττειν,
955 4760 1020 4813 ἐκ
1039 4761 1095 4812 δὲ
1125 4759 1218 4812 τοῦ
1244 4759 1370 4813 Υἱοῦ
1399 4759 1692 4830 μηδαμῶς,
1712 4760 1851 4814 ἀλλά

272 4849 434 4918 μόνον
482 4848 705 4921 Πνεῦμα
757 4851 912 4917 Υίοῦ,
946 4852 1046 4906 καὶ
1084 4852 1308 4922 Πνεῦμα
1368 4855 1610 4923 Χριστοῦ
1670 4853 1852 4922 λέγειν

266 4941 422 5007 αὐτὸ,
466 4942 528 4995 οὐ
567 4942 629 4995 τὸ
675 4943 899 5012 Πνεῦμα
930 4945 1278 5014 διχάζουσαν,
1324 4947 1423 5018 οὐχ
1463 4942 1628 5018 ἦττον
1661 4946 1762 5018 μὲν
1793 4949 1851 5001 ἐν

264 5031 344 5105 τῷ
374 5033 515 5106 Υίῷ,
559 5035 761 5106 μᾶλλον
794 5035 852 5090 δὲ
893 5038 952 5090 ἐν
973 5036 1052 5107 τῷ
1095 5037 1274 5109 Πατρὶ
1313 5035 1460 5092 τοῦτ’
1495 5033 1636 5092 εἶναι
1697 5036 1848 5091 διδά-

271 5142 528 5193 σκουσαν,
563 5125 701 5181 ἀλλά
757 5126 834 5198 τῷ
869 5128 971 5198 μὲν
1009 5128 1079 5181 ἐκ
1114 5127 1209 5182 τοῦ
1238 5129 1454 5198 Πατρδς
1503 5127 1604 5199 τὴν
1637 5129 1850 5183 ἐκεῖθεν

265 5220 565 5274 ὑπόστασιν
595 5219 936 5287 φανεροῦσαν
970 5219 1106 5290 πρὸς
1130 5223 1201 5291 τῇ
1239 5221 1361 5274 κατ’
1391 5221 1582 5275 οὐσίαν
1610 5223 1845 5292 ἐνότητι,

265 5312 342 5382 τῷ
379 5311 435 5364 δὲ
471 5310 567 5365 τοῦ
601 5311 731 5365 Υίοῦ
759 5312 940 5382 λέγειν
989 5312 1152 5382 μόνον
1190 5312 1342 5378 αὐτὸ,
1379 5312 1478 5385 τὴν
1505 5315 1646 5369 κατὰ
1681 5315 1847 5382 φύσιν

264 5403 539 5457 οἰκείωσιν
569 5405 737 5476 μόνην
767 5403 1288 5474 κατασημαίνουσαν
1329 5398 1551 5477 ἧστινος
1591 5407 1754 5459 ’ἑνεκα
1785 5407 1846 5458 τὸ

267 5497 489 5566 Πνεῦμα
516 5497 577 5549 τὸ
602 5498 778 5567 ἅγιον,
811 5497 1036 5568 Πνεῦμά
1065 5516 1124 5551 τε
1148 5497 1284 5552 Θεοῦ
1311 5500 1480 5566 λέγει,
1504 5500 1596 5552 καὶ
1622 5498 1844 5568 Πνεῦμα

267 5587 329 5636 ἐκ
365 5585 456 5637 τοῦ
491 5585 647 5644 Θεοῦ.
697 5590 788 5639 καὶ
830 5589 1052 5656 Πνεῦμα
1085 5590 1147 5640 ἐκ
1196 5588 1290 5641 τοῦ
1347 5590 1596 5658 Πατρός·
1631 5590 1692 5640 ἐκ
1751 5589 1844 5641 τοῦ

263 5678 393 5729 Υξιοῦ
428 5677 482 5731 δὲ
513 5679 754 5745 Οῷδχμνῖι
782 5699 934 5748 φησι,
962 5683 1075 5734 ἀλλ’
1109 5683 1141 5753 ἦ
1198 5683 1360 5750 μόνοι
1396 5685 1434 5734 ΙΙ
1455 5683 1623 5752 νεῦμα
1671 5683 1797 5735 Υἰοῦ
1828 5703 1840 5714 ·

1961 4483 2285 4575 εὐγνώμων,
2333 4491 2424 4542 καὶ
2449 4491 2639 4564 ὥσπερ
2671 4498 2768 4567 την
2802 4499 3009 4570 τόλμαν
3041 4503 3200 4556 ἐνίων
3229 4503 3324 4557 καὶ
3355 4523 3563 4575 προει-

1957 4574 2060 4639 δὼς
2091 4579 2378 4651 ἐσομένην,
2401 4589 2491 4637 καὶ
2523 4587 2809 4658 πόρρωθεν
2841 4592 3115 4663 ἀναιρῶνο
3140 4597 3275 4666 φησὶ
3308 4574 3417 4664 γάρ
3447 4597 3555 4650 οὐ-

1955 4671 2091 4724 τωσί
2110 4687 2125 4703 °
2161 4690 2180 4723 ι
2220 4675 2330 4730 Καὶ
2359 4677 2387 4729 6
2409 4677 2468 4731 τὸ
2497 4678 2723 4750 Πνεῦμα
2755 4683 2916 4751 μόνον
2943 4678 3113 4740 εἰπών
3135 4689 3550 4759 συμπεριέλαόσ

1955 4764 2018 4831 τῇ
2049 4763 2310 4834 ὁμολογία
2337 4769 2430 4820 καὶ
2460 4769 2554 4821 τὸν
2601 4769 2663 4824 οὐ
2693 4772 2811 4826 ἐστι
2847 4769 3095 4846 Πνεῦμα,
3152 4777 3247 4831 τοῦ
3299 4779 3547 4848 Χριστοῦ

1953 4855 2086 4925 γὰρ,
2123 4857 2334 4911 καὶτὸν
2382 4859 2441 4926 ἐξ
2491 4855 2552 4914 οῦ
2579 4862 2752 4928 ἐστιν,
2804 4866 2868 4919 ἐκ
2907 4867 3003 4920 τοῦ
3052 4867 3187 4923 Θεοῦ
3222 4868 3353 4941 γὰρ,
3395 4869 3549 4926 καθά

1955 4963 2121 5017 φησιν
2147 4949 2174 5002 6
2205 4947 2553 5017 ’Λπόστολος.
2587 4973 2607 5006 ι
2647 4957 2757 5010 Καὶ
2795 4958 2822 5010 ό
2851 4958 3266 5030 Χρυσόστομος,
3305 4980 3324 5012 ι
3365 4959 3548 5016 Πνεῦ-

1956 5055 2032 5109 μα
2063 5039 2222 5108 Θεοῦ,
2254 5044 2347 5097 καὶ
2385 5045 2627 5117 Πνεῦμα,
2660 5049 2814 5120 φησι,
2837 5050 2899 5103 τὸ
2921 5051 2986 5105 ἐκ
3009 5051 3102 5106 τοῦ
3125 5052 3283 5110 Θεοῦ.
3311 5053 3421 5108 Καὶ
3452 5054 3545 5108 ἵνα

1955 5128 2167 5200 μήποτε
2195 5131 2524 5200 ἀκούσαντες
2555 5137 2717 5207 ἡμεῖς
2747 5140 2976 5212 Πνεῦμα
3025 5143 3185 5212 Θεοῦ,
3219 5145 3545 5216 νομίσωμεν

1950 5221 2019 5273 δι’
2044 5224 2354 5295 οἰκείοτητα
2374 5227 2630 5296 λέγεσθαι
2668 5231 2892 5302 Πνεῦμα
2911 5234 3070 5302 Θεοῦ,
3099 5236 3308 5307 εἰσάγει
3338 5240 3544 5308 ήΓρα-

1951 5314 2028 5386 φὴ
2053 5318 2112 5370 τὸ
2163 5318 2388 5386 Πνεῦμα
2437 5321 2496 5374 τὺ
2531 5323 2710 5390 ἅγιον,
2747 5327 2840 5380 καὶ
2865 5329 3190 5400 προστίθησι
3216 5330 3294 5401 τῷ
3319 5332 3438 5404 Θεῴ
3475 5335 3543 5387 τὸ

1951 5407 2014 5457 ἐκ
2067 5407 2162 5459 τοῦ
2215 5408 2366 5462 Θεοῦ.
2438 5411 2600 5465 Ἄλλο
2633 5413 2690 5466 δὲ
2723 5415 2804 5482 τὺ,
2853 5417 3025 5483 Θεοῦ,
3074 5421 3167 5472 καὶ
3189 5420 3314 5476 ἀλλο
3343 5425 3425 5487 τὸ,
3465 5424 3544 5480 ἐκ

1949 5502 2056 5554 τοῦ
2091 5501 2262 5556 Θεοῦ.
2295 5503 2518 5569 Τούτοις
2569 5509 2876 5578 συμφώνως
2915 5511 2942 5565 6
2977 5513 3119 5583 ἱερὸς
3169 5518 3541 5587 Δαμασκηνὶς

1963 5593 2234 5663 Ἰωάννης,
2266 5617 2284 5647 ι
2325 5597 2416 5650 Ἐκ
2439 5599 2531 5652 τοῦ
2562 5600 2692 5653 Υίοῦ
2725 5602 2778 5656 δὲ
2811 5604 2871 5657 τὸ
2902 5605 3126 5678 Πνεῦμα
3165 5610 3229 5663 οὐ
3277 5609 3538 5680 λέγομεν,

1950 5688 2100 5754 φησῖ,
2143 5688 2365 5758 Πνεῦμα
2397 5691 2451 5743 δὲ
2488 5693 2613 5746 Υξοῦ
2650 5695 3011 5767 ὀνομάζομεν.
3052 5719 3071 5752 ο
