3904 6134
408 144 515 214 653

1494 148 1791 216 CONTRA
1853 128 2478 221 Acmmxmsms.

3556 159 3659 221 654

482 262 544 315 El
567 261 742 315 τοίνυν
772 259 959 323 ἁπλῶς
992 255 1089 331 μὲν
1136 265 1226 315 καὶ
1256 265 1502 333 πανταχῆ
1525 266 1633 317 τῶν
1658 267 1856 330 λέξεων
1878 269 1985 319 τῶν
2018 284 2060 332 Α
2091 270 2310 335 λέγεται
2346 270 2440 321 καὶ
2493 271 2716 337 ἀμφοῖν,
2766 264 2876 343 οἷον
2924 271 2955 339 ή
2991 270 3179 339 ηεότης
3216 268 3312 337 μία
3340 271 3490 341 καὶὴ
3522 274 3660 342 αὐτή

409 353 699 423 γραφικῶν
721 352 936 422 ἔχεσθαι
992 354 1353 422 παραινοῦσιν
1402 358 1553 427 ἡμῖν,
1589 360 1687 420 τὰς
1719 360 1775 411 δὲ
1824 359 1985 430 βεϐή-

406 447 534 505 λους
594 444 979 514 παραιτεῖσθαι
1040 449 1426 514 καινοφωνίας,
1480 449 1572 501 καὶ
1630 450 1784 503 αὐτοὶ
1840 450 1985 504 οὕτω

408 538 585 590 ποιεῖν
620 537 1006 606 ἰσχυρίζονται,
1054 536 1197 591 οὕτω
1230 538 1286 591 δὲ
1338 541 1433 591 καὶ
1477 541 1721 594 ποιοῦσιν
1753 542 1873 594 οὐδὲ
1909 541 1986 610 τῷ

407 628 775 699 προκειμένῳ,
802 628 897 679 καὶ
927 628 1105 699 πολλῷ
1130 630 1304 700 δήπου
1328 633 1678 701 σαφέστερον,
1702 632 1759 684 δι
1806 632 1987 686 ἔθεντο

408 720 573 789 νόμον
596 719 845 788 τηροῦσι,
868 721 959 773 καὶ
988 721 1263 792 διαφέρειν
1287 724 1420 794 ἡμῖν
1448 724 1529 783 τδ,
1567 726 1634 777 ἐκ
1671 725 1776 779 τοῦ
1813 728 1984 794 Θεοῦ,
2031 777 2035 780 .

409 813 506 864 καὶ
560 809 642 874 τδ,
677 812 850 875 Θεοῦ,
907 810 1255 883 διορίζονται,
1306 813 1341 868 ἀ
1391 816 1483 867 καὶ
1518 816 1685 885 ἄμφω
1725 817 1985 887 περὶτοῦ

410 901 727 972 Πνεύματος
753 903 1024 971 λέγονται,
1067 904 1232 969 ὥστε,
1272 908 1366 959 καὶ
1397 907 1457 960 τὸ
1481 908 1701 978 Πνεῦμα
1735 909 1862 962 Υίοῦ
1894 912 1989 964 καὶ

407 995 468 1045 τὸ
500 993 723 1061 Πνεῦμα
770 996 834 1047 ὲκ
866 993 960 1047 τοῦ
1012 994 1144 1048 Υἰοῦ
1177 997 1452 1067 διαφέρειν
1480 1040 1493 1060 ,
1526 995 1600 1052 ῶν
1631 1000 1860 1070 θάτερον
1888 1002 1987 1068 μὲν

408 1086 647 1153 λέγεται,
673 1086 898 1155 θάτερον
927 1087 982 1138 δὲ
1013 1087 1073 1138 ού
1095 1086 1332 1154 λέγεται,
1354 1088 1485 1142 διότι
1514 1090 1649 1161 μηδὲ
1675 1090 1842 1144 ἐστιν.
1878 1111 1895 1143 1
1923 1092 1987 1147 Εί

411 1182 520 1247 γὰρ
569 1178 809 1247 ἔπρεπεν
865 1178 1016 1247 αὐτῷ
1068 1181 1410 1250 προσηγορία
1455 1182 1704 1253 τοιαύτη,
1752 1185 1918 1255 φησὶν
1958 1184 1988 1234 6

414 1271 712 1335 Βασίλειος,
740 1270 838 1323 οὑκ
874 1270 938 1322 ἀν
965 1272 1249 1342 ὲσιωπήθη
1274 1273 1424 1341 παρὰ
1456 1275 1552 1327 τοῦ
1588 1275 1926 1344 Πνεύματος·
1963 1294 1981 1327 ι

412 1364 497 1426 τίς
540 1363 725 1415 λοιπὸν
778 1361 1019 1414 εὐσεϐεῖν
1046 1362 1367 1433 βουλόμενος
1392 1364 1687 1434 λογισμούς
1716 1384 1868 1429 τινας
1892 1367 1988 1420 ἀν-

409 1456 716 1524 θρωπίνους
746 1458 953 1523 κομιεῖ,
983 1454 1124 1508 ὥστε
1146 1455 1347 1508 ὲνῶσαι
1381 1458 1473 1509 καὶ
1508 1458 1743 1526 συνάψαι
1777 1459 1986 1520 κακῶς,

412 1543 555 1612 ἅπερ
586 1545 620 1612 ὴ
658 1543 774 1596 θεία
803 1543 993 1613 Γραφὴ
1040 1543 1295 1613 διώρισεν
1316 1544 1584 1614 ὀρθότατα
1612 1547 1806 1615 δήπου,
1835 1550 1883 1599 οἱ
1915 1548 1991 1601 δι-

2092 366 2238 416 ἐστιν
2266 364 2323 413 ὲν
2352 364 2551 431 ἀμφοῖν
2586 364 2677 414 καὶ
2708 361 2969 425 ὡσαύτως
2994 378 3008 390 '
3044 363 3253 416 ἔσονται
3298 362 3429 430 γοῦν
3461 363 3666 434 ταύτης

2088 454 2116 504 ό
2138 454 2325 522 Πατήρ
2349 470 2406 504 τε
2456 452 2571 519 ἅμα
2624 452 2715 504 καὶ
2747 455 2773 505 6
2804 454 2925 516 Υίὸς
2955 453 3147 518 αἴτιος,
3178 453 3257 505 ὃτι
3284 454 3316 522 ἡ
3349 453 3487 523 αὐτή
3518 456 3666 507 ἐστιν

2088 545 2147 596 ὲν
2172 545 2393 611 ἀμφοῖν,
2451 544 2546 596 καὶ
2584 545 2710 613 περὶ
2766 545 2983 597 πάντων
3034 546 3142 597 τῶν
3204 544 3400 597 κοινῶν
3436 546 3608 615 αὐτῆς
3638 551 3666 601 6

2089 636 2247 697 αὐτὸς
2271 635 2419 687 ἔσται
2446 634 2620 702 λόγος.

2166 726 2322 778 Ἐστι
2350 726 2405 778 δὲ
2440 727 2567 796 περὶ
2596 726 2808 789 οὐδενὸς
2837 728 3017 779 αὐτῶν
3049 727 3194 780 τοῦτ’
3230 728 3426 798 ἀληθὲς
3449 727 3620 797 δήπου
3654 746 3666 756 ·

2090 818 2225 872 ἀλλά
2242 819 2552 872 τούναντίον
2581 820 2728 871 ἐστὶν
2749 819 2966 889 ἀληθὲς,
2998 821 3081 872 ὅτι
3130 821 3239 873 τῶν
3266 822 3447 875 αὐτῶν
3497 823 3667 875 ὄντων

2091 913 2148 964 ὲν
2176 914 2377 981 ἀμφοῖν
2410 915 2503 965 καὶ
2532 913 2987 981 ἀπαραλλάκτως,
3013 915 3162 982 ὅμως
3190 915 3218 966 6
3239 915 3429 985 Πατὴρ
3461 917 3667 968 τούτων

2090 1004 2348 1059 ἁπάντων
2373 1006 2531 1073 μόνος
2573 1007 2718 1057 ἐστῖν
2750 1006 2920 1065 αἴτιος
2955 1004 3031 1074 τῷ
3061 1005 3197 1074 Υίῷ,
3227 1007 3253 1058 6
3284 1006 3341 1058 δὲ
3374 1006 3497 1068 Υἱὸς
3518 1008 3671 1059 οῦδε-

2093 1097 2181 1161 νδς
2208 1098 2412 1151 τούτων
2467 1100 2633 1160 αῖτιος
2672 1098 2847 1168 ἑαυτῷ
2875 1115 2891 1130 ο
2944 1100 3085 1151 κατά
3135 1098 3306 1151 ταῦτα
3341 1099 3521 1151 τοίνυν
3550 1102 3669 1153 οὐδὲ

2090 1187 2183 1239 τοῦ
2212 1187 2344 1239 ἰδίου
2369 1189 2683 1255 Πνεύματός
2710 1191 2857 1242 ἐστιν
2895 1191 3088 1253 αῖτιος.
3120 1192 3217 1244 Διά
3253 1191 3403 1243 ταῦτ’
3438 1192 3547 1263 ἀρα
3576 1194 3670 1244 καὶ

2095 1281 2230 1350 μόνη
2265 1280 2417 1349 πηγὴ
2437 1282 2533 1351 τῆς
2570 1282 2897 1353 ὑπερουσίου
2952 1283 3204 1352 θεότητος
3232 1284 3260 1335 6
3294 1284 3483 1354 Πατὴρ
3519 1286 3671 1355 ἐῖρη-

2093 1390 2181 1425 ται
2208 1373 2285 1442 τῷ
2312 1373 2597 1443 Διονυσίῳ,
2629 1373 2702 1435 ῶς
2738 1374 2798 1438 ἐξ
2826 1375 3038 1445 ἐκείνης
3060 1374 3157 1443 τῆς
3189 1376 3540 1440 ὑποστάσεως
3561 1379 3669 1430 τῶν

2093 1464 2268 1517 ἄλλων
2306 1465 2465 1517 θείων
2494 1479 2555 1515 τε
2588 1463 2940 1517 ὕποστάσεων
2967 1466 3403 1532 ἀναϐλυζουσῶν,
3438 1469 3529 1520 καί
3561 1468 3672 1522 τῶν

2095 1559 2282 1619 αὐταῖς
2317 1560 2628 1627 προσόντων
2657 1558 2935 1620 ἁπάντων,
2975 1560 3155 1612 αὐτῶν
3188 1560 3244 1613 δὲ
3296 1561 3565 1631 ἑκατέρας
3596 1564 3672 1629 τῷ

408 1636 664 1689 δάσκαλοι
696 1638 806 1698 τοῖς
834 1636 1038 1705 ταύτης
1071 1636 1328 1704 ἑπόμενοι
1352 1639 1536 1707 νόμοις
1565 1637 1706 1692 οὕτω
1733 1640 1987 1710 φανερῶς
2021 1632 2063 1684 Β
2096 1649 2153 1713 ἐξ
2187 1650 2367 1712 αἰτίας
2416 1645 2554 1703 εἶναι
2614 1651 3047 1721 γνωριζομένης,
3103 1653 3195 1704 καὶ
3221 1652 3289 1705 τὰ
3321 1653 3461 1707 αὐτὰ
3496 1656 3673 1707 πάντα

410 1724 726 1795 διορίζουσι,
755 1728 849 1778 καὶ
899 1725 1175 1796 μέμψεται
1223 1732 1337 1789 τοῖς
1385 1728 1460 1796 μὴ
1516 1730 1809 1799 προσέχειν
1840 1729 2027 1800 αὑτῷν

412 1818 793 1887 βοολομένοιςς
855 1817 929 1870 Ἢ
973 1820 1057 1880 τίς
1094 1818 1194 1882 τὰς
1241 1819 1496 1882 τοιαύτας
1527 1820 1692 1874 κινῶν
1731 1823 1989 1891 ἀπορίας,
2028 1826 2029 1829 “

2095 1743 2173 1813 τῷ
2204 1744 2401 1814 Πατρὶ,
2434 1745 2532 1815 τῆς
2584 1744 2684 1814 μὲν
2713 1745 2989 1814 γεννητῶς
3016 1746 3269 1817 ἐχούσης,
3302 1747 3403 1817 τῆς
3427 1747 3484 1801 δὲ
3513 1748 3673 1802 ἄλλον

2095 1837 2219 1890 τινὰ
2243 1838 2465 1907 τρόπον,
2525 1837 2670 1908 ἅπερ
2723 1840 2930 1903 ἐκεῖνος
2984 1839 3243 1902 ἀναιτίως
3296 1840 3411 1911 ἔχει
3450 1842 3545 1894 καὶ
3572 1861 3675 1914 πη-

410 1910 545 1961 ὅπου
588 1911 619 1979 ἠ
654 1910 751 1978 τῆς
773 1908 996 1978 Γραφῆς
1022 1908 1283 1963 αύθεντία
1326 1911 1645 1964 συνίσταται
1688 1914 1803 1976 τοῖς
1830 1912 1989 1966 εὐσε-

409 1998 525 2052 6εἰν
552 2000 925 2071 βουλομένοις,
955 2002 1017 2053 οὐ
1060 2000 1202 2065 δόξει
1233 2001 1443 2072 ταύτης
1474 2006 1837 2071 καταφρονεῖν
1864 2020 1882 2072 ς

484 2095 625 2164 Πρὸς
656 2093 791 2147 Θεοῦ
838 2095 935 2147 καὶ
982 2095 1148 2147 πόθεν
1200 2095 1399 2165 ἔχομεν
1450 2097 1626 2149 ὅτιτὸ
1667 2098 1891 2168 Πνεῦμα
1929 2101 1993 2152 ἐκ

409 2186 505 2239 τοῦ
541 2186 755 2258 Πατρός
786 2187 923 2249 ἐστι,
970 2188 1064 2239 καὶ
1115 2188 1207 2238 τοῦ
1242 2187 1493 2257 Πατρός;
1530 2183 1619 2254 ἆρ’
1659 2192 1722 2242 ἐκ
1755 2190 1866 2243 τῶν
1898 2192 1993 2245 ἀν.-

411 2279 697 2350 θρωπίνων
730 2279 1044 2350 λογισμῶν;
1080 2280 1250 2334 Πόθεν
1276 2281 1749 2352 πεπιστεύκαμεν,
1786 2285 1869 2337 ὅτι
1899 2285 1991 2337 καὶ

408 2372 504 2423 τοῦ
530 2370 662 2423 Υίοῦ
687 2372 803 2423 ἐστι
827 2371 1019 2434 τοῦτο;
1052 2372 1283 2441 πότερον
1310 2376 1558 2440 φυσικοῖς
1594 2375 1991 2439 πιστεύσαντες

411 2462 587 2529 λόγοις
612 2462 934 2532 ;Ούδαμῶς,
963 2462 1081 2515 ἀλλ’
1104 2466 1136 2532 ἡ
1170 2463 1263 2517 τοῦ
1295 2465 1611 2535 Πνεύματος
1641 2467 1988 2535 διδασκαλία,

416 2556 759 2625 πιθανωτέρα
805 2559 1026 2608 πάντων
1057 2556 1213 2611 οὖσα.
1242 2557 1397 2609 ταῦθ’
1432 2560 1565 2628 ἡμῖν
1595 2560 1865 2629 ὁσημέραι
1892 2580 1991 2631 κη-

412 2646 595 2717 ρύττει
636 2648 702 2700 τά
742 2648 1011 2718 δόγματα.
1071 2648 1223 2718 Αὕτη
1271 2649 1453 2703 τοίνυν
1485 2652 1584 2703 οὐκ
1633 2652 1700 2705 ἂν
1732 2654 1991 2721 ἐφείσατο

412 2742 502 2792 καὶ
528 2739 739 2804 τούτου,
772 2739 931 2809 εἴπερ
962 2736 1028 2810 ἦν
1062 2740 1280 2810 ἀληθές.
1326 2742 1479 2795 Ἐπεὶ
1510 2743 1565 2796 δὲ
1601 2743 1832 2813 διορίζει
1890 2764 1990 2799 σα-

410 2831 523 2900 φῶς
545 2832 764 2895 οὑτωσὶ,
795 2832 891 2886 καὶ
914 2832 1042 2885 Υίοῦ
1069 2834 1168 2903 μὲν
1196 2835 1340 2902 λέγει
1371 2836 1617 2906 Πνεῦμα,
1650 2839 1714 2891 ἐκ
1740 2838 1834 2892 τοῦ
1859 2839 1988 2893 Υίοῦ

408 2924 463 2977 δὲ
497 2925 556 2977 οὐ
587 2925 755 2993 λέγει,
794 2927 887 2980 καὶ
922 2928 1068 2996 ἡμᾶς
1096 2927 1156 2978 οὐ
1189 2929 1294 2998 χρὴ
1316 2924 1625 3003 περαιτέρω

412 3020 615 3085 μονεῖν,
685 3018 819 3089 μηδὲ
849 3019 909 3071 τδ
938 3020 1046 3072 ἀπὸ
1090 3018 1184 3071 τοῦ
1215 3019 1376 3088 λόγου
1410 3024 1815 3092 σκοπουμένους
1853 3042 1987 3097 συμ-

405 3111 613 3174 ϐαῖνον,
638 3112 846 3163 οἴεσθαί
875 3128 927 3163 τι
960 3112 1226 3182 πράττειν
1272 3114 1501 3176 εὐσεϐές
1542 3132 1601 3166 τε
1632 3115 1726 3169 καὶ
1751 3115 1983 3170 δίκαιον.

410 3204 469 3257 El
495 3205 601 3274 γὰρ
626 3202 860 3255 ἐνταῦθα
918 3206 983 3274 τῇ
1032 3203 1127 3256 τοῦ
1182 3203 1339 3270 λόγου
1375 3206 1737 3276 πιστεύσομεν
1768 3208 1983 3280 όδηγίᾳ,

405 3296 493 3348 διὰ
522 3296 580 3347 τὸ
615 3296 689 3364 μὴ
720 3296 815 3348 καὶ
844 3298 900 3347 εν
932 3297 1043 3358 τοῖς
1071 3295 1252 3359 ἄλλοις
1285 3296 1459 3368 ταύτῃ
1489 3303 1879 3369 πιστεύσομεν,
1909 3302 1985 3365 ὼς

406 3384 472 3442 ἀν
496 3385 639 3440 οὕτω
675 3388 767 3440 καὶ
801 3388 930 3457 περὶ
953 3387 1050 3458 τὴν
1080 3390 1265 3441 πίστιν
1290 3390 1509 3444 ἃπασαν
1540 3393 1983 3463 κινδυνεύσομεν,

403 3479 431 3531 ὃ
462 3481 608 3532 πᾶσα
661 3478 851 3531 παθεῖν
887 3479 1097 3551 ἀνάγκη
1150 3482 1276 3544 τοὺς
1312 3480 1389 3552 τῷ
1417 3484 1636 3553 φυσικῷ
1660 3484 1803 3554 λόγῳ
1839 3485 1983 3537 πάνυ

405 3572 762 3633 πιστεύοντας
786 3566 975 3642 ’ἦπου
1010 3573 1105 3625 καὶ
1155 3573 1216 3625 τὸ
1262 3575 1328 3626 ὲκ
1367 3574 1458 3627 τοῦ
1497 3576 1708 3645 Πατρὺς
1754 3572 1893 3630 εἶναι
1924 3579 1986 3630 τὸ

407 3665 651 3735 Πνεῦμα,
685 3665 775 3717 καὶ
818 3664 879 3717 τὸ
904 3665 992 3717 τὸν
1011 3664 1142 3717 Θεὸν
1173 3666 1393 3737 Πατέρα
1422 3668 1515 3720 καὶ
1555 3668 1682 3721 Υίὸν
1719 3666 1857 3722 εἶναι
1892 3670 1987 3723 καὶ

407 3756 652 3823 Πνεῦμα,
686 3756 781 3809 καὶ
809 3755 987 3808 πάντα
1013 3756 1182 3810 ταῦτα
1206 3757 1411 3827 φροῦδα
1438 3758 1498 3823 ἐξ
1527 3760 1685 3829 ἡμῶν
1708 3759 1860 3813 ἔσται
1896 3762 1988 3815 καὶ

403 3846 756 3900 διαπτύσεται
805 3849 918 3908 τοῖς
972 3846 1337 3917 ἀνθρωπίνοις
1365 3849 1670 3919 λογισμοῖς,
1729 3853 1986 3924 καθάπερ

407 3937 607 4008 αὔραις
639 3941 1091 4010 ὑποχωρήσαντα.
1119 3939 1285 3994 Οὐδὲν
1310 3945 1418 4014 γάρ
1464 3939 1601 4013 οἷςὴ
1636 3945 1821 4006 πίστις
1855 3948 1987 4018 ἡμῖν

403 4033 730 4104 προστίθησι
758 4034 849 4086 καὶ
876 4031 1088 4096 τούτοις
1111 4036 1309 4087 κοινόν.
1348 4035 1541 4106 Ἡμεῖς
1563 4038 1742 4092 τοίνυν
1774 4041 1837 4093 ὲκ
1892 4041 1986 4093 τοῦ

403 4123 537 4177 Υἱοῦ
565 4124 623 4175 τὸ
652 4120 875 4190 Πνεῦμα
903 4121 1026 4174 οὔτε
1050 4122 1381 4191 πιστεύομεν
1414 4125 1541 4177 οὔτε
1582 4126 1818 4195 λέγομεν
1859 4128 1987 4195 ὑφε-

403 4216 595 4269 στάναι
619 4232 634 4247 ·
700 4214 821 4268 οῦδὲ
871 4216 979 4285 γὰρ
1010 4217 1042 4285 ἡ
1103 4215 1297 4285 Γραφὴ
1328 4216 1487 4269 τοῦτο
1524 4218 1857 4272 ἐκδιδάσκειο
1889 4220 1984 4272 τοῦ

400 4302 533 4354 Υίοῦ
556 4302 613 4354 δὲ
643 4302 874 4372 λέγομεν
917 4303 991 4365 ὡς
1031 4300 1379 4372 ᾠκειωμένον
1412 4306 1555 4358 κατὰ
1599 4307 1761 4375 φύσιν
1808 4309 1981 4379 αὐτῷ,
2017 4325 2064 4381 ι)
2094 4300 2405 4410 Δέστὲότης“’τ
2590 4300 2726 4407 Ατὺιὲς
2779 4300 2820 4414 Ξ).

400 4394 454 4414 9-
521 4398 600 4414 ,,,A\
649 4398 703 4414 ,η
736 4395 775 4414 ΙἿ
896 4399 921 4414 9
1028 4396 1043 4414 \
1124 4396 1147 4409 θ
1210 4399 1249 4414 n
1349 4400 1363 4414 1
1416 4399 1428 4414 Ι
1514 4400 1534 4414 ο
1636 4404 1656 4414 ει
1795 4405 1805 4414 ι
1929 4407 1940 4414 ι

395 4394 480 4447 ὅτι
516 4398 607 4447 καὶ
642 4398 707 4467 τῇ
736 4395 924 4466 Γραφῇ
958 4396 1050 4451 καὶ
1080 4396 1157 4467 τῷ
1208 4399 1475 4470 Βασιλείῳ
1508 4400 1677 4467 δοκεῖ,
1726 4405 1816 4456 καὶ
1852 4407 1984 4475 πρὸς

397 4487 526 4548 τοὺς
549 4485 822 4548 ἐναντίους
864 4490 1060 4557 ἀρκεῖν
1101 4489 1383 4559 ἡγούμεθα
1412 4492 1511 4563 τὴν
1545 4494 1609 4546 ἐκ
1632 4496 1730 4565 τῆς
1757 4496 1984 4568 Γραφῆς

399 4578 496 4630 καὶ
523 4579 633 4631 τῶν
658 4579 962 4648 εἰρημένων
991 4580 1318 4651 ἀπάντησιν.

469 4670 589 4724 Ἵνα
609 4671 665 4723 δὲ
694 4670 767 4742 μὴ
792 4672 989 4725 δοκῶσί
1004 4690 1056 4726 τι
1078 4674 1257 4742 λέγειν
1282 4693 1340 4727 σε
1349 4676 1574 4744 μνὸν,δι’
1594 4674 1668 4733 ὧν
1692 4680 1983 4751 ἀποροῦσι,

399 4763 593 4816 σκόπει
613 4764 712 4834 τὴν
740 4764 972 4818 ἀτοπίαν
1012 4765 1165 4833 σφίσι
1195 4766 1289 4818 τοῦ
1323 4767 1504 4835 λόγου.
1544 4770 1786 4842 Ἐπειδὴ,
1826 4774 1980 4841 φασὶ,

395 4856 457 4906 τὸ
492 4854 711 4925 Πνεῦμα
749 4856 809 4908 το
843 4855 1003 4923 ἅγιον
1052 4859 1265 4928 Πατρός
1299 4860 1414 4913 ἐστι
1444 4864 1536 4915 καὶ
1570 4864 1700 4917 Υίοῦ
1733 4866 1980 4936 Πνεῦμα,

398 4946 495 4999 καὶ
524 4946 581 4998 ἓν
606 4949 740 5007 ἐστι,
776 4951 868 5001 καὶ
923 4949 1186 5011 ὡσαύτως
1230 4954 1287 5003 ὲν
1333 4954 1554 5021 ἀμφοῖν,
1592 4959 1676 5011 ὅτι
1709 4960 1987 5025 ούσιωδῶς

398 5039 674 5107 δηλονότι·
721 5042 866 5094 διατί
906 5042 981 5112 μὴ
1030 5050 1124 5095 καὶ
1176 5044 1203 5095 6
1260 5046 1390 5109 Υἱὸς
1421 5048 1569 5100 αίτία
1618 5052 1769 5105 ἐστὶν
1816 5054 1983 5106 αὑτοῦ

399 5130 590 5200 ὥσπερ
641 5134 735 5184 καὶ
788 5134 815 5184 6
875 5135 1097 5203 Πατήρς
1149 5135 1387 5190 Ἑοίκασι
1440 5140 1551 5210 γὰρ
1582 5142 1839 5214 τοιαύτην
1865 5146 1987 5198 τινὰ

402 5223 727 5292 συμπλοκὴν
752 5224 1073 5278 ἀκολουθεῖν
1101 5243 1114 5256 ·
1146 5228 1218 5279 Τὸ
1254 5230 1478 5299 Πνεῦμα
1510 5233 1571 5285 τὸ
1603 5233 1759 5302 ἅγιον
1787 5236 1846 5287 ’ἐν
1867 5237 1984 5290 ἐστι

400 5316 495 5367 καὶ
524 5320 720 5368 ταυτὸν
755 5318 970 5386 Πατρδς
1017 5323 1110 5372 καὶ
1146 5322 1297 5387 Υίοῦ,
1323 5326 1419 5377 καὶ
1445 5326 1715 5390 ούσιωδῶς
1746 5330 1894 5383 ἐστιν
1926 5334 1984 5382 ὲν

398 5409 583 5473 αὐτοῖς
612 5427 625 5440 ’
657 5410 854 5464 οὐκοῦν
889 5412 1055 5481 ἄμφω
1074 5414 1232 5465 τοῦτο
1254 5416 1579 5484 ὑφιστῶσιν.
1612 5421 1644 5490 ἢ
1675 5421 1839 5491 ἄμφω
1862 5424 1986 5477 τούς-

396 5518 492 5554 του
523 5502 663 5554 εἰσὶν
689 5504 860 5556 αἴτια.
894 5504 959 5557 Τί
1013 5507 1142 5574 γοῦν
1171 5508 1371 5561 κωλύει
1411 5512 1505 5564 καὶ
1538 5514 1629 5565 ἐπὶ
1657 5516 1867 5568 πολλῶν
1892 5519 1985 5572 ἀλ-

398 5594 508 5651 λων
533 5596 679 5650 τοῦτ’
716 5598 902 5664 ἀξιοῦν
953 5601 1222 5670 ἓπεσθαι;
1264 5606 1293 5657 Ξι
1324 5606 1387 5677 δη
1422 5611 1485 5661 τὰ
1524 5611 1661 5663 αὐτὰ
1698 5617 1981 5681 προσεῖναι

2096 1932 2290 1999 γαίως.
2322 1932 2522 1984 Σκόπει
2545 1932 2601 1985 δὲ
2634 1934 2728 1986 καὶ
2756 1935 2903 2004 τῇδε.
2940 1934 3013 1987 T6
3037 1936 3169 1988 αὐτὸ
3200 1937 3423 2007 Πνεῦμα
3460 1939 3672 2007 Πατρός

2094 2027 2209 2080 ἐστι
2245 2030 2337 2079 καὶ
2367 2025 2496 2079 Υἰοῦ
2528 2025 2622 2079 καὶ
2669 2027 2727 2079 ’ἐν
2758 2028 2903 2081 ἐστιν
2936 2029 2994 2080 ὲν
3020 2030 3247 2097 ἀμφοῖν.
3279 2030 3417 2082 Φασὶ
3441 2030 3497 2083 δὲ
3520 2033 3673 2085 αὐτοὶ

2093 2119 2186 2171 τὸν
2210 2118 2332 2172 Υίὸν
2369 2121 2547 2173 αἴτιον
2568 2115 2706 2174 εἶναι
2751 2122 2938 2177 αὑτοῦ.
2992 2121 3204 2176 Οὐκοῦν
3250 2122 3344 2177 τοῦ
3402 2129 3672 2196 πατρικοῦ

2098 2213 2416 2282 Πνεύματος
2444 2214 2617 2276 αἴτιός
2651 2218 2801 2268 ἐστιν
2850 2217 2879 2268 6
2934 2217 3058 2281 Υἱὸς
3091 2218 3210 2270 κατ’
3244 2220 3466 2282 αὐτοὺς,
3514 2221 3674 2289 εἰπερ

2093 2308 2239 2361 ἐστὶν
2268 2308 2346 2371 ἓν,
2380 2309 2454 2372 ὡς
2491 2310 2753 2379 πρότερον
2777 2310 2989 2380 εἴρηται
3015 2327 3027 2338 ·
3056 2309 3149 2364 καὶ
3173 2311 3322 2365 οὐδὲν
3348 2310 3549 2379 μᾶλλον
3580 2316 3675 2366 τοῦ

2094 2400 2150 2452 ὲν
2176 2400 2375 2470 αὑτῷῆ
2401 2398 2494 2454 τοῦ
2530 2404 2587 2453 ὲν
2615 2401 2694 2471 τῷ
2727 2402 2921 2472 ΙΙατρί.
2971 2402 3112 2455 Ἀλλ’
3160 2404 3297 2472 ὅπερ
3324 2405 3472 2457 ἐστὶν
3500 2406 3676 2458 αἴτιόν

2092 2511 2237 2557 τινος
2271 2493 2633 2565 ὲνυπάρχοντί
2662 2513 2765 2547 τινι
2804 2495 2907 2549 τῶν
2941 2496 3150 2561 ἁπλῶν,
3199 2498 3295 2549 καὶ
3327 2497 3493 2550 αὑτοῦ
3528 2502 3677 2552 ἐστιν

2092 2584 2285 2652 αἴτιον,
2316 2580 2360 2654 ᾧ
2390 2580 2535 2640 τοῦτ⁵
2566 2589 2883 2657 ἐνυπάρχει.
2936 2589 3193 2642 Τοιοῦτον
3222 2589 3277 2643 δέ
3314 2592 3463 2643 ἐστιν
3493 2594 3519 2644 6
3569 2594 3681 2646 Πα-

2092 2678 2218 2749 τὴρ,
2254 2681 2459 2745 ἁπλοῦς
2498 2682 2604 2752 γάρ
2634 2684 2769 2747 ἐστι,
2809 2685 2901 2737 καὶ
2930 2684 3118 2748 ἁπλῶς
3151 2685 3382 2749 ἁπλοῦς.
3414 2688 3624 2743 Οὐκοῦν
3649 2690 3677 2739 6

2095 2769 2221 2835 Υἱὸς
2246 2773 2416 2845 ταύτῃ
2446 2791 2510 2841 γε
2540 2774 2691 2828 ἔσται
2727 2775 2898 2837 αῖτιος
2928 2776 3023 2827 τοῦ
3051 2778 3280 2847 Πατρὸς,
3311 2779 3405 2831 τοῦ
3438 2781 3495 2831 ἐν
3527 2782 3679 2848 αῦτῷ

2095 2865 2415 2934 Πνεύματος
2447 2867 2620 2930 αἴτιος
2644 2868 2742 2921 ῶν.
2774 2866 2947 2920 Τοῦτο
2979 2868 3035 2921 δὲ
3066 2870 3126 2920 οὐ
3157 2869 3239 2922 δεῖ
3283 2870 3514 2924 δεδιέναι
3546 2878 3678 2943 περὶ

1671 2932 1991 3035 ξτολυπραῬ
2014 2967 2059 3027 c
2092 2958 2187 3011 τοῦ
2219 2932 2451 3027 Πατρός.
2485 2959 2767 3011 Πιστεύειν
2799 2960 2899 3026 μὲν
2933 2958 3026 3013 οῦν
3055 2962 3205 3014 πᾶσα
3235 2964 3448 3035 ἀνάγκη
3474 2969 3558 3020 ὅτι
3587 2932 3675 3022 τοῦ

2096 3051 2414 3122 Ilva-39.1120;
2443 3053 2539 3106 τοῦ
2572 3055 2631 3107 ἐν
2665 3054 2742 3122 τῷ
2782 3055 2895 3125 Υίῷ
2924 3055 3098 3120 αἴτιος
3131 3058 3230 3126 ὢν,
3263 3062 3354 3115 καὶ
3380 3065 3547 3119 αὐτοῦ
3580 3070 3675 3121 τοῦ

2097 3141 2227 3193 Υίοῦ
2281 3142 2453 3205 αἴτιός
2498 3144 2667 3199 ἐστιν.
2714 3144 2880 3217 Ὁρᾷς
2933 3141 2995 3200 οὗ
3046 3153 3311 3222 κρημνῶν
3357 3155 3614 3210 ἐκϐάλλει
3644 3164 3676 3228 ἡ

2094 3234 2386 3289 ἀκολουθία
2421 3236 2603 3307 ἐκείνη
2660 3239 2785 3301 τοὺς
2838 3240 2914 3312 μὴ
2943 3241 3437 3314 διευλαϐουμένους
3468 3250 3677 3321 αὐτήνς

2093 3329 2225 3398 ὁρᾷς
2256 3330 2452 3381 ὁπόσον
2490 3331 2639 3383 ἐστὶν
2682 3333 3026 3388 ἐπικίνδυνον
3064 3337 3253 3402 ἀξιοῦν
3279 3342 3339 3393 τὸ
3360 3343 3588 3413 Πνεῦμα
3622 3348 3683 3399 τδ

2095 3421 2253 3486 ἅγιον
2280 3424 2373 3474 καὶ
2395 3424 2457 3476 ἐκ
2497 3424 2589 3476 τοῦ
2630 3424 2759 3478 Υίοῦ
2787 3422 2929 3481 εἶναι
2962 3431 3277 3497 πιστεύεινς
3308 3433 3399 3486 διὰ
3443 3436 3505 3489 τὸ
3528 3437 3682 3507 λέγε-

2096 3513 2219 3566 σθαι
2261 3514 2393 3567 αὐτὸ
2426 3516 2519 3568 τοῦ
2554 3517 2679 3571 Υίοῦ
2705 3515 2880 3588 εἷναι;
2942 3522 3128 3577 Ταῦτα
3158 3521 3277 3589 οὖν,
3304 3526 3379 3590 ὡς
3402 3529 3597 3595 ἔοικεν,
3629 3536 3680 3586 οἱ

2094 3606 2194 3673 τῆς
2233 3608 2557 3678 Ἐκκλησία;
2589 3611 2898 3667 διδάσκαλοι
2958 3616 3373 3685 εὐλαϐούμενοι,
3422 3622 3516 3675 τοῦ
3546 3624 3679 3677 Υίοῦ

2098 3696 2196 3766 μὲν
2220 3700 2473 3765 λέγουσιν
2522 3697 2685 3764 εἶναι,
2718 3705 2779 3757 ὲκ
2819 3705 2913 3760 τοῦ
2949 3708 3080 3763 Υίοῦ
3106 3710 3164 3763 δὲ
3210 3715 3272 3766 οὐ
3302 3713 3541 3781 λέγουσι,
3584 3720 3680 3770 καὶ

2096 3791 2202 3859 προ
2224 3791 2398 3843 αὐτῶν
2428 3795 2460 3864 ἡ
2485 3794 2605 3846 θεία
2640 3796 2853 3867 Γραφὴ,
2886 3800 3029 3854 κο.θά
3059 3805 3418 3876 προείπομεν.

2172 3882 2368 3935 Ἀκουε
2400 3883 2454 3935 δὲ
2483 3888 2576 3937 καὶ
2607 3887 2735 3955 περὶ
2788 3892 2889 3959 τῆς
2939 3890 3034 3944 τοῦ
3092 3897 3367 3967 μακαρίου
3397 3899 3678 3971 Θεοδώρου

2097 3972 2310 4041 ρήσεως
2362 3973 2586 4040 ἐφεξῆς,
2630 3977 2760 4046 περὶ
2784 3974 2856 4048 ἦς
2885 3981 2948 4050 δὴ
2999 3983 3237 4047 μάλιστα
3272 3986 3365 4037 καί
3398 3989 3677 4058 προύργου

2097 4063 2367 4135 πυνθάνῃ.
2395 4066 2576 4135 Αὐτὴν
2599 4067 2655 4119 δὲ
2692 4069 2909 4137 πρῶτον
2935 4070 3034 4138 τὴν
3065 4072 3229 4142 ῥῆσιν
3249 4076 3395 4145 ἡμᾶς
3419 4080 3679 4133 ἐκθέσθαι

2098 4170 2181 4206 σοι
2209 4157 2336 4225 χρή.
2380 4157 2520 4227 Φησὶ
2559 4160 2740 4211 τοίνυν
2780 4160 3007 4227 ἐκεῖνος,
3048 4181 3069 4216 1
3106 4164 3183 4218 Οὐ
3212 4172 3524 4239 προφητικῇ
3572 4189 3679 4223 τινι

2097 4250 2409 4318 προγνώσει
2461 4253 2556 4305 καὶ
2589 4253 2796 4322 χάριτι,
2838 4254 3042 4322 ἄπαγε,
3097 4258 3324 4312 τοιαῦτα
3356 4261 3626 4330 ἔπραττεν
3650 4266 3679 4316 6

2822 4345 3053 4416 αθηταῖς
3105 4348 3428 4419 προῦλεγεν,
3488 4354 3640 4409 ὥσπε
3648 4377 3679 4423 ρ

2090 4431 2307 4501 βλέπων
2335 4435 2401 4488 τά
2432 4434 2765 4506 ἔμπροσθεν,
2788 4440 2863 4503 ὠς
2892 4440 3027 4505 Θεὸς
3051 4443 3107 4496 δὲ
3131 4444 3323 4514 παρὼν
3345 4446 3571 4516 ἆπασιν,
3590 4452 3680 4503 ού-

2088 4524 2146 4578 δὲ
2182 4527 2433 4598 ἐνεργείᾳ
2466 4528 2594 4599 ψιλῇ
2623 4530 2767 4584 κατά
2815 4550 2967 4597 τινας
2992 4536 3103 4589 τῶν
3128 4537 3295 4592 πάλαι
3328 4540 3676 4613 λοιδορησάν-

2086 4630 2217 4678 των,
2245 4616 2483 4670 κενῶσαι
2524 4619 2622 4687 μὲν
2642 4622 2768 4684 τοῦς
2795 4622 3061 4692 οὐρανοὺς
3086 4626 3187 4696 τῆς
3218 4631 3415 4685 ἑαυτοῦ
3442 4632 3677 4687 ὑποστά-

2090 4721 2229 4769 σεως
2276 4706 2420 4760 κατά
2459 4710 2586 4773 τοὺς
2621 4713 2846 4782 καιροὺς
2875 4716 2974 4784 τῆς
3009 4716 3160 4782 θείας
3211 4723 3567 4789 σαρκῶσεως,
3600 4721 3676 4778 εἷ-

2090 4798 2178 4850 ναί
2205 4816 2263 4851 τε
2296 4800 2569 4864 οὑσιωδῶς
2610 4806 2670 4856 ὲν
2705 4807 2857 4875 ἡμῖν,
2884 4809 3133 4882 ἐνεργείᾳ
3156 4811 3213 4865 δὲ
3243 4816 3338 4867 καὶ
3373 4817 3498 4887 ἀξίᾳ
3537 4819 3676 4889 μόνῃ

2088 4891 2225 4961 πρὸς
2256 4892 2348 4947 τὸν
2374 4896 2507 4948 Θεὸν
2536 4898 2630 4951 καὶ
2664 4899 2905 4969 Πατέρα,
2949 4902 3078 4957 ἐπεὶ⁴
3105 4905 3296 4975 ἓτερον
3323 4909 3532 4973 οὐσίαν,
3580 4914 3676 4963 καὶ

2088 4984 2275 5054 ἕτερον
2321 4988 2641 5056 ἐνέργειαν,
2676 4991 2865 5063 ὥσπερ
2895 4995 2991 5047 ἐπὶ
3026 4997 3136 5050 τῶν
3166 5001 3500 5067 σωματικῶς
3534 5003 3672 5055 θεωει

2092 5077 2378 5145 ρουμένων
2400 5097 2414 5112 ο
2442 5080 2584 5134 οὓτω
2609 5083 2673 5155 δὴ
2708 5085 2803 5139 καὶ
2829 5087 2922 5140 ἐπὶ
2943 5089 3035 5141 τοῦ
3069 5089 3215 5144 θείου
3256 5091 3418 5159 λόγου
3450 5095 3672 5149 ἐπέθεν-

2087 5186 2169 5233 το,
2221 5170 2357 5242 ὅπερ
2407 5177 2519 5237 τοῖς
2554 5177 2837 5232 εύσεδέσιν
2868 5181 3188 5251 ἀπείρηται.
3235 5185 3359 5238 Ἐπὶ
3404 5188 3512 5258 γὰρ
3559 5190 3671 5241 τῶν

2087 5260 2275 5313 ἁπλῶν
2323 5264 2421 5316 καὶ
2456 5267 2766 5336 ἀσωμάτων
2816 5272 2875 5322 ἐν
2905 5272 3083 5327 οὐδενὶ
3134 5273 3419 5345 διαφέρειν
3464 5279 3669 5338 [σασιν.

2089 5351 2164 5402 Οὐ
2214 5353 2324 5422 γὰρ
2368 5357 2669 5425 διοριστέον
2694 5361 2849 5414 ταῦτ’
2880 5364 3150 5433 ἀλλήλων,
3180 5367 3267 5420 ἵνα
3301 5368 3674 5439 μὴ’σύνθετον

2088 5442 2148 5493 τὸ
2172 5443 2311 5512 ὑπὲρ
2344 5448 2524 5500 πᾶσαν
2554 5450 2835 5521 ἁπλότητα
2887 5458 3079 5511 νοοῖτο.
3132 5458 3271 5513 Οὔτε
3324 5464 3499 5535 γὰρὴ
3552 5468 3671 5522 θεία

2088 5534 2243 5586 οὐσία
2264 5538 2625 5609 ἀνενέργητος
2644 5544 2729 5612 εἴη
2756 5542 2822 5596 ἄν
2856 5563 3008 5607 ποτε,
3039 5549 3164 5605 οὗτε
3188 5555 3439 5619 ἀνούσιος
3468 5561 3500 5623 ὴ
3521 5561 3671 5627 ἐνέρ-

2090 5643 2227 5691 γεια.
2270 5648 2287 5680 1
2336 5630 2395 5685 Ὀ
2424 5633 2607 5703 Πατήρ
2640 5653 2740 5704 μου
2776 5638 2902 5707 γὰρ,
2954 5645 3109 5709 φησὶ,
3137 5647 3241 5709 ἕως
3268 5651 3392 5717 ἄρτι
3443 5653 3671 5719 ἐργὰξί⁶
