3904 6134
377 248 497 311 εει

1494 260 1799 324 CONTRA
1846 259 2479 323 ACINDYNIASTAS.

3540 256 3654 323 658
3716 286 3721 293 τ

380 361 414 429 ἡ
440 360 784 433 δικαιοσύνη,
818 366 978 437 εῐπερ
1017 369 1110 424 καὶ
1137 370 1475 435 ἆλλοθίπου,
1510 376 1606 427 καὶ
1638 378 1666 443 ἡ
1693 376 1967 447 άγαθότης
1996 377 2057 437 Δΐ
2074 391 2197 444 μον,
2230 373 2259 426 δ
2296 373 2361 443 δὴ
2397 370 2618 437 πολλοῖς
2645 371 2895 442 ἐπῆλθεν
2919 372 3196 432 ὑπονοεῖν.
3239 374 3336 424 καὶ
3365 370 3453 425 διὰ
3488 371 3652 425 τοῦτο

380 454 477 505 καὶ
505 453 540 522 ἡ
575 454 808 518 ἀλήθεια
847 461 941 511 καὶ
975 462 1147 515 τίλλα
1194 464 1481 528 ὡσαύτως;
1543 468 1883 523 Ἑκινδύνευε
1916 470 1962 523 δ’

379 542 448 595 ἄν
477 545 605 612 τόγε
662 547 935 618 πρότερον
966 555 1031 621 τῇ
1083 553 1206 623 ίερᾷ
1264 555 1589 625 συμϐαίνειν
1636 554 1827 629 Γραφῇ
1862 560 1964 629 τῆς

380 634 610 690 ἐκείνων
636 640 947 711 κρατούσης
971 641 1193 708 θέσεως.

454 726 636 791 Ὀλως
671 729 728 783 δέ
760 731 920 799 λόγου
961 734 1060 803 μέν
1112 738 1228 791 ἐστι
1259 741 1463 810 κυρίως
1494 741 1787 813 διάκρισις,
1839 743 1973 814 ἥτις

383 823 750 892 ὑποκειμένου
806 828 901 879 καὶ
950 835 1436 901 κατηγορουμένου
1505 836 1666 907 μόνον
1727 838 1880 891 ἐστὶν

380 915 664 970 τοιούτων.
720 917 869 989 Αῦτη
929 920 1047 991 γάρ
1090 924 1240 977 ἐστιν
1270 928 1326 977 ἐν
1352 928 1417 1005 τῇ
1447 926 1594 1000 ψυχῇ
1650 931 1836 996 μόνον,
1866 934 1962 986 καὶ

378 1006 635 1074 οὐδαμῶς
665 1009 722 1060 ἐν
748 1009 830 1079 τῷ
883 1011 1189 1081 πράγματι,
1223 1017 1306 1068 ὅτι
1336 1021 1643 1089 κατηγορία
1671 1020 1844 1091 δήπου
1869 1024 1965 1077 καὶ

385 1099 642 1163 ὑπόθεσις
690 1102 867 1173 ψυχῆς
909 1106 1059 1159 ἐστιν
1110 1109 1292 1177 ἔργον.
1341 1111 1400 1164 Ὀ
1460 1113 1569 1183 γάρ
1610 1114 1818 1183 Πέτρος
1864 1115 1963 1168 οὐκ

385 1192 532 1246 ἐστιν
558 1196 617 1248 ἐν
640 1193 720 1264 τῷ
743 1196 954 1266 Πέτρῳ,
983 1198 1058 1260 ὡς
1088 1202 1324 1272 πρᾶγμά
1345 1222 1397 1259 τι
1424 1204 1483 1258 ἐν
1513 1208 1827 1278 πράγματι.
1863 1209 1961 1261 Ἐν

383 1283 494 1355 γάρ
524 1287 672 1340 ἐστιν
697 1287 919 1358 ἀριθμῷ
947 1292 975 1343 6
998 1292 1203 1361 Πέτρος
1235 1295 1331 1347 καί
1356 1296 1687 1368 ἀδιαίρετον,
1726 1296 1967 1353 ἀλλ”οῦν

381 1377 638 1449 τοιαύτην
684 1380 809 1433 τινά
872 1383 1139 1453 πρότασιν
1202 1388 1483 1459 δύνάμεθα
1551 1392 1811 1446 πλάττειν
1867 1393 1963 1446 καὶ¹

382 1471 581 1539 ἀληθῆ,
613 1474 694 1527 ὅτι
720 1477 746 1526 ὀ
776 1475 981 1546 Πέτρος
998 1480 1203 1549 Πέτρος
1228 1483 1391 1537 ἐστίν.
1431 1483 1520 1535 Ἐν
1608 1485 1667 1536 τὸ
1692 1485 1792 1547 μὲν
1818 1483 1967 1538 ἔστιν

386 1564 767 1633 ὑποκείμενον,
819 1568 881 1620 τὸ
934 1568 989 1622 δέ
1035 1571 1202 1624 αὐτοῦ
1246 1576 1760 1645 κατηγορούμενον·
1790 1578 1973 1651 ταύτῃ

381 1655 639 1727 δέδήπως
681 1661 774 1713 καὶ
804 1661 1219 1734 διακεκριμένα.
1312 1670 1315 1673 ’

455 1750 656 1804 Σκόπει
678 1753 879 1816 τοίνυν,
904 1757 951 1807 εἰ
983 1758 1077 1809 καὶ
1102 1758 1129 1809 6
1152 1757 1281 1820 Θεὸς
1314 1757 1488 1824 οὕτως
1509 1758 1894 1829 ἀληθήςέστιν
1927 1763 1977 1833 ἧ’

381 1842 607 1907 δῖκαισς,
638 1843 713 1906 ὡς
755 1846 783 1898 6
818 1845 1023 1916 Πέτρος
1058 1850 1263 1918 Πέτρος
1302 1849 1419 1904 ἐστὶ
1449 1853 1799 1921 μαινόμενοςο
1835 1854 1962 1924 μήτ’

385 1934 453 1988 ἂν
469 1936 654 2006 ἀξιοίη
683 1938 864 2002 τοῦτο,
896 1942 1007 2003 τοῖς
1061 1942 1160 2012 μὲν
1193 1943 1303 2015 γάρ
1336 1943 1482 2014 ὅροις
1513 1946 1743 2009 ἐκείνοις
1774 1950 1832 2000 ἐν
1881 1943 1964 2012 οἷς

382 2026 415 2091 ﬁ
443 2025 543 2079 τοῦ
587 2027 755 2097 λόγου
802 2031 1073 2096 διάκρισις
1131 2034 1448 2103 στρέφεται,
1510 2034 1711 2101 γένοιτ’
1738 2034 1803 2088 ἄν
1828 2052 1961 2089 ποτε

384 2116 549 2187 σχολὴ
575 2118 675 2190 τῆς
708 2122 983 2192 ἡμετέρας
1030 2122 1210 2195 ψυχῆς
1241 2125 1733 2196 περιαιρουμένης,
1764 2127 1798 2198 ἢ
1836 2128 1965 2192 τοῦς

382 2212 621 2267 τοιούσδε
651 2214 810 2285 ὄρους
854 2216 1078 2270 δύναται
1128 2217 1411 2279 πλάττειν,
1448 2218 1589 2272 ὥστε
1623 2222 1720 2274 καὶ
1753 2224 1873 2282 ταῖς
1905 2223 1965 2273 ἐν

384 2304 577 2369 αὐταῖς
602 2306 967 2377 διακρίσεσιν,
996 2310 1155 2363 οὐσία
1186 2310 1242 2364 δὲ
1271 2310 1410 2364 Θεοῦ
1436 2312 1530 2365 καὶ
1560 2313 1832 2384 ἐνέργεια,
1865 2312 1965 2365 καὶ

383 2398 416 2465 ἡ
458 2398 515 2450 ἐν
558 2397 769 2462 τούτοις
813 2400 1045 2471 διαφορὰ
1081 2402 1176 2455 καὶ
1230 2406 1700 2475 περιαιρουμένης
1746 2404 1965 2474 ἀπάσης

382 2490 561 2559 ψυχῆς
584 2490 681 2545 καὶ
715 2493 805 2544 νοῦ
855 2492 1057 2556 παντὸς
1082 2492 1257 2547 ἐσται.
1294 2496 1369 2548 Οὐ
1400 2495 1509 2565 γὰρ
1543 2494 1865 2550 ἀνθίσταται
1895 2498 1962 2567 τῇ

386 2582 715 2653 ἐνεργείᾳτῇ
754 2583 895 2653 θείᾳ,
926 2583 1036 2637 εἴτε
1068 2587 1135 2657 τῇ
1169 2585 1453 2650 ἐνδον,είτε
1476 2591 1542 2659 τῇ
1576 2587 1702 2655 ἔξω,
1734 2588 1794 2641 τὸ
1823 2584 1964 2641 εἶναι

383 2672 511 2743 ἧτδ
559 2674 827 2745 ὑπάρχειν
877 2675 909 2745 ἢ
960 2677 1023 2728 τὸ
1079 2676 1450 2747 προάγεσθαι,
1494 2680 1598 2734 κᾶν
1632 2682 1811 2734 πάντα
1837 2681 1963 2735 νοῦν

384 2764 740 2834 ἀναιρεθῆναι
764 2764 1028 2835 συμϐαίη,
1062 2767 1121 2831 δς
1144 2767 1318 2822 ταῦτα
1346 2769 1444 2839 τῆς
1476 2770 1627 2833 θείας
1680 2772 1966 2842 ἐνεργείας

384 2858 683 2925 κατηγορεῖ
708 2870 723 2886 ·
780 2856 901 2911 οὐδέ
924 2858 979 2911 τί
1009 2874 1072 2925 γε
1101 2859 1201 2927 τῆς
1239 2859 1500 2930 τοιαύτης
1526 2861 1694 2915 ἕνεκα
1726 2880 1966 2933 κατηγο-

386 2948 509 3015 ρίας
538 2948 676 3009 ἐστὶ,
706 2949 765 3002 τὸ
789 2949 890 3021 τὴν
929 2951 1079 3005 θείαν
1100 2952 1416 3021 ἀγαθότητα
1462 2956 1520 3007 ἐν
1549 2954 1627 3023 τῷ
1652 2954 1772 3021 Θεῷ
1798 2951 1961 3023 εἶναι,

384 3040 416 3111 ἦ
446 3040 507 3094 τὸ
554 3042 972 3113 ἀπολελυμένως
1027 3046 1128 3114 μὲν
1155 3045 1325 3115 αὐτὴν
1362 3047 1628 3118 ὑπάρχειν
1673 3049 1811 3114 ἐκεί,
1843 3049 1966 3116 γέν·

383 3150 543 3203 νησιν
570 3133 626 3187 δέ
672 3136 766 3189 καὶ¹
794 3110 803 3113 γ
827 3110 1102 3208 προϐολὴν
1135 3110 1491 3210 ἀναφορικῶς
1514 3110 1611 3192 καὶ
1642 3110 1965 3211 πατρότητα
1992 3110 2038 3169 c‘

385 3227 479 3277 καὶ
511 3224 758 3299 υἱότητα.
802 3229 965 3284 Ἀλλὰ
1000 3230 1174 3285 ταῦτα
1205 3232 1304 3283 καὶ
1350 3232 1425 3302 μὴ
1468 3230 1760 3301 νοούμενα,
1812 3234 1967 3286 οὐδὲν

383 3313 548 3389 ἧττον
584 3320 700 3374 ἐστι
748 3322 843 3375 καὶ
877 3321 1029 3376 ἐσται
1060 3323 1233 3387 οὕτως
1289 3323 1350 3376 ἐν
1379 3327 1448 3395 τῇ
1499 3323 1595 3378 τοῦ
1632 3325 1966 3395 πράγματος

384 3410 571 3478 φύσει.
631 3413 841 3483 Πέτρος
886 3414 958 3467 δὲ’
1000 3414 1359 3470 ὑποκείσεται
1412 3415 1573 3481 αὐτὸς
1626 3417 1831 3489 ἐαυτῷ,
1868 3417 1964 3472 καὶ

384 3498 579 3553 ἐαυτοῦ
609 3502 1145 3573 κατηγορηθήσεται,
1182 3508 1276 3559 καὶ
1306 3508 1483 3577 ταύτῃ
1518 3506 1962 3577 διακριθήσεται,

383 3590 593 3663 οὐδαμῆ
642 3594 897 3663 οὐδαμῶς
926 3596 1411 3669 ἀπαλλαττόμενος
1454 3599 1555 3670 τῆς
1585 3598 1757 3653 ταῦτα
1789 3616 1965 3669 πεφυ-

384 3684 542 3747 κυίας
575 3688 837 3755 πράττειν
866 3688 1066 3759 ψυχῆς.

456 3775 594 3830 Οὔτε
636 3779 815 3832 τοίνυν
859 3785 937 3851 τῇ
959 3783 1082 3853 θείᾳ
1115 3783 1330 3854 Γραφῇ,
1362 3782 1485 3838 οὔτε
1531 3784 1609 3856 τῷ
1637 3785 1781 3857 λόγῳ
1813 3803 1955 3855 συμ-

386 3867 638 3923 6αίνοντα
692 3871 878 3940 ἠξίουν
905 3875 956 3927 οί
988 3876 1119 3946 περὶ
1171 3875 1442 3946 Βαρλαάμ
1487 3876 1584 3930 καὶ
1625 3878 1959 3943 Ἀκίνδυνον,

384 3964 481 4014 καὶ
512 3963 628 4032 ἅμα
655 3967 767 4027 τοῖς
810 3966 1155 4030 διδασκάλοις
1197 3970 1333 4022 πᾶσι
1382 3969 1686 4039 μαχόμενα,
1731 3961 1806 4023 ὧν
1862 3970 1964 4035 τὰς

384 4054 576 4125 ῥήσεις
609 4057 867 4127 εὑρήσεις
896 4061 954 4112 ἐν
1002 4060 1089 4129 τῷ
1111 4059 1222 4132 τοῦᾼ
1239 4061 1517 4130 μακαρίου
1550 4061 1789 4132 Παλαμᾶ
1831 4078 1965 4130 συγο

382 4144 696 4215 γράμματι,
727 4150 786 4201 ἐν
837 4145 882 4218 ᾧ
907 4128 1143 4222 τρόπους
1172 4128 1326 4216 τῖνάς
1359 4128 1685 4223 διακρίσεως
1712 4128 1817 4225 τῆς
1866 4128 1959 4207 οὐ-

383 4236 507 4300 σίας
534 4238 631 4291 τοῦ
677 4239 815 4293 Θεοῦ
847 4245 942 4295 καὶ
990 4244 1091 4313 τῆς
1140 4247 1423 4316 ἐνεργείας
1472 4245 1636 4299 αὐτοῦ
1678 4246 1960 4316 προτιθεὶς

377 4329 481 4390 τὰς
510 4330 619 4383 τῶν
640 4331 978 4388 διδασκάλων
1004 4337 1193 4407 ῥήσεις
1216 4336 1438 4401 τούτους
1469 4338 1796 4407 βεϐαιούσας
1821 4341 1961 4394 ἐπά-

2065 468 2170 531 τὰς
2203 466 2482 530 συνθέσεις
2513 468 2743 535 ἐπῆγον,
2800 466 2895 519 καὶ
2939 466 3041 536 τὴν
3070 463 3380 529 πολυθεταν,
3425 463 3561 518 ἀλλά
3595 481 3646 515 τι

2066 559 2163 613 τοῦ
2200 560 2532 630 πράγματος
2570 556 2713 612 εἶναι
2756 559 2853 612 καὶ
2900 561 2960 611 ἐν
3018 557 3096 626 τῷ
3133 558 3426 626 πράγματι
3473 554 3646 608 ταῦτα

2070 650 2395 721 φρονοῦντες
2429 650 2525 704 καὶ
2551 650 2949 720 κηρύττοντες,
2985 648 3084 703 καὶ
3109 648 3248 712 ὅλως
3278 648 3650 716 πραγματικὰ

2067 759 2229 810 τινα,
2288 746 2383 796 καὶ
2444 746 2511 813 τῇ
2581 742 2678 797 τοῦ
2758 744 3085 814 πράγματος
3144 740 3306 809 φύσει
3371 737 3647 810 διακρινό-

2070 850 2233 904 μενα.

2140 926 2362 997 Ταύτην
2392 928 2448 981 δὲ
2478 927 2578 996 τὴν
2603 926 2880 995 διάκρισιν
2910 926 2993 989 τίς
3018 926 3224 994 ἀγνοεῖ,
3256 923 3394 977 πολὺ
3422 923 3522 991 μὲν
3550 923 3649 990 τῆς

2067 1017 2394 1083 διακρίσεως
2446 1018 2843 1089 ύπερηρμένην
2902 1018 3141 1087 ἐκείνης,
3279 1015 3569 1085 προσεῖχον
3597 1012 3650 1064 οί

2070 1107 2211 1177 περὶΔ
2246 1106 2512 1178 Βαρλαάμ
2558 1108 2653 1162 καὶ
2700 1107 3033 1172 Ἀκίνδυνον,
3089 1106 3391 1169 τουτέστιν,
3416 1104 3538 1173 ἣτις
3593 1103 3649 1152 ἐν

2068 1200 2218 1271 ὅροις
2271 1201 2568 1269 στρέφεται
2614 1200 3010 1272 πεποιημένοις
3046 1198 3152 1252 ὑπὸ
3183 1196 3278 1252 τοῦ
3311 1196 3428 1260 νοῦ,
3478 1194 3549 1265 ἢν
3583 1191 3648 1263 δὴ

2071 1291 2274 1360 κυρίως
2305 1292 2465 1359 ίσμεν
2489 1290 2650 1358 λόγου
2680 1291 2977 1359 διάκρισιν,
3009 1289 3110 1359 τῆς
3140 1287 3198 1341 δέ
3252 1283 3650 1356 πραγματικῆς

2070 1383 2289 1452 ἐκείνης
2318 1381 2475 1445 cum;
2506 1382 2932 1453 ἀδρανεστέραν,
3037 1381 3108 1435 τὰ
3153 1380 3276 1433 θεῖα
3304 1375 3646 1447 διακρίνεται

2068 1476 2374 1546 πρόσωπας
2410 1474 2685 1529 Ταῦτα“δέ
2737 1476 3040 1546 διακρίνειν
3072 1473 3187 1528 οὐκυ
3218 1470 3422 1533 εἰδότες
3457 1470 3507 1522 οἱ
3540 1484 3648 1536 μη-

2067 1567 2335 1637 τραλοῖαι,
2379 1567 2462 1619 ὅτι
2520 1565 2611 1637 μη
2646 1566 2955 1636 δυναμένην
3007 1564 3110 1634 τὴν
3157 1562 3309 1617 θείαν
3362 1560 3647 1629 ἐνέργειαν

2069 1658 2453 1729 διακρίνεσθαι
2488 1659 2590 1728 τῆς
2630 1657 2783 1722 θείας
2830 1659 3043 1724 οὐσίας,
3087 1656 3165 1720 ὡς
3195 1657 3295 1719 τὰς
3315 1652 3649 1737 ύςιτοστάσεις
3716 1704 3721 1709 ,

1996 1721 2039 1779 Β
2067 1721 2316 1820 ἀλλήλων
2340 1721 2557 1819 ἐώρων,
2583 1750 2729 1804 πάνυ
2758 1721 2940 1813 καλῶς
2986 1721 3133 1803 τοῦθ’
3165 1721 3405 1818 ὁρῶντες
3439 1747 3517 1808 εἰς
3547 1744 3649 1813 τὴν

2066 1843 2162 1896 τοῦ
2194 1843 2356 1915 λόγου
2383 1843 2676 1913 διάκρισιν
2704 1841 2870 1905 εὐθὺς
2912 1839 3355 1910 κατηνέχθησαν,
3386 1835 3507 1898 ἐνὸς
3547 1834 3647 1903 μὲν

2069 1937 2480 2005 ἀπαλλαγέντες
2508 1935 2779 2007 κρημνοῦ,
2803 1934 2950 2004 ἄλλῳ
2980 1933 3051 1987 δέ
3070 1929 3522 2001 ἐμπεπτωκότες,
3554 1924 3645 1978 τὸν

2069 2032 2183 2085 ῐσον
2214 2030 2439 2100 ὄλεθρον
2478 2029 2703 2099 φέροντι
2723 2042 2743 2058 ο
2774 2027 2885 2081 οὐδ’
2908 2027 3088 2080 ἐκεῖνο
3132 2024 3265 2092 γοῦν
3288 2021 3645 2089 ἐννοήσαντες

2065 2122 2127 2176 τὸ
2159 2117 2254 2176 τοῦ
2297 2121 2446 2192 ίεροῦ
2496 2120 2782 2173 Βασιλείου
2813 2121 2871 2172 ἐν
2901 2121 2969 2190 τῇ
3022 2116 3156 2187 πρὸς
3190 2112 3492 2169 Εὐστάθιον
3521 2113 3645 2163 ἐπι-

2070 2218 2230 2285 στολῇ
2255 2231 2271 2247 ⁸
2311 2233 2330 2266 ι
2374 2214 2603 2283 Οὐκοῦν,
2647 2214 2835 2284 φησιν,
2862 2210 2923 2277 ἐξ
2958 2209 3147 2273 οὐσίας
3175 2207 3345 2272 τινὸς,
3378 2206 3488 2258 εῐτε
3520 2206 3649 2255 ἐπο-

2066 2307 2292 2376 πτικῆς,
2325 2306 2436 2359 εἴτε
2464 2304 2852 2376 ἐνεργητικῆς,
2880 2300 3134 2371 ἐδειξενή
3164 2294 3528 2369 προσηγορία,
3546 2292 3647 2361 φέ-

2071 2417 2153 2470 ρει
2185 2399 2284 2468 τῆς
2305 2398 2559 2462 θεότητος
2586 2397 2868 2468 δηλονότι·
2901 2396 2934 2464 ἡ
2966 2395 3024 2447 δέ
3054 2392 3176 2446 θεία
3203 2392 3366 2461 φύσις
3406 2390 3466 2441 ἐν
3509 2386 3646 2439 πᾶσι

2065 2495 2179 2554 τοῖς
2206 2490 2615 2560 ἐπινοουμένοις
2659 2487 2912 2557 ὀνόμασι,
2964 2484 3113 2538 καθὸ
3132 2484 3276 2548 ἐστι,
3320 2482 3476 2550 μένει
3510 2477 3647 2544 ἀσή-

2071 2598 2294 2653 μαντος,
2335 2581 2412 2645 ὡς
2439 2584 2467 2635 6
2511 2581 2780 2652 ἡμέτερος
2824 2579 3003 2647 λόγος.
3053 2577 3367 2646 Εὐεργέτην
3411 2572 3526 2643 γὰρ
3551 2571 3647 2625 καὶ

2067 2675 2283 2747 κριτὴν,
2311 2673 2517 2742 ἀγαθόν
2540 2690 2601 2727 τε
2630 2674 2725 2727 καὶ
2749 2672 2982 2739 δίκαιον,
3004 2670 3099 2725 καὶ
3128 2671 3229 2724 ὅσα
3258 2666 3395 2723 ἄλλα
3419 2662 3648 2720 τοιαῦτα

2070 2766 2361 2835 μαθόντες,
2402 2765 2698 2837 ἐνεργειῶν
2735 2763 3003 2834 διαφοράς
3031 2761 3415 2831 ἐδιδάχθημεν.
3449 2757 3560 2811 Τοῦ
3588 2754 3648 2809 δέ

2068 2856 2421 2929 ἐνεργοῦντος
2452 2858 2556 2929 τὴν
2591 2856 2754 2926 φύσιν
2808 2856 2967 2910 οὐδὲν
2996 2854 3204 2925 μᾶλλον
3235 2851 3327 2906 διὰ
3375 2851 3478 2919 τῆς
3534 2848 3646 2901 τῶν

2010 2967 2027 2975 ⁸
2071 2951 2365 3021 ἐνεργειῶν
2405 2951 2779 3021 κατανοήσεως
2803 2949 3107 3018 ἐπιγνῶναι
3135 2944 3443 3016 δυνάμεθα.
3472 2942 3647 2995 ὀταν

2067 3042 2176 3112 γάρ
2210 3041 2449 3112 ἀποδιδῷ
2485 3060 2570 3105 τις
2600 3043 2760 3112 λόγον
2806 3041 3040 3095 ἐκάστου
3072 3040 3281 3093 τούτων
3308 3036 3420 3090 τῶν
3444 3034 3647 3106 ὀνομά-

2068 3152 2202 3199 των,
2242 3136 2338 3188 καὶ
2372 3136 2541 3205 αὐτῆς
2572 3135 2670 3205 τῆς
2704 3136 2921 3204 φύσεως
2946 3136 3079 3203 περὶ
3110 3134 3179 3204 ἢν
3199 3134 3267 3187 τὰ
3294 3129 3558 3201 ὀνόματα,
3581 3129 3644 3181 οὐ

2068 3223 2161 3277 τὸν
2206 3224 2371 3277 αὐτὸν
2403 3225 2715 3295 ἀμφοτέρου
2746 3222 3021 3277 ἀποδώσει
3068 3222 3249 3291 λόγον.
3280 3214 3385 3274 Ὧν
3423 3219 3481 3273 δὲ
3503 3220 3534 3272 6
3562 3218 3648 3272 λό-

2068 3332 2164 3385 γος
2207 3315 2414 3387 ἐτερος,
2460 3316 2668 3371 τούτων
2697 3317 2794 3371 καὶ
2847 3317 2882 3387 ἡ
2921 3315 3084 3385 φύσις
3115 3314 3399 3384 διάφορος.
3433 3310 3648 3365 Οὐκοῦν

2067 3407 2197 3461 ἄλλο
2238 3408 2339 3476 μὲν
2362 3408 2510 3461 ἐστιν
2540 3409 2720 3475 οὐσία,
2748 3403 2817 3482 ἦς
2842 3405 2999 3461 οὔπω
3030 3407 3190 3475 λόγος
3229 3404 3474 3476 μηνυτὴς
3494 3401 3647 3470 ἐξευ-

2070 3500 2224 3573 ρέθη,
2280 3501 2446 3572 ἑτέρα
2489 3501 2547 3555 δέ
2591 3502 2627 3573 ἡ
2678 3502 2788 3555 τῶν
2831 3501 2969 3573 περὶ
3010 3500 3186 3572 αὐτὴν
3220 3501 3663 3567 ὀνομάτων-ση--

2069 3593 2289 3664 μασία,
2329 3594 2388 3662 ἐξ
2440 3594 2724 3666 ἐνεργείας
2782 3592 3025 3665 τινὸςδῆῖ
3067 3593 3233 3659 ἀξίας
3301 3590 3647 3662 ὀνομαζομέ-

2065 3703 2193 3743 νων.
2243 3705 2263 3738 1

2145 3778 2280 3832 ’1δοῦ
2332 3781 2522 3849 σαφῶς
2573 3781 2603 3834 6
2650 3778 2972 3840 διδάσκαλος
3019 3779 3205 3841 αὐτοῖς
3250 3776 3639 3841 ἐπιδείκνυσιν,

2064 3869 2223 3936 είπερ
2269 3868 2555 3924 ἐϐούλοντο
2612 3872 2869 3941 συνορᾷν,
2909 3872 3056 3933 ὅπως
3089 3872 3123 3940 ἠ
3158 3869 3318 3922 οὐσία
3364 3867 3458 3920 τοῦ
3497 3865 3635 3920 Θεοῦ

2064 3961 2162 4014 καὶ
2190 3963 2223 4032 ἡ
2253 3964 2506 4032 ἐνέργεια
2535 3964 2599 4016 ἐκ
2626 3964 2727 4032 τῆς
2760 3964 2854 4016 τοῦ
2901 3963 3231 4035 πράγματος
3278 3960 3516 4030 φύσεως,
3543 3960 3641 4012 καὶ

2065 4054 2148 4107 ἐτι
2180 4054 2384 4124 μᾶλλον
2432 4054 2650 4117 εἰδικῶς
2679 4056 2755 4119 ὡς
2785 4056 2960 4108 εἰπεῖν
3000 4055 3357 4124 διακρίνεται.
3392 4072 3411 4103 ‹
3446 4051 3643 4112 Ἀλλος

2067 4145 2169 4216 μὲν
2217 4145 2327 4217 γάρ
2357 4147 2473 4198 ἐστι
2506 4145 2705 4215 νοητῆς
2736 4146 2932 4209 οὐσίας
2966 4145 3145 4212 λόγος,
3179 4143 3368 4214 φησὶν,
3396 4140 3556 4203 ἄλλος
3582 4139 3642 4195 δέ

2062 4241 2090 4293 6
2116 4240 2212 4309 τῆς
2243 4240 2548 4309 ἐνεργείας.
2580 4236 2681 4292 Ὧν
2710 4240 2768 4294 δέ
2801 4242 2829 4292 6
2860 4240 3022 4308 λόγος
3055 4240 3261 4309 ἐτερος,
3295 4237 3391 4293 καὶ
3419 4239 3452 4307 ἡ
3479 4238 3643 4306 φύσις

2060 4332 2268 4386 τούτων
2307 4332 2591 4403 διάφορος.
2632 4334 2700 4387 Ἥ
2740 4332 2909 4403 φύσις
2953 4334 3062 4404 ἄρα
3100 4332 3198 4401 τῆς
3243 4332 3398 4395 θείας
3451 4330 3642 4393 οὐσίας

377 4434 468 4488 γει
500 4421 738 4491 μάλιστα
765 4426 1081 4494 προσφυῶς.
1118 4428 1232 4481 Νῦν
1263 4429 1308 4481 δ’
1335 4430 1552 4502 ἀπόχρη
1583 4431 1652 4485 τὰ
1687 4434 1956 4503 εἰρημένα
1990 4448 2032 4502 ι)
2062 4427 2160 4480 καὶ
2186 4426 2287 4494 τῆς
2309 4424 2462 4488 θείας
2507 4426 2789 4496 ἐνεργείας
2819 4426 2918 4497 οὐχ
2944 4427 2977 4496 ἡ
3027 4425 3163 4495 αὐτή
3208 4425 3376 4488 ἐστιν,
3416 4442 3436 4476 ι
3480 4422 3643 4492 φύσιν

376 4514 442 4566 τό
476 4532 535 4566 τε
570 4517 678 4569 τῶν
723 4517 1136 4573 Ἀκινδυνιανῶν
1165 4523 1517 4592 παραστῆσαι
1546 4540 1628 4576 σοι
1677 4525 1955 4595 φρόνημα,

378 4604 476 4657 καὶ
504 4604 579 4668 ὡς
608 4601 759 4677 εῐχεν
783 4609 1006 4664 ἄτοπον.
1044 4612 1112 4665 Ἦ
1152 4612 1210 4665 δέ
1250 4612 1347 4667 τοῦ
1394 4615 1635 4685 Χριστοῦ
1662 4616 1960 4684 Ἐκκλησία

377 4696 473 4749 τὸν
509 4698 654 4767 ίερδν
702 4699 953 4770 θεολόγον
984 4703 1290 4776 Γρηγόριον
1320 4706 1430 4759 τῶν
1474 4707 1684 4777 ἑαυτῆς
1714 4725 1956 4776 προστη-

381 4790 593 4860 σαμένη
626 4792 934 4862 δογμάτων,
986 4798 1387 4868 ύπερασπίζειν
1420 4801 1614 4872 ἐκείνῳ
1670 4802 1958 4873 πολλαχῶς

375 4879 586 4934 τούτων
632 4885 931 4952 προσῆκον,
972 4886 1066 4940 τὸν
1102 4889 1199 4957 μὲν
1260 4890 1353 4943 τὸν
1405 4890 1540 4943 Θεὸν
1588 4891 1961 4963 ἀνθρωπίναις

375 4972 644 5036 ἐπινοίαις
672 4976 1061 5043 σεμνύνεσθαι,
1098 4979 1293 5051 ὥσπερ
1331 4982 1601 5051 μηδεμιᾶς
1630 4983 1776 5054 ἔργῳ
1824 5002 1959 5053 σεμ-

377 5064 607 5132 νότητος
632 5066 945 5137 προσούσης
979 5070 1148 5141 αὐτῷ,
1183 5073 1370 5143 πόρρω
1395 5074 1494 5142 τῆς
1533 5073 1791 5135 εὐσεϐοῦς
1822 5075 1958 5127 ὐπο-

374 5152 594 5223 λὴψεως
623 5154 842 5221 ἔκρινεν
880 5156 1021 5213 εἶναι
1042 5178 1057 5193 ·
1092 5158 1234 5216 εἶναι
1277 5164 1334 5217 δέ
1367 5182 1487 5216 τινα
1541 5165 1637 5218 καὶ
1667 5165 1819 5232 τάξιν
1860 5166 1956 5219 καὶ

374 5244 652 5314 διάκρισιν
673 5248 848 5320 ἀληθῆ
882 5268 939 5304 τε
973 5253 1068 5305 καὶ
1117 5254 1500 5325 πραγματώδη
1546 5257 1645 5324 τῆς
1685 5257 1834 5319 θείας
1864 5257 1958 5308 οὐ-

377 5336 504 5400 σίας
538 5340 639 5392 καὶο
657 5340 756 5411 τῆς
782 5342 1063 5415 ἐνεργείας
1095 5347 1281 5409 αὐτοῦ,
1307 5348 1384 5411 ὡς
1412 5350 1503 5401 καὶ
1536 5350 1721 5402 αὐτοῖν
1748 5351 1956 5417 ἀμφοῖν

377 5428 561 5479 οὐσῶν
602 5430 833 5503 ἀληθείᾳ
875 5436 971 5489 καὶ
1022 5438 1335 5507 πράγματι,
1367 5441 1511 5492 κατὰ
1562 5440 1652 5491 τὸν
1690 5440 1954 5509 ἐκατέρου

380 5521 891 5593 πρέπονταντρόπον
922 5529 1233 5598 περιφανῶς
1270 5530 1608 5600 ἀνεκήρυξεν
1628 5546 1642 5559 ⁸
1684 5533 1781 5600 οὐχ
1811 5530 1954 5585 οῦτω

375 5609 630 5677 λέγοντες
683 5614 822 5670 εἶναι
852 5608 1106 5691 ’πρᾶγμα
1146 5622 1245 5691 τὴν
1279 5621 1432 5675 θείαν
1487 5623 1702 5688 οὐσίαν,
1754 5625 1856 5692 τήν
1893 5641 1952 5678 τε

378 5702 530 5759 θείαν
570 5708 877 5780 ἐνέργειαν,
915 5713 1004 5779 ιῖιςΔ
1030 5715 1292 5785 ἑκάτερον
1324 5714 1578 5785 ύφεστὼς
1601 5733 1660 5769 τε
1707 5716 1799 5769 καὶ
1831 5717 1955 5771 ἄστο-

2060 4515 2235 4584 λέγων
2263 4514 2364 4586 τὴν
2394 4516 2642 4585 φυσικῶς
2672 4514 3152 4586 ἐνσημαινομένην
3195 4515 3277 4584 τῷ
3303 4514 3469 4585 λόγῳ,
3501 4513 3565 4566 τὸ
3588 4512 3642 4565 τί

2058 4604 2127 4680 ἧν
2161 4604 2303 4663 εἶναι
2340 4608 2576 4677 λέγοντι,
2614 4608 2709 4661 τοῦ
2741 4608 2968 4679 όριστοῦ
3003 4607 3265 4677 ἰδιότητα,
3297 4605 3365 4660 δι’
3396 4607 3463 4676 ἢν
3494 4606 3642 4658 ἐστιν

2061 4696 2217 4760 αὐτὸ,
2244 4696 2288 4767 ἢ
2313 4697 2527 4767 ἐνεργεῖ
2555 4697 2587 4766 ἢ
2619 4697 2755 4768 ἔχει,
2787 4697 2865 4761 ὡς
2892 4698 3001 4768 ἄρα
3032 4697 3205 4761 δήπου
3248 4697 3343 4750 καί⁵
3371 4698 3639 4765 πέφυκεν,

2059 4788 2120 4841 ὃν
2162 4785 2321 4858 οἶμαι
2366 4790 2575 4859 τρόπον
2611 4790 2672 4843 τὸ
2706 4789 2868 4859 φύσει
2901 4789 3042 4860 πρὸς
3072 4791 3133 4843 τὸ
3163 4790 3311 4844 θέσει
3365 4791 3463 4844 καὶ
3515 4790 3641 4843 κατ’

2061 4882 2330 4936 ἐπίνοιαν.
2361 4883 2550 4947 Οῦτως
2575 4901 2635 4936 τε
2672 4884 2705 4936 6
2725 4884 3049 4947 διδάσκαλος
3076 4886 3135 4938 ἐν
3172 4888 3287 4949 τοῖς
3312 4885 3447 4956 πρὸς
3476 4884 3641 4936 Εὐνό-

2064 4992 2210 5044 μιον,
2252 4975 2347 5027 καὶ
2377 4975 2529 5028 ἄλλοι
2556 4975 2668 5029 τῶν
2691 4975 3035 5029 διδασκάλων
3068 4979 3129 5031 ἐν
3157 4979 3275 5039 τοῖς
3313 4976 3466 5039 ἰδίοις
3490 4977 3641 5028 ἀντι-

2057 5063 2334 5134 διαιροῦσι
2360 5066 2819 5136 συγγράμμασιν.
2857 5067 3046 5133 Ἀρκεῖ
3080 5068 3189 5137 γάρ
3227 5066 3370 5119 οὕτω
3398 5064 3637 5133 τοῦνομα

2056 5159 2154 5228 τῆς
2186 5158 2403 5228 φύσεως
2462 5159 2771 5223 ἀναπτύξαι
2806 5177 2889 5213 σοι
2930 5160 3069 5230 πρός
3115 5176 3180 5227 γε
3224 5157 3322 5228 την
3348 5158 3636 5229 παροῦσαν

2058 5251 2273 5323 χρείαν.
2307 5251 2645 5322 Ἐμῦαθῦναι
2676 5252 2732 5304 δὲ
2783 5252 2933 5321 αὐτῷ
2999 5254 3095 5306 καὶ
3134 5251 3277 5304 κατὰ
3302 5252 3403 5313 τὰς
3434 5252 3637 5321 ὑψηλο-

2056 5348 2227 5416 τέρας
2270 5344 2552 5413 μεθόδους,
2606 5344 2728 5396 λίαν
2782 5346 2900 5397 ἐστὶ
2960 5345 3279 5415 περίεργον.
3335 5343 3397 5396 Εί
3427 5346 3633 5411 τοίνυν,

2061 5439 2201 5491 κατὰ
2228 5438 2322 5492 τὸν
2360 5438 2533 5507 μέγαν
2575 5437 2965 5502 Βασίλειον,ἐκ
3012 5436 3114 5505 τῆς
3161 5434 3256 5489 τοῦ
3304 5436 3636 5507 πράγματος

2057 5531 2271 5599 φύσεως
2297 5530 2697 5600 διακρίνεταιή
2726 5546 2785 5581 τε
2814 5530 2971 5582 οὐσία
2996 5529 3094 5583 τοῦ
3122 5528 3260 5583 Θεοῦ
3293 5531 3387 5582 καὶ
3420 5533 3450 5601 ἡ
3484 5531 3655 5599 ἐνέρ-Δ

2057 5641 2181 5693 γεια
2216 5622 2401 5688 αὐτοῦ,
2436 5622 2530 5674 καί⁵
2563 5623 2676 5684 τοῖς
2716 5620 2895 5687 λόγοις
2926 5623 3041 5685 τοῖς
3069 5622 3131 5675 τὸ
3162 5622 3216 5674 τί
3255 5617 3323 5693 ἦν
3362 5617 3507 5675 εἶναι
3538 5622 3637 5691 δη-

2058 5716 2211 5769 λοῦσι
2229 5714 2393 5778 ’πῶς
2421 5713 2480 5765 οὐ
2510 5711 2781 5783 πρόδηλόν
2813 5714 2962 5767 ἐστιν
2990 5714 3327 5785 ἁμαρτάνειν
3351 5715 3477 5775 τοὺς
3494 5714 3659 5766 κατὰ
