3904 6134
244 265 345 328 6.59

1286 268 1665 331 GENNADH
1713 268 1830 330 (ΖΡ.
1861 267 2377 330 ΡΑΤΗΙΑΒΟΗΕ

3394 272 3501 335 ϐω

241 380 341 445 τὴν
368 378 642 447 ἡμετέραν
670 379 916 433 ἐπίνοιαν
946 379 1088 433 αύτά
1113 381 1523 451 διακρίνοντας;
1548 383 1685 436 ἀλλὰ
1707 382 1819 452 μὴν
1844 382 1891 442 Α
1916 381 2015 450 ψαι
2073 384 2186 439 τοῖς
2234 382 2467 452 πρόσθεν
2508 382 2713 453 ταύτην
2769 384 2830 436 ού
2897 384 3185 454 βλέπουσιν
3220 402 3235 418 ’
3272 388 3501 457 ἠδύνατο

238 470 333 521 καὶ
368 468 464 523 τοῦ
501 470 602 539 τῆς
639 471 949 534 συνθέσεως
981 471 1141 536 δέους
1168 473 1617 538 ἀπαλλάττοντας
1649 477 1814 544 σφᾶς,

237 561 400 615 αὐτόν
427 578 493 630 γε
551 562 741 618 τοῦτον
775 565 1249 635 τδνδιδάσκαλον,
1312 568 1475 623 ἀλλον
1536 570 1605 623 ἂν
1657 570 1818 641 ειπερ

236 653 543 720 ἐϐούλοντο,
572 657 783 711 καὶτὸν
808 658 954 728 ἱερὸν
984 660 1263 730 Μάξιμον.
1302 660 1361 715 Ὀ
1388 664 1487 733 μὲν
1521 662 1655 732 γὰρ.
1689 666 1749 717 ἂν
1770 664 1821 733 β’·

235 748 347 799 τῶν
373 747 509 817 πρὸς
538 748 806 817 Εὐνόμιον
839 750 1185 816 ἂγκαλοῦντα
1216 752 1367 821 αὐτῷ
1399 754 1500 824 τὴν
1534 755 1812 818 σύνθεσιν,

234 839 318 890 ἲτι
378 838 455 910 μὴ
488 840 659 908 αὐτὴν
688 839 788 909 τὴν
823 841 975 893 θείαν
1024 842 1237 907 οὐσίαν,
1274 842 1410 895 ἀλλά
1461 845 1591 913 περὶ
1642 845 1816 913 αὐτὴν

238 928 405 983 ἐτίθει
452 928 516 983 τδ
549 928 880 1001 ἀγέννητον),
924 951 944 983 ι
988 935 1063 986 Οὐ
1096 933 1205 1003 γάρ
1234 931 1296 1002 δὴ
1328 933 1382 986 οι
1409 933 1673 988 δεικτικοὶ
1713 936 1814 1005 τῆς

241 1018 506 1087 ἰδιότητος
554 1019 721 1074 αὐτοῦ
779 1021 996 1091 τρόποι,
1034 1022 1191 1091 φησὶ,
1234 1023 1328 1075 τὸν
1374 1024 1472 1090 τῆς
1508 1024 1815 1093 ἁπλότητος

233 1094 440 1176 τρόπον
498 1109 984 1181 παραλυπῆσουσι.
1021 1130 1042 1165 ι
1099 1113 1353 1181 Μάξιμος
1388 1114 1444 1167 δὲ
1492 1118 1551 1168 ἐν
1580 1120 1651 1181 ιγ’
1681 1133 1809 1183 κεφ.

235 1199 339 1267 τῆς
382 1201 523 1268 πρὸς
577 1200 795 1271 Πύρρον
841 1202 1154 1266 διανλέξεως,
1215 1223 1234 1256 ι
1279 1204 1464 1276 Ὁρᾷς,
1496 1208 1682 1276 φησίν,
1728 1209 1811 1262 δτι

237 1291 304 1342 ὲκ
330 1291 526 1344 τούτου
562 1292 866 1357 πλανᾶσθε,
893 1295 957 1347 ὲκ
987 1293 1083 1348 τοῦ
1116 1298 1293 1366 πάντη
1328 1297 1617 1367 ἀγνοῆσαι,
1650 1298 1731 1353 δτι
1754 1300 1815 1353 αίι

238 1381 522 1446 συνθέσεις
550 1384 661 1437 τῶν
706 1387 764 1437 ὲν
798 1386 1095 1441 ὑποστάσει
1127 1388 1325 1453 ὄντων,
1350 1390 1443 1443 καὶ
1482 1390 1543 1441 οὐ
1601 1392 1710 1445 τῶν
1752 1392 1812 1444 ὲν

234 1472 407 1543 ἑτέρῳ
440 1473 837 1543 θεωρουμένων
871 1478 1001 1537 είσὶ,
1035 1479 1316 1533 καὶτοῦτο
1341 1482 1519 1537 κοινὸν
1552 1483 1811 1552 φρόνημα

231 1563 452 1615 πάντων
480 1565 575 1617 καὶ
605 1566 714 1617 τῶν
764 1566 868 1629 ἔξω
903 1567 1235 1635 φιλοσόφων,
1278 1569 1375 1621 καὶ
1411 1568 1529 1643 τῶν.
1548 1569 1648 1639 τῆς
1683 1570 1810 1622 Ἐκ-

231 1656 460 1725 κλησίας
490 1656 765 1726 θεοσόφων
801 1661 1202 1727 μυσταγωγῶν,
1240 1663 1298 1715 ὲν
1348 1662 1651 1715 ὑποστάσει
1677 1662 1811 1717 ὄντα

1919 472 1977 525 δὲ
2009 472 2186 541 δήπου
2208 476 2274 543 τῇ
2299 473 2495 527 ἑαυτοῦ
2548 475 2713 543 σαρκὶ
2744 474 2814 528 τὰ
2864 474 3093 529 τοιαῦτα
3152 477 3497 547 χαρίζεσθαι,

1917 567 2040 621 ἐπεὶ
2069 566 2163 621 καὶ
2189 566 2352 627 αὐτὸς
2377 562 2445 637 ἦν
2470 567 2498 620 ό
2525 567 2732 637 ταύτην
2752 566 2979 638 ὕστερον
3004 569 3212 639 μέλλων
3233 570 3499 635 δοξάζειν,

1916 661 2015 714 καὶ
2042 660 2125 721 εἰς
2153 657 2341 727 ἀπαθῆ
2376 660 2473 712 καὶ
2506 660 2817 728 κουφότητα
2841 661 3154 727 μεταποιεῖν
3184 661 3278 714 καὶ
3299 660 3498 714 λεπτόο

1916 765 2054 817 τητα
2087 763 2102 777 ·
2142 747 2254 800 εἴτε
2305 748 2401 801 καὶ
2447 751 2562 811 τοῖς
2586 736 2589 739 Δ
2617 748 2942 812 ἀποστόλοις
2992 748 3505 803 ὲπισκευασθιισῶν

1914 856 2033 902 πως
2073 840 2271 893 αὐτίκα
2295 840 2402 893 τῶν
2429 840 2604 909 δψεων
2635 858 2648 871 ο
2682 839 2807 893 οὔτε
2855 841 2963 909 γὰρ
2994 840 3221 903 ἀπεικὸς
3256 836 3349 912 ἦν,
3401 840 3502 894 καὶ

1912 930 2072 985 τοῦτο
2102 931 2528 1002 συνεληλυθέναι
2572 934 2640 1002 τῇ
2705 933 2868 1001 χρείᾳ.
2914 931 3009 986 τοῦ
3066 933 3361 1001 θαύματος,
3402 934 3501 987 καὶ

1913 1023 2033 1092 ἁμα
2063 1024 2365 1094 προσῆκον.
2395 1026 2554 1088 Τίνες
2594 1025 2797 1094 ταύτης
2826 1025 3093 1096 ἡγεμόνες
3138 1024 3240 1095 τῆς
3290 1023 3452 1096 δόξης
3478 1042 3499 1091 ὃ

1925 1116 1986 1168 '0
2010 1114 2260 1183 θεολόγος
2285 1116 2608 1186 Γρηγόριος,
2637 1118 2666 1171 δ
2698 1117 2870 1186 μέγας
2900 1116 3205 1180 Βασίλειος,
3264 1118 3293 1171 ὁ
3349 1117 3501 1187 Χρυ-

1916 1207 2200 1277 σόστομος,
2241 1208 2270 1259 ὁ
2303 1208 2681 1277 Δαμασκηνὸς,
2712 1210 2807 1261 καὶ
2841 1208 3021 1277 ἕτεροι
3075 1206 3284 1260 πολλοι.

1995 1299 2287 1369 Ἐπάνειμι
2318 1300 2453 1368 πρὸς
2483 1301 2545 1354 τὸ
2597 1300 2694 1354 τοῦ
2745 1299 3025 1369 Θεοδώρου
3082 1299 3182 1353 τοῦ
3238 1298 3495 1369 Γρᾳπτοῦ

1914 1389 2207 1459 ρησείδιον.
2269 1389 2493 1460 Πρῶτον
2558 1389 2738 1443 ἔπεισί
2794 1406 2886 1458 μοι
2946 1387 3249 1457 θαυμάζειν
3311 1389 3494 1443 αὐτῶν

1910 1481 2010 1549 τὴν
2036 1481 2338 1549 σκαιότητα
2370 1498 2387 1515 ι
2423 1483 2779 1551 δραττόμενοι
2808 1482 2915 1550 γάρ
2944 1480 3013 1534 τά
3043 1480 3137 1533 τοῦ
3191 1480 3497 1551 Θεοδώρου,

1912 1570 1973 1623 οὑ
2000 1570 2400 1642 περισκοποῦσι
2422 1572 2514 1627 τὸν
2548 1572 2725 1639 μέγαν
2756 1572 3063 1638 Βασίλειον,
3096 1570 3153 1634 ὃς
3176 1571 3271 1624 καὶ
3319 1572 3376 1624 ὲν
3416 1570 3497 1638 τῷ

1913 1662 2053 1730 πρὸς
2091 1663 2445 1733 Ἀμφιλόχιον
2503 1663 2646 1733 λόγῳ
2694 1663 2872 1718 τοιάδε
2927 1663 3284 1734 προστίθησιν
3315 1678 3327 1691 ·
3358 1682 3377 1714 ι
3407 1662 3503 1734 Μὴ

233 1747 437 1803 καλῶν.
473 1749 656 1820 Ἀπερ
713 1749 830 1820 ἅμα
870 1751 969 1805 ὅλα
1017 1752 1123 1805 ὑπὸ
1156 1754 1266 1816 τοῖς
1320 1753 1501 1817 αὐτῶν
1545 1754 1808 1824 ὀνόμασιν
1840 1736 1883 1791 Β
1915 1752 2306 1821 ἐρωτάτωσαν,
2333 1755 2381 1806 εἰ
2407 1754 2508 1822 τὴν
2534 1753 2724 1807 οὐσίαν
2745 1753 2969 1824 οἴδαμεν
2997 1753 3092 1807 τοῦ
3128 1753 3263 1807 Θεοῦ
3295 1771 3309 1785 ·
3356 1753 3496 1807 ἀλλά

230 1837 696 1909 ἀναθρώσκουσιν,
735 1841 814 1905 ὡς
863 1842 1166 1913 ἔχουσιναί
1197 1845 1414 1913 πρῶται
1461 1846 1665 1912 οὐσίαι,
1712 1848 1809 1901 καὶ

228 1931 296 1982 τά
344 1930 485 2000 μέρη
519 1932 628 1991 τῶν
656 1932 858 1985 οὐσιῶν
894 1932 1124 1998 τούτων,
1153 1934 1187 2004 ἡ
1217 1935 1278 1988 τὸ
1313 1936 1675 2005 ὑποκείμενον
1710 1938 1807 1992 καὶ

230 2022 290 2073 τὸ
321 2022 501 2075 κοινὸν
530 2024 878 2094 συμϐεϐηκὸς
904 2027 998 2079 καὶ
1026 2025 1095 2081 τὰ
1120 2026 1368 2085 τοιαῦτα.
1412 2047 1437 2081 ι
1480 2029 1539 2083 Ὀ
1567 2029 1623 2083 δὲ
1661 2031 1806 2101 ἱερὸς

229 2115 481 2185 θεολόγος
526 2118 826 2190 Γρηγόριος
881 2120 987 2191 οὐχ
1040 2119 1216 2185 οὕτως
1257 2125 1315 2176 ὲν
1367 2123 1672 2180 ὑποστάσει
1703 2126 1804 2196 τὴν

228 2209 543 2280 ἀγαθότητα
590 2212 718 2291 τοῦ·
749 2211 889 2266 Θεοῦ
939 2214 1040 2267 καὶ
1080 2215 1181 2284 τὴν
1211 2217 1411 2285 σοφίαν
1436 2216 1628 2285 ἔλεγεν
1662 2213 1803 2272 εἶναι

225 2302 420 2370 χωρὶς,
479 2301 575 2355 καὶ
625 2301 726 2372 τὴν
760 2303 1109 2374 δικαιοσύνην
1146 2308 1243 2359 καὶ
1272 2306 1372 2376 τὴν
1412 2306 1694 2376 ἀλήθειαν,
1726 2308 1805 2372 ὡς

227 2395 376 2449 ἔστιν
407 2397 587 2451 εἰπεῖν
614 2398 706 2450 τὸν
738 2398 946 2467 Πέτρον
981 2399 1077 2452 καὶ
1106 2399 1198 2453 τὸν
1229 2399 1463 2467 Παῦλον,
1497 2400 1530 2471 ἡ
1570 2401 1669 2472 τὴν
1699 2400 1803 2470 ψυο

223 2487 328 2557 γὴν
359 2491 458 2542 καὶ
491 2488 555 2541 τὸ
614 2489 803 2557 σῶμα,
838 2488 874 2559 ἦ
907 2488 1009 2559 τὴν
1056 2492 1215 2558 χεῖρα
1265 2492 1360 2544 καὶ
1392 2490 1494 2562 τὴν
1533 2493 1799 2563 κεφαλὴν,

221 2578 340 2633 ἀλλ’
364 2578 440 2642 ὡς
499 2580 593 2634 τὸν
632 2581 762 2634 νοῦν
820 2580 919 2633 καὶ
953 2584 1052 2651 τὴν
1081 2581 1307 2651 θέλησιν
1350 2584 1409 2637 ὲν
1440 2582 1740 2654 ἀνθρώπῳ,
1765 2585 1801 2638 ἃ

228 2671 370 2740 μήτε
396 2670 724 2740 χωρίζεσθαι
756 2671 1034 2737 δύνανται,
1060 2672 1154 2724 καὶ
1183 2673 1332 2738 ὅμως
1364 2672 1592 2743 θάτερον
1616 2674 1800 2728 αὐτῶν

222 2760 343 2815 οὗθ’
379 2761 607 2831 ὁρισμός
636 2764 753 2815 ἐστι
788 2761 1043 2831 θατέρου,
1071 2761 1188 2815 οὗθ’
1210 2762 1442 2833 ὁρισμοῦ
1475 2765 1667 2833 μέρος,
1701 2766 1799 2819 καλ¹

225 2852 475 2918 φυσικῶς
531 2853 897 2923 ἐνυπάρχουσι
946 2854 1028 2921 ’τῷ
1075 2856 1371 2924 ἀνθρώπῳ,
1407 2855 1596 2926 ὥσπερ
1654 2857 1799 2921 τινὲς

219 2947 388 3003 αὐτοῦ
412 2945 773 3016 τελειότητες,
791 2940 866 3002 ὧν
889 2947 1018 3002 ἄνευ
1039 2948 1147 3001 οὐδ’
1171 2948 1455 3017 ἄνθρωπος
1497 2951 1605 3020 εἴη,
1624 2950 1800 3016 οὕτως

219 3040 416 3109 ἔχοντα
449 3040 546 3094 καὶ
578 3040 987 3109 πραγματικῶς
1019 3040 1195 3111 δήπου
1219 3042 1367 3095 είσὶν
1399 3043 1574 3114 αὐτῷ,
1623 3044 1703 3114 τῷ
1732 3062 1796 3114 γε

218 3133 658 3204 ὀλοσχερεστέρῳ
685 3132 796 3186 τῶν
839 3132 1264 3204 σημαινομένων
1315 3133 1409 3188 τοῦ
1444 3135 1795 3206 πράγματος.

230 3223 298 3276 Ἡ
334 3222 438 3291 μὲν
473 3224 542 3295 δὴ
571 3225 681 3279 τῶν
719 3224 891 3291 δοξῶν
920 3226 1249 3296 ἀμφοτέρων
1291 3227 1532 3300 διαφορὰ
1569 3227 1798 3299 τοιαύτη

219 3316 305 3378 τίς
340 3316 513 3370 ἐστιν.

304 3406 410 3460 Ἒῶ
440 3406 543 3479 μὲν
590 3406 700 3476 γὰρ
730 3408 831 3472 τὰς
862 3409 1030 3472 ἄλλας
1059 3410 1327 3482 διαφοράς
1376 3414 1484 3468 τῶν
1518 3413 1798 3485 ὑϐριστῶν

221 3497 468 3562 ἐκείνων,
503 3499 562 3552 ὲν
613 3493 705 3561 αῖς
748 3494 841 3570 ἦν,
878 3500 963 3554 ὅτι
992 3501 1090 3555 καλ⁵
1138 3502 1200 3555 τὸ
1249 3504 1672 3574 περιαστράψαν
1706 3505 1799 3559 τὸν

220 3590 490 3661 ἡμέτερον
516 3593 800 3663 Δοσπότην
848 3594 908 3645 ἐν
939 3593 1208 3665 Θαϐωρίῳ
1242 3594 1363 3661 φῶς
1404 3596 1615 3666 κτίσμα
1654 3593 1798 3651 εἶναι

218 3683 482 3749 ἐτίθεντο,
510 3684 543 3755 ἡ
572 3687 637 3739 ὲκ
668 3685 762 3739 τοῦ
796 3686 1028 3756 ἡλιακοῦ
1062 3690 1542 3761 προσειλημμένον
1593 3690 1796 3759 φωτὸς,

216 3775 249 3843 ἢ
276 3774 387 3828 τότ’
420 3774 583 3838 εὐθὺς
625 3776 726 3847 τῆς
771 3777 960 3847 χρείας
1014 3778 1182 3833 ἕνεκα
1208 3781 1635 3852 ηδημιουργηθὲν
1700 3786 1797 3836 καὶ

218 3866 387 3923 πάλιν
415 3868 844 3938 ἀπογινόμενον.
879 3865 981 3924 Ὧν
1025 3873 1258 3941 θάτερον
1287 3875 1391 3943 μὲν
1414 3874 1632 3938 ἀνάξιον
1661 3877 1797 3945 Χρισ-

218 3956 347 4014 στοῦ
409 3958 507 4013 καὶ
555 3959 657 4028 τῆς
707 3960 972 4031 ἀληθινῆς
1016 3962 1237 4015 ἐκείνου
1303 3964 1790 4037 θαυματουργίας,

216 4046 445 4115 θάτερον
476 4045 534 4101 δὲ
581 4046 696 4103 οὔτ’
746 4051 1071 4119 ἀναγκαῖον,
1107 4052 1202 4106 καὶ
1229 4052 1348 4123 ἅμα
1391 4056 1677 4110 ἀδύνατον·
1710 4058 1796 4120 τίς

213 4140 324 4209 γὰρ
375 4140 597 4209 ἀνάγκη
641 4141 1002 4213 δημιουργεῖν
1058 4146 1175 4214 φῶς
1230 4147 1458 4215 ὀθνεῖον,
1488 4150 1604 4202 ἀλλ’
1637 4151 1697 4203 οὐ
1734 4150 1795 4203 τὸ

214 4233 420 4285 οἰκεῖον
450 4234 865 4288 ἀνακαλύπτειν
884 4253 902 4303 ;

283 4324 349 4376 Τί
379 4325 438 4378 δέ
477 4328 623 4379 ἐστιν
657 4328 691 4397 ἡ
724 4329 876 4397 παρά
909 4329 1011 4397 τῆς
1048 4332 1371 4401 Ἐκκλησίας
1398 4337 1791 4406 κηρυττομένη

1914 1842 2359 1911 πυνθανέτωσαν,
2409 1847 2457 1897 εί
2486 1844 2718 1915 φοϐερδν
2750 1845 2975 1916 οἴδαμεν
3005 1848 3094 1898 τὸν
3145 1846 3302 1909 Θεδν,
3328 1846 3362 1916 ἡ
3415 1847 3501 1899 δί-

1913 1951 2090 2000 καιον,
2126 1933 2158 1998 ἢ
2187 1933 2593 2005 φιλάνθρωπον·
2628 1952 2803 1990 ταυτα
2828 1935 3204 2004 ὁμολογοῦμεν
3266 1935 3495 1990 ειδέναι.

1914 2024 1977 2078 Et
2007 2025 2064 2079 δὲ
2103 2023 2232 2079 ἀλλο
2256 2042 2309 2078 τι
2338 2026 2559 2093 λέγουσι
2608 2025 2707 2096 τὴν
2755 2027 2969 2092 οὐσίαν,
3005 2027 3080 2097 μὴ
3122 2025 3495 2095 παραλογιξέ-

1912 2114 2128 2169 σθωσαν
2150 2117 2297 2186 ἡμᾶς
2335 2116 2427 2169 διά
2459 2117 2558 2185 τῆς
2588 2116 2891 2187 ἁπλότητος
2919 2132 2933 2146 ·
2970 2118 3127 2171 αὐτοὶ
3189 2118 3299 2188 γάρ
3341 2118 3496 2187 ὡμο-

1910 2207 2173 2277 λόγησαν,
2210 2207 2339 2262 ἄλλο
2361 2207 2456 2260 καὶ
2488 2207 2618 2261 ἀλλο
2643 2202 2787 2261 εἶναι
2821 2208 2921 2280 τὴν
2950 2226 3008 2261 τε
3039 2208 3229 2262 οὑσίαν
3254 2211 3349 2263 καὶ
3382 2210 3501 2261 τῶν

1911 2302 2388 2373 ἁπηριθμημένων
2422 2302 2674 2367 ἕκαστον,
2702 2302 2820 2355 ἀλλ’
2849 2303 2909 2355 αἱ
2938 2303 3038 2371 μὲν
3070 2303 3343 2374 ἐνέργειαι
3371 2321 3499 2356 ποι-

1909 2392 2057 2452 κίλαι
2077 2410 2090 2424 ’
2123 2394 2155 2461 ἡ
2194 2393 2249 2451 δὲ
2278 2392 2434 2445 οὐσία
2465 2391 2612 2461 ἁπλῆ
2647 2408 2660 2421 ·
2690 2394 2853 2462 ἡμεῖς
2870 2392 2927 2445 δὲ
2966 2394 3031 2445 ἐκ
3060 2393 3169 2447 τῶν
3198 2393 3528 2464 ἐνεργειῶν.

1909 2485 2200 2555 γνωρίζειν
2224 2484 2456 2554 λέγομεν
2486 2486 2577 2538 τὸν
2633 2484 2811 2538 Θεόνο
2875 2489 2941 2555 τῇ
3001 2485 3057 2565 δε
3108 2486 3265 2557 οὐσίᾳ
3322 2486 3493 2537 αὑτοῦ

1910 2577 2297 2647 προσεγγίζειν
2329 2578 2428 2647 οὐχ
2452 2577 2889 2648 ὑπισχνούμεθα.
2919 2580 2985 2631 Δί
3022 2578 3121 2645 μὲν
3163 2578 3274 2648 γάρ
3333 2577 3493 2646 ἐνέρ-

1909 2685 2054 2736 γειαι
2086 2668 2254 2722 αὑτοῦ
2280 2667 2415 2735 πρὸς
2441 2670 2607 2739 ἡμᾶς,
2630 2669 3055 2724 καταϐαίνουσιν
3081 2686 3095 2700 ο
3123 2670 3156 2739 ἡ
3222 2669 3278 2722 δὲ
3329 2670 3495 2722 οὐσία

1909 2760 2077 2819 αὑτοῦ
2112 2761 2265 2830 μένει
2302 2761 2622 2829 ἀπρόσιτος.
2665 2781 2683 2815 ι
2735 2763 2902 2832 Ὁρᾷς
2928 2761 3019 2816 τδν
3083 2763 3255 2834 μέγαν
3326 2759 3494 2818 Βασί-

1907 2852 2052 2907 λειον
2092 2854 2206 2915 πῶς
2238 2854 2448 2923 ἐλέγχει
2503 2853 2630 2916 τοὺς
2676 2854 3031 2924 ’Δνομοίους;

1976 2944 2300 3000 Σκοπείσθω
2332 2945 2389 2999 δὲ
2436 2946 2599 3007 τανῦν
2625 2945 2686 2998 τὸ
2715 2944 2806 2999 τοῦ
2839 2945 3090 3017 Γραπτοῦ
3145 2945 3346 3013 λόγιον,
3392 2944 3495 2997 τοῦ

1905 3038 2164 3107 Μαξίμου
2202 3038 2364 3107 μόνον
2394 3039 2527 3107 ἡμῖν
2556 3038 2863 3110 δεὴσειτην
2900 3039 3127 3107 μέθοδον
3166 3038 3489 3108 ὑφηγουμέ-

1903 3142 1993 3177 νου
2019 3127 2117 3194 τῆς
2135 3124 2473 3195 ἐξηγήσεως.
2501 3127 2639 3197 Φησὶ
2659 3126 2841 3182 τοίνυν
2875 3129 3084 3189 ἐκεῖνος
3108 3129 3164 3179 έν
3188 3130 3252 3197 τῇ
3284 3128 3361 3190 είς
3385 3127 3493 3196 τὴν

1903 3218 2122 3288 λυχνίαν
2147 3218 2357 3291 θεωρίᾳ
2382 3235 2396 3249 ·
2428 3237 2447 3270 ι
2483 3219 2557 3273 Οὐ
2588 3219 2818 3273 πάντοτε
2872 3221 2967 3273 καὶ
3018 3221 3200 3274 πάντα
3248 3219 3317 3273 τά
3383 3219 3489 3289 τὴν

1903 3310 2075 3380 αὐτὴν
2110 3310 2422 3381 ἐκφὼνησιν
2460 3311 2651 3382 ἔχοντα
2683 3310 2808 3365 καθ’
2854 3310 2952 3364 ἕνα
3015 3313 3110 3365 καὶ
3171 3311 3262 3364 τὸν
3321 3310 3487 3364 αὐτὸν

1902 3402 2124 3467 πάντως
2149 3403 2475 3473 νοηθὴσεται
2507 3403 2730 3474 τρόπον,
2764 3402 2879 3455 ἀλλ’
2914 3402 3147 3456 ἕκαστον
3178 3402 3287 3457 τῶν
3324 3402 3486 3471 λεγο-

1904 3497 2082 3566 μένων
2106 3497 2245 3563 πρὸς
2280 3496 2378 3565 τὴν
2406 3495 2796 3565 ὑποκειμένην,
2815 3494 3059 3565 δηλονότι
3085 3495 3162 3565 τῷ
3197 3496 3347 3566 τόπῳ
3384 3494 3488 3563 τῆς

1900 3588 2061 3657 ἁγίας
2092 3588 2315 3658 Γραφῆς
2340 3586 2573 3656 δύναμιν
2601 3589 2848 3656 νοητέον,
2888 3589 2939 3642 εί
2970 3588 3262 3659 μέλλοιμεν
3304 3586 3485 3659 ὀρθῶς

1898 3680 1990 3734 τοῦ
2026 3679 2230 3733 σκοποῦ
2250 3681 2359 3733 τῶν
2390 3681 2700 3752 λεγομένων
2756 3681 3283 3752 καταστοχάζεσθαι.
3321 3700 3339 3733 ι
3376 3679 3485 3735 Οὕ-

1899 3791 1977 3843 τω
1998 3773 2053 3826 δὲ
2086 3773 2257 3844 δήπου
2285 3777 2379 3828 καὶ
2405 3774 2476 3827 τά
2513 3774 2623 3827 τῶν
2652 3774 3013 3841 διδασκάλων,
3047 3774 3121 3838 ὡς
3161 3775 3256 3829 καὶ
3288 3774 3356 3828 τά
3381 3773 3484 3842 τῆς

1897 3864 2059 3941 ἁγίας
2092 3866 2339 3935 Γραφῆς,
2375 3866 2693 3937 ἐξηγεῖσθαι
2716 3870 2798 3920 δεῖ
2824 3869 3044 3939 ῥήματα
3066 3867 3160 3921 καὶ
3211 3866 3352 3937 μετὰ
3381 3866 3482 3936 τῆς

1896 3959 2065 4027 αὐτῆς
2087 3958 2323 4029 ἑκάτερα
2344 3958 2675 4029 δεξιότητος,
2707 3960 2756 4012 εἰ
2784 3959 2879 4012 καὶ
2929 3960 3117 4029 μεῖζον
3166 3962 3280 4023 τοῖς
3340 3976 3484 4029 γρα-

1898 4052 2077 4120 φικοῖς
2111 4050 2272 4112 σέϐας
2306 4050 2597 4105 ἀποδοτέον
2655 4052 2825 4106 ἐστίν.
2873 4052 3034 4120 Λέγω
3101 4052 3296 4105 τοίνυν
3336 4052 3483 4106 κατὰ

1895 4147 1988 4200 τὸν
2014 4147 2171 4214 ἅγιον
2198 4148 2451 4217 Μάξιμον
2481 4148 2542 4201 τὸ
2571 4147 2679 4219 μὲν
2698 4148 2827 4202 ἀλλο
2866 4147 2964 4201 καὶ
2987 4147 3116 4201 άλλο
3163 4148 3340 4201 εἰπεῖν
3398 4143 3481 4199 εῐ-

1898 4258 1986 4294 ναι
2010 4240 2126 4293 τόδε
2150 4240 2243 4293 κοιλ⁵
2273 4240 2389 4294 τόδε
2416 4257 2431 4272 ο
2467 4241 2562 4294 καὶ¹
2598 4236 2755 4305 αὖθις
2783 4241 2979 4295 ταυτὸν
2997 4236 3138 4295 εἶναι
3165 4240 3280 4293 τόδε
3335 4239 3475 4308 τῷδε

1873 4330 1994 4402 ’τὴν
2024 4332 2196 4400 αὐτὴν
2224 4330 2533 4401 ὲκφώνησιν
2566 4332 2680 4404 ἔχει
2703 4349 2717 4364 ο
2752 4331 2876 4387 οὔτε
2912 4333 2969 4387 δὲ
2996 4335 3179 4388 πᾶσαν
3210 4333 3477 4402 ταυτότη-

212 4416 441 4486 ἀλήθεια
466 4434 482 4483 ;
515 4418 639 4471 ’Ὁτι
664 4419 727 4471 τὸ
754 4419 939 4489 θαῦμα
966 4423 1144 4475 έκεῖνο
1172 4423 1424 4495 θεότητος
1452 4427 1795 4498 ἀποκάλυψις
1826 4426 1871 4483 ι)
1901 4443 1969 4479 τα
2007 4426 2306 4496 νοήσαιμεν
2328 4426 2386 4479 ὲν
2418 4428 2531 4488 τοῖς
2568 4425 2777 4489 αὐτοῖς,
2824 4424 2949 4481 οὔτε
2992 4427 3172 4480 πᾶσαν
3206 4425 3476 4495 διαφορὰν

211 4503 300 4574 ἦν,
325 4509 391 4576 τῇ
420 4509 577 4579 χρείᾳ
602 4509 699 4564 καὶ
726 4509 805 4580 τῷ
835 4511 1015 4581 καιρῷ
1048 4514 1356 4586 πρόσφορος
1384 4517 1792 4592 τεθαυματουρ-

213 4600 453 4669 γημένη.
495 4602 605 4656 Καὶ
629 4601 689 4655 τὸ
726 4604 843 4671 φῶς
871 4608 933 4659 οὐ
973 4606 1125 4673 ξένον
1163 4608 1273 4663 οὐδ’
1327 4612 1652 4671 ἐπείσακτον
1699 4610 1788 4685 ἦν,

212 4691 329 4745 ἀλλ’
362 4693 579 4757 οἰκεῖον,
608 4694 703 4747 καὶ
736 4695 839 4766 τῆς
872 4697 930 4751 ὲν
997 4699 1224 4772 Χριστῷ
1273 4706 1641 4773 προσωπικῶς
1666 4724 1792 4761 συν-

211 4784 477 4855 ημμένης.
506 4784 799 4857 θεότητος,
833 4789 861 4844 ὃ
890 4790 1079 4859 δὴτδν
1102 4793 1202 4862 μὲν
1234 4795 1544 4867 ἔμπροσθεν
1573 4800 1787 4869 χρόνον,

210 4876 307 4930 καὶ
342 4878 484 4946 μετά
513 4877 691 4934 ταῦτα
724 4881 886 4939 πάλιν
920 4882 1233 4950 ἐλάνθανεν.
1274 4888 1379 4942 ὑπὸ
1406 4893 1472 4958 τῇ
1538 4893 1792 4959 στεγανό-

206 4988 329 5040 τητι
355 4970 456 5041 τῆς
489 4972 714 5041 σαρκὸς,
745 4974 821 5038 ὡς
860 4974 1034 5041 οὕτως
1063 4978 1259 5043 είπεῖν,
1315 4984 1745 5053 συνεσταλμένον
1771 5001 1787 5016 ο

206 5064 385 5118 καίτοι
407 5065 667 5130 καθάπαξ
691 5065 942 5139 ἄπειρον,
976 5070 1070 5123 καὶ
1102 5075 1439 5140 σωματικοῖς
1489 5075 1788 5145 ὀφθαλμοῖς

206 5159 452 5223 φυσικῶς
497 5159 731 5228 ἀόρατον
764 5160 825 5214 δν
854 5176 869 5190 ·
915 5162 1039 5216 τότε
1086 5163 1144 5215 δὲ
1198 5166 1512 5234 παραδόξως
1567 5169 1656 5222 διὰ
1691 5168 1787 5223 τοῦ

204 5249 526 5303 δεσποτικοῦ
553 5251 807 5323 διέδραμε
851 5254 1104 5325 σώματος
1162 5260 1257 5309 καὶ
1315 5259 1635 5331 διὴστραψε,
1695 5262 1790 5316 καὶ

203 5340 303 5407 τὴν
325 5340 535 5396 οἰκείαν
566 5342 780 5397 ἔνδοθεν
818 5344 1128 5417 ἐξέπεμψεν
1187 5350 1403 5420 αἴγλην,
1444 5350 1553 5403 εἴτε
1619 5352 1787 5424 μόνης

204 5428 303 5497 τῆς
337 5431 499 5499 ἁγίας
529 5435 732 5503 σαρκὸς
753 5437 968 5509 ἐκείνης
996 5438 1279 5507 βελτὶωσίν
1305 5459 1430 5496 τινα
1452 5444 1788 5510 πεπονθυίας

202 5521 434 5593 τοιούτῳ
466 5523 708 5594 θαύματι
738 5527 1077 5598 πρέπουσαν,
1104 5530 1179 5593 ὠς
1220 5532 1287 5584 ἀν
1309 5533 1364 5585 εί
1410 5550 1491 5596 τις
1522 5534 1656 5603 φαίη
1701 5554 1784 5589 σι-

200 5614 401 5682 δήρεον
468 5614 661 5679 σκεῦος
716 5622 933 5690 μηχανῇ
987 5638 1095 5674 τινι
1152 5624 1409 5690 γενέσθαι
1464 5628 1783 5696 παραυτίκα

201 5703 489 5779 διαφανὲς,
521 5708 616 5759 καὶ
650 5709 746 5780 τὴν
786 5711 931 5766 ἔνδον
970 5715 1064 5767 τοῦ
1119 5717 1289 5784 πυρὸς
1329 5719 1521 5785 αἴγλην
1572 5721 1780 5787 ἐκπέμ-

1898 4518 1992 4571 ὲπὶ
2022 4518 2129 4571 τῶν
2158 4518 2381 4587 ἐτέρων,
2419 4517 2536 4572 ἀλλ’
2572 4518 2879 4589 ἑκασταχοῦ
2930 4519 3027 4590 τὴν
3060 4519 3287 4577 οἰκείαν.
3334 4519 3477 4589 Τρό-

1898 4627 1991 4664 ποι
2022 4610 2077 4664 δὲ
2100 4611 2376 4681 διαφορῶν
2397 4628 2457 4664 τε
2483 4612 2577 4664 καὶ
2610 4611 2937 4682 διακρίσεων
2969 4614 3028 4665 ἐν
3056 4614 3172 4676 τοῖς
3209 4614 3475 4683 πράγμα-

1899 4719 1985 4757 σιν
2012 4704 2113 4757 οὐκ
2140 4703 2332 4770 ὀλίγοι,
2360 4695 2436 4757 ὧν
2467 4703 2599 4757 ἔνιοι
2623 4708 2719 4757 καὶ
2759 4706 2872 4767 τοῖς
2922 4705 3087 4766 θείοις
3131 4703 3471 4773 ἀναλογικῶς

1898 4795 2327 4866 ὲφαρμόζονται.
2368 4794 2644 4857 Ὡσαύτως
2689 4795 2745 4849 δὲ
2792 4796 2886 4849 καὶ
2922 4796 3120 4849 ταυτὸν
3165 4796 3281 4849 τόδε
3333 4798 3471 4868 τῷδε

1897 4886 2119 4954 λέγεται
2155 4886 2528 4957 πολυτρόπως.
2563 4887 2624 4941 El
2661 4887 2759 4955 μὲν
2786 4885 2879 4939 οὖν
2905 4887 3037 4945 αὐτὸ
3090 4887 3349 4958 πρόθεσις
3402 4884 3471 4958 ἦν

1896 4981 2031 5048 ἡμῖν
2063 4978 2191 5050 περὶ
2223 4980 2550 5050 διακρίσεως
2573 4979 2792 5049 ἀπάσης
2817 4980 2992 5033 εἰπεῖν
3051 4981 3146 5032 καὶ
3194 4980 3469 5048 ἑνὼσεως,

1896 5071 2002 5123 ἔδει
2032 5070 2085 5140 γ’
2118 5071 2185 5124 ἂν
2213 5072 2390 5125 πάντα
2423 5072 2621 5125 διελεῖν
2666 5070 2910 5140 ἀκριϐῶς
2937 5087 2951 5100 ·
2986 5070 3082 5124 νῦν
3115 5071 3165 5124 δ’
3191 5070 3316 5124 οὔτε
3342 5072 3469 5125 τοῦ-

1893 5181 1955 5216 το
1985 5164 2407 5234 προτεθειμένον
2440 5167 2596 5235 ἡμῖν,
2637 5165 2732 5218 καὶ
2770 5163 2890 5233 ἁμα
2949 5162 3043 5217 τοῦ
3087 5164 3216 5233 περὶ
3261 5165 3469 5217 τούτων

1896 5256 2159 5325 ἀκριϐοῦς
2185 5257 2342 5322 λόγου
2379 5256 2509 5311 πολὺ
2539 5256 2603 5310 τὸ
2629 5256 2727 5325 τῆς
2763 5257 3047 5326 παρούσης
3075 5255 3265 5325 χρείας
3297 5255 3471 5323 ὑπερ-

1897 5350 2177 5413 ϐαίνοντος
2234 5349 2464 5420 μέτρον,
2524 5348 2733 5419 ἀρκοῦν
2775 5346 3077 5419 ἡγούμεθα
3120 5346 3290 5410 δεῖξαι
3341 5345 3473 5413 τοὺς

1907 5444 2313 5506 Ἀκινδυνιστάς
2347 5441 2564 5511 φαύλως
2593 5441 2993 5511 ἐξηγουμένους
3037 5440 3125 5493 τὸν
3179 5439 3354 5508 ἅγιον.
3389 5438 3465 5491 Ού

1895 5539 2006 5607 γὰρ
2035 5536 2111 5599 ὡς
2131 5536 2286 5589 αὐτοὶ
2314 5534 2596 5603 βούλονται
2636 5535 2824 5597 ἁπλῶς
2855 5536 3065 5596 ἐκεῖνος
3104 5531 3356 5585 ἐκϐάλλει
3406 5531 3469 5583 τὸ

1894 5628 1994 5692 τὴν
2019 5627 2205 5680 οὐσίαν
2236 5626 2329 5680 καὶ
2352 5626 2449 5695 τὴν
2475 5626 2758 5695 ἐνέργειαν
2778 5624 2872 5679 τοῦ
2898 5623 3032 5678 Θεοῦ
3058 5622 3187 5676 ἀλλο
3208 5618 3345 5675 εἶναι
3371 5619 3467 5674 καὶ

1894 5718 2054 5784 ἄλλο,
2077 5718 2150 5782 ὡς
2179 5717 2242 5772 ἄν
2264 5734 2346 5781 τις
2373 5716 2500 5782 τοὺς
2534 5718 2769 5789 τρόπους
2800 5715 3008 5779 πάντας
3031 5714 3129 5785 τῆς
3148 5712 3468 5783 ἑτερότητος
