3904 6134
284 220 394 288 663

1338 224 1719 290 GENNADII
1755 226 1867 291 CP.
1916 225 2430 301 ΡΑΤΒΙᾼΒΕΙΙΑΞ

3419 224 3529 289 664

264 327 376 386 οἷόν
409 349 468 386 τε
501 332 671 387 πλείω
718 328 855 387 εἶναι
903 331 970 386 τὰ
1015 332 1217 405 ἄπειρα
1242 351 1257 366 ·
1293 336 1371 405 τῷ
1410 338 1468 391 δὲ
1521 340 1651 407 μίαν
1701 340 1842 407 μετά
1872 339 1916 395 Α
1946 328 2260 411 ὑπερορίοις
2288 342 2455 394 πᾶσιν
2477 337 2891 408 ἐνασμενίζουσι
2908 338 3365 410 νεωτερίσμασιν,
3388 338 3531 393 ὥστε

263 425 360 493 τῆς
409 425 597 487 οὐσίας
642 424 878 494 ὕπαρξιν
924 425 1070 495 ἔχειν
1121 426 1289 497 οὔσης
1330 429 1585 500 ἀπείρου,
1621 431 1839 501 ἄπειροί

264 518 424 578 εἰσιν,
465 516 652 586 ὥσπερ
696 518 727 588 ἠ
792 517 911 571 θεία
960 519 1120 573 οὐσία
1175 522 1267 574 καὶ
1319 524 1346 592 ἡ
1397 522 1515 575 θεία
1563 523 1837 593 ἐνέργεια,

208 610 211 611 ⁷
264 608 295 675 ἡ
329 607 428 675 μὲν
459 607 599 661 αὐτὰ
627 607 702 677 τῷ
743 610 957 679 ἀπείρῳ
1000 611 1096 664 καὶ
1129 611 1231 665 οὐκ
1274 610 1489 682 ἀπείρῴ
1523 612 1840 682 διενηνόχα-

263 715 377 762 τον,
409 699 469 751 οὐ
518 700 628 770 γάρ
662 701 809 754 ἐστιν
855 702 919 760 ἐκ
971 702 1065 755 τοῦ
1110 703 1213 773 τῆς
1260 703 1546 772 ἐνεργείας
1584 705 1742 772 λόγου
1773 706 1840 773 τῇ

260 792 564 861 ἁγαθότητι
619 793 715 846 τοῦ
767 794 903 855 Θεοῦ
951 795 1012 853 τὸ
1051 796 1268 867 ἀπείρῳ
1310 791 1451 852 εἶναι
1479 838 1495 863 ,
1551 799 1690 852 ἀλλά
1753 800 1845 851 διὰ

262 885 363 956 τὴν
400 887 608 943 οὐτίαν.
636 888 714 958 Τῇ
749 888 804 942 δὲ
855 889 1014 960 οὐσίᾳ
1066 890 1160 943 τοῦ
1215 890 1350 943 Θεοῦ
1406 892 1551 946 τοῦθ’
1581 892 1844 963 ἁρμόττει

264 977 391 1032 καθ’
432 980 632 1051 ἑαυτὴν
677 981 771 1033 καὶ
819 981 886 1033 δι’
934 982 1156 1053 ἑαυτὴν,
1184 982 1262 1052 τῷ
1303 983 1359 1036 δὲ
1404 983 1497 1037 τὸν
1548 984 1712 1038 αὐτύν
1746 986 1846 1054 τῆς

268 1070 559 1140 ὑπάρξεως
590 1074 791 1141 τρόπον
828 1073 974 1143 ἔχειν
1002 1074 1103 1143 τῆς
1134 1074 1283 1138 θείας
1330 1074 1478 1130 τοῦτ’
1505 1076 1848 1144 ἀναγκαζού-

270 1179 371 1231 σης
402 1162 725 1232 ἁπλότητος,
761 1164 819 1216 ἐν
862 1183 921 1219 τε
967 1165 1199 1235 ἀπειρόν
1246 1168 1382 1221 είσιν
1420 1168 1613 1238 ἄμφω,
1644 1169 1736 1221 καὶ
1768 1164 1849 1230 εἷς

270 1251 403 1315 θεὸς
450 1253 549 1321 τῆς
596 1254 804 1325 είδικῆς
845 1256 1189 1326 διακρίσεως,
1248 1257 1373 1311 οὔτε
1417 1259 1683 1330 διαίρεσιν
1733 1261 1850 1312 ἐκεῖ

272 1332 620 1412 πραγμάτων
665 1342 789 1399 οὐτε
838 1346 1090 1401 σύνθεσιν
1137 1348 1447 1418 δυναμένην
1495 1348 1849 1419 ἐργάζεσθαι,

268 1434 355 1489 ἆτ’
378 1437 467 1505 ἐφ’
496 1437 616 1500 ἐνὸς
642 1436 1009 1509 ὑποκειμένου
1040 1442 1135 1494 καλ⁵
1163 1441 1543 1495 ἁπλουστάτου
1573 1444 1674 1513 τῆς
1701 1443 1852 1506 Θείας

268 1529 487 1596 φύσεως
535 1531 852 1600 ἱδρυμένης.
908 1532 983 1584 Οὐ
1038 1532 1219 1586 τοίνυν
1272 1534 1331 1587 ἐν
1385 1532 1463 1603 τῷ
1515 1534 1697 1602 λέγειν
1753 1535 1853 1605 τὴν

267 1622 549 1693 ἐνέργειαν
579 1622 674 1681 τοῦ
700 1622 838 1676 Θεοῦ
868 1624 960 1691 τὸν
982 1623 1154 1677 αὐτὸν
1186 1625 1531 1695 ἐπιδέχεσθαι
1576 1629 1641 1697 τῇ
1690 1626 1852 1697 οὐσίᾳ,

1947 430 2042 483 καὶ
2093 430 2252 483 πάντ’
2299 432 2366 485 ἂν
2426 431 2586 497 εῐπερ
2635 430 2763 498 ἐξῆν
2821 427 3007 489 αὐτοῖς
3062 426 3416 497 μετέπλασαν
3462 429 3533 484 τὰ

1944 522 2217 591 ἡμέτερα,
2247 522 2439 591 ὥσπερ
2469 522 2651 594 ῥᾴδιον
2690 520 2759 575 ἂν
2802 520 2964 591 ὅρους
3003 519 3320 589 μεταθεῖναι
3360 522 3535 574 Πατέ-

1950 631 2081 685 ρων,
2111 615 2207 668 καὶ
2233 614 2386 669 ταῦτ’
2417 615 2477 667 ἐν
2525 613 2794 677 τοιούτοις
2836 614 3075 684 καιροῖς,
3107 614 3168 665 ἐν
3208 606 3293 676 οἷς
3321 611 3534 681 ἀρκοῦν

1946 707 2094 760 ἐστιν
2138 706 2270 776 ἡμῖν
2332 708 2469 776 πρὸς
2515 705 2798 759 εὐσέϐειαν
2852 705 2923 760 τὰ
2969 703 3196 759 ἐκείνων
3256 702 3378 774 ίχνη
3437 702 3535 755 καὶ

1949 800 2181 869 συνορᾷν
2221 797 2317 851 καὶ
2364 797 2601 852 διώκειν.
2657 800 2723 851 Ὃ
2756 796 2802 851 δ’
2851 796 3007 852 αὐτοὶ
3053 798 3377 867 πράττουσι,
3418 797 3531 856 πᾶς

1947 910 2033 955 τις
2062 892 2129 945 ἂν
2162 890 2296 962 φαίη
2325 890 2535 960 κρίνειν
2566 888 2747 955 εἰδὼς,
2780 890 2813 961 ἢ
2839 888 3180 961 ἀδιαφορίας,
3211 888 3244 957 ἢ
3285 888 3533 956 μεγάλης

1948 983 2209 1051 τυγχάνει
2256 984 2532 1052 μυήσεως.
2574 983 2770 1035 Καίτοι
2818 983 2898 1051 τῷ
2935 981 3013 1051 μὴ
3060 979 3324 1037 δύνασθαι
3355 979 3535 1032 ταῦτα

1953 1078 2288 1145 μεταποιεῖν,
2312 1075 2641 1145 κρουόμενοι
2678 1075 2939 1145 πρύμναν
2988 1073 3059 1127 τὰ
3104 1074 3315 1143 πάτρια
3363 1087 3537 1141 προσ-

1951 1168 2254 1222 ποιοῦνται.
2294 1166 2436 1219 Ἀλλ’
2481 1167 2675 1221 οὐδένα
2718 1167 2829 1219 τῶν
2880 1164 3011 1219 νοῦν
3054 1165 3289 1235 ἐχόντων
3334 1161 3538 1215 λανθὰο

1951 1274 2102 1311 νουσι
2131 1256 2618 1327 προσποιούμενοι.
2647 1256 2812 1311 Αὐτοὶ
2840 1256 2950 1327 γάρ
2977 1257 3118 1309 είσιν
3142 1256 3191 1307 οί
3230 1254 3542 1323 Νεστορια-

1934 1351 2076 1411 ·νοί›ς
2104 1350 2251 1419 ἡμᾶς
2296 1350 2542 1411 είπόντες
2578 1349 2637 1403 ἐν
2672 1349 2943 1419 πανδήμῳ
2992 1347 3233 1417 θεάτρῳ,
3270 1345 3405 1399 διότι
3444 1362 3542 1397 πι-

1956 1443 2225 1511 στεύομεν
2256 1441 2335 1512 μὴ
2372 1436 2515 1495 εἶναι
2548 1441 2642 1495 τὸν
2671 1441 2798 1493 Υίδν
2826 1440 2922 1494 τοῦ
2974 1438 3112 1493 Θεοῦ
3145 1437 3238 1493 τοῦ
3269 1437 3541 1506 παναγίου

1955 1533 2272 1603 Πνεύματος
2296 1532 2493 1600 αἴτιον,
2514 1533 2694 1600 δόγμα
2726 1532 2933 1597 πάσαις
2957 1531 3231 1599 ἀνάγκαις
3261 1529 3542 1597 ἀληθινὸν,

1962 1626 2055 1679 καλ⁵
2082 1627 2194 1688 τοῖς
2223 1624 2518 1695 ἡμετέροις
2549 1625 2798 1696 Πατράσι
2829 1626 2928 1678 καὶ
2948 1623 3297 1685 διδασκάλοις
3356 1623 3543 1690 λόγοις

267 1713 447 1782 λόγον,
476 1714 725 1769 τουτέστι
774 1716 952 1770 πάντα
999 1716 1071 1769 τὰ
1114 1717 1217 1787 τῆς
1266 1717 1585 1789 ὑπερφυοῦς
1631 1719 1851 1789 ἐκείνης
1885 1714 1927 1773 Β
1956 1718 2052 1771 καὶ
2080 1717 2279 1787 αἵμασι
2307 1716 2678 1787 διεκδικηθέν,
2709 1716 2819 1771 ἀπὸ
2865 1715 2976 1770 τῶν
3015 1715 3167 1785 αὐτῷ
3200 1730 3332 1768 ποτε
3366 1730 3545 1784 μαχε-

267 1807 458 1871 οὐσίας
498 1806 692 1877 σεμνά,
736 1808 831 1861 καὶ
879 1806 1017 1877 πρὸς
1043 1807 1140 1878 τὴν
1187 1809 1361 1880 αὐτῆς
1407 1810 1698 1880 ἐνέργειαν
1737 1810 1857 1863 δια-

268 1897 500 1959 σαίνειν,
528 1898 798 1969 ἠγνόησεν
824 1898 852 1951 ό
880 1898 1205 1964 διδάσκαλος
1231 1902 1429 1961 ἑαυτὸν
1458 1902 1719 1973 είρηκότα
1753 1919 1855 1954 που

266 1992 427 2048 ἄλλον
468 1993 568 2062 μὲν
598 1986 737 2045 εἶναι
792 1992 884 2045 τὸν
920 1991 1078 2061 λόγον
1129 1993 1231 2062 τῆς
1285 1994 1497 2060 οὐσίας,
1548 1994 1746 2066 ἕτερον
1798 1994 1857 2048 δὲ

267 2083 360 2135 τὸν
389 2083 487 2154 τῆς
515 2082 821 2153 ἐνεργείας,
852 2083 966 2137 οὐθ’
1008 2086 1162 2156 ἡμᾶς
1192 2086 1487 2155 ἐχομένους
1520 2087 1735 2145 ἐκείνου
1760 2088 1855 2141 τοῦ

271 2176 458 2245 λόγου,
511 2175 702 2231 τοῦτον
750 2178 858 2249 χρὴ
915 2180 1336 2249 παραιτεῖσθαι,
1396 2180 1430 2250 ἢ
1498 2181 1660 2234 πάνθ’
1718 2181 1855 2249 ὁμοῦ

270 2270 446 2329 ποιεῖν
479 2270 765 2342 χρήματα.
800 2271 897 2334 Τίς
922 2271 1031 2341 γὰρ
1060 2270 1186 2325 νοῦν
1218 2271 1357 2343 ἔχων
1385 2273 1505 2345 ἐρεῖ
1532 2273 1594 2327 τὸ
1622 2274 1856 2345 ἄπειρον

269 2363 365 2417 καὶ
409 2362 472 2416 τὸ
520 2364 939 2433 πεπερασμένον
987 2364 1207 2437 ἐπινοίᾳ
1260 2365 1680 2433 διακεκρίσθαι;
1720 2366 1755 2419 ἆ
1792 2384 1859 2434 γε

272 2458 349 2527 μὴ
378 2457 669 2527 πεποίηται
710 2457 815 2511 ὑπὸ
864 2458 966 2527 τῆς
1016 2457 1222 2528 ψυχῆς,
1250 2459 1368 2511 ἁλλ’
1414 2458 1530 2513 ἐστι
1578 2477 1639 2514 τε
1688 2460 1859 2530 αὐτῆς

270 2549 404 2615 ἀνω,
434 2551 531 2603 καὶ
659 2549 803 2603 αὐτὰ
849 2548 1221 2619 διακέκριται,
1251 2553 1344 2603 καὶ
1391 2550 1425 2607 ὅ
1477 2551 1664 2621 μεῖζόν
1707 2554 1855 2606 ἐστιν

272 2641 643 2710 ἀντιφατικῶς
694 2656 837 2705 πως.
875 2641 1042 2694 Ὥστε
1087 2642 1276 2713 οὐδὲή
1321 2642 1443 2696 Θεία
1493 2644 1672 2709 οὐσία,
1704 2646 1858 2714 καὶὴ

272 2732 395 2786 θεία
434 2730 709 2800 ἐνέργεια,
821 2732 977 2794 οὐσία
1008 2732 1105 2793 καὶ
1155 2728 1189 2808 ἦ
1236 2736 1511 2805 ἐνέργεια,
1559 2736 1705 2807 λόγῳ
1738 2736 1858 2791 δια-

272 2822 618 2895 κριθήσεται,
647 2817 723 2876 ὧν
756 2825 822 2892 τῇ
871 2822 968 2893 μὲν
996 2823 1056 2877 τὸ
1098 2826 1352 2896 ἄπειρον,
1389 2829 1455 2897 τῇ
1484 2827 1539 2883 δὲ
1572 2828 1632 2880 τὸ
1688 2845 1860 2881 πεπετ

276 2916 569 2988 ρασμένον,
625 2909 660 2989 ᾗ
710 2916 944 2970 τοιαῖσδε
983 2918 1391 2989 προσήκουσιν*
1441 2918 1556 2972 ἀλλ’
1612 2919 1743 2973 εῖδει
1800 2936 1861 2983 τε

1961 1812 2214 1881 σαμένων
2249 1809 2594 1874 ἀποστατῶν,
2630 1809 2726 1874 οὓς
2766 1796 2863 1865 καὶ
2884 1810 3004 1871 ταῖς
3038 1806 3290 1871 αίωνίαις
3327 1808 3543 1869 ποιναῖς

1959 1899 2376 1954 καθυπέσαλενο
2406 1900 2501 1953 καλ⁵
2544 1897 2605 1953 οῦ
2658 1899 2932 1967 δόγματος
2970 1897 3287 1950 τούναντίον
3341 1898 3547 1965 Apena-

1960 1991 2049 2045 νὺν
2077 1986 2219 2045 εἶναι
2250 1992 2338 2046 διά
2362 1991 2461 2063 τὴν
2491 1990 2676 2061 διττὴν
2718 1991 2915 2062 ἀρχὴν,
2949 1990 3045 2045 καὶ
3083 1989 3417 2058 Εὐνομιανὸν
3456 1987 3546 2041 διὰ

1960 2087 2060 2157 τὴν
2105 2086 2201 2140 τοῦ
2250 2087 2569 2158 Πνεύματος
2607 2088 2822 2157 ὕφεσιν,
2854 2086 2953 2139 καί⁸
2988 2083 3403 2153 Ἀπολλινάριον
3454 2082 3545 2139 διὰ

1960 2181 2088 2243 τοῦς
2133 2181 2377 2251 βαθμούς
2414 2181 2522 2236 τῶν
2572 2180 2735 2235 θείων
2770 2180 3079 2251 προσώπων
3101 2193 3117 2208 ·
3152 2178 3249 2232 καὶ
3276 2176 3345 2247 ἢν
3386 2175 3547 2228 αὐτο)⁵

1960 2276 2148 2337 κακῶς
2203 2273 2533 2328 πλάττουσιν
2588 2273 2820 2339 ἀταξίαν
2877 2272 3078 2343 μᾶλλον
3132 2272 3164 2341 ἢ
3226 2269 3405 2333 τάξιν,
3448 2268 3547 2321 καὶ

1963 2368 2247 2438 ὑσγχυσιν,
2294 2368 2354 2421 οὐ
2422 2367 2715 2435 διάκρισιν,
2769 2365 2866 2419 καὶ
2920 2364 3101 2428 ἄλλοις
3141 2364 3357 2426 πολλοῖς
3414 2360 3542 2415 ἀτό-

1962 2478 2086 2525 ποις
2116 2461 2266 2515 δοκεῖ
2290 2460 2667 2529 περιπίπτειν.
3134 2507 3137 2509 ,

2033 2552 2200 2606 Αὐτοὶ
2244 2552 2425 2606 τοίνυν
2473 2554 2611 2605 εἰσὶν
2646 2552 2695 2604 οὶ
2750 2547 3127 2620 Νεστοριανὴν
3176 2548 3277 2616 τὴν
3330 2544 3546 2600 ἑαυτῶν

1966 2643 2182 2713 μητέρα
2235 2644 2594 2707 καλέσαντες,
2649 2643 2699 2697 οἱ
2757 2640 2975 2705 πολλοῖς
3028 2640 3277 2696 εὐσεᾶέσι
3328 2637 3544 2693 πολλῶν

1962 2734 2322 2807 ἀνθρωπίνων
2349 2735 2675 2806 πειρασμῶν
2706 2735 2876 2789 αἴτιοι
2908 2737 3293 2805 γεγενημένοι,
3322 2736 3372 2787 οἱ
3403 2732 3545 2785 κατὰ

1964 2827 2168 2889 παντὸς
2231 2825 2518 2898 ὀρθοδόξου
2578 2828 3025 2895 συγγεγραφότες
3082 2826 3543 2897 συγγράμματος,

1965 2918 2061 2971 καὶ
2112 2917 2239 2982 τοὺς
2268 2919 2327 2973 ἐν
2357 2917 2507 2988 πάσῃ
2535 2920 2602 2989 τῇ
2633 2921 2705 2990 γῇ
2753 2918 3116 2986 Χριστιανοὺς
3166 2918 3267 2987 τὴν
3297 2932 3547 2971 καινοτοο

271 3008 537 3079 δηλονότι,
571 3008 667 3061 καὶ
711 3009 779 3079 τῇ
822 3008 917 3063 τοῦ
969 3009 1303 3080 πράγματος
1355 3008 1518 3079 φύσει
1568 3011 1860 3082 διακριθήε
1890 3048 1935 3109 c
1969 3016 2099 3086 μίαν
2124 3012 2329 3084 ταύτην
2362 3010 2697 3082 πειρώμενοι
2730 3009 2963 3064 πείθειν.
2993 3008 3119 3071 Πῶς
3150 3007 3246 3062 οὖν
3286 3006 3547 3078 λήσουσιν

275 3118 448 3167 σεται.
489 3102 587 3155 Ἓν
622 3100 681 3155 δέ
724 3118 778 3154 τι
827 3099 1004 3164 ἄλλως
1049 3101 1289 3170 ἔσονται,
1340 3103 1436 3157 καὶ
1481 3102 1860 3157 ἁπλούστατον
1895 3098 1934 3109 “
1966 3106 2243 3171 ἐξαπατᾶν
2276 3106 2401 3167 τοὺς
2435 3102 2838 3174 ἁπλουστέρους
2881 3100 3198 3173 βουλόμενοι
3228 3100 3348 3160 ταῖς
3376 3098 3547 3168 ἡναγ.

273 3192 478 3264 δηλαδὴ
511 3196 579 3264 τῇ
612 3192 865 3264 ὑπάρξει,
898 3195 947 3247 εί
979 3194 1074 3247 καὶ
1114 3195 1281 3267 μηδέν
1324 3197 1475 3258 ἐστιν
1505 3196 1563 3249 ἐν
1594 3198 1704 3259 τοῖς
1741 3191 1861 3253 οὖσι

273 3285 467 3349 τούτου
502 3285 878 3355 παράδειγμα,

345 3377 535 3432 Ταῦτά
572 3394 657 3433 σοι
705 3378 841 3447 πρὸς
888 3378 1013 3441 τοὺς
1052 3381 1452 3444 Ἀκινδυνείους
1491 3382 1719 3447 τούτους
1768 3384 1864 3436 καὶ

276 3469 709 3539 Λατινόφρονας,
739 3471 787 3523 οί
817 3470 977 3523 οιύτο)⁸
1018 3471 1126 3539 γὰρ
1159 3473 1327 3539 ἄμφω
1358 3474 1631 3540 νοσοῦσιν,
1662 3475 1866 3528 ἁπλού·

280 3560 475 3630 στερόν
518 3576 578 3623 τε
636 3560 730 3613 καὶ
775 3560 1117 3632 δικαιότερον
1145 3562 1413 3631 λεγέσθω.
1449 3566 1510 3618 Et
1560 3566 1617 3619 δὲ
1653 3567 1757 3637 χρή
1796 3584 1862 3635 με

276 3653 489 3724 τάληθῆ
529 3652 733 3722 λέγειν,
781 3656 848 3725 τῇ
885 3672 945 3708 τε
991 3655 1176 3727 χρείᾳ,
1214 3657 1309 3710 καὶ
1362 3661 1428 3729 τῇ
1490 3659 1601 3713 τῶν
1650 3661 1865 3714 πολλῶν

278 3747 413 3812 έξει,
439 3747 547 3811 τῶν
591 3764 655 3814 γε
686 3747 1089 3817 ἐντευξομένων
1126 3749 1323 3812 αὐταῖς
1372 3750 1692 3823 σύμμετρον
1722 3754 1865 3807 ἀπε-

276 3837 512 3905 τίσαμέν
556 3853 640 3892 σοι
675 3836 776 3905 τὴν
813 3837 935 3919 ρῶν
970 3838 1181 3892 λύσεων
1230 3838 1488 3910 δύναμιν.
1527 3843 1590 3896 El
1630 3844 1738 3914 γὰρ
1768 3846 1867 3899 καὶ

276 3930 378 3999 τῆς
424 3929 739 3993 ὑποθέσεως
780 3930 986 4001 ταύτης
1034 3931 1173 3984 πολὺ
1236 3933 1573 4006 φαυλότερόν
1622 3937 1741 3989 ἐστι
1802 3936 1865 3989 τὸ

278 4022 402 4075 καθ’
442 4023 612 4093 ἡμᾶς,
640 4021 757 4076 ἀλλ’
789 4022 916 4094 ἐξῆν
948 4038 1067 4085 πως
1101 4025 1197 4077 καὶ
1228 4025 1369 4096 ὑπὲρ
1403 4028 1530 4091 τοὺς
1579 4028 1865 4098 παρόντας

276 4116 468 4183 λόγους
502 4113 738 4185 ἀρθῆναι
764 4126 779 4143 ⁸
813 4113 974 4177 τοῦτο
1009 4114 1054 4168 δ’
1084 4115 1186 4171 οὐκ
1215 4118 1283 4172 ἂν
1322 4118 1620 4189 συνέφερεν
1649 4119 1827 4184 άλλως
1846 4138 1861 4154 ·

276 4211 375 4273 καλ⁸
397 4211 425 4262 ὁ
450 4196 583 4277 ἐμδς
608 4209 721 4279 γάρ
755 4207 967 4278 Ἰησοῦς
1005 4211 1223 4280 μικρὸν,
1253 4215 1443 4282 φησὶν,
1477 4214 1586 4266 ἀπὸ
1626 4213 1727 4283 τῆς
1759 4216 1864 4285 γῆς

277 4298 648 4369 ἐπαναγαγὼν
674 4299 799 4362 τοὺς
836 4298 1029 4369 ὄχλους
1056 4300 1359 4367 ἐδίδασκεν,
1390 4304 1537 4374 ἔργῳ
1572 4306 1860 4375 παραινῶν

1963 3196 2266 3267 κασμέναις
2306 3196 2534 3257 ταύταις
2593 3196 2689 3248 καὶ
2736 3193 3017 3266 καιρικαῐς
3079 3192 3546 3262 προσποιήσεσινς

1964 3287 2028 3339 Εἰ
2076 3285 2133 3339 δὲ
2168 3283 2450 3355 βούλονται
2482 3282 2867 3353 πιστευθῆναι,
2898 3280 3325 3352 ἀνασχέσθωσαν
3374 3282 3549 3349 πράτ-

1963 3394 2099 3439 τειν,
2152 3375 2189 3430 ἃ
2221 3377 2368 3430 δοκεῖ
2413 3355 2528 3436 τοῖς
2574 3374 2765 3444 νόμοις
2821 3374 2921 3443 τῆς
2980 3370 3331 3441 Ἐκκλησίας.
3385 3371 3550 3425 Μίσει

1963 3469 2143 3521 τοίνυν
2193 3467 2394 3528 αὐτοὺς
2452 3467 2704 3529 ἁπαντας
2748 3465 2855 3529 ἕως
2904 3464 2973 3519 ἂν
3014 3459 3121 3519 ὦσι
3151 3461 3415 3523 τοιοῦτοι,
3456 3462 3551 3515 καὶ

1966 3564 2078 3625 τοῖς
2109 3561 2207 3633 μὲν
2239 3560 2421 3616 αὐτῶν
2455 3558 2695 3631 ἡγεμόσι
2731 3561 2847 3622 τοῖς
2888 3556 3252 3629 ἐκκηρύκτοις
3290 3557 3547 3621 ἐκείνοις,

1966 3649 2042 3709 ὧν
2085 3655 2237 3711 αὐτοὶ
2272 3655 2384 3717 τοῖς
2434 3652 2768 3721 σοφίσμασιν
2822 3649 3198 3721 ἠκολούθησαν
3233 3650 3296 3701 ἐκ
3336 3645 3433 3701 τοῦ
3476 3647 3549 3717 μὴ

1965 3746 2225 3812 δύνασθαι
2284 3745 2516 3817 κρίνειν,
2563 3745 2639 3808 ὡς
2696 3745 2891 3807 αἰτίοις
2942 3744 3117 3796 κακοῦ
3160 3743 3420 3796 τοσούτου
3461 3758 3552 3809 γει

1966 3840 2310 3911 γενημένοις.
2360 3838 2584 3909 Ἐπαρῶ
2609 3838 2833 3900 δικαίως
2858 3837 3065 3902 ἐκεῖνα,
3090 3836 3126 3890 ἁ
3166 3836 3259 3889 καὶ
3296 3836 3329 3904 ἠ
3368 3835 3550 3904 μήτηρ

1965 3931 2123 4002 ἡμῶν
2152 3932 2186 4002 ἡ
2211 3930 2302 3983 τοῦ
2333 3928 2573 3999 Χριστοῦ
2610 3926 2913 3997 Ἐκκλησία
2945 3924 3212 3996 ἀμφιετές
3241 3926 3544 3995 ἐπαρᾶταιο

1969 4024 2218 4095 συνᾴδειν
2249 4024 2361 4093 γὰρ
2384 4022 2531 4092 ἡμᾶς
2555 4021 2639 4073 δεῖ
2665 4022 2737 4091 τῇ
2782 4020 2972 4089 μητρὶ,
3008 4018 3059 4075 εἰ
3091 4018 3169 4089 μὴ
3215 4016 3548 4087 βουλοίμεθα

1964 4116 2064 4188 τὴν
2096 4117 2231 4187 πρὸς
2261 4114 2477 4183 ἐκείνην
2513 4114 2700 4184 σχέσιν
2748 4109 3035 4182 ἀρνεῖσθαι
3067 4125 3081 4140 ⁸
3115 4112 3227 4173 τοῖς
3258 4110 3316 4162 δέ
3362 4108 3459 4163 νῦν
3481 4110 3551 4163 τὰ

1965 4209 2195 4262 ἐκείνων
2220 4207 2597 4270 ἐκθειάζουσιν
2630 4205 2981 4276 ἀσεϐήματα,
3014 4203 3120 4267 ἕως
3142 4204 3223 4256 ἔτι
3254 4204 3552 4272 περίεισιν,

1966 4300 2130 4371 εὖχου
2185 4298 2444 4369 γενέσθαι
2496 4297 2764 4369 βελτίους,
2794 4298 2890 4353 καὶ
2942 4295 3247 4367 μετάμελόν
3296 4311 3423 4347 τινα
3462 4294 3557 4347 λα-

277 4395 409 4464 ἡμῖν
438 4393 567 4446 ἔνθα
596 4392 695 4462 τῆς
722 4391 994 4461 ὡφελείας
1021 4394 1054 4463 ἡ
1100 4394 1263 4463 χρεία
1298 4394 1391 4447 καὶ
1414 4394 1517 4464 τῆς
1552 4394 1864 4466 ἁπλότητος
1894 4397 1941 4453 D
1973 4392 2109 4457 δεῖν,
2148 4393 2242 4446 καὶ
2290 4392 2481 4445 τοῦτον
2514 4390 2817 4455 κανονικῶς
2876 4388 3274 4453 ἐπιδείξασθαι.
3311 4389 3379 4440 'A
3410 4389 3471 4440 δὲ
3518 4387 3553 4457 ή

282 4485 488 4555 μηδένα
538 4483 729 4552 καιρὸν
785 4478 927 4535 εἶναι
958 4484 1055 4536 τοῦ
1091 4484 1291 4553 βάθους
1341 4503 1400 4538 τε
1457 4487 1554 4539 καὶ
1607 4486 1709 4555 τῆς
1740 4490 1857 4540 ἐπι-

278 4578 519 4644 δείξεως.
562 4578 635 4631 Σὺ
680 4576 738 4630 δέ
790 4577 901 4629 τῶν
956 4577 1169 4647 ἀνδρῶν
1227 4578 1435 4631 τούτων
1478 4580 1554 4649 μὴ
1609 4580 1864 4633 τοσοῦτον

283 4672 435 4741 μίσει
482 4669 580 4740 τὴν
630 4669 737 4723 ἀπὸ
785 4669 883 4738 τῆς
931 4669 1193 4740 ἀληθείας
1252 4671 1455 4739 φυγὴν,
1490 4671 1615 4724 ὅσον
1663 4672 1723 4723 τὸ
1767 4671 1867 4739 τῆς

281 4759 657 4829 προαιρέσεως
707 4759 1149 4829 εὐμτὰπτωτον,
1182 4762 1276 4817 καὶ
1302 4764 1402 4833 τὴν
1428 4764 1735 4835 αὐστηρίαν
1765 4767 1865 4835 τῆς

1973 4486 2221 4557 ἡμετέρα
2265 4485 2454 4557 μήτηρ
2501 4486 2534 4554 ὴ
2575 4484 2842 4554 καθολικὴ
2892 4483 3003 4537 τῶν
3031 4480 3379 4553 Χριστιανῶν
3420 4482 3553 4535 Ἑκ-

1966 4577 2167 4649 κλησία
2201 4578 2299 4632 καὶ
2350 4577 2665 4647 πεφρόνηκε
2708 4578 2807 4649 τὴν
2854 4577 3034 4648 ἀρχὴν
3085 4577 3182 4630 καὶ
3216 4577 3428 4646 φρονεῖ,
3456 4575 3555 4627 καὶ

1971 4672 2134 4742 μέχρι
2159 4672 2261 4740 τῆς
2297 4672 2424 4742 χθὲς
2453 4672 2758 4742 γενομένης
2786 4670 3146 4741 συναρπαγῆς
3175 4668 3313 4739 ὁμοῦ
3347 4671 3554 4731 πάντες

1967 4767 2235 4837 ἐφρόνουν
2258 4767 2308 4819 οῖ
2342 4767 2441 4837 τῆς
2472 4765 2795 4837 Ἐκκλησίας
2814 4765 3018 4833 ταύτης
3041 4765 3169 4829 υἱοὶ,
3192 4762 3397 4817 τούτων
3427 4763 3555 4832 ἔχου

281 4850 663 4921 συνειδήσεως.
698 4852 821 4913 Ὀτι
869 4852 1124 4924 καθάπερ
1170 4856 1427 4924 μεγάλων
1471 4855 1637 4910 τινῶν
1671 4857 1862 4910 κακῶν
1970 4858 2225 4929 βεϐαίως,
2262 4859 2401 4929 μήτε
2446 4857 2735 4923 Λατίνους,
2757 4858 2897 4927 μήτε
2934 4857 3144 4919 πάντας
3198 4853 3550 4924 ἀνθρώπους.

279 4945 435 5008 δίκας
491 4944 947 5015 εἰσπραττόμενοι
1004 4946 1101 5014 τὴν
1162 4946 1532 5018 Ἐκκλησίαν,
1585 4949 1680 5007 καὶ
1735 4948 1861 5011 τοὺς
1970 4952 2109 5021 μήτε
2138 4952 2267 5013 τοὺς
2310 4951 2584 5021 ἀγγέλους
2628 4950 2850 5014 αὐτοὺς,
2883 4950 2931 5001 εί
2983 4948 3093 5001 δέοι
3144 4947 3289 5001 κατά
3341 4946 3555 5001 Παῦλον

284 5036 585 5107 προγόνους
619 5035 802 5108 ἡμῶν,
834 5038 902 5090 τὰ
933 5038 1095 5109 μέχρι
1125 5039 1220 5093 καὶ
1249 5038 1345 5092 νῦν
1391 5043 1450 5094 ἐν
1480 5041 1618 5112 ἡμῖν
1657 5042 1867 5111 κρατῆ-
1966 5043 2164 5110 εἰπεῖν,
2195 5043 2398 5109 ἐξελεῖν
2450 5062 2503 5096 τι
2532 5042 2818 5109 δύνασθαι,
2864 5039 3077 5111 βέλτιόν
3118 5057 3179 5094 τε
3227 5040 3325 5096 καὶ
3352 5038 3552 5111 ἀληθέ-

286 5148 453 5194 σαντα
487 5130 735 5205 δόγματα
770 5128 993 5201 μισοῦσι
1040 5132 1133 5189 καὶ
1166 5132 1628 5204 ἀποστρέφονται,
1660 5135 1773 5198 τοῖς
1817 5132 1863 5185 δ’
1970 5150 2164 5205 στερον
2201 5135 2597 5207 πεπεισμένος.
