3904 6134
308 241 412 303 671

1454 246 1844 306 GENNADH
1876 248 1993 312 (ΣΡ.
2038 247 2548 309 ΡΛΤΒῘΛΠΟΗΕ

3476 232 3586 297 672

317 358 384 409 ἐκ
417 360 651 429 Πατρὸς,
718 362 867 429 ὅμως
926 364 1225 431 πεφηνέναι
1284 364 1500 432 λέγεται
1553 367 1645 419 καὶ
1691 369 1901 435 πέφηνε
1932 382 1974 438 Α
2010 365 2338 432 μεσιτεύειν.
2374 366 2450 419 Οὐ
2478 365 2587 431 γὰρ
2621 360 2858 417 συνεῖδον
2888 358 2923 415 ἀ
2960 358 3194 413 συνιδεῖν
3247 352 3415 426 ἐχρῆν
3459 352 3585 416 τοὺς

316 447 386 499 δι’
416 449 568 513 Υἰοῦ,
594 452 754 520 διχῶς
775 453 868 519 ὑφ’
896 455 1052 521 ἡμῶν
1072 460 1366 524 νοουμένου
1417 456 1513 509 τοῦ
1573 457 1898 525 πεφηνέναι.

317 543 411 594 καὶ
437 541 541 596 ὑπὸ
572 544 681 597 τῶν
738 546 1023 603 εἰπόντων.
1076 550 1297 617 Πρῶτον
1364 550 1465 619 μὲν
1522 548 1613 602 καὶ
1665 549 1903 618 μάλιστα

317 633 398 686 δτι
429 634 750 704 γνωρίζεται
783 637 850 692 δι’
884 640 1034 706 Υίοῦ,
1068 641 1349 695 τουτέστιν
1392 640 1487 695 τοῦ
1517 641 1647 695 Υἰοῦ
1700 657 1904 710 γνωρι-

323 723 542 789 σθέντος
566 728 698 781 αὐτὸ
727 730 1054 800 γνωρίζεται
1084 747 1100 763 ·
1130 734 1161 801 ή
1214 734 1324 802 γὰρ
1379 732 1576 801 ἰδιότης
1620 731 1713 785 τοῦ
1758 733 1903 786 θείου

320 816 730 890 προσώπου,ἢν
780 822 1035 890 ἐμφαίνει
1082 825 1144 878 τὸ
1186 825 1357 894 ὄνομα
1407 825 1594 890 αὐτοῦ,
1640 822 1907 894 διακρίνει

322 910 418 964 ἀπ’
443 912 602 965 ἄλλου
632 913 777 967 θείου
804 914 1102 983 προσώπου
1133 934 1150 950 ⁸
1184 918 1279 971 καὶ
1302 917 1654 989 διακρίνουσα
1679 919 1908 987 φανεροῖ

322 1020 382 1056 τε
413 1005 564 1067 αὐτὸ,
598 1007 689 1058 καί
722 1010 782 1059 τὸ
815 1006 875 1061 οῦ
908 1009 1245 1079 διακρίνεται
1282 1014 1624 1081 συμφανεροῖ
1672 1017 1737 1083 τῇ
1774 1015 1906 1069 ἑαυ-

321 1098 422 1179 τῆς
448 1099 716 1169 ἐνεργείᾳ,
749 1100 938 1171 ῶσπερ
962 1106 1067 1156 τινὶ
1100 1106 1239 1173 φωτὶ
1297 1106 1434 1174 πρὸς
1471 1106 1570 1179 τὴν
1597 1107 1654 1173 ἐξ
1694 1109 1907 1161 ἀποκα-

326 1177 541 1255 λῗύψεως
570 1190 701 1259 ἡμῖν
756 1193 1115 1262 ἐγγινομένην
1181 1196 1290 1248 τῶν
1343 1177 1908 1271 θείωνήὺποστάσεων

328 1282 679 1351 κατανόησιν,
715 1284 774 1337 τὸ
809 1286 1037 1354 φυσικὸν
1076 1287 1178 1355 τῆς
1212 1289 1369 1357 ἡμῶν
1427 1290 1665 1352 διανοίας
1718 1292 1909 1353 σκότος

329 1373 686 1442 ἐλλάμπουσά
711 1395 767 1430 τε
804 1381 894 1432 καὶ
923 1380 1213 1448 όδηγοῦσα.
1259 1382 1368 1435 Καὶ
1394 1383 1481 1437 διὰ
1514 1382 1671 1437 τοῦτο
1732 1386 1761 1452 ή
1813 1381 1907 1436 τοῦ

331 1465 463 1519 Υίοῦ
507 1467 829 1537 ὑπόστασις,
854 1470 917 1524 ἐκ
945 1471 1047 1541 τῆς
1066 1473 1160 1525 τοῦ
1216 1474 1499 1543 προσεχῶς
1540 1473 1909 1543 ὀνομάζεσθαι

330 1557 412 1625 τῷ
468 1558 645 1629 Πατρὶ
714 1561 975 1629 ἰδιότητος
1035 1564 1456 1631 ἐπιγνωσθεῖσα,
1520 1565 1911 1632 ἐναργέστερον

335 1651 670 1720 παρίστησιν
706 1656 838 1721 ἡμῖν
868 1656 964 1722 τὴν
990 1656 1083 1708 τοῦ
1112 1657 1430 1726 Πνεύματος
1459 1658 1715 1729 ἰδιότητα,
1741 1652 1775 1732 ᾖ
1814 1657 1909 1710 τοῦ

2008 453 2302 522 μέλλοντας
2335 453 2721 521 διαφυλάττειν
2774 452 2842 505 τὰ
2895 452 2993 519 τῆς
3059 449 3297 511 πίστεως
3350 446 3589 513 ἀκίνητα

2003 543 2269 613 δόγματα.
2315 544 2374 597 ⁸0
2406 543 2516 613 γὰρ
2542 543 2671 606 Υἰδς
2697 541 2794 597 τοῦ
2822 542 2955 596 Θεοῦ
2983 542 3076 596 καὶ
3133 540 3195 595 τὸ
3250 537 3476 608 Πνεῦμα
3525 536 3588 589 τδ

2006 638 2070 690 ἐκ
2098 637 2194 690 τοῦ
2224 636 2384 702 Θεοῦ,
2413 638 2602 706 ὥσπερ
2624 636 2784 701 ἀκτίς
2831 654 2916 699 τις
2952 634 3011 700 ἐξ
3047 633 3201 706 ἧλίου
3257 633 3501 700 δίδυμος.
3549 629 3588 701 ἢ

2004 731 2258 802 δίρῤυτος
2301 730 2549 799 ποταμδς
2583 731 2646 784 ἐκ
2712 730 2842 799 μιᾶς
2881 729 3090 797 πηγῆς,
3125 726 3157 797 ἢ
3194 726 3414 795 βλαστοί
3473 724 3599 778 θεό-

2006 839 2164 890 φυτοι
2200 823 2265 876 ἐκ
2302 822 2461 892 ῥίζης
2497 824 2648 890 μιᾶς,
2685 821 2718 892 ἢ
2770 820 2863 874 δύο
2895 821 3032 889 ἀνθη
3068 820 3161 874 καί
3190 819 3243 872 εἴ
3275 835 3329 870 τι
3378 815 3597 883 συμϐά-

2005 916 2138 971 λοιτ’
2166 918 2234 970 ἂν
2261 916 2397 986 πρδς
2423 915 2487 968 τδ
2514 915 2683 979 δεῖξαι
2712 914 2773 968 τδ
2805 913 3026 983 Πνεῦμα
3074 913 3167 967 καὶ
3192 913 3283 966 τ³ιν
3312 909 3438 963 Υίέν
3467 924 3597 960 συν-

2007 1007 2297 1076 ανίσχοντα
2324 1010 2418 1061 καὶ
2444 1010 2510 1076 τῇ
2544 1008 2841 1076 ἀποδλέψει
2870 1011 2974 1077 τῆς
3000 1006 3189 1076 κοινῆς
3219 1005 3399 1069 αἰτίας
3434 1004 3493 1067 ἐξ
3521 996 3596 1073 ἧς

2010 1100 2392 1168 συνανίσχουσι
2417 1101 2488 1156 τὰ
2513 1099 2763 1168 δεύτερα,
2797 1099 3031 1170 φέροντα
3059 1097 3132 1163 ὥς
3158 1097 3376 1152 αίτιατὰ
3405 1096 3594 1162 μόνον,

2008 1191 2068 1245 ού
2095 1192 2217 1244 κατ’
2247 1190 2375 1246 ἄλλο
2397 1210 2453 1246 τι
2484 1192 2592 1246 τῶν
2644 1194 2866 1247 πάντων
2909 1192 3092 1256 οῦδὲν,
3146 1188 3320 1253 οὕτως
3375 1191 3438 1242 ἐκ
3493 1188 3595 1241 τοῦ

2009 1280 2147 1333 Θεοῦ
2201 1281 2298 1334 καὶ
2352 1282 2568 1352 Πατρδς
2625 1284 2877 1351 προϊέναι
2928 1280 3203 1344 νοοῦντας.
3277 1278 3420 1333 Ἀλλ’
3479 1278 3601 1332 οὗθ’

2012 1372 2282 1442 ὑπουργεῖ
2312 1374 2442 1442 ἡμῖν
2472 1375 2504 1444 ή
2543 1374 2727 1445 νόησις
2780 1375 2876 1428 καί
2904 1376 2934 1428 6
2966 1373 3146 1442 λόγος,
3210 1370 3599 1442 μεταϐατικῶς

2010 1466 2302 1537 ἀμφότερα
2324 1467 2654 1535 ἐνεργοῦντα
2684 1466 2902 1537 σύναμα
2941 1470 3125 1522 ἐκεῖνα
3181 1466 3325 1519 νοεῖν
3374 1481 3435 1517 τε
3493 1462 3597 1517 καὶ

2010 1559 2213 1626 λέγειν,
2263 1560 2384 1614 οὑδέ
2413 1561 2470 1613 ἐν
2497 1560 2647 1630 αὐτῷ
2670 1560 2732 1613 τὸ
2754 1562 2896 1614 νοεῖν
2927 1560 3020 1614 καὶ
3049 1560 3230 1629 λέγειν
3257 1559 3337 1613 ὅτι
3373 1556 3505 1610 σύνα
3517 1574 3597 1623 μα

2010 1650 2290 1719 δυνάμεθα
2330 1649 2406 1722 μὴ
2438 1654 2533 1705 καὶ
2559 1651 2788 1722 θάτερον
2815 1651 3048 1721 θατέρου
3091 1653 3342 1723 προνοεῖν
3374 1668 3432 1705 τε
3497 1649 3601 1702 καὶ

338 1744 661 1811 μονογενοῦς
691 1745 818 1799 Υἰοῦ
846 1747 1185 1813 διακέκριται
1210 1765 1225 1780 ο
1256 1748 1331 1811 ὡς
1358 1745 1453 1804 οὖν
1478 1750 1579 1819 τῆς
1633 1749 1729 1803 τοῦ
1778 1746 1909 1803 Υἰοῦ
1943 1734 1985 1789 Β
2017 1743 2407 1813 προεκφέρειν,
2463 1745 2608 1799 δυοῖν
2665 1744 2838 1800 ὄντων
2896 1747 3040 1800 κατά
3081 1744 3181 1809 τὰς
3219 1743 3549 1805 ὑποστάσεις
3580 1758 3598 1773 ⁹

336 1837 689 1905 προεπινοίας
710 1855 769 1890 τε
812 1840 907 1891 καὶ
934 1844 1281 1911 προεκφορᾶς
1312 1842 1369 1894 ἐν
1391 1841 1467 1912 τῷ
1495 1841 1640 1911 λόγῳ
1669 1839 1913 1911 φανερώ-

334 1944 496 1998 τερον
523 1930 656 1998 ἡμῖν
694 1931 1054 2002 ἀποδιδούσης
1096 1932 1189 1986 τὸν
1247 1935 1375 2004 περὶ
1435 1934 1530 1988 τοῦ
1595 1935 1914 2004 Πνεύματοε

335 2020 517 2087 λόγον,
549 2022 667 2074 κατ’
728 2022 859 2076 αὑτδ
905 2024 1034 2092 γοῦν
1082 2026 1143 2079 τὸ
1210 2027 1573 2093 γινώσκεσθαι
1628 2028 1761 2097 ἡμῖν
1817 2026 1915 2079 καὶ

338 2113 697 2168 πιστεύεσθαι
725 2114 883 2169 ἀλλον
908 2115 1032 2169 τινὰ
1090 2117 1315 2188 τρόπον,
1360 2118 1455 2172 καὶ
1518 2117 1580 2171 οὑ
1638 2118 1915 2190 γεννητῶς

334 2206 581 2277 προϊέναι
604 2206 762 2262 τοῦτο
785 2210 850 2263 ἐκ
880 2207 975 2261 τοῦ
1006 2209 1217 2279 Πατρδς
1249 2211 1505 2281 ἀρρήτως
1534 2211 1631 2264 καὶ
1690 2211 1916 2282 ἀνενοή-

335 2316 467 2365 τως,
496 2300 592 2355 καὶ
609 2299 754 2355 οὑτω
775 2302 870 2355 τοῦ
900 2302 1103 2374 τρόπου
1135 2304 1235 2373 τῆς
1257 2302 1420 2357 αὑτοῦ
1451 2303 1679 2372 προόδου
1708 2303 1915 2374 φυλατ-

333 2394 565 2464 τομένου
594 2413 609 2427 θ
645 2396 721 2460 ῶς
747 2398 923 2451 τοίνυν
954 2398 1039 2452 διὰ
1068 2399 1240 2453 ταῦτα
1271 2397 1364 2453 τοῦ
1418 2398 1735 2470 Πνεύματος
1785 2401 1916 2469 ἡμῖν

343 2491 484 2556 μετά
516 2487 608 2541 τὸν
646 2489 775 2542 Υἰδν
807 2489 1008 2559 μᾶλλον
1053 2489 1457 2560 γνωριζομένου
1496 2508 1557 2544 τε
1606 2494 1700 2543 καὶ
1745 2507 1916 2544 κατα-

338 2580 779 2650 λαμϐανομένου,
806 2578 876 2634 δι’
907 2580 968 2634 οὗ
1020 2580 1318 2649 πεφηνέναι
1371 2581 1432 2634 τὸ
1470 2581 1696 2652 Πνεῦμα
1740 2581 1916 2643 καλῶς

336 2672 577 2741 λέγεται.
610 2673 819 2737 ’Ἄλλως
845 2672 901 2726 δέ
930 2674 1028 2726 σὺν
1058 2672 1134 2743 τῷ
1164 2673 1282 2745 Υἰῷ
1322 2692 1381 2729 τε
1408 2678 1524 2728 ἐστι
1558 2676 1651 2729 καὶ
1687 2677 1784 2728 σὺν
1818 2674 1917 2728 αὑ-

334 2763 415 2833 τῷ
453 2765 703 2836 πρόεισιν
734 2767 799 2819 ἐκ
832 2767 1065 2837 Πατρδς,
1106 2766 1296 2839 ὥσπερ
1325 2768 1353 2822 ό
1384 2767 1513 2831 Υἰδς
1561 2769 1821 2837 γεννᾶται
1856 2768 1919 2822 ἐκ

333 2855 431 2911 τοῦ
464 2855 700 2926 Πατρός,
735 2855 911 2922 οὕτως
938 2857 1069 2912 αὐτὸ
1104 2858 1169 2911 ἐκ
1198 2857 1291 2912 τοῦ
1346 2859 1557 2929 Πατρδς
1619 2858 1920 2928 προϐαλλό-

339 2966 525 3020 μενον.

302 3034 307 3035 γ
816 3081 827 3093 .
948 3042 1202 3099 ΚΕΦᾹΛ.
1241 3045 1314 3099 A'.

339 3162 462 3216 Ὀτι
485 3163 523 3230 ἢ
545 3161 674 3218 ’τοῦ
709 3159 845 3216 Υίοῦ
870 3160 1145 3229 μεσιτεία
1170 3159 1285 3230 οὐκ
1316 3158 1632 3230 ἀναγκάζει
1688 3159 1784 3214 καί
1804 3160 1924 3230 Δτὸν·

417 3227 558 3287 Υἰόν
577 3233 778 3301 ἀρχὴν·
805 3227 901 3301 καὶ
925 3230 1223 3301 προὸξολέα
1247 3228 1286 3297 ἢ
1321 3229 1743 3298 προϐάλλοντα
1769 3227 1924 3285 εἶναι

406 3305 558 3371 πρὸς
582 3299 928 3369 τόήΠν-εῦμα
955 3299 1021 3353 τὸ
1048 3299 1241 3366 ἅγιον.

424 3410 573 3464 ’Πδέ
598 3410 692 3463 τοῦ
730 3410 861 3464 Υίοῦ
899 3410 1173 3483 μεσιτεία,
1225 3409 1367 3463 οὕτω
1398 3410 1506 3479 γὰρ
1543 3410 1705 3463 αὑτὸν
1738 3411 1927 3480 όμολο-

344 3503 629 3574 γοῦμενέν
663 3501 743 3570 τῷ
775 3500 903 3573 θείῳ
942 3500 1177 3571 λουτρῷ,
1240 3503 1332 3554 καὶ
1386 3502 1464 3564 εἰς
1523 3500 1622 3569 τὴν
1672 3502 1925 3570 τοιαύτην

340 3598 452 3653 τῶν
481 3597 641 3651 θείων
682 3596 967 3664 ὀνομάτων
1002 3594 1416 3664 βεϐαπτίσμεθα
1449 3595 1722 3661 σύνταξιν,
1763 3597 1925 3650 αὑτὸν

345 3689 445 3759 μὲν
471 3687 733 3757 μονογενῆ
789 3685 1049 3748 δείκνυσι,
1081 3687 1141 3737 τ’)
1175 3685 1231 3737 δὲ
1265 3684 1487 3755 Πνεῦμα
1540 3685 1640 3755 τῆς
1692 3688 1926 3757 φυσικῆς

342 3782 482 3852 πρὸς
508 3778 599 3832 τδν
633 3777 851 3849 Πατέρα
883 3777 1142 3847 σχέσεως,
1169 3779 1417 3831 τουτέστι
1436 3778 1536 3847 τῆς
1562 3779 1769 3848 ἀμέσου
1789 3779 1926 3848 πρὸς

340 3876 440 3944 τὴν
467 3873 642 3927 αἰτίαν
658 3871 936 3940 ἀναφορᾶς
963 3871 1063 3924 οὐκ
1094 3870 1366 3941 ἀπείργει.
1400 3871 1475 3925 Ού
1526 3871 1633 3940 γὰρ
1686 3874 1924 3943 εἴρηται,

344 3964 466 4019 οὔτε
491 3963 710 4018 δύναται
743 3963 999 4032 λέγεσθαι
1028 3964 1091 4018 ἐκ
1142 3963 1235 4018 τοῦ
1291 3963 1423 4017 Υίοῦ
1480 3965 1763 4035 προσεχῶς
1803 3966 1925 4035 ὑφι-

347 4057 538 4111 στάναι
566 4058 626 4110 τὸ
666 4055 913 4126 Πνεῦμα,
969 4056 1161 4127 ὥσπερ
1213 4057 1261 4109 οἰ
1310 4056 1574 4127 αἰρετικοὶ
1614 4056 1927 4126 νομίζοντες

342 4150 646 4221 εἴργεσθαι.
676 4151 858 4219 τρίτον
895 4149 1195 4220 ἐφλυάρουν
1224 4145 1364 4203 εἰναι
1396 4152 1463 4220 τῇ
1507 4150 1667 4221 φύσει
1717 4152 1810 4204 καὶ
1857 4153 1923 4223 τῇ

342 4245 490 4315 ἀξίᾳ,
537 4244 629 4297 καὶ
652 4245 716 4295 ὲκ
746 4241 838 4296 τοῦ
872 4241 1003 4295 Υίοῦ
1037 4242 1309 4313 προῆχθαι
1356 4244 1450 4297 καὶ
1512 4244 1926 4315 δημιουργικῶς

344 4335 404 4388 τὸ
431 4335 572 4388 κατὰ
606 4333 775 4404 μόνην
802 4333 910 4386 τῶν
967 4332 1247 4403 ὀνομάτων
1294 4332 1391 4404 τὴν
1444 4332 1696 4399 σύνταξιν
1741 4336 1924 4405 τρίτον

2012 1838 2124 1893 οὔτ’
2161 1840 2399 1911 ἐγχωρεῖ
2430 1841 2492 1894 τὺ
2513 1839 2743 1911 Πνεῦμα
2796 1840 3167 1913 προτετάχθαι
3224 1837 3318 1894 τοῦ
3360 1836 3495 1892 Υἰοῦ
3542 1838 3603 1887 ἐν

2012 1933 2090 2004 τῷ
2111 1934 2211 2004 τῆς
2235 1928 2672 2006 ἄπαριθμήσεως
2702 1935 2811 1987 τῶν
2842 1933 3006 1988 θείων
3057 1930 3367 2001 προσώπων
3395 1926 3599 1999 εἰρμῷ.

2026 2025 2262 2080 Ἐνοεῖτο
2278 2028 2387 2097 γὰρ
2415 2026 2481 2080 ἂν
2499 2023 2640 2080 εἶναι
2668 2025 2876 2096 Πατὴρ,
2903 2025 2999 2079 καὶ
3022 2026 3050 2079 6
3080 2024 3209 2087 Υἰδς
3240 2023 3341 2076 οὐκ
3380 2020 3449 2075 ἂν
3502 2036 3601 2091 μοο

2015 2121 2243 2192 νογενὴς
2300 2121 2637 2188 ἐπιστεύετο,
2660 2120 2941 2173 τουτέστιν
2972 2118 3037 2173 ἐκ
3093 2116 3257 2189 μόνου
3288 2133 3348 2169 τε
3374 2115 3470 2170 καὶ
3506 2112 3602 2184 μόο

2018 2231 2108 2277 νος
2146 2214 2569 2283 γεγεννημένος,
2621 2213 2719 2267 καὶ
2766 2213 2801 2280 ἡ
2835 2211 2980 2267 οὕτω
3038 2208 3495 2279 καινοτομηθεῖσα
3536 2205 3601 2259 ἂν

2020 2307 2268 2378 μεσιτεία
2291 2306 2385 2360 τοῦ
2413 2306 2727 2376 Πνεύματος
2758 2306 2838 2367 εἰς
2876 2302 3100 2375 μείζονα
3152 2302 3239 2356 ἂνη
3275 2299 3597 2368 ἀπεπλάνηο

2020 2416 2111 2453 σεν
2137 2400 2387 2464 ἀτοπίαν,
2416 2400 2530 2467 εῐγε
2562 2400 2593 2467 ἡ
2633 2397 2838 2468 ἀληθὴς
2864 2396 2956 2449 τοῦ
2989 2393 3126 2450 Θεοῦ
3155 2393 3404 2465 μεσιτεία
3428 2393 3612 2463 πρόσ-

2019 2509 2211 2563 κομμα
2264 2494 2378 2555 τοῖς
2410 2495 2483 2563 μὴ
2514 2490 2696 2555 καλῶς
2717 2487 2931 2544 νοοῦσιν
2967 2490 3184 2557 ἐγένετό
3231 2504 3312 2553 τε,
3366 2487 3457 2539 καὶ
3510 2483 3603 2536 νῦν

2021 2579 2101 2634 ἔτι
2129 2582 2331 2649 τρόπον
2360 2582 2548 2648 ἕτερον
2578 2578 2807 2649 γίνεται.
2843 2580 3158 2633 Κάντεῦθέν
3185 2579 3303 2631 ἐστι
3344 2577 3406 2630 τὸ
3465 2577 3606 2646 μήτε

2019 2671 2273 2741 λέγεσθαι
2303 2672 2395 2725 τὸν
2422 2672 2552 2725 Υἰὸν
2584 2672 2680 2726 τοῦ
2738 2673 3081 2743 Πνεύματσς,
3139 2672 3214 2735 ώς
3263 2670 3324 2724 τδ
3376 2670 3604 2738 Πνεῦμα

2020 2763 2247 2832 λέγεται
2275 2764 2368 2818 τοῦ
2397 2764 2554 2829 Υίοῦ,
2591 2766 2729 2835 μήτε
2760 2767 2852 2819 τὸν
2884 2764 3015 2819 Υἰδν
3044 2765 3131 2820 διὰ
3161 2763 3256 2817 τοῦ
3285 2762 3611 2832 Πνεύματος

2021 2845 2570 2927 προῖέναιλέγεσθαι,
2601 2857 2726 2911 οὔτε
2757 2857 2976 2925 ἀῖδίως,
2996 2858 3177 2911 καίτοι
3222 2872 3285 2922 γε
3330 2856 3388 2907 ἐν
3443 2854 3605 2921 ἀλλήο

2021 2951 2132 3013 λοις
2162 2950 2301 3004 εἰσίν
2337 2966 2353 2983 ⁸
2385 2948 2513 3003 ὥστ’
2539 2950 2641 3004 οὑκ
2670 2949 2735 3005 ἂν
2774 2950 2981 3003 ἐκώλυε
3016 2950 3109 3002 καὶ
3144 2947 3211 3001 δι’
3243 2946 3489 3017 ἀλλήλων
3518 2944 3622 2998 λέσ

2022 3060 2143 3113 γειν
2170 3043 2368 3108 ταῦτα,
2393 3043 2587 3111 ἐφόσον
2618 3042 2827 3113 υἱότητι
2881 3043 3043 3112 μόνον
3073 3040 3237 3094 αὐτοῦ
3293 3040 3606 3108 διακρίνον-

2025 3153 2113 3189 ται
2147 3136 2242 3190 καὶ
2267 3138 2543 3208 γεννήσει,
2576 3133 2741 3191 αὐτοῦ
2792 3152 2855 3203 γε
2926 3134 3079 3197 ὄντος
3129 3133 3461 3203 ἐκπορευτοῦ
3514 3132 3607 3184 καὶ

2030 3228 2369 3298 Πνεύματος,
2402 3228 2519 3282 ἀλλ’
2554 3227 2705 3281 οὗτοι
2732 3243 2796 3295 γε
2832 3227 2910 3297 τῷ
2966 3227 3126 3296 αἰτίῳ
3194 3227 3290 3280 κα)⁸
3346 3224 3606 3294 θεογόνῳ,

2026 3318 2151 3373 οὕτε
2183 3321 2473 3390 χρονικῶς,
2501 3321 2683 3375 καίτοι
2716 3320 2972 3390 ἐπέμφθη
3005 3322 3041 3373 6‘
3060 3320 3190 3383 Υἱὸς
3221 3318 3313 3372 τοῦ
3339 3318 3474 3372 Θεοῦ
3507 3335 3612 3370 πα-

2031 3414 2098 3483 ρὰ
2123 3415 2215 3467 τοῦ
2243 3414 2456 3482 Πατρὸς
2490 3413 2707 3467 καὶτοῦ
2775 3414 3092 3483 Πνεύματος
3125 3428 3155 3444 ο·
3208 3412 3347 3466 ὥστε
3402 3412 3498 3463 καὶ
3545 3414 3611 3464 ἐκ

2027 3507 2241 3576 Πατρδς
2270 3505 2358 3559 διὰ
2383 3505 2703 3575 Πνεύματος
2735 3503 2889 3561 εἶπεν
2912 3507 2979 3562 ἀν
3005 3524 3089 3571 τις
3140 3506 3302 3559 αὑτὸν
3356 3503 3614 3574 πεμφθῆ-

2029 3615 2117 3651 ναι
2139 3598 2381 3661 οἰκείως.
2422 3599 2580 3653 Ἀλλὰ
2608 3600 2697 3654 διὰ
2728 3602 2797 3654 τὰ
2853 3600 3119 3671 εἰρημένα
3149 3599 3243 3653 καὶ
3301 3601 3450 3667 φυγῇ
3504 3597 3614 3650 τῶν

2029 3689 2281 3745 ἐντεῦθεν
2307 3691 2373 3743 ἂν
2429 3691 2914 3762 ἀκολουθησάντων
2967 3692 3186 3745 ἀτόπων
3255 3690 3317 3744 οὑ
3372 3689 3610 3757 λέγεται,

2030 3778 2164 3834 άλλά
2191 3778 2270 3851 τῷ
2297 3779 2386 3832 τὸν
2416 3780 2543 3832 Υἱὸν
2573 3779 3010 3853 προθεωρεῖσθαι
3041 3783 3136 3834 καὶ
3170 3780 3610 3851 προεκφέρεσθαί

2030 3890 2094 3942 γε
2120 3872 2214 3926 τοῦ
2250 3872 2586 3944 Πνεύματος,
2615 3874 2758 3927 αἵτε
2812 3875 3075 3944 ἰδιότητες
3105 3874 3198 3927 καὶ
3262 3871 3421 3927 πάνθ’
3477 3872 3611 3942 ὁμοῦ

2033 3963 2299 4029 σώζονται
2325 3965 2392 4018 τά
2422 3964 2520 4034 τῆς
2548 3964 2787 4027 πίστεως
2852 3963 3085 4031 ἀκίνητα
3137 3962 3406 4032 δόγματα.
3471 3963 3612 4029 Προ-

2030 4056 2319 4125 θεωρεῖται
2352 4054 2460 4126 γὰρ
2491 4055 2585 4108 τοῦ
2635 4054 2954 4125 Πνεύματος
3005 4055 3033 4106 6
3083 4055 3211 4118 Υίδς
3266 4055 3326 4107 οὑ
3388 4056 3457 4124 τῇ
3509 4052 3613 4123 ὁδῷ

2027 4144 2126 4199 τοῦ
2150 4145 2308 4215 λόγου
2337 4145 2437 4216 τῆς
2477 4146 2715 4214 φύσεως,
2753 4145 2888 4199 ἀλλά
2916 4147 2983 4216 τῇ
3018 4145 3123 4215 ὁδῷ
3152 4145 3247 4198 τοῦ
3280 4144 3379 4213 τῆς
3431 4144 3613 4205 αἰτίας

2028 4238 2213 4307 λόγου,
2248 4236 2306 4299 ὃς
2335 4240 2432 4301 τὰς
2466 4237 2616 4302 θείας
2647 4236 2975 4301 ὑποστάσεις
3000 4236 3268 4308 διέκρινεν
3295 4238 3353 4289 έν
3379 4238 3448 4308 τῇ
3479 4236 3612 4307 αὐτῇ

2028 4331 2130 4401 τῆς
2148 4329 2353 4407 ,οὐσίας
2386 4328 2624 4399 ἐνότητι.

346 4425 476 4495 παρ’
504 4426 636 4495 ἡμῖν
681 4423 1068 4491 ἐκφερόμενον,
1100 4422 1191 4475 καὶ
1214 4421 1357 4475 κατά
1385 4420 1483 4494 τὴν
1511 4424 1619 4475 τῶν
1647 4423 1925 4494 ὀνομάτων
1960 4431 2004 4485 1)
2101 4422 2259 4491 Λέγω
2303 4420 2358 4472 δὲ
2384 4419 2501 4473 ὁδὸν
2532 4420 2624 4472 τοῦ
2656 4420 2753 4489 τῆς
2786 4419 2966 4484 αἰτίας
2998 4420 3160 4489 λόγου
3188 4419 3247 4473 τό
3272 4437 3330 4473 τε
3363 4419 3616 4485 ἀναιτίως

344 4513 669 4571 ἀκολουθίαν
703 4513 869 4567 ἐνεκά
897 4530 959 4582 γε
994 4512 1090 4566 τοῦ
1124 4511 1200 4583 μὴ
1232 4513 1552 4583 συγχεῖσθαι
1585 4516 1684 4577 τάς
1736 4516 1932 4585 ἰδιότη-

241 4643 245 4647 ~
344 4626 467 4673 τας.
500 4608 683 4679 τρίτον
716 4605 878 4674 εἶναι,
913 4606 1009 4660 καὶ
1038 4606 1149 4659 τῶν
1181 4606 1409 4677 βαθμῶν
1436 4607 1539 4678 τῆς
1590 4610 1827 4678 φύσεως,
1891 4611 1924 4681 ἢ

347 4703 447 4771 τῆς
474 4700 630 4766 ἀξίας
658 4698 1068 4764 πιστεύσαντες,
1106 4699 1299 4773 ὥσπερ
1333 4701 1483 4772 μέσῳ
1511 4704 1618 4755 τινὶ
1678 4703 1756 4773 τῷ
1816 4703 1930 4774 Υἰῷ

345 4791 741 4861 διειργόμενον,
770 4792 865 4844 καὶ
893 4790 982 4845 διὰ
1008 4789 1168 4845 τοῦτο
1195 4792 1479 4863 προοεχῶς
1533 4791 1592 4847 ὃν
1612 4793 1672 4857 ἐξ
1728 4792 1894 4846 αὑτοῦ
1916 4811 1929 4825 ο

349 4883 381 4948 ἦ
421 4882 542 4936 κατ’
575 4881 774 4948 ἐνίους,
809 4885 906 4937 καὶ
932 4883 993 4952 ἐξ
1035 4883 1203 4938 αὑτοῦ
1239 4884 1427 4954 μόνου,
1456 4885 1556 4955 τῆς
1592 4888 1935 4959 προακτικῆς

348 4975 381 5043 ἢ
413 4973 708 5045 ποιητικῆς
737 4973 1023 5045 δυνάμεως
1120 4974 1187 5027 ἂν
1214 4973 1519 5045 προαχθείη
1583 4976 1643 5027 τὸ
1705 4974 1934 5045 Πνεῦμα

346 5071 425 5131 εἰς
458 5066 547 5121 τὸν
574 5065 708 5120 Υίὺν
730 5065 1064 5135 κενωθείσης
1093 5064 1316 5136 ἀπάσης
1343 5068 1438 5120 καὶ
1471 5064 1844 5136 ἀναλωθείσης
1870 5069 1935 5118 ἐκ

347 5159 443 5214 τοῦ
474 5160 708 5231 Πατρός.
739 5159 896 5213 Οὕτω
928 5159 1037 5232 γὰρ
1073 5159 1382 5231 ἐφλυάρουν
1422 5161 1644 5231 παχέως
1674 5160 1771 5230 τὴν
1837 5158 1934 5213 τοῦ

348 5252 480 5306 Υίοῦ
511 5253 814 5323 μεσιτείαν,
844 5255 941 5308 καὶ
960 5251 1060 5323 τὴν
1088 5252 1184 5306 τοῦ
1221 5252 1541 5322 Πνεύματος
1582 5253 1774 5323 τρίτην
1800 5269 1935 5307 κατ-

348 5344 793 5416 οιιομασίαν,οὑχ
843 5339 1071 5417 ἧττονῆ
1122 5344 1446 5414 κακούργως
1498 5345 1813 5418 νοήσαντες,
1862 5346 1937 5409 ώς

352 5439 450 5491 ἐπὶ
476 5438 589 5492 τῶν
620 5441 729 5492 ἀπό
779 5454 927 5502 τινος
983 5438 1181 5508 τρίτων
1230 5438 1724 5515 κατατεταγμένων
1776 5437 1854 5509 τῷ
1904 5438 1937 5508 ἧ

352 5530 683 5601 διαστήματι
716 5533 931 5602 χρόνου,
965 5531 998 5602 ἢ
1033 5532 1368 5602 διαστήματι
1407 5533 1600 5593 τόπου.
1633 5534 1664 5600 ἢ
1717 5533 1939 5602 διαδοχῇ

350 5623 455 5691 τῆς
482 5625 812 5691 γεννήσεως,
839 5624 874 5695 ἦ
911 5624 1334 5695 δραστηριότητι
1366 5624 1673 5696 δυνάμεως,
1709 5625 1740 5695 ἢ
1771 5625 1938 5690 ἀξιώ-

361 5730 533 5786 ματος
562 5712 853 5799 μεγαλείῳ,
884 5713 918 5785 ἦ
944 5714 1172 5786 τοιούτῳ
1195 5716 1302 5771 τινὶ
1333 5718 1394 5772 έν
1457 5718 1639 5789 σφίσιν
1700 5717 1829 5773 ἀλλο
1886 5734 1937 5773 τι

2031 4511 2173 4568 εῖναι
2200 4515 2296 4568 καὶ
2325 4512 2384 4565 τὸ
2412 4512 2698 4577 αἰτιατῶς,
2727 4514 2822 4568 καί¹
2850 4514 2911 4566 τὸ
2940 4513 3037 4567 ὼδί
3064 4531 3180 4578 πως
3208 4512 3492 4581 αίτιατῶς,
3525 4516 3615 4567 καὶ

2033 4606 2132 4659 ὅσα
2181 4605 2281 4674 τῆς
2328 4604 2423 4658 τοῦ
2470 4604 2642 4659 αἰτίου
2710 4606 3081 4676 παρωνυμίας
3129 4607 3259 4660 εἰσί.
3293 4607 3482 4660 Ταῦτα
3514 4610 3615 4677 γὰρ

2034 4698 2213 4752 πάντα
2244 4697 2338 4751 τοῦ
2374 4698 2536 4767 λόγου
2566 4699 2667 4768 τῆς
2717 4703 2931 4767 φύσεως
2961 4699 3342 4772 ἀποδιῄρηται.
3375 4702 3514 4756 Οὔτε
3546 4703 3607 4766 ὡς

2034 4790 2227 4857 αῐτιος,
2262 4790 2400 4844 ἀλλὰ
2443 4791 2649 4861 μᾶλλον
2677 4791 2752 4855 ὡς
2785 4792 2882 4847 ὡδί
2919 4809 3036 4856 πως
3068 4795 3310 4859 αἰτιατδς
3332 4835 3347 4858 ,
3384 4795 3460 4859 ώς
3494 4796 3615 4859 Υίδς

2036 4880 2261 4952 δηλαδὴ,
2303 4882 2494 4954 διότιή
2528 4883 2625 4937 τοῦ
2686 4882 2825 4938 Υίοῦη
2853 4886 3199 4956 προσηγορία
3246 4888 3343 4940 καὶ
3376 4887 3471 4942 τοῦ
3510 4888 3616 4941 Πα-

2037 4973 2165 5045 τρὸς
2184 4973 2340 5027 οὐδὲν
2370 4975 2658 5045 προσίεται
2706 4977 2870 5046 μέσον
2917 4977 3005 5030 διὰ
3037 4979 3103 5031 τὰ
3133 4977 3423 5049 εἰρημένα.
3479 4978 3536 5032 '0
3565 4978 3618 5032 δὲ

2038 5065 2228 5135 Πατὴρ
2266 5065 2362 5119 τοῦ
2393 5066 2526 5120 Υἰοῦ
2563 5071 2969 5140 προεπινοεῖται
3004 5070 3084 5140 τῷ
3126 5070 3231 5139 τῆς
3268 5072 3448 5134 αἰτίας
3479 5071 3620 5143 λόγῳ

2040 5159 2116 5222 ώς
2144 5159 2335 5228 αἴτιος,
2372 5160 2453 5214 ὅτι
2497 5160 2556 5227 ἐξ
2592 5161 2759 5216 αὑτοῦ
2816 5162 2876 5216 τὸ
2910 5158 3052 5216 εἶναι
3084 5164 3111 5218 6
3145 5165 3274 5229 Υἰδς
3313 5166 3448 5236 ἔχει.
3498 5168 3621 5219 Ὠσ-

2043 5252 2221 5318 αύτως
2245 5252 2301 5306 δὲ
2326 5255 2421 5308 καὶ
2450 5254 2546 5308 τοῦ
2584 5255 2920 5326 Πνεύματος,
2955 5256 3033 5327 τῷ
3060 5258 3231 5323 αῐτιος
3272 5259 3439 5313 αὑτοῦ
3483 5257 3624 5314 εἰναι

2045 5345 2072 5397 6
2114 5345 2304 5417 Πατὴρ
2336 5346 2411 5410 ώς
2443 5347 2770 5418 προϐάλλων
2812 5350 3285 5422 προτεθεώρηται.
3334 5354 3479 5405 Ἂλλ*
3508 5354 3537 5407 δ
3560 5370 3624 5421 γε

2047 5437 2174 5498 Υίὸς
2204 5443 2611 5507 προεπινοεῖται
2661 5441 2756 5494 τοῦ
2802 5441 3121 5508 Πνεύματος
3168 5444 3246 5514 τῷ
3288 5446 3349 5498 τὸ
3399 5445 3627 5517 Πνεῦμα

2046 5530 2107 5583 οὐ
2142 5535 2419 5601 γεννητῶς
2443 5532 2519 5596 ώς
2550 5534 2709 5596 αὐτὸς
2746 5537 2808 5587 ἐκ
2836 5537 2929 5588 τοῦ
2969 5538 3183 5607 Πατρδς
3211 5540 3456 5592 αἰτιατὺν
3485 5536 3627 5594 εἶναι

2045 5623 2141 5677 καί
2186 5623 2530 5692 ὑφεστάναι,
2560 5626 2679 5680 ἀλλ’
2711 5629 2899 5696 ἔτερόν
2943 5647 3068 5683 τινα
3094 5631 3320 5701 τρόπον,
3355 5633 3385 5685 6
3433 5634 3630 5704 σημαί-

2046 5717 2176 5771 νοιτ”
2208 5716 2275 5771 ἂν
2305 5715 2381 5787 τῷ
2420 5719 2494 5789 μὴ
2534 5718 2671 5789 μετά
2719 5720 2810 5775 τὸν
2861 5722 3079 5795 Πατέρα
3116 5724 3501 5796 ὁμολογεῖσθαι
3531 5726 3629 5781 εὑ-
