3904 6134
299 228 411 297 θ’ἰθ

1402 218 1782 286 GENNADII
1830 218 1943 280 (ΞΡ.
1981 210 2500 280 ΡᾹΤΒῘᾹΒΟΗΕ

3454 200 3571 276 680

437 294 666 398 ἀλλοιοῖ
706 337 932 409 ἱδρῶτες
972 333 1083 389 τῶν
1130 333 1269 404 πρὸς
1301 332 1403 396 τὰς
1446 330 1751 389 ἀντιθέσεις
1784 328 1885 397 τῆς
1915 333 1960 388 Δ
1988 326 2089 395 τῆς
2143 327 2401 397 ἀληθείας
2450 326 2702 386 ἕλκοντες
2739 320 2990 392 δέχεσθαι
3043 322 3260 391 μηχανῇ
3284 338 3413 386 τινι,
3440 323 3586 389 ἀφε-

303 432 663 505 ψευδωνύμου
719 429 975 500 γνώσεως
1031 425 1363 496 ἱσταμένων.
1397 422 1562 475 Ὥστε
1607 418 1789 488 τούτῳ
1825 419 1892 472 ἂν

302 524 383 593 τῷ
432 524 621 595 τρόπῳ
674 523 771 575 καὶ
826 522 991 591 ἡμεῖς
1043 514 1457 587 οἰκονομοῦντες
1516 513 1646 575 τούς
1697 509 1893 577 λόγους

305 616 463 685 ἡμῶν
492 614 549 666 ἐν
581 612 764 683 κρίσει
792 608 1074 679 πανταχοῦ
1101 608 1214 671 τοῖς
1239 605 1379 677 πρὸς
1407 605 1661 674 φυλακὴν
1690 600 1725 669 ἦ
1753 603 1896 654 οἰκο-

303 708 476 775 δομὴν
497 705 594 774 τῆς
622 703 862 767 πίστεως
885 700 1196 763 ἀκολούθως
1229 695 1602 769 χρησαίμεθα,
1630 693 1761 747 ποτέ
1795 690 1894 761 μὲν

305 800 418 862 τοῖς
465 799 524 851 ἐν
559 795 813 865 μεθοδεία
856 792 951 848 τοῦ
990 792 1235 846 διαϐόλου
1285 787 1581 842 καταλύειν
1613 782 1896 854 πειρωμέ-

308 908 423 953 νοις
455 890 623 960 αὐτὴν
670 885 1185 955 ἀγωνιστικώτερον
1215 882 1627 950 ἀνθιστάμενοι,
1667 877 1800 932 ποτὲ
1840 874 1898 928 δὲ

308 986 423 1047 τοῖς
466 980 870 1051 οἰκοδομεῖσθαι
915 976 1262 1048 βουλομένοις
1296 976 1354 1027 ἐν
1380 974 1519 1042 αὐτῇ
1552 970 1897 1025 ἀπλοΐκώτε-

312 1094 405 1147 ρον
444 1076 541 1129 καὶ
572 1073 901 1141 οἰκειότερον
931 1069 1102 1139 αὐτὴν
1152 1065 1511 1137 ἐξηγούμενοι
1535 1104 1551 1130 ,
1598 1063 1696 1116 καὶ
1741 1063 1897 1116 οὐδὲν

309 1170 438 1224 ἀλλο
491 1165 847 1234 ποιοῦντεςῆ
900 1165 1079 1216 ἐκεῖνο
1130 1162 1191 1215 τὸ
1243 1161 1393 1232 παρά
1440 1158 1533 1214 τοῦ
1572 1157 1897 1212 Ἀποστόλου

308 1262 621 1335 εἰρημένον,
652 1258 851 1314 εἰδέναι
885 1258 1004 1321 πῶς
1047 1256 1129 1311 δεῖ
1169 1256 1316 1326 ἡμᾶς
1366 1254 1445 1307 ἐνὶ
1497 1253 1716 1323 ἑκάστῳ
1764 1251 1900 1304 ἀπο-

311 1352 621 1425 κρίνεσθαι.

381 1435 511 1493 Οἶδα
533 1438 707 1492 τοίνυν
734 1438 830 1491 καὶ
864 1437 1055 1491 τοῦτον
1081 1436 1243 1490 αὐτὸν
1271 1435 1361 1489 τὸν
1419 1435 1593 1503 μέγαν
1617 1432 1899 1486 Βασίλειον

316 1533 761 1604 συγχωρήσαντα
811 1532 889 1601 τῷ
945 1531 1195 1601 Εὐνομίῳ
1256 1529 1317 1582 τὸ
1375 1531 1560 1600 τρίτον
1618 1522 1763 1581 εἶναι
1821 1528 1901 1598 τῷ

312 1623 612 1694 ἀξιώματι,
657 1624 731 1688 ῶς
776 1624 844 1678 ἀν
878 1624 973 1677 καί¹
1018 1622 1164 1675 οὑτω
1199 1622 1542 1694 περιτρέψας
1568 1622 1662 1673 τὸν
1706 1620 1899 1673 δυσσε-

1995 419 2121 471 τέον
2150 418 2311 471 τοῦτο
2345 416 2487 488 μετά
2514 416 2619 487 τῆς
2648 414 2787 486 πρὸς
2818 415 2913 468 τὸν
2954 412 3178 467 εἰπόντα
3205 414 3394 482 τιμῆς.
3428 413 3591 466 Οὑτω

1996 511 2103 581 γάρ
2161 511 2530 578 Δύγουστῖνος
2588 510 2650 563 ἐν
2705 510 2775 578 τῇ
2827 506 2968 578 πρδς
3016 505 3109 561 τόν
3174 506 3586 575 Φουρτουνάτον

1995 601 2257 671 ἐπιστολῇ
2304 598 2671 670 συμϐουλεύει
2702 598 2906 662 καλῶς.
2945 617 2964 651 ι
3013 597 3151 653 Οὐδέ
3184 596 3284 660 τὰς
3316 596 3593 650 ὡντινων-

1997 690 2117 756 οῦν,
2185 692 2345 762 φησὶ,
2381 691 2651 757 διαλέξεις
2703 690 2811 744 κάν
2867 690 3151 744 καθολικοί
3200 705 3345 752 τινες
3398 689 3596 758 ἄνδρες

1998 775 2105 835 ῶσι
2137 784 2232 837 καὶ
2266 782 2608 854 περιϐόητοι,
2642 784 2835 854 ὥσπερ
2884 785 2981 859 τὰς
3016 784 3312 847 κανονικάς
3364 784 3595 852 Γραφὰς

2000 873 2151 944 ἔχειν
2185 875 2495 946 ὀφείλομεν,
2528 877 2604 940 ὡς
2642 877 2719 949 μὴ
2762 878 2963 943 ἐξεῖναι
2995 882 3092 934 καὶ
3135 880 3291 949 ἡμῖν,
3336 878 3595 947 σωζομέ-

1999 974 2223 1041 νηςτῆς
2254 970 2616 1043 ὀφειλομένης
2669 972 2855 1035 αὐτοῖς
2900 974 3093 1043 τιμῆς,
3134 973 3189 1027 τὶ
3256 974 3367 1028 τῶν
3397 974 3457 1025 ἐν
3482 975 3597 1033 τοῖς

1999 1064 2187 1116 αὐτῶν
2223 1066 2659 1136 συγγράμμασιν
2690 1066 3121 1137 ἀποδοκιμάζειν
3156 1069 3252 1122 καὶ
3281 1067 3595 1130 διαπτύειν,

2000 1157 2053 1210 εῖ
2082 1156 2214 1210 ποτέ
2242 1174 2295 1211 τι
2318 1158 2683 1228 φωράσαιμεν
2710 1157 2738 1211 δ
2765 1158 2940 1224 άλλως
2974 1157 3289 1231 φρονοῦσιν,
3320 1159 3356 1229 ἢ
3389 1160 3423 1229 ἡ
3454 1158 3597 1227 ἀλή-

2004 1247 2128 1300 θεια
2184 1245 2302 1317 ἔχει
2348 1250 2414 1317 τῇ
2464 1248 2562 1301 τοῦ
2614 1247 2752 1304 Θεοῦ
2790 1248 3039 1321 βοηθείᾳ,
3089 1246 3125 1321 ἢ
3173 1253 3301 1321 παρ’
3333 1250 3531 1313 ἀλλων,
3561 1251 3595 1319 ἢ

2002 1338 2137 1410 παρ’
2171 1340 2333 1411 ἡμῶν
2377 1339 2655 1412 νοηθεῖσα.
2701 1361 2721 1394 ›
2765 1340 2911 1410 Ἐγὼ
2946 1344 3077 1411 γοῦν
3111 1339 3352 1407 τοιοῦτός
3380 1344 3499 1413 εἰμι
3534 1345 3594 1396 ἐν

1999 1433 2114 1497 τοῖς
2148 1432 2276 1501 περί
2321 1431 2430 1486 τῶν
2464 1432 2638 1501 ἀγίων
2694 1433 3127 1505 συγγράμμασιν
3154 1476 3170 1501 ,
3231 1424 3379 1499 οῖόυς
3428 1430 3585 1490 εἶναι

2002 1524 2142 1578 θέλω
2190 1526 2319 1589 τοὺς
2361 1525 2434 1579 τά
2483 1526 2731 1597 ἡμέτερα
2764 1528 3073 1596 μετιόντας.

2073 1617 2165 1670 Διὸ
2226 1617 2322 1670 καὶ
2362 1619 2607 1688 Θωμᾶς,
2648 1619 2773 1673 ἐπεὶ
2819 1619 2913 1674 τὸν
2963 1619 3330 1688 Δύγουστῖνον
3386 1616 3599 1688 εὕρηκε

231 1757 242 1768 .
317 1688 412 1786 ϐἡ,
442 1688 509 1770 ἐκ
542 1688 864 1787 περιουσίας
915 1714 1204 1787 καταϐάλῃ
1260 1688 1321 1766 τὸ
1366 1688 1592 1781 ψεῦδος.
1643 1706 1777 1765 οἰδα
1806 1711 1903 1764 καί⁵
1935 1688 1979 1747 Β
2009 1710 2242 1779 λέγοντα
2275 1710 2377 1782 τὴν
2406 1709 2586 1782 ψυχὴν
2636 1711 2732 1765 τοῦ
2771 1710 3066 1784 ἀνθρώπου
3114 1711 3599 1782 δημιουργηθῆναι

321 1808 412 1862 τὸν
447 1807 697 1876 θεολόγον
733 1806 1041 1878 Γρηγόριον
1087 1806 1222 1875 περὶ
1269 1803 1361 1857 τοῦ
1403 1804 1653 1875 μείζονος
1694 1804 1754 1857 ἐν
1784 1806 1904 1868 ταῖς
2010 1802 2154 1873 μετά
2188 1802 2299 1857 τῶν
2332 1802 2586 1872 ἀγγέλων
2631 1804 2740 1873 πρὸ
2784 1803 2882 1858 τοῦ
2930 1803 3206 1875 σώματος,
3253 1804 3391 1875 μετά
3419 1804 3599 1858 ταῦτα

321 1901 460 1971 πρὸς
501 1900 817 1972 ’Ᾱρειανούς
872 1898 1176 1966 διαλέξεσιν
1235 1900 1438 1953 οὑτωσὶ
1489 1898 1738 1965 λέγονταο
1778 1916 1796 1949 ι
1835 1898 1906 1950 Ἦ
2007 1893 2068 1948 δὲ
2118 1894 2227 1967 ἰδίᾳ
2251 1896 2511 1968 βουλήσει
2566 1896 2732 1971 ῥέψαι
2774 1898 2946 1971 αὐτὴν
2976 1898 3115 1969 πρὸς
3150 1897 3212 1951 τὸ
3243 1898 3403 1967 σῶμα
3455 1897 3598 1967 πρός

320 1993 482 2062 δῆλον
519 1994 602 2045 ὅτι
636 1992 697 2046 τὺ
728 1990 910 2062 μεῖζόν
944 1991 1064 2044 ἐστι
1106 1991 1208 2059 τῆς
1240 1988 1445 2054 αἰτίας,
1472 1988 1532 2042 τὸ
1564 1988 1621 2042 δὲ
1662 1989 1776 2043 ίσον
1808 1990 1907 2057 τῆς

330 2087 570 2155 φύσεως,
608 2088 705 2139 καὶ
730 2083 889 2138 τοῦτο
940 2085 1046 2137 ὑπὸ
1092 2083 1296 2153 πολλῆς
1322 2082 1746 2153 εὐγνωμοσύνης
1776 2099 1909 2151 συγο

321 2178 611 2251 χωροῦμεν
645 2180 809 2250 ἡμεῖς
831 2217 847 2244 ,
883 2175 1279 2245 συγκαθιέντες
1322 2176 1570 2246 δηλονότι
1609 2175 1689 2245 τῷ
1737 2176 1905 2246 λόγῳ,

322 2271 413 2324 ἵνα
446 2287 506 2323 σε
536 2270 631 2324 καῖ
660 2268 803 2322 οὑτω
832 2266 1164 2338 ἐλέγξωμεν.
1205 2285 1223 2319 ι
1259 2261 1393 2320 Εἶτα
1422 2264 1643 2335 ἐπάγει,
1669 2285 1687 2317 ι
1718 2264 1907 2320 Ταῦτα

328 2364 429 2430 μὲν
478 2363 617 2433 πρὸς
655 2362 782 2423 τούς
828 2360 890 2415 τὸ
925 2359 1113 2431 μεῖζον
1162 2358 1572 2430 κομπάζοντας.
1603 2376 1623 2411 ε
1665 2358 1775 2412 Καὶ
1815 2357 1911 2411 τὸν

330 2456 507 2524 μέγαν
547 2453 867 2509 Ἀθανάσιον
901 2453 1055 2522 εὑροι
1101 2470 1186 2517 τις
1223 2452 1292 2507 ἂν
1335 2451 1608 2523 πολλαχοῦ
1642 2455 1708 2524 τῇ
1749 2452 1913 2523 χρείᾳ

326 2546 434 2598 τῶν
491 2544 721 2613 ἀγώνων
782 2544 1172 2612 συγκαθιέντα.
1224 2539 1322 2607 Οἷς
1390 2544 1812 2614 ἐντυγχάνοντες
1860 2545 1914 2598 οῖ

334 2634 473 2708 πρὸς
503 2636 655 2706 ἡμᾶς
680 2635 1085 2705 διενενηγμένοι
1114 2634 1211 2687 καὶ
1241 2633 1342 2702 τὴν
1378 2632 1606 2704 πάτριον
1630 2631 1908 2704 ἀλήθειαν,

340 2728 594 2799 καθάπερ
629 2728 685 2781 αί
716 2726 874 2795 μυῖαι
920 2729 1039 2790 ταῖς
1073 2724 1496 2797 ἀσθενεστέραις
1528 2724 1691 2795 σαρξὶ
1736 2742 1913 2797 προσ-

332 2822 581 2891 φύονται,
604 2820 699 2878 καὶ
734 2819 932 2891 μικρόν
956 2837 1011 2873 τι
1044 2817 1481 2890 παρεξηγὴσεως
1510 2818 1714 2889 χρῶμα
1742 2835 1915 2889 προσ.

326 2914 680 2981 τεθεικότες,
729 2908 854 2966 εἶτα
902 2913 996 2966 καὶ
1033 2911 1265 2982 φυσικόν
1295 2926 1422 2965 τινα
1472 2909 1634 2981 λόγον
1683 2911 1915 2981 ἐπιμορ-

2006 1986 2069 2040 τὺ
2098 1986 2463 2058 ὑπουργῆσαι
2495 1992 2561 2061 τῇ
2595 1988 2870 2061 βουλήσει,
2898 1992 3076 2044 καίτοι
3109 1990 3203 2045 καὶ
3244 1990 3374 2062 περὶ
3405 1991 3597 2044 πασῶν

2006 2078 2120 2133 τῶν
2165 2078 2354 2150 ψυχῶν
2408 2079 2559 2133 δοκεῖ
2613 2083 2834 2150 φρονεῖν
2892 2083 2958 2134 ἐκ
3011 2079 3222 2134 πολλῶν
3251 2080 3594 2149 τεκμηρίων,

2008 2170 2124 2226 ἀλλ’
2155 2166 2250 2225 οῦν
2292 2172 2320 2225 δ
2373 2185 2439 2241 γε
2467 2171 2675 2242 Θωμᾶς
2701 2172 2835 2242 πρὸς
2874 2172 2936 2226 τὸ
2972 2172 3182 2242 βέλτιον
3212 2169 3598 2244 μεταρρυθμίε-

2010 2264 2128 2328 ζειν
2169 2264 2432 2333 πειρᾶται
2488 2262 2589 2336 τὴν
2641 2264 2825 2331 δόξαν.
2877 2264 3035 2320 Οῦτω
3086 2265 3268 2320 τοίνυν
3318 2263 3595 2335 εὑρίσκων

2012 2357 2177 2412 αὐτὸν
2204 2360 2756 2431 πεφρονηκότα,τοῖς
2788 2360 2972 2424 ἀλλοις
3006 2360 3183 2428 ἁγίοις
3215 2359 3428 2413 τίθεται
3455 2357 3598 2428 μᾶλ-

2011 2451 2127 2518 λον,
2158 2451 2211 2505 οῖ
2266 2453 2367 2522 τὴν
2414 2452 2595 2523 ἀληθῆ
2639 2451 2800 2519 δόξαν
2855 2448 3129 2518 ἐδόξαζον.
3173 2450 3453 2515 Ὠσαύτως
3501 2454 3595 2506 καὶ

2012 2546 2147 2616 περὶ
2194 2545 2305 2598 τῶν
2350 2546 2623 2618 οὐρανίων
2683 2547 2955 2618 σωμάτων
2994 2544 3325 2617 Ἱερώνυμόν
3379 2559 3440 2597 τε
3497 2544 3595 2598 καὶ

2011 2638 2381 2707 Δύγουστῖνον
2425 2639 2525 2693 οὐκ
2556 2638 2740 2711 ὀρθῶς
2782 2640 3155 2710 ὑπειληφότας
3182 2635 3362 2709 εὑρὼν
3391 2636 3442 2700 τό
3476 2635 3596 2689 Θω-

2018 2731 2173 2800 μᾶς),
2199 2728 2421 2802 ἐμψυχα
2450 2733 2561 2802 γάρ
2606 2732 2747 2785 αὐτά
2787 2730 3234 2802 πεφρονήκεσαν,
3266 2728 3364 2781 καὶ
3394 2726 3597 2797 μᾶλλον

2014 2822 2132 2889 ὅγε
2178 2821 2525 2893 Ἱερώνυμος,
2573 2825 2640 2894 τῇ
2691 2822 2786 2878 τοῦ
2843 2823 3125 2877 Βασιλείου
3167 2824 3263 2876 καὶ
3300 2823 3599 2888 Δαμασκη-

2014 2912 2108 2968 νοῦ
2131 2912 2240 2966 τῶν
2271 2914 2561 2983 ἡμετέρων
2616 2914 2746 2986 δόξῃ
2779 2915 2990 2968 τίθεται
3038 2915 3265 2987 μᾶλλον,
3297 2912 3455 2976 εἰδὼς
3500 2908 3600 2965 καὶ

327 3007 633 3075 φώσαντες,
672 3004 764 3059 ἐπὶ
820 3001 1050 3060 κενώσει
1104 3004 1198 3058 τοῦ
1250 3003 1377 3060 καθ’
1409 3004 1560 3075 ἡμᾶς
1602 3003 1911 3075 μυστηρίου
1937 3025 1984 3089 G
2015 3004 2115 3072 τῆς
2171 3005 2471 3075 καθολικῆς
2514 3006 2847 3077 Ἐκκλησίας
2885 3005 3061 3061 ταῦτα
3113 3005 3273 3071 δόξαν
3324 3001 3490 3059 εἶναι.
3522 3002 3598 3057 Οὐ

326 3098 520 3168 δήπου,
552 3095 722 3170 ᾤοντο
754 3098 815 3151 τὸ
865 3098 975 3152 πᾶν
1014 3097 1161 3168 εχειν
1208 3096 1498 3151 ἐντεῦθεν*
1540 3096 1638 3149 καὶ
1684 3095 1914 3160 πολλοὺς

329 3192 733 3262 χειρωσάμενοι
757 3190 826 3244 δι’
857 3191 1135 3261 ἀμάθειαν
1163 3191 1272 3245 τῶν
1295 3191 1556 3246 τοιούτων
1586 3190 1683 3245 καὶ
1708 3190 1915 3260 αἰχμα-

329 3280 513 3335 λώτων
553 3282 844 3350 ἀπήγαγον
872 3321 888 3347 ,
939 3283 1211 3351 σοφιστῶν
1235 3321 1253 3350 ,
1301 3283 1364 3338 οὐ
1425 3282 1697 3352 θεολόγων
1748 3282 1916 3353 ἔργον

334 3374 722 3442 πεποιηκότες.

422 3461 566 3516 Ἀλλ’
591 3462 619 3515 ό
646 3462 820 3532 μέγας
856 3461 1380 3530 Διονύσιος,ι⁹Εστι,
1415 3462 1567 3532 φησί,
1592 3462 1702 3515 τῶν
1739 3462 1816 3532 μὴ
1849 3462 1918 3518 τά

336 3553 459 3609 θεῖα
487 3556 708 3624 φρονεῖν
736 3554 1033 3608 ἐθελόντων
1064 3553 1126 3608 τὸ
1176 3553 1254 3625 μὴ
1284 3557 1354 3625 τῇ
1386 3554 1622 3624 δυνάμει
1654 3556 1748 3610 τοῦ
1786 3572 1916 3611 σκυ-

335 3646 439 3700 πού
474 3645 789 3717 προσέχειν,
836 3645 974 3699 ἀλλά
1019 3647 1140 3709 ταῖς
1174 3645 1377 3710 λέξεσι.
1426 3664 1445 3699 ι
1501 3649 1612 3701 Καὶ
1663 3648 1692 3702 ό
1738 3649 1920 3721 μέγας

347 3737 672 3799 ’Δθανάσιος
727 3740 784 3791 ἐν
823 3737 900 3808 τῷ
945 3740 1086 3791 κατὰ
1148 3739 1449 3808 Ἀρειανῶν
1496 3740 1668 3811 τρίτῳ
1695 3779 1713 3807 ,
1762 3759 1781 3793 ι
1827 3744 1921 3797 Δεῖ

337 3830 418 3895 δέ,
447 3829 634 3900 φησὶν,
678 3826 755 3893 ὡς
802 3830 895 3882 ἐπὶ
941 3830 1124 3900 πάσης
1171 3831 1272 3901 τῆς
1313 3830 1464 3895 θείας
1495 3831 1721 3903 Γραφῆς
1753 3851 1921 3904 προσ-

333 3930 462 3998 ήκει
491 3927 686 3992 ποιεῖν,
720 3926 816 3979 καὶ
847 3925 1149 3993 ἀναγκαῖόν
1184 3926 1335 3978 ἐστιν
1360 3965 1375 3992 ,
1407 3922 1552 3977 οὑτω
1599 3925 1697 3977 καὶ
1730 3924 1922 3979 ἐνταῦο

338 4020 427 4087 θα,
459 4019 582 4074 καθ’
612 4017 672 4073 ὃν
708 4015 860 4073 εἶπεν
886 4022 914 4074 ὁ
956 4019 1283 4083 Ἀπόστολος
1306 4018 1501 4088 καιρὸν
1533 4019 1628 4072 καὶ
1655 4018 1716 4071 τὸ
1751 4019 1921 4087 πρόσ-

336 4128 508 4175 ωπον,
539 4109 632 4164 καὶ
661 4113 847 4164 τόπον
888 4110 1079 4180 διόπερ
1121 4109 1331 4181 ἔγραψε
1387 4110 1601 4174 πιστῶς
1638 4110 1924 4178 ἐκλαμϐά-

335 4220 469 4265 νειν,
496 4202 585 4257 ῖνα
613 4202 688 4272 μὴ
724 4204 875 4272 παρά
905 4203 1099 4269 ταῦτα,
1134 4203 1167 4273 ἢ
1196 4204 1293 4257 καὶ⁴
1327 4202 1462 4274 παρ’
1496 4204 1685 4274 ἕτερόν
1714 4220 1766 4258 τι
1787 4203 1917 4257 τού-

338 4313 448 4349 των
477 4294 689 4364 ἀγνοῶν
723 4297 751 4348 ό
788 4294 1207 4363 ἀναγινώσκων,
1245 4294 1351 4361 ἔξω
1378 4296 1477 4366 τῆς
1510 4294 1771 4365 ἀληθινῆς
1806 4294 1924 4347 δια·

2016 3098 2125 3169 γὰρ
2154 3097 2447 3153 ἐλάνθανεν
2474 3100 2637 3153 αὐτὸν
2664 3100 2747 3153 ὅτι
2785 3101 2936 3170 παρὰ
2960 3099 3059 3169 τῆς
3077 3099 3345 3170 πέμπτης
3374 3098 3601 3151 συνόδου

2016 3192 2112 3244 καὶ
2142 3191 2176 3261 ἡ
2212 3191 2559 3263 προῦπαρξις
2605 3190 2716 3245 τῶν
2745 3192 3105 3263 ἀνθρωπίνων
3155 3192 3373 3263 ψυχῶν,
3416 3192 3516 3245 καὶ
3541 3192 3604 3245 τ³>

2017 3282 2238 3354 ἔμψυχα
2270 3284 2337 3337 τὰ
2371 3285 2599 3354 οὐράνια
2633 3282 2861 3352 σώματα
2890 3280 3051 3351 εἶναι,
3080 3288 3174 3338 καὶ
3207 3286 3262 3341 αἰ
3306 3284 3439 3339 ἰδέαι
3464 3326 3480 3351 ,
3507 3288 3605 3339 καὶ

2016 3376 2087 3428 τά
2131 3375 2448 3446 Ὠριγένους
2477 3375 2666 3439 ἁπλῶς
2700 3376 2875 3430 εἰπεῖν
2914 3376 3083 3446 ψευδῆ
3128 3377 3376 3448 δόγματα
3399 3416 3415 3439 .
3460 3378 3605 3446 μάλ-

2019 3462 2111 3517 λον
2155 3464 2215 3517 δὲ
2256 3464 2367 3519 τῶν
2420 3465 2740 3536 Μανιχαίων
2820 3467 2914 3522 καὶ
2972 3466 3261 3533 Πλάτωνος
3292 3468 3608 3540 ἀναθεματι

2020 3554 2543 3628 καθυπεϐλὴθησαν.
2578 3558 2687 3611 Καὶ
2733 3559 2763 3611 ό
2790 3558 3019 3630 Νύσσης
3045 3559 3101 3612 δὲ
3133 3560 3461 3631 Γρηγόριος,
3496 3564 3609 3615 A5-

2022 3646 2291 3718 γουστίνῳ
2318 3648 2396 3716 τῷ
2423 3647 2681 3719 μακαρίῳ
2706 3649 2948 3719 συνᾴδων
2971 3652 3028 3704 ἐν
3058 3653 3123 3720 τῇ
3157 3653 3287 3720 περὶ
3316 3652 3415 3721 τῆς
3446 3653 3610 3721 Ἐξα-

2021 3741 2235 3812 ημέρου
2290 3740 2582 3812 ἀπολογίᾳ,
2629 3760 2648 3793 ι
2690 3744 2774 3795 Τά
2820 3744 2876 3797 δέ
2934 3745 3199 3817 ἡμέτερα,
3237 3747 3394 3814 φησὶ,
3424 3745 3502 3809 ὡς
3544 3749 3610 3800 ὲν
3664 3798 3675 3811 ,

2026 3832 2312 3903 γυμνασίᾳ
2341 3832 2447 3886 τινὶ
2490 3834 2867 3902 στοχαστικῶς
2897 3832 3321 3905 ἐπιχειρούμενα
3354 3836 3469 3899 τοῖς
3515 3839 3611 3888 ιν-

2021 3925 2359 3994 τυγχάνουσι
2395 3925 2732 3995 προκείσθω,
2788 3927 3066 3996 μηδεμιᾶς
3105 3926 3297 3995 μηδενὶ
3325 3925 3416 3980 διά
3442 3926 3612 3980 τοῦτο

2024 4013 2228 4085 βλάϐης
2293 4015 2778 4085 προσγινομένης,
2839 4017 2893 4069 εῖ
2940 4032 2993 4069 τι
3050 4018 3205 4087 παρά
3259 4018 3358 4088 τὴν
3406 4018 3592 4088 κοινὴν

2024 4104 2297 4175 ὑπόληψιν
2347 4108 2406 4158 ἐν
2458 4108 2573 4170 τοῖς
2624 4107 2941 4178 λεγομένοις
3001 4109 3435 4176 εὑρίσκοιτο.οὐ
3491 4111 3611 4179 γὰρ

2023 4196 2201 4267 δόγμα
2234 4196 2326 4250 τὸν
2356 4195 2516 4265 λόγον
2564 4198 2896 4268 ποιούμεθα,
2933 4198 3076 4254 ὥστε
3117 4202 3374 4270 ἀφορμὴν
3420 4201 3611 4255 δοῦναι

2024 4288 2131 4351 τοῖς
2191 4286 2539 4341 διαϐάλλουσι
2565 4302 2581 4320 ο
2610 4291 2704 4342 καὶ
2735 4289 3108 4361 ὁμολογοῦμεν
3160 4292 3465 4359 γυμνάζειν
3501 4291 3606 4358 μό-

340 4388 489 4451 νοίας
514 4388 763 4459 γένηται.
802 4406 818 4437 ι
844 4387 954 4441 Καὶ
988 4385 1108 4455 μετ’
1147 4387 1331 4454 ὀλίγον
1356 4401 1371 4416 ⁸
1409 4404 1431 4438 «ι
1476 4387 1648 4441 Ὅταν
1696 4387 1799 4456 μὲν
1828 4384 1922 4439 οὑν
1952 4384 1999 4439 ι)
2028 4397 2116 4433 νον
2162 4379 2373 4434 ἑαυτῶν
2415 4382 2515 4452 τὴν
2549 4382 2797 4436 διάνοιαν
2830 4386 2942 4457 τοῖς
2974 4386 3362 4454 προκειμένοις
3392 4386 3612 4454 νοήμαο

340 4481 451 4534 τῶν
485 4483 747 4533 τοιούτων
801 4474 905 4552 ἔχῃ
954 4496 1039 4541 τις
1092 4479 1275 4543 καλῶς
1328 4477 1428 4551 τὴν
1484 4479 1722 4548 γνῶσιν,
1759 4478 1928 4549 ὀρθὴν

342 4573 457 4642 ἔχει
513 4572 609 4624 καὶ
658 4570 1015 4639 ὑγιαίνουσαν
1060 4571 1160 4640 τῆς
1215 4571 1459 4635 πίστεως
1516 4571 1616 4640 τὴν
1658 4570 1924 4625 διάνοιαν⁹

344 4670 441 4720 ἐὰν
467 4666 527 4720 δὲ
552 4664 684 4736 παρ’
718 4664 905 4733 ἕτερόν
929 4681 1015 4727 τις
1044 4662 1367 4737 ἐκλαμϐάνει
1396 4663 1624 4730 τούτων,
1651 4663 1815 4727 εὐθὺς
1848 4665 1930 4727 εἰς

344 4760 557 4829 αἰρεσιν
592 4756 872 4815 ἐκπίπτει.
933 4756 1117 4810 Ταυτδ
1161 4756 1218 4809 δὲ
1278 4756 1436 4810 τοῦτο
1486 4756 1581 4809 καί
1636 4755 1929 4827 Κύριλλος,

345 4854 441 4906 καὶ
466 4850 719 4920 Μάξιμος
762 4849 860 4903 καὶ
883 4850 909 4902 ὁ
942 4849 1330 4919 Χρυσόστομος
1364 4846 1817 4931 συμϐουλεύουσι.

950 4941 1204 4996 ΚΕΦΑΛ.
1251 4938 1329 4995 Θ’.

347 5036 481 5090 Ὅτι
515 5035 800 5115 ιίνόητοη,
921 5035 1226 5115 δυσσεβὲς
1252 5074 1295 5115 ,_
1323 5033 1375 5115 ἢ¹
1409 5035 1784 5115 φιλόνεικον,
1826 5036 1926 5115 κα]

420 5107 570 5162 κατὰ
596 5103 715 5160 τῶν
751 5103 937 5177 ἁγίων
988 5103 1188 5177 αὐτῶν
1212 5146 1226 5167 ,
1270 5104 1410 5171 ἑνός
1456 5121 1623 5169 τινος
1673 5105 1850 5177 ᾀγίου
1886 5106 1924 5173 ἢ

418 5180 591 5234 δυοῖν
620 5174 809 5242 δόξαν
838 5178 1000 5243 ὅπως
1033 5176 1181 5228 ποτὲ
1209 5177 1532 5243 εἰρημένην·
1554 5174 1739 5239 αὐτῷ,
1780 5191 1923 5243 προ-

295 5287 302 5313 λ
420 5248 597 5320 τιμᾷν
642 5248 924 5318 Γραθὼν,
952 5245 1364 5320 συνόδων-καί
1416 5244 1770 5320 τῆςβκοιγῇς
1794 5253 1924 5320 θεο-

299 5329 308 5387 ὶ
424 5313 638 5390 λόγῖίας
670 5313 789 5374 καί
822 5320 1145 5389 ὁμολογίας
1188 5313 1307 5370 τῶν
1354 5315 1605 5370 πολλῶν
1631 5315 1926 5369 διδασκά-

420 5396 567 5444 λων.

428 5484 619 5537 Καίτοι
646 5501 708 5551 γε
739 5485 838 5538 καὶ
894 5482 1080 5552 σαφῶς
1112 5480 1406 5551 εἰρημένον
1436 5497 1486 5532 τι
1521 5480 1672 5549 παρά
1698 5497 1790 5531 του
1820 5479 1928 5533 τῶν

356 5576 547 5642 ἁγίων,
582 5579 629 5627 εἰ
665 5575 742 5645 μὴ
780 5575 873 5627 καί.
912 5577 1033 5635 ταῖς
1080 5576 1288 5637 κοιναῖς
1325 5573 1631 5643 ὐπολήψεσι
1687 5572 1927 5641 συνᾴδει,

354 5670 405 5721 εἰ
455 5669 530 5737 μὴ
571 5668 665 5720 καὶ
709 5667 868 5719 τοῦτο
901 5666 1184 5737 δυνάμεοα
1215 5666 1351 5738 προς
1386 5666 1477 5718 τὸν
1512 5664 1688 5735 ἀληθῆ
1724 5668 1926 5720 κανόνα

2027 4488 2133 4536 σιν,
2173 4472 2236 4525 οὐ
2265 4472 2615 4528 διδασκαλίαν
2644 4475 2979 4545 ἐξηγητικὴν
3027 4479 3141 4539 τοῖς
3176 4476 3375 4546 ἐφεξῆς
3405 4477 3607 4529 ἀποτί-

2029 4559 2248 4616 θεσθαι.
2292 4581 2313 4616 ι
2345 4565 2445 4620 Διά
2501 4565 2708 4636 ταύτην
2753 4567 2811 4619 δὲ
2855 4566 2965 4639 ἀρα
3023 4569 3124 4636 τὴν
3183 4566 3615 4636 εὐγνωμοσύνην

2023 4654 2387 4722 Αὐγουστῖνός
2417 4675 2477 4711 τε
2510 4658 2608 4712 καλ⁸
2636 4660 2664 4713 ό
2709 4658 2936 4731 Νύσσης
2986 4662 3112 4723 ταῖς
3158 4660 3268 4713 τῶν
3320 4661 3612 4729 μακαρίων

2025 4746 2293 4816 τιμῶνται
2322 4752 2535 4818 τιμαῖς.
2565 4750 2751 4805 καίτοι
2780 4751 2947 4817 δοξῶν
2987 4752 3171 4805 αὐτῶν
3212 4751 3373 4807 ἐνίων
3411 4752 3612 4807 ἀποδο⁴

2029 4837 2444 4909 κιμαζομένων.
2497 4840 2673 4895 Τοῦτο
2713 4842 2760 4894 δ’
2796 4843 2896 4896 οὐκ
2942 4842 3009 4897 ἀν
3057 4839 3205 4914 εἰχον
3231 4845 3296 4897 τὸ
3336 4844 3528 4913 γέρας,
3559 4845 3611 4897 εἰ

2035 4930 2356 5000 φιλονείκως
2397 4933 2495 5003 τῆς
2532 4932 2673 4997 ἰδίας
2709 4935 2935 5004 γνώμης
2965 4935 3300 5004 ἀντείχοντο.

2104 5021 2294 5092 Τούτῳ
2346 5023 2526 5077 τοίνυν
2580 5026 2660 5095 τῷ
2710 5025 2899 5079 κανόνι
2943 5027 3040 5080 καὶ
3072 5028 3238 5097 ἡμεῖς
3271 5028 3615 5097 στοιχοῦντες

2030 5114 2143 5167 τῶν
2181 5114 2555 5184 διδασκάλων,
2602 5118 2948 5184 ἐξετάζοντες
3011 5119 3107 5172 καὶ
3162 5120 3433 5190 πρόσωπα
3457 5163 3472 5185 ,
3516 5122 3615 5175 καὶ

2032 5208 2283 5279 καιροὺς,
2318 5211 2411 5261 καὶ
2465 5209 2689 5279 χρείαν,
2742 5209 2852 5262 τῶν
2884 5212 2995 5273 τοῖς
3047 5209 3224 5279 ἁγίοις
3255 5213 3567 5281 είρημένων
3588 5251 3606 5276 ,

2032 5303 2128 5353 καὶ
2158 5299 2255 5367 τῆς
2287 5300 2567 5369 ἀληθείας,
2601 5302 2697 5355 σύν
2716 5301 2836 5370 Θεῴ
2861 5302 2917 5355 δὲ
2948 5302 3209 5372 εἰρήσθω,
3234 5304 3293 5356 οὐ
3317 5303 3611 5357 διαπίπτο-

2037 5408 2135 5460 μεν
2157 5408 2170 5423 ο
2200 5393 2321 5445 ὅθεν
2348 5394 2439 5445 καί
2468 5392 2566 5455 τὰς
2596 5394 2785 5463 ῥήσεις
2833 5394 3048 5457 ἐκείνας
3078 5395 3185 5447 τῶν
3234 5396 3597 5461 διδασκάλων,

2030 5484 2095 5546 ἀς
2135 5484 2577 5555 παρεξηγοῦνταί
2610 5502 2754 5550 τινες
2797 5487 3152 5555 σοφιστικῶς,
3188 5486 3221 5556 ἢ
3252 5486 3495 5555 ἀμαθῶς,
3528 5490 3610 5551 εἰς

2032 5580 2122 5629 τὶν
2153 5577 2252 5646 τῆς
2285 5578 2546 5648 ἀληθείας
2587 5582 2792 5632 σκοπδν
2842 5581 3027 5650 ἡμεῖς,
3079 5582 3175 5635 καὶ
3212 5583 3292 5644 είς
3346 5579 3447 5651 τὴν
3474 5582 3613 5634 ὑπο-

2032 5669 2208 5740 ταγὴν
2234 5668 2328 5721 τοῦ
2361 5670 2600 5741 Χριστοῦ
2641 5672 2823 5735 tam);
2850 5673 2942 5727 καὶ
2984 5674 3255 5737 ἀϐιάστως
3295 5675 3615 5745 ᾐχμαλωτί-
