3828 6180
243 269 350 327 ϐίη

1358 276 1737 340 GENNADII
1780 281 1885 343 (ΣΡ.
1929 282 2443 345 PATRIARCH/E

3397 285 3505 349 ’ῖθθ

245 386 407 453 σοφὸς
440 386 531 440 καὶ
568 387 849 473 ἐπαινετὸς
880 387 977 457 τῆς
1034 389 1290 462 τοιαύτης
1324 393 1659 465 φιλοτιμίας,
1682 396 1822 466 ψεκ-
1853 397 1895 456 Α
1926 398 1985 452 τδ
2014 398 2242 470 Πνεῦμα
2272 401 2334 455 τὸ
2361 401 2538 472 ἅγιον,
2567 400 2852 457 τουτέστιν
2883 403 3000 473 ἅμα
3036 402 3115 473 τῷ
3141 400 3257 471 Υίῷ
3288 404 3385 457 καὶ
3411 405 3511 458 σὺν

240 480 323 531 τοὶ
384 478 429 530 δ’
478 478 543 532 ἃν
598 472 710 531 εἷεν
766 478 1011 549 δικαίως,
1061 480 1109 535 εί
1157 482 1233 553 μὴ
1264 483 1340 548 ὡς
1372 486 1440 538 ἃν
1481 485 1644 549 αὐτὸς
1692 486 1818 556 βου-

241 568 428 637 ληθείη
476 570 586 632 τοῖς
622 569 787 624 αὐτοῦ
814 573 1141 642 χρωμένοις,
1169 574 1264 628 καὶ
1310 576 1365 629 εί
1387 593 1472 641 τις
1513 578 1589 648 μὴ
1631 581 1820 647 φρονεῖ

242 658 338 713 καὶ
397 659 543 730 λέγει
598 661 690 715 τὸν
748 662 1111 731 Αύγουστῖνον
1181 668 1457 738 μακάριον
1512 669 1607 723 καὶ
1662 669 1819 738 ἆγιον

240 748 401 814 εἶναι,
433 754 711 824 ἀνάθεμαο
748 756 915 825 ὅμως,
941 757 1015 822 ὡς
1060 758 1298 829 εἴρηται,
1324 760 1423 825 τὰς
1455 762 1816 827 ἀπαιδεύτους

242 847 274 916 ἢ
301 846 645 917 κακούργους
673 847 840 911 ἀκοὰς
868 849 961 902 καὶ
988 848 1167 920 ψυχάς
1200 852 1596 924 φυλαττόμενοι
1636 853 1817 909 αὐτῶν

247 938 483 1006 μάλιστα
509 938 690 1010 χάριν,
722 939 881 1010 ἡμῶν
915 940 973 994 δέ
1004 941 1333 998 ἀπαιδευσία
1360 944 1508 1010 τινὸς
1544 945 1607 998 τιύ
1647 946 1818 1000 καθά-

241 1031 421 1097 ψεται,
456 1031 560 1094 ἕως
596 1032 663 1086 ἂν
696 1033 834 1101 μετά
862 1052 919 1087 τε
946 1034 1041 1104 τῆς
1073 1035 1333 1108 ἀληθείας
1374 1038 1549 1107 αὐτῆς
1582 1038 1677 1093 καὶ
1711 1039 1819 1093 τῶν

244 1121 414 1189 ἁγίων
444 1122 553 1175 τῶν
582 1124 919 1195 ἑκατέρωθεν
944 1121 1094 1198 ὦμεν
1121 1128 1252 1201 ὀρθῇ
1289 1132 1381 1183 καὶ
1411 1131 1692 1201 ἀκιϐδήλῳ
1724 1131 1820 1186 καὶ

244 1215 696 1286 κεκανονισμένῃ,
726 1219 821 1271 καὶ
864 1217 1063 1282 πολλὰς
1110 1220 1310 1293 ἐχούσῃ
1356 1222 1455 1285 τὰς
1502 1224 1817 1292 συστάσεις,

243 1302 421 1376 διαίτῃ
453 1307 547 1361 καὶ
566 1307 838 1378 διακρίσει
860 1310 972 1363 τῶν
995 1311 1053 1365 ἐν
1086 1311 1268 1377 αὐτοῖς
1298 1314 1571 1384 διαφόρων
1601 1315 1821 1370 δοκούν-

243 1412 371 1449 των.
406 1397 503 1449 Διὰ
533 1397 707 1453 ταῦτα
738 1400 915 1454 τοίνυν
963 1402 1024 1455 οὐ
1057 1403 1127 1457 τά
1156 1404 1263 1457 τῶν
1312 1407 1557 1461 Δυτικῶν
1589 1409 1725 1477 πρὸς
1753 1409 1822 1463 τά

244 1486 353 1539 τῶν
396 1487 679 1555 Ἀσιανῶν,
713 1491 852 1545 ἀλλά
906 1494 1106 1562 μᾶλλον
1154 1499 1304 1568 κοινῇ
1353 1497 1513 1551 πάνθ’
1566 1500 1703 1569 όμοῦ
1751 1501 1820 1555 τὰ

244 1578 353 1631 τῶν
410 1579 714 1650 Ἐσπερίων
762 1585 859 1637 καὶ
922 1584 1186 1642 Ἀσιανῶν
1237 1588 1573 1644 διδασκάλων
1628 1592 1821 1663 ῥητέον

246 1671 328 1724 ὅτι
358 1672 438 1725 δεῖ
466 1673 542 1741 τῷ
584 1677 685 1744 τῆς
733 1676 969 1742 πίστεως
1013 1680 1425 1752 ἐφαρμόζεσθαι
1474 1684 1682 1749 κανόνι,
1724 1687 1820 1739 καὶ

245 1760 387 1814 οὕτω
424 1780 488 1831 γε
517 1766 789 1833 ποιητέον.

316 1857 379 1908 Οί
436 1858 543 1912 ἀπὸ
603 1860 788 1924 Ἀσίας
843 1864 1021 1917 τοίνυν
1070 1865 1382 1926 διδάσκοι),οι
1450 1868 1701 1938 λέγουσιν
1757 1872 1821 1925 ἐκ

247 1948 458 2018 Πατρδς
485 1953 874 2018 ἐκπορεύεσθαι
904 1956 960 2009 τὺ
987 1958 1208 2028 Πνεῦμα
1232 1959 1292 2012 τὸ
1316 1960 1490 2029 ἅγιον,
1510 1964 1604 2017 καὶ
1640 1963 1821 2026 οὐδεὶς

139 2124 147 2129 .
246 2038 399 2094 εἶπεν
436 2045 499 2095 ἐκ
528 2045 740 2115 Πατρός
771 2049 865 2100 καὶ
907 2050 1038 2103 Υίοῦ
1075 2052 1496 2123 ἐκπορεύεσθαι.
1527 2055 1732 2118 Πάντες
1764 2055 1821 2109 δὲ

248 2136 495 2199 λέγουσιν
524 2136 586 2189 ἐκ
619 2139 833 2210 Πατρὶς
883 2141 953 2193 δι’
1002 2142 1128 2196 Υίοῦ
1174 2144 1432 2211 δίδοσθαι,
1471 2147 1565 2199 καὶ
1608 2147 1822 2219 πέμπε-

250 2225 394 2288 σθαι,
422 2230 514 2278 καὶ
560 2231 935 2299 χορηγεῖσθαι,
967 2234 1061 2286 καὶ
1106 2235 1173 2288 τά
1219 2236 1463 2303 τοιαῦτα,
1504 2239 1561 2289 ἐν
1596 2232 1679 2300 οἷς
1720 2240 1821 2291 οὐκ

247 2316 392 2369 αἰτία
418 2320 619 2372 νοεῖται
672 2321 779 2374 ἀπὸ
806 2321 900 2376 τοῦ
927 2324 1221 2395 προσώπου
1252 2328 1388 2400 πρὸς
1413 2329 1475 2381 τὸ
1506 2330 1820 2399 πρόσωπον,

248 2406 378 2459 ἀλλὰ
415 2409 615 2478 μᾶλλον
662 2412 720 2477 ἐξ
750 2413 959 2482 ἀμφοῖν
994 2417 1141 2470 αίτία
1194 2420 1331 2487 πρὸς
1385 2419 1447 2472 τὸ
1491 2421 1596 2485 ἔξω
1627 2421 1823 2473 ἀποτέ-

248 2497 444 2566 λεσμα.
484 2501 592 2555 Καὶ
624 2502 714 2555 διὰ
739 2503 896 2558 τοῦτο
925 2508 984 2560 ού
1016 2508 1177 2580 μόνον
1211 2510 1279 2567 ἐκ
1320 2512 1534 2582 Πατρδς
1566 2511 1635 2564 δι’
1668 2511 1823 2576 Υίοῦ,

248 2591 385 2644 ἀλλὰ
428 2595 523 2645 καὶ
565 2595 628 2646 ἐκ
662 2596 874 2663 Πατρός
921 2599 1015 2653 καὶ
1051 2600 1180 2653 Υἱοῦ
1216 2602 1468 2669 λέγουσιν
1502 2603 1708 2669 ἁπλῶς,
1749 2605 1825 2676 μὴ

249 2686 630 2754 προστιθέντες
670 2687 731 2738 τὸ
775 2690 991 2761 Ιῖατρδς
1031 2692 1350 2762 πέμπεσθαι
1398 2695 1431 2765 ἢ
1476 2696 1718 2750 δίδοσθαι
1763 2698 1824 2750 τὸ

248 2777 473 2855 Πνεῦμα
506 2780 565 2833 τὸ
599 2780 775 2850 ἅγιον,
800 2781 990 2855 ὥσπερ
1031 2787 1125 2839 καὶ
1154 2786 1226 2840 δι’
1259 2787 1390 2841 Υξοῦ
1441 2789 1699 2858 λέγεσθαι
1737 2808 1827 2861 γε·

248 2871 511 2940 γενῆσθαι
568 2875 634 2928 τὰ
687 2874 839 2942 ὄντα,
873 2876 961 2932 ὅτε
1006 2878 1070 2949 δὴ
1126 2882 1217 2933 καὶ
1272 2882 1436 2935 ἑαυτὸ
1488 2882 1689 2938 διδόναι
1731 2883 1827 2937 καὶ

245 2967 489 3035 πέμπειν
539 2968 598 3020 τὸ
633 2969 858 3038 Πνεῦμα
913 2972 1250 3026 πιστεύεται.
1290 2973 1478 3029 Ταῦτα
1516 2975 1573 3029 δὲ
1623 2976 1718 3028 καὶ
1745 2975 1825 3046 τῷ

1921 491 2000 562 τῷ
2032 492 2147 563 Υίῷ
2175 494 2274 548 καὶ
2311 496 2370 549 ἐν
2423 495 2503 565 τῷ
2534 496 2669 566 Υίῷ,
2712 496 2807 550 καὶ
2831 496 2893 550 ού
2941 496 3066 566 δίχα
3102 494 3195 549 τοῦ
3230 495 3386 556 Υίοῦ,
3415 495 3512 549 καὶ

1922 585 2023 638 οὐκ
2078 586 2236 652 ἐκτὸς
2283 587 2374 640 τοῦ
2424 587 2593 642 Υίοῦ·
2631 588 2805 643 ταῦτα
2859 588 2968 658 γὰρ
3014 589 3123 641 τῶν
3175 587 3349 655 ἁγίων
3400 587 3513 640 είσὶ

1924 674 2100 731 πάντα
2132 677 2332 745 φωναὶ,
2374 679 2436 731 τδ
2485 678 2598 731 ἴσον
2631 676 2929 745 δυνάμεναι
2977 676 3173 741 πᾶσαι,
3207 692 3304 729 και
3334 673 3514 727 ταῦτα

1925 767 2104 821 πάντα
2129 769 2162 838 ἠ
2188 767 2287 823 διὰ
2314 769 2571 840 πρόθεσις
2597 769 2843 824 δύναται.

2000 857 2189 914 Ταῦτα
2222 860 2281 914 δέ
2324 878 2512 930 φασιν,
2540 862 2603 916 οὐ
2636 861 2729 917 καὶ
2774 860 2865 916 τὸν
2895 860 3028 914 Υίδν
3055 860 3230 915 αίτιον
3261 858 3294 928 ἢ
3329 858 3511 929 ἀρχὴν

1920 952 2013 1006 τοῦ
2068 954 2391 1024 Πνεύματος
2442 954 2778 1025 νοοῦντες,ἢ
2837 954 3116 1007 συναίτιον
3172 954 3253 1023 τῷ
3310 953 3512 1023 Πατρὶ,

1923 1040 2096 1097 ταῦτα
2129 1044 2238 1114 γὰρ
2288 1044 2385 1098 καὶ
2427 1044 2745 1114 περιφανῶς
2790 1041 3190 1113 ἀπαρνοῦνται,
3226 1042 3302 1106 ὼς
3332 1040 3514 1095 ἄτοπα

1924 1135 2096 1205 δήπου
2154 1134 2249 1188 καὶ
2279 1133 2452 1204 ψευδῆ
2488 1133 2583 1187 καὶ
2629 1132 2909 1187 ἀσύστατα
2941 1133 3037 1192 καὶ
3084 1131 3343 1195 ἀδύνατα,
3375 1130 3516 1186 ἀλλά

1925 1228 1986 1281 τὸ
2022 1222 2262 1296 συναφὲς
2290 1227 2393 1297 τῆς
2414 1226 2605 1289 οὐσίας
2637 1225 2733 1279 καὶ
2764 1225 3190 1295 ἀπαράλλακτον
3237 1224 3512 1294 παριστά-

1924 1338 2125 1384 νοντες,
2188 1320 2250 1374 Et
2298 1319 2482 1373 τοίνυν
2539 1317 2810 1374 καὶκατὰ
2842 1318 2943 1388 τήν
2996 1334 3159 1371 τινων
3215 1316 3517 1385 ἑρμηνείαν

1924 1409 2023 1479 τὴν
2073 1409 2286 1479 φαύλην
2338 1407 2695 1479 ἐρμηνεύοιτο
2732 1405 2908 1471 οὕτως
2938 1406 3007 1460 τά
3068 1407 3176 1459 τῶν
3239 1406 3515 1473 ἐσπερίων

1926 1498 2188 1570 Πατέρων
2249 1498 2408 1570 ῥητὰ,
2437 1499 2520 1552 ὅτι
2565 1500 2630 1553 ἐκ
2675 1496 2769 1552 τοῦ
2827 1498 3041 1569 Πατρδς
3086 1498 3179 1550 καλ⁵
3235 1496 3328 1553 τοῦ
3379 1494 3513 1551 Υίοῦ

1924 1591 2286 1659 ἐκπορεύεται
2319 1591 2380 1644 τὸ
2418 1590 2647 1661 Πνεῦμα
2677 1591 2737 1643 τὸ
2768 1591 2947 1657 ἀγιον,
2979 1590 3112 1644 ὥστ’
3146 1587 3288 1642 εἶναι
3322 1589 3383 1642 τὸ
3413 1589 3516 1657 μὲν

1926 1684 1989 1737 ἐκ
2028 1683 2122 1735 τοῦ
2158 1682 2288 1737 Υίοῦ
2341 1683 2462 1737 ἀντὶ¹
2517 1683 2613 1738 τοῦ
2663 1684 2730 1738 δι’
2778 1683 2935 1748 Υίοῦ,
2968 1683 3026 1736 τὸ
3068 1682 3124 1736 δὲ
3153 1681 3223 1736 δι’
3265 1681 3400 1734 Υίοῦ
3433 1680 3513 1750 μὴ

1927 1776 2027 1845 τὴν
2058 1774 2239 1830 αἰτίαν
2272 1777 2367 1831 καὶ
2395 1774 2495 1846 τὴν
2522 1776 2670 1830 δόσιν
2713 1774 2810 1830 τοῦ
2842 1772 3006 1840 εἶναι,
3038 1775 3174 1829 ἀλλά
3218 1774 3319 1845 τὴν
3348 1776 3517 1827 συνάο

1929 1886 2090 1941 φειαν
2118 1868 2212 1923 καὶ
2241 1871 2300 1922 τὸ
2331 1868 2832 1938 συμπεφυσιῶσθαι
2858 1868 3077 1938 δηλοῦν,
3111 1869 3208 1924 καὶ
3254 1867 3431 1930 οὕτως
3464 1867 3517 1920 οἱ

1926 1960 2038 2015 ἀπὸ
2069 1961 2165 2029 τῆς
2206 1959 2477 2032 Ἐσπέρας
2503 1963 2617 2041 τοῖς
2672 1961 2944 2023 Ἀσιανοῖς
2993 1961 3318 2032 συνᾴσονται
3366 1959 3519 2014 διδάο

1931 2052 2143 2119 σκαλοι,
2174 2053 2267 2106 καὶ
2323 2054 2524 2117 πάντες
2566 2052 2702 2123 ὁμοῦ
2750 2053 2826 2122 τῷ
2858 2053 3047 2107 κανόνι
3096 2055 3196 2121 τῆς
3251 2052 3513 2113 πίστεως.

1937 2145 2149 2210 Ἀλλως
2176 2144 2236 2199 δὲ
2271 2145 2325 2198 εἴ
2365 2162 2450 2209 τις
2482 2145 2648 2199 οἴοιτο
2689 2144 3048 2215 συμδιόάζειν
3096 2143 3315 2207 αὐτοὺς,
3364 2144 3518 2211 ἀμα-

1931 2238 2051 2293 θίαν
2082 2238 2175 2292 τοῦ
2201 2238 2383 2307 λόγου,
2418 2235 2514 2293 τοῦ
2558 2254 2617 2291 τε
2664 2236 2823 2289 ἄλλου
2859 2236 2955 2290 καὶ
2990 2236 3085 2290 τοῦ
3118 2233 3453 2303 θεολογικοῦ,
3480 2235 3516 2304 ἢ

1930 2331 2195 2401 πονηρίαν
2246 2331 2411 2383 νοσεῖ.
2449 2328 2659 2389 Ἄλλως
2711 2328 2817 2399 γὰρ
2863 2326 3061 2389 αὐτοὺς
3106 2326 3368 2380 ἀδύνατον
3420 2327 3519 2381 καὶ

1930 2421 2180 2492 ἀλλήλοις
2208 2420 2302 2475 καὶ
2331 2424 2397 2492 τῇ
2434 2420 2612 2474 πίστει
2643 2419 2940 2486 συνελθεῖν,
2967 2421 3072 2474 κᾶν
3107 2419 3309 2483 πάντες
3350 2420 3519 2488 ἀγγε-

1929 2514 2013 2568 λοι
2047 2515 2229 2583 φαῖεν,
2257 2513 2371 2583 εῐγε
2400 2507 2512 2567 οἶόν
2537 2529 2596 2565 τε
2625 2508 2694 2582 ἦν
2718 2512 2846 2575 τοὺς
2878 2512 3145 2580 ἀγγέλους
3173 2513 3350 2565 εἰπεῖν
3382 2529 3516 2565 ποτε

1929 2606 1997 2659 τὰ
2037 2606 2112 2676 μὴ
2146 2606 2297 2674 ὄντα,
2330 2606 2427 2660 καὶ
2474 2606 2611 2678 αὐτῇ
2652 2607 2720 2675 τῇ
2760 2603 2856 2656 τοῦ
2895 2604 3215 2672 Πνεύματος
3259 2604 3521 2657 διδασκα-

1930 2696 2022 2767 λίᾳ
2062 2696 2138 2767 μὴ
2189 2697 2525 2765 συμφωνεῖν.
2553 2695 2710 2753 Οὕτω
2756 2696 2812 2750 δὲ
2869 2696 2962 2750 καὶ
2991 2695 3043 2749 οἱ
3091 2695 3352 2765 ἡμέτεροι
3402 2696 3515 2747 Πα-

1933 2789 2090 2860 τέρες
2134 2788 2231 2841 καί¹
2280 2787 2658 2858 καθηγεμόνες
2695 2788 2897 2851 αὐτοὺς
2950 2786 3325 2853 συνεϐίὸαζον,
3374 2788 3515 2842 πολὺ

1931 2880 2218 2953 ἀξιώτεροι
2270 2882 2380 2936 τῶν
2437 2881 2532 2935 νῦν
2565 2880 2895 2949 τολμώντων
2954 2881 3185 2945 ἐκείνοις
3235 2881 3521 2949 ἀντινομο-

1932 2974 2129 3042 θετεῖν,
2163 2973 2217 3027 εἴ
2255 2991 2339 3039 τις
2377 2974 2472 3027 καὶ
2508 2972 2750 3038 τοιοῦτός
2801 2976 2970 3029 ἐστιν.
3012 2973 3078 3026 Ἦ
3130 2972 3239 3043 γὰρ
3272 2974 3331 3024 ἐν
3373 2972 3522 3025 Φλω-

246 3057 411 3127 κοινῷ
441 3058 624 3112 κανόνι
652 3061 747 3130 τῆς
775 3060 1012 3126 πίστεως
1043 3064 1291 3135 ἀκριϐῶς
1326 3068 1632 3137 συμφωνεῖ,
1671 3068 1747 3133 ὡς
1769 3068 1827 3125 ἐν
1854 3072 1898 3131 C
1936 3067 2120 3137 ρεντίᾳ
2175 3064 2507 3136 συμόίσασις
2553 3065 2665 3118 τῶν
2694 3065 2890 3133 ἀγίων,
2919 3067 2953 3135 ἠ
3005 3064 3095 3119 διὰ
3127 3063 3219 3117 τοῦ
3251 3065 3369 3116 ἐκεῖ
3389 3065 3518 3131 ὅρου

244 3153 313 3221 τῇ
342 3152 807 3225 προεκτεθειμένῃ
844 3154 1106 3227 ὁμολογίᾳ
1146 3156 1331 3221 καλῶς
1354 3156 1647 3213 δέδεικται.

317 3244 504 3311 Τούτῳ
532 3245 709 3300 τοίνυν
738 3246 815 3315 τῷ
846 3246 1033 3303 κανόνι
1055 3249 1156 3317 τῆς
1192 3248 1429 3317 πίστεως
1458 3251 1744 3323 ἑπόμενοι,
1783 3248 1829 3325 ᾧ

248 3337 341 3407 καὶ
369 3338 397 3389 ό
424 3336 589 3400 τύπος
613 3336 722 3389 τῶν
755 3339 1020 3393 Ἀσιανῶν
1050 3345 1336 3412 συμφωνεῖ
1357 3345 1540 3410 καλῶς
1575 3346 1830 3404 διδασκά-

249 3429 377 3495 λων,
414 3428 545 3483 ἔνθα
583 3430 804 3501 λέγεται
846 3431 953 3485 ὑπὸ
1000 3432 1110 3485 τῶν
1155 3435 1426 3505 ἐσπερίων
1456 3438 1715 3508 Πατέρων
1748 3441 1830 3495 ὅτι

246 3522 310 3579 τὸ
351 3521 575 3593 Πνεῦμα
625 3523 867 3592 πρόεισιι
901 3525 966 3576 ἐκ
1017 3525 1229 3596 Πατρὸς
1258 3529 1355 3579 καὶ
1382 3527 1534 3594 Υίοῦ,
1578 3530 1830 3601 βούλεται

250 3613 359 3684 γὰρ
403 3613 589 3679 αὐτοῖς
619 3616 681 3669 τὸ
708 3614 1033 3685 προκέὃερε
1054 3617 1191 3689 ὅπερ
1226 3619 1358 3689 ἡμῖν
1409 3619 1469 3672 τὸ
1527 3622 1826 3691 πρόεισιν,

252 3706 690 3776 ἁναπτύσσωμεν
740 3708 843 3769 τὴν
891 3708 1154 3778 τοιαύτην
1203 3710 1385 3764 αὐτῶν
1434 3711 1700 3782 πρότασιν
1743 3714 1833 3768 05—

251 3814 381 3860 τως
426 3798 521 3851 Ἐκ
563 3797 655 3852 τοῦ
709 3799 921 3870 Πατρός
972 3800 1067 3853 καὶ
1107 3800 1203 3853 τοῦ
1247 3802 1372 3857 Υἱοῦ
1410 3804 1678 3874 πρόεισιν,
1711 3805 1831 3859 ἀλλ’

253 3892 318 3943 ἐκ
366 3888 466 3959 μὲν
512 3890 603 3942 τοῦ
654 3891 867 3963 Πατρὸς
900 3891 1291 3962 ὑφιστάμενον,
1324 3892 1504 3947 εἷτουν
1533 3897 1827 3965 ἐκπορευό-

253 3999 437 4052 μενον,
466 3984 532 4035 ἐκ
558 3982 614 4036 δὲ
644 3980 739 4036 τοῦ
769 3981 923 4050 Υίοῦ,
950 3984 1146 4037 ταυτὸν
1185 3982 1242 4036 δὲ
1283 3984 1459 4038 εἰπεῖν
1490 3984 1553 4051 ἐξ
1601 3986 1827 4055 ἀμφοῖν,

251 4076 420 4145 ἦγουν
465 4075 528 4126 ἐκ
573 4073 784 4143 Πατρδς
829 4073 898 4128 δι’
951 4071 1104 4139 Υίοῦ,
1144 4073 1574 4147 χορηγούμενον,
1610 4074 1642 4146 ἦ
1690 4075 1829 4129 διδό-

251 4185 437 4237 μενον,
468 4167 606 4221 διότι
646 4164 889 4236 φυσικῶς
939 4166 1091 4221 ἐστιν
1121 4167 1180 4220 ἐν
1208 4166 1382 4238 αὐτῷ,
1411 4169 1505 4222 καὶ
1534 4165 1825 4238 ὁμοούσιόν

249 4263 399 4313 ἐστιν
422 4257 570 4329 αύτῷ
594 4276 609 4299 ο
648 4258 743 4312 καὶ
766 4256 910 4312 οῦτω
944 4256 1333 4329 συμφωνοῦσιν
1363 4261 1678 4331 ἀμφότεραι
1713 4262 1824 4318 τῶν

250 4353 421 4420 ἁγίων
455 4352 511 4407 αί
552 4352 738 4421 μοῖραι
792 4352 851 4404 ἐν
909 4349 987 4422 τῷ
1021 4351 1209 4405 κανόνι
1266 4352 1368 4422 τῆς
1424 4352 1689 4424 ἀληθείας
1733 4354 1826 4409 καὶ

1933 3159 2279 3231 γεγενημένη
2309 3158 2404 3213 καὶ
2432 3159 2540 3212 τῶν
2568 3157 2819 3213 Λατίνων
2847 3157 2984 3212 οῦσα
3013 3157 3245 3228 ἀρχαῖον
3271 3153 3519 3224 ε’ύρημα,

1935 3252 2119 3317 ἐξότου
2147 3250 2486 3322 προσέθεσαν
2514 3248 2591 3320 τῷ
2615 3248 2877 3321 Συμϐόλῳ
2898 3249 2996 3318 τῆς
3021 3249 3280 3313 πίστεως,
3294 3246 3520 3301 τοιαῦτα

1934 3342 2043 3413 γὰρ
2073 3342 2247 3413 δήπου
2274 3342 2530 3405 λαὸόντες
2557 3343 2614 3399 ἐν
2645 3340 2722 3412 νῷ
2773 3341 2873 3411 τὴν
2918 3341 3244 3412 προσθήκην
3272 3339 3516 3401 ἐποίουν,

1937 3432 2324 3502 ύπογραφεῖσα
2384 3431 2441 3485 δὲ
2496 3431 2602 3484 ὑπὸ
2651 3431 2760 3484 τῶν
2792 3433 3078 3504 ἡμετέρων
3130 3429 3518 3500 ἐγκαταλείψει

1933 3521 2027 3574 τοῦ
2061 3520 2220 3585 Θεοῦ,
2250 3520 2315 3591 νὴ
2343 3520 2439 3591 τὴν
2467 3520 2622 3591 ἱερὰν
2651 3518 2933 3591 ἀλήθειαν,
2965 3520 3365 3591 Νεστοριανοῦς
3392 3517 3516 3580 τοὺς

1934 3614 2237 3683 ἡμετέρους
2266 3613 2567 3683 προγόνους
2610 3613 2962 3667 ἀποδείκνυσι
2990 3612 3227 3676 πάντας,
3256 3612 3334 3674 ὡς
3361 3609 3518 3664 αὐτοὶ

1934 3705 2152 3759 Λατῖνοι
2186 3704 2407 3773 λέγουσι
2430 3702 2809 3774 Νεστοριανὴν
2854 3699 2994 3758 εἶναι
3033 3703 3134 3775 τὴν
3178 3704 3290 3757 τῶν
3317 3702 3518 3774 προγό-

1937 3814 2042 3850 νων
2075 3795 2234 3867 ήμῶν
2264 3795 2515 3851 ἐνστασίν
2549 3812 2608 3848 τε
2638 3797 2733 3851 καὶ
2758 3795 2916 3862 δόξαν
2944 3796 3039 3850 καὶ
3066 3796 3193 3859 τοὺς
3234 3796 3515 3858 Ἀσιανοϋς

1935 3886 2311 3954 διδασκάλους,
2343 3885 2372 3939 ὃ
2399 3885 2567 3940 πλέον
2595 3886 2762 3941 ἐστίν.
2798 3885 2872 3941 Τὸ
2901 3885 2956 3940 δὲ
2991 3885 3252 3940 ἐπέκεινα
3281 3886 3391 3939 τῶν
3421 3902 3515 3938 κα-

1935 3977 2048 4031 κῶν
2084 3978 2144 4033 ού
2176 3978 2322 4046 λέγω
2352 3977 2689 4048 φειδόμενος.
2734 3978 2924 4047 Ἡμεῖς
2954 3976 3135 4031 τοίνυν
3165 3978 3214 4030 εί
3266 3975 3363 4031 καὶ
3397 3993 3514 4044 φει-

1933 4067 2136 4139 δόμεθα
2182 4069 2386 4137 λέγειν,
2417 4069 2591 4123 ὁπόσα
2644 4069 2777 4139 ἡμῖν
2805 4066 3105 4123 ὑποϐάλλει
3159 4067 3221 4122 τὸ
3273 4068 3512 4129 συνειδὸς

1937 4162 2067 4230 περὶ
2095 4161 2195 4231 τῆς
2228 4160 2525 4230 διαφωνίας
2559 4161 2780 4232 ἐκείνης
2812 4159 2923 4214 τῶν
2975 4159 3334 4224 διδασκάλων,
3372 4160 3511 4214 οὕτω

1934 4253 2042 4322 γὰρ
2079 4252 2188 4323 χρὴ
2232 4251 2430 4322 μᾶλλον
2485 4252 2665 4323 λέγειν
2714 4253 2746 4323 ἢ
2791 4252 3136 4325 συμφωνίας,
3163 4252 3279 4307 ἀλλ’
3309 4252 3514 4307 ἁπλοῦν

1933 4364 1986 4400 τι
2016 4345 2174 4400 τοῦτο
2204 4346 2456 4416 λέγομεν,
2487 4346 2570 4399 ὅτι
2619 4344 2745 4400 οὔτε
2787 4349 3101 4419 συμφωνεῖν
3134 4346 3315 4418 ἐκείνη
3344 4348 3511 4409 ἐστὶν,

247 4419 425 4511 ἄλλως
472 4419 742 4514 οὐδαμῶς.
784 4445 873 4497 Ἐν
928 4419 1039 4513 γὰρ
1086 4442 1163 4513 τῷ
1213 4419 1441 4498 καὶτὸν
1478 4419 1605 4499 Υίδν
1654 4446 1829 4501 αἴτιον
1856 4419 1910 4480 θ
1936 4436 2050 4492 οὔτ’
2097 4437 2270 4502 ἄλλως
2330 4437 2587 4492 δύνανται
2634 4439 2977 4509 συμφωνεῖν,
3013 4436 3167 4507 md);
3227 4438 3361 4507 ἡμῖν
3420 4436 3514 4490 νῦν

250 4531 391 4590 εἶναι
419 4536 452 4607 ἢ
484 4535 658 4606 ἀρχὴν
686 4534 779 4588 τοῦ
836 4535 1155 4604 Πνεύματος
1206 4537 1267 4590 ού
1321 4537 1732 4607 συμφωνοῦσιν.
1765 4539 1829 4593 Οἱ

256 4629 365 4697 γὰρ
390 4627 725 4682 Ἀνατολικοὶ
753 4627 956 4690 πάντες
997 4626 1292 4696 ἀρνοῦνται
1338 4629 1430 4681 τὸν
1484 4630 1610 4682 Υίὸν
1656 4630 1830 4685 αῖτιον

251 4714 415 4790 εἶναι,
460 4717 493 4787 ἢ
541 4710 740 4789 ἀρχὴν,
788 4717 822 4789 ἢ
878 4716 1148 4786 προϐολέα
1191 4718 1287 4772 τοῦ
1342 4719 1684 4788 Πνεύματος,
1722 4709 1829 4775 ’καὶ

253 4811 404 4886 μόνῳ
443 4808 522 4880 τῷ
570 4810 746 4881 Ila.th
786 4810 857 4863 τὰ
902 4809 1131 4865 τοιαῦτα
1184 4809 1400 4864 ἅπαντα
1450 4810 1825 4879 ἀφορίζουσιν.

253 4902 314 4984 βξ
356 4899 413 4955 δέ
440 4899 506 4955 τὰ
539 4899 645 4953 τῶν
692 4899 966 4975 ἑσπερίων
1003 4899 1260 4971 Πατέρων
1296 4900 1437 4972 ῥητά
1468 4901 1645 4964 ἄλλως
1678 4901 1830 4966 τινὲς

253 4992 636 5065 ᾇρμηνεύουσι,
683 4991 867 5056 κακῶς
916 4992 1321 5065 ἐρμηνεύουσι·
1372 4991 1553 5057 καλῶς
1598 4993 1653 5046 δὲ
1702 5010 1834 5064 γνη-

255 5070 382 5150 σίως
408 5084 821 5157 ἐρμηνευόμενα
856 5087 966 5151 τοῖς
997 5086 1106 5139 τῶν
1143 5084 1324 5140 ἄλλων
1369 5085 1539 5154 ἁγίων
1577 5086 1830 5158 συνᾴδειν

252 5178 505 5247 δύνανται
536 5179 677 5233 κατά
702 5179 770 5232 τὰ
810 5177 1210 5250 προειρημένα.
1251 5178 1375 5231 Ἔτι
1408 5178 1471 5231 τὸ
1516 5180 1740 5250 Πνεῦμα
1771 5181 1831 5233 τὸ

254 5268 406 5349 ξγιον
435 5272 501 5324 ἐκ
536 5270 629 5335 τοῦ
678 5269 890 5341 Πατρὸς
938 5270 1039 5341 μὲν
1078 5271 1408 5341 ὑφέστηκεν,
1441 5272 1731 5341 ὁμοούσιον
1772 5272 1829 5326 δέ

254 5362 370 5415 ἐστι
398 5363 475 5433 τῷ
501 5363 638 5434 Υίῷ,
666 5364 762 5417 καὶ
805 5362 979 5429 οὓτως
1012 5365 1087 5427 ὡς
1140 5365 1198 5417 ἐν
1244 5363 1499 5436 ἀλλήλοις
1543 5361 1685 5420 εῖναι
1739 5366 1831 5418 τὸν

262 5453 384 5505 Υἱὺν
411 5454 506 5505 καὶ
532 5455 593 5507 τδ
636 5454 883 5526 Πνεῦμα,
911 5456 985 5520 ὡς
1016 5455 1107 5510 καὶ
1138 5458 1165 5510 ὀ
1195 5457 1382 5529 Πατὴρ
1415 5458 1508 5510 καὶ
1537 5458 1565 5509 ὁ
1601 5458 1729 5520 Υἱὸς
1775 5452 1841 5511 ἐνί

255 5542 503 5619 ἀλλήλοις
534 5546 673 5598 εἰσὶν
701 5550 735 5617 ἡ
764 5550 860 5617 τῆς
881 5549 1116 5612 πίστεως
1147 5549 1407 5613 ὑπόθεσις
1443 5549 1611 5617 λέγει.
1642 5549 1832 5621 Τούτῳ

256 5633 436 5686 τοίνυν
469 5634 547 5702 τῷ
595 5637 779 5690 κανόνι
834 5640 1087 5707 ἑπόμενοι
1119 5642 1164 5693 οἱ
1201 5642 1348 5709 ἅγιοι
1396 5642 1444 5693 οἱ
1500 5640 1631 5709 παρ’
1679 5644 1829 5712 ἡμῖν,

259 5724 403 5777 ἔστιν
435 5718 494 5777 οὗ
521 5725 769 5792 λέγουσιν
812 5728 869 5779 ἐκ
908 5731 1113 5799 [ἰατρὸς
1153 5733 1217 5784 δι’
1269 5734 1397 5787 Υίου
1434 5734 1832 5803 ἐκπορεύεσθαι

1941 4532 2176 4603 εἴρηται,
2206 4534 2301 4585 καὶ
2348 4532 2453 4601 πρὸ
2482 4530 2640 4601 ἡμῶν
2694 4533 2808 4594 τοῖς
2836 4531 3012 4602 ἡμῶν,
3053 4531 3189 4585 πολὺ
3239 4529 3510 4601 ἀμείνοσι,

1941 4625 2196 4694 καὶπρὸς
2229 4624 2402 4693 τούτῳ
2435 4624 2531 4678 καὶ
2566 4623 2883 4693 θειοτέροις.

2010 4718 2073 4771 El
2103 4716 2160 4771 δέ
2194 4734 2276 4781 τις
2326 4716 2473 4784 λέγοι
2524 4717 2630 4781 ὅτι,
2675 4716 2833 4771 Ἀλλά
2885 4717 3061 4787 βίαιός
3118 4718 3269 4773 ἐστιν
3299 4719 3441 4789 α’ύτη
3483 4721 3513 4789 ἡ

1940 4810 2253 4880 συμφωνία,
2282 4800 2438 4871 οὗτος
2490 4807 2773 4877 ψεύδεται.
2808 4808 2951 4862 Πολὺ
3007 4810 3115 4880 γὰρ
3167 4808 3235 4863 ἂν
3284 4808 3373 4879 εἴη
3430 4809 3515 4879 βε-

1934 4898 2219 4971 ϐαιότερον
2276 4897 2365 4953 διὰ
2415 4898 2525 4951 τῶν
2564 4899 2753 4969 σαφῶν
2783 4898 2851 4952 τὰ
2900 4899 3255 4969 ἀσαφέστερα
3303 4899 3514 4969 ἐξηγεῖ-

1937 4990 2081 5055 σθαι,
2110 4992 2203 5043 καὶ
2252 4990 2555 5053 κανονίζειν
2609 4991 2679 5044 τὰ
2733 4991 2821 5044 διά
2849 4990 2960 5044 τῶν
3002 4993 3418 5064 ἀκριϐεστέρων
3449 4993 3514 5046 τά

1932 5078 2098 5155 ἦττον
2148 5081 2259 5135 τῶν
2313 5082 2571 5137 τοιούτων
2601 5084 2747 5146 ὅπως
2781 5085 2934 5138 ποτέ.
2978 5085 3406 5157 Ἀκριὸέστερον
3450 5085 3508 5138 δὲ

1932 5175 2116 5246 έχουσι
2147 5176 2316 5247 δήπου
2349 5177 2418 5230 τά
2461 5179 2584 5240 ταῖς
2615 5179 2927 5241 κανονικαῖς
2957 5178 3223 5249 Γραφαῖς,
3254 5179 3355 5234 καὶ
3395 5181 3514 5243 ταῖς

1932 5268 2042 5322 τῶν
2097 5268 2443 5339 Χριστιανῶν
2492 5269 2731 5332 συνόδοις
2788 5270 3107 5341 συνᾴδοντα.
3143 5268 3234 5325 οἷά
3284 5272 3394 5326 εξσι
3447 5272 3516 5326 τὰ

1932 5361 2041 5415 τῶν
2081 5361 2349 5415 Ἀσιανῶν
2385 5359 2740 5427 διδασκάλων,
2772 5360 2805 5430 ἢ
2838 5363 2903 5416 ἐκ
2960 5361 3055 5415 τοῦ
3107 5362 3209 5432 τῆς
3255 5363 3513 5433 γλώττης

1936 5452 2227 5524 ἰδιώματος
2283 5455 2316 5524 ἢ
2384 5454 2588 5507 πλείονι
2642 5455 2970 5525 ἐπιστασίᾳ,
3032 5454 3063 5524 ἢ
3123 5455 3314 5518 ἄλλαις
3368 5455 3514 5509 τισὶν

1932 5548 2131 5610 αἰτίαις
2174 5546 2247 5617 μὴ
2286 5550 2752 5617 προσισταμέναις
2779 5536 2844 5618 τῇ
2894 5548 3004 5601 τῶν
3046 5547 3224 5602 ἀλλων
3254 5548 3513 5602 διδασκά-

1931 5635 2040 5693 λων
2072 5640 2324 5707 εύσεὸείᾳ
2352 5640 2443 5692 καὶ
2475 5640 2742 5710 ἁγιότητι.
2778 5639 2940 5693 Ἀλλᾶ
2976 5640 3069 5693 καὶ
3104 5642 3151 5692 εί
3180 5641 3421 5709 μηδεμία
3448 5637 3515 5711 ἦν

1940 5732 2176 5804 μηχανὴ,
2229 5731 2483 5785 ἕλκεσθαι
2544 5733 2613 5787 τὰ
2673 5733 2780 5789 τῶν
2844 5733 3117 5798 ἐσπερίων
3178 5733 3515 5788 διδασκάλων
