3828 6180
300 241 409 301 703

1254 247 1350 307 DE
1403 249 1925 312 l‘llOCESSIONE
1968 239 2330 312 manus
2375 243 2660 316 SANCTI.

3473 254 3578 327 τις)

299 356 505 419 πότητα
529 354 605 418 είς
641 355 773 425 μίαν
836 357 999 424 φύσιν
1058 361 1332 413 συνελθεῖν
1388 363 1485 435 τὴν
1539 366 1884 440 θεανθρωττό-
1918 373 1958 429 Δ
1993 373 2176 426 αὐτοῦ’
2211 375 2368 427 τοῦτο
2418 374 2473 427 δέ
2510 376 2690 438 ἐστιν,
2729 373 2802 436 ὡς
2860 373 3015 426 αὐτοί
3051 392 3207 445 φασι,
3249 381 3367 448 μετ’
3412 382 3576 434 αὑτοῦ

293 464 452 519 τητα,
505 447 697 522 ὥσπερ
725 448 906 521 ψυχὴν
937 451 1029 504 καὶ
1067 450 1226 523 σῶμα
1295 455 1584 526 ἄνθρωπον
1651 463 1733 524 είς
1797 461 1889 513 ἀν-

295 540 644 611 θρωπότητα.

377 634 517 686 Ἀλλ’
537 636 587 688 οί
619 636 755 707 μετά
779 638 877 708 τῆς
914 638 1177 710 ἀληθείας
1207 643 1511 715 ἱστάμενοι,
1547 649 1644 700 καὶ
1669 646 1883 715 ταύτης

294 729 584 799 ἐπίτροποι
646 732 930 800 γεγονότες
975 737 1038 788 ἐκ
1103 735 1238 790 Θεοῦ
1305 741 1418 801 τοῖς
1469 739 1889 809 Χριστιανικοῖς

294 821 464 886 λαοῖς,
509 823 633 877 οῦτε
685 827 752 894 τῇ
786 825 1021 896 ἀρνήσει
1055 829 1163 881 τῶν
1192 831 1411 883 ἀτόπων
1463 830 1694 885 ἐκείνων
1722 849 1892 902 προσ-

296 915 464 983 εῖχον,
494 911 631 968 ἀλλά
667 914 872 983 μᾶλλον
923 915 1172 987 ἀπῄτουν
1216 917 1315 988 τὴν
1347 917 1582 988 ἄρνησιν
1627 917 1725 987 τῆς
1759 918 1891 986 μιᾶς

298 1005 536 1074 φύσεως,
567 1007 602 1077 ἢ
635 1005 901 1080 τιθεμένη
933 1010 1029 1063 καὶ
1069 1009 1139 1062 τά
1183 1004 1416 1074 ἐκείνοις
1471 1007 1887 1079 ὁμολογούμενα

295 1100 475 1154 ἄτοπα
498 1098 716 1176 ἕπεται,
748 1093 874 1154 οὔτε
901 1101 954 1154 εί
970 1118 1023 1155 τι
1052 1102 1147 1155 καὶ
1177 1101 1489 1174 εὐπρεποῦς
1512 1103 1781 1172 πρόσεστι
1810 1100 1889 1171 τῷ

294 1187 504 1241 τούτων
537 1189 825 1259 κινητικῷ,
876 1187 1024 1243 τοῦτ’
1069 1191 1363 1256 ἐσκόπουν,
1392 1190 1572 1245 καίτοι
1605 1193 1704 1247 καὶ
1731 1191 1890 1245 τοῦτο

296 1279 496 1348 πολλῆς
535 1278 696 1351 γέμει
744 1278 979 1352 πλάνης,
1009 1283 1066 1336 εῖ
1103 1299 1189 1346 τις
1217 1282 1470 1349 ἐξετάσει
1500 1285 1707 1353 καλῶς,
1745 1286 1884 1356 ἀλη-

297 1369 448 1434 θείας
503 1372 648 1436 τινὸς
696 1373 1196 1445 ἐπικεχρωσμένης
1264 1375 1448 1446 χροιᾷ.
1488 1375 1632 1429 Ἀλλ’
1693 1378 1742 1430 εί
1785 1378 1887 1430 καὶ

298 1462 648 1518 παντάπασιν
707 1463 867 1535 ὀρθὸν
908 1459 1000 1539 ἦν,
1034 1465 1162 1536 μέλι
1212 1466 1376 1522 τοῦτο
1423 1469 1683 1539 ἐνόμιζον
1740 1465 1884 1523 εἶναι

295 1556 465 1611 πολλὰ
497 1557 806 1629 ἐγκρύπτσν
848 1559 927 1622 ὡς
965 1557 1186 1630 ἀληθῶς
1216 1559 1551 1632 δηλητήρια,
1586 1562 1683 1615 καὶ
1710 1561 1887 1631 ἀρχὴν

263 1647 506 1704 ,πολλῶν
549 1652 644 1702 καὶ
685 1649 942 1720 μεγάλων
964 1651 1255 1721 αίρέσεων,
1282 1651 1377 1705 καὶ
1429 1651 1530 1706 διὰ
1583 1650 1748 1704 τοῦτο
1785 1651 1887 1703 οὐκ

296 1741 584 1796 ἐϐούλοντο
610 1739 1027 1815 συγχωροῦντες
1063 1743 1236 1813 αὐτῷ,
1266 1740 1369 1806 τὰς
1396 1741 1644 1813 αἱρέσεις
1668 1742 1885 1805 ἐκείνας

295 1834 584 1899 ἀνανεοῦν,
625 1833 694 1899 ἀς
750 1835 1056 1907 amcam
1112 1835 1330 1890 πολλῶν
1381 1835 1715 1908 ίδρὼτωντῇ
1759 1834 1885 1890 Ἐκ.

294 1926 496 1996 κλησία
549 1926 794 1997 ἐδέησεν.
830 1927 1090 1996 Ἠγνόουν
1141 1926 1201 1982 δὲ
1253 1924 1366 2000 ἀρα
1395 1927 1446 1981 οί
1475 1929 1611 1998 περὶ
1658 1927 1752 1982 τὸν
1785 1927 1886 1981 Εὐ-

293 2016 454 2088 τυχῆ,
493 2015 619 2071 οὔτε
648 2017 1030 2089 διδασκόμενοι
1069 2019 1265 2090 μαθεῖν
1317 2019 1531 2092 ἤθελον,
1563 2021 1648 2074 δτι
1687 2019 1882 2088 φύσεις

293 2112 376 2171 είς
415 2111 544 2179 μίαν
567 2109 734 2179 φύσιν
789 2109 1091 2178 συνελθεῖν,
1135 2110 1346 2177 ἀτελεῖς
1393 2111 1490 2166 καὶ
1532 2111 1607 2184 μὴ
1645 2112 1880 2182 ἐχούσας

293 2197 430 2264 εῑδος
452 2201 910 2273 πεπληρωμένον,
936 2204 1190 2275 ἐγχωρεῖ,
1208 2202 1400 2274 ὥσπερ
1431 2205 1512 2268 είς
1537 2203 1674 2273 μίαν
1714 2203 1890 2272 φύσιν·

292 2295 354 2346 τδ
404 2293 745 2364 ἀνθρώπινον
807 2290 972 2361 εἶδος,
1016 2296 1274 2364 ’δηλονότι
1330 2296 1477 2368 ψυχὴ
1538 2297 1634 2350 καὶ
1687 2296 1877 2365 σῶμα,

295 2387 620 2457 συνέρχεται
647 2387 965 2458 ἀνθρώπου,
996 2381 1072 2442 ὧν
1095 2387 1384 2460 οὐδέτερον
1427 2383 1574 2453 εἶδος
1625 2387 1741 2458 ἔχει
1775 2403 1874 2440 πε-

295 2479 674 2550 πληρωμένον,
703 2479 780 2544 ὡς
812 2481 936 2535 οὐδὲ
987 2482 1153 2551 φύσις
1199 2481 1298 2538 καὶ
1331 2479 1494 2536 οὐσία
1540 2479 1610 2534 ἂν
1658 2482 1748 2552 εῖη
1779 2497 1886 2534 κυε

295 2570 610 2643 ρίωςνάλλ⁹
664 2571 698 2642 ἢ
759 2573 922 2641 μόνον
981 2569 1057 2638 ὠ⁸ς
1107 2574 1278 2645 ἀρχαι⁹
1315 2575 1582 2644 φύσεως,
1635 2573 1730 2627 καὶ
1780 2572 1878 2642 μέ-

296 2682 366 2736 ρη
433 2666 661 2720 τοιαῦτα
714 2665 889 2730 εῖδους
941 2667 1040 2721 καὶ
1088 2665 1221 2737 ῦλης
1270 2667 1463 2736 ἔχοντα
1523 2665 1727 2735 λόγον,
1775 2680 1878 2717 τε-

291 2757 443 2822 λείας
476 2758 534 2812 δέ
586 2757 779 2828 φύσεις
821 2759 903 2822 είς
957 2759 1090 2828 μίαν
1123 2758 1423 2822 συνελθεῖν,
1464 2757 1656 2828 ὥσπερ
1686 2758 1720 2827 η
1753 2755 1875 2810 θεία

293 2850 390 2905 καὶ
431 2852 468 2922 ἡ
525 2849 840 2922 ἀνθρωπίνη
899 2851 1071 2918 ἐστὶν,
1120 2837 1408 2922 ἀμήχανόν
1462 2851 1584 2903 ἐστι
1637 2849 1713 2920 μὴ
1769 2847 1874 2918 τῆς

294 2946 509 3017 ἐτέρας,
539 2945 574 3016 ἢ
606 2946 700 2999 καὶ
746 2945 1018 3016 ἑκατέρας
1051 2945 1420 3014 φθειρομένης
1450 2944 1645 3014 δήπου,
1679 2944 1778 2996 καὶ
1811 2942 1872 2994 τὸ

1994 466 2026 532 ἠ
2069 465 2217 536 ἁρχὴ
2265 467 2358 519 καὶ
2422 465 2484 518 τὺ
2544 466 2723 520 αῖτιον
2775 463 2981 532 τῶνέξ
3009 467 3178 522 αὑτοῦ
3223 469 3318 523 τοῦ
3360 473 3577 541 Πατρδς

1996 557 2240 624 φυσικῶς
2269 557 2568 626 προϊόντων
2610 557 2770 612 θείων
2811 559 3139 630 προσώπων,
3180 561 3275 616 τοῦ
3311 564 3486 634 Λόγου
3519 583 3574 618 τε

1993 647 2091 699 καὶ
2136 645 2228 698 τοῦ
2261 646 2604 716 Πνεύματος.

2063 738 2178 792 Καὶ
2205 739 2371 808 ἡμεῖς
2406 738 2506 808 μὲν
2557 741 2616 793 ἐν
2668 739 2746 810 τῷ
2788 741 3053 812 Συμϐόλῳ
3083 741 3334 813 λέγοντες
3364 747 3423 800 ἐκ
3461 749 3575 802 ﬂa-

1992 832 2121 902 τρδς
2182 830 2588 901 ἐκπορεύεσθαι
2644 832 2708 886 τὸ
2750 833 2977 904 Πνεῦμα
3023 835 3228 906 μόνον,
3285 838 3382 892 καὶ
3422 838 3576 893 οὐδὲν

1994 922 2384 994 προστιθέντες
2407 925 2466 979 ἐν
2492 923 2666 995 αὐτῷ,
2695 925 2790 980 καὶ
2816 925 2906 980 τὸν
2927 925 3056 980 Υίδν
3086 927 3184 982 τοῦ
3217 927 3353 984 Θεοῦ
3377 932 3575 1001 ὁμοού-

1997 1031 2110 1068 σιον
2147 1007 2289 1070 εἶναι
2324 1013 2401 1080 τῷ
2433 1015 2634 1088 Πατρὶ,
2662 1016 2758 1071 καὶ
2785 1017 2846 1071 τὺ
2877 1019 3104 1090 Πνεῦμα
3137 1021 3311 1093 Πατρὶ
3337 1025 3431 1078 καὶ
3458 1024 3574 1094 Υἱῷ

1995 1111 2596 1190 συμπροσκυνούμενον
2627 1105 2770 1164 εἶναι
2824 1112 2918 1166 καὶ
2951 1111 3414 1184 συνδοξαζόμενον
3446 1134 3572 1170 συν-

1991 1200 2385 1270 ομολογοῦμεν·
2421 1199 2548 1254 ὥστ’
2581 1202 2680 1254 οὒκ
2721 1203 2787 1256 ἂν
2840 1205 2990 1273 ἡμᾶς
3029 1204 3251 1259 δύναιτο
3305 1207 3573 1276 περιγράο

1993 1312 2117 1363 φειν
2143 1295 2335 1359 οὐδείς·
2374 1296 2424 1349 οί
2477 1293 2533 1348 δὲ
2573 1297 2669 1349 καὶ
2699 1297 2762 1348 ἐκ
2790 1296 2883 1349 τοῦ
2921 1296 3052 1351 Υίοῦ
3091 1298 3152 1352 τὸ
3184 1298 3410 1370 Πνεῦμα
3439 1317 3546 1370 προ

1992 1385 2289 1440 ϐάλλεσθαι
2325 1386 2720 1456 προστιθέντες
2752 1385 2813 1442 ού
2847 1387 3307 1458 συνομολογοῦσιν
3350 1392 3410 1444 ἐν
3439 1410 3569 1445 ταυ-

1989 1479 2067 1549 τῷ
2096 1479 2191 1532 καὶ
2219 1480 2319 1549 τὴν
2359 1479 2471 1533 τῶν
2502 1479 2721 1534 ἀτόπων
2751 1481 2980 1538 ἐκείνων
3012 1487 3234 1541 πάντων
3264 1485 3464 1555 φυγὴν,
3494 1483 3570 1547 ὡς

1993 1572 2063 1624 ἂν
2099 1572 2384 1625 ἀκίνδυνου
2417 1575 2655 1627 ποιοῖντο
2707 1574 2768 1627 τδ
2816 1577 3080 1646 κήρυγμα
3127 1579 3240 1640 τοῖς
3273 1593 3570 1646 συντρεφο-

1994 1662 2180 1730 μένοις
2227 1662 2402 1732 αὐτῷ,
2463 1665 2575 1718 τῶν
2624 1666 2960 1722 συνέπεσθαι
2990 1667 3298 1722 δοκούντων
3350 1668 3569 1722 ἐλαυνο-

1991 1750 2196 1820 μένων,
2249 1753 2300 1806 εί
2353 1753 2452 1807 καὶ¹
2507 1754 2732 1809 ἐδόκουν
2787 1757 2950 1826 μόνον
3000 1748 3100 1812 οῦκ
3131 1757 3263 1812 δντα
3318 1757 3563 1810 τοιαῦτα.

1986 1842 2101 1896 Νῦν
2139 1841 2197 1896 δέ
2231 1845 2328 1898 καὶ
2355 1846 2558 1909 παντὸς
2606 1846 2807 1916 μᾶλλον
2836 1848 3125 1902 ἀκολουθεῖ
3158 1849 3329 1903 πολλὰ
3361 1849 3460 1920 μὲν
3500 1851 3566 1918 τῇ

1984 1934 2132 2009 δόξῃ,
2166 1938 2276 1997 τοῖς
2305 1935 2350 1989 δ’
2379 1937 2518 2008 αὐτῇ
2561 1937 2871 2009 τιθεμένοις
2913 1939 2974 1994 ἓν
3023 1959 3076 1994 τι
3108 1944 3170 1994 ἐκ
3201 1943 3421 1996 πάντων
3443 1943 3566 1995 τοῦ·

1985 2028 2240 2099 λάχιστον
2267 2029 2404 2100 ὅπερ
2436 2033 2709 2102 προσήκει
2744 2032 2823 2103 τῷ
2860 2032 3100 2104 θεμελίῳ
3152 2035 3252 2103 τῆς
3299 2035 3482 2101 δόξης,
3509 2033 3568 2086 6v

1983 2122 2046 2174 ἐκ
2078 2121 2296 2176 πάντων
2331 2121 2396 2174 ἂν
2435 2121 2666 2176 ἕλοιντο·
2698 2125 2952 2192 ἀγνοοῦσι
2993 2126 3050 2179 δέ
3101 2124 3198 2179 καὶ
3231 2124 3358 2180 οῦτε
3405 2125 3553 2180 διδα-

1985 2212 2242 2284 σκόμενοι
2269 2212 2463 2283 μαθεῖν
2493 2214 2838 2284 ἀνεχόμενοι,
2865 2218 2942 2279 ὡς
2965 2216 3028 2270 τδ
3057 2211 3197 2270 εἷναί
3220 2233 3273 2271 τι
3305 2215 3372 2270 ἐκ
3397 2232 3562 2282 τινος,

1983 2306 2078 2358 καὶ
2109 2304 2170 2356 τὺ
2197 2300 2342 2357 εἷναί
2395 2322 2564 2371 τινος,
2609 2307 2708 2359 οὐκ
2758 2305 2819 2371 ἐξ
2870 2307 3123 2378 ἀνάγκης
3175 2311 3562 2380 συνέρχονται,

1981 2396 2100 2453 ἀλλ’
2134 2397 2284 2450 ἐστιν
2335 2396 2397 2451 οῦ
2447 2398 2780 2468 χωρίζονται
2809 2414 2822 2428 ·
2886 2394 3001 2453 οἷον
3052 2404 3408 2470 συνέρχονται
3441 2403 3560 2470 μὲν,

1980 2488 2200 2546 ἐπειδὰν
2229 2491 2602 2562 ἀναφέρωμεν
2631 2492 2694 2546 τὸ
2729 2491 2955 2562 Πνεῦμα
2995 2493 3134 2565 πρὸς
3184 2493 3276 2546 τὸν
3322 2495 3564 2564 Πατέρα,

1979 2581 2077 2655 οὐχ
2111 2583 2188 2648 ὡς
2218 2583 2385 2637 ταυτδ
2413 2583 2696 2650 δύνασθαι,
2738 2583 2904 2638 Ἀλλο
2932 2585 3061 2654 γάρ,
3100 2586 3266 2655 φησὶν
3299 2587 3326 2638 6
3352 2587 3567 2655 Χρυσὸ-

1983 2688 2204 2746 στομος,
2234 2671 2297 2727 τὸ
2319 2673 2479 2737 Θεοῦ,
2510 2674 2604 2726 καὶ
2639 2673 2768 2728 ἀλλο
2796 2675 2857 2726 τὸ
2884 2675 2949 2727 ἐκ
2982 2673 3076 2728 τοῦ
3107 2673 3266 2740 Θεοῦ,
3311 2675 3439 2744 περὶ
3471 2673 3566 2727 τοῦ

1981 2766 2301 2837 Πνεύματος
2353 2767 2446 2820 τὸν
2487 2767 2645 2834 λόγον
2681 2769 3034 2832 ποιούμενος,
3068 2768 3184 2822 ἀλλ’
3215 2770 3292 2832 ὡς
3339 2768 3566 2837 συναλη-

1979 2857 2178 2912 θεύειν·
2214 2859 2538 2928 χωρίζονται
2561 2857 2617 2910 δὲ
2641 2857 2862 2910 ἐπειδὰν
2891 2859 3255 2928 ἀναφέρωμεν
3289 2859 3349 2912 τὺ
3383 2860 3559 2912 Πνεῦ-

1981 2969 2056 3022 μα
2103 2952 2240 3020 πρδς
2268 2951 2360 3004 τὸν
2386 2951 2531 3014 Υίὸν,
2568 2951 2691 3004 ὅθεν
2734 2950 2828 3002 καὶ
2864 2950 2912 3002 οῖ
2963 2951 3063 3018 τῆς
3107 2951 3151 3021 β’
3187 2951 3405 3005 συνόδου
3445 2951 3561 3003 Πα-

292 3037 576 3107 ἀρνεῖσθαι
617 3037 790 3090 ταῦτα
819 3039 1064 3100 ἐκείνους
1090 3051 1106 3068 ο
1135 3034 1404 3106 ἠρνοῦντο
1432 3037 1510 3091 δέ.
1539 3036 1655 3088 Οὐκ
1685 3035 1874 3088 ἔπεισε
1905 3047 1948 3104 c
1979 3038 2138 3108 τέρες
2187 3037 2286 3107 τῆς
2337 3037 2725 3106 ἀπαρτισάσης
2769 3038 2830 3093 τὸ
2874 3038 3148 3108 Σύμϐολον
3168 3081 3182 3104 ,
3242 3039 3320 3092 διδ
3370 3039 3463 3092 καὶ
3509 3040 3566 3091 αί

291 3133 422 3194 τοὺς
462 3131 708 3193 εὐσεϐεῖς
746 3129 1136 3200 προσηκασθαι
1185 3128 1286 3199 τὴν
1331 3126 1441 3180 τῶν
1477 3127 1698 3181 ἀτόπων
1752 3125 1880 3178 τού-

292 3239 402 3278 των
434 3222 628 3294 ἀρχὴν,
658 3221 778 3276 ἀλλ’
805 3221 982 3293 αὐτὴν
1014 3222 1220 3291 μᾶλλον
1258 3219 1506 3291 ἀπῄτουν
1559 3217 1875 3288 ἀρνεῖσθαι,

290 3317 570 3370 τουτέστιν
594 3315 876 3385 ἀρνεῖσθαι
920 3314 1020 3385 μὲν
1050 3313 1217 3383 φύσιν
1254 3312 1389 3384 μίαν
1421 3315 1481 3366 ἐν
1507 3310 1587 3382 τῷ
1615 3311 1878 3382 ἡμετέρῳ

293 3408 581 3477 γεγονέναι
646 3406 898 3480 Δεσπότῃ
960 3405 1100 3474 μετά
1149 3409 1250 3476 τὴν
1318 3405 1431 3459 τῶν
1497 3404 1592 3457 δύο
1661 3403 1879 3472 φύσεων

294 3502 515 3565 ἕνωσιν,
541 3500 832 3569 ὁμολογεῖν
860 3499 940 3564 δὲ,
977 3500 1062 3553 ὅτι
1093 3498 1187 3552 καὶ
1221 3497 1486 3568 συνῆλθον
1527 3497 1588 3550 ὲν
1616 3495 1694 3566 τῷ
1743 3495 1878 3564 Χρι-

294 3592 406 3664 στῷ
456 3590 554 3644 δύο
607 3591 802 3660 φύσεις
853 3589 930 3653 ὡς
977 3589 1216 3660 ἀληθῶς,
1275 3589 1372 3644 καὶ
1427 3588 1523 3643 δύο
1579 3586 1720 3658 μετὰ
1777 3588 1878 3656 τὴν

293 3685 488 3738 ἐνωσιν
513 3682 757 3753 ἔμειναν,
782 3682 878 3736 ἀτε
906 3684 986 3746 εἰς
1010 3683 1069 3736 ἓν
1101 3682 1400 3753 πρόσωπον
1447 3680 1542 3736 καὶ
1575 3682 1706 3749 μίαν
1745 3679 1879 3732 ὑπό-

306 3792 502 3830 στασιν
530 3775 952 3845 συνεληλυθυῖαι
977 3775 1267 3846 ἀτρέπτως
1296 3774 1393 3829 καὶ
1419 3773 1659 3843 ἀμιγῶς.

367 3869 548 3922 Ταυτὺ
570 3869 628 3923 δὲ
652 3871 789 3923 πᾶσι
829 3869 1147 3938 συμϐέϐηκε
1175 3870 1290 3931 τοῖς
1320 3866 1570 3921 ὁπωσοῦν
1609 3865 1746 3936 πρὸς
1775 3865 1884 3934 τὴν·

293 3960 560 4030 ἀλήθειαν
592 3960 686 4012 καὶ
714 3959 814 4030 τὴν
860 3958 1050 4030 κοινὴν
1095 3956 1283 4011 πίστιν
1335 3957 1780 4028 διενηνεγμένοις
1817 3958 1877 4010 έν

294 4052 503 4105 πλείονί
527 4067 587 4105 τε
620 4051 714 4104 καὶ
754 4049 968 4120 μείζονι
997 4049 1302 4114 ἀποστάσει
1328 4045 1554 4118 ὁμοίως,
1581 4045 1678 4100 καὶ
1707 4045 1876 4097 πᾶσιν

294 4149 524 4212 ἐκείνοις
574 4149 624 4202 οί
683 4149 796 4201 τῶν
837 4145 1088 4220 ἀρχαίων
1140 4145 1432 4216 δογμάτων
1479 4144 1752 4213 ἐχόμενοι,
1783 4142 1876 4194 τὸν

295 4242 410 4295 ῖσον
443 4242 557 4304 τοῖς
582 4239 902 4310 είρημένοις
942 4238 1168 4310 τρόποις
1212 4237 1541 4308 ἐχρήσαντο.
1571 4235 1697 4290 Οὐδ’
1728 4236 1875 4305 ἡμᾶς

293 4334 474 4387 τοίνυν
499 4334 552 4386 οί
586 4333 682 4386 καὶ
713 4333 807 4386 τὸν
833 4332 964 4387 Υίδν
993 4332 1092 4386 τοῦ
1128 4331 1451 4400 Πνεύματος
1478 4328 1656 4384 αἴτιον
1689 4328 1876 4396 λέγον-

293 4442 383 4488 τες
425 4424 565 4495 μετά
612 4424 708 4478 τοῦ
763 4423 977 4494 Πατρδς
1008 4423 1267 4478 δύνανται
1316 4421 1546 4487 πείθειν,
1579 4421 1612 4488 ἢ
1660 4423 1760 4488 τὴν
1786 4419 1875 4473 δό-

294 4520 394 4585 ξαν
440 4517 825 4588 προσήκασθαι
851 4555 868 4584 ,
901 4516 936 4588 ἢ
985 4516 1073 4586 ἐφ’
1118 4517 1244 4569 ὅσον
1281 4498 1655 4585 διαφερόμεθα
1683 4529 1878 4566 κοινω-

294 4610 406 4662 νεῖν
444 4610 664 4676 αύτοῖς,
697 4607 806 4663 κᾶν
835 4608 1102 4679 μυριάκις
1129 4607 1202 4660 τά
1229 4605 1410 4660 ἄτοπα
1443 4604 1876 4676 ἐκκηρύττωσιν,

296 4701 380 4770 ἐφ’
410 4701 448 4755 ἃ.
492 4701 720 4772 οίόμεθα
750 4701 816 4754 τὸ
853 4700 1034 4770 δόγμα
1080 4699 1277 4769 φέρειν
1333 4695 1554 4751 αὐτῶν*
1585 4693 1713 4750 οὔτε
1749 4697 1875 4756 τοὺς

301 4793 553 4863 Πατέρας
578 4793 738 4862 ἡμῶν
767 4789 1014 4855 ἐπειθον,
1055 4789 1116 4854 ἐξ
1149 4788 1333 4843 αὐτῶν
1361 4787 1605 4859 τῶνζτῆς
1639 4785 1877 4858 προσθή-

297 4903 399 4955 κης
453 4884 671 4955 καιρῶν
711 4883 888 4947 οὕτως
931 4879 1318 4952 ἐξαιτιώμενοι
1363 4881 1506 4949 σφᾶς
1533 4880 1756 4942 αὐτοὺς,
1783 4879 1879 4932 καὶ

299 4978 400 5048 τὴν
451 4977 744 5031 κοινωνίαν
794 4976 928 5046 παρ’
983 4971 1166 5029 αὐτῶν
1208 4971 1572 5035 ἀπαιτοῦντες
1600 4987 1616 5002 ·
1654 4969 1777 5023 οῦτε
1815 4968 1878 5022 τὸ

304 5071 543 5141 μάλιστα
600 5066 887 5140 κινητικὸν
941 5065 1162 5134 αὐτῶν,
1193 5065 1228 5136 ἡ
1273 5063 1366 5119 τοῦ
1421 5061 1555 5118 Υίοῦ
1600 5062 1738 5133 πρὸς
1787 5061 1878 5115 τὸν

300 5165 520 5236 Πατέρα
550 5163 698 5217 κατά
719 5161 881 5232 φύσιν
911 5159 1221 5231 ἀκραιφνὴς
1244 5156 1524 5230 ὁμοιότης,
1541 5155 1576 5225 ἡ
1597 5152 1880 5226 ὁμοουσιό-

301 5275 400 5327 της
446 5255 814 5326 πιστευομένη
841 5297 856 5319 ,
885 5254 981 5308 καὶ
1013 5251 1144 5322 παρ’
1177 5251 1382 5321 ἀμφοῖν
1421 5246 1625 5319 ὁμοίως
1665 5247 1731 5317 τῇ
1780 5243 1874 5299 τοῦ

301 5345 538 5420 Χριστοῦ
575 5349 759 5419 χάριτι
811 5346 1036 5400 δύναται
1074 5343 1285 5398 πείθειν
1325 5343 1472 5412 ἡμᾶς
1500 5341 1601 5411 τὴν
1632 5353 1877 5392 καινοτο-

301 5444 434 5514 μίαν
473 5443 684 5513 ταύτην
718 5439 1140 5510 προσήκασθαι,
1192 5437 1268 5499 ὡς
1320 5433 1640 5502 ἀναγκαίως
1668 5446 1876 5500 συνημο

298 5535 472 5604 μένην
518 5527 681 5603 αὐτῇ.
728 5531 1050 5606 Ὀ-μοούσιον
1099 5529 1198 5597 μὲν
1227 5528 1338 5598 γὰρ
1371 5523 1705 5593 πιστεύομεν
1733 5519 1876 5576 εἶναι

293 5625 386 5677 τὸν
414 5624 547 5677 Υίδν
587 5624 666 5695 τῷ
709 5624 901 5693 Πατρὶ,
949 5621 1085 5676 ἀλλά
1134 5620 1228 5673 τοῦ
1266 5614 1536 5688 πατρικοῦ
1565 5613 1877 5682 ἀξιώματος

293 5717 556 5789 διείργειν
591 5718 752 5774 αὐτὸν
773 5715 1139 5788 διδασκόμεθα
1171 5712 1304 5784 παρ’
1329 5710 1498 5767 αὐτοῦ
1527 5727 1586 5766 τε
1628 5709 1724 5764 καὶ
1754 5708 1866 5763 τῶν

1983 3130 2194 3184 λοιπαὶ⁹
2225 3129 2434 3182 σύνοδοι
2487 3129 2844 3198 ἐφησύχασαν
2887 3131 2962 3194 ὡς
3023 3118 3286 3194 ἀνενδεῶς
3329 3130 3563 3201 ἔχοντες,

1981 3219 2270 3290 δμοούσιον
2305 3217 2403 3289 μὲν
2454 3217 2666 3272 τιθέασι
2712 3220 2788 3290 τῷ
2837 3221 3008 3291 Πατρὶ
3067 3221 3157 3274 τίν
3197 3220 3324 3273 Υίδν
3360 3220 3453 3274 καὶ
3506 3221 3566 3272 τὸ

1984 3309 2207 3380 Πνεῦμα
2236 3313 2442 3381 ἀμφοῖν
2486 3312 2917 3382 προσκυνεῖσθαι
2967 3313 3063 3365 καὶ
3119 3310 3564 3376 συνδοξάζεσθαι,

1980 3406 2045 3458 ἐκ
2069 3403 2126 3458 δὲ
2156 3403 2248 3457 τοῦ
2283 3403 2413 3458 Υίοῦ
2462 3405 2523 3457 οῦ
2581 3403 2833 3471 λέγουσιν
2881 3404 3315 3473 ἐκπορεύεσθαι,
3352 3403 3470 3458 ἀλλ’
3499 3407 3560 3457 ἐκ

1980 3491 2074 3547 τοῦ
2108 3493 2319 3564 Πατρδς
2355 3492 2576 3559 λέγουσι
2619 3493 2800 3562 μόνον.
2856 3495 2966 3546 Καὶ
2996 3495 3024 3545 6
3067 3493 3162 3546 τοῦ
3215 3493 3350 3546 Θεοῦ
3392 3493 3565 3561 Λόγος

1979 3585 2178 3650 αὐτὸς,
2238 3588 2332 3640 καὶ
2405 3587 2435 3638 6
2503 3587 2770 3659 μακάριος
2824 3585 2990 3640 αὑτοῦ
3056 3586 3306 3656 μαθητὴς
3389 3587 3569 3642 Ίωὰν·

1981 3693 2100 3747 νης,
2150 3677 2374 3748 Πνεῦμα
2421 3675 2523 3746 μὲν
2553 3677 2812 3748 ἀληθείας
2862 3676 3163 3742 ἀποκαλεῖ,
3196 3679 3370 3732 εῖτουν
3400 3678 3567 3731 αὐτοῦ

1979 3769 2074 3825 τοῦ
2121 3770 2295 3839 Λόγου
2323 3770 2767 3841 ,ἐκπορεύεσθαι
2815 3771 2918 3837 μὲν
2960 3770 3022 3835 ἐξ
3069 3769 3234 3824 αὐτοῦ
3279 3770 3570 3841 διωρίσατο

1979 3863 2072 3919 τοῦ
2106 3864 2340 3934 Πατρός.
2366 3863 2479 3917 Καὶ
2516 3862 2726 3924 Παῦλος
2766 3863 2830 3915 τὸ
2863 3863 3102 3933 Χριστοῦ
3137 3863 3348 3932 στόμα,
3382 3866 3444 3917 ἐκ
3471 3862 3568 3916 τοῦ

1943 3983 1951 3992 -
1977 3956 2116 4012 Θεοῦ
2147 3955 2247 4025 μὲν
2263 3952 2402 4008 εῖναι
2421 3953 2596 4024 λέγων
2611 3954 2672 4008 τδ
2701 3953 2925 4024 Πνεῦμα
2952 3955 3046 4008 καὶ
3070 3952 3166 4008 τοῦ
3189 3954 3347 4019 Θεοῦ,
3364 3954 3442 4024 τῷ
3469 3956 3568 4024 μὲν

1979 4052 2078 4120 τὴν
2099 4049 2280 4104 αἰτίαν
2304 4048 2608 4119 σημαίνων,
2638 4046 2716 4117 τῷ
2745 4047 2801 4100 δέ
2831 4047 2930 4116 τὴν
2976 4046 3210 4116 φυσικὴν
3241 4048 3568 4114 συγγένειαν

1979 4146 2080 4214 τῆς
2129 4142 2380 4212 θεότητος
2403 4142 2512 4207 ,ἐκ
2547 4137 2640 4192 τοῦ
2674 4137 2802 4192 Υἱοῦ
2848 4137 2904 4191 δὲ
2934 4137 3186 4207 οὐδαμῶς
3234 4138 3426 4205 λέγων,
3451 4138 3566 4190 ἀλλ’

1979 4236 2014 4310 ἢ
2049 4236 2209 4308 μόνον
2237 4232 2463 4303 Πνεῦμα
2492 4229 2623 4284 Υίοῦ
2648 4230 2743 4285 καὶ
2775 4228 3000 4298 Πνεῦμα
3026 4228 3294 4300 Χριστοῦ,
3313 4230 3409 4282 καὶ
3430 4228 3568 4292 ὅλως

1980 4331 2040 4385 τὺ
2067 4326 2207 4384 εῖναι
2238 4327 2300 4381 τὺ
2328 4326 2617 4397 δμοούσιον
2645 4323 2816 4395 ἑτέρῳ
2849 4324 2957 4376 τινὶ
2977 4321 3078 4376 οὒκ
3108 4321 3168 4386 ἐξ
3199 4321 3446 4389 ἀνάγκης
3470 4323 3566 4375 καὶ

1981 4421 2152 4476 αῖτιον
2173 4418 2399 4489 θάτερον
2419 4415 2650 4486 θατέρου
2686 4413 2825 4469 εῖναι
2846 4413 3078 4479 είσόιγει,
3107 4412 3188 4466 διδ
3218 4410 3316 4466 καὶ
3355 4412 3424 4483 τῇ
3464 4411 3564 4481 μὲν

1980 4514 2192 4584 ἐνότητι
2235 4512 2332 4581 τῆς
2367 4510 2557 4573 οὐσίας
2580 4511 2637 4563 ἐν
2668 4508 2846 4577 Πατρὶ
2876 4507 2968 4559 καὶ
3001 4505 3116 4575 Υίῷ
3151 4505 3247 4566 καὶ
3277 4504 3560 4574 Πνεύματι
3640 4533 3647 4540 -

1978 4609 2038 4660 οὐ
2070 4605 2417 4675 λυμαίνεται,
2447 4603 2510 4656 τὸ
2561 4603 2635 4673 μὴ
2661 4601 2758 4655 καὶ
2784 4605 2843 4653 ἐκ
2873 4601 2968 4653 τοῦ
2998 4597 3130 4652 Υίοῦ
3157 4597 3462 4666 ύφεστάναι
3507 4597 3568 4648 τὸ

1981 4697 2227 4768 Πνεῦμα,
2258 4697 2292 4768 ἢ
2328 4695 2613 4767 προελθεῖν
2640 4693 2902 4756 αίτιατῶς
2933 4689 3211 4762 ἐγχωροῦν
3233 4729 3249 4755 ,
3283 4689 3567 4761 ὁμοούσιόν

1979 4807 2038 4844 τε
2067 4785 2204 4843 εἶναι
2242 4787 2414 4858 αὐτῷ,
2456 4787 2532 4850 ὡς
2558 4785 2657 4856 τὴν
2710 4784 2862 4854 αύτῷ
2892 4783 3110 4855 ἀριθμῷ
3160 4783 3254 4851 λαι
3274 4781 3565 4835 ϐάνον-ού-

1989 4882 2108 4936 σίαν
2139 4883 2203 4935 ἐκ
2241 4879 2338 4934 τοῦ
2371 4879 2588 4950 Πατρὺς
2615 4876 3081 4948 ἐκπορευόμενον,
3111 4876 3178 4945 ἣν
3209 4875 3237 4927 6
3269 4874 3397 4936 Υίὺς
3425 4873 3564 4925 ἐκεῖ-

1986 4977 2078 5030 θεν
2111 4972 2379 5043 λαμϐάνει
2415 4969 2780 5039 γεννώμενος,
2815 4967 2894 5037 τῷ
2927 4984 3010 5020 τοι
3056 4967 3152 5019 καὶ
3182 4963 3314 5018 Υίοῦ
3341 4962 3565 5030 Πνεῦμα

1984 5064 2201 5132 λέγεται
2234 5058 2394 5127 εἶναι,
2429 5060 2526 5133 καὶ
2577 5058 2653 5128 μὴ
2694 5054 2836 5110 εἶναι
2886 5055 3054 5109 αὐτοῦ
3086 5051 3384 5123 πρόϐλημα
3411 5047 3443 5118 ἢ
3474 5051 3565 5101 ἐκ·

1989 5154 2266 5223 πῦρευμαο
2296 5149 2358 5204 τὸ
2385 5149 2444 5202 δὲ
2482 5149 2577 5203 καὶ
2619 5149 2682 5200 ἐκ
2714 5145 2808 5199 τοῦ
2846 5145 2977 5199 Υίοῦ
3012 5143 3313 5212 ὑφεστάναι
3343 5139 3410 5194 ἂν
3433 5139 3563 5193 πολ-

1984 5245 2105 5309 λαῖς
2148 5241 2436 5313 ἀληθείαις
2485 5239 2832 5309 λυμαίνεται,
2881 5235 2956 5300 ὡς
3006 5231 3102 5288 νῦν
3129 5247 3186 5285 τε
3226 5231 3562 5301 εἴρηταικαὶ

1993 5335 2050 5387 ἐν
2079 5331 2261 5394 ἀλλοις
2293 5329 2386 5384 διά
2419 5328 2684 5382 πλειόνων
2711 5343 2769 5380 τε
2803 5326 2898 5380 καὶ
2945 5323 3342 5394 ἐναργέστερον
3372 5320 3563 5374 ἀποδέο

1985 5426 2212 5490 δεικται,
2249 5417 2328 5479 ὧν
2357 5421 2464 5493 χρὴ
2498 5419 2910 5490 ἀναιρουμένων
2939 5415 3027 5471 διὰ
3063 5413 3226 5468 τοῦτο
3268 5413 3342 5484 μὴ
3373 5429 3562 5483 περιο-

1987 5519 2088 5591 ρᾷν
2117 5519 2288 5591 sum

2067 5608 2414 5680 Ἐφρόντιζον
2440 5607 2488 5662 δ’
2513 5607 2578 5660 ἂν
2603 5605 2697 5658 καὶ
2729 5605 2969 5670 Λατῖνοι,
3003 5605 3052 5657 εἰ
3080 5601 3156 5674 μὴ
3183 5603 3250 5674 τῇ
3280 5599 3554 5672 προλήψει

1985 5703 2262 5759 ἐδούλευον
2316 5703 2438 5759 ἀντὶ
2475 5703 2575 5773 τῆς
2623 5696 2910 5768 ἀκριϐείας
2958 5698 3050 5752 καὶ
3103 5697 3201 5768 τῆς
3238 5693 3450 5757 δικαίας
3502 5706 3561 5751 τε
