3828 6180
357 180 457 240 Ἷὶτ

1392 179 1489 238 DE
1531 176 1966 239 ADDITIONE
1995 179 2100 237 AD
2137 175 2588 241 SYMBOLUM.

3520 177 3623 242 718

355 293 511 360 ἡμεῖς
546 287 600 342 δὲ
651 290 755 353 ἕξω
797 290 889 344 τοῦ
937 291 1208 362 συμϐόλου
1268 289 1426 344 τοῦτο
1481 289 1744 360 ποιοῦμεν
1777 329 1790 352 ,
1824 287 1932 340 οὐδ’
1961 292 2008 350 Α
2041 291 2223 358 φικοῖς
2255 291 2479 361 χωρίοις
2529 289 2743 354 τούτοις
2789 289 3082 346 ἀπέδωκαν
3129 291 3231 360 τὴν
3264 291 3361 362 τῆς
3413 297 3461 344 α’
3497 309 3621 346 συνο

353 384 508 438 αὐτοὶ
556 381 718 437 τοῦτο
759 383 1045 448 ποιοῦντες
1078 384 1174 452 ἀφ’
1201 383 1432 448 ἑαυτῶν,
1462 382 1598 436 ἀλλά
1635 382 1762 444 τοὺς
1787 379 1932 433 διδαο

353 473 588 537 σκάλους
616 476 710 528 καὶ
736 475 946 537 πάντας
973 475 1169 538 αὐτοὺς
1193 475 1502 543 ἀληθινοὺς,
1525 473 1698 535 οὕτως
1723 470 1933 536 ἀξιοῦν-

351 585 444 629 τας
478 566 851 636 εὑρίσκοντες.
894 565 1004 618 Καὶ
1039 565 1173 618 διότι
1203 567 1321 628 ταῖς
1356 564 1488 634 παρ’
1528 564 1662 634 ἡμῖν
1689 561 1934 616 ἀναπτύ-

355 661 500 723 ξεσιν
548 658 876 712 ἐπεϐάλοντο
919 657 1171 728 φανερῶς
1200 697 1215 720 ,
1255 657 1341 710 διὰ
1372 656 1530 710 τοῦτο
1567 656 1664 725 τὴν
1696 657 1936 709 ἀνάπτυ-

357 753 438 816 ξιν
469 751 654 820 αύτῶν
709 747 826 804 οὔτ’
871 750 1218 821 ἐπῃνέσαμεν
1268 748 1380 802 οὒτ’
1436 747 1785 817 ἐπαινοῦμεν.
1820 745 1937 800 Νῦν

353 844 445 899 06v
469 843 815 907 ύποτιθέντες
867 843 916 896 οί
968 844 1208 906 Λατῖνοι,
1256 844 1338 896 ὃτι
1386 841 1618 912 τὴντῶν
1650 840 1937 910 ἡμετέρων

355 933 692 988 διδασκάλων
734 933 1036 1002 ἀνάπτυξιν
1071 931 1409 1005 ἀκυροῦμεν,
1495 921 1776 994 τοσούτοις
1812 933 1938 984 ἐπι-

359 1027 622 1098 στεύομεν
655 1026 823 1090 ἔτεσι,
867 1025 1132 1097 τιθέμεθα
1166 1027 1222 1080 δὲ
1277 1029 1341 1094 τῇ
1375 1025 1556 1080 αὐτῶν
1613 1023 1935 1089 ἀναπτύξει,

356 1121 499 1174 οὕτω
555 1120 725 1188 φασὶν
776 1121 1023 1172 ἐπαινεῖν
1054 1119 1156 1187 τὴν
1209 1119 1488 1190 ἡμετέραν
1534 1119 1743 1182 πίστιν,
1777 1119 1809 1187 ἢ
1845 1135 1937 1171 πι-

361 1213 572 1265 στεύειν
599 1211 788 1282 ῶσπερ
817 1212 1001 1280 ἡμεῖς.
1037 1209 1242 1264 Τούτου
1273 1211 1329 1264 δὲ
1364 1211 1424 1263 τὸ
1458 1212 1701 1264 ἐναντίον
1738 1209 1938 1280 μᾶλλόν

357 1305 476 1356 ἐστι
525 1305 621 1358 καὶ
662 1303 810 1356 δοκεῖ
867 1306 979 1367 τοῖς
1019 1301 1199 1372 ἔχουσι
1258 1302 1410 1368 νοῦν,
1459 1304 1541 1356 ὅτι
1574 1301 1940 1372 πιστεύσομεν

357 1395 588 1456 ἐκείνοις
617 1396 818 1465 ὁμοίως
849 1395 947 1462 τὴν
975 1394 1258 1464 ἡμετέραν
1308 1393 1466 1460 δόξαν
1517 1393 1940 1458 ἀπολελοιπότες

357 1488 634 1554 καθάπαξ,
668 1489 728 1540 06
759 1488 819 1540 τὸ
842 1489 906 1542 ἐκ
939 1487 1152 1556 Πατρός
1183 1486 1605 1555 ἐκπορεύεσθαι,
1643 1483 1800 1537 τοῦτο
1832 1487 1940 1553 γὰρ

357 1581 534 1634 κοινόν
563 1582 712 1634 ἐστιν
750 1581 975 1650 ἀμφοῖν,
1010 1579 1144 1632 ἀλλά
1173 1580 1234 1632 τὸ
1264 1579 1364 1632 οὐκ
1393 1581 1454 1632 ἐκ
1496 1577 1589 1632 τοῦ
1619 1576 1748 1631 Υίοῦ
1773 1595 1787 1610 ο
1812 1576 1942 1645 περὶ

2036 382 2157 436 όδου
2191 382 2646 450 διδασκαλίαν,ἐν
2753 384 3040 454 προδήλως
3068 384 3254 455 σχεδόν
3286 385 3349 436 ἐκ
3384 382 3479 438 τοῦ
3513 385 3623 437 Πα-

2038 476 2167 545 τρὸς
2201 474 2366 546 μόνου
2395 476 2492 547 τὴν
2522 475 2757 548 ὕπαρξιν
2814 479 2958 548 ἔχειν
3012 476 3074 530 τὸ
3118 476 3346 546 Πνεῦμα
3376 477 3438 530 τὸ
3469 478 3628 543 ἅγιον

2039 568 2466 637 καταφαίνεται,
2517 566 2616 638 τήν
2673 567 2979 633 ἀνάπτυξιν
3010 568 3106 638 τῆς
3157 569 3201 638 β’
3239 567 3459 622 συνόδου
3488 609 3504 636 ,
3533 570 3622 622 ὅτε

2039 662 2101 716 τὸ
2128 663 2259 732 περὶ
2290 661 2385 714 τοῦ
2419 661 2738 730 Πνεύματος
2767 661 3033 731 ἐζήτηται
3068 657 3360 731 προύργου
3379 662 3476 714 καλ⁸
3503 662 3626 715 ίκαο

2041 753 2264 807 νώτατα
2292 753 2580 823 διωρίσθη,
2622 754 2744 806 ὅσον
2775 771 2836 805 τε
2888 752 2968 815 είς
3013 751 3110 822 τὴν
3145 741 3342 806 οὐσίαν
3366 755 3493 823 ἣκει
3529 755 3624 808 τοῦ

2044 843 2383 912 Πνεύματος,
2420 845 2510 896 καὶ
2545 844 2668 896 ὅσον
2703 843 2784 906 είς
2823 842 2923 912 τήν
2954 842 3048 896 τοῦ
3095 843 3218 898 ὅθεν
3243 845 3392 901 ἐστὶν
3419 847 3624 908 αἰτίαν,

2042 937 2138 1000 τάς
2163 936 2271 990 τῶν
2296 935 2474 989 ἄλλων
2521 936 2765 990 συνόδων
2800 934 3170 1003 ἐπικυρῶσεις
3208 939 3308 1007 τῆς
3341 939 3624 1009 ἀληθείας,

2042 1027 2152 1081 τῶν
2197 1029 2484 1098 ἡμετέρων
2545 1027 2887 1082 διδασκάλων
2958 1027 3180 1081 πάντων
3230 1030 3330 1092 τὰς
3376 1031 3627 1099 ἐναργεῖς

2043 1121 2369 1188 ἀποφάσεις,
2428 1119 2526 1173 καὶ
2583 1120 2720 1190 πρὸς
2778 1119 2993 1183 τούτοις
3046 1121 3242 1189 λόγους
3278 1121 3502 1182 ίκανοὺς
3534 1125 3630 1175 καὶ

2051 1212 2332 1278 γενναίους
2387 1213 2450 1265 ἐκ
2493 1211 2600 1264 τῶν
2658 1213 2846 1282 ἀρχῶν
2904 1212 3357 1282 λαμϐανομένους
3401 1214 3501 1282 τῆς
3541 1216 3629 1266 πῖ-

2049 1322 2259 1370 στεως’
2310 1303 2371 1358 o6
2421 1305 2632 1359 δίκαιον
2680 1304 2863 1359 τοίνυν
2915 1304 3088 1358 ταῦτα
3137 1305 3318 1360 πάντα
3368 1306 3630 1376 ἀφέντας,

2045 1398 2203 1462 δόξαν
2236 1396 2639 1468 προσήκασθαι,
2662 1397 2800 1467 μήτε
2829 1399 2894 1450 ἐκ
2916 1397 3028 1450 τῶν
3051 1399 3352 1450 κανονικῶν
3377 1397 3628 1467 γραφῶν,

2050 1491 2188 1559 μήτε
2219 1491 2283 1541 ἐκ
2313 1489 2423 1545 τῶν
2447 1488 2543 1541 τοῦ
2580 1490 2779 1558 χρόνου
2821 1489 3131 1558 πρεσϐείων
3157 1489 3256 1561 τὴν
3287 1491 3440 1560 ἰσχὺν
3472 1492 3629 1560 ἔχου-

2047 1599 2171 1645 σαν,
2212 1583 2352 1651 μήτε
2406 1583 2471 1636 ἐκ
2523 1582 2632 1635 τῶν
2684 1581 2816 1651 παρ’
2861 1583 2993 1651 ἡμῖν
3043 1583 3380 1638 διδασκάλων
3413 1579 3489 1642 ὧν
3531 1587 3631 1644 τὰς

359 1673 516 1727 τοῦτο
577 1673 687 1743 γάρ
739 1642 1086 1741 διιστάμεθα.
1153 1671 1224 1725 Ἣ
1284 1669 1392 1725 ίδοὺ
1460 1669 1692 1740 λέγομεν
1752 1642 2514 1743 αὑτοίςΒβίϐλουξέχομεν,
2574 1675 2667 1725 καὶ
2727 1642 2836 1728 τῶν
2877 1642 3072 1742 φωνῶν
3127 1677 3437 1746 ἐπαΐομεν,
3490 1642 3630 1748 μήτε

357 1769 504 1831 ὅπως
528 1767 757 1836 νοοῦμεν
787 1766 849 1818 τὸ
889 1769 952 1819 ἐκ
978 1764 1071 1818 τοῦ
1114 1765 1327 1835 Πατρός
1350 1766 1811 1835 ἐκπορευόμενον,
1844 1763 1940 1816 καὶ

359 1863 507 1924 ὅπως
546 1859 728 1913 ἐνόουν
773 1862 822 1914 οί
861 1861 1120 1932 ἡμέτεροι
1166 1861 1425 1929 πρόγονοι
1458 1859 1554 1910 καὶ
1597 1859 1934 1923 διδάσκαλοι,

356 1955 434 2021 ὡς
478 1956 578 2009 οὐκ
629 1956 694 2008 ἐκ
723 1952 818 2007 τοῦ
872 1953 1003 2007 Υίοῦ
1055 1952 1338 2022 δηλονότι’
1380 1951 1508 2021 περὶ
1537 1949 1698 2004 τοῦτο
1733 1953 1844 2021 γὰρ
1873 1945 1940 2019 ἦν

361 2051 492 2118 ἡμῖν
521 2047 616 2100 καὶ
650 2046 904 2108 Λατίνοις
933 2046 966 2114 ἡ
1002 2042 1272 2114 σύμπασα
1308 2044 1479 2114 μάχη.

433 2141 496 2192 EE
548 2139 729 2191 τοίνυν
762 2138 920 2206 φαῖεν
946 2136 1039 2190 καὶ
1071 2135 1225 2187 αὐτοὶ
1253 2133 1399 2187 οὓτω
1434 2135 1735 2200 πιστεύειν,
1774 2139 1944 2204 σήμε-

366 2248 458 2301 ρον
484 2231 670 2291 αύτοῖς
701 2227 993 2298 ἑνούμεθαο
1046 2226 1164 2279 ἀλλ’
1187 2228 1286 2280 οὐκ
1318 2227 1384 2282 ἂν
1409 2226 1551 2280 οὕτω
1597 2232 1774 2298 φαῖεν·
1811 2229 1940 2281 ούκ-
1987 2218 1996 2223 ’

365 2322 460 2375 οῦν
509 2325 558 2375 εί
607 2321 826 2388 λέγουσι
882 2316 1159 2372 πιστεύειν
1223 2319 1426 2387 ὁμοίως
1477 2321 1609 2389 ἡμῖν
1677 2321 1942 2391 περὶτοῦ

371 2414 707 2483 Πνεύματος,
743 2413 1059 2480 σοφίζονται
1089 2415 1216 2476 τοὺς
1249 2411 1658 2482 ἁπλουστέρους
1705 2414 1800 2465 καὶ
1841 2428 1944 2464 πα-

369 2505 726 2576 ρασύρουσιν.
771 2504 832 2556 Εἰ
862 2503 919 2556 δὲ
949 2501 1122 2556 δεινὸν
1153 2504 1302 2556 δοκεῖ
1347 2502 1535 2566 αὐτοῖς
1578 2501 1638 2552 τὸ
1669 2503 1762 2554 καὶ
1797 2503 1944 2570 ἡμᾶς

368 2599 733 2652 ἀναπτύσσειν
759 2639 772 2663 ,
811 2597 990 2650 καίτοι
1045 2597 1168 2666 μετ’
1197 2595 1482 2656 εὐσεϐείας
1523 2593 1683 2647 τοῦτο
1734 2593 1949 2646 ποιούν-

369 2709 499 2749 των.
543 2693 638 2744 καὶ
695 2690 793 2758 τῆς
851 2689 1039 2759 κοινῆς
1087 2687 1380 2758 ὁμολογίας
1421 2686 1672 2756 οὐδαμῶς
1706 2686 1948 2755 ἁπτομέ-

371 2803 497 2848 νων,
535 2784 769 2852 ὲχόντων
823 2782 880 2834 δὲ
933 2780 1284 2850 παράδειγμα
1315 2782 1440 2842 τοὺς
1475 2778 1728 2849 πρώτους
1763 2779 1948 2832 τετολ-

377 2877 616 2944 μηκότας
669 2871 822 2937 αὐτὸ,
863 2874 957 2926 καὶ
997 2872 1072 2935 ὡς
1123 2871 1336 2940 ἀληθῶς
1384 2869 1476 2922 ὑπ’
1526 2869 1771 2938 ἀνάγκης
1822 2871 1950 2923 ἁνα-

2043 1764 2222 1836 λόγοις
2261 1766 2722 1835 μαρτυρουμένην
2749 1803 2766 1829 ,
2800 1767 2848 1818 εί
2885 1765 2960 1836 μή
3001 1770 3338 1835 σοφιστικοῖς
3360 1810 3373 1833 ,
3407 1771 3501 1822 καὶ
3529 1769 3630 1823 οὐκ

2045 1858 2108 1908 ἐκ
2141 1854 2251 1909 τῶν
2301 1855 2496 1909 κοινῶν
2546 1856 2734 1924 ἀρχῶν
2783 1855 3167 1926 ὡρμημένοις,
3227 1857 3342 1911 ἀλλ’
3375 1857 3437 1912 ἐκ
3468 1877 3630 1914 τινων

2043 1948 2137 2010 οὓς
2169 1947 2268 2000 ούκ
2311 1947 2488 2016 ἴσμεν,
2519 1945 2682 2000 πόθεν
2711 1947 2870 2000 εἰσίν.

2133 2039 2298 2092 ’Λλλά
2353 2055 2518 2107 φασιν
2567 2040 2652 2092 ὅτι
2691 2039 2834 2092 τοῦτ’
2865 2040 3232 2107 Αύγουστίνος
3285 2046 3312 2095 ό
3354 2045 3628 2114 μακάριος

2046 2132 2216 2197 λέγει.
2264 2130 2406 2182 Ἀλλ’
2437 2132 2597 2201 ἡμεῖς
2632 2133 2713 2195 είς
2752 2133 2854 2202 τὴν
2895 2133 3226 2203 Ἐκκλησίαν
3259 2135 3624 2204 πιστεύομεν,

2046 2223 2112 2292 ἢν
2144 2223 2195 2275 αἱ
2227 2223 2515 2276 κανονικαὶ
2543 2224 2754 2292 γραφαὶ
2782 2224 3074 2278 συνιστῶσι
3101 2225 3196 2278 καὶ
3227 2226 3280 2279 αί
3310 2230 3490 2280 κοιναὶ
3519 2227 3628 2280 τῶν

2054 2313 2262 2368 πιστῶν
2297 2313 2507 2366 σύνοδοι
2540 2313 2642 2382 τὴν
2682 2315 3014 2383 Ἐκκλησίαν
3065 2317 3307 2386 Χριστοῦ
3359 2321 3630 2389 παριστά-

2007 2413 2026 2420 '
2049 2423 2261 2470 νουσαι,
2307 2408 2407 2459 οὐκ
2443 2407 2521 2468 είς
2568 2401 2959 2474 Λύγουστῖνον,
2999 2407 3099 2460 οὐκ
3129 2409 3208 2470 είς
3238 2411 3629 2480 Δαμασκηνδν,

2049 2495 2159 2549 οὐδ’
2188 2495 2332 2564 αύτῷ
2367 2494 2443 2565 τῷ
2471 2495 2824 2566 Δαμασκηνῷ
2859 2498 3248 2568 ,προσέσχομεν
3278 2499 3353 2553 ἂν.
3375 2502 3431 2553 ἐν
3460 2503 3634 2570 τούτῳ

2049 2585 2128 2657 τῷ
2177 2589 2356 2658 μέρει,
2407 2589 2454 2641 εί
2504 2591 2579 2658 μὴ
2621 2589 2718 2658 τῆς
2785 2590 2972 2659 κοινῆς
3019 2592 3197 2660 εἴχετο
3233 2593 3412 2663 δόξης,
3445 2595 3634 2665 ὥσπερ

2053 2683 2110 2733 ἐν
2136 2683 2247 2744 τοίς
2275 2681 2451 2745 ἄλλοις
2480 2684 2687 2737 ἅπασιν
2713 2682 2918 2754 ἔχεται.

2137 2772 2280 2824 Ἀλλ’
2309 2771 2418 2825 οὐδ’
2453 2772 2668 2824 εύθυνεί
2717 2772 2930 2834 δίκαιος
2980 2774 3056 2826 ὢν
3092 2777 3239 2843 ἡμᾶς
3281 2779 3308 2828 ό
3348 2775 3500 2838 Θεὸς,
3535 2777 3633 2844 τὴν

2054 2867 2239 2934 κοινήν
2293 2866 2384 2918 καλ.
2429 2865 2862 2934 ὡμολογημένην
2914 2865 2974 2918 ού
3026 2865 3390 2934 βουλομένους
3446 2867 3633 2920 πίστιν

373 2969 744 3031 πτυσσόντων,
773 2967 927 3020 αὐτοί
952 2983 1007 3020 τε
1047 2964 1410 3019 παυέσθωσαν
1446 2963 1950 3028 ἀναπτύσσειν,καὶ
1977 2987 2020 3045 C
2061 2960 2277 3024 ἀφεῖναι
2311 2959 2408 3009 καὶ
2454 2957 2649 3026 γνώμῃ
2691 2958 2837 3015 τινὸς
2879 2956 3299 3028 προστεθείσθαι
3342 2959 3453 3012 τῶν
3481 2960 3628 3012 διδα-

371 3066 534 3133 ἡμεῖς
581 3060 777 3132 σχολήν
831 3063 953 3122 ταῖς
1003 3057 1341 3122 ἀναπτύξεσι
1374 3055 1622 3124 δώσομεν
1661 3055 1828 3109 ἕνεκα
1855 3053 1948 3107 τοῦ

378 3157 474 3223 τῆς
510 3153 736 3223 ἀγάπης
771 3151 961 3206 καλοῦ.
995 3153 1102 3204 Καὶ
1128 3150 1188 3201 τὸ
1219 3151 1314 3217 μὲν
1340 3149 1562 3218 πότερον
1602 3149 1773 3210 αἴτιός
1805 3151 1950 3200 ἐστιν

376 3253 403 3302 ὁ
427 3249 552 3311 Υἱὸς
582 3247 677 3300 τοῦ
727 3246 1043 3315 Πνεύματος
1078 3243 1112 3312 ἢ
1153 3243 1249 3312 μὴ,
1278 3242 1310 3312 ἢ
1359 3239 1629 3312 ζητείσθω
1667 3240 1818 3309 παρά
1843 3235 1952 3289 τῶν

379 3340 722 3410 βουλομένων
776 3337 1042 3400 ἐνδόξως,
1109 3335 1142 3404 ἢ
1218 3332 1466 3401 σιγάσθω
1521 3331 1674 3400 παρά
1733 3334 1950 3384 πάντων

377 3435 602 3506 ὁμοίως.
643 3434 708 3485 Ἥ
740 3431 782 3484 δ’
815 3429 1114 3499 Ἐκκλησία
1165 3430 1318 3496 κοινῇ
1367 3425 1457 3478 τὸν
1490 3425 1619 3478 Υἰόν
1659 3423 1822 3476 αὐτὸν
1857 3421 1948 3474 τοῦ

378 3529 511 3583 Θεοῦ
546 3525 874 3593 διαλλακτὴν
922 3520 1176 3574 ποιείσθω
1225 3514 1431 3587 ταύτης
1463 3518 1564 3587 τῆς
1600 3515 1776 3587 ἔριδος
1806 3557 1819 3581 ,
1852 3516 1952 3566 οὐκ

379 3619 581 3690 ἔχουσά
620 3637 674 3670 τι
719 3617 828 3669 τῶν
876 3616 1084 3668 ἐκείνου
1127 3611 1344 3681 φωνῶν,
1380 3612 1413 3680 ἣ
1456 3609 1861 3676 ἀσφαλέστερον
1918 3606 1950 3675 ἦ

380 3713 690 3782 ἱερώτερον.
724 3710 938 3763 Μᾶλλον
972 3708 1028 3760 δὲ
1066 3708 1163 3776 τῆς
1209 3703 1534 3773 Ἐκκλησίας
1568 3702 1728 3755 τοῦτο
1773 3701 1952 3761 καλῶς

382 3805 748 3875 πεποιηκυίας
784 3804 841 3855 ὲν
869 3803 935 3870 τῇ
969 3799 1199 3867 δευτέρᾳ
1244 3795 1447 3864 συνόδῳ
1491 3795 1585 3847 καὶ
1622 3793 1782 3862 ἡμῶν
1816 3793 1954 3861 αὐτῇ

382 3899 721 3968 πειθομένων
742 3939 757 3963 ,
791 3892 888 3947 καὶ
916 3894 1016 3963 τὴν
1056 3889 1388 3958 Ἐκκλησίαν
1420 3887 1518 3954 τῆς
1564 3885 1781 3953 Ῥώμης
1813 3885 1955 3935 οὕτω

384 3997 645 4063 πράττειν
697 3989 886 4061 ἐχρῆν,
944 3987 1039 4039 καὶ
1096 3982 1238 4035 οὕτω
1279 3999 1339 4048 γε
1397 3981 1617 4050 πράξει,
1657 3977 1955 4045 βουλομένη

384 4091 648 4159 πράττειν
682 4090 750 4136 τά
779 4083 990 4135 δέοντα.

398 4176 409 4186 ’
457 4175 802 4246 Πανταχόθεν
831 4173 927 4226 οὖν
971 4169 1178 4232 αίτίους
1233 4171 1332 4238 τῆς
1387 4167 1568 4236 μάχης
1604 4165 1804 4230 ταύτης
1832 4163 1958 4225 τοὺς

385 4275 647 4334 Λατίνους
677 4268 921 4340 δρῶντες
953 4265 1047 4318 νῦν
1095 4280 1154 4316 τε
1207 4261 1616 4329 καὶπρότερον,
1649 4256 1767 4326 μεθ’
1802 4256 1958 4326 ἡμῶν

2060 3049 2275 3104 σκάλων
2329 3050 2538 3120 χωρὶς,
2577 3051 2625 3103 εἰ
2659 3050 2754 3103 καὶ
2811 3049 2901 3103 διὰ
2952 3050 3112 3104 τοῦτο
3172 3052 3630 3122 κολασθησόμεθα

2053 3146 2252 3215 δήπου,
2281 3145 2365 3198 ὅτι
2401 3145 2474 3214 μὴ
2525 3143 2868 3215 προσέχομεν
2935 3145 3222 3216 Γρηγορίῳ
3263 3147 3340 3218 τῷ
3386 3148 3632 3218 Νύσσης,

2053 3240 2203 3302 τέλος
2258 3237 2536 3301 κολάσεως
2602 3237 2992 3308 δογματίζοντι
3025 3282 3038 3301 .
3079 3240 3438 3313 ἀξιωματικῴ
3494 3245 3633 3304 ὅνῖι,

2055 3330 2152 3386 καὶ
2189 3330 2364 3384 ταῦτα
2423 3331 2518 3384 καὶ
2568 3330 2672 3383 ὑπὸ
2729 3331 2962 3385 συνόδων
3013 3336 3490 3405 μαρτυρουμένῳ·
3544 3341 3637 3391 καὶ

2055 3423 2211 3484 δίκας
2255 3420 2412 3484 αὖθις
2469 3419 2780 3490 ὑφέξομεν,
2813 3421 2896 3474 ὅτι
2951 3423 3026 3493 μὴ
3076 3425 3494 3496 παραιτούμεθα
3540 3428 3637 3492 μὲν

2055 3513 2154 3576 τάς
2191 3511 2443 3574 συνόδους
2485 3511 2580 3564 καὶ
2623 3511 2724 3574 τὰς
2753 3512 3000 3583 Γραφάς,
3045 3515 3390 3584 προσέχομεν
3423 3516 3479 3568 δὲ
3513 3518 3638 3569 Διοο

2057 3606 2224 3673 νυσίῳ
2255 3604 2335 3673 τῷ
2368 3603 2776 3674 Ἀλεξανδρείας
2802 3605 2894 3658 καὶ
2924 3605 3189 3675 μάρτυρι,
3215 3607 3311 3659 καὶ
3346 3606 3636 3678 Γρηγορίῳ

2056 3698 2135 3768 τῷ
2191 3697 2630 3766 Νεοκαισαρείας
2681 3697 2759 3768 τῷ
2822 3699 3044 3770 μεγάλῳ
3091 3698 3500 3772 θαυματουργῷ
3537 3705 3636 3756 καὶ

2058 3791 2368 3861 διδασκάλῳ
2422 3791 2519 3859 τῆς
2577 3791 2860 3856 πίστεως,
2891 3793 3090 3855 οἵτινες
3129 3793 3356 3863 ἡχοῦσιν
3410 3798 3469 3848 ἐν
3523 3799 3637 3859 τοῖς

2067 3885 2220 3947 ἰδίοις
2277 3885 2458 3954 λόγοις
2509 3887 2762 3956 αίρετικά
2787 3902 2911 3939 τινα
2940 3887 3186 3955 δόγματα
3227 3890 3332 3940 ὑπὸ
3380 3890 3481 3958 τῆς
3530 3891 3637 3943 τῶν

2061 3975 2236 4042 λόγων
2265 3977 2537 4045 ἀνάγκης,
2587 3974 2773 4037 καθὼς
2818 3975 3019 4037 αὐτοὺς
3062 3976 3090 4026 ὁ
3125 3974 3306 4042 μέγας·
3334 3976 3633 4041 ὲξαιτιᾶται

2065 4064 2364 4128 Βασίλειος.
3377 4131 3380 4133 λ

2135 4160 2242 4211 Καὶ
2293 4158 2660 4225 Αύγουστῖνος
2696 4158 2752 4210 δὲ
2806 4156 2968 4220 αὐτὸς
3006 4158 3138 4226 ἡμῖν
3171 4159 3197 4210 ὁ
3234 4158 3505 4227 μακάριος
3535 4159 3627 4210 τὸν

2064 4252 2312 4306 τιιοῦτον
2344 4249 2683 4321 παραδίδωσι
2722 4250 2924 4302 κανόνα
2979 4249 3186 4318 σαφῶς,
3227 4251 3324 4304 καὶ
3362 4249 3507 4303 οὕτω
3548 4270 3638 4304 κε-

382 4366 438 4417 δὲ
493 4364 586 4415 καὶ
627 4327 742 4412 τῶν
790 4357 1077 4426 ἡμετέρων
1122 4327 1384 4423 Πατέρων
1431 4349 1632 4408 eiEi-rs;
1669 4347 1846 4399 πάντα
1888 4345 1958 4398 τὰ
1993 4327 2036 4383 D
2063 4343 2305 4414 χρῆσθαι
2354 4341 2729 4409 παραγγέλλει
2789 4342 2924 4410 τοῖς,
2952 4341 3119 4394 αὑτοῦ
3163 4343 3260 4395 καὶ
3304 4342 3414 4395 τῶν
3465 4343 3640 4397 ἄλλων

383 4451 840 4517 δίκαια,,πολλαῖς
891 4445 1070 4499 ἐλπίσι
1124 4444 1390 4510 σύνεσμεν
1431 4436 1524 4491 τοῦ
1561 4438 1764 4507 μηδένα
1803 4437 1960 4501 λόγον

384 4547 644 4615 ὀφλήσειν
676 4545 768 4595 ἐπὶ
825 4540 920 4593 τοῦ
975 4537 1261 4608 μέλλοντος
1299 4533 1544 4603 βήματος
1576 4530 1717 4598 ὑπὲρ
1758 4529 1848 4581 τοῦ
1886 4528 1961 4599 μὴ

392 4637 680 4708 βούλεσθαι
727 4636 838 4697 τοῖς
885 4631 1080 4691 αἰτίοις
1127 4627 1221 4679 τοῦ
1268 4625 1444 4678 δεινοῦ
1496 4623 1800 4674 κοινωνεῖν.
1832 4617 1962 4674 Εἶτα

389 4731 620 4790 κανόνας
653 4728 850 4794 ἐχομεν
880 4724 946 4774 ἐκ
974 4721 1082 4772 τῶν
1113 4719 1282 4786 ἁγίων
1327 4717 1422 4769 καὶ
1458 4715 1688 4776 τύπους,
1735 4714 1852 4775 πῶς
1885 4715 1966 4766 δεῖ

389 4821 680 4891 προσέχειν
712 4819 778 4887 τῇ
820 4814 1002 4866 πίστει
1048 4808 1140 4871 οῦς
1175 4809 1274 4860 οὐκ
1325 4807 1472 4858 ἔστιν
1504 4807 1650 4858 ὅσιον
1691 4803 1964 4872 ὑπερϐαί-

393 4934 526 4968 νειν.
561 4910 697 4967 Κατ’
728 4907 971 4968 ἐκείνους
1017 4902 1148 4971 γοῦν
1195 4901 1321 4964 τοὺς
1360 4899 1588 4961 κανόνας
1621 4897 1965 4949 ἐπικίνδυνον

393 5011 529 5079 ἡμῖν
573 5004 719 5058 δοκεῖ
763 5000 858 5053 καὶ
890 4997 1097 5065 πλάνης
1131 4994 1354 5065 μεστὸν,
1391 4991 1630 5061 ἀφέντας
1667 4991 1767 5059 τήν
1801 4990 1970 5056 εὐαγ-

394 5078 619 5167 γελικὴν
652 5087 1022 5152 διδασκαλίαν,
1071 5088 1128 5138 ἐν
1268 5083 1486 5150 λέγεται
1535 5081 1598 5134 τὸ
1649 5079 1875 5147 Πνεῦμα
1906 5081 1970 5131 ἐκ

392 5191 486 5246 τοῦ
530 5187 741 5257 Πατρδις
776 5179 1194 5253 ἐκπορεύεσθαι,
1232 5175 1458 5243 Πνεῦμα
1488 5174 1543 5227 δὲ
1578 5175 1674 5243 τῆς
1707 5171 1969 5242 ἀληθείας

395 5285 490 5337 ναὶ
540 5283 670 5352 παρ’
725 5276 893 5331 αὐτοῦ
951 5272 1274 5343 πέμπεσθαι
1305 5311 1319 5332 ,
1353 5274 1447 5322 καὶ
1477 5268 1572 5336 τὴν
1603 5265 1970 5333 ἀποστολικὴν

395 5377 594 5443 ὁμοίως
645 5367 996 5424 διδασκαλίαν
1042 5359 1166 5435 ἐνῇ
1219 5364 1439 5427 λέγεται
1489 5362 1550 5412 τὸ
1611 5357 1832 5426 Πνεῦμα
1875 5355 1970 5408 τοῦ

396 5469 529 5520 θεοῦ
575 5468 673 5536 μὲν
703 5462 847 5516 εἶναι
896 5461 993 5513 καὶ
1021 5462 1084 5510 ἐκ
1137 5456 1229 5509 τοῦ
1265 5453 1429 5518 Θεοῦ,
1461 5451 1554 5504 τοῦ
1586 5451 1642 5503 δὲ
1673 5449 1802 5501 Υἱοῦ
1832 5443 1971 5499 εἷναι

400 5564 560 5630 μόνον
594 5559 841 5625 λέγεται,
876 5555 974 5606 οὐκ
1021 5553 1083 5604 ὲκ
1117 5550 1213 5602 τεῦ
1249 5548 1402 5610 Υίοῦ,
1434 5547 1528 5607 τὰς
1571 5543 1678 5596 τῶν
1711 5541 1969 5609 Πατέρων

397 5654 703 5723 ἐξηγήσεις,
739 5649 805 5711 ἃς
852 5645 1102 5714 ἐπίτηδες
1131 5643 1222 5694 καὶ
1248 5639 1639 5708 ἀπεξεσμένως
1679 5638 1791 5699 τοῖς
1822 5651 1964 5704 γρα-

2065 4433 2302 4486 ἑκάστου
2357 4431 2698 4485 διδασκάλων
2777 4434 3229 4502 συγγράμμασιν.
3307 4434 3430 4487 068‘
3489 4437 3639 4504 αύτῷ

2067 4525 2199 4594 γοῦν
2252 4525 2559 4594 φανείημεν
2593 4524 2945 4595 Αύγουστίνῳ
2983 4525 3171 4594 βαρεῖς
3203 4527 3296 4581 ἐπὶ
3332 4526 3427 4580 τοῦ
3475 4532 3641 4598 χοροῦ

2068 4619 2178 4672 τῶν
2208 4618 2380 4686 ἁγίων
2409 4618 2466 4669 ἐν
2499 4617 2694 4687 ἐκείνῳ
2728 4617 2806 4686 τῷ
2841 4615 2962 4686 βίῳ,
2997 4619 3155 4688 εἴπερ
3195 4619 3254 4671 ὃν
3285 4621 3417 4690 ἡμῖν
3445 4622 3644 4674 δέδωκε

2070 4712 2274 4763 κανόνα
2306 4709 2607 4780 τηροῦμεν,
2636 4711 2730 4762 καὶ
2759 4709 2917 4763 ταῦθ’
2948 4709 3155 4763 ἕκαστα
3188 4711 3436 4783 δείξομεν
3470 4714 3644 4776 οὕτως

2071 4803 2264 4872 ἔχοντα
2298 4801 2370 4870 μὴ
2411 4800 2574 4870 μόνον
2620 4801 2735 4862 τοῖς
2793 4799 2853 4864 ἐξ
2903 4802 3072 4870 ἡμῶν,
3114 4803 3472 4872 ἀμφιϐόλοις.
3510 4807 3644 4858 ἀλλα

2073 4893 2169 4944 καὶ
2198 4891 2454 4953 Λατίνοις
2494 4892 2680 4953 αὐτοῖς
2723 4893 2819 4944 καὶ
2857 4893 3023 4944 πᾶσιν
3081 4893 3410 4962 ἀνθρώποις,
3462 4897 3644 4950 καίτοι
3721 4897 3730 4902 ’

2074 4980 2286 5033 καὶτὸν
2327 4981 2694 5047 Αύγουστῖνον
2723 4979 2886 5032 αὐτὸν
2931 4981 3169 5050 συνῳδὸν
3211 4983 3322 5044 τοῖς
3355 4984 3644 5053 ἡμετέροις

2071 5072 2415 5133 διδασκάλοις
2468 5067 2610 5125 εἶναι
2663 5072 3036 5142 πεπείσμεθα.
3092 5074 3160 5125 Ἃ
3199 5074 3254 5126 δὲ
3293 5073 3403 5127 τῶν
3435 5077 3644 5129 ἐκείνου

2077 5165 2263 5236 ῥητῶν
2311 5167 2693 5234 ἐκγράφοντες
2732 5167 2781 5216 οἱ
2813 5166 3037 5216 Λατῖνοι
3073 5165 3416 5218 δεικνύουσιν
3451 5207 3464 5231 ,
3495 5171 3646 5224 αὐτοὶ

2075 5259 2168 5310 καὶ
2198 5257 2592 5326 ἐκγράφουσιν,
2649 5256 2724 5320 ῶς
2773 5274 2930 5326 φασι,
2972 5258 3071 5309 καὶ
3130 5258 3527 5326 ἑρμηνεύουσιν
3573 5263 3650 5324 ὡς

2076 5351 2231 5417 σφίσι
2279 5349 2572 5416 συμφέρει,
2613 5348 2711 5399 καὶ
2767 5347 3088 5415 ἐξηγοῦνται
3121 5347 3304 5410 καθὼς
3337 5351 3491 5403 αὐτοὶ
3528 5352 3653 5422 βού-

2073 5442 2282 5494 λονται.
2319 5442 2415 5504 Τίς
2449 5437 2542 5493 οὖν
2565 5441 2694 5507 ἡμῖν
2725 5439 2879 5492 ἔσται
2903 5441 3037 5509 πρὸς
3068 5441 3158 5492 τὸν
3192 5441 3324 5493 Θεὸν
3356 5443 3648 5512 ἀπολογία,

2076 5537 2145 5587 τά
2185 5536 2284 5602 μὲν
2334 5534 2489 5586 κοινὰ
2537 5535 2632 5584 καὶ
2667 5533 2872 5600 συνήυη
2909 5536 3370 5603 παραιτουμένοις
3406 5579 3418 5600 ,
3463 5539 3544 5590 ὅτι
3598 5540 3654 5591 δὲ

2077 5633 2302 5694 Axino;
2331 5630 2461 5699 ἡμῖν
2485 5629 2511 5680 ό
2540 5629 2686 5682 δεῖνα
2721 5629 3022 5700 προσφέρει
3077 5629 3169 5682 τοῦ
3201 5632 3468 5701 μακαρίου
3495 5633 3654 5698 ῥῆσιν
