3828 6180
331 188 437 253 7Ξ9

1357 189 1454 248 ΟΕ
1500 190 1941 275 ADDITIQNE
1987 194 2091 253 AD
2127 192 2575 257 SYMBOLUM.

3489 191 3598 256 730

330 303 511 365 αὐτοῖς
545 300 679 372 πρὸς
707 300 806 372 τὴν
837 300 1017 354 πίστιν
1053 296 1191 354 εἶναι
1228 302 1394 356 δοκεῖ.
1430 305 1490 356 EE
1531 305 1639 373 γὰρ
1674 306 1769 359 καὶ
1800 322 1905 375 μη·-
1934 304 1981 360 Α
2010 308 2118 360 τῶν
2145 308 2438 379 βαρϐάρων
2461 311 2607 378 χειρὶ
2634 308 2731 377 τὴν
2762 306 2914 359 πόλιν
2945 305 3159 375 ἐκείνην
3186 307 3214 359 ό
3242 305 3375 370 Θεὸς
3416 323 3596 377 παρα-

329 397 415 448 ὂὲν
443 394 550 447 τῶν
586 393 764 447 ἄλλων
806 394 1069 461 ἠδύναντο
1115 394 1364 463 συνορᾷν,
1396 394 1432 447 ἃ.
1484 395 1565 447 δεῖ
1607 397 1734 457 τοὺς
1789 397 1914 448 νοῦν

331 487 556 556 ἔχοντας
609 483 705 538 καὶ
762 483 930 551 ὑγιῶς
980 485 1257 537 πιστεύειν
1310 485 1540 550 εἰδότας,
1573 486 1729 547 τοῦτο
1782 486 1913 554 γοῦν

329 578 429 630 οὑκ
456 577 522 630 ἀν
551 592 679 629 ποτε
713 574 1048 645 βουληθεῖεν,
1076 576 1295 648 χείρους
1323 576 1581 633 ἁπάντων
1607 578 1913 649 ἀνθρώπων

335 670 391 723 ἐν
419 668 594 737 τούτῳ
620 667 696 737 τῷ
737 666 894 739 μέρει
921 656 1420 737 φαίνεσθαιζῐΙοῖον
1443 668 1550 741 γὰρ
1580 669 1733 734 ἔθνος
1760 671 1914 725 ἐϐου-

334 762 561 815 λεύσατό
585 777 737 826 ποτε,
771 761 997 830 σύμπαν
1021 761 1157 832 όμοῦ
1190 762 1289 833 τήν
1313 763 1498 816 πίστιν
1528 763 1621 818 καὶ
1648 764 1747 833 τὴν
1781 763 1907 831 θρη·

334 853 523 907 σκείαν
570 852 803 922 ἀμεῖψαι
854 852 953 923 τὴν
1001 852 1220 921 ἑαυτοῦ,
1256 855 1412 922 μόνον
1454 855 1539 907 ἵνα
1569 856 1681 917 τοῖς
1713 854 1911 919 ἔξωθεν

333 946 496 1016 εὐροῇ
522 962 536 1011 ;
570 945 931 1013 καταγνόντες
960 945 1061 1015 μὲν
1090 942 1183 1000 οὖν
1216 947 1312 1015 τῆς
1347 947 1483 1010 ἰδίας
1513 948 1748 1009 πίστεως
1775 948 1913 1017 πρὸς

330 1038 428 1106 τὴν
464 1038 636 1107 ἀληθῆ
672 1038 1068 1108 μετετέθησαν,
1099 1041 1237 1107 μετὰ
1267 1039 1516 1093 κινδύνου
1549 1039 1642 1093 καὶ
1685 1042 1910 1109 σφαγῶν

331 1128 479 1182 τοῦθ’
527 1129 881 1198 αἱρούμενοι,
932 1132 1027 1183 καὶ
1088 1130 1265 1184 πάντα
1347 1131 1658 1201 προϊέμενοι
1713 1132 1911 1202 ῥαδίως

333 1220 476 1289 ὑπὲρ
510 1219 603 1275 τοῦ
634 1222 733 1289 τῆς
765 1221 1022 1291 ἀληθείας
1042 1224 1251 1293 τυχεῖν.
1281 1223 1498 1277 Μᾶλλον
1531 1223 1613 1291 δὲ,
1653 1225 1699 1277 εἰ
1719 1225 1800 1276 δεῖ
1814 1224 1910 1277 τά-

332 1313 467 1381 ληθῆ
499 1313 699 1381 λέγειν.
736 1313 819 1378 τίς
847 1314 905 1367 ἐν
947 1313 1153 1385 ὁτῳοῦν
1197 1316 1365 1383 γένει,
1395 1316 1638 1369 τοιοῦτον
1675 1316 1911 1387 προϐαλ-

331 1404 556 1472 λόμενος
585 1404 899 1475 πρόϐλημα,
928 1405 988 1461 οὐ
1039 1409 1210 1477 πυρὸς
1268 1408 1335 1461 ἂν
1380 1408 1588 1476 γένοιτο
1617 1411 1711 1462 καὶ
1746 1409 1911 1464 λίθων

331 1495 493 1564 ἔργον
543 1496 746 1564 εὑθύς;
781 1498 945 1551 Ὥστε
991 1501 1085 1553 καὶ
1142 1502 1304 1570 ἡμεῖς
1357 1502 1500 1556 πάνυ
1538 1502 1774 1571 δέδιμεν,
1834 1502 1910 1571 μὴ

328 1588 477 1642 τουτὶ
525 1589 737 1642 πολλῶν
777 1591 909 1661 ἡμῖν
952 1592 1246 1663 συμφορῶν
1273 1594 1445 1647 αίτιον
1479 1596 1541 1646 ἐκ
1573 1593 1709 1647 Θεοῦ
1741 1611 1913 1647 κατα-

332 1683 489 1751 σταίη
516 1698 530 1713 ⁸
562 1684 655 1737 καὶ
706 1684 774 1752 ἢν
808 1684 876 1737 ἂν
910 1685 1192 1756 ἐπήγαγον
1237 1688 1414 1757 δίκην,
1447 1689 1645 1755 οἵτινες
1678 1685 1820 1760 ἦσαν
1860 1690 1910 1742 οἱ

333 1772 741 1841 σωφρονοῦντες
794 1776 853 1827 ἐν
905 1778 1017 1840 τοῖς
1073 1777 1393 1847 δυναμένοις
1440 1779 1613 1833 ταῦτα
1639 1778 1908 1845 εὐθύνειν,

328 1863 533 1932 ταύτην
567 1865 838 1937 ἐπενέγκῃ
857 1867 1170 1937 χαλεπῆναν
1195 1869 1255 1923 τὸ
1283 1869 1459 1924 Θεῖον.
1492 1871 1652 1923 Ἀλλὰ
1678 1871 1739 1924 τὸ
1765 1872 1905 1925 πάνυ

330 1954 553 2024 βραχεῖς
594 1954 731 2011 εἶναι
776 1959 903 2022 τοὺς
950 1960 1124 2014 ταῦτα
1157 1962 1723 2034 παρρησιαζομένους,
1760 1962 1821 2017 τὸ
1852 1964 1910 2018 δὲ

329 2047 584 2102 πλεῖστον
609 2049 713 2117 τῆς
741 2051 947 2115 πόλεως
981 2058 1284 2123 σωφρονεῖν
1315 2057 1529 2125 καὶτῆς
1554 2057 1791 2118 πίστεως
1822 2057 1910 2111 εὑ-

326 2138 509 2201 λαϐὦς
560 2140 681 2195 λίαν
728 2143 1073 2214 ἀντέχεσθαι,
1124 2148 1216 2202 καὶ
1261 2150 1438 2205 πάντα
1487 2149 1722 2221 ἑτοίμως
1760 2149 1911 2220 ἔχειν

329 2230 467 2299 ὑπὲρ
536 2232 708 2303 αὐτῆς
782 2236 1303 2309 προδιδόναι,τοῦθ⁹
1355 2242 1489 2310 ἡμῖν
1542 2243 1642 2307 τὰς
1698 2244 1910 2312 ἀγαθὰς

328 2318 395 2376 αὖ
432 2323 656 2387 ἐλπίδας
695 2328 1021 2399 παρέχεται.
1061 2328 1174 2387 Εἶτ’
1205 2332 1326 2386 οὑδὲ
1356 2335 1695 2405 συνορῶμεν,
1722 2337 1807 2399 τίς
1842 2335 1910 2389 ἂν

328 2413 543 2476 γένοιτο
588 2416 721 2484 ἡμῖν
772 2418 837 2470 ἐκ
886 2418 1130 2473 Λατίνων
1159 2421 1387 2495 διαρκής
1416 2424 1510 2477 καὶ
1540 2424 1625 2477 ἀεὶ
1658 2423 1911 2493 παροῦσα

331 2501 575 2571 βοήθεια,
625 2507 676 2559 εἰ
716 2523 778 2575 γε
827 2510 922 2561 καὶ
968 2510 1271 2581 ἐμέλλομεν
1315 2513 1534 2568 πάντων
1574 2514 1744 2568 ἐθνῶν
1780 2517 1909 2587 περὶ

326 2594 500 2648 ταῦτα
544 2597 833 2667 φαίνεσθαι
873 2601 1111 2673 χείρους,
1149 2605 1257 2659 τῶν
1291 2606 1646 2675 προσκαίρων
1684 2607 1783 2679 τήν
1824 2609 1910 2662 πί-

332 2702 450 2739 στιν
478 2687 911 2760 διαμειϐόμενοι.
952 2696 1020 2747 ’Ἡ
1045 2695 1307 2750 δεικνύτω
1332 2714 1415 2760 τις
1447 2698 1581 2767 ἡμῖν
1618 2698 1912 2770 προφανῶς

328 2775 548 2843 οὑτωσὶ,
580 2781 656 2851 μὴ
689 2782 851 2847 σκιάς
882 2784 976 2838 καί⁸
1005 2786 1516 2857 ὀνείρους-λεγέτω.
1548 2792 1621 2843 Τὸ
1658 2791 1758 2858 μὲν
1800 2793 1910 2864 γὰρ

332 2872 625 2943 πεισθῆναι
660 2877 846 2939 κακῶς
876 2878 1005 2942 ἴσως
1038 2879 1103 2934 ἄν
1138 2898 1269 2934 ποτε
1309 2883 1403 2935 καὶ
1436 2882 1748 2936 συνέϐαινεν
1778 2885 1910 2954 ἡμῖν

2020 399 2166 463 δοὺς,
2199 400 2279 470 τῷ
2305 400 2403 469 μὲν
2434 400 2674 471 ¹ἤμϐλυνε
2705 399 2803 470 τὴν
2830 399 3018 470 ὀργὴν,
3054 402 3164 462 τοῖς
3197 399 3254 453 δὲ
3285 399 3466 460 κακῶς
3503 400 3595 452 θε-

2020 494 2319 560 ραπεύουσι
2348 492 2495 558 νοῦν,
2528 494 2603 554 ὡς
2644 488 2819 562 οἶμαι,
2853 492 3129 559 ἐνέθηκεν,
3167 491 3242 555 ὡς
3289 491 3488 559 μᾶλλον
3528 491 3596 545 ἂν

2016 584 2100 651 εἴη
2149 580 2418 649 φοϐητέον
2459 581 2549 633 τὸν
2581 580 2714 633 Θεὸν
2759 580 2852 634 καὶ
2884 580 3245 645 θεραπευτέον
3275 577 3307 646 ἢ
3341 578 3443 639 τάς
3485 578 3595 643 τῶν

2017 671 2322 741 ἀνθρώπων
2375 670 2629 735 ἀπειλὰς,
2660 671 2709 723 εἰ
2755 670 2905 741 παρὰ
2940 670 3049 723 πᾶν
3094 669 3329 736 γίνοιντο
3359 667 3592 721 δίκαιον.

2019 763 2225 825 ’Έωλος
2259 757 2354 816 οὖν
2385 764 2501 816 ἐστι
2532 763 2627 816 καὶ
2665 764 2692 816 ό
2729 765 2827 827 τῆς
2871 763 2936 816 ἐκ
2962 760 3208 815 Λατίνων
3234 761 3589 830 ἐλπιζομένης

2018 853 2273 922 βοηθείας
2314 854 2447 923 ἡμῖν
2491 852 2772 922 λογισμός.
2822 851 2962 906 Ἀλλ’
3008 852 3056 904 εἰ
3096 851 3382 921 μέλλοιμεν
3414 851 3587 918 ἀπηλο

2016 946 2210 1014 λάχθαι
2246 945 2510 1011 δουλείας,
2550 944 2854 1013 φυλακτέον
2887 943 2985 1013 τὴν
3010 943 3194 996 πίστιν
3227 944 3296 1013 ἣν
3333 941 3586 1010 παρειλή-

2017 1054 2220 1106 φαμεν,
2248 1038 2340 1090 καὶ
2374 1040 2483 1100 τοῖς
2516 1038 2698 1100 ἄλλοις
2742 1037 2923 1107 έργοις
2974 1034 3285 1100 ὲξιλεωτέον
3311 1033 3371 1087 τὸ
3400 1035 3554 1086 Θεῖον
3576 1048 3588 1061 ·

2018 1127 2351 1199 συμϐούλοιςΔ
2408 1127 2617 1181 πλείοσι
2675 1126 2917 1180 καλλίοσι
2978 1126 3243 1195 χρηστέον
3298 1125 3427 1194 περὶ
3483 1123 3589 1176 τῶν

2014 1220 2172 1287 ὅλων,
2208 1218 2327 1288 μετ’
2361 1219 2607 1289 ἰσότητος
2636 1219 2730 1272 καὶ⁵
2759 1217 3103 1287 δικαιοσύνης
3136 1221 3226 1269 καὶ
3258 1215 3419 1282 λόγου
3460 1232 3591 1269 παν-

2014 1312 2105 1376 τὸς
2152 1312 2221 1365 τὰ
2263 1312 2421 1365 κοινὰ
2476 1312 2700 1365 διοικεῖν
2731 1310 2983 1378 ἀρκτέον,
3016 1309 3109 1362 καὶ
3136 1306 3505 1362 ἀπολαυστέον
3533 1308 3591 1360 ὲν

2015 1407 2220 1459 τούτων
2255 1404 2531 1466 ἑκάστοις,
2564 1403 2665 1455 ὅσα
2695 1403 2776 1454 δεῖ
2807 1402 2901 1454 καὶ
2925 1399 3131 1454 δίκαιόν
3165 1400 3304 1463 ἐστι,
3332 1398 3426 1450 καὶ
3459 1398 3591 1469 πρὸς

2015 1496 2109 1558 τὰς
2146 1496 2335 1557 κοινὰς
2377 1495 2567 1564 χρείας
2596 1494 2799 1563 ἐπίσης
2834 1492 3192 1562 χορηγητέον,
3227 1490 3321 1543 καὶ
3353 1490 3461 1543 τῶν
3506 1491 3591 1542 δυο

2018 1588 2267 1654 ναμένων
2299 1582 2495 1648 σώζειν
2525 1584 2672 1653 ἡμᾶς
2704 1582 3086 1651 ἐπιμελητέον,
3110 1578 3592 1651 ἐπαγρυπνοῦντας

2013 1678 2081 1745 τῇ
2108 1672 2315 1728 τοῦτων
2350 1673 2565 1741 εὑρέσει
2614 1689 2670 1724 τε
2734 1669 2830 1723 καὶ
2868 1670 3105 1738 ποιήσει.
3146 1668 3260 1737 Πρὸ
3285 1666 3342 1719 δὲ
3378 1667 3593 1721 πάντων

2016 1768 2290 1836 συνέδριον
2364 1765 2651 1836 ποιητέον,
2693 1757 2737 1832 ᾧ
2801 1764 3024 1834 μελήσει
3081 1761 3217 1832 μετὰ
3271 1758 3407 1812 Θεοῦ
3468 1758 3593 1827 περὶ

2014 1861 2271 1915 ἁπάντων
2300 1859 2503 1922 καλῶς.
2533 1858 2752 1910 Τούτων
2782 1855 2837 1909 δὲ
2879 1852 3447 1927 προῦποτεθειμένων,
3501 1850 3591 1903 καὶ

2011 1953 2112 2023 τὴν
2143 1951 2282 2019 πρὸς
2310 1950 2575 2013 Λατίνους
2614 1950 2839 2018 εἰρήνην
2879 1944 3353 2016 πραγματευτέον,
3392 1944 3487 1995 καὶ
3522 1942 3593 1994 εῖο
3654 1988 3671 2003 ,

2016 2038 2123 2115 περ
2156 2037 2269 2098 οἶόν
2292 2060 2351 2096 τε
2379 2043 2490 2113 είη,
2516 2042 2613 2095 καὶ⁵
2651 2040 2749 2105 τὴν
2784 2038 2922 2108 μετὰ
2954 2038 3172 2093 πάντων
3205 2033 3510 2103 ἀνθρώπων
3534 2049 3595 2086 τε

2014 2139 2109 2192 καὶ
2153 2135 2345 2202 ἐθνῶν,
2380 2134 2476 2203 οὐχ
2518 2133 2667 2204 ἡμᾶς
2702 2127 3208 2197 συνεξαδικοῦντας,
3238 2126 3270 2195 ἢ
3306 2139 3596 2193 συμπαραλ-

2015 2226 2316 2297 νομοὺντας
2364 2226 2460 2279 καὶ
2493 2225 2631 2286 ὅλως
2664 2225 2799 2293 πρὸς
2834 2222 2903 2275 τὰ
2936 2220 3105 2291 χείρω
3137 2216 3595 2289 μεθισταμένους,

2013 2318 2155 2374 ἀλλὰ.
2180 2320 2316 2389 πρὸς
2361 2316 2431 2369 τὰ
2462 2315 2593 2387 παρ’
2628 2316 2760 2385 ἡμῖν
2810 2313 3010 2381 εὐσεϐῆ
3042 2329 3101 2364 τε
3148 2313 3241 2365 καὶ
3284 2310 3467 2362 δίκαια
3502 2306 3595 2359 καὶ

2012 2412 2141 2475 τοὺς
2171 2409 2365 2472 ἄλλους
2397 2409 2680 2472 ἕλκοντας,
2708 2406 2824 2475 είγε
2862 2404 3136 2474 βούλοιντο
3161 2401 3466 2465 πείθεσθαι,
3502 2399 3595 2451 καὶ

2014 2508 2091 2577 μή
2128 2502 2508 2575 βουλομένους,
2540 2503 2621 2564 εἰς
2667 2501 2768 2569 τὴν
2822 2497 2980 2567 δίκην
3029 2496 3245 2564 ἐκείνην
3293 2507 3594 2559 παραπεμ-

2013 2597 2199 2652 πτέον.
2234 2597 2404 2650 Αὐτοὶ
2436 2595 2493 2649 δὲ
2534 2594 2673 2664 πρὸς
2712 2592 2859 2663 ἡμᾶς
2892 2590 3089 2652 αὐτοὺς
3121 2587 3344 2648 δικαίως
3382 2582 3595 2637 συνθώ-

2016 2689 2156 2761 μεθα
2191 2688 2285 2742 καὶ
2317 2686 2521 2749 καλῶς,
2552 2686 2663 2748 τοῖς
2696 2684 2803 2737 τῶν
2835 2683 3093 2752 Πατέρων
3125 2677 3468 2747 συνδεόμενοι
3508 2674 3597 2727 v6-

2016 2801 2161 2854 μοις,
2195 2782 2291 2835 καὶ
2343 2781 2420 2851 μή
2457 2779 2703 2847 ποιῶμεν
2751 2776 3036 2845 ἀλλήλους,
3086 2774 3224 2843 ὅπερ
3276 2772 3327 2824 οἰ
3375 2766 3594 2823 Λατῖνοί

2013 2893 2147 2931 ποτε
2175 2876 2534 2943 πεποιήκασι.
2566 2870 2677 2923 Καὶ
2728 2868 3035 2935 ζητούντων
3082 2863 3240 2935 ἡμῶν
3288 2860 3595 2928 καταθεμέσ

330 2962 822 3030 ἐγκαταλείποντος
853 2970 945 3021 τοῦ
969 2970 1105 3023 Θεοῦ
1132 2987 1148 3005 ’
1199 2973 1261 3024 τὸ
1292 2973 1349 3025 δὲ
1388 2974 1516 3043 περὶ
1560 2970 1657 3046 τῆς
1693 2949 1907 3029 ἐκεῖθεν
1934 2976 1979 3036 C
2011 2984 2136 3030 νους
2185 2966 2284 3036 τὴν
2336 2963 2675 3035 προσθήκηνο
2722 2956 2843 3013 εἶτα
2912 2954 3246 3046 δικάζεσθαι-
3288 2953 3389 3046 οὐξι
3442 2949 3589 3046 ἑξοῶ

332 3052 698 3125 ἐλπιζομένης
731 3055 984 3126 βοηθείας
1026 3058 1270 3132 Θαῤῥεῖν,
1302 3063 1339 3117 a
1390 3064 1483 3119 καὶ
1526 3066 1574 3118 οί
1610 3065 1781 3121 ταῦτα
1820 3068 1908 3121 λέ·-

330 3161 519 3210 γοντες
557 3149 910 3203 πιστεύουσιν
943 3152 974 3221 ἢ
1018 3155 1443 3222 προσποιοῦνται
1485 3159 1784 3223 πιστεύειν,
1822 3159 1909 3213 ἴνα

332 3236 460 3299 τοὺς
487 3238 682 3303 ἄλλους
714 3242 1082 3312 ἐξαπατῶσιν,
1119 3248 1402 3319 ἀμήχανον
1426 3250 1493 3305 ἂν
1525 3246 1593 3321 ἦν
1634 3253 1769 3322 ἡμῖν
1796 3254 1909 3318 τοῖς

329 3330 594 3384 τάκείνων
624 3333 787 3387 πάντ’
806 3338 973 3391 εἰδόσι
1000 3339 1181 3402 καλῶς
1218 3340 1309 3393 καὶ
1340 3344 1437 3413 τήν
1473 3342 1728 3414 βοήθειαν
1759 3345 1907 3412 λογι-

332 3421 601 3490 ζομένοις,
636 3427 807 3498 όπόση
835 3446 922 3493 τις
953 3430 1020 3484 ἂν
1052 3432 1261 3499 γένοιτο
1291 3437 1452 3508 ἰκανὴ
1487 3437 1781 3502 διαπαντὸς
1812 3442 1906 3495 τοῦ

331 3514 595 3603 διηνεκῶς
639 3521 790 3587 ἡμᾶς
820 3522 1097 3586 πιέζοντος
1126 3526 1295 3588 δέους.
1334 3527 1498 3581 Ὅθεν
1537 3533 1586 3582 εἰ
1621 3533 1711 3585 καὶ
1740 3534 1909 3603 μηδὲν

332 3603 462 3657 ἄλλο
493 3602 637 3660 τοὰιθ
669 3611 836 3682 ἐχρῆν
867 3614 1119 3680 δεδιέναι,
1145 3618 1339 3695 μήθκαὶ
1360 3620 1420 3673 τὸ
1440 3622 1612 3676 δεινὸν
1642 3602 1906 3695 ὑποσταίη

333 3716 438 3761 τις,
476 3702 570 3753 καὶ
598 3701 692 3755 τοῦ
745 3706 910 3759 καλοῦ
950 3708 1265 3780 διαμάρτοι,
1319 3712 1367 3764 εἰ
1418 3715 1513 3767 καὶ
1554 3714 1719 3768 καλὸν
1769 3713 1909 3771 εἶναι

334 3790 519 3859 μέλλοι
549 3793 605 3846 τὸ
636 3795 913 3859 δυσσεϐῶς
947 3801 1323 3870 ποριζόμενον,
1355 3803 1382 3856 ὃ
1414 3806 1549 3859 πᾶσι
1589 3807 1909 3875 συμϐαίνειν

330 3883 477 3948 εἰκδς
504 3888 615 3949 τοῖς
640 3887 715 3959 μὴ
750 3891 888 3959 μετά
918 3891 1053 3945 Θεοῦ
1076 3895 1143 3947 τά
1166 3894 1261 3947 τοῦ
1289 3896 1423 3949 Θεοῦ
1449 3899 1802 3968 πράττουσιν.

415 3976 611 4048 Ὀρᾶτε
661 3982 719 4034 δὲ
764 3984 858 4035 καὶ
908 3984 1008 4047 τὰς
1053 3985 1324 4055 βοηθείας,
1357 3988 1424 4053 ἀς
1454 3992 1587 4060 ἡμῖν
1622 3993 1650 4044 ό
1679 3991 1912 4055 πάππας

334 4071 651 4140 παρέσχετο,
676 4075 813 4139 μετὰ
844 4077 905 4128 τὸ
927 4079 1103 4130 κλῖναι
1134 4080 1261 4147 γόνυ
1291 4081 1419 4144 τοὺς
1452 4082 1758 4155 ἡμετέρους
1788 4087 1911 4139 ἐπι-

337 4162 570 4225 σκόπους
601 4165 745 4230 ἐκεῖ,
765 4166 813 4218 εἰ
844 4168 937 4219 καὶ
968 4167 1042 4237 μὴ
1074 4172 1207 4238 παρ’
1230 4170 1444 4237 ἑαυτοῦ,
1463 4171 1528 4225 ἐκ
1551 4188 1613 4239 γε
1637 4173 1747 4226 τῶν
1775 4174 1911 4242 ἡμῖν

341 4272 467 4307 ποτε
496 4258 907 4327 προσηκόντων,
931 4260 1076 4327 ἆπερ
1098 4262 1533 4333 ἐπαναστρέφειν
1556 4265 1718 4318 αὑτὸν
1744 4267 1911 4337 ἐχρῆν

336 4348 498 4409 εὐθὺς
552 4348 805 4413 λυθέντος
859 4352 953 4404 τοῦ
1003 4354 1319 4423 σχίσματος,
1350 4357 1425 4420 ὡς
1458 4355 1602 4427 εἶχεν
1643 4359 1910 4424 ἐλπίζειν,

335 4441 428 4491 καὶ
481 4443 529 4493 εἰ
589 4441 665 4511 μή
696 4444 819 4504 τοὺς
853 4445 1046 4508 ἄλλους
1086 4447 1301 4501 ἔπεισεν
1334 4449 1642 4502 ἀποδιδόναι
1670 4450 1770 4514 τάς
1816 4453 1910 4520 νή-

336 4549 463 4594 σους
493 4533 642 4602 ἡμῖν,
679 4538 769 4588 καὶ
801 4537 899 4599 τὰς
925 4537 1107 4600 πόλεις
1130 4540 1228 4601 τὰς
1256 4542 1315 4593 ὲν
1347 4540 1585 4606 Ἑλλάδι,
1625 4542 1718 4595 καὶ
1747 4544 1911 4606 αὐτὸς

334 4624 432 4687 τὰς
482 4626 940 4697 ἐκκλησιαστικὰς
976 4630 1215 4695 εἰσόδους
1245 4632 1469 4686 ἀπέτισε
1494 4636 1619 4695 τοὺς
1648 4636 1783 4703 παρ’
1815 4637 1910 4688 αὐο

236 4748 239 4749 ν
332 4717 428 4767 τοῦ
464 4718 852 4787 πεμπομένους
882 4721 1142 4783 ἐξελάσας
1180 4724 1460 4791 ποιμένας.
1500 4725 1693 4778 Καίτοι
1744 4727 1911 4797 σαφές

334 4812 503 4873 ἐστιν,
535 4810 609 4873 ὡς
647 4813 693 4864 εἰ
723 4813 888 4881 μηδὲν
924 4814 1112 4883 ἕτερον
1145 4814 1319 4865 ἐποίει
1366 4814 1524 4867 τοῦτο
1567 4812 1699 4882 γοῦν
1742 4819 1915 4885 πρατ-

333 4919 466 4966 των,
494 4902 802 4972 ἡδύνατ’ἂν
843 4906 912 4958 τὰ
957 4908 1193 4973 μέγιστα
1234 4905 1450 4974 β.ηθείν
1483 4907 1575 4969 τὰς
1616 4908 1913 4976 προσόδους

333 4993 443 5044 τῶν
472 4994 779 5064 ἐκκλησιῶν
817 4998 1113 5065 συμπάσας
1145 4996 1428 5060 ἀποδιδοὺς
1458 5000 1558 5066 τῆς
1598 5001 1657 5051 έν
1700 4999 1912 5069 Κερκύ-

336 5100 429 5154 ρᾳ,
459 5084 557 5152 τῆς
606 5088 664 5138 ἐν
706 5087 944 5158 Σικελίᾳ,
974 5089 1073 5158 τῆς
1107 5090 1163 5140 ἐν
1208 5091 1422 5159 Κρήτῃ,
1457 5091 1565 5142 τῶν
1596 5090 1771 5144 ἄλλων
1813 5092 1910 5158 νή-

336 5194 468 5242 σων,
500 5177 565 5240 ἃς
615 5179 674 5243 ἐξ
709 5181 863 5249 ἡμῶν
910 5181 1066 5250 ἔσχεν
1119 5182 1397 5248 ἀρπάσας,
1456 5182 1709 5253 καθάπερ
1763 5182 1910 5236 ἄλλοι

334 5269 433 5338 τὴν
490 5269 601 5321 τῶν
648 5272 826 5338 νήσων
883 5274 1078 5341 ἀρχήν.
1132 5272 1275 5325 Ἀλλ’
1321 5271 1463 5324 οὔτε
1506 5273 1659 5326 οὐδὲν
1708 5272 1913 5324 τούτων

335 5362 559 5431 ἐποίησε
586 5362 778 5432 δήπου,
810 5365 901 5417 καὶ
926 5365 1016 5416 τοῦ
1052 5365 1149 5433 τὴν
1183 5365 1333 5417 πόλιν
1364 5364 1473 5417 τῶν
1498 5364 1756 5434 Πατρέων
1783 5365 1914 5416 ἁνα-

336 5454 607 5524 ὶηφθῆναι
640 5457 801 5508 πάλιν
849 5458 978 5526 ἡμῖν
1018 5458 1219 5527 σφόδρα
1268 5458 1651 5527 ἐμνησικάκει.
1684 5457 1793 5508 Καὶ
1825 5457 1915 5508 τὸν

336 5548 509 5615 θυμὸν
543 5549 710 5601 αὑτοῦ
747 5549 1161 5625 θεραπεύοντες,
1194 5551 1321 5612 ἴσως
1368 5567 1420 5602 τι
1467 5549 1559 5602 καὶ
1599 5549 1913 5619 ἐχαρίζοντο

344 5646 447 5698 τῶν
478 5644 538 5696 οὑ
570 5643 894 5714 πρεπὶντων
926 5644 969 5695 οἱ
1010 5642 1103 5714 τῆς
1136 5642 1339 5707 πόλεως
1377 5644 1656 5714 ἄρχοντες,
1694 5640 1796 5706 ἕως
1844 5645 1907 5712 τῇ

2011 3057 2163 3113 λοντό
2192 3073 2320 3110 ποτε
2355 3056 2658 3124 συγχωρεῖν
2700 3051 2805 3111 ἕως
2836 3048 2936 3118 τῆς
2972 3047 3133 3116 ἡμῶν
3154 3042 3437 3103 ἀσθενείας
3460 3041 3591 3109 δρα-

2012 3152 2258 3222 ξάμενοι,
2292 3149 2549 3216 καθάπερ
2580 3143 2927 3215 ὑποχειρίους
2954 3141 3064 3202 τοῖς
3096 3138 3305 3192 ἑαυτῶν
3331 3137 3591 3203 πεποίην-

2010 3262 2099 3299 ται
2141 3243 2345 3311 νόμοις.
2394 3239 2533 3293 Ἀλλ’
2569 3238 2629 3290 ἓν
2662 3235 2947 3304 γεγονότες
2993 3233 3173 3298 σῶμα,
3210 3229 3305 3282 καὶ
3348 3226 3453 3280 ὑπὸ
3495 3226 3593 3295 μιᾷ

2011 3335 2220 3406 κεφαλῇ
2243 3334 2320 3403 τῷ
2349 3330 2588 3403 Χριστῷ,
2622 3330 2682 3382 δν
2709 3328 2870 3397 μέχρι
2902 3323 2994 3378 καὶ
3020 3323 3145 3393 χθὲς
3171 3322 3369 3382 πάντες
3395 3318 3591 3387 ὁμοίως

2012 3426 2298 3497 ἐσέϐομεν,
2337 3424 2433 3478 καὶ
2467 3422 2575 3476 τῶν
2607 3422 2667 3473 οὐ
2721 3417 2904 3480 καλῶς
2932 3416 3240 3485 γενομένων
3268 3411 3596 3481 ἁναντιρρἡ-

2010 3536 2139 3583 τως,
2170 3520 2216 3570 εἰ
2244 3517 2320 3587 μή
2348 3532 2435 3579 τις
2465 3513 2789 3583 φιλονεικεῖν
2816 3510 2991 3564 ἐθέλοι
3021 3506 3152 3577 πρὸς
3181 3505 3250 3557 τὰ
3272 3502 3592 3571 φαινόμενα,

2009 3611 2217 3665 τούτων
2257 3608 2599 3671 ἀποστάντες
2645 3606 2844 3666 πάντες
2878 3601 3036 3673 ὁμοῦ,
3069 3600 3164 3652 καὶ
3192 3597 3450 3665 τοιαύτην
3478 3595 3595 3647 δόνει

2012 3721 2102 3764 τες
2134 3698 2512 3770 πληροφορίαν
2568 3696 2821 3767 ἀλλήλοις
2865 3694 2939 3757 ὡς
2981 3694 3062 3747 δεῖ
3107 3691 3318 3761 ταύτην
3360 3685 3597 3739 δίδοσθαι

2013 3792 2284 3863 φανερῶς,
2328 3792 2387 3843 οὑ
2428 3786 2928 3857 συνεσκιασμὲνως,
2970 3782 3208 3851 ἀληθῶς,
3242 3782 3339 3850 οὐχ
3369 3780 3594 3863 ὑποκρι-

2011 3862 2203 3949 τικῶς,
2236 3883 2380 3937 οὑτω
2431 3882 2539 3952 γάρ
2583 3882 2633 3933 οἱ
2665 3880 2768 3948 τῆς
2814 3876 3137 3945 Ἑκκλησίας
3179 3872 3460 3941 βούλονται
3498 3862 3596 3919 γνό-

2015 3994 2128 4047 μοι,
2154 3976 2280 4029 τότε
2310 3974 2374 4044 δή
2419 3974 2515 4026 καὶ
2558 3971 2686 4042 περὶ
2731 3968 2839 4023 τῶν
2885 3967 3021 4037 πρὸς
3051 3964 3318 4025 Λατίνους
3354 3962 3486 4030 ἡμῖν
3514 3959 3594 4009 δι-

2012 4069 2184 4124 καίων
2218 4065 2533 4135 σκεψόμεθα
2556 4080 2571 4095 ·
2617 4063 2712 4116 καὶ
2743 4061 2943 4121 πάντες
2970 4057 3106 4127 όμοῦ
3142 4054 3239 4125 τὴν
3278 4053 3414 4123 πρὸς
3445 4050 3592 4102 ἐκεί-

2012 4177 2137 4223 νους
2196 4157 2494 4226 ἀπολογίαν
2549 4151 2993 4221 ὑποστησόμεθα,
3034 4147 3284 4214 καθάπερ
3338 4142 3594 4213 ἁρμόττει

2015 4253 2364 4325 Χριστιανοίς
2406 4248 2511 4302 ὑπὸ
2562 4249 2773 4316 μητέρα
2820 4245 2953 4313 μίαν
2997 4241 3236 4294 τελοῦσι.
3271 4237 3379 4292 Καὶ
3417 4236 3595 4288 πάντα

1944 4314 1988 4368 D
2020 4314 2150 4419 ἡμῖν
2180 4314 2353 4406 οὑτως
2386 4314 2713 4410 ἀπαντήσειν
2745 4337 2897 4407 παρὰ
2929 4334 3066 4389 Θεοῦ
3119 4333 3186 4385 τὰ
3216 4332 3379 4395 καλὰ,
3410 4330 3502 4381 καὶ
3538 4328 3596 4378 ἐν

2018 4418 2233 4499 ἑαυτοῖς
2284 4436 2380 4489 καὶ
2414 4435 2550 4503 πρὶς
2582 4434 2694 4493 τοῖς
2723 4431 2829 4495 ἔξω
2855 4446 2868 4460 ·
2901 4429 3064 4499 ἀρκεῖ
3091 4426 3199 4494 γὰρ
3236 4421 3492 4477 τοσοῦτον
3521 4418 3598 4471 εἱ-

2017 4537 2160 4586 πεῖν.
2206 4529 2346 4584 Ἀλλ’
2380 4525 2601 4580 ἐπειδὰν
2636 4526 2868 4578 ἑκάστου
2916 4522 3041 4583 τοὺς
3079 4520 3269 4586 λόγους
3316 4535 3397 4576 τις
3448 4514 3595 4582 ἡμᾶς

2016 4623 2310 4690 ἀπαντοίη,
2343 4620 2439 4671 καὶ
2470 4618 2586 4679 πῶς
2637 4617 2703 4670 ἂν
2734 4616 2942 4668 ἕκαστα
2972 4612 3242 4678 διατεθείη
3286 4607 3463 4668 καλῶς
3500 4607 3597 4656 σὺν

2018 4716 2162 4784 Θεῷ,
2196 4715 2289 4767 καὶ
2322 4714 2488 4781 ἡμεῖς
2518 4712 2731 4777 ἕτοιμοι
2758 4708 2958 4760 διδόναι
3001 4707 3092 4759 καὶ
3132 4704 3235 4772 ἰδίᾳ
3258 4701 3351 4754 καὶ
3382 4700 3596 4769 παρρη-

2021 4808 2131 4875 σίᾳ,
2180 4806 2274 4859 καὶ
2309 4806 2495 4855 πεῖσαι
2535 4800 2676 4870 μετὰ
2721 4797 2856 4851 Θεοῦ
2909 4798 3112 4857 πάντας
3170 4794 3297 4854 τοὺς
3326 4789 3502 4856 ὀρθῶς
3533 4802 3591 4835 τε

2016 4899 2111 4952 καὶ
2155 4896 2300 4949 κατὰ
2335 4892 2485 4947 ’Θεὸν
2534 4894 2740 4955 εἰδότας
2793 4893 2925 4960 περὶ
2958 4890 3175 4943 πάντων
3204 4885 3411 4937 τούτων
3452 4880 3595 4945 λογιρ

2016 4989 2249 5055 ζεσθαι.-
2314 5022 2323 5029 -

2086 5081 2273 5133 Ταῦτα
2295 5078 2564 5141 πολλάκις
2586 5078 2969 5145 ἀνηνέγκαμεν
3002 5073 3095 5124 καὶ
3123 5068 3197 5137 τῷ
3234 5065 3464 5135 βασιλεῖ,
3492 5064 3595 5114 κάο

2019 5175 2215 5235 κεῖνος,
2253 5172 2412 5239 ἴσμεν
2460 5169 2658 5235 καλῶς,
2688 5169 2738 5220 τί
2770 5165 2900 5235 περὶ
2934 5164 3040 5215 τῶν
3073 5164 3130 5213 ὲν
3162 5155 3474 5226 Φλωρεντία
3504 5151 3596 5205 ὑπ’

2018 5265 2184 5322 αὑτοῦ
2226 5265 2527 5335 γεγονότων
2574 5263 2809 5332 ἐφρόνει,
2844 5262 2935 5312 καὶ
2982 5258 3097 5319 πῶς
3148 5258 3266 5317 ταῖς
3300 5253 3596 5324 ἡμετέραις

2019 5356 2313 5425 ἡσμένιζεν
2364 5353 2712 5420 ἀποκρίσεσι,
2746 5351 2835 5404 καὶ
2870 5352 3018 5411 ὅπως
3062 5346 3173 5399 αὕτ’
3218 5342 3594 5413 ἐπηνάγκαζε,

2025 5451 2116 5501 καὶ
2161 5448 2414 5500 ἐϐούλετο
2457 5447 2517 5498 τὸ
2556 5447 2785 5514 πάτριον
2826 5445 2969 5512 ἡμᾶς
2999 5439 3387 5509 διαφυλάττειν,
3417 5437 3595 5505 δόγμα

2028 5541 2228 5605 καλῶς,
2260 5541 2349 5593 καὶ
2382 5542 2570 5609 ἐπῄνει
2598 5539 2719 5597 τοὺς
2756 5536 2911 5588 τοῦτο
2938 5536 3298 5606 πράττοντας,
3328 5531 3507 5600 ἐμίσει
3537 5545 3594 5581 τε

2022 5635 2145 5698 τούς
2178 5634 2348 5697 ἄλλως
2382 5633 2777 5705 διακειμένους.
2829 5634 3019 5702 Ἡμεῖς
3060 5630 3262 5685 τούτων
3314 5630 3590 5699 μάρτυρες
